3974 6540
176 398 290 454 :‘05
1089 396 1154 452 IN
1196 394 1410 453 EPSST.
1453 396 1544 451 AD
1582 394 1873 452 PlllLlPP.
1913 393 2065 449 CAP.
2110 393 2149 448 l.
2190 393 2425 453 HOMIL.
2468 398 2559 455 IV.

176 512 478 575 faciamus;
514 510 728 566 etiamsi
760 507 1032 567 reddenda
1071 509 1247 564 anima
1275 509 1345 562 sit
1367 548 1383 574 ,
1410 507 1619 564 etiamsi
1651 522 1769 563 cor~

176 620 283 673 pus
309 602 597 659 trucidand
637 619 717 670 tn,
745 619 853 657 non
883 602 1004 659 ideo
1032 603 1357 672 relugiamus
1382 616 1398 667 ;
1438 603 1620 657 omnia
1650 615 1771 669 qum

172 696 371 750 decent
413 694 694 759 faciamus,
748 703 805 748 ut
863 692 1005 748 hunc
1056 692 1301 747 timorem
1356 706 1772 762 consequamur.

174 787 293 842 Hoc
320 785 472 841 enim
512 785 674 840 modo
697 795 753 842 et
773 784 1025 843 omnibus
1054 784 1259 843 erimus
1283 783 1690 856 opulentiores,
1718 791 1775 842 et

3368 406 3472 466 206

1880 506 2055 563 futura
2094 521 2489 580 consequamur
2524 512 2690 581 bona,
2736 514 2789 568 in
2836 513 3054 571 Christo
3079 517 3206 574 lesu
3244 519 3471 579 Domino

1880 608 2088 666 nostro,
2122 615 2243 654 cum
2274 618 2382 672 quo
2414 604 2556 658 Patri
2583 605 2739 660 simul
2769 623 2892 662 cum
2915 620 3103 664 saneto
3129 611 3325 681 Spiritu
3352 618 3470 685 glo-

1878 693 1983 759 ria,
2010 693 2271 762 potentia,
2289 702 2347 751 et
2368 694 2562 765 honor,
2594 714 2740 756 nunc
2762 710 2817 757 et
2842 717 3077 773 semper,
3110 713 3165 762 et
3188 704 3243 760 in
3272 710 3468 763 saecula

1879 788 2222 847 saeculorum.
2254 790 2451 846 Amen.

1653 1016 1997 1080 HOMILIA
2043 1019 2127 1083 IV
2135 1066 2151 1082 .

170 1168 303 1225 Cu.
336 1168 389 1224 ί.
419 1167 513 1223 22.
551 1166 616 1222 Et
642 1166 767 1237 quid
793 1166 999 1235 eligam,
1030 1167 1228 1237 ignoro.
1254 1164 1347 1221 2'5.
1379 1162 1626 1220 Coorctor
1666 1177 1767 1218 au-

245 1270 346 1314 tem
372 1258 599 1324 duobus,
628 1257 937 1314 desiderium
961 1259 1151 1313 habens
1180 1256 1392 1313 dissolvi
1418 1264 1466 1312 et
1507 1269 1616 1311 esse
1656 1269 1772 1308 cum

245 1351 453 1406 Christo
477 1366 499 1412 ;
544 1350 706 1403 multo
743 1349 879 1403 enim
917 1348 1080 1417 magis
1111 1348 1291 1403 melius
1314 1362 1333 1401 :
1352 1346 1444 1402 2i.
1475 1358 1773 1416 permanere

242 1458 417 1504 autem
443 1448 499 1500 in
530 1462 686 1503 carne
715 1446 878 1517 magis
908 1444 1248 1500 necessarium
1286 1452 1493 1510 propter
1530 1454 1638 1495 vos.
1675 1437 1769 1494 ‘25.

244 1538 313 1593 Et
343 1540 441 1593 hoc
483 1538 750 1607 conﬁdens
785 1537 892 1591 scio
922 1538 1043 1606 quia
1082 1534 1294 1589 manebo
1316 1574 1331 1599 ,
1363 1542 1409 1587 et
1445 1530 1771 1587 commonebo

243 1631 484 1688 carnibus
501 1632 638 1685 vobis
659 1631 727 1684 ad
744 1633 1022 1700 profectum
1044 1638 1259 1683 uestrum
1284 1636 1330 1679 et
1346 1624 1593 1695 gaudium
1610 1623 1733 1693 ﬁdei
1748 1639 1771 1679 :

238 1724 335 1779 96.
362 1733 418 1777 ut
444 1723 687 1793 gloria'io
714 1731 881 1777 uestra
909 1719 1128 1775 abundet
1151 1719 1204 1772 in
1228 1716 1433 1773 Christo
1452 1713 1581 1771 Jesu
1616 1715 1673 1768 in
1692 1729 1772 1770 me

242 1831 335 1885 per
357 1794 819 1877 nicum‘adventum
839 1811 1023 1865 iterum
1043 1809 1111 1865 ad
1133 1824 1240 1865 uos.

241 1907 298 1964 1.
340 1905 484 1960 Nihil
512 1904 661 1960 Pauli
686 1904 864 1958 anima
894 1902 1101 1958 beatius
1121 1943 1137 1969 ,
1168 1900 1422 1972 quoniam
1450 1899 1580 1954 nihil
1608 1899 1768 1954 etiam

178 1998 352 2067 magis
380 2012 725 2068 generosum.
751 1994 904 2051 Nunc
929 2009 1059 2051 vero
1086 2003 1273 2050 contra
1300 1992 1370 2048 de
1388 1992 1639 2048 omnibus
1660 1990 1769 2047 dici

178 2098 357 2160 potest
389 2106 401 2143 :
439 2087 577 2143 nihil
607 2086 762 2141 nobis
789 2085 1071 2151 inﬁrmius,
1104 2083 1236 2141 nihil
1279 2083 1548 2140 miserius.
1597 2082 1767 2152 Prop-

176 2192 321 2238 terea
354 2195 549 2237 omnes
579 2179 858 2237 horremus
885 2188 1139 2242 mortem,
1172 2178 1365 2247 partim
1392 2176 1610 2248 quidem
1637 2190 1767 2245 pec-

172 2286 414 2331 catorum
466 2274 811 2329 multitudine
856 2272 1100 2341 gravati,
1149 2286 1374 2340 quorum
1418 2285 1518 2339 ego
1556 2283 1769 2339 quoque

177 2385 312 2423 uitus
331 2382 487 2431 sum;
516 2366 709 2436 partim
737 2379 867 2420 vero
895 2365 1017 2419 vita:
1046 2362 1245 2433 cupidi,
1274 2372 1329 2417 et
1356 2360 1488 2416 mori
1513 2360 1768 2416 miserum

174 2458 433 2513 ducentes
462 2472 478 2511 :
503 2455 697 2526 quibus
727 2470 827 2525 ego
863 2456 1066 2510 utinam
1096 2468 1385 2523 numquam
1412 2450 1765 2506 adnumerer!

174 2549 437 2605 animales
456 2548 604 2604 enim
630 2556 777 2613 sunt,
804 2547 895 2615 qui
921 2546 1063 2601 hunc
1092 2547 1340 2601 timorem
1369 2544 1577 2600 timent.
1625 2541 1768 2611 Ergo

179 2643 301 2706 hoc,
329 2639 476 2709 quod
505 2654 696 2695 omnes
726 2639 1031 2702 horremus,
1062 2636 1154 2691 ille
1181 2636 1436 2704 Optabat,
1467 2650 1641 2704 eoque
1684 2634 1768 2688 in-

178 2731 497 2796 cumbebat,
532 2730 603 2784 ita
633 2729 821 2786 dicens
850 2746 863 2781 :
897 2727 1119 2783 Dissolvi
1157 2727 1317 2781 multo
1350 2726 1512 2796 magis
1551 2725 1764 2791 melius,

176 2838 219 2881 et
240 2824 365 2893 quid
388 2823 600 2892 eligam,
628 2823 829 2892 ignoro.
858 2820 994 2888 Quid
1024 2821 1143 2876 ais?
1171 2836 1293 2874 cum
1324 2819 1447 2874 hinc
1471 2819 1654 2874 abiens
1699 2819 1766 2874 ad

177 2918 365 2973 cadum
386 2916 467 2971 sis
492 2914 836 2983 migraturus,
864 2924 918 2968 et
942 2929 1065 2969 cum
1095 2911 1311 2969 Christo
1342 2913 1549 2966 futurus
1567 2952 1583 2973 ,
1614 2910 1767 2980 igno-

179 3026 262 3062 ras
281 3008 414 3077 quid
437 3007 647 3076 eligas?
667 3005 773 3061 Sed
794 3006 950 3072 longe
970 3007 1089 3060 haec
1112 3004 1306 3058 absunt
1332 3018 1361 3057 a
1389 3003 1541 3057 Pauli
1565 3003 1767 3057 anima.

179 3102 304 3168 Quis
333 3100 484 3155 enim
513 3098 705 3163 fuerit,
736 3098 820 3152 cui
851 3098 896 3152 si
924 3097 1041 3152 haec
1067 3111 1192 3153 vere
1219 3094 1476 3152 oll'eratur
1502 3094 1763 3160 conditio,

180 3192 445 3246 tionillam
465 3190 859 3261 quamprimum
872 3188 1128 3257 arripiat?
1149 3188 1330 3253 Certe,
1351 3188 1541 3258 inquit,
1564 3201 1724 3242 nemo
1746 3201 1762 3240 :

178 3283 268 3337 s-d
296 3281 751 3352 quemadmodum
781 3282 1000 3336 minimc
1028 3290 1271 3335 nostrum
1321 3288 1403 3335 est
1442 3293 1602 3349 posse
1638 3278 1765 3333 illttd

179 3373 378 3437 dicere,
409 3370 579 3441 Cupio
602 3371 844 3435 dissolvi,
876 3380 933 3426 et
955 3385 1075 3426 esse
1096 3384 1217 3425 cum
1245 3370 1461 3427 Christo
1493 3387 1507 3426 :
1540 3370 1610 3425 ita
1642 3385 1764 3425 cium

182 3465 228 3518 id
251 3464 471 3533 assequi
499 3462 677 3527 liceat,
708 3462 931 3518 minime
956 3473 1202 3518 nostrum
1249 3471 1332 3517 est
1354 3504 1370 3528 ,
1420 3461 1509 3518 hic
1549 3476 1767 3517 manere

182 3556 353 3619 velle;
382 3554 484 3609 sed
510 3563 794 3622 utrumque
821 3553 969 3609 Pauli
997 3562 1100 3617 est,
1130 3561 1186 3608 et
1210 3552 1354 3608 illius
1382 3552 1599 3607 animae.
1628 3550 1767 3620 Quid

179 3659 278 3715 est,
296 3647 442 3719 quod
461 3647 630 3703 dicis?
656 3645 798 3702 nosti
814 3661 876 3701 ac
902 3662 1001 3716 pro
1027 3658 1302 3713 comperto
1334 3644 1500 3699 babes
1528 3643 1767 3700 futurum

184 3752 231 3799 te
258 3758 380 3797 esse
408 3755 535 3797 cum
564 3740 800 3803 Christo,
827 3749 881 3795 et
909 3739 1124 3795 haesitas
1150 3754 1214 3793 ac
1239 3738 1395 3803 dicis,
1429 3735 1566 3801 Quid
1584 3736 1769 3807 eligam

183 3833 388 3887 nescio?
414 3846 594 3901 neque
625 3832 727 3885 hoc
772 3840 1018 3891 tantum,
1058 3828 1155 3884 sed
1208 3829 1370 3882 etiam
1415 3827 1504 3883 hic
1548 3842 1768 3883 manere

183 3924 377 3994 eligis?
403 3922 637 3987 Matiere,
671 3922 913 3991 inquam,
943 3921 993 3975 iu
1016 3920 1217 3976 carne?
1245 3918 1382 3987 Quid
1431 3918 1544 3973 ita?
1590 3933 1769 3973 nonne

184 4017 434 4072 acerbam
462 4015 626 4072 vitam
654 4016 935 4070 ducebas?
963 4014 1014 4070 in
1046 4013 1260 4084 vigiliis,
1290 4014 1342 4068 in
1368 4011 1675 4082 naufragiis,
1714 4013 1766 4069 in

184 4106 321 4162 tame
344 4118 403 4162 et
422 4106 512 4162 siti
543 4115 599 4161 et
622 4106 885 4170 nuditate,
917 4105 969 4159 in
991 4106 1134 4161 curis
1174 4114 1230 4160 et
1273 4103 1765 4169 sollicitudinibus;

184 4214 300 4254 cum
328 4198 429 4262 iis,
462 4197 557 4267 qui
607 4197 1055 4262 iollrmabantur,
1105 4196 1502 4263 inlirmabaris;
1553 4206 1770 4266 propter

186 4306 293 4358 eos,
316 4293 410 4363 qui
438 4292 497 4346 in
525 4291 835 4347 scandalum
869 4289 1190 4352 incidebant,
1216 4290 1476 4347 urebaris.
1497 4288 1563 4343 In
1585 4289 1767 4356 multa,

188 4384 395 4456 inquit,
428 4384 697 4455 patientia,
726 4384 781 4436 in
817 4383 1246 4447 tribulationibus,
1274 4385 1327 4436 in
1364 4384 1762 4448 necessitatibus,

187 4476 235 4531 in
256 4478 526 4548 angustiis,
555 4477 606 4529 in
634 4476 823 4546 plagis,
851 4476 903 4528 in
929 4475 1235 4539 carceribus,
1260 4478 1313 4529 iu
1334 4474 1663 4529 seditionibus
1684 4515 1697 4537 ,
1717 4475 1770 4527 iu

179 4567 410 4637 jejuniis,
436 4568 489 4621 in
509 4569 740 4622 castitate
774 4566 867 4635 (2.
899 4568 1017 4621 Cor.
1045 4567 1098 4622 6.
1127 4568 1181 4622 4.
1210 4567 1243 4623 5
1266 4567 1307 4637 ).
1338 4566 1617 4636 Quinquies
1643 4584 1771 4638 qua—

190 4658 437 4728 dragenas
465 4675 569 4713 una
590 4659 758 4713 minus
779 4660 972 4729 accepi,
997 4668 1070 4713 ter
1090 4660 1242 4730 virgis
1264 4674 1426 4714 clusus
1454 4674 1596 4723 sum,
1619 4660 1771 4713 semel

190 4750 442 4821 lapidatus
458 4768 593 4817 sum,
618 4761 766 4807 nocte
788 4762 835 4805 et
860 4752 943 4805 die
963 4754 1016 4804 in
1037 4751 1296 4821 profundo
1315 4750 1471 4805 utaris
1493 4751 1608 4819 lui;
1638 4752 1773 4820 peri-

189 4844 311 4897 culis
339 4843 633 4911 ﬂuminum,
660 4842 897 4912 periculis
915 4842 1192 4906 latronum,
1218 4842 1453 4911 periculis
1474 4844 1525 4897 in
1551 4842 1766 4911 ciuitate,

190 4935 420 5003 periculis
447 4934 503 4988 in
527 4933 823 4996 solitudine,
848 4933 1088 5003 periculis
1123 4934 1176 4986 in
1202 4932 1348 5001 falsis
1379 4932 1625 5003 fratribus
1673 4933 1769 5003 (2.

188 5022 300 5080 Cor.
334 5026 427 5083 11.
454 5024 551 5081 24.
578 5023 699 5094 26).
728 5023 918 5082 Nonne
939 5040 1061 5080 cum
1085 5032 1194 5079 tota
1220 5023 1527 5080 Galatarqu
1553 5040 1685 5094 gens
1705 5024 1769 5079 ad

191 5115 313 5187 legis
339 5118 774 5174 observationem
800 5133 1016 5174 reversa
1046 5128 1212 5182 esset,
1242 5117 1513 5172 clamabas
1538 5119 1722 5173 dicens
1754 5135 1767 5171 :

194 5209 282 5276 Qui
311 5212 365 5266 in
384 5212 494 5283 lege
508 5211 887 5282 justiﬁeamini,
912 5230 944 5265 a
968 5211 1134 5281 gratia
1157 5210 1413 5265 excidisti:
1434 5208 1576 5279 (Gal.
1607 5212 1661 5266 5.
1687 5209 1772 5280 4)?

192 5304 352 5371 Quem
370 5316 499 5361 tunc
519 5306 721 5361 luctum
753 5320 861 5362 non
888 5304 1147 5359 hausisti?
1177 5314 1335 5374 atque
1364 5304 1540 5361 adhuc
1568 5303 1771 5358 ﬂuxam

192 5394 323 5452 hanc
344 5396 511 5451 vitam
541 5394 864 5452 desideras?
895 5393 1027 5451 Nam
1055 5394 1267 5450 tametsi
1298 5394 1430 5449 nihil
1458 5395 1646 5449 horum
1676 5394 1769 5449 tibi

191 5490 498 5555 accidisset,
530 5499 588 5545 et
614 5487 1044 5558 quibuscumque
1067 5496 1214 5543 recte
1242 5486 1566 5557 luiigcbaris,
1591 5487 1772 5557 quiete

191 5590 239 5636 et
258 5597 378 5638 cum
408 5581 682 5652 voluptate
709 5581 921 5636 iunctus
951 5594 1099 5634 esses
1132 5596 1146 5632 :
1177 5595 1357 5634 nonne
1386 5588 1561 5635 tamen
1604 5594 1771 5649 opor-

192 5677 325 5732 tebat
353 5678 557 5732 incerta
588 5674 755 5730 futuri
779 5674 1036 5744 temporis
1062 5674 1532 5744 pertimescentem
1555 5672 1620 5728 ad
1648 5688 1772 5743 por-

194 5778 292 5825 tum
316 5771 551 5841 aliquem
576 5768 949 5825 contendere?
973 5768 1168 5839 Ecquis
1196 5776 1465 5825 mercator
1488 5767 1610 5823 navi
1646 5782 1769 5824 vec-

196 5868 276 5928 tus
312 5862 781 5929 innumerabilitun
834 5862 1207 5924 thesaurorum
1261 5862 1416 5934 plena
1440 5902 1456 5931 ,
1508 5862 1553 5919 si
1608 5861 1767 5918 liccat

1879 1161 2067 1218 subire
2096 1175 2308 1234 portum
2340 1180 2404 1221 ac
2444 1168 2824 1238 requiescere,
2871 1171 3002 1224 mari
3053 1174 3229 1228 adhuc
3271 1178 3464 1242 jactari

1879 1255 2071 1309 malit?
2096 1257 2279 1327 ecquis
2304 1257 2526 1327 athleta,
2548 1274 2669 1315 cum
2689 1260 2845 1315 licent
2863 1276 3061 1316 corona
3084 1266 3263 1332 potiri,
3291 1267 3467 1323 adhuc

1877 1356 2087 1402 certare
2114 1351 2389 1418 postulet?
2419 1352 2604 1421 ecquis
2627 1352 2802 1422 pugil,
2839 1367 2962 1408 cum
2997 1369 3251 1408 coronam
3297 1358 3466 1426 possit

1877 1440 2143 1510 accipere,
2176 1443 2328 1497 malit
2352 1460 2541 1500 rursus
2583 1446 2634 1499 iu
2679 1457 2951 1500 certamen
3001 1446 3370 1515 descendere,
3411 1458 3467 1506 et

1876 1545 2033 1586 suum
2077 1534 2245 1603 ipsius
2301 1547 2461 1605 caput
2504 1538 2894 1593 concidendum
2941 1540 3228 1608 prznbere?
3277 1544 3464 1611 ecquis

1876 1622 2008 1691 dux,
2031 1626 2172 1695 quia
2196 1626 2334 1681 bello
2354 1643 2474 1682 cum
2496 1629 2664 1699 gloria
2715 1638 2770 1683 et
2791 1630 3008 1699 tropa-is
3036 1630 3249 1684 liberari
3276 1644 3453 1701 queat,

1875 1726 1933 1772 et
1957 1732 2079 1772 cum
2109 1734 2234 1787 rege
2263 1719 2316 1773 in
2344 1721 2487 1788 regia
2516 1721 2728 1790 quietus
2757 1720 2955 1791 degere
2983 1737 3149 1790 seque
3169 1722 3460 1789 oblectare,

1875 1808 2050 1864 adhuc
2079 1819 2133 1863 et
2157 1810 2351 1865 sudare
2372 1821 2652 1881 praeoptet,
2679 1821 2733 1866 et
2754 1813 2806 1866 in
2833 1812 3000 1868 aciem
3034 1812 3290 1882 prodire?
3319 1814 3465 1882 Quo.

1875 1899 2035 1957 modo
2060 1901 2221 1972 igitur
2243 1902 2381 1959 adeo
2426 1904 2675 1958 acerbam
2724 1906 2889 1958 vitam
2932 1905 3122 1971 vivens
3164 1906 3339 1962 adhuc
3384 1909 3465 1963 vis

1876 1993 1931 2049 in
1960 1996 2121 2077 terris
2146 2012 2366 2052 manere
2388 1997 2411 2050 ἳ
2437 2013 2618 2054 annon
2647 2007 2736 2053 tua
2765 2008 2892 2053 sunt
2917 1999 3017 2054 ista
3044 2002 3245 2057 verba?
3292 2001 3463 2056 Timeo

1874 2103 1939 2141 ne
1958 2090 2231 2157 forte,cum
2256 2089 2372 2143 aliis
2397 2090 2776 2159 prtedictmerim
2795 2132 2810 2157 ,
2841 2092 2952 2161 ipse
2991 2092 3238 2163 reprobus
3277 2094 3464 2164 eﬁiciar

1875 2179 1895 2248 (
1919 2178 1966 2234 ί.
2002 2177 2121 2233 Cor.
2153 2179 2207 2236 9.
2234 2179 2303 2233 27
2324 2182 2364 2249 ).
2394 2180 2452 2236 Si
2480 2182 2612 2235 nihil
2640 2181 2786 2237 aliud
2812 2192 3069 2252 prmterca
3111 2198 3290 2239 manete
3334 2184 3463 2238 fuis-

1874 2280 1986 2333 set,
2019 2270 2135 2324 harc
2161 2270 2292 2324 satis
2315 2282 2430 2326 erat
2456 2314 2471 2332 .
2499 2288 2607 2342 quo
2637 2273 2887 2328 Iiberatio
2913 2274 3312 2329 desideraretur
3352 2290 3366 2327 :
3414 2275 3459 2328 si

1874 2360 2356 2417 innumerabilibus
2383 2363 2537 2417 bonis
2564 2379 2803 2432 prmsens
2846 2366 2951 2418 vita
2996 2365 3321 2419 alnnidasset
3345 2408 3359 2430 ,
3392 2368 3461 2420 ab

1875 2452 1978 2507 hac
2022 2461 2197 2507 tamen
2254 2453 2468 2507 liberari
2518 2454 2808 2522 optandum
2853 2466 3005 2522 erat,
3039 2458 3110 2511 ob
3150 2456 3457 2522 Christum,

1874 2557 2034 2613 quem
2060 2543 2423 2600 desiderabas.
2451 2544 2495 2599 Ο
2525 2545 2671 2599 Pauli
2706 2547 2972 2601 animum!
3001 2547 3130 2601 nihil
3155 2548 3230 2601 illi
3259 2564 3353 2617 par
3368 2560 3461 2604 aut

1872 2634 1993 2697 fuit,
2018 2643 2109 2688 aut
2136 2634 2369 2689 futurum
2390 2645 2492 2691 est.
2511 2636 2695 2692 Times
2714 2638 2840 2692 siin
2861 2640 2961 2693 hac
2981 2639 3086 2691 vita
3118 2653 3457 2708 permaneas,

1872 2726 2003 2796 quid
2034 2725 2270 2781 futurum
2296 2727 2407 2787 sit;
2439 2727 2734 2783 innumeris
2758 2731 2909 2782 malis
2942 2730 3241 2799 implicatus
3275 2746 3335 2785 es
3360 2772 3374 2795 ,
3405 2741 3461 2786 et

1876 2825 2052 2871 tamen
2081 2831 2299 2871 recusas
2321 2818 2462 2885 apud
2493 2817 2766 2871 Christum
2797 2821 2955 2873 esse?
2984 2819 3216 2885 liecnso,
3246 2821 3414 2889 inquit
3442 2861 3456 2884 ,

1874 2905 2033 2976 idque
2063 2915 2281 2977 propter
2311 2906 2584 2962 Christum
2619 2927 2633 2963 :
2667 2920 2723 2963 ut
2750 2925 2886 2979 quos
2909 2902 3191 2980 illi/paravi
3235 2925 3421 2966 servos
3442 2954 3457 2974 ,

1874 2999 2082 3055 lirmius
2107 3001 2160 3053 in
2188 3000 2331 3055 illius
2356 3015 2542 3056 amore
2563 3004 2828 3057 staliiliam
2864 3021 2878 3056 :
2908 3015 2961 3057 ut
2993 3020 3057 3059 ex
3103 3019 3264 3074 agro,
3296 3020 3458 3074 quem

1872 3092 2127 3161 plantavi,
2154 3092 2357 3148 fructus
2374 3092 2591 3163 decerpi
2620 3110 2825 3150 curem.
2850 3096 2966 3150 Non
2996 3097 3214 3161 audisti,
3243 3112 3330 3152 me
3351 3113 3456 3153 non

1871 3199 2114 3254 quzerere
2139 3185 2280 3255 quod
2309 3185 2437 3240 mihi
2482 3186 2611 3242 utile
2658 3198 2775 3253 est,
2823 3189 2917 3243 sed
2965 3190 3106 3259 quod
3158 3190 3461 3260 proximis?

1874 3292 1980 3330 non
2003 3276 2221 3344 audisti,
2250 3278 2379 3333 mihi
2410 3279 2462 3333 in
2488 3281 2685 3349 optatis
2715 3280 2878 3335 fuisse
2928 3282 3211 3338 anathema
3263 3284 3380 3338 tieri
3427 3299 3459 3339 a

1872 3368 2108 3433 Christo,
2137 3385 2244 3440 quo
2270 3370 2419 3425 multi
2446 3371 2512 3425 ad
2542 3372 2691 3426 illum
2722 3373 3005 3427 venirent?
3032 3373 3131 3441 Qui
3156 3374 3280 3429 illud
3299 3375 3455 3444 elegi,
3541 3362 3544 3369 ’

1874 3477 1979 3515 non
2009 3460 2177 3516 multo
2199 3461 2368 3531 magis
2395 3460 2496 3517 hoc
2522 3463 2736 3533 eligam,
2766 3473 2820 3518 ut
2848 3464 3105 3518 damnum
3138 3468 3252 3534 ipse
3273 3481 3339 3521 ex
3362 3465 3462 3519 hac

1874 3566 2026 3607 mora
2053 3560 2109 3607 et
2133 3551 2388 3607 dilatione
2417 3554 2607 3622 patiar,
2635 3569 2744 3624 quo
2768 3554 2873 3610 illis
2906 3555 3083 3625 aliqua
3123 3555 3191 3610 ad
3231 3556 3458 3610 salutem

1871 3644 2109 3700 accessio
2138 3643 2268 3698 ﬁat?

1944 3735 2105 3790 Pauli
2124 3735 2322 3790 laudes.
2345 3766 2417 3778 --
2441 3736 2567 3802 Quis
2606 3736 2835 3805 loquetur
2857 3738 3107 3808 potentias
3132 3747 3246 3793 tuas
3266 3739 3286 3809 (
3312 3738 3456 3794 Psal.

1874 3827 1997 3884 105.
2027 3825 2123 3894 2),
2162 3828 2405 3893 Domine,
2437 3828 2527 3898 qui
2559 3828 2779 3882 Paulum
2811 3830 3025 3883 niiiiime
3050 3830 3220 3886 latere
3244 3831 3458 3899 siveris,

1873 3922 1962 3991 qui
1991 3920 2146 3974 talem
2177 3919 2348 3974 virum
2371 3920 2488 3975 orbi
2510 3921 2850 3976 ostenderis?
2879 3921 3254 3978 Laudaruntte
3270 3938 3461 3979 omnes

1875 4003 2047 4082 angeli
2071 4028 2176 4067 uno
2202 4013 2383 4068 animo
2406 4053 2421 4075 ,
2448 4027 2570 4067 cum
2598 4022 2741 4067 astra
2769 4013 3056 4068 fabricatus
3086 4029 3147 4069 es
3189 4024 3246 4069 et
3286 4015 3458 4071 solem

1874 4104 2018 4174 (Job
2049 4104 2140 4160 58.
2170 4106 2275 4176 7);
2306 4105 2402 4160 sed
2456 4120 2563 4160 non
2617 4105 2837 4175 perinde
2873 4117 3032 4176 atque
3075 4122 3141 4161 eo
3182 4115 3456 4177 tempore,

1874 4214 1978 4268 quo
2004 4199 2159 4253 nobis
2185 4200 2390 4271 totique
2413 4199 2530 4255 orbi
2559 4200 2780 4254 Paulum
2802 4200 3107 4254 ostendisti.
3140 4199 3276 4254 Hinc
3315 4210 3459 4255 terra

1877 4290 2012 4347 facta
2035 4300 2115 4346 est
2145 4291 2475 4360 splendidior
2495 4292 2649 4357 czelo,
2683 4290 2954 4360 pulchrior
2981 4291 3068 4345 hic
3096 4290 3226 4345 solis
3260 4291 3462 4345 lumine

1874 4382 2268 4451 Splendidiores
2296 4383 2476 4437 emisit
2503 4382 2779 4452 fulgores,
2829 4382 2980 4436 lmtos
3024 4381 3214 4436 effudit
3259 4382 3460 4437 radios.

1875 4476 2142 4543 Quantum
2177 4475 2265 4529 hic
2289 4474 2443 4530 nobis
2473 4476 2680 4544 peperit
2710 4474 2956 4539 fructum,
2990 4488 3096 4528 non
3131 4475 3307 4544 spicas
3336 4475 3460 4543 pin-

1875 4566 2180 4636 guelaciens
2200 4607 2216 4632 ,
2243 4574 2336 4620 aut
2366 4565 2590 4620 arbores
2617 4564 2887 4627 nutriens,
2916 4564 3009 4618 sed
3039 4564 3213 4632 ipsum
3248 4563 3463 4633 pietatis

1877 4659 2107 4715 fructum
2132 4668 2187 4713 et
2214 4672 2502 4727 procrearis
2530 4666 2585 4711 et
2610 4657 2676 4711 ad
2702 4656 2941 4726 vigorem
2970 4656 3263 4722 adducens,
3286 4666 3342 4712 et
3365 4672 3461 4711 eos

1876 4752 1967 4821 qui
1993 4750 2367 4813 concidebant,
2393 4748 2610 4803 assidue
2650 4748 2945 4803 recreans?
2976 4748 3104 4803 iure
3146 4766 3161 4803 :
3201 4763 3325 4803 nam
3374 4748 3461 4805 hic

1875 4843 2089 4914 quidem
2113 4842 2214 4906 sol,
2248 4840 2391 4911 quod
2417 4842 2588 4896 semel
2620 4842 2671 4896 in
2703 4841 2958 4896 arborum
3006 4840 3267 4896 fructibus
3310 4856 3465 4896 COlll-

1878 4934 2162 5005 putruerit,
2195 4934 2479 4989 restituere
2509 4949 2845 5003 nequaquam
2872 4935 3105 5002 poterit;
3139 4934 3339 4988 Paulus
3366 4949 3464 4988 au-

1877 5036 1982 5084 tem
2009 5040 2102 5083 eos
2131 5026 2312 5090 etiam,
2340 5026 2432 5096 qui
2453 5034 2707 5081 sescenta
2734 5026 2912 5080 ulcera
2941 5026 3231 5092 habebant,
3272 5041 3303 5080 a
3338 5041 3462 5095 pec-

1874 5121 2008 5177 catis
2030 5120 2300 5176 revocavit
2331 5137 2346 5175 :
2377 5128 2535 5190 atque
2575 5119 2664 5173 hic
2707 5119 2850 5173 nocti
2898 5119 3144 5183 decedit;
3196 5118 3286 5173 ille
3332 5133 3463 5171 vero

1874 5213 2089 5268 diabolo
2118 5212 2364 5284 superior
2382 5211 2504 5267 fuit.
2534 5211 2676 5267 Nihil
2704 5212 2851 5266 illum
2878 5212 3105 5275 evertit,
3131 5211 3261 5265 nihil
3294 5225 3460 5279 supe-

1874 5306 2029 5361 ravit.
2055 5304 2154 5360 llic
2180 5305 2248 5360 de
2273 5304 2490 5359 sublimi
2520 5304 2640 5360 loco
2666 5303 2793 5358 dum
2821 5302 2989 5358 fertur
3010 5343 3028 5366 ,
3072 5301 3253 5357 radios
3295 5300 3459 5356 deor-

1874 5411 1993 5453 sum
2021 5396 2217 5452 emittit
2246 5413 2261 5450 :
2290 5396 2485 5451 Paulus
2508 5411 2638 5451 vero
2676 5395 2745 5450 de
2788 5392 2962 5449 infero
3006 5393 3125 5448 loco
3167 5392 3417 5447 exoriens
3439 5432 3456 5456 ,

1875 5505 1981 5545 non
2002 5489 2116 5544 caeli
2145 5503 2209 5543 ac
2240 5495 2397 5544 terra:
2425 5486 2706 5542 dimidium
2749 5484 2951 5541 lumine
2996 5483 3320 5552 complevit,
3363 5482 3458 5538 sed

1874 5582 2034 5638 simul
2065 5592 2227 5648 atque
2254 5595 2317 5636 os
2344 5580 2594 5652 aperuit,
2626 5578 2848 5649 angelos
2880 5577 3042 5631 etiam
3078 5575 3223 5644 ipsos
3266 5587 3459 5643 magna

1873 5676 2099 5747 replevit
2122 5675 2416 5745 voluptate.
2444 5672 2577 5729 Nam
2605 5673 2652 5729 si
2679 5687 2788 5726 uno
2835 5669 3053 5724 homine
3090 5665 3460 5737 paenitentiam

1873 5775 2066 5836 agente
2083 5765 2336 5837 gaudium
2359 5764 2567 5821 exsistit
2586 5763 2640 5818 in
2669 5761 2819 5818 caelis
2849 5759 3015 5833 (Luc.
3046 5758 3137 5815 15.
3167 5757 3235 5814 l0
3258 5756 3313 5827 );
3336 5771 3461 5812 cum

1875 5858 2073 5917 Paulus
2098 5874 2126 5914 a
2158 5854 2328 5931 prima
2356 5857 2617 5915 concione
2644 5854 2843 5913 multos
2868 5859 3092 5911 venatus
3116 5850 3297 5918 fuerit,
3325 5864 3461 5921 quo-
