3878 6576
482 411 590 469 207

485 527 648 584 modo
679 524 792 581 ﬁeri
820 523 1008 595 potuit,
1034 529 1092 576 ut
1117 534 1340 590 superas
1381 525 1679 590 potestates
1714 515 1908 589 gaudio
1954 530 2065 570 non

488 618 772 687 impleret?

555 709 615 766 2.
638 705 840 776 Ecquid
865 703 1028 760 dico?
1055 702 1186 758 satis
1206 710 1324 758 erat
1373 701 1596 757 Paulum
1637 699 1821 770 loqui;
1873 708 1927 753 et
1969 698 2073 754 hoc

489 803 606 871 ipso
637 801 752 855 εει·ιὶ
784 797 1123 852 exsultabant
1151 805 1204 851 et
1243 796 1558 851 laetabantur
1599 792 1791 863 (Psal.
1844 794 1932 848 l5.
1979 793 2071 862 7).

489 893 699 948 Etenim
727 891 773 946 si
802 889 1058 945 lsraelitis
1083 904 1150 944 ex
1191 887 1425 958 Aigypto
1459 887 1778 942 exeuntibus
1804 925 1821 952 ,
1865 895 2075 941 montes

489 984 830 1038 exsultarnnt
856 989 916 1035 ut
943 981 1140 1034 arietes
1174 996 1187 1032 :
1222 977 1436 1047 quando
1464 977 1712 1032 homines
1738 991 1803 1031 ex
1853 984 1992 1030 terra
2022 975 2074 1029 in

489 1074 679 1126 cazlntn
711 1069 1187 1133 transferebantur,
1216 1077 1470 1138 quantum
1494 1066 1671 1135 gaudii
1702 1074 1855 1136 putas
1872 1064 2078 1120 fuisse?

493 1163 786 1233 Propterea
806 1162 965 1232 igitur
991 1159 1300 1216 Permanere
1314 1160 1371 1212 in
1382 1175 1532 1212 carne
1561 1159 1719 1228 magis
1740 1158 2080 1211 necessarium

493 1263 702 1327 propter
731 1271 836 1309 vos.
861 1253 930 1308 Et
966 1269 1087 1324 qua:
1116 1252 1271 1307 nobis
1302 1251 1526 1321 posthac
1563 1249 1758 1305 relicta
1795 1257 1880 1303 est
1917 1262 2080 1303 excu-

493 1348 678 1402 satio?
719 1348 804 1402 Fit
847 1348 989 1402 enim
1035 1361 1310 1416 persaepe,
1345 1355 1401 1398 ut
1439 1343 1701 1414 quiSpiam
1753 1357 1969 1411 parvam
2017 1355 2082 1396 ac

496 1455 787 1510 pauperem
816 1439 1086 1494 civitatem
1116 1445 1322 1502 nactus,
1350 1436 1499 1491 abire
1541 1444 1718 1489 tamen
1761 1433 1867 1486 alio
1906 1432 2042 1486 nolit
2064 1472 2079 1496 ,

498 1542 696 1587 caetera
739 1531 917 1586 omnia
972 1545 1082 1599 pra:
1126 1545 1220 1585 sua
1269 1530 1451 1599 quiete
1501 1535 1818 1597 postputans
1860 1542 1874 1578 :
1920 1524 2083 1579 Paulo

498 1624 801 1677 abeundum
827 1623 892 1677 ad
915 1623 1188 1677 Christum
1214 1632 1348 1680 erat.
1375 1631 1428 1676 et
1451 1636 1559 1675 non
1583 1619 1746 1673 voluit
1772 1617 2040 1673 Christum
2066 1634 2081 1682 ;

501 1713 772 1768 Christum
799 1714 972 1780 illum,
1003 1729 1162 1782 quem
1192 1713 1262 1768 ita
1307 1712 1678 1774 desiderabat,
1727 1720 1784 1764 ut
1832 1725 1927 1779 pro
1969 1709 2086 1776 ipso

501 1805 804 1875 gehennam
832 1805 995 1860 etiam
1025 1805 1285 1875 eligeret:
1318 1803 1412 1860 sed
1439 1803 1614 1858 adhuc
1645 1802 1816 1856 voluit
1843 1817 2083 1866 manere,

501 1912 566 1953 ac
597 1896 844 1951 laborare
872 1896 924 1952 in
965 1911 1140 1968 pugna
1188 1911 1292 1966 pro
1334 1895 1660 1950 hominibus.
1711 1895 1888 1964 Ecqua
1933 1894 2088 1948 nobis

503 1987 608 2042 erit
633 1987 952 2043 excusatio?
981 1987 1180 2044 Verum
1209 1995 1362 2042 estne
1389 1987 1640 2043 universe
1667 1995 1868 2041 tantum
1888 1986 2089 2041 mentio

504 2077 748 2134 facienda
776 2078 973 2134 Pauli?
1014 2078 1248 2135 Attende
1291 2077 1419 2149 quid
1466 2079 1654 2149 egerit.
1711 2077 1853 2132 Dixit
1898 2076 2089 2132 melius

503 2183 626 2225 esse
652 2169 824 2236 abire,
857 2184 926 2226 ne
951 2169 1029 2225 illi
1056 2170 1123 2226 de
1150 2169 1320 2240 ipsius
1349 2179 1521 2224 morte
1546 2169 1826 2234 dolerent;
1855 2168 2091 2223 ostendit

505 2260 692 2326 etiam,
722 2262 765 2315 si
797 2269 1027 2326 maneat,
1063 2261 1260 2316 idcirco
1291 2275 1510 2316 manere
1537 2271 1594 2315 ut
1619 2261 1725 2315 illis
1752 2261 1923 2330 prosit
1948 2278 1962 2316 :
1983 2275 2090 2316 non

505 2353 650 2407 enim
677 2353 724 2406 id
749 2368 814 2407 ex
841 2354 977 2408 mala
1006 2352 1367 2407 insidiantium
1391 2361 1570 2408 mente
1595 2353 1910 2408 succedere;
1930 2351 2094 2422 Igitur

507 2454 566 2498 ut
591 2443 663 2498 illi
689 2443 895 2498 facilius
913 2444 979 2498 ad
1003 2442 1106 2497 hoc
1133 2443 1462 2498 credendum
1491 2443 1845 2505 adducantur,
1873 2458 2090 2498 causam

507 2536 780 2606 apposuit.
813 2535 944 2590 Nam
971 2535 1017 2590 si
1044 2535 1095 2590 id
1127 2535 1490 2590 necessarium
1521 2543 1638 2600 εει,
1669 2535 1892 2590 omnino
1917 2536 2094 2592 adhuc

511 2628 768 2691 manebo;
816 2642 916 2682 nec
963 2635 1167 2680 tantum
1208 2627 1472 2693 manebo,
1501 2627 1596 2682 sed
1623 2627 1785 2681 etiam
1817 2628 2096 2683 vobiscum

513 2720 760 2775 manebo.
796 2719 909 2788 lloe
929 2721 1077 2774 enim
1105 2719 1206 2774 sibi
1231 2720 1419 2774 volunt
1442 2719 1604 2776 verba
1635 2720 1748 2784 illa,
1781 2720 1845 2774 Et
1873 2736 2100 2776 comma-

511 2815 657 2876 urbe,
689 2814 740 2868 id
770 2823 872 2878 est,
899 2813 1092 2868 videbo
1115 2827 1210 2867 vos
1237 2822 1291 2866 et
1315 2812 1590 2867 vobiscum
1621 2812 1892 2868 morabor.
1925 2815 2096 2880 Quam

514 2905 584 2958 ob
606 2919 818 2958 causam
842 2904 865 2956 ?
891 2904 970 2956 Ad
998 2907 1279 2974 profectum
1307 2913 1524 2957 vestrum
1567 2911 1618 2956 et
1658 2903 1903 2972 gaudium
1953 2904 2096 2972 ﬁdei.

517 2995 629 3051 lloe
657 2995 774 3050 loco
805 2995 949 3065 ipsos
992 2994 1230 3059 excitat,
1282 3003 1340 3046 ut
1385 2992 1497 3048 sibi
1533 2992 1831 3047 attendant.
1877 2992 2009 3048 Nam
2053 2995 2100 3050 si

518 3095 739 3155 propter
768 3101 885 3150 vos,
915 3084 1107 3154 inquit,
1132 3083 1402 3148 manebo;
1431 3082 1613 3138 videte
1661 3101 1729 3138 ne
1766 3083 2100 3138 mansionem

519 3191 694 3232 meam
721 3175 1078 3230 dedecoretis.
1107 3175 1240 3230 Cum
1265 3174 1376 3244 jam
1405 3173 1652 3228 Christus
1679 3174 1811 3228 mihi
1840 3174 2102 3231 videndus

521 3278 687 3334 esset,
714 3267 851 3337 elegi
883 3275 1099 3337 propter
1127 3275 1368 3322 vestrum
1399 3265 1694 3336 profectum
1723 3281 1960 3323 manere.
1988 3269 2103 3324 Mea

521 3362 665 3416 enim
697 3361 982 3431 prteseutia
1007 3359 1326 3416 ctadﬁdem
1357 3360 1508 3415 vobis
1552 3361 1717 3427 facit,
1767 3370 1822 3416 et
1860 3362 1926 3416 ad
1969 3378 2104 3433 gau-

522 3453 671 3508 dium
704 3471 716 3508 :
757 3461 1036 3522 propterea
1062 3451 1197 3522 elegi
1229 3466 1466 3507 manere.
1507 3452 1645 3521 Quid
1672 3453 1879 3523 igitur?
1906 3454 2105 3526 Philip—

526 3548 842 3616 pensiutnne
869 3556 1070 3601 tantum
1097 3547 1267 3616 gratia
1300 3547 1534 3601 mansit?
1556 3546 1673 3601 Non
1719 3563 1850 3604 sane
1889 3549 2108 3606 illorum

526 3648 730 3692 tantum
753 3637 922 3708 gratia
949 3638 1164 3702 mansit,
1198 3636 1294 3692 sed
1321 3637 1404 3692 his
1452 3638 1630 3692 verbis
1670 3640 1955 3709 quamdam
2004 3643 2111 3698 illis

526 3729 746 3785 adhibet
791 3730 966 3786 lenem
1013 3730 1356 3785 medicinam.
1407 3730 1688 3798 Quomodo
1735 3742 1916 3787 autem
1957 3744 2113 3791 erant

529 3823 603 3878 illi
635 3822 926 3892 profecturi
957 3823 1010 3877 in
1043 3822 1187 3877 ﬁde?
1216 3822 1285 3878 Ut
1323 3824 1492 3892 magis
1522 3825 1798 3895 magisque
1841 3841 1939 3881 vos
1976 3843 2112 3882 con-

531 3913 739 3969 ﬁrmem
771 3929 785 3965 :
816 3913 1039 3983 perinde
1086 3927 1151 3968 ac
1199 3913 1378 3982 pullos
1424 3915 1684 3983 quosdam
1737 3918 1925 3972 matris
1985 3933 2112 3974 cura

531 4017 754 4078 egentes
779 4046 794 4070 ,
822 4006 996 4060 donec
1022 4005 1152 4074 ipsis
1175 4005 1457 4060 solidiores
1483 4019 1828 4062 succrescant
1853 4010 1970 4065 alze.
2005 3996 2116 4066 ut.

533 4116 694 4171 guunt
718 4101 819 4154 hoc
837 4098 1076 4154 caritatis
1099 4098 1375 4153 indicium.
1399 4098 1487 4153 Ad-
1499 4098 1641 4154 hunc
1661 4101 1875 4156 modum
1905 4118 1935 4157 a
1961 4106 2116 4162 nobis

534 4194 697 4252 etiam
747 4193 963 4264 quidam
1013 4191 1232 4247 excitari
1281 4191 1486 4255 solent,
1538 4201 1698 4262 atque
1751 4193 1822 4248 ita
1848 4193 2116 4253 dicimus:

535 4286 646 4341 Tua
674 4299 834 4341 causa
862 4284 1034 4340 mansi
1057 4326 1072 4350 ,
1104 4291 1161 4338 ut
1188 4295 1239 4338 te
1266 4283 1463 4340 bonum
1490 4282 1791 4340 redderem.
1827 4285 1894 4340 Ut
1937 4299 2118 4358 gratu-

535 4379 658 4432 latio
685 4389 869 4440 vestra,
901 4377 1092 4446 inquit,
1126 4375 1345 4430 abundet
1371 4375 1421 4430 in
1449 4375 1650 4430 Christo
1673 4375 1800 4431 Iesu
1827 4379 1879 4432 in
1910 4395 1988 4434 me
2028 4397 2122 4450 per

536 4487 700 4524 meum
727 4470 996 4525 adventum
1021 4470 1203 4522 iterum
1227 4468 1297 4522 ad
1327 4483 1430 4522 vos.
1459 4467 1622 4524 Vides
1649 4470 1748 4523 ista
1786 4485 1935 4534 voce,
1969 4472 2120 4528 Com-

535 4560 766 4624 utanebo,
798 4559 898 4613 hoc
919 4559 1059 4629 quod
1088 4559 1332 4614 dicebam
1360 4559 1722 4630 signiﬁcatum
1761 4565 1928 4618 esse?
1975 4563 2120 4620 Con-

537 4653 716 4708 sidera
761 4652 1134 4707 humilitatem.
1181 4653 1443 4720 Quoniam
1491 4653 1666 4721 dixit,
1707 4655 1788 4709 Ad
1838 4657 2122 4726 profectum

536 4757 791 4811 vestrum,
815 4745 1050 4800 ostendit
1080 4745 1131 4800 id
1159 4746 1258 4801 sibi
1299 4761 1513 4817 quoque
1562 4747 1842 4802 utilitatem
1890 4749 2119 4815 allerrc;

537 4840 680 4911 quod
708 4840 870 4894 etiam
900 4839 1023 4894 facit
1050 4837 1116 4894 ad
1165 4839 1439 4903 Romanos
1481 4841 1724 4896 scribens
1771 4841 1854 4896 his
1905 4842 2120 4911 verbis,

537 4931 606 4986 Ia
637 4942 730 4995 est,
753 4931 905 4986 simul
925 4931 1176 4984 consolari
1218 4932 1270 4985 in
1312 4930 1448 4986 vobis
1469 4946 1489 4984 :
1512 4940 1666 4986 antea
1694 4934 1838 4988 enim
1870 4933 2078 4988 dixerat
2102 4973 2120 5000 ,

542 5025 610 5081 Ut
631 5023 828 5094 aliquid
854 5023 1115 5076 imvertiar
1142 5023 1277 5076 vobis
1306 5023 1486 5094 gratia:
1514 5024 1802 5093 spiritualis.
1833 5024 1851 5095 (
1875 5025 2026 5079 Rom.
2068 5027 2120 5080 1.

538 5117 627 5172 l2.
654 5118 714 5170 11
738 5116 777 5184 ).
796 5112 931 5181 Quid
955 5121 1133 5168 autem
1160 5113 1260 5168 hoc
1283 5123 1385 5179 est,
1418 5113 1487 5169 Ut
1515 5115 1754 5185 gloriatio
1773 5127 1936 5170 vestra
1955 5115 2122 5171 abun-

539 5211 663 5265 det?
695 5208 748 5263 Id
771 5218 874 5273 est,
903 5215 964 5262 ιιι
987 5215 1196 5262 crescat
1220 5205 1294 5273 id,
1321 5207 1464 5278 quod
1490 5216 1607 5263 erat
1631 5222 1788 5263 causa
1816 5209 2078 5278 gloriandi
2102 5225 2118 5263 :

540 5305 643 5359 huc
675 5311 852 5356 autem
880 5308 962 5355 est
981 5298 1315 5354 corroborari
1342 5299 1397 5354 in
1423 5298 1527 5354 lide
1553 5301 1573 5367 (
1597 5298 1709 5354 hzec
1738 5301 1880 5355 enim
1907 5311 1988 5355 est
2008 5301 2125 5371 glo-

540 5395 699 5451 riatio
730 5394 781 5447 in
812 5389 1071 5462 Christo),
1103 5400 1249 5446 recte
1274 5391 1476 5446 vivere.
1507 5389 1651 5460 Ergo
1682 5389 1932 5444 Gloriatio
1959 5402 2125 5444 vestra

539 5493 592 5544 in
621 5507 700 5543 me
725 5504 815 5559 per
843 5502 1010 5542 meum
1036 5494 1306 5540 aaventum
1334 5485 1516 5539 iterant
1538 5483 1605 5536 ad
1625 5484 1750 5537 vos?
1771 5483 2018 5547 Maxime,
2046 5483 2124 5537 in-

539 5583 674 5652 quit,
713 5581 840 5648 Qua:
865 5582 997 5635 enim
1023 5588 1094 5632 est
1121 5594 1238 5648 spes
1263 5587 1436 5632 nostra
1455 5585 1542 5630 aut
1571 5591 1685 5646 qua?
1707 5591 1897 5630 corona
1926 5576 2120 5646 gloria-

541 5675 734 5728 n'om's?
763 5689 928 5727 nonne
957 5681 1005 5725 et
1043 5687 1128 5725 vos
1171 5670 1260 5743 (l.
1313 5669 1490 5725 Thess.
1537 5670 1594 5726 εξ.
1643 5669 1787 5742 l9)?
1841 5668 1938 5724 Vos
1979 5671 2122 5724 enim

541 5768 660 5819 estis
686 5765 920 5835 gloriatio
945 5774 1119 5818 nostra
1141 5803 1156 5828 ,
1187 5763 1609 5834 quemadmodum
1633 5772 1679 5816 et
1700 5780 1790 5817 nos
1823 5772 1986 5818 vestra
2024 5763 2118 5833 (2.

539 5856 660 5915 Cor.
695 5857 743 5911 l.
780 5855 906 5925 ll);
937 5855 1116 5924 idest,
1150 5864 1206 5911 ut
1227 5854 1452 5913 habeam
1477 5871 1582 5926 quo
1605 5856 1657 5911 in
1683 5855 1830 5911 vobis
1857 5854 2118 5926 majorem

1229 405 1286 462 S.
1325 402 1600 461 JOANNIS
1638 399 2107 459 CllRYSOSTOMI
2148 399 2465 458 ARCHIEP.
2507 388 3036 462 CONSTANPINOP.

2177 514 2235 568 in
2258 515 2471 569 modum
2499 515 2714 586 glorier.
2748 517 3068 584 Quomodo?
3117 515 3185 572 Ut
3223 517 3463 588 gloriatio
3490 558 3507 580 ,
3561 517 3730 583 inquit
3753 560 3766 574 .

2176 613 2338 660 vestra
2365 606 2603 662 abundet.
2643 607 2897 677 Majorem
2923 609 3063 664 enim
3097 609 3270 664 habeo
3295 607 3640 679 gloriationis
3664 625 3774 659 ma-

2179 700 2389 764 teriam,
2407 714 2528 754 cum
2545 716 2640 755 vos
2657 701 2937 771 prolicitis.
2969 699 3072 754 Per
3096 717 3262 754 nteum
3285 701 3566 753 adventum
3593 699 3680 751 iter
3691 716 3771 750 ιιι

2178 789 2249 843 ad
2270 806 2378 846 vos.
2405 791 2506 860 Qut
2540 792 2736 862 igitur?
2763 808 2890 847 num
2913 792 2980 846 ad
3029 794 3174 862 ipsos
3213 791 3416 847 rediit?
3462 789 3586 845 Hoc
3625 791 3774 844 vobis

2183 884 2563 954 inquirendum
2593 885 2874 956 relinquo,
2903 894 3080 940 utrum
3125 884 3368 940 redierit.
3417 885 3519 938 27.
3558 882 3774 936 Tum

2181 977 2353 1048 digne,
2381 977 2585 1047 inquit,
2629 979 2891 1050 evangelio
2938 977 3127 1040 Christi
3170 976 3570 1032 conversantini.
3626 977 3775 1029 Vides

2183 1068 2360 1122 omnia
2402 1084 2752 1140 qumcumque
2796 1070 2964 1132 dixit,
3016 1071 3121 1126 huc
3163 1080 3442 1140 spectasse
3469 1111 3486 1134 ,
3540 1077 3601 1122 ut
3635 1071 3777 1138 ipsus

2184 1157 2500 1214 exhortetur
2526 1160 2593 1214 ad
2625 1162 2858 1231 majores
2883 1161 2937 1216 in
2972 1163 3169 1217 virtute
3209 1176 3536 1232 progressus
3583 1159 3778 1214 facien-

2185 1250 2321 1305 dos?
2363 1249 2585 1306 Tantum
2633 1254 2786 1324 digne
2833 1256 3091 1324 evangelio
3141 1255 3332 1310 Christi
3383 1255 3773 1308 convasamini.

2185 1343 2320 1410 Quid
2343 1353 2427 1400 cst
2450 1345 2592 1414 quod
2621 1345 2812 1414 inquit,
2845 1346 3063 1401 Tantum
3082 1347 3108 1400 ?
3135 1347 3278 1402 Idem
3309 1347 3454 1402 valet
3499 1361 3572 1401 ac
3616 1347 3675 1400 si
3701 1349 3777 1400 di—

2186 1444 2376 1491 ceret:
2406 1436 2518 1492 lloc
2562 1437 2736 1492 solum
2785 1447 2906 1504 est,
2948 1439 3091 1509 quod
3141 1440 3471 1509 requiritur;
3525 1447 3777 1507 preter-e1

2190 1528 2320 1583 nihil
2349 1544 2361 1581 :
2396 1530 2441 1583 si
2469 1529 2571 1585 hoc
2597 1530 2756 1598 adsit,
2791 1531 2926 1585 nihil
2949 1533 3099 1586 vobis
3144 1533 3358 1587 molesti
3403 1531 3676 1600 obtinget.
3718 1531 3781 1586 Ct

2189 1620 2291 1673 sive
2314 1635 2428 1673 cum
2458 1636 2638 1674 venero
2671 1631 2717 1674 et
2757 1623 2926 1676 videro
2969 1637 3056 1676 vos
3076 1663 3091 1686 ,
3121 1623 3224 1676 sive
3249 1624 3435 1676 absens
3474 1623 3693 1674 audiam
3726 1624 3780 1675 de

2190 1709 2338 1764 rebus
2357 1712 2552 1764 vestris.
2569 1709 2684 1765 Non
2700 1711 2822 1766 hate
2841 1711 2990 1779 dicit,
3012 1714 3162 1782 quasi
3189 1713 3414 1767 mutarit
3433 1714 3776 1777 sententiam,

2191 1816 2364 1870 neque
2405 1801 2474 1855 ad
2527 1801 2672 1870 ipsos
2719 1802 2894 1858 redire
2937 1803 3172 1873 amplius
3213 1804 3377 1870 velit;
3423 1803 3566 1868 sed,
3617 1803 3779 1858 Etiam

2191 1893 2236 1947 si
2265 1892 2365 1948 hoc
2392 1893 2618 1960 accidat,
2646 1895 2852 1964 inquit,
2883 1895 3076 1951 absens
3099 1912 3312 1966 quoque
3340 1897 3519 1951 la‘tari
3552 1912 3778 1966 possum.

2194 1984 2257 2040 Si
2279 1985 2510 2052 audiero,
2537 1987 2657 2056 quia
2685 1990 2830 2042 statis
2854 1987 2906 2041 in
2931 2003 3033 2042 uno
3058 1990 3241 2058 spiritu
3265 1999 3316 2043 et
3344 2006 3455 2042 una
3479 1989 3684 2043 animo.

2266 2079 2321 2134 δ’.
2363 2078 2476 2133 lloe
2498 2088 2603 2145 est,
2630 2080 2772 2150 quod
2803 2081 3033 2137 maxime
3063 2081 3250 2137 ﬁdeles
3271 2082 3591 2154 coniungit,
3618 2093 3675 2138 et
3701 2099 3782 2138 ca-

2194 2170 2404 2225 ritatem
2435 2170 2606 2239 ipsam
2645 2171 2886 2226 continet
2917 2189 2932 2226 :
2967 2171 3093 2228 hinc
3119 2173 3210 2227 illa
3242 2173 3462 2228 Domini
3491 2175 3696 2239 verba,
3727 2175 3785 2230 Ut

2194 2264 2294 2316 sint
2319 2278 2476 2316 unum
2505 2261 2687 2331 (Joan.
2716 2265 2801 2318 l7.
2840 2263 2952 2334 ll).
2984 2263 3117 2319 Nam
3146 2265 3407 2336 Regnum,
3439 2267 3646 2336 inquit,
3675 2267 3724 2319 ia
3744 2286 3788 2320 se

2196 2355 2411 2410 divisum
2430 2396 2445 2421 ,
2475 2371 2575 2409 non
2604 2357 2783 2426 poterit
2809 2366 2945 2412 stare
2971 2355 3191 2428 (Matth.
3222 2357 3312 2412 l2.
3343 2359 3470 2430 25).
3501 2359 3786 2429 Propterea

2196 2458 2251 2503 et
2277 2446 2476 2501 Paulus
2503 2447 2705 2502 multus
2732 2448 2927 2520 ubique
2952 2458 3038 2505 est
3062 2450 3114 2504 in
3145 2451 3444 2506 concordia
3473 2451 3786 2506 suadenda:

2197 2539 2320 2595 ideo
2346 2549 2400 2595 et
2425 2539 2672 2595 Christus
2694 2539 2884 2611 inquit,
2913 2537 2981 2595 In
3003 2543 3098 2595 hoc
3117 2553 3425 2614 cognoscent
3451 2558 3659 2606 omnes,
3685 2545 3788 2612 quis

2199 2633 2441 2705 discipuli
2467 2634 2567 2686 mei
2589 2635 2728 2699 estis,
2759 2635 2803 2687 si
2832 2634 3152 2690 dilectionem
3181 2635 3471 2691 habueritis
3493 2636 3576 2689 ad
3597 2637 3788 2691 invia-

2203 2729 2382 2801 (Joan.
2412 2728 2496 2782 15.
2529 2727 2644 2798 55).
2672 2726 2750 2782 Ne
2779 2727 2962 2797 igitur,
2997 2727 3171 2798 inquit
3195 2728 3421 2791 Paulus,
3457 2729 3572 2785 mei
3601 2728 3788 2784 adven-

2203 2829 2288 2875 tus
2313 2817 2716 2888 exspectatione
2756 2819 3056 2889 pendentes
3098 2819 3310 2874 interea
3350 2819 3678 2876 obdormite
3703 2836 3718 2884 ;
3744 2830 3791 2873 ut

2202 2925 2326 2966 cum
2355 2909 2498 2980 quod
2525 2910 2926 2980 exspectabatis
2945 2951 2962 2975 ,
2993 2911 3338 2976 successerit,
3369 2926 3584 2982 meque
3608 2911 3788 2966 videri-

2207 3005 2296 3064 tis.
2326 3002 2580 3072 deinceps
2605 3001 2939 3072 diligentiam
2979 3002 3267 3059 remittatis
3292 3019 3359 3058 ac
3394 3005 3788 3060 dissolvanini.

2204 3095 2337 3151 Nam
2378 3094 2548 3150 etiam
2583 3109 2650 3148 ex
2695 3093 2880 3148 auditu
2922 3095 3168 3151 eamdem
3215 3109 3419 3164 capere
3467 3096 3792 3167 voluptatem

2209 3201 2447 3258 possum.
2471 3186 2613 3252 Quid
2631 3185 2767 3241 istuc
2787 3194 2890 3251 est,
2924 3185 2990 3240 In
3016 3202 3118 3241 uno
3137 3188 3323 3256 spiritu
3345 3188 3372 3240 .’
3401 3187 3461 3241 Id
3483 3196 3600 3251 est,
3624 3189 3791 3242 eadem

2209 3281 2299 3335 illa
2341 3277 2508 3349 gratia
2563 3275 2904 3341 concordiae,
2952 3276 3264 3331 alacritatis.
3314 3277 3475 3333 Unus
3519 3278 3693 3332 etiam
3728 3288 3796 3332 est

2210 3371 2429 3443 spiritus
2459 3385 2474 3423 :
2504 3375 2667 3436 atque
2699 3367 2747 3422 id
2779 3383 2844 3422 ex
2869 3382 2936 3422 eo
2960 3368 3265 3423 ostenditur
3284 3408 3300 3432 ,
3330 3368 3483 3439 quod
3517 3384 3673 3438 smpe
3712 3371 3795 3422 hoc

2211 3457 2373 3514 modo
2390 3456 2590 3512 dictum
2614 3456 2686 3511 sit
2712 3473 2724 3508 :
2756 3455 2829 3508 ita
2855 3454 3000 3508 enim
3025 3461 3110 3508 est
3132 3461 3186 3508 et
3214 3453 3268 3507 in
3296 3467 3404 3508 una
3435 3464 3596 3509 stare
3615 3455 3793 3515 πίω,

2212 3565 2334 3609 cum
2362 3565 2550 3606 omnes
2571 3564 2733 3603 unum
2755 3547 3002 3617 spiritum
3032 3544 3345 3600 habeamus.
3372 3544 3519 3600 Vide
3543 3560 3685 3600 voce
3703 3545 3795 3609 illa,

2214 3653 2307 3714 μιᾷ
2333 3652 2459 3714 ψυχῇ
2481 3683 2496 3709 ,
2526 3641 2576 3695 id
2607 3649 2707 3702 est.
2743 3655 2845 3694 una
2876 3638 3077 3701 anima,
3108 3637 3464 3692 concordiam
3492 3653 3628 3694 esse
3651 3640 3797 3708 signi-

2217 3735 2426 3790 ﬁcatam
2459 3751 2472 3786 :
2503 3732 2624 3788 vide
2652 3733 2848 3786 multas
2869 3731 3078 3786 animas
3105 3745 3262 3785 unam
3290 3729 3421 3785 dici.
3456 3731 3536 3785 lta
3570 3747 3635 3787 se
3663 3733 3800 3785 liabe-

2217 3828 2310 3884 bat
2356 3826 2648 3896 antiquitus
2678 3843 2692 3878 ε
2722 3823 2997 3887 Omnium,
3031 3822 3238 3893 inquit,
3273 3831 3386 3876 erat
3415 3838 3511 3877 cor
3555 3834 3608 3877 et
3653 3827 3800 3875 ωιὶιιι

2218 3935 2322 3973 una
2352 3917 2489 3989 (Act.
2535 3917 2589 3970 ι.
2635 3915 2748 3986 52).
2778 3914 3158 3969 Collaborantes
3195 3913 3315 3981 ﬁdei
3359 3915 3650 3983 evangelii.
3687 3913 3799 3968 lima

2221 4023 2489 4081 tamquam
2522 4009 2624 4064 ﬁde
2646 4009 2923 4064 laborante
2955 4009 3006 4062 in
3033 4007 3351 4072 certamine,
3376 4016 3607 4072 mutuo,
3633 4006 3799 4074 inquit,

2219 4103 2655 4162 eollaborantes?
2681 4118 2786 4170 qua
2813 4103 3018 4156 ratione
3043 4099 3097 4155 id
3124 4110 3269 4155 stare
3290 4099 3510 4167 possit?
3534 4099 3660 4153 Non
3681 4099 3799 4152 enim

2223 4198 2364 4252 inter
2393 4210 2451 4251 se
2481 4195 2806 4265 pugnabant;
2839 4192 2932 4247 sed
2961 4191 3101 4261 quod
3131 4191 3241 4244 vult
3270 4189 3476 4244 Paulus
3501 4232 3516 4254 ,
3564 4190 3672 4244 hoc
3695 4199 3798 4244 est:

2223 4291 2462 4345 Motuum
2486 4331 2499 4352 ,
2531 4287 2736 4358 inquit,
2769 4286 2921 4340 vobis
2954 4283 3210 4338 auxilium
3241 4283 3437 4338 all’erte
3463 4325 3478 4348 ,
3511 4284 3653 4337 dum
3693 4283 3799 4336 ﬁdes

2223 4380 2482 4451 evangelii
2514 4381 2568 4434 in
2595 4379 2891 4435 certamine
2922 4386 3182 4432 versatur.
3214 4376 3305 4431 28.
3341 4375 3408 4428 Et
3448 4377 3503 4429 in
3536 4376 3690 4430 nullo
3712 4386 3795 4429 ter-

2224 4477 2306 4531 riti
2336 4476 2399 4530 ab
2424 4473 2727 4528 adversariis
2750 4514 2765 4537 ,
2797 4471 2932 4541 quod
2957 4470 3158 4541 quidem
3197 4469 3326 4537 ipsis
3352 4479 3428 4522 est
3455 4479 3798 4541 argumentu-

2227 4567 2546 4638 perditionis,
2573 4564 2708 4619 vobis
2733 4573 2902 4617 autem
2926 4562 3124 4616 salutis.
3149 4561 3364 4630 Optime
3389 4561 3561 4623 dixit,
3600 4561 3796 4615 Territi:

2229 4659 2350 4714 talia
2374 4659 2514 4713 enirn
2551 4666 2677 4710 sunt
2699 4697 2713 4719 ,
2747 4670 2865 4723 quae
2891 4653 2960 4708 ab
2988 4651 3313 4707 adversariis
3347 4651 3796 4720 proﬁciscuntur:

2229 4757 2432 4806 terrent
2461 4745 2851 4804 tantummodo.
2882 4745 3018 4800 Dicit
3043 4745 3219 4815 igitur,
3251 4742 3317 4797 In
3345 4744 3495 4797 nullo
3519 4759 3541 4796 :
3565 4743 3798 4814 quidquid

2227 4842 2488 4908 evenerit,
2515 4841 2673 4896 etiam
2693 4838 2737 4893 si
2763 4837 2993 4906 pericula
3022 4836 3290 4906 proposita
3313 4835 3447 4900 sint,
3467 4836 3641 4890 etiam
3667 4835 3707 4887 si
3733 4836 3798 4886 in-

2229 4935 2411 4992 sidiae:
2441 4934 2543 4988 hoc
2562 4931 2705 4988 enim
2733 4942 2815 4986 est
2843 4940 2987 4984 recte
3013 4930 3286 4984 stantium.
3325 4928 3403 4983 Illi
3434 4929 3591 4983 enim
3627 4940 3800 4982 terrere

2228 5028 2504 5082 dumtaxat
2533 5030 2791 5089 possunt;
2843 5031 3102 5090 praeterea
3154 5019 3307 5073 nihil.
3340 5018 3483 5084 Quia
3511 5019 3664 5073 enim
3689 5016 3799 5070 ver:-

2229 5116 2402 5174 similc
2425 5124 2540 5171 erat
2570 5113 2692 5168 illos
2719 5112 2874 5182 valde
2901 5111 3220 5178 perturbari,
3251 5125 3376 5163 cum
3414 5109 3780 5164 animadverte

2229 5217 2350 5264 rent
2376 5206 2595 5262 Paulum
2624 5202 3044 5257 innumerabiles
3082 5201 3262 5255 subire
3288 5201 3677 5256 calamitates:
3708 5200 3800 5254 Non

2229 5302 2373 5368 dico,
2407 5299 2611 5369 inquit,
2642 5296 2719 5351 Ne
2751 5296 3036 5359 ﬁuctuetis,
3070 5294 3163 5348 sed
3186 5335 3199 5357 ,
3227 5293 3304 5349 Nc
3333 5295 3698 5359 terreamini;
3729 5292 3799 5347 se:

2229 5393 2391 5450 etiam
2423 5391 2544 5445 illos
2570 5390 2726 5444 valde
2747 5385 3125 5444 contemnatis.
3152 5386 3284 5440 Nam
3313 5387 3358 5440 si
3389 5386 3499 5441 hoc
3521 5388 3688 5442 modo
3706 5386 3799 5438 ani-

2232 5485 2359 5540 mati
2387 5482 2525 5544 sitis,
2557 5481 2681 5536 hinc
2705 5479 2814 5548 jam
2845 5490 2896 5533 et
2927 5481 3166 5547 ipsorum
3205 5477 3577 5545 perditionem
3603 5519 3619 5544 ,
3647 5488 3696 5531 et
3725 5489 3800 5527 vc-

2231 5585 2394 5631 stram
2417 5575 2644 5629 salutem
2671 5571 3004 5644 perspicuam
3035 5568 3260 5624 facietis.
3289 5569 3506 5624 Etenim
3530 5584 3656 5625 cum
3677 5567 3802 5622 vidc-

2231 5670 2336 5724 rint
2367 5675 2616 5723 sexcenta
2646 5680 2707 5721 se
2740 5663 2966 5718 artiﬁcia
2998 5660 3331 5716 comminisci
3358 5701 3375 5727 ,
3417 5675 3487 5716 ac
3513 5675 3586 5717 ne
3612 5669 3798 5717 terrere

2230 5760 2443 5831 quidem
2466 5775 2564 5814 vos
2591 5771 2751 5828 posse
2775 5797 2792 5823 ,
2821 5763 2967 5812 certa
3003 5756 3086 5810 sul
3115 5754 3356 5823 ipsorum
3385 5754 3641 5810 interitus
3659 5766 3796 5820 argu-

2239 5867 2414 5911 menta
2457 5851 2689 5922 capient.
2759 5847 2982 5918 Quando
3030 5846 3173 5905 enim
3233 5855 3520 5904 vexatores
3569 5845 3639 5901 iis
3681 5855 3796 5915 quis
