3878 6568
65 438 168 494 207

67 551 272 608 νοώντι
311 550 453 624 χαρὰ
492 550 705 620 γίνεται
739 551 796 604 έν
827 554 938 616 τοῖς
967 552 1238 622 οὐρανοῖς,
1275 550 1437 614 αὐτὸς
1474 549 1532 603 δὲ
1577 549 1642 603 ἐκ

67 640 292 713 πρώτης
342 638 684 711 δημηγορίας
727 637 956 702 πολλοὺς
1011 639 1299 710 ὲθήρευσε,
1360 637 1480 701 πῶς
1533 637 1636 690 οὐκ

71 729 346 799 ἐμπλήσει
385 729 558 798 χαρᾶς
593 726 695 789 τὰς
723 727 837 784 ἀνω
868 726 1129 797 δυνάμεις
1161 742 1176 791 ;

133 811 284 886 [221]
314 812 378 883 β’.
409 812 520 865 Καὶ
552 811 605 864 τί
627 810 799 878 λέγω;
829 810 1018 872 ἁπλῶς
1042 810 1206 880 ἀρκεῖ
1227 807 1443 863 Παῦλον
1468 809 1642 879 φθέγ-

64 901 274 970 γεσθαι,
306 900 402 953 καὶ
437 899 565 962 τοὺς
611 897 875 969 οὐρανοὺς
921 897 1014 950 ἐπὶ
1053 897 1230 968 τούτῳ
1265 899 1494 970 σκιρτᾷν
1544 899 1640 952 καὶ

68 989 474 1063 εὐφραίνεσθαι.
514 988 580 1042 EE
608 987 740 1058 γὰρ,
763 989 852 1042 ὅτε
905 986 964 1053 ἐξ
993 988 1272 1056 Δίγύπτου
1327 987 1557 1060 ἐξῄεσαν
1588 989 1638 1042 οῑ

81 1079 430 1150 Ἰσραηλῖται,
464 1076 797 1147 ὲσκίρτησαν
822 1075 891 1129 τὰ
921 1075 1043 1146 ὅρη,
1092 1075 1168 1139 ὡς
1194 1076 1338 1148 κριοί
1364 1095 1375 1107 ·
1403 1078 1492 1129 ὅτε
1530 1076 1639 1130 ἀπὸ

66 1168 164 1237 γῆς
195 1169 278 1230 είς
310 1166 535 1238 οὐρανὸν
584 1165 922 1236 μετέστησαν
970 1164 1269 1236 ἄνθρωποι,
1317 1165 1490 1236 πόσην
1537 1165 1638 1218 οίει

63 1252 191 1307 εἶναι
221 1255 442 1324 χαράν;
490 1253 589 1306 Διὰ
640 1252 834 1317 ταῦτα,
871 1252 941 1306 Τὸ
989 1250 1286 1320 ἐπιμεῖναι
1337 1249 1410 1318 τῇ
1455 1251 1635 1318 σαρκὶ

63 1346 522 1412 ἀναγκαιότερον
567 1341 644 1395 δι’
671 1341 848 1410 ὑμᾶς.
881 1340 1050 1394 Ποίαν
1086 1340 1280 1410 ἕξομεν
1340 1338 1637 1407 ἀπολογίαν

65 1432 242 1486 λοιπὸν
277 1433 438 1503 ἡμεῖς
477 1449 491 1498 ;
543 1429 809 1494 Πολλάκις
863 1429 973 1502 γὰρ
1003 1429 1292 1499 ἅνθρωπος
1339 1427 1636 1499 κληροῦται

63 1520 210 1572 πόλιν
247 1518 452 1589 μικρὰν
485 1519 579 1571 καὶ
609 1515 891 1587 πενιχρὰν,
928 1516 1021 1568 καὶ
1049 1516 1146 1585 οὐχ
1187 1515 1426 1586 αἱρεῖται
1472 1512 1637 1567 ἀπελ-

65 1609 167 1660 θεῖν
219 1605 469 1676 ἑτέρωθι,
503 1607 603 1674 τὴν
653 1604 864 1658 οἰκείαν
907 1604 1221 1676 προκρίνων
1270 1603 1584 1656 ἀνάπαυσιν
1617 1614 1634 1631 ⁸

69 1694 196 1763 πρὸς
224 1694 316 1748 τὸν
345 1693 580 1764 Χριστὸν
611 1689 752 1763 εἶχεν
779 1690 1034 1746 ἀπελθεῖν
1063 1693 1089 1743 ὁ
1131 1689 1374 1752 Παῦλος,
1404 1691 1501 1743 καὶ
1533 1690 1633 1743 οὐκ

65 1781 295 1851 ἠθέλησε
330 1781 418 1834 τὸν
453 1779 685 1852 Χριστόν
715 1794 730 1809 ο
759 1778 1012 1850 Χριστὸν,
1042 1777 1100 1830 ὃν
1126 1776 1298 1839 οὕτως
1325 1777 1530 1841 ἐπόθει,
1559 1777 1634 1840 ὡς

61 1869 122 1921 δι’
152 1869 315 1924 αὐτὸν
376 1869 471 1922 καὶ
526 1867 762 1935 γέενναν
806 1866 1126 1937 αἱρεῖσθαι·
1172 1867 1267 1918 καὶ
1319 1865 1512 1935 ἔμενεν
1553 1864 1633 1918 ἔτι

63 1949 450 2028 ἀγωνιζόμενος
505 1956 592 2009 διά
648 1957 773 2018 τοὺς
827 1955 1168 2026 ἀνθρώπους.
1201 1955 1298 2018 Τίς
1327 1954 1478 2008 ἔσται
1501 1956 1633 2026 ἡμῖν

64 2047 353 2114 ἀπολογία;
388 2045 564 2108 Ὄλως
591 2045 648 2098 δὲ
682 2043 992 2115 μεμνῆσθαι
1025 2043 1130 2114 χρὴ
1159 2043 1374 2096 Παύλου
1407 2043 1628 2109 ἀπλῶς;

64 2135 191 2204 Ὅρα
209 2133 262 2186 τί
283 2133 598 2203 είργάσατσ
615 2131 876 2197 Ἐδειξεν,
893 2130 974 2184 ὅτι
999 2132 1252 2200 κρεῖσσον
1271 2129 1333 2184 τὺ
1352 2130 1634 2195 ἀπελθεῖν,

65 2224 254 2276 πείθων
277 2222 474 2285 αὐτοὺς
503 2220 579 2291 μὴ
612 2221 797 2289 ἀλγεῖν
817 2235 831 2250 ·
868 2219 1088 2284 ἔδειξεν,
1125 2221 1207 2274 ὅτι
1233 2219 1340 2273 κᾶν
1365 2218 1521 2291 μένῃ,
1543 2219 1634 2274 διὰ

63 2309 206 2363 τοῦτο
252 2309 426 2380 μένει,
468 2308 537 2362 δι’
570 2309 832 2372 ἐκείνους,
866 2307 945 2361 ὅτι
974 2307 1074 2361 οὐκ
1100 2307 1208 2362 ἀπὸ
1236 2307 1335 2377 τῆς
1365 2308 1633 2378 πονηρίας

63 2399 252 2466 γίνεται
288 2397 399 2450 τῶν
431 2395 912 2450 ἐπιϐουλευόντων.
931 2394 1053 2448 Ἵνα
1078 2394 1257 2447 τοίνυν
1279 2394 1632 2459 ἀξιοπίστους

63 2484 239 2547 αὐτοὺς
263 2493 283 2514 ⁸
334 2482 658 2554 ἐργάσηται,
699 2483 794 2535 καὶ
822 2480 924 2552 τὴν
965 2482 1146 2535 αἰτίαν
1175 2480 1392 2551 ἔθηκεν.
1424 2480 1488 2533 Et
1521 2481 1631 2550 γὰρ

63 2571 340 2639 ἀναγκαῖον
391 2568 549 2622 τοῦτὸ
603 2569 742 2630 ἐστι,
773 2567 994 2632 πάντως
1047 2569 1130 2622 ὃτι
1186 2567 1352 2638 μενῶ,
1384 2566 1478 2622 καὶ
1531 2567 1630 2637 οὐχ

63 2659 232 2720 ἁπλῶς
267 2657 435 2728 μενῶ,
460 2656 596 2710 ἀλλὰ
617 2657 734 2727 μεθ’
754 2656 784 2709 ὑ
793 2655 911 2726 μῶν
929 2673 944 2686 ·
963 2657 1122 2709 τουτο
1156 2656 1264 2725 γάρ
1278 2656 1396 2708 ἐστι
1414 2653 1494 2721 τὸ,
1518 2653 1628 2708 Καὶ

61 2742 509 2815 συμπαραμενῶ,
535 2745 836 2806 τουτέστιν,
873 2743 1116 2814 Ὅψομαι
1145 2743 1307 2813 ὑμᾶς.
1332 2741 1488 2804 Τίνος
1509 2740 1633 2794 ἓνε-

63 2850 183 2899 κενς
208 2835 310 2899 Εὶς
333 2832 454 2900 τὴν
472 2831 640 2900 ὑμῶν
684 2831 1003 2899 προκοπὴν
1027 2830 1125 2883 καὶ
1165 2827 1359 2898 χαρὰν
1400 2827 1511 2897 τῆς
1530 2829 1627 2881 πί-

63 2937 250 2986 στεως.
307 2917 573 2973 Ἐνταῦθα
627 2919 825 2982 αὐτοὺς
883 2917 978 2971 καὶ
1034 2917 1370 2988 διανίστησιν
1405 2956 1420 2982 ,
1483 2915 1627 2968 ὥστε

65 3010 332 3079 προσέχειν
387 3009 618 3071 ἑαυτοῖς.
650 3008 712 3060 El
769 3007 880 3079 γὰρ
928 3007 996 3060 δι’
1023 3006 1188 3077 ὑμᾶς,
1241 3005 1397 3076 φησὶ,
1459 3003 1625 3075 μενῶ,

64 3098 207 3166 ὁρᾶτε
236 3095 308 3166 μὴ
342 3094 739 3165 καταισχύνητέ
773 3111 874 3164 μου
905 3092 1003 3164 τὴν
1024 3093 1364 3162 παραμονήν.
1399 3092 1628 3145 Μέλλων

65 3184 276 3256 Χριστόν
302 3186 458 3255 ὁρᾷν,
490 3183 712 3254 είλὸμην
736 3183 828 3236 ἐπὶ
858 3184 924 3253 τῇ
957 3181 1201 3252 ὑμετέρα
1242 3184 1492 3252 προκοπῇ
1528 3179 1625 3250 μὲ-

64 3288 180 3324 νειν.
215 3270 432 3341 Ἐπειδὴ
481 3271 514 3340 ἡ
545 3269 653 3339 ἐμὴ
685 3268 956 3338 παρουσία
981 3270 1073 3320 καί
1109 3267 1246 3338 πρὸς
1278 3267 1462 3319 πίστιν
1495 3268 1626 3337 ὑμῖν

67 3357 412 3427 συμὸἀλλεται
472 3355 568 3410 καλ⁸
612 3355 750 3427 πρὸς
798 3355 1010 3427 χαρὰν,
1036 3353 1126 3408 διὰ
1176 3354 1335 3408 τοῦτο
1397 3354 1624 3426 εἱλόμην

69 3446 250 3514 μένειν.
290 3443 356 3496 Τί
418 3439 544 3510 οῦν;
577 3443 958 3514 Φιλιππησίων
989 3443 1174 3497 ἕνεκεν
1205 3443 1363 3514 ἔμενε
1408 3443 1621 3513 μόνων;

68 3533 167 3585 Οὐκ
211 3531 432 3586 ἐκείνων
489 3531 675 3584 ἕνεκεν
726 3530 886 3600 ἔμενε
923 3531 1100 3601 μόνων
1129 3547 1144 3560 ·
1168 3529 1314 3599 λέγει
1357 3530 1412 3584 δὲ
1445 3529 1622 3596 τοῦτο,

71 3619 146 3671 ῐνα
175 3621 365 3684 αὐτοὺς
396 3620 741 3693 θεραπεύσῃ.
773 3621 897 3684 Πῶς
943 3622 999 3674 δὲ
1027 3616 1094 3691 ἦν
1111 3623 1178 3690 τῇ
1214 3620 1392 3674 πίστει
1421 3621 1625 3692 προκό-

67 3706 183 3776 Qun;
218 3708 379 3760 Ὥστε
433 3707 790 3780 στηριχθῆναι
860 3707 1058 3778 μᾶλλον
1113 3707 1257 3777 ὑμᾶς
1290 3749 1304 3774 ,
1374 3709 1624 3779 καθάπερ

70 3794 606 3864 νεοττοὺςδεομένους
634 3795 734 3865 τῆς
765 3795 995 3867 μητρὸς,
1027 3795 1134 3859 ἕως
1162 3796 1230 3850 ἂν
1254 3795 1434 3859 αὐτοῖς
1473 3798 1622 3867 παγῇ

69 3881 126 3934 τὰ
153 3883 334 3950 πτερά.
381 3881 590 3951 Πολλῆς
636 3883 855 3954 ἀγάπης
897 3881 1054 3936 τοῦτο
1118 3884 1435 3954 τεκμήριον.
1467 3881 1625 3935 Οὕτω

71 3971 150 4022 καὶ
171 3971 319 4040 ἡμεῖς
349 3987 502 4034 τινας
539 3969 902 4042 διεγείρομεν,
935 3970 1009 4034 ὡς
1055 3970 1184 4024 ὅταν
1213 3970 1456 4042 εἴπωμεν
1479 3986 1492 4000 °
1525 3971 1624 4025 Διά

74 4057 123 4110 σὲ
153 4056 350 4126 ἔμεινα,
385 4058 472 4110 ἵνα
502 4075 564 4111 σε
605 4060 817 4130 ποιήσω
855 4058 1106 4130 χρηστόν.
1139 4059 1274 4112 Ἵνα
1297 4057 1363 4111 τὸ
1398 4058 1624 4126 καύχη-

70 4161 140 4211 μα
171 4144 326 4213 ὑμῶν
351 4187 366 4211 ,
397 4148 532 4216 φησὶ
552 4186 566 4210 ,
599 4149 928 4215 περισσεύῃ
960 4147 1028 4199 ἐν
1055 4145 1284 4216 Χριστῷ
1315 4146 1510 4214 Ἰησοῦ
1555 4146 1624 4200 ἐν

73 4232 181 4299 ἐμοὶ
220 4232 312 4286 διὰ
336 4233 448 4302 τῆς
492 4233 643 4302 ἐμῆς
691 4235 1030 4302 παρουσίας
1062 4232 1248 4287 πάλιν
1276 4231 1425 4302 πρὸς
1443 4231 1619 4302 ὑμᾶς.

83 4318 222 4389 Ὁρᾷς
249 4321 326 4373 ὅτι
354 4321 437 4384 τὸ,
457 4319 929 4390 Συμπαραμεγώ,
957 4321 1114 4373 τοῦτό
1143 4322 1323 4385 ὲστιν;
1357 4320 1500 4391 Ὅρα
1524 4321 1624 4390 τὴν

74 4409 561 4481 ταπεινοφροσύνην·
582 4409 797 4480 Ἐπειδὴ
829 4405 1005 4473 εἶπεν,
1026 4411 1129 4476 Εἰς
1155 4408 1271 4477 τὴν
1295 4408 1459 4478 ὑμῶν
1479 4425 1623 4476 προ-

77 4495 267 4563 κοπτὴν,
295 4499 567 4552 δείκνυσιν
611 4499 692 4551 ὅτι
727 4499 819 4551 καὶ
865 4499 944 4564 είς
990 4497 1088 4569 τὴν
1129 4498 1292 4552 αὐτοῦ
1332 4497 1621 4567 ὠφέλειαν.

79 4579 232 4653 Ὅπερ
271 4586 364 4638 καὶ
411 4586 550 4655 πρὸς
585 4585 890 4657 Ῥωμαίους
941 4587 1169 4656 γράφων
1209 4587 1374 4650 ποιεῖ,
1402 4585 1574 4653 λέγων
1606 4601 1619 4615 ο

83 4671 237 4724 Τοῦτο
293 4672 358 4726 δέ
410 4672 564 4738 ἐστι,
615 4672 1202 4742 συμπαρακληθῆναι
1235 4673 1306 4726 ἐν
1331 4671 1476 4740 ὑμῖν
1507 4689 1520 4702 ·
1548 4674 1625 4726 εἰ-

79 4758 178 4810 πὼν
207 4760 433 4833 πρῶτον,
458 4759 597 4813 ἰνα
630 4777 684 4813 τι
709 4760 938 4828 μεταδῶ
971 4759 1234 4833 χάρισμα
1261 4759 1405 4830 ὑμῖν
1441 4778 1622 4814 πνευ-

77 4847 316 4911 ματικόν.
349 4848 414 4901 Τί
443 4847 502 4900 δέ
538 4849 706 4912 ἐστιν,
739 4849 873 4903 Ἵνα
912 4848 978 4901 τὸ
1008 4849 1286 4917 καύχημα
1322 4846 1490 4917 ὑμῶν
1524 4864 1625 4900 πε-

75 4935 305 5003 ρισσεύῃ
329 4953 349 5000 ;
387 4937 568 5006 Ὅπερ
599 4937 694 4987 καὶ
723 4934 784 4988 τὸ
811 4935 1070 5006 καύχημα
1095 4931 1182 5006 ἦν,
1215 4935 1276 4988 τὸ
1305 4935 1624 5006 ἐστηρίχθαι

81 5021 128 5071 ὲν
152 5024 210 5092 τῇ
239 5022 418 5077 πίστει
451 5022 633 5092 (τοῦτο
683 5025 792 5094 γάρ
825 5025 940 5076 ἐστι
980 5022 1242 5093 καύχημα
1359 5025 1622 5096 Χριστῷ),

82 5104 132 5158 τὸ
152 5107 306 5178 ὀρθῶς
327 5108 499 5180 βιοῦν.
538 5112 608 5165 Τό
637 5109 804 5179 ὑμῶν
823 5111 1102 5180 καύχημα
1132 5110 1201 5163 ἐν
1237 5110 1367 5180 ἐμοὶ
1393 5110 1487 5165 διὰ
1514 5112 1626 5180 τῆς

83 5192 208 5261 ἐμῆς
261 5199 593 5267 παρουσίας
641 5196 790 5270 [222]
845 5197 1033 5252 πάλιν
1082 5200 1230 5267 πρὸς
1257 5192 1444 5267 ὑμᾶς
1493 5201 1622 5267 Ναὶ,

86 5282 211 5351 φησί.
248 5285 336 5352 Τίς
378 5285 492 5356 γὰρ
543 5285 714 5357 ἡμῶν
743 5286 949 5353 ἐλπὶς,
982 5286 1019 5354 ἢ
1055 5285 1355 5356 στέφανος
1395 5288 1624 5358 καυχή-

85 5383 213 5437 σεως
240 5390 257 5436 ;
283 5373 320 5442 ἢ
376 5375 516 5444 οὐχί
546 5375 647 5429 καὶ
704 5375 874 5446 ὑμεῖς
902 5393 922 5440 ;
959 5376 1087 5430 ’Ὅτι
1133 5377 1408 5446 καύχημα
1456 5378 1626 5446 ἡμῶν

87 5459 229 5527 ὑμεῖς
261 5463 418 5530 ἐστε,
452 5465 717 5534 καθάπερ
746 5467 919 5536 ἡμεῖς
949 5466 1117 5535 ὑμῶν
1137 5485 1150 5498 ·
1176 5467 1474 5531 τουτέστιν,
1508 5469 1625 5522 Ἵνα

89 5546 175 5616 ἔχω
199 5554 495 5624 καυχᾶσθαι
536 5555 594 5607 ὲν
649 5555 778 5626 ὑμῖν
829 5553 1112 5626 μειζόνως.
1149 5554 1272 5617 Πῶς
1306 5572 1320 5621 ;
1358 5555 1489 5610 Ἵνα
1519 5573 1622 5610 πε-

87 5640 308 5710 ρισσεύῃ
369 5642 437 5696 τὸ
498 5645 780 5713 καύχημα
839 5642 1026 5713 ὑμῶν.
1058 5643 1336 5709 Μειζόνως
1375 5646 1482 5718 γὰρ
1517 5645 1625 5716 ἔχω

143 5869 164 5896 α
181 5853 298 5907 Idem
315 5860 438 5923 conj.
463 5862 732 5917 ἀξιόπιστον
765 5862 948 5911 ἑαυτὸν.

838 433 906 489 ΙΝ
946 431 1164 490 EPIST.
1205 431 1297 488 AD
1327 430 1616 488 PIIILIPP.
1657 431 1812 490 CAP.
1853 435 1895 492 l.
1937 435 2170 494 HOMIL.
2208 441 2300 498 IV.

3217 451 3331 507 21⁵⁵8

1745 552 2072 621 καυχᾶσθαι,
2107 555 2264 626 ὑμῶν
2293 558 2604 614 ἐπιδόντων.
2636 559 2738 614 Διά
2773 559 2882 628 τῆς
2933 560 3086 630 ἐμῆς
3113 579 3328 633 παρου-

1743 637 1884 706 σίας
1900 640 2090 695 πάλιν
2117 644 2268 710 πρὸς
2297 645 2471 713 ὑμᾶς.
2499 646 2563 700 Τί
2592 645 2687 701 οῦν
2713 665 2728 713 ;
2759 643 2890 719 ἦλθε
2921 649 3057 720 πρὸς
3091 651 3324 718 αὕτούς;

1743 726 1916 780 Τοῦτο
1966 728 2204 800 ζητεῖτε,
2239 733 2288 785 εί
2339 729 2495 804 ἦλθε.
2548 737 2754 789 Μόνον
2794 735 3001 803 ἀξίως,
3031 738 3186 808 φησὶ,
3213 740 3325 795 τοῦ

1742 817 2119 886 Εὐαγγελίου
2138 821 2247 876 τοῦ
2279 823 2538 890 Χριστοῦ
2580 826 2992 880 πολιτεύεσθε.
3046 826 3212 898 Ὁρᾷς
3241 829 3325 881 ὄτι

1739 903 1827 956 διὰ
1853 905 2008 959 τοῦτο
2057 903 2179 961 εἶπε
2211 909 2410 976 πάντα,
2445 911 2533 964 ἵνα
2562 914 2641 975 είς
2668 911 2827 965 τοῦτο
2856 913 3054 976 αὐτοὺς
3089 917 3322 984 προτρέ-

1737 989 1814 1062 ψῃ
1837 992 2114 1048 ἐπιδοῦναι
2135 996 2273 1066 πρὸς
2287 998 2522 1069 ἀρετήνς
2553 999 2758 1054 Μόνον
2783 1000 2968 1064 ἀξίως
2993 999 3102 1054 τοῦ
3122 1003 3318 1070 Eber-

1738 1081 1946 1149 γελίου
2009 1084 2118 1137 τοῦ
2160 1086 2419 1153 Χριστοῦ
2475 1089 2886 1142 πολιτεύεσθε.
2936 1087 3002 1140 Τί
3052 1090 3168 1143 ἐστι
3223 1091 3282 1143 τὸ
3305 1129 3324 1155 ,

1737 1168 1982 1232 Μόνονς
2019 1169 2190 1225 Τοῦτό
2214 1174 2332 1226 ἐστι
2377 1173 2437 1227 τὸ
2471 1174 2804 1246 ζητούμενον
2843 1176 3021 1245 μόνον,
3053 1176 3149 1228 καὶ
3169 1176 3321 1230 οὐδὲν

1737 1252 1892 1306 ἄλλο’
1930 1254 1996 1308 ἀν
2025 1256 2182 1310 τοῦτο
2275 1297 2290 1322 ,
2332 1259 2484 1313 οὐδὲν
2509 1261 2753 1332 λυπηρὸν
2773 1263 2906 1330 ἡμῖν
2953 1261 3317 1331 συμϐήσεται.

1740 1339 1874 1392 Ἵνα
1926 1341 2049 1395 εἴτε
2093 1343 2288 1398 ἐλθὼν
2325 1345 2425 1398 καὶ
2475 1346 2618 1401 ἰδὼν
2682 1346 2840 1416 ὑμᾶς
2869 1388 2885 1414 ,
2956 1348 3077 1400 εἶτε
3149 1348 3321 1403 ἀπὼν

1735 1427 1981 1482 ἀκούσω
2037 1431 2109 1484 τὰ
2147 1431 2284 1499 περὶ
2310 1433 2498 1502 ὑμῶν.
2526 1435 2636 1504 Ούχ
2670 1435 2744 1498 ὡς
2778 1433 3164 1505 μεταθέμενος,
3195 1435 3320 1489 οὐδὲ

1734 1511 1808 1574 ὡς
1828 1513 2014 1566 οὐκέτι
2043 1515 2209 1582 ἥξων,
2234 1521 2408 1571 ταῦτα
2438 1519 2586 1588 λέγει
2617 1539 2631 1554 ·
2673 1520 2812 1574 Ἀλλ’
2844 1521 2939 1574 ἐὰν
2967 1520 3124 1574 τοῦτο
3149 1521 3317 1591 γένη-

1733 1615 1844 1665 ται,
1873 1602 2031 1672 φησὶ,
2086 1604 2182 1656 καὶ
2230 1605 2388 1659 ἀπὼν
2435 1607 2824 1678 εὐφραίνεσθαι
2867 1607 3121 1678 δύναμαι.
3175 1608 3320 1663 Ἐὰν

1735 1687 2000 1752 ἀκούσω,
2051 1690 2139 1743 ὅτι
2183 1693 2442 1762 στήκετε
2498 1695 2569 1750 ἐν
2619 1695 2707 1749 ἐνὶ
2763 1696 3056 1765 πνεύματι
3085 1694 3182 1748 καί
3207 1695 3319 1766 μιᾷ

1733 1774 1928 1844 ψυχῇ.

1803 1862 2048 1930 γ’.Τοῦτὸ
2061 1866 2208 1920 ἐστιν
2223 1865 2252 1919 ὃ
2268 1866 2504 1936 μάλιστα
2523 1871 2812 1940 συγκροτεῖ
2824 1871 2952 1934 τοὺς
2966 1873 3208 1936 πιστοὺς,
3222 1875 3318 1929 καὶ

1731 1949 1829 2021 τὴν
1854 1951 2076 2023 ἀγάπην
2108 1953 2356 2026 συνέχει·
2375 1956 2463 2009 διὰ
2483 1955 2665 2019 τοῦτο,
2697 1957 2830 2010 "Ira
2858 1953 3014 2011 ὦσιν
3036 1958 3125 2024 ἐν,
3151 1962 3317 2027 φησὶν

1729 2038 1759 2091 ὁ
1792 2040 2044 2112 Χριστός.
2085 2043 2192 2096 Καὶ
2225 2044 2336 2115 γὰρ
2364 2045 2655 2098 Βασιλεία
2679 2045 3034 2114 μερισθεῖσα
3049 2046 3141 2115 ἐφ’
3174 2047 3313 2103 ἐαυ-

1730 2125 1866 2193 τὴν,
1931 2130 2004 2182 οὺ
2057 2131 2446 2197 σταθήσεται.
2475 2131 2574 2184 Διὰ
2599 2132 2756 2185 τοῦτο
2788 2132 2988 2202 πολλὴν
3018 2134 3157 2205 ὑπὲρ
3184 2136 3316 2205 ὁμε-

1732 2215 1884 2278 νοίας
1914 2219 2152 2271 ποιεῖται
2187 2219 2465 2289 πανταχοῦ
2498 2219 2595 2291 τὴν
2625 2219 2962 2290 συμϐουλὴν,
2990 2221 3084 2274 καὶ
3111 2224 3138 2275 ὁ
3167 2221 3314 2276 Παῦ-

1728 2301 1820 2376 λος
1849 2319 1863 2332 '
1895 2302 1983 2357 διὰ
2037 2305 2198 2358 τοῦτο
2245 2309 2339 2360 καὶ
2370 2309 2398 2360 ὁ
2431 2308 2667 2378 Χριστός
2719 2324 2883 2379 φησιν
2910 2349 2928 2373 ,
2974 2309 3070 2362 Ἐν
3127 2311 3316 2378 τούτῳ

1729 2389 2065 2460 γνώσονται
2115 2392 2358 2459 πάντες,
2391 2393 2479 2446 ὅτι
2527 2396 2788 2462 μαθηταί
2820 2396 2951 2463 ,μού
2999 2396 3159 2457 ἐστε,
3203 2396 3314 2449 ἐὰν

1727 2479 1996 2547 ἀγαπᾶτε
2021 2481 2360 2548 ἀλλήλους.
2399 2483 2685 2548 Τουτέστι,
2720 2482 2812 2554 Μὴ
2841 2484 2922 2546 είς
2954 2483 3055 2551 τὴν
3088 2485 3313 2554 προσδο·

1728 2567 1852 2622 κίαν
1881 2567 1979 2639 τὴν
2005 2569 2145 2638 ἐμὴν
2165 2570 2480 2640 ἀφορῶντες
2511 2570 2824 2637 καθεύδετε,
2841 2566 2952 2624 οἷον
2971 2573 3311 2643 προσδοκῶν-

1726 2672 1820 2716 τες
1845 2655 2019 2726 ἥξειν·
2047 2652 2186 2721 εἶτα,
2221 2657 2442 2711 ἐπειδὰν
2472 2657 2618 2728 ἴδητε
2653 2659 2726 2729 μὴ
2749 2659 3044 2729 ἐρχόμενον
3071 2661 3122 2725 ι),
3148 2661 3308 2716 ὲκλυρ

1730 2741 1884 2813 θῆτε.
1925 2743 2036 2797 Καὶ
2115 2743 2225 2815 γὰρ
2276 2745 2334 2811 ἐξ
2397 2745 2569 2815 ἀκοῆς
2625 2745 3016 2816 εὐφραίνεσθαι
3070 2745 3309 2818 δύναμαι

1726 2829 1951 2899 ὁμοίως.
1988 2831 2056 2883 Τί
2084 2831 2258 2896 ἐστιν,
2302 2831 2405 2885 Ἐν
2434 2831 2527 2884 ἐνὶ
2551 2831 2842 2898 πνεύματι
2867 2845 2887 2894 ;
2917 2831 3174 2886 Τουτέστι
3195 2873 3209 2894 .
3231 2832 3312 2904 τῷ

1726 2916 1874 2988 αὐτῷ
1931 2917 2230 2989 χαρίσματι
2261 2961 2276 2985 ,
2305 2918 2384 2989 τῷ
2413 2917 2516 2988 τῆς
2544 2917 2796 2988 ὁμονοίας
2822 2957 2840 2982 ,
2868 2916 2946 2988 τῷ
2969 2919 3068 2988 τῆς
3106 2919 3310 2989 προθυ-

1729 3003 1874 3073 μίας.
1923 3005 2020 3056 Ἐν
2067 3005 2176 3076 γάρ
2212 3006 2330 3058 ἐστι
2363 3003 2424 3057 τὺ
2449 3003 2705 3072 πνεῦμα,
2741 3003 2836 3057 καλ⁵
2863 3003 3100 3058 δείκνυσι
3127 3005 3308 3071 τοῦτο,

1725 3093 1786 3146 τὸ
1833 3092 2102 3165 πολλαχοῦ
2134 3093 2309 3158 οὕτως
2339 3093 2614 3164 εἰρῆσθαι.
2645 3091 2803 3146 Οὕτω
2833 3091 2944 3164 γὰρ
2979 3092 3096 3147 ἐστι
3122 3093 3218 3147 καὶ
3249 3096 3309 3150 ὲν

1727 3184 1827 3253 μιᾷ
1859 3177 2149 3254 ἑστηκέναι
2180 3184 2351 3254 ψυχῇ,
2375 3185 2506 3236 ὅταν
2539 3181 2843 3252 ἓνπνεῦμα
2865 3184 2914 3235 οί
2946 3182 3146 3246 πάντες
3174 3183 3310 3254 ἔχω⁴

1727 3286 1846 3338 μεν.
1899 3271 2029 3324 Ἰδοὺ
2059 3271 2142 3337 τὸ,
2177 3271 2318 3337 Μιᾷ,
2347 3271 2441 3324 ἐπὶ
2468 3271 2720 3339 ὁμονοίας
2754 3271 2998 3341 εἴρηται*
3037 3271 3144 3325 ἰδοὺ
3173 3272 3306 3325 πολ-

1723 3356 1814 3409 λαὶ
1867 3358 1965 3426 μία
2008 3359 2276 3427 λέγονται.
2335 3357 2522 3422 Οὕτως
2569 3354 2638 3429 ἦν
2694 3360 2755 3412 τὸ
2804 3359 3033 3413 παλαιόν
3064 3375 3076 3389 ·
3108 3355 3220 3415 Ἦν
3263 3358 3306 3429 ἠ

1723 3445 1938 3514 καρδία
2002 3447 2239 3512 πάντων,
2291 3447 2446 3518 φησὶ,
2497 3447 2596 3499 καὶ
2657 3448 2696 3515 ἠ
2750 3447 2922 3516 ψυχὴ
2961 3447 3091 3516 μία.
3159 3451 3305 3502 Συν-

1722 3533 2053 3600 αθλοῦντες
2072 3532 2146 3601 τῇ
2177 3534 2376 3587 πίστει
2397 3533 2500 3587 τοῦ
2521 3534 2912 3603 Εὐαγγελίου.
2932 3532 3000 3586 Ἀ
3010 3551 3077 3605 ρα
3099 3534 3174 3598 ὡς
3201 3533 3304 3605 τῆς

1724 3616 1960 3679 πίστεως
2018 3616 2308 3688 ἀθλούσης,
2340 3615 2745 3680 συναθλοῦντες,
2779 3617 2962 3687 φησὶν,
3005 3617 3256 3689 ἀλλήλοις
3283 3635 3301 3681 °,

1724 3705 1840 3768 πῶς
1872 3705 1939 3758 ἂν
1969 3705 2082 3774 ἔχοι
2112 3705 2267 3774 λόγον
2288 3721 2302 3770 ;
2325 3705 2398 3776 μὴ
2417 3704 2526 3775 γὰρ
2556 3705 2692 3776 πρὸς
2714 3705 2974 3776 ἀλλήλους
3011 3707 3302 3774 ὲπάλαιον;

1735 3792 1895 3845 Ἀλλὰ
1924 3793 1953 3845 ὃ
1972 3792 2145 3860 λέγει,
2177 3792 2333 3845 τοῦτό
2363 3794 2479 3844 ἐστι
2499 3809 2513 3823 ο
2544 3790 3119 3861 Συμπαραλαμόἀνετε
3139 3792 3304 3864 ἀλλή-

1721 3877 1864 3944 λους,
1895 3878 2081 3948 φησὶν,
2105 3879 2163 3931 ὲν
2191 3880 2257 3948 τῇ
2286 3877 2508 3948 ἀθλήσει
2535 3879 2600 3948 τῇ
2633 3877 2812 3930 πίστει
2830 3877 2924 3931 τοῦ
2944 3878 3297 3947 Εὕαγγελίου.

1721 3965 1830 4019 Καὶ
1855 3964 1942 4034 μὴ
1977 3966 2331 4034 πτυρόμενοι
2360 3965 2430 4018 ἐν
2467 3962 2683 4033 μηδενὶ
2739 3963 2858 4018 ὑπὸ
2889 3963 3008 4018 τῶν
3048 3965 3300 4020 ἀντικει-

1717 4050 1937 4121 μένων,
1973 4052 2106 4119 ἢτις
2128 4051 2303 4106 ἐστὶν
2329 4051 2532 4118 αὐτοῖς
2553 4051 2671 4120 μὲν
2701 4051 2958 4119 ἔνδειξις
2979 4053 3300 4120 ἀπωλείας,

1721 4139 1865 4207 ὑμῖν
1937 4139 2006 4192 δὲ
2059 4138 2380 4207 σωτηρίας.
2436 4140 2825 4208 Πτυρόμενοι,
2881 4139 3063 4203 καλῶς
3131 4136 3253 4193 εἷπε
3283 4158 3299 4176 ο

1721 4227 1948 4281 τοιαῦτα
1980 4225 2091 4298 γὰρ
2107 4225 2176 4279 τὰ
2204 4226 2358 4296 παρὰ
2387 4225 2496 4280 τῶν
2527 4227 2736 4296 ἐχθρῶν
2775 4244 2788 4258 ο
2825 4227 2984 4298 μόνον
3009 4227 3299 4298 πτύρεται.

1736 4316 1840 4369 Ἔν
1889 4314 2108 4384 μηδενί
2156 4311 2272 4379 οὖν,
2324 4317 2479 4385 φησὶ,
2515 4315 2666 4388 [225]
2702 4316 2807 4370 κᾶν
2833 4316 3010 4372 ὁτιοῦν
3054 4316 3301 4387 γένηται,

1724 4402 1831 4457 κᾶν
1856 4403 2111 4468 κίνδυνοι,
2151 4404 2257 4458 κᾶν
2302 4403 2587 4457 ἐπιϐουλαί
2610 4420 2625 4436 ’
2657 4404 2814 4457 τοῦτο
2848 4404 2957 4476 γάρ
3013 4405 3128 4458 ἐστι
3191 4405 3302 4459 τῶν

1722 4489 1900 4560 ὀρθῶς
1959 4489 2230 4544 ἑστώτων.
2283 4492 2510 4544 Ἐκεῖνοι
2533 4490 2640 4561 γὰρ
2668 4490 2820 4544 οὐδὲν
2850 4490 3125 4556 δύνανται,
3153 4491 3296 4545 ἀλλά

1725 4577 1930 4649 πτῦραι
1957 4578 2136 4649 μόνον.
2184 4576 2400 4648 Ἐπειδὴ
2431 4577 2578 4640 εἰκὸς
2608 4572 2676 4647 ἦν
2705 4577 3049 4647 θορυὸεἰσθαι
3080 4579 3300 4646 αὐτοὺς,

1726 4665 1822 4720 ἆτε
1850 4665 1944 4719 τοῦ
1980 4664 2190 4719 Παύλου
2235 4665 2405 4736 μυρία
2421 4666 2744 4734 πάσχοντος,
2779 4665 2851 4717 Ού
2897 4663 3039 4733 λέγω
3063 4703 3078 4730 ,
3113 4666 3302 4735 φησὶν,

1726 4754 1807 4807 ὅτι
1839 4753 1932 4824 Μὴ
1959 4752 2248 4807 σαλεύεσθε
2265 4793 2280 4818 ,
2307 4751 2441 4805 ἀλλά
2460 4751 2550 4821 Μὴ
2575 4749 2866 4820 πτύρεσθε,
2895 4749 3030 4803 ἀλλά
3049 4752 3142 4804 καὶ
3170 4751 3301 4821 σφό-

1725 4841 1826 4913 δρα
1879 4840 2057 4895 αύτῶν
2111 4841 2516 4911 καταφρονεῖτε.
2551 4839 2648 4890 “Av
2697 4837 2847 4909 γάρο
2884 4837 3026 4891 οὕτω
3079 4838 3300 4910 διακέη-

1730 4929 1844 4996 σθε,
1877 4927 2128 4982 ἐντεῦθεν
2158 4928 2260 4999 ἤδη
2297 4928 2390 4980 καὶ
2418 4928 2517 4996 τὴν
2545 4925 2724 4980 αὐτῶν
2754 4924 3050 4993 ἀπώλειαν,
3081 4928 3175 4980 καὶ
3201 4927 3302 4999 τὴν

1729 5018 2006 5089 ὑμετέραν
2047 5014 2319 5086 σωτηρίαν
2339 5014 2506 5086 δήλην
2535 5014 2815 5086 ποιήσετε.
2842 5013 3007 5067 Ὅταν
3043 5014 3150 5085 γὰρ
3180 5014 3300 5067 ίδω-

1728 5123 1834 5171 σιν,
1889 5106 1970 5159 ὃτι
2006 5105 2176 5176 μυρία
2223 5103 2594 5174 τεχνάζονται,
2642 5103 2734 5156 καὶ
2761 5102 2880 5155 οὐδὲ
2913 5102 3113 5172 πτῦραι
3153 5103 3297 5171 ὑμᾶς

1725 5197 2000 5260 δύνανται,
2040 5195 2314 5265 τεκμήρια
2340 5193 2600 5264 λήψονται
2632 5193 2731 5262 τῆς
2770 5191 2975 5245 ἑαυτῶν
2999 5191 3293 5254 ἀπωλείας.

1729 5285 1898 5338 Ὅταν
1947 5283 2057 5354 γὰρ
2091 5283 2140 5334 οἰ
2173 5281 2457 5343 διώκοντες
2507 5279 2616 5333 τῶν
2657 5277 3004 5348 διωκομένων
3036 5278 3111 5350 μὴ
3144 5294 3299 5347 περι-

1725 5376 1989 5444 γένωνται
2019 5412 2034 5438 ,
2069 5374 2118 5425 οἱ
2149 5369 2593 5434 ἐπιϐουλεύοντες
2624 5369 2733 5423 τῶν
2776 5366 3295 5437 ἐπιϐουλευομένων,

1787 5619 1816 5659 ι)
1839 5613 2163 5668 Coisliuianus
2179 5627 2298 5664 vero
2321 5611 2440 5679 lggit
2467 5612 2607 5679 ﬁajn-ré
2632 5628 2690 5672 με
2711 5609 2978 5679 ἐρχόμενον,
3001 5613 3056 5679 ει
3075 5607 3198 5679 hanc
3221 5607 3298 5655 le-

1725 5684 1942 5729 ctionem
2001 5684 2202 5726 secutus
2227 5683 2305 5726 est
2328 5671 2595 5726 l’l'aminius
2621 5671 2641 5722 :’
2677 5671 2810 5736 prior
2844 5677 3008 5718 tamen
3041 5671 3190 5717 lecuo
3215 5682 3298 5717 sc-

1727 5740 1816 5790 riei
1845 5736 2486 5807 gcgommodptioyvid_e1u_r.
2565 5798 2608 5807 η
2983 5792 2998 5807 I
3264 5791 3274 5804 '

1791 5807 1812 5835 ⁶
1836 5799 2054 5864 Coisiiu.,
2081 5802 2144 5863 μὴ
2165 5801 2410 5864 πτύρεσθε,
2431 5800 2458 5847 ὃ
2490 5798 2671 5861 σφόδρα
2709 5798 3124 5857 καταφρονούντων
3175 5798 3296 5841 εστέ“

1736 5883 1790 5915 αν
1812 5880 1917 5927 γαρ.
