3974 6528
118 424 226 479 209

119 546 321 594 vexant
351 538 665 610 superiores
706 551 815 594 non
840 535 1076 593 evadunt
1098 577 1113 601 ,
1146 551 1251 592 non
1282 533 1626 592 insidiatores
1650 532 1716 588 iis

120 647 256 700 quos
284 632 339 685 in
374 639 643 700 potestate
667 631 865 686 habent
890 648 904 686 :
937 643 1116 684 nonne
1141 643 1209 685 ex
1236 630 1337 684 hoc
1363 629 1481 698 ipso
1507 625 1720 697 perspi-

120 738 216 777 cue
245 722 600 791 intelligent,
643 737 703 777 se
735 721 802 776 ad
835 722 1110 777 interitum
1152 734 1334 784 ruere,
1365 719 1496 774 nihil
1519 733 1680 790 posse
1701 757 1719 783 ,

120 829 212 869 sua
239 828 370 869 esse
412 814 543 868 falsa
575 822 629 867 et
657 814 867 869 inlirma
891 813 913 867 't
943 811 1012 866 Et
1039 813 1133 866 hoc
1158 829 1191 866 a
1217 810 1349 877 Deo,
1380 812 1555 881 inquit
1578 829 1594 865 :
1622 809 1714 864 29.

121 907 238 975 ιριὶα
267 906 419 960 vobis
453 906 704 960 donatum
749 915 823 960 est
856 922 947 974 pro
983 904 1184 958 Christo
1207 945 1224 968 ,
1265 920 1366 958 non
1392 904 1558 958 solum
1584 903 1718 956 utin

122 1018 233 1052 cum
271 1000 503 1054 credatis
526 1040 544 1067 ,
583 1000 672 1054 sed
702 1000 852 1052 etiam
875 1009 930 1052 ut
955 1016 1048 1069 pro
1074 996 1164 1052 illo
1192 998 1482 1066 patiamini.
1513 997 1718 1052 Rursus

123 1093 241 1147 illos
286 1093 610 1162 componit,
657 1103 716 1146 ut
747 1091 817 1146 de
861 1106 920 1145 se
967 1090 1211 1146 modeste
1241 1089 1515 1151 sentiant,
1547 1097 1716 1142 totum

125 1184 233 1237 Deo
263 1182 592 1240 adscribens
616 1224 632 1248 ,
662 1192 717 1238 et
761 1181 987 1252 gratiam
1021 1191 1076 1235 et
1111 1181 1379 1235 charisma
1424 1187 1479 1234 et
1519 1178 1718 1233 donum

125 1290 242 1330 esse
274 1274 474 1331 dicens
515 1275 621 1345 pati
645 1289 759 1345 ,pro
787 1272 1027 1328 Christo.
1075 1272 1259 1342 Itaque
1297 1287 1366 1327 ne
1401 1286 1495 1326 vos
1524 1271 1719 1340 pudeat

123 1367 186 1420 de
213 1364 596 1422 charismate:
626 1375 708 1420 est
737 1366 882 1420 enim
924 1365 1083 1434 longe
1117 1363 1481 1418 admirabilius
1501 1401 1518 1428 ,
1559 1378 1715 1432 quam

122 1467 371 1512 mortuos
401 1456 472 1512 ad
501 1457 660 1512 vitam
689 1470 948 1510 revocare
977 1495 992 1521 ,
1031 1470 1093 1508 ac
1120 1464 1312 1511 cetera
1347 1455 1600 1510 miracula
1631 1451 1714 1507 fa-

122 1563 264 1602 cere.
305 1546 452 1602 Nam
497 1546 568 1602 ibi
616 1546 835 1615 quidem
881 1560 981 1616 ego
1025 1559 1140 1598 sum
1173 1544 1420 1609 debitor;
1472 1543 1559 1599 hic
1584 1557 1716 1599 vero

123 1638 434 1694 debitorem
470 1637 640 1692 habeo
665 1636 957 1691 Christum.
992 1635 1169 1701 Quare
1202 1643 1407 1689 tantum
1434 1636 1626 1700 abest,
1657 1642 1716 1689 ut

128 1727 304 1798 probri
338 1730 464 1784 loco
494 1729 545 1783 id
574 1728 878 1783 habendum
909 1728 1013 1792 sit,
1049 1737 1110 1780 ut
1138 1728 1312 1796 potius
1340 1728 1411 1781 sit
1435 1727 1714 1782 exsultan-

121 1823 242 1874 dum
269 1836 338 1875 ac
375 1821 737 1892 gaudendum,
764 1822 963 1892 quippe
984 1820 1072 1889 qui
1100 1820 1366 1876 charisma
1397 1819 1710 1875 habeamus.

123 1911 366 1968 Virtutes
395 1921 550 1967 vocat
570 1912 894 1967 charisonata
920 1924 975 1966 et
1000 1912 1160 1977 dona,
1190 1928 1298 1965 non
1324 1921 1498 1968 tamen
1522 1911 1712 1967 eodem

123 2006 300 2071 modo,
331 2015 499 2075 atque
524 2006 625 2060 alia
652 2022 665 2058 :
697 2006 786 2059 illa
815 2006 958 2059 enim
989 2014 1098 2060 tota
1128 2005 1220 2058 Dei
1246 2014 1404 2069 sunt;
1439 2005 1552 2058 hsce
1583 2019 1713 2059 vero

120 2096 277 2152 etiam
329 2107 542 2154 nOstra.
569 2095 952 2152 Verumtamen
997 2096 1248 2166 quoniam
1277 2105 1330 2150 et
1351 2097 1437 2151 hic
1461 2096 1630 2166 major
1650 2111 1713 2152 ac

122 2190 293 2256 potior
323 2203 453 2260 pars
495 2188 588 2245 Dei
615 2198 735 2255 est,
761 2198 1041 2259 prepterea
1077 2197 1245 2243 totum
1278 2189 1446 2257 ipsius
1472 2203 1592 2243 esse
1625 2190 1710 2242 in-

120 2280 230 2349 quit
250 2321 267 2346 ,
300 2294 412 2336 non
440 2279 736 2336 voluntatis
767 2280 1070 2336 libertatem
1097 2289 1351 2334 evertens
1373 2320 1389 2345 ,
1426 2279 1520 2334 sed
1566 2281 1710 2349 ipsos

121 2387 388 2442 apparans
416 2381 478 2426 ut
512 2371 774 2426 moderati
815 2381 868 2426 et
910 2372 1045 2442 grati
1084 2372 1211 2426 sint.
1239 2371 1328 2427 50.
1374 2369 1521 2425 Idem
1548 2381 1711 2426 certa-

122 2482 228 2518 men
257 2464 525 2530 habentes,
556 2465 707 2534 quale
737 2464 930 2519 vidistis
958 2465 1013 2519 in
1039 2481 1136 2518 me.
1173 2464 1228 2518 Id
1255 2474 1360 2530 est,
1395 2464 1707 2534 Exemplum

121 2557 276 2609 etiam
307 2555 543 2611 habetis.
571 2555 778 2611 Rursus
801 2555 905 2611 hoc
935 2556 1053 2612 loco
1075 2556 1218 2626 ipsos
1245 2556 1475 2612 extollit.
1501 2555 1708 2626 Ubique

121 2649 260 2703 enim
302 2663 405 2705 eos
447 2648 685 2704 ostendit
738 2649 790 2703 in
852 2648 1044 2705 iisdem
1099 2664 1279 2704 secum
1321 2650 1708 2705 certaminibus

120 2742 340 2805 versari,
367 2740 588 2796 eosdem
618 2742 849 2810 impetus
872 2743 1034 2807 ferre,
1063 2741 1311 2808 privatim
1333 2742 1518 2808 etiam,
1546 2752 1708 2812 atque

119 2833 252 2903 apud
288 2832 548 2904 seipsos:
577 2848 643 2890 eo
681 2833 824 2903 quod
868 2832 1087 2888 easdem
1125 2844 1285 2903 atque
1329 2833 1444 2903 ipse
1477 2835 1708 2889 tolerent

121 2924 466 2980 tentationes.
495 2923 611 2980 Non
640 2924 796 2988 dixit,
839 2923 1079 2980 Audistis
1100 2967 1114 2990 ,
1147 2925 1264 2990 sed,
1306 2923 1550 2980 Vidistis:
1581 2941 1705 2980 natu

118 3023 168 3067 et
195 3015 342 3081 illic,
385 3014 438 3071 id
467 3025 550 3070 est
593 3015 648 3070 in
696 3016 1121 3087 l’hilippensium
1169 3016 1301 3072 urbe
1328 3057 1343 3081 ,
1375 3026 1701 3074 certaverat.

122 3104 225 3159 lloc
270 3105 436 3176 igitur
477 3123 684 3178 magna:
728 3109 940 3164 virtutis
985 3117 1088 3163 est.
1132 3107 1494 3175 Quamobrem
1537 3118 1591 3164 et
1638 3109 1704 3164 ad

118 3196 333 3252 Galatas
357 3198 602 3254 scribens
624 3200 839 3254 dicebat
863 3218 876 3254 :
905 3199 1069 3254 Tanta
1089 3201 1228 3270 passi
1256 3202 1376 3254 estis
1395 3203 1502 3254 sine
1525 3217 1702 3266 causa,

118 3289 159 3342 si
187 3299 357 3343 tamen
397 3291 508 3344 sine
541 3307 697 3344 causa
737 3291 882 3361 (Gal.
914 3292 970 3346 3.
1001 3290 1097 3362 4);
1131 3302 1188 3346 et
1231 3292 1471 3347 llebrtcis
1517 3307 1705 3347 rursus

118 3378 358 3434 scribens
384 3379 620 3443 dicebat,
651 3380 1083 3436 Rementoramini
1109 3394 1274 3437 autem
1305 3384 1547 3452 pristinos
1574 3385 1702 3450 dies,

118 3469 166 3522 in
184 3471 370 3540 quibus
397 3471 674 3525 illuminati
703 3489 944 3544 magnum
971 3484 1221 3528 certamen
1245 3475 1556 3528 sustinuistis
1585 3491 1704 3544 pas-

118 3564 311 3617 sionum
332 3605 348 3629 ,
379 3574 426 3619 et
462 3566 513 3619 in
548 3569 708 3619 altera
733 3568 938 3636 quidem
973 3567 1260 3636 approbriis
1290 3577 1336 3621 et
1364 3568 1706 3621 tribulationi-

118 3654 202 3711 bus
229 3660 582 3726 spectaculum
627 3660 791 3730 facti,
843 3661 898 3713 in
942 3661 1102 3714 altera
1149 3671 1317 3714 autent
1362 3662 1489 3715 socii
1532 3661 1702 3715 taliter

119 3750 520 3803 conversantium
557 3750 720 3818 effecti
747 3751 950 3821 (Hebr.
979 3752 1070 3807 10.
1111 3753 1200 3806 32.
1225 3752 1357 3824 55).
1404 3753 1474 3808 Ει
1514 3768 1703 3808 rursus

121 3840 501 3897 Macedonibus
527 3885 546 3910 ,
588 3844 638 3899 id
687 3855 771 3898 est
797 3885 810 3906 ,
840 3845 1414 3902 Thessalonicensibus
1460 3848 1703 3904 scribens

119 3932 345 4000 dicebat,
381 3934 496 4004 Ipsi
518 3938 650 3990 enim
681 3938 742 3991 de
770 3938 913 3992 nobis
943 3941 1267 4007 annuntiant,
1296 3940 1496 4011 qualem
1525 3942 1703 3996 introi-

121 4034 216 4078 tum
244 4027 574 4083 habuerimus
599 4029 667 4084 ad
695 4045 782 4084 vos
804 4044 824 4094 ;
849 4041 904 4086 et
929 4047 1138 4096 rursus,
1174 4031 1313 4085 Nam
1338 4042 1385 4088 et
1413 4034 1514 4104 ipsi
1539 4035 1698 4102 scitis,

120 4119 331 4186 fratres,
361 4120 627 4176 introitum
649 4133 878 4177 nostrum
900 4124 970 4177 ad
998 4142 1104 4190 vos,
1136 4129 1256 4196 quia
1286 4143 1385 4181 non
1413 4129 1579 4183 inanis
1606 4130 1702 4197 fuit

119 4207 190 4274 (l.
217 4207 401 4265 Thess.
439 4212 489 4266 1.
514 4213 568 4268 9.
598 4222 645 4267 et
683 4213 737 4268 2.
768 4214 847 4285 1).
878 4213 1214 4287 Omninoque
1241 4217 1309 4272 de
1335 4220 1584 4275 omnibus
1617 4221 1701 4275 id-

121 4298 288 4367 ipsum
329 4302 583 4360 similiter
628 4312 895 4373 testatur,
937 4308 1228 4362 certamina
1272 4317 1329 4364 et
1372 4325 1598 4382 pugnas.
1635 4312 1703 4366 At

121 4390 335 4447 minime
371 4393 477 4449 hoc
509 4410 652 4451 nunc
692 4397 831 4468 apud
881 4413 981 4454 nos
1012 4399 1314 4455 invenietur
1343 4419 1357 4452 :
1390 4416 1532 4456 nunc
1555 4401 1699 4456 enim

121 4482 243 4536 satis
267 4482 406 4538 bene
449 4487 625 4555 agitur
649 4526 664 4552 ,
711 4489 755 4543 si
788 4489 907 4558 quis
937 4491 1022 4544 vel
1065 4489 1119 4544 in
1151 4491 1392 4562 pecuniis
1426 4492 1699 4562 quidpiam

121 4571 421 4628 detrimenti
450 4574 602 4632 ierat.
630 4578 704 4633 Ac
726 4594 856 4635 sane
879 4580 931 4634 in
964 4582 1206 4652 pecuniis
1233 4597 1444 4654 quoque
1471 4582 1699 4652 praecla-

122 4677 231 4718 rum
266 4663 334 4719 de
363 4665 472 4723 illis
503 4670 868 4725 testimonium
907 4671 998 4728 dat
1047 4673 1243 4728 Paulus
1271 4690 1288 4728 :
1322 4689 1445 4729 nam
1471 4674 1541 4730 de
1581 4675 1701 4732 aliis

120 4755 326 4829 quidem
375 4759 451 4814 ita
493 4760 661 4830 dicit,
695 4761 951 4833 Rapinam
995 4765 1241 4821 bonorum
1270 4777 1549 4821 vestrorum
1589 4784 1704 4822 cum

121 4848 298 4915 gaudio
323 4852 618 4923 suscepistis
651 4853 836 4925 (Hebr.
868 4855 956 4911 10.
985 4857 1077 4929 54)
1103 4874 1118 4923 ;
1145 4858 1212 4914 de
1237 4859 1359 4915 aliis
1382 4875 1534 4926 vero,
1565 4859 1700 4914 Pro-

123 4936 354 4994 baverunt
384 4941 695 5000 Macedonia
717 4956 765 5002 et
792 4948 988 5002 Achaia
1009 4950 1332 5006 collationem
1369 4953 1592 5024 aliquam
1619 4955 1702 5022 [a-

123 5045 223 5086 cere
250 5033 303 5087 in
342 5052 596 5108 pauperes
635 5039 815 5108 (Rom.
845 5043 935 5099 15.
963 5043 1096 5115 26);
1142 5057 1197 5102 et
1234 5046 1428 5101 iterum
1455 5087 1472 5113 ,
1526 5045 1703 5102 Vestra

125 5123 364 5180 antulatio
399 5132 692 5197 provocavit
721 5133 967 5204 plurimos
995 5136 1072 5208 (2.
1104 5136 1224 5194 Cor.
1255 5139 1307 5195 9.
1336 5139 1416 5212 2).

186 5215 239 5270 ι.
282 5216 448 5278 Vides
499 5222 642 5280 illius
686 5229 944 5298 temporis
981 5231 1217 5287 virorum
1263 5235 1548 5290 encomia?
1590 5234 1699 5291 Nos

125 5320 242 5363 vero
268 5328 332 5366 ne
357 5313 424 5368 ad
450 5316 634 5387 alapas
663 5320 880 5388 quidem
906 5331 958 5378 et
988 5324 1170 5395 plagas
1197 5341 1366 5398 usque
1386 5329 1699 5397 sapientiam

126 5405 467 5476 adhibemus;
499 5412 606 5466 imo
627 5426 733 5467 non
757 5417 1160 5487 contumeliam,
1195 5435 1302 5474 non
1348 5421 1697 5491 pecuniarum

125 5494 369 5563 iacturam
412 5499 656 5558 ferimus.
684 5505 764 5560 illi
797 5506 908 5575 jam
933 5523 1123 5565 omnes
1147 5512 1489 5568 aemulatores
1511 5524 1664 5568 erant
1682 5556 1698 5581 ,

127 5600 175 5640 et
200 5602 458 5662 martyres
488 5593 544 5649 in
579 5607 854 5652 certamen
884 5598 1310 5665 descendentes;
1340 5618 1438 5659 nos
1461 5620 1590 5660 vero
1609 5621 1704 5661 ca-

131 5681 326 5737 ritatem
366 5685 424 5739 in
471 5682 744 5744 Christum
793 5690 1247 5762 relrigeravimus.
1290 5694 1499 5751 Rursus
1539 5711 1703 5767 cogor

131 5786 435 5840 prementem
465 5793 647 5834 rerum
680 5790 880 5837 statum
909 5799 1188 5840 accusare.
1220 5787 1286 5841 Et
1308 5787 1432 5858 quid
1466 5787 1703 5844 faciam?

129 5864 310 5923 nollem
335 5871 577 5942 quidem,
603 5872 699 5930 sed
739 5875 895 5945 plane
915 5890 1100 5947 cogor.
1128 5877 1258 5934 Nam
1284 5879 1328 5936 si
1356 5880 1471 5937 ﬁeri
1494 5892 1698 5955 posset,

1039 417 1105 479 IN
1143 420 1356 480 EPIST.
1396 420 1487 476 AD
1527 416 1814 474 PillLlPP.
1853 411 2008 476 CAP.
2049 417 2090 474 l.
2132 419 2364 479 ﬂOMlL.
2404 423 2492 480 ιν.

3309 435 3418 492 210

1829 541 1888 586 ιιι
1917 533 2142 590 tacendo
2165 575 2183 600 ,
2215 551 2315 593 nec
2340 538 2630 609 quidquam
2664 556 2732 598 ex
2763 541 2829 598 iis
2859 559 2978 614 qua
3002 552 3152 615 gesta
3191 546 3419 605 fuissent

1830 627 2330 694 commemorando,
2374 629 2588 686 silentio
2628 633 2746 699 ipso
2775 676 2793 699 ,
2833 649 2898 690 ea
2933 650 3056 706 qua:
3098 649 3360 706 geruntur
3385 657 3416 695 e

1830 715 2007 770 medio
2043 717 2392 786 tollerentur,
2428 724 2707 779 tacendum
2752 737 2898 784 certe
2923 738 3039 784 erat
3069 747 3082 784 :
3111 730 3194 784 sin
3233 741 3412 788 autem

1827 816 2015 861 contra
2048 807 2122 872 lit,
2157 819 2210 861 et
2240 810 2397 865 nobis
2425 813 2723 869 tacentibus
2751 832 2854 870 non
2887 818 3049 872 modo
3075 834 3184 874 n0n
3218 823 3414 875 tollun—

1831 905 1937 964 tur,
1971 898 2065 952 sed
2104 902 2347 969 graviora
2374 904 2536 958 etiam
2567 902 2700 957 tium
2723 945 2739 971 ,
2778 906 3064 964 dicendum
3108 914 3413 965 necessario

1827 998 1930 1044 est.
1961 989 2095 1045 Nam
2121 993 2208 1061 qui
2239 1003 2451 1062 peccata
2485 1005 2720 1059 accusat,
2756 1007 2813 1050 nt
2840 999 2972 1052 nihil
3000 1000 3141 1054 aliud
3172 1013 3409 1070 praestet,

1828 1091 1973 1136 certe
2003 1082 2214 1153 loogius
2240 1085 2328 1141 ille
2367 1087 2612 1156 progredi
2645 1103 2754 1142 non
2796 1089 2944 1144 sinit.
2977 1090 3129 1144 Nulla
3161 1094 3303 1146 enim
3330 1105 3428 1147 est

1829 1181 1935 1227 tam
1981 1174 2262 1242 impudens
2292 1177 2466 1230 anima
2499 1193 2562 1231 ac
2592 1178 2874 1233 temeraria
2903 1221 2919 1245 ,
2951 1196 3068 1250 qua:
3114 1182 3160 1236 si
3198 1184 3411 1240 assidue

1825 1279 1885 1321 se
1915 1265 2234 1335 reprehendi
2264 1269 2481 1333 audiat,
2514 1285 2616 1322 non
2649 1270 2986 1325 suffundatur
3021 1273 3224 1340 pudore
3247 1316 3262 1340 ,
3304 1291 3408 1328 non

1825 1357 2064 1412 remittat
2109 1359 2311 1430 aliquid
2356 1359 2423 1414 de
2469 1375 2675 1415 summa
2723 1363 2808 1416 illa
2856 1362 3218 1432 improbitate.
3269 1365 3411 1421 inest

1824 1449 2006 1516 enim,
2050 1449 2191 1506 inest
2229 1451 2390 1506 etiam
2438 1452 2489 1506 in
2539 1453 2940 1522 impudentibus
2979 1455 3248 1524 paululum
3281 1459 3408 1527 quid
3484 1440 3487 1442 ’

1823 1542 2161 1597 verecundiae
2189 1559 2202 1598 :
2231 1553 2433 1598 naturze
2455 1545 2598 1599 enim
2626 1556 2820 1600 nostrae
2846 1547 2985 1600 Deus
3007 1548 3122 1616 ipse
3150 1549 3406 1618 pudorem

1822 1632 2036 1689 insevit.
2085 1634 2295 1690 Etenim
2336 1635 2551 1704 quando
2599 1653 2704 1691 non
2744 1639 2873 1691 satis
2903 1648 3108 1706 poterat
3142 1641 3300 1694 timor
3338 1640 3408 1694 ad

1822 1741 1921 1781 nos
1949 1728 2370 1796 componendos,
2404 1729 2601 1783 multas
2638 1730 2771 1784 alias
2803 1746 2905 1784 non
2940 1733 3211 1801 peccando
3240 1738 3408 1788 ratio-

1821 1832 1918 1873 nes
1944 1819 2220 1888 apparavit
2253 1837 2267 1873 :
2295 1831 2353 1874 ut
2383 1821 2828 1890 reprehensiones
2859 1823 3168 1888 hominum,
3203 1836 3406 1881 metum

1821 1909 2174 1965 humanarum
2225 1911 2423 1981 legum,
2473 1927 2711 1967 amorem
2757 1913 2942 1984 gloriae
2972 1956 2988 1980 ,
3043 1916 3404 1972 amicitiarum

1819 2001 2079 2057 studium.
2108 2003 2298 2058 Omnia
2327 2006 2468 2059 enim
2502 2004 2618 2060 haec
2646 2020 2712 2061 eo
2738 2021 2838 2060 nos
2865 2006 3155 2071 adducunt,
3189 2019 3248 2063 ut
3276 2025 3404 2078 pec-

1816 2094 2044 2150 candum
2073 2110 2180 2151 non
2202 2104 2463 2164 putemus.
2492 2097 2648 2167 Saepe
2670 2098 2814 2152 enim
2843 2115 2962 2168 quae
2987 2108 3202 2169 prepter
3232 2102 3396 2156 Deum

1816 2185 2038 2242 minime
2069 2187 2288 2252 ﬁebant,
2321 2199 2545 2258 prepter
2569 2188 2825 2258 pudorem
2859 2199 2984 2244 sunt
3009 2190 3182 2256 facta;
3209 2201 3260 2246 et
3282 2209 3402 2262 qua:

1817 2277 1911 2333 Dei
1937 2291 2119 2343 causa,
2152 2287 2211 2333 ut
2237 2279 2462 2334 velimus
2493 2293 2597 2335 non
2623 2279 2964 2346 adducimur,
2991 2296 3052 2335 ea
3084 2283 3274 2338 timore
3305 2283 3405 2338 ho-

1815 2359 2019 2424 minum
2047 2370 2391 2438 suscipimus.
2421 2369 2572 2438 Quod
2599 2373 2741 2426 enim
2773 2373 2991 2440 petitur,
3021 2372 3123 2428 hoc
3142 2383 3225 2426 est
3248 2415 3261 2437 ,
3292 2375 3403 2443 pri-

1816 2479 1961 2518 mum
1987 2504 2002 2527 ,
2032 2473 2090 2518 ut
2111 2464 2382 2519 discamus
2409 2480 2519 2519 non
2562 2479 2830 2534 peccare;
2863 2465 3058 2520 deinde
3103 2481 3230 2521 vero
3271 2468 3401 2522 illud

1813 2554 1996 2619 etiam,
2031 2562 2089 2608 ut
2111 2553 2203 2608 Dei
2232 2569 2390 2609 causa
2419 2556 2521 2610 hoc
2550 2570 2792 2625 agamus,
2818 2570 3229 2626 consequemur.
3253 2560 3405 2613 Alio~

1813 2647 1902 2715 qui
1945 2647 2074 2715 quid
2104 2660 2282 2700 causa:
2326 2645 2551 2711 fuisset,
2577 2661 2674 2702 cur
2703 2647 2902 2702 Paulus
2928 2663 3020 2702 eos
3041 2688 3057 2714 ,
3089 2651 3282 2718 quibus
3306 2667 3398 2704 su-

1814 2738 2033 2808 perandi
2055 2738 2350 2793 adversarii
2379 2753 2473 2808 per
2496 2739 2806 2808 patientiam
2824 2748 2998 2803 erant,
3023 2755 3128 2796 non
3151 2756 3180 2794 a
3209 2741 3399 2797 timore

1814 2830 1915 2885 Dei
1941 2830 2255 2884 cohortatur
2278 2872 2294 2897 ,
2342 2831 2438 2886 sed
2478 2830 2624 2893 inde,
2652 2831 2793 2901 quod
2838 2832 3161 2903 supplicium
3191 2834 3259 2888 de
3295 2836 3399 2887 illis

1811 2921 2079 2990 sumpturi
2106 2922 2332 2977 essent?
2366 2920 2480 2975 Hoc
2509 2923 2640 2975 enim
2665 2923 2860 2993 faciens
2882 2963 2899 2986 ,
2930 2923 3131 2992 inquit,
3161 2925 3399 2978 carbones

1811 3014 1943 3083 ignis
1969 3029 2208 3085 congeres
2233 3029 2386 3084 super
2411 3023 2562 3081 caput
2589 3013 2697 3084 ejus
2728 3013 2902 3082 (Rom.
2932 3014 3020 3068 i2.
3050 3014 3164 3080 20).
3191 3015 3396 3070 interea

1812 3106 1958 3160 enim
2011 3106 2148 3159 hanc
2191 3106 2625 3175 progressionem
2688 3105 2800 3160 ﬁeri
2849 3104 2963 3159 vult
3005 3106 3070 3159 ad
3123 3106 3394 3160 virtutem.

1812 3197 1954 3253 Inest
1982 3197 2177 3266 igitur,
2205 3198 2348 3268 quod
2373 3207 2528 3253 antea
2571 3199 2815 3254 dicebam
2844 3239 2858 3262 ,
2907 3199 2959 3252 in
3013 3199 3168 3254 nobis
3211 3200 3394 3255 nescio

1810 3290 1938 3361 quid
1962 3291 2254 3346 verecundi
2283 3330 2300 3357 ,
2335 3291 2608 3361 multaque
2647 3291 2911 3346 naturalia
2958 3291 3216 3348 habemus
3256 3294 3396 3350 bona

1809 3382 1878 3437 ad
1910 3384 2159 3438 virtutem
2190 3400 2204 3436 :
2237 3383 2470 3452 exempli
2502 3398 2693 3448 causa,
2728 3383 2795 3438 ad
2824 3384 3246 3440 misericordiam
3272 3401 3394 3442 om—

1810 3488 1907 3527 nes
1935 3487 1966 3526 a
2009 3483 2196 3528 natura
2226 3488 2544 3538 moremur,
2578 3488 2678 3530 nec
2706 3473 2997 3544 quidquam
3034 3477 3176 3531 aliud
3209 3478 3261 3532 in
3295 3494 3394 3531 na-

1811 3573 1927 3619 tura
1959 3576 2141 3620 nostra
2172 3579 2324 3634 reque
2353 3566 2551 3620 bonum
2589 3575 2671 3620 est
2694 3575 2854 3636 atque
2881 3566 3005 3623 hoc.
3031 3566 3393 3636 Quamobrem

1809 3659 2003 3714 merito
2032 3659 2194 3714 etiam
2221 3659 2482 3728 quispiam
2503 3659 2796 3728 qumsierit,
2827 3673 2986 3727 quam
3007 3660 3078 3715 ob
3101 3675 3316 3717 causam
3337 3661 3396 3717 id

1810 3752 2144 3822 potissimum
2178 3760 2374 3806 nostra:
2397 3760 2602 3805 natura:
2631 3752 2700 3806 sit
2729 3751 2967 3818 insitum,
3002 3760 3062 3806 ut
3085 3751 3396 3823 frangantur

1808 3847 2100 3919 lacrymis,
2129 3845 2408 3901 ﬂectamur
2453 3853 2510 3900 et
2551 3844 2620 3899 ad
2667 3843 3092 3900 misericordiam
3140 3847 3397 3916 propensi

1808 3941 1999 3996 simus.
2031 3939 2201 3994 Nemo
2241 3947 2432 3993 natura
2473 3946 2723 3993 strenuus
2747 3948 2868 4001 est,
2912 3953 3072 3993 nemo
3110 3947 3300 3994 natura
3328 3939 3398 3994 ab

1808 4033 1982 4088 inanis
2011 4033 2196 4100 gloria:
2221 4030 2514 4099 cupiditate
2537 4029 2708 4095 liber,
2740 4044 2900 4085 nemo
2927 4038 3116 4086 natura
3145 4032 3395 4101 superior

1807 4126 2152 4181 aemulatione
2185 4143 2198 4178 :
2226 4123 2321 4179 sed
2350 4123 2592 4178 misereri
2623 4123 2872 4177 omnibus
2897 4137 2928 4176 a
2955 4133 3143 4177 natura
3171 4123 3396 4179 inditum

1808 4227 1912 4283 est,
1936 4217 2280 4288 quantumvis
2307 4215 2542 4271 crudelis
2568 4215 2635 4270 sit
2680 4215 2800 4284 quis
2837 4225 2894 4269 et
2937 4229 3131 4270 saevus.
3164 4215 3230 4270 Et
3268 4215 3397 4286 quid

1809 4309 2026 4374 mirum,
2058 4308 2102 4362 si
2141 4321 2266 4377 erga
2307 4305 2556 4360 homines
2587 4307 2723 4359 hanc
2766 4305 3179 4373 propensionem
3207 4313 3396 4358 osten-

1809 4399 2042 4456 damus?
2072 4399 2303 4455 ferarum
2325 4398 2486 4453 etiam
2512 4397 2868 4450 miseremur:
2895 4395 3031 4449 adeo
3055 4396 3208 4449 nobis
3231 4396 3395 4450 indita

1809 4500 1894 4548 est
1937 4489 2326 4546 misericordia.
2375 4488 2473 4543 Vel
2525 4487 2694 4543 leonis
2741 4487 2976 4541 catulum
3031 4485 3396 4555 aSpicientes,

1809 4581 2054 4639 nonnihil
2081 4595 2484 4636 commovemur
2516 4595 2531 4632 :
2565 4585 2766 4648 quanto
2793 4577 2957 4648 igitur
2979 4577 3149 4648 magis
3169 4593 3294 4648 erga
3318 4578 3393 4646 id,

1807 4678 1949 4750 quod
1973 4675 2213 4746 ejusdem
2246 4674 2522 4729 nobiscum
2549 4673 2762 4743 generis
2791 4672 2920 4726 est?
2945 4673 3076 4728 Hem
3108 4683 3240 4744 quot
3265 4675 3395 4730 ca'ci

1809 4781 1863 4827 et
1882 4770 2199 4841 corporibus
2217 4768 2496 4831 mutilatis,
2522 4781 2664 4837 saepe
2683 4765 2933 4832 dicimus,
2959 4781 3063 4820 non
3087 4766 3396 4837 ignorantes

1811 4867 1866 4924 id
1893 4867 2022 4922 satis
2051 4874 2232 4938 aptum
2259 4875 2412 4929 esse,
2445 4860 2586 4932 quod
2626 4873 2724 4914 nos
2752 4857 2818 4914 ad
2845 4857 3270 4915 misericordiam
3293 4857 3384 4912 ad»

1809 4958 2035 5102 “Nisibi!
2059 5061 2198 5114 reque
2229 5029 2393 5098 Deum
2416 5042 2630 5097 delectat
2657 5050 2712 5094 ut
2739 5040 3086 5095 misericordia
3111 5050 3162 5096 et
3182 5041 3396 5097 eleemo-

1809 5157 1957 5212 syna.
1979 5167 2051 5179 -—
2071 5137 2210 5192 Nihil
2252 5149 2404 5205 reque
2431 5136 2596 5190 Dem
2626 5133 2890 5199 delectat,
2922 5143 2979 5188 ut
3005 5134 3392 5191 misericordia.

1810 5234 2165 5302 Quamobrem
2196 5229 2505 5286 sacerdotes
2525 5269 2540 5292 ,
2570 5241 2745 5296 rcges,
2773 5226 3047 5296 prophetae
3074 5226 3196 5280 oleo
3224 5242 3394 5296 unge-

1809 5329 2001 5383 bantur
2031 5343 2044 5378 :
2074 5325 2249 5379 oleum
2281 5322 2424 5376 enim
2464 5334 2562 5390 pro
2592 5317 2838 5390 symbolo
2879 5317 2973 5371 Dei
3011 5317 3397 5372 misericordia

1811 5421 2096 5475 habebant.
2119 5418 2386 5472 Praeterea
2416 5411 2695 5468 discebant
2723 5410 2774 5463 in
2806 5407 3046 5478 principe
3074 5408 3196 5476 plus
3230 5410 3395 5462 mise-

1811 5512 2056 5567 ricordiae
2078 5507 2276 5578 requiri
2309 5525 2321 5561 :
2349 5507 2474 5560 item
2500 5501 2880 5559 ostendebatur
2901 5500 3147 5570 spiritum
3177 5515 3394 5571 propter

1810 5601 2235 5659 misericordiam
2251 5609 2530 5655 venturum
2552 5610 2670 5651 esse
2700 5596 2752 5649 in
2775 5593 3067 5648 hominem.
3090 5593 3231 5648 Deus
3247 5593 3392 5650 enim

1812 5696 2088 5753 hominum
2127 5694 2437 5756 miseretur,
2465 5699 2522 5745 et
2551 5689 2778 5757 benigne
2804 5700 2925 5742 cum
2969 5686 3098 5754 ipsis
3120 5686 3229 5756 agit
3253 5703 3266 5738 :
3296 5685 3402 5739 Mi-

1810 5790 1987 5844 sereri:
2011 5787 2145 5842 enim
2183 5785 2407 5839 omnium
2426 5824 2441 5849 ,
2471 5782 2671 5852 inquit,
2702 5780 2821 5848 quia
2847 5777 3017 5832 omnia
3047 5787 3189 5848 potes
3230 5777 3389 5848 (Sep.

1813 5884 1897 5938 ll.
1924 5881 2041 5952 2t).
2070 5880 2359 5949 Propterea
2382 5876 2502 5932 oleo
2532 5873 2942 5943 inungcbantur.
2974 5870 3104 5926 Nam
3137 5879 3192 5925 et
3214 5886 3396 5927 sacer-
