3878 6586
539 455 635 513 2H

542 570 751 624 dotium
783 566 956 637 ipsum
982 577 1047 619 ex
1080 560 1442 617 misericordia
1470 557 1717 613 instituit.
1748 554 1942 609 Verum
1971 564 2127 619 reges

546 664 709 714 etiam
730 659 851 713 oleo
884 655 1293 726 inungehantur.
1313 652 1382 707 Et
1400 653 1443 705 si
1466 651 1585 722 quis
1608 647 1897 719 principem
1926 642 2126 707 laudet,

547 752 678 806 nihil
705 749 846 820 quod
876 763 1029 817 aeque
1054 748 1226 816 ipsum
1255 744 1444 800 deceat
1469 742 1681 803 afferet,
1714 753 1777 793 ac
1824 736 2131 791 misericoro

547 844 687 897 diam
715 859 727 895 :
758 840 1089 910 principatus
1105 840 1246 893 enim
1280 837 1553 907 proprium
1571 844 1652 888 est
1670 830 1929 887 misereri.
1945 828 2131 898 Cogita

549 950 616 987 ex
659 931 1021 987 misericordia
1063 944 1183 986 esse
1212 929 1482 984 conditum
1517 925 1770 980 mundum
1794 966 1809 991 ,
1838 931 1894 978 et
1920 922 2134 975 imitare

556 1023 860 1077 Dominum.
882 1022 1167 1085 Miseratio,
1203 1021 1394 1090 inqttit,
1420 1018 1636 1071 hominis
1670 1017 1805 1069 circa
1848 1012 2133 1084 proximum

549 1132 698 1170 suum
714 1131 729 1168 :
750 1113 1093 1168 misericordia
1109 1124 1274 1165 autem
1297 1111 1388 1164 Dei
1403 1127 1553 1178 super
1568 1123 1765 1161 onmem
1781 1120 1981 1158 carnem
2006 1100 2136 1173 (Ec-

549 1206 854 1275 cli.18.12).
870 1204 1170 1272 Quomodo,
1189 1204 1358 1274 Super
1375 1217 1572 1256 omnem
1596 1198 1840 1252 carnem?
1862 1196 1987 1251 Sive
2010 1208 2135 1263 pec-

552 1308 787 1363 catores,
816 1297 928 1351 sive
954 1296 1129 1365 justos
1159 1293 1442 1363 protuleris
1468 1333 1484 1358 ,
1514 1304 1703 1345 omnes
1725 1301 1946 1359 egemus
1972 1285 2137 1340 mise-

554 1389 783 1444 ricordia
806 1389 918 1454 Dei,
943 1402 1129 1441 omnes
1152 1387 1264 1456 ipsa
1288 1385 1533 1448 fruimur,
1558 1383 1671 1436 sive
1692 1383 1807 1450 ipse
1826 1379 1895 1432 sit
1922 1377 2138 1439 Paulus,

555 1483 671 1537 sive
693 1482 901 1545 Petrus,
927 1481 1039 1534 sive
1060 1479 1311 1535 Joannes.
1339 1477 1512 1545 Atque
1530 1474 1651 1527 audi
1677 1473 1911 1542 ipsorum
1936 1467 2097 1524 verba
2123 1484 2137 1521 :

558 1575 685 1644 quid
713 1575 853 1628 eniut
885 1574 1080 1626 nostris
1101 1586 1235 1640 opus
1255 1571 1377 1623 est?
1416 1566 1550 1635 Quid
1583 1566 1741 1635 igitur
1761 1563 1931 1633 inquit
1955 1562 2144 1616 beatus

561 1666 649 1720 hic
664 1668 687 1718 ’ἐ
710 1664 813 1719 Sea
836 1662 1231 1717 misericordiam
1254 1668 1586 1728 consequutus
1607 1673 1737 1719 sum,
1760 1656 1879 1726 quia
1903 1655 2145 1724 ignorans

563 1758 660 1827 feci
690 1757 777 1826 (1.
812 1756 944 1808 Tim.
980 1756 1029 1808 1.
1064 1753 1188 1824 15).
1235 1750 1370 1818 Quid
1400 1750 1570 1820 ergo?
1599 1757 1778 1817 postea
1816 1762 1921 1800 non
1956 1746 2147 1815 egebat

563 1846 929 1903 misericordia
952 1845 975 1897 ?
1004 1844 1141 1899 Audi
1164 1843 1291 1914 quid
1312 1842 1452 1896 dicat
1478 1858 1491 1894 :
1522 1838 1876 1892 Abundantius
1905 1838 2007 1890 illis
2034 1852 2135 1888 out-

564 1942 711 1994 nibus
741 1939 965 2016 laborqvi
990 1979 1004 2002 ,
1037 1953 1138 1991 non
1175 1953 1265 2007 ego
1292 1943 1459 1989 autem
1477 1975 1490 1999 ,
1524 1933 1612 1987 sed
1639 1932 1803 2002 gratia
1830 1929 1926 1983 Dei
1955 1944 2148 1982 mecum

567 2034 645 2107 (l.
679 2032 799 2089 Cor.
834 2034 920 2087 15.
953 2031 1073 2103 10);
1108 2046 1170 2085 ac
1198 2043 1385 2084 rursus
1421 2027 1488 2081 de
1525 2023 1893 2096 Epaphrodito
1936 2023 2146 2091 inquit,

570 2128 710 2181 Nunt
736 2138 782 2181 et
820 2126 1105 2194 inﬁrmatus
1135 2132 1206 2177 est
1235 2137 1391 2191 usque
1413 2120 1479 2172 ad
1509 2128 1718 2172 mortem
1737 2158 1754 2181 ,
1779 2117 1867 2171 sed
1898 2114 2034 2168 Deus
2056 2114 2151 2167 mi-

566 2231 727 2275 sertus
754 2228 826 2273 est
857 2220 986 2288 ejus,
1017 2232 1119 2269 non
1145 2214 1313 2269 solum
1338 2220 1503 2265 autem
1528 2211 1640 2280 eius
1663 2250 1677 2273 ,
1710 2224 1883 2263 verum
1910 2207 2061 2259 etiam
2103 2215 2153 2259 et

571 2314 669 2366 mei
690 2353 704 2374 ,
736 2327 799 2365 ne
824 2310 1079 2363 tristitiam
1116 2322 1268 2378 super
1293 2303 1552 2358 tristitiam
1593 2299 1826 2353 haberem
1872 2298 1889 2366 (
1917 2296 2149 2366 Philipp.

568 2404 627 2457 2.
658 2403 783 2471 27);
813 2411 868 2455 et
895 2412 1081 2453 rursus
1104 2438 1119 2463 ,
1153 2396 1383 2459 Gravati,
1415 2394 1620 2463 inquit,
1653 2407 1828 2446 sumus
1853 2406 2012 2458 supra
2040 2404 2153 2441 mo-

569 2496 714 2555 dum,
741 2494 817 2545 ita
839 2500 892 2543 ut
920 2488 1123 2543 truderet
1149 2503 1241 2540 nos
1265 2488 1414 2539 etiam
1439 2485 1621 2538 vivere.
1656 2481 1762 2537 Sed
1789 2482 1887 2551 ipsi
1912 2481 1965 2533 in
1986 2480 2157 2533 nobis-
2236 2486 2242 2491 ‘

571 2586 800 2655 metipsis
839 2596 1138 2652 responsum
1181 2579 1357 2633 mortis
1405 2576 1709 2639 habuimus,
1763 2584 1817 2627 ut
1858 2590 1959 2627 non
1999 2573 2157 2626 simus

574 2678 785 2748 ﬁdentes
804 2676 858 2729 in
897 2674 1036 2728 nobis
1058 2714 1071 2735 ,
1112 2672 1201 2725 sed
1237 2671 1288 2724 in
1328 2668 1438 2723 Deo
1463 2710 1475 2734 ,
1518 2668 1604 2738 qui
1631 2668 1693 2720 de
1732 2667 1885 2719 tantis
1914 2664 2158 2718 mortibus

571 2769 758 2839 eripuit
788 2783 897 2830 nos,
925 2777 969 2820 et
998 2764 1173 2834 eripiet
1193 2762 1275 2831 (‘2.
1294 2761 1413 2815 Cor.
1445 2762 1492 2814 1.
1524 2762 1578 2814 8.
1600 2758 1763 2827 9-10)
1792 2774 1807 2822 ;
1853 2765 1908 2812 et
1932 2771 2118 2810 rursus
2141 2795 2156 2819 ,

577 2860 840 2914 Liberatus
871 2874 981 2911 sum
1006 2857 1069 2910 de
1095 2871 1182 2909 ore
1204 2853 1363 2907 leonis
1387 2893 1402 2916 ,
1451 2862 1496 2905 et
1533 2851 1758 2905 liberavit
1802 2865 1881 2902 me
1912 2849 2160 2901 Dominus

577 2952 657 3021 (2.
689 2950 820 3003 Tim.
844 2950 899 3004 4.
934 2950 1019 3003 17.
1052 2946 1164 3015 18).
1196 2946 1371 3015 Atque
1392 2944 1591 3013 ubique
1620 2944 1791 3012 ipsum
1823 2941 2160 2997 inveniemus

578 3043 632 3097 id
660 3041 975 3112 gloriantem
998 3079 1014 3105 ,
1047 3037 1189 3109 quod
1220 3034 1586 3091 misericordia
1623 3034 1852 3090 salutem
1875 3032 1947 3088 sit
1974 3046 2163 3087 conse-

579 3142 796 3205 quutus.

652 3227 707 3281 5.
737 3225 895 3295 Atqui
943 3225 1132 3280 Petrus
1169 3220 1353 3287 etiam,
1398 3235 1465 3276 eo
1486 3218 1629 3291 quod
1671 3219 1723 3273 in
1754 3218 1926 3288 ipsum
1956 3216 2165 3272 miseri-

581 3317 761 3374 cordia
792 3315 984 3370 fuisset
1006 3312 1241 3367 adhibita
1262 3352 1279 3378 ,
1317 3310 1437 3365 talis
1482 3318 1615 3364 erat.
1650 3308 1788 3363 Audi
1832 3313 1974 3363 enim
2003 3308 2158 3362 Chri-

582 3421 723 3468 stum
752 3410 855 3464 hoc
884 3407 983 3478 ipsi
1007 3404 1186 3460 verbis
1215 3404 1320 3458 illis
1346 3388 1737 3472 significantem
1764 3417 1777 3455 :
1808 3398 1939 3453 Ecce
1957 3408 2165 3453 satanas

583 3501 821 3573 expetivit
851 3514 937 3554 vos
970 3506 1022 3550 ut
1053 3494 1295 3549 cribraret
1331 3494 1460 3548 sicut
1491 3492 1712 3545 triticum
1733 3505 1752 3554 ;
1773 3506 1865 3560 ego
1891 3498 2061 3542 autem
2080 3505 2167 3543 ro-

582 3596 697 3666 gavi
717 3610 808 3663 pro
833 3601 901 3656 te;
924 3598 1095 3643 utnon
1126 3586 1327 3655 deﬁciat
1350 3584 1479 3653 ﬁdes
1503 3594 1591 3636 tua
1621 3582 1767 3652 (an.
1789 3581 1880 3634 22.
1908 3581 1995 3635 5|.
2024 3579 2094 3633 52
2123 3581 2160 3649 ).

581 3688 652 3743 Et
674 3687 907 3742 Joannes
933 3678 1299 3736 misericordia
1332 3677 1451 3730 talis
1479 3685 1595 3730 erat
1617 3690 1633 3740 ;
1662 3684 1820 3743 atque
1843 3686 2032 3726 omnes
2051 3686 2168 3724 om-

587 3779 719 3834 nino
747 3774 1000 3845 apostoli.
1050 3769 1189 3825 Audi
1217 3768 1358 3824 enim
1387 3766 1514 3837 quid
1541 3764 1786 3821 Christus
1812 3765 1988 3818 dicat:
2043 3761 2167 3816 Non

584 3886 673 3925 vos
692 3885 771 3923 me
795 3866 1032 3937 elegistis,
1059 3865 1147 3919 sed
1172 3878 1263 3933 ego
1288 3861 1415 3931 elegi
1443 3876 1529 3913 vos
1552 3859 1732 3930 (Joan.
1760 3858 1847 3913 15.
1875 3856 1941 3912 16
1969 3856 2010 3928 ).
2041 3856 2169 3910 0m-

586 3977 687 4017 nes
732 3959 873 4013 enim
921 3969 1142 4025 egemus
1192 3950 1560 4006 misericordia
1613 3950 1742 4004 Dei:
1814 3947 2169 4002 Misericordia

587 4053 721 4107 enim
756 4049 891 4112 Dei,
928 4045 1101 4115 inquit
1122 4084 1138 4105 ,
1175 4057 1324 4112 super
1338 4056 1538 4094 onmem
1564 4056 1790 4093 carnem.
1830 4039 1979 4106 Quod
2006 4040 2052 4093 si
2080 4041 2167 4094 isti

588 4155 802 4214 quoque
839 4137 1070 4207 egebant
1110 4132 1481 4189 misericordia
1510 4131 1637 4198 Dei,
1684 4131 1811 4201 quid
1861 4131 2073 4186 tandem
2101 4131 2171 4187 de

586 4234 800 4291 czeteris
826 4228 1111 4285 dicendum
1139 4225 1276 4281 erit?
1300 4223 1502 4293 Ecquid
1531 4223 1673 4277 enim
1703 4221 1867 4289 aliud,
1892 4223 1977 4277 dic
2006 4221 2167 4288 mihi,

587 4340 765 4382 causae
793 4331 894 4384 est,
921 4334 1021 4374 cur
1044 4316 1214 4372 solem
1259 4314 1455 4369 exoriri
1502 4312 1663 4367 faciat
1694 4327 1857 4381 super
1898 4312 2070 4367 malos
2116 4320 2171 4366 et

588 4418 801 4476 honos?
826 4412 1004 4483 Quid?
1025 4411 1070 4466 si
1092 4424 1256 4464 unum
1283 4408 1563 4462 dumtaxat
1584 4421 1783 4460 annum
1814 4404 2043 4473 pluviam
2073 4418 2169 4461 co-

590 4512 889 4573 hibuisset,
922 4518 1102 4559 nonne
1132 4515 1323 4555 omnes
1361 4498 1721 4569 peremisset?
1764 4496 1890 4566 quid
1919 4510 2079 4557 vero.
2124 4495 2171 4551 si

592 4605 791 4660 imbres
817 4595 1134 4654 densasset?
1159 4594 1263 4650 Sed
1285 4591 1409 4663 quid
1433 4593 1476 4646 si
1501 4590 1724 4661 pluisset
1742 4589 1952 4659 ignem?
1973 4590 2019 4642 si
2038 4603 2175 4644 mus-

591 4710 682 4749 cas
726 4690 1067 4751 immisisset;
1115 4684 1212 4740 sed
1254 4682 1383 4753 quid
1428 4683 1531 4737 hoc
1582 4681 1785 4736 affero?
1825 4680 1868 4734 si
1923 4678 2174 4734 tenebras

597 4785 911 4846 induxisset,
935 4778 1075 4848 quod
1098 4774 1381 4844 aliquando
1409 4774 1551 4840 fecit,
1580 4787 1760 4828 nonne
1783 4785 1971 4826 omnes
1998 4769 2176 4838 perdi-

593 4880 759 4932 dissct
779 4875 802 4928 ?
822 4874 867 4928 si
900 4881 1096 4926 terram
1116 4867 1476 4923 concussisset
1501 4906 1515 4930 ,
1546 4880 1723 4919 nonne
1752 4863 2038 4935 periissent
2058 4875 2176 4916 om-

594 4968 729 5023 nes?
761 4963 895 5031 Quid
917 4970 987 5015 est
1016 4960 1182 5020 homo,
1208 4956 1341 5026 quod
1359 4972 1549 5009 memor
1569 4972 1619 5009 es
1644 4956 1753 5025 ejus
1781 4952 1953 5025 (Psal.
1978 4952 2032 5008 8.
2059 4952 2118 5021 5)
2151 4951 2175 5006 ?

592 5062 908 5131 Opportune
933 5067 1076 5109 nunc
1103 5051 1323 5105 dixero:
1363 5048 1419 5105 Si
1453 5050 1533 5103 vel
1564 5057 1722 5102 terra:
1752 5046 2029 5100 minitetur
2058 5053 2176 5097 tan-

596 5167 731 5218 tum,
761 5163 949 5206 omnes
978 5158 1141 5199 unum
1167 5142 1469 5211 sepulcrum
1500 5139 1647 5195 fient.
1680 5139 1840 5206 Quasi
1866 5137 2004 5192 stilla
2028 5150 2175 5205 aqute

593 5247 657 5300 de
695 5241 869 5304 situla,
899 5235 1067 5306 inquit
1094 5275 1109 5301 ,
1153 5234 1225 5286 ita
1254 5240 1421 5301 gentes
1446 5246 1616 5284 coram
1636 5230 1788 5300 ipso:
1816 5228 1963 5298 quasi
1993 5243 2175 5297 spuma

593 5335 982 5406 reputabuntur,
1013 5326 1157 5399 quasi
1196 5332 1497 5379 momentum
1518 5331 1720 5376 statera:
1760 5319 1917 5391 (ικαὶ.
1943 5316 2170 5386 40.15).

592 5426 1055 5502 Quemadmodum
1075 5421 1228 5477 nobis
1253 5420 1407 5475 facile
1434 5429 1518 5474 est
1544 5417 1795 5473 trutinam
1827 5431 2043 5472 movere
2069 5415 2174 5470 :ila

536 5548 547 5556 ν·
596 5526 697 5595 ipsi
728 5520 908 5577 omnia
938 5514 1185 5587 perdere,
1215 5528 1279 5568 ac
1308 5511 1377 5567 de
1398 5512 1606 5582 integro
1633 5511 1825 5565 facere.
1880 5507 1984 5575 Qui
2011 5506 2173 5577 igitur

596 5627 702 5671 tam
722 5627 820 5668 nos
836 5614 889 5664 in
918 5622 1013 5663 sua
1042 5613 1305 5675 potestate
1326 5602 1505 5668 habet,
1538 5615 1603 5657 ac
1622 5599 1766 5655 videt
1784 5598 2022 5670 quotidie
2052 5612 2172 5667 pec-

593 5712 797 5765 cantes,
833 5713 932 5755 nec
956 5707 1134 5752 tamen
1165 5694 1338 5764 punit,
1365 5707 1544 5748 nonne
1567 5691 1670 5748 fert
1689 5706 1753 5746 ex
1782 5688 2175 5746 misericordia?

595 5795 701 5851 Sed
744 5792 867 5846 vide
899 5789 1058 5845 etiam
1102 5786 1339 5855 jumenta
1373 5800 1468 5855 per
1511 5780 1931 5839 misericordiam
1961 5793 2081 5835 esse
2121 5790 2176 5834 et

597 5886 820 5941 servari.
855 5881 1101 5937 Homines
1131 5881 1294 5945 enim,
1325 5879 1517 5950 inquit,
1551 5887 1598 5932 et
1641 5878 1864 5943 iumenta
1913 5874 2129 5929 salvebis
2154 5912 2169 5940 ,

1216 448 1275 505 s.
1312 442 1590 504 JOANNIS
1618 437 2089 499 cnnvsosrout
2129 432 2445 493 ARCHIEP.
2485 434 3014 493 CONSTANTINOP.
3738 438 3820 496 γε

2242 548 2461 603 Domine
2492 552 2510 621 (
2541 545 2686 605 Psal.
2720 553 2810 606 55.
2842 552 2937 619 7).
2988 552 3245 623 Respexit
3298 562 3498 607 terram
3522 594 3539 616 ,
3574 563 3634 607 et
3673 553 3814 623 ipsam

2238 643 2479 712 implevit
2530 643 2868 699 animalibus.
2912 646 3318 713 Quamobrem?
3367 647 3613 716 Propter
3652 654 3733 701 te:
3780 662 3819 704 te

2240 752 2375 792 vero
2404 752 2501 791 cur
2528 735 2694 791 fecit?
2721 751 2901 791 nonne
2931 749 3149 807 prepter
3172 740 3470 794 bonitatem
3492 740 3519 789 ?
3550 738 3698 792 Nihil
3724 741 3820 794 oleo

2242 830 2437 884 melius
2462 846 2473 881 :
2507 829 2642 883 lucis
2671 844 2831 884 causa
2859 840 2939 883 eSt
2969 840 3021 884 et
3052 831 3120 885 ibi
3152 840 3205 885 et
3237 831 3344 885 hic.
3381 832 3538 885 Tunc
3564 831 3729 895 enim,
3756 832 3817 885 ia-

2241 921 2356 990 quit
2388 920 2644 989 propheta
2672 961 2687 985 ,
2729 920 2983 974 exorietur
3007 938 3154 976 mane
3184 922 3353 976 lumen
3386 934 3538 975 tuum
3571 921 3725 989 (Issi.
3754 926 3808 979 58

2242 1012 2276 1068 8
2306 1014 2346 1083 ),
2373 1013 2417 1066 si
2449 1014 2871 1068 misericordiam
2900 1030 3021 1082 erga
3045 1018 3351 1084 proximum
3381 1018 3752 1087 praestiteris:
3776 1035 3818 1073 sc

2244 1104 2437 1158 merito
2488 1103 2730 1172 quidem.
2784 1105 3248 1172 Quemadmodum
3303 1109 3489 1163 oleum
3541 1109 3651 1163 hoc
3677 1110 3821 1163 lucem

2247 1195 2449 1265 praebet
2478 1196 2869 1266 navigantibus,
2903 1199 2971 1251 ita
2995 1210 3051 1253 et
3078 1200 3428 1273 elcemosyna
3448 1217 3717 1272 magnum
3743 1204 3823 1260 illi:

2246 1297 2301 1342 et
2330 1288 2647 1343 admirabile
2674 1290 2829 1344 nobis
2864 1291 3093 1360 largitur
3117 1292 3322 1348 lumen.
3384 1294 3546 1349 Talis
3577 1295 3685 1349 olei
3735 1313 3822 1349 ma-

2247 1394 2403 1449 gnam
2426 1380 2585 1436 habet
2606 1381 2868 1437 rationem
2889 1383 3107 1438 Paulus:
3127 1386 3249 1439 audi
3267 1388 3415 1441 enim
3440 1388 3720 1443 interdum
3736 1392 3823 1459 qui-

2249 1473 2369 1529 dem
2417 1474 2705 1540 dicentem,
2737 1477 2954 1530 Tanturn
2994 1487 3050 1530 ut
3097 1495 3382 1550 pauperum
3412 1497 3673 1534 ntenwres
3717 1500 3822 1537 esse.

2250 1583 2361 1622 mus
2406 1567 2552 1637 (Gal.
2577 1568 2630 1622 2.
2663 1568 2792 1639 10);
2825 1569 3091 1625 interdtun
3134 1588 3296 1640 vero,
3326 1573 3393 1628 Si
3414 1575 3642 1645 dignum
3668 1577 3823 1643 fuerit,

2251 1668 2305 1712 ut
2329 1675 2419 1729 ego
2448 1658 2785 1729 eam.(1Cor.
2819 1662 2903 1715 16.
2945 1664 3023 1731 4).
3080 1661 3425 1734 Omninoque
3468 1666 3660 1733 ipsum
3706 1668 3823 1720 vides

2253 1752 2453 1822 ubique
2480 1754 2727 1807 omnibus
2756 1754 2927 1809 modis
2958 1754 3095 1810 hanc
3122 1764 3235 1810 rem
3266 1758 3515 1813 sollicite
3544 1774 3751 1812 curare.
3777 1760 3826 1813 Et

2254 1858 2459 1908 rursus,
2494 1843 2706 1898 Discant
2733 1856 2898 1898 autem
2914 1855 2960 1899 et
2989 1848 3149 1900 nostri
3168 1847 3314 1902 bonis
3335 1849 3594 1917 operibus
3625 1867 3823 1916 pressu,

2254 1945 2310 1990 et
2345 1951 2565 1998 rursus,
2627 1937 2751 1991 Ila’c
2788 1939 2919 1992 enint
2960 1948 3079 1993 sunt
3117 1940 3249 1995 bona
3289 1952 3335 1995 et
3380 1943 3542 1996 utilia
3581 1943 3828 1997 [renonibus

2257 2025 2400 2095 (Tit.
2434 2029 2487 2082 ‘5.
2521 2029 2607 2083 14.
2638 2029 2671 2084 8
2701 2029 2720 2099 )
2780 2030 2919 2084 Audi
2965 2045 3096 2085 vero
3134 2040 3189 2087 et
3242 2033 3412 2086 alium
3445 2033 3741 2103 quemdam
3778 2037 3827 2088 in.

2257 2117 2523 2174 dicentem
2551 2162 2562 2183 ,
2610 2119 2943 2192 Eleemosyna
2981 2138 3013 2175 a
3053 2132 3214 2177 morte
3237 2124 3423 2179 liberat
3457 2124 3624 2195 (Tob.
3657 2126 3736 2179 12.
3761 2128 3823 2189 9}:

2261 2218 2315 2263 et
2340 2210 2522 2275 alium,
2558 2209 2621 2264 Si
2647 2212 3047 2266 misericordiam
3079 2216 3373 2281 removeris,
3401 2214 3657 2279 Domine,
3690 2215 3829 2269 Dm-

2260 2318 2339 2366 ne,
2361 2304 2473 2371 quis
2497 2303 2793 2357 sustinebit?
2818 2312 2872 2359 et
2889 2319 3096 2373 rursus,
3117 2307 3178 2361 Si
3198 2308 3376 2371 intres,
3410 2308 3621 2378 inquit,
3653 2310 3703 2360 in
3718 2313 3833 2379 Ῑιέτο

2261 2393 2393 2448 cium
2454 2412 2570 2449 cum
2611 2412 2751 2449 servo
2801 2407 2885 2450 tuo
2938 2397 3112 2471 (Psal.
3145 2397 3277 2456 129.,
3311 2399 3367 2453 5.
3404 2410 3451 2452 et
3484 2400 3619 2454 142.
3652 2401 3685 2453 Ξ
3710 2404 3760 2469 );
3798 2414 3832 2455 et

2262 2487 2421 2552 alius,
2454 2486 2702 2558 Magnum
2726 2489 3157 2557 quiddnmhomo,
3192 2498 3241 2542 et
3272 2490 3600 2558 prmelomm
3629 2491 3703 2543 rir
3726 2496 3833 2543 raise

2262 2580 2420 2634 ricors
2451 2579 2649 2648 (Prov.
2672 2580 2763 2634 20.
2794 2581 2825 2636 6
2859 2582 2895 2649 ).
2934 2580 3045 2635 Hoc
3083 2580 3227 2636 enim
3268 2590 3350 2635 est
3407 2583 3699 2637 hominem
3727 2599 3830 2641 esse.

2264 2672 2348 2726 vel
2372 2672 2546 2739 potius
2577 2671 2679 2728 hoc
2709 2681 2791 2727 est
2810 2673 2975 2726 Deum
3001 2686 3143 2737 esse,
3177 2673 3452 2726 misereri.
3474 2672 3656 2728 Vides
3682 2691 3831 2742 quanta

2266 2762 2463 2817 divina:
2501 2763 2885 2818 misericordia:
2914 2765 2984 2818 sit
3010 2764 3292 2834 potentia?
3333 2764 3468 2820 Ilzrc
3492 2766 3687 2819 omnia
3713 2766 3830 2821 [δίει.

2265 2854 2381 2911 lure
2405 2856 2661 2910 mundum
2682 2855 2936 2920 condidit,
2958 2856 3073 2910 haec
3092 2855 3313 2926 angelos
3345 2855 3481 2910 fecit
3505 2874 3523 2923 ;
3558 2872 3663 2925 per
3685 2857 3833 2911 solam.

2268 2949 2505 3018 inquam,
2528 2949 2843 3004 bonitatem.
2868 2949 3153 3018 Propterea
3171 2947 3316 3003 enim
3346 2948 3677 3018 gehennam
3706 2950 3835 3002 miras

2270 3050 2354 3095 tus
2378 3050 2481 3106 est,
2513 3049 2571 3095 ut
2600 3056 2825 3108 regnum
2846 3053 3227 3110 assequamur;
3257 3055 3494 3111 regnum
3526 3057 3667 3096 vero
3690 3056 3837 3095 cons;-

2267 3133 2481 3203 qnimur
2517 3147 2615 3203 per
2654 3132 3100 3188 misericordiam.
3130 3131 3239 3187 Cur
3264 3135 3413 3187 enim
3445 3148 3584 3188 cum
3619 3134 3758 3187 solus
3778 3150 3837 3183 ες-

2269 3235 2352 3282 set
2384 3225 2557 3291 Deus,
2591 3235 2668 3280 tot
2692 3225 2824 3281 deos
2865 3224 3025 3279 fecit?
3054 3238 3234 3279 nonne
3265 3234 3496 3293 prepter
3530 3224 3836 3277 bonitatem’

2271 3333 2449 3373 nonne
2472 3325 2691 3388 propter
2715 3316 3097 3386 benignitatem
3126 3324 3285 3385 atque
3314 3318 3723 3370 humanitatem
3750 3316 3767 3367 3
3800 3315 3837 3367 Si

2270 3412 2566 3484 qumsieris,
2593 3427 2689 3465 cur
2713 3410 2834 3474 hoc,
2870 3409 3113 3463 eurillud
3143 3408 3354 3474 fecerit,
3385 3409 3608 3479 ubique
3639 3409 3837 3463 invenis

2272 3505 2586 3560 bonitatem.
2617 3502 2797 3573 Itaque
2826 3503 3189 3571 proximorum
3219 3501 3621 3560 misereantur,
3654 3501 3835 3554 utetias

2272 3600 2324 3655 in
2353 3614 2450 3655 nos
2477 3596 2842 3653 misericordia
2862 3595 3193 3651 adhibeatur.
3215 3593 3333 3647 Non
3361 3593 3546 3662 magis
3578 3592 3839 3657 illis,qu

2273 3692 2428 3747 nobis
2470 3690 2600 3761 ipsis
2627 3689 2932 3758 colligimus
2962 3684 3392 3742 misericordiam
3430 3684 3486 3738 in
3528 3683 3683 3739 diem
3709 3683 3837 3735 illum

2273 3784 2373 3841 Ubi
2404 3784 2695 3839 vehemens
2726 3782 2885 3837 fuerit
2912 3781 3123 3835 flamma
3152 3780 3311 3849 ignis,
3347 3778 3737 3832 misericordia
3763 3777 3841 3829 tm

2274 3879 2450 3949 ignem
2478 3875 2694 3947 quidem
2720 3872 3024 3943 restinguit,
3058 3871 3191 3926 lueis
3206 3877 3388 3924 autem
3412 3870 3584 3924 nobis
3605 3878 3839 3924 causaest

2276 3973 2349 4028 ita
2382 3973 2537 4040 hujus
2564 3984 2725 4040 opera
2766 3983 2794 4021 a
2823 3966 3081 4038 gehennae
3122 3964 3229 4034 igni
3270 3963 3682 4016 liberabimur:
3720 3974 3841 4014 exte-

2274 4065 2464 4135 roquin
2511 4062 2653 4117 unde
2694 4077 2787 4116 sua
2843 4059 2997 4113 vobis
3030 4058 3234 4113 viscera
3261 4057 3479 4126 aperiet
3499 4055 3698 4109 Deus?
3742 4054 3839 4106 unde

2279 4154 2659 4212 miserebitur?
2693 4152 2771 4207 Ex
2789 4152 3009 4207 caritate
3030 4148 3405 4204 misericordia
3431 4149 3709 4203 exoritur.
3740 4144 3839 4200 Nil

2276 4249 2411 4303 adeo
2441 4246 2614 4301 irritat
2642 4244 2829 4307 Deum,
2875 4250 3033 4310 atque
3069 4238 3577 4294 inmisericordem
3612 4252 3746 4293 esse.
3770 4236 3843 4289 Oi~

2279 4341 2417 4395 latus
2443 4346 2527 4394 est
2552 4338 2600 4392 ei
2628 4335 2911 4406 quispiam,
2940 4333 3030 4403 qui
3061 4332 3249 4387 decem
3276 4332 3449 4385 millia
3484 4332 3698 4388 talenta
3722 4330 3839 4383 dele»

2278 4435 2389 4498 bat,
2414 4440 2467 4487 et
2496 4428 2860 4485 misericordia
2887 4437 3061 4481 motus
3091 4424 3332 4481 debitum
3364 4425 3593 4480 remisit
3620 4444 3633 4479 :
3673 4434 3724 4478 at
3755 4440 3837 4476 rea

2282 4527 2369 4581 hic
2399 4525 2538 4579 idem
2568 4536 2887 4577 conservum
2909 4520 2979 4574 ob
3001 4517 3210 4574 debitos
3244 4518 3347 4573 sibi
3370 4528 3606 4573 centum
3636 4519 3839 4572 demtis

2282 4619 2602 4682 sutl‘ocaret,
2652 4625 2777 4669 tunc
2800 4612 3015 4667 tradidit
3059 4626 3181 4667 eum
3227 4610 3494 4665 Dominus
3544 4609 3840 4664 tortoribus.

2285 4726 2562 4783 quousque
2585 4708 2837 4764 redderet
2866 4706 3127 4763 debitum.
3162 4706 3287 4760 llaec
3318 4704 3642 4769 audientes,
3678 4704 3841 4757 miseri-

2283 4805 2474 4860 cordes
2495 4804 2662 4859 simus
2691 4815 2814 4872 erga
2843 4799 3114 4855 debitores
3144 4798 3194 4851 in
3226 4797 3466 4867 peccatis
3490 4813 3504 4849 :
3541 4810 3711 4851 nemo
3738 4794 3841 4859 inju-

2282 4899 2486 4954 riarum
2523 4896 2592 4951 sit
2630 4908 2873 4959 memor,
2910 4891 3280 4961 nisi‘seipsum
3323 4890 3529 4944 laedere
3566 4890 3717 4944 velit.
3761 4886 3843 4939 ὅτε

2283 4990 2426 5046 enim
2450 4997 2653 5043 tantum
2683 4984 2943 5041 molestia:
2963 4983 3038 5038 illi
3061 4982 3218 5037 affers
3246 4996 3352 5037 non
3383 4981 3700 5043 remittens,
3721 4993 3845 5047 quar-

2284 5094 2392 5139 tam
2416 5083 2511 5139 tibi
2562 5083 2661 5153 ipsi
2704 5080 2869 5136 infers
2894 5079 3165 5150 injuriam.
3216 5076 3347 5130 Nam
3382 5086 3435 5131 te
3466 5076 3699 5145 quidem
3734 5074 3844 5127 illum

2285 5184 2641 5248 persequente
2666 5216 2681 5241 ,
2733 5188 2839 5228 non
2874 5166 3211 5242 persequitur
3234 5169 3408 5224 Deus:
3444 5178 3497 5224 te
3529 5185 3673 5223 vero
3699 5167 3844 5223 diruit-

2286 5280 2452 5337 tente,
2470 5278 2562 5325 aut
2589 5269 2739 5324 illum
2761 5264 3100 5337 persequitur
3122 5264 3282 5328 Dens,
3309 5271 3402 5316 aut
3420 5269 3507 5315 tua
3540 5262 3646 5315 tibi
3668 5259 3846 5315 dimittit

2285 5372 2525 5434 peccata.
2556 5358 2835 5429 Quomodo
2853 5365 3031 5411 autem
3054 5396 3069 5421 ,
3095 5353 3199 5409 nisi
3228 5362 3284 5406 tu
3309 5352 3564 5407 remittas
3599 5351 3845 5420 proxim.

2285 5459 2351 5513 ad
2379 5471 2602 5528 regnum
2617 5452 2858 5523 aspiras?
2886 5451 3002 5518 Quo
3019 5447 3230 5519 quidem
3246 5446 3445 5501 damno
3463 5460 3532 5500 ne
3553 5444 3846 5499 afﬁciantur,

2286 5549 2625 5606 remittamus
2649 5544 2936 5608 omnibus;
2983 5539 3138 5596 nobis
3164 5538 3307 5594 enim
3338 5536 3472 5607 ipsis
3501 5536 3846 5592 remittimus:

2285 5640 2672 5704 condonemus,
2701 5645 2759 5691 ut
2779 5633 2934 5689 nobis
2961 5628 3229 5707 condonet
3256 5627 3401 5683 Deus
3423 5636 3655 5698 peccata
3678 5634 3849 5683 nostra;

2285 5743 2444 5806 atque
2470 5733 2539 5788 ita
2564 5729 2751 5785 futuris
2776 5727 3040 5799 potiamur
3064 5721 3236 5788 bonis,
3269 5728 3373 5775 etc.
