  <div class='ocr_page' id='page_1' title='image "/cluster/home/n/w/nwhite01/storage/ocr_20150623/62/hvd.32044019207836/218.png"; bbox 0 0 3878 6506; ppageno 0'>
   <div class='ocr_carea' id='block_1_1' title="bbox 92 394 177 450">
    <p class='ocr_par' dir='ltr' id='par_1_1' title="bbox 92 394 177 450">
     <span class='ocr_line' id='line_1_1' title="bbox 92 394 177 450; baseline -0.047 0"><span class='ocrx_word' id='word_1_1' title='bbox 92 394 177 450; x_wconf 72' lang='lat' dir='ltr'>2H</span> 
     </span>
    </p>
   </div>
   <div class='ocr_carea' id='block_1_2' title="bbox 92 502 1636 584">
    <p class='ocr_par' dir='ltr' id='par_1_2' title="bbox 92 502 1636 584">
     <span class='ocr_line' id='line_1_2' title="bbox 92 502 1636 584; baseline 0.005 -26"><span class='ocrx_word' id='word_1_2' title='bbox 92 502 312 566; x_wconf 73' lang='grc' dir='ltr'>δικαίους</span> <span class='ocrx_word' id='word_1_3' title='bbox 335 503 514 575; x_wconf 79' lang='grc' dir='ltr'>εἴπης,</span> <span class='ocrx_word' id='word_1_4' title='bbox 551 504 752 570; x_wconf 84' lang='grc' dir='ltr'>πάντες</span> <span class='ocrx_word' id='word_1_5' title='bbox 771 505 865 560; x_wconf 90' lang='grc' dir='ltr'>τοῦ</span> <span class='ocrx_word' id='word_1_6' title='bbox 881 508 1064 575; x_wconf 78' lang='grc' dir='ltr'>ἐλέους</span> <span class='ocrx_word' id='word_1_7' title='bbox 1090 512 1185 565; x_wconf 89' lang='grc' dir='ltr'>τοῦ</span> <span class='ocrx_word' id='word_1_8' title='bbox 1210 512 1344 565; x_wconf 86' lang='grc' dir='ltr'>Θεοῦ</span> <span class='ocrx_word' id='word_1_9' title='bbox 1374 513 1604 584; x_wconf 86' lang='grc' dir='ltr'>δεόμεθα</span> <span class='ocrx_word' id='word_1_10' title='bbox 1625 529 1636 539; x_wconf 82' lang='grc'><strong>’</strong></span> 
     </span>
    </p>
   </div>
   <div class='ocr_carea' id='block_1_3' title="bbox 92 591 1636 670">
    <p class='ocr_par' dir='ltr' id='par_1_3' title="bbox 92 591 1636 670">
     <span class='ocr_line' id='line_1_3' title="bbox 92 591 1636 670; baseline 0.006 -25"><span class='ocrx_word' id='word_1_11' title='bbox 92 594 272 655; x_wconf 84' lang='grc' dir='ltr'>πάντες</span> <span class='ocrx_word' id='word_1_12' title='bbox 303 591 648 663; x_wconf 78' lang='grc' dir='ltr'>ἀπολαύομεν</span> <span class='ocrx_word' id='word_1_13' title='bbox 676 594 865 661; x_wconf 79' lang='grc' dir='ltr'>αὑτοῦ,</span> <span class='ocrx_word' id='word_1_14' title='bbox 893 598 998 650; x_wconf 85' lang='grc' dir='ltr'>κᾶν</span> <span class='ocrx_word' id='word_1_15' title='bbox 1018 597 1237 670; x_wconf 82' lang='grc' dir='ltr'>αὐτὸςῇ</span> <span class='ocrx_word' id='word_1_16' title='bbox 1269 600 1500 664; x_wconf 81' lang='grc' dir='ltr'>Παῦλος,</span> <span class='ocrx_word' id='word_1_17' title='bbox 1533 600 1636 653; x_wconf 81' lang='grc' dir='ltr'>κᾶν</span> 
     </span>
    </p>
   </div>
   <div class='ocr_carea' id='block_1_4' title="bbox 92 680 1641 755">
    <p class='ocr_par' dir='ltr' id='par_1_4' title="bbox 92 680 1641 755">
     <span class='ocr_line' id='line_1_4' title="bbox 92 680 1641 755; baseline 0.005 -23"><span class='ocrx_word' id='word_1_18' title='bbox 92 680 297 749; x_wconf 81' lang='grc' dir='ltr'>Πέτρος,</span> <span class='ocrx_word' id='word_1_19' title='bbox 348 681 449 733; x_wconf 75' lang='grc' dir='ltr'>κᾶν</span> <span class='ocrx_word' id='word_1_20' title='bbox 499 681 774 752; x_wconf 81' lang='grc' dir='ltr'>Ἰωάννης.</span> <span class='ocrx_word' id='word_1_21' title='bbox 805 684 917 736; x_wconf 87' lang='lat' dir='ltr'>Kal</span> <span class='ocrx_word' id='word_1_22' title='bbox 964 685 1195 739; x_wconf 80' lang='grc' dir='ltr'>ἄκουσον</span> <span class='ocrx_word' id='word_1_23' title='bbox 1236 686 1415 739; x_wconf 87' lang='grc' dir='ltr'>αὐτῶν</span> <span class='ocrx_word' id='word_1_24' title='bbox 1454 687 1641 755; x_wconf 84' lang='grc' dir='ltr'>λεγόν-</span> 
     </span>
    </p>
   </div>
   <div class='ocr_carea' id='block_1_5' title="bbox 90 766 1640 844">
    <p class='ocr_par' dir='ltr' id='par_1_5' title="bbox 90 766 1640 844">
     <span class='ocr_line' id='line_1_5' title="bbox 90 766 1640 844; baseline 0.006 -27"><span class='ocrx_word' id='word_1_25' title='bbox 90 781 211 817; x_wconf 71' lang='grc' dir='ltr'>τωψ</span> <span class='ocrx_word' id='word_1_26' title='bbox 250 766 399 818; x_wconf 70' lang='grc' dir='ltr'>οὐδὲν</span> <span class='ocrx_word' id='word_1_27' title='bbox 446 766 550 837; x_wconf 75' lang='grc' dir='ltr'>γὰρ</span> <span class='ocrx_word' id='word_1_28' title='bbox 602 767 683 820; x_wconf 82' lang='grc' dir='ltr'>δεῖ</span> <span class='ocrx_word' id='word_1_29' title='bbox 713 768 887 837; x_wconf 89' lang='grc' dir='ltr'>λόγων</span> <span class='ocrx_word' id='word_1_30' title='bbox 924 770 1034 823; x_wconf 86' lang='grc' dir='ltr'>τῶν</span> <span class='ocrx_word' id='word_1_31' title='bbox 1062 772 1366 843; x_wconf 79' lang='grc' dir='ltr'>ἡμετέρων.</span> <span class='ocrx_word' id='word_1_32' title='bbox 1418 774 1482 825; x_wconf 92' lang='grc' dir='ltr'>Τί</span> <span class='ocrx_word' id='word_1_33' title='bbox 1533 774 1640 844; x_wconf 85' lang='grc' dir='ltr'>γάρ</span> 
     </span>
    </p>
   </div>
   <div class='ocr_carea' id='block_1_6' title="bbox 90 846 1642 929">
    <p class='ocr_par' dir='ltr' id='par_1_6' title="bbox 90 846 1642 929">
     <span class='ocr_line' id='line_1_6' title="bbox 90 846 1642 929; baseline 0.007 -27"><span class='ocrx_word' id='word_1_34' title='bbox 90 870 153 919; x_wconf 71' lang='grc' dir='ltr'>φη</span> <span class='ocrx_word' id='word_1_35' title='bbox 162 870 237 904; x_wconf 82' lang='grc' dir='ltr'>σιν</span> <span class='ocrx_word' id='word_1_36' title='bbox 258 854 285 904; x_wconf 99' lang='lat'>6</span> <span class='ocrx_word' id='word_1_37' title='bbox 308 854 570 923; x_wconf 83' lang='grc' dir='ltr'>μακάριος</span> <span class='ocrx_word' id='word_1_38' title='bbox 586 846 740 918; x_wconf 72' lang='grc' dir='ltr'>οὗτος</span> <span class='ocrx_word' id='word_1_39' title='bbox 761 874 775 922; x_wconf 91' lang='grc'>;</span> <span class='ocrx_word' id='word_1_40' title='bbox 812 856 964 910; x_wconf 81' lang='grc' dir='ltr'>Ἀλλ’</span> <span class='ocrx_word' id='word_1_41' title='bbox 994 857 1280 925; x_wconf 82' lang='grc' dir='ltr'>ἠλεήθην,</span> <span class='ocrx_word' id='word_1_42' title='bbox 1299 859 1387 912; x_wconf 85' lang='grc' dir='ltr'>ὅτι</span> <span class='ocrx_word' id='word_1_43' title='bbox 1409 859 1642 929; x_wconf 77' lang='grc' dir='ltr'>ἀγνοῶν</span> 
     </span>
    </p>
   </div>
   <div class='ocr_carea' id='block_1_7' title="bbox 90 928 1635 1013">
    <p class='ocr_par' dir='ltr' id='par_1_7' title="bbox 90 928 1635 1013">
     <span class='ocr_line' id='line_1_7' title="bbox 90 928 1635 1013; baseline 0.006 -22"><span class='ocrx_word' id='word_1_44' title='bbox 90 941 352 1007; x_wconf 72' lang='grc' dir='ltr'>ἐποίησα.</span> <span class='ocrx_word' id='word_1_45' title='bbox 394 942 459 993; x_wconf 90' lang='grc' dir='ltr'>Τί</span> <span class='ocrx_word' id='word_1_46' title='bbox 509 938 637 1007; x_wconf 85' lang='grc' dir='ltr'>οῦν;</span> <span class='ocrx_word' id='word_1_47' title='bbox 681 943 818 1013; x_wconf 79' lang='grc' dir='ltr'>μετὰ</span> <span class='ocrx_word' id='word_1_48' title='bbox 862 928 1035 999; x_wconf 84' lang='grc' dir='ltr'>ταῦτά</span> <span class='ocrx_word' id='word_1_49' title='bbox 1076 946 1173 999; x_wconf 87' lang='grc' dir='ltr'>ούκ</span> <span class='ocrx_word' id='word_1_50' title='bbox 1204 947 1375 999; x_wconf 83' lang='grc' dir='ltr'>ἐδεῖτο</span> <span class='ocrx_word' id='word_1_51' title='bbox 1419 947 1635 1010; x_wconf 85' lang='grc' dir='ltr'>ἐλέους;</span> 
     </span>
    </p>
   </div>
   <div class='ocr_carea' id='block_1_8' title="bbox 94 1029 1641 1101">
    <p class='ocr_par' dir='ltr' id='par_1_8' title="bbox 94 1029 1641 1101">
     <span class='ocr_line' id='line_1_8' title="bbox 94 1029 1641 1101; baseline 0.006 -22"><span class='ocrx_word' id='word_1_52' title='bbox 94 1031 338 1081; x_wconf 69' lang='grc' dir='ltr'>’Ἄκουσον</span> <span class='ocrx_word' id='word_1_53' title='bbox 362 1029 413 1080; x_wconf 82' lang='grc' dir='ltr'>τί</span> <span class='ocrx_word' id='word_1_54' title='bbox 437 1047 567 1101; x_wconf 78' lang='grc' dir='ltr'>φησι</span> <span class='ocrx_word' id='word_1_55' title='bbox 593 1031 754 1084; x_wconf 84' lang='grc' dir='ltr'>πάλιν</span> <span class='ocrx_word' id='word_1_56' title='bbox 775 1048 787 1060; x_wconf 70' lang='grc' dir='ltr'>σ</span> <span class='ocrx_word' id='word_1_57' title='bbox 813 1036 1253 1101; x_wconf 81' lang='grc' dir='ltr'>Περισσότερον</span> <span class='ocrx_word' id='word_1_58' title='bbox 1269 1033 1469 1087; x_wconf 82' lang='grc' dir='ltr'>αὐτῶν</span> <span class='ocrx_word' id='word_1_59' title='bbox 1497 1034 1641 1088; x_wconf 79' lang='grc' dir='ltr'>πάν-</span> 
     </span>
    </p>
   </div>
   <div class='ocr_carea' id='block_1_9' title="bbox 87 1115 1638 1190">
    <p class='ocr_par' dir='ltr' id='par_1_9' title="bbox 87 1115 1638 1190">
     <span class='ocr_line' id='line_1_9' title="bbox 87 1115 1638 1190; baseline 0.005 -22"><span class='ocrx_word' id='word_1_60' title='bbox 87 1133 192 1168; x_wconf 78' lang='grc' dir='ltr'>των</span> <span class='ocrx_word' id='word_1_61' title='bbox 227 1115 538 1182; x_wconf 79' lang='grc' dir='ltr'>ἐκοπίασα,</span> <span class='ocrx_word' id='word_1_62' title='bbox 592 1122 702 1173; x_wconf 82' lang='grc' dir='ltr'>οὐκ</span> <span class='ocrx_word' id='word_1_63' title='bbox 756 1119 869 1189; x_wconf 73' lang='grc' dir='ltr'>ἐγὼ</span> <span class='ocrx_word' id='word_1_64' title='bbox 922 1118 1008 1186; x_wconf 83' lang='grc' dir='ltr'>δὲ,</span> <span class='ocrx_word' id='word_1_65' title='bbox 1068 1120 1207 1175; x_wconf 83' lang='grc' dir='ltr'>ἀλλ’</span> <span class='ocrx_word' id='word_1_66' title='bbox 1243 1122 1280 1189; x_wconf 74' lang='grc' dir='ltr'>ἢ</span> <span class='ocrx_word' id='word_1_67' title='bbox 1311 1121 1482 1190; x_wconf 85' lang='grc' dir='ltr'>χάρις</span> <span class='ocrx_word' id='word_1_68' title='bbox 1532 1122 1638 1175; x_wconf 84' lang='grc' dir='ltr'>τοῦ</span> 
     </span>
    </p>
   </div>
   <div class='ocr_carea' id='block_1_10' title="bbox 89 1206 1634 1282">
    <p class='ocr_par' dir='ltr' id='par_1_10' title="bbox 89 1206 1634 1282">
     <span class='ocr_line' id='line_1_10' title="bbox 89 1206 1634 1282; baseline 0.002 -23"><span class='ocrx_word' id='word_1_69' title='bbox 89 1206 223 1259; x_wconf 80' lang='grc' dir='ltr'>Θεοῦ</span> <span class='ocrx_word' id='word_1_70' title='bbox 251 1209 287 1274; x_wconf 75' lang='grc' dir='ltr'>ἢ</span> <span class='ocrx_word' id='word_1_71' title='bbox 321 1206 442 1259; x_wconf 84' lang='grc' dir='ltr'>σὺν</span> <span class='ocrx_word' id='word_1_72' title='bbox 476 1208 625 1275; x_wconf 83' lang='grc' dir='ltr'>ἐμοί.</span> <span class='ocrx_word' id='word_1_73' title='bbox 670 1209 781 1261; x_wconf 86' lang='lat' dir='ltr'>Kal</span> <span class='ocrx_word' id='word_1_74' title='bbox 830 1209 960 1280; x_wconf 78' lang='grc' dir='ltr'>περὶ</span> <span class='ocrx_word' id='word_1_75' title='bbox 1016 1208 1410 1282; x_wconf 81' lang='grc' dir='ltr'>Ἐπαφροδίτου</span> <span class='ocrx_word' id='word_1_76' title='bbox 1465 1210 1634 1280; x_wconf 84' lang='grc' dir='ltr'>φησί·</span> 
     </span>
    </p>
   </div>
   <div class='ocr_carea' id='block_1_11' title="bbox 88 1292 1639 1363">
    <p class='ocr_par' dir='ltr' id='par_1_11' title="bbox 88 1292 1639 1363">
     <span class='ocr_line' id='line_1_11' title="bbox 88 1292 1639 1363; baseline 0.003 -16"><span class='ocrx_word' id='word_1_77' title='bbox 88 1294 186 1347; x_wconf 73' lang='grc' dir='ltr'>Καὶ</span> <span class='ocrx_word' id='word_1_78' title='bbox 224 1293 331 1363; x_wconf 77' lang='grc' dir='ltr'>γὰρ</span> <span class='ocrx_word' id='word_1_79' title='bbox 359 1292 663 1361; x_wconf 78' lang='grc' dir='ltr'>ἠσθένησε</span> <span class='ocrx_word' id='word_1_80' title='bbox 684 1294 1113 1363; x_wconf 78' lang='grc' dir='ltr'>παραπλήσιον</span> <span class='ocrx_word' id='word_1_81' title='bbox 1145 1296 1398 1363; x_wconf 83' lang='grc' dir='ltr'>θανάτῳ,</span> <span class='ocrx_word' id='word_1_82' title='bbox 1433 1297 1570 1351; x_wconf 81' lang='grc' dir='ltr'>ἀλλ’</span> <span class='ocrx_word' id='word_1_83' title='bbox 1605 1300 1639 1350; x_wconf 82' lang='grc' dir='ltr'><em>ὁ</em></span> 
     </span>
    </p>
   </div>
   <div class='ocr_carea' id='block_1_12' title="bbox 89 1380 1639 1452">
    <p class='ocr_par' dir='ltr' id='par_1_12' title="bbox 89 1380 1639 1452">
     <span class='ocr_line' id='line_1_12' title="bbox 89 1380 1639 1452; baseline 0.003 -17"><span class='ocrx_word' id='word_1_84' title='bbox 89 1383 218 1447; x_wconf 84' lang='grc' dir='ltr'>Θεὸς</span> <span class='ocrx_word' id='word_1_85' title='bbox 240 1381 431 1435; x_wconf 82' lang='grc' dir='ltr'>αὐτὸν</span> <span class='ocrx_word' id='word_1_86' title='bbox 455 1380 743 1449; x_wconf 75' lang='grc' dir='ltr'>ἠλέησεν,</span> <span class='ocrx_word' id='word_1_87' title='bbox 777 1384 889 1436; x_wconf 80' lang='grc' dir='ltr'>οὐκ</span> <span class='ocrx_word' id='word_1_88' title='bbox 919 1384 1107 1437; x_wconf 87' lang='grc' dir='ltr'>αὐτὸν</span> <span class='ocrx_word' id='word_1_89' title='bbox 1133 1383 1202 1437; x_wconf 81' lang='grc' dir='ltr'><strong><em>δὲ</em></strong></span> <span class='ocrx_word' id='word_1_90' title='bbox 1234 1384 1449 1452; x_wconf 85' lang='grc' dir='ltr'>μόνον,</span> <span class='ocrx_word' id='word_1_91' title='bbox 1480 1384 1639 1439; x_wconf 83' lang='grc' dir='ltr'>ἀλλὰ</span> 
     </span>
    </p>
   </div>
   <div class='ocr_carea' id='block_1_13' title="bbox 86 1468 1634 1540">
    <p class='ocr_par' dir='ltr' id='par_1_13' title="bbox 86 1468 1634 1540">
     <span class='ocr_line' id='line_1_13' title="bbox 86 1468 1634 1540; baseline 0.001 -19"><span class='ocrx_word' id='word_1_92' title='bbox 86 1468 174 1521; x_wconf 78' lang='grc' dir='ltr'>καὶ</span> <span class='ocrx_word' id='word_1_93' title='bbox 198 1468 319 1536; x_wconf 83' lang='grc' dir='ltr'>ἐμὲ,</span> <span class='ocrx_word' id='word_1_94' title='bbox 350 1470 447 1523; x_wconf 86' lang='grc' dir='ltr'>ἵνα</span> <span class='ocrx_word' id='word_1_95' title='bbox 469 1470 554 1537; x_wconf 82' lang='grc' dir='ltr'>μὴ</span> <span class='ocrx_word' id='word_1_96' title='bbox 571 1470 777 1537; x_wconf 81' lang='grc' dir='ltr'>λύπην</span> <span class='ocrx_word' id='word_1_97' title='bbox 798 1470 896 1523; x_wconf 75' lang='grc' dir='ltr'>ἐπὶ</span> <span class='ocrx_word' id='word_1_98' title='bbox 918 1472 1086 1538; x_wconf 80' lang='grc' dir='ltr'>λύπῃ</span> <span class='ocrx_word' id='word_1_99' title='bbox 1118 1471 1249 1540; x_wconf 85' lang='grc' dir='ltr'>σχῶ</span> <span class='ocrx_word' id='word_1_100' title='bbox 1278 1487 1292 1501; x_wconf 76' lang='grc' dir='ltr'><strong><em>ο</em></strong></span> <span class='ocrx_word' id='word_1_101' title='bbox 1327 1471 1421 1524; x_wconf 82' lang='grc' dir='ltr'>καὶ</span> <span class='ocrx_word' id='word_1_102' title='bbox 1450 1471 1634 1535; x_wconf 87' lang='grc' dir='ltr'>πάλιν,</span> 
     </span>
    </p>
   </div>
   <div class='ocr_carea' id='block_1_14' title="bbox 96 1554 1635 1625">
    <p class='ocr_par' dir='ltr' id='par_1_14' title="bbox 96 1554 1635 1625">
     <span class='ocr_line' id='line_1_14' title="bbox 96 1554 1635 1625; baseline 0.003 -18"><span class='ocrx_word' id='word_1_103' title='bbox 96 1554 501 1622; x_wconf 79' lang='grc' dir='ltr'>Ἕϐαρήθημεν,</span> <span class='ocrx_word' id='word_1_104' title='bbox 527 1557 710 1624; x_wconf 77' lang='grc' dir='ltr'>φησὶν,</span> <span class='ocrx_word' id='word_1_105' title='bbox 744 1556 895 1623; x_wconf 81' lang='grc' dir='ltr'>ὑπὲρ</span> <span class='ocrx_word' id='word_1_106' title='bbox 924 1557 1202 1625; x_wconf 81' lang='grc' dir='ltr'>δύναμιν,</span> <span class='ocrx_word' id='word_1_107' title='bbox 1232 1556 1387 1612; x_wconf 80' lang='grc' dir='ltr'>ὥστε</span> <span class='ocrx_word' id='word_1_108' title='bbox 1416 1558 1635 1621; x_wconf 74' lang='grc' dir='ltr'>ἐξαπο-</span> 
     </span>
    </p>
   </div>
   <div class='ocr_carea' id='block_1_15' title="bbox 77 1640 1637 1711">
    <p class='ocr_par' dir='ltr' id='par_1_15' title="bbox 77 1640 1637 1711">
     <span class='ocr_line' id='line_1_15' title="bbox 77 1640 1637 1711; baseline 0.002 -16"><span class='ocrx_word' id='word_1_109' title='bbox 77 1641 323 1709; x_wconf 80' lang='grc' dir='ltr'>ρηθῆναι</span> <span class='ocrx_word' id='word_1_110' title='bbox 351 1640 507 1709; x_wconf 79' lang='grc' dir='ltr'>ἡμᾶς</span> <span class='ocrx_word' id='word_1_111' title='bbox 544 1643 643 1695; x_wconf 77' lang='grc' dir='ltr'>καὶ</span> <span class='ocrx_word' id='word_1_112' title='bbox 685 1643 793 1697; x_wconf 85' lang='grc' dir='ltr'>τοῦ</span> <span class='ocrx_word' id='word_1_113' title='bbox 829 1642 955 1711; x_wconf 73' lang='grc' dir='ltr'>ζῇν.</span> <span class='ocrx_word' id='word_1_114' title='bbox 999 1644 1152 1698; x_wconf 82' lang='grc' dir='ltr'>Ἀλλ’</span> <span class='ocrx_word' id='word_1_115' title='bbox 1182 1644 1353 1698; x_wconf 74' lang='grc' dir='ltr'>αὐτοὶ</span> <span class='ocrx_word' id='word_1_116' title='bbox 1391 1645 1462 1698; x_wconf 80' lang='grc' dir='ltr'>ἐν</span> <span class='ocrx_word' id='word_1_117' title='bbox 1501 1644 1637 1698; x_wconf 82' lang='grc' dir='ltr'>ἐαυ-</span> 
     </span>
    </p>
   </div>
   <div class='ocr_carea' id='block_1_16' title="bbox 84 1730 1637 1801">
    <p class='ocr_par' dir='ltr' id='par_1_16' title="bbox 84 1730 1637 1801">
     <span class='ocr_line' id='line_1_16' title="bbox 84 1730 1637 1801; baseline 0.003 -20"><span class='ocrx_word' id='word_1_118' title='bbox 84 1730 195 1795; x_wconf 82' lang='grc' dir='ltr'>τοῖς</span> <span class='ocrx_word' id='word_1_119' title='bbox 234 1732 297 1782; x_wconf 86' lang='grc' dir='ltr'>τὸ</span> <span class='ocrx_word' id='word_1_120' title='bbox 332 1732 626 1799; x_wconf 78' lang='grc' dir='ltr'>ἀπόκριμα</span> <span class='ocrx_word' id='word_1_121' title='bbox 671 1731 777 1784; x_wconf 83' lang='grc' dir='ltr'>τοῦ</span> <span class='ocrx_word' id='word_1_122' title='bbox 808 1731 1067 1786; x_wconf 82' lang='grc' dir='ltr'>θανάτου</span> <span class='ocrx_word' id='word_1_123' title='bbox 1110 1731 1479 1801; x_wconf 80' lang='grc' dir='ltr'>ἐσχήκαμεν,</span> <span class='ocrx_word' id='word_1_124' title='bbox 1537 1733 1637 1786; x_wconf 76' lang='grc' dir='ltr'>ἵνα</span> 
     </span>
    </p>
   </div>
   <div class='ocr_carea' id='block_1_17' title="bbox 77 1813 1640 1886">
    <p class='ocr_par' dir='ltr' id='par_1_17' title="bbox 77 1813 1640 1886">
     <span class='ocr_line' id='line_1_17' title="bbox 77 1813 1640 1886; baseline 0.002 -17"><span class='ocrx_word' id='word_1_125' title='bbox 77 1818 154 1885; x_wconf 75' lang='grc' dir='ltr'>μὴ</span> <span class='ocrx_word' id='word_1_126' title='bbox 195 1819 539 1883; x_wconf 78' lang='grc' dir='ltr'>πεποιθότες</span> <span class='ocrx_word' id='word_1_127' title='bbox 585 1813 744 1886; x_wconf 85' lang='grc' dir='ltr'>ὦμεν</span> <span class='ocrx_word' id='word_1_128' title='bbox 790 1818 881 1886; x_wconf 75' lang='grc' dir='ltr'>ἐφ’</span> <span class='ocrx_word' id='word_1_129' title='bbox 929 1818 1200 1884; x_wconf 78' lang='grc' dir='ltr'>ἑαυτοῖς,</span> <span class='ocrx_word' id='word_1_130' title='bbox 1240 1819 1381 1873; x_wconf 80' lang='grc' dir='ltr'>ἀλλ’</span> <span class='ocrx_word' id='word_1_131' title='bbox 1420 1819 1519 1873; x_wconf 72' lang='grc' dir='ltr'>ἐπὶ</span> <span class='ocrx_word' id='word_1_132' title='bbox 1558 1818 1640 1883; x_wconf 88' lang='grc' dir='ltr'>τῷ</span> 
     </span>
    </p>
   </div>
   <div class='ocr_carea' id='block_1_18' title="bbox 84 1902 1636 1974">
    <p class='ocr_par' dir='ltr' id='par_1_18' title="bbox 84 1902 1636 1974">
     <span class='ocr_line' id='line_1_18' title="bbox 84 1902 1636 1974; baseline 0.005 -18"><span class='ocrx_word' id='word_1_133' title='bbox 84 1902 212 1969; x_wconf 83' lang='grc' dir='ltr'>Θεῷ,</span> <span class='ocrx_word' id='word_1_134' title='bbox 248 1903 317 1969; x_wconf 83' lang='grc' dir='ltr'>ὃς</span> <span class='ocrx_word' id='word_1_135' title='bbox 345 1904 411 1956; x_wconf 82' lang='grc' dir='ltr'>ἐκ</span> <span class='ocrx_word' id='word_1_136' title='bbox 442 1904 807 1971; x_wconf 76' lang='grc' dir='ltr'>τηλικούτων</span> <span class='ocrx_word' id='word_1_137' title='bbox 828 1905 1101 1959; x_wconf 80' lang='grc' dir='ltr'><em>θανάτων</em></span> <span class='ocrx_word' id='word_1_138' title='bbox 1125 1907 1421 1974; x_wconf 81' lang='grc' dir='ltr'>ἐρρύσατο</span> <span class='ocrx_word' id='word_1_139' title='bbox 1444 1904 1604 1974; x_wconf 79' lang='grc' dir='ltr'>ἡμᾶς</span> <span class='ocrx_word' id='word_1_140' title='bbox 1621 1945 1636 1971; x_wconf 85' lang='grc'>,</span> 
     </span>
    </p>
   </div>
   <div class='ocr_carea' id='block_1_19' title="bbox 83 1988 1641 2061">
    <p class='ocr_par' dir='ltr' id='par_1_19' title="bbox 83 1988 1641 2061">
     <span class='ocr_line' id='line_1_19' title="bbox 83 1988 1641 2061; baseline 0.004 -21"><span class='ocrx_word' id='word_1_141' title='bbox 83 1988 172 2041; x_wconf 74' lang='grc' dir='ltr'>καί</span> <span class='ocrx_word' id='word_1_142' title='bbox 198 1990 448 2056; x_wconf 81' lang='grc' dir='ltr'>ῥύσεται</span> <span class='ocrx_word' id='word_1_143' title='bbox 467 2009 481 2021; x_wconf 76' lang='grc' dir='ltr'><strong><em>ο</em></strong></span> <span class='ocrx_word' id='word_1_144' title='bbox 516 1991 608 2043; x_wconf 75' lang='grc' dir='ltr'>καὶ</span> <span class='ocrx_word' id='word_1_145' title='bbox 640 1990 823 2053; x_wconf 71' lang='grc' dir='ltr'>πάλιν,</span> <span class='ocrx_word' id='word_1_146' title='bbox 872 1993 1211 2059; x_wconf 77' lang='grc' dir='ltr'>Ἐῤῥύσθην</span> <span class='ocrx_word' id='word_1_147' title='bbox 1237 1993 1308 2046; x_wconf 82' lang='grc' dir='ltr'>ἐκ</span> <span class='ocrx_word' id='word_1_148' title='bbox 1344 1994 1641 2061; x_wconf 85' lang='grc' dir='ltr'>στόματος</span> 
     </span>
    </p>
   </div>
   <div class='ocr_carea' id='block_1_20' title="bbox 81 2077 1637 2150">
    <p class='ocr_par' dir='ltr' id='par_1_20' title="bbox 81 2077 1637 2150">
     <span class='ocr_line' id='line_1_20' title="bbox 81 2077 1637 2150; baseline 0.003 -21"><span class='ocrx_word' id='word_1_149' title='bbox 81 2077 338 2143; x_wconf 71' lang='grc' dir='ltr'>λέοντος,</span> <span class='ocrx_word' id='word_1_150' title='bbox 370 2078 465 2131; x_wconf 77' lang='grc' dir='ltr'>καὶ</span> <span class='ocrx_word' id='word_1_151' title='bbox 491 2080 743 2145; x_wconf 79' lang='grc' dir='ltr'>ῥύσεταί</span> <span class='ocrx_word' id='word_1_152' title='bbox 775 2097 853 2149; x_wconf 86' lang='grc' dir='ltr'>με</span> <span class='ocrx_word' id='word_1_153' title='bbox 882 2083 915 2133; x_wconf 81' lang='grc' dir='ltr'><em>ὀ</em></span> <span class='ocrx_word' id='word_1_154' title='bbox 942 2082 1178 2148; x_wconf 83' lang='grc' dir='ltr'>Κύριος.</span> <span class='ocrx_word' id='word_1_155' title='bbox 1218 2081 1331 2135; x_wconf 82' lang='lat' dir='ltr'>Kal</span> <span class='ocrx_word' id='word_1_156' title='bbox 1363 2080 1637 2150; x_wconf 89' lang='grc' dir='ltr'>πανταχοῦ</span> 
     </span>
    </p>
   </div>
   <div class='ocr_carea' id='block_1_21' title="bbox 85 2164 1637 2238">
    <p class='ocr_par' dir='ltr' id='par_1_21' title="bbox 85 2164 1637 2238">
     <span class='ocr_line' id='line_1_21' title="bbox 85 2164 1637 2238; baseline 0.005 -23"><span class='ocrx_word' id='word_1_157' title='bbox 85 2164 375 2235; x_wconf 75' lang='grc' dir='ltr'>εὑρήσομεν</span> <span class='ocrx_word' id='word_1_158' title='bbox 405 2164 558 2217; x_wconf 89' lang='grc' dir='ltr'>τοῦτο</span> <span class='ocrx_word' id='word_1_159' title='bbox 589 2165 748 2218; x_wconf 81' lang='grc' dir='ltr'>αὑτὸν</span> <span class='ocrx_word' id='word_1_160' title='bbox 774 2166 1146 2236; x_wconf 82' lang='grc' dir='ltr'>καυχώμενον,</span> <span class='ocrx_word' id='word_1_161' title='bbox 1175 2167 1257 2221; x_wconf 82' lang='grc' dir='ltr'>ὅτι</span> <span class='ocrx_word' id='word_1_162' title='bbox 1284 2166 1637 2238; x_wconf 84' lang='grc' dir='ltr'>ἐλέῳέσώθη.</span> 
     </span>
    </p>
   </div>
   <div class='ocr_carea' id='block_1_22' title="bbox 144 2250 1635 2325">
    <p class='ocr_par' dir='ltr' id='par_1_22' title="bbox 144 2250 1635 2325">
     <span class='ocr_line' id='line_1_22' title="bbox 144 2250 1635 2325; baseline 0.005 -24"><span class='ocrx_word' id='word_1_163' title='bbox 144 2250 202 2305; x_wconf 84' lang='grc' dir='ltr'>ε’.</span> <span class='ocrx_word' id='word_1_164' title='bbox 234 2252 347 2304; x_wconf 87' lang='lat' dir='ltr'>Kal</span> <span class='ocrx_word' id='word_1_165' title='bbox 383 2252 585 2322; x_wconf 83' lang='grc' dir='ltr'>Πέτρος</span> <span class='ocrx_word' id='word_1_166' title='bbox 615 2252 671 2304; x_wconf 82' lang='grc' dir='ltr'>δὲ</span> <span class='ocrx_word' id='word_1_167' title='bbox 699 2252 805 2305; x_wconf 85' lang='grc' dir='ltr'>ἀπὸ</span> <span class='ocrx_word' id='word_1_168' title='bbox 835 2253 928 2306; x_wconf 90' lang='grc' dir='ltr'>τοῦ</span> <span class='ocrx_word' id='word_1_169' title='bbox 978 2253 1260 2324; x_wconf 73' lang='grc' dir='ltr'>ἐλεηθῆναι</span> <span class='ocrx_word' id='word_1_170' title='bbox 1279 2254 1517 2318; x_wconf 87' lang='grc' dir='ltr'>τοιοῦτος</span> <span class='ocrx_word' id='word_1_171' title='bbox 1547 2250 1635 2325; x_wconf 79' lang='grc' dir='ltr'>ἦν.</span> 
     </span>
    </p>
   </div>
   <div class='ocr_carea' id='block_1_23' title="bbox 86 2337 1638 2410">
    <p class='ocr_par' dir='ltr' id='par_1_23' title="bbox 86 2337 1638 2410">
     <span class='ocr_line' id='line_1_23' title="bbox 86 2337 1638 2410; baseline 0.003 -20"><span class='ocrx_word' id='word_1_172' title='bbox 86 2339 272 2391; x_wconf 72' lang='grc' dir='ltr'>Ἄκουε</span> <span class='ocrx_word' id='word_1_173' title='bbox 303 2337 415 2409; x_wconf 86' lang='grc' dir='ltr'>γὰρ</span> <span class='ocrx_word' id='word_1_174' title='bbox 447 2339 538 2391; x_wconf 89' lang='grc' dir='ltr'>τοῦ</span> <span class='ocrx_word' id='word_1_175' title='bbox 568 2339 802 2407; x_wconf 79' lang='grc' dir='ltr'>Χριστοῦ</span> <span class='ocrx_word' id='word_1_176' title='bbox 843 2339 980 2410; x_wconf 81' lang='grc' dir='ltr'>πρὸς</span> <span class='ocrx_word' id='word_1_177' title='bbox 1012 2341 1175 2394; x_wconf 81' lang='grc' dir='ltr'>αὐτὸν</span> <span class='ocrx_word' id='word_1_178' title='bbox 1202 2340 1452 2409; x_wconf 82' lang='grc' dir='ltr'>λέγοντος</span> <span class='ocrx_word' id='word_1_179' title='bbox 1479 2358 1493 2372; x_wconf 77' lang='grc' dir='ltr'><strong><em>ο</em></strong></span> <span class='ocrx_word' id='word_1_180' title='bbox 1525 2340 1638 2394; x_wconf 86' lang='grc' dir='ltr'>Πέ-</span> 
     </span>
    </p>
   </div>
   <div class='ocr_carea' id='block_1_24' title="bbox 82 2426 1634 2496">
    <p class='ocr_par' dir='ltr' id='par_1_24' title="bbox 82 2426 1634 2496">
     <span class='ocr_line' id='line_1_24' title="bbox 82 2426 1634 2496; baseline 0.002 -17"><span class='ocrx_word' id='word_1_181' title='bbox 82 2445 190 2496; x_wconf 83' lang='grc' dir='ltr'>τρε,</span> <span class='ocrx_word' id='word_1_182' title='bbox 223 2426 422 2496; x_wconf 83' lang='grc' dir='ltr'>Πέτρε,</span> <span class='ocrx_word' id='word_1_183' title='bbox 453 2426 754 2496; x_wconf 84' lang='grc' dir='ltr'>ἠθέλησεν</span> <span class='ocrx_word' id='word_1_184' title='bbox 794 2431 826 2482; x_wconf 80' lang='grc' dir='ltr'><em>ὁ</em></span> <span class='ocrx_word' id='word_1_185' title='bbox 856 2428 1126 2494; x_wconf 80' lang='grc' dir='ltr'>Σατανᾶς</span> <span class='ocrx_word' id='word_1_186' title='bbox 1158 2428 1428 2483; x_wconf 80' lang='grc' dir='ltr'>σινιάσαι</span> <span class='ocrx_word' id='word_1_187' title='bbox 1459 2426 1634 2496; x_wconf 85' lang='grc' dir='ltr'>ὑμᾶς,</span> 
     </span>
    </p>
   </div>
   <div class='ocr_carea' id='block_1_25' title="bbox 82 2514 1636 2585">
    <p class='ocr_par' dir='ltr' id='par_1_25' title="bbox 82 2514 1636 2585">
     <span class='ocr_line' id='line_1_25' title="bbox 82 2514 1636 2585; baseline -0.001 -18"><span class='ocrx_word' id='word_1_188' title='bbox 82 2517 154 2581; x_wconf 78' lang='grc' dir='ltr'>ὡς</span> <span class='ocrx_word' id='word_1_189' title='bbox 187 2516 294 2568; x_wconf 85' lang='grc' dir='ltr'>τὸν</span> <span class='ocrx_word' id='word_1_190' title='bbox 332 2514 522 2576; x_wconf 83' lang='grc' dir='ltr'>σῖτον,</span> <span class='ocrx_word' id='word_1_191' title='bbox 576 2515 675 2567; x_wconf 78' lang='grc' dir='ltr'>καὶ</span> <span class='ocrx_word' id='word_1_192' title='bbox 726 2515 984 2583; x_wconf 73' lang='grc' dir='ltr'>ἐδεήθην</span> <span class='ocrx_word' id='word_1_193' title='bbox 1035 2516 1167 2585; x_wconf 77' lang='grc' dir='ltr'>περὶ</span> <span class='ocrx_word' id='word_1_194' title='bbox 1216 2516 1367 2581; x_wconf 89' lang='grc' dir='ltr'>σοῦ,</span> <span class='ocrx_word' id='word_1_195' title='bbox 1415 2517 1515 2569; x_wconf 81' lang='grc' dir='ltr'>ἵνα</span> <span class='ocrx_word' id='word_1_196' title='bbox 1551 2515 1636 2583; x_wconf 82' lang='grc' dir='ltr'>μὴ</span> 
     </span>
    </p>
   </div>
   <div class='ocr_carea' id='block_1_26' title="bbox 80 2598 1638 2671">
    <p class='ocr_par' dir='ltr' id='par_1_26' title="bbox 80 2598 1638 2671">
     <span class='ocr_line' id='line_1_26' title="bbox 80 2598 1638 2671; baseline -0.003 -17"><span class='ocrx_word' id='word_1_197' title='bbox 80 2605 318 2669; x_wconf 71' lang='grc' dir='ltr'>ἐκλείπῃ</span> <span class='ocrx_word' id='word_1_198' title='bbox 347 2603 384 2668; x_wconf 71' lang='grc' dir='ltr'>ἡ</span> <span class='ocrx_word' id='word_1_199' title='bbox 408 2602 609 2666; x_wconf 77' lang='grc' dir='ltr'>πίστις</span> <span class='ocrx_word' id='word_1_200' title='bbox 632 2616 768 2655; x_wconf 87' lang='grc' dir='ltr'>σου.</span> <span class='ocrx_word' id='word_1_201' title='bbox 806 2602 917 2654; x_wconf 87' lang='lat' dir='ltr'>Kal</span> <span class='ocrx_word' id='word_1_202' title='bbox 958 2601 1213 2670; x_wconf 79' lang='grc' dir='ltr'>Ἰωάννης</span> <span class='ocrx_word' id='word_1_203' title='bbox 1240 2601 1375 2671; x_wconf 81' lang='grc' dir='ltr'>ἐλέῳ</span> <span class='ocrx_word' id='word_1_204' title='bbox 1400 2598 1638 2661; x_wconf 86' lang='grc' dir='ltr'>τοιοῦτος</span> 
     </span>
    </p>
   </div>
   <div class='ocr_carea' id='block_1_27' title="bbox 79 2684 1637 2759">
    <p class='ocr_par' dir='ltr' id='par_1_27' title="bbox 79 2684 1637 2759">
     <span class='ocr_line' id='line_1_27' title="bbox 79 2684 1637 2759; baseline -0.003 -18"><span class='ocrx_word' id='word_1_205' title='bbox 79 2687 159 2759; x_wconf 75' lang='grc' dir='ltr'>ἦν,</span> <span class='ocrx_word' id='word_1_206' title='bbox 180 2691 267 2743; x_wconf 73' lang='grc' dir='ltr'>καὶ</span> <span class='ocrx_word' id='word_1_207' title='bbox 298 2689 496 2750; x_wconf 76' lang='grc' dir='ltr'>πάντες</span> <span class='ocrx_word' id='word_1_208' title='bbox 519 2688 573 2741; x_wconf 84' lang='grc' dir='ltr'>δέ</span> <span class='ocrx_word' id='word_1_209' title='bbox 587 2688 773 2749; x_wconf 84' lang='grc' dir='ltr'>ἁπλῶς</span> <span class='ocrx_word' id='word_1_210' title='bbox 790 2690 835 2741; x_wconf 88' lang='grc' dir='ltr'>οί</span> <span class='ocrx_word' id='word_1_211' title='bbox 867 2688 1179 2741; x_wconf 84' lang='grc' dir='ltr'>ἀπόστολοι.</span> <span class='ocrx_word' id='word_1_212' title='bbox 1204 2689 1401 2741; x_wconf 77' lang='grc' dir='ltr'>’Ἄκουε</span> <span class='ocrx_word' id='word_1_213' title='bbox 1417 2686 1524 2756; x_wconf 80' lang='grc' dir='ltr'>γὰρ</span> <span class='ocrx_word' id='word_1_214' title='bbox 1543 2684 1637 2737; x_wconf 84' lang='grc' dir='ltr'>τοῦ</span> 
     </span>
    </p>
   </div>
   <div class='ocr_carea' id='block_1_28' title="bbox 80 2773 1637 2845">
    <p class='ocr_par' dir='ltr' id='par_1_28' title="bbox 80 2773 1637 2845">
     <span class='ocr_line' id='line_1_28' title="bbox 80 2773 1637 2845; baseline -0.004 -16"><span class='ocrx_word' id='word_1_215' title='bbox 80 2775 306 2845; x_wconf 77' lang='grc' dir='ltr'>Χριστοῦ</span> <span class='ocrx_word' id='word_1_216' title='bbox 336 2773 484 2845; x_wconf 66' lang='lat'>129.6]</span> <span class='ocrx_word' id='word_1_217' title='bbox 512 2774 667 2827; x_wconf 87' lang='grc' dir='ltr'>τοῦτο</span> <span class='ocrx_word' id='word_1_218' title='bbox 688 2775 1064 2845; x_wconf 81' lang='grc' dir='ltr'>αἰνιττομένου</span> <span class='ocrx_word' id='word_1_219' title='bbox 1092 2774 1185 2827; x_wconf 79' lang='grc' dir='ltr'>καὶ</span> <span class='ocrx_word' id='word_1_220' title='bbox 1206 2774 1488 2842; x_wconf 79' lang='grc' dir='ltr'>λέγοντος’</span> <span class='ocrx_word' id='word_1_221' title='bbox 1517 2773 1637 2840; x_wconf 83' lang='grc' dir='ltr'>Οὐχ</span> 
     </span>
    </p>
   </div>
   <div class='ocr_carea' id='block_1_29' title="bbox 80 2858 1633 2933">
    <p class='ocr_par' dir='ltr' id='par_1_29' title="bbox 80 2858 1633 2933">
     <span class='ocr_line' id='line_1_29' title="bbox 80 2858 1633 2933; baseline -0.001 -16"><span class='ocrx_word' id='word_1_222' title='bbox 80 2864 237 2931; x_wconf 65' lang='grc' dir='ltr'>ὑμεῖς</span> <span class='ocrx_word' id='word_1_223' title='bbox 255 2881 332 2933; x_wconf 87' lang='grc' dir='ltr'>με</span> <span class='ocrx_word' id='word_1_224' title='bbox 364 2862 747 2928; x_wconf 70' lang='grc' dir='ltr'>ἐξελέξασθε,</span> <span class='ocrx_word' id='word_1_225' title='bbox 778 2862 914 2915; x_wconf 82' lang='grc' dir='ltr'>ἀλλ’</span> <span class='ocrx_word' id='word_1_226' title='bbox 940 2860 1051 2932; x_wconf 77' lang='grc' dir='ltr'>ἐγὼ</span> <span class='ocrx_word' id='word_1_227' title='bbox 1075 2858 1446 2930; x_wconf 74' lang='grc' dir='ltr'>ἐξελεξάμην</span> <span class='ocrx_word' id='word_1_228' title='bbox 1462 2858 1633 2930; x_wconf 81' lang='grc' dir='ltr'>ὑμᾶς.</span> 
     </span>
    </p>
   </div>
   <div class='ocr_carea' id='block_1_30' title="bbox 79 2947 1641 3022">
    <p class='ocr_par' dir='ltr' id='par_1_30' title="bbox 79 2947 1641 3022">
     <span class='ocr_line' id='line_1_30' title="bbox 79 2947 1641 3022; baseline -0.004 -17"><span class='ocrx_word' id='word_1_229' title='bbox 79 2953 277 3013; x_wconf 82' lang='grc' dir='ltr'>Πάντες</span> <span class='ocrx_word' id='word_1_230' title='bbox 312 2950 419 3022; x_wconf 79' lang='grc' dir='ltr'>γὰρ</span> <span class='ocrx_word' id='word_1_231' title='bbox 464 2949 696 3021; x_wconf 81' lang='grc' dir='ltr'>δεόμεθα</span> <span class='ocrx_word' id='word_1_232' title='bbox 737 2949 832 3003; x_wconf 85' lang='grc' dir='ltr'>τοῦ</span> <span class='ocrx_word' id='word_1_233' title='bbox 870 2948 1052 3012; x_wconf 78' lang='grc' dir='ltr'>ἐλέους</span> <span class='ocrx_word' id='word_1_234' title='bbox 1092 2947 1187 3001; x_wconf 85' lang='grc' dir='ltr'>τοῦ</span> <span class='ocrx_word' id='word_1_235' title='bbox 1230 2947 1362 2999; x_wconf 87' lang='grc' dir='ltr'>Θεοῦ</span> <span class='ocrx_word' id='word_1_236' title='bbox 1387 2964 1400 2977; x_wconf 89' lang='grc'>·</span> <span class='ocrx_word' id='word_1_237' title='bbox 1434 2948 1641 3011; x_wconf 81' lang='grc' dir='ltr'>Ἔλεος</span> 
     </span>
    </p>
   </div>
   <div class='ocr_carea' id='block_1_31' title="bbox 76 3025 1640 3108">
    <p class='ocr_par' dir='ltr' id='par_1_31' title="bbox 76 3025 1640 3108">
     <span class='ocr_line' id='line_1_31' title="bbox 76 3025 1640 3108; baseline -0.004 -16"><span class='ocrx_word' id='word_1_238' title='bbox 76 3042 179 3108; x_wconf 68' lang='grc' dir='ltr'>γὰρ</span> <span class='ocrx_word' id='word_1_239' title='bbox 218 3040 401 3102; x_wconf 87' lang='grc' dir='ltr'>Θεοῦ,</span> <span class='ocrx_word' id='word_1_240' title='bbox 430 3039 615 3107; x_wconf 73' lang='grc' dir='ltr'>φησὶν,</span> <span class='ocrx_word' id='word_1_241' title='bbox 659 3036 758 3089; x_wconf 75' lang='grc' dir='ltr'>ἐπὶ</span> <span class='ocrx_word' id='word_1_242' title='bbox 799 3035 1006 3093; x_wconf 82' lang='grc' dir='ltr'>πᾶσαν</span> <span class='ocrx_word' id='word_1_243' title='bbox 1035 3035 1249 3102; x_wconf 80' lang='grc' dir='ltr'>σάρκα.</span> <span class='ocrx_word' id='word_1_244' title='bbox 1295 3034 1357 3086; x_wconf 85' lang='grc' dir='ltr'><strong>Εἰ</strong></span> <span class='ocrx_word' id='word_1_245' title='bbox 1398 3034 1455 3087; x_wconf 87' lang='grc' dir='ltr'>δὲ</span> <span class='ocrx_word' id='word_1_246' title='bbox 1494 3025 1640 3086; x_wconf 80' lang='grc' dir='ltr'>οὗτοι</span> 
     </span>
    </p>
   </div>
   <div class='ocr_carea' id='block_1_32' title="bbox 73 3119 1642 3190">
    <p class='ocr_par' dir='ltr' id='par_1_32' title="bbox 73 3119 1642 3190">
     <span class='ocr_line' id='line_1_32' title="bbox 73 3119 1642 3190; baseline -0.006 -10"><span class='ocrx_word' id='word_1_247' title='bbox 73 3128 276 3180; x_wconf 76' lang='grc' dir='ltr'>ἐδέοντο</span> <span class='ocrx_word' id='word_1_248' title='bbox 318 3125 414 3179; x_wconf 89' lang='grc' dir='ltr'>τοῦ</span> <span class='ocrx_word' id='word_1_249' title='bbox 452 3126 634 3188; x_wconf 83' lang='grc' dir='ltr'>ἐλέους</span> <span class='ocrx_word' id='word_1_250' title='bbox 665 3124 758 3177; x_wconf 91' lang='grc' dir='ltr'>τοῦ</span> <span class='ocrx_word' id='word_1_251' title='bbox 790 3122 949 3187; x_wconf 89' lang='grc' dir='ltr'>Θεοῦ,</span> <span class='ocrx_word' id='word_1_252' title='bbox 992 3122 1046 3175; x_wconf 82' lang='grc' dir='ltr'>τί</span> <span class='ocrx_word' id='word_1_253' title='bbox 1082 3120 1149 3175; x_wconf 78' lang='grc' dir='ltr'>ἄν</span> <span class='ocrx_word' id='word_1_254' title='bbox 1191 3138 1276 3183; x_wconf 85' lang='grc' dir='ltr'>τις</span> <span class='ocrx_word' id='word_1_255' title='bbox 1322 3120 1467 3173; x_wconf 78' lang='grc' dir='ltr'>εἴποι</span> <span class='ocrx_word' id='word_1_256' title='bbox 1513 3119 1642 3190; x_wconf 75' lang='grc' dir='ltr'>περὶ</span> 
     </span>
    </p>
   </div>
   <div class='ocr_carea' id='block_1_33' title="bbox 73 3206 1642 3282">
    <p class='ocr_par' dir='ltr' id='par_1_33' title="bbox 73 3206 1642 3282">
     <span class='ocr_line' id='line_1_33' title="bbox 73 3206 1642 3282; baseline -0.004 -17"><span class='ocrx_word' id='word_1_257' title='bbox 73 3215 174 3267; x_wconf 81' lang='grc' dir='ltr'>τῶν</span> <span class='ocrx_word' id='word_1_258' title='bbox 199 3213 437 3278; x_wconf 76' lang='grc' dir='ltr'>λοιπῶν;</span> <span class='ocrx_word' id='word_1_259' title='bbox 474 3212 644 3265; x_wconf 84' lang='grc' dir='ltr'>Πόθεν</span> <span class='ocrx_word' id='word_1_260' title='bbox 670 3212 801 3282; x_wconf 79' lang='grc' dir='ltr'>γάρ,</span> <span class='ocrx_word' id='word_1_261' title='bbox 834 3208 955 3263; x_wconf 76' lang='grc' dir='ltr'>εἰπέ</span> <span class='ocrx_word' id='word_1_262' title='bbox 980 3226 1091 3280; x_wconf 88' lang='grc' dir='ltr'>μοι,</span> <span class='ocrx_word' id='word_1_263' title='bbox 1128 3208 1219 3261; x_wconf 82' lang='grc' dir='ltr'>τὸν</span> <span class='ocrx_word' id='word_1_264' title='bbox 1246 3207 1400 3277; x_wconf 74' lang='grc' dir='ltr'>ἥλιον</span> <span class='ocrx_word' id='word_1_265' title='bbox 1420 3206 1642 3259; x_wconf 86' lang='grc' dir='ltr'>ἀνατέλ-</span> 
     </span>
    </p>
   </div>
   <div class='ocr_carea' id='block_1_34' title="bbox 74 3292 1639 3370">
    <p class='ocr_par' dir='ltr' id='par_1_34' title="bbox 74 3292 1639 3370">
     <span class='ocr_line' id='line_1_34' title="bbox 74 3292 1639 3370; baseline -0.004 -18"><span class='ocrx_word' id='word_1_266' title='bbox 74 3302 149 3353; x_wconf 62' lang='lat' dir='ltr'>is:</span> <span class='ocrx_word' id='word_1_267' title='bbox 174 3301 265 3353; x_wconf 76' lang='grc' dir='ltr'>ἐπὶ</span> <span class='ocrx_word' id='word_1_268' title='bbox 280 3300 551 3370; x_wconf 78' lang='grc' dir='ltr'>πονηροὺς</span> <span class='ocrx_word' id='word_1_269' title='bbox 580 3297 677 3353; x_wconf 74' lang='lat' dir='ltr'><strong>xal</strong></span> <span class='ocrx_word' id='word_1_270' title='bbox 704 3295 980 3364; x_wconf 83' lang='grc' dir='ltr'>άγαθούς;</span> <span class='ocrx_word' id='word_1_271' title='bbox 1014 3295 1081 3348; x_wconf 88' lang='grc' dir='ltr'>Τί</span> <span class='ocrx_word' id='word_1_272' title='bbox 1099 3294 1156 3348; x_wconf 78' lang='grc' dir='ltr'>δέ</span> <span class='ocrx_word' id='word_1_273' title='bbox 1176 3310 1191 3359; x_wconf 89' lang='grc'><strong>;</strong></span> <span class='ocrx_word' id='word_1_274' title='bbox 1209 3295 1257 3346; x_wconf 79' lang='grc' dir='ltr'>εί</span> <span class='ocrx_word' id='word_1_275' title='bbox 1276 3292 1437 3364; x_wconf 89' lang='grc' dir='ltr'>μόνον</span> <span class='ocrx_word' id='word_1_276' title='bbox 1458 3294 1639 3348; x_wconf 88' lang='grc' dir='ltr'>ἐνιαυ-</span> 
     </span>
    </p>
   </div>
   <div class='ocr_carea' id='block_1_35' title="bbox 72 3380 1639 3456">
    <p class='ocr_par' dir='ltr' id='par_1_35' title="bbox 72 3380 1639 3456">
     <span class='ocr_line' id='line_1_35' title="bbox 72 3380 1639 3456; baseline -0.005 -15"><span class='ocrx_word' id='word_1_277' title='bbox 72 3390 161 3443; x_wconf 63' lang='grc' dir='ltr'>τόν</span> <span class='ocrx_word' id='word_1_278' title='bbox 210 3390 369 3443; x_wconf 78' lang='grc' dir='ltr'>ὑετὸν</span> <span class='ocrx_word' id='word_1_279' title='bbox 409 3389 661 3456; x_wconf 83' lang='grc' dir='ltr'>ἐπέσχεν,</span> <span class='ocrx_word' id='word_1_280' title='bbox 705 3386 805 3440; x_wconf 74' lang='grc' dir='ltr'>οὐκ</span> <span class='ocrx_word' id='word_1_281' title='bbox 863 3384 930 3439; x_wconf 83' lang='grc' dir='ltr'>ἂν</span> <span class='ocrx_word' id='word_1_282' title='bbox 972 3382 1218 3445; x_wconf 74' lang='grc' dir='ltr'>ἅπαντας</span> <span class='ocrx_word' id='word_1_283' title='bbox 1259 3381 1538 3447; x_wconf 79' lang='grc' dir='ltr'>ἀπώλεσε;</span> <span class='ocrx_word' id='word_1_284' title='bbox 1583 3380 1639 3434; x_wconf 84' lang='grc' dir='ltr'>τί</span> 
     </span>
    </p>
   </div>
   <div class='ocr_carea' id='block_1_36' title="bbox 72 3468 1637 3549">
    <p class='ocr_par' dir='ltr' id='par_1_36' title="bbox 72 3468 1637 3549">
     <span class='ocr_line' id='line_1_36' title="bbox 72 3468 1637 3549; baseline -0.007 -18"><span class='ocrx_word' id='word_1_285' title='bbox 72 3478 144 3542; x_wconf 83' lang='grc' dir='ltr'>δέ,</span> <span class='ocrx_word' id='word_1_286' title='bbox 174 3480 223 3532; x_wconf 87' lang='grc' dir='ltr'>εἰ</span> <span class='ocrx_word' id='word_1_287' title='bbox 268 3478 579 3549; x_wconf 75' lang='grc' dir='ltr'>ἐπομϐρίαν</span> <span class='ocrx_word' id='word_1_288' title='bbox 610 3476 939 3548; x_wconf 76' lang='grc' dir='ltr'>είργάσατος</span> <span class='ocrx_word' id='word_1_289' title='bbox 975 3471 1135 3536; x_wconf 79' lang='grc' dir='ltr'>τίδὲ,</span> <span class='ocrx_word' id='word_1_290' title='bbox 1172 3471 1222 3524; x_wconf 78' lang='grc' dir='ltr'>εἰ</span> <span class='ocrx_word' id='word_1_291' title='bbox 1265 3468 1378 3541; x_wconf 87' lang='grc' dir='ltr'>πῦρ</span> <span class='ocrx_word' id='word_1_292' title='bbox 1416 3468 1637 3541; x_wconf 79' lang='grc' dir='ltr'>ἐδρεξε;</span> 
     </span>
    </p>
   </div>
   <div class='ocr_carea' id='block_1_37' title="bbox 72 3557 1640 3636">
    <p class='ocr_par' dir='ltr' id='par_1_37' title="bbox 72 3557 1640 3636">
     <span class='ocr_line' id='line_1_37' title="bbox 72 3557 1640 3636; baseline -0.006 -18"><span class='ocrx_word' id='word_1_293' title='bbox 72 3565 223 3631; x_wconf 77' lang='grc' dir='ltr'>τίδὲ,</span> <span class='ocrx_word' id='word_1_294' title='bbox 255 3566 307 3619; x_wconf 83' lang='grc' dir='ltr'>εί</span> <span class='ocrx_word' id='word_1_295' title='bbox 341 3565 504 3636; x_wconf 82' lang='grc' dir='ltr'>μυίας</span> <span class='ocrx_word' id='word_1_296' title='bbox 552 3562 833 3633; x_wconf 57' lang='grc' dir='ltr'>ἐπεμιιανς</span> <span class='ocrx_word' id='word_1_297' title='bbox 887 3558 1048 3614; x_wconf 81' lang='grc' dir='ltr'>Ἀλλὰ</span> <span class='ocrx_word' id='word_1_298' title='bbox 1086 3559 1142 3612; x_wconf 88' lang='grc' dir='ltr'>τί</span> <span class='ocrx_word' id='word_1_299' title='bbox 1185 3558 1357 3612; x_wconf 86' lang='grc' dir='ltr'>ταῦτα</span> <span class='ocrx_word' id='word_1_300' title='bbox 1385 3557 1565 3624; x_wconf 72' lang='grc' dir='ltr'>λέγω;</span> <span class='ocrx_word' id='word_1_301' title='bbox 1590 3557 1640 3610; x_wconf 83' lang='grc' dir='ltr'>εί</span> 
     </span>
    </p>
   </div>
   <div class='ocr_carea' id='block_1_38' title="bbox 75 3642 1640 3723">
    <p class='ocr_par' dir='ltr' id='par_1_38' title="bbox 75 3642 1640 3723">
     <span class='ocr_line' id='line_1_38' title="bbox 75 3642 1640 3723; baseline -0.006 -17"><span class='ocrx_word' id='word_1_302' title='bbox 75 3652 258 3715; x_wconf 76' lang='grc' dir='ltr'>σκότος</span> <span class='ocrx_word' id='word_1_303' title='bbox 285 3651 565 3723; x_wconf 81' lang='grc' dir='ltr'>ἐποίησεν,</span> <span class='ocrx_word' id='word_1_304' title='bbox 594 3647 708 3703; x_wconf 81' lang='grc' dir='ltr'>οἷόν</span> <span class='ocrx_word' id='word_1_305' title='bbox 738 3666 891 3712; x_wconf 81' lang='grc' dir='ltr'>ποτε,</span> <span class='ocrx_word' id='word_1_306' title='bbox 922 3648 1023 3701; x_wconf 79' lang='grc' dir='ltr'>οὐκ</span> <span class='ocrx_word' id='word_1_307' title='bbox 1053 3649 1120 3701; x_wconf 80' lang='grc' dir='ltr'>ἂν</span> <span class='ocrx_word' id='word_1_308' title='bbox 1147 3645 1392 3708; x_wconf 73' lang='grc' dir='ltr'>ἅπαντας</span> <span class='ocrx_word' id='word_1_309' title='bbox 1422 3642 1640 3697; x_wconf 83' lang='grc' dir='ltr'>ἀπώλε-</span> 
     </span>
    </p>
   </div>
   <div class='ocr_carea' id='block_1_39' title="bbox 72 3730 1636 3810">
    <p class='ocr_par' dir='ltr' id='par_1_39' title="bbox 72 3730 1636 3810">
     <span class='ocr_line' id='line_1_39' title="bbox 72 3730 1636 3810; baseline -0.007 -17"><span class='ocrx_word' id='word_1_310' title='bbox 72 3755 186 3805; x_wconf 76' lang='grc' dir='ltr'>σενς</span> <span class='ocrx_word' id='word_1_311' title='bbox 220 3740 270 3792; x_wconf 85' lang='grc' dir='ltr'>εἰ</span> <span class='ocrx_word' id='word_1_312' title='bbox 288 3739 391 3810; x_wconf 81' lang='grc' dir='ltr'>τὴν</span> <span class='ocrx_word' id='word_1_313' title='bbox 408 3739 510 3809; x_wconf 81' lang='grc' dir='ltr'>γῆν</span> <span class='ocrx_word' id='word_1_314' title='bbox 538 3738 803 3803; x_wconf 82' lang='grc' dir='ltr'>ἐτίναξεν,</span> <span class='ocrx_word' id='word_1_315' title='bbox 828 3737 928 3788; x_wconf 80' lang='grc' dir='ltr'>οῦκ</span> <span class='ocrx_word' id='word_1_316' title='bbox 958 3734 1026 3788; x_wconf 80' lang='grc' dir='ltr'>ἄν</span> <span class='ocrx_word' id='word_1_317' title='bbox 1055 3734 1293 3795; x_wconf 80' lang='grc' dir='ltr'>άπαντες</span> <span class='ocrx_word' id='word_1_318' title='bbox 1323 3730 1636 3795; x_wconf 84' lang='grc' dir='ltr'>ἀπώλοντο;</span> 
     </span>
    </p>
   </div>
   <div class='ocr_carea' id='block_1_40' title="bbox 76 3816 1639 3894">
    <p class='ocr_par' dir='ltr' id='par_1_40' title="bbox 76 3816 1639 3894">
     <span class='ocr_line' id='line_1_40' title="bbox 76 3816 1639 3894; baseline -0.006 -15"><span class='ocrx_word' id='word_1_319' title='bbox 76 3826 133 3879; x_wconf 82' lang='grc' dir='ltr'>Τί</span> <span class='ocrx_word' id='word_1_320' title='bbox 165 3826 340 3881; x_wconf 80' lang='grc' dir='ltr'>ἐστιν</span> <span class='ocrx_word' id='word_1_321' title='bbox 383 3825 714 3894; x_wconf 80' lang='grc' dir='ltr'>ἄνθρωπος,</span> <span class='ocrx_word' id='word_1_322' title='bbox 772 3824 861 3877; x_wconf 86' lang='grc' dir='ltr'>ὅτι</span> <span class='ocrx_word' id='word_1_323' title='bbox 903 3822 1218 3890; x_wconf 74' lang='grc' dir='ltr'>μιμνήσκῃ</span> <span class='ocrx_word' id='word_1_324' title='bbox 1274 3817 1496 3881; x_wconf 85' lang='grc' dir='ltr'>αὐτοῦ;</span> <span class='ocrx_word' id='word_1_325' title='bbox 1530 3816 1639 3871; x_wconf 80' lang='grc' dir='ltr'>Εὕ-</span> 
     </span>
    </p>
   </div>
   <div class='ocr_carea' id='block_1_41' title="bbox 73 3905 1640 3983">
    <p class='ocr_par' dir='ltr' id='par_1_41' title="bbox 73 3905 1640 3983">
     <span class='ocr_line' id='line_1_41' title="bbox 73 3905 1640 3983; baseline -0.004 -20"><span class='ocrx_word' id='word_1_326' title='bbox 73 3929 255 3983; x_wconf 72' lang='grc' dir='ltr'>κιιρον</span> <span class='ocrx_word' id='word_1_327' title='bbox 290 3914 467 3965; x_wconf 83' lang='grc' dir='ltr'>εἰπεῖν</span> <span class='ocrx_word' id='word_1_328' title='bbox 485 3911 580 3966; x_wconf 88' lang='grc' dir='ltr'>νῦν</span> <span class='ocrx_word' id='word_1_329' title='bbox 604 3928 618 3942; x_wconf 88' lang='grc'><strong>·</strong></span> <span class='ocrx_word' id='word_1_330' title='bbox 648 3911 715 3965; x_wconf 85' lang='grc' dir='ltr'>ἂν</span> <span class='ocrx_word' id='word_1_331' title='bbox 744 3909 1015 3981; x_wconf 77' lang='grc' dir='ltr'>ἀπειλήσῃ</span> <span class='ocrx_word' id='word_1_332' title='bbox 1040 3909 1104 3979; x_wconf 78' lang='grc' dir='ltr'>τῇ</span> <span class='ocrx_word' id='word_1_333' title='bbox 1126 3909 1196 3978; x_wconf 79' lang='grc' dir='ltr'>γῇ</span> <span class='ocrx_word' id='word_1_334' title='bbox 1232 3907 1412 3976; x_wconf 85' lang='grc' dir='ltr'>μόνον,</span> <span class='ocrx_word' id='word_1_335' title='bbox 1438 3905 1640 3967; x_wconf 82' lang='grc' dir='ltr'>πάντες</span> 
     </span>
    </p>
   </div>
   <div class='ocr_carea' id='block_1_42' title="bbox 72 3990 1635 4067">
    <p class='ocr_par' dir='ltr' id='par_1_42' title="bbox 72 3990 1635 4067">
     <span class='ocr_line' id='line_1_42' title="bbox 72 3990 1635 4067; baseline -0.006 -15"><span class='ocrx_word' id='word_1_336' title='bbox 72 3994 147 4063; x_wconf 74' lang='grc' dir='ltr'>εἷς</span> <span class='ocrx_word' id='word_1_337' title='bbox 167 4000 420 4067; x_wconf 84' lang='grc' dir='ltr'>ἐγένοντο</span> <span class='ocrx_word' id='word_1_338' title='bbox 442 4000 631 4066; x_wconf 82' lang='grc' dir='ltr'>τάφος.</span> <span class='ocrx_word' id='word_1_339' title='bbox 669 3998 763 4063; x_wconf 82' lang='grc' dir='ltr'>Ὠς</span> <span class='ocrx_word' id='word_1_340' title='bbox 788 3995 1031 4064; x_wconf 79' lang='grc' dir='ltr'>σταγὼν</span> <span class='ocrx_word' id='word_1_341' title='bbox 1050 3996 1268 4059; x_wconf 79' lang='grc' dir='ltr'>ὕδατος</span> <span class='ocrx_word' id='word_1_342' title='bbox 1282 3993 1399 4047; x_wconf 80' lang='grc' dir='ltr'>ἀπὸ</span> <span class='ocrx_word' id='word_1_343' title='bbox 1426 3990 1635 4054; x_wconf 77' lang='grc' dir='ltr'>κάδου,</span> 
     </span>
    </p>
   </div>
   <div class='ocr_carea' id='block_1_43' title="bbox 73 4076 1637 4156">
    <p class='ocr_par' dir='ltr' id='par_1_43' title="bbox 73 4076 1637 4156">
     <span class='ocr_line' id='line_1_43' title="bbox 73 4076 1637 4156; baseline -0.008 -16"><span class='ocrx_word' id='word_1_344' title='bbox 73 4086 247 4156; x_wconf 67' lang='grc' dir='ltr'>φησιν,</span> <span class='ocrx_word' id='word_1_345' title='bbox 278 4085 434 4139; x_wconf 82' lang='grc' dir='ltr'>οὕτω</span> <span class='ocrx_word' id='word_1_346' title='bbox 474 4086 546 4137; x_wconf 82' lang='grc' dir='ltr'>τὰ</span> <span class='ocrx_word' id='word_1_347' title='bbox 575 4077 732 4149; x_wconf 57' lang='grc' dir='ltr'>ῐθνη</span> <span class='ocrx_word' id='word_1_348' title='bbox 757 4082 1012 4134; x_wconf 70' lang='grc' dir='ltr'>ἐνώπιον</span> <span class='ocrx_word' id='word_1_349' title='bbox 1043 4079 1228 4134; x_wconf 83' lang='grc' dir='ltr'>αὑτοῦ</span> <span class='ocrx_word' id='word_1_350' title='bbox 1256 4093 1267 4106; x_wconf 76' lang='grc'><strong><em>⁸</em></strong></span> <span class='ocrx_word' id='word_1_351' title='bbox 1308 4078 1387 4142; x_wconf 89' lang='grc' dir='ltr'>ὡς</span> <span class='ocrx_word' id='word_1_352' title='bbox 1423 4076 1637 4140; x_wconf 86' lang='grc' dir='ltr'>σίελος</span> 
     </span>
    </p>
   </div>
   <div class='ocr_carea' id='block_1_44' title="bbox 69 4162 1637 4241">
    <p class='ocr_par' dir='ltr' id='par_1_44' title="bbox 69 4162 1637 4241">
     <span class='ocr_line' id='line_1_44' title="bbox 69 4162 1637 4241; baseline -0.008 -16"><span class='ocrx_word' id='word_1_353' title='bbox 69 4171 558 4241; x_wconf 80' lang='grc' dir='ltr'>λογισθήσονται,</span> <span class='ocrx_word' id='word_1_354' title='bbox 590 4171 669 4235; x_wconf 86' lang='grc' dir='ltr'>ὡς</span> <span class='ocrx_word' id='word_1_355' title='bbox 690 4166 849 4237; x_wconf 78' lang='grc' dir='ltr'>ῥοπὴ</span> <span class='ocrx_word' id='word_1_356' title='bbox 885 4165 1084 4235; x_wconf 72' lang='grc' dir='ltr'>ζυγοῦ.</span> <span class='ocrx_word' id='word_1_357' title='bbox 1127 4165 1213 4227; x_wconf 84' lang='grc' dir='ltr'>Ὠς</span> <span class='ocrx_word' id='word_1_358' title='bbox 1256 4162 1475 4215; x_wconf 82' lang='grc' dir='ltr'>εῦκολον</span> <span class='ocrx_word' id='word_1_359' title='bbox 1505 4162 1637 4231; x_wconf 79' lang='grc' dir='ltr'>ἡμῖν</span> 
     </span>
    </p>
   </div>
   <div class='ocr_carea' id='block_1_45' title="bbox 70 4248 1635 4331">
    <p class='ocr_par' dir='ltr' id='par_1_45' title="bbox 70 4248 1635 4331">
     <span class='ocr_line' id='line_1_45' title="bbox 70 4248 1635 4331; baseline -0.009 -18"><span class='ocrx_word' id='word_1_360' title='bbox 70 4259 162 4330; x_wconf 82' lang='grc' dir='ltr'>τὴν</span> <span class='ocrx_word' id='word_1_361' title='bbox 192 4257 471 4331; x_wconf 80' lang='grc' dir='ltr'>τρυτάνην</span> <span class='ocrx_word' id='word_1_362' title='bbox 500 4257 738 4327; x_wconf 83' lang='grc' dir='ltr'>κινῆσαι,</span> <span class='ocrx_word' id='word_1_363' title='bbox 766 4252 940 4317; x_wconf 73' lang='grc' dir='ltr'>οὕτως</span> <span class='ocrx_word' id='word_1_364' title='bbox 967 4249 1116 4323; x_wconf 86' lang='grc' dir='ltr'>αύτῷ</span> <span class='ocrx_word' id='word_1_365' title='bbox 1146 4249 1323 4303; x_wconf 86' lang='grc' dir='ltr'>πάντα</span> <span class='ocrx_word' id='word_1_366' title='bbox 1348 4248 1635 4313; x_wconf 77' lang='grc' dir='ltr'>ἀπολέσαι,</span> 
     </span>
    </p>
   </div>
   <div class='ocr_carea' id='block_1_46' title="bbox 70 4335 1637 4417">
    <p class='ocr_par' dir='ltr' id='par_1_46' title="bbox 70 4335 1637 4417">
     <span class='ocr_line' id='line_1_46' title="bbox 70 4335 1637 4417; baseline -0.009 -18"><span class='ocrx_word' id='word_1_367' title='bbox 70 4346 160 4399; x_wconf 69' lang='grc' dir='ltr'>καὶ</span> <span class='ocrx_word' id='word_1_368' title='bbox 187 4346 413 4417; x_wconf 79' lang='grc' dir='ltr'>ποιῆσαι</span> <span class='ocrx_word' id='word_1_369' title='bbox 451 4344 635 4398; x_wconf 84' lang='grc' dir='ltr'>πάλιν.</span> <span class='ocrx_word' id='word_1_370' title='bbox 684 4343 743 4395; x_wconf 87' lang='lat' dir='ltr'><strong>&#39;O</strong></span> <span class='ocrx_word' id='word_1_371' title='bbox 787 4340 966 4393; x_wconf 80' lang='grc' dir='ltr'>τοίνυν</span> <span class='ocrx_word' id='word_1_372' title='bbox 1010 4336 1280 4408; x_wconf 81' lang='grc' dir='ltr'>τοσαύτην</span> <span class='ocrx_word' id='word_1_373' title='bbox 1313 4336 1450 4407; x_wconf 79' lang='grc' dir='ltr'>ἔχων</span> <span class='ocrx_word' id='word_1_374' title='bbox 1486 4335 1637 4399; x_wconf 79' lang='grc' dir='ltr'>ἐξου-</span> 
     </span>
    </p>
   </div>
   <div class='ocr_carea' id='block_1_47' title="bbox 73 4420 1637 4503">
    <p class='ocr_par' dir='ltr' id='par_1_47' title="bbox 73 4420 1637 4503">
     <span class='ocr_line' id='line_1_47' title="bbox 73 4420 1637 4503; baseline -0.007 -19"><span class='ocrx_word' id='word_1_375' title='bbox 73 4432 185 4486; x_wconf 85' lang='grc' dir='ltr'>σίαν</span> <span class='ocrx_word' id='word_1_376' title='bbox 214 4433 397 4503; x_wconf 81' lang='grc' dir='ltr'>ήμῶν,</span> <span class='ocrx_word' id='word_1_377' title='bbox 429 4433 525 4486; x_wconf 75' lang='grc' dir='ltr'>καὶ</span> <span class='ocrx_word' id='word_1_378' title='bbox 564 4430 706 4502; x_wconf 86' lang='grc' dir='ltr'>όρῶν</span> <span class='ocrx_word' id='word_1_379' title='bbox 732 4429 880 4499; x_wconf 81' lang='grc' dir='ltr'>ἡμᾶς</span> <span class='ocrx_word' id='word_1_380' title='bbox 928 4425 1050 4481; x_wconf 80' lang='grc' dir='ltr'>καθ’</span> <span class='ocrx_word' id='word_1_381' title='bbox 1101 4425 1339 4494; x_wconf 83' lang='grc' dir='ltr'>ἑκάστην</span> <span class='ocrx_word' id='word_1_382' title='bbox 1387 4420 1637 4491; x_wconf 84' lang='grc' dir='ltr'>ἁμαρτά-</span> 
     </span>
    </p>
   </div>
   <div class='ocr_carea' id='block_1_48' title="bbox 70 4508 1631 4589">
    <p class='ocr_par' dir='ltr' id='par_1_48' title="bbox 70 4508 1631 4589">
     <span class='ocr_line' id='line_1_48' title="bbox 70 4508 1631 4589; baseline -0.01 -16"><span class='ocrx_word' id='word_1_383' title='bbox 70 4537 277 4583; x_wconf 83' lang='grc' dir='ltr'>νοντας,</span> <span class='ocrx_word' id='word_1_384' title='bbox 324 4520 423 4572; x_wconf 76' lang='grc' dir='ltr'>καὶ</span> <span class='ocrx_word' id='word_1_385' title='bbox 473 4518 547 4589; x_wconf 83' lang='grc' dir='ltr'>μὴ</span> <span class='ocrx_word' id='word_1_386' title='bbox 600 4515 862 4587; x_wconf 73' lang='grc' dir='ltr'>κολάζων,</span> <span class='ocrx_word' id='word_1_387' title='bbox 917 4512 1038 4583; x_wconf 73' lang='grc' dir='ltr'>οὐχὶ</span> <span class='ocrx_word' id='word_1_388' title='bbox 1072 4512 1206 4581; x_wconf 79' lang='grc' dir='ltr'>ἐλέῳ</span> <span class='ocrx_word' id='word_1_389' title='bbox 1252 4508 1631 4573; x_wconf 73' lang='grc' dir='ltr'>διαϐαστάξεις</span> 
     </span>
    </p>
   </div>
   <div class='ocr_carea' id='block_1_49' title="bbox 82 4595 1635 4676">
    <p class='ocr_par' dir='ltr' id='par_1_49' title="bbox 82 4595 1635 4676">
     <span class='ocr_line' id='line_1_49' title="bbox 82 4595 1635 4676; baseline -0.007 -18"><span class='ocrx_word' id='word_1_390' title='bbox 82 4606 231 4659; x_wconf 71' lang='grc' dir='ltr'>Ἐπεὶ</span> <span class='ocrx_word' id='word_1_391' title='bbox 261 4606 361 4660; x_wconf 75' lang='grc' dir='ltr'>καὶ</span> <span class='ocrx_word' id='word_1_392' title='bbox 386 4605 453 4658; x_wconf 79' lang='grc' dir='ltr'>τὰ</span> <span class='ocrx_word' id='word_1_393' title='bbox 483 4606 654 4676; x_wconf 84' lang='grc' dir='ltr'>κτήνη</span> <span class='ocrx_word' id='word_1_394' title='bbox 685 4602 819 4672; x_wconf 88' lang='grc' dir='ltr'>ἐλέῳ</span> <span class='ocrx_word' id='word_1_395' title='bbox 848 4600 964 4653; x_wconf 75' lang='grc' dir='ltr'>ἐστι</span> <span class='ocrx_word' id='word_1_396' title='bbox 994 4615 1055 4650; x_wconf 87' lang='grc' dir='ltr'>τε</span> <span class='ocrx_word' id='word_1_397' title='bbox 1082 4598 1179 4651; x_wconf 72' lang='grc' dir='ltr'>καὶ</span> <span class='ocrx_word' id='word_1_398' title='bbox 1208 4596 1472 4659; x_wconf 74' lang='grc' dir='ltr'>σώζεταιο</span> <span class='ocrx_word' id='word_1_399' title='bbox 1514 4595 1635 4648; x_wconf 82' lang='grc' dir='ltr'>Ἁν-</span> 
     </span>
    </p>
   </div>
   <div class='ocr_carea' id='block_1_50' title="bbox 69 4681 1630 4763">
    <p class='ocr_par' dir='ltr' id='par_1_50' title="bbox 69 4681 1630 4763">
     <span class='ocr_line' id='line_1_50' title="bbox 69 4681 1630 4763; baseline -0.006 -18"><span class='ocrx_word' id='word_1_400' title='bbox 69 4692 339 4760; x_wconf 83' lang='grc' dir='ltr'>θρώπους</span> <span class='ocrx_word' id='word_1_401' title='bbox 364 4693 493 4763; x_wconf 83' lang='grc' dir='ltr'>γὰρ,</span> <span class='ocrx_word' id='word_1_402' title='bbox 537 4691 693 4762; x_wconf 74' lang='grc' dir='ltr'>φησὶ,</span> <span class='ocrx_word' id='word_1_403' title='bbox 737 4688 837 4741; x_wconf 78' lang='grc' dir='ltr'>καὶ</span> <span class='ocrx_word' id='word_1_404' title='bbox 866 4684 1060 4752; x_wconf 87' lang='grc' dir='ltr'>κτήνη</span> <span class='ocrx_word' id='word_1_405' title='bbox 1120 4684 1341 4748; x_wconf 85' lang='grc' dir='ltr'>σώσεις</span> <span class='ocrx_word' id='word_1_406' title='bbox 1368 4721 1384 4747; x_wconf 93' lang='grc'>,</span> <span class='ocrx_word' id='word_1_407' title='bbox 1433 4681 1630 4748; x_wconf 75' lang='grc' dir='ltr'>Κύριε.</span> 
     </span>
    </p>
   </div>
   <div class='ocr_carea' id='block_1_51' title="bbox 68 4766 1637 4849">
    <p class='ocr_par' dir='ltr' id='par_1_51' title="bbox 68 4766 1637 4849">
     <span class='ocr_line' id='line_1_51' title="bbox 68 4766 1637 4849; baseline -0.008 -16"><span class='ocrx_word' id='word_1_408' title='bbox 68 4775 217 4833; x_wconf 79' lang='grc' dir='ltr'>Εἷδεν</span> <span class='ocrx_word' id='word_1_409' title='bbox 252 4781 352 4833; x_wconf 74' lang='grc' dir='ltr'>ἐπὶ</span> <span class='ocrx_word' id='word_1_410' title='bbox 389 4779 487 4847; x_wconf 77' lang='grc' dir='ltr'>τὴν</span> <span class='ocrx_word' id='word_1_411' title='bbox 530 4779 654 4849; x_wconf 84' lang='grc' dir='ltr'>γῆν,</span> <span class='ocrx_word' id='word_1_412' title='bbox 695 4776 788 4830; x_wconf 78' lang='lat' dir='ltr'><strong>xal</strong></span> <span class='ocrx_word' id='word_1_413' title='bbox 825 4772 1057 4844; x_wconf 75' lang='grc' dir='ltr'>ἔπλησεν</span> <span class='ocrx_word' id='word_1_414' title='bbox 1109 4769 1277 4841; x_wconf 78' lang='grc' dir='ltr'>αὐτὴν</span> <span class='ocrx_word' id='word_1_415' title='bbox 1328 4766 1501 4832; x_wconf 78' lang='grc' dir='ltr'>ζώων.</span> <span class='ocrx_word' id='word_1_416' title='bbox 1538 4767 1637 4821; x_wconf 77' lang='grc' dir='ltr'>Διὰ</span> 
     </span>
    </p>
   </div>
   <div class='ocr_carea' id='block_1_52' title="bbox 67 4853 1637 4932">
    <p class='ocr_par' dir='ltr' id='par_1_52' title="bbox 67 4853 1637 4932">
     <span class='ocr_line' id='line_1_52' title="bbox 67 4853 1637 4932; baseline -0.006 -15"><span class='ocrx_word' id='word_1_417' title='bbox 67 4866 144 4932; x_wconf 67' lang='lat' dir='ltr'>ti;</span> <span class='ocrx_word' id='word_1_418' title='bbox 182 4866 281 4920; x_wconf 76' lang='grc' dir='ltr'>Διὰ</span> <span class='ocrx_word' id='word_1_419' title='bbox 312 4866 397 4920; x_wconf 86' lang='grc' dir='ltr'>σέ.</span> <span class='ocrx_word' id='word_1_420' title='bbox 433 4866 501 4918; x_wconf 83' lang='grc' dir='ltr'>Σὲ</span> <span class='ocrx_word' id='word_1_421' title='bbox 530 4865 585 4917; x_wconf 88' lang='grc' dir='ltr'>δέ</span> <span class='ocrx_word' id='word_1_422' title='bbox 618 4862 707 4919; x_wconf 72' lang='grc' dir='ltr'>διὰ</span> <span class='ocrx_word' id='word_1_423' title='bbox 749 4862 801 4916; x_wconf 86' lang='grc' dir='ltr'>τί</span> <span class='ocrx_word' id='word_1_424' title='bbox 833 4860 1122 4930; x_wconf 87' lang='grc' dir='ltr'>ἐποίησεν;</span> <span class='ocrx_word' id='word_1_425' title='bbox 1160 4853 1268 4928; x_wconf 83' lang='grc' dir='ltr'>ἆρα</span> <span class='ocrx_word' id='word_1_426' title='bbox 1302 4856 1363 4909; x_wconf 81' lang='grc' dir='ltr'>ού</span> <span class='ocrx_word' id='word_1_427' title='bbox 1396 4854 1464 4909; x_wconf 89' lang='grc' dir='ltr'>δι’</span> <span class='ocrx_word' id='word_1_428' title='bbox 1496 4858 1637 4923; x_wconf 86' lang='grc' dir='ltr'>ἀγα-</span> 
     </span>
    </p>
   </div>
   <div class='ocr_carea' id='block_1_53' title="bbox 68 4942 1633 5024">
    <p class='ocr_par' dir='ltr' id='par_1_53' title="bbox 68 4942 1633 5024">
     <span class='ocr_line' id='line_1_53' title="bbox 68 4942 1633 5024; baseline -0.007 -19"><span class='ocrx_word' id='word_1_429' title='bbox 68 4954 298 5024; x_wconf 73' lang='grc' dir='ltr'>θότητας</span> <span class='ocrx_word' id='word_1_430' title='bbox 338 4953 504 5007; x_wconf 82' lang='grc' dir='ltr'>Ούδέν</span> <span class='ocrx_word' id='word_1_431' title='bbox 533 4951 713 5005; x_wconf 89' lang='grc' dir='ltr'>ἐλαίου</span> <span class='ocrx_word' id='word_1_432' title='bbox 752 4949 995 5019; x_wconf 86' lang='grc' dir='ltr'>κρεῖττον</span> <span class='ocrx_word' id='word_1_433' title='bbox 1023 4959 1036 4973; x_wconf 88' lang='grc'><strong>·</strong></span> <span class='ocrx_word' id='word_1_434' title='bbox 1076 4942 1253 5012; x_wconf 85' lang='grc' dir='ltr'>φωτός</span> <span class='ocrx_word' id='word_1_435' title='bbox 1276 4942 1423 4996; x_wconf 87' lang='grc' dir='ltr'>ἐστιν</span> <span class='ocrx_word' id='word_1_436' title='bbox 1454 4942 1633 4996; x_wconf 75' lang='grc' dir='ltr'>αἴτιον</span> 
     </span>
    </p>
   </div>
   <div class='ocr_carea' id='block_1_54' title="bbox 68 5029 1633 5101">
    <p class='ocr_par' dir='ltr' id='par_1_54' title="bbox 68 5029 1633 5101">
     <span class='ocr_line' id='line_1_54' title="bbox 68 5029 1633 5101; baseline -0.006 -12"><span class='ocrx_word' id='word_1_437' title='bbox 68 5043 154 5092; x_wconf 71' lang='grc' dir='ltr'>καὶ</span> <span class='ocrx_word' id='word_1_438' title='bbox 183 5043 302 5095; x_wconf 80' lang='grc' dir='ltr'>ἐκεῖ</span> <span class='ocrx_word' id='word_1_439' title='bbox 336 5041 432 5095; x_wconf 67' lang='grc' dir='ltr'>καὶ</span> <span class='ocrx_word' id='word_1_440' title='bbox 464 5038 714 5093; x_wconf 79' lang='grc' dir='ltr'>ἐνταῦθα.</span> <span class='ocrx_word' id='word_1_441' title='bbox 750 5036 853 5090; x_wconf 79' lang='grc' dir='ltr'>Καὶ</span> <span class='ocrx_word' id='word_1_442' title='bbox 894 5029 1192 5097; x_wconf 84' lang='grc' dir='ltr'>ἀνατελεῖ,</span> <span class='ocrx_word' id='word_1_443' title='bbox 1233 5031 1399 5101; x_wconf 67' lang='grc' dir='ltr'>φησιν</span> <span class='ocrx_word' id='word_1_444' title='bbox 1447 5030 1475 5082; x_wconf 90' lang='grc' dir='ltr'>ό</span> <span class='ocrx_word' id='word_1_445' title='bbox 1499 5045 1633 5099; x_wconf 85' lang='grc' dir='ltr'>προ-</span> 
     </span>
    </p>
   </div>
   <div class='ocr_carea' id='block_1_55' title="bbox 967 390 2436 465">
    <p class='ocr_par' dir='ltr' id='par_1_55' title="bbox 967 390 2436 465">
     <span class='ocr_line' id='line_1_55' title="bbox 967 390 2436 465; baseline 0.011 -16"><span class='ocrx_word' id='word_1_446' title='bbox 967 391 1031 450; x_wconf 86' lang='grc' dir='ltr'>ΙΝ</span> <span class='ocrx_word' id='word_1_447' title='bbox 1069 390 1289 455; x_wconf 77' lang='lat' dir='ltr'>EPIST.</span> <span class='ocrx_word' id='word_1_448' title='bbox 1335 398 1426 453; x_wconf 86' lang='grc' dir='ltr'><strong>ΔΙ)</strong></span> <span class='ocrx_word' id='word_1_449' title='bbox 1465 396 1749 455; x_wconf 75' lang='lat' dir='ltr'>PHILIPP.</span> <span class='ocrx_word' id='word_1_450' title='bbox 1791 402 1942 461; x_wconf 81' lang='lat' dir='ltr'>CAP.</span> <span class='ocrx_word' id='word_1_451' title='bbox 1982 405 2025 461; x_wconf 88' lang='grc'>1.</span> <span class='ocrx_word' id='word_1_452' title='bbox 2085 405 2317 465; x_wconf 78' lang='lat' dir='ltr'>HOMIL.</span> <span class='ocrx_word' id='word_1_453' title='bbox 2350 408 2436 465; x_wconf 77' lang='lat' dir='ltr'>IV.</span> 
     </span>
    </p>
   </div>
   <div class='ocr_carea' id='block_1_56' title="bbox 3206 417 3314 478">
    <p class='ocr_par' dir='ltr' id='par_1_56' title="bbox 3206 417 3314 478">
     <span class='ocr_line' id='line_1_56' title="bbox 3206 417 3314 478; baseline 0.019 -3"><span class='ocrx_word' id='word_1_454' title='bbox 3206 417 3314 478; x_wconf 67' lang='lat'>219.</span> 
     </span>
    </p>
   </div>
   <div class='ocr_carea' id='block_1_57' title="bbox 1743 520 3312 603">
    <p class='ocr_par' dir='ltr' id='par_1_57' title="bbox 1743 520 3312 603">
     <span class='ocr_line' id='line_1_57' title="bbox 1743 520 3312 603; baseline 0.008 -29"><span class='ocrx_word' id='word_1_455' title='bbox 1743 520 1939 590; x_wconf 84' lang='grc' dir='ltr'>φήτης,</span> <span class='ocrx_word' id='word_1_456' title='bbox 1972 522 2237 591; x_wconf 67' lang='grc' dir='ltr'>πρώὶμον</span> <span class='ocrx_word' id='word_1_457' title='bbox 2259 523 2325 577; x_wconf 86' lang='grc' dir='ltr'>τὸ</span> <span class='ocrx_word' id='word_1_458' title='bbox 2352 523 2480 592; x_wconf 72' lang='grc' dir='ltr'>φῶς</span> <span class='ocrx_word' id='word_1_459' title='bbox 2508 540 2646 590; x_wconf 91' lang='grc' dir='ltr'>σου,</span> <span class='ocrx_word' id='word_1_460' title='bbox 2677 525 2771 581; x_wconf 78' lang='grc' dir='ltr'>ἐὰν</span> <span class='ocrx_word' id='word_1_461' title='bbox 2803 527 3035 603; x_wconf 78' lang='grc' dir='ltr'>ποιήσῃς</span> <span class='ocrx_word' id='word_1_462' title='bbox 3057 527 3206 587; x_wconf 75' lang='grc' dir='ltr'>ἔλεον</span> <span class='ocrx_word' id='word_1_463' title='bbox 3229 535 3312 598; x_wconf 83' lang='grc' dir='ltr'>είς</span> 
     </span>
    </p>
   </div>
   <div class='ocr_carea' id='block_1_58' title="bbox 1741 607 3313 685">
    <p class='ocr_par' dir='ltr' id='par_1_58' title="bbox 1741 607 3313 685">
     <span class='ocr_line' id='line_1_58' title="bbox 1741 607 3313 685; baseline 0.01 -27"><span class='ocrx_word' id='word_1_464' title='bbox 1741 607 1832 658; x_wconf 77' lang='grc' dir='ltr'>τὸν</span> <span class='ocrx_word' id='word_1_465' title='bbox 1868 608 2096 677; x_wconf 78' lang='grc' dir='ltr'>πλησίον</span> <span class='ocrx_word' id='word_1_466' title='bbox 2119 624 2133 639; x_wconf 91' lang='grc'><strong>·</strong></span> <span class='ocrx_word' id='word_1_467' title='bbox 2172 611 2265 662; x_wconf 79' lang='grc' dir='ltr'>καὶ</span> <span class='ocrx_word' id='word_1_468' title='bbox 2301 612 2547 675; x_wconf 79' lang='grc' dir='ltr'>εἰκότως.</span> <span class='ocrx_word' id='word_1_469' title='bbox 2600 614 2807 685; x_wconf 82' lang='grc' dir='ltr'>Ὠσπερ</span> <span class='ocrx_word' id='word_1_470' title='bbox 2844 614 2907 668; x_wconf 80' lang='grc' dir='ltr'>τὸ</span> <span class='ocrx_word' id='word_1_471' title='bbox 2945 615 3120 670; x_wconf 78' lang='grc' dir='ltr'>ἔλαιον</span> <span class='ocrx_word' id='word_1_472' title='bbox 3156 619 3313 672; x_wconf 88' lang='grc' dir='ltr'>τοῦτο</span> 
     </span>
    </p>
   </div>
   <div class='ocr_carea' id='block_1_59' title="bbox 1741 693 3313 775">
    <p class='ocr_par' dir='ltr' id='par_1_59' title="bbox 1741 693 3313 775">
     <span class='ocr_line' id='line_1_59' title="bbox 1741 693 3313 775; baseline 0.009 -30"><span class='ocrx_word' id='word_1_473' title='bbox 1741 693 1801 745; x_wconf 76' lang='grc' dir='ltr'>τὸ</span> <span class='ocrx_word' id='word_1_474' title='bbox 1831 694 1945 761; x_wconf 80' lang='grc' dir='ltr'>φῶς</span> <span class='ocrx_word' id='word_1_475' title='bbox 1975 695 2204 767; x_wconf 81' lang='grc' dir='ltr'>παρέχει</span> <span class='ocrx_word' id='word_1_476' title='bbox 2243 700 2355 757; x_wconf 83' lang='grc' dir='ltr'>τοῖς</span> <span class='ocrx_word' id='word_1_477' title='bbox 2405 697 2842 765; x_wconf 87' lang='grc' dir='ltr'>θαλαττεύουσιν,</span> <span class='ocrx_word' id='word_1_478' title='bbox 2877 702 3049 767; x_wconf 77' lang='grc' dir='ltr'>οὕτως</span> <span class='ocrx_word' id='word_1_479' title='bbox 3080 705 3114 774; x_wconf 78' lang='grc' dir='ltr'><strong>ἡ</strong></span> <span class='ocrx_word' id='word_1_480' title='bbox 3156 705 3313 775; x_wconf 85' lang='grc' dir='ltr'>ἐλεη-</span> 
     </span>
    </p>
   </div>
   <div class='ocr_carea' id='block_1_60' title="bbox 1743 781 3309 861">
    <p class='ocr_par' dir='ltr' id='par_1_60' title="bbox 1743 781 3309 861">
     <span class='ocr_line' id='line_1_60' title="bbox 1743 781 3309 861; baseline 0.008 -29"><span class='ocrx_word' id='word_1_481' title='bbox 1743 781 1946 853; x_wconf 88' lang='grc' dir='ltr'>μοσύνη</span> <span class='ocrx_word' id='word_1_482' title='bbox 1988 784 2104 835; x_wconf 84' lang='grc' dir='ltr'>ἐκεῖ</span> <span class='ocrx_word' id='word_1_483' title='bbox 2141 784 2256 852; x_wconf 83' lang='grc' dir='ltr'>φῶς</span> <span class='ocrx_word' id='word_1_484' title='bbox 2287 784 2433 853; x_wconf 86' lang='grc' dir='ltr'>μέγα</span> <span class='ocrx_word' id='word_1_485' title='bbox 2477 787 2609 855; x_wconf 81' lang='grc' dir='ltr'>ἡμῖν</span> <span class='ocrx_word' id='word_1_486' title='bbox 2637 788 2917 858; x_wconf 79' lang='grc' dir='ltr'>χαρίζεται</span> <span class='ocrx_word' id='word_1_487' title='bbox 2964 791 3060 844; x_wconf 75' lang='grc' dir='ltr'>καὶ</span> <span class='ocrx_word' id='word_1_488' title='bbox 3094 791 3309 861; x_wconf 66' lang='grc' dir='ltr'>θαυμάς</span> 
     </span>
    </p>
   </div>
   <div class='ocr_carea' id='block_1_61' title="bbox 1741 869 3310 949">
    <p class='ocr_par' dir='ltr' id='par_1_61' title="bbox 1741 869 3310 949">
     <span class='ocr_line' id='line_1_61' title="bbox 1741 869 3310 949; baseline 0.008 -30"><span class='ocrx_word' id='word_1_489' title='bbox 1741 884 1875 920; x_wconf 87' lang='grc' dir='ltr'>σιον.</span> <span class='ocrx_word' id='word_1_490' title='bbox 1902 869 2011 921; x_wconf 82' lang='lat' dir='ltr'>Kal</span> <span class='ocrx_word' id='word_1_491' title='bbox 2038 870 2206 933; x_wconf 77' lang='grc' dir='ltr'>πολὺς</span> <span class='ocrx_word' id='word_1_492' title='bbox 2241 870 2332 922; x_wconf 85' lang='grc' dir='ltr'>τοῦ</span> <span class='ocrx_word' id='word_1_493' title='bbox 2365 872 2515 924; x_wconf 86' lang='grc' dir='ltr'>ἐλέου</span> <span class='ocrx_word' id='word_1_494' title='bbox 2546 872 2733 927; x_wconf 88' lang='grc' dir='ltr'>τούτου</span> <span class='ocrx_word' id='word_1_495' title='bbox 2764 877 2792 927; x_wconf 88' lang='lat'>6</span> <span class='ocrx_word' id='word_1_496' title='bbox 2826 875 2983 943; x_wconf 83' lang='grc' dir='ltr'>λόγος</span> <span class='ocrx_word' id='word_1_497' title='bbox 3008 876 3087 948; x_wconf 83' lang='grc' dir='ltr'>τῷ</span> <span class='ocrx_word' id='word_1_498' title='bbox 3112 878 3310 949; x_wconf 82' lang='grc' dir='ltr'>Παύλῳ</span> 
     </span>
    </p>
   </div>
   <div class='ocr_carea' id='block_1_62' title="bbox 1737 949 3311 1031">
    <p class='ocr_par' dir='ltr' id='par_1_62' title="bbox 1737 949 3311 1031">
     <span class='ocr_line' id='line_1_62' title="bbox 1737 949 3311 1031; baseline 0.008 -24"><span class='ocrx_word' id='word_1_499' title='bbox 1737 949 1825 1025; x_wconf 78' lang='grc' dir='ltr'>ἦν.</span> <span class='ocrx_word' id='word_1_500' title='bbox 1867 956 2064 1009; x_wconf 73' lang='grc' dir='ltr'>Ἄκουε</span> <span class='ocrx_word' id='word_1_501' title='bbox 2108 957 2217 1027; x_wconf 75' lang='grc' dir='ltr'>γὰρ</span> <span class='ocrx_word' id='word_1_502' title='bbox 2270 958 2433 1012; x_wconf 81' lang='grc' dir='ltr'>αὐτοῦ</span> <span class='ocrx_word' id='word_1_503' title='bbox 2477 960 2607 1012; x_wconf 72' lang='grc' dir='ltr'>ποτε</span> <span class='ocrx_word' id='word_1_504' title='bbox 2661 962 2759 1031; x_wconf 76' lang='grc' dir='ltr'>μὲν</span> <span class='ocrx_word' id='word_1_505' title='bbox 2797 962 3071 1030; x_wconf 90' lang='grc' dir='ltr'>λέγοντος,</span> <span class='ocrx_word' id='word_1_506' title='bbox 3104 966 3311 1019; x_wconf 82' lang='grc' dir='ltr'>Μόνον</span> 
     </span>
    </p>
   </div>
   <div class='ocr_carea' id='block_1_63' title="bbox 1738 1039 3310 1116">
    <p class='ocr_par' dir='ltr' id='par_1_63' title="bbox 1738 1039 3310 1116">
     <span class='ocr_line' id='line_1_63' title="bbox 1738 1039 3310 1116; baseline 0.008 -22"><span class='ocrx_word' id='word_1_507' title='bbox 1738 1039 1857 1094; x_wconf 85' lang='grc' dir='ltr'>τῶν</span> <span class='ocrx_word' id='word_1_508' title='bbox 1886 1044 2135 1113; x_wconf 79' lang='grc' dir='ltr'>πτωχῶν</span> <span class='ocrx_word' id='word_1_509' title='bbox 2169 1046 2269 1097; x_wconf 79' lang='grc' dir='ltr'>ἵνα</span> <span class='ocrx_word' id='word_1_510' title='bbox 2296 1048 2771 1116; x_wconf 79' lang='grc' dir='ltr'>μνημονεύωμεν</span> <span class='ocrx_word' id='word_1_511' title='bbox 2794 1066 2805 1078; x_wconf 91' lang='grc'><strong>·</strong></span> <span class='ocrx_word' id='word_1_512' title='bbox 2833 1050 3022 1104; x_wconf 82' lang='grc' dir='ltr'>ἄλλοτε</span> <span class='ocrx_word' id='word_1_513' title='bbox 3050 1053 3127 1116; x_wconf 84' lang='grc' dir='ltr'>δὲ,</span> <span class='ocrx_word' id='word_1_514' title='bbox 3174 1052 3310 1106; x_wconf 86' lang='grc' dir='ltr'>Ἐὰν</span> 
     </span>
    </p>
   </div>
   <div class='ocr_carea' id='block_1_64' title="bbox 1734 1121 3309 1207">
    <p class='ocr_par' dir='ltr' id='par_1_64' title="bbox 1734 1121 3309 1207">
     <span class='ocr_line' id='line_1_64' title="bbox 1734 1121 3309 1207; baseline 0.006 -27"><span class='ocrx_word' id='word_1_515' title='bbox 1734 1121 1779 1199; x_wconf 74' lang='grc' dir='ltr'><strong><em>ᾖ</em></strong></span> <span class='ocrx_word' id='word_1_516' title='bbox 1805 1129 1979 1192; x_wconf 77' lang='grc' dir='ltr'><em>ἄξιον</em></span> <span class='ocrx_word' id='word_1_517' title='bbox 2008 1130 2114 1183; x_wconf 84' lang='grc' dir='ltr'>τοῦ</span> <span class='ocrx_word' id='word_1_518' title='bbox 2150 1131 2301 1199; x_wconf 80' lang='grc' dir='ltr'>κάμὲ</span> <span class='ocrx_word' id='word_1_519' title='bbox 2332 1133 2710 1200; x_wconf 81' lang='grc' dir='ltr'>πορεύεσθαι.</span> <span class='ocrx_word' id='word_1_520' title='bbox 2742 1134 2853 1187; x_wconf 89' lang='lat' dir='ltr'>Kal</span> <span class='ocrx_word' id='word_1_521' title='bbox 2888 1138 3165 1207; x_wconf 87' lang='grc' dir='ltr'>πανταχοῦ</span> <span class='ocrx_word' id='word_1_522' title='bbox 3199 1137 3309 1189; x_wconf 85' lang='grc' dir='ltr'>ἄνω</span> 
     </span>
    </p>
   </div>
   <div class='ocr_carea' id='block_1_65' title="bbox 1737 1212 3310 1289">
    <p class='ocr_par' dir='ltr' id='par_1_65' title="bbox 1737 1212 3310 1289">
     <span class='ocr_line' id='line_1_65' title="bbox 1737 1212 3310 1289; baseline 0.006 -26"><span class='ocrx_word' id='word_1_523' title='bbox 1737 1212 1832 1265; x_wconf 69' lang='grc' dir='ltr'>καὶ</span> <span class='ocrx_word' id='word_1_524' title='bbox 1871 1212 2024 1265; x_wconf 85' lang='grc' dir='ltr'>κάτω</span> <span class='ocrx_word' id='word_1_525' title='bbox 2050 1215 2178 1283; x_wconf 71' lang='grc' dir='ltr'>περὶ</span> <span class='ocrx_word' id='word_1_526' title='bbox 2210 1214 2399 1267; x_wconf 88' lang='grc' dir='ltr'>τούτου</span> <span class='ocrx_word' id='word_1_527' title='bbox 2433 1215 2566 1286; x_wconf 85' lang='grc' dir='ltr'>ὁρᾷς</span> <span class='ocrx_word' id='word_1_528' title='bbox 2587 1216 2749 1270; x_wconf 81' lang='grc' dir='ltr'>αὐτὸν</span> <span class='ocrx_word' id='word_1_529' title='bbox 2793 1219 3161 1289; x_wconf 84' lang='grc' dir='ltr'>μεριμνῶντα.</span> <span class='ocrx_word' id='word_1_530' title='bbox 3199 1221 3310 1273; x_wconf 73' lang='lat' dir='ltr'>Kal</span> 
     </span>
    </p>
   </div>
   <div class='ocr_carea' id='block_1_66' title="bbox 1737 1298 3310 1374">
    <p class='ocr_par' dir='ltr' id='par_1_66' title="bbox 1737 1298 3310 1374">
     <span class='ocr_line' id='line_1_66' title="bbox 1737 1298 3310 1374; baseline 0.006 -23"><span class='ocrx_word' id='word_1_531' title='bbox 1737 1298 1919 1362; x_wconf 81' lang='grc' dir='ltr'>πάλιν,</span> <span class='ocrx_word' id='word_1_532' title='bbox 1951 1299 2435 1355; x_wconf 82' lang='grc' dir='ltr'>Μανθανέτωσαν</span> <span class='ocrx_word' id='word_1_533' title='bbox 2468 1302 2535 1355; x_wconf 79' lang='grc' dir='ltr'>δὲ</span> <span class='ocrx_word' id='word_1_534' title='bbox 2568 1303 2665 1356; x_wconf 79' lang='grc' dir='ltr'>καὶ</span> <span class='ocrx_word' id='word_1_535' title='bbox 2704 1306 2759 1357; x_wconf 84' lang='grc' dir='ltr'>οἱ</span> <span class='ocrx_word' id='word_1_536' title='bbox 2793 1304 3067 1374; x_wconf 70' lang='grc' dir='ltr'>’ἡμέτεροι</span> <span class='ocrx_word' id='word_1_537' title='bbox 3106 1308 3310 1361; x_wconf 83' lang='grc' dir='ltr'>καλῶν</span> 
     </span>
    </p>
   </div>
   <div class='ocr_carea' id='block_1_67' title="bbox 1736 1385 3309 1461">
    <p class='ocr_par' dir='ltr' id='par_1_67' title="bbox 1736 1385 3309 1461">
     <span class='ocr_line' id='line_1_67' title="bbox 1736 1385 3309 1461; baseline 0.006 -24"><span class='ocrx_word' id='word_1_538' title='bbox 1736 1385 1923 1454; x_wconf 76' lang='grc' dir='ltr'>ἔργων</span> <span class='ocrx_word' id='word_1_539' title='bbox 1963 1388 2361 1453; x_wconf 84' lang='grc' dir='ltr'>προΐστασθαι</span> <span class='ocrx_word' id='word_1_540' title='bbox 2385 1402 2398 1417; x_wconf 77' lang='grc' dir='ltr'><strong><em>ο</em></strong></span> <span class='ocrx_word' id='word_1_541' title='bbox 2433 1389 2525 1441; x_wconf 73' lang='grc' dir='ltr'>καὶ</span> <span class='ocrx_word' id='word_1_542' title='bbox 2558 1389 2741 1453; x_wconf 78' lang='grc' dir='ltr'>πάλιν,</span> <span class='ocrx_word' id='word_1_543' title='bbox 2794 1392 2983 1444; x_wconf 78' lang='grc' dir='ltr'>Ταῦτα</span> <span class='ocrx_word' id='word_1_544' title='bbox 3023 1391 3133 1461; x_wconf 77' lang='grc' dir='ltr'>γάρ</span> <span class='ocrx_word' id='word_1_545' title='bbox 3176 1394 3309 1446; x_wconf 84' lang='grc' dir='ltr'>ἐστι</span> 
     </span>
    </p>
   </div>
   <div class='ocr_carea' id='block_1_68' title="bbox 1735 1472 3308 1544">
    <p class='ocr_par' dir='ltr' id='par_1_68' title="bbox 1735 1472 3308 1544">
     <span class='ocr_line' id='line_1_68' title="bbox 1735 1472 3308 1544; baseline 0.004 -20"><span class='ocrx_word' id='word_1_546' title='bbox 1735 1472 1895 1525; x_wconf 83' lang='grc' dir='ltr'>καλὰ</span> <span class='ocrx_word' id='word_1_547' title='bbox 1926 1472 2025 1526; x_wconf 83' lang='grc' dir='ltr'>καὶ</span> <span class='ocrx_word' id='word_1_548' title='bbox 2053 1473 2317 1542; x_wconf 72' lang='grc' dir='ltr'>ὠφέλιμα</span> <span class='ocrx_word' id='word_1_549' title='bbox 2347 1474 2471 1541; x_wconf 81' lang='grc' dir='ltr'>τοῖς</span> <span class='ocrx_word' id='word_1_550' title='bbox 2498 1476 2847 1544; x_wconf 80' lang='grc' dir='ltr'>ἀνθρώποις.</span> <span class='ocrx_word' id='word_1_551' title='bbox 2893 1480 3091 1531; x_wconf 77' lang='grc' dir='ltr'>Ἀκουε</span> <span class='ocrx_word' id='word_1_552' title='bbox 3125 1480 3180 1533; x_wconf 86' lang='grc' dir='ltr'>δὲ</span> <span class='ocrx_word' id='word_1_553' title='bbox 3215 1480 3308 1533; x_wconf 80' lang='grc' dir='ltr'>καὶ</span> 
     </span>
    </p>
   </div>
   <div class='ocr_carea' id='block_1_69' title="bbox 1736 1561 3308 1633">
    <p class='ocr_par' dir='ltr' id='par_1_69' title="bbox 1736 1561 3308 1633">
     <span class='ocr_line' id='line_1_69' title="bbox 1736 1561 3308 1633; baseline 0.004 -19"><span class='ocrx_word' id='word_1_554' title='bbox 1736 1561 1897 1614; x_wconf 80' lang='grc' dir='ltr'>ἄλλου</span> <span class='ocrx_word' id='word_1_555' title='bbox 1945 1561 2090 1624; x_wconf 72' lang='grc' dir='ltr'>τινος</span> <span class='ocrx_word' id='word_1_556' title='bbox 2137 1562 2408 1630; x_wconf 75' lang='grc' dir='ltr'>λέγοντος,</span> <span class='ocrx_word' id='word_1_557' title='bbox 2479 1565 2894 1633; x_wconf 84' lang='grc' dir='ltr'>Ἐλεημοσύνη</span> <span class='ocrx_word' id='word_1_558' title='bbox 2932 1567 3001 1619; x_wconf 78' lang='grc' dir='ltr'>ἐκ</span> <span class='ocrx_word' id='word_1_559' title='bbox 3046 1567 3308 1621; x_wconf 82' lang='grc' dir='ltr'>θανάτου</span> 
     </span>
    </p>
   </div>
   <div class='ocr_carea' id='block_1_70' title="bbox 1727 1646 3304 1720">
    <p class='ocr_par' dir='ltr' id='par_1_70' title="bbox 1727 1646 3304 1720">
     <span class='ocr_line' id='line_1_70' title="bbox 1727 1646 3304 1720; baseline 0.006 -22"><span class='ocrx_word' id='word_1_560' title='bbox 1727 1646 1973 1712; x_wconf 74' lang='grc' dir='ltr'>ρὐταιο</span> <span class='ocrx_word' id='word_1_561' title='bbox 2011 1649 2107 1700; x_wconf 64' lang='grc' dir='ltr'>καὶ¹</span> <span class='ocrx_word' id='word_1_562' title='bbox 2155 1648 2339 1711; x_wconf 85' lang='grc' dir='ltr'>ἄλλου,</span> <span class='ocrx_word' id='word_1_563' title='bbox 2404 1650 2546 1703; x_wconf 82' lang='grc' dir='ltr'>Ἐὰν</span> <span class='ocrx_word' id='word_1_564' title='bbox 2587 1650 2657 1703; x_wconf 84' lang='grc' dir='ltr'><em>δὲ</em></span> <span class='ocrx_word' id='word_1_565' title='bbox 2701 1652 2808 1704; x_wconf 81' lang='grc' dir='ltr'>τὸν</span> <span class='ocrx_word' id='word_1_566' title='bbox 2857 1653 3036 1706; x_wconf 81' lang='grc' dir='ltr'>ἔλεον</span> <span class='ocrx_word' id='word_1_567' title='bbox 3056 1652 3304 1720; x_wconf 79' lang='grc' dir='ltr'>ἀνέλῃς,</span> 
     </span>
    </p>
   </div>
   <div class='ocr_carea' id='block_1_71' title="bbox 1736 1733 3306 1804">
    <p class='ocr_par' dir='ltr' id='par_1_71' title="bbox 1736 1733 3306 1804">
     <span class='ocr_line' id='line_1_71' title="bbox 1736 1733 3306 1804; baseline 0.004 -18"><span class='ocrx_word' id='word_1_568' title='bbox 1736 1733 1930 1799; x_wconf 86' lang='grc' dir='ltr'>Κύριε,</span> <span class='ocrx_word' id='word_1_569' title='bbox 1962 1735 2158 1803; x_wconf 86' lang='grc' dir='ltr'>Κύριε,</span> <span class='ocrx_word' id='word_1_570' title='bbox 2186 1737 2278 1800; x_wconf 79' lang='grc' dir='ltr'>τίς</span> <span class='ocrx_word' id='word_1_571' title='bbox 2305 1737 2715 1804; x_wconf 83' lang='grc' dir='ltr'>ὑποστήσεται</span> <span class='ocrx_word' id='word_1_572' title='bbox 2738 1754 2754 1800; x_wconf 86' lang='lat'><em>;</em></span> <span class='ocrx_word' id='word_1_573' title='bbox 2786 1739 2899 1801; x_wconf 72' lang='grc' dir='ltr'>καὶ,</span> <span class='ocrx_word' id='word_1_574' title='bbox 2941 1739 3081 1793; x_wconf 82' lang='grc' dir='ltr'>Ἐὰν</span> <span class='ocrx_word' id='word_1_575' title='bbox 3106 1739 3306 1793; x_wconf 77' lang='grc' dir='ltr'>εἰσέλ-</span> 
     </span>
    </p>
   </div>
   <div class='ocr_carea' id='block_1_72' title="bbox 1735 1823 3306 1893">
    <p class='ocr_par' dir='ltr' id='par_1_72' title="bbox 1735 1823 3306 1893">
     <span class='ocr_line' id='line_1_72' title="bbox 1735 1823 3306 1893; baseline 0.002 -17"><span class='ocrx_word' id='word_1_576' title='bbox 1735 1824 1870 1888; x_wconf 84' lang='grc' dir='ltr'>θῃς,</span> <span class='ocrx_word' id='word_1_577' title='bbox 1909 1823 2092 1890; x_wconf 75' lang='grc' dir='ltr'>φησὶν,</span> <span class='ocrx_word' id='word_1_578' title='bbox 2126 1826 2213 1890; x_wconf 84' lang='grc' dir='ltr'>είς</span> <span class='ocrx_word' id='word_1_579' title='bbox 2243 1824 2446 1891; x_wconf 85' lang='grc' dir='ltr'>κρίσιν</span> <span class='ocrx_word' id='word_1_580' title='bbox 2475 1826 2623 1893; x_wconf 79' lang='grc' dir='ltr'>μετὰ</span> <span class='ocrx_word' id='word_1_581' title='bbox 2656 1827 2761 1879; x_wconf 86' lang='grc' dir='ltr'>τοῦ</span> <span class='ocrx_word' id='word_1_582' title='bbox 2783 1826 3007 1880; x_wconf 82' lang='grc' dir='ltr'>δούλου</span> <span class='ocrx_word' id='word_1_583' title='bbox 3036 1842 3151 1881; x_wconf 87' lang='grc' dir='ltr'>σου</span> <span class='ocrx_word' id='word_1_584' title='bbox 3173 1844 3185 1856; x_wconf 87' lang='grc'><strong>·</strong></span> <span class='ocrx_word' id='word_1_585' title='bbox 3215 1827 3306 1880; x_wconf 78' lang='grc' dir='ltr'>καὶ</span> 
     </span>
    </p>
   </div>
   <div class='ocr_carea' id='block_1_73' title="bbox 1736 1905 3306 1981">
    <p class='ocr_par' dir='ltr' id='par_1_73' title="bbox 1736 1905 3306 1981">
     <span class='ocr_line' id='line_1_73' title="bbox 1736 1905 3306 1981; baseline 0.004 -22"><span class='ocrx_word' id='word_1_586' title='bbox 1736 1905 1913 1971; x_wconf 72' lang='grc' dir='ltr'>ἄλλος,</span> <span class='ocrx_word' id='word_1_587' title='bbox 1948 1908 2111 1977; x_wconf 82' lang='grc' dir='ltr'>Μέγα</span> <span class='ocrx_word' id='word_1_588' title='bbox 2145 1926 2196 1962; x_wconf 89' lang='grc' dir='ltr'>τι</span> <span class='ocrx_word' id='word_1_589' title='bbox 2230 1908 2560 1977; x_wconf 80' lang='grc' dir='ltr'>ἅνθρωπος,</span> <span class='ocrx_word' id='word_1_590' title='bbox 2590 1909 2685 1965; x_wconf 77' lang='grc' dir='ltr'>καὶ</span> <span class='ocrx_word' id='word_1_591' title='bbox 2723 1914 2916 1981; x_wconf 87' lang='grc' dir='ltr'>τίμιον</span> <span class='ocrx_word' id='word_1_592' title='bbox 2946 1913 3099 1981; x_wconf 79' lang='grc' dir='ltr'>ἀνὴρ</span> <span class='ocrx_word' id='word_1_593' title='bbox 3136 1914 3306 1979; x_wconf 76' lang='grc' dir='ltr'>ἐλεή-</span> 
     </span>
    </p>
   </div>
   <div class='ocr_carea' id='block_1_74' title="bbox 1730 1992 3305 2069">
    <p class='ocr_par' dir='ltr' id='par_1_74' title="bbox 1730 1992 3305 2069">
     <span class='ocr_line' id='line_1_74' title="bbox 1730 1992 3305 2069; baseline 0.006 -24"><span class='ocrx_word' id='word_1_594' title='bbox 1730 2009 1882 2061; x_wconf 81' lang='grc' dir='ltr'>μων.</span> <span class='ocrx_word' id='word_1_595' title='bbox 1929 1992 2100 2047; x_wconf 88' lang='grc' dir='ltr'>Τοῦτο</span> <span class='ocrx_word' id='word_1_596' title='bbox 2138 1994 2247 2066; x_wconf 84' lang='grc' dir='ltr'>γὰρ</span> <span class='ocrx_word' id='word_1_597' title='bbox 2297 1996 2603 2067; x_wconf 78' lang='grc' dir='ltr'>ἄνθρωπος,</span> <span class='ocrx_word' id='word_1_598' title='bbox 2659 1998 2909 2069; x_wconf 82' lang='grc' dir='ltr'>ἐλεήμων</span> <span class='ocrx_word' id='word_1_599' title='bbox 2936 2017 2951 2030; x_wconf 90' lang='grc'><strong>·</strong></span> <span class='ocrx_word' id='word_1_600' title='bbox 2992 2000 3192 2068; x_wconf 82' lang='grc' dir='ltr'>μᾶλλον</span> <span class='ocrx_word' id='word_1_601' title='bbox 3246 2001 3305 2054; x_wconf 84' lang='grc' dir='ltr'>δὲ</span> 
     </span>
    </p>
   </div>
   <div class='ocr_carea' id='block_1_75' title="bbox 1734 2081 3303 2159">
    <p class='ocr_par' dir='ltr' id='par_1_75' title="bbox 1734 2081 3303 2159">
     <span class='ocr_line' id='line_1_75' title="bbox 1734 2081 3303 2159; baseline 0.005 -25"><span class='ocrx_word' id='word_1_602' title='bbox 1734 2081 1945 2135; x_wconf 84' lang='grc' dir='ltr'>τοῦτοό</span> <span class='ocrx_word' id='word_1_603' title='bbox 1977 2084 2132 2148; x_wconf 74' lang='grc' dir='ltr'>Θεὸς,</span> <span class='ocrx_word' id='word_1_604' title='bbox 2168 2085 2230 2138; x_wconf 85' lang='grc' dir='ltr'>τὸ</span> <span class='ocrx_word' id='word_1_605' title='bbox 2265 2086 2458 2139; x_wconf 86' lang='grc' dir='ltr'>ἐλεεῖν.</span> <span class='ocrx_word' id='word_1_606' title='bbox 2512 2087 2675 2159; x_wconf 81' lang='grc' dir='ltr'>Ὁρᾷς</span> <span class='ocrx_word' id='word_1_607' title='bbox 2720 2088 2818 2159; x_wconf 81' lang='grc' dir='ltr'>ὅση</span> <span class='ocrx_word' id='word_1_608' title='bbox 2849 2086 2944 2141; x_wconf 85' lang='grc' dir='ltr'>τοῦ</span> <span class='ocrx_word' id='word_1_609' title='bbox 2988 2090 3169 2152; x_wconf 81' lang='grc' dir='ltr'>ἐλέους</span> <span class='ocrx_word' id='word_1_610' title='bbox 3207 2088 3303 2142; x_wconf 86' lang='grc' dir='ltr'>τοῦ</span> 
     </span>
    </p>
   </div>
   <div class='ocr_carea' id='block_1_76' title="bbox 1736 2168 3303 2243">
    <p class='ocr_par' dir='ltr' id='par_1_76' title="bbox 1736 2168 3303 2243">
     <span class='ocr_line' id='line_1_76' title="bbox 1736 2168 3303 2243; baseline 0.004 -22"><span class='ocrx_word' id='word_1_611' title='bbox 1736 2168 1871 2222; x_wconf 87' lang='grc' dir='ltr'>Θεοῦ</span> <span class='ocrx_word' id='word_1_612' title='bbox 1900 2172 1933 2241; x_wconf 83' lang='grc' dir='ltr'>ή</span> <span class='ocrx_word' id='word_1_613' title='bbox 1964 2170 2147 2240; x_wconf 82' lang='grc' dir='ltr'>ίσχύς;</span> <span class='ocrx_word' id='word_1_614' title='bbox 2191 2171 2350 2225; x_wconf 89' lang='grc' dir='ltr'>τοῦτο</span> <span class='ocrx_word' id='word_1_615' title='bbox 2382 2174 2560 2227; x_wconf 81' lang='grc' dir='ltr'>πάντα</span> <span class='ocrx_word' id='word_1_616' title='bbox 2605 2175 2851 2243; x_wconf 81' lang='grc' dir='ltr'>ἐποίησε,</span> <span class='ocrx_word' id='word_1_617' title='bbox 2887 2175 3045 2229; x_wconf 86' lang='grc' dir='ltr'>τοῦτο</span> <span class='ocrx_word' id='word_1_618' title='bbox 3078 2176 3168 2229; x_wconf 83' lang='grc' dir='ltr'>τὸν</span> <span class='ocrx_word' id='word_1_619' title='bbox 3212 2177 3303 2229; x_wconf 86' lang='grc' dir='ltr'>κό-</span> 
     </span>
    </p>
   </div>
   <div class='ocr_carea' id='block_1_77' title="bbox 1739 2259 3303 2332">
    <p class='ocr_par' dir='ltr' id='par_1_77' title="bbox 1739 2259 3303 2332">
     <span class='ocr_line' id='line_1_77' title="bbox 1739 2259 3303 2332; baseline 0.004 -24"><span class='ocrx_word' id='word_1_620' title='bbox 1739 2273 1874 2323; x_wconf 86' lang='grc' dir='ltr'>σμον</span> <span class='ocrx_word' id='word_1_621' title='bbox 1902 2259 2220 2329; x_wconf 76' lang='grc' dir='ltr'>εἰργάσατο,</span> <span class='ocrx_word' id='word_1_622' title='bbox 2246 2259 2407 2312; x_wconf 85' lang='grc' dir='ltr'>τοῦτο</span> <span class='ocrx_word' id='word_1_623' title='bbox 2434 2261 2697 2328; x_wconf 82' lang='grc' dir='ltr'>ἀγγέλους</span> <span class='ocrx_word' id='word_1_624' title='bbox 2738 2263 2985 2332; x_wconf 83' lang='grc' dir='ltr'>ἐποίησε,</span> <span class='ocrx_word' id='word_1_625' title='bbox 3015 2264 3081 2316; x_wconf 86' lang='grc' dir='ltr'>δι’</span> <span class='ocrx_word' id='word_1_626' title='bbox 3104 2263 3303 2332; x_wconf 66' lang='grc' dir='ltr'>ἀγαθόη</span> 
     </span>
    </p>
   </div>
   <div class='ocr_carea' id='block_1_78' title="bbox 1734 2345 3303 2419">
    <p class='ocr_par' dir='ltr' id='par_1_78' title="bbox 1734 2345 3303 2419">
     <span class='ocr_line' id='line_1_78' title="bbox 1734 2345 3303 2419; baseline 0.004 -24"><span class='ocrx_word' id='word_1_627' title='bbox 1734 2360 1873 2413; x_wconf 84' lang='grc' dir='ltr'>τητα</span> <span class='ocrx_word' id='word_1_628' title='bbox 1904 2345 2082 2414; x_wconf 89' lang='grc' dir='ltr'>μόνον.</span> <span class='ocrx_word' id='word_1_629' title='bbox 2120 2346 2217 2399; x_wconf 84' lang='grc' dir='ltr'>Διὰ</span> <span class='ocrx_word' id='word_1_630' title='bbox 2252 2345 2407 2398; x_wconf 86' lang='grc' dir='ltr'>τοῦτο</span> <span class='ocrx_word' id='word_1_631' title='bbox 2450 2348 2543 2399; x_wconf 71' lang='grc' dir='ltr'>καὶ</span> <span class='ocrx_word' id='word_1_632' title='bbox 2589 2349 2814 2415; x_wconf 85' lang='grc' dir='ltr'>γέενναν</span> <span class='ocrx_word' id='word_1_633' title='bbox 2854 2350 3166 2419; x_wconf 75' lang='grc' dir='ltr'>ἠπείλησεν,</span> <span class='ocrx_word' id='word_1_634' title='bbox 3216 2349 3303 2401; x_wconf 78' lang='grc' dir='ltr'>ἵνα</span> 
     </span>
    </p>
   </div>
   <div class='ocr_carea' id='block_1_79' title="bbox 1739 2431 3301 2505">
    <p class='ocr_par' dir='ltr' id='par_1_79' title="bbox 1739 2431 3301 2505">
     <span class='ocr_line' id='line_1_79' title="bbox 1739 2431 3301 2505; baseline 0.003 -20"><span class='ocrx_word' id='word_1_635' title='bbox 1739 2431 2016 2501; x_wconf 84' lang='grc' dir='ltr'>βασιλείας</span> <span class='ocrx_word' id='word_1_636' title='bbox 2066 2432 2354 2503; x_wconf 74' lang='grc' dir='ltr'>τύχωμενο</span> <span class='ocrx_word' id='word_1_637' title='bbox 2410 2434 2688 2502; x_wconf 84' lang='grc' dir='ltr'>βασιλείας</span> <span class='ocrx_word' id='word_1_638' title='bbox 2735 2436 2791 2489; x_wconf 79' lang='grc' dir='ltr'>δὲ</span> <span class='ocrx_word' id='word_1_639' title='bbox 2839 2437 3178 2505; x_wconf 85' lang='grc' dir='ltr'>τυγχάνομεν</span> <span class='ocrx_word' id='word_1_640' title='bbox 3235 2436 3301 2489; x_wconf 81' lang='grc' dir='ltr'>δι’</span> 
     </span>
    </p>
   </div>
   <div class='ocr_carea' id='block_1_80' title="bbox 1736 2518 3303 2590">
    <p class='ocr_par' dir='ltr' id='par_1_80' title="bbox 1736 2518 3303 2590">
     <span class='ocr_line' id='line_1_80' title="bbox 1736 2518 3303 2590; baseline 0.003 -20"><span class='ocrx_word' id='word_1_641' title='bbox 1736 2518 1905 2573; x_wconf 75' lang='grc' dir='ltr'>ἔλεον.</span> <span class='ocrx_word' id='word_1_642' title='bbox 1948 2520 2047 2572; x_wconf 83' lang='grc' dir='ltr'>Διὰ</span> <span class='ocrx_word' id='word_1_643' title='bbox 2074 2519 2126 2571; x_wconf 87' lang='grc' dir='ltr'>τί</span> <span class='ocrx_word' id='word_1_644' title='bbox 2156 2519 2284 2589; x_wconf 81' lang='grc' dir='ltr'>γὰρ,</span> <span class='ocrx_word' id='word_1_645' title='bbox 2314 2521 2455 2583; x_wconf 85' lang='grc' dir='ltr'>είπέ,</span> <span class='ocrx_word' id='word_1_646' title='bbox 2495 2522 2652 2590; x_wconf 84' lang='grc' dir='ltr'>μόνος</span> <span class='ocrx_word' id='word_1_647' title='bbox 2692 2521 2768 2574; x_wconf 86' lang='grc' dir='ltr'>ὣν</span> <span class='ocrx_word' id='word_1_648' title='bbox 2795 2525 2822 2575; x_wconf 90' lang='lat'>6</span> <span class='ocrx_word' id='word_1_649' title='bbox 2854 2523 2986 2585; x_wconf 78' lang='grc' dir='ltr'>Θεὸς</span> <span class='ocrx_word' id='word_1_650' title='bbox 3018 2523 3303 2585; x_wconf 82' lang='grc' dir='ltr'>τοσούτους</span> 
     </span>
    </p>
   </div>
   <div class='ocr_carea' id='block_1_81' title="bbox 1737 2607 3298 2679">
    <p class='ocr_par' dir='ltr' id='par_1_81' title="bbox 1737 2607 3298 2679">
     <span class='ocr_line' id='line_1_81' title="bbox 1737 2607 3298 2679; baseline 0.001 -22"><span class='ocrx_word' id='word_1_651' title='bbox 1737 2608 2020 2675; x_wconf 80' lang='grc' dir='ltr'>ἐποίησεν;</span> <span class='ocrx_word' id='word_1_652' title='bbox 2050 2607 2110 2659; x_wconf 84' lang='grc' dir='ltr'>ού</span> <span class='ocrx_word' id='word_1_653' title='bbox 2150 2607 2216 2659; x_wconf 87' lang='grc' dir='ltr'>δι’</span> <span class='ocrx_word' id='word_1_654' title='bbox 2251 2608 2596 2675; x_wconf 87' lang='grc' dir='ltr'>άγαθότητα;</span> <span class='ocrx_word' id='word_1_655' title='bbox 2629 2608 2688 2660; x_wconf 85' lang='grc' dir='ltr'>ού</span> <span class='ocrx_word' id='word_1_656' title='bbox 2725 2608 2813 2662; x_wconf 83' lang='grc' dir='ltr'>διὰ</span> <span class='ocrx_word' id='word_1_657' title='bbox 2855 2610 3298 2679; x_wconf 78' lang='grc' dir='ltr'>φιλανθρωπίαν;</span> 
     </span>
    </p>
   </div>
   <div class='ocr_carea' id='block_1_82' title="bbox 1740 2693 3302 2767">
    <p class='ocr_par' dir='ltr' id='par_1_82' title="bbox 1740 2693 3302 2767">
     <span class='ocr_line' id='line_1_82' title="bbox 1740 2693 3302 2767; baseline 0.004 -23"><span class='ocrx_word' id='word_1_658' title='bbox 1740 2694 1840 2745; x_wconf 71' lang='grc' dir='ltr'>Ἂν</span> <span class='ocrx_word' id='word_1_659' title='bbox 1875 2696 2180 2765; x_wconf 83' lang='grc' dir='ltr'>ἐρωτήσῃς,</span> <span class='ocrx_word' id='word_1_660' title='bbox 2216 2693 2303 2747; x_wconf 76' lang='grc' dir='ltr'>διὰ</span> <span class='ocrx_word' id='word_1_661' title='bbox 2334 2694 2387 2746; x_wconf 85' lang='grc' dir='ltr'>τί</span> <span class='ocrx_word' id='word_1_662' title='bbox 2419 2694 2538 2747; x_wconf 85' lang='grc' dir='ltr'>τόδε</span> <span class='ocrx_word' id='word_1_663' title='bbox 2584 2696 2679 2748; x_wconf 76' lang='grc' dir='ltr'>καὶ</span> <span class='ocrx_word' id='word_1_664' title='bbox 2714 2696 2854 2758; x_wconf 85' lang='grc' dir='ltr'>τόδε,</span> <span class='ocrx_word' id='word_1_665' title='bbox 2898 2696 3174 2767; x_wconf 85' lang='grc' dir='ltr'>πανταχοῦ</span> <span class='ocrx_word' id='word_1_666' title='bbox 3204 2697 3302 2766; x_wconf 73' lang='grc' dir='ltr'>τὴν</span> 
     </span>
    </p>
   </div>
   <div class='ocr_carea' id='block_1_83' title="bbox 1737 2780 3300 2854">
    <p class='ocr_par' dir='ltr' id='par_1_83' title="bbox 1737 2780 3300 2854">
     <span class='ocr_line' id='line_1_83' title="bbox 1737 2780 3300 2854; baseline 0.001 -20"><span class='ocrx_word' id='word_1_667' title='bbox 1737 2780 2049 2850; x_wconf 83' lang='grc' dir='ltr'>ἁγαθότητα</span> <span class='ocrx_word' id='word_1_668' title='bbox 2079 2781 2352 2852; x_wconf 83' lang='grc' dir='ltr'>εὑρήσεις.</span> <span class='ocrx_word' id='word_1_669' title='bbox 2394 2780 2601 2835; x_wconf 85' lang='grc' dir='ltr'>Οὐκοῦν</span> <span class='ocrx_word' id='word_1_670' title='bbox 2643 2781 2952 2854; x_wconf 83' lang='grc' dir='ltr'>ἐλεήσωμεν</span> <span class='ocrx_word' id='word_1_671' title='bbox 2991 2785 3116 2847; x_wconf 81' lang='grc' dir='ltr'>τοὺς</span> <span class='ocrx_word' id='word_1_672' title='bbox 3162 2783 3300 2853; x_wconf 81' lang='grc' dir='ltr'>πλη-</span> 
     </span>
    </p>
   </div>
   <div class='ocr_carea' id='block_1_84' title="bbox 1740 2869 3302 2941">
    <p class='ocr_par' dir='ltr' id='par_1_84' title="bbox 1740 2869 3302 2941">
     <span class='ocr_line' id='line_1_84' title="bbox 1740 2869 3302 2941; baseline 0 -20"><span class='ocrx_word' id='word_1_673' title='bbox 1740 2870 1872 2933; x_wconf 80' lang='grc' dir='ltr'>σίον,</span> <span class='ocrx_word' id='word_1_674' title='bbox 1901 2870 1985 2922; x_wconf 82' lang='grc' dir='ltr'>ἵνα</span> <span class='ocrx_word' id='word_1_675' title='bbox 2014 2869 2323 2941; x_wconf 83' lang='grc' dir='ltr'>ἐλεηθῶμεν</span> <span class='ocrx_word' id='word_1_676' title='bbox 2356 2870 2529 2923; x_wconf 82' lang='grc' dir='ltr'>αὐτοί.</span> <span class='ocrx_word' id='word_1_677' title='bbox 2568 2869 2717 2941; x_wconf 70' lang='grc'>[227]</span> <span class='ocrx_word' id='word_1_678' title='bbox 2760 2871 2872 2923; x_wconf 86' lang='grc' dir='ltr'>Οὐκ</span> <span class='ocrx_word' id='word_1_679' title='bbox 2909 2870 3135 2933; x_wconf 87' lang='grc' dir='ltr'>ἐκείνοις</span> <span class='ocrx_word' id='word_1_680' title='bbox 3163 2871 3302 2940; x_wconf 85' lang='grc' dir='ltr'>μᾶλ-</span> 
     </span>
    </p>
   </div>
   <div class='ocr_carea' id='block_1_85' title="bbox 1738 2955 3302 3028">
    <p class='ocr_par' dir='ltr' id='par_1_85' title="bbox 1738 2955 3302 3028">
     <span class='ocr_line' id='line_1_85' title="bbox 1738 2955 3302 3028; baseline -0.001 -18"><span class='ocrx_word' id='word_1_681' title='bbox 1738 2956 1908 3028; x_wconf 80' lang='grc' dir='ltr'>λον,ἤ</span> <span class='ocrx_word' id='word_1_682' title='bbox 1944 2959 2076 3027; x_wconf 83' lang='grc' dir='ltr'>ἡμῖν</span> <span class='ocrx_word' id='word_1_683' title='bbox 2120 2957 2305 3019; x_wconf 79' lang='grc' dir='ltr'>αὐτοῖς</span> <span class='ocrx_word' id='word_1_684' title='bbox 2354 2955 2660 3026; x_wconf 81' lang='grc' dir='ltr'>συνάγομεν</span> <span class='ocrx_word' id='word_1_685' title='bbox 2705 2957 2795 3009; x_wconf 83' lang='grc' dir='ltr'>τὸν</span> <span class='ocrx_word' id='word_1_686' title='bbox 2842 2956 2989 3010; x_wconf 79' lang='grc' dir='ltr'>ἔλεον</span> <span class='ocrx_word' id='word_1_687' title='bbox 3016 2956 3201 3009; x_wconf 86' lang='grc' dir='ltr'>τοῦτον</span> <span class='ocrx_word' id='word_1_688' title='bbox 3245 2959 3302 3008; x_wconf 84' lang='grc' dir='ltr'>ἐν</span> 
     </span>
    </p>
   </div>
   <div class='ocr_carea' id='block_1_86' title="bbox 1741 3038 3300 3116">
    <p class='ocr_par' dir='ltr' id='par_1_86' title="bbox 1741 3038 3300 3116">
     <span class='ocr_line' id='line_1_86' title="bbox 1741 3038 3300 3116; baseline 0 -21"><span class='ocrx_word' id='word_1_689' title='bbox 1741 3044 1921 3115; x_wconf 77' lang='grc' dir='ltr'>ἐκείνῃ</span> <span class='ocrx_word' id='word_1_690' title='bbox 1949 3046 2014 3112; x_wconf 78' lang='grc' dir='ltr'>τῇ</span> <span class='ocrx_word' id='word_1_691' title='bbox 2039 3041 2244 3114; x_wconf 80' lang='grc' dir='ltr'>ἡμέρᾳ.</span> <span class='ocrx_word' id='word_1_692' title='bbox 2277 3042 2446 3096; x_wconf 86' lang='grc' dir='ltr'>Ὅταν</span> <span class='ocrx_word' id='word_1_693' title='bbox 2474 3042 2679 3113; x_wconf 80' lang='grc' dir='ltr'>σφοδρὰ</span> <span class='ocrx_word' id='word_1_694' title='bbox 2767 3042 2862 3095; x_wconf 87' lang='grc' dir='ltr'>τοῦ</span> <span class='ocrx_word' id='word_1_695' title='bbox 2886 3043 3058 3113; x_wconf 84' lang='grc' dir='ltr'>πυρὸς</span> <span class='ocrx_word' id='word_1_696' title='bbox 3087 3044 3120 3114; x_wconf 88' lang='grc' dir='ltr'>ή</span> <span class='ocrx_word' id='word_1_697' title='bbox 3147 3043 3300 3112; x_wconf 74' lang='grc' dir='ltr'>φλὸξ,</span> 
     </span>
    </p>
   </div>
   <div class='ocr_carea' id='block_1_87' title="bbox 1738 3128 3303 3202">
    <p class='ocr_par' dir='ltr' id='par_1_87' title="bbox 1738 3128 3303 3202">
     <span class='ocr_line' id='line_1_87' title="bbox 1738 3128 3303 3202; baseline -0.001 -18"><span class='ocrx_word' id='word_1_698' title='bbox 1738 3131 1798 3184; x_wconf 78' lang='grc' dir='ltr'>τὸ</span> <span class='ocrx_word' id='word_1_699' title='bbox 1824 3132 1969 3194; x_wconf 79' lang='grc' dir='ltr'>ἕλεος</span> <span class='ocrx_word' id='word_1_700' title='bbox 2008 3129 2165 3184; x_wconf 92' lang='grc' dir='ltr'>τοῦτο</span> <span class='ocrx_word' id='word_1_701' title='bbox 2189 3128 2283 3183; x_wconf 92' lang='grc' dir='ltr'>τοῦ</span> <span class='ocrx_word' id='word_1_702' title='bbox 2314 3130 2412 3201; x_wconf 82' lang='grc' dir='ltr'>μὲν</span> <span class='ocrx_word' id='word_1_703' title='bbox 2453 3131 2625 3202; x_wconf 87' lang='grc' dir='ltr'>πυρός</span> <span class='ocrx_word' id='word_1_704' title='bbox 2668 3131 2784 3183; x_wconf 79' lang='grc' dir='ltr'>ἐστι</span> <span class='ocrx_word' id='word_1_705' title='bbox 2830 3130 3131 3195; x_wconf 75' lang='grc' dir='ltr'>σϐεστικδν,</span> <span class='ocrx_word' id='word_1_706' title='bbox 3171 3133 3303 3201; x_wconf 84' lang='grc' dir='ltr'>ήμῖν</span> 
     </span>
    </p>
   </div>
   <div class='ocr_carea' id='block_1_88' title="bbox 1737 3216 3301 3289">
    <p class='ocr_par' dir='ltr' id='par_1_88' title="bbox 1737 3216 3301 3289">
     <span class='ocr_line' id='line_1_88' title="bbox 1737 3216 3301 3289; baseline 0.001 -19"><span class='ocrx_word' id='word_1_707' title='bbox 1737 3217 1792 3271; x_wconf 82' lang='grc' dir='ltr'>δὲ</span> <span class='ocrx_word' id='word_1_708' title='bbox 1824 3217 1998 3285; x_wconf 80' lang='grc' dir='ltr'>φωτὸς</span> <span class='ocrx_word' id='word_1_709' title='bbox 2035 3218 2223 3270; x_wconf 77' lang='grc' dir='ltr'>αἴτιον.</span> <span class='ocrx_word' id='word_1_710' title='bbox 2256 3216 2411 3271; x_wconf 80' lang='grc' dir='ltr'>Οὕτω</span> <span class='ocrx_word' id='word_1_711' title='bbox 2456 3216 2551 3271; x_wconf 90' lang='grc' dir='ltr'>τοῦ</span> <span class='ocrx_word' id='word_1_712' title='bbox 2572 3217 2767 3289; x_wconf 78' lang='grc' dir='ltr'>’πυρὸς</span> <span class='ocrx_word' id='word_1_713' title='bbox 2813 3217 2914 3286; x_wconf 78' lang='grc' dir='ltr'>τῆς</span> <span class='ocrx_word' id='word_1_714' title='bbox 2947 3218 3171 3287; x_wconf 87' lang='grc' dir='ltr'>γεέννης</span> <span class='ocrx_word' id='word_1_715' title='bbox 3214 3219 3301 3271; x_wconf 68' lang='grc' dir='ltr'>διὰ</span> 
     </span>
    </p>
   </div>
   <div class='ocr_carea' id='block_1_89' title="bbox 1736 3303 3294 3375">
    <p class='ocr_par' dir='ltr' id='par_1_89' title="bbox 1736 3303 3294 3375">
     <span class='ocr_line' id='line_1_89' title="bbox 1736 3303 3294 3375; baseline 0 -19"><span class='ocrx_word' id='word_1_716' title='bbox 1736 3305 1925 3357; x_wconf 86' lang='grc' dir='ltr'>τούτου</span> <span class='ocrx_word' id='word_1_717' title='bbox 1959 3303 2458 3375; x_wconf 85' lang='grc' dir='ltr'>ἀπαλλαγησόμεθα</span> <span class='ocrx_word' id='word_1_718' title='bbox 2488 3320 2503 3334; x_wconf 75' lang='grc'><strong>’</strong></span> <span class='ocrx_word' id='word_1_719' title='bbox 2540 3304 2662 3356; x_wconf 72' lang='grc' dir='ltr'>ἐπεὶ</span> <span class='ocrx_word' id='word_1_720' title='bbox 2700 3303 2866 3356; x_wconf 88' lang='grc' dir='ltr'>πόθεν</span> <span class='ocrx_word' id='word_1_721' title='bbox 2904 3304 3294 3375; x_wconf 74' lang='grc' dir='ltr'>σπλαγχνισθήο</span> 
     </span>
    </p>
   </div>
   <div class='ocr_carea' id='block_1_90' title="bbox 1739 3390 3298 3461">
    <p class='ocr_par' dir='ltr' id='par_1_90' title="bbox 1739 3390 3298 3461">
     <span class='ocr_line' id='line_1_90' title="bbox 1739 3390 3298 3461; baseline 0.002 -18"><span class='ocrx_word' id='word_1_722' title='bbox 1739 3407 1887 3443; x_wconf 89' lang='grc' dir='ltr'>σεται</span> <span class='ocrx_word' id='word_1_723' title='bbox 1917 3390 2012 3443; x_wconf 78' lang='grc' dir='ltr'>καὶ</span> <span class='ocrx_word' id='word_1_724' title='bbox 2042 3391 2251 3459; x_wconf 86' lang='grc' dir='ltr'>ἐλεήσει</span> <span class='ocrx_word' id='word_1_725' title='bbox 2272 3408 2287 3453; x_wconf 88' lang='grc'><strong>;</strong></span> <span class='ocrx_word' id='word_1_726' title='bbox 2327 3390 2459 3443; x_wconf 82' lang='grc' dir='ltr'>Ἀπὸ</span> <span class='ocrx_word' id='word_1_727' title='bbox 2486 3390 2585 3461; x_wconf 85' lang='grc' dir='ltr'>τῆς</span> <span class='ocrx_word' id='word_1_728' title='bbox 2605 3391 2826 3461; x_wconf 80' lang='grc' dir='ltr'>ἀγάπης</span> <span class='ocrx_word' id='word_1_729' title='bbox 2849 3392 2878 3443; x_wconf 90' lang='grc' dir='ltr'>ό</span> <span class='ocrx_word' id='word_1_730' title='bbox 2902 3391 3048 3454; x_wconf 76' lang='grc' dir='ltr'>ἕλεος</span> <span class='ocrx_word' id='word_1_731' title='bbox 3069 3393 3298 3460; x_wconf 87' lang='grc' dir='ltr'>γίνεται.</span> 
     </span>
    </p>
   </div>
   <div class='ocr_carea' id='block_1_91' title="bbox 1737 3476 3301 3548">
    <p class='ocr_par' dir='ltr' id='par_1_91' title="bbox 1737 3476 3301 3548">
     <span class='ocr_line' id='line_1_91' title="bbox 1737 3476 3301 3548; baseline -0.001 -17"><span class='ocrx_word' id='word_1_732' title='bbox 1737 3478 1902 3532; x_wconf 83' lang='grc' dir='ltr'>Ούδέν</span> <span class='ocrx_word' id='word_1_733' title='bbox 1937 3476 2080 3530; x_wconf 76' lang='grc' dir='ltr'>οὕτω</span> <span class='ocrx_word' id='word_1_734' title='bbox 2112 3476 2403 3548; x_wconf 80' lang='grc' dir='ltr'>παροξύνει</span> <span class='ocrx_word' id='word_1_735' title='bbox 2431 3477 2522 3530; x_wconf 85' lang='grc' dir='ltr'>τὸν</span> <span class='ocrx_word' id='word_1_736' title='bbox 2561 3477 2713 3541; x_wconf 83' lang='grc' dir='ltr'>Θεὸν,</span> <span class='ocrx_word' id='word_1_737' title='bbox 2755 3477 2831 3540; x_wconf 85' lang='grc' dir='ltr'>ὡς</span> <span class='ocrx_word' id='word_1_738' title='bbox 2865 3479 2926 3531; x_wconf 84' lang='grc' dir='ltr'>τὸ</span> <span class='ocrx_word' id='word_1_739' title='bbox 2968 3477 3301 3548; x_wconf 87' lang='grc' dir='ltr'>ἀνελεήμονα</span> 
     </span>
    </p>
   </div>
   <div class='ocr_carea' id='block_1_92' title="bbox 1738 3559 3300 3635">
    <p class='ocr_par' dir='ltr' id='par_1_92' title="bbox 1738 3559 3300 3635">
     <span class='ocr_line' id='line_1_92' title="bbox 1738 3559 3300 3635; baseline -0.001 -19"><span class='ocrx_word' id='word_1_740' title='bbox 1738 3559 1896 3617; x_wconf 78' lang='grc' dir='ltr'>εἶναι.</span> <span class='ocrx_word' id='word_1_741' title='bbox 1928 3562 2281 3635; x_wconf 58' lang='grc' dir='ltr'>Πῳσηνέχθη</span> <span class='ocrx_word' id='word_1_742' title='bbox 2302 3561 2451 3633; x_wconf 82' lang='grc' dir='ltr'>αὐτῷ</span> <span class='ocrx_word' id='word_1_743' title='bbox 2478 3580 2563 3626; x_wconf 87' lang='grc' dir='ltr'>τις</span> <span class='ocrx_word' id='word_1_744' title='bbox 2589 3562 2817 3631; x_wconf 85' lang='grc' dir='ltr'>ὀφείλων</span> <span class='ocrx_word' id='word_1_745' title='bbox 2846 3564 3015 3635; x_wconf 89' lang='grc' dir='ltr'>μυρία</span> <span class='ocrx_word' id='word_1_746' title='bbox 3043 3564 3300 3629; x_wconf 84' lang='grc' dir='ltr'>τάλαντα,</span> 
     </span>
    </p>
   </div>
   <div class='ocr_carea' id='block_1_93' title="bbox 1738 3647 3303 3720">
    <p class='ocr_par' dir='ltr' id='par_1_93' title="bbox 1738 3647 3303 3720">
     <span class='ocr_line' id='line_1_93' title="bbox 1738 3647 3303 3720; baseline -0.001 -16"><span class='ocrx_word' id='word_1_747' title='bbox 1738 3652 1833 3704; x_wconf 71' lang='grc' dir='ltr'>καὶ</span> <span class='ocrx_word' id='word_1_748' title='bbox 1859 3649 2274 3720; x_wconf 74' lang='grc' dir='ltr'>σπλαγχνισθεὶς</span> <span class='ocrx_word' id='word_1_749' title='bbox 2293 3647 2639 3719; x_wconf 83' lang='grc' dir='ltr'>συνεχώρησε</span> <span class='ocrx_word' id='word_1_750' title='bbox 2662 3665 2679 3681; x_wconf 77' lang='grc' dir='ltr'><strong><em>ο</em></strong></span> <span class='ocrx_word' id='word_1_751' title='bbox 2707 3650 2797 3703; x_wconf 77' lang='grc' dir='ltr'>καὶ</span> <span class='ocrx_word' id='word_1_752' title='bbox 2820 3651 3012 3719; x_wconf 86' lang='grc' dir='ltr'>ἐκείνῳ</span> <span class='ocrx_word' id='word_1_753' title='bbox 3040 3649 3303 3719; x_wconf 75' lang='grc' dir='ltr'>ὠφείλετο</span> 
     </span>
    </p>
   </div>
   <div class='ocr_carea' id='block_1_94' title="bbox 1737 3735 3303 3809">
    <p class='ocr_par' dir='ltr' id='par_1_94' title="bbox 1737 3735 3303 3809">
     <span class='ocr_line' id='line_1_94' title="bbox 1737 3735 3303 3809; baseline -0.001 -19"><span class='ocrx_word' id='word_1_754' title='bbox 1737 3740 1890 3809; x_wconf 71' lang='grc' dir='ltr'>παρὰ</span> <span class='ocrx_word' id='word_1_755' title='bbox 1927 3738 2021 3790; x_wconf 88' lang='grc' dir='ltr'>τοῦ</span> <span class='ocrx_word' id='word_1_756' title='bbox 2052 3737 2332 3790; x_wconf 86' lang='grc' dir='ltr'>συνδούλου</span> <span class='ocrx_word' id='word_1_757' title='bbox 2364 3736 2559 3790; x_wconf 86' lang='grc' dir='ltr'>ἐκατδν</span> <span class='ocrx_word' id='word_1_758' title='bbox 2585 3736 2841 3808; x_wconf 80' lang='grc' dir='ltr'>δηνάρια,</span> <span class='ocrx_word' id='word_1_759' title='bbox 2871 3738 2964 3791; x_wconf 72' lang='grc' dir='ltr'>καὶ</span> <span class='ocrx_word' id='word_1_760' title='bbox 3004 3735 3173 3808; x_wconf 84' lang='grc' dir='ltr'>ἦγχεν</span> <span class='ocrx_word' id='word_1_761' title='bbox 3207 3738 3303 3789; x_wconf 81' lang='grc' dir='ltr'>αύ-</span> 
     </span>
    </p>
   </div>
   <div class='ocr_carea' id='block_1_95' title="bbox 1736 3822 3301 3895">
    <p class='ocr_par' dir='ltr' id='par_1_95' title="bbox 1736 3822 3301 3895">
     <span class='ocr_line' id='line_1_95' title="bbox 1736 3822 3301 3895; baseline -0.002 -16"><span class='ocrx_word' id='word_1_762' title='bbox 1736 3829 1829 3879; x_wconf 84' lang='grc' dir='ltr'>τὸν</span> <span class='ocrx_word' id='word_1_763' title='bbox 1854 3842 1867 3856; x_wconf 91' lang='grc'><strong>·</strong></span> <span class='ocrx_word' id='word_1_764' title='bbox 1903 3825 1989 3877; x_wconf 76' lang='grc' dir='ltr'>διὰ</span> <span class='ocrx_word' id='word_1_765' title='bbox 2016 3823 2172 3876; x_wconf 86' lang='grc' dir='ltr'>τοῦτο</span> <span class='ocrx_word' id='word_1_766' title='bbox 2196 3823 2513 3893; x_wconf 83' lang='grc' dir='ltr'>παρέδωκεν</span> <span class='ocrx_word' id='word_1_767' title='bbox 2536 3823 2700 3878; x_wconf 83' lang='grc' dir='ltr'>αὑτὸν</span> <span class='ocrx_word' id='word_1_768' title='bbox 2726 3825 2755 3877; x_wconf 91' lang='grc' dir='ltr'><strong>ὁ</strong></span> <span class='ocrx_word' id='word_1_769' title='bbox 2779 3822 2967 3895; x_wconf 88' lang='grc' dir='ltr'>κύριος</span> <span class='ocrx_word' id='word_1_770' title='bbox 2994 3828 3107 3886; x_wconf 88' lang='grc' dir='ltr'>τοῖς</span> <span class='ocrx_word' id='word_1_771' title='bbox 3138 3824 3301 3893; x_wconf 86' lang='grc' dir='ltr'>βασα-</span> 
     </span>
    </p>
   </div>
   <div class='ocr_carea' id='block_1_96' title="bbox 1737 3908 3302 3982">
    <p class='ocr_par' dir='ltr' id='par_1_96' title="bbox 1737 3908 3302 3982">
     <span class='ocr_line' id='line_1_96' title="bbox 1737 3908 3302 3982; baseline -0.003 -14"><span class='ocrx_word' id='word_1_772' title='bbox 1737 3915 1963 3977; x_wconf 79' lang='grc' dir='ltr'>νισταῖς,</span> <span class='ocrx_word' id='word_1_773' title='bbox 1982 3912 2085 3973; x_wconf 76' lang='grc' dir='ltr'>ἕως</span> <span class='ocrx_word' id='word_1_774' title='bbox 2104 3908 2163 3965; x_wconf 73' lang='grc' dir='ltr'>οὗ</span> <span class='ocrx_word' id='word_1_775' title='bbox 2176 3910 2357 3981; x_wconf 86' lang='grc' dir='ltr'>ἀποδῷ</span> <span class='ocrx_word' id='word_1_776' title='bbox 2380 3912 2443 3964; x_wconf 84' lang='grc' dir='ltr'>τὸ</span> <span class='ocrx_word' id='word_1_777' title='bbox 2464 3911 2833 3982; x_wconf 83' lang='grc' dir='ltr'>ὀφειλόμενον.</span> <span class='ocrx_word' id='word_1_778' title='bbox 2864 3912 3049 3965; x_wconf 87' lang='grc' dir='ltr'>Ταῦτα</span> <span class='ocrx_word' id='word_1_779' title='bbox 3080 3910 3302 3965; x_wconf 82' lang='grc' dir='ltr'>ἀκούον-</span> 
     </span>
    </p>
   </div>
   <div class='ocr_carea' id='block_1_97' title="bbox 1735 3993 3300 4069">
    <p class='ocr_par' dir='ltr' id='par_1_97' title="bbox 1735 3993 3300 4069">
     <span class='ocr_line' id='line_1_97' title="bbox 1735 3993 3300 4069; baseline -0.001 -16"><span class='ocrx_word' id='word_1_780' title='bbox 1735 4018 1848 4063; x_wconf 86' lang='grc' dir='ltr'>τες,</span> <span class='ocrx_word' id='word_1_781' title='bbox 1912 4000 2199 4069; x_wconf 83' lang='grc' dir='ltr'>ἐλεήμονες</span> <span class='ocrx_word' id='word_1_782' title='bbox 2229 3993 2378 4069; x_wconf 79' lang='grc' dir='ltr'>ὦμεν</span> <span class='ocrx_word' id='word_1_783' title='bbox 2409 3997 2538 4069; x_wconf 81' lang='grc' dir='ltr'>περὶ</span> <span class='ocrx_word' id='word_1_784' title='bbox 2571 4000 2698 4064; x_wconf 84' lang='grc' dir='ltr'>τοὺς</span> <span class='ocrx_word' id='word_1_785' title='bbox 2733 3998 3045 4069; x_wconf 83' lang='grc' dir='ltr'>ὀφείλοντας</span> <span class='ocrx_word' id='word_1_786' title='bbox 3077 4000 3133 4051; x_wconf 88' lang='grc' dir='ltr'>ἐν</span> <span class='ocrx_word' id='word_1_787' title='bbox 3162 3998 3300 4069; x_wconf 81' lang='grc' dir='ltr'>χρή-</span> 
     </span>
    </p>
   </div>
   <div class='ocr_carea' id='block_1_98' title="bbox 1742 4084 3297 4159">
    <p class='ocr_par' dir='ltr' id='par_1_98' title="bbox 1742 4084 3297 4159">
     <span class='ocr_line' id='line_1_98' title="bbox 1742 4084 3297 4159; baseline -0.005 -18"><span class='ocrx_word' id='word_1_788' title='bbox 1742 4104 1924 4158; x_wconf 83' lang='grc' dir='ltr'>μασιν,</span> <span class='ocrx_word' id='word_1_789' title='bbox 1977 4089 2035 4140; x_wconf 91' lang='grc' dir='ltr'>ἐν</span> <span class='ocrx_word' id='word_1_790' title='bbox 2081 4087 2479 4156; x_wconf 85' lang='grc' dir='ltr'>ἁμαρτήμασι·</span> <span class='ocrx_word' id='word_1_791' title='bbox 2519 4088 2715 4159; x_wconf 76' lang='grc' dir='ltr'>μηδεὶς</span> <span class='ocrx_word' id='word_1_792' title='bbox 2763 4088 3098 4158; x_wconf 83' lang='grc' dir='ltr'>μνησίκακος</span> <span class='ocrx_word' id='word_1_793' title='bbox 3139 4084 3297 4145; x_wconf 80' lang='grc' dir='ltr'>ἔστω,</span> 
     </span>
    </p>
   </div>
   <div class='ocr_carea' id='block_1_99' title="bbox 1738 4173 3302 4244">
    <p class='ocr_par' dir='ltr' id='par_1_99' title="bbox 1738 4173 3302 4244">
     <span class='ocr_line' id='line_1_99' title="bbox 1738 4173 3302 4244; baseline -0.003 -17"><span class='ocrx_word' id='word_1_794' title='bbox 1738 4175 1791 4227; x_wconf 79' lang='grc' dir='ltr'>εί</span> <span class='ocrx_word' id='word_1_795' title='bbox 1819 4191 1881 4242; x_wconf 87' lang='grc' dir='ltr'>γε</span> <span class='ocrx_word' id='word_1_796' title='bbox 1916 4173 1991 4244; x_wconf 83' lang='grc' dir='ltr'>μὴ</span> <span class='ocrx_word' id='word_1_797' title='bbox 2026 4173 2270 4243; x_wconf 68' lang='grc' dir='ltr'>βούλοιτο</span> <span class='ocrx_word' id='word_1_798' title='bbox 2314 4173 2510 4227; x_wconf 83' lang='grc' dir='ltr'>ἐαυτὸν</span> <span class='ocrx_word' id='word_1_799' title='bbox 2552 4173 2777 4228; x_wconf 83' lang='grc' dir='ltr'>ἀδικεῖν.</span> <span class='ocrx_word' id='word_1_800' title='bbox 2821 4175 2894 4227; x_wconf 86' lang='grc' dir='ltr'>Οὐ</span> <span class='ocrx_word' id='word_1_801' title='bbox 2945 4174 3053 4243; x_wconf 83' lang='grc' dir='ltr'>γὰρ</span> <span class='ocrx_word' id='word_1_802' title='bbox 3096 4173 3302 4224; x_wconf 82' lang='grc' dir='ltr'>ἐκεῖνον</span> 
     </span>
    </p>
   </div>
   <div class='ocr_carea' id='block_1_100' title="bbox 1739 4259 3296 4332">
    <p class='ocr_par' dir='ltr' id='par_1_100' title="bbox 1739 4259 3296 4332">
     <span class='ocr_line' id='line_1_100' title="bbox 1739 4259 3296 4332; baseline -0.003 -17"><span class='ocrx_word' id='word_1_803' title='bbox 1739 4260 1990 4316; x_wconf 88' lang='grc' dir='ltr'>τοσοῦτον</span> <span class='ocrx_word' id='word_1_804' title='bbox 2040 4261 2115 4332; x_wconf 81' lang='grc' dir='ltr'>μὴ</span> <span class='ocrx_word' id='word_1_805' title='bbox 2170 4259 2354 4330; x_wconf 73' lang='grc' dir='ltr'>ἀφιεὶς</span> <span class='ocrx_word' id='word_1_806' title='bbox 2403 4261 2612 4325; x_wconf 87' lang='grc' dir='ltr'>λυπεῖς,</span> <span class='ocrx_word' id='word_1_807' title='bbox 2671 4262 2794 4313; x_wconf 82' lang='grc' dir='ltr'>ὅσον</span> <span class='ocrx_word' id='word_1_808' title='bbox 2829 4260 3020 4313; x_wconf 83' lang='grc' dir='ltr'>ἐαυτὸν</span> <span class='ocrx_word' id='word_1_809' title='bbox 3074 4259 3296 4319; x_wconf 80' lang='grc' dir='ltr'>ἀδικεῖς.</span> 
     </span>
    </p>
   </div>
   <div class='ocr_carea' id='block_1_101' title="bbox 1751 4345 3301 4419">
    <p class='ocr_par' dir='ltr' id='par_1_101' title="bbox 1751 4345 3301 4419">
     <span class='ocr_line' id='line_1_101' title="bbox 1751 4345 3301 4419; baseline -0.006 -17"><span class='ocrx_word' id='word_1_810' title='bbox 1751 4348 1974 4419; x_wconf 83' lang='grc' dir='ltr'>Ἐκείνῳ</span> <span class='ocrx_word' id='word_1_811' title='bbox 2004 4348 2102 4418; x_wconf 85' lang='grc' dir='ltr'>μὲν</span> <span class='ocrx_word' id='word_1_812' title='bbox 2134 4346 2265 4418; x_wconf 83' lang='grc' dir='ltr'>γὰρ,</span> <span class='ocrx_word' id='word_1_813' title='bbox 2310 4346 2617 4410; x_wconf 82' lang='grc' dir='ltr'>ἐπεξιόντος</span> <span class='ocrx_word' id='word_1_814' title='bbox 2662 4364 2779 4410; x_wconf 90' lang='grc' dir='ltr'>σου,</span> <span class='ocrx_word' id='word_1_815' title='bbox 2825 4347 2925 4399; x_wconf 82' lang='grc' dir='ltr'>οὐκ</span> <span class='ocrx_word' id='word_1_816' title='bbox 2971 4345 3239 4408; x_wconf 83' lang='grc' dir='ltr'>ἐπέξεισιν</span> <span class='ocrx_word' id='word_1_817' title='bbox 3273 4345 3301 4393; x_wconf 92' lang='grc' dir='ltr'>ὀ</span> 
     </span>
    </p>
   </div>
   <div class='ocr_carea' id='block_1_102' title="bbox 1739 4430 3300 4503">
    <p class='ocr_par' dir='ltr' id='par_1_102' title="bbox 1739 4430 3300 4503">
     <span class='ocr_line' id='line_1_102' title="bbox 1739 4430 3300 4503; baseline -0.004 -15"><span class='ocrx_word' id='word_1_818' title='bbox 1739 4435 1871 4497; x_wconf 87' lang='grc' dir='ltr'>Θεός</span> <span class='ocrx_word' id='word_1_819' title='bbox 1890 4451 1904 4464; x_wconf 78' lang='grc'><strong><em>⁸</em></strong></span> <span class='ocrx_word' id='word_1_820' title='bbox 1938 4434 2030 4488; x_wconf 91' lang='grc' dir='ltr'>σοῦ</span> <span class='ocrx_word' id='word_1_821' title='bbox 2049 4434 2104 4487; x_wconf 83' lang='grc' dir='ltr'>δέ</span> <span class='ocrx_word' id='word_1_822' title='bbox 2128 4434 2540 4497; x_wconf 87' lang='grc' dir='ltr'>καταλιπόντος,</span> <span class='ocrx_word' id='word_1_823' title='bbox 2568 4434 2602 4503; x_wconf 85' lang='grc' dir='ltr'>ἢ</span> <span class='ocrx_word' id='word_1_824' title='bbox 2636 4432 2902 4497; x_wconf 80' lang='grc' dir='ltr'>ἐπέξεισιν</span> <span class='ocrx_word' id='word_1_825' title='bbox 2930 4432 3109 4495; x_wconf 72' lang='grc' dir='ltr'>αὐτὸς,</span> <span class='ocrx_word' id='word_1_826' title='bbox 3143 4430 3175 4500; x_wconf 87' lang='grc' dir='ltr'><strong>ῆ</strong></span> <span class='ocrx_word' id='word_1_827' title='bbox 3202 4430 3300 4491; x_wconf 80' lang='grc' dir='ltr'>τάς</span> 
     </span>
    </p>
   </div>
   <div class='ocr_carea' id='block_1_103' title="bbox 1741 4517 3301 4593">
    <p class='ocr_par' dir='ltr' id='par_1_103' title="bbox 1741 4517 3301 4593">
     <span class='ocr_line' id='line_1_103' title="bbox 1741 4517 3301 4593; baseline -0.006 -17"><span class='ocrx_word' id='word_1_828' title='bbox 1741 4522 2015 4593; x_wconf 82' lang='grc' dir='ltr'>ἁμαρτίας</span> <span class='ocrx_word' id='word_1_829' title='bbox 2042 4538 2134 4574; x_wconf 90' lang='grc' dir='ltr'>σου</span> <span class='ocrx_word' id='word_1_830' title='bbox 2168 4521 2384 4590; x_wconf 83' lang='grc' dir='ltr'>ἀφίησι.</span> <span class='ocrx_word' id='word_1_831' title='bbox 2410 4520 2535 4584; x_wconf 87' lang='grc' dir='ltr'>Πῶς</span> <span class='ocrx_word' id='word_1_832' title='bbox 2556 4520 2611 4573; x_wconf 81' lang='grc' dir='ltr'>δὲ</span> <span class='ocrx_word' id='word_1_833' title='bbox 2644 4521 2718 4591; x_wconf 80' lang='grc' dir='ltr'>μή</span> <span class='ocrx_word' id='word_1_834' title='bbox 2742 4520 2921 4588; x_wconf 73' lang='grc' dir='ltr'>ἀφιεὶς</span> <span class='ocrx_word' id='word_1_835' title='bbox 2953 4519 3016 4571; x_wconf 80' lang='grc' dir='ltr'>σὺ</span> <span class='ocrx_word' id='word_1_836' title='bbox 3051 4517 3127 4587; x_wconf 80' lang='grc' dir='ltr'>τῷ</span> <span class='ocrx_word' id='word_1_837' title='bbox 3164 4517 3301 4585; x_wconf 78' lang='grc' dir='ltr'>πλη-</span> 
     </span>
    </p>
   </div>
   <div class='ocr_carea' id='block_1_104' title="bbox 1742 4606 3301 4681">
    <p class='ocr_par' dir='ltr' id='par_1_104' title="bbox 1742 4606 3301 4681">
     <span class='ocr_line' id='line_1_104' title="bbox 1742 4606 3301 4681; baseline -0.005 -16"><span class='ocrx_word' id='word_1_838' title='bbox 1742 4612 1883 4675; x_wconf 89' lang='grc' dir='ltr'>σίον,</span> <span class='ocrx_word' id='word_1_839' title='bbox 1916 4610 2192 4681; x_wconf 85' lang='grc' dir='ltr'>βασιλείαν</span> <span class='ocrx_word' id='word_1_840' title='bbox 2219 4610 2432 4679; x_wconf 79' lang='grc' dir='ltr'>ζητείς;</span> <span class='ocrx_word' id='word_1_841' title='bbox 2465 4608 2644 4680; x_wconf 84' lang='grc' dir='ltr'>Ὅπερ</span> <span class='ocrx_word' id='word_1_842' title='bbox 2670 4609 2756 4662; x_wconf 82' lang='grc' dir='ltr'>ἴνα</span> <span class='ocrx_word' id='word_1_843' title='bbox 2777 4608 2851 4679; x_wconf 83' lang='grc' dir='ltr'>μὴ</span> <span class='ocrx_word' id='word_1_844' title='bbox 2884 4608 3161 4677; x_wconf 78' lang='grc' dir='ltr'>πάθωμεν,</span> <span class='ocrx_word' id='word_1_845' title='bbox 3197 4606 3301 4658; x_wconf 82' lang='grc' dir='ltr'>πᾶ-</span> 
     </span>
    </p>
   </div>
   <div class='ocr_carea' id='block_1_105' title="bbox 1745 4693 3297 4767">
    <p class='ocr_par' dir='ltr' id='par_1_105' title="bbox 1745 4693 3297 4767">
     <span class='ocr_line' id='line_1_105' title="bbox 1745 4693 3297 4767; baseline -0.004 -17"><span class='ocrx_word' id='word_1_846' title='bbox 1745 4715 1828 4751; x_wconf 92' lang='grc' dir='ltr'>σιν</span> <span class='ocrx_word' id='word_1_847' title='bbox 1861 4696 2107 4767; x_wconf 63' lang='grc' dir='ltr'>ἀφῶμεν·</span> <span class='ocrx_word' id='word_1_848' title='bbox 2134 4696 2345 4758; x_wconf 77' lang='grc' dir='ltr'>ἑαυτοῖς</span> <span class='ocrx_word' id='word_1_849' title='bbox 2372 4694 2482 4765; x_wconf 86' lang='grc' dir='ltr'>γὰρ</span> <span class='ocrx_word' id='word_1_850' title='bbox 2505 4695 2758 4766; x_wconf 80' lang='grc' dir='ltr'>ἀφίεμεν·</span> <span class='ocrx_word' id='word_1_851' title='bbox 2805 4696 2907 4748; x_wconf 68' lang='grc' dir='ltr'>καὶ·</span> <span class='ocrx_word' id='word_1_852' title='bbox 2931 4693 3297 4763; x_wconf 80' lang='grc' dir='ltr'>συγχωρήσω-</span> 
     </span>
    </p>
   </div>
   <div class='ocr_carea' id='block_1_106' title="bbox 1745 4779 3299 4855">
    <p class='ocr_par' dir='ltr' id='par_1_106' title="bbox 1745 4779 3299 4855">
     <span class='ocr_line' id='line_1_106' title="bbox 1745 4779 3299 4855; baseline -0.004 -19"><span class='ocrx_word' id='word_1_853' title='bbox 1745 4801 1867 4855; x_wconf 86' lang='grc' dir='ltr'>μεν,</span> <span class='ocrx_word' id='word_1_854' title='bbox 1899 4784 1984 4836; x_wconf 81' lang='grc' dir='ltr'>ἴνα</span> <span class='ocrx_word' id='word_1_855' title='bbox 2025 4784 2054 4836; x_wconf 88' lang='lat'>6</span> <span class='ocrx_word' id='word_1_856' title='bbox 2101 4782 2232 4845; x_wconf 76' lang='grc' dir='ltr'>Θεὸς</span> <span class='ocrx_word' id='word_1_857' title='bbox 2276 4782 2604 4853; x_wconf 82' lang='grc' dir='ltr'>συγχωρήσῃ</span> <span class='ocrx_word' id='word_1_858' title='bbox 2650 4783 2779 4853; x_wconf 80' lang='grc' dir='ltr'>ἡμῖν</span> <span class='ocrx_word' id='word_1_859' title='bbox 2826 4781 2894 4834; x_wconf 82' lang='grc' dir='ltr'>τὰ</span> <span class='ocrx_word' id='word_1_860' title='bbox 2932 4779 3299 4850; x_wconf 83' lang='grc' dir='ltr'>ἁμαρτήματα</span> 
     </span>
    </p>
   </div>
   <div class='ocr_carea' id='block_1_107' title="bbox 1742 4864 3294 4941">
    <p class='ocr_par' dir='ltr' id='par_1_107' title="bbox 1742 4864 3294 4941">
     <span class='ocr_line' id='line_1_107' title="bbox 1742 4864 3294 4941; baseline -0.006 -17"><span class='ocrx_word' id='word_1_861' title='bbox 1742 4870 1919 4941; x_wconf 83' lang='grc' dir='ltr'>ἡμῶν,</span> <span class='ocrx_word' id='word_1_862' title='bbox 1936 4869 2029 4923; x_wconf 72' lang='grc' dir='ltr'>καὶ</span> <span class='ocrx_word' id='word_1_863' title='bbox 2049 4869 2191 4923; x_wconf 80' lang='grc' dir='ltr'>οὕτω</span> <span class='ocrx_word' id='word_1_864' title='bbox 2212 4868 2321 4923; x_wconf 85' lang='grc' dir='ltr'>τῶν</span> <span class='ocrx_word' id='word_1_865' title='bbox 2350 4867 2651 4939; x_wconf 88' lang='grc' dir='ltr'>μελλόντων</span> <span class='ocrx_word' id='word_1_866' title='bbox 2682 4867 3025 4939; x_wconf 88' lang='grc' dir='ltr'>ἐπιτύχωμεν</span> <span class='ocrx_word' id='word_1_867' title='bbox 3054 4864 3294 4936; x_wconf 81' lang='grc' dir='ltr'>ἀγαθῶν,</span> 
     </span>
    </p>
   </div>
   <div class='ocr_carea' id='block_1_108' title="bbox 1741 4956 2103 5028">
    <p class='ocr_par' dir='ltr' id='par_1_108' title="bbox 1741 4956 2103 5028">
     <span class='ocr_line' id='line_1_108' title="bbox 1741 4956 2103 5028; baseline -0.003 -16"><span class='ocrx_word' id='word_1_868' title='bbox 1741 4958 1835 5012; x_wconf 76' lang='grc' dir='ltr'>καὶ</span> <span class='ocrx_word' id='word_1_869' title='bbox 1858 4958 1925 5012; x_wconf 84' lang='grc' dir='ltr'>τὰ</span> <span class='ocrx_word' id='word_1_870' title='bbox 1959 4956 2103 5028; x_wconf 78' lang='grc' dir='ltr'>ἑξῆς.</span> 
     </span>
    </p>
   </div>
  </div>
