3974 6504
192 392 295 451 215

1084 378 1152 436 ΙΝ
1196 376 1407 434 EPIST.
1452 376 1542 431 AD
1580 371 1869 430 PHILIPP.
1911 368 2065 428 CAP.
2106 371 2172 429 11.
2217 376 2444 433 HOMIL.
2490 377 2556 433 ν.

3368 378 3475 435 2H

190 478 1757 511 ________________________

1868 476 2986 497 MC.

1571 513 1905 577 HOMILIA
1956 515 2032 576 V.

188 633 317 689 CAP.
341 632 400 686 2.
425 648 479 686 v.
505 632 560 686 1.
590 630 652 686 Si
678 646 777 699 qua
802 644 923 699 ergo
942 625 1222 681 consolatio
1249 626 1301 675 in
1323 620 1543 683 Christo,
1570 617 1614 671 si
1642 614 1779 684 quod

252 726 499 779 solatium
527 722 776 781 caritatis,
805 721 850 774 si
873 735 973 789 qua
1002 718 1213 771 societas
1241 714 1470 784 spiritus,
1500 711 1545 766 si
1578 725 1679 779 qua
1704 708 1777 760 vi-

250 833 399 871 scera
428 824 478 869 et
502 813 852 867 miserationes
881 825 901 866 .'
928 810 982 864 2.
1011 808 1216 877 implete
1242 805 1486 876 gaudium
1514 816 1698 863 meum,
1722 808 1779 851 ut

249 909 391 963 idem
405 907 641 977 sapiatis,
676 903 905 958 eamdem
925 902 1187 955 caritatem
1216 898 1471 954 habentes,
1489 892 1774 955 unanimes,

250 1003 482 1071 idipsnm
510 1008 763 1067 sapientes
793 1011 809 1049 :
836 996 890 1050 3.
922 993 1052 1046 nihil
1079 1008 1169 1061 per
1195 987 1587 1047 contentionem,
1620 997 1778 1052 neque

248 1112 345 1165 per
368 1095 573 1147 inanem
601 1090 840 1161 gloriam,
878 1085 967 1141 sed
991 1086 1044 1138 in
1072 1082 1354 1137 humilitate
1378 1076 1663 1148 superiores
1683 1073 1778 1165 sibi

248 1162 471 1240 inuicem
494 1182 801 1236 arbitrantes
820 1194 839 1231 :
865 1178 917 1232 4.
966 1192 1067 1229 non
1115 1189 1231 1244 qua:
1265 1188 1361 1227 sua
1390 1178 1538 1230 sunt,
1586 1162 1776 1235 singuli

247 1276 590 1337 considerate,
620 1271 710 1325 sed
738 1281 783 1324 et
805 1286 863 1323 ea
891 1283 1004 1336 qum
1028 1266 1271 1330 aliorum,
1301 1260 1664 1331 unusquisque.

251 1370 305 1423 1.
339 1366 486 1421 Nihil
533 1363 755 1427 melius,
798 1359 928 1414 nihil
976 1359 1028 1412 in
1065 1370 1249 1410 amore
1275 1352 1516 1408 tenerius
1553 1348 1774 1403 doctore

173 1459 450 1529 spirituali
475 1474 489 1510 τ
515 1454 709 1525 quovis
736 1451 963 1506 naturali
987 1459 1139 1520 patre
1166 1447 1423 1517 majorem
1446 1442 1773 1498 benevolen-

175 1555 309 1606 tiam
328 1558 571 1620 przestat.
601 1544 856 1608 Attende,
885 1543 1132 1605 obsecro,
1157 1555 1315 1610 quam
1342 1536 1657 1607 suppliciter
1682 1550 1774 1603 pe-

169 1654 254 1699 tat
280 1660 310 1696 a
342 1639 780 1710 Philippeusihus
809 1652 868 1690 ea
892 1650 1011 1705 qua:
1028 1649 1063 1689 e
1094 1649 1153 1688 re
1177 1633 1410 1702 ipsorum
1434 1636 1606 1685 erant.
1632 1626 1770 1694 Quid

170 1737 323 1791 enim
363 1734 493 1788 dicit
521 1732 587 1785 ad
627 1729 972 1785 crmcordiam
999 1728 1238 1781 omnium
1271 1725 1531 1779 bonorum
1553 1737 1769 1775 causam

166 1829 473 1883 cohortaris
489 1825 515 1877 ἲ
539 1835 592 1878 et
610 1823 750 1886 vide,
768 1836 927 1893 quam
948 1819 1189 1889 cepiose,
1213 1832 1371 1887 quam
1398 1816 1765 1881 vehementer,

168 1929 382 1988 quanto
409 1931 533 1970 cum
558 1913 752 1969 affectu
777 1930 790 1943 ·
823 1912 885 1967 Si
910 1928 1011 1981 qua
1027 1927 1147 1980 ergo
1169 1908 1447 1964 consolatio
1466 1907 1518 1960 in
1545 1905 1763 1971 Christo,

168 2010 372 2081 inquit.
393 2008 451 2063 hi
470 2016 571 2072 est,
588 2007 644 2061 Si
666 2004 791 2075 quid
815 2002 1023 2057 habetis
1045 2001 1429 2057 consolationis
1455 2002 1505 2055 in
1529 2000 1764 2064 Christo;

167 2102 398 2174 perinde
438 2116 502 2155 ac
527 2100 575 2155 si
604 2098 807 2153 diceret
832 2112 846 2148 :
875 2095 930 2151 Si
964 2110 1121 2165 quam
1151 2094 1253 2149 mei
1280 2095 1539 2148 rationem
1563 2093 1762 2157 habes,

167 2198 212 2253 si
240 2210 349 2261 qua
383 2192 476 2246 tibi
502 2190 605 2245 mei
638 2204 786 2254 cura,
810 2188 852 2241 si
881 2186 1006 2257 quid
1039 2188 1173 2241 bene
1204 2200 1456 2255 umquam
1480 2184 1548 2238 de
1577 2197 1627 2239 te
1652 2199 1766 2239 me—
1810 2226 1817 2232 .

166 2291 269 2351 rui,
301 2290 407 2341 hoc
429 2285 613 2339 facito.
646 2282 755 2337 Hac
780 2297 911 2336 vero
935 2280 1197 2335 orationis
1231 2280 1394 2350 ﬁgura
1425 2279 1475 2333 in
1502 2277 1765 2332 movendo

164 2380 364 2435 aﬂ'et‘ttt
394 2379 617 2442 utimur,
653 2376 697 2430 si
726 2375 854 2445 quid
880 2372 1255 2443 postulandum
1285 2373 1375 2437 sit,
1428 2371 1569 2441 quod
1599 2379 1763 2425 caete-

165 2476 240 2528 ris
262 2470 955 2538 omnihus'praaponamus.
987 2466 1118 2521 Nam
1150 2466 1251 2522 nisi
1278 2465 1527 2520 omnibus
1558 2477 1765 2533 prmpm

165 2578 459 2629 iteremus,
510 2577 615 2616 non
657 2575 725 2616 eo
753 2575 860 2614 uno
888 2560 1174 2628 impetrato
1202 2556 1440 2612 omnium
1482 2555 1637 2610 nobis
1662 2570 1762 2608 ex-

164 2655 426 2709 haustam
472 2668 594 2708 esse
643 2651 946 2708 mercedem
996 2650 1292 2715 vellemus,
1350 2663 1448 2704 nec
1496 2663 1591 2717 per
1633 2646 1761 2701 illttd

158 2751 475 2819 diceremus
497 2746 757 2817 quidquid
779 2743 934 2799 nobis
955 2743 1273 2807 debebatur,
1304 2756 1425 2797 esse
1451 2754 1758 2810 reprtesen-

161 2851 357 2894 tattun.
384 2839 493 2894 Sed
524 2854 621 2893 nos
646 2836 861 2908 quidem
878 2836 1118 2890 carnalia
1136 2834 1399 2890 beneﬁcia
1424 2846 1757 2889 commemo—

161 2950 350 2988 ramus
384 2952 396 2986 :
430 2944 487 2987 ut
517 2933 561 2986 si
605 2945 756 3002 pater
785 2947 910 3003 erga
947 2933 1112 2986 lilium
1152 2932 1396 2997 diceret,
1444 2931 1498 2988 Si
1531 2949 1632 3003 qua
1665 2932 1755 2987 tibi

159 3026 469 3081 reverentia
505 3040 630 3095 erga
673 3035 876 3095 patrem
900 3065 914 3087 ,
939 3024 983 3078 si
1029 3040 1130 3094 qua
1161 3024 1524 3092 educationis,
1580 3025 1756 3095 siqua

157 3118 381 3189 pietatis
404 3132 530 3187 erga
553 3118 660 3181 me,
680 3118 724 3171 si
746 3132 849 3187 qua
875 3116 1094 3171 honoris
1114 3132 1273 3185 quem
1295 3128 1360 3172 ex
1382 3133 1466 3171 me
1487 3133 1547 3172 es
1567 3132 1757 3173 conse-

156 3220 384 3280 quutus,
416 3210 465 3265 si
491 3227 594 3280 qua
623 3210 1011 3266 benevolentia:
1033 3211 1311 3273 memoria,
1338 3226 1470 3280 rogo
1494 3220 1565 3276 te,
1597 3226 1663 3266 ne
1679 3211 1755 3266 sis

159 3305 424 3369 inimicus
451 3303 632 3367 fratri;
665 3303 766 3358 hoc
789 3312 893 3368 est,
921 3316 1019 3372 pro
1045 3304 1292 3357 omnibus
1311 3303 1416 3357 illis
1444 3303 1580 3359 hanc
1598 3305 1755 3374 exigo

157 3395 502 3452 mercedem.
540 3394 646 3450 Sed
671 3410 777 3448 non
801 3396 870 3449 ita
906 3394 1137 3450 Paulus:
1169 3394 1300 3449 nihil
1328 3397 1493 3461 enim,
1521 3397 1662 3465 quod
1687 3395 1753 3449 ad

152 3504 378 3544 carnem
414 3487 711 3557 pertineat,
758 3487 951 3557 redigit
989 3487 1057 3542 ad
1086 3488 1423 3551 memoriam,
1446 3489 1539 3543 sed
1571 3489 1748 3543 omnia

154 3582 489 3651 spiritualia.
521 3579 675 3647 Quod
699 3589 877 3635 Mitem
906 3581 1072 3646 dicit,
1102 3581 1208 3635 tale
1230 3590 1319 3637 est
1346 3599 1360 3635 :
1388 3581 1442 3637 Si
1463 3582 1591 3653 quid
1621 3582 1752 3637 mihi

150 3672 334 3726 solatii
363 3670 526 3726 vultis
555 3672 607 3724 in
640 3672 1023 3727 tentationibus
1043 3671 1259 3737 aﬁ'erre,
1285 3687 1476 3743 meque
1502 3688 1751 3730 recreare

152 3774 205 3827 in
232 3773 483 3837 Christo,
513 3773 557 3827 si
594 3790 750 3843 quam
777 3773 1198 3828 consolationem
1229 3773 1491 3840 caritatis,
1522 3776 1566 3828 si
1598 3773 1752 3844 quid-

148 3883 313 3937 quam
339 3866 461 3935 ejus
491 3867 886 3921 communionis
910 3883 1029 3937 qua:
1049 3868 1102 3921 in
1129 3867 1322 3937 spiritu
1351 3876 1455 3931 est,
1482 3865 1644 3922 vultis
1662 3883 1754 3922 os-

153 3962 385 4016 tendere
403 4002 419 4023 ,
452 3960 494 4014 si
522 3975 626 4030 qua
661 3959 867 4015 habetis
894 3960 1098 4015 viscera
1121 3971 1176 4016 et
1214 3959 1601 4016 misericordia:
1626 3973 1749 4016 sen~

151 4066 295 4118 sitm,
336 4051 557 4121 implete
585 4067 762 4106 meum
788 4052 1062 4122 gaudium.
1096 4050 1158 4108 Si
1186 4069 1287 4121 qua
1316 4055 1505 4107 viscera
1530 4062 1577 4107 et
1597 4054 1747 4108 mise-

152 4146 403 4199 rationes.
447 4143 844 4198 Miserationem
891 4143 991 4198 sibi
1022 4143 1319 4198 exhibitam
1362 4152 1522 4198 vocat
1557 4143 1751 4198 Paulus

150 4236 552 4306 discipulorum
587 4236 929 4290 concordiam
951 4277 968 4299 ,
1016 4234 1308 4290 ostendens
1349 4250 1614 4290 summum
1652 4236 1752 4289 im-

154 4332 367 4384 minere
399 4328 737 4397 periculum,
788 4326 890 4381 nisi
935 4327 1234 4381 concordes
1260 4326 1479 4382 fuerint.
1528 4326 1584 4381 Si
1623 4326 1749 4397 quid

152 4424 287 4476 mihi
314 4461 333 4486 ,
378 4421 555 4491 inquit
575 4463 589 4485 ,
632 4420 809 4475 solatii
837 4435 866 4474 a
894 4420 1044 4475 vobis
1071 4419 1493 4490 exspectandum
1520 4427 1603 4473 est
1625 4457 1642 4484 ,
1705 4419 1749 4471 si

153 4513 281 4582 quid
327 4513 715 4567 consolationis
744 4527 812 4567 ex
841 4520 1016 4566 vestra
1038 4513 1265 4566 caritate
1288 4520 1563 4580 reportare
1585 4511 1746 4574 licet;

152 4606 197 4659 si
227 4606 433 4674 possim
459 4605 734 4659 vobiscum
762 4604 1159 4659 communicare
1191 4605 1246 4657 in
1273 4605 1486 4673 spiritu,
1523 4604 1567 4657 si
1596 4619 1749 4657 com-

153 4699 444 4752 municare
474 4698 753 4752 vobiscum
788 4696 837 4750 in
865 4698 1127 4761 Domino;
1159 4698 1203 4750 si
1235 4711 1336 4766 qua
1368 4696 1495 4750 mihi
1532 4711 1561 4750 a
1599 4697 1751 4751 vobis

153 4788 533 4844 misericordia
561 4798 616 4843 et
637 4788 1035 4843 commiseratio
1063 4788 1361 4858 praestanda
1379 4797 1480 4851 est,
1510 4788 1747 4842 onmium

154 4884 351 4938 harum
394 4900 576 4939 rerum
624 4883 924 4938 mercedem
958 4884 1011 4937 in
1042 4885 1266 4938 caritate
1292 4884 1406 4952 ipsa
1442 4882 1632 4938 tuenda
1661 4897 1750 4937 re-

154 4984 505 5044 prmsentate.
535 4975 677 5030 Satis
700 4976 828 5029 mihi
847 4990 876 5028 a
899 4976 1051 5029 vobis
1073 4976 1265 5029 factum
1292 4988 1433 5039 esse,
1465 4975 1750 5045 omniaque

152 5076 558 5136 consequutum
594 5067 813 5136 putabo,
840 5068 884 5121 si
913 5083 1005 5120 vos
1031 5078 1221 5122 mutuo
1250 5068 1578 5122 amaveritis.
1632 5066 1749 5120 Im-

153 5160 285 5227 plete
312 5159 563 5228 gaudium
593 5174 779 5211 meum.
811 5158 885 5212 Ne
917 5175 1037 5228 qua:
1065 5158 1214 5225 dicit,
1239 5158 1621 5213 admonitionis
1643 5158 1748 5212 vim

154 5253 363 5308 habere
392 5252 733 5317 viderentur,
763 5254 914 5321 quasi
949 5254 1026 5306 illi
1051 5252 1160 5321 jam
1191 5253 1259 5306 ab
1285 5251 1463 5306 ofﬁcio
1487 5252 1751 5307 decessis-

153 5354 297 5410 sent,
324 5361 435 5398 non
462 5345 534 5399 ita
561 5345 711 5410 dicit,
744 5346 929 5401 Facite
953 5346 1107 5411 mihi,
1136 5345 1254 5411 sed,
1294 5344 1543 5415 [inplete;
1568 5345 1619 5398 id
1643 5354 1746 5409 est,

153 5439 414 5508 Cmpistis
434 5438 547 5508 jam
576 5440 631 5491 in
652 5454 738 5494 me
763 5454 966 5507 serere,
988 5442 1098 5510 jam
1122 5439 1251 5493 mihi
1280 5440 1524 5505 dedistis,
1547 5440 1748 5493 utsatis

154 5531 373 5600 quietus
400 5531 524 5594 sim,
554 5530 649 5585 sed
672 5531 740 5585 ad
770 5531 927 5586 ﬁnem
960 5532 1245 5600 pervenire
1285 5530 1556 5587 desidero.
1606 5530 1747 5598 Quid

153 5622 473 5686 desideras,
499 5622 587 5677 die
615 5622 743 5676 mihi
766 5623 790 5675 ’ἔ
833 5632 892 5676 ιιι
919 5632 971 5677 te
997 5638 1027 5676 a
1057 5623 1307 5691 periculis
1332 5622 1664 5678 liberemus?
1694 5632 1748 5676 ut

156 5693 248 5771 tibi
265 5715 547 5785 quidpiam
568 5714 1011 5783 suppeditemus?
1037 5713 1174 5767 Nihil
1193 5714 1519 5783 hujusmodi,
1550 5714 1743 5785 inquit,

151 5808 244 5864 sed
294 5805 372 5863 Ut
411 5821 499 5862 vos
540 5807 676 5860 idem
704 5807 916 5875 sapiatis
942 5806 1167 5859 eamdem
1195 5806 1431 5863 habentes
1459 5810 1745 5877 caritatem,

494 5902 766 5961 ΡΑτιιοι.
813 5900 930 5961 Gtt.
978 5901 1169 5963 LXII.

1891 614 1945 669 in
1972 631 2075 686 qua
2104 617 2379 687 ccepistis,
2423 618 2713 685 unanimes,
2764 637 2920 673 unum
2958 621 3231 690 sapientes.
3284 620 3469 691 Γειρωῖ

1886 708 2098 777 quoties
2126 708 2267 764 idem
2295 712 2491 780 repetit
2533 726 2600 765 ex
2645 727 2837 782 magno
2874 713 3103 783 quodam
3144 713 3370 767 alit-ctu!
3404 713 3472 767 Ut

1884 804 2020 857 idem
2042 805 2278 872 sapiatis,
2308 804 2498 874 inquit,
2524 805 2631 859 imo
2662 820 2789 861 vero
2821 816 2879 860 ut
2907 824 3069 861 unum
3089 807 3327 876 sapiatis.
3359 807 3471 861 [loc

1888 894 2030 948 enim
2064 895 2413 965 progrediens
2438 896 2677 952 ostendit
2700 898 2887 953 verbis.
2904 899 3010 953 illis
3031 941 3044 963 ,
3069 897 3240 953 Unum
3266 901 3471 970 sapien-

1886 995 1959 1040 tes
1981 1002 2000 1039 :
2036 987 2177 1056 quod
2212 988 2383 1057 majus
2400 987 2691 1058 quidquam
2721 998 2839 1055 est,
2870 1005 3030 1059 quam
3070 990 3207 1044 idem
3253 1006 3462 1060 sapere.

1886 1075 2133 1131 Eantdem
2178 1079 2440 1131 caritatem
2486 1079 2724 1133 habentes
2749 1095 2770 1135 .'
2823 1080 2874 1133 id
2925 1088 3031 1145 est,
3048 1095 3149 1134 non
3182 1090 3387 1135 tantum
3411 1082 3465 1136 in

1884 1170 2023 1224 nuda
2049 1170 2173 1234 fide,
2203 1170 2297 1225 sed
2331 1170 2381 1224 iu
2413 1172 2627 1224 caeteris
2655 1170 2815 1224 etiam
2849 1171 3100 1224 omnibus
3129 1172 3308 1225 rebus.
3336 1172 3466 1226 Pos-

1881 1277 2069 1317 sumus
2088 1263 2229 1317 enim
2256 1271 2311 1317 et
2339 1261 2479 1316 idem
2504 1276 2716 1329 sapere,
2740 1272 2797 1317 et
2814 1262 3092 1316 caritatem
3108 1278 3213 1316 non
3244 1262 3460 1317 habere.

1882 1356 2130 1410 Eamdem
2155 1357 2418 1410 caritatem
2438 1356 2676 1410 habentes
2705 1371 2723 1409 :
2750 1354 2799 1408 id
2829 1365 2932 1419 est,
2957 1370 3108 1425 aeque
3134 1364 3188 1410 et
3211 1370 3394 1409 amare
3406 1364 3465 1411 et

1879 1450 2071 1505 amari.
2100 1449 2252 1512 Noli,
2281 1465 2402 1504 cum
2445 1465 2630 1520 magna
2656 1449 2882 1503 aliorum
2913 1449 2964 1502 in
2991 1456 3046 1503 te
3072 1448 3295 1503 caritate
3320 1447 3467 1502 frua—

1881 1542 1956 1595 ris
1975 1581 1991 1607 ,
2021 1541 2286 1595 minorem
2326 1541 2460 1609 ipsis
2484 1548 2737 1609 prmstare
2757 1580 2771 1599 ,
2805 1540 2959 1609 quasi
2989 1539 3089 1594 hac
3122 1541 3283 1594 etiam
3324 1540 3378 1594 in
3404 1555 3465 1594 re

1880 1636 1998 1703 plus
2018 1650 2173 1705 equo
2201 1635 2292 1688 tibi
2324 1643 2566 1702 appetas.
2608 1633 2739 1687 Nam
2766 1634 2809 1687 si
2845 1633 3084 1686 nonnulli
3115 1642 3242 1686 sunt
3259 1633 3350 1702 qui
3377 1632 3461 1686 fa-

1876 1727 2042 1791 ciant,
2072 1737 2126 1781 tu
2151 1726 2200 1781 id
2232 1727 2284 1779 in
2316 1736 2367 1779 te
2387 1725 2584 1780 cadere
2612 1725 2760 1779 nullo
2780 1734 2938 1795 pacto
2966 1723 3127 1778 feras.
3160 1723 3458 1788 Unanimes,

1876 1821 2047 1890 inquit
2073 1839 2086 1875 :
2117 1819 2167 1873 id
2194 1827 2295 1883 est,
2326 1820 2414 1873 uni
2441 1819 2635 1873 animae
2656 1818 2895 1872 omnium
2920 1832 3144 1887 corpora
3169 1817 3318 1888 quasi
3337 1832 3460 1886 pro-

1878 1912 1994 1981 pria
2025 1909 2499 1965 accommodantes
2519 1950 2534 1974 ,
2594 1926 2696 1962 non
2721 1909 2936 1978 quidem
2971 1909 3266 1963 substantia
3304 1910 3457 1977 ipsa;

1874 2018 1996 2056 nam
2023 2002 2073 2055 id
2107 2002 2218 2056 ﬁeri
2262 2018 2366 2055 non
2412 2009 2621 2070 potest;
2649 2000 2745 2056 sed
2772 2002 3034 2055 electione
3057 2012 3112 2054 et
3141 2000 3408 2056 sententia
3436 2018 3453 2055 τ

1872 2095 2024 2163 quasi
2049 2109 2113 2148 ex
2139 2110 2239 2147 una
2282 2094 2457 2148 anima
2489 2094 2667 2147 omnia
2702 2092 3129 2162 proﬁciscantur.
3176 2093 3311 2159 Quid
3333 2102 3453 2157 est,

1876 2184 2196 2240 Unanimes?
2223 2185 2334 2240 Hoc
2362 2186 2652 2241 declaravit
2677 2185 2910 2251 addens,
2950 2184 3120 2240 Unum
3164 2186 3414 2254 sapientes
3435 2201 3457 2239 :

1872 2277 2087 2331 unicum
2120 2277 2263 2332 enim
2290 2278 2405 2331 vult
2434 2292 2556 2332 esse
2586 2278 2825 2331 omnium
2854 2293 3067 2331 sensum
3092 2319 3108 2343 ,
3154 2278 3372 2346 perinde
3392 2292 3455 2332 ac

1870 2371 1917 2425 si
1951 2385 2015 2424 ex
2056 2384 2158 2423 una
2187 2370 2363 2423 anima
2403 2370 2719 2439 penderent.
2771 2369 2919 2424 Nihil
2947 2388 3037 2440 per
3063 2374 3450 2428 contentionem.

1873 2463 2045 2531 Rogat
2074 2461 2268 2516 deinde
2308 2470 2363 2516 et
2389 2462 2609 2529 exponit
2643 2461 2859 2516 modum
2889 2478 2996 2532 quo
3042 2463 3093 2517 id
3146 2463 3272 2530 ﬁat;
3306 2463 3455 2519 Nihil

1869 2574 1956 2628 per
1980 2556 2347 2611 contentionem
2375 2555 2453 2610 vel
2476 2555 2679 2617 inanem
2702 2556 2939 2625 gloriam,
2973 2556 3163 2627 inquit.
3186 2556 3339 2624 Quod
3368 2561 3451 2624 ip-

1866 2667 1984 2708 sum
1998 2665 2212 2719 semper
2229 2649 2350 2705 dico
2366 2649 2628 2704 malorum
2646 2649 2882 2703 omnium
2907 2663 3027 2703 esse
3048 2663 3266 2703 causam
3288 2666 3299 2700 :
3325 2634 3453 2703 hinc

1866 2759 2056 2815 pugna:
2078 2753 2133 2798 et
2155 2743 2296 2807 lites,
2320 2741 2447 2795 hinc
2473 2740 2667 2795 invidia
2694 2749 2749 2796 et
2776 2740 3023 2795 vincendi
3043 2740 3300 2802 studium,
3328 2740 3452 2794 hinc

1864 2836 2105 2892 caritatis
2132 2833 2511 2904 refrigeratio;
2560 2849 2680 2889 cum
2729 2833 3002 2887 hominum
3039 2833 3265 2903 gloriam
3300 2849 3450 2887 ama-

1863 2944 2006 2993 mus,
2034 2944 2156 2983 cum
2190 2927 2379 2982 honori
2409 2969 2424 2990 ,
2450 2928 2540 2997 qui
2570 2942 2601 2981 a
2631 2927 2815 2981 multis
2835 2927 3139 2992 exhibetur,
3165 2930 3447 2991 servimus,

1865 3031 1990 3076 tunc
2016 3021 2195 3075 omnia
2240 3020 2355 3075 haec
2379 3019 2659 3075 accidunt:
2693 3018 2914 3074 minime
2936 3020 3079 3074 enim
3118 3019 3196 3074 fas
3222 3030 3304 3075 est
3330 3021 3449 3091 glo—

1866 3115 1960 3168 riae
1985 3115 2310 3169 servientem
2338 3153 2354 3176 ,
2398 3112 2490 3166 Dei
2517 3111 2678 3166 etiam
2706 3125 3025 3181 germanum
3054 3126 3175 3167 esse
3197 3128 3409 3167 servum
3431 3153 3446 3166 .

1863 3208 1978 3277 Qua
2008 3208 2168 3278 igitur
2195 3207 2404 3261 ratione
2432 3204 2537 3259 hoc
2571 3206 2742 3259 inanis
2768 3205 2954 3276 gloria:
2994 3205 3226 3259 studium
3256 3206 3451 3277 fugeri-

1860 3299 2278 3356 musinondum
2308 3299 2449 3355 enim
2478 3285 2623 3353 illam
2644 3298 2957 3367 exposuisti.
2984 3297 3117 3352 Audi
3142 3299 3444 3368 sequentia:

1865 3395 1973 3449 Sed
1994 3395 2047 3448 in
2079 3394 2381 3457 humilitate,
2413 3389 2604 3461 inquit,
2637 3391 2923 3459 superiores
2950 3390 3046 3443 sibi
3074 3390 3286 3443 inuicem
3312 3390 3448 3443 arbi-

1860 3498 2069 3543 trantes.
2106 3487 2298 3555 Papae!
2328 3484 2597 3555 quomodo
2622 3482 2838 3551 plenum
2865 3481 3214 3551 philosophia:
3227 3480 3447 3551 dogma,

1859 3591 1914 3635 et
1942 3579 2009 3633 ad
2042 3586 2280 3631 nostram
2312 3576 2537 3631 salutem
2577 3572 2895 3627 mirabiliter
2929 3572 3233 3627 conducens
3276 3586 3445 3641 expo~

1858 3671 1997 3727 suit!
2026 3670 2083 3726 Si
2113 3667 2467 3733 existimaris,
2496 3666 2699 3736 inquit,
2729 3665 2879 3718 illum
2918 3673 2969 3718 te
2996 3664 3254 3732 majorem
3283 3677 3406 3717 esse
3427 3703 3444 3724 ,

1860 3763 2021 3833 idque
2063 3761 2155 3815 tibi
2194 3761 2294 3831 ipsi
2318 3758 2683 3829 persuaseris;
2726 3764 2822 3810 aut
2841 3756 3021 3825 potius
3051 3755 3095 3808 si
3128 3768 3237 3809 non
3273 3753 3446 3808 solum

1857 3853 2078 3919 dixeris,
2105 3851 2198 3907 sed
2229 3852 2389 3905 etiam
2414 3848 2776 3917 persuasionis
2807 3847 2959 3901 istius
2991 3845 3201 3916 plenus,
3237 3844 3445 3900 honore

1856 3960 2070 4017 quoque
2110 3943 2277 3999 fueris
2322 3950 2701 4012 prosequotus,
2734 3939 2954 3994 minime
3002 3937 3374 4003 succensehis,
3400 3937 3445 3990 si

1860 4040 1960 4111 ipsi
1988 4040 2059 4094 ab
2088 4039 2197 4093 alio
2240 4037 2494 4093 tributum
2521 4035 2723 4092 videas.
2760 4033 2923 4105 Igitur
2950 4048 3057 4088 non
3096 4040 3296 4086 tantum
3327 4031 3445 4085 exi-

1856 4136 2015 4190 stima
2046 4134 2194 4188 illum
2221 4142 2272 4188 te
2299 4132 2559 4202 majorem
2596 4145 2740 4194 esse,
2779 4129 2871 4183 sed
2893 4128 3055 4184 etiam
3087 4128 3442 4197 superiorem,

1856 4243 1974 4298 qua:
2012 4242 2115 4280 vox
2154 4240 2399 4294 magnam
2431 4223 2789 4292 praestantiam
2839 4220 3064 4284 iudicat;
3092 4231 3144 4273 et
3173 4233 3279 4273 non
3301 4232 3444 4286 mgre

1859 4318 1999 4372 feres
2026 4332 2201 4387 neque
2229 4316 2455 4380 dolebis,
2495 4315 2539 4367 si
2569 4314 2714 4367 illum
2753 4312 2806 4365 in
2846 4312 3051 4365 honore
3077 4325 3196 4365 esse
3227 4309 3442 4374 videas;

1855 4419 1911 4465 et
1939 4411 1983 4464 si
2021 4407 2401 4463 contumeliam
2453 4405 2726 4470 intulerit,
2754 4416 3016 4474 generose
3058 4400 3237 4456 feres:
3271 4400 3445 4468 ipsum

1855 4502 2001 4557 enim
2033 4501 2288 4569 majorem
2314 4508 2365 4553 te
2392 4496 2744 4551 existimasti:
2779 4494 2902 4549 etsi
2924 4492 3180 4546 conviciis
3205 4490 3449 4560 appetie-

1858 4596 1960 4657 rit,
1988 4608 2193 4648 morem
2242 4606 2438 4662 geres;
2468 4600 2521 4643 et
2564 4593 2605 4641 si
2650 4586 3001 4647 malefecerit,
3046 4584 3236 4639 tacitus
3281 4582 3444 4638 feres.

1855 4686 2085 4754 Quando
2105 4688 2248 4741 enim
2274 4684 2440 4739 semel
2457 4683 2560 4736 hoc
2590 4681 2691 4735 sibi
2720 4681 2895 4735 anima
2921 4679 3136 4750 penitus
3163 4692 3447 4746 persuase-

1857 4784 1943 4844 rit,
1973 4795 2093 4836 esse
2122 4779 2416 4848 majorem;
2451 4792 2559 4831 non
2580 4775 2871 4845 impellitur
2890 4775 2956 4828 ad
2983 4774 3140 4839 iram,
3161 4773 3206 4826 si
3232 4772 3300 4825 ab
3327 4771 3444 4841 ipso

1858 4874 1999 4929 male
2019 4873 2336 4942 accipiatur,
2370 4886 2475 4925 non
2501 4870 2567 4923 ad
2594 4867 2869 4923 invidiam.
2895 4868 2963 4921 iis
2996 4868 3141 4921 enim
3168 4865 3259 4935 qui
3289 4863 3447 4918 valde

1856 4972 2129 5036 prmsmnt,
2150 4978 2305 5017 nemo
2324 4961 2600 5016 inviderit:
2627 4961 2743 5016 hinc
2764 4959 2904 5014 enim
2920 4957 3099 5013 omnia
3118 4956 3442 5027 praestantiae

1858 5060 2002 5114 illius
2023 5056 2204 5113 deberi
2227 5065 2395 5126 putat.

1928 5154 1983 5207 2.
2019 5154 2111 5207 llis
2138 5152 2297 5221 igitur
2328 5150 2506 5205 verbis
2526 5151 2677 5203 docet
2706 5147 2864 5209 talem
2892 5146 3127 5201 animum
3143 5142 3437 5212 suscipere.

1859 5248 2014 5317 Quod
2039 5248 2082 5301 si
2105 5246 2340 5301 vicissim
2371 5245 2461 5297 illo
2487 5253 2633 5297 tanto
2649 5243 2745 5296 abs
2776 5250 2826 5294 te
2850 5240 3055 5293 honore
3082 5235 3326 5297 affectus,
3359 5233 3444 5286 in-

1858 5344 1995 5413 quit,
2024 5340 2273 5395 eumdem
2298 5351 2424 5407 erga
2451 5345 2503 5390 te
2522 5335 2757 5389 animum
2782 5328 3113 5399 susceperit;
3145 5325 3317 5395 cogita
3344 5323 3443 5377 du-

1860 5434 1981 5504 plici
2000 5433 2149 5503 quasi
2174 5444 2328 5484 muro
2350 5429 2533 5482 fultam
2549 5441 2670 5482 esse
2688 5423 3163 5501 aequanimitatem.
3180 5415 3444 5485 Quamdiu

1859 5530 2002 5583 enim
2034 5534 2260 5595 uterque
2284 5532 2567 5593 utrumque
2604 5521 2809 5575 honore
2837 5518 3027 5587 dignos
3060 5511 3280 5583 putatis,
3311 5508 3445 5563 nihil

1861 5632 2113 5689 umquam
2145 5617 2389 5673 accidere
2415 5614 2625 5672 molesti
2660 5621 2853 5683 potest.
2895 5608 3027 5663 Nam
3067 5606 3110 5659 si
3141 5604 3242 5657 hoc
3263 5601 3345 5655 vel
3381 5599 3449 5653 ab

1859 5712 2031 5767 altero
2060 5709 2339 5765 dumtaxat
2368 5709 2663 5779 praestitum
2693 5704 2825 5759 satis
2857 5711 2941 5758 est
2966 5699 3031 5754 ad
3063 5710 3275 5751 omnem
3318 5706 3450 5747 con-

1858 5816 2150 5863 tenttonem
2181 5800 2502 5866 tollendam;
2531 5797 2745 5870 quando
2771 5794 2840 5850 ab
2866 5794 3106 5859 utrisque
3147 5793 3455 5858 praestatur,

3022 5886 3096 5952 ib
