3974 6518
559 319 666 375 2l5

558 436 680 507 quis
709 418 847 490 hanc
882 431 1232 488 munitionem
1276 433 1617 503 perrumpet?
1666 431 1746 490 Ne
1786 434 1900 505 ipse
1922 435 2145 506 quidem

561 527 849 582 diabolus:
879 525 1073 596 triplici
1092 524 1234 579 enim
1262 525 1666 595 etquadrupliei
1694 541 1870 595 muro,
1903 536 2062 598 atque
2078 544 2144 584 eo

498 594 499 597 Ἴ
563 620 794 689 amplius
819 594 1058 672 fulta—est
1084 631 1200 672 arx.
1243 594 1492 673 Omnium
1515 620 1656 673 enim
1689 619 1947 674 bonorum
1979 635 2138 674 causa

556 723 641 765 est
663 710 955 765 humilitas.
974 708 1127 775 Quod
1153 718 1209 763 ut
1228 709 1299 763 ita
1321 724 1440 764 esse
1456 709 1649 775 discas,
1675 710 1797 765 audi
1828 711 2139 781 pmphetam

558 804 823 858 dicentem
848 820 867 853 :
903 803 1156 867 Quoniam
1183 805 1226 857 si
1246 804 1550 871 sacriﬁcium
1578 804 1838 869 voluisses,
1887 806 2138 860 dedissent

552 895 727 964 utique
754 909 773 947 :
816 893 1127 947 holocaustis
1158 911 1257 948 non
1302 894 1645 949 delectaberis.
1679 894 2003 963 Sacriﬁcium
2029 896 2140 951 Deo

555 985 765 1056 spiritus
810 984 1217 1039 contribulatus:
1280 1002 1368 1039 cor
1414 988 1683 1042 contritum
1728 996 1776 1041 et
1819 988 2141 1043 Itumiliatum

557 1076 697 1131 Deus
727 1093 827 1130 non
856 1076 1096 1145 despiciet
1122 1077 1139 1147 (
1172 1076 1316 1131 Psal.
1346 1077 1436 1132 50.
1470 1078 1557 1131 18.
1589 1076 1704 1147 19).
1733 1076 1849 1133 Non
1895 1079 2140 1135 absolute

549 1170 803 1239 "quamvis
827 1168 1204 1232 humilitatem,
1233 1167 1327 1222 sed
1353 1169 1704 1224 intentionem
1732 1171 2017 1239 quamdam
2046 1170 2140 1225 hu-

557 1262 797 1315 militatis
824 1261 1056 1330 postulat
1091 1272 1143 1315 et
1185 1261 1369 1331 exigit.
1425 1260 1558 1315 Nam
1585 1261 2033 1331 quemadmodum
2082 1263 2135 1317 in

554 1352 871 1421 corporibus
888 1352 1028 1421 quod
1057 1352 1344 1406 contritum
1376 1362 1478 1419 est,
1507 1367 1796 1421 numquam
1824 1352 1995 1408 solido
2014 1368 2137 1409 cor-

555 1443 671 1509 pori
703 1442 1073 1510 reluctabitur,
1105 1442 1199 1497 sed
1226 1450 1487 1513 quotquot
1507 1442 1686 1512 gravia
1709 1443 1958 1513 patiatur,
1989 1444 2136 1513 prius

555 1534 730 1602 ipsum
780 1533 1052 1597 interibit,
1103 1549 1261 1603 quam
1293 1535 1346 1588 in
1377 1534 1603 1589 alterum
1639 1535 1808 1589 irruat
1837 1551 1850 1588 :
1896 1534 1965 1589 ita
1997 1542 2053 1590 et
2081 1535 2134 1590 in

555 1626 776 1680 anima:
830 1626 989 1696 eliget
1017 1626 1159 1680 enim
1201 1626 1376 1695 potius
1415 1635 1672 1696 perpetuo
1718 1627 1857 1681 male
1912 1636 2134 1697 excepta

550 1729 781 1776 mortem
807 1720 966 1775 etiam
994 1719 1164 1786 obire,
1190 1735 1349 1789 quam
1370 1720 1670 1789 irrumpere
1690 1729 1743 1776 et
1762 1721 1968 1775 ulcisci.
1992 1722 2136 1788 Quo-

550 1828 721 1884 usque
750 1812 1074 1885 spirabimus
1101 1813 1323 1884 Spiritus
1350 1812 1485 1869 istos
1511 1813 1806 1869 ridiculos?
1832 1813 1964 1869 Nam
1995 1814 2134 1870 sicut

555 1920 753 1977 pueros
783 1906 825 1960 si
850 1905 1130 1960 videamus
1151 1920 1271 1961 sese
1294 1905 1483 1961 efferre
1514 1913 1567 1962 et
1594 1906 1898 1977 superbire,
1916 1907 2131 1963 etiamsi

549 1999 779 2068 lapidem
801 1999 988 2053 tollant
1006 2008 1061 2052 et
1077 1998 1299 2068 jaciant,
1325 1999 1561 2053 ridemus
1589 2017 1601 2051 :
1632 2000 1699 2053 ita
1725 1998 1954 2053 humana
1978 2014 2131 2055 arro-

550 2092 729 2159 gantia
780 2090 999 2159 puerilis
1054 2091 1286 2154 mentis,
1352 2090 1545 2144 infirmi
1597 2090 1760 2144 animi
1809 2091 1985 2159 proles
2027 2100 2129 2146 est.

555 2182 692 2246 Quid
735 2182 1137 2251 superbis,terra
1183 2191 1229 2237 et
1259 2182 1386 2235 cinis
1412 2181 1604 2255 (Eccli.
1635 2184 1722 2239 10.
1751 2183 1864 2255 9)?
1912 2184 2131 2255 Magnos

549 2274 770 2343 Spiritus
800 2275 987 2339 sumis,
1019 2274 1219 2328 homo?
1247 2274 1586 2345 quare?quae
1608 2275 1841 2334 utilitas?
1866 2276 1950 2331 dic
1975 2277 2129 2341 mihi;

548 2368 689 2423 unde
716 2381 845 2422 vero
876 2382 1099 2437 magnos
1130 2367 1347 2436 spiritus
1372 2368 1542 2422 sumis
1586 2368 1638 2423 in
1670 2383 1764 2423 eos
1794 2369 1955 2423 etiam
1977 2411 1991 2434 ,
2038 2374 2129 2442 qui

548 2459 787 2529 ejusdem
821 2465 945 2513 sunt
978 2458 1222 2512 ordinis?
1246 2473 1348 2511 non
1381 2457 1620 2528 ejusdem
1654 2459 1919 2530 particeps
1947 2475 2007 2517 es
2030 2478 2130 2518 na-

547 2550 719 2604 tur-a3?
750 2564 855 2603 non
882 2547 1121 2619 ejusdem
1158 2547 1388 2603 animm?
1415 2563 1523 2604 non
1554 2547 1803 2604 eumdem
1832 2566 1862 2606 a
1893 2551 2006 2607 Deo
2028 2552 2130 2607 ho-

550 2657 737 2696 norem
766 2640 1063 2710 accepisti?
1093 2641 1162 2695 At
1197 2640 1412 2710 sapiens
1432 2641 1529 2696 est
1559 2640 1703 2712 Ergo
1729 2643 1927 2712 gratias
1947 2658 2128 2713 agere,

550 2749 656 2788 non
710 2735 1070 2789 intumescere
1112 2732 1293 2787 debes.
1336 2732 1514 2788 Prima
1564 2734 1759 2804 ingrati
1798 2735 1959 2790 animi
2006 2746 2129 2792 nota

546 2825 797 2895 superbia
823 2836 938 2889 est;
985 2825 1160 2879 aufert
1202 2824 1346 2879 enim
1379 2824 1751 2881 beneficentiae
1777 2825 1998 2881 donum.
2029 2827 2130 2896 Qui

543 2916 688 2970 enim
710 2929 836 2970 sese
861 2913 1042 2979 effert,
1068 2915 1113 2969 is
1136 2955 1151 2981 ,
1181 2914 1333 2985 quasi
1360 2916 1474 2986 ipse
1504 2915 1557 2971 id
1584 2916 1728 2987 quod
1757 2927 1903 2973 recte
1930 2917 2127 2974 factum

544 3015 647 3072 est,
680 3004 995 3073 confecerit,
1036 3019 1097 3061 se
1124 3005 1314 3061 effert:
1343 3006 1432 3077 qui
1462 3018 1638 3062 autem
1661 3010 1841 3063 omnia
1868 3024 1899 3064 a
1919 3025 1978 3065 se
2005 3025 2130 3081 pro-

546 3096 680 3151 fecta
713 3103 884 3166 putat,
912 3097 1149 3166 ingratus
1182 3106 1265 3153 est
1290 3095 1542 3153 adversus
1565 3113 1707 3165 eum,
1749 3101 1839 3171 qui
1865 3099 2125 3158 honorem

550 3187 722 3243 dedit.
752 3188 1035 3257 Quippiam
1059 3187 1184 3243 boni
1217 3187 1419 3244 habes?
1446 3188 1660 3245 Gratias
1688 3206 1785 3262 age
1813 3194 1893 3259 ei,
1918 3195 2005 3265 qui
2032 3195 2127 3250 de-

547 3280 644 3334 dit.
678 3279 813 3335 Audi
842 3279 968 3350 qttid
996 3279 1138 3335 dicat
1168 3279 1366 3350 Joseph
1388 3321 1402 3347 ,
1433 3281 1561 3353 quid
1593 3282 1796 3339 Daniel.
1842 3284 1973 3339 Nam
2001 3301 2123 3341 eum

544 3371 762 3443 {Egypti
792 3386 885 3427 rex
908 3371 1055 3426 illum
1086 3387 1117 3426 e
1144 3387 1363 3428 carcere
1389 3372 1780 3439 accersivisset,
1823 3385 1879 3431 et
1908 3377 1960 3430 in
1988 3392 2123 3433 con-

544 3473 731 3534 spectu
763 3464 925 3519 totius
969 3464 1237 3520 exercitus
1261 3464 1330 3521 de
1363 3480 1429 3521 eo
1470 3466 1684 3536 negotio
1709 3467 2120 3540 interrogasset,

547 3554 600 3608 in
637 3569 744 3625 quo
767 3554 1077 3609 defecerant
1110 3554 1346 3627 Egyptii
1370 3598 1385 3623 ,
1436 3558 1523 3628 qui
1553 3558 1605 3612 in
1630 3557 1931 3630 hujusmodi
1965 3562 2123 3617 rebus

540 3647 772 3701 maxime
797 3646 1069 3717 pollebant
1098 3664 1111 3701 :
1144 3662 1267 3702 cum
1315 3647 1428 3718 ipse
1460 3648 1570 3719 jam
1596 3665 1715 3706 sese
1745 3651 1849 3707 illis
1875 3653 2124 3709 omnibus

538 3738 871 3807 superiorem
901 3749 1216 3794 ostensurus
1244 3750 1408 3806 esset,
1432 3741 1695 3813 longeque
1721 3745 2014 3815 sapientior
2038 3761 2125 3802 es-

542 3837 624 3881 set
653 3827 930 3883 Itabendus
962 3829 1281 3900 abtrologis,
1331 3831 1575 3897 vatibus,
1606 3836 2119 3905 praestigiatoribus,

542 3919 731 3989 magis,
763 3920 1097 3991 philosophis
1132 3922 1249 3992 ejus
1283 3924 1541 3993 temporis
1560 3925 1829 3993 omnibus,
1855 3943 1989 3998 puer
2008 3930 2124 4000 ipse

541 4027 608 4065 ex
642 4012 947 4080 captivitate
980 4022 1035 4069 et
1060 4015 1315 4070 servitute
1350 4015 1513 4086 (tunc
1536 4017 1678 4071 enim
1717 4019 1889 4090 major
1908 4022 2125 4078 exsistit

545 4104 713 4174 gloria
745 4120 761 4157 :
792 4120 967 4175 neque
993 4105 1136 4160 enim
1167 4105 1307 4161 idem
1340 4115 1424 4162 est
1461 4107 1733 4164 hominem
1755 4110 1877 4181 jam
1916 4112 2118 4168 clarum

542 4197 758 4264 lucere,
792 4206 951 4268 atque
1007 4207 1203 4268 praeter
1230 4199 1728 4269 exspectationem;
1770 4218 1937 4273 quare
1980 4207 2119 4276 quod

538 4299 736 4360 praeter
762 4306 912 4361 spem
944 4291 996 4347 id
1016 4292 1291 4356 evenerit,
1341 4291 1797 4351 admirabiliorem
1828 4294 2001 4367 ipsum
2043 4301 2121 4355 fe-

534 4383 631 4455 cit)
656 4399 672 4439 :
694 4383 819 4455 quid
852 4384 1010 4455 igitur
1031 4384 1131 4439 iste
1157 4384 1420 4440 accedens
1444 4385 1513 4441 ad
1543 4384 1925 4443 Pharaonem?
1955 4390 2118 4447 dixit-

536 4491 604 4528 ne
626 4515 641 4539 ,
676 4474 925 4530 Profecto
950 4475 1118 4530 novi?
1146 4474 1288 4530 Nihil
1324 4476 1532 4542 minus;
1583 4477 1677 4533 sed
1705 4479 1872 4549 quid?
1896 4480 2119 4540 Nemine

538 4566 714 4634 ipsum
754 4576 1033 4635 arguente,
1060 4580 1159 4634 pro
1189 4580 1281 4620 sua
1304 4566 1419 4636 ipsa
1441 4582 1629 4638 magna
1660 4571 1794 4639 grati
1821 4572 1985 4627 animi
2014 4575 2121 4629 vir-

541 4668 674 4719 tute.
722 4657 847 4728 quid
877 4658 984 4712 ait?
1035 4656 1302 4728 Numquid
1329 4675 1428 4713 non
1457 4676 1546 4729 per
1574 4659 1738 4715 Deum
1772 4663 2120 4735 interpretatio

540 4750 719 4803 Iterum
747 4757 817 4805 est
843 4748 997 4818 (Gen.
1025 4749 1115 4806 40.
1147 4750 1239 4819 8)?
1262 4750 1415 4815 Vide,
1456 4752 1711 4808 continuo
1753 4756 1975 4824 gloriam
2010 4758 2120 4815 Deo

545 4841 763 4905 tribuit;
795 4850 1073 4911 propterea
1100 4843 1214 4912 ipse
1235 4857 1447 4913 quoque
1475 4843 1696 4914 gloriam
1728 4849 1955 4919 accepit.
1987 4850 2118 4904 Nam

541 4944 593 4992 et
623 4934 727 4988 hoc
754 4934 819 4987 ad
848 4933 1071 5003 gloriam
1097 4948 1202 4989 non
1228 4936 1347 4989 leve
1370 4945 1698 4992 momentum
1718 4938 1879 4995 habet
1909 4958 1922 4996 :
1950 4942 2119 4998 multo

541 5026 685 5082 enim
715 5024 887 5095 majus
910 5034 1010 5091 est,
1044 5025 1145 5096 ipsi
1167 5042 1193 5079 a
1224 5026 1337 5082 Deo
1366 5041 1487 5082 esse
1510 5028 1827 5098 revelatum,
1853 5048 2009 5100 quam
2040 5033 2121 5102 ip-

538 5132 658 5173 sum
698 5131 791 5186 per
819 5132 879 5171 se
915 5115 1017 5172 hoc
1056 5118 1387 5184 confecisse;
1436 5131 1790 5192 praeterquam
1821 5124 1962 5193 quod
1995 5125 2120 5182 hinc

538 5208 703 5263 etiam
734 5208 913 5263 verbis
950 5210 1061 5264 suis
1088 5209 1244 5264 fidem
1275 5212 1633 5280 conciliabat,
1690 5214 1848 5284 idque
1877 5216 2119 5273 firmissi-

538 5315 686 5355 mum
718 5309 835 5356 erat
864 5300 1238 5357 familiaritatis
1260 5318 1382 5357 cum
1408 5304 1516 5358 Deo
1544 5317 1936 5375 argumentum.
1977 5310 2116 5365 Nihil

542 5391 685 5447 enim
716 5406 871 5462 atque
895 5392 1091 5447 bonum
1115 5402 1233 5460 est,
1274 5410 1338 5448 ac
1362 5393 1678 5450 familiarem
1708 5396 1819 5451 ﬁeri
1872 5400 2000 5455 Deo.
2056 5402 2118 5458 Si

540 5480 672 5533 enim
714 5497 777 5534 ea:
802 5482 1034 5549 operibus
1073 5485 1378 5553 justi/iratus
1427 5496 1531 5553 est,
1562 5486 1706 5541 liabet
1731 5489 1943 5559 gloriam
1967 5533 1983 5557 ,
2033 5492 2115 5547 in-

534 5562 675 5632 quit,
720 5566 810 5622 sed
842 5588 943 5627 non
970 5575 1108 5645 apud
1138 5575 1303 5631 Deum
1342 5577 1361 5648 (
1390 5577 1541 5632 (tam.
1569 5580 1625 5635 4.
1656 5579 1752 5649 2).
1780 5579 1912 5637 Nam
1949 5594 2001 5639 et
2028 5586 2116 5655 qui

535 5651 853 5715 criminibus
875 5666 1136 5723 obnoxius
1167 5669 1389 5740 gratiam
1412 5678 1496 5727 est
1519 5682 1898 5743 consequutus,
1927 5676 2117 5746 gloria-
2144 5756 2147 5757 ν

538 5751 625 5798 tur
653 5746 707 5801 in
735 5751 879 5823 Deo,
907 5759 1155 5817 nimirum
1180 5803 1195 5831 ,
1243 5763 1386 5835 quod
1427 5764 1495 5821 ab
1538 5765 1631 5821 illo
1670 5777 1878 5824 amatur
1907 5771 2113 5842 sibique

1303 317 1360 373 S.
1400 317 1675 377 JOANNIS
1717 318 2188 379 CHRYSOSTOMI
2228 323 2546 383 ARCHIEP.
2586 326 3116 390 CONSTANTINOP.

3719 349 3818 405 2l6

2254 448 2470 508 peccata
2488 443 2711 498 remissa
2730 456 2855 521 sunt
2876 464 2891 504 :
2922 458 2974 503 et
3002 449 3094 505 ille
3113 450 3201 521 qui
3230 464 3505 525 operatur,
3540 458 3697 518 habet
3711 469 3825 536 glu-

2252 530 2404 595 riam,
2439 533 2532 584 sed
2559 548 2663 589 non
2691 535 2831 605 apud
2864 537 3052 606 Deum,
3077 550 3134 597 ut
3165 543 3253 599 ille
3281 565 3295 599 :
3336 563 3456 602 nam
3485 552 3587 607 hoc
3614 530 3823 623 quidem

2250 634 2455 688 magnae
2485 621 2808 681 infirmitatis
2847 638 3044 684 nostrae
3073 641 3157 687 est
3197 648 3569 704 argumentum
3599 621 3709 699 {at
3730 650 3822 717 qui

2249 710 2564 777 sapientiam
2591 727 2620 767 a
2650 715 2760 770 Deo
2787 719 3028 789 accepit,
3056 734 3255 792 quanto
3282 729 3384 782 erit
3418 710 3824 794 admirabilior!

2247 802 2484 858 Gloriam
2516 806 2623 862 Deo
2651 809 2868 877 tribuit,
2913 822 2967 867 et
2999 814 3229 871 vicissim
3258 821 3327 874 ab
3356 821 3448 876 illo
3476 824 3700 892 gloriam
3728 845 3823 885 ac-

2247 894 2388 962 Cepit
2411 911 2424 947 :
2459 894 2815 965 Gloriﬁcatttes
2840 904 2982 957 enim
3008 921 3107 973 me,
3144 908 3332 979 inquit,
3354 911 3588 982 gloriﬁco
3612 918 3663 987 (1
3693 919 3820 990 Reg.

2244 982 2298 1037 2.
2334 986 2401 1041 10
2434 983 2475 1057 ).
2510 987 2711 1047 Rursus
2735 1007 3000 1065 pronepos
3040 998 3196 1069 hujus
3218 1041 3233 1066 ,
3278 1018 3383 1072 quo
3413 982 3630 1075 quidem
3666 982 3821 1067 uerno

2245 1076 2344 1132 fuit
2385 1080 2680 1150 sapientior
2710 1084 3007 1155 (scriptum
3037 1100 3122 1146 est
3147 1093 3314 1161 enim,
3356 1094 3624 1169 Numquid
3650 1111 3701 1156 ta
3733 1121 3821 1158 sa-

2244 1169 2459 1238 pientior
2482 1188 2534 1226 es
2565 1172 2779 1230 Daniele
2806 1175 3018 1247 [Ezech.
3044 1181 3135 1237 28.
3168 1182 3289 1254 5])?
3335 1186 3420 1241 hic
3451 1189 3610 1258 igitur
3642 1193 3821 1249 Daniel

2244 1275 2363 1314 cum
2392 1276 2581 1318 omnes
2605 1267 2694 1334 qui
2721 1278 2879 1323 erant
2917 1269 2971 1325 in
3014 1271 3283 1345 Babylone
3324 1279 3626 1347 Sapientes,
3660 1294 3820 1354 atque

2243 1348 2342 1419 ipsi
2377 1368 2562 1409 rursus
2593 1358 2880 1429 astrologi,
2924 1369 3102 1427 vates,
3157 1368 3333 1437 magi,
3369 1372 3780 1444 prwstigiatores
3803 1420 3817 1443 ,

2241 1450 2403 1510 atque
2432 1447 2682 1503 universa
2713 1450 3071 1523 philosophia,
3122 1474 3227 1512 non
3258 1462 3416 1516 modo
3443 1467 3680 1521 convicta
3706 1472 3817 1539 jam

2240 1546 2403 1602 esset,
2432 1539 2527 1592 sed
2550 1542 2710 1595 etiam
2733 1558 2764 1598 e
2793 1545 2970 1599 medio
2998 1549 3202 1605 sublata
3221 1552 3456 1622 (capitali
3481 1559 3622 1612 enim
3645 1578 3672 1614 a
3695 1578 3820 1632 rege

2217 1623 2293 1678 ‘in
2321 1627 2592 1694 sapientes
2612 1631 2715 1687 lata
2746 1638 3008 1692 sententia
3040 1641 3170 1695 satis
3193 1643 3480 1713 indicabat,
3510 1659 3660 1706 antea
3678 1623 3819 1722 quo-

2239 1731 2344 1784 que
2373 1732 2432 1773 se
2468 1720 2535 1774 ab
2560 1721 2666 1778 illis
2694 1723 2976 1795 deceptum
3016 1728 3204 1803 fuisse)
3236 1749 3249 1787 :
3301 1737 3565 1792 accedens
3590 1720 3718 1809 ergo
3752 1746 3819 1799 ad

2228 1824 2441 1879 regem,
2485 1813 2651 1882 ipsius
2681 1819 2924 1887 petitioni
2945 1821 3055 1890 jam
3082 1825 3471 1894 satisfacturus,
3505 1848 3671 1904 neque
3702 1840 3819 1907 ipse

2238 1915 2296 1956 se
2327 1906 2604 1974 magnifice
2639 1911 3036 1983 circumspicit,
3083 1916 3178 1971 sed
3223 1920 3452 1988 primum
3485 1927 3659 1981 omnia
3701 1906 3819 1985 Deo

2239 1997 2398 2050 refert
2424 2009 2663 2070 accepta,
2696 2013 2749 2057 et
2778 2005 2984 2075 inquit:
3016 2007 3147 2062 Mitti
3188 2025 3299 2065 vero
3329 2030 3429 2069 non
3451 2017 3503 2069 in
3529 2019 3811 2089 sapientia,

2235 2104 2348 2157 quae
2366 2100 2440 2143 est
2466 2091 2517 2145 in
2545 2110 2622 2147 me
2652 2096 2765 2164 plus
2782 2114 2934 2166 quant
2971 2102 3023 2151 in
3055 2104 3246 2156 cunctis
3275 2106 3580 2175 hominibus,
3624 2114 3820 2167 reuela-

2237 2188 2344 2234 tum
2372 2192 2476 2248 est,
2504 2199 2535 2237 o
2562 2201 2652 2238 rex
2694 2186 2854 2256 (Dan.
2880 2188 2935 2243 2.
2962 2190 3076 2257 30).
3133 2192 3281 2247 Tunc
3305 2212 3431 2250 vero
3466 2199 3705 2254 adoravit
3741 2204 3814 2272 ip-

2236 2290 2353 2330 sum
2383 2292 2498 2345 rex,
2530 2293 2591 2333 ac
2619 2279 2773 2348 dixit,
2807 2281 3063 2338 Libentur
3086 2285 3406 2344 oblationes.
3440 2290 3599 2348 Vides
3628 2294 3816 2351 humi-

2236 2364 2437 2422 litatem
2454 2369 2477 2421 Υ
2494 2369 2642 2426 vides
2667 2381 2875 2442 gratum
2902 2375 3178 2431 animum?
3206 2379 3355 2435 vides
3376 2396 3592 2439 moresa
3620 2400 3817 2457 super-

2236 2460 2321 2514 hia
2345 2466 2623 2519 remotos?
2650 2467 2789 2522 Audi
2817 2483 2945 2524 vero
2974 2480 3027 2525 et
3052 2473 3419 2540 apostolorum
3442 2479 3622 2545 verba,
3639 2481 3817 2537 inter-

2234 2552 2359 2608 dum
2388 2555 2602 2625 quidem
2642 2558 2974 2616 dicentium:
3019 2563 3161 2628 Quid
3190 2582 3283 2621 tros
3323 2569 3614 2637 intuemini,
3662 2579 3817 2641 quasi

2235 2654 2411 2700 nostra
2435 2647 2616 2704 virtute
2631 2660 2719 2704 aut
2734 2651 2918 2721 pietate
2941 2657 3206 2723 fecerimus
3234 2658 3367 2713 hunc
3387 2662 3646 2719 ambulare
3668 2665 3814 2736 (Act.

2231 2736 2288 2801 3,
2318 2736 2408 2792 l2.
2437 2746 2484 2792 et
2513 2739 2600 2795 14.
2633 2741 2703 2796 li
2724 2739 2780 2813 )?
2808 2742 3079 2800 Interdum
3116 2762 3277 2816 vero,
3325 2749 3394 2804 Et
3437 2770 3528 2810 nos
3572 2760 3817 2814 mortales

2231 2845 2424 2897 sumus,
2453 2832 2647 2887 similes
2671 2833 2811 2889 vobis
2839 2834 3089 2893 homines.
3122 2839 3274 2908 Quod
3302 2844 3346 2897 si
3373 2844 3448 2898 illi
3476 2846 3677 2904 delatos
3705 2851 3815 2906 sibi

2233 2921 2463 2980 honores
2480 2925 2617 2981 adeo
2632 2927 3004 2998 repudiabant,
3040 2930 3308 3000 homines,
3339 2939 3429 3007 qui
3452 2954 3547 3006 per
3572 2955 3686 2997 eam
3710 2943 3816 2999 bu-

2233 3014 2512 3071 militatem
2552 3032 2672 3089 quae
2720 3021 3015 3076 secundum
3060 3023 3333 3082 Christum
3378 3038 3494 3095 est,
3538 3032 3815 3105 ipsiusque

2234 3107 2521 3176 potentiam
2540 3109 2742 3180 majora
2769 3127 2927 3184 quam
2947 3112 3193 3171 Christus
3212 3118 3326 3188 ipse
3346 3135 3508 3191 opera
3535 3124 3816 3183 ediderant

2234 3200 2406 3266 (nam,
2439 3199 2543 3265 Qui
2559 3202 2722 3255 credit
2742 3203 2794 3257 in
2821 3220 2924 3269 me,
2965 3206 3170 3275 inquit,
3201 3210 3400 3279 majora
3428 3212 3607 3268 horum
3635 3217 3811 3286 faciet,

2228 3306 2342 3359 qua:
2370 3307 2461 3361 ego
2492 3292 2625 3362 facio
2654 3292 2848 3364 (Joan.
2869 3296 2957 3351 M.
2982 3296 3071 3369 t2)
3099 3315 3113 3351 :
3145 3302 3415 3370 quomodo
3442 3319 3540 3361 nos
3568 3322 3675 3362 non
3704 3311 3814 3365 mi-

2229 3382 2335 3436 seri
2355 3391 2515 3454 atque
2541 3384 2784 3441 infelices
2819 3401 3025 3457 sumus,
3055 3391 3144 3461 qui
3166 3407 3234 3448 ne
3254 3394 3454 3452 culices
3480 3398 3696 3469 quidem
3715 3419 3813 3458 cx-

2230 3474 2427 3543 pellere
2452 3491 2757 3545 possumus,
2788 3479 2984 3536 nedum
3012 3482 3327 3541 daemonas?
3352 3489 3445 3559 qui
3482 3506 3550 3546 ne
3576 3493 3668 3547 uni
3692 3496 3813 3564 qui-

2227 3565 2350 3621 dem
2378 3568 2580 3623 homini
2608 3571 2866 3640 prodesse
2883 3574 3146 3642 valemus,
3174 3578 3368 3634 nedum
3395 3582 3649 3640 universo
3666 3588 3811 3651 orbi,

2226 3669 2281 3715 et
2303 3669 2478 3716 tamen
2504 3671 2678 3718 tantos
2710 3666 2866 3719 nobis
2906 3668 3126 3736 spiritus
3153 3672 3436 3741 sumimus,
3471 3685 3704 3745 quantos
3739 3696 3809 3735 ne

2228 3766 2341 3821 Ipse
2365 3754 2581 3825 quidem
2609 3756 2898 3813 diabolus?
3660 3778 3667 3785 ‘

2298 3846 2349 3900 5.
2393 3845 2643 3915 Superbia
2679 3865 2831 3924 quam
2873 3852 3040 3907 aliena
3078 3854 3139 3907 ab
3178 3857 3350 3911 anima
3391 3857 3701 3916 Christiana.
3732 3895 3806 3907 ~—

2225 3934 2366 3991 Nihil
2394 3952 2546 4007 azque
2584 3939 2817 3995 alienum
2848 3943 2916 3997 ab
2954 3945 3131 4000 anima
3156 3947 3457 4005 Christiana
3498 3963 3583 4008 est
3620 3969 3685 4010 ac
3711 3973 3811 4013 su-

2227 4028 2410 4097 perbia
2439 4046 2452 4081 ε
2478 4031 2783 4100 superbiam
2824 4034 2969 4102 dico,
3018 4053 3125 4093 non
3157 4038 3448 4110 fidentiam,
3501 4062 3608 4103 non
3635 4050 3811 4107 virilis

2226 4121 2389 4175 animi
2422 4121 2821 4191 fortitudinem;
2869 4143 2989 4183 nam
3042 4130 3140 4185 ista
3170 4134 3388 4203 quidem
3432 4141 3808 4197 convenientia

2225 4220 2383 4276 sunt;
2411 4212 2569 4284 longe
2595 4215 2738 4270 enim
2768 4217 2835 4272 ab
2865 4217 2954 4273 illa
2976 4220 3248 4280 differunt.
3271 4225 3634 4293 Quamobrem
3661 4234 3810 4289 aliud

2226 4304 2441 4373 quidem
2482 4314 2564 4361 est
2594 4307 2885 4376 humilitas,
2917 4311 3060 4367 aliud
3089 4330 3218 4371 vero
3263 4318 3595 4378 illiberalitas
3620 4335 3678 4380 et
3720 4342 3810 4381 as-

2226 4397 2456 4453 sentatio
2496 4406 2552 4454 et
2591 4400 2781 4455 molles
2824 4402 3117 4461 blanditiae.
3166 4409 3245 4464 Ac
3288 4411 3333 4467 si
3380 4414 3562 4481 vultis,
3612 4417 3805 4474 horum

2225 4486 2461 4542 omnium
2488 4502 2588 4559 ego
2625 4490 2781 4546 vobis
2818 4496 3063 4565 exempla
3100 4498 3339 4554 afferam.
3370 4502 3633 4561 Videntur
3661 4511 3806 4565 enim

2224 4596 2342 4650 qua:
2365 4582 2630 4637 contraria
2660 4594 2785 4638 sunt
2822 4584 2964 4642 inter
2984 4602 3065 4653 se,
3095 4606 3261 4661 prope
3286 4592 3682 4662 quodammodo
3720 4618 3808 4658 es-

2224 4688 2284 4728 se
2326 4672 2517 4742 posita,
2548 4683 2604 4729 ut
2648 4673 2915 4733 frumento
2944 4679 3167 4748 zizania,
3198 4693 3252 4738 et
3291 4686 3427 4740 rosis
3472 4690 3682 4757 spinze;
3713 4695 3810 4750 sed

2227 4764 2375 4834 pueri
2407 4764 2621 4834 quidem
2664 4765 2933 4835 fallantur,
2984 4771 3072 4841 qtti
3118 4783 3295 4829 autem
3343 4792 3469 4833 vere
3513 4793 3639 4836 sunt
3682 4786 3807 4851 viri,

2224 4853 2517 4924 Spiritualis
2562 4855 2899 4925 agriculturae
2950 4862 3125 4928 periti,
3179 4877 3377 4921 norunt
3417 4883 3539 4924 vera
3592 4871 3730 4926 bona
3777 4892 3810 4930 a

2226 4943 2377 4997 malis
2398 4944 2744 5015 distinguere.
2772 4949 2884 5019 Age
2913 4948 3074 5020 igitur
3098 4957 3339 5025 exempla
3368 4960 3516 5015 vobis
3545 4977 3609 5017 ex
3647 4966 3809 5034 ipsis-

2225 5045 2333 5091 met
2360 5036 2649 5106 Scripturis
2674 5055 3053 5109 proponamus.
3083 5045 3221 5114 Quid
3244 5050 3455 5107 tandem
3488 5064 3571 5109 est
3608 5071 3809 5113 assen-

2223 5130 2354 5184 tatio
2381 5138 2435 5185 et
2463 5130 2793 5188 illiberalitas
2827 5144 2882 5189 et
2912 5137 3091 5193 mollis
3123 5140 3373 5196 blanditia
3397 5144 3419 5196 ?
3447 5144 3572 5199 Silta
3602 5148 3806 5205 intent-

2226 5221 2431 5290 pestive
2475 5223 2658 5279 Davidi
2705 5235 2791 5280 est
2840 5238 3163 5296 assentatus,
3215 5248 3476 5304 suumque
3525 5239 3810 5298 dominum

2225 5314 2536 5370 criminatus
2561 5326 2677 5380 est;
2707 5319 2875 5373 multo
2903 5331 3079 5377 autem
3104 5327 3269 5396 magis
3291 5329 3609 5400 AchitOpbel
3636 5336 3812 5391 Absu-

2227 5404 2358 5459 loni.
2388 5407 2458 5460 At
2503 5424 2608 5463 non
2639 5410 2761 5465 talis
2790 5412 2976 5480 David,
3020 5416 3112 5470 sed
3157 5417 3372 5474 humilis
3404 5422 3477 5492 (2.
3511 5424 3639 5497 Reg.
3689 5431 3810 5501 16).

2225 5497 2325 5564 Qui
2373 5499 2515 5554 enim
2553 5501 2761 5557 subdoli
2808 5516 2952 5570 sunt,
3002 5519 3367 5567 assentatores
3406 5525 3567 5571 sunt:
3611 5497 3811 5589 qucrn-

2224 5588 2511 5646 admodum
2559 5609 2677 5649 cunt
2726 5598 2866 5667 magi
2896 5599 3119 5657 dicunt:
3165 5603 3302 5669 Vive,
3354 5624 3465 5674 rex,
3517 5614 3569 5665 in
3616 5619 3813 5671 siccata

2228 5681 2389 5750 (Dan.
2420 5684 2475 5737 2.
2507 5686 2583 5757 4).
2621 5688 2695 5744 Ac
2732 5690 2799 5744 de
2825 5690 2992 5745 Paulo
3020 5694 3185 5749 multa
3228 5695 3531 5767 hujusmodi
3559 5702 3813 5762 invenie-

2230 5791 2351 5833 mus
2378 5777 2429 5834 itt
2470 5782 2633 5849 Actis,
2663 5798 2781 5838 cum
2805 5784 3002 5842 ludatis
3028 5786 3104 5842 ita
3131 5786 3450 5861 disserente,
3483 5802 3540 5849 ut
3573 5811 3685 5853 non
3718 5814 3813 5855 as-
