3974 6500
241 414 349 472 215

245 535 398 586 ἔσται
421 528 691 600 λυπηρόν.
711 528 775 582 ΕΞ
797 528 906 600 γὰρ
928 530 1075 602 παρὰ
1099 530 1192 586 τοῦ
1212 533 1331 597 ἐνὸς
1358 532 1515 589 τοῦτο
1535 537 1817 608 γινόμενον

239 620 405 692 ἀρκεῖ
435 618 595 672 λῦσαι
617 620 799 673 πᾶσαν
817 621 1150 691 ἐρεσχελίάν,
1180 624 1306 676 ὅταν
1328 626 1478 696 παρὰ
1498 627 1819 699 ἀμφοτέρων

234 709 294 784 ᾗ,
330 712 418 775 τίς
440 711 689 781 διακόψει
724 712 926 782 ταύτην
954 712 1052 784 τὴν
1077 715 1411 784 ἀσφάλειαν;
1448 718 1580 772 Οὐδὲ
1603 720 1762 783 αὐτὸς
1789 722 1819 773 6

234 805 516 867 διάϐολος·
553 804 815 874 τριπλοῦν
846 804 956 876 γὰρ
994 805 1175 870 ἐσται,
1201 809 1297 861 καὶ
1324 810 1683 880 τετραπλοῦν,
1724 812 1817 864 καὶ

235 893 646 947 πολλαπλάσιον
670 892 731 945 τὸ
758 893 1041 964 ὀχύρωμα.
1078 894 1301 951 Πάντων
1329 900 1436 968 γὰρ
1462 898 1571 954 τῶν
1595 901 1817 969 ἀγαθῶν

229 985 387 1039 αἰτία
421 987 456 1057 ἡ
490 988 979 1058 ταπεινοφροσύνη.
1012 988 1125 1042 Καὶ
1168 990 1253 1042 ἵνα
1298 991 1497 1062 μάθῃς,
1533 993 1695 1047 ἄκουε
1723 996 1813 1048 τοῦ

233 1080 520 1148 προφήτου
547 1078 816 1146 λέγοντος,
850 1079 929 1132 ὅτι
947 1081 1015 1132 El
1039 1080 1346 1149 ἠθέλησας
1367 1084 1604 1148 θυσίαν,
1626 1084 1816 1139 ἔδωκα

230 1168 314 1220 ἄν
333 1185 348 1199 ο
381 1168 847 1237 ὁλοκαυτώματα
864 1172 973 1223 οὐκ
994 1169 1369 1239 εὐδοκήσεις.
1394 1174 1585 1226 Θυσία
1601 1173 1677 1239 τῷ
1694 1176 1815 1239 Θεῷ

226 1258 475 1326 πνεῦμα
498 1258 1023 1330 συντετριμμένον
1044 1262 1295 1331 καρδίαν
1309 1265 1814 1334 συντετριμμένην

227 1351 331 1405 καί
362 1353 875 1421 τεταπεινωμένην
901 1356 934 1406 ὁ
957 1354 1101 1419 Θεὸς
1120 1356 1229 1407 οὐκ
1259 1356 1674 1419 ἐξουδενώσει.
1700 1358 1813 1428 Οὐχ

226 1442 422 1506 ἁπλῶς
466 1442 525 1495 δέ
568 1445 1072 1515 ταπεινοφροσύνην
1105 1447 1358 1511 ἀπαιτεῖ,
1414 1447 1529 1500 ἀλλ’
1562 1448 1811 1501 ἐπίτασιν

225 1533 756 1604 ταπεινοφροσύνης.
796 1534 1062 1605 Καθάπερ
1098 1536 1206 1608 γὰρ
1252 1537 1346 1588 ἐπὶ
1385 1537 1493 1591 τῶν
1541 1539 1811 1607 σωμάτων

224 1621 292 1674 τὺ
348 1624 809 1693 συντετριμμένον
863 1625 962 1676 οὐκ
1018 1624 1086 1678 ἃν
1145 1627 1483 1697 ἐπανασταίη
1543 1629 1673 1681 ποτὲ
1733 1629 1810 1700 τῷ

224 1714 472 1785 στερρῷ,
499 1714 613 1768 ἀλλ’
635 1716 735 1769 ὅσα
764 1715 830 1768 ἂν
859 1717 1006 1790 πάθῃ
1035 1717 1204 1780 δεινὰ,
1231 1718 1496 1789 πρότερον
1519 1720 1651 1772 αὐτὸ
1671 1721 1809 1774 ἀπο-

222 1803 425 1869 λεῖται,
455 1806 487 1874 ἢ
510 1804 684 1875 ἑτέρῳ
712 1805 1121 1870 ἐπεξελεύσεται
1142 1822 1156 1835 °
1188 1807 1329 1861 οὑτω
1353 1809 1445 1861 καὶ
1459 1809 1554 1862 ἐπὶ
1577 1812 1676 1881 τῆς
1701 1811 1806 1879 ψυο-

222 1898 369 1967 χῆς,
409 1899 696 1967 αἱρήσεται
743 1899 942 1967 μᾶλλον
981 1901 1167 1960 κακῶς
1194 1902 1476 1970 πάσχουσα
1512 1902 1807 1969 διαπαντὸς

222 1988 326 2041 καὶ
370 1988 684 2054 ἀποθανεῖν,
725 1990 758 2059 ἢ
796 1987 950 2061 [250]
986 1991 1292 2054 ἐπεξελθεῖν
1333 1992 1427 2044 καὶ
1474 1994 1803 2063 ἀμύνασθαι.

222 2081 412 2150 Μέχρι
445 2080 591 2142 τίνος
618 2080 917 2151 φυσώμεθα
953 2081 1182 2151 φύσημα
1208 2083 1441 2150 γέλωτος
1466 2084 1646 2152 ἀξιον;
1679 2088 1805 2139 Ὠσ-

222 2188 335 2237 περ
370 2169 480 2240 γάρ
516 2171 585 2224 τά
625 2172 831 2238 παιδία,
863 2174 992 2226 ὅταν
1032 2174 1247 2244 ὁρῶμεν
1276 2176 1663 2248 ἀνατεινόμενα
1710 2180 1805 2233 καὶ

222 2260 580 2330 γαυρούμενα
612 2262 878 2332 γελῶμεν,
913 2264 945 2334 ἢ
994 2264 1088 2318 καὶ
1117 2264 1261 2318 λίθον
1304 2268 1525 2336 αἴροντα
1567 2271 1661 2323 καὶ
1719 2273 1802 2340 ρι-

220 2350 470 2405 πτοῦντα
497 2351 661 2405 πάλιν
700 2353 946 2423 γελῶμεν
969 2371 982 2385 ο
1013 2354 1185 2420 οὑτως
1238 2358 1386 2411 ἐστὶν
1419 2360 1451 2429 ή
1499 2361 1725 2414 ἀπόνοια
1766 2365 1798 2434 ἢ

216 2442 564 2513 ἀνθρωπίνη,
593 2444 853 2513 παιδικῆς
880 2444 939 2497 ὃν
967 2446 1205 2511 διανοίας
1230 2449 1324 2502 καὶ
1355 2449 1577 2514 ἀτελοῦς
1605 2453 1800 2523 φρενὸς

214 2532 491 2603 γέννημα.
532 2534 593 2587 Τί
622 2535 733 2602 γάρ
768 2538 1278 2605 ὑπερηφανεύεται
1308 2539 1383 2609 γῆ
1409 2541 1505 2594 καὶ
1533 2544 1760 2611 σποδός
1777 2563 1798 2611 ;

215 2625 388 2693 Μέγα
418 2627 659 2693 φρονεῖς,
691 2625 974 2697 ἄνθρωπε;
1014 2626 1102 2680 διά
1134 2630 1221 2696 τίς
1258 2631 1310 2683 τί
1340 2630 1399 2684 τὸ
1435 2632 1642 2703 κέρδος,
1679 2637 1797 2690 εἰπέ

221 2734 361 2787 μοις
396 2717 563 2770 πόθεν
595 2718 651 2771 δέ
684 2719 782 2770 καὶ
822 2719 964 2789 μέγα
1007 2724 1224 2791 φρονεῖς
1273 2723 1413 2777 κατά
1450 2725 1555 2779 τῶν
1592 2729 1798 2798 ὁμοφύ-

182 2806 357 2872 λωνς
408 2804 530 2875 οὐχὶ
572 2808 669 2876 τῆς
714 2807 882 2877 αὐτῆς
935 2810 1181 2881 μετέχεις
1234 2811 1485 2882 φύσεως;
1541 2818 1661 2887 οὐχὶ
1696 2820 1797 2888 τῆς

211 2898 393 2966 αὐτῆς
418 2897 636 2968 ψυχῆς
667 2899 764 2969 οὐχ
790 2899 992 2969 ὁμοίως
1020 2902 1315 2973 τετίμησαι
1342 2907 1489 2976 παρὰ
1510 2908 1602 2962 τοῦ
1626 2909 1791 2979 Θεοῦ;

222 2986 391 3041 Ἀλλά
438 2988 601 3056 σοφὸς
648 2982 733 3056 εἷς
776 2991 985 3044 υὺκοῦν
1019 2993 1383 3065 εὐχαριστεῖν,
1417 2999 1478 3052 οὐ
1521 3002 1795 3068 φυσᾶσθαι

204 3080 472 3149 ὀφείλεις.
529 3081 727 3151 Πρώτη
777 3084 1099 3154 ἀχαριστία,
1154 3087 1421 3142 ἀπόνοια’
1478 3092 1792 3164 ἀφαιρεῖται

203 3171 321 3237 γάρ
350 3169 449 3239 τῆς
490 3169 807 3241 εὐεργεσίας
833 3171 894 3225 τὸ
932 3171 1123 3244 δῶρον.
1166 3174 1225 3228 Ὀ
1263 3176 1371 3249 γάρ
1398 3179 1788 3253 ἐπαιρόμενος,

198 3260 281 3323 ὡς
322 3260 489 3324 αὐτὸς
521 3261 874 3332 κατορθώσας
898 3266 1186 3336 ἐπαίρεται
1209 3282 1223 3298 ⁸
1257 3270 1285 3323 6
1310 3270 1367 3323 δὲ
1392 3272 1628 3342 νομίζων
1660 3293 1793 3332 κατ-

199 3353 553 3424 ωρθωκέναι,
587 3354 879 3426 ἀχάριστός
913 3358 1027 3410 ἐστι
1075 3360 1202 3431 περὶ
1248 3362 1339 3414 τὸν
1386 3363 1650 3419 δεδωκότα
1690 3367 1790 3439 τὴν

195 3444 394 3513 τιμήν.
430 3443 651 3496 Ἕνεστί
689 3445 772 3497 σοί
803 3463 853 3499 τι
886 3447 1121 3516 ἀγαθόν;
1161 3451 1486 3523 Εὐχαρίστει
1518 3456 1597 3527 τῷ
1624 3458 1786 3513 δεδω-

197 3534 347 3586 κότι.
382 3534 649 3587 Ἀκουσον
685 3536 739 3588 τί
776 3553 941 3607 φησιν
972 3539 1000 3590 6
1042 3540 1262 3613 Ἰωσὴφ,
1302 3542 1354 3597 τί
1392 3545 1448 3598 δὲ
1500 3549 1528 3599 6
1565 3550 1784 3621 Δανιήλ.

194 3623 311 3677 Τοῦ
341 3624 453 3693 γὰρ
488 3624 751 3693 βασιλέως
783 3628 1062 3696 Αἰγύπτου
1093 3634 1591 3706 μεταπεμψαμένου
1625 3642 1785 3695 αὑτὸν

191 3714 309 3769 ἀπὺ
342 3713 441 3766 τοῦ
475 3715 875 3787 δεσμωτηρίου,
913 3721 1007 3773 καὶ
1046 3722 1137 3775 ἐπὶ
1175 3724 1356 3796 πάσης
1390 3726 1491 3797 τῆς
1525 3733 1785 3800 στρατιᾶς

192 3805 612 3875 πυνθανομένου
647 3808 739 3861 ἐπὶ
768 3811 1075 3880 πράγματι.
1101 3815 1187 3884 ἐφ’
1226 3810 1270 3883 ᾧ
1288 3847 1291 3851 ν
1310 3817 1509 3882 πάντες
1534 3822 1785 3893 παρεχώ-

191 3914 383 3966 ρησαν
434 3896 728 3965 Αἰγύπτιοι
791 3904 838 3954 oi
897 3903 1027 3973 περὶ
1076 3905 1246 3960 ταῦτα
1300 3908 1533 3978 μάλιστα
1584 3911 1779 3979 δεινοὶ,

191 3987 414 4055 μέλλων
445 3989 608 4052 αὐτὸς
643 3995 784 4045 κατὰ
823 3996 930 4047 πᾶν
962 3996 1302 4069 ὑπεραίρειν,
1342 4002 1437 4054 καὶ
1474 4002 1782 4075 σοφώτερος

188 4080 544 4148 φανήσεσθαι
601 4081 711 4134 τῶν
750 4084 1128 4156 ἀστρολόγων,
1185 4090 1294 4145 τῶν
1346 4095 1626 4163 μάντεων,
1671 4097 1780 4153 τῶν

184 4172 447 4241 γοήτων,
488 4173 595 4226 τῶν
640 4176 862 4245 μάγων,
912 4181 1130 4235 πάντων
1184 4183 1290 4235 τῶν
1336 4185 1637 4255 φιλοσόφων
1669 4189 1779 4243 τῶν

184 4261 341 4325 τότε,
368 4262 479 4315 ἀπὸ
508 4264 612 4333 τῆς
636 4268 1012 4337 αἰχμαλωσίας
1043 4272 1135 4326 καὶ
1165 4272 1427 4341 δουλείας,
1463 4278 1678 4332 παιδίον
1702 4279 1778 4331 ὣν

186 4353 472 4446 (καὶγὰρ
516 4357 639 4410 τότε
696 4360 898 4429 μείζων
946 4364 977 4433 ἡ
1012 4363 1135 4429 δόξα
1162 4382 1175 4395 ο
1215 4368 1275 4446 οὐ
1322 4370 1429 4439 γάρ
1470 4371 1617 4423 ἐστιν
1665 4371 1776 4426 ἴσον

183 4445 526 4515 φαινόμενον
574 4449 834 4519 λάμπειν,
883 4456 975 4507 καὶ
1024 4456 1177 4528 παρά
1225 4445 1582 4529 προσδοκίαν·
1635 4462 1773 4516 ὥστε

184 4537 286 4624 καὶ
307 4537 375 4624 τδ
396 4542 527 4610 παρ’
558 4541 781 4606 ἐλπίδας
810 4546 982 4599 ἐποίει
1002 4548 1164 4602 αὐτὸν
1185 4548 1655 4624 θαυμαστότερον)
1675 4572 1689 4585 ο
1720 4556 1774 4609 τί

180 4622 285 4678 οὖν
314 4621 475 4689 οὗτος
505 4629 792 4699 παρελθὼν
833 4630 954 4707 εἶπε
980 4636 1059 4706 τῷ
1096 4638 1326 4708 Φαραὼς
1355 4641 1440 4693 ὅτι
1469 4621 1596 4707 Ναὶ,
1617 4639 1768 4710 οἷδα;

180 4718 301 4787 Οὐχ
333 4716 509 4781 οὑτως
535 4736 548 4748 ·
580 4720 715 4775 ἀλλά
739 4722 822 4783 τίς
849 4725 1075 4791 Οὐδενὸς
1105 4730 1265 4783 αὑτὸν
1303 4732 1635 4803 ἐλέγχοντος,
1666 4737 1774 4790 ἀπὺ

180 4808 398 4877 πολλῆς
430 4811 528 4879 τῆς
556 4812 974 4888 εὐγνωμοσύνης
1010 4819 1064 4872 τί
1104 4838 1307 4891 φησινς
1354 4825 1501 4894 Οὐχὶ
1543 4826 1640 4881 διὰ
1664 4830 1770 4885 τοῦ

179 4902 341 4957 Θεοῦ
375 4903 413 4971 ἠ
458 4902 823 4975 διασάφησις
868 4910 1067 4964 αὐτῶν
1091 4914 1262 4967 ἐστιν
1275 4932 1296 4980 ;
1328 4915 1505 4987 Ὅραο
1546 4919 1637 4973 τὸν
1672 4923 1769 4974 Δε-

180 4994 397 5064 σπότην
433 4996 631 5060 εὐθέως
678 4998 932 5065 ἐδόξατε·
976 5002 1064 5055 διά
1107 5004 1264 5058 τοῦτο
1315 5007 1410 5060 καὶ
1455 5010 1613 5073 αὐτὸς
1657 5013 1771 5066 ἐδο-

178 5086 385 5156 ξάσθη.
414 5088 489 5139 υὺ
531 5090 725 5160 μικρὸν
752 5090 809 5143 δὲ
834 5092 992 5146 τοῦτο
1013 5096 1092 5158 είς
1120 5096 1279 5167 δόξης
1309 5098 1465 5167 λόγον
1486 5117 1498 5130 ·
1532 5101 1625 5154 τοῦ
1660 5104 1767 5175 γάρ

175 5179 353 5231 αὐτὸν
380 5181 804 5250 κατωρθωκέναι
833 5186 895 5238 τὸ
922 5187 1013 5241 τὸν
1040 5188 1172 5243 Θεὸν
1207 5191 1557 5264 ἀποκαλύψαι
1585 5195 1767 5267 μεῖζον

173 5270 387 5341 πολλῷ.
437 5272 645 5337 Ἀλλως
683 5275 738 5328 δὲ
777 5278 871 5331 καὶ
903 5278 971 5332 τά
1022 5279 1288 5351 λεγόμενα
1336 5286 1583 5339 ἐντεῦθεν
1623 5289 1768 5355 ἀξιό-

171 5377 354 5415 πιστα
386 5362 583 5428 ἔδειξε,
633 5367 726 5418 καὶ
766 5368 924 5422 τοῦτο
955 5369 1054 5440 τῆς
1094 5374 1428 5440 οίκειώσεως
1481 5379 1574 5431 τοῦ
1631 5379 1763 5434 Θεοῦ

172 5454 483 5523 τεκμήριον
535 5455 808 5525 μέγιστον.
859 5462 1025 5515 Οὐδὲν
1067 5465 1175 5535 γὰρ
1218 5466 1391 5531 οὑτως
1438 5468 1661 5538 ἀγαθὸν,
1691 5472 1765 5536 ὡς

171 5544 233 5597 τὸ
260 5544 602 5599 οἰκειοῦσθαι
623 5548 699 5619 τῷ
730 5550 867 5621 Θεῷ.
899 5552 943 5604 Ε
949 5556 965 5605 ί
986 5555 1096 5623 γὰρ
1132 5556 1200 5622 ἐξ
1220 5559 1407 5629 ἔργων
1426 5562 1761 5631 ἐδικαιώθη,

171 5633 303 5704 ἔχει
331 5637 636 5706 καύχημα,
683 5642 869 5710 φησὶν,
900 5644 1036 5698 ἀλλ’
1074 5649 1145 5700 οὐ
1173 5652 1321 5716 πρὸς
1348 5650 1453 5704 τὸν
1497 5655 1664 5710 Θεόν.
1700 5654 1763 5709 Εἰ

171 5727 288 5796 γὰρ
323 5729 354 5778 6
396 5729 620 5800 χάριτος
658 5731 913 5799 ἀξιωθεὶς
948 5742 1218 5809 καυχᾶται
1261 5744 1354 5796 ἐπὶ
1387 5743 1465 5814 τῷ
1498 5744 1645 5817 Θεῷ,
1678 5749 1761 5803 ὅτι

171 5819 499 5889 ἀγαπᾶται,
537 5824 726 5897 ἐπειδὴ
763 5829 1115 5902 συνεχωρήθη
1142 5833 1323 5906 αὐτῷ,
1356 5837 1448 5889 καὶ
1478 5837 1590 5908 ἔχει
1627 5840 1759 5894 καύ-

1160 412 1229 471 IN
1272 412 1491 473 EPIST.
1534 416 1625 472 AD
1661 415 1952 476 Ριῑιιιιη).
1993 421 2146 482 CAP.
2187 425 2252 486 ll.
2293 427 2527 484 HOMIL.
2570 425 2610 482 Υ
2635 453 2649 471 ο

3387 437 3493 493 216

1926 557 2078 610 χημα
2114 544 2143 595 6
2185 543 2585 615 ἐργαζόμενος,
2636 545 2749 599 ἀλλ’
2787 547 2848 600 οὐ
2888 546 3024 619 πρὸς
3067 548 3159 601 τὸν
3207 548 3373 617 Θεὸν,
3420 556 3496 618 ὡς

1924 630 2130 694 ἐκεῖνος
2149 650 2162 663 ·
2187 632 2289 701 τῆς
2317 634 2428 704 γάρ
2461 636 2661 707 πολλῆς
2694 637 2974 703 ἀσθενείας
3011 640 3307 711 τεκμήριον
3338 643 3496 697 τοῦτο

1923 719 2020 788 τῆς
2050 720 2319 793 ἡμετέρας
2340 739 2354 753 ο
2384 727 2412 776 6
2447 724 2542 777 καὶ
2586 727 2776 794 σοφίαν
2804 727 2984 781 λαϐὼν
3026 733 3176 801 παρά
3206 734 3299 786 τοῦ
3331 734 3492 798 Θεοῦ,

1926 810 2075 877 πόσῳ
2106 809 2305 879 μᾶλλον
2328 810 2397 864 ἂν
2424 814 2509 883 εἴη
2541 813 2886 884 θαυμαστός;
2937 818 3183 883 Ἐδόξασε
3211 821 3301 874 τὸν
3338 822 3491 887 Θεὸν,

1924 900 2017 952 καὶ
2043 900 2301 974 ἐδοξάσθη
2333 905 2423 957 ὑπ’
2457 905 2623 957 αὑτοῦ
2648 922 2661 934 ⁸
2698 906 2849 973 Τοὺς
2868 908 3227 978 δοξάζον-τάς
3252 931 3331 982 με
3359 916 3490 985 γάρ,

1922 993 2084 1060 φησὶ,
2119 993 2377 1059 δοξάσω.
2421 996 2591 1049 Πάλιν
2632 1000 2662 1050 6
2697 999 2962 1067 ἀπόγονος
2994 1003 3023 1054 6
3057 1020 3279 1069 τουτου,
3312 999 3373 1057 οῦ
3405 1022 3493 1058 σο-

1922 1081 2161 1153 φὼτερος
2191 1085 2365 1149 οὐδεὶς
2399 1087 2423 1155 ί
2441 1086 2535 1153 Μὴ
2583 1087 2693 1157 γὰρ
2716 1090 3053 1158 σοφώτερος
3087 1090 3159 1154 εἴ,
3199 1097 3333 1165 φησὶ
3354 1137 3368 1159 ,
3407 1098 3489 1151 σὺ

1921 1173 2027 1225 τοῦ
2071 1176 2384 1244 Δανιήλ;),
2420 1172 2571 1241 οὗτος
2604 1179 2666 1249 δὴ
2693 1182 2721 1233 6
2744 1180 2941 1251 Δανιὴλ
2971 1181 3079 1234 τῶν
3116 1186 3174 1238 ἐν
3210 1186 3486 1239 Βαϐυλῶνι

1921 1264 2137 1319 πάντων
2200 1268 2415 1335 σοφῶν,
2482 1272 2578 1323 καὶ
2638 1271 2819 1324 αὐτῶν
2882 1272 3046 1326 πάλιν
3107 1276 3482 1345 ἀστρολόγων,

1921 1351 2070 1424 [2511
2104 1356 2372 1424 μάντεων,
2418 1360 2628 1427 μάγων,
2663 1362 2894 1431 γοήτων,
2935 1362 3117 1430 πάσης
3150 1364 3483 1434 φιλοσοφίας,

1918 1446 1978 1497 οὑ
2021 1446 2177 1514 μόνον
2219 1448 2603 1520 ἐλεγχομένης,
2647 1451 2781 1505 ἀλλά
2825 1454 2921 1506 καὶ
2964 1455 3363 1526 ἀναιρουμένης
3395 1458 3488 1526 (τὸ

1917 1536 2025 1603 γάρ
2046 1537 2385 1607 ἀναιρεῖσθαι
2412 1545 2709 1612 τεκμήριον
2746 1540 2814 1613 ἦν
2848 1543 2940 1597 τοῦ
2972 1545 3066 1597 καὶ
3099 1545 3364 1617 πρότερον
3394 1550 3487 1600 αὑ-

1915 1628 2042 1691 τοὺς
2091 1630 2506 1701 ὴπατηκέναι),
2552 1634 2838 1705 παρελθὼν
2886 1637 2975 1689 καὶ
3033 1636 3239 1706 μέλλων
3276 1639 3485 1693 ἐπιλύε-

1918 1719 2041 1771 σθαι
2080 1719 2141 1771 τὸ
2194 1721 2485 1791 ἐρώτημα,
2519 1724 2639 1777 οὐδὲ
2671 1726 2834 1789 αὐτὸς
2879 1726 3309 1793 καλλωπίζεται,
3349 1729 3484 1783 am

1915 1808 2176 1877 πρότερον
2213 1810 2495 1882 ἀνατίθησι
2544 1813 2621 1884 τῷ
2676 1814 2795 1884 Θεῷ
2846 1815 2907 1867 τὸ
2944 1818 3090 1879 πᾶν,
3142 1817 3236 1870 καί
3284 1836 3481 1888 φησιν·

1927 1898 2080 1965 Ἐμοὶ
2126 1900 2194 1952 δὲ
2231 1903 2343 1954 οὐκ
2389 1902 2459 1955 ὲν
2510 1905 2695 1972 σοφίᾳ
2739 1904 2815 1973 τῇ
2852 1908 3006 1975 οὔσῃ
3056 1908 3127 1961 ἐν
3165 1908 3292 1977 ἐμοὶ
3327 1912 3484 1976 παρὰ
3592 1988 3595 1989 ν

1909 1984 2145 2052 πάντας
2181 1989 2529 2057 ἀνθρώπους
2558 1992 2972 2063 ἀπεκαλύφθη,
2992 1989 3039 2048 ὦ
3054 1995 3339 2059 βασιλεῦ.
3375 1997 3483 2048 Καὶ

1913 2078 2318 2150 προσεκύνησεν
2359 2081 2506 2152 αὐτῷ
2545 2085 2574 2136 6
2625 2082 2912 2153 βασιλεὺς,
2961 2087 3056 2139 καὶ
3098 2081 3219 2139 εἷπε
3262 2087 3475 2157 μαναά⁸

1914 2173 2152 2223 σπεῖσαι.
2203 2173 2367 2243 Ὀρᾷς
2398 2176 2929 2247 ταπεινοφροσύνηνς
2970 2179 3101 2249 ὁρᾷς
3134 2179 3480 2249 εὐγνωμοσύς

1910 2275 2040 2330 νην;
2067 2263 2197 2332 ὁρᾷς
2226 2263 2425 2330 ἄτυφον
2461 2260 2626 2335 ἦθος;
2667 2268 2865 2320 ’Λκουε
2907 2268 3001 2321 καὶ
3030 2268 3137 2321 τῶν
3167 2268 3480 2321 ἀποστόλων

1909 2350 2207 2419 λεγόντων,
2251 2355 2381 2407 ποτέ
2419 2356 2551 2425 μὲν,
2593 2359 2652 2411 Τί
2699 2357 2843 2427 ἡμῖν
2892 2358 3210 2423 ἀτενίζετε,
3251 2360 3331 2425 ὠς
3363 2357 3479 2428 ἰδίᾳ

1907 2438 2156 2509 δυνάμει
2196 2442 2233 2511 ἢ
2274 2444 2552 2512 εὐσεϐείᾳ
2587 2448 2949 2513 πεποιηκόσι
2990 2448 3096 2502 τοῦ
3137 2448 3480 2517 περιπατεῖν

1907 2531 2129 2596 αὐτόν;
2177 2534 2307 2586 ποτὲ
2358 2534 2415 2588 δέ
2450 2536 2647 2601 πάλιν,
2697 2539 2885 2606 Ἡμεῖς
2921 2540 3297 2609 ὁμοιοπαθεῖς
3333 2540 3479 2610 ὑμῖν

1905 2621 2093 2691 ἐσμεν
2125 2622 2443 2692 ἄνθρωποι.
2472 2629 2535 2681 El
2559 2628 2613 2681 δέ
2644 2631 2839 2683 ἐκεῖνοι
2864 2631 3154 2699 δεδομένας
3186 2631 3352 2702 τιμάς
3382 2626 3475 2683 οὑ-

1904 2728 2011 2776 τως
2034 2714 2421 2786 ἀπεκρούοντο,
2454 2718 2728 2790 ἄνθρωποι
2763 2721 2983 2792 μείζονα
3006 2722 3099 2775 τοῦ
3131 2721 3368 2794 Χριστοῦ
3388 2722 3475 2775 διὰ

1902 2803 2002 2874 τὴν
2034 2804 2128 2857 τοῦ
2158 2806 2395 2875 Χριστοῦ
2428 2812 2928 2882 ταπεινοφροσύνην
2967 2813 3349 2883 ἐργαζόμενοι,
3381 2813 3476 2867 καὶ

1901 2892 1991 2945 διὰ
2042 2894 2139 2966 τὴν
2186 2895 2349 2949 αὐτοῦ
2394 2896 2622 2970 δύναμιν
2665 2901 2760 2970 (Ὀ
2812 2902 2922 2972 γὰρ
2965 2903 3263 2957 πιστεύων
3306 2903 3468 2970 ἐμοὶ,

1903 2982 2054 3052 φησὶ,
2074 2984 2312 3051 μείζονα
2325 2987 2566 3055 ποιήσει
2584 2983 2671 3043 ὧν
2690 2991 2805 3060 ἐγὼ
2826 2993 3018 3063 ποιῶ)ο
3044 2993 3160 3056 πῶς
3177 2994 3276 3046 οὐκ
3299 2994 3471 3048 ἄθλιοι

1901 3075 1996 3127 καὶ
2029 3074 2386 3147 ταλαίπωροι,
2419 3082 2467 3131 οἱ
2503 3081 2639 3151 μηδὲ
2674 3081 2939 3145 κώνωπας
2968 3083 3197 3153 σοόἧσαι
3237 3084 3473 3154 δυνάμε-

1899 3182 2010 3229 νοι,
2074 3168 2203 3237 μήτι
2259 3185 2323 3235 γε
2385 3168 2691 3241 δαίμοναςςι
2727 3175 2775 3226 οἱ
2838 3174 2977 3244 μηδὲ
3034 3174 3131 3228 ἕνα
3186 3174 3471 3246 ἄνθρωπον

1896 3256 2174 3325 ὠφελῆσαι
2217 3258 2520 3330 ίσχύοντες,
2568 3264 2699 3333 μήτι
2739 3280 2802 3331 γε
2831 3263 2928 3335 τὴν
2968 3264 3291 3333 οἰκουμένην
3325 3264 3472 3318 ἀπα-

1899 3362 2019 3409 σαν,
2045 3347 2141 3399 καὶ
2172 3348 2425 3403 τοσοῦτον
2447 3350 2789 3420 φρονοῦντες,
2812 3353 2935 3405 ὅσον
2961 3352 3082 3405 οὐδὲ
3118 3352 3275 3415 αὐτὸς
3303 3354 3331 3405 ὀ
3352 3354 3471 3408 διά-

1896 3437 2048 3502 ϐολος
2060 3455 2077 3504 ;
2966 3452 2969 3453 ⁷

1963 3535 2032 3599 7'.
2071 3530 2237 3584 Οὑδέν
2295 3530 2436 3585 οὕτω
2475 3532 2651 3603 ψυχῆς
2683 3532 2958 3604 ἀλλότριον
2982 3535 3339 3605 Χριστιανῆς,
3396 3535 3472 3599 ὼς

1893 3614 2116 3669 ἀπόνοια
2140 3631 2153 3644 ³
2176 3617 2432 3671 ἀπόνοιαν
2451 3618 2613 3686 λέγω,
2635 3620 2694 3672 οὐ
2721 3621 3033 3691 παρρησίαν
3056 3620 3176 3673 οὐδὲ
3192 3622 3466 3690 ἀνδρείαν*

1893 3703 2072 3755 ἐκεῖνα
2109 3703 2217 3774 γὰρ
2264 3707 2459 3758 οἰκεῖα.
2483 3706 2710 3776 Ἕτερον
2752 3708 2861 3777 γάρ
2892 3724 2944 3760 τι
2991 3707 3148 3761 τοῦτό
3182 3711 3331 3773 ἐστι,
3375 3712 3470 3763 καὶ

1890 3787 2076 3860 ἕτερον
2121 3791 2295 3844 ἐκεῖνο
2327 3807 2341 3821 θ
2384 3791 2524 3844 ὥστε
2566 3792 2752 3863 ἕτερον
2779 3792 2804 3831 δ
2839 3795 2936 3864 μὲν
2976 3796 3466 3867 ταπεινοφροσύνῃ,

1886 3872 2073 3945 ’ἕτερον
2098 3878 2153 3930 δὲ
2180 3877 2525 3950 ἀνελευθερία
2552 3881 2645 3933 καὶ
2674 3881 2931 3935 κολακεία
2952 3883 3045 3935 καὶ
3076 3881 3305 3939 θωπεία.
3336 3885 3464 3947 Καὶ,

1889 3964 1937 4015 εί
1973 3962 2257 4033 βούλεσθε,
2305 3965 2523 4021 πάντων
2555 3966 2758 4020 τούτων
2806 3968 2935 4039 ὑμῖν
2984 3969 3052 4022 τὰ
3095 3969 3467 4040 ὑποδείγματα

1890 4051 2124 4122 παρέξω.
2159 4055 2318 4106 Δοκεῖ
2367 4054 2476 4125 γάρ
2510 4071 2626 4118 πως
2662 4057 3074 4126 παρυφεστάναι
3103 4057 3173 4110 τά
3223 4056 3463 4123 ἐναντία,

1886 4136 2075 4209 ὥσπερ
2112 4139 2188 4210 τῷ
2212 4139 2340 4211 σίτῳ
2362 4141 2429 4193 τά
2459 4140 2692 4205 ζιζάνια,
2726 4143 2819 4195 καὶ
2847 4142 2926 4213 τῷ
2951 4143 3087 4213 ῥόδῳ
3118 4144 3173 4196 αἱ
3208 4144 3459 4199 ἄκανθαι.

1898 4225 2061 4278 Ἀλλά
2076 4227 2264 4290 παῖδες
2288 4228 2386 4297 μὲν
2409 4229 2644 4289 εὐκόλως
2670 4228 2735 4281 ἂν
2756 4229 3104 4300 ἀπατηθεῖεν,
3132 4232 3180 4283 οἱ
3210 4231 3265 4283 δέ
3295 4231 3463 4296 ὅντως

1885 4313 2093 4383 ἄνδρες,
2135 4315 2230 4383 τῆς
2277 4319 2651 4387 πνευματικῆς
2699 4317 2850 4379 ὄντες
2880 4317 3153 4388 γεωργίας
3183 4317 3438 4388 ἔμπειροι

1888 4399 2031 4453 ίσασι
2083 4400 2152 4453 τά
2184 4401 2351 4463 ὅντως
2379 4401 2557 4470 ἀγαθά
2598 4403 2915 4473 ἀποκρίνειν
2943 4403 3052 4455 τῶν
3084 4405 3289 4458 κακῶν.
3322 4407 3461 4477 Φέρε

1882 4480 1996 4549 οὑν,
2044 4486 2171 4556 ὑμῖν
2210 4486 2279 4539 τά
2321 4487 2690 4557 ὑποδείγματα
2719 4489 2899 4543 αὐτῶν
2942 4490 3051 4543 ἀπὸ
3076 4490 3187 4544 τῶν
3228 4492 3461 4563 Γραφῶν

1882 4574 2345 4643 παραστήσωμεν.
2386 4574 2451 4627 Τί
2483 4576 2613 4628 ποτέ
2636 4578 2750 4629 ἐστι
2780 4576 3059 4641 κολακεία,
3100 4580 3194 4631 καὶ
3236 4580 3460 4633 ἀνελευ-

1882 4660 2056 4732 θερία,
2077 4662 2172 4713 καὶ
2197 4661 2434 4727 θωπεία;
2462 4661 2521 4714 '0
2541 4662 2674 4715 Σιϐᾶ
2693 4663 2785 4717 τὸν
2807 4664 2967 4718 Δαυῖδ
2993 4665 3284 4719 ἐκολάκευε
3309 4668 3461 4736 παρά

1879 4750 2088 4819 καιρὸν,
2126 4749 2218 4801 καὶ
2263 4748 2353 4801 τὸν
2385 4750 2652 4822 δεσπότην
2679 4750 2892 4805 διέϐαλε
2935 4753 3026 4806 τὸν
3060 4754 3254 4807 ἐαυτοῦ
3282 4772 3295 4786 ⁸
3322 4755 3460 4825 μάλ-

1878 4833 1967 4887 λον
1987 4834 2042 4886 δὲ
2075 4837 2103 4888 6
2131 4835 2409 4904 Ἀχιτόφελ
2426 4837 2518 4889 τὸν
2557 4837 2927 4909 Ἀϐεσσαλῶμ.
2964 4839 3101 4893 Ἀλλ’
3123 4842 3220 4912 οὐχ
3244 4844 3272 4895 6
3296 4840 3460 4897 Δαυῒδ

1875 4921 2137 4987 τοιοῦτος,
2176 4922 2312 4975 ἀλλά
2340 4925 2747 4995 ταπεινόφρων.
2788 4928 3035 4993 Κόλακες
3083 4930 3191 5001 γάρ
3230 4932 3368 4984 είσιν
3406 4934 3456 4986 οί

1878 5010 2097 5064 ὑπουλοι
2122 5028 2137 5042 ο
2180 5006 2311 5076 οἷον,
2344 5012 2419 5075 ὡς
2456 5014 2584 5065 ὅταν
2612 5014 2842 5084 λέγωσιν
2868 5018 2918 5070 οι
2954 5018 3139 5087 μάγοι,
3165 5020 3453 5082 Βασιλεῦ,

1876 5098 2001 5167 ζῆθι
2038 5102 2124 5164 είς
2156 5099 2297 5166 τοὺς
2324 5100 2563 5167 αἰῶνας.
2612 5103 2723 5155 Καὶ
2761 5103 2853 5156 ἐπὶ
2887 5104 2981 5157 τοῦ
3013 5105 3225 5159 Παύλου
3248 5108 3306 5158 ἐν
3334 5109 3456 5171 ταῖς

1875 5186 2111 5258 Πράξεσι
2153 5186 2321 5240 πολλά
2371 5188 2597 5241 τοιαῦτα
2640 5189 2965 5260 εὑρήσομεν,
3008 5192 3136 5265 ὅταν
3180 5194 3455 5257 Ἰουδαίοις

1873 5274 2216 5342 διαλέγηται,
2277 5275 2338 5327 οὑ
2386 5274 2727 5342 κολακεύων,
2777 5277 2911 5332 ἀλλά
2970 5280 3447 5349 ταπεινοιρρονῶΨ

1873 5358 1979 5414 οἶδε
1998 5362 2106 5434 γὰρ
2135 5362 2228 5415 καὶ
2254 5362 2756 5435 παρρησιάζεσθαι·
2784 5364 2859 5428 ὡς
2873 5365 3001 5418 ὅταν
3018 5365 3171 5436 λέγῃ,
3202 5367 3453 5435 ’Ἄνδρες

1872 5449 2142 5519 ἀδελφοὶ,
2175 5451 2356 5505 οὐδὲν
2381 5452 2659 5506 ἐναντίον
2684 5452 2948 5519 ποιήσας
2976 5454 3055 5519 τῷ
3083 5452 3229 5520 λαῷ,
3260 5455 3299 5523 ἢ
3324 5455 3450 5521 τοῖς

1872 5539 2161 5607 πατρῴοις
2203 5542 2366 5595 ἔθεσι
2391 5583 2407 5610 ,
2445 5541 2691 5612 δέσμιος
2743 5543 2815 5607 ἐξ
2870 5543 3253 5615 Ἰερουσαλὴμ
3304 5558 3449 5613 παρ-

1932 5779 1950 5853 ξ
1974 5784 2146 5853 Μαναά
2168 5796 2233 5833 ex
2256 5783 2639 5853 Hebr-320m
2662 5784 2861 5853 donum,
2887 5785 3080 5840 oblatio.

1933 5850 1964 5892 ι’
1986 5852 2174 5905 Mavult
2192 5855 2409 5908 Dunaus
2427 5859 2492 5915 ὡς
2514 5850 2689 5920 ἕτερον.
