3878 6554
167 453 267 510 217

166 580 422 635 sentetur,
465 565 560 623 sed
593 564 866 621 humiliter
910 574 1034 635 agat
1065 584 1080 622 :
1112 567 1261 621 novit
1293 568 1437 622 enim
1481 576 1537 622 ct
1578 567 1744 620 libere

166 678 225 716 ac
255 660 478 715 fidenter
502 672 694 727 agerc;
725 665 783 711 ut
819 671 942 711 cum
988 656 1195 724 inquit:
1235 655 1346 711 Viri
1372 657 1576 725 fratres,
1610 655 1741 709 nihil

163 753 397 807 adversus
425 751 617 821 plebem
644 750 856 818 faciens,
881 758 968 802 aut
994 765 1158 802 mores
1182 758 1438 819 paternos,
1460 748 1657 801 vinctus
1680 746 1741 799 ab

163 844 487 915 Ierosolymis
517 843 735 896 traditus
774 857 887 894 sum
920 840 1058 911 (Act.
1091 839 1182 904 28,
1217 839 1329 909 17).
1374 839 1443 895 Ut
1472 839 1614 894 enim
1656 839 1741 893 iu-

164 937 366 1005 telligas
387 934 706 989 humilitatis
729 931 892 986 fuisse
919 932 1033 985 ha-c
1056 932 1242 995 verba,
1270 929 1391 983 audi
1414 945 1572 1000 quam
1599 930 1743 997 ipsos

160 1030 400 1098 obiurget
443 1027 496 1081 in
540 1025 913 1096 sequentibus,
968 1024 1039 1077 ita
1083 1024 1311 1078 dicens:
1342 1023 1479 1078 Bene
1517 1023 1744 1090 Spiritus

160 1132 356 1174 stutctus
384 1119 617 1188 loquutus
665 1127 761 1181 est,
794 1116 929 1169 Aure
958 1115 1198 1179 audietis,
1226 1124 1272 1167 et
1303 1131 1403 1167 non
1426 1114 1739 1186 intelligetis,

158 1224 201 1265 et
234 1212 453 1265 videntes
490 1209 740 1273 videbitis,
774 1218 821 1262 et
851 1224 951 1261 non
984 1207 1298 1277 perspicietis
1334 1206 1467 1271 (Act.
1496 1207 1584 1262 25.
1619 1206 1736 1277 26).

159 1303 319 1357 Vides
369 1301 773 1357 fortitudinem?
830 1299 934 1354 Sed
986 1299 1211 1353 Ioannis
1266 1299 1429 1352 etiam
1488 1301 1739 1366 Baptista:

158 1393 517 1448 fortitudinem
542 1391 842 1451 considera.
871 1406 973 1459 qua
1006 1406 1129 1459 erga
1173 1388 1435 1443 Herodem
1479 1404 1606 1444 usus
1631 1399 1734 1456 est,

154 1486 340 1540 dicens
367 1504 381 1540 :
409 1483 533 1538 Non
572 1485 685 1537 licet
716 1483 804 1536 tibi
841 1481 1026 1535 habere
1065 1496 1275 1535 aurorem
1301 1480 1536 1549 Philippi
1563 1481 1738 1550 fratris

155 1581 227 1633 tui
254 1578 448 1648 (Marc.
480 1579 531 1632 ti.
566 1578 676 1647 18).
701 1576 814 1629 lloc
842 1574 1074 1629 fidentia:
1100 1582 1202 1640 est,
1230 1573 1331 1627 hoc
1362 1574 1685 1627 fortitudinis
1715 1591 1730 1627 :

154 1683 209 1727 at
252 1688 358 1726 non
407 1672 565 1726 verba
618 1670 708 1724 illa
755 1669 931 1723 Semei
959 1686 972 1722 :
1000 1667 1280 1738 Egredere,
1298 1668 1375 1721 vir
1428 1669 1734 1737 sanguinum

150 1765 228 1831 (2.
268 1764 396 1833 Reg.
426 1764 514 1818 l6.
547 1762 632 1831 7);
664 1775 983 1831 quamquam
1032 1769 1087 1813 et
1127 1759 1216 1812 ille
1263 1758 1486 1813 fidenter
1522 1758 1729 1828 agebat.

155 1863 221 1910 At
250 1870 356 1909 non
385 1858 483 1909 hoc
513 1853 769 1908 fortitudo
799 1860 901 1917 est,
944 1851 1037 1905 sed
1066 1850 1286 1905 audacia
1328 1860 1380 1905 et
1405 1850 1731 1904 contumelia

145 1958 203 2001 et
241 1948 435 2017 lingua:
487 1945 918 2013 intemperantia.
959 1941 1176 1997 Iezabel
1220 1942 1382 1996 etiam
1427 1940 1729 1996 convicium

148 2038 274 2094 fecit
319 2038 479 2101 Iehu,
535 2038 720 2091 dicens
768 2053 782 2088 :
830 2035 930 2101 Qui
976 2034 1225 2103 interfecit
1280 2034 1542 2087 dominum
1578 2048 1728 2089 suum

148 2134 224 2199 (6.
258 2132 391 2201 Reg.
422 2131 475 2185 9.
505 2131 628 2198 5t);
657 2128 749 2183 sed
782 2128 883 2181 hoc
911 2126 1132 2180 audacia
1169 2135 1307 2191 erat,
1341 2142 1445 2181 non
1488 2126 1726 2181 fidentia.

144 2224 454 2279 Convicium
482 2231 536 2276 et
561 2221 737 2275 Helias
760 2219 903 2283 fecit,
935 2218 1029 2273 sed
1058 2218 1115 2272 id
1144 2218 1361 2273 fidentia
1394 2233 1457 2272 ac
1474 2218 1729 2274 fortitudo

144 2326 255 2370 erat
284 2334 295 2368 :
323 2313 445 2367 Non
476 2329 564 2383 ego
589 2314 731 2366 turbo
757 2311 1020 2381 pupulum,
1051 2310 1140 2363 sed
1172 2319 1243 2373 tu,
1272 2320 1321 2363 et
1356 2310 1539 2367 domus
1568 2313 1727 2380 patris

145 2413 215 2464 tui
250 2410 326 2481 (5.
366 2409 490 2480 Reg.
523 2409 613 2463 18.
650 2407 757 2478 18).
804 2407 1012 2461 Rursus
1052 2421 1177 2476 erga
1209 2408 1519 2462 universum
1560 2424 1727 2479 popu-

144 2502 249 2555 lum
285 2501 516 2555 fidenter
542 2499 733 2569 agebat
764 2497 943 2551 llelias
973 2497 1158 2551 dicens
1186 2513 1201 2549 :
1232 2496 1504 2567 Usquequo
1527 2497 1719 2551 claudio

142 2595 262 2647 catis
285 2595 509 2660 utrisque
533 2592 719 2668 vestris.
732 2589 1011 2661 poplitibus
1042 2588 1147 2660 (Ib.
1177 2606 1227 2643 υ.
1253 2589 1391 2659 Si)?
1424 2590 1536 2645 Hoc
1566 2592 1724 2661 igitur

141 2687 299 2742 modo
324 2696 545 2757 tangere
590 2685 809 2739 fidentia
846 2694 963 2738 erat
997 2693 1051 2738 et
1077 2683 1338 2738 fortitudo
1371 2702 1383 2737 :
1416 2684 1576 2753 idque
1601 2700 1723 2754 pro-

142 2780 312 2847 pheta:
340 2776 635 2840 faciebant;
677 2775 809 2829 illud
835 2784 1014 2829 autem
1042 2774 1265 2828 audacia
1298 2783 1434 2830 erat.
1469 2776 1562 2830 Vis
1588 2793 1721 2846 pne—

140 2878 279 2923 terea
318 2867 659 2932 humilitatis,
705 2882 770 2919 ac
817 2865 1082 2919 libertatis
1125 2864 1313 2919 audire
1354 2865 1552 2920 verba?
1597 2868 1719 2922 audi

140 2962 362 3015 Paulum
405 2961 675 3016 dicentem
702 2978 715 3013 :
749 2958 880 3012 Mihi
920 2970 1086 3013 autem
1119 2975 1211 3029 pro
1248 2960 1456 3013 minimo
1488 2968 1582 3024 est,
1608 2970 1662 3013 ut
1691 2978 1721 3013 a

135 3054 268 3107 vobis
283 3053 505 3122 judicer,
535 3061 622 3106 aut
655 3052 716 3104 ab
739 3052 1067 3105 humanodie
1098 3069 1117 3106 :
1140 3053 1227 3107 sed
1265 3069 1424 3123 neque
1448 3069 1529 3105 me
1554 3053 1719 3121 ipsum

126 3145 323 3213 judico.
355 3143 503 3197 Nihil
531 3144 663 3197 enim
690 3143 816 3195 mihi
842 3144 1073 3196 conscius
1116 3159 1262 3206 sum;
1291 3144 1377 3197 sed
1406 3159 1506 3197 non
1543 3144 1596 3195 in
1624 3144 1718 3195 hoc

122 3238 435 3306 justi/iectus
459 3252 568 3289 sstm
599 3236 673 3303 (1.
703 3234 824 3290 Cor.
858 3236 909 3289 4.
939 3236 992 3289 5.
1028 3236 1107 3305 4).
1154 3234 1467 3304 Huiusmodi
1498 3235 1716 3304 spiritus

131 3329 490 3383 Christianum
513 3326 725 3382 decent.
755 3330 831 3381 Ac
854 3344 1061 3394 rursus,
1085 3328 1249 3381 Audet
1270 3328 1451 3397 aliquis
1474 3338 1710 3393 vestram,

130 3422 313 3473 habens
356 3420 612 3491 negotium
646 3420 885 3472 adversus
914 3419 1152 3480 alterum,
1186 3420 1416 3490 jndicari
1447 3419 1587 3488 apud
1617 3419 1715 3473 iui-

126 3529 269 3581 quos,
299 3524 351 3567 st
378 3530 479 3565 non
502 3513 641 3582 apud
665 3523 865 3566 sanctos
884 3514 961 3583 (l.
990 3513 1110 3567 Cor.
1134 3516 1187 3568 4.
1213 3516 1265 3570 5.
1288 3515 1383 3585 4)ἳ
1416 3514 1504 3569 Vis
1530 3528 1711 3568 amen-

127 3607 255 3658 tium
312 3604 623 3658 Iudaeorum
677 3606 1094 3659 assentationem
1160 3608 1521 3676 cognoscere?
1585 3608 1708 3661 audi

127 3696 266 3763 ipsos
292 3696 557 3760 dicentes,
591 3695 641 3749 Ν
645 3712 699 3750 os
734 3713 836 3749 non
856 3697 1094 3751 habemus
1117 3714 1302 3769 regem,
1333 3700 1430 3752 nisi
1456 3698 1708 3753 Ctesarem

126 3788 298 3854 (Joan.
330 3787 421 3840 19.
460 3787 569 3855 15).
632 3787 720 3841 Vis
764 3803 1113 3858 Cognoscere
1143 3790 1533 3844 humilitatem?
1580 3790 1703 3844 audi

1039 449 1108 507 fN
1145 450 1361 507 EPIST.
1401 451 1494 507 AD
1530 449 1813 507 PHILIPP.
1854 452 2008 509 CAP.
2052 456 2115 512 ιι.
2157 459 2387 518 noun.
2431 463 2520 517 γι.
2592 435 2597 440 ’

3335 466 3440 524 218

1847 584 2035 626 rursus
2089 573 2311 628 Paulum
2364 576 2671 640 dicentem,
2732 573 2855 630 Non
2915 577 3047 631 enim
3109 580 3440 651 nosmetipsos

1847 664 2202 731 prwdicamus,
2243 666 2331 719 sed
2368 666 2544 721 Iesum
2577 666 2833 722 Christum
2874 666 3165 733 Dominum,
3210 685 3305 723 nos
3343 687 3439 722 au-

1847 764 1943 809 tem
1997 773 2164 811 servos
2212 769 2399 813 vestros
2444 776 2532 829 per
2578 758 2755 813 Iesum
2800 760 2890 827 (1.
2940 760 3058 815 Cor.
3109 760 3162 817 4.
3208 760 3293 835 5).
3349 763 3437 818 Vis

1844 857 1899 902 et
1944 850 2362 904 assentationem
2422 859 2478 904 et
2537 849 2813 905 audaciam
2868 850 3096 906 videre?
3147 853 3433 907 considera

1845 938 2123 995 audaciam
2172 940 2388 1010 quidem
2438 940 2645 1006 Nabal,
2698 942 3114 997 assentationem
3162 959 3290 999 vero
3340 944 3432 999 Zi-

1845 1032 2119 1101 phzeorum
2145 1035 2226 1103 (1.
2257 1033 2386 1104 Reg.
2417 1034 2506 1088 23.
2540 1044 2587 1089 et
2624 1033 2720 1103 23)
2750 1051 2763 1087 :
2790 1036 3062 1103 quomodo
3100 1035 3189 1091 ille
3216 1037 3432 1105 quidem

1842 1124 2123 1179 maledicta
2142 1126 2403 1193 iaciebat;
2426 1126 2512 1181 isti
2537 1141 2685 1193 vero,
2711 1138 2965 1196 quantum
2989 1127 3053 1182 ad
3081 1127 3317 1196 ipsorum
3339 1143 3435 1184 vo-

1842 1214 2102 1271 luntatem
2123 1225 2180 1271 et
2199 1217 2481 1273 consilium
2506 1218 2757 1287 pertinet,
2781 1217 3033 1273 Davidem
3058 1217 3426 1287 prodiderunt.

1846 1304 1935 1361 Vis
1957 1321 2061 1362 non
2081 1310 2520 1374 assentationem,
2543 1308 2636 1364 sed
2654 1309 3049 1378 plnlosophiam
3067 1313 3432 1380 cognoscere?

1840 1398 2122 1454 considam
2151 1400 2408 1455 Davidem
2440 1402 2742 1469 intercepto
2784 1400 2931 1455 Sauli
2974 1410 3303 1469 parcentem.
3335 1402 3430 1457 Vis

1839 1492 2254 1547 assentationem
2279 1492 2641 1561 cognoscere?
2677 1491 2958 1546 considera
2989 1505 3104 1556 eos,
3146 1492 3235 1562 qui
3266 1492 3431 1548 Mem-

1840 1582 2122 1652 phibosten
2152 1583 2226 1653 (a)
2251 1582 2636 1638 interfecerunt
2663 1600 2677 1636 :
2709 1596 2844 1653 quos
2890 1582 3012 1638 ideo
3052 1582 3213 1638 etiam
3260 1584 3428 1639 David

1837 1689 1869 1727 e
1900 1673 2078 1728 medio
2117 1670 2350 1728 sustulit.
2380 1675 2615 1728 Omnino
2656 1683 2857 1737 autem,
2903 1684 2959 1729 ut
2993 1676 3302 1730 summatim
3324 1674 3430 1732 'de—

1838 1764 2156 1829 scribamus,
2191 1764 2416 1820 audacia
2461 1765 2680 1835 quidem
2712 1774 2818 1831 est,
2862 1766 2909 1819 si
2938 1767 3057 1835 quis
3089 1767 3349 1821 irascatur
3373 1777 3428 1823 et

1837 1856 2134 1909 convicium
2160 1854 2323 1909 faciat
2363 1855 2563 1908 nullam
2606 1856 2891 1924 objustam
2921 1870 3245 1926 gravemque
3287 1871 3418 1912 cau-

1835 1962 1972 2011 sam,
1996 1947 2088 2001 sed
2113 1958 2204 2000 aut
2228 1948 2463 2016 seipsum
2487 1948 2777 2013 ulciscens,
2805 1956 2895 2001 aut
2923 1948 3028 2002 alio
3054 1948 3246 2016 quovis
3266 1948 3425 2004 modo

1836 2038 2029 2105 injuste
2082 2037 2492 2092 effervescens:
2522 2037 2742 2092 fidentia
2786 2047 2965 2092 autem
3020 2049 3075 2093 et
3123 2037 3420 2107 fortitudo.

1834 2145 1956 2186 cum
1985 2131 2105 2200 quis
2128 2130 2389 2186 adversus
2420 2131 2663 2201 pericula
2686 2139 2742 2186 et
2770 2139 3000 2186 mortem
3028 2132 3208 2198 audet,
3238 2132 3423 2188 amici-

1834 2223 1935 2276 tias
1984 2232 2039 2277 ct
2080 2222 2395 2277 inimicitias
2433 2223 2666 2292 despicit
2711 2238 2808 2292 pro
2853 2223 2921 2277 iis
2960 2224 3124 2278 rebus
3153 2241 3272 2293 qua:
3312 2226 3423 2280 Deo

1833 2316 2146 2385 probantur.
2180 2315 2386 2369 Rursus
2431 2316 2725 2370 assentatio
2755 2316 2971 2385 quidem
3004 2325 3059 2372 et
3084 2317 3421 2374 illiberalitas

1830 2417 1932 2472 est,
1966 2409 2134 2461 cuivis
2162 2409 2446 2473 inservire,
2479 2423 2585 2461 non
2614 2409 2683 2463 ob
2708 2423 2800 2463 eas
2830 2424 2915 2463 res
2957 2425 3078 2478 qua:
3107 2425 3241 2478 opus
3272 2421 3417 2476 sunt,

1828 2499 1923 2555 sed
1966 2498 2167 2568 aliquid
2209 2499 2350 2568 quod
2396 2499 2462 2553 ad
2495 2498 2630 2553 hanc
2672 2500 2835 2552 vitam
2865 2498 3026 2553 faciat
3069 2510 3372 2568 captantem
3398 2519 3415 2554 :

1830 2592 2104 2646 humilitas
2132 2604 2281 2657 vero,
2324 2591 2368 2644 si
2408 2591 2530 2661 quis
2553 2591 2627 2645 ob
2652 2604 2861 2651 causas,
2897 2606 3016 2661 quae
3047 2592 3155 2645 Duo
3180 2592 3419 2662 proban-

1830 2694 1936 2748 tur,
1984 2684 2034 2739 id
2066 2683 2260 2747 faciat;
2307 2682 2534 2753 ideoque
2577 2698 2607 2737 a
2633 2683 2800 2753 gradu
2843 2683 3120 2754 dignitatis
3172 2699 3283 2737 suae
3325 2682 3419 2739 dc-

1827 2777 2068 2844 scendat,
2128 2787 2187 2831 ut
2240 2790 2488 2846 magnum
2536 2776 2830 2846 quippiam,
2891 2785 3051 2846 atque
3100 2773 3419 2830 admirabile

1824 2885 1962 2940 opus
1993 2866 2257 2939 perficiat.
2302 2868 2359 2924 Si
2405 2868 2521 2922 haec
2568 2867 2825 2933 sciamus,
2868 2880 2930 2920 ac
2971 2873 3232 2935 prrcterea
3264 2865 3417 2919 factis

1825 2963 2210 3031 exprimamus,
2235 2960 2374 3016 beati
2399 2962 2626 3015 erimus.
2649 2960 2765 3014 Non
2790 2962 2932 3014 enim
2965 2961 3096 3014 satis
3123 2969 3208 3013 est
3236 2960 3374 3013 scire
3399 2976 3412 3013 :

1826 3055 1947 3109 Non
1976 3056 2109 3108 enim
2137 3048 2394 3108 auditores
2417 3053 2561 3125 legis,
2592 3054 2784 3123 inquit,
2813 3055 2901 3106 sed
2929 3056 3148 3123 factores
3172 3052 3297 3121 legis
3315 3052 3414 3121 ju-

1822 3148 2173 3215 sti/imbuatur
2219 3147 2394 3217 (Rom.
2424 3146 2615 3214 2.15).
2672 3130 3255 3213 ρηίηθιίωπεοεηίιὶο
3300 3143 3415 3211 ipsa

1819 3242 2163 3302 condemnat.
2191 3241 2234 3294 si
2265 3239 2419 3294 factis
2451 3238 2769 3306 virtutisque
2799 3236 2992 3291 officiis
3021 3234 3273 3289 caruerit.
3310 3233 3417 3287 Ita-

1825 3350 1930 3405 que
1982 3343 2040 3388 ut
2093 3331 2600 3387 condemnationem
2654 3330 2921 3393 vitemus,
2974 3327 3220 3382 actiones
3272 3326 3415 3394 ipsas

1827 3426 2086 3481 obeamus
2113 3440 2126 3476 :
2156 3432 2214 3477 ut
2245 3422 2504 3492 promissa
2532 3434 2932 3489 consequamur
2957 3418 3119 3483 bona,
3161 3416 3330 3487 gratia
3360 3424 3416 3470 et

1822 3517 2147 3588 benignitate
2170 3514 2377 3569 Domini
2413 3512 2579 3566 nostri
2606 3511 2733 3567 Iesu
2761 3510 2978 3569 Christi.
3005 3518 3111 3562 etc.

1878 3736 1950 3795 (a)
1976 3736 2058 3783 nic
2084 3731 2429 3791 Memphiboste
2470 3741 2555 3789 pro
2580 3726 2808 3795 I_sboseth_
2839 3729 2922 3772 aut
2956 3723 3091 3785 lapsu
3124 3720 3370 3770 memoria:
3392 3758 3405 3777 ,

1816 3790 1899 3847 aut
1921 3790 2289 3845 amanuensium
2315 3804 2486 3841 errore
2510 3790 2715 3851 positum
2740 3793 2834 3836 est.

1580 3900 3405 3934 ____________________________.._

1505 3999 1851 4061 HOMILIA
1902 3999 1980 4059 Vl
1992 4043 2006 4058 .

118 4140 242 4193 Car.
272 4139 329 4193 ἓ.
359 4156 415 4193 v.
463 4139 515 4195 5.
556 4139 667 4193 Hoc
693 4141 827 4194 enim
863 4140 1111 4194 sentiatur
1135 4142 1187 4193 in
1227 4142 1386 4204 vobis,
1416 4142 1550 4211 quod
1575 4151 1624 4195 et
1652 4143 1707 4195 in

189 4231 391 4284 Christo
416 4230 544 4285 Iesu
573 4231 667 4286 :6.
709 4234 793 4301 qui
829 4248 943 4285 cum
987 4234 1039 4286 in
1067 4235 1233 4302 forma
1261 4232 1360 4287 Dei
1400 4244 1549 4297 esset,
1602 4251 1705 4287 non

190 4325 423 4390 rapinam
455 4323 733 4377 arbitratus
766 4333 839 4378 est
869 4341 976 4378 esse
1000 4341 1054 4378 se
1081 4325 1325 4387 (aqualem
1353 4322 1501 4388 Deo;
1533 4325 1586 4377 7.
1613 4325 1704 4378 sed

185 4416 514 4484 semetipsum
545 4415 818 4468 exinaniait
841 4420 1058 4485 formam
1087 4418 1216 4470 servi
1245 4417 1515 4487 accipiens,
1545 4420 1599 4471 in
1627 4418 1702 4470 si-

185 4506 472 4558 militudine
517 4506 778 4559 hominum
822 4511 1010 4578 factus,
1056 4516 1103 4561 et
1152 4508 1325 4561 habitu
1372 4509 1601 4562 inuentus
1648 4519 1704 4561 ut

184 4598 331 4649 homo
361 4596 456 4651 :8.
508 4598 792 4651 humiliavit
844 4600 1204 4667 semetipsum,
1252 4600 1419 4668 [actus
1465 4599 1700 4654 obediens

183 4704 341 4757 usque
363 4688 433 4740 ad
460 4699 671 4742 mortem
691 4729 707 4754 ,
737 4699 946 4743 mortem
975 4701 1140 4743 autem
1160 4692 1347 4744 crucis.

183 4783 231 4836 1.
278 4782 539 4837 Dominus
567 4791 750 4836 noster
775 4783 931 4838 Iesus
959 4784 1208 4838 Christus
1247 4784 1540 4854 discipulos
1575 4800 1703 4840 suos

114 4873 175 4925 ad
204 4889 394 4943 magna
417 4874 731 4939 cohortans,
752 4877 986 4944 seipsum
1019 4887 1073 4930 et
1104 4877 1311 4932 Patrem
1335 4887 1389 4932 et
1410 4879 1702 4949 prophetas

116 4982 206 5033 pro
249 4969 503 5037 exemplo
532 4968 849 5036 proposuit:
881 4968 1043 5022 veluti
1083 4984 1204 5022 cum
1242 4970 1393 5035 dicit,
1438 4971 1525 5023 Ita
1566 4972 1699 5024 enim

114 5073 163 5109 se
194 5070 456 5128 gesserunt
496 5059 735 5113 adversus
777 5060 1071 5128 praphetas,
1107 5062 1193 5126 qui
1224 5063 1427 5131 fuerunt
1464 5072 1581 5117 ante
1614 5080 1702 5117 vos

121 5150 326 5216 (Matth.
363 5152 418 5205 5.
450 5151 574 5220 1‘2);
620 5161 670 5204 et
701 5163 906 5216 rursus,
953 5151 1012 5205 Si
1041 5167 1120 5204 me
1163 5154 1446 5222 persequuti
1486 5164 1621 5219 sunt,
1650 5163 1701 5207 et

114 5258 195 5294 ros
220 5254 580 5311 persequentur
608 5242 783 5309 (Ioan.
812 5244 899 5298 l5.
926 5242 1052 5312 20);
1083 5253 1158 5310 et,
1190 5243 1384 5297 Discite
1419 5262 1450 5297 a
1474 5261 1555 5299 me
1582 5247 1700 5315 quia

112 5351 214 5386 sum
238 5336 374 5388 mitis
401 5334 617 5404 (Matth.
647 5336 732 5389 11.
760 5335 857 5405 29)
878 5352 892 5398 ;
914 5344 969 5389 et
991 5350 1195 5396 rursus,
1222 5335 1396 5388 Estote
1417 5337 1700 5390 misericor-

115 5426 212 5485 des.
242 5428 373 5479 sicut
403 5436 451 5478 et
493 5425 649 5479 Pater
673 5437 851 5489 uester,
882 5427 971 5495 qui
998 5428 1049 5480 in
1072 5427 1209 5480 aclis
1230 5438 1301 5481 est
1334 5427 1481 5497 (Luc.
1504 5427 1555 5482 6.
1579 5429 1696 5497 36).

117 5516 165 5570 ιιι
192 5520 380 5573 beatus
409 5519 572 5574 etiam
608 5520 799 5575 Paulus
825 5521 948 5574 facit
979 5538 992 5574 :
1023 5520 1318 5574 adhortans
1340 5521 1483 5575 enim
1514 5537 1607 5577 eos
1627 5522 1693 5576 ad

116 5608 493 5675 humilitatem,
520 5610 787 5667 Christum
820 5611 872 5665 in
902 5612 1134 5667 medium
1160 5613 1460 5668 adducebat
1484 5631 1497 5679 ;
1524 5629 1697 5684 neque

114 5699 192 5755 hic
220 5703 521 5766 dumtaxat,
579 5701 674 5758 sed
719 5703 881 5759 etiam
912 5704 1127 5772 quando
1157 5704 1372 5759 disserit
1400 5705 1468 5759 de
1513 5721 1698 5762 amore

115 5809 229 5862 erga
277 5809 547 5863 pauperes
572 5836 585 5856 ,
631 5794 792 5848 unedo
837 5794 1067 5862 quodam
1111 5796 1179 5849 ita
1221 5795 1458 5866 loquitur
1492 5814 1506 5849 :
1540 5796 1697 5852 Scitis

114 5889 234 5939 enim
258 5888 484 5958 gnatum
508 5884 713 5943 Domini
736 5888 896 5943 nostri
924 5885 1050 5943 Iesu
1076 5885 1287 5957 Christi,
1310 5889 1551 5959 quoniam
1573 5906 1693 5960 pro-

1815 4152 1924 4208 pter
1955 4156 2045 4192 nos
2073 4154 2259 4210 egenus
2285 4141 2453 4208 factus
2480 4147 2574 4202 est,
2619 4152 2734 4189 cum
2774 4146 2900 4190 esset
2925 4138 3064 4192 diues
3086 4139 3166 4207 (2.
3195 4139 3315 4195 Cor.
3347 4140 3402 4193 8.

1814 4232 1893 4300 9).
1939 4230 2081 4285 Nihil
2123 4230 2272 4284 enim
2320 4228 2595 4283 excelsum
2641 4240 2705 4280 ac
2735 4224 3115 4297 philosolthum
3157 4230 3399 4284 animum

1810 4336 1964 4391 atque
1992 4320 2057 4376 ad
2089 4321 2224 4375 bona
2247 4333 2415 4388 opera
2435 4315 2682 4372 obeunda
2712 4317 2933 4382 excitat,
2964 4332 3027 4372 ac
3054 4318 3097 4372 si
3122 4318 3401 4388 intelligat,

1812 4413 1911 4468 hac
1940 4428 2000 4467 re
2033 4414 2142 4467 Deo
2171 4427 2233 4466 se
2257 4411 2487 4466 similem
2521 4409 2656 4463 ﬁeri.
2685 4408 2824 4474 Quid
2854 4409 3000 4463 enim
3026 4425 3199 4480 atque,
3240 4420 3403 4481 atque

1810 4504 1936 4570 hoc,
1979 4504 2049 4558 ad
2077 4503 2506 4559 cohortationem
2535 4500 2748 4554 valeat?
2787 4500 2948 4554 Nihil.
2992 4500 3142 4569 Quod
3174 4516 3305 4558 sane
3348 4511 3406 4558 et

1810 4599 2010 4654 Paulus
2051 4598 2253 4662 sciens,
2283 4597 2416 4651 istos
2446 4595 2513 4649 ad
2542 4594 2899 4650 humilitatem
2944 4596 3264 4663 exhortans,
3293 4597 3404 4667 pri-

1811 4707 1957 4747 mum
1986 4690 2204 4760 quidem
2235 4688 2539 4743 obsecravit
2586 4695 2641 4742 et
2684 4687 3037 4757 supplicavit;
3068 4689 3263 4745 deinde
3305 4705 3402 4745 co-

1809 4781 2073 4838 hortantis
2101 4772 2251 4834 more
2277 4778 2430 4843 dixit,
2455 4778 2597 4844 Quia
2611 4780 2757 4831 statis
2783 4779 2835 4831 in
2865 4795 2966 4833 uno
2991 4780 3208 4849 spiritu;
3235 4781 3393 4848 dixit,

1810 4874 1963 4939 Quod
2010 4874 2114 4928 illis
2155 4882 2228 4927 est
2273 4880 2628 4943 argumentum
2672 4871 3003 4939 perditionis,
3048 4871 3186 4927 vobis
3232 4884 3401 4927 autem

1807 4969 1991 5022 salutis
2021 4965 2356 5036 (Philippd.
2388 4964 2479 5018 27.
2500 4963 2616 5032 9.8).
2648 4963 2797 5017 Nunc
2826 4979 2952 5018 vero
2981 4965 3198 5020 tandem
3221 4974 3279 5020 et
3300 4966 3402 5021 hoc

1806 5059 1963 5114 affert
1993 5075 2005 5111 :
2042 5056 2155 5111 Hoc
2180 5060 2319 5110 enim
2341 5056 2587 5110 sentiatur
2616 5057 2671 5109 in
2696 5055 2854 5121 vobis,
2882 5057 3018 5127 quod
3046 5068 3094 5111 et
3120 5060 3174 5111 in
3202 5059 3403 5113 Christo

1802 5151 1953 5216 Iesu,
1984 5152 2069 5220 qui
2106 5167 2221 5205 cum
2263 5151 2318 5203 in
2344 5136 2511 5220 {anna
2540 5148 2634 5201 Dei
2665 5160 2813 5215 esset,
2865 5166 2968 5203 non
2997 5152 3234 5219 rapinam
3263 5152 3402 5205 arbi—

1808 5255 1969 5299 tratus
1996 5253 2069 5299 est
2095 5260 2201 5298 esse
2238 5260 2291 5297 se
2315 5243 2561 5311 aequalem
2596 5243 2726 5306 Deo,
2751 5244 2840 5295 sed
2866 5245 3191 5314 semetipsum
3218 5246 3401 5298 erinao

1807 5339 1951 5401 nivit,
2006 5341 2222 5407 formam
2268 5335 2398 5389 servi
2445 5335 2723 5403 accipiens.
2777 5334 3082 5397 Attendite,
3128 5334 3402 5404 obsecro,

1806 5439 1968 5499 atque
1996 5428 2288 5496 exsurgite.
2321 5426 2532 5480 Etenim
2560 5425 3010 5496 quemadmodum
3039 5427 3247 5495 gladius
3276 5430 3399 5496 qui-

1806 5521 1929 5575 dam
1960 5519 2230 5586 utrimque
2268 5528 2482 5578 acutus,
2516 5532 2855 5587 quocumque
2882 5517 3150 5579 inciderit,
3182 5519 3396 5575 etiamsi

1808 5611 1861 5666 in
1907 5618 2189 5665 sescentas
2227 5608 2543 5677 phalangas,
2592 5607 2747 5661 facile
2796 5608 2939 5676 ipsas
2987 5609 3285 5676 perrumpit
3334 5624 3397 5663 ac

1807 5704 1984 5767 delet;
2032 5718 2099 5757 eo
2135 5701 2279 5771 quod
2333 5699 2569 5769 undique
2615 5708 2767 5752 acuta
2817 5707 2918 5761 est,
2970 5700 3210 5769 nihilque
3254 5700 3395 5756 illius

1806 5796 1976 5851 aciem
2009 5793 2147 5849 ferre
2171 5800 2344 5862 potest
2376 5810 2389 5847 :
2422 5792 2494 5845 ita
2524 5790 2681 5859 plane
2710 5798 2763 5843 et
2788 5789 3016 5861 Spiritus
3043 5791 3225 5847 verba.
3259 5790 3393 5847 hanc

1807 5888 1888 5943 his
1934 5886 2063 5957 ipsis
2102 5884 2281 5940 verbis
2327 5882 2538 5940 et-Arii
2584 5882 2928 5939 Alexandrini
2973 5892 3289 5953 sectatores,
3339 5893 3396 5940 et
