3878 6578
459 451 566 508 219

470 565 617 620 Pauli
667 561 1027 630 Samosateni,
1078 572 1132 619 et
1179 564 1410 623 Marcelli
1464 564 1687 629 Galatas,
1727 574 1779 621 et
1829 564 2046 621 Sabellii

472 657 675 729 Libyci,
708 666 762 711 et
804 656 1087 711 Marcionis
1112 656 1343 722 Pontici,
1381 665 1435 712 et
1465 657 1757 719 Valentini,
1787 668 1840 710 et
1870 657 2050 711 Mane-

471 748 559 810 tis.
590 757 641 802 et
663 747 1005 802 Laodicensis
1035 748 1368 817 Apollinarii,
1401 757 1454 803 et
1477 748 1708 813 Photini,
1733 758 1786 803 et
1813 747 2049 815 Sophro-

468 840 539 893 nii
572 840 667 909 (a),
711 853 1005 908 omnesque
1059 840 1278 893 omnino
1329 841 1560 894 haereses
1614 840 1916 908 prostravit.
1984 838 2050 895 Ut

473 932 647 1000 itaque
693 931 759 986 ad
808 930 1117 1001 hujusmudi
1154 934 1513 1001 spectaculum
1562 933 1788 996 invitati,
1842 942 1900 985 ut
1948 947 2048 986 una

469 1026 618 1096 plaga
650 1035 730 1080 tot
759 1025 1077 1096 phalangum
1122 1027 1329 1081 ruinam
1368 1026 1555 1091 visuri,
1608 1025 1935 1091 excitamini,
1981 1039 2050 1080 ne

468 1117 755 1185 spectaculi
778 1116 1083 1184 jucunditas
1115 1132 1208 1171 vos
1233 1117 1588 1185 praetervolet.
1620 1115 1749 1171 Nam
1776 1117 1820 1169 si
1850 1117 1903 1170 in
1930 1132 2052 1169 cur-

474 1226 625 1263 ruum
659 1219 819 1279 atque
861 1225 1122 1279 equorum
1170 1209 1550 1264 certaminibus
1594 1209 1721 1263 nihil
1750 1224 1901 1277 teque
1930 1223 2040 1277 spe-

468 1312 610 1356 rlatu
638 1302 931 1371 jucundum
978 1312 1081 1366 est,
1127 1318 1189 1355 ac
1230 1317 1350 1355 cum
1387 1302 1505 1371 quis
1535 1310 1675 1356 totos
1718 1316 1906 1356 currus
1948 1315 2048 1354 una

468 1411 590 1449 eum
640 1395 836 1465 aurigis
888 1396 1114 1464 impulsu
1174 1396 1293 1463 ipso
1337 1394 1701 1462 prostraverit,
1762 1393 2050 1462 multisque

472 1490 745 1560 quadrigis
776 1489 1099 1557 resupinatis
1130 1505 1227 1541 una
1261 1503 1380 1541 cum
1430 1487 1798 1541 insistentibus
1826 1486 2046 1555 aurigis,

470 1585 616 1639 solus
656 1582 719 1636 ad
766 1594 960 1635 metam
991 1581 1299 1648 calcemque
1340 1579 1527 1648 agonis
1557 1579 1897 1647 pervenerit;
1939 1592 2060 1631 mar

469 1688 710 1745 gnusque
740 1673 973 1742 undique
1003 1672 1215 1740 plausus
1244 1680 1297 1726 et
1323 1672 1525 1725 clamor
1552 1670 1617 1724 ad
1640 1671 1833 1725 etclam
1858 1684 2050 1724 ascen-

469 1769 611 1822 derit
639 1785 651 1821 :
683 1768 770 1819 ille
800 1781 929 1820 vero
958 1782 1022 1819 ex
1050 1764 1230 1818 lmtitia
1259 1772 1313 1818 et
1341 1764 1613 1832 plausibus
1642 1764 1793 1832 quasi
1817 1762 2052 1817 volucris

476 1857 646 1913 factus
677 1867 841 1911 totum
873 1855 1100 1909 stadium
1128 1856 1279 1925 equis
1300 1854 1592 1910 confecerit
1620 1871 1632 1906 ε
1661 1864 1861 1924 quanto
1882 1853 2053 1921 major

474 1950 597 2003 hinc
624 1949 844 2003 exsistet
862 1947 1126 2016 voluptas,
1154 1961 1276 2000 cum
1302 1946 1540 2000 omnium
1562 1946 1823 2001 hatresum
1853 1959 2053 1999 cuneos

469 2055 521 2097 et
558 2041 819 2097 diabolica
860 2041 1285 2095 machinamenta
1333 2054 1438 2093 una
1477 2054 1599 2093 cum
1651 2038 1849 2107 aurigis
1899 2036 2050 2107 ipsis,

472 2134 564 2188 Dei
609 2134 799 2203 gratia,
833 2132 1012 2187 omnia
1044 2132 1201 2186 simul
1246 2130 1532 2187 confertim
1564 2130 2055 2199 prostraverimus?

472 2229 549 2280 Ae
580 2226 622 2279 si
662 2225 809 2291 libet,
843 2225 1070 2294 primum
1102 2223 1338 2279 hmreses
1369 2225 1513 2292 ipsas
1558 2238 1625 2278 ex
1671 2223 1860 2278 ordine
1888 2223 2054 2277 collo-

470 2332 673 2371 contus.

551 2407 763 2461 Errores
790 2404 1024 2472 Sabellii,
1059 2404 1358 2470 Marcionis,
1401 2404 1660 2470 Marcelli,
1692 2403 1926 2469 Pbotini,
1954 2406 2056 2459 So-

475 2501 701 2572 pltrouii,
747 2499 895 2564 Arii,
936 2508 1289 2569 exponuntur;
1336 2503 1666 2569 confutantur
1706 2497 1962 2554 Sabellius
2009 2510 2058 2553 et

474 2593 646 2646 Arius.
677 2618 746 2630 -—-
777 2590 951 2645 Vultis
974 2589 1132 2660 igitur
1160 2589 1470 2660 impietatis,
1502 2605 1570 2643 an
1595 2599 1892 2659 temporum
1916 2589 2062 2644 ordi-

478 2700 599 2738 nem
623 2683 650 2739 ?.
672 2682 781 2738 Sed
823 2692 1119 2751 temporum
1159 2696 1288 2735 sane
1328 2696 1653 2751 sequamur:
1687 2681 1885 2736 etenim
1915 2698 2058 2751 qum-

479 2790 600 2827 nam
632 2774 903 2840 impietate
943 2773 1092 2842 prior
1117 2812 1132 2839 ,
1165 2773 1250 2827 vel
1285 2772 1552 2841 posterior
1579 2772 1671 2836 sit,
1713 2772 1935 2828 difﬁcile
1978 2783 2064 2829 est

476 2866 736 2934 jndicatn.
785 2863 994 2919 Primus
1029 2864 1193 2934 igitur
1235 2862 1457 2932 prodeat
1501 2862 1767 2919 Sabellihs
1805 2863 2059 2935 Libycus.

479 2958 616 3024 Quid
648 2958 768 3023 i~te,
800 2956 1011 3026 inquit?
1036 2956 1271 3021 Patrem,
1320 2955 1515 3010 Filium
1555 2965 1610 3010 et
1644 2954 1902 3025 Spiritum
1936 2971 2063 3011 san-

482 3058 627 3102 ctum
644 3048 780 3101 nuda
802 3062 921 3101 esse
943 3048 1154 3101 nomina
1176 3046 1271 3100 uni
1285 3061 1528 3115 personat
1544 3046 1814 3116 imposita.
1830 3046 2062 3102 Marcion

482 3150 660 3196 autem
683 3139 936 3195 Ponticus
956 3148 1112 3209 negat
1139 3139 1331 3204 Deum,
1348 3139 1441 3208 qui
1458 3139 1637 3194 omnia
1660 3140 1918 3206 condidit,
1945 3155 2066 3195 esse

484 3234 681 3287 bonum
708 3271 729 3296 ,
757 3245 820 3285 ac
849 3231 1062 3285 Patrem
1091 3230 1289 3284 Christi
1322 3229 1485 3295 boni;
1538 3231 1631 3285 sed
1680 3232 1844 3285 alium
1875 3248 2065 3301 quem-

484 3323 607 3379 dum
635 3337 755 3378 esse
784 3322 931 3391 lingit
954 3361 969 3387 ,
1002 3322 1093 3391 qui
1116 3322 1292 3390 justus
1318 3322 1388 3375 sit
1412 3362 1429 3385 ,
1458 3320 1761 3392 Filiumqne
1788 3338 1890 3391 pro
1914 3324 2067 3379 nobis

484 3413 780 3483 sumpsisse
809 3427 1024 3466 carnem
1054 3421 1230 3482 negat.
1249 3412 1528 3467 Marcellus
1546 3423 1599 3467 et
1620 3412 1947 3469 Photinuset
1965 3416 2067 3469 So-

486 3506 745 3575 phronias
776 3503 1006 3558 Verbum
1035 3503 1205 3573 ipsum
1235 3502 1481 3573 inquiunt
1512 3505 1784 3575 energiam
1810 3516 1864 3559 et
1890 3505 2069 3561 eflica-

487 3596 624 3649 ciam
650 3594 982 3665 operationis
1009 3609 1163 3659 esse;
1205 3605 1364 3665 atque
1393 3597 1531 3651 hanc
1559 3598 1828 3667 energiam
1863 3599 2072 3654 inhabi.

489 3700 601 3743 tare
630 3690 680 3742 in
711 3690 801 3742 illo
828 3689 917 3758 qui
963 3704 1031 3744 ex
1069 3690 1274 3745 semine
1307 3690 1468 3744 David
1496 3732 1511 3755 ,
1543 3691 1762 3746 minime
1787 3706 1917 3747 vero
1939 3694 2068 3747 snh-

490 3783 737 3835 stantiam
772 3782 1174 3852 hypostaticam.
1203 3783 1363 3837 Arius
1386 3782 1582 3837 Filium
1606 3784 1819 3854 quidem
1850 3784 2069 3852 fatetur,

490 3872 584 3927 sed
613 3882 815 3928 tantum
850 3874 1063 3927 nomine
1094 3892 1106 3927 :
1137 3884 1437 3929 creaturam
1466 3876 1608 3929 enim
1637 3891 1759 3932 esse
1806 3877 1997 3948 inquit,
2021 3887 2075 3933 ct

496 3963 655 4017 Patre
698 3963 858 4031 longe
887 3964 1171 4019 minorem.
1226 3964 1416 4019 Caneri
1466 3982 1594 4021 vero
1635 3979 1830 4038 negant
1874 3970 2074 4025 habere

493 4054 747 4108 animum.
800 4053 958 4108 Vides
1009 4064 1213 4111 stantes
1261 4057 1492 4109 currus?
1529 4059 1808 4113 considera
1838 4060 1993 4129 igitur
2022 4072 2076 4116 et

495 4146 707 4200 illorum
756 4145 976 4213 ruimus,
1021 4147 1290 4216 quomodo
1332 4162 1525 4203 omnes
1568 4150 1728 4203 simul
1774 4153 2076 4221 propellens

497 4237 964 4303 sternit,osnnes,
1008 4238 1221 4307 inquam
1249 4278 1265 4303 ,
1296 4254 1396 4292 una
1446 4240 1596 4311 plaga
1646 4251 1807 4312 atque
1855 4246 2074 4313 impetu.

496 4328 774 4396 Quomodo
799 4330 960 4399 igitur
987 4331 1177 4384 sternit
1200 4330 1222 4385 ’ἶ
1259 4330 1371 4385 Iloc
1412 4334 1545 4386 enim
1570 4338 1815 4389 sentiatur
1836 4337 1890 4391 in
1918 4339 2074 4401 vobis,

496 4421 687 4490 inquit,
715 4421 852 4490 quod
871 4429 916 4474 et
942 4427 994 4475 in
1021 4422 1222 4476 Christo
1246 4420 1373 4479 Jesu
1393 4466 1408 4489 ,
1440 4425 1524 4495 qui
1556 4442 1672 4479 cum
1710 4429 1764 4480 in
1796 4431 1960 4499 forma
1988 4430 2078 4483 Dei

496 4523 642 4575 esset,
671 4530 769 4567 non
814 4515 1047 4582 rapinam
1074 4516 1349 4569 arbitratus
1373 4526 1447 4570 est
1472 4534 1579 4572 esse
1603 4535 1657 4573 se
1678 4523 1920 4590 (aqualem
1949 4523 2075 4577 Deo.

498 4603 634 4656 lliac
672 4613 727 4656 et
759 4605 951 4659 Paulus
977 4605 1359 4661 Samosatenus
1385 4610 1610 4677 corruit,
1640 4620 1693 4665 et
1718 4611 2001 4670 Marcellus
2026 4620 2082 4671 et

498 4694 763 4750 Sabellius
795 4713 809 4749 :
842 4698 1008 4766 inquit
1033 4698 1175 4752 enim
1204 4739 1220 4763 ,
1254 4699 1354 4766 Qui
1382 4717 1497 4753 cum
1519 4702 1573 4755 in
1602 4702 1769 4771 [arma
1793 4704 1892 4759 Dei
1930 4719 2078 4767 esset.

496 4787 552 4845 Si
585 4788 637 4841 in
665 4786 859 4853 forma,
881 4789 1150 4857 quomodo
1176 4790 1255 4843 ais
1282 4800 1358 4855 tu,
1386 4808 1419 4846 ο
1450 4794 1701 4863 sceleste,
1733 4812 1762 4850 a
1787 4797 1947 4852 Maria
1980 4800 2079 4854 ini-

498 4881 631 4933 tium
660 4878 911 4935 habuisse
936 4919 952 4944 ,
999 4890 1159 4951 atque
1202 4891 1359 4937 antea
1409 4899 1512 4939 non
1564 4886 1771 4941 fuisse?
1810 4892 2081 4959 quomodo

498 4987 627 5026 vero
658 4981 711 5024 ιιι
738 4986 923 5025 rursus
966 4971 1101 5027 dicis
1146 4975 1417 5043 energiam
1465 4976 1673 5031 fuisse?
1716 4980 2076 5049 inquitenim,

497 5061 565 5116 In
608 5063 777 5132 [arma
803 5062 917 5128 Dei,
945 5073 989 5116 et
1016 5066 1234 5134 fortnam
1276 5068 1405 5120 servi
1443 5072 1655 5140 accepit.
1688 5072 1877 5127 Forma
1916 5078 2079 5140 servi,

496 5156 584 5210 die
610 5155 758 5219 mihi,
793 5166 948 5209 estne
976 5156 1190 5226 energia
1222 5160 1360 5212 servi
1386 5200 1401 5226 ,
1431 5174 1497 5213 an
1527 5171 1710 5216 natura
1742 5165 1926 5219 servi?
1950 5166 2080 5223 Om-

497 5249 627 5303 nino
655 5259 841 5303 natura
883 5250 1064 5315 servi,
1099 5252 1465 5319 respondebis.
1497 5254 1641 5324 Ergo
1680 5266 1738 5311 et
1776 5258 1943 5313 forma
1988 5261 2080 5316 Dei

498 5351 687 5396 natura
722 5342 813 5398 Dei
844 5352 926 5399 est
949 5383 964 5408 ,
997 5359 1105 5398 non
1137 5345 1296 5415 igitur
1324 5348 1557 5416 energia.
1596 5350 1668 5403 En
1714 5362 1768 5405 et
1797 5352 2081 5409 Marcellus

497 5433 682 5489 Galata
709 5444 765 5490 et
791 5434 1126 5504 Sophronias
1149 5447 1203 5491 et
1230 5437 1485 5493 Photinus
1516 5453 1852 5496 corruerunt.

567 5523 620 5580 2.
666 5525 744 5579 En
785 5540 999 5596 quoque
1040 5525 1323 5583 Sabellins.
1355 5527 1480 5583 Cum
1520 5531 1574 5584 in
1605 5534 1773 5602 forma
1802 5534 1898 5590 Dei
1930 5549 2077 5603 esset,

555 5637 1041 5716 temerati!!!"
1063 5639 1496 5716 ιεεεῖεξείρηξιιριῖυιιι
1520 5657 1732 5716 errores
1749 5649 1920 5716 quales
1936 5652 2080 5716 Chry-

495 5700 907 5769 sostoutusrefert
917 5710 972 5769 _et
992 5703 1224 5769 confugit,
1239 5704 1288 5752 in
1312 5704 1533 5769 Diatriba
1558 5700 1787 5769 peculiari
1803 5700 2087 5766 referennis

494 5758 1117 5837 lomoAXiliqSophroaiu‘s
1138 5758 1617 5837 Poip‘pciopolitanits
1640 5758 1906 5836 Episcopus
1915 5758 2077 5826 ’δῐέὲἐῖ

494 5820 739 5901 gilii-€ng
760 5820 1182 5901 essg:dieebatur.
1209 5820 1341 5901 gius
1374 5820 1837 5901 ῳθηιιριτεᾴυδῆἔ
1852 5820 2082 5901 sane

493 5881 747 5938 Socratem
768 5893 821 5935 et
841 5886 1181 5942 Sozonwaum.
1209 5881 1334 5940 Vide
1359 5890 1514 5945 etim
1532 5881 1869 5957 Nicepborunt:

1238 448 1293 504 S.
1334 448 1608 506 JOANNIS
1642 446 2117 507 CHRYSOSTOMI’
2153 449 2467 516 ARCHIEP.
2508 455 3035 515 CONSTANTINOP.

3638 459 3735 517 ες)

2158 582 2259 619 non
2287 569 2521 637 rapinam
2547 612 2563 637 ,
2597 571 2789 643 inquit,
2825 574 3101 629 arbitratus
3144 584 3217 628 est
3258 592 3367 629 esse
3405 593 3459 631 se
3499 581 3737 649 aqualem

2159 654 2285 710 Deo.
2351 658 2578 729 [Equale
2628 678 2757 717 vero
2807 679 2911 717 non
2966 666 3021 718 in
3068 679 3170 718 una
3229 665 3428 719 dicitur
3472 682 3734 736 persona:

2156 750 2360 813 aequale
2402 750 2544 805 enim
2590 753 2745 807 alicui
2776 763 2860 809 est
2901 754 3128 822 atquale.
3160 755 3320 810 Vides
3348 756 3577 810 duarum
3619 773 3736 826 per-

2157 854 2410 895 sonarum
2444 842 2799 914 hypostasim,
2830 861 2934 899 non
2967 854 3147 899 autent
3177 847 3315 900 nuda
3340 848 3557 901 nomina
3582 889 3599 909 ,
3626 849 3730 917 qui-

2157 933 2257 987 lms
2307 936 2465 989 nulla:
2507 951 2593 991 res
2641 936 2897 1006 subjecta!
2940 939 3089 992 sint?
3140 938 3336 992 audisti
3379 938 3735 993 exsistentiam

2158 1023 2427 1095 Unigeniti
2457 1035 2582 1081 ante
2607 1028 2842 1082 sascula?
2876 1027 3071 1083 Verum
3102 1028 3217 1083 haec
3248 1028 3466 1099 quidem
3491 1028 3739 1084 adversus

2158 1114 2277 1170 illos
2319 1134 2333 1170 :
2375 1117 2469 1172 sed
2495 1118 2751 1188 quidjam
2792 1119 3051 1174 adversus
3095 1122 3281 1174 Arium
3324 1121 3571 1176 dicemus
3596 1162 3610 1181 .
3658 1127 3739 1190 qui

2157 1208 2377 1262 alterius
2426 1214 2673 1265 essentia:
2700 1210 2894 1266 Filium
2942 1212 3104 1267 facit?
3146 1213 3238 1268 Dic
3278 1213 3409 1267 mihi
3437 1254 3453 1279 ,
3482 1214 3612 1282 quid
3644 1216 3735 1271 hoc

2158 1309 2260 1363 est,
2290 1299 2541 1354 Formam
2564 1302 2707 1355 servi
2732 1303 2980 1371 accepit?
3014 1303 3183 1357 llomo
3212 1303 3387 1357 lactus
3414 1315 3522 1369 est,
3557 1305 3736 1374 inquit.

2158 1392 2301 1462 Ergo
2325 1402 2378 1447 et
2406 1395 2456 1446 in
2501 1392 2675 1447 forma
2723 1395 2817 1449 Dei
2843 1396 3110 1449 exsistens
3155 1397 3296 1451 Deus
3333 1407 3452 1451 erat
3483 1414 3500 1449 :
3530 1412 3653 1450 nam
3696 1412 3742 1451 et

2159 1484 2267 1549 hic,
2295 1495 2348 1539 et
2370 1485 2478 1540 illic
2501 1501 2692 1540 nomen
2718 1486 2903 1540 furtiue
2926 1490 3158 1557 ponitur.
3186 1490 3240 1543 Si
3276 1490 3379 1545 hoc
3402 1506 3612 1555 venum,
3637 1507 3741 1545 cer-

2160 1586 2212 1631 te
2236 1586 2291 1632 et
2315 1577 2445 1632 illud
2469 1596 2482 1633 :
2507 1577 2678 1632 forma
2704 1580 2843 1634 servi
2867 1589 2950 1634 est
2976 1593 3159 1635 natura
3192 1584 3349 1637 homo
3378 1602 3391 1638 :
3422 1599 3556 1654 ergo
3583 1584 3738 1637 {unm

2157 1668 2318 1723 etiam
2368 1670 2457 1724 Dei
2508 1678 2692 1725 natura
2722 1683 2803 1726 est
2835 1672 2996 1727 Deus.
3030 1673 3215 1743 Neque
3248 1676 3350 1730 hoc
3393 1677 3615 1740 solum;
3658 1679 3737 1731 sed

2158 1759 2316 1813 etiam
2346 1760 2565 1829 perinde
2591 1776 2654 1816 ac
2682 1761 2936 1827 Joannes,
2965 1764 3034 1818 de
3065 1765 3230 1834 ip~ius
3260 1768 3579 1836 :t‘qttalitate
3605 1770 3741 1822 testi-

2160 1850 2396 1904 monium
2426 1850 2552 1915 dat,
2583 1850 2924 1924 Ostenditque
2974 1854 3142 1908 nihilo
3182 1856 3359 1925 ipsum
3390 1858 3561 1913 Patre
3583 1860 3740 1913 mitto-

2161 1957 2272 1995 rcm
2302 1957 2421 1996 esse
2450 1961 2464 1996 :
2498 1941 2620 1997 Non
2648 1947 2906 2013 rapinam,
2941 1947 3136 2017 inquit,
3168 1949 3447 2003 arbitratus
3474 1961 3553 2004 est
3576 1967 3680 2004 esse
3698 1968 3741 2004 se

2159 2033 2402 2097 aqualem
2426 2032 2553 2089 Deo.
2582 2035 2688 2090 Sed
2717 2052 2962 2105 quaenam
2990 2050 3069 2091 est
3092 2049 3277 2108 arguta
3308 2040 3530 2094 illorum
3559 2044 3741 2095 oratio?

2162 2128 2230 2180 At
2270 2125 2412 2180 enim
2460 2126 2790 2182 contrarium
2840 2129 3016 2198 potius
3058 2129 3175 2183 istis
3201 2132 3383 2186 verbis
3426 2132 3741 2193 ostenditur.

2162 2216 2407 2286 inquiunt
2437 2235 2450 2271 :
2478 2216 2614 2273 dixit
2637 2219 2812 2283 enim,
2845 2234 2966 2274 cum
3000 2219 3053 2273 in
3100 2222 3267 2274 forma
3303 2221 3400 2275 Dei
3429 2231 3581 2277 esset
3604 2265 3620 2283 ,
3648 2240 3743 2275 tum

2163 2309 2267 2365 hoc
2292 2310 2557 2379 rapuisse,
2608 2320 2667 2365 ut
2693 2321 2837 2367 esset
2884 2313 3105 2383 mqtralis
3140 2314 3269 2368 Deo.
3313 2317 3478 2384 Atqui
3526 2316 3572 2369 si
3622 2316 3747 2370 Deus

2164 2410 2299 2465 erat,
2344 2402 2613 2472 quomodo
2662 2406 3149 2473 poteratrapere?
3197 2404 3304 2460 Sed
3353 2407 3745 2473 quatnodohoc

2166 2509 2269 2549 non
2302 2494 2697 2550 inconsiderate
2719 2495 2917 2550 dictum
2948 2495 3107 2550 fuerit
3125 2496 3147 2549 ?
3167 2496 3302 2565 Quis
3332 2497 3481 2553 enim
3505 2514 3745 2568 umquam

2164 2585 2381 2651 dixerit,
2405 2586 2660 2656 aliquem,
2689 2601 2810 2641 cum
2840 2586 3000 2641 homo
3026 2597 3190 2669 esset:
3222 2604 3329 2642 non
3360 2589 3465 2643 hoc
3494 2590 3745 2658 rapuisse.

2166 2684 2225 2730 ut
2252 2685 2397 2731 esset
2424 2676 2630 2730 homo?
2655 2679 2745 2747 qui
2787 2677 2930 2732 enim
2973 2677 3091 2733 ﬁeri
3143 2688 3339 2748 potest,
3389 2689 3451 2733 ut
3492 2680 3745 2749 quispiam

2167 2768 2339 2838 rapiat
2365 2768 2414 2823 id
2442 2769 2583 2838 quod
2608 2768 2733 2824 est?
2758 2767 2873 2823 Non
2902 2771 2995 2836 ita,
3027 2771 3292 2839 inquiunt,
3321 2771 3419 2827 sed
3444 2772 3527 2827 sic
3551 2772 3739 2827 intelti.

2167 2874 2280 2929 gas,
2313 2859 2523 2925 Filium,
2554 2875 2675 2914 cum
2704 2860 2844 2915 Deus
2871 2861 3045 2915 minor
3071 2871 3238 2928 esset,
3271 2880 3380 2917 non
3414 2864 3523 2918 hoe
3557 2868 3749 2935 rapuis-

2168 2964 2248 3015 se,
2304 2959 2362 3005 ut
2404 2951 2624 3021 aequalis
2674 2960 2821 3007 esset
2864 2952 2975 3007 Deo
3024 2967 3219 3024 magno
3254 2964 3311 3009 et
3351 2955 3575 3025 majori.
3626 2956 3749 3025 Ergo

2172 3058 2367 3113 parvus
2396 3053 2450 3099 et
2475 3058 2702 3114 magnus
2732 3045 2872 3099 Deus
2902 3045 3030 3099 est?
3059 3056 3217 3115 atque
3264 3045 3338 3099 ita
3366 3046 3424 3100 in
3466 3046 3750 3101 Ecclesistn

2171 3133 2413 3191 Gt'mcam
2445 3135 2694 3206 dogmata
2720 3135 2974 3191 inducitis
3002 3139 3025 3189 t’
3051 3136 3182 3191 Nam
3211 3138 3353 3207 apud
3390 3136 3619 3193 Grauis
3644 3139 3749 3211 qui-

2172 3227 2293 3282 dem
2320 3236 2403 3283 est
2427 3242 2652 3299 magnus
2675 3227 2807 3284 deus
2834 3238 2888 3283 et
2912 3244 3107 3299 parvus
3132 3248 3145 3283 :
3176 3231 3318 3300 quod
3344 3246 3416 3286 an
3440 3235 3608 3289 etiam
3628 3237 3750 3306 apud

2172 3334 2291 3385 vos,
2323 3321 2525 3375 nescio.
2555 3320 2687 3374 Nam
2717 3321 2768 3375 in
2798 3320 3090 3391 Scripturis
3118 3323 3334 3393 quidem
3379 3326 3577 3381 nullibi
3616 3329 3751 3382 inve-

2176 3411 2312 3476 nies,
2343 3409 2436 3465 sed
2466 3425 2715 3480 magnum
2738 3410 2955 3477 quidem
2985 3412 3203 3482 ubique,
3225 3430 3450 3483 parvum
3477 3433 3615 3472 vero
3640 3436 3751 3472 Illis-

2174 3518 2356 3572 quam.
2392 3502 2604 3557 Etenim
2647 3504 2690 3557 si
2720 3517 2942 3571 parvus,
2984 3505 3255 3574 quomodo
3294 3507 3460 3562 etiam
3510 3509 3754 3565 Deus?$i

2178 3611 2281 3649 non
2310 3603 2391 3649 est
2417 3609 2613 3664 parvus
2640 3596 2803 3649 homo
2828 3605 2883 3650 et
2904 3611 3126 3666 magnus
3149 3638 3164 3661 ,
3196 3598 3291 3653 sed
3322 3616 3426 3653 una
3457 3613 3651 3655 natura
3671 3621 3686 3665 ;
3710 3614 3755 3655 et

2177 3688 2219 3741 si
2244 3686 2369 3756 quid
2393 3701 2498 3741 non
2516 3686 2585 3740 sit
2611 3686 2751 3741 illius
2777 3697 3003 3750 natura},
3028 3688 3190 3744 homo
3216 3705 3322 3744 non
3348 3701 3436 3745 est
3460 3710 3475 3746 :
3500 3697 3756 3763 quomodo

2180 3776 2338 3832 fuerit
2367 3792 2563 3847 parvus
2591 3787 2645 3832 et
2674 3792 2898 3848 magnus
2930 3780 3069 3835 Deus
3091 3822 3107 3846 ,
3137 3781 3226 3851 qui
3256 3781 3401 3836 illius
3430 3794 3643 3839 natura:
3667 3801 3754 3838 non

2178 3871 2285 3925 sit?
2307 3870 2405 3937 Qui
2436 3885 2632 3940 parvus
2673 3880 2777 3936 est,
2809 3872 2947 3926 Deus
2985 3888 3091 3927 non
3136 3883 3217 3929 est
3247 3892 3260 3928 :
3291 3875 3489 3946 ubique
3536 3880 3679 3933 enim
3715 3882 3756 3931 in

2180 3961 2451 4030 Scriptura
2498 3976 2720 4032 magnus
2746 3960 2942 4017 dicitur
2973 3980 2987 4018 :
3022 3963 3243 4035 Magnus
3284 3964 3543 4021 Dominus
3565 4011 3579 4033 ,
3610 3970 3758 4038 inquit

2184 4054 2369 4121 David,
2388 4064 2434 4108 et
2461 4054 2733 4109 laudabilis
2757 4056 2925 4109 nimis.
2970 4056 3107 4111 Ecce
3136 4058 3296 4111 etiam
3327 4058 3394 4113 de
3426 4059 3571 4113 Filio
3602 4082 3615 4115 :
3647 4061 3753 4116 Ubi-

2183 4162 2286 4216 que
2312 4146 2457 4199 enim
2495 4160 2615 4199 eum
2646 4157 2795 4198 vocat
2833 4147 3135 4200 Dominum.
3174 4149 3236 4201 Et
3281 4149 3517 4214 iterum,
3556 4151 3757 4222 Magnus

2184 4256 2236 4292 es
2263 4250 2335 4305 tu,
2368 4253 2414 4292 et
2442 4239 2633 4306 faciens
2659 4239 2933 4299 mirabilia,
2964 4250 3017 4291 tn
3044 4256 3095 4293 es
3122 4240 3262 4294 Deus
3289 4242 3432 4295 solus
3463 4243 3641 4312 (Psal.
3682 4247 3753 4299 67.

2190 4334 2237 4385 Ι.
2269 4342 2317 4385 et
2343 4331 2432 4387 85.
2468 4331 2556 4403 10)
2583 4347 2597 4395 ;
2626 4340 2680 4385 et
2709 4340 2914 4396 rursus,
2950 4332 3170 4403 Magnus
3208 4332 3462 4387 Dominus
3495 4346 3694 4401 noster,
3720 4346 3756 4387 (ἰ

2185 4440 2371 4493 magna
2399 4424 2554 4477 virtus
2576 4424 2704 4493 ejus,
2737 4433 2783 4475 et
2810 4424 3202 4493 magnificentia:
3220 4425 3333 4489 eius
3360 4441 3467 4479 non
3490 4437 3571 4479 est
3603 4430 3755 4480 temi-

2186 4533 2279 4570 nus
2306 4515 2479 4587 (Psal.
2511 4516 2632 4570 M3.
2686 4515 2765 4585 5).
2814 4513 2917 4569 Sed
2968 4514 3083 4569 hzec
3119 4515 3186 4569 de
3225 4517 3385 4571 Pal-rc
3412 4557 3426 4582 ,
3476 4518 3753 4588 inquiunt:

2190 4607 2355 4661 Filius
2380 4622 2509 4662 vero
2552 4622 2747 4677 parvus
2788 4616 2891 4660 est.
2938 4606 3042 4661 Sed
3092 4616 3143 4660 tu
3191 4622 3250 4662 es
3278 4650 3293 4673 ,
3340 4610 3432 4679 qui
3464 4610 3575 4665 hoc
3597 4612 3753 4665 dicis:

2186 4698 2459 4767 Scriptura
2491 4713 2617 4753 vero
2647 4707 2850 4759 contra,
2882 4696 3023 4766 quod
3063 4697 3132 4751 de
3178 4698 3354 4761 Patre,
3399 4700 3455 4754 id
3495 4704 3659 4755 etiam
3702 4700 3755 4753 de

2188 4792 2324 4845 Filio
2371 4791 2522 4844 dicit.
2569 4790 2709 4844 Audi
2761 4790 2903 4843 enim
2955 4789 3178 4844 Paulum
3237 4791 3547 4853 dicentem,
3580 4794 3754 4861 Exspe-

2187 4892 2377 4936 ctantes
2422 4882 2617 4935 beatam
2655 4898 2816 4951 spent,
2859 4890 2906 4934 et
2947 4881 3216 4934 adventant
3255 4883 3434 4952 gloria:
3477 4887 3651 4955 magni
3680 4884 3755 4937 De

2192 4974 2316 5043 (Tit.
2360 4974 2413 5026 Ξ.
2459 4975 2573 5042 15).
2624 4972 2888 5042 Numquid
2937 4981 3114 5027 autem
3159 4975 3225 5028 de
3278 4975 3437 5029 Patre
3488 4977 3755 5031 adventum

2187 5067 2363 5120 dixit?
2396 5067 2589 5121 Verum
2619 5076 2675 5120 ut
2697 5067 2863 5133 magis
2878 5066 3054 5121 adhuc
3075 5081 3168 5120 vos
3189 5078 3455 5137 argueret,
3489 5071 3756 5124 adventum

2188 5157 2393 5212 addidit
2422 5158 2596 5225 magni
2630 5158 2743 5211 Dei.
2788 5156 2922 5211 Num
2972 5158 3131 5228 igitur
3174 5159 3242 5213 de
3272 5159 3426 5212 Patre
3475 5161 3527 5214 id
3578 5162 3759 5215 dictum

2188 5253 2314 5303 est?
2343 5248 2660 5318 Neutiquam
2693 5266 2707 5301 :
2734 5263 2837 5303 non
2867 5249 3009 5303 enim
3058 5249 3107 5303 id
3146 5249 3381 5303 admittit
3427 5252 3636 5305 additio
3665 5253 3756 5313 illa,

2190 5340 2257 5394 Et
2306 5341 2575 5394 adventum
2631 5342 2802 5412 magni
2858 5341 2953 5395 Dei
3005 5352 3054 5396 et
3103 5343 3387 5397 Saluatoris
3441 5348 3606 5399 nostri
3654 5345 3757 5397 Jestt

2189 5434 2396 5488 Christi.
2443 5433 2522 5488 En
2556 5434 2714 5503 igitur
2758 5444 2813 5488 et
2861 5433 3027 5490 Filius
3069 5450 3292 5504 magnus
3339 5444 3445 5491 est.
3496 5436 3757 5505 Quomodo

2191 5526 2349 5595 igitur
2375 5525 2508 5581 dicis
2530 5541 2775 5595 parvum,
2808 5534 2862 5579 et
2888 5527 3174 5597 magnum?
3200 5526 3335 5580 Audi
3358 5528 3520 5582 etiam
3548 5528 3758 5598 prophe—

2189 5631 2297 5672 tam
2324 5660 2340 5684 ,
2383 5619 2472 5687 qui
2506 5619 2678 5686 ipsum
2721 5627 2876 5672 vocat
2916 5619 3093 5688 magni
3129 5619 3338 5674 consilii
3368 5621 3642 5691 angelum.
3672 5620 3757 5688 Qui

2185 5720 2270 5765 est
2305 5711 2482 5780 magni
2508 5710 2720 5765 consilii
2770 5710 3025 5779 angelus,
3055 5725 3233 5765 annon
3276 5726 3503 5782 magnus
3532 5714 3657 5768 est?
3679 5710 3757 5779 qui

2184 5812 2269 5858 est
2315 5802 2455 5857 Deus
2494 5801 2687 5866 fortis,
2729 5816 2798 5856 an
2841 5817 2945 5857 non
2975 5811 3059 5859 est
3088 5818 3314 5873 magnus
3342 5845 3358 5871 ,
3405 5804 3501 5861 sed
3544 5806 3759 5876 parvus?

2186 5893 2324 5962 Quid
2348 5893 2505 5963 igitur
2530 5893 2868 5964 impudentes
2895 5894 2982 5952 isti
3010 5903 3062 5953 et
3090 5893 3286 5952 nefarii
3307 5896 3468 5953 verba
3497 5897 3595 5954 ista
3616 5911 3755 5953 usur-
