3974 6504
180 439 296 498 αις

176 556 421 628 αἱρέσεις
451 554 768 611 κατέϐαλεν.
805 555 892 621 Ὠς
913 551 1005 612 οῦν
1033 549 1289 631 τοιαύτην
1322 560 1576 633 ὀψόμενοι
1602 563 1752 628 θέαν,

178 645 274 696 καὶ
307 643 412 712 μιᾷ
460 642 642 714 πληγῇ
686 643 952 708 τοσαύτας
994 647 1278 716 φάλαγγας
1313 650 1648 714 πιπτούσας,
1686 653 1763 705 6:-

178 729 472 800 ετὲρθητε,
493 729 633 782 ὥστε
673 730 747 801 μὴ
774 731 867 784 τοῦ
906 731 1174 802 θεάματος
1207 735 1587 807 παραδραμεῖν
1619 739 1764 808 ὑμᾶς

177 821 278 888 τὴν
293 819 510 888 τέρψιν.
531 821 593 873 EE
616 819 724 892 γάρ
746 821 836 873 ἐπὶ
859 821 967 874 τῶν
983 822 1392 895 ἁμιλλητηρίων
1413 826 1681 896 ἁρμάτων
1705 828 1770 880 ἐν

177 911 299 971 ταῖς
325 908 436 960 τῶν
481 910 662 962 ἵππων
706 911 962 980 ἁμίλλαις
991 912 1143 964 οὐδὲν
1171 912 1344 976 οὕτως
1366 915 1486 967 ἐστὶ
1507 915 1762 987 τερπνὸν,

176 995 254 1059 ὼς
281 998 414 1051 ὅταν
440 997 710 1071 ὁλόκληρα
732 999 953 1070 ἅρματα
978 1000 1114 1070 μετά
1136 1001 1244 1054 τῶν
1268 1001 1500 1073 ἡνιόχων
1527 1003 1764 1071 κρούσας

178 1101 266 1145 τις
309 1085 628 1156 καταϐάλῃ,
685 1085 778 1138 καὶ
831 1085 1002 1138 πολλὰ
1045 1086 1325 1156 τέθριππα
1375 1088 1544 1142 ὕπτια
1603 1089 1766 1160 ῥίψας

184 1171 328 1240 μετά
367 1172 477 1223 τῶν
506 1171 827 1242 ἐφεστώτων
855 1174 1084 1244 ἡνιόχων
1117 1175 1401 1247 παρελάσῃ
1436 1176 1597 1246 μόνος
1631 1177 1765 1248 πρὸς

177 1260 282 1326 τὴν
311 1261 513 1313 νύσσαν
540 1261 636 1314 καὶ
666 1261 727 1313 τὸ
750 1263 934 1332 τέρμα
955 1261 1058 1315 τοῦ
1072 1263 1304 1331 ἀγῶνος,
1327 1263 1423 1316 1:01
1452 1264 1614 1328 πολὺς
1638 1265 1767 1319 πάν-

178 1347 342 1401 1ιοθεν
375 1349 404 1400 6
432 1348 623 1419 κρότος
655 1349 748 1402 1:01
779 1350 811 1420 ή
858 1348 1075 1421 κραυγή
1119 1350 1254 1420 πρὸς
1299 1352 1522 1421 οὐρανὸν
1554 1352 1710 1425 ἀνίῃ·
1737 1355 1766 1405 6

178 1436 264 1501 δὲ,
302 1434 496 1496 ὥσπερ
528 1436 731 1507 πτηνὸς
781 1436 886 1490 ὑπὸ
921 1437 1019 1507 τῆς
1067 1438 1240 1507 χαρᾶς
1284 1438 1498 1509 ἐκείνης
1531 1439 1626 1492 1:01
1657 1438 1766 1491 τῶν

181 1524 424 1593 κρότων,
469 1522 611 1578 οὕτω
644 1524 706 1576 τὸ
752 1523 964 1577 στάδιον
1013 1524 1159 1578 ἅπαν
1185 1524 1445 1597 διατρέχῃ
1475 1526 1615 1596 μετὰ
1659 1525 1766 1580 τῶν

184 1613 406 1664 ἵππωνο
456 1613 605 1682 πόσῳ
646 1611 844 1681 μᾶλλον
887 1611 1121 1665 ἐνταῦθα
1157 1611 1280 1682 οὐχὶ
1313 1612 1512 1665 πλείων
1550 1612 1764 1686 έσταιή

181 1697 390 1770 ἡδονὴ,
451 1699 579 1752 ὅταν
624 1698 933 1770 ὁλοκλήρων
988 1698 1253 1769 αἱρέσεων
1305 1701 1628 1770 συστήματα
1675 1703 1768 1756 1:01

183 1785 475 1839 διαϐολικά
507 1786 846 1857 ἐργαστήρια
882 1784 1021 1856 μετὰ
1063 1784 1172 1839 τῶν
1203 1786 1433 1856 ἡνιόχων
1460 1786 1637 1839 αὐτῶν
1666 1803 1767 1840 κα-

181 1873 513 1942 ταϐάλωμεν
532 1875 599 1944 τῇ
621 1872 714 1926 τοῦ
731 1871 865 1925 Θεοῦ
887 1873 1068 1943 χάριτι
1087 1872 1262 1925 πάντα
1277 1872 1471 1941 ἀθρόον
1490 1873 1586 1926 καὶ
1602 1871 1737 1943 ὁμοῦ
1753 1891 1766 1939 ;

183 1962 338 2024 Καὶ,
387 1963 438 2014 εί
483 1962 661 2028 δοκεῖ,
731 1962 997 2034 πρότερον
1050 1962 1337 2033 στήσωμεν
1377 1962 1476 2026 τὰς
1531 1962 1770 2034 αἱρέσεις

183 2049 361 2111 αὑτάς
385 2049 527 2103 κατὰ
550 2049 724 2112 τάξιν.

253 2191 528 2244 Βούλεσθε
574 2191 672 2263 τὴν
708 2190 807 2259 τῆς
847 2189 1122 2255 ἀσεϐείας,
1169 2188 1329 2260 ἢτὴν
1373 2188 1480 2242 τῶν
1523 2190 1766 2259 χρόνων;

199 2283 340 2334 Ἀλλ’
367 2282 567 2349 ἴδωμεν
596 2297 695 2351 την
714 2279 821 2332 τῶν
849 2279 1055 2350 χρόνων
1082 2295 1094 2312 ⁸
1125 2279 1222 2349 τὴν
1249 2279 1357 2348 γὰρ
1389 2279 1489 2350 τῆς
1516 2279 1771 2343 ἀσεϐείας

181 2369 448 2422 δύσκολον
477 2367 726 2421 συνιδεῖν.
767 2367 976 2419 Οὐκοῦν
999 2366 1212 2437 πρῶτος
1235 2364 1520 2430 Σαϐέλλιος
1545 2369 1574 2420 6
1605 2366 1771 2429 Λίϐυς

186 2457 480 2528 παρήχθω.
517 2455 582 2507 Τί
619 2450 712 2508 οῦν
756 2446 911 2516 οὗτός
941 2469 1135 2524 φησιν;
1173 2455 1296 2507 Ὅτι
1328 2453 1392 2506 τὸ
1421 2453 1644 2524 Πατὴρ,
1675 2456 1771 2508 καὶ

187 2549 354 2613 Υἱὸς,
394 2547 490 2600 1:01
537 2545 694 2612 ἆγιον
735 2543 978 2613 Πνεῦμα,
1024 2542 1265 2612 ὀνόματά
1306 2543 1423 2594 ἐστι
1469 2541 1600 2610 ψιλά
1645 2541 1768 2595 καθ’

184 2635 306 2698 ἑνὸς
331 2634 624 2705 προσώπου
642 2632 886 2703 κείμενα.
907 2630 1171 2700 Μαρκίων
1187 2631 1243 2682 δὲ
1263 2629 1290 2680 6
1309 2629 1564 2693 Ποντικός
1584 2645 1768 2699 φησιν,

181 2723 267 2776 ὅτι
297 2723 328 2773 6
353 2720 486 2782 Θεὸς
509 2720 538 2772 6
572 2719 748 2772 πάντα
781 2717 1186 2788 συστησάμενος
1232 2715 1332 2768 οὑκ
1372 2716 1517 2768 ἔστιν
1544 2715 1768 2782 ἀγαθὸς,

181 2807 307 2862 οὐδὲ
344 2807 532 2878 Πατὴρ
567 2805 662 2860 τοῦ
715 2804 919 2874 ἀγαθοῦ
967 2802 1237 2875 Χρίστοῦ,
1293 2802 1408 2858 ἀλλ’
1461 2802 1645 2872 ἕτερός
1687 2819 1768 2864 τις

183 2899 414 2961 δίκαιος.
452 2897 594 2949 1:01a
635 2897 815 2965 σάρκα
866 2895 966 2947 οὑκ
1015 2893 1276 2947 ἀνέλαϐεν
1333 2891 1473 2964 ὑπὲρ
1530 2890 1686 2962 ἡμῶν
1743 2891 1771 2942 6

187 2987 342 3049 Υἱός.
379 2984 713 3055 Μάρκελλος
732 2982 790 3036 δέ
827 2981 922 3036 1:01
943 2981 1204 3043 Φωτεινὸς
1229 2981 1322 3033 1:01
1353 2981 1658 3049 Σωφρόνιος
1681 2976 1771 3029 τὸν

184 3073 362 3142 Λόγον
392 3072 676 3144 ἐνέργειαν
708 3069 846 3125 εἶναί
889 3087 1044 3140 φασι,
1072 3069 1170 3138 τὴν
1190 3069 1247 3120 δέ
1271 3068 1548 3139 ἐνέργειαν
1569 3066 1770 3138 ταύτην

183 3161 468 3231 ἐνοικῆσαι
511 3161 591 3230 τῷ
627 3161 692 3212 ἐκ
732 3159 1044 3229 σπέρματος
1075 3154 1234 3209 Δαυῒδ
1257 3195 1272 3219 ,
1312 3155 1414 3208 οὐκ
1457 3153 1648 3208 οὐσίαν
1685 3157 1771 3208 ἐν·

181 3253 516 3306 ὑπόστατον.
571 3251 788 3321 ’Ἄρειος
830 3247 958 3301 Υἱὸν
1003 3247 1104 3318 μὲν
1143 3247 1416 3317 ὁμολογεῖ,
1467 3247 1673 3317 ῥήματι
1712 3244 1770 3298 δὲ

187 3342 342 3412 μόνῳ
362 3357 380 3374 ο
413 3340 618 3409 κτίσμα
637 3339 746 3408 γὰρ
777 3335 939 3390 αὑτὸν
967 3330 1106 3388 εἷναί
1143 3351 1298 3405 φησι,
1323 3333 1417 3388 1:01
1440 3333 1534 3386 τοῦ
1559 3330 1771 3402 Πατρὸς

183 3429 452 3482 ἐλάττονα
494 3424 650 3479 πολύ.
702 3422 923 3495 ’Έτεροι
974 3422 1033 3476 δὲ
1086 3419 1148 3474 οῦ
1203 3438 1366 3489 φασιν
1419 3419 1582 3473 αὑτὸν
1629 3419 1773 3489 ἔχειν

181 3517 392 3587 ψυχήν.
446 3508 601 3575 Εἶδες
647 3511 715 3564 τὰ
771 3511 996 3582 ἅρματα
1025 3507 1268 3574 ἑστῶτας
1328 3506 1524 3575 θεώρει
1592 3506 1774 3559 τοίνυν

185 3602 370 3658 αὑτῶν
404 3601 502 3654 καὶ
541 3598 613 3651 τὰ
653 3598 944 3668 πτώματα,
1011 3595 1129 3659 πῶς
1180 3594 1317 3666 ὁμοῦ
1363 3593 1576 3656 πάντας
1615 3609 1774 3646 κατα-

184 3691 402 3763 κρούων
435 3689 637 3760 βάλλει,
679 3687 772 3741 καὶ
818 3689 917 3758 μιᾷ
950 3687 1132 3756 πληγῇ
1163 3685 1255 3737 καὶ
1280 3683 1495 3754 ἀθρόον.
1530 3683 1655 3745 Πῶς
1681 3677 1773 3735 οῦν

185 3779 523 3834 καταϐάλλει
546 3795 561 3839 ;
592 3776 771 3831 Τοῦτο
796 3775 905 3844 γὰρ
930 3775 1266 3843 φρονείσθω
1291 3773 1363 3825 ἐν
1392 3770 1556 3839 ὑμῖν,
1583 3769 1768 3839 φησὶν,

187 3874 222 3928 ὃ
254 3873 358 3926 καὶ
379 3872 451 3924 ἐν
470 3866 704 3937 Χριστῷ
741 3865 960 3932 Ἰησοῦ,
983 3865 1055 3930 ὃς
1081 3863 1152 3917 ἐν
1171 3860 1375 3932 μορφῇ
1406 3860 1556 3914 Θεοῦ
1585 3859 1775 3927 ὑπάρ-

188 3981 336 4032 χων,
365 3961 480 4028 οὐχ
508 3956 823 4026 ἁρπαγμὸν
872 3952 1142 4022 ἡγήσατο
1173 3950 1240 4005 τὸ
1277 3945 1430 4004 εἶναι
1483 3946 1770 4031 ισα.Θεῷ.

201 4052 487 4109 Ἐντεῦθεν
513 4051 607 4104 1:01
637 4048 846 4108 Παῦλος
873 4048 902 4100 ὁ
927 4044 1277 4116 Σαμοσατεὺς
1309 4042 1471 4094 ἔπεσε
1501 4039 1593 4094 καὶ
1618 4038 1772 4108 Μάρ-

190 4143 381 4204 κελλος
413 4140 509 4192 1:01
532 4136 853 4197 Σαϐέλλιος⁸
893 4134 990 4186 Ἐν
1022 4129 1226 4200 μορφῇ
1269 4129 1400 4200 γὰρ,
1432 4130 1587 4197 φησὶ,
1627 4125 1774 4180 Θεοῦ

189 4231 502 4300 ὑπάρχων.
559 4228 623 4280 Εἰ
667 4229 724 4279 ἐν
763 4225 964 4295 μορφῇ,
1019 4221 1137 4283 πῶς
1181 4216 1274 4273 οὖν
1321 4219 1522 4287 λέγεις,
1562 4218 1643 4270 ὅτι
1669 4215 1776 4300 άπὸ

192 4298 437 4390 Μαρίας,
476 4309 520 4367 ὦ
555 4313 752 4384 μιαρὲ,
788 4311 1010 4382 ἤρξατο,
1054 4307 1150 4362 1:01
1185 4306 1291 4377 1:96
1328 4304 1519 4358 τούτου
1545 4304 1645 4356 οὑκ
1671 4298 1772 4372 ἦν;

192 4406 312 4469 πῶς
333 4406 389 4458 δέ
417 4403 600 4465 πάλιν,
626 4403 707 4454 ὅτι
732 4399 984 4470 ἐνέργεια
998 4393 1098 4469 ἧν;
1131 4397 1228 4448 Ἐν
1247 4391 1450 4464 μορφῇ
1476 4392 1586 4463 γάρ
1605 4390 1772 4456 Θεοῦ,

191 4495 348 4564 φησὶ,
392 4491 640 4562 μορφὴν
677 4489 901 4542 δούλου
940 4486 1179 4540 ἐλαϐεν.
1237 4481 1372 4535 Είπὲ
1418 4479 1526 4549 γάρ
1571 4495 1696 4564 μοι,
1741 4478 1773 4548 ή

197 4580 380 4651 μορφὴ
419 4578 514 4632 τοῦ
555 4575 743 4630 δούλου
791 4574 1042 4642 ἐνέργεια
1080 4569 1268 4624 δούλου
1307 4568 1487 4630 ἐστὶν,
1531 4565 1564 4634 ἢ
1616 4563 1774 4651 φύσις

193 4650 416 4731 δούλου;
444 4665 671 4725 Πάντως
699 4662 893 4734 δήπου,
921 4659 1102 4723 Φύσις,
1139 4659 1302 4729 ἐρεῖς,
1317 4654 1527 4708 δούλου.
1564 4650 1775 4706 Οὐκοῦν

195 4757 286 4807 καὶ
308 4755 344 4824 ή
378 4752 568 4823 μορφὴ
599 4747 750 4820 [255]
792 4747 888 4800 τοῦ
925 4746 1080 4811 Θεοῦ,
1107 4743 1242 4821 Θεοῦ
1296 4741 1490 4812 φύσιςο
1522 4741 1622 4793 οὐκ
1667 4739 1776 4809 ἄρα

196 4819 470 4913 ἐνέργεια.
507 4819 662 4890 λιδώ
715 4819 810 4889 καὶ
872 4835 900 4886 6
952 4819 1271 4902 Μάρκελλος
1315 4832 1344 4883 ὁ
1388 4829 1633 4898 Γαλάτης
1682 4828 1806 4882 1:01.

196 4929 504 5000 Σωφρόνιος
529 4925 623 4978 καὶ
649 4921 910 4985 Φωτεινὸς
943 4922 1263 4974 κατέπεσον.

263 5072 331 5142 β’.
373 5070 512 5124 Ἰδοὺ
538 5066 635 5121 1:01
667 5065 972 5127 Σαϐέλλιος.
1002 5065 1126 5132 Οὐχ
1153 5058 1774 5131 ἁρπαγμὸν-ἡγήσατο,

197 5162 350 5233 φησὶ,
378 5159 449 5214 τὸ
469 5155 624 5212 εἶναι
646 5157 752 5210 ισα
771 5155 913 5220 Θεῷ.
944 5157 1085 5208 Ἴσον
1117 5153 1175 5206 δέ
1208 5152 1302 5206 ἐπὶ
1335 5151 1453 5215 ἐνὸς
1479 5151 1540 5204 οὐ
1561 5151 1776 5218 λέγεται

198 5250 494 5320 προσώπου
523 5263 535 5277 ·
584 5245 646 5298 τὸ
685 5243 792 5314 γὰρ
826 5244 960 5306 ἴσον,
993 5240 1098 5294 τινί
1132 5241 1279 5293 ἐστιν
1321 5239 1458 5294 ἴσον.
1500 5238 1662 5309 Ὁρᾷς
1687 5237 1780 5291 δύο

201 5337 510 5410 προσώπων
578 5333 904 5392 ὑπόστασιν,
952 5330 1073 5400 οὐχὶ
1142 5329 1381 5399 ὀνόματα
1430 5326 1563 5396 ψιλά
1609 5327 1778 5397 χωρὶς

200 5425 544 5496 πραγμάτων
566 5421 835 5491 λεγόμενα
857 5438 870 5485 ;
894 5419 1128 5490 ἤκουσας
1143 5417 1240 5488 τὴν
1263 5415 1584 5487 προαιώνιον
1611 5413 1783 5486 ῦπαρ-

203 5514 278 5580 ξιν
300 5513 397 5566 τοῦ
430 5509 770 5579 Μονογενοῦς
792 5527 807 5574 ;
834 5507 994 5560 Ἀλλὰ
1021 5504 1195 5560 ταῦτα
1220 5506 1317 5575 μὲν
1351 5503 1488 5575 πρὸς
1513 5503 1777 5565 ἐκείνους·

201 5601 250 5654 τί
280 5598 372 5655 οὖν
410 5600 548 5671 πρὸς
569 5599 788 5669 Ἀρειον
809 5595 1058 5664 εἴποιμεν
1080 5593 1284 5660 λοιπὸν,
1303 5590 1393 5645 τὸν
1412 5591 1639 5660 λέγοντα
1660 5590 1780 5644 ἐτέ-

209 5707 301 5762 ρας
331 5687 472 5746 εἶναι
503 5689 691 5751 οὐσίας
717 5687 810 5740 τὸν
835 5685 990 5754 Υίόν;
1024 5685 1157 5740 Εἰπὲ
1183 5684 1259 5756 δή,
1277 5700 1387 5756 μοι,
1415 5682 1497 5751 τὸ,
1528 5680 1782 5752 Μορφὴν

269 5884 295 5918 ⁸
316 5886 512 5950 Supple
534 5885 609 5934 ὅτι
633 5896 748 5935 cum
767 5881 920 5934 Savil.

1057 442 1124 501 IN
1159 444 1386 505 EPIST.
1421 450 1513 504 AD
1550 451 1843 511 PHlLIPP.
1886 455 2039 512 CAP.
2083 457 2152 513 ll.
2189 457 2425 518 HUMIL.
2468 462 2552 517 Vl.

3335 469 3469 525 220'-

1865 566 2090 623 δούλου
2115 569 2312 635 ἔλαϐε,
2336 571 2390 623 τί
2425 575 2607 638 ἐστιν;
2643 571 2961 642 ⁸Ἄνθρωπος
2990 576 3224 645 ἐγένετο,
3256 588 3438 652 φησίν-

1865 659 2073 713 Οὑκοῦν
2100 661 2194 713 καὶ
2221 662 2279 713 ἐν
2305 665 2486 732 μορφῇ
2525 663 2658 716 Θεοῦ
2685 664 2965 734 ὑπάρχων,
2997 667 3129 733 Θεὸς
3165 665 3234 741 ἦν
3256 686 3271 703 ο
3310 690 3443 744 μορ-

1869 749 1943 820 φὴ
1963 751 2090 821 γὰρ,
2125 751 2222 804 καὶ
2253 753 2433 823 μορφὴ
2466 755 2664 806 κεῖται.
2687 756 2749 807 Εἰ
2771 755 2928 809 τοῦτο
2949 757 3167 828 ἀληθὲς,
3190 761 3436 816 κάκεῖνο.

1863 841 2029 896 Φύσει
2063 842 2367 914 ἄνθρωπος,
2400 845 2434 914 ή
2465 845 2646 915 μορφὴ
2676 846 2768 899 τοῦ
2809 847 2996 903 δούλου
3017 867 3030 881 ο
3062 851 3256 905 οὐκοῦν
3284 852 3449 922 φύσει

1865 931 2017 1002 Θεὸς,
2055 933 2150 986 1:01
2193 933 2227 1002 ἡ
2267 934 2447 1004 μορφὴ
2485 934 2579 988 τοῦ
2627 935 2783 990 Θεοῦ.
2843 939 2952 991 Καὶ
2979 939 3039 991 οὐ
3073 939 3229 993 τοῦτο
3261 943 3441 1010 μόνον,

1865 1017 2002 1071 ἀλλὰ
2048 1019 2141 1073 καὶ
2188 1020 2248 1072 τὸ
2291 1021 2407 1073 ῐσον
2449 1019 2600 1090 αὐτῷ
2640 1026 2928 1092 μαρτυρεῖ,
2981 1023 3170 1096 ὥσπερ
3212 1022 3306 1080 οῦν
3350 1029 3440 1082 1:01

1879 1107 2149 1174 Ἰωάννης,
2187 1110 2282 1164 1:01
2315 1112 2398 1164 6::
2432 1112 2584 1166 οὐδὲν
2615 1113 2856 1167 ἐλάττων
2889 1116 3006 1168 ἐστὶ
3052 1117 3146 1170 τοῦ
3190 1118 3403 1189 Πατρός
3423 1133 3440 1150 ⁰

1870 1201 1993 1269 Οὐχ
2021 1201 2337 1271 ἁρπαγμὸν
2361 1202 2654 1272 ἡγήσατο,
2695 1203 2846 1274 φησὶ,
2878 1206 2944 1258 τὸ
2977 1201 3130 1259 εἶναι
3159 1206 3264 1261 τσα
3299 1206 3444 1273 Θεῷ,

1878 1290 2040 1344 Ἀλλὰ
2071 1292 2156 1356 τίς
2185 1294 2214 1345 6
2250 1293 2412 1363 σοφὸς
2442 1293 2623 1347 αὑτῶν
2647 1294 2842 1363 λόγος;
2872 1295 2984 1348 K01
3013 1296 3122 1368 μὴν
3140 1298 3446 1355 τούναντίον

1867 1380 2128 1450 δείκνυσι,
2156 1384 2320 1455 φησίν
2343 1402 2357 1416 ο
2376 1381 2497 1438 εἷπε
2525 1387 2656 1457 γὰρ,
2679 1386 2761 1440 ὅτι
2785 1387 2842 1440 ἐν
2874 1390 3056 1458 μορφῇ
3091 1387 3226 1442 Θεοῦ
3265 1388 3446 1458 ὑπάρ-

1868 1487 2000 1541 χων,
2026 1474 2124 1544 οὐχ
2161 1475 2379 1545 ἥρπασε
2407 1475 2469 1528 τὸ
2514 1471 2651 1530 εἶναι
2698 1476 2786 1530 ἴσα
2831 1476 2950 1548 Θεῷ
2973 1496 2986 1508 ο
3024 1479 3121 1532 1:01
3168 1479 3277 1549 μὴν
3303 1481 3350 1533 εἱ
3377 1475 3447 1550 ἦν

1868 1564 2019 1629 Θεὸς,
2046 1565 2163 1629 πῶς
2199 1561 2345 1638 εἶχεν
2376 1568 2654 1637 άρπάσσις
2685 1568 2792 1622 K01
2811 1569 2926 1633 πῶς
2959 1571 3059 1624 οὐκ
3091 1571 3448 1642 άπερινόητον

1867 1654 2062 1721 τοῦτο;
2089 1655 2174 1719 τίς
2204 1658 2314 1728 γάρ
2344 1658 2411 1712 ἂν
2452 1659 2618 1726 εῐποι,
2662 1659 2744 1713 ὅτι
2786 1662 2815 1714 6
2846 1661 2994 1714 δεῖνα
3019 1660 3308 1732 ἄνθρωπος
3348 1660 3446 1726 ὢν,

1869 1747 1968 1818 οὐχ
1985 1748 2203 1817 ἥρπασε
2232 1749 2294 1802 τὸ
2317 1745 2457 1805 εἶναι
2479 1750 2805 1822 άνθρωπος;
2837 1752 2954 1816 πῶς
2981 1752 3092 1824 γάρ
3123 1753 3188 1807 ἄν
3209 1771 3292 1817 τις
3310 1753 3449 1825 ὅπερ

1871 1839 2020 1892 ἐστὶν
2048 1840 2386 1910 ἁρπάσειενς
2417 1841 2515 1906 Οὓ,
2539 1842 2700 1912 φησίν
2720 1859 2736 1874 ο
2771 1844 2886 1897 ἀλλ’
2908 1845 2990 1898 ὅτι
3020 1845 3150 1909 Θεὸς
3185 1845 3261 1900 ὢν
3289 1845 3447 1900 ἐλάτ-

1870 1945 2009 1994 των,
2051 1930 2150 2000 οὐχ
2184 1930 2401 2000 ἦρπασε
2437 1932 2499 1985 τὸ
2544 1928 2680 1987 εἶναι
2732 1933 2820 1987 ἴσα
2851 1933 2928 2004 τῷ
2963 1933 3084 2005 Θεῷ
3115 1934 3194 2006 τῷ
3229 1935 3450 2006 μεγάλῳ

1870 2019 1966 2074 1:01
1984 2020 2216 2088 μείζονι.
2243 2022 2354 2075 Καὶ
2391 2022 2586 2092 μικρὸς
2620 2023 2714 2076 1:01
2747 2025 2920 2094 μέγας
2955 2024 3089 2088 Θεὸς
3121 2025 3230 2092 ἐνις
3261 2027 3358 2082 1:01
3379 2027 3448 2081 τά

1881 2109 2169 2182 Ἑλληνικὰ
2189 2115 2301 2176 τοῖς
2321 2114 2418 2185 τῆς
2451 2113 2776 2186 Ἐκκλησίας
2799 2115 3062 2186 δόγμασιν
3089 2118 3448 2186 ἐπεισάγετε;

1868 2203 2062 2272 Μέγας
2101 2205 2202 2275 μὲν
2227 2205 2336 2277 γάρ
2363 2207 2456 2260 καὶ
2490 2208 2686 2279 μικρὸς
2719 2210 2851 2280 παρ’
2883 2210 3064 2274 αὐτοῖς
3093 2212 3245 2275 θεός*
3296 2214 3344 2264 εί
3392 2210 3449 2264 δὲ

1871 2295 1964 2347 1:01
1992 2297 2122 2366 1:09'
2150 2297 2298 2366 ὑμῖν,
2322 2298 2422 2350 οὐκ
2446 2293 2582 2354 οἶδα.
2613 2300 2772 2370 Παρὰ
2802 2299 2902 2370 μὲν
2923 2300 3032 2371 γὰρ
3055 2304 3174 2365 ταῖς
3205 2303 3452 2374 Γραφαῖς

1869 2385 2104 2455 οὐδαμοῦ
2129 2387 2405 2456 εὑρήσεις,
2441 2387 2577 2440 ἀλλὰ
2604 2391 2778 2458 μέγαν
2804 2389 2904 2459 μὲν
2927 2392 3222 2460 πανταχοῦ,
3256 2392 3451 2462 μικρὸν

1869 2476 1926 2529 δὲ
1955 2477 2208 2546 οὐδαμοῦ.
2238 2479 2300 2530 El
2334 2479 2442 2548 γὰρ
2474 2480 2688 2549 μικρὸς,
2729 2479 2845 2543 πῶς
2883 2479 2976 2533 1:01
3015 2481 3188 2548 656;;
3244 2483 3307 2535 Εἰ
3356 2501 3450 2552 μι-

1871 2563 2002 2636 κρὸς
2028 2564 2128 2617 οὑκ
2149 2563 2296 2618 ἐστιν
2323 2566 2612 2636 ἄνθρωπος
2634 2568 2728 2620 1:01
2759 2567 2951 2638 μέγας,
2979 2567 3114 2622 ἀλλὰ
3143 2569 3241 2639 μία
3267 2569 3449 2638 φύσις,

1870 2657 1966 2708 1:01
2002 2655 2056 2708 εί
2097 2674 2151 2709 τι
2185 2657 2286 2710 οὐκ
2322 2656 2438 2710 ἐστι
2486 2658 2585 2722 τῆς
2627 2658 2840 2728 φύσεως
2892 2659 3095 2731 ταύτης
3144 2661 3308 2730 μιᾶς,
3351 2661 3453 2714 οὐκ

1870 2749 2181 2820 ἄνθρωπος,
2217 2748 2335 2812 πιῖις
2367 2749 2434 2802 ἂν
2461 2749 2544 2820 εἴη
2598 2750 2791 2822 μικρὸς
2819 2750 2950 2814 Θεὸς
2985 2751 3080 2804 καὶ
3122 2751 3294 2821 μέγας
3319 2753 3348 2804 6
3377 2750 3453 2822 μὴ

1870 2839 1948 2893 ὣν
1971 2840 2188 2912 ἐκείνης
2209 2840 2309 2910 τῆς
2339 2839 2555 2909 φύσεως
2578 2859 2592 2906 ;
2626 2841 2686 2894 '0
2714 2841 2911 2912 μικρὸς
2931 2840 3027 2906 ὢν,
3047 2842 3108 2895 οὑ
3137 2841 3267 2904 Θεός
3287 2857 3300 2873 ο
3325 2857 3455 2895 παν-

1869 2931 2036 3003 ταχοῦ
2065 2934 2174 3003 γάρ
2221 2933 2400 3002 μέγας
2439 2932 2656 3000 λέγεται
2693 2933 2844 3004 παρὰ
2881 2935 2948 3003 τῇ
2995 2933 3185 3002 Γραφῇ
3206 2950 3219 2965 ο
3256 2932 3454 3001 Μέγας

1870 3023 2106 3089 Κύριος,
2131 3022 2295 3092 φησὶν
2323 3023 2352 3075 6
2380 3021 2566 3087 Δαυῒδ,
2609 3022 2708 3076 καὶ
2745 3022 2979 3088 atram);
3019 3020 3276 3091 σφόδρα.
3323 3021 3453 3075 ’1δοὺ

1872 3114 1968 3167 καλ⁵
1997 3113 2126 3184 περὶ
2156 3111 2250 3166 τοῦ
2276 3112 2407 3166 Υἱοῦ
2428 3130 2442 3145 ⁸
2479 3112 2754 3184 πανταχοῦ
2790 3112 2899 3184 γὰρ
2926 3113 3130 3185 Κύριον
3165 3112 3327 3167 αὑτὸν
3353 3129 3457 3165 κα-

1871 3201 1954 3257 λεῖ
1975 3220 1986 3233 ’
2021 3204 2120 3256 1:01
2147 3204 2304 3259 πάλιν
2323 3245 2338 3268 ,
2365 3203 2566 3274 Μέγας
2588 3205 2645 3258 εἷ
2661 3205 2765 3270 σὺ,
2792 3204 2891 3260 καί
2914 3203 3102 3259 ποιῶν
3123 3203 3450 3273 θαυμάσια·

1871 3295 1953 3350 σὺ
1975 3296 2030 3350 εί
2050 3299 2084 3350 ὁ
2119 3296 2264 3362 Θεὸς
2289 3295 2477 3366 μόνος
2497 3313 2510 3327 ·
2541 3297 2636 3350 καὶ
2684 3296 2849 3351 πάλιν
2869 3336 2883 3361 ,
2916 3296 3114 3368 Μέγας
3160 3299 3193 3350 ὀ
3240 3297 3457 3364 Κύριος

1873 3387 2061 3456 ἡμῶν,
2091 3388 2190 3443 καὶ
2215 3388 2447 3458 μεγάλη
2475 3389 2513 3457 ὴ
2549 3389 2729 3458 ἰσχὺς
2757 3389 2966 3455 αὑτοῦ,
3015 3388 3113 3442 καὶ
3138 3386 3245 3455 τῆς
3269 3405 3454 3458 μεγα-

1872 3480 2156 3546 λωσύνης
2177 3478 2362 3532 αὐτοῦ
2385 3481 2496 3532 οὐκ
2526 3479 2658 3532 ἐστι
2687 3478 2892 3547 πέρας.
2931 3479 3093 3531 Ἀλλά
3120 3478 3296 3531 ταῦτα
3324 3478 3458 3547 περὶ

1874 3569 1966 3622 τοῦ
2000 3571 2241 3640 Πατρός·
2271 3571 2300 3622 6
2321 3570 2376 3622 δὲ
2406 3570 2553 3633 Υἱὸς,
2590 3571 2744 3640 φησὶ,
2770 3569 2988 3641 μικρός.
3025 3571 3187 3623 Ἀλλά
3208 3572 3270 3622 σὺ
3295 3570 3454 3623 τοῦτο

1873 3661 2052 3730 λέγεις
2077 3677 2089 3690 ·
2122 3661 2230 3732 ήδέ
2259 3662 2451 3733 Γραφὴ
2473 3661 2782 3716 τούναντίον
2804 3678 2818 3692 ⁸
2843 3661 3029 3732 ὥσπερ
3060 3662 3189 3731 περὶ
3220 3660 3312 3713 τοῦ
3343 3663 3456 3714 [Ia-

1873 3754 2021 3824 τρὸς,
2071 3753 2212 3807 οὕτω
2245 3756 2340 3806 1:01
2387 3755 2514 3825 περὶ
2561 3753 2656 3808 τοῦ
2693 3753 2822 3808 Υἱοῦ
2873 3770 3061 3823 φησιν.
3107 3754 3304 3806 ’Λκουε
3345 3751 3456 3824 γάρ

1876 3846 2092 3900 Παύλου
2131 3847 2382 3916 λέγοντος
2408 3887 2422 3910 ,
2474 3846 2951 3915 Προσδεκόμενοι
3002 3845 3118 3911 τὴν
3154 3844 3459 3913 μακαρίαν

1874 3937 2092 3993 ἐλπίδα
2137 3938 2233 3992 καί
2277 3937 2634 4007 ἐπιφάνειαν
2680 3938 2789 4006 τῆς
2827 3937 3012 4004 δόξης
3059 3936 3166 3990 τοῦ
3187 3935 3456 4005 μεγάλου

1880 4030 2051 4086 Θεοῦ.
2105 4032 2243 4085 Ἀλλ’
2278 4028 2388 4103 ἆρα
2438 4031 2514 4103 μὴ
2567 4032 2696 4102 1:591
2742 4030 2836 4084 τοῦ
2884 4031 3097 4102 Πατρὸς
3135 4029 3457 4098 ἐπιφάνειαν

1877 4120 2067 4189 εἷπεν;
2101 4124 2221 4176 ’Ίνα
2265 4124 2320 4176 δέ
2349 4124 2444 4177 1:01
2495 4124 2698 4194 μᾶλλον
2747 4123 2891 4193 ὑμᾶς
2932 4120 3145 4193 ἐλέγξῃ,
3186 4121 3327 4174 κατὰ
3357 4119 3456 4191 τὴν

1883 4215 2208 4284 ἐπιφάνειαν
2251 4215 2345 4268 τοῦ
2401 4215 2637 4285 μεγάλου
2689 4212 2826 4266 Θεοῦ
2885 4212 3035 4284 [256]
3096 4211 3454 4282 προσέθηκεν.

1881 4309 2021 4377 ’Λρα
2053 4303 2145 4359 οὖν
2176 4307 2250 4378 μὴ
2279 4305 2523 4377 περὶτοῦ
2557 4304 2769 4376 Πατρὸς
2800 4305 3051 4374 εἴρηται;
3088 4303 3383 4370 Οὐδαμῶς·
3419 4302 3456 4374 ἡ

1877 4401 1986 4469 γὰρ
2016 4400 2278 4468 ἐπαγωγὴ
2315 4400 2414 4451 οὐκ
2461 4397 2692 4467 ἀφίησι,
2739 4395 3008 4463 λέγουσα,
3047 4393 3152 4446 Καὶ
3187 4392 3301 4459 τὴν
3333 4393 3459 4444 ἐπι-

1878 4488 2132 4558 φάνειαν
2170 4489 2275 4542 τοῦ
2312 4487 2579 4556 μεγάλου
2625 4485 2772 4539 Θεοῦ
2799 4523 2814 4548 ,
2850 4483 2948 4534 καὶ
2987 4481 3253 4548 Σωτῆρος
3289 4477 3464 4548 ἡμῶν

1891 4577 2084 4646 Ἰησοῦ
2130 4576 2408 4645 Χριστοῦ.
2466 4575 2596 4628 ’1δού
2632 4573 2727 4626 1:01
2768 4574 2796 4625 6
2824 4570 2949 4634 Υἱὸς
2985 4569 3176 4640 μέγας.
3207 4567 3330 4630 Πῶς
3363 4562 3463 4620 οὖν-

1877 4671 2056 4741 λέγεις
2089 4669 2307 4742 μικρὸν,
2333 4667 2428 4721 καὶ
2466 4666 2679 4736 μέγαν;
2711 4667 2908 4718 Ἀκουε
2936 4661 3031 4717 1:01
3057 4660 3454 4731 τοῦπροφήτου

1877 4765 2125 4834 λέγοντος
2154 4761 2314 4815 αὑτὸν
2343 4759 2586 4830 μεγάλης
2612 4756 2805 4827 βουλῆς
2831 4754 3189 4824 ἈγγελονιὈ
3215 4752 3462 4823 μεγάλης

1881 4855 2074 4927 βουλῆς
2096 4852 2360 4920 Ἀγγελος
2379 4850 2441 4903 οὐ
2469 4849 2674 4920 μέγας;
2701 4849 2731 4900 6
2762 4845 2979 4917 ἰσχυρὸς
3011 4843 3141 4907 Θεὸς
3169 4843 3232 4894 οὐ
3262 4842 3463 4913 μέγας,

1879 4946 2014 5000 ἀλλὰ
2049 4944 2282 5014 μικρός;
2326 4941 2392 4994 Τί
2433 4936 2524 4996 οὖν
2555 4955 2721 5008 φασιν
2763 4938 2814 4990 οἱ
2845 4935 3187 5005 ἀναίσχυντοι
3217 4933 3312 4986 1:01
3340 4935 3456 4985 ἰτα-

1883 5037 1994 5107 μοὶ,
2023 5036 2105 5088 ὅτι
2147 5032 2338 5104 μικρὸς
2371 5029 2446 5084 ὢν
2481 5029 2612 5093 Θεός
2634 5027 2819 5095 ιλέγω
2859 5025 2896 5080 ἃ
2920 5025 3141 5093 λέγουσι
3174 5022 3458 5084 πολλάκις,

1881 5127 1968 5180 ἵνα
1992 5124 2190 5197 μᾶλλον
2222 5122 2420 5184 αὐτοὺς
2463 5120 2673 5190 φύγητε
2697 5134 2709 5146 ·
2746 5116 2940 5188 μικρὸς
2967 5113 3064 5179 ὢν,
3111 5113 3265 5183 φησὶ,
3300 5111 3464 5175 Θεὸς..

1880 5220 1978 5291 οὐχ
2011 5219 2229 5288 ἥρπασε
2259 5213 2319 5266 τὸ
2349 5208 2487 5268 εἶναι
2525 5208 2668 5265 κατὰ
2699 5208 2788 5261 τὸν
2820 5205 3016 5277 μέγαν.
3048 5203 3114 5256 Τί
3147 5203 3254 5273 γὰρ
3279 5242 3293 5265 ,
3330 5201 3454 5254 εἰπέ

1885 5331 1974 5385 μοι
2019 5309 2175 5381 (ἀλλὰ
2214 5306 2300 5379 μὴ,
2340 5305 2597 5375 νομίσητε
2633 5301 2788 5374 ἡμῶν
2823 5293 2964 5350 εἶναι
2991 5295 3059 5348 τὰ
3089 5293 3330 5365 ῥήματα)
3358 5311 3374 5360 ;
3407 5295 3456 5346 εί

1885 5403 2075 5477 μικρὸς
2099 5398 2166 5473 ἦν
2201 5399 2319 5452 κατ’
2346 5395 2679 5462 αὑτοὺς,,καὶ
2711 5390 2846 5444 πολὺ
2873 5390 2970 5458 τῆς
3004 5387 3285 5477 δυνάμεως
3317 5385 3455 5477 01:0-

1881 5474 2014 5551 δέων
2050 5495 2152 5560 τῆς
2184 5491 2276 5545 τοῦ
2310 5489 2542 5560 Πατρὸς,
2574 5485 2690 5548 πῶς
2719 5484 2786 5536 ἂν
2831 5479 3070 5550 ἠδυνήθη
3107 5475 3352 5546 ἁρπάσαι
3398 5474 3459 5528 τὸ

1883 5585 2020 5641 εἶναι
2053 5585 2143 5638 ἴσα
2181 5579 2336 5648 Θεῷ;
2374 5581 2532 5649 φύσει
2571 5574 2682 5646 γάρ
2730 5571 2966 5624 ἐλάττων
2999 5568 3100 5621 οὐκ
3137 5566 3202 5620 ἂν
3243 5563 3461 5617 δύναιτο

1883 5679 2129 5751 ἁρπάσαι
2149 5675 2210 5729 τὸ
2236 5669 2375 5727 εἶναι
2407 5672 2557 5740 ἐν.τῇ
2585 5665 2792 5738 μεγάλῃ
2813 5679 2826 5692 °
2851 5657 2964 5714 οἷον
2986 5662 3014 5712 ὁ
3044 5657 3328 5751 άνθρωπος
3355 5654 3456 5751 οὐκ

1883 5745 1949 5827 ἂν
1968 5771 2184 5824 δύναιτο
2221 5766 2467 5838 ἁρπάσαι
2503 5761 2565 5813 τὸ
2602 5754 2742 5812 εἶναι
2787 5755 2903 5817 ἴσος
2924 5750 3141 5822 ἀγγέλῳ
3188 5746 3328 5802 κατά
3355 5745 3454 5818 τὴν

1887 5862 2072 5933 φύσιν·
2103 5861 2132 5914 6
2159 5859 2323 5920 ἵππος
2340 5856 2441 5910 οὐκ
2470 5853 2538 5907 ἂν
2563 5849 2778 5905 δύναιτο
2806 5840 3199 5918 ἁρπάσαιικᾶν
3223 5838 3379 5915 θέλῃἓ
3393 5839 3464 5896 τὸ.
