3878 6506
166 454 258 510 2'21

166 577 307 639 pant,
333 562 474 637 quod
507 570 650 619 esset
678 574 873 630 parvus
903 559 1081 613 Deus?
1109 558 1265 627 Saepe
1310 557 1519 612 illorum
1569 555 1732 610 verba

162 660 344 724 atfero,
377 672 433 711 ut
463 656 627 725 magis
656 654 726 708 ah
756 654 858 709 illis
888 652 1162 722 refugiatis
1191 670 1205 705 :
1238 649 1371 705 Cum
1398 664 1619 720 parvus,
1652 648 1733 703 itt-

162 751 364 820 quiunt,
396 758 540 803 esset
573 746 734 811 Deus,
767 759 873 799 non
901 744 1004 798 hoc
1031 742 1225 811 rapuit,
1259 751 1319 796 ut
1344 741 1590 798 eumdem
1612 755 1735 811 gra-

160 846 280 900 dum
322 855 445 897 cum
490 852 683 907 magno
720 836 1008 891 obtineret.
1060 832 1198 901 Quid
1245 833 1386 886 enim
1414 873 1429 899 ,
1472 831 1560 885 dic
1602 831 1733 886 mihi

161 934 434 1005 (verumne
472 929 666 999 putetis
697 928 810 981 lucc
838 934 1017 979 nostra
1042 938 1163 979 esse
1190 922 1373 993 verba)
1399 964 1414 989 ,
1439 924 1483 977 si
1512 923 1581 978 de
1612 924 1732 977 illo-

159 1040 271 1079 rum
297 1020 561 1077 sententia
594 1033 788 1087 parvus
812 1026 948 1081 erat,
979 1027 1032 1070 et
1060 1024 1278 1084 paterna
1310 1013 1548 1083 potentia
1575 1012 1734 1083 longe

158 1116 404 1179 inferior;
436 1111 706 1183 quomodo
736 1110 837 1164 hoc
864 1124 1114 1179 umquam
1147 1122 1336 1178 rapere
1368 1108 1648 1177 potuisset,
1675 1119 1735 1163 ut

158 1205 499 1277 Deoaiqualis
524 1203 703 1259 esset?
745 1212 932 1257 natura
961 1202 1103 1255 enim
1146 1200 1321 1254 minor
1363 1214 1470 1253 non
1502 1199 1605 1254 hoc
1640 1215 1732 1253 ra-

156 1315 279 1370 pere
308 1306 468 1367 queat
490 1337 505 1360 ,
548 1304 607 1350 ut
645 1293 835 1349 evadat
864 1293 916 1346 in
961 1305 1204 1359 magnam
1240 1290 1731 1359 :quemadmodum

156 1392 316 1446 homo
348 1403 634 1457 numquam
658 1389 760 1441 hoc
787 1399 976 1455 rapere
1000 1394 1182 1453 queat,
1217 1393 1270 1437 ut
1298 1384 1489 1452 angelo
1513 1384 1732 1453 :equalis

153 1486 220 1539 sit
268 1481 561 1537 secundum
607 1489 895 1541 naturam;
945 1490 1120 1544 neque
1165 1489 1339 1543 equus
1390 1474 1489 1528 hoc
1542 1489 1734 1543 rapere

150 1586 306 1646 queat
331 1615 346 1637 ,
369 1573 576 1629 etiamsi
607 1573 753 1637 velit,
786 1580 844 1625 ut
869 1570 1071 1624 homini
1097 1569 1319 1639 aequalis
1344 1569 1415 1623 sit
1435 1568 1729 1623 secundum

151 1677 414 1722 naturam.
446 1665 553 1720 Sed
594 1665 697 1718 hoc
735 1664 957 1728 omisso,
992 1662 1117 1717 illud
1147 1664 1308 1717 etiam
1350 1662 1545 1717 dicam.
1591 1662 1729 1728 Quid

150 1758 249 1813 hoc
276 1758 523 1826 exemplo
567 1755 785 1810 molitur
813 1754 1046 1808 Paulus?
1072 1754 1324 1819 Omnino,
1357 1754 1727 1823 respondebis,

149 1859 205 1903 ut
226 1848 596 1918 Philippenses
624 1846 690 1901 ad
717 1845 1074 1901 humilitatem
1118 1844 1368 1899 adducat.
1413 1844 1521 1899 Cur
1548 1845 1733 1915 igitur,

146 1942 233 1997 dic
255 1941 406 2007 mihi,
440 1939 545 1995 hoc
588 1939 643 1994 in
686 1938 922 1993 medium
949 1938 1210 2006 protulit?
1239 1952 1399 1992 nemo
1428 1939 1569 1992 enim
1592 1979 1607 2003 ,
1640 1940 1728 2008 qui

146 2034 211 2087 ad
235 2032 592 2086 humilitatem
612 2029 883 2085 cohortari
914 2030 1063 2093 velit,
1093 2028 1162 2083 ita
1194 2029 1449 2098 loquitur.
1473 2029 1604 2083 Esto
1632 2030 1731 2082 lm-

147 2123 305 2185 ntilis,
338 2137 401 2177 ac
431 2121 608 2175 minus
655 2118 935 2189 magniﬁce
985 2118 1053 2173 de
1100 2128 1151 2174 te
1191 2120 1428 2183 sentias,
1471 2134 1634 2190 quam
1662 2119 1731 2174 de

146 2215 438 2284 arqualilius
463 2214 608 2267 tuis:
642 2228 763 2265 nam
808 2220 861 2266 et
903 2210 994 2266 ille
1020 2224 1142 2265 cum
1170 2225 1361 2265 servus
1404 2220 1585 2277 esset,
1621 2225 1728 2264 non

145 2306 434 2360 insurrexit
462 2304 717 2358 adversus
750 2302 1071 2366 Dominum;
1114 2300 1262 2355 illum
1294 2301 1455 2371 igitur
1493 2302 1726 2356 imitare.

143 2399 302 2468 Atqui
346 2399 447 2450 hoc
478 2412 583 2450 non
614 2394 929 2449 humilitatis
972 2403 1089 2458 est,
1122 2392 1217 2447 sed
1260 2393 1601 2463 arrogantiae.
1643 2394 1730 2447 Di-

143 2493 275 2546 scite
300 2489 425 2559 quid
454 2490 521 2543 sit
546 2487 813 2542 humilitas
841 2486 1064 2555 vos,qui
1095 2494 1357 2540 tumorem
1388 2484 1594 2540 habetis
1616 2484 1730 2538 dia-

143 2582 396 2637 bolieum.
428 2580 566 2648 Quid
597 2580 755 2649 igitur
781 2577 1054 2631 humilitas
1084 2577 1204 2632 est?
1228 2575 1459 2631 lluntilia
1486 2577 1723 2631 sentire:

144 2674 366 2728 humilia
390 2684 567 2726 autem
595 2670 754 2724 sentit
784 2709 799 2733 ,
828 2683 931 2723 non
960 2669 1048 2737 qui
1074 2684 1139 2723 ex
1171 2668 1490 2722 necessitate
1514 2678 1596 2722 est
1625 2666 1727 2720 hu-

143 2767 304 2832 milis,
337 2764 431 2819 sed
461 2763 550 2833 qui
575 2763 807 2831 seipsum
829 2760 1090 2815 bumiliat.
1118 2760 1337 2814 Planius
1369 2760 1418 2813 id
1440 2774 1726 2829 exponam,

142 2875 238 2914 vos
262 2870 444 2912 autem
466 2855 742 2911 attendite.
767 2854 1011 2921 Quicum
1030 2853 1276 2908 sublimia
1303 2853 1502 2908 sentire
1525 2862 1726 2922 posset,

143 2950 422 3004 humiliter
451 2960 628 3001 tamen
652 2947 850 3009 sentit,
886 2945 975 2999 hic
1002 2945 1181 2998 animo
1207 2943 1423 2997 humilis
1450 2953 1533 2998 est
1563 2960 1577 2997 :
1606 2944 1717 3012 qui]

141 3057 371 3113 cumque
399 3055 529 3095 vero
559 3038 757 3093 idcirco
783 3036 1059 3091 humiliter
1088 3035 1249 3089 sentit
1271 3076 1286 3101 ,
1318 3035 1569 3105 quoniam
1610 3050 1729 3088 ma-

140 3134 336 3204 gniﬁce
364 3150 467 3188 non
497 3141 672 3202 potest
695 3173 712 3198 ,
745 3131 791 3185 is
819 3129 1060 3200 profecto
1088 3128 1305 3183 humilis
1332 3144 1440 3183 non
1476 3137 1580 3183 est.
1626 3128 1724 3183 lmv

140 3237 381 3299 perator,
414 3225 643 3295 exempli
662 3238 844 3291 causa,
873 3226 917 3278 si
939 3222 1112 3293 legato
1142 3236 1202 3277 se
1219 3222 1490 3291 subjiciat,
1514 3221 1729 3277 humilis

140 3321 323 3375 animo
348 3319 721 3389 est,quoniam
754 3317 822 3371 de
847 3316 1059 3371 sublimi
1093 3315 1187 3370 illo
1212 3315 1379 3386 gradu
1403 3314 1686 3370 descendit
1713 3333 1725 3369 :

139 3413 282 3483 quod
313 3413 360 3466 si
403 3412 543 3466 idem
576 3412 780 3479 legatus
810 3408 972 3463 faciat
994 3450 1009 3475 ,
1050 3423 1156 3462 non
1196 3407 1317 3461 ideo
1348 3407 1563 3462 humilis
1609 3416 1727 3473 est;

139 3504 413 3576 quomodo
443 3502 622 3558 enim?
654 3516 775 3554 nam
798 3516 903 3554 non
931 3515 990 3555 se
1017 3498 1131 3568 ipse
1150 3499 1219 3553 de
1239 3498 1535 3552 sublitniori
1563 3497 1731 3568 gradu

138 3596 382 3651 demisit.
407 3594 638 3648 Omnino
663 3592 851 3646 humili
882 3592 967 3645 isti
994 3591 1176 3645 sensui
1206 3592 1353 3644 locus
1382 3605 1490 3644 nou
1517 3598 1617 3654 est,
1642 3588 1730 3643 ubi

140 3697 385 3759 potestas
407 3704 512 3741 non
538 3686 711 3741 adest.
744 3683 875 3739 Nam
905 3685 949 3738 si
977 3684 1097 3753 quis
1131 3683 1290 3737 etiam
1322 3684 1520 3737 invitus
1546 3696 1732 3738 neces-

138 3781 284 3835 sario
317 3777 649 3842 humiliatur,
676 3777 786 3846 jam
819 3777 919 3831 hoc
943 3785 1147 3831 rectum
1182 3774 1377 3829 factum
1404 3791 1508 3830 non
1538 3776 1731 3831 interni

140 3871 311 3939 ipsius
360 3885 554 3925 sensus
597 3884 659 3923 ac
704 3869 992 3923 voluntatis
1043 3876 1153 3931 est,
1203 3867 1297 3922 sed
1348 3868 1729 3922 necessitatis:

139 3968 538 4033 ταπεινορροσὺνη
587 3970 786 4022 autem,
814 3962 927 4015 sive
975 3958 1286 4023 humilitas,
1339 3960 1462 4014 inde
1512 3960 1729 4030 dicitur,

139 4056 284 4125 quod
327 4058 400 4109 sit
427 4056 620 4108 interni
646 4068 839 4108 sensus
864 4053 1162 4107 humiliatio
1188 4068 1250 4106 ac
1278 4053 1551 4108 demissio.

209 4149 265 4202 5.
307 4148 403 4200 Dic
430 4146 596 4211 mihi,
640 4145 687 4199 si
736 4145 855 4215 quis
895 4144 982 4199 cui
1036 4153 1276 4213 potestas
1315 4144 1455 4198 desit
1492 4142 1734 4213 rapiendi

140 4240 339 4301 aliena,
367 4220 653 4292 seseintra
683 4251 899 4290 suurutn
930 4251 1109 4289 rerum
1142 4236 1535 4304 possessionem
1563 4235 1738 4289 conti-

142 4344 286 4397 neat,
312 4331 457 4385 hunc
473 4329 693 4399 justitia:
713 4331 931 4384 nomine
952 4328 1320 4383 laudabimus?
1337 4328 1584 4383 Minime:
1610 4329 1735 4397 quid

142 4425 259 4477 ita?
301 4423 571 4490 Quoniam
602 4423 916 4487 necessitas,
945 4439 1011 4476 ue
1037 4422 1240 4475 laudari
1271 4423 1517 4477 voluntas
1545 4432 1733 4492 queat,

143 4516 541 4585 impedimento
561 4524 663 4571 est.
700 4515 793 4569 Dic
816 4514 1189 4584 mihi.siquis,
1212 4530 1333 4568 cum
1368 4516 1647 4586 tyrannide
1675 4530 1739 4571 ac

144 4624 313 4676 regno
339 4608 495 4676 potiri
521 4615 767 4676 nequeat,
791 4605 1027 4676 privatus
1048 4606 1323 4673 manserit,
1356 4606 1566 4662 huncne
1607 4618 1741 4661 tam-

140 4716 304 4770 quam
331 4701 424 4754 otii
448 4699 740 4753 studiosum
762 4698 1128 4753 laudabimus?
1146 4698 1380 4754 Minime.
1402 4698 1542 4770 Ergo
1565 4714 1740 4768 neque

144 4792 247 4846 hoc
278 4793 445 4845 etiam
469 4792 609 4845 loco.
638 4790 777 4844 Laus
803 4791 969 4855 enim,
997 4805 1032 4843 o
1059 4790 1331 4845 hominum
1364 4791 1737 4859 indoctissimi,

142 4899 249 4939 non
281 4884 337 4937 in
368 4898 438 4937 eo
466 4894 712 4937 versatur
732 4924 745 4946 ,
779 4881 918 4953 quod
948 4883 1015 4936 ab
1038 4883 1155 4935 istis
1182 4883 1340 4937 rebus
1369 4884 1702 4937 abstineatur
1723 4924 1738 4949 ,

140 4977 236 5031 sed
266 4978 318 5029 in
354 4977 511 5030 bonis
536 4976 727 5030 ofﬁciis
751 4974 1030 5030 obeundis.
1051 4974 1182 5027 Nam
1215 4974 1341 5029 illud
1361 4975 1572 5045 quidem
1604 4978 1739 5031 ritu-

145 5068 448 5138 perationis
478 5083 669 5137 expers
696 5077 800 5133 est,
829 5068 922 5123 sed
949 5084 1052 5122 non
1084 5084 1149 5122 eo
1182 5071 1422 5137 pervenit
1450 5079 1507 5123 ut
1529 5071 1740 5125 laudem

143 5170 511 5231 assequatur;
546 5162 646 5214 hoc
687 5171 866 5216 autem
911 5160 1173 5215 encomiis
1211 5161 1426 5231 dignum
1476 5174 1577 5217 est.
1606 5162 1741 5217 Vide

144 5268 277 5322 etgo
317 5253 595 5306 Christum
650 5251 752 5307 hoc
796 5252 956 5307 modo
1004 5252 1347 5316 laudantem,
1407 5268 1529 5307 cum
1576 5256 1738 5308 dicit:

151 5345 359 5411 Venite,
397 5346 645 5400 benedicti
673 5344 847 5400 Patris
877 5347 974 5399 τιιεὶ
998 5387 1013 5409 ,
1060 5346 1308 5415 possidete
1337 5357 1569 5415 paratum
1608 5349 1743 5401 vobis

141 5457 367 5511 regnum
408 5457 439 5491 a
482 5440 838 5494 constitutione
867 5440 1045 5493 mandi
1080 5454 1100 5494 :
1139 5440 1323 5493 ssuriui
1353 5441 1485 5493 enim
1507 5482 1520 5506 ,
1557 5450 1602 5493 et
1649 5443 1742 5493 de-

142 5536 295 5588 distis
326 5534 457 5586 mihi
496 5534 847 5598 manducare;
888 5533 1022 5587 sitivi
1042 5572 1057 5599 ,
1088 5541 1137 5586 et
1166 5532 1374 5586 dedistis
1414 5533 1537 5585 nti/ti
1583 5532 1745 5587 bibere

144 5626 373 5690 (Matth.
396 5624 487 5680 25.
518 5626 608 5679 54.
638 5625 753 5692 55).
780 5624 897 5680 Non
924 5624 1077 5687 dixit,
1113 5624 1363 5694 quoniam
1391 5625 1551 5678 alieni
1576 5639 1744 5693 appe-

143 5732 327 5775 tentes
359 5735 467 5774 non
495 5717 669 5773 fuistis
689 5760 705 5785 ,
737 5733 909 5788 neque
933 5757 949 5783 ,
981 5716 1247 5783 Quoniam
1298 5731 1403 5771 non
1447 5717 1740 5787 rapuistis;

143 5814 284 5868 levia
313 5813 467 5868 enim
498 5810 613 5865 lucc
639 5827 655 5876 ;
685 5809 802 5877 sed,
832 5808 1095 5875 Quoniam
1132 5808 1459 5864 esurientem
1490 5822 1578 5864 me
1605 5808 1745 5861 vidi.

139 5910 239 5963 stis
260 5949 274 5974 ,
310 5916 372 5962 et
396 5905 623 5961 aluistis.
658 5907 734 5961 Ac
762 5920 891 5961 sane
919 5902 1040 5978 quis
1065 5916 1317 5971 umquam
1344 5902 1448 5959 hoc
1475 5904 1633 5960 modo
1661 5902 1745 5958 vel

1041 443 1105 500 IN
1145 444 1360 500 EPIST.
1401 444 1494 500 AD
1531 442 1817 499 PUILlPP.
1860 443 2013 501 CAP.
2055 448 2120 503 Il.
2162 449 2391 507 HOMIL.
2434 453 2521 508 Vl.

3320 458 3429 514 222

1852 559 2074 621 amicos,
2103 563 2185 617 vel
2209 564 2453 621 inimicos
2484 566 2715 623 laudavit
2736 571 2757 624 2
2776 586 2947 640 neque
2970 573 3142 641 ipsum
3172 574 3417 632 Paulum.

1843 650 1983 717 Quid
2024 653 2147 709 dico
2188 656 2455 712 Paulum?
2487 676 2555 716 ne
2594 663 2868 732 vulgarem
2898 666 3115 736 quidem
3147 668 3423 727 hominem

1845 744 2129 814 quisquam
2164 748 2233 802 its
2265 750 2526 817 laudavit,
2557 763 2615 808 ut
2645 763 2701 809 tu
2723 756 2992 813 Christum
3027 761 3246 829 laudas,
3278 766 3420 833 quod

1841 833 1943 888 sibi
1971 852 2077 890 non
2102 843 2511 897 convenientem
2537 847 2897 916 principatum
2921 865 3027 904 non
3055 856 3414 923 usurpaverit.

1842 925 1987 1017 Talia
2028 931 2173 985 enim
2200 932 2455 990 admirari
2502 937 2632 992 nihil
2683 939 2824 993 aliud
2875 951 2995 1007 est,
3026 958 3187 1013 quam
3215 961 3423 1017 magna:

1840 1016 2199 1087 improbitatis
2223 1026 2586 1083 testimonium
2617 1029 2765 1085 dare.
2796 1032 3124 1099 Quomodo?
3152 1016 3417 1104 Quoniam

1840 1106 2100 1178 improbis
2128 1113 2435 1173 hominibus
2485 1119 2536 1173 id
2564 1121 2707 1176 laudi
2737 1124 2874 1177 solet
2902 1124 3021 1177 dari
3046 1166 3061 1190 ,
3092 1129 3248 1195 quale
3288 1128 3421 1184 illud

1839 1211 1942 1268 est,
1974 1202 2075 1267 Qui
2125 1208 2392 1276 [urebatur
2418 1211 2533 1279 jam
2576 1229 2677 1266 non
2718 1216 2959 1285 μιγεῖσαι(
2996 1217 3129 1287 Epit.
3164 1220 3218 1274 4.
3250 1220 3320 1276 28
3352 1222 3372 1292 )
3405 1242 3419 1277 :

1839 1304 1995 1348 aecus
2023 1305 2202 1351 autem
2237 1301 2288 1353 in
2322 1302 2476 1356 bonis
2504 1300 2633 1359 viris
2664 1320 2677 1359 :
2711 1320 2816 1358 non
2844 1307 2986 1360 enim
3027 1310 3117 1378 qui
3152 1312 3420 1382 principa-

1840 1393 1953 1440 tum
1983 1388 2050 1443 ad
2080 1404 2139 1443 se
2170 1393 2389 1449 minime
2418 1397 2776 1463 pertinentem
2809 1413 2917 1453 non
2970 1401 3148 1470 rapuit
3168 1444 3182 1468 ,
3214 1404 3257 1456 is
3302 1403 3422 1457 lau-

1842 1476 2051 1535 dandus
2090 1492 2193 1537 est.
2217 1485 2425 1550 Quanta
2460 1488 2574 1545 haec
2618 1489 2885 1545 dementia
2930 1493 3118 1547 esset?
3168 1495 3419 1565 Alioquin

1838 1582 2017 1625 autem
2066 1574 2195 1644 (sed
2249 1578 2543 1643 attendite,
2600 1581 2866 1645 obsecro;
2900 1582 3054 1652 longa
3113 1585 3255 1638 enim
3304 1586 3421 1641 hasc

1837 1665 2072 1734 oratio),
2119 1667 2241 1736 quis
2268 1668 2369 1724 hoe
2416 1671 2578 1726 modo
2619 1674 2924 1743 quempiam
2967 1674 3033 1729 ad
3064 1675 3418 1732 humilitatem

1812 1751 2130 1845 ‘hortetur?
2156 1758 2413 1829 Exempla
2440 1761 2583 1815 enim
2636 1762 2794 1832 longe
2838 1764 3041 1831 majora
3087 1776 3246 1835 atque
3299 1768 3420 1820 illu-

1840 1848 2036 1901 striora
2068 1848 2177 1903 sint
2220 1861 2453 1920 oportet,
2505 1868 2663 1921 quam
2712 1869 2801 1909 res
2841 1859 3132 1924 proposita,
3166 1857 3231 1911 ad
3254 1874 3418 1925 quam

1836 1938 2183 1996 cohortamur
2210 1961 2223 1997 :
2260 1958 2419 1998 nemo
2443 1946 2587 1999 enim
2617 1948 2683 2000 sit
2710 1988 2723 2009 ,
2776 1948 2868 2017 qui
2900 1963 2965 2004 ex
2993 1950 3183 2005 alienis
3224 1951 3419 2006 cohor-

1838 2040 1995 2086 tetnr.
2033 2034 2271 2103 Exempli
2302 2050 2464 2090 causa
2485 2078 2501 2101 ,
2546 2038 2792 2093 Christus
2832 2040 3077 2095 homines
3106 2043 3419 2097 cohortatus

1835 2132 1950 2186 est,
1981 2131 2041 2177 ut
2086 2124 2315 2196 benigne
2362 2126 2602 2183 facerent
2646 2130 3194 2202 inimiciszmagnum
3237 2149 3419 2188 exem—

1838 2215 1982 2282 plum
2027 2217 2240 2282 attulit,
2274 2219 2524 2273 nimirum
2558 2221 2731 2275 Patris
2753 2263 2768 2287 ,
2814 2221 2915 2286 Qui
2944 2224 3102 2276 solem
3141 2224 3265 2277 oriri
3295 2226 3422 2294 facit

1834 2322 1988 2375 super
2016 2308 2177 2361 malos
2203 2319 2250 2362 et
2279 2308 2435 2364 bonos
2458 2350 2473 2375 ,
2518 2321 2565 2364 et
2596 2311 2728 2380 pluit
2752 2329 2905 2382 super
2924 2314 3099 2380 justas
3125 2323 3171 2368 et
3195 2316 3417 2386 injustas

1837 2396 2051 2469 (Matth.
2080 2400 2135 2455 5.
2157 2401 2275 2470 45).
2325 2401 2647 2457 Cohortatus
2671 2415 2754 2459 est
2780 2405 2844 2458 ad
2874 2406 3169 2472 lenitatem,
3216 2422 3279 2461 ac
3307 2424 3422 2461 ma-

1839 2488 2010 2543 lorum
2035 2490 2372 2546 tolerantiam
2399 2508 2414 2557 ;
2443 2496 2678 2564 seipsutn
2698 2495 2762 2550 ad
2780 2498 3083 2565 exemplum
3107 2500 3384 2567 pr0posuit
3399 2516 3417 2553 :

1838 2581 2029 2637 Discite
2053 2599 2085 2636 a
2110 2601 2190 2639 me
2227 2585 2347 2655 quia
2374 2587 2510 2641 mitis
2537 2603 2647 2639 sunt
2669 2628 2683 2650 ,
2714 2597 2761 2641 et
2810 2589 3016 2643 humilis
3048 2590 3199 2643 corde
3233 2589 3418 2660 (Joan.

1838 2676 1925 2730 15.
1959 2677 2047 2745 14)
2078 2693 2093 2742 ;
2124 2693 2186 2732 ac
2212 2692 2395 2733 rursus
2418 2720 2433 2743 ,
2467 2680 2529 2734 Si
2558 2697 2648 2750 ego
2674 2681 2924 2735 Dominus
2954 2694 2999 2736 et
3031 2683 3275 2755 Magister
3313 2686 3424 2739 hinc

1835 2767 2000 2837 facio,
2027 2779 2216 2837 quanto
2244 2771 2403 2839 magis
2428 2786 2513 2824 vos
2540 2770 2753 2843 (Matth.
2789 2774 2873 2827 ll.
2898 2772 3038 2841 29)?
3075 2774 3231 2829 Vides
3257 2792 3421 2844 quam

1836 2874 1943 2913 non
1974 2860 2082 2913 sint
2107 2852 2356 2915 inferiora
2388 2861 2499 2930 ipsa
2518 2864 2807 2932 exempla?
2840 2879 2946 2917 non
2977 2864 3243 2919 tantillum
3269 2868 3412 2921 enim

1836 2950 2091 3006 inferiora
2122 2966 2245 3007 esse
2273 2962 2483 3020 oportet
2517 2970 2531 3006 :
2564 2969 2685 3007 nam
2714 2964 2767 3008 et
2813 2969 2910 3008 nos
2940 2954 3039 3024 ipsi
3069 2955 3120 3008 id
3163 2955 3420 3010 observa-

1835 3057 1977 3097 mus.
2004 3044 2074 3096 At
2124 3044 2176 3097 in
2222 3058 2282 3098 re
2324 3053 2503 3098 nostra
2544 3044 2852 3113 exemplum
2906 3045 3080 3114 ipsum
3139 3062 3205 3101 ne
3252 3062 3419 3117 prope

1836 3132 2051 3203 quidem
2098 3133 2323 3188 accedit.
2351 3134 2668 3202 Quomodo?
2693 3137 2951 3201 Quoniam
3000 3138 3044 3191 si
3096 3151 3284 3195 servus
3315 3152 3419 3206 est,
3444 3113 3459 3128 ’

1836 3225 2013 3279 minor
2055 3227 2214 3279 etiam
2265 3234 2367 3291 est,
2397 3236 2451 3281 et
2496 3227 2685 3295 majori
2739 3228 3031 3297 subjectus.
3068 3228 3193 3284 [iam
3241 3240 3421 3287 autem

1836 3331 1942 3370 non
1988 3326 2072 3371 est
2119 3316 2395 3374 humilitas
2430 3335 2442 3371 :
2473 3328 2661 3372 contra
2710 3320 2852 3373 enim
2895 3322 3071 3390 potius
3119 3322 3420 3378 faciendum

1835 3418 1986 3472 erat,
2020 3418 2075 3461 ut
2106 3409 2276 3477 major
2320 3409 2581 3478 quisPiam
2630 3410 2826 3464 minori
2873 3412 3250 3482 obtemperans
3296 3430 3423 3485 pro-

1837 3500 2105 3566 ferretur;
2149 3516 2335 3555 Verum
2363 3503 2614 3571 quoniam
2647 3502 2697 3557 id
2730 3504 2785 3558 in
2816 3505 2927 3558 Deo
2958 3522 3062 3561 non
3085 3507 3412 3572 inveniebat,

1840 3592 2098 3661 majorem
2124 3633 2139 3655 ,
2167 3594 2380 3662 inquam
2407 3634 2424 3660 ,
2471 3604 2524 3648 et
2556 3596 2853 3661 minorem;
2879 3599 3237 3666 aequalitatem
3263 3602 3439 3673 igitur:-

1836 3686 2043 3738 Statuit.
2067 3685 2217 3751 Quod
2247 3686 2290 3739 si
2324 3686 2499 3739 minor
2530 3686 2716 3741 fuisset
2744 3687 2931 3750 Filius,
2964 3706 3071 3743 non
3100 3702 3279 3760 aptum
3305 3705 3431 3749 erat.

1838 3778 2141 3843 exemplum
2164 3818 2177 3841 ,
2210 3777 2352 3832 unde
2383 3779 2580 3833 Paulus
2612 3779 2677 3833 ad
2711 3782 3071 3837 humilitatem
3102 3786 3419 3841 cohortare-

1840 3876 1944 3923 tur.
1974 3869 2197 3934 Quare?
2226 3869 2492 3935 Quoniam
2536 3885 2639 3924 non
2691 3872 2793 3926 hoc
2837 3874 3106 3930 humilitas
3154 3887 3272 3941 est,
3317 3896 3438 3939 non.

1839 3961 2096 4031 impetum
2132 3963 2308 4016 facere
2333 3962 2591 4017 adversus
2619 3964 2898 4033 majorem,
2929 3983 3034 4020 non
3069 3984 3258 4039 rapere
3282 3972 3425 4038 prin—

1838 4053 2094 4120 cipatum,
2116 4054 2336 4108 obedire
2363 4070 2531 4124 usque
2560 4055 2623 4109 ad
2656 4070 2902 4110 mortem.
2930 4058 3180 4128 Alioquin
3214 4073 3265 4114 et
3290 4062 3433 4121 illud

1838 4146 2117 4200 considera
2144 4189 2159 4211 ,
2192 4147 2320 4216 quid
2363 4148 2524 4201 allato
2549 4150 2795 4217 exemplo
2841 4150 3127 4221 subjungat
3158 4169 3170 4204 :
3202 4152 3427 4207 Humili.

1841 4248 1942 4292 tate
1994 4240 2278 4309 superiores
2325 4238 2420 4292 sibi
2458 4240 2669 4293 invicem
2714 4240 3034 4297 arbitrantes.
3064 4242 3423 4313 Arbitrantes,

1842 4328 2014 4399 inquit
2071 4347 2083 4383 :
2138 4345 2260 4384 nam
2310 4330 2525 4399 quando
2572 4339 2624 4384 et
2696 4332 2989 4386 secundum
3067 4335 3427 4390 substantiam

1841 4436 2009 4475 unum
2033 4422 2197 4485 estis,
2253 4431 2308 4475 et
2358 4422 2657 4476 secundum
2710 4422 2969 4477 honorem
3024 4440 3053 4477 a
3108 4425 3217 4480 Deo
3268 4441 3423 4482 acce-

1846 4524 2033 4583 ptum;
2087 4514 2352 4583 reliquum
2400 4522 2501 4579 est,
2556 4523 2611 4568 ut
2661 4515 2774 4585 ipsa
2833 4524 3035 4568 tantum
3099 4519 3436 4575 existimatio

1842 4605 2018 4660 locum
2064 4605 2135 4659 ibi
2183 4606 2380 4660 habere
2434 4606 2619 4675 possit.
2644 4607 2713 4660 At
2741 4607 2793 4661 in
2827 4608 3119 4677 majoribus
3165 4619 3218 4664 et
3251 4614 3423 4666 miuo-

1846 4698 2031 4765 ribus,
2078 4712 2183 4751 non
2232 4698 2303 4751 ita
2344 4697 2511 4761 dixit,
2544 4698 2859 4752 Arbitrantes
2889 4716 2913 4764 ;
2958 4692 3060 4755 sed
3090 4743 3106 4768 ,
3157 4700 3443 4759 Hontirate.

1846 4803 1976 4855 eos,
2032 4788 2121 4858 qui
2186 4788 2341 4841 vobis
2407 4790 2811 4858 pra-stantiores
2859 4802 3022 4856 sunt;
3082 4794 3430 4863 qaetnadtno.

1846 4879 1971 4933 dum
1999 4889 2053 4933 et
2077 4879 2202 4933 alibi
2233 4879 2419 4949 inquit,
2448 4877 2657 4934 Obedite
2683 4882 2970 4949 pra'positis
2996 4885 3191 4949 vestris,
3231 4895 3277 4938 et
3304 4887 3426 4939 sub-

1838 4973 2007 5042 jacete
2026 4969 2299 5040 eis(l!ebr.
2323 4972 2408 5024 l5.
2442 4972 2551 5039 17).
2589 4971 2699 5026 Illic
2719 4973 2860 5025 enim
2884 4973 2995 5042 ipsa
3026 4975 3105 5028 rei
3127 4985 3312 5028 natura
3340 4991 3434 5044 po.-

1847 5066 2012 5119 stulat
2035 5065 2419 5134 sulijectionem
2445 5081 2460 5129 ;
2494 5064 2580 5118 hic
2610 5080 2737 5119 vero
2773 5081 2836 5119 cx
2867 5075 3050 5119 nostro
3071 5066 3272 5135 judicio
3304 5082 3431 5136 pro-

1848 5158 2140 5225 ﬁciseatur,
2169 5168 2399 5227 oportet.
2430 5157 2746 5222 Humilitale,
2780 5159 2967 5228 inquit,
3001 5174 3285 5226 superiores
3315 5160 3433 5226 sibi,

1849 5253 2059 5304 invicem
2087 5250 2388 5303 arbitrantes
2417 5265 2437 5303 :
2461 5249 2909 5319 quemadmodum
2942 5259 2994 5302 et
3016 5248 3262 5303 Christus
3284 5248 3427 5306 fecit.

1850 5344 1919 5398 Et
1943 5344 2193 5399 haeretica
2220 5345 2434 5415 quidem
2469 5344 2570 5398 hoc
2599 5343 2756 5397 modo
2789 5357 2972 5397 eversa
3001 5351 3144 5397 sunt.
3170 5342 3436 5413 Deinceps

1850 5438 1977 5491 vero
2006 5446 2190 5490 nostra
2236 5434 2508 5491 afferenda
2559 5444 2717 5498 sunt,
2775 5434 2818 5487 si
2849 5443 3003 5487 antea
3060 5433 3125 5489 ad
3171 5450 3438 5487 summam

1849 5529 2132 5600 quamdam
2152 5544 2232 5590 ea.
2254 5546 2372 5599 quae
2388 5529 2647 5582 adversus
2671 5527 2789 5580 illos
2808 5526 3028 5592 faciunt,
3050 5527 3437 5597 redegerimus,

1850 5621 1984 5677 Cum
2026 5622 2166 5676 enim
2205 5621 2397 5675 Paulus
2438 5620 2507 5674 ad
2546 5619 2710 5673 animi
2759 5618 3108 5672 humilitatem
3151 5618 3439 5680 invitaret,

1853 5728 1957 5768 non
1981 5729 2101 5767 eum
2126 5713 2213 5781 qui
2240 5712 2415 5765 minor
2439 5710 2525 5775 sit,
2558 5724 2621 5764 ac
2639 5708 2827 5775 majori
2850 5708 3084 5772 obediat,
3105 5708 3439 5779 protulisset.

1854 5806 1987 5861 Nam
2014 5806 2056 5861 si
2086 5804 2275 5870 servis,
2306 5812 2366 5858 ut
2390 5801 2625 5857 dominis
2656 5799 2955 5862 obedineat,
2985 5799 3261 5862 suasisset,
3284 5811 3438 5854 recte

1860 5898 1914 5953 id
1939 5896 2153 5968 quidem
2188 5913 2201 5951 :
2234 5894 2333 5953 sed
2374 5896 2452 5965 si,
2485 5903 2542 5951 ut
2586 5894 2740 5950 liberi
2774 5893 2991 5960 liberis;
3024 5894 3151 5964 quid
3195 5893 3260 5949 ad
3304 5892 3438 5947 hau;
