3878 6572
443 471 551 527 29.3

446 604 561 642 rem
592 585 713 640 facit
739 582 878 638 servi
912 596 1034 650 erga
1065 580 1340 634 dominum
1372 577 1676 647 subjectio?
1704 576 1829 647 quid
1858 575 2031 630 miuo-

447 682 524 733 ris
552 692 676 747 erga
709 674 967 744 majorem
995 674 1019 726 ?
1048 672 1163 726 Non
1194 671 1336 726 enim
1362 670 1517 733 dixit,
1551 668 1783 723 Minores
1814 666 2034 735 majori-

447 771 596 824 rihus
610 768 882 831 ohediant,
901 763 1018 831 sed,
1033 763 1133 830 Qui
1152 763 1411 832 aequalem
1430 761 1742 830 dignitatem
1755 759 2031 823 obtinetis,

446 860 681 915 vicissim
712 858 866 912 vobis
892 855 1109 910 obedite
1141 872 1159 912 :
1191 853 1513 921 Superiores,
1546 851 1732 918 inquit,
1764 850 1859 903 sibi
1887 849 2023 901 invi-

444 967 550 1006 cent
573 950 896 1002 arbitrantes.
917 946 1120 1016 Ecquid
1146 959 1275 999 vero
1296 958 1472 996 causa:
1493 940 1589 995 l‘uit
1605 955 1701 994 cur
1720 938 2033 993 muliebrem

445 1041 806 1100 obedientiam
831 1055 937 1093 non
960 1038 1264 1101 adduxerit,
1294 1050 1465 1104 neque
1493 1034 1563 1087 ita
1584 1032 1774 1086 dixerit
1794 1047 1809 1085 ε
1832 1030 2033 1096 Quem~

444 1134 731 1188 admodum
757 1132 949 1185 mulier
969 1131 1084 1183 viro
1109 1127 1310 1192 obedit,
1336 1127 1405 1180 ita
1428 1134 1479 1179 ct
1500 1140 1593 1179 vos
1607 1122 1859 1177 obedite?
1881 1119 2035 1186 Quod

446 1225 490 1278 si
517 1224 666 1287 illud,
687 1224 737 1276 in
756 1238 862 1292 quo
884 1222 1057 1276 inerat
1075 1220 1350 1290 inqualitas
1370 1228 1423 1271 et
1445 1216 1683 1277 libertas,
1707 1230 1810 1267 non
1833 1212 2033 1275 attulit,

446 1315 702 1385 quoniam
759 1312 1016 1367 nonnulla
1066 1321 1243 1365 tamen
1290 1313 1341 1362 in
1398 1323 1462 1362 eo
1504 1308 1675 1361 inerat
1730 1304 2033 1373 subjectio;

446 1415 648 1475 quanto
680 1406 852 1459 minus
882 1403 1130 1458 servilem
1154 1400 1665 1469 obtemperationem
1694 1397 2037 1467 protulisset?

448 1496 649 1552 Verum
678 1505 733 1551 et
771 1494 904 1549 illud
931 1494 1080 1548 initio
1110 1492 1241 1558 dixi,
1276 1493 1542 1547 nemiuem
1572 1490 1691 1544 ideo
1718 1490 1895 1542 solere
1918 1487 2037 1540 lau-

448 1588 591 1651 dari,
618 1602 681 1641 ac
709 1601 776 1641 ne
802 1583 1214 1640 commemorari
1236 1582 1480 1652 quidem,
1508 1581 1648 1651 quod
1677 1579 1899 1634 crimina
1931 1591 2035 1631 non

449 1679 712 1733 admittat.
729 1677 909 1746 Neque
931 1676 1072 1729 enim
1092 1675 1134 1727 si
1163 1673 1281 1741 quis
1303 1675 1533 1742 aliquem
1560 1670 1925 1740 temperantiae
1943 1683 2041 1721 no-

452 1771 594 1823 mine
626 1768 841 1822 laudare
870 1768 1015 1833 velit,
1044 1767 1112 1819 ita
1141 1766 1302 1829 dicet,
1336 1765 1484 1818 illum
1516 1778 1620 1817 non
1651 1777 1771 1816 esse
1801 1759 2040 1815 moecha-

451 1869 586 1924 tum,
618 1860 710 1914 sed
746 1860 843 1913 hoc
864 1858 1071 1923 aﬁ‘eret,
1101 1872 1129 1909 ιι
1158 1860 1371 1926 propria
1401 1856 1561 1910 etiam
1586 1868 1753 1908 uxore
1783 1868 1841 1907 se
1861 1853 2039 1907 conti-
2060 1840 2073 1853 ⁸

451 1953 655 2006 nuisse.
687 1949 815 2003 Nam
865 1950 1136 2003 abstinere
1186 1956 1387 2001 tantum
1427 1962 1457 1999 a
1505 1947 1681 2015 pravis
1737 1944 2039 1999 actionibus

449 2058 740 2113 numquam
768 2044 817 2095 in
844 2041 999 2096 laude
1028 2043 1307 2110 ponimus;
1332 2039 1382 2092 id
1400 2040 1542 2092 enim
1566 2038 1848 2091 ridiculum
1870 2045 2034 2091 esset.

450 2134 581 2189 lllnd
605 2134 806 2198 addidi,
828 2149 1005 2189 veram
1029 2147 1149 2187 esse
1173 2131 1314 2186 servi
1339 2130 1585 2194 formam,
1608 2129 1843 2198 nihilque
1862 2129 2039 2182 minus

450 2226 862 2295 haberezquare
883 2238 936 2279 et
966 2224 1190 2278 formam
1218 2223 1308 2277 Dei
1336 2223 1620 2292 perfectam
1641 2236 1779 2284 esse,
1800 2220 2039 2289 nihilque

452 2316 628 2370 minus
648 2316 863 2370 habere.
886 2315 996 2370 Cur
1023 2331 1127 2368 non
1150 2314 1301 2375 dixit,
1326 2314 1375 2366 in
1399 2311 1567 2366 forma
1587 2312 1681 2366 Dei
1712 2312 1902 2375 factus,
1920 2311 2035 2375 sed,

454 2408 554 2472 Qui
588 2426 700 2461 cum
731 2409 784 2461 in
829 2410 995 2478 [arma
1028 2406 1122 2461 Dei
1149 2416 1272 2460 esset
1297 2406 1322 2458 Ρ
1353 2405 1493 2458 Idem
1524 2412 1606 2457 est
1628 2419 1689 2458 ac
1714 2404 1757 2457 si
1790 2403 1994 2457 dioeret
2021 2419 2035 2459 :

450 2499 563 2568 Ego
606 2516 714 2551 sunt
758 2498 844 2568 qui
896 2514 1007 2550 sunt
1064 2496 1262 2563 (Exod.
1295 2496 1346 2549 '5.
1387 2494 1497 2564 H).
1528 2493 1720 2546 Forma
1775 2502 2040 2563 quatenus

450 2592 620 2645 forma
650 2589 1028 2660 estheamdem
1052 2589 1243 2643 adesse
1276 2597 1520 2640 naturam
1548 2585 1914 2649 demonstrat;
1940 2598 2039 2639 nec

453 2683 567 2737 ﬁeri
596 2691 772 2752 potest
817 2691 874 2735 ut
899 2680 1041 2751 quod
1090 2679 1312 2733 alterius
1337 2678 1587 2732 essentia:
1627 2685 1741 2743 est,
1790 2677 2035 2731 eamdem

451 2775 679 2829 formam
712 2774 945 2837 habeat;
976 2780 1034 2826 ut
1082 2785 1240 2825 nemo
1268 2770 1542 2823 hominum
1575 2776 1658 2823 est
1680 2808 1697 2835 ,
1725 2767 1815 2837 qui
1861 2766 2047 2835 angeli

452 2866 679 2922 fortnam
712 2865 907 2919 habeat
933 2904 947 2928 ,
980 2877 1080 2917 nec
1107 2863 1319 2917 brutum
1367 2860 1566 2915 animal
1610 2860 1753 2929 quod
1806 2858 2040 2913 hominis

454 2957 644 3010 habeat
691 2954 918 3009 lormam
949 2971 962 3009 :
993 2952 1265 3023 quomodo
1292 2952 1451 3022 igitur
1479 2952 1646 3007 Filius
1672 2951 1695 3005 ?

525 3048 580 3100 4.
611 3045 811 3100 Deinde
856 3044 908 3099 in
956 3044 1111 3098 nobis
1140 3042 1356 3113 quidem
1377 3083 1392 3108 ,
1426 3043 1681 3113 quoniam
1707 3059 1769 3099 ex
1801 3044 2041 3115 pluribus

453 3137 661 3191 naturis
678 3136 960 3205 compositi
984 3150 1190 3197 sumus,
1207 3134 1378 3189 l‘orma
1395 3134 1460 3188 ad
1478 3134 1650 3204 ipsum
1668 3150 1862 3206 corpus
1875 3140 2041 3207 perti-

454 3237 545 3283 net
576 3246 588 3282 :
616 3236 665 3280 at
697 3229 748 3281 in
780 3242 867 3293 eo,
894 3227 1037 3296 quod
1060 3227 1280 3281 omnino
1306 3227 1531 3296 simplex
1580 3228 1837 3298 nulloque
1882 3230 2040 3285 modo

454 3326 884 3387 coagmentatum
912 3326 1025 3381 est,
1056 3316 1122 3371 ad
1152 3317 1319 3387 ipsam
1366 3318 1483 3372 sine
1521 3317 1685 3375 dubio
1727 3322 2038 3375 essentiam.

454 3410 606 3476 Quod
636 3410 679 3463 si
701 3424 767 3464 ex
793 3425 879 3476 eo,
908 3409 1048 3479 quod
1079 3408 1197 3464 sine
1225 3410 1451 3464 articulo
1478 3411 1679 3466 dictum
1703 3423 1783 3467 est
1817 3420 1867 3467 ἐν
1887 3431 2040 3487 μορφῇ

454 3510 579 3565 θεοῦ,
606 3501 887 3556 coatendis
914 3517 1017 3555 non
1050 3502 1271 3556 iudicari
1318 3502 1531 3558 Patrem
1560 3505 1635 3574 (a)
1665 3521 1679 3570 ;
1713 3506 1896 3560 multis
1922 3508 2043 3561 aliis

455 3608 584 3662 ergo
637 3593 769 3646 locis
813 3592 1090 3646 ostendam
1124 3593 1217 3647 tibi
1250 3593 1366 3648 sine
1406 3594 1634 3649 articulo
1660 3596 1859 3651 dictum
1897 3612 2037 3652 esse.

458 3686 523 3739 Et
569 3686 693 3755 qttid
732 3686 853 3739 dico
890 3686 1072 3739 multis
1094 3687 1215 3740 aliis
1246 3686 1417 3742 locis?
1449 3688 1499 3741 in
1554 3688 1653 3743 hoc
1702 3690 1820 3759 ipso
1861 3691 2040 3745 statim

456 3779 596 3840 loco,
632 3777 747 3831 Non
773 3779 1031 3846 rapinam,
1065 3778 1256 3848 inquit,
1277 3779 1553 3834 arbitratus
1570 3790 1772 3835 estesse
1799 3798 1852 3836 se
1870 3799 2043 3847 tequa—

456 3872 554 3923 lem
584 3870 688 3924 Deo
717 3912 730 3932 ,
758 3880 845 3939 θεῷ
869 3888 881 3923 :
908 3886 1081 3940 neque
1109 3872 1237 3924 dixit
1262 3911 1278 3937 ,
1327 3883 1393 3940 τῷ
1435 3880 1522 3941 θεῷ
1542 3912 1557 3938 ,
1588 3888 1709 3928 cum
1755 3883 1931 3929 tamen
1975 3875 2043 3930 de

458 3959 618 4015 Patre
661 3959 996 4029 loqueretur.
1032 3960 1239 4013 Vellem
1291 3970 1471 4015 nostra
1502 3963 1662 4016 etiam
1708 3965 2000 4035 adiungere
2024 4007 2039 4030 ,

457 4049 551 4104 88d
578 4065 768 4104 \‘CI'COI‘
798 4064 864 4104 ne
885 4059 1094 4104 MCIIIBS
1117 4058 1323 4105 vestras
1340 4052 1648 4108 obruamus.
1679 4055 1884 4110 luteroa
1918 4072 2044 4111 VCI'O

457 4157 577 4211 qua:
603 4141 746 4197 dicta
770 4152 895 4196 sunt
923 4142 987 4196 ad
1019 4142 1139 4196 illos
1168 4146 1514 4212 evertendas,
1546 4150 1799 4202 memoria
1830 4159 2041 4205 tenete:

458 4234 663 4289 interea
717 4234 896 4304 spinas
942 4234 1271 4301 evellamus,
1332 4247 1387 4290 et
1429 4253 1551 4291 eum
1591 4241 2043 4296 evulsa-iuerint

457 4328 647 4396 spina},
671 4340 733 4381 ac
761 4326 1033 4395 paululum
1067 4327 1324 4396 requietis
1354 4345 1667 4385 concessum
1713 4342 1889 4400 terrzr,
1922 4345 2046 4391 tunc

456 4421 649 4475 bonam
686 4430 985 4475 sementem
1026 4421 1311 4490 jaciemus,
1342 4433 1400 4477 ut
1424 4426 1569 4479 omni
1593 4427 1736 4495 quod
1771 4429 1895 4483 inde
1915 4445 2045 4485 Con-

460 4512 619 4566 traxit
648 4513 776 4566 vitio
801 4512 1072 4583 deposito,
1107 4529 1298 4584 magna
1320 4530 1439 4570 cum
1471 4517 1667 4573 virtute
1691 4522 1944 4590 suscipiat
1964 4522 2046 4576 di-

458 4603 581 4657 vina
626 4604 852 4657 semina.
892 4604 1104 4660 Gratias
1134 4622 1354 4676 agamus
1384 4623 1482 4677 pro
1510 4609 1578 4664 iis
1605 4627 1723 4681 qua:
1753 4613 1893 4668 dicta
1920 4626 2047 4670 sunt

461 4694 607 4747 Deo:
639 4694 970 4763 postulemus
998 4696 1067 4751 ab
1095 4698 1211 4767 ipso
1235 4698 1329 4752 det
1351 4700 1510 4755 nobis
1523 4716 1584 4756 ea
1600 4704 1870 4760 custodire
1885 4722 1947 4759 ac
1960 4722 2046 4761 re-

464 4786 654 4850 tinere,
684 4794 739 4836 ut
764 4794 819 4839 et
839 4786 994 4839 nobis
1023 4797 1075 4841 et
1103 4788 1254 4841 vobis
1293 4790 1542 4858 gaudium
1576 4791 1833 4863 obtingat,
1866 4795 2042 4852 luere-

466 4877 551 4931 tici
581 4893 706 4931 vero
746 4876 953 4947 pudore
973 4879 1365 4935 snﬁundantur.
1392 4882 1544 4937 Illum
1571 4886 1916 4942 Obsecremus
1936 4932 1949 4955 ,
1985 4898 2045 4944 ut

460 4969 525 5023 ad
550 4983 611 5023 ea
635 4969 794 5022 etiam
812 4984 929 5037 quze
959 4981 1254 5039 sequuntur
1274 4987 1336 5025 os
1358 4974 1509 5028 nobis
1537 4978 1761 5044 aperiat,
1784 4989 1841 5031 ιιι
1862 4988 2042 5035 nostra

460 5060 619 5114 etiam
650 5060 761 5129 pari
794 5059 1062 5129 diligentia
1108 5072 1421 5118 statuamus.
1452 5065 1534 5119 Ab
1564 5082 1628 5121 eo
1655 5084 1952 5138 precemur,
1988 5084 2045 5126 ut

460 5152 621 5205 vitam
651 5166 863 5220 quoque
886 5151 996 5220 ipsa
1024 5151 1130 5207 ﬁde
1149 5153 1359 5223 dignam
1392 5156 1543 5211 nobis
1568 5160 1822 5227 przrbeat,
1845 5178 1952 5232 quo
1976 5164 2044 5218 ad

460 5242 626 5310 ipsius
647 5242 874 5313 gloriam
892 5244 1153 5311 vivamus,
1179 5262 1247 5301 ne
1271 5246 1438 5315 ipsius
1455 5263 1646 5305 nomen
1679 5263 1857 5308 nostra
1884 5266 2042 5311 causa

464 5336 810 5406 blasphemiis
832 5345 1136 5405 appetatur.
1154 5336 1240 5391 Va:
1269 5341 1404 5394 vobis
1431 5342 1595 5405 enim,
1623 5344 1811 5413 inquit,
1842 5358 2047 5417 prapter

458 5445 585 5501 quos
614 5444 797 5482 nomen
838 5427 936 5482 Dei
983 5430 1382 5500 blasphematur.
1410 5431 1623 5487 Etenim
1669 5435 1714 5489 si
1747 5450 1845 5491 nos
1878 5436 2042 5494 ﬁlium

465 5519 757 5586 habentes;
812 5535 1132 5592 quamquam
1173 5522 1298 5592 quid
1344 5523 1454 5579 ﬁlio
1499 5525 1775 5581 nobiscum
1818 5530 2045 5600 conjun-

525 5689 599 5761 (a)
621 5698 717 5740 Non
741 5692 907 5761 semel
922 5695 1135 5761 vidimus,
1148 5695 1358 5761 Arianos
1402 5712 1574 5749 vocem
1611 5714 1689 5761 ita;
1711 5717 1820 5753 cum
1844 5706 2047 5758 articulo

468 5756 689 5819 mitam,
700 5756 1000 5819 contendere
1012 5758 1487 5819 signiﬁcarePatrem
1499 5763 1656 5813 solum
1669 5756 1839 5815 verum
1852 5767 2009 5817 Deum
2031 5756 2041 5819 ὲ

457 5814 792 5924 ἓὲἰιῖἰξῗίθωθ
813 5821 979 5869 ³¹³ίθί¹¹
1002 5814 1197 5882 “Ilum,
1222 5835 1345 5886 quos
1368 5825 1577 5889 egregie
1600 5814 2042 5894 coniurarent-iga;

1117 463 1175 519 S.
1213 462 1489 519 JOANNIS
1532 457 2008 518 CIIRYSOSTOMI
2047 456 2360 514 AllCHlEP.
2402 454 2934 514 CONSTANTINOP.
3607 459 3691 517 ﬁt

2145 572 2329 627 ctius?
2357 573 2401 625 si
2430 572 2593 626 ﬁlium
2614 614 2626 635 ,
2662 573 2899 642 inquam,
2932 569 3227 635 habentes,
3258 571 3397 625 illius
3426 586 3576 626 causa
3602 578 3689 629 bla-

2146 663 2406 731 sphemiis
2424 663 2667 732 appetiti,
2688 663 2861 731 ipsum
2885 661 3251 732 repudiamus,
3276 676 3595 727 aversamur,
3614 683 3691 722 nec

2142 763 2385 808 nostrum
2421 753 2524 807 diri
2557 755 2804 808 volumus
2834 769 2849 808 :
2877 764 3078 823 quanto
3109 756 3277 825 magis
3307 756 3450 810 Deus
3496 771 3687 825 servos,

2142 860 2279 916 quos
2307 848 2543 916 ingratos
2573 847 2802 910 viderit,
2831 858 2885 901 et
2914 862 2942 900 a
2972 847 3166 916 quibus
3208 863 3269 903 se
3296 848 3630 917 blasphemiis
3650 866 3690 906 et

2141 939 2483 994 contumeliis
2509 939 2649 993 afﬁci
2678 939 3008 1007 cognoverit,
3047 939 3383 994 aversabitur
3414 951 3570 1009 atque
3596 944 3695 997 odio

2141 1032 2535 1099 prosequetur?
2565 1031 2733 1097 Quem
2766 1045 2892 1084 vero
2916 1031 3056 1084 Deus
3098 1030 3273 1085 oderit
3315 1042 3478 1101 atque
3518 1047 3695 1089 aversa.

2143 1128 2228 1175 tus
2274 1121 2467 1183 fuerit,
2497 1121 2618 1190 quis
2662 1121 2926 1191 suscipiet
2977 1137 3040 1176 ac
3086 1124 3526 1193 complectetur?
3560 1125 3695 1179 Nemo

2143 1221 2340 1282 pra-ter
2376 1212 2647 1266 diabolum
2678 1228 2741 1266 ac
2767 1212 3061 1268 dzemones.
3086 1214 3255 1282 Quem
3304 1231 3435 1270 vero
3461 1216 3695 1273 daemones

2141 1303 2405 1371 ceperint,
2436 1318 2592 1371 quam
2624 1304 2811 1358 salutis
2844 1319 2994 1373 spem
3027 1304 3288 1360 habebit?
3314 1306 3460 1376 quod
3501 1308 3611 1361 vita
3628 1323 3697 1362 so-

2143 1391 2367 1445 latium?
2393 1392 2656 1459 Quamdiu
2687 1394 2738 1447 in
2778 1409 2939 1449 manu
2971 1395 3063 1449 Dci
3087 1410 3295 1463 sumus,
3336 1412 3501 1452 nemo
3542 1413 3695 1468 rapere

2142 1497 2241 1537 nos
2270 1492 2485 1551 potest;
2525 1484 2741 1538 robusta
2770 1485 2914 1539 enim
2942 1494 3026 1540 est
3054 1504 3066 1538 :
3092 1501 3212 1539 cum
3244 1487 3479 1553 primum
3518 1490 3697 1546 vemde

2143 1591 2302 1630 manu
2331 1576 2418 1629 illa
2451 1576 2811 1631 deciderimus
2834 1618 2850 1643 ,
2881 1587 3041 1647 atque
3070 1577 3329 1631 auxilium
3362 1578 3496 1633 illud
3537 1582 3697 1638 amise-

2142 1669 2342 1733 rimus;
2364 1668 2641 1737 periimus,
2659 1670 2910 1722 omnibus
2927 1669 3155 1738 expositi
3173 1669 3240 1723 ad
3263 1670 3511 1740 rapinam
3526 1685 3694 1738 sumus,

2144 1761 2396 1814 omnibus
2420 1760 2485 1815 ad
2514 1762 2965 1825 c0ncuteandt.m,
2990 1771 3261 1832 tamquam
3289 1778 3485 1818 murus
3510 1765 3697 1819 inclina-

2145 1860 2251 1915 ttts,
2280 1859 2336 1905 et
2358 1867 2515 1921 sepes
2533 1853 2844 1907 concidens.
2865 1854 3073 1907 Etenim
3103 1869 3224 1909 cum
3251 1869 3448 1908 murus
3470 1866 3550 1909 est
3571 1858 3697 1912 imbe

2144 1944 2301 2006 cillis,
2327 1944 2481 1998 facile
2496 1945 2668 1998 cuivis
2690 1944 2913 2014 patetad
2932 1945 3360 2013 irrumpendum.
3390 1946 3695 2016 Nequeeaitn

2144 2037 2285 2107 quod
2314 2037 2555 2092 dicturus
2580 2052 2719 2102 sum,
2753 2037 2816 2091 ad
2847 2038 3015 2091 Solam
3043 2038 3344 2094 Jerusalem
3379 2041 3578 2110 putetis
3603 2058 3696 2110 per-

2147 2130 2342 2191 tinere,
2371 2130 2463 2184 sed
2492 2130 2651 2184 etiam
2671 2129 2735 2183 ad
2761 2129 2999 2198 singulos
3028 2144 3271 2199 quosque
3302 2131 3569 2185 homines.
3589 2132 3696 2197 Quid

2149 2239 2279 2281 vero
2304 2224 2373 2279 de
2402 2224 2697 2278 Jerusalem
2720 2223 2916 2278 dictum
2956 2224 3075 2278 est?
3104 2222 3331 2276 Cantabo
3356 2226 3547 2278 dilecto
3571 2229 3699 2278 canti-

2144 2331 2259 2370 cum
2290 2316 2461 2369 dilecti
2489 2316 2605 2379 ntci,
2637 2315 2795 2367 vinea:
2823 2330 2966 2368 meae.
3002 2313 3163 2367 Vinea
3189 2318 3329 2385 facta
3356 2324 3433 2367 est
3450 2316 3638 2369 dilectio
3659 2317 3699 2367 in

2143 2423 2322 2469 cornu,
2348 2409 2399 2459 in
2430 2407 2541 2459 loco
2572 2406 2769 2475 pingui.
2798 2405 2869 2459 Et
2901 2406 3057 2477 sepivi
3083 2423 3195 2459 eam
3224 2424 3283 2458 ac
3329 2406 3470 2459 vallo
3514 2408 3698 2459 circum-

2145 2497 2261 2549 dedi
2284 2539 2298 2563 ,
2343 2506 2388 2548 et
2418 2496 2647 2566 plantavi
2673 2498 2820 2550 vitem
2856 2496 3049 2551 Soreclt
3068 2539 3082 2561 ,
3112 2508 3159 2550 et
3185 2498 3441 2566 wdiﬁcavi
3470 2500 3632 2550 turrim
3655 2501 3693 2550 in

2146 2589 2311 2641 medio
2344 2590 2475 2660 ejus,
2510 2598 2556 2641 et
2588 2590 2812 2641 torcular
2853 2591 3081 2643 exstruxi
3107 2590 3157 2641 in
3186 2607 3263 2653 ea,
3299 2601 3347 2643 et
3374 2593 3639 2661 exspectari
3662 2606 3699 2644 at

2146 2680 2330 2748 faceret
2356 2694 2526 2745 uvam,
2557 2688 2601 2731 et
2631 2679 2749 2748 fecit
2777 2681 2973 2747 spinas.
3007 2678 3160 2733 Nunc
3190 2682 3364 2751 igitur,
3398 2683 3497 2734 viri
3522 2682 3647 2735 Iuda
3667 2694 3701 2736 et

2146 2771 2451 2825 habitatores
2470 2770 2778 2836 Jerusalem,
2786 2773 3019 2841 judicate
3035 2775 3166 2827 inter
3178 2790 3254 2827 me
3274 2784 3322 2829 et
3338 2775 3538 2829 vineam
3552 2794 3697 2830 meum.

2148 2860 2287 2925 Quid
2312 2872 2417 2927 est,
2448 2862 2583 2932 quod
2624 2862 2758 2915 ultra
2784 2863 2934 2916 debui
2978 2864 3145 2932 facere
3174 2866 3339 2918 vinea:
3363 2882 3525 2927 mea.
3564 2876 3603 2919 et
3623 2884 3701 2919 nos

2146 2954 2243 3022 feci
2271 2954 2358 3007 ei?
2387 2954 2639 3019 Quoniam
2678 2955 2966 3024 exspectavi
2989 2996 3006 3020 ,
3051 2965 3103 3007 ut
3151 2960 3341 3025 faceret
3387 2974 3577 3021 uvam;
3611 2959 3702 3026 fecit

2145 3054 2312 3098 autem
2339 3045 2535 3114 spinas.
2566 3043 2723 3098 Nunc
2764 3060 2885 3115 ergo
2914 3046 3176 3099 ostendam
3203 3048 3341 3101 vobis
3383 3049 3513 3114 quid
3536 3066 3616 3118 ego
3639 3052 3701 3117 fa-

2145 3135 2275 3189 ciam
2297 3135 2456 3189 vinea:
2483 3150 2645 3190 mete:
2687 3139 2919 3206 auferam
2948 3152 3117 3205 sepem
3142 3139 3253 3207 ejus
3276 3181 3291 3204 ,
3326 3149 3374 3191 et
3399 3142 3497 3192 erit
3519 3141 3568 3193 in
3599 3141 3705 3193 dire-

2146 3229 2367 3296 ptionem
2394 3242 2412 3289 ;
2442 3236 2487 3280 et
2516 3228 2719 3281 diruam
2741 3229 3011 3281 maceriam
3035 3230 3164 3300 ejus,
3193 3239 3239 3283 et
3262 3231 3358 3284 erit
3388 3231 3446 3283 in
3472 3232 3704 3285 conculca-

2147 3320 2369 3384 tionem;
2391 3328 2436 3373 et
2461 3321 2807 3389 derelinquam
2838 3321 3035 3373 vineam
3064 3339 3226 3375 nteant
3246 3364 3261 3387 ,
3282 3334 3331 3376 et
3353 3341 3461 3378 non
3483 3324 3704 3394 putabunt-

2147 3420 2191 3464 et
2236 3427 2338 3464 non
2371 3411 2929 3481 fodietur;ascendcnt
2971 3412 3025 3464 in
3072 3429 3182 3466 eam
3207 3452 3223 3475 ,
3254 3416 3470 3481 perinde
3514 3418 3704 3485 atquein

2147 3510 2331 3555 terram
2360 3502 2623 3565 incultam,
2640 3507 2803 3571 spime
2825 3518 2843 3567 ,°
2862 3512 2907 3555 et
2933 3502 3146 3557 nubibus
3172 3507 3452 3569 mandabo,
3478 3525 3539 3560 ne
3561 3508 3704 3575 pluunt

2147 3609 2299 3661 super
2343 3608 2454 3645 eam
2500 3591 2733 3646 imbrem.
2776 3592 2934 3646 Vinea
2979 3595 3112 3648 enim
3163 3593 3375 3648 Domini
3426 3600 3701 3650 exercitum

2148 3686 2329 3738 domus
2356 3684 2523 3737 Israel
2550 3694 2641 3749 est,
2678 3695 2724 3737 et
2748 3685 2824 3738 vir
2853 3683 2995 3738 Juda
3020 3702 3223 3756 germen
3250 3687 3518 3740 dilectum.
3544 3688 3703 3757 Exspc-

2148 3777 2280 3828 ctavi
2302 3785 2356 3828 ut
2375 3776 2562 3843 faceret
2577 3775 2830 3845 judicium
2855 3793 2873 3841 ;
2898 3777 3017 3847 fecit
3039 3787 3207 3830 autem
3226 3778 3545 3847 iniquitatem
3569 3790 3610 3832 et
3627 3797 3704 3832 non

2149 3866 2393 3929 iustitiam
2416 3907 2431 3931 ,
2463 3866 2551 3919 sed
2579 3866 2850 3919 clamorem
2903 3865 3056 3934 (Isai.
3085 3868 3186 3924 5.1
3214 3898 3234 3908 ο
3268 3869 3343 3939 7).
3376 3870 3435 3923 ld
3465 3872 3615 3925 ctiam
3654 3873 3705 3925 de

2149 3957 2387 4027 qualibet
2415 3958 2592 4011 anima
2636 3957 2851 4013 dicitur.
2878 3957 3010 4012 Nam
3040 3973 3161 4013 cum
3200 3963 3378 4014 omnia
3431 3978 3550 4031 qua:
3573 3978 3702 4031 opin-

2153 4056 2328 4104 tnerat
2356 4049 2656 4118 impleverit
2683 4049 2945 4119 benignus
2976 4051 3141 4116 Deus,
3175 4051 3266 4105 illa
3293 4067 3426 4106 vero
3462 4068 3556 4121 pro
3592 4069 3671 4107 uva
3691 4093 3704 4115 ,

2151 4141 2335 4210 spinas
2363 4141 2588 4205 fecerit;
2633 4155 2816 4210 sepem
2846 4141 3055 4197 auferet
3104 4152 3159 4197 et
3187 4160 3397 4198 murum
3424 4146 3632 4211 diruet,
3658 4161 3703 4198 ac

2153 4235 2456 4305 patebimus
2482 4234 2791 4304 direptioni.
2819 4236 2955 4290 Audi
2984 4252 3114 4292 vero
3140 4246 3196 4293 et
3231 4219 3436 4307 quanto
3463 4255 3580 4293 cum
3606 4238 3703 4292 ﬁetu

2150 4326 2289 4379 alius
2319 4326 2575 4397 prepheta
2619 4326 2734 4381 hate
2762 4326 2905 4382 dicat
2938 4346 2950 4382 :
2981 4327 3049 4383 Ut
3078 4329 3199 4399 quid
3229 4330 3530 4385 destruxisti
3569 4348 3703 4384 mace-

2150 4419 2281 4470 riam
2319 4418 2471 4488 ejus;
2494 4427 2541 4471 et
2572 4419 2876 4471 vindemiant
2914 4436 3027 4473 eam
3072 4437 3247 4475 omnes
3268 4462 3285 4487 ,
3315 4423 3399 4490 qui
3433 4432 3703 4493 prtetergre-

2152 4509 2360 4564 diuntur
2408 4509 2585 4563 viam?
2628 4508 2996 4564 Exterminavit
3026 4527 3138 4565 eam
3188 4529 3314 4581 aper
3359 4513 3425 4567 de
3479 4516 3704 4585 sylra,et

2150 4601 2427 4671 singularis
2476 4605 2613 4671 [erus
2640 4602 2879 4671 depastus
2921 4613 2993 4656 est
3025 4619 3135 4656 eam
3180 4604 3357 4672 (Psal.
3382 4606 3702 4675 79.15.”)?

2152 4691 2227 4746 Ibi
2253 4693 2466 4762 quidem
2496 4693 2564 4747 de
2605 4692 2758 4747 Medo
2797 4708 2859 4748 ac
2889 4693 2958 4749 de
3006 4694 3301 4767 Babylonio
3346 4698 3609 4769 loquitur;
3638 4698 3701 4751 hic

2151 4798 2279 4837 vero
2313 4783 2444 4837 nihil
2470 4792 2573 4848 est,
2602 4784 2744 4853 quod
2772 4783 2838 4838 de
2867 4784 2956 4839 illo
2986 4784 3233 4849 dicatur;
3267 4789 3361 4842 sed
3388 4805 3524 4858 aper
3549 4799 3598 4844 ct
3620 4792 3706 4843 sin-

2150 4876 2348 4946 gularis
2378 4877 2494 4945 ipse
2516 4877 2763 4932 diabolus
2790 4888 2872 4933 est
2891 4920 2906 4943 ,
2944 4889 3160 4950 totaque
3191 4882 3336 4938 illius
3365 4900 3575 4940 manus.
3602 4886 3701 4938 Sili-

2150 4968 2390 5037 gularem
2421 4983 2548 5023 vero
2596 4969 2743 5024 illum
2788 4970 3113 5041 appellavit,
3164 4982 3221 5028 ιιι
3265 4974 3437 5042 ipsius
3483 4978 3701 5032 ferociam

2150 5074 2311 5134 atque
2357 5066 2717 5134 impuritatem
2767 5067 2838 5122 ob
2882 5068 3069 5122 oculos
3115 5079 3361 5137 poneret.
3418 5072 3549 5127 Nam
3585 5073 3703 5129 Scri-

2150 5164 2304 5225 ptura
2328 5197 2340 5221 ,
2373 5171 2493 5210 cum
2528 5157 2674 5212 illius
2712 5159 3059 5226 rapacitatem
3086 5159 3460 5218 demonstrare
3488 5165 3623 5229 vult,
3646 5163 3699 5213 ita

2150 5247 2320 5317 inquit
2345 5289 2360 5314 ,
2394 5247 2673 5317 Tamquam
2720 5247 2797 5303 leo
2825 5251 3031 5320 rugiens
3055 5252 3273 5317 circuit,
3317 5271 3548 5324 querens
3585 5268 3705 5326 quin

2150 5337 2349 5392 devoret
2379 5340 2458 5407 (1.
2492 5336 2606 5392 Pet.
2634 5340 2688 5394 5.
2720 5339 2811 5409 8);
2855 5356 2977 5394 cum
3019 5356 3147 5396 vero
3194 5344 3345 5398 virus
3392 5346 3519 5400 illud
3549 5348 3698 5416 perni-

2151 5431 2355 5486 ciosum
2381 5446 2443 5486 ac
2472 5431 2629 5487 letale
2655 5432 2943 5501 signiﬁcat,
2969 5446 3273 5503 serpentem
3302 5448 3458 5492 vocat
3504 5449 3557 5493 et
3580 5454 3696 5492 scor-

2153 5522 2364 5592 pionem
2392 5520 2649 5588 :Calcatc,
2677 5524 2868 5593 inquit,
2897 5542 3050 5594 super
3071 5538 3325 5595 serpentes
3345 5538 3395 5583 et
3420 5532 3695 5601 scorpiones.

2152 5622 2198 5666 et
2226 5629 2380 5682 super
2409 5628 2607 5665 omnem
2649 5614 2878 5667 virtutem
2920 5616 3112 5669 inimici
3150 5616 3311 5687 (Luc.
3340 5621 3427 5675 10.
3453 5622 3538 5692 19)
3565 5635 3695 5673 :cum

2152 5701 2310 5756 simul
2339 5718 2602 5758 venenum
2631 5702 2832 5758 indicat
2855 5714 2911 5760 et
2933 5706 3117 5771 robur,
3151 5707 3439 5765 draconem
3470 5712 3696 5770 nominat.

2151 5796 2599 5867 quemadmodum
2622 5812 2689 5853 eo
2717 5798 2837 5853 loco
2862 5816 2875 5853 :
2897 5799 3075 5859 Draco
3103 5802 3214 5867 iste,
3242 5819 3391 5872 quem
3415 5805 3631 5875 [ornasti
3645 5803 3700 5854 ad

2153 5889 2471 5946 illudendum
2500 5891 2544 5947 ei
2566 5890 2739 5963 (Psal.
2765 5891 3016 5968 105.26).
3043 5894 3111 5952 Et
3133 5895 3418 5955 draconem
3439 5907 3495 5957 et
3514 5912 3695 5970 serpen-
