3878 6516
163 472 264 532 293

164 589 226 642 ἂν
247 583 597 655 παρήγαγενς
623 578 789 635 Εἶπον
808 581 1039 650 φθάσας,
1065 583 1147 636 ὅτι
1171 581 1346 646 οὐδεὶς
1373 581 1544 644 οὕτως
1568 582 1722 633 ἐπαι-

161 680 238 732 νεῖ
259 693 382 731 τινα
411 675 518 730 ἀπὸ
545 675 645 746 τῆς
669 674 780 726 τῶν
809 673 994 728 κακῶν
1025 674 1261 744 ἀποχῆς,
1312 674 1433 728 οὐδὲ
1463 673 1599 736 ὅλως
1627 672 1726 725 αὐ-

161 771 248 824 τοῦ
279 770 552 839 μέμνηται
571 783 587 797 ο
634 766 757 819 οὐδὲ
803 765 1057 836 σώφρονα
1091 765 1413 835 βουλόμενος
1441 765 1726 819 ἐπαινέσαι

160 879 238 926 τις
272 861 445 924 οὕτως
477 861 612 929 ὲρεῖ,
647 861 728 912 ὅτι
758 859 857 912 οὐκ
886 858 1222 929 ἐμοίχευσεν,
1243 858 1360 911 ἀλλ’
1391 858 1472 911 ὃτι
1505 858 1598 911 καὶ
1624 859 1725 929 τῆς

165 953 293 1014 ἰδίας
323 950 532 1019 ἀπέστη
565 949 846 1016 γυναικός.
876 947 1125 1019 Οὐδαμοῦ
1149 951 1257 1020 γὰρ
1275 950 1375 1018 τὴν
1402 948 1510 1001 τῶν
1539 949 1726 1002 κακῶν

160 1040 364 1110 ἀποχὴν
381 1038 603 1109 τίθεμεν
622 1055 635 1067 ·
664 1039 837 1106 γέλως
859 1040 966 1110 γὰρ
992 1038 1170 1092 τοῦτο.
1194 1035 1359 1093 Εἶπον
1383 1040 1466 1093 ὅτι
1485 1043 1518 1111 ἠ
1542 1039 1725 1110 μορφὴ

157 1129 247 1185 τοῦ
295 1127 482 1183 δούλου
517 1129 744 1201 ἀληθὴς,
778 1132 873 1183 καὶ
922 1131 1042 1184 οὐδὲ
1093 1127 1361 1185 ὲλάττων·
1401 1131 1598 1185 οὐκοῦν
1632 1131 1726 1185 καὶ

157 1225 188 1295 ἠ
222 1221 402 1292 μορφὴ
430 1220 521 1273 τοῦ
555 1221 691 1274 Θεοῦ
721 1221 922 1284 τελεία,
953 1222 1050 1274 καὶ
1083 1223 1182 1275 οὐκ
1227 1222 1484 1277 ἐλάττων.
1535 1225 1633 1276 Διά
1673 1222 1725 1276 τί

161 1311 231 1383 μὴ
247 1307 420 1376 εἷπεν,
440 1312 528 1365 Ἐν
547 1315 728 1382 μορφῇ
746 1311 880 1365 Θεοῦ
898 1313 1206 1382 γενόμενος,
1220 1313 1356 1378 ἁλλ’,
1371 1314 1385 1332 '
1401 1313 1725 1384 Υπάρχων;

159 1401 299 1452 Ἴσον
344 1401 460 1452 ἐστὶ
510 1398 670 1452 τοῦτο
715 1399 807 1452 τοῦ
835 1401 1046 1467 εἰπεῖν,
1096 1401 1236 1470 Ἐγώ
1277 1404 1394 1471 είμι
1439 1406 1474 1457 ό
1517 1401 1622 1456 ὠν.
1651 1403 1726 1456 Τὸ

156 1489 572 1560 ἀπαράλλακτον
598 1489 631 1560 ἡ
665 1489 848 1560 μορφὴ
867 1490 1126 1556 δείκνυσι,
1157 1491 1342 1556 καθώς
1368 1493 1483 1547 ἐστι
1515 1495 1720 1564 μορφή.

156 1581 266 1632 Οὐκ
300 1579 415 1632 ἔστι
445 1579 523 1641 δὲ,
554 1580 719 1650 ἀλλης
747 1580 934 1644 οὐσίας
973 1581 1120 1648 ὄντα,
1169 1581 1268 1650 τὴν
1316 1583 1482 1654 ἄλλης
1508 1585 1723 1655 μορφὴν

155 1669 325 1740 ἔχειν’
354 1665 465 1724 οἷον
505 1671 680 1734 οὐδεὶς
712 1670 1016 1742 ἀνθρώπων
1043 1674 1277 1742 ἀγγέλου
1323 1674 1437 1746 ἔχει
1483 1676 1720 1747 μορφὴν,

154 1764 272 1816 οὐδὲ
318 1764 509 1833 ἄλογον
561 1763 846 1834 ἀνθρώπου
897 1764 1011 1835 ἔχει
1069 1768 1316 1837 μορφήνο
1381 1766 1499 1831 πῶς
1555 1762 1649 1822 οῦν
1693 1769 1723 1821 6

154 1854 278 1918 Υἱός
301 1871 316 1921 ;

219 2002 281 2054 δ’.
301 1997 432 2055 Εἶτα
448 2002 540 2054 ἐπὶ
563 2001 660 2071 μὲν
680 2002 712 2072 ἡ
721 2001 857 2072 μῶν,
872 2004 969 2056 ἐπε
979 2003 1059 2073 ιδὴ
1079 2003 1319 2058 σύνθετοί
1335 2005 1520 2076 ἐσμεν,
1538 2006 1572 2076 ἡ
1593 2023 1724 2077 μορ-

154 2095 225 2166 φὴ
253 2093 350 2146 τοῦ
387 2092 640 2164 σώματός
670 2097 844 2148 ἐστιν·
898 2097 990 2148 ὲπί
1021 2095 1077 2148 δὲ
1110 2096 1204 2149 τοῦ
1236 2095 1406 2148 ἁπλοῦ
1437 2098 1530 2150 καὶ
1557 2097 1723 2150 ἀσυν-

155 2186 325 2248 θέτου,
371 2187 586 2252 πάντως
617 2187 716 2258 τῆς
763 2187 967 2250 οὐσίας.
1008 2189 1069 2242 Εἰ
1104 2188 1160 2241 δὲ
1208 2188 1267 2241 τὸ
1311 2191 1479 2260 χωρὶς
1521 2190 1722 2262 ἄρθρου

156 2277 403 2348 είρῆσθαι
475 2277 654 2346 λέγεις
729 2278 810 2331 ὃτι
893 2279 954 2331 οὐ
1009 2278 1247 2332 δείκνυσι
1324 2281 1414 2334 τὸν
1481 2282 1720 2352 Πατέρα,

157 2367 420 2438 πολλαχοῦ
473 2369 629 2421 τοῦτο
660 2369 936 2422 δείκνυται
969 2371 1138 2441 χωρὶς
1175 2371 1378 2443 ἄρθρου
1413 2375 1720 2444 εἰρημένον.

158 2460 262 2513 Καὶ
294 2461 350 2512 τί
375 2460 518 2528 λέγω
554 2461 858 2532 πολλαχοῦ;
888 2464 943 2514 ὲν
965 2462 1072 2534 γὰρ
1099 2463 1247 2534 αὐτῷ
1281 2463 1483 2526 εὐθέως
1509 2463 1586 2534 τῷ
1615 2482 1724 2534 χω-

159 2553 255 2625 ρίῳ
274 2553 471 2625 τούτῳ,
486 2557 606 2622 Οὐχ
630 2555 963 2624 ἁρπαγμὸν,
985 2557 1169 2626 φησὶν,
1197 2557 1235 2624 ’ὴ
1246 2557 1470 2626 γήσατο
1487 2557 1556 2611 τὸ
1573 2553 1725 2610 εἶναι

157 2645 260 2700 ἴσα
300 2645 423 2711 Θεῷ
440 2662 456 2677 ο
481 2646 574 2698 καὶ
600 2647 699 2699 οὐκ
726 2645 876 2718 [259]
899 2643 1018 2701 εἶπε
1047 2647 1190 2717 μετά
1216 2647 1310 2700 τοῦ
1344 2646 1570 2718 ἄρθρου,
1597 2648 1726 2718 περὶ

155 2735 248 2789 τοῦ
275 2733 411 2788 Θεοῦ
441 2735 536 2788 τοῦ
565 2737 777 2806 Πατρὸς
798 2736 994 2804 λέγων.
1026 2737 1296 2808 Βούλομαι
1321 2738 1414 2791 καὶ
1434 2737 1503 2790 τά
1531 2737 1729 2809 ἡμέτεο

159 2845 226 2898 ρα
259 2827 594 2899 προσθεῖναι,
637 2827 771 2882 ἀλλά
799 2829 1012 2882 δέδοικα
1036 2827 1110 2900 μὴ
1147 2828 1552 2899 καταχὼσωμεν
1574 2829 1727 2900 ὐμῶν

154 2918 252 2980 τὰς
276 2917 537 2980 διανοίας.
590 2919 740 2982 Τέως
773 2918 828 2972 δὲ
855 2919 923 2973 τὰ
952 2920 1216 2991 εἰρημένα
1262 2919 1542 2992 μέμνησθε
1589 2920 1728 2992 πρὸς

154 3007 468 3079 ἀνατροπὴν
501 3009 723 3063 ἐκείνων
743 3025 756 3040 ο
791 3008 929 3073 τέως
959 3010 1058 3072 τάς
1100 3009 1339 3073 ἀκάνθας
1384 3009 1726 3079 ἑκτέμωμεν,

155 3099 398 3171 καίγτότε
445 3102 538 3154 τὸν
586 3101 785 3172 σπόρον
835 3101 1246 3172 καταϐαλοῦμεν
1281 3101 1374 3155 τὸν
1398 3099 1560 3154 καλὸν
1591 3100 1729 3170 μετά

153 3191 214 3244 τὸ
233 3191 337 3254 τὰς
362 3191 600 3256 ἀκάνθας
625 3192 988 3263 ἐκτμηθῆναι,
1011 3194 1104 3246 καὶ
1129 3192 1322 3264 μικρὸν
1349 3192 1683 3246 ἀναπνεῦσαι
1699 3205 1724 3232 ιι

153 3282 250 3351 τὴν
283 3284 412 3352 γῆν,
447 3283 535 3337 ἵνα
567 3285 746 3338 πᾶσαν
772 3285 871 3352 τὴν
909 3284 1118 3338 ἐκεῖθεν
1159 3284 1471 3354 ἀποθεμένη
1505 3283 1725 3350 κακίαν,

156 3372 295 3441 μετὰ
326 3373 533 3443 πολλῆς
560 3374 656 3443 τῆς
695 3374 894 3445 ἀρετῆς
930 3374 1238 3444 δέχηταιτά
1266 3373 1384 3427 θεῖα
1414 3373 1724 3445 σπέρματα.

155 3461 658 3532 Εὐχαριστὴσωμεν
715 3463 856 3536 ὑπὲρ
909 3465 1017 3516 τῶν
1082 3465 1385 3534 εἰρημένων
1444 3464 1523 3534 τῷ
1578 3464 1726 3534 Θεῷσ

152 3550 480 3620 ἀξιώσωμεν
535 3551 697 3604 αὐτὸν
745 3552 929 3606 δοῦναι
984 3552 1232 3625 φυλακὴν
1280 3555 1372 3606 καλ⁸
1410 3553 1729 3625 διατήρησιν

153 3643 362 3705 αὐτῶν,
391 3644 476 3695 ἵνα
505 3643 598 3696 καὶ
628 3645 788 3713 ἡμεῖς
817 3646 912 3698 καὶ
945 3645 1102 3715 ὑμεῖς
1133 3645 1555 3717 εὐφραινώμεθα
1582 3687 1596 3713 ,
1635 3647 1731 3699 καὶ

152 3734 199 3785 οἰ
227 3734 498 3805 αίρετικοὶ
533 3735 1018 3806 καταισχύνωνται.
1053 3737 1534 3809 Παρακαλέσωμεν
1567 3737 1730 3791 αὐτὸν

152 3824 245 3878 καὶ
265 3826 347 3888 είς
372 3824 434 3877 τὸ
459 3824 584 3896 ἑξῆς
610 3829 743 3896 ἡμῖν
764 3827 970 3894 ἀνοῖξαι
995 3827 1192 3899 στόμα,
1225 3827 1366 3882 ὥστε
1395 3831 1490 3883 καὶ
1511 3829 1578 3883 τὰ
1603 3829 1732 3900 ήμέ·

153 3932 285 3986 τερα
309 3918 452 3988 μετὰ
474 3917 570 3988 τῆς
593 3919 761 3990 αὐτῆς
781 3919 942 3972 πάλιν
964 3920 1201 3991 σπουδῆς
1224 3922 1728 3992 παρακαταθέσθαι·

154 4009 442 4081 δεηθῶμεν
484 4011 668 4076 αὐτοῦ,
706 4011 844 4065 ὥστε
873 4013 1096 4085 καὶτῆς
1134 4013 1370 4078 πίστεως
1421 4013 1534 4085 βίον
1581 4016 1732 4080 ἄξιον

157 4103 286 4172 ἡμῖν
317 4107 644 4175 παρασχεῖν,
680 4105 765 4158 ἶνα
797 4105 876 4170 είς
904 4105 1061 4172 δόξαν
1105 4105 1270 4158 αὐτοῦ
1298 4105 1500 4176 ζῶμεν,
1537 4108 1623 4161 ῖνα
1655 4110 1731 4178 μὴ

156 4193 215 4245 τὸ
267 4194 442 4265 ὄνομα
491 4194 656 4248 αὐτοῦ
713 4195 1097 4268 βλασφημῆται
1123 4197 1192 4250 δι’
1223 4200 1390 4269 ἡμᾶς.
1443 4200 1586 4253 Οὐαί
1623 4201 1732 4272 γὰρ

155 4285 319 4355 ὑμῖν,
352 4287 509 4357 φησι,
555 4287 629 4341 δι’
657 4288 765 4355 οὓς
793 4288 859 4342 τὸ
889 4289 1078 4358 ὄνομα
1119 4290 1225 4346 τοῦ
1257 4290 1406 4345 θεοῦ
1443 4292 1731 4362 mag?”

153 4382 370 4453 μεῖται.
401 4383 467 4435 Εἰ
497 4383 606 4455 γάρ
633 4383 748 4437 υίὸν
774 4383 1016 4454 ἔχοντες
1053 4385 1228 4440 καίτοι
1259 4386 1312 4438 τί
1353 4385 1468 4440 υἰοῦ
1495 4385 1732 4458 γνησιώ-

159 4489 354 4543 τερον;
382 4474 432 4526 εί
467 4475 581 4527 υἱὸν
610 4474 788 4526 τοίνυν
821 4475 980 4545 ἡμεῖς
1008 4475 1253 4546 ἔχοντες,
1303 4478 1432 4530 ὅταν
1462 4479 1532 4531 δι’
1571 4479 1733 4532 αὐτὸν

162 4564 615 4636 βλασφημώμεθα
635 4606 650 4628 ,
695 4566 1158 4638 ἀποκηρύττομεν
1179 4569 1365 4632 αὐτὸν,
1398 4571 1735 4640 ἀποστρεφό-

163 4657 323 4724 μεθα,
351 4656 412 4708 οὐ
449 4657 788 4727 προσιέμεθα
809 4674 824 4689 ο
855 4659 1006 4728 πόσῳ
1051 4659 1249 4729 μᾶλλον
1295 4660 1324 4712 6
1357 4659 1489 4723 Θεὸς
1515 4660 1733 4726 δούλους

158 4749 295 4818 ἔχων
321 4748 670 4818 ἀγνώμονας,
701 4749 1151 4821 βλασφημοῦντας
1175 4751 1335 4806 αὐτὸν
1361 4753 1456 4806 καὶ
1487 4752 1734 4825 ὑϐρίζον-

157 4857 288 4903 τας,
322 4842 428 4894 οὐκ
463 4841 947 4915 ἀποστραφήσεται
985 4844 1078 4897 καὶ
1109 4846 1368 4916 μισήσει;
1402 4848 1499 4900 Ὃν
1529 4847 1573 4900 δ’
1605 4847 1673 4902 ἂν
1707 4849 1736 4901 6

157 4933 288 4996 Θεὸς
322 4935 532 5006 μισήσῃ
560 4935 652 4987 καὶ
682 4936 1027 5005 ἀποστραφῇ,
1068 4936 1152 4999 τίς
1192 4937 1595 5008 προσλήψεται;
1628 4939 1736 4992 Οὐ-

157 5021 288 5086 δεὶς,
321 5024 443 5076 ἀλλ’
470 5024 503 5093 ἢ
531 5027 560 5076 6
589 5023 851 5088 διάϐολος,
881 5025 996 5078 ἀλλ’
1027 5025 1058 5096 ἢ
1085 5026 1134 5077 οἰ
1164 5026 1434 5097 δαίμονες.
1470 5030 1565 5080 Ὃν
1593 5028 1637 5080 δ’
1669 5028 1735 5081 ἂν

157 5119 204 5169 οί
248 5117 509 5186 δαίμονες
543 5117 786 5182 λάϐωσι,
844 5119 1004 5171 ποίαν
1037 5119 1147 5182 ἕξει
1203 5121 1472 5195 σωτηρίας
1514 5121 1734 5188 ἐλπίδας

160 5209 320 5261 ποίαν
349 5210 711 5280 παραμυθίαν
741 5211 917 5281 ζωῆς;
957 5211 1100 5274 Ἕως
1129 5211 1195 5264 ἂν
1222 5213 1280 5265 ὲν
1321 5215 1390 5283 τῇ
1423 5214 1565 5286 χειρὶ
1589 5207 1737 5284 ὦμεν

159 5302 249 5354 τοῦ
279 5301 443 5366 Θεοῦ,
475 5302 648 5366 οὐδεὶς
670 5305 817 5374 ἡμᾶς
843 5303 1108 5373 ἁρπάζειν
1134 5303 1354 5359 δύναται
1371 5322 1383 5334 ·
1414 5306 1608 5378 ἰσχυρὰ
1631 5307 1738 5377 γάρ

161 5395 306 5444 ἐστιν
329 5409 348 5420 ·
370 5393 501 5446 ὅταν
533 5393 588 5445 δὲ
617 5393 713 5463 τῆς
737 5396 915 5466 χειρὸς
940 5395 1152 5471 ἐκείνης
1178 5397 1499 5468 ἐκπέσωμεν
1527 5398 1619 5451 καὶ
1641 5399 1738 5468 τῆς

162 5483 440 5554 βοηθείας,
465 5485 844 5554 ἀπολώλαμεν,
877 5489 1042 5542 πᾶσιν
1067 5487 1274 5559 ἕτοιμοι,
1299 5489 1637 5561 προκείμεθα
1660 5490 1739 5553 εἰς

161 5577 446 5649 ἁρπαγὴν,
490 5579 654 5631 πᾶσιν
686 5581 764 5642 εἰς
802 5579 1194 5653 καταπάτημα,
1231 5581 1307 5648 ὡς
1352 5585 1526 5658 τοῖχος
1559 5583 1739 5637 κεκλιο

221 5775 248 5804 ⁸
268 5773 481 5826 Coislin.
507 5773 800 5825 ἀναπαῦσαι.

1004 459 1076 520 ΙΝ
1109 462 1324 520 EI’IST.
1365 463 1457 518 AD
1493 459 1785 520 PHILIPP.

1827 459 1981 518 CAP.
2024 462 2088 518 ιι.
2129 463 2366 522 IIOMIL.
2404 467 2498 526 Vl.
3288 468 3402 524 εει

1831 575 1990 645 μένος
2016 577 2110 630 καὶ
2143 580 2397 650 φραγμὸς
2422 579 2686 652 ὠσμένος.
2717 581 2886 638 Ὅταν
2908 582 3020 653 γὰρ
3114 582 3348 652 ἀσθενὴς
3368 583 3403 638 6

1825 670 2022 738 τοῖχος,
2054 671 2374 736 εὐεπίϐατος
2395 673 2547 728 ἔσται
2575 677 2728 729 πᾶσι.
2764 675 2855 746 Μὴ
2885 675 2995 746 γὰρ
3021 677 3113 728 ἐπὶ
3158 677 3256 746 τῆς
3299 676 3403 729 Ἱε-

1827 761 2112 831 ρουσαλὴμ
2149 761 2324 816 οἴεσθε
2346 763 2504 817 τοῦτο
2533 765 2784 834 λέγεσθαι
2811 770 2970 837 μόνον
2992 805 3008 831 ,
3042 766 3071 820 δ
3112 766 3288 837 μέλλω
3311 766 3400 819 λέ-

1825 863 1964 916 γειν,
1997 851 2132 904 ἀλλά
2158 853 2254 906 καὶ
2286 854 2379 907 ἐπὶ
2403 855 2602 919 παντὸς
2631 857 2939 930 ἀνθρώπου.
2977 859 3041 911 Τί
3075 859 3132 911 δὲ
3171 859 3265 912 ἐπὶ
3295 862 3396 930 τῆς

1837 938 2191 1014 Ἰερουσαλὴμ.
2241 944 2489 1014 ὲλέγετο;
2554 948 2717 1018 ’ᾼσω
2764 947 2840 1017 δὴ
2905 948 2984 1014 τῷ
3034 949 3410 1019 ἠγαπημένῳ·

1824 1021 1989 1098 ᾆσμα
2017 1031 2123 1085 τοῦ
2145 1032 2455 1102 ἀγαπητοῦ
2480 1052 2620 1104 μου,
2651 1033 2732 1102 τῷ
2757 1036 3064 1106 ἀμπελῶνί
3081 1056 3221 1107 μου.
3262 1039 3398 1107 Ἀμο

1824 1120 2028 1174 πελὼν
2050 1122 2302 1191 ἐγενήθη
2333 1123 2412 1190 τῷ
2425 1126 2787 1196 ἠγαπημένῳ
2807 1127 2877 1180 ἐν
2899 1127 3118 1195 κέρατι,
3146 1129 3215 1182 έν
3239 1131 3404 1193 τόπῳ

1823 1210 2007 1265 πίονι.
2056 1213 2166 1267 Καὶ
2203 1220 2476 1284 φραγμὸν
2513 1215 2835 1284 περιέθηκα
2883 1217 2982 1270 καὶ
3017 1217 3396 1286 ἐχαράκωσα,

1823 1301 1922 1354 καί
1955 1301 2264 1370 ἐφύτευσα
2316 1305 2589 1372 ἄμπελον
2627 1305 2854 1373 Σωρὴκ,
2904 1307 3002 1360 καί
3039 1306 3402 1376 ᾠκοδόμησα

1823 1390 2054 1458 πύργον
2084 1392 2156 1444 ἐν
2179 1391 2348 1460 μέσῳ
2373 1393 2578 1458 αὑτοῦ,
2613 1394 2713 1447 καί
2734 1393 3068 1462 προλήνιον
3101 1395 3301 1462 ὢρυξα
3328 1396 3408 1450 έν

1821 1478 2002 1545 αὐτῷ,
2025 1481 2122 1533 καί
2141 1483 2344 1550 ἔμεινα
2369 1483 2476 1538 τοῦ
2495 1484 2746 1554 ποιῆσαι
2774 1484 3120 1554 σταφυλὴν,
3149 1485 3412 1557 ἐποίησεν

1823 1569 1892 1623 δὲ
1937 1569 2225 1638 ἀκάνθας.
2281 1575 2390 1628 Καὶ
2423 1575 2542 1628 νῦν
2575 1575 2868 1643 ἄνθρωποι
2897 1577 3003 1631 τοῦ
3045 1576 3251 1640 Ἰούδα,
3299 1576 3409 1631 καὶ

1822 1663 1877 1715 οἱ
1900 1663 2321 1731 κατοικοῦντες
2345 1665 2417 1719 έν
2452 1666 2869 1736 Ἰερουσαλὴμ,
2906 1667 3147 1736 κρίνατε
3181 1667 3252 1720 ἐν
3271 1666 3403 1737 ἐμοι

1822 1756 2056 1837 καίρνὰ
2076 1757 2273 1825 μέσον
2296 1757 2403 1812 τοῦ
2430 1757 2786 1827 ἀμπελῶνός
2807 1775 2946 1828 μου.
2992 1759 3056 1813 Τί
3078 1758 3202 1813 ἔδει
3223 1757 3401 1827 ποιῆ-

1821 1863 1925 1900 σαι
1958 1845 2040 1912 τῷ
2075 1847 2385 1917 ἀμπελῶνί
2426 1865 2569 1918 μου,
2623 1849 2724 1902 καὶ
2773 1852 2883 1902 οὐκ
2910 1850 3169 1917 ἐποίησα
3199 1848 3360 1915 αὐτῷ
3379 1867 3412 1914 ξ

1822 1937 1979 1990 Διότι
2009 1938 2213 2005 ἔμεινα
2233 1938 2341 1992 τοῦ
2371 1938 2623 2007 ποιῆσαι
2653 1939 3000 2008 σταφυλὴν,
3033 1925 3283 2007 ἐποίησε
3331 1939 3412 1994 δὲ

1822 2025 2109 2092 ἀκάνθας.
2148 2026 2279 2080 Νῦν
2308 2022 2425 2081 οὖν
2448 2027 2758 2096 ἀναγγελὼ
2793 2028 2935 2098 ὑμῖν
2963 2028 3020 2081 τί
3044 2028 3277 2094 ποιήσω
3319 2025 3403 2094 τῶ

1823 2115 2132 2185 ἀμπελῶνί
2146 2134 2265 2186 μου
2288 2133 2302 2147 ·
2346 2117 2550 2186 ἀφελῶ
2583 2118 2690 2171 τὸν
2727 2118 3000 2188 φραγμὸν
3045 2116 3254 2181 αὐτοῦ,
3297 2117 3401 2170 καί

1823 2207 1994 2261 ἔσται
2025 2209 2112 2272 είς
2143 2206 2502 2275 διαρπαγὴν,
2532 2208 2630 2261 καὶ
2662 2207 2896 2262 καθελῶ
2919 2207 3028 2261 τὸν
3049 2207 3254 2276 τοῖχον
3295 2208 3404 2262 αὐ.

1823 2294 1952 2353 τοῦ,
1993 2295 2090 2348 καί
2119 2294 2290 2348 ἔσται
2334 2298 2422 2361 είς
2465 2296 2887 2366 καταπάτημαο
2930 2296 3030 2350 καὶ
3055 2296 3265 2360 ἀνήσω
3293 2294 3404 2348 τὸν

1825 2383 2149 2453 ἀμπελῶνά
2197 2401 2338 2453 μου,
2388 2385 2484 2438 καί
2528 2387 2600 2439 οὐ
2627 2384 2712 2454 μὴ
2766 2383 2963 2454 τμηθῇ
2991 2427 3005 2451 ,
3037 2384 3166 2438 οὐδ’
3204 2386 3276 2438 οὐ
3309 2383 3398 2454 μὴ

1826 2475 2037 2543 (nam?
2059 2492 2074 2506 °
2112 2476 2209 2529 καὶ
2235 2475 2640 2543 ἀναϐήσονται
2662 2479 2750 2542 είς
2772 2478 2978 2540 αὐτὸν,
3011 2478 3090 2543 ὡς
3138 2479 3226 2542 είς
3265 2477 3399 2546 χέρ-

1825 2578 1962 2626 σον,
1997 2564 2250 2620 ἄκανθαι
2274 2582 2288 2596 ο
2319 2567 2416 2618 καὶ
2449 2567 2578 2633 ταῖς
2611 2566 2894 2636 νεφέλαις
2937 2565 3084 2639 [260]
3123 2566 3403 2620 ἐντελοῦ-

1821 2673 1929 2726 μαι
1947 2656 2052 2710 τοῦ
2079 2655 2166 2726 μὴ
2191 2656 2406 2724 ,βρέξαι
2435 2659 2518 2722 είς
2546 2658 2733 2710 αὐτὸν
2757 2659 2951 2712 ὑετόν.
2993 2658 3054 2711 '0
3083 2658 3192 2728 γὰρ
3216 2658 3402 2727 ἀμπε-

1825 2747 1953 2802 λὼν
1978 2748 2200 2816 Κυρίου
2233 2749 2476 2804 Σαϐαὼθ
2513 2744 2679 2814 οἶκος
2699 2747 2807 2802 τοῦ
2840 2747 3086 2816 Ἰσραήλ
3121 2747 3275 2811 ἐστι,
3301 2746 3401 2800 καί

1827 2837 2138 2906 ἄνθρωπος
2188 2838 2296 2892 τοῦ
2365 2839 2561 2894 Ἰούδα
2589 2880 2604 2906 ,
2651 2839 2949 2907 νεόφυτον
2989 2837 3398 2914 ἠγαπημένον.

1832 2930 2078 2997 Ἕμεινα
2106 2929 2206 2981 ἵνα
2235 2927 2462 2997 ποιήσῃ
2492 2930 2696 2996 κρίσιν
2719 2946 2733 2960 ο
2756 2929 3008 2996 ἐποίησε
3034 2926 3103 2981 δὲ
3125 2928 3400 2998 ἀνομίαν,

1828 3017 1926 3072 καί
1952 3019 2023 3072 οὐ
2051 3016 2463 3085 δικαιοσύνην,
2489 3018 2650 3072 ἀλλὰ
2671 3018 2960 3088 κραυγήν.
2993 3017 3162 3073 Τοῦτο
3193 3017 3290 3071 καὶ
3315 3017 3402 3087 ἐφ’

1830 3108 2066 3179 ἑκάστης
2096 3108 2315 3177 λέγεται
2337 3109 2533 3179 ψυχῆς.
2568 3109 2740 3163 Ὅταν
2769 3110 2877 3179 γὰρ
2908 3110 3087 3164 πάντα
3114 3109 3402 3182 πληρώσῃ,

1829 3197 1864 3252 ἀ
1900 3196 2089 3268 ἐχρῆν,
2126 3198 2156 3250 6
2182 3197 2561 3267 φιλάνθρωπος
2594 3197 2749 3264 Θεὸς,
2779 3194 2898 3252 εἶτα
2929 3200 3131 3270 ποιήσῃ
3161 3199 3405 3262 ἀκάνθας

1831 3290 1951 3344 ἀντὶ
1973 3289 2266 3360 σταφυλῆς,
2291 3288 2482 3358 ἀφελεῖ
2508 3290 2596 3342 τὸν
2618 3289 2894 3360 φραγμὸν,
2919 3292 3012 3344 καὶ
3039 3290 3293 3361 καθαιρεῖ
3313 3289 3404 3343 τὸν

1829 3380 2007 3450 τοῖχον
2034 3417 2050 3443 ,
2081 3378 2176 3431 καὶ
2220 3378 2458 3450 ἐσόμεθα
2485 3379 2565 3442 είς
2606 3379 2881 3450 ἁρπαγήν.
2927 3381 3124 3435 ’Λκουε
3151 3382 3261 3451 γὰρ
3288 3380 3406 3444 πῶς

1831 3471 1926 3524 καὶ
1969 3470 2154 3541 ἕτερος
2206 3471 2494 3542 προφήτης
2531 3471 2852 3541 ὀδυρόμενος
2908 3472 3126 3542 ἔλεγεν
3163 3475 3297 3528 Ἵνα
3348 3473 3408 3527 τί

1831 3560 2104 3626 καθεῖλες
2133 3559 2241 3613 τὸν
2280 3560 2554 3629 φραγμὸν
2581 3560 2807 3628 αὐτῆς,
2841 3563 2939 3614 καί
2975 3561 3272 3631 τρυγῶσιν
3296 3563 3408 3615 αὐ·

1831 3651 1948 3718 τὴν
1977 3651 2198 3716 πάντες
2219 3653 2273 3704 οἱ
2301 3653 2851 3722 παραπορευόμενοι
2884 3651 2994 3720 τὴν
3022 3653 3199 3717 (Mdv;
3239 3653 3409 3706 Ἐλυ-

1827 3742 2061 3812 μήνατο
2096 3741 2294 3810 αὐτὴν
2318 3738 2394 3808 ὗς
2434 3743 2503 3795 ἐκ
2540 3740 2792 3810 δρυμοῦ,
2825 3741 2924 3794 καί
2959 3742 3170 3812 μονιὸς
3206 3740 3410 3810 ἄγριος

1832 3832 2280 3903 κατενεμήσατο
2301 3833 2515 3902 αὐτήν.
2560 3833 2708 3885 Ἐκεῖ
2751 3833 2849 3904 μὲν
2874 3829 2967 3886 οῦν
3005 3834 3133 3904 περὶ
3171 3832 3265 3886 τοῦ
3296 3833 3412 3904 Μήο

1831 3927 1920 3982 δου
1946 3927 2038 3980 καὶ
2062 3925 2156 3978 τοῦ
2185 3925 2526 3978 Βαϐυλωνίου
2554 3925 2718 3997 φησίν
2739 3942 2752 3956 ⁸
2782 3925 3017 3980 ἐνταῦθα
3043 3926 3100 3979 δὲ
3131 3927 3259 3996 περὶ
3281 3925 3411 3979 τούρ

1831 4035 1924 4072 του
1957 4018 2057 4072 οὐκ
2099 4018 2246 4071 ἔστιν
2299 4018 2493 4080 εἰπεῖν,
2531 4017 2666 4071 ἀλλὰ
2687 4012 2751 4082 ῦς
2778 4018 2872 4072 καὶ
2904 4017 3084 4087 μονιὸς
3111 4019 3139 4070 6
3167 4017 3411 4081 διάϐολός

1834 4111 1971 4175 ἐστι,
2001 4110 2095 4163 καὶ
2144 4111 2294 4163 πᾶσα
2327 4107 2494 4163 αὐτοῦ
2540 4109 2574 4180 ἡ
2621 4108 2871 4178 δύναμις.
2912 4109 3110 4162 Μονιὸν
3149 4108 3204 4161 δὲ
3247 4108 3411 4162 αὐτὸν

1833 4201 2044 4272 εἴρηκε,
2081 4201 2140 4253 τὸ
2163 4202 2356 4271 ἄγριον
2390 4200 2486 4252 καὶ
2516 4200 2825 4270 ἀκάθαρτον
2854 4199 3020 4253 αὐτοῦ
3062 4201 3410 4270 παραστῆσαι

1836 4291 2179 4362 βουλόμενος.
2224 4291 2394 4344 Ὅταν
2442 4291 2541 4361 μὲν
2565 4291 2672 4362 γάρ
2704 4290 2869 4344 αὐτοῦ
2923 4290 2984 4343 τὸ
3009 4291 3348 4360 ἁρπακτικὸν
3375 4291 3409 4360 ἡ

1836 4383 2026 4454 Γραφὴ
2059 4382 2313 4454 βούληται
2341 4382 2601 4452 δηλῶσαι,
2634 4382 2797 4451 φησίν
2823 4398 2836 4412 ·
2887 4382 2981 4446 Ὠς
3029 4381 3183 4435 λέων
3228 4383 3412 4450 ὼρυόο

1828 4491 2013 4544 μενος
2041 4473 2430 4544 περιέρχεται,
2460 4471 2646 4540 ζητῶν
2692 4474 2825 4528 τίνα
2853 4475 3117 4542 καταπίῃ
3137 4491 3150 4504 ⁸
3181 4475 3308 4529 ὅταν
3353 4473 3411 4526 δὲ

1835 4565 1897 4618 τὸ
1934 4564 2137 4618 ἰοϐόλον
2186 4565 2281 4618 καὶ
2320 4564 2618 4636 θανάσιμον
2653 4566 2749 4618 καὶ
2791 4564 3052 4636 ὀλέθριον,
3100 4566 3222 4634 ὅφιν
3251 4567 3412 4620 αὐτὸν

1836 4655 1996 4711 καλεῖ
2043 4655 2138 4708 καὶ
2172 4655 2467 4724 σκορπιόν’·
2524 4655 2770 4710 Πατεῖτε
2817 4655 2947 4728 γὰρ,
2995 4658 3180 4726 φησὶν,
3212 4657 3414 4711 ἐπάνω

1837 4748 2031 4819 ὄφεων
2061 4747 2159 4801 καί
2179 4748 2506 4816 σκορπίων,
2537 4747 2636 4802 καί
2663 4747 2762 4800 ἐπὶ
2784 4747 2991 4804 πᾶσαν
3017 4747 3130 4817 τὴν
3158 4747 3416 4818 δύναμιν

1836 4839 1944 4893 τοῦ
1977 4837 2419 4908 ἀντικειμένου·
2445 4839 2571 4892 ὅταν
2601 4840 2656 4894 δὲ
2692 4840 2751 4892 τὸ
2783 4840 2998 4912 ἰσχυρὸν
3037 4839 3172 4910 ὁμοῦ
3213 4841 3304 4893 καὶ
3339 4843 3415 4892 io-

1839 4930 2015 4996 ϐόλον,
2039 4930 2306 5001 δράκοντα
2338 4929 2499 4983 αὐτὸν
2520 4930 2695 4994 καλεῖ,
2727 4931 2802 4994 ὡς
2829 4931 2959 4984 ὃταν
2982 4929 3117 5002 λέγῃ
3136 4946 3149 4960 ο
3175 4929 3416 4998 Δράκων

1839 5023 2038 5092 οὗτος,
2072 5025 2142 5078 ὃν
2163 5025 2438 5088 ἔπλασας
2466 5022 2767 5091 ἐμπαίζειν
2793 5020 2971 5086 αὐτῷ.
3005 5021 3113 5074 Καὶ
3147 5021 3414 5092 δράκοντα

1839 5119 1934 5172 καὶ
1961 5118 2083 5186 ὅφιν
2119 5115 2331 5170 σκολιὸν
2368 5113 2464 5166 καὶ
2497 5113 2696 5166 ἀσπίδα
2740 5113 2898 5166 αὐτὸν
2929 5112 3088 5165 καλεῖ
3116 5111 3412 5180 πανταχοῦ.

1841 5209 2185 5274 Πολύπλοκον
2215 5206 2324 5278 γὰρ
2349 5205 2410 5258 τὸ
2452 5204 2639 5276 θηρίον
2663 5204 2758 5257 καὶ
2793 5203 3055 5266 ποικίλον,
3088 5203 3182 5255 καί
3213 5201 3415 5270 πολλὴν

1842 5306 1954 5374 ἔχει
1982 5302 2079 5372 τὴν
2115 5299 2266 5371 ἰσχύν
2289 5317 2302 5329 ·
2335 5298 2513 5352 πάντα
2542 5299 2700 5358 κινεῖ,
2731 5297 2909 5348 πάντα
2950 5294 3188 5364 θορυϐεῖ,
3237 5294 3415 5346 πάντα

1843 5395 1955 5448 ἄνω
1978 5392 2071 5445 καὶ
2094 5390 2242 5445 κάτω
2274 5388 2516 5460 στρέφει.
2563 5386 2722 5439 ’Λλλά
2755 5387 2830 5458 μὴ
2854 5383 3149 5480 φοϐηθῆτε,
3183 5383 3315 5480 ἀλλὰ
3341 5381 3421 5480 μῆ

1842 5485 2089 5556 δείσητε·
2125 5483 2448 5554 γρηγορεῖτε
2475 5479 2654 5548 μόνον,
2687 5477 2780 5530 καὶ
2811 5477 2885 5539 ὡς
2925 5475 3205 5547 στρουθίον
3232 5475 3413 5528 ἔσταιἶ

1843 5573 2091 5630 Πατεῖτε
2121 5572 2250 5644 γὰρ,
2282 5571 2466 5641 φησὶν,
2494 5569 2694 5624 ἐπάνω
2723 5570 2916 5638 ὄφεων
2958 5568 3055 5621 καὶ
3088 5567 3415 5636 σκορπίων.

1845 5665 2232 5733 Καταπάτημα
2270 5661 2431 5715 αὐτὸν
2466 5660 2573 5715 τῶν
2616 5661 2902 5733 ἡμετέρων
2941 5659 3165 5731 ἐποίησε
3217 5659 3419 5727 ποδῶν⁸

1845 5757 1911 5833 ἂν
1943 5753 2276 5832 βουλώμεθα.
