3878 6580
444 470 557 525 22$

521 592 582 638 ε’.
619 585 756 655 Ὄρα
813 582 988 636 τοίνυν
1044 582 1207 644 πόσος
1261 579 1454 648 γέλως.
1483 578 1624 648 πόση
1658 577 1934 646 ἀθλιότης.
1963 574 2020 628 δν

1037 465 1097 522 S.
1130 460 1418 520 JOANNIS
1453 456 1945 516 CHRYSOSTOMI
1977 455 2299 513 ARCHIEP.
2340 456 2888 516 CONSTANTINOP.

3599 455 3702 512 226

2131 573 2243 627 δενὶ
2270 577 2475 629 τούτων
2521 576 2754 646 γέγονας
2786 575 3029 647 βελτίων,
3081 570 3405 644 Θαυμάζετε
3446 569 3582 632 ἴσως
3609 573 3704 642 τὴν

453 672 724 744 ἐλάϐομεν
756 673 966 736 πατεῖν,
993 668 1180 724 τοῦτον
1217 668 1350 738 όρᾷν
1386 667 1523 737 ὑπὲρ
1545 665 1790 734 κεφαλῆς
1819 663 2028 717 ἑστῶτα
2126 663 2394 734 τοσαύτην
2431 663 2615 718 ἄνοιαν
2644 664 2738 717 τοῦ
2788 663 3068 734 προδότου.
3091 660 3302 715 οὐκοῦν
3335 657 3616 728 φοϐήθητε
3650 661 3707 712 τι

449 759 550 829 τῆς
579 757 868 829 ἡμετέρας.
909 756 1034 819 Πῶς
1063 755 1120 808 δέ
1147 753 1307 808 τοῦτο
1355 754 1599 822 γίνεται;
1663 752 1800 822 Παρ⁹
1831 749 1988 820 ήμῶν
2012 761 2025 775 ·

449 847 518 900 ἂν
547 847 708 916 ἡμεῖς
747 843 1085 915 βουλώμεθα,
1121 843 1295 913 μέγας
1325 841 1501 894 ἐστίν·
1540 840 1605 894 ἂν
1630 841 1791 909 ἡμεῖς
1826 835 2030 906 βουλώ-

454 933 614 1004 μεθα,
645 933 853 1000 γίνεται
881 931 1097 1002 μικρός.
1139 931 1265 983 Ἐὰν
1292 928 1648 1000 προσέχωμεν
1675 927 1905 991 ἑαυτοῖς,
1937 923 2032 977 καὶ

454 1020 593 1091 μετά
619 1019 714 1072 τοῦ
751 1018 1019 1089 βασιλέως
1049 1012 1199 1089 ὦμεν
1227 1016 1323 1069 τοῦ
1357 1014 1648 1086 ἡμετέρου,
1682 1011 2030 1066 συστέλλεται

452 1105 548 1158 καὶ
576 1104 787 1157 παιδίου
839 1102 1036 1174 μικροῦ
1069 1102 1219 1156 οὐδὲν
1271 1101 1491 1170 ἄμεινον
1518 1097 1849 1152 διακείσεται
1880 1099 1936 1149 ἐν
1966 1099 2031 1166 τῇ

452 1190 594 1261 πρὸς
628 1193 777 1260 ἡμᾶς
813 1190 960 1260 μάχῃ
989 1206 1002 1218 ⁶
1054 1191 1184 1241 ὅταν
1218 1186 1546 1256 ἀποστῶμεν
1593 1184 1784 1249 αὑτοῦ,
1823 1182 2035 1254 μεγάλα

451 1279 620 1348 φυσᾷ,
649 1277 936 1347 βρυχᾶται,
970 1275 1142 1346 τρίζει
1191 1274 1318 1336 τοὺς
1369 1273 1605 1337 ὀδόντας,
1657 1272 1751 1325 ἆτε
1793 1271 2036 1340 ἐρήμους

453 1367 604 1437 ἡμᾶς
627 1366 726 1434 τῆς
757 1363 1001 1435 μεγάλης
1036 1361 1353 1432 συμμαχίας
1390 1359 1569 1413 λαϐών
1588 1375 1602 1389 ο
1638 1359 1697 1412 οὐ
1728 1359 1836 1428 γάρ
1867 1358 2037 1426 πρόσ-

456 1469 617 1514 εισιν,
652 1451 746 1504 ἐὰν
801 1449 876 1521 μὴ
929 1449 1258 1519 συγχωρήσῃ
1301 1450 1328 1500 6
1379 1446 1532 1509 Θεός.
1590 1444 1654 1499 EE
1695 1446 1804 1515 γάρ
1837 1443 2036 1513 χοίρων

453 1539 680 1608 ἀγέλαις
710 1539 770 1590 οὐ
821 1537 1227 1606 κατετόλμησεν
1271 1533 1601 1603 ἐπεμϐῆναι,
1642 1532 1716 1602 μὴ
1757 1531 1849 1584 τοῦ
1901 1529 2036 1582 Θεοῦ

457 1626 938 1698 συγχωρήσαντος,
995 1621 1176 1691 πολλῷ
1214 1621 1423 1691 μᾶλλον,
1461 1619 1664 1690 ψυχαῖς
1708 1617 2035 1688 ἀνθρώπων.

459 1714 740 1784 Συγχωρεῖ
774 1711 831 1762 δὲ
867 1710 1020 1772 Θεὸς,
1053 1709 1086 1778 ἦ
1137 1707 1428 1770 παιδεύων,
1459 1707 1493 1776 ἢ
1523 1706 1679 1774 δίκην
1703 1703 1970 1762 ἀπαιτῶν,
2003 1701 2036 1771 ἢ

451 1801 863 1871 δοκιμωτέρους
898 1800 1089 1861 ποιῶν,
1139 1797 1214 1858 ὡς
1249 1796 1342 1848 τὸν
1384 1793 1526 1848 Ἰὼϐ.
1572 1794 1736 1863 Ὁρᾷς
1767 1792 1930 1845 αὐτὸν
1965 1790 2038 1860 μὴ

459 1887 916 1958 προσερχόμενον,
947 1884 1084 1953 μηδέ
1103 1883 1388 1952 τολμῶντα
1414 1879 1666 1948 γενέσθαι
1695 1880 1883 1947 ἔγγὺς,
1907 1877 2040 1930 ἀλλά

453 1975 735 2028 δεδοικότα
762 1974 856 2026 καὶ
886 1975 1191 2042 τρέμοντας
1233 1972 1343 2026 Καὶ
1374 1971 1426 2023 τί
1453 1970 1595 2038 λέγω
1624 1969 1755 2038 περὶ
1771 1966 1863 2019 τοῦ
1898 1964 2038 2028 ’1ώϐ;

456 2061 539 2131 τῷ
574 2061 682 2130 γὰρ
712 2059 882 2130 Ἰούδᾳ
919 2059 1302 2128 ἐφαλλόμενος,
1333 2058 1433 2110 οὐκ
1459 2056 1780 2124 ἐτόλμησεν,
1809 2054 1914 2115 ἕως
1947 2051 2044 2104 αὑ-

458 2148 552 2202 τὸν
593 2147 688 2201 τοῦ
743 2146 888 2217 ίεροῦ
939 2145 1100 2216 χοροῦ
1149 2144 1446 2213 άπέσχισεν
1480 2144 1509 2195 6
1556 2142 1812 2212 Χριστὸς,
1856 2139 2042 2191 λαϐεῖν

460 2235 772 2305 ὁλόκληρον,
830 2236 922 2286 καὶ
973 2232 1234 2285 εἰσελθεῖν
1272 2234 1353 2293 είς
1402 2230 1587 2284 αὐτόν.
1631 2228 1766 2282 Τότε
1803 2226 1904 2297 μὲν
1949 2222 2042 2280 οὖν

461 2324 664 2391 ἔξωθεν
694 2322 1085 2391 προσέϐαλλεν,
1119 2320 1265 2374 ἔνδον
1291 2320 1348 2372 δέ
1395 2317 1660 2372 εἰσελθεῖν
1683 2317 1782 2369 οὐκ
1809 2315 2008 2385 ἐτόλμα
2027 2331 2042 2345 ν

467 2411 656 2482 ἐπειδὴ
682 2409 738 2463 δὲ
760 2404 901 2462 εἶδεν
925 2406 1324 2478 ἀποσχισθέντα
1355 2406 1454 2476 τῆς
1486 2405 1639 2475 ἱερᾶς
1670 2402 1892 2472 ἀγέλης,
1917 2417 2045 2454 παν-

463 2499 556 2563 τὸς
585 2496 734 2569 [241]
763 2497 927 2550 λύκου
965 2494 1320 2565 σφοδρότερον
1352 2492 1608 2562 ἐφήλατο,
1631 2491 1726 2544 καὶ
1757 2489 1819 2542 οὺ
1853 2489 2046 2561 πρότε-

465 2603 560 2657 ρον
576 2586 808 2655 ἀπέστη,
837 2584 940 2646 ἔως
964 2582 1126 2636 αὑτὸν
1153 2581 1331 2634 ἀνεῖλε
1353 2580 1581 2634 θάνατον
1597 2576 1838 2632 διπλοῦν.
1855 2575 2044 2629 Ταῦτα

465 2672 604 2744 πρὸς
636 2671 916 2725 νουθεσίαν
944 2669 1098 2740 ἡμῶν
1138 2669 1465 2738 γέγραπται.
1498 2667 1652 2719 Ἐπεὶ
1680 2667 1832 2719 ποῖον
1855 2664 2044 2733 κέρδος

463 2759 528 2812 τὸ
555 2759 780 2828 γνῶναι,
806 2759 888 2811 ὅτι
935 2753 1015 2820 εἷς
1042 2755 1150 2808 τῶν
1177 2751 1384 2808 δώδεκα
1410 2753 1686 2824 προέδωκε
1713 2770 1726 2817 ;
1767 2751 1894 2806 ποία
1920 2751 2046 2820 ὄνη-

470 2864 592 2912 σις;
629 2847 757 2899 ποία
804 2844 1078 2913 ὼφέλεια;
1134 2841 1575 2912 ΜεγάληΧὈταν
1619 2838 1728 2910 γὰρ
1784 2839 2046 2909 μάθωμεν

469 2935 635 2988 πόθεν
671 2936 876 2997 ἐκεῖνος
911 2934 1003 2986 ἐπί
1028 2932 1126 3002 τὴν
1170 2931 1412 3000 ὀλέθριον
1437 2925 1567 3000 ἦλθε
1596 2926 1790 2999 βουλὴν
1819 2927 2045 2997 ταύτην,

468 3021 823 3091 φυλαξόμεθα
860 3021 967 3074 ἀπὸ
996 3020 1200 3090 ταύτης
1240 3020 1334 3071 καὶ
1361 3016 1516 3070 αὐτοὶ
1551 3015 1625 3087 μὴ
1663 3016 1731 3069 τὰ
1773 3015 1912 3069 αύτά
1940 3032 2046 3069 πα-

470 3109 607 3163 θεῖν.
641 3109 810 3162 Πόθεν
838 3103 932 3161 οῦν
949 3103 1114 3177 ἦλθεν
1144 3107 1235 3159 ἐπὶ
1268 3105 1456 3168 τοῦτο;
1496 3104 1631 3155 Ἀπὸ
1663 3103 2045 3173 φιλαργυρίαςο

470 3196 713 3265 κλέπτης
748 3192 850 3266 ἧν·
894 3194 1002 3247 ἀπὸ
1048 3192 1253 3263 ταύτης
1297 3191 1470 3253 οὓτως
1517 3190 1716 3261 ἐμέθυε
1745 3189 1824 3260 τῷ
1864 3190 2047 3254 πάθει,

467 3284 554 3337 ὅτι
571 3283 660 3336 τὸν
685 3283 780 3353 τῆς
809 3281 1132 3351 οἰκουμένης
1159 3280 1435 3348 Δεσπότην
1458 3279 1750 3349 τριάκοντα
1774 3279 2050 3349 ἀργυρίων

475 3369 777 3440 προέδωκε.
809 3369 876 3420 Τί
908 3371 1007 3438 τῆς
1061 3367 1261 3438 μανίας
1305 3366 1512 3436 ταύτης
1539 3368 1754 3436 χεῖρον;
1790 3359 1865 3417 Οῦ
1898 3365 2050 3419 οὐδὲν

469 3457 724 3522 ἀντάξιον
763 3456 882 3508 οὐδὲ
923 3457 1055 3516 ἴσον,
1089 3448 1132 3522 ᾧ
1180 3455 1247 3507 τά
1299 3454 1423 3523 ἔθνη
1472 3455 1550 3516 είς
1594 3452 1745 3505 οὐδὲν
1775 3452 2050 3524 ἐλογίσθη,

467 3543 659 3596 τοῦτον
700 3544 993 3614 τριάκοντα
1044 3541 1324 3612 ἀργυρίων
1354 3540 1653 3610 προέδωκε.
1685 3538 1910 3610 Χαλεπὴ
1944 3539 2052 3611 γὰρ

471 3632 572 3700 τῆς
609 3629 976 3702 φιλαργυρίας
1008 3632 1041 3699 ὴ
1069 3629 1342 3700 τυραννὶς,
1375 3628 1522 3698 δεινὴ
1558 3628 1735 3697 ψυχὴν
1763 3627 2050 3697 ἐκστῆσαι.

471 3719 586 3787 Οὐχ
609 3717 750 3769 οὕτω
786 3735 868 3780 τις
896 3716 1000 3768 ὑπὸ
1032 3719 1132 3786 τῆς
1167 3715 1338 3786 μέθης
1373 3714 1668 3786 παραπλὴξ
1711 3713 1944 3782 γίνεται,
1977 3713 2054 3776 ὡς

472 3805 580 3856 ὑπὸ
607 3803 996 3872 φιλαργυρίαςο
1031 3804 1127 3872 οὐχ
1158 3801 1330 3865 οὕτως
1357 3801 1460 3854 ὑπὸ
1494 3803 1690 3871 μανίας
1729 3802 1823 3854 καὶ
1871 3818 2053 3871 παρα-

476 3890 726 3959 πληξίας,
755 3890 829 3952 ὡς
869 3890 972 3941 ὑπ’)
1004 3889 1387 3960 φιλαργυρίας.
1417 3888 1514 3941 Διὰ
1542 3887 1592 3941 τί
1625 3889 1754 3959 γὰρ,
1785 3890 1907 3941 εἰπέ
1941 3905 2052 3958 μοι,

478 3976 775 4046 προδίδως;
804 3977 1052 4046 Ἀσημον
1073 3975 1201 4028 ὄντα
1231 3992 1291 4028 σε
1318 3975 1413 4029 καὶ
1440 3975 1660 4042 ἀγνῶτα
1682 3975 1931 4038 ἐκάλεσε,
1960 3976 2056 4028 καὶ

475 4063 576 4118 ἕνα
609 4061 717 4115 τῶν
766 4061 974 4114 δώδεκα
1019 4061 1269 4130 ἐποίησε,
1319 4060 1670 4124 διδασκαλίας
1711 4079 1792 4115 σοι
1825 4063 2057 4132 μετέδω-

475 4167 595 4213 κεν,
629 4148 894 4218 ὑπέσχετο
925 4149 1092 4220 μυρία
1123 4147 1323 4217 ἀγαθὰ,
1361 4148 1616 4219 θαύματά
1642 4166 1700 4201 σε
1728 4149 2057 4220 ἐργάζεσθαι

481 4236 770 4307 πεποίηκε,
794 4236 1098 4307 τραπέζης,
1132 4236 1290 4301 ὁδῶν,
1317 4235 1553 4306 ὁμιλίας,
1587 4237 1896 4298 συνουσίας,
1926 4237 2059 4290 πάν-

475 4343 586 4380 των
625 4325 1012 4396 ἐκοινώνησας,
1045 4320 1121 4379 ὧν
1160 4327 1254 4379 καὶ
1281 4328 1332 4379 οἱ
1374 4325 1569 4379 λοιποί.
1617 4324 1801 4378 Ταῦτα
1848 4326 1948 4379 οὐκ
1991 4321 2058 4395 ἦν

478 4413 639 4466 ικανά
669 4415 1002 4483 κατασχεῖν;
1040 4413 1185 4475 τίνος
1229 4408 1323 4466 οὖν
1383 4412 1571 4464 ἕνεκεν
1617 4411 1972 4482 προέδωκαςς
2006 4411 2058 4463 τί

479 4500 617 4574 ἔχων
646 4500 919 4569 ἐγκαλεῖν,
947 4495 993 4554 ὦ
1029 4501 1226 4572 μιαρέ;
1263 4500 1316 4552 τί
1341 4500 1399 4553 δὲ
1431 4502 1533 4552 οὐκ
1563 4494 1623 4552 εὖ
1647 4498 1868 4563 παθών;
1905 4499 2058 4570 ’ᾘδει

483 4603 578 4641 σου
605 4589 703 4657 τὴν
727 4588 989 4653 διάνοιαν,
1019 4591 1118 4642 οὐκ
1161 4587 1438 4641 ἐπαύσατο
1462 4587 1532 4641 τὰ
1567 4586 1696 4657 παρ’
1728 4583 1921 4639 ἐαυτοῦ
1951 4586 2061 4636 εἰσ-

487 4675 689 4744 φέρων*
726 4674 986 4738 πολλάκις
1039 4671 1211 4741 εἶπεν,
1237 4676 1317 4729 ὄτι
1347 4669 1452 4739 Εἷς
1482 4673 1552 4737 ἐξ
1583 4671 1752 4742 ὑμῶν
1788 4671 2060 4740 παραδώ-

488 4776 588 4813 σει
615 4777 724 4829 με’
760 4760 1019 4824 πολλάκις
1067 4761 1264 4827 ἔστιξε,
1312 4761 1408 4814 καὶ
1440 4759 1694 4828 ἐφείσατό
1718 4775 1834 4822 σου,
1865 4758 1957 4810 καὶ
1981 4758 2061 4810 εί-

485 4843 594 4909 δῶς
642 4864 701 4898 σε
750 4847 1013 4914 τοιοῦτον,
1041 4849 1141 4902 οὐκ
1173 4847 1392 4911 ἐξέϐαλέ
1421 4862 1479 4898 σε
1510 4843 1604 4898 τοῦ
1635 4844 1796 4916 χοροῦ
1823 4861 1837 4875 ο
1873 4843 1951 4897 ἔτι
1980 4843 2062 4897 δι-

486 4934 805 4998 εϐάσταζεν,
846 4933 926 4986 ἔτι
953 4934 1028 4997 ὠς
1053 4936 1272 5005 γνήσιον
1288 4935 1382 4987 καὶ
1410 4933 1505 4986 ἓνα
1520 4933 1628 4986 τῶν
1647 4931 1872 4995 δώδεκα,
1890 4930 2064 4996 οὕτως

487 5021 672 5090 ἐτίμα,
706 5020 876 5084 οὔτως
925 5021 1116 5089 ἐφίλει.
1149 5022 1222 5073 Τὸ
1248 5021 1571 5085 τελευταῖον,
1605 5018 1650 5071 ὣ
1675 5019 1776 5088 τῆς
1808 5020 2058 5090 μιαρίαςί

487 5111 582 5162 καὶ
641 5109 846 5162 λέντιον
891 5109 1071 5162 λαϐὼν
1123 5109 1270 5178 ἔνιψε
1321 5111 1440 5172 ταῖς
1487 5108 1776 5179 ἀχράντοις
1828 5109 2065 5171 ἐκείναις

486 5195 645 5267 χερσὶ
668 5199 790 5260 τοὺς
824 5197 1054 5269 μιαρούς
1083 5215 1176 5250 σου
1201 5197 1389 5259 πόδας,
1408 5197 1502 5250 καὶ
1523 5196 1641 5250 οὐδὲ
1667 5194 1823 5247 τοῦτό
1845 5211 1904 5247 σε
1937 5212 2067 5247 κατ-

487 5283 667 5353 έσχεν.
696 5285 996 5347 ’Έκλεπτες
1025 5285 1092 5338 τὰ
1115 5283 1223 5338 τῶν
1258 5286 1532 5354 πενήτων
1570 5283 1664 5335 καὶ
1705 5283 1791 5335 ἵνα
1831 5283 1900 5352 μὴ
1933 5299 2067 5352 προ-

489 5369 648 5441 έλθῃς
680 5373 759 5433 εἰς
789 5372 970 5442 μεῖζον
1002 5372 1190 5436 κακὸν,
1211 5371 1305 5424 καὶ
1329 5370 1484 5423 τοῦτο
1505 5369 1698 5440 ἔφερεν
1720 5385 1734 5399 ο
1773 5369 1887 5421 ἀλλ’
1913 5368 2066 5423 οὐδέν

486 5474 552 5528 σε
589 5460 824 5512 ἔπεισεν.
871 5461 933 5513 El
966 5459 1075 5530 γὰρ
1109 5459 1297 5528 θηρίον
1323 5455 1412 5530 ἦς,
1446 5458 1493 5508 εί
1524 5458 1632 5525 γάρ
1660 5455 1826 5519 λίθος,
1861 5457 1920 5509 οὐ
1949 5458 2068 5519 ταῖς

486 5545 830 5614 εὐεργεσίαις
865 5549 985 5609 ταῖς
1017 5548 1095 5609 είς
1133 5545 1215 5611 σὲ,
1249 5547 1308 5598 οὐ
1354 5549 1466 5606 τοῖς
1516 5543 1811 5612 θαύμασιν,
1857 5544 1916 5595 οὐ
1947 5545 2066 5607 ταῖς

486 5631 856 5696 διδασκαλίαις
889 5633 996 5687 ἔδει
1043 5632 1490 5705 μεταϐληθῆναι;
1545 5631 1706 5686 Ἀλλὰ
1760 5631 1853 5684 καὶ
1895 5629 2069 5694 οὕτως

489 5720 958 5792 ἐκτεθηριωμένον
997 5722 1202 5788 ἐκάλει,
1232 5721 1326 5776 καὶ
1351 5720 1441 5774 διὰ
1478 5719 1585 5774 τῶν
1624 5719 1943 5790 θαυμασίων
1977 5718 2068 5788 ἔρ-

491 5822 606 5874 γων
637 5810 873 5883 ἐπήγετό
901 5828 959 5864 σε
979 5810 1071 5865 τὸν
1097 5811 1260 5866 λίθων
1289 5809 1766 5882 ἀναισθητότερον.
1800 5809 1871 5862 Σὺ
1900 5807 1954 5861 δὲ
1979 5807 2066 5860 ού-

2129 750 2338 802 ἐκείνου
2371 750 2591 822 τραῦμα
2610 768 2624 780 ·
2662 751 2768 804 ἀπὸ
2792 749 3153 821 φιλαργυρίας
3182 746 3425 809 τοιοῦτος
3469 746 3707 812 ἐγένετο,

2131 838 2238 891 ἀπὸ
2267 839 2361 892 τοῦ
2389 840 2494 892 τῶν
2529 840 2828 911 χρημάτων
2859 839 3082 910 ἔρωτος.
3107 834 3382 905 Ἔκκοψον
3405 833 3471 886 τδ
3502 833 3706 896 πάθος·

2130 928 2354 979 τοιαῦτα
2381 927 2490 997 γὰρ
2513 928 2687 981 τίκτει
2713 929 2998 999 νοσήματα
3018 943 3035 960 ο
3069 925 3285 986 ἀσεϐεῖς
3314 924 3483 984 ποιεῖ,
3505 922 3605 973 καὶ
3626 923 3707 973 τὸν

2132 1013 2264 1066 Θεὸν
2289 1015 2504 1082 ἀγνοεῖν
2538 1013 2968 1084 παρασκευάζει,
2997 1012 3100 1066 κᾶν
3135 1011 3398 1081 μυριάκις
3427 1009 3713 1076 εὐεργετη-

2134 1101 2648 1172 θῶμεν.Ἔκκοψον,
2691 1102 3021 1173 παρακαλῶο
3063 1103 3164 1154 οὐκ
3209 1099 3326 1152 ἔστι
3371 1096 3487 1150 τῶν
3528 1094 3710 1163 τυχόν-

2133 1206 2262 1249 των,
2300 1188 2560 1253 θανάτους
2592 1187 2699 1243 οἶδε
2729 1191 2932 1243 τίκτειν
2970 1187 3246 1258 ὀλεθρίους
3274 1185 3530 1257 μυρίους.
3565 1182 3706 1233 Efﬂa—

2139 1295 2238 1346 μεν
2291 1279 2352 1330 τὸ
2405 1279 2611 1333 ἐκείνου
2661 1279 2870 1342 πάθος’
2913 1275 3238 1347 φοϐηθῶμεν
3285 1274 3362 1344 μὴ
3392 1275 3512 1333 τοῖς
3543 1271 3714 1331 αὐτ-,οξ

2136 1365 2290 1418 αὐτοὶ
2319 1367 2724 1436 περιπέσωμεν.
2753 1364 2851 1418 Διά
2885 1363 3041 1416 τοῦτο
3065 1362 3398 1432 γέγραπται,
3430 1359 3526 1411 ῖνα
3561 1355 3637 1427 μὴ
3656 1358 3715 1408 τὰ

2137 1453 2278 1506 αύτά
2303 1452 2566 1520 πάθωμεν
2593 1455 2687 1506 κοιλ⁸
2721 1454 2878 1523 ἡμεῖς
2896 1468 2908 1482 ·
2938 1450 3026 1504 διὰ
3055 1448 3213 1501 τοῦτο
3240 1446 3447 1508 πάντες
3480 1447 3531 1496 οί
3564 1444 3715 1507 56:7-

2137 1538 2381 1607 γελισταὶ
2405 1541 2560 1592 τοῦτο
2586 1540 2934 1610 διηγήσαντο,
2969 1535 3118 1608 [242]
3155 1535 3242 1588 ἵνα
3269 1535 3418 1602 ἡμᾶς
3457 1530 3716 1599 σωφρονί’

2139 1643 2297 1679 σωσι.
2333 1626 2623 1699 Πόρρωθεν
2657 1626 2859 1695 φεῦγε·
2911 1625 3011 1678 οὐκ
3053 1623 3170 1675 ἔστι
3201 1621 3362 1674 τοῦτο
3393 1619 3566 1689 μόνον
3607 1617 3714 1686 φιλ-

2138 1715 2394 1786 αργυρία,
2451 1715 2510 1768 τὸ
2560 1715 2770 1768 πολλῶν
2798 1715 2947 1784 ὲρᾷν,
2991 1710 3129 1764 ἀλλά
3152 1710 3212 1762 τὸ
3253 1709 3394 1771 ὅλως
3423 1705 3714 1777 χρημάτων

2140 1803 2292 1872 ἐρᾷν.
2321 1802 2656 1873 Φιλαργυρία
2687 1801 2854 1870 δεινὴ,
2885 1799 2945 1852 τὸ
2974 1798 3134 1850 πλέον
3163 1796 3262 1865 τῆς
3289 1793 3490 1865 χρείας
3536 1793 3711 1846 αἰτεῖν.

2140 1890 2230 1958 Μὴ
2284 1890 2393 1960 γὰρ
2423 1891 2662 1943 τάλαντα
2715 1886 2917 1958 χρυσοῦ
2964 1882 3033 1957 ἦν
3075 1885 3197 1937 τότε
3232 1883 3303 1936 τά
3344 1879 3714 1934 πείσειν-ταὼν

2141 1977 2445 2047 προδότηνς
2479 1975 2786 2045 Τρίακοντα
2822 1970 2961 2045 ἦσαν
2991 1972 3251 2043 ἀργύρια’
3303 1964 3612 2041 τριάκοντα
3631 1969 3717 2037 ἀρα

2141 2064 2343 2134 γυρίων
2374 2063 2652 2134 προέδωκε
2683 2063 2774 2116 τὸν
2797 2063 3094 2132 Δεσπότην.
3118 2056 3266 2131 ’Δρα
3306 2057 3621 2129 μέμνησθε,
3640 2059 3717 2109 ὅτε

2140 2151 2325 2220 ἔλεγον
2355 2152 2462 2220 πρὸ
2491 2151 2702 2216 τούτου,
2724 2151 2805 2203 ὅτι
2836 2151 2936 2203 οὐκ
2967 2151 3024 2202 ἐν
3053 2147 3132 2217 τῷ
3161 2146 3474 2216 λαμϐάνειν
3501 2144 3718 2212 πολλάή

2141 2238 2424 2305 πλεονεξία
2455 2236 2749 2302 δείκνυται,
2788 2236 2925 2290 ἀλλά
2973 2234 3153 2304 πολλῷ
3183 2233 3386 2303 μᾶλλον
3422 2234 3485 2284 ἔν
3517 2231 3596 2301 τῷ
3631 2231 3721 2282 όλξο

2139 2341 2250 2394 γα;
2286 2325 2416 2377 Ἰδοὺ
2446 2325 2571 2377 ὅσον
2593 2323 2761 2377 κακὸν
2785 2314 2940 2386 οὗτος
2971 2321 3267 2392 εἰργάσατο
3297 2320 3367 2373 δι’
3388 2318 3577 2386 ὀλίγον
3608 2335 3721 2388 χρυ-

2144 2411 2287 2463 σίον·
2327 2411 2526 2481 μᾶλλον
2557 2411 2613 2463 δέ
2653 2411 2714 2463 οὐ
2763 2409 2850 2463 διὰ
2895 2409 3134 2479 χρυσίον,
3172 2407 3307 2460 άλλά
3361 2407 3431 2459 δι’
3471 2403 3719 2474 ἀργύρια.

2141 2498 2258 2550 Οὐκ
2310 2498 2478 2562 ἔστιν,
2511 2497 2611 2550 οὐκ
2661 2495 2806 2550 ἔστιν
2847 2497 3016 2566 ἄνδρα
3053 2495 3394 2565 φιλάργυρον
3429 2493 3569 2546 ἰδεῖν
3607 2507 3720 2543 ποτε

2141 2585 2236 2637 τοῦ
2281 2585 2517 2655 Χριστοῦ
2542 2584 2604 2637 τὸ
2647 2584 2940 2655 πρόσωπον
2963 2601 2978 2615 ο
3019 2583 3076 2635 ἐν
3099 2583 3206 2636 τῶν
3235 2583 3526 2635 ἀδυνάτων
3557 2578 3716 2632 τοῦτο.

2153 2671 2308 2735 Ῥίζα
2336 2671 2454 2723 ἐστὶ
2475 2670 2582 2724 τῶν
2613 2671 2821 2726 κακῶν.
2847 2672 2907 2724 Εἰ
2937 2672 2993 2724 δέ
3025 2672 3084 2725 ἔν
3109 2689 3192 2733 τις
3220 2671 3362 2739 ἔχων
3410 2668 3613 2731 κακὸν,
3645 2668 3721 2718 ἐκ·

2142 2758 2334 2812 πίπτει
2377 2758 2478 2828 τῆς
2508 2758 2666 2828 δόξης
2697 2757 2934 2828 ἐκείνης,
2959 2759 2988 2810 6
3011 2759 3112 2828 τὴν
3149 2756 3304 2828 ῥίζαν
3332 2755 3721 2825 ἐπιφερόμενος

2144 2847 2249 2900 ποῦ
2279 2848 2535 2916 στήσεται
2561 2863 2575 2911 ς
2615 2847 2730 2898 υύκ
2771 2844 2886 2899 ἔστι
2913 2846 3004 2899 τὸν
3031 2847 3332 2915 χρημάτων
3361 2844 3499 2896 ὄντα
3530 2842 3720 2903 δοῦλον,

2142 2935 2328 2989 δοῦλον
2359 2931 2499 2988 εἶναι
2527 2933 2765 3005 Χριστοῦ
2799 2935 3040 3002 γνήσιον.
3066 2933 3236 2995 Αὐτὸς
3267 2935 3294 2985 6
3336 2930 3588 3001 Χριστὸς
3631 2930 3722 2981 ἀπο

2145 3025 2404 3093 εφήνατο,
2453 3023 2535 3075 ὃτι
2579 3022 2644 3074 τὸ
2691 3023 2926 3092 πρᾶγμα
2977 3020 3271 3074 ἀδύνατονο
3323 3021 3414 3072 Οὐ
3439 3017 3722 3080 δύνασθε,

2145 3111 2301 3181 φησὶ,
2335 3109 2457 3174 Θεῷ
2480 3109 2798 3163 δουλεύειν
2826 3108 2926 3162 καὶ
2955 3104 3225 3178 μαμωνᾷ·
3263 3104 3611 3168 καὶ,οὺδεὶς
3635 3101 3723 3156 δύο

2145 3214 2318 3251 ναται
2343 3197 2486 3252 δυσὶ
2525 3197 2754 3262 κυρίοις
2793 3196 3131 3250 δουλεύειν.
3183 3193 3440 3247 Ἑναντία
3480 3191 3597 3261 γὰρ
3621 3192 3723 3242 ἐπι-

2146 3286 2449 3339 τάττουσιν.
2485 3285 2542 3336 Ὀ
2566 3283 2798 3354 Χριστὸς
2841 3283 3015 3350 λέγει,
3047 3281 3232 3333 Φείδου
3265 3279 3376 3332 τῶν
3397 3278 3722 3347 πενομένων·

2148 3372 2176 3422 6
2219 3373 2484 3442 μαμωνᾶς
2513 3373 2683 3438 λέγει,
2741 3369 3038 3422 Ἀπόδυσον
3071 3367 3165 3420 καὶ
3191 3365 3332 3418 αὐτά
3362 3365 3399 3418 ἃ
3427 3362 3724 3433 ἔχουσινοό

2149 3459 2385 3531 Χριστὸς
2414 3461 2584 3527 λέγει,
2620 3460 2871 3512 Κένωσον
2896 3457 3039 3526 άπερ
3067 3454 3212 3525 ἔχεις
3233 3468 3245 3482 ·
3275 3454 3304 3505 ὁ
3341 3453 3620 3522 μαμωνᾶς
3650 3450 3723 3501 λέ-

2148 3565 2259 3616 γει,
2280 3546 2424 3600 Λάϐε
2451 3547 2546 3600 καὶ
2577 3546 2718 3616 ἅπερ
2749 3545 2958 3615 ἔχουσιν
2982 3555 3030 3596 ι.

2225 3634 2299 3700 ς’.
2314 3631 2464 3697 Εῖδες
2483 3633 2819 3695 ἐναντίωσιν,
2833 3625 2971 3692 εἶδες
2985 3627 3114 3681 πόλε
3124 3644 3246 3698 μον;
3266 3625 3540 3679 Βούλεσθε
3557 3623 3724 3687 δείξω-

2155 3741 2255 3794 μεν
2279 3722 2396 3785 πῶς
2415 3721 2475 3775 οὐ
2506 3720 2728 3774 δύναταί
2749 3737 2833 3782 τις
2856 3716 3182 3788 ἀμφοτέρων
3200 3713 3402 3785 ῥᾳδίως
3417 3711 3724 3773 ὑπακούειν,

2157 3809 2275 3862 ἀλλ’
2313 3809 2427 3871 ένδς
2473 3809 2554 3860 δεῖ
2587 3807 3034 3876 καταφρονῆσαι;
3066 3802 3099 3873 ἦ
3148 3802 3208 3853 ού
3237 3801 3320 3853 δεῖ
3339 3799 3509 3866 λόγου
3538 3818 3553 3864 ;
3579 3799 3722 3862 ’Πῶςζ

2166 3894 2254 3948 Ἐν
2277 3896 2388 3957 τοῖς
2418 3894 2600 3965 ἔργοις
2644 3894 2740 3964 οὐχ
2774 3891 2989 3962 ὁρῶμεν
3037 3888 3213 3952 τοῦτο,
3237 3887 3331 3940 τὸν
3371 3885 3616 3955 Χριστὸν
3642 3887 3726 3955 μὲν

2155 3983 2685 4052 καταφρονούμενον,
2741 3982 2832 4033 τὸν
2900 3979 2955 4032 δὲ
3037 3979 3305 4048 μαμωνᾶν
3393 3975 3721 4045 τιμώμενονς

2171 4069 2359 4140 Ὁρᾶτε
2395 4070 2512 4132 πῶς
2562 4067 2748 4122 καὶτὰ
2777 4068 2998 4137 ῥήματα
3029 4064 3302 4134 φορτικὰς
3340 4064 3500 4131 πόσῳ
3543 4061 3725 4131 μᾶλλον

2156 4157 2226 4210 τὰ
2255 4158 2589 4227 πράγματα;
2639 4153 2778 4206 Ἀλλ’
2819 4152 2912 4205 ἐπὶ
2951 4150 3059 4204 τῶν
3083 4151 3427 4220 πραγμάτων
3456 4150 3525 4202 οὐ
3557 4148 3723 4215 φαίνε-

2157 4263 2247 4298 ται
2287 4243 2520 4314 φορτικά
2567 4242 2790 4312 ὁμοίως,
2828 4239 3014 4309 ἐπειδὴ
3056 4238 3135 4308 τῷ
3167 4237 3330 4290 πάθει
3365 4235 3720 4305 κατεχόμεθα.

2157 4330 2271 4385 Νῦν
2314 4331 2411 4399 μὲν
2440 4328 2548 4399 γὰρ
2582 4327 2686 4381 κᾶν
2714 4326 2893 4394 ὀλίγον
2988 4323 3366 4395 καθαρεύουσα
3399 4323 3500 4376 τοῦ
3538 4321 3722 4381 πάθους

2158 4418 2378 4490 ἡψυχὴ,
2399 4418 2504 4480 ἓως
2534 4417 2599 4470 ἂν
2630 4414 2867 4469 ἐνταῦθα
2899 4414 3130 4484 ἑστήκῃ,
3153 4413 3380 4466 δύναται
3421 4412 3633 4481 κρίνειν
3654 4411 3724 4479 ὀρ-

2158 4505 2296 4570 θῶς·
2336 4507 2450 4558 ἐκεῖ
2476 4504 2531 4557 δέ
2561 4502 2893 4566 ἀπελθοῦσα,
2919 4502 3014 4554 καὶ
3038 4499 3441 4570 κατασχεθεῖσα
3466 4499 3552 4568 τῷ
3574 4514 3720 4567 πάρε-

2157 4595 2256 4666 τῷ,
2288 4596 2384 4647 καὶ
2414 4595 2472 4645 ἐν
2497 4595 2562 4663 τῇ
2595 4592 2755 4662 ἡδονῇ
2790 4589 2885 4643 τοῦ
2937 4589 3262 4661 πράγματος
3304 4587 3602 4657 γενομένη,
3638 4586 3721 4639 οὐκ

2159 4682 2272 4752 ἔχει
2305 4680 2542 4751 καθαρὸν
2586 4678 2649 4731 τὸ
2678 4680 2981 4749 κριτήριον,
3015 4677 3117 4729 οὐκ
3155 4675 3268 4744 ἔχει
3298 4674 3360 4727 τὸ
3387 4675 3721 4745 δικαστήριον

2158 4769 2453 4824 ἀδέκαστον
2477 4784 2490 4795 ·
2525 4769 2553 4819 6
2583 4764 2818 4837 Χριστός
2865 4779 3048 4833 φησιν,
3086 4762 3220 4814 Ἐὰν
3243 4760 3329 4829 μή
3381 4777 3475 4826 τις
3519 4758 3720 4814 ἀποτά-

2160 4857 2334 4923 ξηται
2387 4853 2576 4912 πᾶσιν
2625 4851 2812 4905 αὑτοῦ
2857 4849 2984 4914 τοῖς
3012 4847 3417 4915 ὑπάρχουσιν,
3448 4849 3566 4900 οὐκ
3611 4844 3722 4896 ἐστι

2156 4961 2274 5014 μου
2302 4939 2605 5011 μαθητής·
2641 4941 2669 4992 6
2712 4937 2980 5008 μαμωνᾶς
3006 4951 3158 5005 φησι,
3181 4934 3331 4987 Λάϐε
3358 4934 3468 4986 ἀπὸ
3501 4927 3598 4984 τοῦ
3621 4947 3718 4983 πειο

2161 5031 2360 5092 νῶντος
2389 5029 2478 5081 τὸν
2526 5028 2726 5097 ἄρτον
2783 5027 2811 5079 6
2871 5024 3108 5094 Χριστὸς
3137 5022 3308 5090 λέγει,
3357 5016 3722 5092 ΙΙερίϐαλετδν

2163 5113 2367 5184 γυμνόν
2389 5129 2402 5141 ο
2441 5105 2594 5172 οὗτος
2628 5109 2798 5176 λέγει,
2831 5108 2934 5160 Τὸν
2967 5106 3173 5176 γυμνὸν
3204 5105 3475 5158 ἀπόδυσον
3496 5122 3513 5137 ·
3552 5107 3582 5158 6
3608 5104 3722 5171 Χρι-

2166 5201 2288 5264 στὸς
2331 5199 2498 5266 λέγει,
2534 5196 2641 5250 Τοῦ
2694 5195 3012 5266 σπέρματός
3061 5210 3154 5246 σου
3179 5193 3307 5254 τοὺς
3363 5191 3601 5254 οἰκείους
3641 5191 3722 5256 οὐχ

2165 5288 2428 5360 ὑπερόψει
2451 5303 2463 5318 ·
2499 5287 2526 5338 ὁ
2574 5285 2837 5356 μαμωνᾶς
2866 5282 3036 5350 λέγει,
3070 5280 3182 5333 Οὐκ
3229 5279 3474 5350 ἐλεήσεις
3493 5280 3622 5341 τοὺς
3658 5278 3723 5329 οἱ·

2165 5378 2344 5440 κείους
2372 5374 2466 5427 τοῦ
2500 5371 2813 5443 σπέρματός
2867 5387 2984 5434 σου,
3035 5368 3171 5421 άλλά
3199 5366 3301 5420 κᾶν
3352 5368 3569 5439 μητέρα
3604 5366 3720 5437 ῐδῃς.

2165 5465 2269 5518 κᾶν
2299 5462 2528 5534 πατέρα,
2563 5459 2915 5529 καταφρόνει.
2969 5457 3079 5509 Καὶ
3126 5454 3179 5508 τί
3231 5454 3376 5522 λέγω
3411 5454 3621 5524 πατέρα
3646 5454 3722 5504 καὶ

2171 5550 2415 5623 μητέρας
2448 5549 2541 5600 καὶ
2567 5547 2665 5617 τὴν
2689 5543 2883 5598 σαυτοῦ
2915 5543 3110 5614 ψυχὴν,
3142 5542 3236 5596 καὶ
3261 5541 3470 5612 ταύτην
3485 5541 3719 5595 ἀπόλλυε·

2230 5767 2255 5794 ⁸
2281 5765 2362 5814 Sic
2379 5763 2724 5824 Coislinianus,
2751 5770 2899 5826 atque
2924 5760 2991 5812 ita
3031 5758 3156 5823 legit
3181 5759 3450 5823 interpres.
3484 5758 3629 5818 Ediu,
3655 5754 3720 5802 nl

2167 5828 2286 5889 ἅπερ
2310 5827 2397 5876 οὐκ
2421 5828 2558 5890 ἔχεις.
