3974 6546
233 410 353 465 2'25

236 628 397 672 tunsa
417 616 560 672 enim
582 630 646 669 ac
672 614 816 668 varia
845 613 1035 679 bestia,
1054 626 1171 681 quae
1191 612 1393 681 magnis
1418 611 1583 681 pollet
1603 611 1832 667 viribus:

231 705 423 763 omnia
456 714 657 772 movet,
686 706 865 761 omnia
894 705 1073 759 turbat
1093 745 1109 770 ,
1139 704 1316 757 omnia
1344 718 1554 758 sursum
1581 717 1644 759 ac
1672 702 1832 758 deor-

229 818 355 856 sum
383 801 513 873 agit.
535 800 733 855 Verum
754 813 821 853 ne
848 797 1101 859 timeatis,
1136 811 1202 851 ne
1228 796 1464 850 animum
1493 795 1831 864 deSpondeao

230 893 302 945 tis
342 909 355 945 :
394 899 599 944 tantum
628 888 868 958 vigilate,
896 895 951 942 et
979 886 1082 941 erit
1112 894 1170 939 ut
1213 888 1551 962 passerculth
1586 904 1598 939 :
1628 886 1831 941 Calcate

227 984 376 1038 enim
398 1024 413 1047 ,
443 981 616 1050 inquit
648 1020 664 1046 ,
698 996 853 1050 supra
882 986 1137 1048 serpentes
1163 989 1207 1032 et
1234 980 1546 1049 scorpiones.
1583 979 1753 1043 Illum,
1782 978 1827 1033 si

232 1075 596 1137 voluerimus,
624 1072 743 1141 ejus
767 1068 869 1140 ope
897 1070 1096 1124 nostris
1122 1069 1343 1137 pedibus
1370 1070 1825 1124 conculcabimus.

302 1168 360 1221 5.
408 1164 545 1220 Vide
576 1164 757 1235 igitur,
791 1178 950 1233 quam
985 1162 1298 1226 ridiculum,
1320 1162 1405 1216 vel
1440 1165 1618 1231 potius
1660 1178 1824 1229 quam

226 1260 498 1313 miserum
525 1256 597 1311 sit
623 1270 767 1318 eum,
795 1255 885 1323 qui
916 1253 1069 1309 nobis
1094 1253 1250 1307 datus
1279 1263 1362 1308 est
1387 1254 1452 1309 ad
1481 1255 1822 1321 calcandum,

226 1351 430 1405 intueri
458 1357 690 1403 stantem
716 1362 874 1416 supra
904 1356 1065 1415 caput
1088 1356 1350 1401 nostrum.
1381 1345 1665 1412 Quomodo
1694 1362 1823 1401 vero

222 1442 329 1495 hoc
360 1441 463 1495 tit?
488 1442 527 1494 Î‘
562 1439 719 1494 nobis
745 1456 758 1491 :
788 1439 833 1493 si
856 1452 955 1493 nos
980 1438 1230 1502 velimus,
1262 1453 1483 1508 magnus
1504 1448 1618 1502 est;
1655 1439 1698 1492 si
1727 1454 1823 1493 nos

224 1531 491 1595 velimus,
523 1545 720 1601 parvus
748 1528 822 1583 fit.
870 1529 923 1585 Si
959 1531 1127 1583 nostri
1158 1530 1397 1597 ipsorum
1444 1544 1625 1583 curam
1669 1543 1824 1598 gera-

222 1637 370 1682 mus,
396 1632 712 1690 stemusque
745 1636 845 1675 una
872 1636 993 1676 cum
1030 1619 1177 1691 Rege
1204 1629 1408 1684 nostro,
1442 1619 1709 1674 contrahit
1735 1635 1816 1686 se,

225 1730 290 1770 ac
323 1716 500 1769 nihilo
531 1715 651 1784 plus
694 1728 862 1783 parvo
907 1712 1110 1767 infante
1142 1714 1193 1767 in
1228 1726 1399 1782 pugna
1425 1711 1683 1767 adversus
1720 1726 1818 1766 nos

224 1816 408 1874 potest
438 1825 453 1860 :
499 1806 581 1859 sin
622 1821 652 1858 a
685 1805 828 1873 Rege
859 1803 1270 1867 desciverimus,
1299 1802 1453 1857 valde
1483 1812 1677 1872 turget,
1709 1802 1816 1855 fre-

222 1898 341 1962 mit,
377 1896 571 1952 dentes
600 1895 777 1959 acuit;
808 1896 1005 1964 quippe
1032 1893 1121 1963 qui
1158 1908 1255 1947 nos
1278 1909 1469 1962 magno
1501 1895 1590 1947 illo
1619 1894 1817 1947 auxilio

222 1992 516 2047 deStitutos
559 1998 749 2042 nactus
790 1986 990 2041 fuerit:
1026 2002 1132 2041 non
1181 1986 1321 2040 enim
1358 1986 1681 2057 aggreditur,
1713 1988 1812 2041 nisi

224 2080 537 2150 permiserit
580 2080 740 2134 Deus.
770 2077 902 2131 Nam
932 2078 974 2131 si
1007 2078 1058 2130 in
1089 2091 1373 2145 porcorum
1416 2093 1631 2148 gregem
1665 2078 1813 2132 inva-

223 2174 351 2227 dere
372 2186 542 2226 ausus
572 2185 679 2224 non
706 2178 809 2233 est,
831 2169 938 2223 Deo
966 2183 1071 2222 non
1104 2170 1480 2237 permittente;
1510 2170 1680 2224 multo
1707 2169 1810 2226 mi-

220 2280 319 2318 nus
351 2266 409 2318 in
440 2263 648 2316 animas
679 2260 954 2315 hominum
983 2279 996 2313 :
1030 2261 1293 2330 permittit
1333 2270 1510 2315 autem
1563 2261 1701 2316 Deus
1727 2261 1811 2316 vel

221 2355 499 2418 erudiens,
526 2354 611 2407 vel
642 2366 853 2422 poenam
884 2352 1127 2420 exigens,
1159 2351 1241 2406 vel
1285 2352 1546 2406 clariores
1585 2352 1806 2409 faciens.

225 2446 381 2501 Vides
410 2446 563 2499 illum
596 2460 703 2497 non
732 2443 948 2513 aggredi
972 2442 1075 2497 Job
1102 2457 1276 2512 neque
1302 2443 1505 2498 audere
1530 2442 1806 2509 accedere,

222 2540 311 2592 sed
338 2546 585 2592 metuere
624 2545 783 2604 atque
811 2534 1085 2589 tremere?
1135 2535 1202 2589 Et
1242 2534 1368 2605 quid
1400 2535 1520 2590 dico
1562 2534 1629 2590 de
1668 2534 1807 2590 Job?

221 2644 339 2682 nam
372 2629 427 2681 in
456 2627 648 2681 ludam
697 2625 952 2679 invadens
978 2639 1084 2678 non
1116 2633 1242 2678 ante
1287 2633 1456 2678 totum
1505 2625 1807 2695 apprchen-

221 2719 344 2774 dere
392 2718 634 2788 atquein
678 2717 851 2785 ipsum
887 2716 1088 2785 ingredi
1119 2728 1282 2770 ausus
1310 2726 1413 2779 est,
1446 2731 1604 2786 quam
1656 2717 1805 2772 illum

217 2806 465 2865 Christus
494 2824 711 2864 a-sacro
740 2808 907 2863 choro
936 2811 1274 2863 secrevisset.
1307 2809 1654 2865 Extrinsecus
1682 2811 1805 2879 qui-

220 2901 333 2956 dem
361 2914 487 2957 tunc
508 2901 768 2963 teutabat,
790 2900 884 2955 sed
918 2899 1061 2954 intus
1086 2901 1385 2970 irrumpere
1411 2916 1515 2955 non
1538 2901 1803 2959 audebat:

221 3001 498 3063 postquam
559 3007 689 3047 vero
737 3006 765 3043 a
818 3005 972 3045 sacro
1025 2990 1118 3044 illo
1159 3005 1321 3061 grege
1375 2992 1671 3047 abscissum
1721 2994 1803 3048 vi-

218 3084 312 3148 dit,
344 3083 536 3153 quovis
564 3082 688 3151 lupo
734 3081 1105 3136 vehementius
1145 3082 1401 3149 impetum
1434 3081 1595 3148 fecit;
1630 3099 1804 3155 neque

218 3184 337 3229 ante
376 3174 607 3238 destitit,
648 3189 807 3243 quam
857 3173 1007 3227 illum
1055 3173 1253 3243 duplici
1304 3185 1476 3230 morte
1520 3185 1798 3231 mactaret.

217 3266 338 3322 Hrec
357 3267 426 3322 ad
453 3278 694 3322 noStram
725 3265 1086 3321 eruditionem
1116 3275 1240 3321 sunt
1265 3266 1483 3336 scripta.
1515 3268 1647 3323 Nam
1675 3270 1803 3340 quid

217 3360 349 3413 lucri
380 3361 452 3414 sit
481 3359 694 3412 novisse
718 3356 1015 3418 Christum,
1045 3357 1113 3412 ab
1144 3372 1252 3412 uno
1280 3375 1344 3414 ex
1375 3359 1655 3415 duodecim
1680 3375 1801 3417 esse

216 3450 523 3521 proditum?
540 3448 729 3519 ecquid
755 3449 1125 3514 emolumenti,
1143 3464 1308 3521 ecqua
1333 3451 1568 3505 utilitas?
1589 3451 1796 3523 Magna,

218 3543 577 3613 respondebo.
604 3543 818 3597 Etenim
846 3556 967 3596 cum
996 3541 1367 3609 didicerimus,
1392 3557 1494 3612 qua
1522 3544 1613 3598 ille
1638 3559 1798 3599 causa

216 3635 476 3705 impulsus
518 3636 618 3690 hoc
652 3635 868 3689 exitiale
893 3634 1175 3688 consilium
1222 3636 1458 3703 ceperit;
1490 3636 1800 3690 cavebimus

217 3728 337 3795 ipsi,
362 3742 431 3780 ne
452 3726 519 3781 ab
541 3725 725 3780 eadem
759 3738 856 3779 nos
883 3739 1095 3793 quoque
1121 3724 1443 3781 aufer-amur.
1461 3725 1615 3781 Unde
1642 3728 1800 3797 igitur

217 3819 303 3874 ille
330 3819 440 3874 huc
486 3834 545 3874 se
586 3817 852 3872 contulit?
899 3816 977 3872 Ex
1008 3817 1269 3872 avaritia:
1314 3816 1399 3872 fur
1428 3826 1565 3883 erat,
1596 3828 1651 3874 et
1698 3817 1800 3874 hoe

218 3911 405 3964 morbo
435 3910 507 3964 ita
535 3909 718 3964 ebrius
750 3908 873 3975 fuit,
895 3916 952 3961 ut
975 3908 1189 3977 triginta
1221 3908 1489 3979 argenteis
1516 3910 1797 3964 Dominum

218 3999 669 4069 prodiderit.Quid
685 3998 786 4053 hac
804 4000 1006 4053 insania
1024 3999 1297 4055 deterius?
1312 4000 1451 4055 Nihil
1472 4016 1565 4072 par
1577 4004 1624 4057 ei
1639 4019 1796 4073 quem

221 4093 456 4157 tradidit,
488 4091 617 4145 nihil
647 4090 779 4145 tanti
811 4107 826 4143 :
856 4091 939 4145 cui
969 4100 1158 4161 gentes
1180 4092 1228 4147 si
1252 4091 1617 4159 conferantur,
1647 4095 1795 4164 quasi

220 4184 443 4238 nihilum
486 4191 749 4252 reputatae
778 4191 904 4235 sunt
931 4182 980 4236 ei
1014 4181 1167 4252 (lsai.
1194 4183 1285 4253 40)
1326 4202 1341 4239 :
1386 4185 1529 4239 hunc
1585 4186 1798 4256 triginta

219 4274 484 4344 argenteis
510 4271 767 4342 prodidit.
786 4271 979 4327 Gravis
1000 4273 1143 4326 enim
1164 4283 1247 4328 est
1272 4276 1513 4329 avaritia:
1535 4278 1799 4347 tyrannis,

220 4380 439 4434 qumque
463 4365 698 4418 animam
739 4363 805 4417 de
850 4379 949 4417 suo
989 4373 1127 4418 statu
1160 4364 1446 4420 deturhare
1471 4377 1653 4436 queat.
1682 4367 1797 4422 Non

223 4455 437 4524 perinde
464 4455 585 4524 quis
613 4470 678 4509 ex
704 4454 968 4509 ebrietate
997 4454 1219 4509 demens
1250 4455 1513 4523 redditur,
1547 4467 1706 4527 atque
1733 4474 1799 4515 ex

222 4547 467 4609 avaritia;
500 4560 606 4600 non
650 4560 801 4615 mque
840 4562 906 4600 ex
947 4546 1153 4600 insania
1186 4562 1248 4600 ac
1272 4557 1514 4617 stupore,
1547 4558 1706 4619 atque
1732 4565 1799 4605 ex

222 4638 424 4706 argenti
444 4637 757 4706 cupiditate.
793 4636 997 4707 Ecquid
1027 4637 1171 4692 enim
1200 4636 1347 4691 aliud
1374 4652 1551 4692 causa:
1574 4639 1687 4705 fuit,
1713 4640 1800 4697 dic

222 4730 365 4791 mihi,
396 4738 453 4783 ut
478 4729 779 4799 proderes?
824 4728 1129 4785 Obscurum
1158 4740 1321 4801 atque
1350 4732 1589 4802 ignotum
1623 4743 1676 4788 te
1704 4750 1800 4789 vo-

223 4823 371 4887 cavit,
413 4838 684 4893 unumque
724 4838 790 4877 ex
828 4822 1112 4878 duodecim
1145 4823 1273 4878 fecit
1304 4842 1315 4877 :
1351 4824 1651 4879 doctrinam
1700 4827 1800 4880 im-

223 4914 450 4981 partivit,
500 4914 911 4969 innumerabilia
959 4915 1097 4969 bona
1142 4916 1408 4984 promisit,
1441 4926 1499 4971 ut
1542 4918 1797 4974 miracula

222 5005 408 5060 cderes
452 5005 629 5059 effecit
664 5023 676 5059 :
718 5019 942 5069 meusze,
978 5005 1259 5070 itinerum,
1308 5006 1580 5077 colloquii,
1611 5019 1801 5064 contu-

223 5098 414 5162 beruii,
434 5114 612 5152 rerum
635 5098 871 5151 omnium
900 5112 1051 5166 aeque
1075 5112 1138 5152 ac
1157 5099 1338 5153 caeteri
1362 5100 1629 5170 particeps
1657 5117 1799 5157 eras.

228 5187 469 5244 llwccine
488 5190 621 5243 satis
648 5203 753 5243 non
785 5189 1001 5244 fuerunt
1032 5204 1151 5259 qum
1183 5198 1235 5244 te
1257 5190 1612 5246 cohiberent?
1643 5208 1799 5262 quam

226 5281 375 5349 igitur
398 5281 468 5335 ob
491 5295 709 5334 causam
739 5280 1065 5349 prodidisti?
1097 5280 1224 5350 quid
1254 5280 1477 5345 habens,
1501 5284 1640 5352 quod
1672 5299 1803 5353 que-

225 5372 370 5435 raris,
396 5371 662 5427 sceleste?
690 5371 776 5426 vel
816 5371 993 5441 potius
1016 5372 1267 5441 quoniam
1292 5372 1555 5427 beneficio
1581 5374 1801 5428 aï¬‚'ectus

226 5478 321 5517 non
373 5464 587 5519 fueras?
630 5464 869 5520 Noverat
916 5476 1151 5519 mentem
1207 5473 1389 5529 tuam;
1447 5480 1551 5519 non
1596 5466 1801 5521 destitit

226 5570 335 5624 qua:
363 5573 459 5612 sua
504 5564 661 5613 erant
703 5566 989 5627 pnestare;
1032 5571 1173 5627 srepe
1214 5558 1365 5621 dixit,
1405 5557 1551 5613 Unus
1576 5576 1639 5613 ea:
1664 5561 1801 5614 vobis

228 5648 379 5702 tradet
403 5665 484 5702 me
513 5648 732 5721 (Matth.
757 5649 851 5704 26.
879 5649 1010 5720 2i);
1054 5663 1199 5720 saepe
1229 5649 1454 5715 notavit,
1494 5665 1556 5706 ac
1589 5652 1679 5706 tibi
1724 5660 1803 5705 ta-

231 5752 341 5792 men
362 5740 643 5809 pepercit;
674 5747 730 5795 et
755 5754 877 5795 cum
909 5740 1067 5795 talem
1105 5748 1155 5795 te
1178 5755 1305 5795 esse
1333 5741 1519 5807 sciret,
1540 5756 1606 5795 ex
1634 5742 1803 5797 choro

232 5843 325 5885 non
352 5829 541 5901 eiecit:
567 5831 745 5888 adhuc
774 5830 1001 5900 ferebat,
1032 5830 1205 5887 adhuc
1231 5839 1289 5888 nt
1313 5832 1611 5903 legitimum
1639 5843 1803 5904 atque

1138 402 1207 459 IN
1244 402 1461 459 EPIST.
1506 404 1595 458 AD
1636 403 1921 459 PlllLlPP.
1962 403 2113 460 CAP.
2158 406 2220 460 ll.
2265 406 2489 465 HOMIL.
2534 410 2624 466 Vl.

232 533 350 580 tem
387 531 687 579 tortuosum
717 528 774 576 et
794 519 1035 590 aspidem
1067 517 1262 587 ubique
1292 519 1466 587 ipsum
1500 525 1676 572 vocat.
1702 516 1835 572 Tor-

3418 425 3524 481 â‚¬20

1946 532 2111 571 unum
2169 532 2233 573 ex
2280 520 2585 588 duodecim,
2633 523 2703 578 ita
2753 523 3069 593 honorabat,
3120 529 3192 585 ita
3242 531 3519 604 diligebat.

1943 607 2203 677 Denique,
2236 625 2269 663 Î¿
2301 610 2508 666 scelus!
2565 613 2728 668 linteo
2756 616 2915 670 etiam
2955 628 3187 687 sumpto,
3216 623 3366 690 puris
3415 624 3521 681 illis

1943 700 2189 754 manibus
2220 703 2460 770 impuros
2505 704 2670 773 pedes
2714 718 2832 762 tuos
2863 709 3023 775 lavit;
3071 728 3245 783 neque
3277 715 3327 770 id
3354 718 3517 773 etiam

1943 798 1993 844 te
2022 790 2288 846 cohibuit.
2327 791 2614 849 Furabaris
2640 812 2723 859 ea,
2755 814 2870 866 quae
2895 816 3184 870 pauperum
3211 812 3398 872 erant;
3430 816 3516 862 at-

1938 897 2041 951 que
2073 874 2212 938 istud
2241 886 2423 952 etiam,
2446 902 2511 941 ne
2536 888 2601 940 ad
2626 890 2795 956 majus
2823 892 3036 961 aliquod
3063 897 3259 951 malum
3290 913 3514 969 progre-

1935 972 2142 1028 dereris
2190 974 2395 1029 ferebat
2435 994 2448 1031 :
2494 979 2588 1033 sed
2634 979 2764 1033 nihil
2809 984 3045 1037 animum
3089 993 3236 1041 tuum
3270 991 3510 1045 mutavit.

1935 1061 2065 1116 Nam
2089 1065 2297 1119 etiamsi
2322 1065 2431 1121 fera
2447 1082 2615 1133 esses,
2631 1070 2837 1124 etiamsi
2866 1073 3020 1141 lapis,
3039 1090 3213 1131 nonne
3236 1078 3515 1136 beneï¬ciis

1933 1153 1986 1206 in
2012 1163 2063 1208 te
2083 1156 2308 1220 collatis,
2332 1173 2507 1213 nonne
2538 1159 2825 1227 miraculis,
2846 1178 3022 1220 nonne
3050 1166 3287 1222 doctrina
3309 1171 3392 1223 illa
3416 1174 3510 1227 lle-

1931 1247 2002 1299 cti
2033 1255 2084 1301 te
2113 1249 2431 1317 oportebat?
2457 1250 2651 1306 Verum
2686 1268 2852 1323 usque
2874 1255 3008 1310 adeo
3029 1258 3303 1316 efferatum
3337 1264 3515 1321 adhuc

1930 1338 2173 1406 vocabat,
2204 1349 2256 1395 et
2278 1342 2536 1398 mirandis
2564 1345 2815 1414 operibus
2844 1346 3132 1415 alliciebat,
3157 1357 3399 1421 quamvis
3430 1357 3507 1409 la-

1931 1429 2080 1497 pides
2114 1431 2255 1500 ipsos
2285 1435 2551 1489 vacuitate
2591 1452 2782 1492 sensus
2818 1454 3173 1508 cxsuperares
3209 1460 3222 1497 :
3254 1445 3347 1499 sed
3378 1446 3511 1503 nihil

1928 1520 2118 1575 horum
2149 1520 2267 1588 fuit,
2301 1525 2439 1592 quod
2465 1536 2515 1579 te
2538 1528 2812 1581 meliorem
2842 1528 3108 1585 redderet.
3134 1532 3376 1588 Forsitan
3407 1538 3507 1590 nii-

1926 1611 2116 1666 ramini
2142 1622 2339 1668 tantam
2372 1616 2659 1685 proditoris
2677 1622 2989 1676 amentiam.
3009 1622 3201 1676 Metum
3222 1625 3379 1693 igitur
3407 1644 3511 1689 vo-p

1924 1701 2004 1757 bis
2030 1705 2251 1760 incutiat
2284 1708 2426 1762 illius
2452 1710 2645 1764 vulnus
2669 1728 2681 1764 :
2706 1712 2908 1781 argenti
2931 1714 3213 1784 cupiditas,
3250 1720 3502 1784 pecunia-

1925 1810 2039 1849 rum
2059 1811 2209 1852 amor
2232 1799 2389 1853 talem
2416 1801 2668 1857 reddidit.
2693 1803 2875 1858 Evelle
2899 1804 3039 1860 hunc
3066 1806 3346 1874 affectum;
3370 1810 3519 1865 tales,

1921 1890 2065 1944 enim
2096 1892 2309 1946 morbos
2339 1895 2496 1964 parit,
2526 1896 2717 1964 impios
2745 1898 2864 1952 facit
2890 1915 2903 1952 :
2934 1909 3091 1969 atque
3110 1916 3201 1957 eos
3220 1920 3317 1958 nos
3337 1905 3503 1959 addu-

1919 1980 2013 2045 cit,
2048 1990 2106 2035 ut
2133 1983 2338 2037 etiamsi
2367 1988 2637 2041 sexcentis
2664 1988 2938 2045 beneï¬ciis
2983 1991 3300 2059 afliciamur,
3336 1997 3501 2053 Deum

1919 2070 2244 2140 ignoremus.
2280 2075 2480 2141 Evelle,
2508 2079 2734 2133 obsecro
2763 2097 2777 2134 :
2812 2096 2916 2134 non
2949 2092 3032 2136 est
3078 2083 3207 2139 levis
3254 2088 3497 2156 morbus,

1919 2171 2198 2217 sexcentos
2226 2167 2599 2222 acerbissimas
2622 2180 2821 2225 mortes
2850 2172 3040 2229 aiTerre
3070 2176 3236 2230 novit.
3260 2177 3498 2234 Vidimus

1916 2253 2066 2310 Juda:
2094 2257 2341 2311 morbum
2379 2276 2392 2311 :
2424 2272 2726 2316 metuamus
2754 2278 2821 2317 ne
2851 2263 2947 2333 ipsi
2981 2281 3193 2336 quoque
3227 2268 3275 2320 in
3309 2270 3494 2323 eadem

1917 2343 2234 2400 incidamus.
2266 2346 2388 2401 Ideo
2434 2351 2631 2420 scripta
2677 2361 2820 2418 sunt,
2850 2370 2913 2407 ne
2942 2354 3127 2409 iisdem
3159 2373 3254 2413 nos
3286 2375 3495 2429 quoque

1914 2435 2069 2490 malis
2096 2434 2390 2492 afliciamur
2422 2458 2436 2495 :
2469 2452 2749 2511 propterea
2778 2444 2845 2498 ab
2874 2448 3123 2502 omnibus
3151 2451 3492 2522 evangelistis

1914 2527 1966 2581 id
1998 2539 2266 2583 narratum
2296 2540 2394 2598 est,
2424 2542 2480 2586 ut
2501 2550 2597 2588 nos
2622 2538 3025 2605 temperantiam
3057 2539 3332 2597 docerent.
3362 2546 3496 2601 Pro-

1913 2620 1995 2673 cul
2027 2619 2184 2690 fuge:
2212 2637 2317 2675 non
2343 2623 2443 2677 hoc
2460 2624 2633 2680 solum
2650 2626 2870 2698 avaritia
2894 2639 2997 2694 est,
3016 2632 3210 2688 multas
3241 2637 3497 2704 pecunias

1911 2724 2132 2780 cupere,
2165 2712 2261 2767 sed
2305 2715 2465 2769 etiam
2509 2718 2765 2785 pecunias
2794 2721 3013 2777 omnino
3054 2738 3271 2792 cupere.
3303 2727 3494 2784 Gravis

1911 2801 2131 2856 avaritia
2157 2812 2242 2864 est
2265 2804 2385 2874 plus
2416 2823 2658 2875 poscere,
2681 2826 2839 2879 quam
2863 2826 2997 2882 opus
3020 2814 3105 2867 sit.
3127 2813 3260 2869 Nmn
3292 2820 3488 2873 talenta

1909 2893 2025 2945 auri
2070 2893 2304 2959 fuerunt,
2335 2910 2455 2966 quae
2482 2898 2814 2967 proditorem
2859 2900 2910 2955 in
2955 2901 3093 2957 hanc
3126 2917 3356 2962 mentem
3390 2910 3487 2964 im-

1910 2981 2210 3049 pellerent?
2239 2983 2476 3055 Triginta
2510 2988 2684 3042 solum
2718 2993 2956 3059 argentei
2985 3010 2997 3046 :
3035 2994 3247 3062 triginta
3291 3013 3484 3067 argen-

1910 3072 2009 3128 teis
2036 3074 2210 3144 ipsum
2245 3077 2478 3146 prodidit
2520 3080 2828 3136 Dominum.
2876 3083 2958 3137 An
2990 3088 3245 3141 memoria
3295 3090 3491 3148 tenetis

1909 3165 2051 3235 quod
2078 3176 2233 3221 antea
2265 3166 2529 3234 dicebam,
2563 3171 2968 3228 immoderatam
3017 3176 3244 3233 habendi
3272 3186 3480 3251 cupidi-

1910 3263 2072 3310 tatem
2114 3272 2222 3312 non
2272 3259 2325 3312 in
2377 3274 2444 3315 eo
2488 3262 2661 3316 solum
2708 3280 2766 3318 se
2793 3266 3099 3332 ostendere,
3125 3271 3269 3339 quod
3296 3288 3486 3344 magna

1907 3348 2257 3417 accipiantur,
2284 3349 2381 3406 sed
2421 3352 2592 3423 magis
2619 3355 2779 3409 etiam
2807 3357 2947 3427 quod
2984 3360 3187 3428 parva?
3212 3361 3289 3416 En
3317 3380 3487 3434 quan-

1909 3445 2021 3491 tum
2052 3439 2229 3494 scelus
2257 3439 2358 3495 istc.
2382 3443 2651 3498 commisit
2683 3447 2910 3514 pauculo
2940 3464 3070 3503 auro
3092 3450 3372 3519 adductus,
3400 3457 3487 3511 vel

1906 3530 2088 3597 potius
2115 3545 2219 3585 non
2264 3547 2419 3597 auro,
2449 3532 2544 3587 sed
2593 3539 2884 3605 argenteis.
2914 3537 3093 3605 Nefas,
3131 3542 3281 3597 nefas
3332 3546 3491 3614 plane

1909 3628 1994 3674 est
2014 3618 2284 3677 hominem
2312 3638 2532 3679 avarum
2559 3641 2806 3696 umquam
2836 3628 3027 3684 intueri
3050 3629 3234 3687 faciem
3255 3633 3487 3696 Christi:

1906 3710 2007 3765 hoc
2032 3719 2116 3765 est
2146 3728 2311 3768 unum
2339 3729 2404 3769 ex
2438 3714 2526 3781 iis,
2558 3732 2676 3786 quce
2708 3718 2821 3772 ï¬eri
2853 3722 3070 3776 minime
3096 3735 3336 3792 possunt.
3371 3728 3484 3783 lia-

1904 3802 1994 3857 dix
2023 3805 2288 3859 malorum
2321 3814 2425 3861 est.
2447 3806 2600 3873 Quod
2629 3808 2673 3862 si
2700 3809 2787 3878 qui
2816 3810 2899 3865 vel
2927 3812 3017 3866 uni
3049 3814 3190 3869 malo
3217 3815 3491 3873 obnoxius

1906 3906 2007 3961 est,
2034 3897 2255 3967 gloriam
2290 3899 2431 3954 illam
2455 3901 2672 3965 amittit,
2691 3904 2811 3971 quis
2841 3902 3076 3960 radicem
3104 3907 3270 3977 ipsam
3300 3926 3480 3967 secum

1904 3989 2060 4045 ali'ert
2096 3991 2184 4046 ubi
2209 3990 2603 4048 collocabitur?
2628 3993 2745 4049 Non
2774 4006 2952 4067 potest
2981 4002 3327 4068 pecuniarum
3372 4019 3484 4059 ser-

1904 4095 2005 4135 vus
2028 4095 2316 4152 germanus
2338 4096 2458 4139 esse
2480 4084 2676 4141 ChriSti
2706 4102 2911 4141 servus.
2941 4089 3189 4146 Christus
3222 4094 3335 4162 ipse
3363 4111 3485 4165 pro-

1906 4177 2174 4230 nuntiavit
2218 4192 2329 4231 rem
2374 4191 2491 4233 esse
2537 4178 2862 4247 huiusmodi,
2896 4198 3013 4250 quae
3047 4196 3296 4241 constare
3339 4189 3491 4242 nullo

1904 4278 2060 4338 pacto
2104 4280 2282 4340 queat.
2309 4269 2430 4325 Non
2462 4274 2691 4340 potestis,
2716 4273 2904 4341 inquit,
2942 4272 3047 4327 Deo
3075 4278 3259 4331 servire
3303 4288 3348 4333 et
3375 4296 3487 4332 ma-

1905 4376 2090 4427 monw;
2109 4370 2183 4426 et,
2200 4362 2365 4416 Nemo
2383 4372 2539 4431 potest
2559 4363 2753 4417 duobus
2769 4365 2985 4417 dominis
3001 4368 3213 4437 servire(
3228 4369 3413 4423 Matth.
3430 4372 3483 4425 6.

1903 4454 2305 4523 24).Contraria
2321 4454 2463 4508 enim
2484 4454 2820 4524 praecipiunt:
2836 4454 3103 4519 Christus,
3119 4456 3492 4527 inquit,Parce

1908 4543 2261 4613 pauperibus;
2314 4559 2561 4599 mamona
2616 4543 2817 4614 inquit,
2852 4546 2998 4600 Exue
3047 4548 3168 4602 illos
3221 4549 3382 4603 etiam
3422 4552 3491 4606 iis

1906 4654 2023 4707 qua:
2054 4637 2281 4693 habent:
2306 4635 2553 4692 Christus
2574 4638 2734 4702 dicit,
2759 4638 2980 4694 Eï¬‚â€˜unde
3010 4656 3361 4711 quaacumquc
3392 4644 3483 4697 ha-

1906 4730 2030 4793 bes;
2062 4744 2307 4783 mamona
2354 4728 2503 4797 dicit,
2540 4729 2611 4783 Ea
2643 4730 2804 4784 etiam
2833 4746 2965 4799 cape
2992 4749 3110 4802 quze
3139 4734 3213 4788 illi
3265 4734 3485 4789 habent.

1977 4821 2031 4875 6.
2073 4818 2235 4874 Vides
2266 4835 2519 4890 pugnam,
2547 4820 2700 4875 vides
2743 4822 2987 4877 bellum?
3018 4824 3256 4881 Vultisne
3298 4836 3482 4883 ostenâ€”

1906 4908 2093 4965 damus
2122 4910 2393 4980 quomodo
2444 4912 2654 4981 utrique
2685 4926 2843 4967 nemo
2884 4914 3259 4985 obtemperare
3288 4927 3487 4987 potest,

1908 5001 2000 5055 sed
2029 5002 2255 5055 alterum
2278 5004 2855 5071 contemnatoportet?
2884 5020 2950 5059 an
2983 5020 3067 5060 res
3098 5006 3171 5061 ita
3201 5008 3346 5062 clara
3379 5018 3489 5073 est,

1909 5104 1965 5147 ut
1991 5108 2097 5147 non
2126 5104 2278 5163 egeat
2304 5094 2588 5149 oratione?
2617 5094 2935 5161 Quomodo?
2962 5099 3153 5151 Annon
3183 5096 3285 5152 hoc
3316 5099 3493 5168 reipsa

1906 5188 2196 5251 cernimus,
2258 5185 2529 5241 Christum
2579 5186 2792 5257 quidem
2846 5189 3137 5253 contemni,
3185 5204 3489 5243 mamonam

1908 5295 2036 5333 vero
2061 5279 2208 5334 coli?
2232 5278 2455 5334 Sentitis
2481 5295 2639 5348 quam
2669 5279 2749 5331 vel
2783 5279 2896 5348 ipsa
2927 5279 3088 5333 verba
3119 5293 3307 5348 aspera
3336 5281 3485 5334 sint?

1907 5373 2058 5440 Quod
2105 5373 2155 5428 si
2179 5372 2364 5439 verba,
2397 5381 2597 5442 quanto
2630 5372 2799 5442 magis
2844 5385 2932 5425 res
2983 5370 3155 5440 ipsae?
3186 5370 3381 5425 Verum
3431 5372 3489 5426 in

1908 5469 2067 5522 rebus
2095 5482 2158 5522 ac
2184 5466 2338 5521 factis
2366 5481 2470 5519 non
2496 5480 2647 5536 teque
2670 5474 2891 5534 apparet
2913 5465 3023 5533 ipsa
3048 5462 3327 5532 asperitas,
3352 5479 3490 5533 quo-

1909 5561 2050 5614 niam
2070 5575 2167 5614 nos
2191 5557 2410 5614 morbus
2437 5566 2680 5627 occupat.
2701 5555 2829 5610 Nam
2857 5570 2997 5610 nunc
3017 5555 3253 5626 quidem,
3278 5555 3491 5610 etiamsi

1909 5653 2012 5707 hoc
2031 5653 2216 5707 morbo
2245 5667 2348 5705 non
2373 5652 2593 5706 omnino
2618 5665 2745 5718 pura
2769 5650 2838 5703 sit
2858 5648 3057 5709 anima,
3079 5658 3255 5703 tamen
3284 5649 3409 5701 dum
3436 5649 3489 5701 in

1911 5743 2011 5798 hoc
2039 5743 2155 5812 ipso
2181 5751 2320 5798 statu
2351 5750 2565 5806 manet,
2599 5748 2776 5809 potest
2804 5749 2951 5795 recte
2973 5738 3251 5807 judicare:
3280 5747 3327 5790 at
3361 5752 3485 5793 cum

1914 5832 2044 5891 febri
2063 5843 2305 5903 correpta
2329 5842 2433 5899 est,
2448 5840 2500 5887 et
2526 5832 2577 5886 in
2600 5830 2716 5901 ipsa
2740 5831 2816 5886 rei
2837 5829 3109 5901 voluptate
3128 5840 3392 5896 versatur,
3410 5831 3490 5883 fa-
