3974 6584
464 379 571 437 227

466 494 725 552 cultatem
750 481 1021 560 judicandi
1050 481 1271 538 minime
1308 494 1492 552 puram
1519 477 1701 543 habet,
1727 489 1835 532 non
1870 474 2053 529 incor-

468 596 683 658 ruptum
711 579 960 638 tribunal.
981 576 1225 632 Christus
1249 574 1402 639 dicit,
1422 572 1538 627 Nisi
1565 571 1675 641 quis
1696 564 2057 658 renuntiaverit

467 657 724 740 omnibus,
750 686 863 743 qua:
902 667 1143 739 possidet,
1172 683 1273 719 non
1307 674 1381 719 est
1407 679 1548 718 meus
1580 660 1862 730 discipulus
1902 657 2051 729 (Luc.

470 770 558 823 14.
585 764 736 836 55);
782 775 1027 817 mamona
1085 757 1276 826 inquit,
1308 755 1470 824 Eripe
1518 751 1776 809 esurienti
1825 764 2052 820 panem:

468 859 713 914 Christus
744 853 895 918 dicit,
919 850 1064 906 Vesti
1097 849 1296 903 nudum
1322 864 1337 913 ;
1373 847 1458 901 hic
1484 859 1631 909 vero,
1657 842 1864 897 Nudum
1892 840 2054 896 etiam

469 963 642 1006 exue:
673 945 922 1001 Christus
947 942 1097 1007 dicit,
1129 940 1465 994 Domesticos
1495 936 1716 992 seminis
1744 933 1816 987 tui
1862 947 1930 985 ne
1956 930 2056 985 de-

469 1036 749 1110 spexeris;
804 1048 1052 1089 mamona
1098 1030 1308 1100 inquit,
1361 1027 1787 1082 Domesticorum
1833 1021 2057 1078 seminis

473 1131 549 1186 tui
577 1145 645 1185 ne
684 1127 1029 1189 miserearis;
1084 1122 1293 1178 etiamsi
1322 1128 1545 1175 matrem
1589 1117 1813 1183 videris,
1842 1114 2053 1171 etiamsi

471 1232 700 1293 patrem,
728 1234 945 1289 sperne.
1004 1218 1070 1271 Et
1096 1215 1221 1284 quid
1261 1214 1385 1269 dico
1438 1222 1639 1282 patrem
1685 1219 1740 1264 et
1787 1208 2056 1263 matrem?

471 1312 643 1369 Tuam
668 1324 882 1381 quoque
911 1306 1100 1377 ipsius,
1124 1305 1315 1375 inquit,
1340 1303 1573 1356 animam
1602 1301 1796 1370 perde:
1816 1308 2053 1354 attamen

480 1404 719 1460 auditur.
753 1402 850 1456 Hei
900 1399 1067 1454 mihi!
1125 1398 1173 1452 ei
1200 1398 1288 1467 qui
1317 1396 1450 1450 adeo
1479 1409 1639 1459 saeva,
1671 1402 1725 1448 et
1754 1392 1976 1447 immitia
2003 1400 2057 1445 et

476 1495 589 1551 fera
623 1491 874 1547 mandata
901 1488 1147 1559 imponit.
1166 1488 1307 1540 dicto
1335 1486 1614 1541 audientes
1644 1484 1819 1553 potius
1844 1496 2052 1547 smnus,

476 1601 635 1657 quam
671 1584 742 1638 illi
770 1584 923 1650 cujus
955 1581 1086 1636 levia
1119 1578 1377 1646 nobisque
1403 1576 1659 1631 salutaria
1704 1576 1851 1645 jussa
1895 1582 2041 1628 sunt.

477 1680 616 1735 llinc
644 1678 911 1747 gehenna,
943 1673 1067 1726 hinc
1122 1672 1279 1741 ignis,
1328 1669 1452 1724 hinc
1487 1668 1680 1731 lluvius
1729 1668 1887 1737 ignis,
1932 1666 2057 1720 hinc

476 1768 675 1823 vermis
725 1766 884 1819 linem
939 1763 1205 1817 nesciens.
1237 1760 1361 1816 Scio
1409 1760 1609 1814 multos
1638 1774 1778 1824 esse,
1810 1760 1902 1828 qui
1959 1772 2056 1812 nos

476 1858 592 1913 base
622 1857 862 1912 dicentes
890 1869 995 1907 non
1038 1851 1273 1922 jucunde
1297 1851 1539 1905 audiant.
1569 1849 1698 1904 Nam
1728 1864 1898 1919 neque
1926 1846 2057 1902 mihi

472 1959 605 2006 sunt
628 1947 865 2017 jucunda
905 1946 1091 2009 dictu;
1123 1936 1253 2013 quid
1280 1944 1422 1998 enim
1472 1941 1554 1997 his
1595 1927 1836 1998 dicendis
1861 1955 2055 1996 conse-

474 2040 658 2112 quor?
692 2039 897 2094 Vellem
935 2036 1087 2093 vobis
1132 2043 1393 2106 perpetuo
1423 2050 1485 2088 ea
1512 2049 1631 2104 qua:
1664 2033 1813 2109 regni
1844 2033 2055 2103 propria

473 2138 602 2186 sunt
630 2144 872 2194 narrare,
902 2126 1142 2198 requiem
1188 2126 1359 2191 illam,
1390 2140 1580 2195 aquam
1620 2124 1775 2194 plene
1807 2124 2054 2179 reﬁcieno

476 2233 608 2286 tem,
628 2219 815 2273 viridia
838 2232 901 2272 ac
921 2217 1042 2271 laeta
1067 2231 1281 2286 pascua.
1303 2214 1478 2284 lnquit
1497 2215 1660 2281 enim,
1681 2215 1853 2284 Super
1873 2230 2058 2282 aquam

474 2311 759 2381 refectionis
787 2309 1017 2363 educavit
1038 2323 1140 2371 me,
1171 2316 1220 2360 et
1249 2307 1301 2359 in
1324 2304 1435 2361 loco
1462 2321 1663 2376 pascua
1692 2306 1763 2359 ibi
1788 2321 1868 2359 me
1893 2306 2055 2359 collo-

476 2403 607 2456 cavit
634 2399 803 2472 (Psal.
835 2399 925 2452 εἳ.
955 2398 1033 2469 2).
1074 2397 1276 2453 Vellem
1303 2396 1373 2452 de
1402 2397 1521 2452 loco
1547 2397 1638 2452 illo
1681 2398 1883 2464 dicere,
1917 2397 2057 2452 unde

474 2494 652 2559 dolor,
675 2490 955 2562 aegritudo,
988 2492 1161 2545 luctus
1199 2489 1351 2544 abest
1387 2508 1400 2543 :
1435 2490 1624 2545 vellem
1656 2505 1876 2546 narrare
1906 2491 2057 2545 volu-

476 2594 677 2656 ptatem
704 2599 823 2653 qua:
843 2599 909 2637 ex
926 2582 1127 2637 Christi
1156 2583 1428 2637 consortio
1457 2584 1700 2654 capitur;
1735 2599 2057 2655 quamquam

474 2692 689 2732 onmem
739 2676 1068 2739 orationem,
1118 2690 1335 2730 omnem
1378 2676 1755 2746 cogitationem
1805 2688 2054 2747 superat:

473 2776 842 2821 verumtamen
894 2780 988 2834 pro
1020 2764 1218 2819 viribus
1269 2765 1321 2819 in
1358 2765 1464 2819 isto
1509 2778 1825 2837 argmneuto
1853 2767 2057 2822 versari

478 2857 694 2911 vellem.
729 2854 834 2910 Sed
862 2855 988 2924 quid
1016 2855 1214 2923 agam?
1243 2854 1358 2910 Non
1388 2856 1509 2911 licet
1534 2856 1600 2911 ad
1627 2842 1771 2924 ειηίι,
1803 2857 1896 2928 qui
1923 2856 2059 2913 febri

477 2946 729 2999 laborans
751 2945 890 2999 male
916 2943 1099 3011 habet,
1118 2945 1185 3000 de
1213 2960 1378 3015 regno
1399 2947 1562 3000 verba
1591 2946 1799 3002 facere:
1833 2946 2059 3005 etenim.

476 3036 603 3091 dttm
632 3036 703 3089 ita
730 3035 911 3101 habet,
944 3034 1013 3089 de
1042 3036 1270 3090 sanitate
1295 3035 1667 3091 disserendum
1697 3048 1799 3093 est.
1826 3037 1942 3093 Non
1975 3054 2061 3096 reo

475 3136 564 3183 cte
594 3128 641 3182 ei
672 3127 758 3197 qui
788 3141 960 3197 paena:
986 3127 1251 3182 obnoxius
1280 3137 1362 3181 est
1390 3127 1457 3183 de
1488 3133 1691 3186 honore
1716 3130 2010 3187 disseretur
2040 3150 2055 3187 :

477 3232 620 3272 nunc
648 3217 789 3271 enim
821 3216 922 3272 hoc
948 3232 1111 3270 unum
1135 3220 1392 3287 quarritur
1416 3260 1432 3286 ,
1464 3234 1493 3273 a
1521 3235 1677 3290 perna
1704 3231 1759 3277 et
1795 3226 2060 3296 supplicio

478 3307 700 3363 liberari
732 3325 744 3361 :
780 3307 882 3362 nisi
912 3308 1014 3362 hoc
1041 3323 1451 3379 consequamur,
1474 3314 1745 3383 quomodo
1772 3317 1902 3373 illud
1929 3333 2061 3375 con-

479 3401 811 3468 sequemur?
852 3399 1139 3468 Propterea
1184 3400 1250 3456 de
1280 3401 1364 3457 his
1392 3403 1607 3460 assidue
1656 3406 1868 3477 loquor,
1899 3418 1956 3464 ut
1992 3412 2059 3468 ad

477 3487 570 3543 illa
598 3490 759 3544 citius
784 3490 1082 3545 veniamus.
1111 3490 1243 3545 Nam
1273 3502 1327 3547 et
1370 3494 1513 3549 Deus
1540 3496 1653 3566 ipse
1700 3499 1821 3555 ideo
1858 3502 2059 3571 gehen-

475 3597 601 3636 nam
627 3583 859 3637 minatus
889 3593 993 3650 est,
1028 3592 1086 3638 ut
1113 3600 1275 3640 nemo
1305 3585 1357 3641 in
1407 3587 1707 3658 gehennam
1739 3591 1972 3662 decidat,
2003 3608 2059 3651 ut

474 3688 664 3729 omnes
692 3689 919 3745 regnum
943 3690 1317 3746 assequamur.
1348 3678 1412 3733 Et
1440 3695 1538 3735 nos
1563 3681 1767 3739 idcirco
1794 3687 2059 3757 gehennae

474 3777 738 3839 perpetuo
779 3768 1107 3824 mentionem
1139 3769 1385 3839 facimus,
1418 3781 1476 3827 ut
1502 3774 1568 3829 ad
1596 3790 1821 3845 regnum
1854 3795 1950 3836 vos
1978 3782 2057 3836 in-

475 3858 727 3925 citemus,
758 3868 816 3912 ut
846 3868 1055 3914 mentes
1078 3870 1289 3915 vestras
1321 3863 1511 3919 timore
1544 3867 1871 3935 mollientes,
1903 3871 1970 3925 ad
1993 3887 2056 3927 ea

473 3963 595 4018 qua:
622 3963 787 4017 regno
808 3948 968 4018 digna
996 3957 1120 4003 sunt
1142 3948 1406 4016 facienda,
1430 3968 1772 4024 apparemus.
1793 3960 1873 4017 Ne
1900 3964 2060 4034 igitur

473 4054 618 4109 aegre
644 4038 825 4095 feratis
852 4041 1140 4095 verborum
1165 4043 1484 4111 gravitatem
1510 4065 1523 4102 :
1554 4048 1744 4106 horum
1769 4055 1913 4110 enim
1939 4073 2060 4114 ver-

477 4129 669 4185 borum
695 4132 928 4201 gravitas
953 4132 1101 4189 leves
1128 4134 1303 4191 reddit
1332 4138 1540 4195 animas
1562 4152 1773 4201 nostras
1800 4164 1831 4203 a
1864 4165 2056 4220 pecca-

472 4257 2460 4309 ...Ψ-,ᾐκ-

1170 311 1226 425 έ.
1263 363 1541 423 ιοιιΝΝιε
1572 352 2043 421 CHRYSOSTOMI

2163 353 2396 414 lCllIEP.
2433 355 2967 416 CONSTANTINOP.

3638 359 3749 418 228

2167 479 2343 527 torum
2371 471 2627 543 pondere.
2651 472 2782 529 Nam
2810 482 2866 528 et
2893 471 3093 528 ferrum
3117 486 3280 544 grave
3302 481 3404 539 est,
3430 483 3486 530 et
3506 474 3739 532 malleus

2159 565 2335 635 gravis
2359 581 2375 630 ;
2427 574 2666 620 attamen
2716 564 2915 621 [scth
2944 581 3070 622 vssa
3097 582 3259 623 aurea
3289 577 3344 623 et
3384 578 3661 639 argentea,
3687 579 3747 624 et

2161 671 2279 725 qua:
2305 654 2531 711 distorta
2561 665 2687 710 sunt
2716 656 2953 727 dirigunt
2980 674 2993 711 :
3025 657 3168 726 quod
3196 657 3299 713 nisi
3325 659 3507 728 gravia
3534 670 3739 725 essent,

2162 746 2443 803 distortam
2474 748 2753 803 materiam
2781 748 3016 819 dirigere
3048 750 3351 821 neutiquam
3399 762 3635 820 possent.
3666 753 3744 807 lla

2162 839 2323 893 etiam
2346 838 2524 909 gravis
2544 853 2726 893 sermo
2745 848 2930 893 uoster
2947 854 3271 909 componere
3290 840 3525 895 animam
3544 852 3741 910 potest.

2163 926 2460 983 Verborum
2493 929 2651 998 igitur
2669 930 2985 999 gravitatem
3019 930 3302 1001 plagasque
3333 930 3400 984 ab
3432 932 3536 986 illis
3576 932 3746 987 factas

2167 1037 2235 1077 ne
2262 1021 2525 1090 fugiamus
2556 1039 2569 1075 :
2619 1037 2726 1075 non
2754 1022 2898 1076 enim
2926 1022 3046 1076 ideo
3073 1022 3298 1077 infertur
3343 1023 3498 1093 plaga
3525 1034 3581 1078 ut
3621 1027 3741 1079 ani-

2163 1131 2303 1169 mam
2354 1114 2561 1185 frangat
2610 1129 2673 1170 ac
2722 1115 2952 1181 laceret,
2984 1114 3079 1171 sed
3125 1124 3182 1169 ut
3224 1116 3477 1185 corrigat.
3531 1116 3745 1171 Scimus

2162 1209 2306 1263 enim
2349 1223 2445 1277 per
2477 1208 2571 1263 Dei
2599 1209 2820 1277 gratiam
2850 1208 2970 1277 quis
2996 1207 3065 1262 sit
3094 1208 3410 1263 verberandi
3442 1207 3656 1273 modus,
3686 1218 3742 1263 et

2161 1317 2321 1372 quam
2369 1302 2475 1354 aite
2522 1300 2823 1369 iulligamus
2870 1300 3114 1370 plagam;
3149 1310 3204 1353 ιιι
3252 1315 3317 1355 ne
3346 1299 3743 1355 commiuuatur

2163 1408 2275 1459 vas,
2305 1392 2402 1447 sed
2432 1400 2492 1446 ut
2540 1392 2791 1461 poliatur,
2823 1403 2880 1447 ut
2905 1401 3253 1458 restauretur,
3286 1403 3344 1447 ut
3389 1403 3571 1463 aptum
3621 1393 3743 1447 red-

2162 1484 2321 1539 datur
2345 1499 2452 1553 quo
2483 1491 2665 1537 utatur
2713 1483 2993 1550 Dominus,
3024 1494 3080 1538 ut
3109 1499 3176 1538 ex
3224 1483 3452 1538 sanitate
3501 1483 3741 1552 splendi-

2165 1574 2289 1629 dum
2322 1573 2598 1641 oli'eratur,
2628 1573 2874 1645 beneque
2903 1574 3171 1643 sculptum
3200 1574 3252 1627 in
3296 1574 3382 1629 illa
3413 1574 3520 1640 die,
3556 1575 3609 1628 in
3635 1589 3738 1644 qua

2164 1668 2269 1720 erit
2291 1665 2487 1722 ﬂumen
2522 1666 2694 1736 ignis;
2730 1676 2784 1721 ut
2817 1683 2883 1721 ne
2927 1666 3182 1721 olleratur
3203 1682 3345 1737 pyrae
3372 1666 3471 1732 illi,
3500 1682 3623 1735 qua:
3670 1668 3742 1722 ibi

2163 1760 2339 1813 l'utura
2370 1767 2472 1813 est.
2506 1759 2637 1813 Nam
2666 1760 2767 1813 nisi
2798 1760 2922 1813 dum
2955 1758 3039 1812 hic
3078 1760 3226 1823 estis,
3259 1774 3350 1814 vos
3376 1759 3741 1815 inﬂammave-

2163 1852 2350 1915 rimus,
2384 1851 2496 1906 illic
2548 1852 2766 1906 omnino
2815 1851 3218 1905 inllammemini
3252 1866 3474 1907 necesse
3510 1862 3615 1915 est,
3646 1866 3741 1906 nec

2165 1940 2278 1995 ﬁeri
2306 1941 2461 1995 aliter
2490 1950 2703 2009 potest:
2734 1938 2855 1995 Dies
2881 1942 3011 1993 enim
3040 1940 3244 1994 Domini
3273 1944 3324 1995 in
3352 1942 3469 2009 igne
3496 1942 3743 1995 reveletur

2165 2034 2242 2102 (Ι.
2272 2032 2388 2086 Cor.
2411 2034 2464 2088 5.
2492 2033 2603 2101 i5).
2631 2031 2811 2087 Satius
2839 2042 2922 2088 est
2950 2042 3005 2086 ut
3030 2033 3093 2085 ad
3125 2034 3286 2089 breve
3308 2041 3516 2103 tempus
3548 2034 3743 2088 nostris

2164 2125 2505 2180 sermonibus
2539 2123 2790 2189 uramini,
2822 2140 2979 2195 quam
3014 2134 3270 2194 perpetuo
3297 2126 3511 2179 ﬂamma
3545 2126 3656 2180 illa.
3689 2125 3741 2178 ιιι

2163 2220 2304 2272 enim
2338 2216 2517 2272 futuro
2556 2217 2779 2271 omnino
2804 2231 2946 2282 esse,
2997 2218 3334 2287 perspicuum
3362 2227 3481 2283 est;
3509 2234 3573 2273 ac
3601 2233 3743 2286 smpe

2166 2309 2319 2365 vobis
2366 2309 2606 2364 rationes
2634 2309 2806 2373 attuli,
2837 2311 3030 2379 quibus
3057 2309 3350 2365 contradici
3393 2325 3498 2364 non
3547 2320 3739 2380 potest.

2165 2403 2242 2457 Ac
2270 2402 2415 2457 solas
2439 2402 2653 2471 quidem
2698 2400 3001 2472 Scripturas
3030 2402 3241 2472 plenam
3288 2402 3441 2456 vobis
3472 2402 3634 2456 ﬁdem
3666 2402 3741 2455 fa-

2162 2509 2287 2549 cere
2316 2494 2634 2562 oportebat;
2668 2493 2765 2549 sed
2808 2494 3058 2563 quoniam
3110 2492 3350 2547 nonnulli
3382 2494 3653 2563 proclives
3678 2492 3742 2546 ad

2164 2585 2568 2645 contentionem
2622 2596 2768 2653 sunt,
2820 2586 2987 2642 multa
3036 2587 3198 2641 etiam
3245 2587 3743 2641 ratiocinationibus

2163 2678 2450 2733 movimus.
2483 2678 2625 2731 Nihil
2656 2694 2786 2733 vero
2815 2678 3039 2748 impedit
3067 2679 3355 2748 quominus
3382 2688 3439 2732 et
3469 2693 3615 2732 nunc
3639 2693 3743 2732 eas-

2162 2768 2287 2824 dem
2319 2767 2626 2823 all‘eramus.
2655 2768 2908 2836 Quaenam
2936 2784 3065 2825 vero
3096 2768 3204 2823 illa:
3233 2769 3426 2824 erant?
3456 2767 3645 2823 Justus
3666 2777 3743 2822 est

2167 2863 2344 2918 Deus:
2378 2875 2567 2916 omnes
2596 2860 2848 2928 fatemur,
2875 2870 2929 2915 et
2953 2860 3124 2916 Graeci
3147 2869 3203 2916 et
3227 2860 3397 2915 Judaei
3423 2870 3479 2916 et
3508 2861 3743 2917 luet-elici

2163 2967 2221 3014 et
2247 2956 2557 3013 ChriStiani.
2589 2957 2661 3010 At
2690 2955 2815 3010 hinc
2861 2954 3015 3009 multi
3043 2955 3133 3025 qui
3163 2964 3469 3024 peccarunt,
3498 2955 3745 3009 abierunt

2164 3048 2419 3119 impune:
2444 3047 2597 3103 multi
2620 3046 2709 3116 qui
2736 3060 2857 3101 cum
2880 3046 3078 3100 virtute
3103 3046 3368 3111 vixerant,
3393 3053 3505 3098 tum
3525 3045 3743 3098 demum

2165 3143 2435 3208 abierunt,
2454 3156 2578 3196 cum
2605 3146 2887 3195 sescentas
2916 3138 3208 3194 subiissent
3227 3137 3584 3192 calamitates.
3607 3135 3745 3206 Ergo

2164 3237 2212 3292 si
2237 3234 2414 3305 justus
2427 3234 2604 3297 Deus;
2638 3232 2853 3287 ubinam
2882 3230 2966 3286 his
2987 3230 3200 3301 quidem
3225 3229 3464 3300 prmmia,
3484 3228 3595 3283 illis
3619 3242 3745 3281 vero

2166 3326 2426 3396 supplicia
2460 3324 2676 3387 tribuet,
2710 3324 2754 3378 si
2788 3339 2895 3378 non
2926 3332 3009 3378 est
3036 3321 3302 3393 gehenua,
3331 3322 3376 3376 si
3418 3335 3523 3373 non
3555 3330 3639 3375 est
3665 3336 3745 3373 re-

2166 3417 2468 3473 surrectio?
2495 3416 2645 3471 Hanc
2668 3416 2831 3487 igitur
2861 3416 3121 3469 rationem
3152 3422 3208 3468 et
3233 3412 3408 3467 illiset
3432 3411 3588 3466 vobis
3619 3411 3745 3481 ipsis

2166 3522 2381 3576 semper
2425 3508 2625 3573 canite,
2651 3523 2749 3561 nec
2794 3506 2935 3561 sinet
2972 3522 3068 3559 vos
3094 3504 3162 3559 de
3206 3503 3601 3559 resurrectione
3640 3519 3744 3556 non

2167 3600 2408 3655 credere.
2441 3599 2542 3667 Qui
2574 3613 2703 3654 vero
2743 3598 2812 3654 de
2859 3597 3253 3652 resurrectione
3294 3611 3399 3650 non
3442 3596 3673 3660 dubitat,
3700 3594 3744 3650 is

2168 3692 2356 3748 sedulo
2384 3702 2549 3761 atque
2573 3699 2778 3746 attente
2808 3691 2970 3744 vitam
3004 3703 3153 3743 suam
3178 3688 3405 3755 curabit,
3437 3696 3498 3742 ut
3540 3686 3743 3757 sempi-

2168 3792 2319 3838 terna
2371 3783 2512 3837 bona
2558 3790 2957 3850 consequatur:
2992 3795 3112 3850 qua:
3158 3781 3360 3835 utinam
3409 3793 3508 3834 nos
3554 3793 3745 3833 omnes

2166 3889 2580 3945 consequamur,
2611 3874 2781 3944 gratia
2831 3881 2885 3928 et
2934 3873 3263 3942 benignitate
3314 3871 3528 3926 Domini
3574 3869 3745 3924 nostri

2167 3968 2293 4024 Jesu
2321 3967 2555 4031 Christi,
2584 3966 2669 4021 cui
2696 3980 2817 4020 cum
2849 3965 3006 4019 Patre
3035 3974 3087 4019 et
3115 3963 3312 4033 Spiritu
3340 3972 3526 4016 sancto
3550 3961 3741 4031 gloria,

2167 4061 2473 4129 imperium,
2505 4060 2701 4124 honor,
2734 4072 2878 4112 nunc
2900 4066 2956 4113 et
2981 4070 3217 4126 semper,
3260 4063 3315 4109 et
3344 4054 3395 4108 in
3416 4053 3610 4109 smcula
3642 4069 3745 4107 sa:-

2171 4155 2437 4212 culorum.
2468 4154 2658 4208 Amen.

3477 4285 3746 4299 —

1782 4358 2132 4431 HOMILIA
2172 4370 2306 4432 Vl-l.

470 4484 601 4576 Car.
627 4484 683 4541 Ξ.
708 4502 763 4541 v.
791 4486 857 4576 r5.
894 4485 1009 4541 Hoc
1033 4489 1166 4542 enim
1194 4492 1443 4547 sentiatur
1468 4494 1523 4549 in
1556 4498 1696 4554 vobis
1714 4543 1730 4569 ,
1769 4507 1907 4576 quod
1929 4518 1977 4564 et
2004 4511 2059 4565 in

541 4574 743 4631 Christo
766 4575 894 4630 Iesu
926 4593 945 4631 :
976 4579 1027 4632 6.
1056 4580 1143 4648 qui
1167 4596 1280 4634 cum
1299 4584 1351 4636 in
1371 4588 1536 4655 [arma
1557 4588 1652 4644 Dei
1672 4574 1817 4662 esset,
1850 4615 1949 4652 non
1969 4617 2058 4655 ra-

544 4668 720 4737 pinam
769 4668 1043 4723 arbitratus
1090 4680 1161 4724 est
1202 4688 1309 4728 esse
1354 4692 1407 4730 se
1444 4682 1687 4749 aequalem
1716 4685 1821 4742 Deo
1845 4730 1861 4754 ,
1891 4690 1941 4743 7.
1969 4693 2058 4747 sed

545 4761 868 4830 semetipsum
888 4763 1180 4831 exinanivit,
1210 4766 1430 4835 formam
1456 4775 1585 4827 servi
1610 4778 1882 4849 accipiens,
1901 4783 1955 4837 in
1982 4784 2056 4840 si-

545 4850 879 4905 militudinem
922 4852 1185 4909 hominum
1237 4861 1401 4928 [actus
1420 4902 1435 4929 ,
1463 4872 1507 4916 et
1548 4866 1722 4922 habitu
1750 4872 1975 4929 inventus
2003 4886 2059 4930 ut

545 4939 696 4993 homo
738 4955 757 4993 :
808 4940 862 4995 8.
911 4942 1196 4999 humiliavit
1241 4952 1583 5022 semetipsum,
1616 4956 1781 5025 factus
1821 4963 2057 5022 obcdiens

543 5047 702 5100 usque
742 5032 810 5085 ad
838 5045 1081 5099 mortem,
1125 5049 1339 5094 mortem
1388 5054 1555 5099 autem
1581 5052 1764 5105 crucis.
1812 5054 1865 5110 9.
1922 5055 2057 5111 Pro—

546 5135 657 5195 pter
698 5126 837 5193 quod
877 5136 925 5180 et
972 5126 1107 5183 Deus
1134 5131 1374 5187 exultavit
1401 5135 1578 5203 illum,
1639 5152 1686 5195 et
1728 5144 1933 5200 donavit
1978 5148 2056 5201 illi

544 5234 756 5283 nomen,
808 5219 944 5289 quod
994 5230 1064 5274 est
1116 5240 1272 5294 super
1316 5242 1463 5282 onme
1521 5247 1741 5299 nomen,
1793 5237 1881 5291 10.
1923 5240 2055 5294 utin

546 5310 746 5363 nomine
767 5307 803 5362 Ι
808 5327 893 5364 esu
922 5327 1068 5367 omne
1092 5330 1224 5384 genu
1268 5318 1500 5386 ﬂectatur
1548 5324 1818 5379 cwlestium
1840 5369 1854 5392 ,
1897 5337 2056 5383 terre-

547 5403 727 5456 strium
753 5413 798 5456 et
819 5404 1155 5475 infernarum,
1182 5409 1269 5463 ll.
1314 5421 1359 5463 et
1386 5416 1548 5468 omnis
1594 5417 1770 5488 lingua
1812 5420 2056 5488 conﬁtea—

545 5502 645 5557 tur,
680 5492 798 5562 quia
852 5493 1104 5575 Dominus
1156 5498 1308 5554 Jesus
1338 5500 1568 5560 Christus
1612 5508 1667 5561 in
1713 5509 1931 5580 gloriam
1960 5510 2057 5567 Dei

548 5580 741 5639 Patris.

544 5676 595 5729 l.
652 5676 902 5746 Exposita
948 5695 977 5735 a
1027 5682 1182 5739 nobis
1228 5683 1317 5739 illa
1362 5696 1486 5742 sunt
1523 5705 1639 5759 quae
1677 5692 1744 5747 ad
1774 5693 2056 5754 hmreticos

470 5767 808 5837 pertinebant
838 5790 850 5827 :
876 5773 985 5843 jam
1013 5791 1143 5833 vero
1174 5789 1532 5849 opportunum
1579 5794 1662 5840 est
1687 5798 1869 5844 nostra
1892 5788 2054 5846 etiam

2164 4513 2380 4571 ali'erre.
2414 4512 2495 4568 Illi
2519 4513 2591 4567 ita
2613 4512 2799 4567 dicunt
2821 4509 2984 4567 verba
3004 4510 3127 4577 ista,
3173 4507 3295 4563 Non
3321 4508 3553 4578 rapinam
3607 4508 3743 4560 arbi-

2166 4618 2327 4661 tratus
2351 4615 2461 4672 est,
2514 4605 2658 4661 idem
2688 4605 2899 4666 valere,
2927 4618 2991 4658 ac
3031 4603 3076 4657 si
3120 4601 3371 4665 dixisset,
3402 4601 3578 4670 rapuit
3606 4620 3619 4655 :
3650 4616 3744 4654 nos

2162 4714 2294 4754 vero
2338 4697 2673 4754 ostendimus
2715 4698 2951 4767 ineptum
2992 4695 3044 4750 id
3094 4703 3252 4762 atque
3286 4693 3573 4749 absurdum
3602 4708 3743 4748 esse.

2160 4791 2441 4847 Neminem
2486 4792 2629 4847 enim
2657 4806 2807 4853 esse,
2841 4789 2933 4859 qui
2970 4796 3062 4842 aut
3086 4802 3155 4842 ex
3204 4786 3506 4857 hujusmodi
3534 4787 3655 4843 loco
3681 4787 3745 4841 ad

2162 4885 2325 4939 animi
2355 4885 2711 4939 humilitatem
2739 4881 3070 4947 cohortatur,
3097 4889 3190 4934 aut
3216 4880 3382 4934 Deum
3410 4879 3511 4935 hac
3540 4881 3747 4937 ratione

2160 4975 2419 5041 celebret,
2447 4974 2554 5027 imo
2583 4988 2682 5027 nec
2715 4972 3008 5027 hominem.
3052 4969 3190 5037 Quid
3222 4970 3379 5039 igitur
3405 4982 3507 5032 est.
3552 4986 3586 5025 ο
3611 4971 3747 5027 dile-

2161 5063 2273 5118 cti?
2295 5062 2570 5118 Attendite
2595 5077 2678 5124 ea,
2712 5077 2830 5130 qua:
2858 5075 2999 5114 nunc
3035 5059 3304 5117 dicuntur.
3333 5060 3593 5127 Quoniam
3627 5062 3743 5131 plu-

2161 5154 2283 5207 rimi
2325 5153 2574 5207 homines
2598 5152 2959 5218 arbitrantur,
2991 5150 3037 5205 si
3062 5149 3339 5205 humiliter
3364 5166 3423 5205 se
3447 5156 3743 5221 gesserint.

2161 5244 2277 5299 fore
2299 5252 2357 5298 ut
2383 5244 2653 5315 prOpriam
2681 5243 2925 5297 amittant
2947 5242 3289 5312 dignitatem,
3319 5252 3373 5298 et
3400 5243 3624 5297 minoris
3650 5244 3742 5297 ha-

2160 5336 2425 5401 beantur,
2476 5343 2637 5405 atque
2680 5333 2745 5387 ad
2786 5334 3122 5389 humiliorem
3166 5334 3341 5389 locum
3380 5334 3743 5399 descendant;

2162 5426 2305 5482 hunc
2351 5436 2552 5483 metum
2582 5426 2827 5482 adimens
2853 5427 3167 5496 Apostolus,
3206 5428 3496 5484 ostendens
3523 5444 3629 5483 non
3673 5430 3743 5483 ita

2161 5518 2317 5572 nobis
2342 5518 2681 5573 sentiendum
2708 5532 2829 5574 esse
2848 5560 2863 5587 ,
2887 5518 2955 5573 de
2986 5518 3102 5589 ipso
3136 5520 3246 5576 Deo
3271 5521 3401 5575 dicit
3419 5560 3436 5586 ,
3460 5521 3633 5577 Deum
3682 5523 3743 5577 il-

2162 5610 2271 5665 lum
2298 5610 2650 5680 unigenitum,
2681 5612 2768 5683 qui
2791 5612 2843 5667 in
2869 5612 3037 5667 forma
3063 5613 3155 5668 Dei
3177 5622 3279 5679 est,
3302 5614 3390 5684 qui
3408 5613 3538 5669 nihil
3568 5618 3745 5672 minus

2161 5699 2317 5756 Patre
2344 5700 2537 5768 habet,
2583 5702 2672 5773 qui
2700 5703 2748 5757 ei
2789 5703 3010 5774 aequalis
3036 5712 3140 5771 est,
3181 5718 3289 5759 non
3334 5705 3575 5776 rapinam
3625 5721 3743 5762 esse

2160 5793 2476 5851 arbitratum
2508 5808 2628 5852 esse
2671 5794 2930 5867 aqualem
2978 5795 3109 5852 Deo.
3139 5796 3277 5867 Quid
3321 5811 3446 5854 vero
3489 5796 3631 5853 istud
3673 5797 3740 5853 sit
