3878 6502
150 345 241 404 2θῖ

147 456 245 516 ἀλλ’
266 454 407 523 ὅμως
436 450 712 507 ἀκούεται.
742 453 938 525 Οῐμοιί
968 456 1048 509 ὅτι
1081 456 1209 527 ὠμά
1241 458 1335 513 καὶ
1372 458 1554 529 ἀπηνῆ
1590 458 1683 511 καὶ¹

894 341 963 398 ΙΝ
995 341 1211 399 ΕΡΙΒΤ.
1249 340 1342 397 AD
1380 336 1667 396 PHILIPP.
1707 335 1861 391 CAP.
1906 335 1971 392 11.
2008 334 2243 393 IIOMIL.
2288 336 2402 394 VII.

3259 340 3367 397 228

1800 470 1899 524 μεν
1925 450 2023 523 τὴν
2050 451 2331 524 βαρύτητα
2365 451 2473 505 τῶν
2506 452 2786 523 ῥημάτων,
2820 452 2953 522 μηδὲ
2981 451 3080 515 τάς
3103 452 3211 506 ἀπὸ
3236 454 3366 507 τού-

149 539 352 616 θηριὼδη
384 540 733 609 προστάττων
753 540 1007 594 ἀκούεται
1034 544 1234 613 μᾶλλον
1258 543 1352 597 τοῦ
1377 544 1445 598 τά
1467 544 1683 613 ἐπιεικῆ
1787 556 1895 593 των
1930 539 2165 607 πληγάς.
2221 539 2335 610 Οὑχ
2360 539 2449 592 ἵνα
2496 539 2780 611 διακλάσῃ,
2809 540 2917 592 οὑδ*
2960 540 3049 594 ἵνα
3095 540 3367 613 διαθρύψῃ

146 633 224 688 καὶ
250 628 480 697 σωτήρια
508 630 643 697 ἡμῖν
674 628 1013 694 κελεύοντος.
1056 632 1157 683 Διά
1184 631 1341 685 τοῦτο
1364 633 1574 701 γέεννα,
1599 630 1687 684 διά
1788 627 1886 698 τὴν
1914 626 2112 696 ψυχὴν,
2142 628 2509 697 καταφέρεται
2559 629 2592 697 ἡ
2642 628 2845 698 πληγὴ,
2875 628 2989 680 ἀλλ’
3025 628 3113 681 ἵνα
3144 627 3367 698 διορθώ-

144 716 277 773 τοῦτο
301 712 427 783 πῦρ,
457 713 544 767 διά
566 714 723 768 τοῦτο
750 716 990 788 ποταμὸς
1029 718 1221 789 πυρὸς,
1248 718 1336 772 διὰ
1365 718 1522 772 τοῦτο
1546 718 1688 771 σκώ-

144 806 225 873 ληξ
265 799 627 870 ἀτελεύτητος.
681 798 811 855 Οἶδα
843 802 925 855 ὅτι
961 803 1143 855 πολλοὶ
1183 805 1355 859 ταῦτα
1380 806 1477 875 οὑχ
1517 804 1689 873 ἡδέως

142 885 398 942 ἀκούουσιν
433 883 588 952 ἡμῶν
605 883 889 951 λεγόντων.
910 886 1044 939 Οὐδὲ
1075 887 1185 958 γὰρ
1214 887 1364 959 [245]
1382 886 1493 956 ἐγὼ
1521 888 1691 958 ἡδέως

143 969 447 1037 αὑτὰὶέγωο
488 970 573 1033 τίς
606 971 713 1041 γάρ
760 971 918 1042 χρεία
951 973 1125 1026 ταῦτα
1172 974 1393 1041 λέγειν;
1442 973 1689 1027 Ἐϐουλό-

144 1058 313 1133 μηντά
342 1057 467 1127 περὶ
489 1058 765 1127 βασιλείας
796 1060 925 1130 ὑμῖν
957 1062 1258 1131 διηγεῖσθαι
1292 1062 1397 1127 ἀεὶ,
1432 1062 1531 1133 τὴν
1556 1063 1691 1116 ἀνά.

142 1161 335 1207 παυσιν,
364 1144 422 1197 τὺ
446 1144 589 1214 ὕδωρ
636 1146 695 1197 τὸ
723 1146 824 1216 τῆς
848 1147 1229 1213 ἀναπαύσεως,
1262 1149 1355 1202 τὸν
1394 1150 1559 1202 τόπον
1592 1150 1689 1218 τῆς

139 1233 297 1305 χλόης.
329 1229 453 1282 Ἐπί
508 1230 729 1297 ὓδατος
779 1231 909 1301 γὰρ,
952 1235 1137 1303 φησιν,
1168 1236 1566 1299 ἀναπαύσεως
1592 1236 1690 1299 ἐξ-

138 1316 327 1385 ἐθρεψέ
345 1333 443 1385 με,
468 1316 563 1369 καὶ
606 1319 694 1381 εἰς
726 1319 914 1371 τόπον
938 1321 1130 1388 χλόης
1160 1321 1375 1391 ἐκεῖμε
1395 1322 1688 1388 κατεσκή-

138 1416 328 1455 νωσεν.
378 1398 710 1471 Ἐϐουλόμην
736 1402 827 1454 ἐπὶ
853 1402 947 1455 τοῦ
987 1405 1150 1456 τόπου
1192 1404 1390 1471 λέγειν,
1421 1404 1548 1459 ἔνθα
1586 1407 1691 1458 ἀπ-

138 1489 247 1558 έδρα
278 1485 428 1556 ὀδύνη
458 1487 551 1539 καὶ
585 1486 727 1557 λύπη
767 1490 860 1542 καὶ
905 1491 1205 1561 στεναγμός
1225 1508 1238 1521 ο
1281 1491 1579 1562 ἐϐουλόμην
1612 1492 1689 1545 διο

136 1572 355 1644 ηγεῖσθαι
398 1572 500 1642 τῆς
537 1573 631 1625 τοῦ
679 1575 916 1644 Χριστοῦ
971 1578 1256 1641 συνουσίας
1315 1578 1411 1646 τὴν
1465 1578 1685 1648 ἡδονήν⁸

136 1660 290 1713 καίτοι
322 1674 381 1727 γε
409 1661 585 1713 πάντα
616 1661 935 1732 ὑπερϐαίνει
966 1664 1145 1733 λόγον,
1196 1666 1290 1718 καὶ
1328 1666 1504 1719 πάντα
1527 1665 1649 1718 νοῦν
1668 1681 1681 1694 ⁸

136 1747 237 1800 ἀλλ’
279 1748 420 1815 ὅμως
468 1748 609 1800 κατά
639 1748 864 1819 δύναμιν
913 1751 1215 1823 ἐϐουλόμην
1260 1752 1432 1806 ταῦτα
1483 1752 1683 1819 λέγειν.

146 1834 289 1887 Ἀλλά
307 1833 355 1885 τί
386 1833 575 1899 πάθω;
630 1836 743 1889 Οὑκ
789 1836 868 1889 ἔνι
901 1838 979 1908 τῷ
1014 1839 1335 1909 πυρέττοντι
1379 1840 1473 1892 καὶ
1500 1839 1687 1901 κακῶς

134 1916 435 1986 διακειμένῳ
470 1919 597 1986 περὶ
650 1917 923 1987 βασιλείας
977 1922 1187 1989 λέγειν’
1239 1922 1376 1985 τέως
1419 1922 1527 1992 γάρ
1560 1923 1686 1994 περὶ

134 2001 303 2069 ὑγείας
330 2000 432 2070 χρὴ
454 2000 817 2069 διαλέγεσθαι.
852 2004 965 2057 Οὐκ
992 2004 1071 2057 ἔνι
1100 2005 1179 2075 τῷ
1207 2005 1363 2076 δίκης
1400 2006 1687 2076 ὑπευθύνῳ

134 2088 249 2157 περὶ
281 2087 441 2157 τιμῆς
494 2087 872 2157 διαλέγεσθαι’
922 2091 1060 2154 τέως
1090 2092 1199 2163 γὰρ
1231 2093 1292 2144 τὸ
1331 2092 1684 2163 ζητούμενον,

133 2174 269 2242 δίκης
293 2172 689 2242 ἀπαλλαγῆναι,
726 2177 818 2228 καὶ
847 2178 948 2247 τῆς
976 2178 1249 2241 κολάσεως
1271 2180 1366 2233 καὶ
1394 2182 1494 2250 τῆς
1515 2197 1686 2249 τιμω-

137 2261 269 2331 ρίας·
302 2260 366 2313 ἂν
414 2260 490 2329 μὴ
530 2261 688 2313 τοῦτο
712 2264 964 2334 γένηται,
999 2265 1115 2328 πῶς
1162 2266 1337 2319 ἐκεῖνο
1366 2266 1549 2331 ἐσται;
1587 2265 1685 2319 Διά

132 2346 270 2401 τοῦτο
290 2344 454 2399 ταῦτα
487 2346 633 2416 λέγω
683 2351 944 2419 συνεχῶς,
987 2351 1075 2404 ἵνα
1106 2352 1194 2403 ἐπ’
1226 2352 1409 2404 ὲκείνα
1443 2351 1685 2422 ἔλθωμεν

131 2434 339 2503 ταχέως.
366 2434 476 2486 Καὶ
497 2434 604 2506 γὰρ
622 2435 651 2487 6
679 2435 810 2499 θεὸς
828 2436 916 2489 διά
942 2436 1098 2491 τοῦτο
1123 2439 1346 2506 γέενναν
1367 2438 1683 2509 ἠπείλησεν,

134 2520 208 2573 ἴνα
241 2521 416 2591 μηδεὶς
435 2522 516 2585 εἰς
540 2522 766 2589 γέενναν
797 2523 1035 2595 ἐμπέσῃ,
1072 2528 1158 2578 ἵνα
1187 2525 1386 2587 πάντες
1412 2524 1683 2595 βασιλείας

131 2609 473 2679 ἑπιτύχωμεν.
508 2612 615 2663 Καὶ
651 2612 812 2681 ἡμεῖς
844 2612 934 2665 διὰ
982 2612 1139 2664 τοῦτο
1176 2611 1415 2681 συνεχῶς
1462 2612 1685 2681 γεέννης

134 2696 461 2766 μεμνήμεθα,
520 2697 609 2749 ἵνα
657 2698 794 2770 πρὸς
826 2699 925 2767 τὴν
960 2697 1238 2768 βασιλείαν
1272 2700 1415 2769 ὑμᾶς
1460 2697 1687 2768 ὠθὴσω-

133 2799 240 2852 μεν,
284 2783 365 2836 ῖνα
408 2782 489 2853 τῷ
534 2784 684 2854 φόϐῳ
729 2786 1068 2855 μαλάξαντες
1107 2786 1260 2855 ὑμῶν
1292 2786 1391 2854 τὴν
1423 2784 1683 2849 διάνοιαν,

133 2870 623 2940 παρασκευάσωμεν
645 2872 771 2937 ἀξια
796 2872 897 2941 τῆς
925 2872 1203 2942 βασιλείας
1231 2874 1431 2926 ποιεῖν.
1453 2873 1545 2942 Μὴ
1578 2872 1685 2924 τοί-

132 2975 213 3009 νυν
240 2958 613 3029 δυσχεραίνετε
639 2959 773 3029 πρὸς
792 2961 852 3013 τὸ
875 2960 981 3013 τῶν
1002 2960 1262 3032 ῥημάτων
1287 2959 1423 3031 βαρύ
1444 2974 1457 2988 °
1491 2960 1552 3011 τὸ
1578 2959 1687 3030 γὰρ

132 3044 253 3116 βαρὺ
284 3046 388 3097 τῶν
416 3046 681 3116 ῥημάτων
707 3046 916 3115 κούφας
948 3048 1079 3118 ἡμῖν
1108 3047 1402 3117 ἐργάζεται
1436 3045 1543 3099 ἀπὸ
1576 3047 1685 3099 τῶν

133 3132 524 3203 ἁμαρτημάτων
546 3133 742 3203 ψυχάς.
787 3136 934 3187 Ἐπεὶ
956 3135 1049 3187 καί⁵
1070 3134 1099 3186 6
1123 3134 1335 3205 σίδηρος
1363 3133 1530 3205 βαρύς
1547 3136 1684 3198 ἐστι,

131 3219 215 3270 καὶ
243 3220 273 3288 ἡ
311 3218 489 3289 σφῦρα
522 3218 737 3290 βαρεῖα,
786 3218 923 3274 ἀλλά
972 3219 1371 3284 κατασκευάζει
1401 3221 1568 3293 σκεύη
1596 3219 1685 3272 εῦ-

130 3322 321 3375 χρηστα
350 3307 530 3375 χρυσᾶ
562 3308 654 3360 καὶ
685 3307 926 3379 ἀργυρᾶ,
964 3306 1059 3361 καὶ
1080 3306 1146 3360 τά
1171 3305 1575 3377 διεστραμμένα
1602 3306 1683 3377 ὀρ·

130 3394 237 3444 θοῖο
275 3394 345 3457 ὡς
372 3396 417 3447 εἰ
457 3395 535 3465 μὴ
575 3395 765 3465 βαρεῖα
796 3390 885 3464 ἦν,
917 3395 1017 3447 οὑκ
1067 3394 1132 3448 ἂν
1178 3395 1363 3464 ἴσχυσε
1393 3393 1686 3465 διορθῶσαι

130 3478 217 3549 τὴν
254 3481 690 3551 διεστραμμένην
721 3480 872 3551 ὕλην.
918 3481 1073 3534 Οὕτω
1104 3481 1197 3534 καὶ
1234 3483 1262 3534 6
1287 3480 1440 3550 λόγος
1477 3481 1632 3551 ἡμῶν
1656 3482 1686 3533 6

131 3566 285 3638 βαρὺς
312 3568 573 3639 ῥυθμίσαι
597 3568 696 3640 τὴν
722 3568 899 3639 ψυχὴν
926 3567 1116 3639 ἰσχύει.
1144 3567 1235 3639 Μὴ
1267 3567 1444 3623 τοίνυν
1470 3567 1685 3637 φεύγω-

1792 730 1973 782 σηται.
2009 712 2244 782 Οἴδαμεν
2283 714 2399 775 πῶς
2434 713 2765 783 πλήττομεν,
2807 714 2923 778 πῶς
2964 715 3245 784 ὲπάγομεν
3266 714 3366 785 τὴν

1791 798 2003 869 πληγὴν
2044 802 2111 869 τῇ
2154 798 2249 852 τοῦ
2274 800 2409 851 Θεοῦ
2454 800 2657 869 χάριτι,
2696 801 2836 853 ὥστε
2884 801 2958 872 μὴ
2993 802 3278 871 συντρίψαι
3308 801 3370 855 τὸ

1794 887 2009 951 σκεῦος,
2036 888 2151 940 ἀλλ’
2174 887 2313 940 ὥστε
2341 887 2548 953 λεᾶναι,
2570 888 2707 941 ὥστε
2745 890 3007 958 ὀρθῶσαι,
3040 890 3181 943 ὥστε
3212 892 3369 958 ποιῆ-

1795 991 1884 1027 σαι
1917 972 2217 1044 εὔχρηστον
2240 974 2317 1043 τῷ
2355 975 2622 1048 Δεσπότῃ.
2650 976 2790 1029 ὥστε
2821 977 2953 1030 αὑτὸ
2982 980 3368 1049 προσενεγκεῖν

1792 1060 2124 1113 ἀποστίλϐον
2155 1062 2254 1130 τὴν
2287 1060 2497 1129 ὑγείαν,
2547 1064 2641 1113 καὶ
2682 1062 2862 1125 καλῶς
2913 1062 3368 1133 ὲκτετορευμένον

1790 1148 1914 1201 κατ’
1949 1148 2164 1219 ἐκείνην
2198 1149 2295 1220 τὴν
2318 1150 2554 1219 ἡμέραν,
2581 1151 2703 1203 καθ’
2729 1151 2795 1220 ἡν
2819 1153 2847 1203 6
2874 1151 3117 1221 ποταμὸς
3146 1150 3238 1203 τοῦ
3264 1168 3367 1203 πυ-

1795 1235 1907 1307 ρδς,
1941 1235 2082 1289 ῶστε
2113 1241 2497 1306 προσενεγκεῖν
2536 1240 2609 1309 μὴ
2659 1239 2911 1309 δεόμενον
2966 1239 3065 1308 τῆς
3112 1240 3228 1291 ἐκεῖ
3265 1256 3369 1291 πυ-

1793 1326 1912 1394 ρᾶς.
1947 1327 2043 1378 Ἂν
2076 1324 2183 1397 γὰρ
2209 1327 2282 1396 μὴ
2313 1325 2657 1397 πυρώσωμεν
2691 1328 2835 1396 ὑμᾶς
2857 1326 3109 1392 ἐνταῦθα,
3146 1327 3362 1397 ἀνάγκη

1792 1411 2011 1472 πάντως
2039 1413 2357 1483 πυρωθῆναι
2392 1414 2528 1475 ἐκεῖ,
2563 1414 2656 1466 καὶ
2680 1415 2780 1465 οὑκ
2822 1413 2902 1465 ἔνι
2930 1413 3125 1475 ἄλλωςο
3168 1414 3229 1466 Ἡ
3255 1414 3369 1481 γὰρ

1790 1498 2227 1565 ἡμέραεκυρίου
2253 1499 2323 1550 ἐν
2368 1499 2509 1566 πυρί
2542 1500 3049 1553 ἀποκαλύπτεται.
3094 1501 3367 1568 Κρεῖσσον

1788 1586 1899 1645 τοῖς
1917 1584 2204 1653 ἡμετέροις
2227 1585 2404 1652 λόγοις
2423 1586 2563 1656 ὑμᾶς
2579 1585 2987 1655 κατακαυθῆναι
3008 1584 3142 1655 πρὸς
3169 1585 3364 1654 βραχὺ,

1787 1668 1820 1740 ἢ
1849 1670 2141 1730 διαπαντὸς
2183 1671 2366 1741 ἐκείνῃ
2401 1675 2463 1741 τῇ
2493 1670 2671 1739 φλογί.
2702 1672 2926 1732 Πάντως
2958 1671 3066 1740 γάρ
3096 1671 3178 1723 ὅτι
3209 1670 3369 1724 τοῦτο

1787 1756 1962 1821 ἔσται,
2012 1757 2191 1825 δῆλον,
2239 1758 2334 1810 καὶ
2396 1757 2651 1820 πολλάκις
2692 1759 2820 1828 ὑμῖν
2868 1755 3020 1810 εἷπον
3072 1758 3366 1829 λογισμοὺς

1786 1839 2230 1915 ἀναντίρῤἡτους.
2264 1844 2409 1897 Ἔδει
2436 1845 2533 1914 μὲν
2567 1844 2675 1914 γὰρ
2703 1844 2811 1897 ἀπὸ
2843 1844 2953 1897 τῶν
2982 1844 3214 1914 Γραφῶν
3244 1844 3366 1897 πεί-

1792 1929 1982 1984 θεσθαι
2017 1932 2203 2000 μόνον·
2234 1933 2420 2003 ἐπειδὴ
2442 1932 2499 1984 δὲ
2532 1932 2844 1999 φιλονείκως
2873 1933 3014 1995 τινὲς
3045 1933 3363 1996 διάκεινται,

1790 2021 1886 2073 καὶ
1916 2020 2023 2073 ἀπὸ
2046 2020 2151 2073 τῶν
2183 2020 2456 2090 λογισμῶν
2486 2022 2816 2090 ὲκινὴσαμεν
2847 2021 3035 2074 πολλά.
3092 2021 3256 2073 Οὐδὲν
3306 2021 3364 2072 δὲ

1787 2106 1988 2159 κωλύει
2026 2106 2119 2159 κα)⁸
2170 2106 2263 2159 νῦν
2297 2109 2421 2170 τοὺς
2454 2108 2650 2170 αὑτοὺς
2685 2106 2833 2179 [244]
2876 2109 3072 2161 εἰπεῖν.
3114 2109 3269 2170 Τίνες
3307 2108 3365 2160 δὲ

1785 2188 1961 2264 ἦσαν;
2001 2194 2219 2255 Δίκαιός
2274 2194 2420 2246 ἐστιν
2459 2195 2487 2245 6
2533 2193 2696 2255 Θεόςο
2764 2196 2966 2257 πάντες
2992 2194 3365 2264 ὁμολογοῦμεν

1785 2279 1965 2344 τοῦτο,
1996 2282 2089 2333 καὶ
2120 2281 2377 2352 Ἔλληχες
2409 2280 2505 2333 καὶ⁴
2544 2281 2784 2333 Ἰουδαῖοι
2832 2283 2927 2335 καὶ⁵
2974 2284 3240 2352 αίρετικοὶ
3271 2282 3365 2335 καὶ

1786 2370 2122 2439 Χριστιανοί.
2166 2370 2305 2422 Ἀλλ’
2343 2369 2577 2422 ἐνταῦθα
2622 2369 2809 2422 πολλοὶ
2858 2370 2958 2439 μὲν
2979 2370 3086 2422 τῶν
3112 2372 3365 2441 ἡμαρτη-

1792 2456 1968 2509 κότων
1998 2455 2241 2525 ἀπῆλθον
2272 2456 2348 2527 μὴ
2387 2454 2741 2519 κολασθέντες
2762 2472 2776 2485 ο
2827 2455 3013 2509 πολλοὶ
3036 2456 3092 2509 δὲ
3126 2456 3217 2508 καὶ
3253 2456 3365 2509 τῶν

1786 2541 2246 2611 κατορθωσάντων
2293 2541 2536 2611 ἀπῆλθον
2569 2541 2736 2612 μυρία
2775 2542 3039 2605 παθόντες
3086 2541 3256 2595 δεινά.
3298 2541 3362 2595 Εἰ

1785 2629 1967 2682 τοίνυν
1994 2628 2204 2691 δίκαιος
2233 2631 2261 2682 6
2289 2628 2442 2691 Θεὸς,
2474 2627 2577 2680 ποῦ
2606 2628 2816 2691 τούτοις
2844 2629 2914 2682 τά
2938 2628 3119 2696 ἀγαθά
3143 2628 3362 2682 ἀποδώ-

1788 2733 1889 2776 σει.
1926 2715 2029 2767 ποῦ
2052 2716 2282 2778 ἐκείνοις
2318 2714 2416 2777 τὰς
2448 2714 2741 2784 τιμωρίας,
2774 2716 2823 2766 εἰ
2851 2715 3049 2782 γέεννα
3077 2715 3153 2784 μὴ
3186 2714 3360 2777 ἐστιν,

1791 2803 1840 2855 εί
1867 2802 2163 2866 ἀνάστασις
2194 2802 2271 2873 μὴ
2299 2801 2446 2867 ἐστι;
2483 2800 2734 2872 Τοῦτο[ν]
2762 2798 2856 2854 οῦν
2900 2802 2986 2854 ἀεὶ
3014 2802 3107 2854 καὶ
3134 2800 3364 2863 ἐκείνοις

1788 2888 1882 2942 καὶ
1910 2890 2118 2951 ἑαυτοῖς
2156 2888 2246 2941 τὸν
2278 2888 2433 2955 λόγον
2482 2888 2814 2958 κατεπάδετε
2835 2930 2849 2951 ,
2883 2890 2977 2941 καὶ
3024 2888 3124 2940 οὑκ
3160 2888 3363 2957 ἀφήσει

1787 2976 1931 3045 ὑμᾶς
1959 2975 2310 3044 διαπιστῆσαι
2336 2978 2403 3045 τῇ
2453 2975 2770 3028 ἀναστάσει.
2815 2974 2874 3025 '0
2908 2975 2965 3027 δὲ
3002 2973 3076 3044 μὴ
3106 2972 3356 3028 ἀπιστῶν

1785 3064 1850 3131 τῇ
1877 3061 2190 3124 ἀναστάσει,
2224 3061 2514 3114 σπουδάσει
2544 3060 2681 3131 μετά
2705 3060 2905 3130 πολλῆς
2940 3062 3037 3131 ζῇν
3067 3060 3162 3131 τῆς
3195 3077 3364 3131 προσ·
3440 3109 3457 3119 ,

1786 3147 1947 3217 οχῆςο
1979 3145 2118 3199 ὥστε
2146 3149 2251 3201 τῶν
2280 3147 2513 3201 αἰωνίων
2537 3149 2718 3217 τυχεῖν
2740 3147 2961 3215 ἀγαθῶν
2981 3163 2994 3176 °
3038 3142 3112 3200 ὧν
3150 3146 3364 3215 γένοιτο

1789 3235 1996 3297 πάντας
2027 3236 2175 3304 ἡμᾶς
2204 3236 2496 3303 ἐπιτυχεῖν,
2524 3234 2706 3304 χάριτι
2736 3235 2831 3286 καὶ
2855 3232 3235 3306 φιλανθρωπία
3267 3232 3361 3286 τοῦ

1788 3321 1993 3391 Κυρίου
2023 3321 2177 3390 ἡμῶν
2210 3320 2384 3390 Ἰησοῦ
2412 3320 2672 3390 Χριστοῦ,
2704 3319 2823 3390 μεθ’
2848 3316 2908 3373 οὑ
2938 3319 3016 3389 τῷ
3044 3321 3219 3391 Πατρί⁵
3247 3319 3363 3389 ἅμα

1791 3407 1867 3477 τῷ
1904 3408 2044 3478 άγίῳ
2078 3407 2355 3477 Πνεύματι
2380 3406 2529 3472 δόξα,
2566 3407 2788 3476 κράτος,
2820 3408 2972 3477 τιμὴ,
3001 3407 3096 3461 νῦν
3128 3408 3221 3461 καὶ
3252 3406 3359 3471 ἀεὶ,

1791 3496 1886 3547 καὶ⁹
1914 3496 1994 3558 εἰς
2020 3495 2147 3559 τοὺς
2185 3494 2385 3557 αἰῶνας
2417 3493 2524 3547 τῶν
2558 3492 2787 3547 αἰώνων.
2836 3495 3031 3566 Ἀμήν.

1556 4082 1804 4138 OMIAIA
1856 4080 1931 4137 Z'.

134 4325 297 4381 Τοῦτο
346 4326 457 4397 γὰρ
492 4327 826 4397 sopor-elva
866 4325 940 4397 ,ἐν
971 4325 1133 4397 ὑμῖν,
1165 4324 1328 4397 ὃ-καί
1358 4325 1427 4378 ἐν
1458 4324 1690 4397 Χριστῷ

202 4394 435 4463 Ἰησόῡλ
488 4394 558 4462 ὃς
589 4398 657 4449 ἐν
686 4394 1072 4465 μορφῇᾼθεοῦ
1102 4394 1408 4465 ὑπάρχων,
1446 4399 1559 4462 οὐχ
1589 4395 1687 4461 άρ-

190 4467 418 4535 παγμὸν
448 4462 721 4535 ἡγήσατο
751 4462 817 4519 τό
860 4462 1016 4519 εἶναι
1057 4466 1163 4519 ἴσα
1200 4463 1341 4529 Θεῷ,
1383 4465 1517 4517 ἀλλ’
1554 4465 1690 4517 ἐαυ-

190 4537 287 4588 τὸν
308 4536 596 4589 ἐκένωσε.
626 4536 861 4589 ιιοοφιίιν
889 4535 1115 4589 δούλου
1143 4534 1363 4589 λαϐὼν.
1390 4535 1457 4587 ἐν
1482 4532 1688 4589 όιιοιώ-

190 4551 287 4588 tor
308 4551 596 4598 εκενωσε.
620 4551 861 4605 μορφήν
889 4551 1115 4589 σουλου
1143 4551 1363 4596 καοων,
1390 4551 1457 4587 εν
1482 4551 1688 4601 ομοίω-

184 4622 315 4672 ματι
348 4605 679 4673 ἀνθρώπων
715 4608 1054 4675 γενόμενος,
1085 4605 1183 4657 καὶ
1222 4602 1485 4675 σχήματι
1526 4606 1691 4675 εὐρε-

188 4675 320 4741 θείς,
343 4676 425 4740 ὡς
450 4673 763 4743 ἅνθρωπος
778 4690 790 4703 ⁸
831 4673 1231 4729 ἐταπείνωσεν
1253 4673 1490 4735 ἑαυτὸν,
1520 4674 1689 4743 Ten}:-

181 4761 358 4811 μενος
414 4741 695 4812 ὑπήκοος
746 4747 921 4813 μέχρι
980 4744 1260 4805 θανάτου,
1318 4743 1576 4796 θανάτου
1622 4741 1689 4813 δὲ

186 4814 468 4883 σταυροῦ.
487 4813 587 4867 Διὸ
614 4815 709 4883 καὶ
735 4818 765 4867 d
792 4811 935 4880 Θεὸς
962 4814 1147 4866 αὑτὸν
1174 4814 1555 4883 ὑπερύψωσε,
1588 4811 1685 4883 καὶ

184 4882 503 4952 ἐχαρίσατο
529 4882 688 4948 αὐτῷ
714 4884 900 4952 ὄνομα
930 4883 995 4937 τό
1025 4882 1175 4949 ὑπὲρ
1203 4882 1563 4952 πᾶ-νγόγομα.
1592 4882 1690 4933 ἵνα

186 4954 249 5006 ἐν
285 4951 365 5018 τῷ
393 4955 644 5023 ὀνόματι
679 4951 881 5020 Ἰησοῦ
924 4953 1046 5006 πᾶν
1084 4953 1231 5021 γόνυ
1275 4951 1480 5023 κάμψῃ
1512 4951 1690 5023 ἐπουτ

184 5025 405 5089 partem
462 5019 567 5076 κὶιὶ
624 5024 899 5091 ἐπιγείων
958 5024 1054 5075 καὶ
1093 5019 1537 5091 καταχθονίων,
1592 5019 1689 5072 καὶ

184 5091 346 5147 πᾶσα
368 5092 631 5162 γλῶσσα
654 5090 1194 5161 ἐξομολογήσηται,
1225 5092 1314 5143 ὅτι
1344 5090 1555 5158 Κύριος
1589 5092 1689 5157 Ἰη-

184 5163 329 5228 σοῦς
356 5166 620 5231 Χριστὸς
652 5165 738 5228 εὶς
765 5163 955 5226 δόξαν
981 5162 1127 5215 Θεοῦ
1157 5164 1404 5228 Πατρός.

184 5381 250 5429 α’.
263 5377 495 5447 Εἴρηται
512 5378 649 5447 ἡμῖν
669 5376 738 5428 τὰ
757 5374 1008 5447 περὶτῶν
1027 5375 1337 5446 αἰρετικῶν·
1353 5373 1605 5445 εὔκαιρον
1627 5372 1690 5445 δὴ

124 5460 289 5517 λοιπὸν
308 5466 407 5519 καὶ
437 5466 510 5518 τά
542 5464 784 5535 ἡμέτερα
819 5465 1015 5517 εἰπεῖν.
1054 5464 1282 5516 Ἐκεῖνοι
1311 5463 1581 5531 λέγουσιν,
1608 5462 1689 5514 ὅτι

123 5550 193 5615 τὸ,
216 5554 333 5620 Οὐχ
356 5551 682 5621 ἁρπαγμὸν
710 5550 1001 5620 ἡγήσατο,
1038 5550 1285 5620 ἁρπάσαι
1318 5551 1492 5602 ἐστίν’
1526 5552 1687 5619 ἡμεῖς

125 5636 410 5707 ἐδείξαμεν,
454 5639 543 5692 ὅτι
578 5639 754 5707 πάντη
812 5636 976 5689 ἕωλον
1005 5637 1100 5689 καὶ
1150 5637 1347 5691 ἄτοπον
1396 5637 1571 5701 τοῦτο,
1605 5637 1687 5689 ὅτι

126 5723 232 5780 οὔτε
254 5726 335 5791 εἰς
363 5723 879 5795 ταπεινοφροσύνην
928 5741 1011 5788 τις
1064 5724 1313 5779 ἐντεῦθεν
1356 5724 1686 5794 παρακαλεῖ,

1791 4322 1913 4377 οὔτε
1954 4324 2046 4377 τὸν
2089 4324 2220 4379 Θεὸν
2245 4324 2387 4379 οὑτω
2427 4326 2719 4396 θαυμάζει,
2762 4326 2877 4380 ἀλλ’
2910 4327 3030 4380 οὑδὲ
3055 4328 3361 4399 ἄνθρωπον.

1792 4411 1855 4463 Τί
1901 4405 1993 4463 οῦν
2029 4412 2195 4474 ἐστιν,
2231 4413 2538 4481 ἀγαπητοί;
2579 4412 2880 4483 Προσέχετε
2910 4416 3021 4476 τοῖς
3053 4413 3366 4483 λεγομένοις

1792 4496 1907 4550 νῦν·
1946 4497 2164 4566 Ἐπειδὴ
2194 4498 2378 4550 πολλοὶ
2401 4498 2508 4552 τῶν
2542 4498 2843 4569 ἀνθρώπων
2874 4501 3203 4569 νομίζουσιν,
3236 4502 3365 4554 ὃταν

1790 4584 2213 4654 ταπεινόφρονες
2240 4578 2393 4648 ὦσιν,
2418 4585 2840 4655 ἀποστερεῖσθαι
2861 4586 2953 4639 τοῦ
2971 4587 3172 4640 οἰκείου
3204 4587 3369 4651 ἀξιώ-

1798 4687 1969 4740 ματος
2015 4672 2109 4723 καὶ
2162 4671 2512 4723 ἐλαττοῦσθαι
2570 4674 2663 4725 καὶ
2722 4674 3133 4736 ταπεινοῦσθαι,
3174 4674 3365 4727 τοῦτον

1791 4758 2021 4830 ἐξαιρῶν
2049 4759 2141 4812 τὸν
2169 4758 2350 4834 φόϐον,
2378 4760 2469 4813 καὶ
2491 4760 2705 4824 δεικνὺς
2746 4761 2827 4814 ὅτι
2852 4761 2912 4813 οὑ
2946 4762 3051 4831 χρὴ
3079 4762 3221 4814 οὕτω
3247 4762 3364 4815 δια-

1791 4847 2023 4910 κεῖσθαι,
2059 4848 2185 4916 περὶ
2217 4846 2312 4898 τοῦ
2351 4846 2485 4899 Θεοῦ
2521 4864 2703 4918 φησιν,
2733 4849 2813 4901 ὃτι
2840 4851 2868 4902 6
2900 4849 3051 4914 Θεὸς,
3081 4851 3110 4901 6
3143 4866 3365 4919 μονογε-

1791 4934 1886 5004 νὴς
1916 4934 2043 4996 Υἱὸς
2086 4932 2184 4986 τοῦ
2234 4934 2464 5004 Πατρὸς,
2492 4936 2519 4986 6
2543 4937 2599 4988 ὲν
2625 4938 2803 5007 μορφῇ
2850 4935 2985 4989 Θεοῦ
3017 4936 3114 5001 ὢν,
3140 4940 3167 4989 6
3197 4937 3362 5007 μηδὲν

1790 5022 2012 5074 ἔλαττον
2038 5020 2175 5090 ἔχων
2216 5019 2309 5073 τοῦ
2359 5022 2591 5091 Πατρός,
2614 5023 2641 5073 ό
2668 5021 2777 5085 ἴσος
2808 5023 2976 5094 αὑτῷ,
3008 5024 3105 5093 οὑχ
3142 5026 3361 5094 ἁρπαγ-

1795 5109 1892 5179 μὸν
1946 5106 2097 5179 [ἳ45]
2140 5109 2385 5179 ἡγήσατο
2420 5110 2480 5161 τὸ
2527 5104 2665 5161 εἶναι
2698 5109 2786 5163 ἴσα
2813 5110 2952 5181 Θεῷ.
2997 5112 3062 5163 Τί
3096 5111 3152 5163 δὲ
3204 5111 3361 5164 τοῦτό

1792 5197 1929 5256 ἐστι,
1959 5193 2216 5262 μάνθανε·
2263 5194 2439 5265 Ὅπερ
2473 5194 2539 5247 ἂν
2569 5196 2793 5268 ἁρπάσῃ
2820 5215 2922 5262 τις,
2964 5196 3059 5250 καὶ
3100 5198 3248 5266 παρά
3299 5198 3361 5248 τὸ

1791 5281 2066 5351 προσῆκον
2095 5279 2254 5351 λάϐῃ,
2284 5280 2443 5333 τοῦτο
2466 5282 2764 5335 ἀποθέσθαι
2793 5284 2853 5335 οὑ
2882 5283 3078 5353 τολμᾷ,
3110 5283 3361 5346 δεδοικὼς

1795 5368 1870 5439 μὴ
1899 5367 2187 5438 ἀπόληται,
2216 5366 2289 5437 μὴ
2313 5368 2541 5438 ἐκπέσῃ,
2575 5368 2708 5421 ἀλλὰ
2738 5369 3025 5432 διαπαντὸς
3053 5369 3186 5422 αὑτό
3237 5387 3360 5422 (ατ-

1793 5455 1936 5525 έχει·
1978 5456 2007 5506 6
2044 5454 2225 5524 μέντοι
2266 5456 2492 5522 φυσικόν
2521 5472 2573 5507 τι
2607 5456 2742 5524 ἔχων
2774 5457 3010 5526 ἀξίωμα,
3050 5457 3109 5508 οὑ
3156 5456 3359 5509 δέδοικε

1796 5546 1889 5596 καὶ
1924 5541 2231 5608 καταϐῆναι
2260 5542 2353 5593 ἀπ’
2380 5542 2588 5595 ἐκείνου
2618 5542 2710 5593 τοῦ
2743 5541 3071 5612 ἀξιώματος,
3095 5542 3249 5606 εἰδὼς
3277 5544 3360 5595 ὃτι

1793 5629 1944 5682 οὐδὲν
1970 5626 2209 5680 τοιοῦτον
2266 5627 2531 5681 πείσεται.
2560 5622 2683 5681 Οἷον
2713 5628 2787 5692 ὼς
2835 5632 2925 5681 ἐπὶ
2967 5630 3361 5699 ὑπ.δείγματος

1795 5717 1882 5772 ἴνα
1915 5715 2076 5780 εἴπω,
2120 5714 2149 5767 6
2187 5713 2538 5784 Ἀϐεσσαλὼμ
2562 5714 2777 5784 ἥρπασε
2807 5714 2905 5785 τὴν
2934 5717 3244 5787 τυραννίδα,
3269 5718 3363 5770 καὶ
