3974 6504
106 5997 120 6029 ί

186 398 323 455 ω

194 513 454 582 percipe.
482 513 633 579 Quod
662 513 883 584 quisque
912 515 1104 584 rapuit,
1133 526 1185 570 et
1208 526 1402 588 praeter
1425 534 1790 589 aequumaecu-

184 606 305 672 νει,
325 605 379 658 id
392 605 667 673 depmiere
678 621 1008 677 nequaquam
1027 608 1204 675 audet,
1223 612 1418 665 veritus
1432 628 1498 666 ne
1517 612 1791 666 amittatur

193 707 373 766 atque
420 697 698 763 elabatnr,
749 699 844 754 sed
894 710 1153 771 perpetuo
1204 703 1340 773 apud
1377 720 1438 759 se
1471 704 1663 761 retinet
1693 725 1705 761 :
1734 716 1789 760 at

182 791 287 857 qui
324 792 625 847 naturalem
654 793 957 863 quampiam
1009 794 1316 865 dignitatem
1346 797 1534 865 habet,
1589 799 1634 855 is
1678 815 1785 854 non

180 885 398 937 metuit
450 884 519 938 ab
582 885 671 940 illa
734 888 893 941 etiam
959 887 1216 959 dignitate
1269 890 1630 951 descendere:
1684 894 1787 948 scit

180 975 345 1026 enim
372 990 434 1029 se
462 975 593 1029 nihil
624 975 924 1046 huiusmodi
962 994 1239 1047 passurum
1267 995 1406 1036 esse.
1432 982 1659 1036 AlTeram
1690 999 1785 1037 ex-

178 1066 747 1135 etnplnm:Absalon
806 1078 1059 1140 rapuerat
1117 1072 1475 1142 tyrannidem,
1530 1074 1783 1145 illamque

178 1158 475 1225 deponere
518 1176 623 1214 non
655 1160 903 1216 audebat.
949 1162 1055 1218 Sed
1100 1164 1244 1219 aliud
1290 1166 1448 1220 etiam
1479 1166 1779 1235 exemplum

172 1263 583 1318 proponemus.
615 1252 767 1320 Quod
794 1254 839 1308 si
866 1255 1112 1326 exempla
1140 1271 1252 1311 rem
1295 1266 1456 1311 totam
1484 1273 1778 1327 repracsen-

174 1350 306 1395 tare
364 1352 665 1411 nequeunt,
714 1359 784 1399 ne
824 1345 1045 1400 moleste
1092 1343 1314 1401 feratis:
1348 1352 1588 1418 exempla
1634 1350 1776 1404 enim

172 1440 311 1485 sunt
350 1431 685 1502 hujusmodi,
720 1438 974 1504 majorem
1020 1445 1225 1506 partem
1253 1439 1418 1493 menti
1442 1440 1774 1509 cogitandam

173 1524 524 1594 relinquunt.
555 1526 607 1579 lu
654 1540 832 1596 regem
881 1529 1146 1598 quispiam
1178 1529 1401 1593 invasit,
1450 1546 1775 1603 regnumque

168 1618 408 1685 eripuit.
452 1618 549 1673 Hie
597 1618 907 1690 deponere,
959 1629 1053 1676 aut
1097 1623 1367 1678 occultare
1400 1627 1771 1681 auctoritatem

168 1723 341 1762 suam
386 1710 608 1766 minime
658 1712 817 1767 audet
849 1730 863 1767 :
895 1728 1027 1768 nam
1070 1714 1114 1768 si
1161 1715 1329 1770 semei
1385 1717 1769 1787 occultaverit,

168 1801 371 1854 statim
402 1802 489 1855 illa
516 1802 804 1857 amittitur.
833 1804 985 1871 Quod
1015 1806 1319 1875 exemplum
1366 1808 1483 1862 aliis
1518 1809 1676 1863 etiam
1704 1826 1769 1865 ex

168 1892 352 1947 rebus
372 1896 477 1962 peti
501 1903 713 1963 potest:
737 1896 885 1951 verbi
908 1898 1097 1967 gratia,
1122 1899 1165 1951 si
1200 1898 1321 1968 quis
1344 1899 1543 1970 aliquid
1570 1902 1765 1971 rapuit,

162 1984 220 2037 id
241 1994 517 2055 perpetuo
540 1987 763 2041 retinet:
782 2003 904 2042 nam
918 2004 1036 2043 cum
1052 1991 1277 2057 primum
1296 1990 1419 2045 illud
1438 1992 1763 2062 deposuerit,

165 2079 413 2133 amittet.
441 2080 780 2150 Omninoque
820 2081 960 2151 quod
1002 2084 1224 2152 quisque
1260 2099 1323 2137 ex
1355 2085 1537 2153 rapina
1568 2084 1761 2150 habet,

170 2170 336 2225 timet
355 2170 630 2238 deponere
658 2183 819 2241 atque
848 2188 876 2225 a
902 2189 961 2227 se
992 2189 1209 2229 movere
1230 2218 1243 2241 ,
1290 2186 1344 2230 et
1374 2191 1477 2230 non
1508 2188 1765 2246 perpetuo

168 2262 301 2318 illud
331 2263 592 2330 retinere,
620 2265 760 2334 quod
788 2268 1087 2335 occupavit.
1128 2269 1294 2324 Abest
1321 2285 1449 2323 vero
1477 2271 1560 2325 hic
1604 2272 1763 2327 timor

166 2356 237 2408 ab
265 2356 356 2419 iis,
390 2356 483 2425 qui
523 2357 740 2411 minime
760 2373 824 2412 ex
852 2359 1034 2428 ra'pina
1061 2360 1287 2426 habent;
1317 2373 1374 2416 ut
1400 2362 1560 2417 homo
1589 2364 1761 2435 digni-

162 2456 335 2501 tatem
364 2448 533 2503 istam
557 2448 716 2504 habet
739 2458 794 2504 ut
820 2451 1041 2506 rationis
1059 2467 1280 2522 compos
1306 2456 1392 2509 sit.
1418 2454 1523 2509 Sed
1552 2471 1655 2510 non
1683 2458 1762 2510 in-

168 2539 328 2591 venio
354 2544 491 2593 satis
513 2550 695 2609 aptum
724 2543 1048 2611 exemplum.
1079 2544 1191 2598 Non
1218 2547 1358 2600 enim
1388 2556 1471 2602 est
1495 2550 1631 2617 apud
1662 2566 1758 2605 nos

166 2630 510 2699 principatus
531 2633 791 2687 naturalis
817 2653 829 2687 :
862 2634 1122 2690 bonorum
1153 2638 1348 2706 quippe
1376 2639 1576 2694 nullum
1605 2640 1757 2695 nobis

164 2720 421 2774 naturale
452 2730 556 2787 est,
580 2723 1008 2794 quandoquidem
1028 2727 1203 2781 omnia
1232 2730 1387 2781 simul
1419 2745 1537 2782 cum
1571 2740 1756 2784 natura

164 2810 257 2864 Dei
283 2812 577 2880 conjuncta
599 2856 613 2879 ,
637 2813 890 2883 illiuSque
920 2818 1131 2886 pr0pria
1164 2831 1306 2872 sunt.
1337 2818 1471 2887 Quid
1497 2821 1653 2889 igitur
1676 2820 1756 2874 di—

160 2903 380 2957 cimus?
414 2904 509 2959 Dei
538 2905 733 2960 Filium
766 2908 990 2961 veritum
1019 2924 1123 2964 non
1153 2925 1271 2964 esse
1298 2911 1363 2965 de
1384 2913 1552 2981 gradu
1576 2913 1749 2983 digiti-

156 2996 288 3050 tatis
325 3013 445 3051 sua:
468 2998 821 3066 descendere,
851 3003 1100 3070 quoniam
1130 3020 1232 3057 non
1260 3015 1341 3059 est
1363 3008 1647 3062 arbitratus
1670 3024 1753 3063 ra-

159 3087 343 3154 pinam
378 3088 551 3157 ipsam
578 3089 826 3145 deitatem
862 3109 875 3146 :
908 3108 1011 3146 non
1042 3096 1213 3149 timuit
1235 3112 1300 3150 ne
1322 3099 1439 3167 quis
1466 3099 1564 3154 sibi
1593 3110 1748 3155 natu-

158 3194 275 3231 ram
297 3187 395 3232 aut
419 3178 731 3247 dignitatem
763 3183 1012 3252 eriperet.
1038 3184 1391 3251 Quamobrem
1422 3190 1561 3247 illam
1589 3194 1747 3246 etiam

158 3271 440 3340 deposuit,
473 3289 577 3328 non
606 3275 852 3331 dubitans
873 3292 932 3333 se
957 3292 1289 3351 recepturum
1312 3301 1325 3349 ;
1348 3296 1503 3355 atque
1524 3287 1749 3342 abscon-

157 3362 269 3426 dit,
309 3380 420 3417 non
452 3366 575 3420 ideo
595 3380 654 3422 se
687 3369 946 3425 minorem
980 3372 1091 3426 ﬁeri
1121 3374 1427 3430 arbitratus.
1459 3377 1747 3448 Propterea

158 3472 263 3509 non
283 3457 448 3521 dixit,
466 3457 583 3513 Non
612 3462 805 3529 rapuit,
824 3462 936 3526 sed,
965 3462 1086 3518 Non
1108 3468 1341 3533 rapinam
1366 3469 1634 3525 arbitratus
1652 3482 1740 3527 est.

158 3549 273 3601 Non
302 3550 453 3603 enim
477 3566 545 3605 ex
574 3554 755 3619 rapina
785 3552 966 3609 habuit
996 3558 1368 3628 principatum,
1399 3578 1567 3632 neque
1585 3566 1745 3619 etiam

156 3642 224 3694 ab
248 3642 358 3696 alio
380 3643 485 3697 sibi
514 3644 786 3708 traditum,
814 3646 906 3701 sed
939 3650 1231 3705 naturalem
1254 3695 1267 3717 ,
1298 3653 1539 3709 stabilem
1566 3671 1627 3709 ac
1659 3666 1744 3711 tu-

159 3743 295 3788 tum.
332 3734 461 3788 ideo
491 3751 665 3806 neque
702 3739 861 3793 etiam
891 3741 1178 3797 satellitum
1206 3754 1482 3800 cunctatur
1508 3746 1742 3802 habitum

154 3841 394 3880 sumere.
428 3826 711 3897 Tyrannus
748 3832 936 3885 metuit
990 3832 1040 3885 in
1094 3834 1232 3889 bello
1263 3851 1548 3905 purpuram
1576 3838 1740 3909 depo-

156 3932 319 3981 nere;
363 3934 461 3971 rex
522 3933 648 3973 vero
687 3919 739 3973 id
779 3921 1004 3977 lidcnter
1029 3939 1092 3979 ac
1121 3935 1232 3979 tuto
1264 3926 1407 3982 facit.
1437 3928 1582 3984 Cur?
1609 3932 1741 3999 Quia

158 4023 263 4059 non
295 4023 365 4063 ex
400 4010 584 4078 rapina
612 4011 964 4081 principatum
999 4015 1173 4071 habet.
1198 4017 1313 4073 Non
1341 4036 1467 4092 ergo
1493 4038 1553 4077 ac
1582 4025 1624 4077 si
1654 4041 1739 4077 ra-

156 4102 363 4167 puisset
390 4098 499 4154 non
532 4102 798 4171 deposuit,
830 4105 924 4159 sed
975 4117 1031 4160 ttt
1070 4124 1157 4177 qui
1200 4112 1488 4166 naturalem
1521 4114 1741 4169 haberet

154 4206 392 4261 ostroque
446 4194 692 4249 amittere
732 4212 1019 4266 numquam
1053 4210 1261 4269 posset,
1295 4204 1596 4259 occultavit.
1631 4207 1740 4263 lloc

156 4282 378 4352 inquam
401 4325 418 4349 ,
461 4298 582 4340 esse
608 4288 866 4356 aequalem
900 4288 1009 4343 Deo
1030 4331 1045 4355 ,
1079 4305 1183 4344 non
1214 4308 1275 4345 ex
1309 4294 1487 4363 rapina
1521 4296 1735 4361 habuit,

157 4376 253 4427 sed
286 4389 317 4426 a
360 4384 585 4441 natura;
639 4378 985 4447 quamobrem
1028 4381 1261 4450 seipsum
1304 4385 1613 4440 exiuanivit.
1640 4389 1737 4443 Ubi

154 4478 290 4522 sunt
316 4470 405 4537 qui
427 4470 626 4533 dicunt,
662 4472 809 4525 illum
839 4473 1064 4527 subiisse
1089 4476 1492 4543 necessitatem,
1523 4494 1583 4534 ac
1609 4482 1736 4535 sub-

146 4560 361 4627 jectnm
383 4560 560 4617 fuisse.
587 4562 846 4634 Seipsum,
877 4566 1065 4635 inquit,
1085 4568 1377 4635 exinanivit,
1394 4573 1611 4641 seipsum
1638 4574 1736 4626 ltu-

149 4653 396 4719 milirm't,
448 4655 682 4708 obediens
720 4659 887 4726 factus
914 4675 1073 4724 usque
1115 4666 1182 4713 ad
1205 4664 1736 4729 mortem.Quomodo

151 4746 454 4798 exinanivit
472 4746 496 4798 ?
513 4746 752 4799 Formam
782 4750 910 4802 servi
935 4752 1203 4820 accipiens,
1223 4756 1273 4805 in
1301 4755 1629 4810 similitudine
1645 4759 1735 4812 ho-

153 4838 353 4888 minum
386 4840 574 4907 factus,
608 4847 653 4890 et
692 4839 865 4893 habitu
903 4842 1133 4895 inventus
1176 4854 1227 4895 ut
1274 4845 1438 4900 homo.
1481 4848 1592 4903 Hoc
1618 4850 1733 4905 loco

150 4939 410 4996 spectans
440 4929 505 4982 ad
539 4930 695 4992 illud,
728 4930 1028 5001 Superiores
1068 4934 1163 4987 sibi
1190 4936 1395 4989 invicem
1432 4940 1734 4995 arbitrantes

151 5021 431 5090 (Philipp.
463 5021 518 5074 2.
548 5022 660 5092 5),
694 5022 806 5078 lucc
835 5026 994 5080 verba
1023 5028 1261 5096 proutlit,
1293 5030 1527 5099 Seipsum
1552 5034 1729 5087 exina-

153 5115 296 5166 uiuit.
321 5114 535 5169 Etenim
558 5116 602 5168 si
627 5114 897 5185 subjectus
922 5118 1124 5184 fuisset,
1148 5136 1210 5176 ac
1232 5138 1336 5176 non
1362 5136 1551 5194 sponte
1574 5138 1733 5197 atque

150 5222 213 5258 ex
241 5205 431 5274 seipso
462 5207 563 5261 hoe
592 5211 937 5278 suscepisset,
966 5211 1015 5265 id
1048 5213 1357 5269 humilitatis
1383 5232 1485 5271 non
1519 5216 1724 5274 fuisset.

151 5297 282 5351 Nam
330 5300 375 5352 si
423 5299 689 5368 ignoravit
729 5301 830 5357 hoc
872 5318 990 5358 esse
1017 5303 1339 5369 faciendum,
1388 5308 1731 5377 imperlectus

150 5398 297 5442 certe
329 5390 498 5443 fuerit
538 5406 552 5442 :
585 5391 629 5444 si
677 5407 803 5446 vero
852 5395 1331 5464 nesciens-tempus
1357 5401 1605 5469 prtecepti
1638 5418 1727 5457 ex-

148 5483 443 5548 spectavit,
502 5492 711 5552 tempus
759 5498 889 5539 sane
938 5501 1042 5539 non
1096 5490 1321 5543 noverit.
1370 5489 1520 5557 Quod
1575 5495 1617 5548 si
1672 5505 1726 5552 et

153 5569 454 5628 hciendum
486 5590 606 5629 esse
627 5616 642 5640 ,
689 5585 742 5630 et
770 5592 876 5645 quo
924 5587 1162 5647 tempore
1213 5579 1507 5637 faciendum
1537 5586 1723 5651 scivit;

156 5677 394 5727 :uamam
423 5679 582 5717 causa
612 5674 712 5728 est,
744 5680 839 5719 cur
865 5665 1009 5721 illum
1036 5670 1330 5737 subjectum
1364 5671 1523 5730 fuisse
1548 5675 1727 5732 dicen-

151 5753 273 5807 dum
304 5756 416 5810 sit?
447 5754 516 5811 Ut
544 5756 737 5822 Patris,
786 5759 1055 5829 inquiunt,
1104 5766 1461 5831 prsestantiam
1502 5768 1715 5826 indicet.

150 5844 292 5903 istud
322 5864 454 5904 vero
481 5864 587 5901 non
613 5858 694 5903 est
724 5850 897 5905 Patris
937 5855 1294 5922 praestantiam
1337 5858 1600 5932 indicare,
1627 5870 1717 5926 sed

489 5946 761 6009 Pnaoe.
803 5950 919 6013 Gn.
967 5955 1157 6017 LX“.

1100 398 1167 456 ΙΝ
1204 400 1415 458 EPIST.
1457 404 1547 458 AD
1586 402 1867 460 PHILIPP.
1909 405 2057 460 CAP.
2103 407 2163 459 Π.
2202 407 2432 466 HOMIL.
2478 414 2589 471 γη.

3401 436 3467 488 50

1892 534 2041 575 suam
2072 522 2347 579 utilitatem
2377 545 2389 581 :
2416 528 2584 584 Patris
2628 534 2766 587 enim
2812 552 3004 592 nomen
3033 557 3205 598 nonne
3233 546 3363 604 satis
3385 559 3468 606 est

1892 612 1957 664 ad
2001 612 2336 670 indicandum
2377 618 2548 675 Patris
2589 625 2815 690 priorem
2855 629 2909 681 in
2958 631 3164 702 origine
3202 638 3464 702 gradum?

1886 701 2003 755 illoc
2031 712 2206 757 autem
2241 722 2345 759 uno
2369 720 2588 777 excepto
2610 754 2623 776 ,
2653 716 2792 783 quod
2823 717 2978 774 Pater
3009 701 3112 776 non
3141 736 3223 779 est
3243 770 3256 791 ,
3286 733 3462 786 omnia

1897 795 2083 849 eadem
2125 796 2282 852 habet
2322 798 2508 855 Filius.
2550 806 2626 859 Ac
2671 822 2798 863 sane
2850 828 3021 882 neque
3060 827 3214 886 aptus
3263 831 3345 876 est
3379 824 3465 880 hic

1887 886 2093 954 honor,
2124 892 2212 960 qui
2258 907 2287 947 a
2319 893 2474 949 Patre
2507 902 2778 965 perveniat
2811 902 2861 957 in
2906 903 3115 962 Filium.
3149 911 3261 968 Hoc
3284 926 3461 972 autem

1883 991 2144 1048 excepto,
2186 998 2533 1056 quzccumque
2576 987 2748 1045 Patris
2789 1004 2949 1062 sunt,
2983 998 3117 1055 Filio
3151 1006 3309 1061 etiam
3339 1016 3464 1065 sunt

1882 1084 2206 1127 commuma.

1955 1162 2009 1215 2.
2058 1163 2244 1220 Contra
2276 1166 2652 1227 Marcionislas.
2676 1204 2746 1215 -—
2769 1176 2877 1233 Hoc
2924 1181 3041 1237 loco
3063 1183 3416 1249 Marcionistaa
3439 1235 3457 1264 ,

1882 1254 2023 1323 quod
2051 1255 2248 1310 dictum
2280 1270 2362 1314 est
2381 1263 2715 1332 arripientes,
2745 1268 3010 1338 inquiunt,
3036 1273 3151 1329 Non
3175 1292 3254 1334 est
3286 1254 3457 1340 factus

1880 1343 2069 1413 homo,
2131 1348 2223 1403 sed
2248 1391 2261 1412 ,
2317 1351 2372 1405 ln
2418 1354 2763 1413 similitudine
2790 1357 3063 1419 hominum
3095 1368 3281 1425 factus.
3308 1373 3455 1441 Quo-

1879 1437 2038 1490 modo
2068 1454 2192 1494 vero
2220 1451 2397 1511 potest
2423 1445 2543 1513 quis
2563 1446 2611 1499 in
2635 1448 2980 1508 similitudine
3001 1454 3272 1515 hominum
3304 1437 3458 1520 ﬁeri?

1879 1527 2119 1583 umbram
2170 1532 2618 1604 irtdtttus?lgitur
2644 1539 2840 1595 idolum
2891 1544 3029 1601 istud
3067 1558 3181 1614 est,
3239 1555 3455 1613 minime

1876 1630 2006 1670 vero
2051 1619 2282 1675 hominis
2318 1626 2613 1683 similitudo
2656 1646 2668 1681 :
2705 1628 2935 1688 hominis
2977 1638 3119 1693 enim
3162 1641 3453 1701 similitudo

1876 1708 2013 1763 alter
2052 1712 2211 1766 homo
2240 1723 2339 1768 est.
2373 1715 2509 1782 Quid
2550 1730 2726 1775 autem
2777 1727 3126 1794 rcSpondebis
3163 1732 3352 1792 Joanni
3380 1742 3451 1794 ita

1872 1797 2086 1866 dicenti,
2129 1800 2345 1859 Verbum
2384 1825 2503 1863 caro
2532 1815 2721 1881 factum
2758 1826 2833 1869 est
2869 1816 3061 1887 (Joun.
3092 1824 3140 1877 1.
3172 1827 3315 1897 M)?
3348 1830 3448 1887 Veo

1872 1906 1988 1944 rum
2041 1902 2095 1947 et
2121 1893 2209 1950 bic
2240 1898 2351 1966 ipse
2379 1900 2562 1959 beatus
2589 1905 2715 1962 alibi
2752 1909 2957 1980 inquit,
3007 1913 3073 1969 In
3117 1893 3449 1981 similitudine

1869 1986 2037 2037 carnis
2058 1990 2247 2054 peccati
2267 1990 2440 2062 (Rom.
2468 1994 2521 2051 8.
2552 1997 2629 2069 3).
2663 1996 2732 2053 Et
2760 2000 2933 2057 habitu
2954 2005 3182 2065 inventus
3204 2025 3255 2067 ut
3275 2017 3446 2072 Immo.

1872 2074 2011 2129 Ecce
2040 2076 2305 2147 inquiunt,
2328 2083 2397 2137 Et
2419 2085 2610 2154 habitu,
2633 2100 2709 2156 et,
2746 2091 2812 2146 Ut
2838 2093 3006 2150 homo.
3036 2101 3102 2154 At
3130 2119 3247 2158 csse
3271 2117 3321 2160 ut
3350 2107 3449 2160 ho-

1869 2166 2086 2233 minem,
2111 2179 2166 2223 et
2193 2185 2314 2227 esse
2340 2174 2520 2232 habitu
2550 2180 2840 2250 hominem,
2875 2186 2977 2243 hoc
3008 2207 3337 2265 nequaquam
3362 2211 3442 2254 est

1868 2269 1992 2310 vere
2020 2258 2288 2317 hominem
2310 2279 2428 2320 esse
2448 2285 2460 2319 :
2486 2269 2664 2324 habitu
2680 2275 2819 2329 enim
2843 2258 3112 2338 hominem
3135 2302 3274 2351 es~e,
3299 2292 3443 2348 aliud

1869 2358 1953 2402 est
1988 2365 2051 2404 ac
2089 2364 2273 2407 natura
2309 2372 2429 2413 esse
2468 2358 2758 2420 hominem.
2803 2367 2991 2425 Videte
3033 2390 3189 2443 quam
3216 2394 3315 2450 ego
3357 2383 3442 2437 in-

1865 2456 2038 2509 genue
2067 2453 2122 2498 et
2141 2462 2296 2516 arquo
2321 2464 2499 2505 animo
2527 2470 2591 2508 ea
2611 2496 2624 2518 ,
2654 2472 2773 2527 qua:
2798 2460 2866 2515 ab
2894 2463 3211 2525 adversariis
3248 2473 3441 2528 dicun-

1866 2540 1969 2595 tur,
1992 2533 2245 2592 aﬂ'eram?
2264 2540 2412 2597 Tunc
2436 2545 2575 2599 enim
2607 2546 2818 2605 demum
2846 2553 3118 2620 splendida
3156 2577 3217 2616 ac
3246 2565 3442 2622 redun-

1864 2622 1997 2678 dans
2054 2628 2272 2685 victoria
2314 2642 2460 2702 parta
2500 2639 2622 2701 erit,
2678 2656 2798 2695 cum
2832 2645 3042 2703 illorum
3089 2666 3435 2724 argumenta,

1861 2731 1980 2785 qua:
2009 2717 2205 2788 aliquid
2228 2723 2438 2780 roboris
2463 2727 2711 2786 videntur
2736 2732 2949 2804 habere,
2975 2717 3192 2799 minime
3207 2748 3437 2804 abscon-

1858 2806 2098 2863 derimus
2131 2830 2145 2866 :
2188 2812 2519 2873 abscondere
2545 2822 2686 2875 enim
2711 2866 2727 2889 ,
2780 2828 2954 2896 potius
2983 2831 3137 2889 dolus
3166 2848 3247 2893 est
3277 2858 3434 2911 quam

1859 2900 2100 2955 victoria.
2144 2904 2279 2970 Quid
2332 2908 2491 2977 igitur
2544 2913 3039 2982 inquiunt?rursus
3080 2931 3220 2984 enim
3248 2900 3435 2993 eadem

1860 3004 2161 3062 repetamus
2191 3016 2204 3052 :
2230 3001 2388 3056 Aliud
2419 3013 2498 3058 est
2522 3004 2705 3064 habitu
2748 3011 3017 3072 hominem
3042 3035 3198 3091 esse,
3238 3042 3300 3082 ac
3337 3047 3435 3083 na-

1856 3092 2004 3151 tura;
2029 3099 2188 3157 atque
2215 3106 2334 3146 esse
2354 3105 2409 3148 ut
2429 3095 2696 3155 hominem
2712 3143 2727 3169 ,
2752 3113 2804 3158 et
2825 3106 2875 3159 in
2899 3109 3243 3171 similitudine
3266 3118 3440 3177 humi-

1857 3176 1940 3231 nis
1991 3192 2147 3247 esse,
2190 3184 2331 3238 aliud
2375 3197 2455 3242 est
2507 3202 2666 3261 atque
2705 3195 2973 3255 hominem
3018 3220 3156 3262 esse.
3214 3210 3353 3283 Ergo
3381 3228 3435 3271 et

1853 3271 2078 3328 formant
2106 3278 2245 3331 servi
2277 3280 2537 3351 accipere,
2583 3301 2689 3341 non
2727 3299 2812 3344 est
2839 3293 3061 3352 formam
3108 3304 3247 3359 servi
3287 3271 3434 3362 acci-

1860 3379 2004 3432 pere.
2026 3365 2217 3422 Secum
2243 3370 2400 3440 igitur
2428 3373 2529 3429 hoc
2552 3377 2719 3446 ipsum
2750 3396 2963 3453 pugnat,
2985 3398 3038 3442 et
3064 3408 3228 3460 quare
3250 3405 3302 3449 ttt
3324 3415 3433 3454 non

1851 3458 1997 3525 prior
2027 3459 2166 3515 istud
2191 3463 2478 3520 dissolvis?
2504 3469 2633 3524 Nam
2669 3458 3112 3542 quemadmodum
3142 3485 3254 3542 huic
3280 3494 3432 3548 nobis

1850 3549 2119 3606 adversari
2152 3556 2444 3625 existimas,
2488 3561 2556 3615 ita
2597 3572 2649 3618 et
2690 3582 2787 3620 nos
2828 3570 2968 3626 istud
3024 3574 3114 3630 tibi
3158 3580 3430 3641 adversari

1848 3645 2201 3701 ostendimus.
2227 3649 2340 3705 Non
2369 3654 2509 3707 enim
2552 3656 2703 3725 dixit,
2734 3660 2802 3715 Ut
2847 3661 3015 3721 forma
3040 3672 3201 3737 servi,
3235 3690 3425 3747 neque,

1850 3735 1906 3790 In
1931 3738 2277 3796 similitudine
2299 3741 2486 3800 formae
2513 3751 2672 3813 servi,
2703 3767 2894 3822 neque,
2939 3757 2994 3813 In
3038 3735 3217 3819 habitu
3245 3735 3429 3827 fortine

1853 3829 2018 3895 servi,
2045 3830 2157 3895 sed,
2190 3831 2433 3889 Formam
2458 3840 2584 3893 servi
2602 3847 2814 3912 accepit.
2839 3846 2974 3914 Quid
3002 3852 3159 3921 igitur
3189 3856 3288 3913 hoc
3310 3864 3430 3916 est?

1848 3920 2103 3978 subestre
2131 3924 2304 3996 aliqua
2332 3928 2383 3982 in
2417 3931 2592 3987 verbis
2616 3950 2784 4006 pugna
2808 3938 2831 3991 ?
2857 3940 3011 3997 Nulla
3034 3961 3228 4018 pugna,
3255 3952 3385 4008 absit
3409 3973 3426 4025 ;

1849 4013 1940 4067 sed
1970 4026 2049 4069 est
2081 4016 2292 4073 illorum
2326 4021 2570 4093 frigidum
2613 4044 2674 4083 ac
2710 4031 2994 4091 ridiculum
3023 4013 3243 4098 dicium.
3292 4013 3425 4102 For:

1848 4124 1987 4162 mam
2011 4152 2025 4176 ,
2058 4111 2317 4183 inquiunt,
2343 4120 2481 4172 servi
2511 4124 2734 4191 accepit,
2765 4142 2884 4181 cum
2916 4130 3080 4187 linteo
3104 4136 3425 4195 circumcin-

1845 4212 1961 4256 ctus
1991 4203 2373 4275 discipulorum
2405 4212 2569 4280 pedes
2610 4216 2754 4270 lavit.
2790 4219 3020 4277 Haecine
3076 4226 3244 4283 forma
3283 4235 3425 4289 servi
3492 4228 3495 4231 ’

1844 4298 1963 4349 est?
1986 4296 2302 4369 Neutiquam
2336 4303 2500 4358 forma
2529 4308 2666 4361 servi
2689 4320 2790 4377 est,
2822 4315 2915 4368 sed
2934 4330 3067 4385 opus
3082 4324 3220 4376 servi
3242 4344 3254 4376 :
3278 4324 3423 4381 aliud

1845 4402 1970 4441 vero
1996 4398 2077 4442 est
2105 4406 2239 4460 Opus
2266 4396 2405 4448 servi
2433 4411 2571 4463 esse,
2600 4414 2662 4453 ac
2707 4402 2929 4458 formam
2968 4409 3109 4463 servi
3157 4416 3423 4482 accipere.

1843 4478 1953 4532 Cur
1977 4482 2117 4534 enim
2147 4499 2251 4536 non
2282 4485 2351 4538 ita
2382 4486 2535 4553 dixit,
2564 4490 2708 4559 Opus
2731 4495 2869 4549 servi
2897 4495 3046 4573 fecit,
3075 4504 3215 4572 quod
3245 4478 3419 4563 mani-

1844 4569 2027 4626 l'estius
2056 4576 2209 4628 erat?
2236 4576 2509 4648 Nusquam
2554 4585 2774 4641 omnino
2825 4589 2878 4643 in
2906 4569 3178 4664 Scriptura
3222 4616 3419 4660 nomen

1841 4668 2027 4725 forum
2061 4687 2157 4741 pro
2199 4689 2363 4743 Opere
2386 4686 2468 4733 est
2507 4692 2832 4751 usurpatum.
2864 4686 3048 4760 Magna
3078 4696 3221 4750 enim
3263 4698 3418 4755 diﬂ'e-

1843 4765 2009 4817 rentia
2045 4765 2321 4823 intercedit
2367 4789 2380 4825 :
2426 4789 2544 4827 nam
2573 4777 2801 4833 alterum
2829 4781 3043 4850 quidem
3071 4798 3274 4844 naturae
3301 4801 3415 4862 est,

1840 4856 2064 4911 alterum
2108 4874 2235 4913 vero
2260 4865 2605 4931 operationis.
2652 4868 2760 4926 Nec
2786 4888 2912 4929 vero
2941 4892 3189 4948 umquam
3216 4883 3270 4938 in
3298 4856 3416 4957 ipso
3470 4916 3476 4924 -

1840 4948 1997 5001 etiam
2024 4964 2117 5003 usu
2142 4951 2391 5022 loquendi
2410 4954 2632 5013 formam
2657 4977 2753 5030 pro
2772 4979 2935 5033 Opere
2950 4968 3194 5028 dicimus.
3216 4948 3417 5043 Quam-

1839 5054 1994 5107 quam
2023 5043 2159 5109 apud
2190 5043 2321 5097 istos
2354 5060 2420 5099 ne
2455 5063 2591 5115 Opus
2615 5054 2827 5121 quidem
2877 5057 3020 5124 fecit,
3063 5078 3235 5134 neque
3288 5085 3412 5124 suc-

1840 5132 2000 5184 cmxit
2042 5149 2117 5187 se.
2146 5133 2375 5203 Etenim,
2416 5139 2458 5191 si
2496 5140 2545 5194 id
2587 5145 2765 5210 specie
2806 5158 3005 5205 tantum
3035 5132 3225 5224 ﬁebat,
3267 5163 3410 5216 nulla

1839 5231 1955 5274 erat
1984 5225 2179 5279 veritas
2213 5244 2224 5278 :
2253 5226 2298 5281 si
2327 5243 2516 5283 manus
2543 5247 2647 5286 non
2676 5233 2931 5302 habebat,
2961 5247 3227 5311 quomodo
3247 5249 3412 5306 lavit?

1837 5312 1883 5365 si
1927 5329 2081 5368 renes
2112 5331 2216 5370 non
2267 5316 2468 5387 habuit,
2510 5328 2779 5392 quomodo
2821 5345 2878 5383 se
2917 5331 3081 5390 linteo
3118 5331 3420 5401 succinxitf

1836 5420 2001 5476 ecqua
2034 5424 2159 5463 vero
2185 5412 2343 5465 etiam
2363 5415 2679 5472 vestimenta
2724 5426 3141 5493 sumpsit?nam,
3174 5433 3401 5503 Accepit,

1836 5499 2025 5569 inquit,
2057 5503 2343 5558 uestimenta
2367 5523 2458 5559 sua
2481 5508 2673 5577 (Joau.
2702 5513 2788 5568 15.
2818 5519 2905 5584 4).
2930 5516 2996 5573 Ut
3021 5520 3177 5590 igitur
3201 5499 3404 5578 nullum

1835 5590 1919 5645 hic
1931 5607 2084 5661 opus,
2099 5596 2240 5663 quod
2266 5612 2387 5652 vere
2404 5596 2601 5656 factum
2632 5602 2808 5671 fuerit,
2827 5609 3113 5678 reperitur,
3134 5614 3228 5669 sed
3251 5600 3395 5674 mera

1833 5684 2007 5739 illusio
2032 5704 2043 5738 :
2065 5686 2133 5739 ita
2159 5702 2329 5758 neque
2349 5688 2729 5761 discipulorum
2752 5698 2915 5766 pedes
2931 5701 3079 5756 lavit.
3099 5704 3229 5760 Nam
3248 5706 3292 5761 si
3320 5710 3394 5763 in-

1832 5791 2085 5848 corporea
2098 5779 2182 5833 illa
2197 5790 2377 5835 natura
2397 5799 2501 5837 non
2517 5791 2780 5855 apparuit,
2798 5805 2971 5859 neque
2986 5793 3036 5847 in
3055 5809 3275 5865 corpore
3288 5799 3401 5856 init.

1878 5874 2062 5931 Contra
2082 5875 2299 5932 Paulum
2318 5874 2929 5949 Samosatemtm.—-Quis
2948 5884 3103 5953 igitur
3119 5888 3404 5959 discipulos

2987 5979 3063 6042 15
