3878 6542
524 386 621 443 2M

528 501 690 555 lavit?
718 500 851 571 Quid
900 514 1083 553 rursus
1124 497 1373 551 adversus
1426 497 1647 551 Paulum
1694 498 2096 552 Samosatcnum

528 594 857 651 :dl'eremns?
904 591 1163 660 Quidnam
1205 591 1295 645 ille
1344 592 1513 645 dicit?
1557 592 1719 646 Plane
1772 590 1957 647 idem:
1991 607 2097 644 non

528 690 629 743 hoc
658 696 738 740 cst
765 681 1072 747 exinanitio,
1095 697 1217 738 eum
1235 682 1322 751 qni
1346 692 1587 735 naturam
1611 681 1768 736 habet
1789 681 2095 745 humanam,

519 762 792 848 purusque
823 776 982 828 homo
1017 785 1119 837 est,
1156 773 1333 827 lavare
1362 788 1667 827 conservos.
1691 773 1819 839 Qure
1844 774 1984 826 enim
2007 772 2102 825 ad-

526 885 712 925 versus
746 867 974 922 Arianos
1008 866 1258 928 diximus,
1286 866 1445 919 etiam
1468 866 1721 918 adversus
1757 866 1883 919 istos
1912 864 2099 918 dicen-

526 963 653 1018 dqu
669 980 682 1015 τ
699 962 829 1015 nihil
845 941 985 1015 enim
1011 961 1147 1014 inter
1162 974 1255 1013 cos
1277 959 1517 1024 interest,
1537 958 1634 1011 nisi
1652 958 1815 1013 breve
1832 956 2096 1027 quoddam

522 1054 785 1123 temporis
815 1051 1151 1105 intervallum
1190 1068 1203 1104 :
1237 1050 1445 1119 utrique
1488 1049 1629 1104 enim
1661 1058 1960 1102 creaturam
1988 1059 2099 1100 sta-

526 1156 677 1201 tuunt
698 1146 789 1200 Dei
807 1145 1021 1199 Filium.
1045 1143 1179 1211 Quid
1198 1143 1355 1214 igitur
1373 1142 1628 1196 adversus
1654 1142 1798 1213 ipsos
1826 1139 2100 1196 dicemus?

522 1239 580 1293 Si
605 1239 761 1292 homo
795 1237 1035 1290 homines
1065 1236 1208 1302 lavit,
1238 1248 1344 1287 non
1378 1233 1623 1298 inanivit,
1672 1249 1776 1285 non
1805 1231 2099 1316 huniiliavit

530 1331 763 1399 seipsum
797 1329 876 1382 :si
917 1344 1035 1381 cum
1069 1327 1227 1380 homo
1256 1334 1418 1389 esset,
1454 1340 1557 1377 non
1588 1323 1689 1377 hoc
1714 1325 1914 1393 rapuit,
1946 1324 2102 1376 nimi-

526 1438 644 1478 rum
673 1436 792 1475 esse
818 1419 1075 1489 aequalem
1121 1418 1250 1483 Deo,
1297 1419 1533 1487 pro'ccto
1556 1431 1659 1469 non
1692 1426 1769 1471 est
1800 1430 1895 1469 cur
1916 1413 2101 1469 laude.

526 1528 630 1572 tur.
653 1515 783 1571 Nam
806 1529 929 1570 eum
952 1512 1163 1583 quidem
1199 1512 1289 1582 qui
1338 1511 1479 1564 Deus
1520 1512 1590 1563 sit
1635 1508 1902 1562 hominem
1944 1507 2095 1571 fieri,

527 1625 713 1680 magna
747 1606 1132 1675 ineﬁabilisque
1174 1604 1471 1658 bumiliatio
1517 1613 1632 1666 est;
1662 1617 1782 1656 eum
1835 1616 1961 1654 vero
2008 1600 2097 1669 qui

526 1703 687 1755 homo
737 1700 806 1755 sit
854 1699 1082 1753 humana
1116 1695 1323 1761 facere,
1378 1710 1495 1763 qua:
1527 1693 1736 1747 tandem
1765 1690 2097 1746 humiliatio?

526 1793 748 1849 Ubinam
775 1806 902 1844 vero
930 1786 1098 1843 forma
1128 1786 1219 1842 Dei
1247 1786 1545 1856 appellatur
1570 1799 1704 1854 opus
1730 1783 1858 1837 Dei?
1887 1782 2096 1837 Etenim

523 1889 566 1941 si
605 1902 767 1957 purus
796 1884 956 1937 homo
993 1890 1144 1946 erat,
1194 1889 1352 1949 atque
1392 1894 1457 1933 ex
1509 1878 1759 1946 cperibus
1804 1875 2100 1947 appellatur

522 1984 690 2037 forma
725 1981 848 2043 Dei,
879 1994 975 2033 cur
1002 1992 1105 2030 non
1133 1984 1185 2030 et
1215 1975 1267 2029 in
1289 1973 1449 2029 Petro
1472 1972 1522 2026 id
1554 1972 1830 2037 faciamus,
1858 1970 1947 2041 qui
1981 1985 2097 2024 ma-

518 2077 636 2147 jora
654 2074 816 2129 etiam
837 2086 999 2142 opera
1022 2067 1221 2124 edidit?
1250 2081 1345 2121 cur
1366 2079 1469 2119 non
1488 2071 1542 2119 et
1559 2063 1780 2118 Paulum
1805 2061 1979 2130 inquis
2006 2060 2098 2115 Dei

526 2174 748 2223 formum
780 2161 1066 2219 habuisse?
1094 2176 1190 2216 cur
1212 2174 1316 2214 non
1359 2165 1415 2212 et
1441 2158 1677 2228 seipsum
1706 2155 1771 2209 ad
1795 2155 2097 2223 exemplum

525 2259 801 2333 proposuit
848 2258 1078 2316 Paulus.
1110 2254 1198 2325 qui
1240 2260 1489 2307 sexcenta
1540 2247 1836 2305 ministeria
1887 2246 2099 2301 servilia

520 2354 782 2418 obiret-at,
810 2364 874 2405 ac
899 2348 1100 2403 nullum
1130 2342 1502 2400 recusaverat?
1529 2342 1603 2395 ait
1630 2340 1793 2404 enim,
1823 2337 1944 2393 Non
1968 2339 2101 2392 enim

528 2443 856 2512 nosmetipsos
902 2440 1253 2511 prtedicamus,
1284 2435 1371 2489 sed
1411 2432 1585 2488 Jesum
1627 2432 1881 2488 Christum
1925 2430 2103 2485 Domi-

524 2553 668 2599 nam,
699 2550 790 2588 nos
827 2543 1000 2587 autem
1037 2545 1204 2584 servos
1242 2536 1433 2582 vestros
1462 2523 1747 2595 perlesum
1777 2522 1866 2594 (2.
1891 2520 2011 2578 Cor.
2042 2522 2098 2577 4.

523 2630 609 2700 5).
643 2625 885 2683 Ridicula
925 2638 990 2679 ac
1014 2638 1165 2694 nuga:
1191 2633 1336 2687 sunt,
1368 2635 1486 2690 qum
1528 2617 1595 2673 ab
1640 2617 1756 2673 istis
1784 2615 2096 2671 afferuntur.

522 2719 820 2776 Exinanivit
868 2717 1105 2787 seipsum,
1136 2714 1323 2784 inquit.
1359 2710 1638 2780 Quomodo
1664 2711 1899 2780 seipsum
1928 2708 2102 2762 humi-

522 2813 671 2870 liavit
690 2816 713 2870 ?
734 2809 821 2864 dic
848 2806 974 2862 mihi
998 2817 1150 2876 ;qua:
1181 2813 1259 2857 est
1281 2802 1394 2856 haec
1421 2799 1750 2855 exinanitio?
1782 2815 1900 2868 quae
1929 2797 2102 2851 inuni-

524 2903 715 2958 liatio?
746 2916 812 2955 an
838 2898 1090 2970 quoniam
1109 2894 1360 2949 miracula
1391 2891 1595 2947 edidit?
1617 2894 1685 2945 At
1707 2891 1808 2943 hoc
1831 2901 1883 2943 ct
1906 2889 2099 2943 Paulus

524 2995 780 3051 etPetrus
800 2990 1161 3061 prrestiterunt
1185 3003 1198 3039 :
1222 2984 1562 3055 quamobrem
1584 2998 1685 3035 non
1712 2981 1810 3034 hoc
1832 2982 2097 3050 proprium

526 3103 590 3142 ac
618 3083 885 3155 peculiare
916 3080 1032 3134 Filii
1055 3078 1232 3133 l'uerit.
1256 3075 1393 3142 Quid
1421 3074 1579 3144 igitur
1608 3073 1707 3127 sibi
1730 3073 1911 3126 volunt
1939 3071 2099 3125 verba

527 3180 638 3241 illa,
674 3176 739 3230 In
763 3172 1144 3228 similitudinem
1171 3169 1427 3222 hominum
1450 3166 1653 3238 factus?
1674 3163 1831 3218 Multa
1865 3163 1955 3217 ille
1982 3162 2098 3232 qni-

530 3271 653 3326 dem
686 3276 864 3321 nostra
899 3263 1101 3323 habuit,
1151 3258 1312 3314 multa
1342 3272 1468 3311 vero
1499 3271 1603 3311 non
1654 3254 1870 3319 habuit;
1922 3251 2104 3322 hujus-

529 3365 673 3420 modi
701 3368 844 3426 sunt,
900 3372 1004 3411 noa
1035 3370 1155 3412 esse
1184 3361 1364 3407 natum
1408 3366 1471 3406 ex
1504 3349 1881 3403 commixtione
1908 3361 2101 3416 corpo-

531 3475 675 3523 rum,
706 3462 977 3525 pcccatum
1002 3465 1106 3504 non
1131 3445 1431 3502 admisisse.
1450 3443 1575 3499 Hice
1604 3441 1770 3512 ipsius
1799 3449 1949 3494 erant
1982 3455 2103 3509 pro-

533 3551 665 3620 pria,
699 3545 937 3612 nullique
982 3540 1255 3594 hominum
1297 3534 1622 3591 communia.
1652 3532 1767 3587 Non
1800 3532 1899 3586 hoc
1927 3531 2099 3584 solum

526 3649 643 3696 erat
671 3635 808 3708 quod
836 3632 1145 3703 apparebat,
1179 3627 1271 3683 sed
1313 3626 1471 3681 etiam
1506 3627 1662 3680 Deus.
1698 3623 1904 3677 Etenim
1933 3637 2100 3691 appa-

531 3733 679 3788 rebat
707 3728 919 3799 quidem
953 3726 1134 3788 homo,
1159 3723 1209 3776 in
1239 3718 1418 3775 multis
1444 3732 1571 3772 vero
1596 3731 1702 3814 non
1733 3724 1849 3770 erat
1875 3714 2098 3814 similis,

533 3820 745 3876 tametsi
772 3832 931 3871 carne
961 3814 1152 3869 similis
1176 3818 1311 3866 erat.
1346 3808 1459 3862 Hoc
1498 3807 1658 3877 igitur
1685 3806 1782 3860 ista
1816 3804 1975 3858 verba
2022 3804 2104 3856 in-

533 3914 734 3976 dicant,
764 3926 869 3963 non
896 3907 1053 3960 fuisse
1070 3920 1256 3973 purum
1279 3901 1547 3955 hominem
1569 3916 1581 3951 ε
1604 3907 1885 3969 propterea
1910 3896 2099 3965 inquit,

535 4006 601 4061 In
626 4001 953 4058 similitudine
999 3998 1253 4050 hominum
1284 3994 1302 4063 (
1329 3993 1475 4046 Rom.
1526 3991 1580 4044 8.
1635 3988 1722 4058 5).
1758 3988 1965 4043 Etenim
2006 4001 2104 4040 nus

534 4097 749 4171 quidem
779 4094 951 4147 anima
978 4099 1032 4144 et
1060 4101 1255 4156 corpus
1282 4100 1497 4143 sumus;
1550 4081 1639 4135 ille
1670 4096 1799 4135 vero
1828 4080 1999 4143 Deus,
2051 4086 2106 4133 et

542 4193 711 4249 anima
742 4198 797 4242 et
839 4198 1072 4253 corpus:
1103 4185 1379 4249 prepterea
1407 4174 1593 4243 inquit,
1637 4171 1702 4225 In
1752 4170 2101 4226 similitudine.

538 4283 743 4338 Etenim
790 4293 858 4333 ne
908 4274 1129 4328 audiens
1180 4284 1338 4323 voces
1393 4266 1542 4331 illas,
1596 4263 1886 4319 Exinanirit
1931 4270 2108 4316 sentet-

535 4377 731 4443 ipsum,
763 4368 1106 4424 mutationem
1144 4362 1373 4432 aliquam
1416 4358 1699 4427 suspiceris
1726 4371 1789 4411 ac
1812 4355 2105 4425 degenera-

539 4466 735 4519 tionem
763 4470 816 4515 et
842 4457 1135 4521 interitum,
1166 4451 1405 4517 Manens,
1438 4448 1625 4518 inquit,
1658 4446 1798 4517 quod
1843 4455 1977 4512 erat,
2023 4459 2107 4499 as-

536 4554 766 4623 sumpsit
792 4549 928 4621 quod
978 4562 1083 4602 non
1126 4551 1261 4609 erat,
1301 4550 1355 4597 et
1404 4557 1528 4595 caro
1558 4539 1724 4593 factus
1752 4537 2108 4609 perseveravit

540 4664 660 4702 esse
693 4648 829 4701 Deus
862 4642 1105 4695 verbum.

607 4739 662 4792 '5.
703 4736 814 4789 liae
844 4733 1003 4802 igitur
1045 4730 1249 4784 ratione
1290 4728 1485 4782 Paulus
1511 4725 1682 4791 dixit,
1732 4726 1960 4780 similem
1989 4741 2108 4781 esse

541 4829 738 4883 homini
762 4868 776 4889 ,
808 4835 963 4896 atque
986 4831 1263 4892 propterea
1288 4820 1432 4874 addit
1458 4861 1472 4883 ,
1510 4820 1571 4873 Et
1597 4820 1769 4874 habitu
1792 4836 1811 4874 :
1832 4836 1936 4875 non
1964 4823 2105 4875 enim

542 4932 727 4977 natura
750 4916 1108 4987 degeneravit,
1140 4928 1311 4983 neque
1329 4912 1568 4967 confusio
1588 4913 1691 4967 ulla
1724 4911 1857 4968 facta
1888 4924 1987 4979 est,
2014 4913 2107 4968 sed

540 5010 723 5067 habitu
752 5009 919 5063 factus
939 5016 1039 5061 est.
1067 5005 1195 5059 Nam
1212 5018 1331 5057 cum
1356 5002 1578 5058 dixisset
1599 5001 1825 5058 formam
1851 5005 1987 5059 servi
2021 5018 2110 5058 ac-

541 5108 772 5176 cepisse,
797 5103 1019 5156 lidenter
1045 5108 1225 5171 postea
1248 5097 1387 5153 istud
1415 5099 1573 5152 etiam
1605 5098 1841 5166 protulit,
1861 5096 2108 5152 nimirum

538 5215 661 5253 cum
684 5194 809 5250 illud
840 5192 1036 5247 nemini
1068 5206 1170 5244 non
1200 5204 1259 5243 os
1281 5189 1649 5243 obstruxisset.
1671 5188 1879 5244 Etenim
1910 5198 1962 5244 et
1990 5204 2110 5244 cum

540 5295 611 5345 ita
641 5287 788 5350 dicit,
814 5284 878 5337 In
900 5281 1229 5337 similitudine
1253 5281 1421 5333 carnis
1448 5280 1660 5351 peccati,
1692 5296 1797 5333 non
1829 5281 1926 5335 hoc
1962 5280 2109 5347 dicit,

546 5394 761 5434 carnem
784 5392 888 5431 non
908 5372 1176 5435 habuisse,
1198 5370 1289 5425 sed
1318 5386 1532 5426 carnem
1552 5371 1694 5425 illam
1717 5386 1820 5425 non
1844 5386 2110 5439 peccasse,

543 5470 769 5525 similem
793 5478 971 5520 tamen
990 5462 1150 5517 fuisse
1165 5462 1468 5532 peccatrici.
1490 5462 1543 5515 In
1561 5478 1665 5531 quo
1685 5461 1905 5517 similis?
1923 5463 2117 5518 Secun-

543 5562 670 5614 dum
698 5569 959 5619 naturam,
986 5569 1090 5608 non
1113 5552 1403 5608 secundum
1433 5552 1722 5607 malitiam:
1750 5564 2027 5623 propterea
2054 5557 2117 5608 si-

546 5652 686 5704 milis
702 5648 894 5702 auima:
914 5643 1215 5716 peccatrici.
1236 5643 1694 5711 Quemadmodum
1712 5644 1873 5716 igitur
1888 5646 1958 5700 ibi
1979 5648 2117 5701 sitni-

551 5740 779 5798 litudinis
800 5738 1015 5792 nomine
1042 5750 1167 5789 usus
1190 5743 1295 5800 est,
1326 5735 1576 5805 quoniam
1607 5752 1711 5789 non
1731 5738 1910 5791 omnia
1934 5753 2115 5809 mqua-

556 5833 675 5891 litcr
704 5850 761 5889 se
794 5830 1058 5886 habebant
1089 5846 1102 5881 :
1132 5829 1203 5884 ita
1247 5837 1300 5884 ct
1346 5828 1428 5884 hic
1474 5830 1761 5886 similitudo
1786 5830 1980 5887 dicitur
2000 5873 2015 5900 ,
2048 5845 2116 5888 eo

1231 383 1285 435 S.
1328 380 1601 438 JOANNIS
1638 383 2099 451 CHRYSOSTOMI
2141 382 2457 441 ARCIIIEP.
2496 384 3024 456 CONSTANTINOP.

3680 396 3772 454 232

2211 498 2356 569 quod
2388 514 2495 554 non
2524 503 2699 555 omnia
2732 501 2841 558 sint
2884 505 3107 575 aequalia
3128 548 3145 573 ,
3194 517 3379 577 utpote
3402 510 3545 579 quod
3572 526 3681 565 non
3713 528 3768 567 es

2203 591 2582 646 commixtione
2623 609 2944 663 corporum,
2976 598 3119 668 quod
3166 599 3284 655 sine
3330 612 3594 669 peccato,
3640 606 3769 673 quod

2204 682 2422 736 minime
2469 685 2641 738 nudus
2685 684 2869 741 homo.
2914 690 2992 743 Ac
3031 690 3252 758 pulchre
3290 691 3465 758 dixit,
3501 692 3568 748 Ut
3596 695 3771 749 bona:

2207 786 2312 826 non
2337 773 2480 827 enim
2501 785 2616 829 erat
2641 791 2778 830 unus
2806 792 2871 832 ex
2892 780 3094 846 multis,
3128 780 3221 836 sed
3262 791 3318 835 ut
3357 799 3499 838 unus
3536 800 3611 840 ex
3650 786 3776 839 ωυι.

2208 862 2294 918 tis.
2323 863 2506 935 Neque
2535 866 2675 922 Deus
2700 868 2932 924 Verbum
2980 871 3032 926 in
3081 871 3350 929 hominem
3393 876 3771 946 degeneravit,

2205 969 2377 1024 neque
2407 956 2701 1014 substantia
2743 970 2825 1015 est
2867 971 3106 1030 mutata;
3157 964 3253 1020 sed
3308 976 3581 1035 tamquam
3627 968 3774 1022 homo

2204 1045 2467 1113 apparuit,
2511 1062 2613 1103 non
2641 1050 2941 1106 simulacris
2970 1067 3034 1107 ac
3064 1054 3192 1108 visis
3224 1071 3322 1112 nos
3351 1056 3657 1128 decipiens,
3688 1060 3770 1114 sed

2204 1134 2453 1192 erudiens
2482 1143 2546 1192 ad
2577 1139 2948 1197 humilitatem.
2979 1146 3110 1198 Cum
3143 1145 3302 1217 igitur
3330 1149 3481 1211 dicit,
3512 1149 3584 1205 Ut
3607 1152 3771 1213 homo,

2206 1223 2308 1280 hoc
2335 1228 2432 1282 sibi
2458 1230 2564 1284 vult
2596 1234 2949 1303 :cmtcroquin
2975 1246 3029 1290 et
3050 1236 3316 1293 hominem
3344 1241 3473 1296 alibi
3498 1244 3675 1311 ipsum
3695 1259 3775 1298 vo-

2204 1326 2309 1384 cat,
2333 1327 2388 1373 ιιι
2404 1336 2523 1375 cum
2552 1321 2697 1387 dicit,
2724 1323 2868 1380 Unus
2896 1325 3051 1393 Dens,
3071 1340 3116 1383 et
3136 1347 3268 1384 unus
3289 1335 3538 1388 mediator
3556 1335 3775 1391 Christus

2202 1408 2353 1465 Iesus
2377 1413 2452 1483 (Ι.
2478 1413 2613 1469 Tim.
2645 1416 2699 1471 2.
2731 1417 2808 1488 5).
2842 1419 2914 1473 Ea
2939 1420 3188 1486 diximus,
3217 1442 3337 1494 quae
3365 1428 3633 1484 adversus
3659 1430 3774 1485 ishis

2204 1503 2425 1560 dicenda
2449 1517 2619 1563 erant.
2646 1510 2909 1583 Deinceps
2926 1530 3054 1569 vero
3072 1516 3325 1571 adversus
3344 1536 3461 1584 eos,
3483 1523 3576 1591 qui
3595 1536 3771 1591 negant

2203 1601 2555 1668 assumpsisse
2572 1601 2825 1671 animum,
2856 1610 3160 1663 necessario
3180 1610 3493 1667 dicendum.
3521 1615 3582 1669 Si
3619 1614 3771 1670 forma

2203 1688 2299 1744 Dei
2342 1690 2606 1759 perfectus
2653 1696 2794 1751 Deus
2835 1707 2956 1766 est,
3004 1710 3152 1757 certe
3181 1716 3233 1756 et
3260 1703 3433 1760 forma
3482 1708 3631 1762 servi
3660 1724 3771 1776 per-

2203 1784 2371 1842 fectus
2390 1796 2474 1843 est
2502 1804 2707 1847 servus.
2733 1792 2924 1850 lterum
2955 1808 3139 1853 contra
3168 1801 3397 1858 Arianos
3422 1806 3628 1875 agitur.
3654 1808 3768 1863 Cn

2203 1877 2254 1929 in
2276 1880 2441 1950 forma
2465 1878 2563 1937 Dei
2585 1894 2731 1950 esset,
2761 1885 2927 1956 inquit
2953 1929 2968 1954 ,
3000 1906 3101 1944 non
3130 1894 3364 1961 rapinam
3390 1896 3679 1952 arbitratus
3701 1912 3765 1954 est

2203 1983 2310 2022 esse
2335 1987 2389 2024 se
2414 1974 2657 2043 aqualem
2695 1975 2823 2032 Deo.
2867 1978 2964 2034 Hic
2992 1981 3060 2037 de
3089 1981 3369 2042 divinitate
3397 1988 3635 2058 loquens
3659 2008 3773 2045 nus-

2174 2076 2359 2129 _quam
2391 2064 2504 2119 istis
2530 2066 2706 2122 verbis
2731 2070 2910 2134 utitur,
2944 2071 3139 2129 Factus
3158 2078 3775 2148 esr,aut,Accepit,St‘d.

2204 2150 2543 2221 Semetipsum
2565 2159 2837 2213 exinaniri:
2861 2161 3077 2232 formam
3100 2167 3231 2220 serui
3254 2169 3538 2238 accipiens,
3570 2173 3624 2226 in

2206 2240 2419 2298 litudine
2464 2246 2726 2303 hominum
2754 2250 2937 2321 factus.
2981 2254 3076 2309 llic
3116 2255 3183 2311 de
3235 2256 3577 2317 humanitate
3619 2264 3773 2330 dicit,

2205 2335 2445 2406 Acci-pit,
2474 2350 2548 2403 et,
2582 2339 2776 2396 Factus
2800 2352 2901 2398 est.
2932 2345 3044 2401 Hoc
3071 2347 3240 2404 factus
3266 2360 3371 2416 est,
3402 2351 3513 2409 hoc
3533 2358 3771 2427 accepit:

2204 2425 2333 2480 illud
2367 2444 2490 2483 vcro
2513 2442 2647 2485 erat.
2680 2432 2842 2503 Igitur
2867 2451 2967 2492 nec
2991 2439 3401 2508 confundamus,
3437 2460 3541 2503 nec
3564 2425 3778 2504 divella-

2205 2530 2342 2571 mtts.
2388 2517 2539 2575 Unus
2592 2522 2771 2587 Deus,
2814 2541 2950 2582 unus
2997 2526 3260 2596 Christus.
3308 2533 3486 2591 Filius
3514 2537 3641 2593 Dei.
3685 2538 3776 2596 Ve-

2204 2624 2319 2662 rum
2344 2649 2359 2674 ,
2393 2625 2512 2664 cum
2542 2623 2660 2668 utor
2690 2615 2785 2670 iSIa
2818 2632 2970 2685 voce,
3003 2636 3169 2687 unus,
3213 2624 3470 2679 unionem
3502 2627 3656 2695 dico,
3681 2646 3777 2686 non

2204 2697 2572 2756 confusionem
2608 2721 2620 2756 :
2653 2721 2759 2760 non
2785 2708 2926 2762 enim
2953 2719 3143 2767 natura
3186 2711 3305 2769 inec
3331 2715 3385 2769 in
3426 2717 3583 2772 illam
3633 2736 3773 2777 vet-ss

2203 2789 2582 2861 degeneravit,
2627 2798 2721 2852 sed
2768 2801 2913 2856 unita
2964 2813 3067 2858 est.
3111 2803 3416 2862 Humiliavit
3461 2816 3781 2882 semetipsu-

2204 2884 2369 2950 factus
2392 2886 2625 2942 obediens
2647 2906 2803 2961 usque
2816 2892 2886 2946 ad
2907 2904 3138 2958 mortem,
3163 2909 3375 2953 mortem
3397 2912 3578 2957 autem
3603 2907 3778 2958 cruda.

2206 2976 2304 3040 En,
2338 2978 2616 3048 inquiunt,
2665 2983 2833 3040 factus
2863 2995 2945 3063 est
2973 2987 3228 3045 obediens
3250 3033 3266 3057 ,
3309 3008 3436 3048 cum
3465 2997 3517 3050 ei
3562 2999 3776 3054 minime

2204 3071 2423 3136 mqualis
2467 3084 2607 3127 esset
2632 3076 2714 3127 cui
2744 3076 2999 3133 obedivit.
3044 3079 3087 3135 Ο
3126 3082 3302 3137 stolidi
3344 3101 3409 3140 ac
3458 3087 3777 3155 dentientes,

2208 3159 2307 3214 hoc
2350 3162 2419 3216 de
2447 3162 2537 3217 illo
2578 3164 2703 3219 nihil
2754 3166 3020 3237 detrahit;
3072 3188 3194 3227 nam
3241 3190 3341 3230 nos
3388 3178 3558 3233 etiam
3608 3182 3786 3237 amicis

2205 3255 2506 3323 obedimus,
2540 3274 2712 3330 neque
2740 3261 2790 3315 id
2817 3272 2991 3318 tamen
3020 3279 3118 3319 nos
3141 3266 3379 3323 minores
3404 3268 3561 3324 facit.
3592 3271 3781 3340 Sponte

2206 3347 2369 3401 Filius
2395 3347 2536 3404 Patri
2564 3351 2833 3417 obedivit,
2884 3355 3077 3411 nonin
3122 3358 3374 3414 servilem
3417 3363 3780 3419 conditionu-

2208 3437 2484 3502 decidens,
2515 3441 2609 3496 sed
2640 3442 2738 3497 hoc
2766 3444 2879 3513 ipso
2910 3447 3137 3503 maxime
3163 3462 3385 3506 Servans
3413 3453 3782 3509 admirandam

2208 3528 2350 3583 illam
2377 3534 2612 3600 germani
2639 3533 2755 3589 Filii
2778 3534 3119 3606 dignitatem,
3152 3556 3401 3611 magnum
3431 3544 3587 3599 Patri
3618 3546 3784 3600 hono-

2208 3639 2318 3678 rem
2347 3625 2667 3681 exbibendo.
2702 3628 2995 3684 llonoravit
3015 3632 3226 3686 Patrem
3246 3674 3263 3699 ,
3293 3650 3401 3689 non
3434 3646 3497 3690 ut
3526 3637 3703 3707 ipsum
3731 3651 3780 3692 tu

2206 3713 2408 3771 honore
2429 3718 2710 3787 spoliares,
2733 3721 2824 3775 sed
2850 3731 2906 3776 ut
2927 3724 3094 3793 magis
3112 3728 3442 3796 su5piceres,
3472 3740 3529 3783 ut
3550 3735 3641 3787 vel
3664 3732 3783 3786 hinc

2204 3820 2516 3878 germanum
2543 3810 2731 3866 Filium
2754 3828 3094 3884 agnosceres,
3116 3819 3257 3888 quod
3278 3821 3526 3877 omnium
3553 3827 3787 3880 maxime

2208 3899 2419 3956 Patrem
2471 3901 2831 3960 honoraverit.
2896 3906 3066 3963 Nemo
3112 3910 3280 3966 Deum
3334 3917 3403 3968 ita
3457 3916 3781 3974 honoravit:

2207 4002 2465 4061 quantum
2491 3992 2671 4050 habttit
2701 3998 3037 4054 celsitudinis
3061 4042 3076 4062 ,
3102 4010 3306 4058 tantum
3338 4007 3583 4065 vicissim
3614 4011 3782 4066 Iunio

2209 4084 2378 4139 litatis
2403 4087 2583 4142 subiit.
2614 4088 3071 4156 Quemadmodum
3092 4097 3340 4153 omnibus
3368 4101 3546 4171 major
3574 4114 3665 4159 est
3685 4148 3702 4170 ,
3730 4120 3788 4159 ac

2212 4192 2370 4231 nemo
2396 4176 2473 4232 illi
2517 4181 2734 4249 a'qualis
2789 4199 2804 4238 :
2849 4183 2915 4238 ita
2966 4185 3125 4240 etiam
3173 4188 3228 4242 in
3266 4190 3425 4246 Patre
3472 4192 3789 4251 honorando

2210 4282 2398 4323 omnes
2424 4269 2586 4335 vicit,
2635 4287 2738 4327 non
2765 4284 3015 4341 coactus,
3061 4294 3234 4349 neque
3279 4282 3505 4339 invitus.
3550 4286 3665 4343 Sed
3698 4292 3787 4342 hoc

2211 4360 2369 4413 etiam
2416 4360 2626 4416 virtutis
2673 4364 2836 4431 ipsius
2879 4365 2976 4420 fuit
3006 4384 3020 4420 :
3048 4379 3140 4422 aut
3187 4372 3365 4439 potius
3408 4374 3621 4429 desunt
3666 4379 3787 4431 mihi

2211 4452 2370 4506 verba
2390 4494 2405 4517 ,
2438 4455 2627 4523 quibus
2656 4468 2793 4513 utar.
2838 4458 3024 4529 Papae!
3056 4477 3304 4531 magnum
3350 4464 3484 4520 illud
3514 4478 3610 4523 est
3636 4482 3786 4539 λιφε

2214 4544 2587 4614 inexplicabile
2613 4588 2627 4611 ,
2676 4562 2888 4604 servum
2922 4553 3076 4618 fieri;
3128 4554 3221 4606 sed
3265 4567 3497 4612 mortem
3530 4571 3789 4628 praise:

2213 4638 2392 4693 subire
2414 4680 2427 4703 ,
2463 4639 2617 4710 longe
2645 4641 2822 4697 adhuc
2865 4643 3057 4712 majus.
3101 4646 3205 4699 Sed
3236 4658 3319 4701 est
3356 4649 3504 4705 aliud
3534 4653 3791 4721 quiddam

2213 4728 2315 4784 huc
2351 4731 2538 4799 majus.
2563 4733 2834 4802 magisque
2853 4734 3157 4805 opinionem
3185 4754 3400 4794 omnem
3430 4758 3789 4813 exsuperans.

2213 4821 2349 4889 Quid
2381 4822 2554 4877 illud?
2595 4822 2745 4890 Quod
2776 4842 2880 4879 non
2908 4829 3108 4895 quaevis
3138 4846 3281 4884 mors
3309 4832 3505 4888 similis
3543 4837 3649 4890 sit.
3681 4837 3797 4890 the

2214 4915 2380 4979 enim,
2420 4930 2578 4985 quam
2614 4916 2868 4973 Dominus
2898 4920 3114 4988 pertulit
3138 4962 3152 4984 ,
3194 4924 3433 4978 omnium
3485 4930 3797 4998 turpis~iuia

2215 5005 2513 5060 habebatur
2542 5024 2555 5060 :
2590 5006 2703 5061 lucc
2732 5008 2884 5078 plena
2914 5010 3237 5079 ignominiae,
3271 5015 3385 5069 lucc
3406 5020 3795 5073 exsecrabilis:

2216 5095 2521 5151 Maledictus
2549 5097 2689 5152 enim
2715 5139 2730 5163 ,
2762 5098 2969 5168 inquit,
3003 5102 3165 5155 omnis
3185 5144 3201 5166 ,
3242 5106 3326 5172 qui
3356 5107 3535 5173 pendet
3578 5109 3638 5161 in
3666 5109 3801 5179 ligno

2217 5192 2234 5255 (
2262 5188 2414 5242 Deut.
2453 5190 2543 5243 2|.
2571 5191 2639 5244 25
2661 5190 2702 5262 ).
2745 5190 3032 5261 Propterea
3060 5194 3220 5247 etiam
3250 5195 3422 5250 Judaei
3474 5197 3578 5253 hac
3628 5201 3797 5269 ipsa:

2219 5290 2391 5335 morte
2425 5281 2643 5336 afﬁcere
2671 5282 3024 5351 studuerunt,
3056 5300 3164 5354 quo
3194 5286 3450 5342 infantem
3481 5290 3798 5347 redderent.

2219 5382 2277 5425 ut
2326 5374 2425 5427 nisi
2452 5372 2571 5442 quis
2593 5374 2663 5428 ab
2689 5390 2755 5429 eo
2786 5374 2983 5430 idcirco
3028 5375 3317 5442 deﬁceret,
3347 5380 3493 5449 quod
3535 5396 3573 5435 e
3624 5382 3805 5435 medio

2219 5464 2462 5519 sublatus
2487 5474 2652 5529 esset,
2680 5466 2867 5520 saltem
2897 5466 3015 5522 ideo
3044 5466 3320 5532 deﬁceret,
3346 5470 3488 5538 quod
3510 5471 3598 5525 sic
3623 5474 3808 5525 subta-

2222 5563 2307 5608 tus
2339 5564 2501 5610 esset.
2539 5557 2826 5626 Propterea
2855 5559 3012 5612 etiam
3045 5557 3186 5612 inter
3217 5558 3353 5613 duos
3380 5561 3627 5616 latrones
3656 5562 3807 5616 croci

2221 5645 2413 5702 afﬁxus
2445 5656 2550 5714 est,
2585 5657 2640 5703 ut
2665 5647 2853 5703 eadem
2883 5647 2950 5704 de
2978 5648 3113 5719 ipso,
3144 5665 3206 5704 ac
3233 5651 3302 5704 de
3333 5651 3440 5705 illis
3466 5655 3811 5710 existimatio

2221 5749 2366 5795 esset
2407 5758 2423 5806 ;
2467 5755 2627 5812 atque
2671 5742 2982 5812 impleretur
3010 5742 3150 5814 quod
3181 5743 3384 5811 dictum
3435 5755 3558 5805 est.
3596 5746 3671 5799 Et
3699 5764 3815 5799 an

2229 5832 2412 5903 iniquis
2442 5844 2696 5906 reputatus
2720 5846 2793 5889 est
2831 5835 2849 5902 (
2875 5835 3004 5893 Isai.
3031 5840 3118 5896 55.
3156 5837 3219 5893 Η.
3242 5837 3284 5905 ).
3315 5834 3424 5891 Sed
3453 5847 3610 5893 tanto
3642 5842 3817 5908 nsciis
