  <div class='ocr_page' id='page_1' title='image "/cluster/home/n/w/nwhite01/storage/ocr_20150623/62/hvd.32044019207836/238.png"; bbox 0 0 3878 6502; ppageno 0'>
   <div class='ocr_carea' id='block_1_1' title="bbox 125 402 190 461">
    <p class='ocr_par' dir='ltr' id='par_1_1' title="bbox 125 402 190 461">
     <span class='ocr_line' id='line_1_1' title="bbox 125 402 190 461; baseline 0 0"><span class='ocrx_word' id='word_1_1' title='bbox 125 402 190 461; x_wconf 71' lang='lat'>31</span> 
     </span>
    </p>
   </div>
   <div class='ocr_carea' id='block_1_2' title="bbox 85 511 1644 589">
    <p class='ocr_par' dir='ltr' id='par_1_2' title="bbox 85 511 1644 589">
     <span class='ocr_line' id='line_1_2' title="bbox 85 511 1644 589; baseline -0.007 -14"><span class='ocrx_word' id='word_1_2' title='bbox 85 520 161 575; x_wconf 79' lang='grc' dir='ltr'>ὥν</span> <span class='ocrx_word' id='word_1_3' title='bbox 187 518 282 588; x_wconf 91' lang='grc' dir='ltr'>οὑχ</span> <span class='ocrx_word' id='word_1_4' title='bbox 314 517 527 589; x_wconf 77' lang='grc' dir='ltr'>ἦρπασε</span> <span class='ocrx_word' id='word_1_5' title='bbox 557 515 617 570; x_wconf 90' lang='grc' dir='ltr'>τὸ</span> <span class='ocrx_word' id='word_1_6' title='bbox 642 511 778 570; x_wconf 78' lang='grc' dir='ltr'>εἶναι</span> <span class='ocrx_word' id='word_1_7' title='bbox 803 517 893 569; x_wconf 81' lang='grc' dir='ltr'>ἴσα</span> <span class='ocrx_word' id='word_1_8' title='bbox 921 516 1060 588; x_wconf 79' lang='grc' dir='ltr'>Θεῷ,</span> <span class='ocrx_word' id='word_1_9' title='bbox 1087 517 1186 571; x_wconf 88' lang='grc' dir='ltr'>οὑκ</span> <span class='ocrx_word' id='word_1_10' title='bbox 1232 515 1537 579; x_wconf 78' lang='grc' dir='ltr'>ὲπαινετός.</span> <span class='ocrx_word' id='word_1_11' title='bbox 1569 512 1644 566; x_wconf 89' lang='grc' dir='ltr'>Τὸ</span> 
     </span>
    </p>
   </div>
   <div class='ocr_carea' id='block_1_3' title="bbox 91 613 1646 688">
    <p class='ocr_par' dir='ltr' id='par_1_3' title="bbox 91 613 1646 688">
     <span class='ocr_line' id='line_1_3' title="bbox 91 613 1646 688; baseline -0.004 -18"><span class='ocrx_word' id='word_1_12' title='bbox 91 617 188 688; x_wconf 84' lang='grc' dir='ltr'>μὲν</span> <span class='ocrx_word' id='word_1_13' title='bbox 204 614 334 668; x_wconf 85' lang='grc' dir='ltr'>Θεὸν</span> <span class='ocrx_word' id='word_1_14' title='bbox 352 614 481 668; x_wconf 76' lang='grc' dir='ltr'>ὄντα</span> <span class='ocrx_word' id='word_1_15' title='bbox 501 613 784 684; x_wconf 79' lang='grc' dir='ltr'>ἄνθρωπον</span> <span class='ocrx_word' id='word_1_16' title='bbox 805 615 1076 684; x_wconf 86' lang='grc' dir='ltr'>γενέσθαι,</span> <span class='ocrx_word' id='word_1_17' title='bbox 1107 613 1275 684; x_wconf 82' lang='grc' dir='ltr'>πολλὴ</span> <span class='ocrx_word' id='word_1_18' title='bbox 1299 614 1646 674; x_wconf 84' lang='grc' dir='ltr'>ταπείνωσις,</span> 
     </span>
    </p>
   </div>
   <div class='ocr_carea' id='block_1_4' title="bbox 86 710 1652 783">
    <p class='ocr_par' dir='ltr' id='par_1_4' title="bbox 86 710 1652 783">
     <span class='ocr_line' id='line_1_4' title="bbox 86 710 1652 783; baseline -0.002 -16"><span class='ocrx_word' id='word_1_19' title='bbox 86 714 307 783; x_wconf 72' lang='grc' dir='ltr'>άφατος.</span> <span class='ocrx_word' id='word_1_20' title='bbox 333 711 721 783; x_wconf 87' lang='grc' dir='ltr'>άνεκδιήγητος</span> <span class='ocrx_word' id='word_1_21' title='bbox 741 728 758 742; x_wconf 72' lang='grc' dir='ltr'><strong><em>ο</em></strong></span> <span class='ocrx_word' id='word_1_22' title='bbox 785 712 848 766; x_wconf 88' lang='grc' dir='ltr'>τὸ</span> <span class='ocrx_word' id='word_1_23' title='bbox 872 711 928 764; x_wconf 81' lang='grc' dir='ltr'>δὲ</span> <span class='ocrx_word' id='word_1_24' title='bbox 962 711 1254 781; x_wconf 82' lang='grc' dir='ltr'>ἄνθρωπον</span> <span class='ocrx_word' id='word_1_25' title='bbox 1283 712 1412 764; x_wconf 83' lang='grc' dir='ltr'>ὅντα</span> <span class='ocrx_word' id='word_1_26' title='bbox 1444 710 1515 764; x_wconf 72' lang='grc' dir='ltr'>τὰ</span> <span class='ocrx_word' id='word_1_27' title='bbox 1542 710 1652 764; x_wconf 82' lang='grc' dir='ltr'>τῶν</span> 
     </span>
    </p>
   </div>
   <div class='ocr_carea' id='block_1_5' title="bbox 83 807 1652 881">
    <p class='ocr_par' dir='ltr' id='par_1_5' title="bbox 83 807 1652 881">
     <span class='ocr_line' id='line_1_5' title="bbox 83 807 1652 881; baseline -0.002 -17"><span class='ocrx_word' id='word_1_28' title='bbox 83 811 384 881; x_wconf 80' lang='grc' dir='ltr'>ἀνθρώπων</span> <span class='ocrx_word' id='word_1_29' title='bbox 427 812 624 872; x_wconf 83' lang='grc' dir='ltr'>ποιεῖν,</span> <span class='ocrx_word' id='word_1_30' title='bbox 673 809 796 862; x_wconf 86' lang='grc' dir='ltr'>ποία</span> <span class='ocrx_word' id='word_1_31' title='bbox 839 809 1202 876; x_wconf 73' lang='grc' dir='ltr'>ταπείνωσιςς</span> <span class='ocrx_word' id='word_1_32' title='bbox 1235 808 1344 863; x_wconf 91' lang='grc' dir='ltr'>Ποῦ</span> <span class='ocrx_word' id='word_1_33' title='bbox 1380 809 1438 862; x_wconf 82' lang='grc' dir='ltr'>δὲ</span> <span class='ocrx_word' id='word_1_34' title='bbox 1470 807 1652 880; x_wconf 67' lang='grc' dir='ltr'>μορςρὴ</span> 
     </span>
    </p>
   </div>
   <div class='ocr_carea' id='block_1_6' title="bbox 83 899 1648 974">
    <p class='ocr_par' dir='ltr' id='par_1_6' title="bbox 83 899 1648 974">
     <span class='ocr_line' id='line_1_6' title="bbox 83 899 1648 974; baseline 0.006 -17"><span class='ocrx_word' id='word_1_35' title='bbox 83 903 239 968; x_wconf 89' lang='grc' dir='ltr'>Θεοῦ,</span> <span class='ocrx_word' id='word_1_36' title='bbox 265 903 425 974; x_wconf 78' lang='grc' dir='ltr'>ἔργον</span> <span class='ocrx_word' id='word_1_37' title='bbox 441 902 574 956; x_wconf 90' lang='grc' dir='ltr'>Θεοῦ</span> <span class='ocrx_word' id='word_1_38' title='bbox 594 903 810 970; x_wconf 83' lang='grc' dir='ltr'>λέγεται</span> <span class='ocrx_word' id='word_1_39' title='bbox 829 919 844 966; x_wconf 90' lang='grc'>;</span> <span class='ocrx_word' id='word_1_40' title='bbox 876 901 938 955; x_wconf 70' lang='lat' dir='ltr'>EE</span> <span class='ocrx_word' id='word_1_41' title='bbox 961 905 1068 974; x_wconf 86' lang='grc' dir='ltr'>γὰρ</span> <span class='ocrx_word' id='word_1_42' title='bbox 1089 903 1374 974; x_wconf 82' lang='grc' dir='ltr'>ἄνθρωπος</span> <span class='ocrx_word' id='word_1_43' title='bbox 1391 899 1460 974; x_wconf 83' lang='grc' dir='ltr'>ἦν</span> <span class='ocrx_word' id='word_1_44' title='bbox 1474 901 1628 972; x_wconf 79' lang='grc' dir='ltr'>ψιλὸς</span> <span class='ocrx_word' id='word_1_45' title='bbox 1634 943 1648 966; x_wconf 58' lang='grc' dir='ltr'>φ</span> 
     </span>
    </p>
   </div>
   <div class='ocr_carea' id='block_1_7' title="bbox 83 999 1652 1072">
    <p class='ocr_par' dir='ltr' id='par_1_7' title="bbox 83 999 1652 1072">
     <span class='ocr_line' id='line_1_7' title="bbox 83 999 1652 1072; baseline -0.002 -15"><span class='ocrx_word' id='word_1_46' title='bbox 83 1003 174 1057; x_wconf 78' lang='grc' dir='ltr'>καὶ</span> <span class='ocrx_word' id='word_1_47' title='bbox 201 1001 287 1055; x_wconf 80' lang='grc' dir='ltr'>διὰ</span> <span class='ocrx_word' id='word_1_48' title='bbox 309 1002 377 1056; x_wconf 74' lang='grc' dir='ltr'>τά</span> <span class='ocrx_word' id='word_1_49' title='bbox 404 1001 538 1072; x_wconf 83' lang='grc' dir='ltr'>ἔργα</span> <span class='ocrx_word' id='word_1_50' title='bbox 560 1001 775 1069; x_wconf 87' lang='grc' dir='ltr'>λέγεται</span> <span class='ocrx_word' id='word_1_51' title='bbox 808 999 990 1072; x_wconf 74' lang='grc' dir='ltr'>μορφὴ</span> <span class='ocrx_word' id='word_1_52' title='bbox 1017 1000 1175 1064; x_wconf 86' lang='grc' dir='ltr'>Θεοῦ,</span> <span class='ocrx_word' id='word_1_53' title='bbox 1205 999 1294 1054; x_wconf 77' lang='grc' dir='ltr'>διὰ</span> <span class='ocrx_word' id='word_1_54' title='bbox 1334 1001 1387 1054; x_wconf 91' lang='grc' dir='ltr'>τί</span> <span class='ocrx_word' id='word_1_55' title='bbox 1434 1000 1510 1072; x_wconf 79' lang='grc' dir='ltr'>μὴ</span> <span class='ocrx_word' id='word_1_56' title='bbox 1559 1000 1652 1054; x_wconf 73' lang='grc' dir='ltr'>καὶ</span> 
     </span>
    </p>
   </div>
   <div class='ocr_carea' id='block_1_8' title="bbox 81 1097 1651 1169">
    <p class='ocr_par' dir='ltr' id='par_1_8' title="bbox 81 1097 1651 1169">
     <span class='ocr_line' id='line_1_8' title="bbox 81 1097 1651 1169; baseline -0.001 -17"><span class='ocrx_word' id='word_1_57' title='bbox 81 1100 171 1152; x_wconf 76' lang='grc' dir='ltr'>ἐπὶ</span> <span class='ocrx_word' id='word_1_58' title='bbox 216 1098 423 1169; x_wconf 79' lang='grc' dir='ltr'>Πέτρου</span> <span class='ocrx_word' id='word_1_59' title='bbox 463 1097 525 1150; x_wconf 86' lang='grc' dir='ltr'>τὸ</span> <span class='ocrx_word' id='word_1_60' title='bbox 579 1098 711 1151; x_wconf 87' lang='grc' dir='ltr'>αὐτὸ</span> <span class='ocrx_word' id='word_1_61' title='bbox 759 1097 1027 1168; x_wconf 86' lang='grc' dir='ltr'>λέγομεν;</span> <span class='ocrx_word' id='word_1_62' title='bbox 1083 1097 1304 1168; x_wconf 81' lang='grc' dir='ltr'>μείζονα</span> <span class='ocrx_word' id='word_1_63' title='bbox 1343 1098 1454 1167; x_wconf 85' lang='grc' dir='ltr'>γὰρ</span> <span class='ocrx_word' id='word_1_64' title='bbox 1487 1097 1651 1152; x_wconf 91' lang='grc' dir='ltr'>αὑτοῦ</span> 
     </span>
    </p>
   </div>
   <div class='ocr_carea' id='block_1_9' title="bbox 79 1192 1654 1266">
    <p class='ocr_par' dir='ltr' id='par_1_9' title="bbox 79 1192 1654 1266">
     <span class='ocr_line' id='line_1_9' title="bbox 79 1192 1654 1266; baseline -0.002 -17"><span class='ocrx_word' id='word_1_65' title='bbox 79 1195 395 1266; x_wconf 80' lang='grc' dir='ltr'>εἰργάσατο.</span> <span class='ocrx_word' id='word_1_66' title='bbox 422 1194 520 1247; x_wconf 76' lang='grc' dir='ltr'>Διὰ</span> <span class='ocrx_word' id='word_1_67' title='bbox 541 1192 594 1246; x_wconf 88' lang='grc' dir='ltr'>τί</span> <span class='ocrx_word' id='word_1_68' title='bbox 625 1193 700 1264; x_wconf 82' lang='grc' dir='ltr'>μὴ</span> <span class='ocrx_word' id='word_1_69' title='bbox 724 1194 816 1247; x_wconf 75' lang='grc' dir='ltr'>καὶ</span> <span class='ocrx_word' id='word_1_70' title='bbox 840 1194 930 1247; x_wconf 69' lang='grc' dir='ltr'>ἐπὶ</span> <span class='ocrx_word' id='word_1_71' title='bbox 956 1193 1164 1247; x_wconf 81' lang='grc' dir='ltr'>Παύλου</span> <span class='ocrx_word' id='word_1_72' title='bbox 1187 1194 1384 1264; x_wconf 89' lang='grc' dir='ltr'>λέγεις,</span> <span class='ocrx_word' id='word_1_73' title='bbox 1406 1195 1487 1248; x_wconf 81' lang='grc' dir='ltr'>ὅτι</span> <span class='ocrx_word' id='word_1_74' title='bbox 1521 1210 1654 1265; x_wconf 80' lang='grc' dir='ltr'>μορ-</span> 
     </span>
    </p>
   </div>
   <div class='ocr_carea' id='block_1_10' title="bbox 80 1279 1652 1363">
    <p class='ocr_par' dir='ltr' id='par_1_10' title="bbox 80 1279 1652 1363">
     <span class='ocr_line' id='line_1_10' title="bbox 80 1279 1652 1363; baseline 0.001 -20"><span class='ocrx_word' id='word_1_75' title='bbox 80 1294 185 1363; x_wconf 75' lang='grc' dir='ltr'>φὴν</span> <span class='ocrx_word' id='word_1_76' title='bbox 217 1291 356 1345; x_wconf 84' lang='grc' dir='ltr'>Θεοῦ</span> <span class='ocrx_word' id='word_1_77' title='bbox 385 1287 532 1362; x_wconf 75' lang='grc' dir='ltr'>εἶχες</span> <span class='ocrx_word' id='word_1_78' title='bbox 563 1291 650 1344; x_wconf 85' lang='grc' dir='ltr'>διά</span> <span class='ocrx_word' id='word_1_79' title='bbox 677 1290 728 1344; x_wconf 85' lang='grc' dir='ltr'>τί</span> <span class='ocrx_word' id='word_1_80' title='bbox 767 1291 841 1362; x_wconf 81' lang='grc' dir='ltr'>μὴ</span> <span class='ocrx_word' id='word_1_81' title='bbox 865 1290 958 1342; x_wconf 80' lang='grc' dir='ltr'>καὶ</span> <span class='ocrx_word' id='word_1_82' title='bbox 987 1293 1117 1361; x_wconf 82' lang='grc' dir='ltr'>παρ’</span> <span class='ocrx_word' id='word_1_83' title='bbox 1154 1279 1350 1344; x_wconf 75' lang='grc' dir='ltr'>ἐαυτοῦ</span> <span class='ocrx_word' id='word_1_84' title='bbox 1383 1290 1444 1344; x_wconf 86' lang='grc' dir='ltr'>τὸ</span> <span class='ocrx_word' id='word_1_85' title='bbox 1471 1291 1652 1362; x_wconf 87' lang='grc' dir='ltr'>παρά-</span> 
     </span>
    </p>
   </div>
   <div class='ocr_carea' id='block_1_11' title="bbox 77 1385 1651 1460">
    <p class='ocr_par' dir='ltr' id='par_1_11' title="bbox 77 1385 1651 1460">
     <span class='ocr_line' id='line_1_11' title="bbox 77 1385 1651 1460; baseline -0.001 -19"><span class='ocrx_word' id='word_1_86' title='bbox 77 1389 277 1456; x_wconf 78' lang='grc' dir='ltr'>δειγμα</span> <span class='ocrx_word' id='word_1_87' title='bbox 304 1389 590 1457; x_wconf 78' lang='grc' dir='ltr'>εἰσήνεγκε</span> <span class='ocrx_word' id='word_1_88' title='bbox 627 1385 858 1450; x_wconf 82' lang='grc' dir='ltr'>Παῦλος,</span> <span class='ocrx_word' id='word_1_89' title='bbox 895 1389 924 1439; x_wconf 99' lang='lat'>6</span> <span class='ocrx_word' id='word_1_90' title='bbox 951 1388 1121 1457; x_wconf 81' lang='grc' dir='ltr'>μυρία</span> <span class='ocrx_word' id='word_1_91' title='bbox 1164 1387 1376 1460; x_wconf 80' lang='grc' dir='ltr'>πράξας</span> <span class='ocrx_word' id='word_1_92' title='bbox 1407 1387 1651 1450; x_wconf 81' lang='grc' dir='ltr'>δουλικὰ,</span> 
     </span>
    </p>
   </div>
   <div class='ocr_carea' id='block_1_12' title="bbox 77 1483 1655 1556">
    <p class='ocr_par' dir='ltr' id='par_1_12' title="bbox 77 1483 1655 1556">
     <span class='ocr_line' id='line_1_12' title="bbox 77 1483 1655 1556; baseline -0.001 -19"><span class='ocrx_word' id='word_1_93' title='bbox 77 1486 172 1537; x_wconf 80' lang='grc' dir='ltr'>καί</span> <span class='ocrx_word' id='word_1_94' title='bbox 229 1484 394 1554; x_wconf 79' lang='grc' dir='ltr'>μηδὲν</span> <span class='ocrx_word' id='word_1_95' title='bbox 441 1483 919 1554; x_wconf 82' lang='grc' dir='ltr'>παραιτησάμενος</span> <span class='ocrx_word' id='word_1_96' title='bbox 956 1501 972 1550; x_wconf 88' lang='grc'>;</span> <span class='ocrx_word' id='word_1_97' title='bbox 1022 1484 1170 1552; x_wconf 83' lang='grc' dir='ltr'>λέγει</span> <span class='ocrx_word' id='word_1_98' title='bbox 1217 1485 1324 1556; x_wconf 86' lang='grc' dir='ltr'>γάρ</span> <span class='ocrx_word' id='word_1_99' title='bbox 1356 1501 1372 1516; x_wconf 76' lang='grc' dir='ltr'><strong><em>ο</em></strong></span> <span class='ocrx_word' id='word_1_100' title='bbox 1417 1487 1499 1539; x_wconf 86' lang='grc' dir='ltr'>Οὐ</span> <span class='ocrx_word' id='word_1_101' title='bbox 1546 1483 1655 1554; x_wconf 75' lang='grc' dir='ltr'>γὰρ</span> 
     </span>
    </p>
   </div>
   <div class='ocr_carea' id='block_1_13' title="bbox 77 1577 1658 1647">
    <p class='ocr_par' dir='ltr' id='par_1_13' title="bbox 77 1577 1658 1647">
     <span class='ocr_line' id='line_1_13' title="bbox 77 1577 1658 1647; baseline -0.001 -15"><span class='ocrx_word' id='word_1_102' title='bbox 77 1579 337 1644; x_wconf 79' lang='grc' dir='ltr'>ἑαυτοὺς</span> <span class='ocrx_word' id='word_1_103' title='bbox 399 1579 806 1647; x_wconf 81' lang='grc' dir='ltr'>κηρύσσομεν,</span> <span class='ocrx_word' id='word_1_104' title='bbox 862 1577 1024 1632; x_wconf 79' lang='grc' dir='ltr'>ἀλλὰ</span> <span class='ocrx_word' id='word_1_105' title='bbox 1083 1580 1344 1646; x_wconf 81' lang='grc' dir='ltr'>Χριστὸν</span> <span class='ocrx_word' id='word_1_106' title='bbox 1411 1579 1658 1646; x_wconf 78' lang='grc' dir='ltr'>Ἰησοῦν</span> 
     </span>
    </p>
   </div>
   <div class='ocr_carea' id='block_1_14' title="bbox 76 1673 1652 1745">
    <p class='ocr_par' dir='ltr' id='par_1_14' title="bbox 76 1673 1652 1745">
     <span class='ocr_line' id='line_1_14' title="bbox 76 1673 1652 1745; baseline -0.001 -15"><span class='ocrx_word' id='word_1_107' title='bbox 76 1679 324 1745; x_wconf 74' lang='grc' dir='ltr'>Κύριον,</span> <span class='ocrx_word' id='word_1_108' title='bbox 377 1674 631 1740; x_wconf 86' lang='grc' dir='ltr'>ἐαυτσὺς</span> <span class='ocrx_word' id='word_1_109' title='bbox 658 1674 728 1728; x_wconf 79' lang='grc' dir='ltr'>δὲ</span> <span class='ocrx_word' id='word_1_110' title='bbox 764 1675 1024 1742; x_wconf 73' lang='grc' dir='ltr'>δούλους</span> <span class='ocrx_word' id='word_1_111' title='bbox 1057 1673 1225 1744; x_wconf 78' lang='grc' dir='ltr'>ὑμῶν</span> <span class='ocrx_word' id='word_1_112' title='bbox 1255 1673 1354 1728; x_wconf 82' lang='grc' dir='ltr'>διὰ</span> <span class='ocrx_word' id='word_1_113' title='bbox 1394 1675 1652 1742; x_wconf 82' lang='grc' dir='ltr'>Ἰησοῦν.</span> 
     </span>
    </p>
   </div>
   <div class='ocr_carea' id='block_1_15' title="bbox 75 1769 1654 1843">
    <p class='ocr_par' dir='ltr' id='par_1_15' title="bbox 75 1769 1654 1843">
     <span class='ocr_line' id='line_1_15' title="bbox 75 1769 1654 1843; baseline 0.001 -19"><span class='ocrx_word' id='word_1_114' title='bbox 75 1773 262 1837; x_wconf 81' lang='grc' dir='ltr'>Γέλως</span> <span class='ocrx_word' id='word_1_115' title='bbox 293 1772 461 1825; x_wconf 84' lang='grc' dir='ltr'>ταῦτα</span> <span class='ocrx_word' id='word_1_116' title='bbox 492 1771 586 1824; x_wconf 71' lang='grc' dir='ltr'>καὶ</span> <span class='ocrx_word' id='word_1_117' title='bbox 615 1771 874 1843; x_wconf 83' lang='grc' dir='ltr'>φλυαρία.</span> <span class='ocrx_word' id='word_1_118' title='bbox 915 1769 1243 1826; x_wconf 80' lang='grc' dir='ltr'>Ἐκένωσεν</span> <span class='ocrx_word' id='word_1_119' title='bbox 1269 1773 1512 1840; x_wconf 77' lang='grc' dir='ltr'>ἑαυτὸν,</span> <span class='ocrx_word' id='word_1_120' title='bbox 1550 1791 1654 1843; x_wconf 79' lang='grc' dir='ltr'>φη-</span> 
     </span>
    </p>
   </div>
   <div class='ocr_carea' id='block_1_16' title="bbox 76 1867 1653 1939">
    <p class='ocr_par' dir='ltr' id='par_1_16' title="bbox 76 1867 1653 1939">
     <span class='ocr_line' id='line_1_16' title="bbox 76 1867 1653 1939; baseline -0.001 -16"><span class='ocrx_word' id='word_1_121' title='bbox 76 1871 150 1924; x_wconf 87' lang='grc' dir='ltr'>σί.</span> <span class='ocrx_word' id='word_1_122' title='bbox 186 1869 320 1932; x_wconf 85' lang='grc' dir='ltr'>Πῶς</span> <span class='ocrx_word' id='word_1_123' title='bbox 349 1868 629 1932; x_wconf 75' lang='grc' dir='ltr'>ἐκένωσεν,</span> <span class='ocrx_word' id='word_1_124' title='bbox 658 1868 798 1933; x_wconf 75' lang='grc' dir='ltr'>εἰπὲ,</span> <span class='ocrx_word' id='word_1_125' title='bbox 831 1867 926 1922; x_wconf 78' lang='grc' dir='ltr'>καὶ</span> <span class='ocrx_word' id='word_1_126' title='bbox 948 1867 1059 1937; x_wconf 87' lang='grc' dir='ltr'>τίή</span> <span class='ocrx_word' id='word_1_127' title='bbox 1101 1868 1367 1935; x_wconf 83' lang='grc' dir='ltr'>κένωσις;</span> <span class='ocrx_word' id='word_1_128' title='bbox 1406 1870 1499 1922; x_wconf 84' lang='grc' dir='ltr'>καὶ</span> <span class='ocrx_word' id='word_1_129' title='bbox 1536 1869 1588 1922; x_wconf 86' lang='grc' dir='ltr'>τί</span> <span class='ocrx_word' id='word_1_130' title='bbox 1619 1870 1653 1939; x_wconf 84' lang='grc' dir='ltr'>ἠ</span> 
     </span>
    </p>
   </div>
   <div class='ocr_carea' id='block_1_17' title="bbox 73 1963 1656 2036">
    <p class='ocr_par' dir='ltr' id='par_1_17' title="bbox 73 1963 1656 2036">
     <span class='ocr_line' id='line_1_17' title="bbox 73 1963 1656 2036; baseline 0.002 -19"><span class='ocrx_word' id='word_1_131' title='bbox 73 1965 441 2028; x_wconf 73' lang='grc' dir='ltr'>ταπείνωσιςς</span> <span class='ocrx_word' id='word_1_132' title='bbox 508 1963 541 2034; x_wconf 77' lang='grc' dir='ltr'>ἢ</span> <span class='ocrx_word' id='word_1_133' title='bbox 589 1964 775 2035; x_wconf 83' lang='grc' dir='ltr'>ἐπειδὴ</span> <span class='ocrx_word' id='word_1_134' title='bbox 826 1963 1076 2034; x_wconf 86' lang='grc' dir='ltr'>θαύματα</span> <span class='ocrx_word' id='word_1_135' title='bbox 1121 1966 1452 2036; x_wconf 75' lang='grc' dir='ltr'>είργάσατος</span> <span class='ocrx_word' id='word_1_136' title='bbox 1494 1966 1656 2020; x_wconf 83' lang='grc' dir='ltr'>Ἀλλὰ</span> 
     </span>
    </p>
   </div>
   <div class='ocr_carea' id='block_1_18' title="bbox 73 2061 1654 2133">
    <p class='ocr_par' dir='ltr' id='par_1_18' title="bbox 73 2061 1654 2133">
     <span class='ocr_line' id='line_1_18' title="bbox 73 2061 1654 2133; baseline 0.001 -19"><span class='ocrx_word' id='word_1_137' title='bbox 73 2063 239 2115; x_wconf 86' lang='grc' dir='ltr'>τοῦτο</span> <span class='ocrx_word' id='word_1_138' title='bbox 263 2061 485 2132; x_wconf 83' lang='grc' dir='ltr'>ἐποίησε</span> <span class='ocrx_word' id='word_1_139' title='bbox 514 2061 609 2114; x_wconf 69' lang='grc' dir='ltr'>καὶ</span> <span class='ocrx_word' id='word_1_140' title='bbox 637 2061 869 2124; x_wconf 78' lang='grc' dir='ltr'>Παῦλος,</span> <span class='ocrx_word' id='word_1_141' title='bbox 904 2062 997 2114; x_wconf 77' lang='grc' dir='ltr'>καὶ</span> <span class='ocrx_word' id='word_1_142' title='bbox 1028 2061 1254 2133; x_wconf 80' lang='grc' dir='ltr'>Πέτρος,</span> <span class='ocrx_word' id='word_1_143' title='bbox 1293 2061 1435 2115; x_wconf 87' lang='grc' dir='ltr'>ὥστε</span> <span class='ocrx_word' id='word_1_144' title='bbox 1465 2063 1526 2115; x_wconf 86' lang='grc' dir='ltr'>οὑ</span> <span class='ocrx_word' id='word_1_145' title='bbox 1557 2061 1654 2116; x_wconf 89' lang='grc' dir='ltr'>τοῦ</span> 
     </span>
    </p>
   </div>
   <div class='ocr_carea' id='block_1_19' title="bbox 78 2154 1656 2230">
    <p class='ocr_par' dir='ltr' id='par_1_19' title="bbox 78 2154 1656 2230">
     <span class='ocr_line' id='line_1_19' title="bbox 78 2154 1656 2230; baseline -0.001 -16"><span class='ocrx_word' id='word_1_146' title='bbox 78 2159 209 2214; x_wconf 81' lang='grc' dir='ltr'>Υίοῦ</span> <span class='ocrx_word' id='word_1_147' title='bbox 255 2158 417 2213; x_wconf 81' lang='grc' dir='ltr'>τοῦτο</span> <span class='ocrx_word' id='word_1_148' title='bbox 461 2159 757 2229; x_wconf 79' lang='grc' dir='ltr'>ἐξαίρετον.</span> <span class='ocrx_word' id='word_1_149' title='bbox 799 2159 863 2210; x_wconf 92' lang='grc' dir='ltr'>Τί</span> <span class='ocrx_word' id='word_1_150' title='bbox 909 2154 1001 2212; x_wconf 84' lang='grc' dir='ltr'>οὑν</span> <span class='ocrx_word' id='word_1_151' title='bbox 1049 2161 1195 2212; x_wconf 85' lang='grc' dir='ltr'>ἐστιν</span> <span class='ocrx_word' id='word_1_152' title='bbox 1239 2159 1268 2213; x_wconf 86' lang='grc' dir='ltr'><strong>ὅ</strong></span> <span class='ocrx_word' id='word_1_153' title='bbox 1309 2176 1494 2230; x_wconf 82' lang='grc' dir='ltr'>φησιν,</span> <span class='ocrx_word' id='word_1_154' title='bbox 1559 2159 1656 2214; x_wconf 79' lang='grc' dir='ltr'><em>Ἐν</em></span> 
     </span>
    </p>
   </div>
   <div class='ocr_carea' id='block_1_20' title="bbox 77 2252 1657 2330">
    <p class='ocr_par' dir='ltr' id='par_1_20' title="bbox 77 2252 1657 2330">
     <span class='ocr_line' id='line_1_20' title="bbox 77 2252 1657 2330; baseline -0.002 -16"><span class='ocrx_word' id='word_1_155' title='bbox 77 2259 396 2330; x_wconf 76' lang='grc' dir='ltr'>ὁμοιώματι</span> <span class='ocrx_word' id='word_1_156' title='bbox 420 2256 754 2325; x_wconf 77' lang='grc' dir='ltr'>’ἀνθρώπων</span> <span class='ocrx_word' id='word_1_157' title='bbox 785 2259 1147 2326; x_wconf 77' lang='grc' dir='ltr'>γενόμενος;</span> <span class='ocrx_word' id='word_1_158' title='bbox 1175 2256 1349 2311; x_wconf 84' lang='grc' dir='ltr'>Πολλά</span> <span class='ocrx_word' id='word_1_159' title='bbox 1384 2257 1482 2329; x_wconf 85' lang='grc' dir='ltr'>μὲν</span> <span class='ocrx_word' id='word_1_160' title='bbox 1511 2252 1657 2328; x_wconf 80' lang='grc' dir='ltr'>εἶχεν</span> 
     </span>
    </p>
   </div>
   <div class='ocr_carea' id='block_1_21' title="bbox 76 2345 1656 2425">
    <p class='ocr_par' dir='ltr' id='par_1_21' title="bbox 76 2345 1656 2425">
     <span class='ocr_line' id='line_1_21' title="bbox 76 2345 1656 2425; baseline -0.001 -18"><span class='ocrx_word' id='word_1_161' title='bbox 76 2353 347 2425; x_wconf 77' lang='grc' dir='ltr'>ἡμέτερα,</span> <span class='ocrx_word' id='word_1_162' title='bbox 371 2352 541 2406; x_wconf 84' lang='grc' dir='ltr'>πολλὰ</span> <span class='ocrx_word' id='word_1_163' title='bbox 563 2352 619 2406; x_wconf 85' lang='grc' dir='ltr'>δὲ</span> <span class='ocrx_word' id='word_1_164' title='bbox 647 2351 746 2405; x_wconf 88' lang='grc' dir='ltr'>οὑκ</span> <span class='ocrx_word' id='word_1_165' title='bbox 773 2348 921 2422; x_wconf 71' lang='grc' dir='ltr'>εἶχεν</span> <span class='ocrx_word' id='word_1_166' title='bbox 940 2367 956 2383; x_wconf 76' lang='grc' dir='ltr'><strong><em>ο</em></strong></span> <span class='ocrx_word' id='word_1_167' title='bbox 985 2345 1096 2405; x_wconf 79' lang='grc' dir='ltr'>οἷον</span> <span class='ocrx_word' id='word_1_168' title='bbox 1120 2351 1226 2404; x_wconf 81' lang='grc' dir='ltr'>άπὸ</span> <span class='ocrx_word' id='word_1_169' title='bbox 1253 2351 1537 2416; x_wconf 82' lang='grc' dir='ltr'>συνουσίας</span> <span class='ocrx_word' id='word_1_170' title='bbox 1555 2351 1656 2406; x_wconf 82' lang='grc' dir='ltr'>οὑκ</span> 
     </span>
    </p>
   </div>
   <div class='ocr_carea' id='block_1_22' title="bbox 75 2443 1658 2520">
    <p class='ocr_par' dir='ltr' id='par_1_22' title="bbox 75 2443 1658 2520">
     <span class='ocr_line' id='line_1_22' title="bbox 75 2443 1658 2520; baseline -0.001 -17"><span class='ocrx_word' id='word_1_171' title='bbox 75 2450 299 2520; x_wconf 85' lang='grc' dir='ltr'>ἐτέχθη,</span> <span class='ocrx_word' id='word_1_172' title='bbox 339 2443 452 2503; x_wconf 73' lang='grc' dir='ltr'>οἷον</span> <span class='ocrx_word' id='word_1_173' title='bbox 481 2447 756 2520; x_wconf 82' lang='grc' dir='ltr'>ἁμαρτίαν</span> <span class='ocrx_word' id='word_1_174' title='bbox 786 2447 886 2501; x_wconf 84' lang='grc' dir='ltr'>οὑκ</span> <span class='ocrx_word' id='word_1_175' title='bbox 912 2447 1155 2518; x_wconf 82' lang='grc' dir='ltr'>ἐποίησε.</span> <span class='ocrx_word' id='word_1_176' title='bbox 1188 2447 1376 2503; x_wconf 83' lang='grc' dir='ltr'>Ταῦτα</span> <span class='ocrx_word' id='word_1_177' title='bbox 1412 2447 1658 2520; x_wconf 82' lang='grc' dir='ltr'>ὑπῆρχεν</span> 
     </span>
    </p>
   </div>
   <div class='ocr_carea' id='block_1_23' title="bbox 75 2541 1658 2620">
    <p class='ocr_par' dir='ltr' id='par_1_23' title="bbox 75 2541 1658 2620">
     <span class='ocr_line' id='line_1_23' title="bbox 75 2541 1658 2620; baseline -0.001 -18"><span class='ocrx_word' id='word_1_178' title='bbox 75 2548 251 2620; x_wconf 79' lang='grc' dir='ltr'>αὑτῷ,</span> <span class='ocrx_word' id='word_1_179' title='bbox 277 2548 313 2603; x_wconf 75' lang='grc' dir='ltr'>ἃ.</span> <span class='ocrx_word' id='word_1_180' title='bbox 343 2547 534 2620; x_wconf 72' lang='grc' dir='ltr'>μηδενὶ</span> <span class='ocrx_word' id='word_1_181' title='bbox 558 2546 666 2600; x_wconf 87' lang='grc' dir='ltr'>τῶν</span> <span class='ocrx_word' id='word_1_182' title='bbox 689 2544 1008 2618; x_wconf 85' lang='grc' dir='ltr'>ἀνθρώπων.</span> <span class='ocrx_word' id='word_1_183' title='bbox 1038 2547 1150 2599; x_wconf 86' lang='grc' dir='ltr'>Οὑκ</span> <span class='ocrx_word' id='word_1_184' title='bbox 1180 2541 1247 2618; x_wconf 80' lang='grc' dir='ltr'>ἦν</span> <span class='ocrx_word' id='word_1_185' title='bbox 1288 2547 1350 2599; x_wconf 91' lang='grc' dir='ltr'>τὸ</span> <span class='ocrx_word' id='word_1_186' title='bbox 1399 2548 1658 2617; x_wconf 84' lang='grc' dir='ltr'>φαινόμε-</span> 
     </span>
    </p>
   </div>
   <div class='ocr_carea' id='block_1_24' title="bbox 75 2641 1660 2718">
    <p class='ocr_par' dir='ltr' id='par_1_24' title="bbox 75 2641 1660 2718">
     <span class='ocr_line' id='line_1_24' title="bbox 75 2641 1660 2718; baseline -0.002 -19"><span class='ocrx_word' id='word_1_187' title='bbox 75 2662 164 2699; x_wconf 87' lang='grc' dir='ltr'>νον</span> <span class='ocrx_word' id='word_1_188' title='bbox 194 2646 384 2718; x_wconf 84' lang='grc' dir='ltr'>μόνον,</span> <span class='ocrx_word' id='word_1_189' title='bbox 409 2643 547 2699; x_wconf 75' lang='grc' dir='ltr'>ἀλλὰ</span> <span class='ocrx_word' id='word_1_190' title='bbox 573 2645 666 2698; x_wconf 75' lang='grc' dir='ltr'>καὶ</span> <span class='ocrx_word' id='word_1_191' title='bbox 691 2641 844 2706; x_wconf 90' lang='grc' dir='ltr'>Θεός.</span> <span class='ocrx_word' id='word_1_192' title='bbox 883 2642 1166 2712; x_wconf 83' lang='grc' dir='ltr'>Ἐφαίνετο</span> <span class='ocrx_word' id='word_1_193' title='bbox 1193 2643 1293 2715; x_wconf 84' lang='grc' dir='ltr'>μὲν</span> <span class='ocrx_word' id='word_1_194' title='bbox 1312 2642 1422 2713; x_wconf 88' lang='grc' dir='ltr'>γὰρ</span> <span class='ocrx_word' id='word_1_195' title='bbox 1450 2642 1660 2716; x_wconf 77' lang='grc' dir='ltr'>ἄνθρω-</span> 
     </span>
    </p>
   </div>
   <div class='ocr_carea' id='block_1_25' title="bbox 77 2743 1660 2817">
    <p class='ocr_par' dir='ltr' id='par_1_25' title="bbox 77 2743 1660 2817">
     <span class='ocr_line' id='line_1_25' title="bbox 77 2743 1660 2817; baseline -0.001 -17"><span class='ocrx_word' id='word_1_196' title='bbox 77 2765 200 2810; x_wconf 84' lang='grc' dir='ltr'>πος,</span> <span class='ocrx_word' id='word_1_197' title='bbox 226 2747 330 2800; x_wconf 89' lang='grc' dir='ltr'>οὑκ</span> <span class='ocrx_word' id='word_1_198' title='bbox 351 2743 418 2817; x_wconf 76' lang='grc' dir='ltr'>ἦν</span> <span class='ocrx_word' id='word_1_199' title='bbox 448 2746 504 2798; x_wconf 79' lang='grc' dir='ltr'>δὲ</span> <span class='ocrx_word' id='word_1_200' title='bbox 528 2747 639 2808; x_wconf 88' lang='grc' dir='ltr'>τοῖς</span> <span class='ocrx_word' id='word_1_201' title='bbox 672 2743 884 2807; x_wconf 84' lang='grc' dir='ltr'>πολλοῖς</span> <span class='ocrx_word' id='word_1_202' title='bbox 916 2743 1119 2814; x_wconf 84' lang='grc' dir='ltr'>ὅμοιος,</span> <span class='ocrx_word' id='word_1_203' title='bbox 1144 2744 1193 2796; x_wconf 83' lang='grc' dir='ltr'>εἰ</span> <span class='ocrx_word' id='word_1_204' title='bbox 1232 2744 1326 2797; x_wconf 65' lang='grc' dir='ltr'>καῖ¹</span> <span class='ocrx_word' id='word_1_205' title='bbox 1354 2743 1456 2814; x_wconf 80' lang='grc' dir='ltr'>τὴν</span> <span class='ocrx_word' id='word_1_206' title='bbox 1483 2744 1660 2816; x_wconf 83' lang='grc' dir='ltr'>σάρκα</span> 
     </span>
    </p>
   </div>
   <div class='ocr_carea' id='block_1_26' title="bbox 75 2836 1658 2916">
    <p class='ocr_par' dir='ltr' id='par_1_26' title="bbox 75 2836 1658 2916">
     <span class='ocr_line' id='line_1_26' title="bbox 75 2836 1658 2916; baseline -0.004 -16"><span class='ocrx_word' id='word_1_207' title='bbox 75 2848 269 2916; x_wconf 77' lang='grc' dir='ltr'>ὅμοιος</span> <span class='ocrx_word' id='word_1_208' title='bbox 297 2841 388 2916; x_wconf 78' lang='grc' dir='ltr'>ἦν.</span> <span class='ocrx_word' id='word_1_209' title='bbox 419 2842 591 2896; x_wconf 88' lang='grc' dir='ltr'>Τοῦτο</span> <span class='ocrx_word' id='word_1_210' title='bbox 615 2839 710 2896; x_wconf 83' lang='grc' dir='ltr'>οὖν</span> <span class='ocrx_word' id='word_1_211' title='bbox 745 2841 915 2910; x_wconf 90' lang='grc' dir='ltr'>λέγει,</span> <span class='ocrx_word' id='word_1_212' title='bbox 946 2841 1029 2894; x_wconf 82' lang='grc' dir='ltr'>ὅτι</span> <span class='ocrx_word' id='word_1_213' title='bbox 1052 2841 1152 2894; x_wconf 88' lang='grc' dir='ltr'>οὑκ</span> <span class='ocrx_word' id='word_1_214' title='bbox 1176 2836 1244 2914; x_wconf 79' lang='grc' dir='ltr'>ἦν</span> <span class='ocrx_word' id='word_1_215' title='bbox 1271 2840 1423 2911; x_wconf 75' lang='grc' dir='ltr'>ψιλὸς</span> <span class='ocrx_word' id='word_1_216' title='bbox 1447 2841 1658 2912; x_wconf 83' lang='grc' dir='ltr'>ἄνθρω-</span> 
     </span>
    </p>
   </div>
   <div class='ocr_carea' id='block_1_27' title="bbox 79 2939 1658 3015">
    <p class='ocr_par' dir='ltr' id='par_1_27' title="bbox 79 2939 1658 3015">
     <span class='ocr_line' id='line_1_27' title="bbox 79 2939 1658 3015; baseline -0.002 -16"><span class='ocrx_word' id='word_1_217' title='bbox 79 2964 214 3008; x_wconf 81' lang='grc' dir='ltr'>πος·</span> <span class='ocrx_word' id='word_1_218' title='bbox 258 2944 346 2998; x_wconf 74' lang='grc' dir='ltr'>διὰ</span> <span class='ocrx_word' id='word_1_219' title='bbox 372 2943 527 2997; x_wconf 79' lang='grc' dir='ltr'>τοῦτό</span> <span class='ocrx_word' id='word_1_220' title='bbox 557 2961 740 3015; x_wconf 79' lang='grc' dir='ltr'>φησιν,</span> <span class='ocrx_word' id='word_1_221' title='bbox 805 2943 910 2995; x_wconf 78' lang='grc' dir='ltr'>Ἐν</span> <span class='ocrx_word' id='word_1_222' title='bbox 957 2939 1270 3011; x_wconf 81' lang='grc' dir='ltr'>ὁμοιώματι</span> <span class='ocrx_word' id='word_1_223' title='bbox 1312 2939 1658 3010; x_wconf 72' lang='grc' dir='ltr'>ἀνθρώπων.</span> 
     </span>
    </p>
   </div>
   <div class='ocr_carea' id='block_1_28' title="bbox 88 3037 1658 3113">
    <p class='ocr_par' dir='ltr' id='par_1_28' title="bbox 88 3037 1658 3113">
     <span class='ocr_line' id='line_1_28' title="bbox 88 3037 1658 3113; baseline -0.001 -17"><span class='ocrx_word' id='word_1_224' title='bbox 88 3044 292 3113; x_wconf 80' lang='grc' dir='ltr'>Ἡμεῖς</span> <span class='ocrx_word' id='word_1_225' title='bbox 317 3042 414 3112; x_wconf 78' lang='grc' dir='ltr'>μὲν</span> <span class='ocrx_word' id='word_1_226' title='bbox 449 3040 594 3110; x_wconf 79' lang='grc' dir='ltr'>ψυχὴ</span> <span class='ocrx_word' id='word_1_227' title='bbox 624 3041 718 3093; x_wconf 75' lang='grc' dir='ltr'>καὶ</span> <span class='ocrx_word' id='word_1_228' title='bbox 753 3038 915 3108; x_wconf 81' lang='grc' dir='ltr'>σῶμά</span> <span class='ocrx_word' id='word_1_229' title='bbox 939 3040 1105 3108; x_wconf 83' lang='grc' dir='ltr'>ἐσμεν</span> <span class='ocrx_word' id='word_1_230' title='bbox 1135 3055 1149 3068; x_wconf 90' lang='grc'><strong>·</strong></span> <span class='ocrx_word' id='word_1_231' title='bbox 1183 3039 1389 3101; x_wconf 81' lang='grc' dir='ltr'>ἐκεῖνος</span> <span class='ocrx_word' id='word_1_232' title='bbox 1420 3037 1477 3091; x_wconf 84' lang='grc' dir='ltr'>δὲ</span> <span class='ocrx_word' id='word_1_233' title='bbox 1505 3037 1658 3103; x_wconf 79' lang='grc' dir='ltr'>Θεὸς,</span> 
     </span>
    </p>
   </div>
   <div class='ocr_carea' id='block_1_29' title="bbox 75 3133 1661 3210">
    <p class='ocr_par' dir='ltr' id='par_1_29' title="bbox 75 3133 1661 3210">
     <span class='ocr_line' id='line_1_29' title="bbox 75 3133 1661 3210; baseline -0.006 -14"><span class='ocrx_word' id='word_1_234' title='bbox 75 3143 172 3196; x_wconf 75' lang='grc' dir='ltr'>καὶ</span> <span class='ocrx_word' id='word_1_235' title='bbox 207 3138 386 3210; x_wconf 67' lang='grc' dir='ltr'>ψυχὴ,</span> <span class='ocrx_word' id='word_1_236' title='bbox 428 3139 523 3192; x_wconf 72' lang='grc' dir='ltr'>καὶ</span> <span class='ocrx_word' id='word_1_237' title='bbox 553 3137 732 3207; x_wconf 84' lang='grc' dir='ltr'>σῶμα.</span> <span class='ocrx_word' id='word_1_238' title='bbox 779 3137 877 3189; x_wconf 80' lang='grc' dir='ltr'>Διά</span> <span class='ocrx_word' id='word_1_239' title='bbox 913 3135 1072 3189; x_wconf 86' lang='grc' dir='ltr'>τοῦτό</span> <span class='ocrx_word' id='word_1_240' title='bbox 1107 3153 1291 3207; x_wconf 81' lang='grc' dir='ltr'>φησιν,</span> <span class='ocrx_word' id='word_1_241' title='bbox 1325 3136 1430 3189; x_wconf 79' lang='grc' dir='ltr'>Ἐν</span> <span class='ocrx_word' id='word_1_242' title='bbox 1457 3133 1661 3204; x_wconf 81' lang='grc' dir='ltr'>ὁμοιώ-</span> 
     </span>
    </p>
   </div>
   <div class='ocr_carea' id='block_1_30' title="bbox 68 3231 1660 3309">
    <p class='ocr_par' dir='ltr' id='par_1_30' title="bbox 68 3231 1660 3309">
     <span class='ocr_line' id='line_1_30' title="bbox 68 3231 1660 3309; baseline -0.005 -17"><span class='ocrx_word' id='word_1_243' title='bbox 68 3256 240 3309; x_wconf 82' lang='grc' dir='ltr'>ματι.</span> <span class='ocrx_word' id='word_1_244' title='bbox 269 3238 386 3289; x_wconf 89' lang='grc' dir='ltr'>Ἵνα</span> <span class='ocrx_word' id='word_1_245' title='bbox 413 3235 522 3307; x_wconf 85' lang='grc' dir='ltr'>γὰρ</span> <span class='ocrx_word' id='word_1_246' title='bbox 543 3234 618 3305; x_wconf 71' lang='grc' dir='ltr'>μὴ</span> <span class='ocrx_word' id='word_1_247' title='bbox 645 3233 904 3296; x_wconf 84' lang='grc' dir='ltr'>ἀκούσας,</span> <span class='ocrx_word' id='word_1_248' title='bbox 927 3233 1008 3286; x_wconf 79' lang='grc' dir='ltr'>ὅτι</span> <span class='ocrx_word' id='word_1_249' title='bbox 1060 3231 1394 3287; x_wconf 78' lang='grc' dir='ltr'>Ἐκένωσεν</span> <span class='ocrx_word' id='word_1_250' title='bbox 1420 3231 1660 3296; x_wconf 77' lang='grc' dir='ltr'>ἑαυτὸν,</span> 
     </span>
    </p>
   </div>
   <div class='ocr_carea' id='block_1_31' title="bbox 76 3327 1662 3405">
    <p class='ocr_par' dir='ltr' id='par_1_31' title="bbox 76 3327 1662 3405">
     <span class='ocr_line' id='line_1_31' title="bbox 76 3327 1662 3405; baseline -0.004 -17"><span class='ocrx_word' id='word_1_251' title='bbox 76 3333 394 3405; x_wconf 78' lang='grc' dir='ltr'>μεταϐολὴν</span> <span class='ocrx_word' id='word_1_252' title='bbox 419 3330 648 3404; x_wconf 76' lang='grc' dir='ltr'>νομίσῃς</span> <span class='ocrx_word' id='word_1_253' title='bbox 691 3330 787 3383; x_wconf 71' lang='grc' dir='ltr'>καὶ</span> <span class='ocrx_word' id='word_1_254' title='bbox 833 3329 1182 3400; x_wconf 81' lang='grc' dir='ltr'>μετάπτωσιν</span> <span class='ocrx_word' id='word_1_255' title='bbox 1215 3329 1309 3382; x_wconf 70' lang='grc' dir='ltr'>καὶ</span> <span class='ocrx_word' id='word_1_256' title='bbox 1355 3327 1662 3398; x_wconf 74' lang='grc' dir='ltr'>ἀφανισμόν</span> 
     </span>
    </p>
   </div>
   <div class='ocr_carea' id='block_1_32' title="bbox 72 3420 1663 3498">
    <p class='ocr_par' dir='ltr' id='par_1_32' title="bbox 72 3420 1663 3498">
     <span class='ocr_line' id='line_1_32' title="bbox 72 3420 1663 3498; baseline -0.003 -16"><span class='ocrx_word' id='word_1_257' title='bbox 72 3448 224 3496; x_wconf 85' lang='grc' dir='ltr'>τινα,</span> <span class='ocrx_word' id='word_1_258' title='bbox 251 3429 468 3492; x_wconf 82' lang='grc' dir='ltr'>Μένων,</span> <span class='ocrx_word' id='word_1_259' title='bbox 493 3427 678 3498; x_wconf 76' lang='grc' dir='ltr'>φησὶν,</span> <span class='ocrx_word' id='word_1_260' title='bbox 711 3424 740 3477; x_wconf 88' lang='grc' dir='ltr'><strong>ὃ</strong></span> <span class='ocrx_word' id='word_1_261' title='bbox 767 3420 858 3495; x_wconf 76' lang='grc' dir='ltr'>ἦν,</span> <span class='ocrx_word' id='word_1_262' title='bbox 891 3424 1082 3478; x_wconf 75' lang='grc' dir='ltr'>ἐλαϐεν</span> <span class='ocrx_word' id='word_1_263' title='bbox 1110 3425 1139 3478; x_wconf 85' lang='lat'>6</span> <span class='ocrx_word' id='word_1_264' title='bbox 1164 3425 1264 3479; x_wconf 86' lang='grc' dir='ltr'>οὑκ</span> <span class='ocrx_word' id='word_1_265' title='bbox 1283 3423 1373 3493; x_wconf 82' lang='grc' dir='ltr'>ἦν,</span> <span class='ocrx_word' id='word_1_266' title='bbox 1401 3424 1496 3477; x_wconf 76' lang='grc' dir='ltr'>καὶ</span> <span class='ocrx_word' id='word_1_267' title='bbox 1525 3424 1663 3494; x_wconf 80' lang='grc' dir='ltr'>σὰρξ</span> 
     </span>
    </p>
   </div>
   <div class='ocr_carea' id='block_1_33' title="bbox 73 3526 1028 3603">
    <p class='ocr_par' dir='ltr' id='par_1_33' title="bbox 73 3526 1028 3603">
     <span class='ocr_line' id='line_1_33' title="bbox 73 3526 1028 3603; baseline -0.006 -16"><span class='ocrx_word' id='word_1_268' title='bbox 73 3534 375 3603; x_wconf 82' lang='grc' dir='ltr'>γενόμενος</span> <span class='ocrx_word' id='word_1_269' title='bbox 398 3530 558 3601; x_wconf 75' lang='grc' dir='ltr'>ἔμενε</span> <span class='ocrx_word' id='word_1_270' title='bbox 586 3527 718 3591; x_wconf 89' lang='grc' dir='ltr'>Θεὸς</span> <span class='ocrx_word' id='word_1_271' title='bbox 741 3529 908 3595; x_wconf 85' lang='grc' dir='ltr'>Λόγος</span> <span class='ocrx_word' id='word_1_272' title='bbox 933 3526 1028 3581; x_wconf 77' lang='grc' dir='ltr'>ὢν.</span> 
     </span>
    </p>
   </div>
   <div class='ocr_carea' id='block_1_34' title="bbox 146 3750 1666 3830">
    <p class='ocr_par' dir='ltr' id='par_1_34' title="bbox 146 3750 1666 3830">
     <span class='ocr_line' id='line_1_34' title="bbox 146 3750 1666 3830; baseline -0.007 -16"><span class='ocrx_word' id='word_1_273' title='bbox 146 3758 403 3830; x_wconf 70' lang='grc' dir='ltr'>’[’.Ἵιστε</span> <span class='ocrx_word' id='word_1_274' title='bbox 423 3754 565 3810; x_wconf 80' lang='grc' dir='ltr'>κατὰ</span> <span class='ocrx_word' id='word_1_275' title='bbox 590 3753 744 3809; x_wconf 82' lang='grc' dir='ltr'>τοῦτο</span> <span class='ocrx_word' id='word_1_276' title='bbox 759 3755 943 3825; x_wconf 84' lang='grc' dir='ltr'>ὅμοιος</span> <span class='ocrx_word' id='word_1_277' title='bbox 965 3752 1061 3806; x_wconf 87' lang='grc' dir='ltr'>άνθ</span> <span class='ocrx_word' id='word_1_278' title='bbox 1071 3751 1256 3823; x_wconf 83' lang='grc' dir='ltr'>ρώπῳ,</span> <span class='ocrx_word' id='word_1_279' title='bbox 1277 3753 1370 3805; x_wconf 80' lang='grc' dir='ltr'>καὶ</span> <span class='ocrx_word' id='word_1_280' title='bbox 1386 3751 1473 3805; x_wconf 76' lang='grc' dir='ltr'>διὰ</span> <span class='ocrx_word' id='word_1_281' title='bbox 1505 3750 1666 3804; x_wconf 83' lang='grc' dir='ltr'>τοῦτό</span> 
     </span>
    </p>
   </div>
   <div class='ocr_carea' id='block_1_35' title="bbox 75 3849 1664 3928">
    <p class='ocr_par' dir='ltr' id='par_1_35' title="bbox 75 3849 1664 3928">
     <span class='ocr_line' id='line_1_35' title="bbox 75 3849 1664 3928; baseline -0.009 -14"><span class='ocrx_word' id='word_1_282' title='bbox 75 3875 218 3928; x_wconf 65' lang='grc' dir='ltr'>φησι</span> <span class='ocrx_word' id='word_1_283' title='bbox 254 3853 430 3927; x_wconf 66' lang='lat'>[248],</span> <span class='ocrx_word' id='word_1_284' title='bbox 471 3852 580 3907; x_wconf 76' lang='grc' dir='ltr'>Καὶ</span> <span class='ocrx_word' id='word_1_285' title='bbox 614 3851 878 3922; x_wconf 82' lang='grc' dir='ltr'>σχήματι</span> <span class='ocrx_word' id='word_1_286' title='bbox 905 3867 918 3878; x_wconf 82' lang='grc'><strong>’</strong></span> <span class='ocrx_word' id='word_1_287' title='bbox 967 3849 1027 3903; x_wconf 88' lang='grc' dir='ltr'>οὑ</span> <span class='ocrx_word' id='word_1_288' title='bbox 1067 3850 1227 3904; x_wconf 90' lang='grc' dir='ltr'>τοῦτο</span> <span class='ocrx_word' id='word_1_289' title='bbox 1279 3850 1475 3919; x_wconf 88' lang='grc' dir='ltr'>λέγων,</span> <span class='ocrx_word' id='word_1_290' title='bbox 1519 3850 1597 3903; x_wconf 82' lang='grc' dir='ltr'>ὅτι</span> <span class='ocrx_word' id='word_1_291' title='bbox 1631 3850 1664 3922; x_wconf 86' lang='grc' dir='ltr'>ή</span> 
     </span>
    </p>
   </div>
   <div class='ocr_carea' id='block_1_36' title="bbox 75 3943 1666 4026">
    <p class='ocr_par' dir='ltr' id='par_1_36' title="bbox 75 3943 1666 4026">
     <span class='ocr_line' id='line_1_36' title="bbox 75 3943 1666 4026; baseline -0.006 -18"><span class='ocrx_word' id='word_1_292' title='bbox 75 3954 252 4026; x_wconf 77' lang='grc' dir='ltr'>φύσις</span> <span class='ocrx_word' id='word_1_293' title='bbox 283 3951 602 4024; x_wconf 85' lang='grc' dir='ltr'>μετέπεσεν,</span> <span class='ocrx_word' id='word_1_294' title='bbox 637 3949 758 4002; x_wconf 80' lang='grc' dir='ltr'>οὑδὲ</span> <span class='ocrx_word' id='word_1_295' title='bbox 799 3947 1060 4018; x_wconf 84' lang='grc' dir='ltr'>σύγχυσίς</span> <span class='ocrx_word' id='word_1_296' title='bbox 1109 3965 1195 4011; x_wconf 87' lang='grc' dir='ltr'>τις</span> <span class='ocrx_word' id='word_1_297' title='bbox 1244 3946 1482 4016; x_wconf 88' lang='grc' dir='ltr'>ἐγένετο,</span> <span class='ocrx_word' id='word_1_298' title='bbox 1528 3943 1666 3998; x_wconf 75' lang='grc' dir='ltr'>ἀλλὰ</span> 
     </span>
    </p>
   </div>
   <div class='ocr_carea' id='block_1_37' title="bbox 78 4040 1667 4121">
    <p class='ocr_par' dir='ltr' id='par_1_37' title="bbox 78 4040 1667 4121">
     <span class='ocr_line' id='line_1_37' title="bbox 78 4040 1667 4121; baseline -0.005 -19"><span class='ocrx_word' id='word_1_299' title='bbox 78 4051 332 4121; x_wconf 79' lang='grc' dir='ltr'>σχήματι</span> <span class='ocrx_word' id='word_1_300' title='bbox 353 4045 586 4113; x_wconf 82' lang='grc' dir='ltr'>ἐγένετο.</span> <span class='ocrx_word' id='word_1_301' title='bbox 612 4042 794 4098; x_wconf 85' lang='grc' dir='ltr'>Εἰπὼν</span> <span class='ocrx_word' id='word_1_302' title='bbox 817 4044 948 4115; x_wconf 77' lang='grc' dir='ltr'>γάρ,</span> <span class='ocrx_word' id='word_1_303' title='bbox 979 4044 1060 4096; x_wconf 79' lang='grc' dir='ltr'>ὅτι</span> <span class='ocrx_word' id='word_1_304' title='bbox 1083 4042 1312 4114; x_wconf 74' lang='grc' dir='ltr'>Μορφὴν</span> <span class='ocrx_word' id='word_1_305' title='bbox 1329 4042 1515 4095; x_wconf 89' lang='grc' dir='ltr'>δούλου</span> <span class='ocrx_word' id='word_1_306' title='bbox 1546 4040 1667 4094; x_wconf 78' lang='grc' dir='ltr'>ἔλα-</span> 
     </span>
    </p>
   </div>
   <div class='ocr_carea' id='block_1_38' title="bbox 78 4138 1664 4215">
    <p class='ocr_par' dir='ltr' id='par_1_38' title="bbox 78 4138 1664 4215">
     <span class='ocr_line' id='line_1_38' title="bbox 78 4138 1664 4215; baseline -0.004 -17"><span class='ocrx_word' id='word_1_307' title='bbox 78 4149 201 4213; x_wconf 80' lang='grc' dir='ltr'>εεν,</span> <span class='ocrx_word' id='word_1_308' title='bbox 230 4144 504 4215; x_wconf 77' lang='grc' dir='ltr'>ἐθάρσησε</span> <span class='ocrx_word' id='word_1_309' title='bbox 552 4141 737 4194; x_wconf 87' lang='grc' dir='ltr'>λοιπὸν</span> <span class='ocrx_word' id='word_1_310' title='bbox 774 4141 869 4194; x_wconf 77' lang='grc' dir='ltr'>καὶ</span> <span class='ocrx_word' id='word_1_311' title='bbox 901 4138 1058 4192; x_wconf 88' lang='grc' dir='ltr'>τοῦτο</span> <span class='ocrx_word' id='word_1_312' title='bbox 1096 4139 1293 4202; x_wconf 75' lang='grc' dir='ltr'>εἰπεῖν,</span> <span class='ocrx_word' id='word_1_313' title='bbox 1343 4139 1417 4202; x_wconf 89' lang='grc' dir='ltr'>ώς</span> <span class='ocrx_word' id='word_1_314' title='bbox 1451 4139 1664 4193; x_wconf 86' lang='grc' dir='ltr'>ἐκείνου</span> 
     </span>
    </p>
   </div>
   <div class='ocr_carea' id='block_1_39' title="bbox 77 4235 1667 4310">
    <p class='ocr_par' dir='ltr' id='par_1_39' title="bbox 77 4235 1667 4310">
     <span class='ocr_line' id='line_1_39' title="bbox 77 4235 1667 4310; baseline 0.009 -33"><span class='ocrx_word' id='word_1_315' title='bbox 77 4244 300 4304; x_wconf 65' lang='grc' dir='ltr'>πάντας</span> <span class='ocrx_word' id='word_1_316' title='bbox 342 4238 807 4309; x_wconf 71' lang='grc' dir='ltr'>ἐπιστομίζοντος.</span> <span class='ocrx_word' id='word_1_317' title='bbox 861 4237 1015 4291; x_wconf 80' lang='grc' dir='ltr'>Ἐπεὶ</span> <span class='ocrx_word' id='word_1_318' title='bbox 1055 4236 1148 4289; x_wconf 77' lang='grc' dir='ltr'>καὶ</span> <span class='ocrx_word' id='word_1_319' title='bbox 1192 4236 1320 4289; x_wconf 84' lang='grc' dir='ltr'>ὅταν</span> <span class='ocrx_word' id='word_1_320' title='bbox 1363 4235 1519 4310; x_wconf 88' lang='grc' dir='ltr'>λέγῃ,</span> <span class='ocrx_word' id='word_1_321' title='bbox 1564 4237 1667 4291; x_wconf 69' lang='grc' dir='ltr'>Ἐν</span> 
     </span>
    </p>
   </div>
   <div class='ocr_carea' id='block_1_40' title="bbox 76 4330 1665 4409">
    <p class='ocr_par' dir='ltr' id='par_1_40' title="bbox 76 4330 1665 4409">
     <span class='ocr_line' id='line_1_40' title="bbox 76 4330 1665 4409; baseline -0.005 -17"><span class='ocrx_word' id='word_1_322' title='bbox 76 4337 406 4409; x_wconf 79' lang='grc' dir='ltr'>ὁμοιώματι</span> <span class='ocrx_word' id='word_1_323' title='bbox 439 4333 665 4402; x_wconf 83' lang='grc' dir='ltr'>σαρκὸς</span> <span class='ocrx_word' id='word_1_324' title='bbox 713 4333 1020 4404; x_wconf 80' lang='grc' dir='ltr'>ἁμαρτίας,</span> <span class='ocrx_word' id='word_1_325' title='bbox 1060 4332 1125 4384; x_wconf 91' lang='grc' dir='ltr'>οὑ</span> <span class='ocrx_word' id='word_1_326' title='bbox 1163 4330 1321 4385; x_wconf 88' lang='grc' dir='ltr'>τοῦτό</span> <span class='ocrx_word' id='word_1_327' title='bbox 1361 4349 1548 4403; x_wconf 79' lang='grc' dir='ltr'>φησιν,</span> <span class='ocrx_word' id='word_1_328' title='bbox 1582 4333 1665 4385; x_wconf 84' lang='grc' dir='ltr'>ὅτι</span> 
     </span>
    </p>
   </div>
   <div class='ocr_carea' id='block_1_41' title="bbox 78 4428 1670 4507">
    <p class='ocr_par' dir='ltr' id='par_1_41' title="bbox 78 4428 1670 4507">
     <span class='ocr_line' id='line_1_41' title="bbox 78 4428 1670 4507; baseline -0.004 -19"><span class='ocrx_word' id='word_1_329' title='bbox 78 4439 280 4507; x_wconf 74' lang='grc' dir='ltr'>σάρκα</span> <span class='ocrx_word' id='word_1_330' title='bbox 309 4434 408 4487; x_wconf 81' lang='grc' dir='ltr'>οὑκ</span> <span class='ocrx_word' id='word_1_331' title='bbox 429 4429 596 4502; x_wconf 76' lang='grc' dir='ltr'>εἶχεν,</span> <span class='ocrx_word' id='word_1_332' title='bbox 630 4429 745 4484; x_wconf 85' lang='grc' dir='ltr'>ἀλλ’</span> <span class='ocrx_word' id='word_1_333' title='bbox 770 4431 851 4484; x_wconf 86' lang='grc' dir='ltr'>ὅτι</span> <span class='ocrx_word' id='word_1_334' title='bbox 880 4432 914 4500; x_wconf 87' lang='grc' dir='ltr'>ή</span> <span class='ocrx_word' id='word_1_335' title='bbox 957 4428 1094 4500; x_wconf 75' lang='grc' dir='ltr'>σὰρξ</span> <span class='ocrx_word' id='word_1_336' title='bbox 1127 4429 1312 4498; x_wconf 78' lang='grc' dir='ltr'>ἐκείνη</span> <span class='ocrx_word' id='word_1_337' title='bbox 1355 4429 1452 4498; x_wconf 86' lang='grc' dir='ltr'>οὑχ</span> <span class='ocrx_word' id='word_1_338' title='bbox 1484 4429 1670 4498; x_wconf 81' lang='grc' dir='ltr'>ἦμαρ-</span> 
     </span>
    </p>
   </div>
   <div class='ocr_carea' id='block_1_42' title="bbox 75 4524 1665 4600">
    <p class='ocr_par' dir='ltr' id='par_1_42' title="bbox 75 4524 1665 4600">
     <span class='ocr_line' id='line_1_42' title="bbox 75 4524 1665 4600; baseline -0.003 -17"><span class='ocrx_word' id='word_1_339' title='bbox 75 4550 208 4597; x_wconf 58' lang='lat' dir='ltr'>cev,</span> <span class='ocrx_word' id='word_1_340' title='bbox 243 4531 358 4585; x_wconf 82' lang='grc' dir='ltr'>ἀλλ’</span> <span class='ocrx_word' id='word_1_341' title='bbox 399 4530 553 4600; x_wconf 83' lang='grc' dir='ltr'>ὁμοία</span> <span class='ocrx_word' id='word_1_342' title='bbox 597 4524 666 4600; x_wconf 80' lang='grc' dir='ltr'>ἦν</span> <span class='ocrx_word' id='word_1_343' title='bbox 697 4530 764 4599; x_wconf 80' lang='grc' dir='ltr'>τῇ</span> <span class='ocrx_word' id='word_1_344' title='bbox 806 4524 1135 4598; x_wconf 80' lang='grc' dir='ltr'>ἁμαρτωλῷ.</span> <span class='ocrx_word' id='word_1_345' title='bbox 1184 4525 1342 4578; x_wconf 80' lang='grc' dir='ltr'>Κατὰ</span> <span class='ocrx_word' id='word_1_346' title='bbox 1376 4525 1427 4579; x_wconf 89' lang='grc' dir='ltr'>τί</span> <span class='ocrx_word' id='word_1_347' title='bbox 1468 4527 1665 4596; x_wconf 76' lang='grc' dir='ltr'>ὁμοίας</span> 
     </span>
    </p>
   </div>
   <div class='ocr_carea' id='block_1_43' title="bbox 80 4622 1670 4699">
    <p class='ocr_par' dir='ltr' id='par_1_43' title="bbox 80 4622 1670 4699">
     <span class='ocr_line' id='line_1_43' title="bbox 80 4622 1670 4699; baseline -0.004 -14"><span class='ocrx_word' id='word_1_348' title='bbox 80 4631 256 4685; x_wconf 79' lang='grc' dir='ltr'>Κατὰ</span> <span class='ocrx_word' id='word_1_349' title='bbox 300 4628 400 4699; x_wconf 78' lang='grc' dir='ltr'>τὴν</span> <span class='ocrx_word' id='word_1_350' title='bbox 442 4627 626 4697; x_wconf 80' lang='grc' dir='ltr'>φύσιν,</span> <span class='ocrx_word' id='word_1_351' title='bbox 672 4626 736 4680; x_wconf 87' lang='grc' dir='ltr'>οὑ</span> <span class='ocrx_word' id='word_1_352' title='bbox 779 4627 919 4680; x_wconf 78' lang='grc' dir='ltr'>κατὰ</span> <span class='ocrx_word' id='word_1_353' title='bbox 955 4623 1055 4695; x_wconf 81' lang='grc' dir='ltr'>τὴν</span> <span class='ocrx_word' id='word_1_354' title='bbox 1094 4622 1296 4678; x_wconf 85' lang='grc' dir='ltr'>κακίαν</span> <span class='ocrx_word' id='word_1_355' title='bbox 1321 4639 1335 4653; x_wconf 79' lang='grc'><strong><em>⁸</em></strong></span> <span class='ocrx_word' id='word_1_356' title='bbox 1375 4622 1464 4677; x_wconf 84' lang='grc' dir='ltr'>διὰ</span> <span class='ocrx_word' id='word_1_357' title='bbox 1510 4623 1670 4678; x_wconf 89' lang='grc' dir='ltr'>τοῦτο</span> 
     </span>
    </p>
   </div>
   <div class='ocr_carea' id='block_1_44' title="bbox 75 4712 1669 4799">
    <p class='ocr_par' dir='ltr' id='par_1_44' title="bbox 75 4712 1669 4799">
     <span class='ocr_line' id='line_1_44' title="bbox 75 4712 1669 4799; baseline -0.008 -17"><span class='ocrx_word' id='word_1_358' title='bbox 75 4729 256 4799; x_wconf 81' lang='grc' dir='ltr'>ὁμοία</span> <span class='ocrx_word' id='word_1_359' title='bbox 281 4723 606 4796; x_wconf 82' lang='grc' dir='ltr'>άμαρτωλοῦ</span> <span class='ocrx_word' id='word_1_360' title='bbox 638 4721 835 4792; x_wconf 72' lang='grc' dir='ltr'>ψυχῆς.</span> <span class='ocrx_word' id='word_1_361' title='bbox 864 4719 1078 4789; x_wconf 80' lang='grc' dir='ltr'>’Ὥσπερ</span> <span class='ocrx_word' id='word_1_362' title='bbox 1105 4712 1198 4771; x_wconf 82' lang='grc' dir='ltr'>οὖν</span> <span class='ocrx_word' id='word_1_363' title='bbox 1233 4719 1350 4770; x_wconf 86' lang='grc' dir='ltr'>ἐκεῖ</span> <span class='ocrx_word' id='word_1_364' title='bbox 1380 4718 1444 4770; x_wconf 87' lang='grc' dir='ltr'>τὸ</span> <span class='ocrx_word' id='word_1_365' title='bbox 1484 4718 1669 4785; x_wconf 84' lang='grc' dir='ltr'>ὅμοιον</span> 
     </span>
    </p>
   </div>
   <div class='ocr_carea' id='block_1_45' title="bbox 74 4805 1668 4884">
    <p class='ocr_par' dir='ltr' id='par_1_45' title="bbox 74 4805 1668 4884">
     <span class='ocr_line' id='line_1_45' title="bbox 74 4805 1668 4884; baseline -0.008 -14"><span class='ocrx_word' id='word_1_366' title='bbox 74 4816 174 4870; x_wconf 78' lang='grc' dir='ltr'>διά</span> <span class='ocrx_word' id='word_1_367' title='bbox 188 4815 252 4868; x_wconf 86' lang='grc' dir='ltr'>τὸ</span> <span class='ocrx_word' id='word_1_368' title='bbox 271 4815 346 4884; x_wconf 84' lang='grc' dir='ltr'>μὴ</span> <span class='ocrx_word' id='word_1_369' title='bbox 365 4812 543 4866; x_wconf 89' lang='grc' dir='ltr'>πάντα</span> <span class='ocrx_word' id='word_1_370' title='bbox 560 4806 700 4864; x_wconf 79' lang='grc' dir='ltr'>εἶναι</span> <span class='ocrx_word' id='word_1_371' title='bbox 729 4809 862 4872; x_wconf 76' lang='grc' dir='ltr'>ἴσον,</span> <span class='ocrx_word' id='word_1_372' title='bbox 885 4808 1026 4860; x_wconf 73' lang='grc' dir='ltr'>οὑτω</span> <span class='ocrx_word' id='word_1_373' title='bbox 1040 4806 1134 4860; x_wconf 75' lang='grc' dir='ltr'>καὶ</span> <span class='ocrx_word' id='word_1_374' title='bbox 1159 4805 1392 4858; x_wconf 78' lang='grc' dir='ltr'>ἐνταῦθα</span> <span class='ocrx_word' id='word_1_375' title='bbox 1419 4806 1668 4876; x_wconf 85' lang='grc' dir='ltr'>ὁμοίωμα</span> 
     </span>
    </p>
   </div>
   <div class='ocr_carea' id='block_1_46' title="bbox 71 4900 1668 4981">
    <p class='ocr_par' dir='ltr' id='par_1_46' title="bbox 71 4900 1668 4981">
     <span class='ocr_line' id='line_1_46' title="bbox 71 4900 1668 4981; baseline -0.006 -14"><span class='ocrx_word' id='word_1_376' title='bbox 71 4915 170 4968; x_wconf 70' lang='grc' dir='ltr'>διὰ</span> <span class='ocrx_word' id='word_1_377' title='bbox 207 4913 270 4966; x_wconf 87' lang='grc' dir='ltr'>τὸ</span> <span class='ocrx_word' id='word_1_378' title='bbox 302 4912 377 4981; x_wconf 79' lang='grc' dir='ltr'>μὴ</span> <span class='ocrx_word' id='word_1_379' title='bbox 416 4910 594 4963; x_wconf 85' lang='grc' dir='ltr'>πάντα</span> <span class='ocrx_word' id='word_1_380' title='bbox 623 4904 760 4961; x_wconf 81' lang='grc' dir='ltr'>εἶναι</span> <span class='ocrx_word' id='word_1_381' title='bbox 796 4908 920 4961; x_wconf 76' lang='grc' dir='ltr'>ίσαο</span> <span class='ocrx_word' id='word_1_382' title='bbox 953 4900 1064 4958; x_wconf 73' lang='grc' dir='ltr'>οἷον</span> <span class='ocrx_word' id='word_1_383' title='bbox 1088 4904 1148 4958; x_wconf 87' lang='grc' dir='ltr'>τὸ</span> <span class='ocrx_word' id='word_1_384' title='bbox 1176 4903 1250 4975; x_wconf 87' lang='grc' dir='ltr'>μὴ</span> <span class='ocrx_word' id='word_1_385' title='bbox 1287 4905 1351 4957; x_wconf 84' lang='grc' dir='ltr'>ἐκ</span> <span class='ocrx_word' id='word_1_386' title='bbox 1381 4903 1668 4967; x_wconf 81' lang='grc' dir='ltr'>συνουσίας</span> 
     </span>
    </p>
   </div>
   <div class='ocr_carea' id='block_1_47' title="bbox 71 4999 1666 5080">
    <p class='ocr_par' dir='ltr' id='par_1_47' title="bbox 71 4999 1666 5080">
     <span class='ocr_line' id='line_1_47' title="bbox 71 4999 1666 5080; baseline -0.007 -18"><span class='ocrx_word' id='word_1_387' title='bbox 71 5013 138 5063; x_wconf 78' lang='grc' dir='ltr'>τὸ</span> <span class='ocrx_word' id='word_1_388' title='bbox 171 5008 347 5080; x_wconf 50' lang='grc' dir='ltr'>χωρξ</span> <span class='ocrx_word' id='word_1_389' title='bbox 386 5004 684 5077; x_wconf 82' lang='grc' dir='ltr'>ἁμαρτίας,</span> <span class='ocrx_word' id='word_1_390' title='bbox 713 5004 774 5057; x_wconf 91' lang='grc' dir='ltr'>τὸ</span> <span class='ocrx_word' id='word_1_391' title='bbox 803 5005 877 5074; x_wconf 81' lang='grc' dir='ltr'>μὴ</span> <span class='ocrx_word' id='word_1_392' title='bbox 906 5002 1059 5073; x_wconf 74' lang='grc' dir='ltr'>ψιλὸν</span> <span class='ocrx_word' id='word_1_393' title='bbox 1090 4999 1397 5071; x_wconf 76' lang='grc' dir='ltr'>ἄνθρωπον.</span> <span class='ocrx_word' id='word_1_394' title='bbox 1430 5000 1544 5053; x_wconf 74' lang='grc' dir='ltr'>Καὶ</span> <span class='ocrx_word' id='word_1_395' title='bbox 1563 5017 1666 5052; x_wconf 87' lang='grc' dir='ltr'>κα-</span> 
     </span>
    </p>
   </div>
   <div class='ocr_carea' id='block_1_48' title="bbox 71 5091 1668 5169">
    <p class='ocr_par' dir='ltr' id='par_1_48' title="bbox 71 5091 1668 5169">
     <span class='ocr_line' id='line_1_48' title="bbox 71 5091 1668 5169; baseline -0.005 -11"><span class='ocrx_word' id='word_1_396' title='bbox 71 5107 192 5168; x_wconf 78' lang='grc' dir='ltr'>λῶς</span> <span class='ocrx_word' id='word_1_397' title='bbox 225 5098 408 5167; x_wconf 75' lang='grc' dir='ltr'>εἶπεν,</span> <span class='ocrx_word' id='word_1_398' title='bbox 458 5102 557 5167; x_wconf 84' lang='grc' dir='ltr'>Ὠς</span> <span class='ocrx_word' id='word_1_399' title='bbox 588 5101 899 5169; x_wconf 81' lang='grc' dir='ltr'>ἄνθρωπος</span> <span class='ocrx_word' id='word_1_400' title='bbox 924 5117 937 5129; x_wconf 91' lang='grc'><strong>·</strong></span> <span class='ocrx_word' id='word_1_401' title='bbox 970 5099 1032 5151; x_wconf 90' lang='grc' dir='ltr'>οὑ</span> <span class='ocrx_word' id='word_1_402' title='bbox 1063 5097 1172 5168; x_wconf 85' lang='grc' dir='ltr'>γὰρ</span> <span class='ocrx_word' id='word_1_403' title='bbox 1195 5092 1262 5168; x_wconf 80' lang='grc' dir='ltr'>ἦν</span> <span class='ocrx_word' id='word_1_404' title='bbox 1288 5091 1370 5160; x_wconf 78' lang='grc' dir='ltr'>εἷς</span> <span class='ocrx_word' id='word_1_405' title='bbox 1398 5095 1508 5150; x_wconf 83' lang='grc' dir='ltr'>τῶν</span> <span class='ocrx_word' id='word_1_406' title='bbox 1535 5096 1668 5150; x_wconf 85' lang='grc' dir='ltr'>πολ-</span> 
     </span>
    </p>
   </div>
   <div class='ocr_carea' id='block_1_49' title="bbox 72 5193 1668 5266">
    <p class='ocr_par' dir='ltr' id='par_1_49' title="bbox 72 5193 1668 5266">
     <span class='ocr_line' id='line_1_49' title="bbox 72 5193 1668 5266; baseline -0.005 -11"><span class='ocrx_word' id='word_1_407' title='bbox 72 5203 219 5266; x_wconf 79' lang='grc' dir='ltr'>λῶν,</span> <span class='ocrx_word' id='word_1_408' title='bbox 251 5201 368 5256; x_wconf 76' lang='grc' dir='ltr'>ἀλλ’</span> <span class='ocrx_word' id='word_1_409' title='bbox 395 5201 470 5265; x_wconf 84' lang='grc' dir='ltr'>ὡς</span> <span class='ocrx_word' id='word_1_410' title='bbox 503 5195 584 5262; x_wconf 76' lang='grc' dir='ltr'>εἷς</span> <span class='ocrx_word' id='word_1_411' title='bbox 607 5199 716 5251; x_wconf 82' lang='grc' dir='ltr'>τῶν</span> <span class='ocrx_word' id='word_1_412' title='bbox 757 5197 985 5252; x_wconf 80' lang='grc' dir='ltr'>πολλῶν.</span> <span class='ocrx_word' id='word_1_413' title='bbox 1012 5197 1086 5249; x_wconf 86' lang='grc' dir='ltr'>Οὑ</span> <span class='ocrx_word' id='word_1_414' title='bbox 1115 5195 1224 5266; x_wconf 80' lang='grc' dir='ltr'>γάρ</span> <span class='ocrx_word' id='word_1_415' title='bbox 1254 5197 1334 5257; x_wconf 73' lang='grc' dir='ltr'>εἰς</span> <span class='ocrx_word' id='word_1_416' title='bbox 1382 5193 1668 5266; x_wconf 77' lang='grc' dir='ltr'>ἄνθρωπον</span> 
     </span>
    </p>
   </div>
   <div class='ocr_carea' id='block_1_50' title="bbox 75 5294 1666 5374">
    <p class='ocr_par' dir='ltr' id='par_1_50' title="bbox 75 5294 1666 5374">
     <span class='ocr_line' id='line_1_50' title="bbox 75 5294 1666 5374; baseline -0.006 -19"><span class='ocrx_word' id='word_1_417' title='bbox 75 5301 394 5374; x_wconf 77' lang='grc' dir='ltr'>μετέπεσεν</span> <span class='ocrx_word' id='word_1_418' title='bbox 447 5299 478 5350; x_wconf 90' lang='lat'>6</span> <span class='ocrx_word' id='word_1_419' title='bbox 530 5298 663 5360; x_wconf 88' lang='grc' dir='ltr'>Θεὸς</span> <span class='ocrx_word' id='word_1_420' title='bbox 711 5298 902 5367; x_wconf 82' lang='grc' dir='ltr'>Λόγος,</span> <span class='ocrx_word' id='word_1_421' title='bbox 957 5296 1285 5360; x_wconf 70' lang='grc' dir='ltr'>οὑδὲ-..οὐσία</span> <span class='ocrx_word' id='word_1_422' title='bbox 1339 5294 1666 5365; x_wconf 77' lang='grc' dir='ltr'>μετεϐλήθη,</span> 
     </span>
    </p>
   </div>
   <div class='ocr_carea' id='block_1_51' title="bbox 73 5391 1667 5467">
    <p class='ocr_par' dir='ltr' id='par_1_51' title="bbox 73 5391 1667 5467">
     <span class='ocr_line' id='line_1_51' title="bbox 73 5391 1667 5467; baseline -0.004 -16"><span class='ocrx_word' id='word_1_423' title='bbox 73 5399 200 5451; x_wconf 76' lang='grc' dir='ltr'>ἀλλ’</span> <span class='ocrx_word' id='word_1_424' title='bbox 258 5396 336 5459; x_wconf 82' lang='grc' dir='ltr'>ὡς</span> <span class='ocrx_word' id='word_1_425' title='bbox 367 5395 650 5467; x_wconf 75' lang='grc' dir='ltr'>ἄνθρωπος</span> <span class='ocrx_word' id='word_1_426' title='bbox 684 5395 878 5464; x_wconf 80' lang='grc' dir='ltr'>ἐφάνη,</span> <span class='ocrx_word' id='word_1_427' title='bbox 911 5393 970 5446; x_wconf 88' lang='grc' dir='ltr'>οὑ</span> <span class='ocrx_word' id='word_1_428' title='bbox 1017 5391 1464 5460; x_wconf 86' lang='grc' dir='ltr'>φαντασιοκοπῶν</span> <span class='ocrx_word' id='word_1_429' title='bbox 1498 5392 1667 5462; x_wconf 78' lang='grc' dir='ltr'>ἡμᾶς,</span> 
     </span>
    </p>
   </div>
   <div class='ocr_carea' id='block_1_52' title="bbox 71 5483 1666 5561">
    <p class='ocr_par' dir='ltr' id='par_1_52' title="bbox 71 5483 1666 5561">
     <span class='ocr_line' id='line_1_52' title="bbox 71 5483 1666 5561; baseline -0.006 -12"><span class='ocrx_word' id='word_1_430' title='bbox 71 5495 221 5550; x_wconf 73' lang='grc' dir='ltr'>ἀλλὰ</span> <span class='ocrx_word' id='word_1_431' title='bbox 247 5492 519 5547; x_wconf 80' lang='grc' dir='ltr'>παιδεύων</span> <span class='ocrx_word' id='word_1_432' title='bbox 552 5492 630 5554; x_wconf 80' lang='grc' dir='ltr'>εἰς</span> <span class='ocrx_word' id='word_1_433' title='bbox 653 5489 1171 5561; x_wconf 82' lang='grc' dir='ltr'>ταπεινοφροσύνην.</span> <span class='ocrx_word' id='word_1_434' title='bbox 1197 5489 1363 5542; x_wconf 89' lang='grc' dir='ltr'>Ὅταν</span> <span class='ocrx_word' id='word_1_435' title='bbox 1395 5483 1487 5542; x_wconf 77' lang='grc' dir='ltr'>οὖν</span> <span class='ocrx_word' id='word_1_436' title='bbox 1516 5489 1666 5560; x_wconf 73' lang='grc' dir='ltr'>εἴπῃ,</span> 
     </span>
    </p>
   </div>
   <div class='ocr_carea' id='block_1_53' title="bbox 83 5588 1669 5664">
    <p class='ocr_par' dir='ltr' id='par_1_53' title="bbox 83 5588 1669 5664">
     <span class='ocr_line' id='line_1_53' title="bbox 83 5588 1669 5664; baseline -0.007 -12"><span class='ocrx_word' id='word_1_437' title='bbox 83 5599 193 5664; x_wconf 85' lang='grc' dir='ltr'>Ὠς</span> <span class='ocrx_word' id='word_1_438' title='bbox 245 5594 564 5661; x_wconf 76' lang='grc' dir='ltr'>ἄνθρωπος</span> <span class='ocrx_word' id='word_1_439' title='bbox 591 5633 606 5655; x_wconf 95' lang='grc'>,</span> <span class='ocrx_word' id='word_1_440' title='bbox 663 5589 822 5644; x_wconf 92' lang='grc' dir='ltr'>τοῦτό</span> <span class='ocrx_word' id='word_1_441' title='bbox 864 5607 1028 5660; x_wconf 80' lang='grc' dir='ltr'>φησιν</span> <span class='ocrx_word' id='word_1_442' title='bbox 1067 5605 1081 5620; x_wconf 77' lang='grc'><strong><em>⁸</em></strong></span> <span class='ocrx_word' id='word_1_443' title='bbox 1128 5589 1250 5642; x_wconf 76' lang='grc' dir='ltr'>ἐπεὶ</span> <span class='ocrx_word' id='word_1_444' title='bbox 1295 5589 1391 5642; x_wconf 68' lang='grc' dir='ltr'>καὶ</span> <span class='ocrx_word' id='word_1_445' title='bbox 1438 5588 1669 5660; x_wconf 87' lang='grc' dir='ltr'>ἀλλαχοῦ</span> 
     </span>
    </p>
   </div>
   <div class='ocr_carea' id='block_1_54' title="bbox 73 5681 1669 5764">
    <p class='ocr_par' dir='ltr' id='par_1_54' title="bbox 73 5681 1669 5764">
     <span class='ocr_line' id='line_1_54' title="bbox 73 5681 1669 5764; baseline -0.003 -18"><span class='ocrx_word' id='word_1_446' title='bbox 73 5711 255 5764; x_wconf 71' lang='grc' dir='ltr'>φησιν</span> <span class='ocrx_word' id='word_1_447' title='bbox 297 5691 461 5745; x_wconf 86' lang='grc' dir='ltr'>αὑτὸν</span> <span class='ocrx_word' id='word_1_448' title='bbox 503 5689 807 5759; x_wconf 75' lang='grc' dir='ltr'>ἄνθρωπον,</span> <span class='ocrx_word' id='word_1_449' title='bbox 840 5689 968 5742; x_wconf 82' lang='grc' dir='ltr'>ὅταν</span> <span class='ocrx_word' id='word_1_450' title='bbox 1009 5686 1170 5759; x_wconf 82' lang='grc' dir='ltr'>λέγῃ·</span> <span class='ocrx_word' id='word_1_451' title='bbox 1205 5681 1310 5752; x_wconf 85' lang='grc' dir='ltr'>Εἷς</span> <span class='ocrx_word' id='word_1_452' title='bbox 1350 5686 1514 5754; x_wconf 83' lang='grc' dir='ltr'>Θεὸς,</span> <span class='ocrx_word' id='word_1_453' title='bbox 1572 5687 1669 5741; x_wconf 77' lang='grc' dir='ltr'>καί</span> 
     </span>
    </p>
   </div>
   <div class='ocr_carea' id='block_1_55' title="bbox 71 5783 1667 5870">
    <p class='ocr_par' dir='ltr' id='par_1_55' title="bbox 71 5783 1667 5870">
     <span class='ocr_line' id='line_1_55' title="bbox 71 5783 1667 5870; baseline -0.003 -24"><span class='ocrx_word' id='word_1_454' title='bbox 71 5787 170 5870; x_wconf 75' lang='grc' dir='ltr'>εἷς</span> <span class='ocrx_word' id='word_1_455' title='bbox 202 5791 463 5862; x_wconf 76' lang='grc' dir='ltr'>μεσίτης</span> <span class='ocrx_word' id='word_1_456' title='bbox 496 5789 807 5856; x_wconf 77' lang='grc' dir='ltr'>ἅνθρωπος</span> <span class='ocrx_word' id='word_1_457' title='bbox 847 5783 1100 5856; x_wconf 83' lang='grc' dir='ltr'>Χριστὸς</span> <span class='ocrx_word' id='word_1_458' title='bbox 1144 5785 1400 5855; x_wconf 82' lang='grc' dir='ltr'>Ἰησοῦς.</span> <span class='ocrx_word' id='word_1_459' title='bbox 1439 5786 1667 5859; x_wconf 84' lang='grc' dir='ltr'>Εἴρηται</span> 
     </span>
    </p>
   </div>
   <div class='ocr_carea' id='block_1_56' title="bbox 900 393 2406 458">
    <p class='ocr_par' dir='ltr' id='par_1_56' title="bbox 900 393 2406 458">
     <span class='ocr_line' id='line_1_56' title="bbox 900 393 2406 458; baseline 0.003 -6"><span class='ocrx_word' id='word_1_460' title='bbox 900 397 968 453; x_wconf 77' lang='lat' dir='ltr'>IN</span> <span class='ocrx_word' id='word_1_461' title='bbox 1010 397 1228 456; x_wconf 85' lang='lat' dir='ltr'><strong>EPIST.</strong></span> <span class='ocrx_word' id='word_1_462' title='bbox 1273 399 1361 454; x_wconf 82' lang='lat' dir='ltr'>AD</span> <span class='ocrx_word' id='word_1_463' title='bbox 1402 393 1691 454; x_wconf 78' lang='lat' dir='ltr'>PlllLIPP.</span> <span class='ocrx_word' id='word_1_464' title='bbox 1733 398 1885 454; x_wconf 73' lang='lat' dir='ltr'>CAP.</span> <span class='ocrx_word' id='word_1_465' title='bbox 1925 400 1991 454; x_wconf 88' lang='grc'>11.</span> <span class='ocrx_word' id='word_1_466' title='bbox 2035 400 2266 458; x_wconf 70' lang='grc' dir='ltr'>ΠΟΜΠ..</span> <span class='ocrx_word' id='word_1_467' title='bbox 2296 402 2406 458; x_wconf 72' lang='grc' dir='ltr'>γη.</span> 
     </span>
    </p>
   </div>
   <div class='ocr_carea' id='block_1_57' title="bbox 3216 413 3326 470">
    <p class='ocr_par' dir='ltr' id='par_1_57' title="bbox 3216 413 3326 470">
     <span class='ocr_line' id='line_1_57' title="bbox 3216 413 3326 470; baseline -0.018 0"><span class='ocrx_word' id='word_1_468' title='bbox 3216 413 3326 470; x_wconf 64' lang='lat'>9.3!</span> 
     </span>
    </p>
   </div>
   <div class='ocr_carea' id='block_1_58' title="bbox 1758 514 3326 597">
    <p class='ocr_par' dir='ltr' id='par_1_58' title="bbox 1758 514 3326 597">
     <span class='ocr_line' id='line_1_58' title="bbox 1758 514 3326 597; baseline 0.01 -30"><span class='ocrx_word' id='word_1_469' title='bbox 1758 514 1888 585; x_wconf 77' lang='grc' dir='ltr'>ἡμῖν</span> <span class='ocrx_word' id='word_1_470' title='bbox 1916 518 2008 571; x_wconf 78' lang='grc' dir='ltr'>καὶ</span> <span class='ocrx_word' id='word_1_471' title='bbox 2033 519 2103 572; x_wconf 83' lang='grc' dir='ltr'>τὰ</span> <span class='ocrx_word' id='word_1_472' title='bbox 2138 520 2273 591; x_wconf 84' lang='grc' dir='ltr'>πρὸς</span> <span class='ocrx_word' id='word_1_473' title='bbox 2297 521 2519 585; x_wconf 85' lang='grc' dir='ltr'>τούτους</span> <span class='ocrx_word' id='word_1_474' title='bbox 2548 541 2560 554; x_wconf 90' lang='grc'><strong>·</strong></span> <span class='ocrx_word' id='word_1_475' title='bbox 2595 523 2692 576; x_wconf 70' lang='grc' dir='ltr'>καὶ</span> <span class='ocrx_word' id='word_1_476' title='bbox 2729 525 2864 595; x_wconf 84' lang='grc' dir='ltr'>πρὸς</span> <span class='ocrx_word' id='word_1_477' title='bbox 2888 525 3014 590; x_wconf 82' lang='grc' dir='ltr'>τοὺς</span> <span class='ocrx_word' id='word_1_478' title='bbox 3041 525 3116 597; x_wconf 84' lang='grc' dir='ltr'>μὴ</span> <span class='ocrx_word' id='word_1_479' title='bbox 3139 524 3326 596; x_wconf 82' lang='grc' dir='ltr'>λέγον-</span> 
     </span>
    </p>
   </div>
   <div class='ocr_carea' id='block_1_59' title="bbox 1754 611 3323 696">
    <p class='ocr_par' dir='ltr' id='par_1_59' title="bbox 1754 611 3323 696">
     <span class='ocr_line' id='line_1_59' title="bbox 1754 611 3323 696; baseline 0.01 -34"><span class='ocrx_word' id='word_1_480' title='bbox 1754 626 1850 674; x_wconf 87' lang='grc' dir='ltr'>τας</span> <span class='ocrx_word' id='word_1_481' title='bbox 1879 611 1936 666; x_wconf 86' lang='grc' dir='ltr'>δὲ</span> <span class='ocrx_word' id='word_1_482' title='bbox 1964 613 2311 684; x_wconf 81' lang='grc' dir='ltr'>ἀνειληφέναι</span> <span class='ocrx_word' id='word_1_483' title='bbox 2349 618 2548 688; x_wconf 78' lang='grc' dir='ltr'>ψυχὴν,</span> <span class='ocrx_word' id='word_1_484' title='bbox 2595 620 2892 689; x_wconf 77' lang='grc' dir='ltr'>ἀναγκαῖον</span> <span class='ocrx_word' id='word_1_485' title='bbox 2937 623 3132 676; x_wconf 85' lang='grc' dir='ltr'>είπεῖν·</span> <span class='ocrx_word' id='word_1_486' title='bbox 3181 624 3244 678; x_wconf 79' lang='lat' dir='ltr'>El</span> <span class='ocrx_word' id='word_1_487' title='bbox 3289 626 3323 696; x_wconf 77' lang='grc' dir='ltr'><strong>ἡ</strong></span> 
     </span>
    </p>
   </div>
   <div class='ocr_carea' id='block_1_60' title="bbox 1758 707 3326 791">
    <p class='ocr_par' dir='ltr' id='par_1_60' title="bbox 1758 707 3326 791">
     <span class='ocr_line' id='line_1_60' title="bbox 1758 707 3326 791; baseline 0.01 -32"><span class='ocrx_word' id='word_1_488' title='bbox 1758 707 1938 780; x_wconf 77' lang='grc' dir='ltr'>μορφὴ</span> <span class='ocrx_word' id='word_1_489' title='bbox 1967 709 2058 763; x_wconf 90' lang='grc' dir='ltr'>τοῦ</span> <span class='ocrx_word' id='word_1_490' title='bbox 2090 711 2226 765; x_wconf 89' lang='grc' dir='ltr'>Θεοῦ</span> <span class='ocrx_word' id='word_1_491' title='bbox 2254 712 2462 778; x_wconf 83' lang='grc' dir='ltr'>τέλειος</span> <span class='ocrx_word' id='word_1_492' title='bbox 2481 715 2632 782; x_wconf 88' lang='grc' dir='ltr'>Θεὸς,</span> <span class='ocrx_word' id='word_1_493' title='bbox 2663 718 2759 771; x_wconf 74' lang='grc' dir='ltr'>καὶ</span> <span class='ocrx_word' id='word_1_494' title='bbox 2795 719 2829 790; x_wconf 81' lang='grc' dir='ltr'>ὴ</span> <span class='ocrx_word' id='word_1_495' title='bbox 2873 719 3056 791; x_wconf 77' lang='grc' dir='ltr'>μορφὴ</span> <span class='ocrx_word' id='word_1_496' title='bbox 3078 719 3172 773; x_wconf 90' lang='grc' dir='ltr'>τοῦ</span> <span class='ocrx_word' id='word_1_497' title='bbox 3201 721 3326 775; x_wconf 68' lang='grc' dir='ltr'>δούς</span> 
     </span>
    </p>
   </div>
   <div class='ocr_carea' id='block_1_61' title="bbox 1755 801 3324 886">
    <p class='ocr_par' dir='ltr' id='par_1_61' title="bbox 1755 801 3324 886">
     <span class='ocr_line' id='line_1_61' title="bbox 1755 801 3324 886; baseline 0.011 -32"><span class='ocrx_word' id='word_1_498' title='bbox 1755 801 1848 856; x_wconf 88' lang='grc' dir='ltr'>λου</span> <span class='ocrx_word' id='word_1_499' title='bbox 1876 804 2084 870; x_wconf 87' lang='grc' dir='ltr'>τέλειος</span> <span class='ocrx_word' id='word_1_500' title='bbox 2113 807 2316 872; x_wconf 88' lang='grc' dir='ltr'>δοῦλος.</span> <span class='ocrx_word' id='word_1_501' title='bbox 2356 809 2525 865; x_wconf 82' lang='grc' dir='ltr'>Πάλιν</span> <span class='ocrx_word' id='word_1_502' title='bbox 2560 812 2698 883; x_wconf 87' lang='grc' dir='ltr'>πρὸς</span> <span class='ocrx_word' id='word_1_503' title='bbox 2741 813 3048 886; x_wconf 79' lang='grc' dir='ltr'>’Δρειανοὺς</span> <span class='ocrx_word' id='word_1_504' title='bbox 3087 817 3116 869; x_wconf 92' lang='lat'>6</span> <span class='ocrx_word' id='word_1_505' title='bbox 3147 816 3324 886; x_wconf 82' lang='grc' dir='ltr'>λόγος.</span> 
     </span>
    </p>
   </div>
   <div class='ocr_carea' id='block_1_62' title="bbox 1756 902 3328 984">
    <p class='ocr_par' dir='ltr' id='par_1_62' title="bbox 1756 902 3328 984">
     <span class='ocr_line' id='line_1_62' title="bbox 1756 902 3328 984; baseline 0.01 -31"><span class='ocrx_word' id='word_1_506' title='bbox 1756 902 1966 971; x_wconf 60' lang='grc' dir='ltr'>Μορφὴ</span> <span class='ocrx_word' id='word_1_507' title='bbox 2017 905 2166 960; x_wconf 85' lang='grc' dir='ltr'>Θεοῦ</span> <span class='ocrx_word' id='word_1_508' title='bbox 2220 907 2537 978; x_wconf 74' lang='grc' dir='ltr'>ὑπάρχων.</span> <span class='ocrx_word' id='word_1_509' title='bbox 2599 909 2787 980; x_wconf 73' lang='grc' dir='ltr'>φησὶν,</span> <span class='ocrx_word' id='word_1_510' title='bbox 2849 911 2963 980; x_wconf 77' lang='grc' dir='ltr'>οὐχ</span> <span class='ocrx_word' id='word_1_511' title='bbox 3011 912 3328 984; x_wconf 75' lang='grc' dir='ltr'>ἁρπαγμὸν</span> 
     </span>
    </p>
   </div>
   <div class='ocr_carea' id='block_1_63' title="bbox 1754 997 3328 1082">
    <p class='ocr_par' dir='ltr' id='par_1_63' title="bbox 1754 997 3328 1082">
     <span class='ocr_line' id='line_1_63' title="bbox 1754 997 3328 1082; baseline 0.01 -31"><span class='ocrx_word' id='word_1_512' title='bbox 1754 997 2026 1066; x_wconf 75' lang='grc' dir='ltr'>ἡγήσατο</span> <span class='ocrx_word' id='word_1_513' title='bbox 2069 1004 2138 1057; x_wconf 89' lang='grc' dir='ltr'>τὸ</span> <span class='ocrx_word' id='word_1_514' title='bbox 2177 1000 2330 1058; x_wconf 78' lang='grc' dir='ltr'>εἶναι</span> <span class='ocrx_word' id='word_1_515' title='bbox 2378 1005 2485 1060; x_wconf 72' lang='grc' dir='ltr'>ἴσα</span> <span class='ocrx_word' id='word_1_516' title='bbox 2537 1007 2679 1072; x_wconf 84' lang='grc' dir='ltr'>Θεῷ.</span> <span class='ocrx_word' id='word_1_517' title='bbox 2739 1007 3004 1064; x_wconf 87' lang='grc' dir='ltr'>Ἐνταῦθα</span> <span class='ocrx_word' id='word_1_518' title='bbox 3051 1012 3182 1080; x_wconf 78' lang='grc' dir='ltr'>περὶ</span> <span class='ocrx_word' id='word_1_519' title='bbox 3227 1011 3328 1082; x_wconf 83' lang='grc' dir='ltr'>τῆς</span> 
     </span>
    </p>
   </div>
   <div class='ocr_carea' id='block_1_64' title="bbox 1757 1092 3326 1176">
    <p class='ocr_par' dir='ltr' id='par_1_64' title="bbox 1757 1092 3326 1176">
     <span class='ocr_line' id='line_1_64' title="bbox 1757 1092 3326 1176; baseline 0.01 -30"><span class='ocrx_word' id='word_1_520' title='bbox 1757 1092 2024 1166; x_wconf 85' lang='grc' dir='ltr'>θεότητος,</span> <span class='ocrx_word' id='word_1_521' title='bbox 2042 1097 2277 1170; x_wconf 83' lang='grc' dir='ltr'>οὐδαμοῦ</span> <span class='ocrx_word' id='word_1_522' title='bbox 2305 1101 2388 1164; x_wconf 85' lang='grc' dir='ltr'>τὸ,</span> <span class='ocrx_word' id='word_1_523' title='bbox 2421 1102 2690 1172; x_wconf 86' lang='grc' dir='ltr'>Ἐγένετο,</span> <span class='ocrx_word' id='word_1_524' title='bbox 2709 1104 2943 1176; x_wconf 76' lang='grc' dir='ltr'>οὐδαμοῦ</span> <span class='ocrx_word' id='word_1_525' title='bbox 2965 1106 3045 1172; x_wconf 88' lang='grc' dir='ltr'>τὸ,</span> <span class='ocrx_word' id='word_1_526' title='bbox 3072 1107 3326 1161; x_wconf 71' lang='grc' dir='ltr'>Ἔλαϐενδ</span> 
     </span>
    </p>
   </div>
   <div class='ocr_carea' id='block_1_65' title="bbox 1756 1185 3327 1270">
    <p class='ocr_par' dir='ltr' id='par_1_65' title="bbox 1756 1185 3327 1270">
     <span class='ocr_line' id='line_1_65' title="bbox 1756 1185 3327 1270; baseline 0.007 -24"><span class='ocrx_word' id='word_1_527' title='bbox 1756 1189 1892 1260; x_wconf 82' lang='grc' dir='ltr'>ἀλλ’,</span> <span class='ocrx_word' id='word_1_528' title='bbox 1932 1195 2187 1250; x_wconf 79' lang='grc' dir='ltr'>Ἑαυτὸν</span> <span class='ocrx_word' id='word_1_529' title='bbox 2233 1193 2516 1266; x_wconf 79' lang='grc' dir='ltr'>ἐκένωσε,</span> <span class='ocrx_word' id='word_1_530' title='bbox 2557 1200 2801 1270; x_wconf 73' lang='grc' dir='ltr'>μορφὴν</span> <span class='ocrx_word' id='word_1_531' title='bbox 2831 1185 3066 1256; x_wconf 57' lang='grc' dir='ltr'>’δούλου</span> <span class='ocrx_word' id='word_1_532' title='bbox 3103 1203 3327 1266; x_wconf 78' lang='grc' dir='ltr'>λαϐὼν,</span> 
     </span>
    </p>
   </div>
   <div class='ocr_carea' id='block_1_66' title="bbox 1754 1289 3332 1371">
    <p class='ocr_par' dir='ltr' id='par_1_66' title="bbox 1754 1289 3332 1371">
     <span class='ocr_line' id='line_1_66' title="bbox 1754 1289 3332 1371; baseline 0.006 -28"><span class='ocrx_word' id='word_1_533' title='bbox 1754 1289 1826 1344; x_wconf 69' lang='grc' dir='ltr'>ἐν</span> <span class='ocrx_word' id='word_1_534' title='bbox 1852 1291 2166 1362; x_wconf 73' lang='grc' dir='ltr'>ὁμοιώματι</span> <span class='ocrx_word' id='word_1_535' title='bbox 2188 1295 2515 1364; x_wconf 82' lang='grc' dir='ltr'>ἀνθρώπων</span> <span class='ocrx_word' id='word_1_536' title='bbox 2539 1299 2876 1368; x_wconf 77' lang='grc' dir='ltr'>γενόμενος.</span> <span class='ocrx_word' id='word_1_537' title='bbox 2913 1295 3176 1353; x_wconf 85' lang='grc' dir='ltr'>Ἐνταῦθα</span> <span class='ocrx_word' id='word_1_538' title='bbox 3201 1301 3332 1371; x_wconf 73' lang='grc' dir='ltr'>περὶ</span> 
     </span>
    </p>
   </div>
   <div class='ocr_carea' id='block_1_67' title="bbox 1755 1385 3333 1464">
    <p class='ocr_par' dir='ltr' id='par_1_67' title="bbox 1755 1385 3333 1464">
     <span class='ocr_line' id='line_1_67' title="bbox 1755 1385 3333 1464; baseline 0.007 -26"><span class='ocrx_word' id='word_1_539' title='bbox 1755 1385 1853 1456; x_wconf 85' lang='grc' dir='ltr'>τῆς</span> <span class='ocrx_word' id='word_1_540' title='bbox 1882 1387 2316 1460; x_wconf 86' lang='grc' dir='ltr'>ἀνθρωπότητος,</span> <span class='ocrx_word' id='word_1_541' title='bbox 2339 1391 2420 1458; x_wconf 91' lang='grc' dir='ltr'>τὸ,</span> <span class='ocrx_word' id='word_1_542' title='bbox 2458 1392 2681 1461; x_wconf 76' lang='grc' dir='ltr'>Ἐλαὸε,</span> <span class='ocrx_word' id='word_1_543' title='bbox 2711 1395 2824 1460; x_wconf 73' lang='grc' dir='ltr'>καὶ,</span> <span class='ocrx_word' id='word_1_544' title='bbox 2870 1394 3136 1464; x_wconf 86' lang='grc' dir='ltr'>Ἐγένετο.</span> <span class='ocrx_word' id='word_1_545' title='bbox 3161 1396 3333 1449; x_wconf 87' lang='grc' dir='ltr'>Τοῦτο</span> 
     </span>
    </p>
   </div>
   <div class='ocr_carea' id='block_1_68' title="bbox 1758 1483 3331 1564">
    <p class='ocr_par' dir='ltr' id='par_1_68' title="bbox 1758 1483 3331 1564">
     <span class='ocr_line' id='line_1_68' title="bbox 1758 1483 3331 1564; baseline 0.007 -29"><span class='ocrx_word' id='word_1_546' title='bbox 1758 1483 1993 1550; x_wconf 84' lang='grc' dir='ltr'>ἐγένετο,</span> <span class='ocrx_word' id='word_1_547' title='bbox 2037 1487 2195 1540; x_wconf 86' lang='grc' dir='ltr'>τοῦτο</span> <span class='ocrx_word' id='word_1_548' title='bbox 2223 1488 2438 1553; x_wconf 77' lang='grc' dir='ltr'>ἐλαϐεν,</span> <span class='ocrx_word' id='word_1_549' title='bbox 2489 1491 2665 1544; x_wconf 86' lang='grc' dir='ltr'>ἐκεῖνο</span> <span class='ocrx_word' id='word_1_550' title='bbox 2696 1492 2929 1564; x_wconf 82' lang='grc' dir='ltr'>ὑπῆρχε.</span> <span class='ocrx_word' id='word_1_551' title='bbox 2959 1493 3050 1564; x_wconf 77' lang='grc' dir='ltr'>Μὴ</span> <span class='ocrx_word' id='word_1_552' title='bbox 3087 1491 3151 1563; x_wconf 85' lang='grc' dir='ltr'>δὴ</span> <span class='ocrx_word' id='word_1_553' title='bbox 3196 1510 3331 1562; x_wconf 57' lang='grc' dir='ltr'>συγ-</span> 
     </span>
    </p>
   </div>
   <div class='ocr_carea' id='block_1_69' title="bbox 1756 1579 3334 1662">
    <p class='ocr_par' dir='ltr' id='par_1_69' title="bbox 1756 1579 3334 1662">
     <span class='ocr_line' id='line_1_69' title="bbox 1756 1579 3334 1662; baseline 0.006 -30"><span class='ocrx_word' id='word_1_554' title='bbox 1756 1579 1992 1650; x_wconf 87' lang='grc' dir='ltr'>χέωμεν,</span> <span class='ocrx_word' id='word_1_555' title='bbox 2041 1582 2175 1652; x_wconf 86' lang='grc' dir='ltr'>μηδὲ</span> <span class='ocrx_word' id='word_1_556' title='bbox 2212 1583 2526 1657; x_wconf 82' lang='grc' dir='ltr'>διιστῶμεν.</span> <span class='ocrx_word' id='word_1_557' title='bbox 2573 1581 2669 1651; x_wconf 75' lang='grc' dir='ltr'>Εἷς</span> <span class='ocrx_word' id='word_1_558' title='bbox 2710 1588 2862 1652; x_wconf 89' lang='grc' dir='ltr'>Θεὸς,</span> <span class='ocrx_word' id='word_1_559' title='bbox 2904 1583 2984 1652; x_wconf 72' lang='grc' dir='ltr'>εἷς</span> <span class='ocrx_word' id='word_1_560' title='bbox 3018 1589 3272 1662; x_wconf 82' lang='grc' dir='ltr'>Χριστὸς,</span> <span class='ocrx_word' id='word_1_561' title='bbox 3303 1587 3334 1642; x_wconf 94' lang='lat'>6</span> 
     </span>
    </p>
   </div>
   <div class='ocr_carea' id='block_1_70' title="bbox 1758 1677 3329 1754">
    <p class='ocr_par' dir='ltr' id='par_1_70' title="bbox 1758 1677 3329 1754">
     <span class='ocr_line' id='line_1_70' title="bbox 1758 1677 3329 1754; baseline 0.004 -23"><span class='ocrx_word' id='word_1_562' title='bbox 1758 1678 1886 1742; x_wconf 85' lang='grc' dir='ltr'>Υἱὸς</span> <span class='ocrx_word' id='word_1_563' title='bbox 1923 1678 2016 1732; x_wconf 93' lang='grc' dir='ltr'>τοῦ</span> <span class='ocrx_word' id='word_1_564' title='bbox 2045 1679 2201 1734; x_wconf 89' lang='grc' dir='ltr'>Θεοῦ.</span> <span class='ocrx_word' id='word_1_565' title='bbox 2235 1679 2308 1735; x_wconf 88' lang='grc' dir='ltr'>Τὸ</span> <span class='ocrx_word' id='word_1_566' title='bbox 2330 1683 2408 1744; x_wconf 83' lang='grc' dir='ltr'>δὲ,</span> <span class='ocrx_word' id='word_1_567' title='bbox 2437 1677 2538 1747; x_wconf 74' lang='grc' dir='ltr'>εἷς,</span> <span class='ocrx_word' id='word_1_568' title='bbox 2567 1685 2694 1738; x_wconf 82' lang='grc' dir='ltr'>ὅταν</span> <span class='ocrx_word' id='word_1_569' title='bbox 2735 1685 2896 1748; x_wconf 86' lang='grc' dir='ltr'>εῐπω,</span> <span class='ocrx_word' id='word_1_570' title='bbox 2942 1685 3136 1739; x_wconf 76' lang='grc' dir='ltr'>ἕνωσιν</span> <span class='ocrx_word' id='word_1_571' title='bbox 3163 1679 3329 1754; x_wconf 88' lang='grc' dir='ltr'>λέγω,</span> 
     </span>
    </p>
   </div>
   <div class='ocr_carea' id='block_1_71' title="bbox 1756 1775 3335 1855">
    <p class='ocr_par' dir='ltr' id='par_1_71' title="bbox 1756 1775 3335 1855">
     <span class='ocr_line' id='line_1_71' title="bbox 1756 1775 3335 1855; baseline 0.005 -26"><span class='ocrx_word' id='word_1_572' title='bbox 1756 1777 1817 1830; x_wconf 92' lang='grc' dir='ltr'>οὑ</span> <span class='ocrx_word' id='word_1_573' title='bbox 1844 1775 2123 1846; x_wconf 89' lang='grc' dir='ltr'>σύγχυσιν,</span> <span class='ocrx_word' id='word_1_574' title='bbox 2151 1779 2249 1849; x_wconf 77' lang='grc' dir='ltr'>τῆς</span> <span class='ocrx_word' id='word_1_575' title='bbox 2274 1778 2489 1848; x_wconf 84' lang='grc' dir='ltr'>φύσεως</span> <span class='ocrx_word' id='word_1_576' title='bbox 2511 1781 2716 1852; x_wconf 80' lang='grc' dir='ltr'>ταύτης</span> <span class='ocrx_word' id='word_1_577' title='bbox 2741 1784 2819 1846; x_wconf 76' lang='grc' dir='ltr'>είς</span> <span class='ocrx_word' id='word_1_578' title='bbox 2849 1782 3067 1854; x_wconf 83' lang='grc' dir='ltr'>ἐκείνην</span> <span class='ocrx_word' id='word_1_579' title='bbox 3093 1800 3335 1855; x_wconf 85' lang='grc' dir='ltr'>μεταπε-</span> 
     </span>
    </p>
   </div>
   <div class='ocr_carea' id='block_1_72' title="bbox 1756 1871 3333 1947">
    <p class='ocr_par' dir='ltr' id='par_1_72' title="bbox 1756 1871 3333 1947">
     <span class='ocr_line' id='line_1_72' title="bbox 1756 1871 3333 1947; baseline 0.007 -23"><span class='ocrx_word' id='word_1_580' title='bbox 1756 1871 1976 1944; x_wconf 90' lang='grc' dir='ltr'>σούσης,</span> <span class='ocrx_word' id='word_1_581' title='bbox 2043 1873 2179 1926; x_wconf 82' lang='grc' dir='ltr'>ἀλλά</span> <span class='ocrx_word' id='word_1_582' title='bbox 2237 1876 2545 1947; x_wconf 83' lang='grc' dir='ltr'>ήνωμένης.</span> <span class='ocrx_word' id='word_1_583' title='bbox 2607 1878 3040 1934; x_wconf 78' lang='grc' dir='ltr'>Έταπείνωσεν</span> <span class='ocrx_word' id='word_1_584' title='bbox 3087 1881 3333 1944; x_wconf 78' lang='grc' dir='ltr'>ἑαυτὸν,</span> 
     </span>
    </p>
   </div>
   <div class='ocr_carea' id='block_1_73' title="bbox 1755 1967 3337 2044">
    <p class='ocr_par' dir='ltr' id='par_1_73' title="bbox 1755 1967 3337 2044">
     <span class='ocr_line' id='line_1_73' title="bbox 1755 1967 3337 2044; baseline 0.006 -23"><span class='ocrx_word' id='word_1_585' title='bbox 1755 1967 2026 2036; x_wconf 80' lang='grc' dir='ltr'>ὑπήκοος</span> <span class='ocrx_word' id='word_1_586' title='bbox 2066 1971 2390 2041; x_wconf 77' lang='grc' dir='ltr'>γενόμενος</span> <span class='ocrx_word' id='word_1_587' title='bbox 2416 1973 2594 2043; x_wconf 83' lang='grc' dir='ltr'>μέχρι</span> <span class='ocrx_word' id='word_1_588' title='bbox 2632 1975 2915 2044; x_wconf 79' lang='grc' dir='ltr'>θανάτου,</span> <span class='ocrx_word' id='word_1_589' title='bbox 2959 1977 3222 2033; x_wconf 79' lang='grc' dir='ltr'>θανάτου</span> <span class='ocrx_word' id='word_1_590' title='bbox 3266 1979 3337 2032; x_wconf 78' lang='grc' dir='ltr'>δὲ</span> 
     </span>
    </p>
   </div>
   <div class='ocr_carea' id='block_1_74' title="bbox 1757 2068 3334 2144">
    <p class='ocr_par' dir='ltr' id='par_1_74' title="bbox 1757 2068 3334 2144">
     <span class='ocr_line' id='line_1_74' title="bbox 1757 2068 3334 2144; baseline 0.007 -23"><span class='ocrx_word' id='word_1_591' title='bbox 1757 2068 2048 2136; x_wconf 84' lang='grc' dir='ltr'>σταυροῦ.</span> <span class='ocrx_word' id='word_1_592' title='bbox 2090 2069 2246 2135; x_wconf 79' lang='grc' dir='ltr'>Ἰδοὺ,</span> <span class='ocrx_word' id='word_1_593' title='bbox 2279 2071 2464 2141; x_wconf 74' lang='grc' dir='ltr'>φησὶν,</span> <span class='ocrx_word' id='word_1_594' title='bbox 2508 2072 2746 2140; x_wconf 84' lang='grc' dir='ltr'>ὑπήκοος</span> <span class='ocrx_word' id='word_1_595' title='bbox 2782 2073 3026 2144; x_wconf 90' lang='grc' dir='ltr'>γέγονεν,</span> <span class='ocrx_word' id='word_1_596' title='bbox 3073 2076 3173 2131; x_wconf 79' lang='grc' dir='ltr'>οὑκ</span> <span class='ocrx_word' id='word_1_597' title='bbox 3219 2078 3334 2140; x_wconf 73' lang='grc' dir='ltr'>ἴσος</span> 
     </span>
    </p>
   </div>
   <div class='ocr_carea' id='block_1_75' title="bbox 1753 2157 3337 2236">
    <p class='ocr_par' dir='ltr' id='par_1_75' title="bbox 1753 2157 3337 2236">
     <span class='ocr_line' id='line_1_75' title="bbox 1753 2157 3337 2236; baseline 0.008 -22"><span class='ocrx_word' id='word_1_598' title='bbox 1753 2161 1831 2215; x_wconf 86' lang='grc' dir='ltr'>ὣν</span> <span class='ocrx_word' id='word_1_599' title='bbox 1881 2157 1926 2232; x_wconf 84' lang='grc' dir='ltr'><strong>ᾧ</strong></span> <span class='ocrx_word' id='word_1_600' title='bbox 1979 2164 2309 2236; x_wconf 84' lang='grc' dir='ltr'>ὑπήκουσεν.</span> <span class='ocrx_word' id='word_1_601' title='bbox 2352 2166 2519 2221; x_wconf 88' lang='grc' dir='ltr'>Ούδὲν</span> <span class='ocrx_word' id='word_1_602' title='bbox 2564 2167 2725 2222; x_wconf 90' lang='grc' dir='ltr'>τοῦτο</span> <span class='ocrx_word' id='word_1_603' title='bbox 2777 2171 2942 2223; x_wconf 85' lang='grc' dir='ltr'>αὑτὸν</span> <span class='ocrx_word' id='word_1_604' title='bbox 2999 2171 3232 2232; x_wconf 85' lang='grc' dir='ltr'>ἐλαττοῖ.</span> <span class='ocrx_word' id='word_1_605' title='bbox 3289 2165 3337 2225; x_wconf 78' lang='grc' dir='ltr'><strong>ὦ</strong></span> 
     </span>
    </p>
   </div>
   <div class='ocr_carea' id='block_1_76' title="bbox 1756 2258 3336 2336">
    <p class='ocr_par' dir='ltr' id='par_1_76' title="bbox 1756 2258 3336 2336">
     <span class='ocr_line' id='line_1_76' title="bbox 1756 2258 3336 2336; baseline 0.008 -26"><span class='ocrx_word' id='word_1_606' title='bbox 1756 2258 2072 2329; x_wconf 87' lang='grc' dir='ltr'>ἀγνώμονες</span> <span class='ocrx_word' id='word_1_607' title='bbox 2112 2264 2208 2316; x_wconf 76' lang='grc' dir='ltr'>καὶ</span> <span class='ocrx_word' id='word_1_608' title='bbox 2252 2262 2470 2333; x_wconf 80' lang='grc' dir='ltr'>ἀνόητοι</span> <span class='ocrx_word' id='word_1_609' title='bbox 2507 2279 2521 2294; x_wconf 88' lang='grc'><strong>·</strong></span> <span class='ocrx_word' id='word_1_610' title='bbox 2557 2264 2679 2317; x_wconf 67' lang='grc' dir='ltr'>ἐπεὶ</span> <span class='ocrx_word' id='word_1_611' title='bbox 2725 2266 2820 2318; x_wconf 73' lang='grc' dir='ltr'>καὶ</span> <span class='ocrx_word' id='word_1_612' title='bbox 2855 2266 3031 2336; x_wconf 78' lang='grc' dir='ltr'>φίλοις</span> <span class='ocrx_word' id='word_1_613' title='bbox 3079 2267 3336 2334; x_wconf 83' lang='grc' dir='ltr'>πολλάκις</span> 
     </span>
    </p>
   </div>
   <div class='ocr_carea' id='block_1_77' title="bbox 1759 2353 3338 2441">
    <p class='ocr_par' dir='ltr' id='par_1_77' title="bbox 1759 2353 3338 2441">
     <span class='ocr_line' id='line_1_77' title="bbox 1759 2353 3338 2441; baseline 0.007 -34"><span class='ocrx_word' id='word_1_614' title='bbox 1759 2353 2109 2441; x_wconf 74' lang='grc' dir='ltr'>ὑπακούρμεν</span> <span class='ocrx_word' id='word_1_615' title='bbox 2145 2359 2326 2429; x_wconf 77' lang='grc' dir='ltr'>ἡμεῖς,</span> <span class='ocrx_word' id='word_1_616' title='bbox 2370 2360 2465 2413; x_wconf 76' lang='grc' dir='ltr'>καὶ</span> <span class='ocrx_word' id='word_1_617' title='bbox 2503 2359 2656 2413; x_wconf 79' lang='grc' dir='ltr'>οὐδὲν</span> <span class='ocrx_word' id='word_1_618' title='bbox 2703 2360 2860 2414; x_wconf 85' lang='grc' dir='ltr'>τοῦτο</span> <span class='ocrx_word' id='word_1_619' title='bbox 2897 2363 3045 2433; x_wconf 83' lang='grc' dir='ltr'>ἡμᾶς</span> <span class='ocrx_word' id='word_1_620' title='bbox 3083 2362 3338 2428; x_wconf 85' lang='grc' dir='ltr'>ἐλάττους</span> 
     </span>
    </p>
   </div>
   <div class='ocr_carea' id='block_1_78' title="bbox 1757 2453 3340 2528">
    <p class='ocr_par' dir='ltr' id='par_1_78' title="bbox 1757 2453 3340 2528">
     <span class='ocr_line' id='line_1_78' title="bbox 1757 2453 3340 2528; baseline 0.007 -25"><span class='ocrx_word' id='word_1_621' title='bbox 1757 2455 1922 2508; x_wconf 86' lang='grc' dir='ltr'>ποιεῖ.</span> <span class='ocrx_word' id='word_1_622' title='bbox 1956 2453 2052 2516; x_wconf 67' lang='grc' dir='ltr'>Ὠς</span> <span class='ocrx_word' id='word_1_623' title='bbox 2082 2454 2209 2518; x_wconf 82' lang='grc' dir='ltr'>Υἱὸς</span> <span class='ocrx_word' id='word_1_624' title='bbox 2237 2455 2412 2527; x_wconf 69' lang='grc' dir='ltr'>Πατρὶ</span> <span class='ocrx_word' id='word_1_625' title='bbox 2441 2456 2753 2528; x_wconf 81' lang='grc' dir='ltr'>ὑπήκουσεν</span> <span class='ocrx_word' id='word_1_626' title='bbox 2783 2458 2947 2524; x_wconf 81' lang='grc' dir='ltr'>ἑκὼν,</span> <span class='ocrx_word' id='word_1_627' title='bbox 2983 2459 3084 2514; x_wconf 86' lang='grc' dir='ltr'>οὑκ</span> <span class='ocrx_word' id='word_1_628' title='bbox 3109 2462 3190 2525; x_wconf 86' lang='grc' dir='ltr'>είς</span> <span class='ocrx_word' id='word_1_629' title='bbox 3217 2460 3340 2514; x_wconf 73' lang='lat'>600-</span> 
     </span>
    </p>
   </div>
   <div class='ocr_carea' id='block_1_79' title="bbox 1758 2549 3338 2629">
    <p class='ocr_par' dir='ltr' id='par_1_79' title="bbox 1758 2549 3338 2629">
     <span class='ocr_line' id='line_1_79' title="bbox 1758 2549 3338 2629; baseline 0.006 -25"><span class='ocrx_word' id='word_1_630' title='bbox 1758 2549 1907 2606; x_wconf 89' lang='grc' dir='ltr'>λικὸν</span> <span class='ocrx_word' id='word_1_631' title='bbox 1932 2550 2149 2622; x_wconf 80' lang='grc' dir='ltr'>ἀξίωμα</span> <span class='ocrx_word' id='word_1_632' title='bbox 2176 2553 2524 2618; x_wconf 87' lang='grc' dir='ltr'>καταπεσὼν,</span> <span class='ocrx_word' id='word_1_633' title='bbox 2561 2554 2698 2608; x_wconf 78' lang='grc' dir='ltr'>ἀλλὰ</span> <span class='ocrx_word' id='word_1_634' title='bbox 2727 2555 2900 2626; x_wconf 84' lang='grc' dir='ltr'>τούτῳ</span> <span class='ocrx_word' id='word_1_635' title='bbox 2925 2556 3076 2629; x_wconf 84' lang='grc' dir='ltr'>αὑτῷ</span> <span class='ocrx_word' id='word_1_636' title='bbox 3103 2557 3338 2628; x_wconf 80' lang='grc' dir='ltr'>μάλιστα</span> 
     </span>
    </p>
   </div>
   <div class='ocr_carea' id='block_1_80' title="bbox 1761 2650 3340 2727">
    <p class='ocr_par' dir='ltr' id='par_1_80' title="bbox 1761 2650 3340 2727">
     <span class='ocr_line' id='line_1_80' title="bbox 1761 2650 3340 2727; baseline 0.003 -24"><span class='ocrx_word' id='word_1_637' title='bbox 1761 2650 2042 2722; x_wconf 82' lang='grc' dir='ltr'>φυλάττων</span> <span class='ocrx_word' id='word_1_638' title='bbox 2067 2651 2164 2722; x_wconf 76' lang='grc' dir='ltr'>τῆς</span> <span class='ocrx_word' id='word_1_639' title='bbox 2197 2652 2551 2724; x_wconf 88' lang='grc' dir='ltr'>γνησιότητος</span> <span class='ocrx_word' id='word_1_640' title='bbox 2580 2652 2640 2705; x_wconf 89' lang='grc' dir='ltr'>τὸ</span> <span class='ocrx_word' id='word_1_641' title='bbox 2670 2651 2874 2724; x_wconf 88' lang='grc' dir='ltr'>θαῦμα,</span> <span class='ocrx_word' id='word_1_642' title='bbox 2903 2657 2969 2726; x_wconf 82' lang='grc' dir='ltr'>τῇ</span> <span class='ocrx_word' id='word_1_643' title='bbox 2997 2654 3167 2727; x_wconf 78' lang='grc' dir='ltr'>πολλῇ</span> <span class='ocrx_word' id='word_1_644' title='bbox 3207 2655 3340 2725; x_wconf 78' lang='grc' dir='ltr'>περὶ</span> 
     </span>
    </p>
   </div>
   <div class='ocr_carea' id='block_1_81' title="bbox 1758 2745 3341 2822">
    <p class='ocr_par' dir='ltr' id='par_1_81' title="bbox 1758 2745 3341 2822">
     <span class='ocr_line' id='line_1_81' title="bbox 1758 2745 3341 2822; baseline 0.004 -24"><span class='ocrx_word' id='word_1_645' title='bbox 1758 2745 1850 2799; x_wconf 85' lang='grc' dir='ltr'>τὸν</span> <span class='ocrx_word' id='word_1_646' title='bbox 1880 2746 2102 2818; x_wconf 86' lang='grc' dir='ltr'>Πατέρα</span> <span class='ocrx_word' id='word_1_647' title='bbox 2126 2749 2282 2818; x_wconf 82' lang='grc' dir='ltr'>τιμῇ.</span> <span class='ocrx_word' id='word_1_648' title='bbox 2333 2747 2591 2818; x_wconf 86' lang='grc' dir='ltr'>Ἐτίμησε</span> <span class='ocrx_word' id='word_1_649' title='bbox 2625 2747 2716 2802; x_wconf 90' lang='grc' dir='ltr'>τὸν</span> <span class='ocrx_word' id='word_1_650' title='bbox 2749 2749 2990 2821; x_wconf 83' lang='grc' dir='ltr'>Πατέρα,</span> <span class='ocrx_word' id='word_1_651' title='bbox 3028 2751 3090 2804; x_wconf 92' lang='grc' dir='ltr'>οὑ</span> <span class='ocrx_word' id='word_1_652' title='bbox 3095 2769 3128 2822; x_wconf 84' lang='grc' dir='ltr'>χ</span> <span class='ocrx_word' id='word_1_653' title='bbox 3155 2751 3244 2805; x_wconf 79' lang='grc' dir='ltr'>ἵνα</span> <span class='ocrx_word' id='word_1_654' title='bbox 3273 2751 3341 2804; x_wconf 77' lang='grc' dir='ltr'>σὺ</span> 
     </span>
    </p>
   </div>
   <div class='ocr_carea' id='block_1_82' title="bbox 1761 2841 3342 2921">
    <p class='ocr_par' dir='ltr' id='par_1_82' title="bbox 1761 2841 3342 2921">
     <span class='ocr_line' id='line_1_82' title="bbox 1761 2841 3342 2921; baseline 0.003 -23"><span class='ocrx_word' id='word_1_655' title='bbox 1761 2841 1924 2898; x_wconf 86' lang='grc' dir='ltr'>αὑτὸν</span> <span class='ocrx_word' id='word_1_656' title='bbox 1951 2843 2246 2914; x_wconf 77' lang='grc' dir='ltr'>ἀτιμάσῃς,</span> <span class='ocrx_word' id='word_1_657' title='bbox 2272 2842 2386 2898; x_wconf 79' lang='grc' dir='ltr'>ἀλλ’</span> <span class='ocrx_word' id='word_1_658' title='bbox 2426 2844 2512 2898; x_wconf 77' lang='grc' dir='ltr'>ἵνα</span> <span class='ocrx_word' id='word_1_659' title='bbox 2544 2844 2745 2916; x_wconf 80' lang='grc' dir='ltr'>μᾶλλον</span> <span class='ocrx_word' id='word_1_660' title='bbox 2779 2846 3089 2921; x_wconf 83' lang='grc' dir='ltr'>θαυμάσῃς,</span> <span class='ocrx_word' id='word_1_661' title='bbox 3124 2847 3212 2902; x_wconf 75' lang='grc' dir='ltr'>ἵνα</span> <span class='ocrx_word' id='word_1_662' title='bbox 3246 2850 3342 2902; x_wconf 83' lang='grc' dir='ltr'>καὶ</span> 
     </span>
    </p>
   </div>
   <div class='ocr_carea' id='block_1_83' title="bbox 1761 2939 3404 3014">
    <p class='ocr_par' dir='ltr' id='par_1_83' title="bbox 1761 2939 3404 3014">
     <span class='ocr_line' id='line_1_83' title="bbox 1761 2939 3404 3014; baseline 0.001 -18"><span class='ocrx_word' id='word_1_663' title='bbox 1761 2941 1870 2996; x_wconf 83' lang='grc' dir='ltr'>ἀπό</span> <span class='ocrx_word' id='word_1_664' title='bbox 1903 2939 2096 2994; x_wconf 87' lang='grc' dir='ltr'>τούτου</span> <span class='ocrx_word' id='word_1_665' title='bbox 2144 2940 2345 3014; x_wconf 84' lang='grc' dir='ltr'>μάθῃς,</span> <span class='ocrx_word' id='word_1_666' title='bbox 2385 2941 2466 2994; x_wconf 78' lang='grc' dir='ltr'>ὅτι</span> <span class='ocrx_word' id='word_1_667' title='bbox 2512 2943 2736 3012; x_wconf 89' lang='grc' dir='ltr'>γνήσιος</span> <span class='ocrx_word' id='word_1_668' title='bbox 2783 2943 2930 3009; x_wconf 88' lang='grc' dir='ltr'>Υἱὸς,</span> <span class='ocrx_word' id='word_1_669' title='bbox 2977 2941 3056 3014; x_wconf 82' lang='grc' dir='ltr'>τῷ</span> <span class='ocrx_word' id='word_1_670' title='bbox 3110 2943 3344 3014; x_wconf 81' lang='grc' dir='ltr'>μάλιστα</span> <span class='ocrx_word' id='word_1_671' title='bbox 3391 2947 3404 2956; x_wconf 70' lang='grc'><strong><em>’</em></strong></span> 
     </span>
    </p>
   </div>
   <div class='ocr_carea' id='block_1_84' title="bbox 1763 3037 3450 3110">
    <p class='ocr_par' dir='ltr' id='par_1_84' title="bbox 1763 3037 3450 3110">
     <span class='ocr_line' id='line_1_84' title="bbox 1763 3037 3450 3110; baseline 0 -18"><span class='ocrx_word' id='word_1_672' title='bbox 1763 3038 1981 3092; x_wconf 87' lang='grc' dir='ltr'>πάντων</span> <span class='ocrx_word' id='word_1_673' title='bbox 2005 3038 2094 3091; x_wconf 88' lang='grc' dir='ltr'>τὸν</span> <span class='ocrx_word' id='word_1_674' title='bbox 2127 3038 2349 3110; x_wconf 84' lang='grc' dir='ltr'>Πατέρα</span> <span class='ocrx_word' id='word_1_675' title='bbox 2391 3038 2767 3108; x_wconf 85' lang='grc' dir='ltr'>τετιμηκέναι.</span> <span class='ocrx_word' id='word_1_676' title='bbox 2802 3038 3009 3102; x_wconf 77' lang='grc' dir='ltr'>υύδεὶς·</span> <span class='ocrx_word' id='word_1_677' title='bbox 3030 3037 3206 3103; x_wconf 78' lang='grc' dir='ltr'>οὕτως</span> <span class='ocrx_word' id='word_1_678' title='bbox 3235 3039 3344 3092; x_wconf 79' lang='grc' dir='ltr'>ἐτί-</span> <span class='ocrx_word' id='word_1_679' title='bbox 3447 3044 3450 3046; x_wconf 63' lang='grc'>⁷</span> 
     </span>
    </p>
   </div>
   <div class='ocr_carea' id='block_1_85' title="bbox 1765 3130 3346 3210">
    <p class='ocr_par' dir='ltr' id='par_1_85' title="bbox 1765 3130 3346 3210">
     <span class='ocr_line' id='line_1_85' title="bbox 1765 3130 3346 3210; baseline 0 -19"><span class='ocrx_word' id='word_1_680' title='bbox 1765 3155 1908 3210; x_wconf 87' lang='grc' dir='ltr'>μησε</span> <span class='ocrx_word' id='word_1_681' title='bbox 1948 3136 2041 3191; x_wconf 88' lang='grc' dir='ltr'>τὸν</span> <span class='ocrx_word' id='word_1_682' title='bbox 2072 3137 2225 3193; x_wconf 90' lang='grc' dir='ltr'>Θεόν.</span> <span class='ocrx_word' id='word_1_683' title='bbox 2267 3137 2431 3191; x_wconf 84' lang='grc' dir='ltr'>Ὀσον</span> <span class='ocrx_word' id='word_1_684' title='bbox 2465 3130 2579 3208; x_wconf 72' lang='grc' dir='ltr'>εἶχε</span> <span class='ocrx_word' id='word_1_685' title='bbox 2635 3139 2697 3191; x_wconf 88' lang='grc' dir='ltr'>τὸ</span> <span class='ocrx_word' id='word_1_686' title='bbox 2736 3136 2892 3206; x_wconf 80' lang='grc' dir='ltr'>ὑψος,</span> <span class='ocrx_word' id='word_1_687' title='bbox 2930 3135 3202 3207; x_wconf 85' lang='grc' dir='ltr'>τοσαύτην</span> <span class='ocrx_word' id='word_1_688' title='bbox 3251 3153 3346 3191; x_wconf 82' lang='grc' dir='ltr'>τα-</span> 
     </span>
    </p>
   </div>
   <div class='ocr_carea' id='block_1_86' title="bbox 1763 3235 3347 3308">
    <p class='ocr_par' dir='ltr' id='par_1_86' title="bbox 1763 3235 3347 3308">
     <span class='ocr_line' id='line_1_86' title="bbox 1763 3235 3347 3308; baseline 0 -18"><span class='ocrx_word' id='word_1_689' title='bbox 1763 3237 2020 3291; x_wconf 86' lang='grc' dir='ltr'>πείνωσιν</span> <span class='ocrx_word' id='word_1_690' title='bbox 2061 3236 2268 3300; x_wconf 81' lang='grc' dir='ltr'>ὑπέστη</span> <span class='ocrx_word' id='word_1_691' title='bbox 2319 3235 2670 3308; x_wconf 77' lang='grc' dir='ltr'>ἀντίρροπον.</span> <span class='ocrx_word' id='word_1_692' title='bbox 2701 3236 2913 3308; x_wconf 81' lang='grc' dir='ltr'>Ὥσπερ</span> <span class='ocrx_word' id='word_1_693' title='bbox 2963 3235 3184 3290; x_wconf 86' lang='grc' dir='ltr'>πάντων</span> <span class='ocrx_word' id='word_1_694' title='bbox 3227 3236 3347 3291; x_wconf 74' lang='grc' dir='ltr'>ἐστὶ</span> 
     </span>
    </p>
   </div>
   <div class='ocr_carea' id='block_1_87' title="bbox 1767 3330 3345 3406">
    <p class='ocr_par' dir='ltr' id='par_1_87' title="bbox 1767 3330 3345 3406">
     <span class='ocr_line' id='line_1_87' title="bbox 1767 3330 3345 3406; baseline 0.001 -20"><span class='ocrx_word' id='word_1_695' title='bbox 1767 3335 1989 3406; x_wconf 74' lang='grc' dir='ltr'>μείζων,</span> <span class='ocrx_word' id='word_1_696' title='bbox 2021 3336 2116 3388; x_wconf 78' lang='grc' dir='ltr'>καὶ</span> <span class='ocrx_word' id='word_1_697' title='bbox 2146 3332 2322 3394; x_wconf 74' lang='grc' dir='ltr'>οὐδεὶς</span> <span class='ocrx_word' id='word_1_698' title='bbox 2351 3330 2501 3402; x_wconf 85' lang='grc' dir='ltr'>αὑτῷ</span> <span class='ocrx_word' id='word_1_699' title='bbox 2528 3333 2665 3400; x_wconf 76' lang='grc' dir='ltr'>ἴσος,</span> <span class='ocrx_word' id='word_1_700' title='bbox 2697 3331 2841 3387; x_wconf 82' lang='grc' dir='ltr'>οὑτω</span> <span class='ocrx_word' id='word_1_701' title='bbox 2870 3333 2963 3387; x_wconf 80' lang='grc' dir='ltr'>καὶ</span> <span class='ocrx_word' id='word_1_702' title='bbox 2987 3337 3053 3405; x_wconf 84' lang='grc' dir='ltr'>τῇ</span> <span class='ocrx_word' id='word_1_703' title='bbox 3083 3334 3212 3404; x_wconf 72' lang='grc' dir='ltr'>περὶ</span> <span class='ocrx_word' id='word_1_704' title='bbox 3253 3331 3345 3388; x_wconf 83' lang='grc' dir='ltr'>τὸν</span> 
     </span>
    </p>
   </div>
   <div class='ocr_carea' id='block_1_88' title="bbox 1763 3429 3344 3502">
    <p class='ocr_par' dir='ltr' id='par_1_88' title="bbox 1763 3429 3344 3502">
     <span class='ocr_line' id='line_1_88' title="bbox 1763 3429 3344 3502; baseline 0.001 -19"><span class='ocrx_word' id='word_1_705' title='bbox 1763 3431 1980 3499; x_wconf 88' lang='grc' dir='ltr'>Πατέρα</span> <span class='ocrx_word' id='word_1_706' title='bbox 1995 3432 2127 3501; x_wconf 75' lang='grc' dir='ltr'>τιμῇ</span> <span class='ocrx_word' id='word_1_707' title='bbox 2146 3430 2354 3492; x_wconf 86' lang='grc' dir='ltr'>πάντας</span> <span class='ocrx_word' id='word_1_708' title='bbox 2377 3429 2652 3498; x_wconf 79' lang='grc' dir='ltr'>ἐνίκησεν,</span> <span class='ocrx_word' id='word_1_709' title='bbox 2669 3429 2770 3482; x_wconf 88' lang='grc' dir='ltr'>οὑκ</span> <span class='ocrx_word' id='word_1_710' title='bbox 2787 3429 2938 3502; x_wconf 70' lang='grc'>[249]</span> <span class='ocrx_word' id='word_1_711' title='bbox 2952 3431 3344 3499; x_wconf 78' lang='grc' dir='ltr'>ἀναγκασθεὶς,</span> 
     </span>
    </p>
   </div>
   <div class='ocr_carea' id='block_1_89' title="bbox 1763 3525 3347 3600">
    <p class='ocr_par' dir='ltr' id='par_1_89' title="bbox 1763 3525 3347 3600">
     <span class='ocr_line' id='line_1_89' title="bbox 1763 3525 3347 3600; baseline 0.001 -20"><span class='ocrx_word' id='word_1_712' title='bbox 1763 3527 1885 3582; x_wconf 87' lang='grc' dir='ltr'>οὑδὲ</span> <span class='ocrx_word' id='word_1_713' title='bbox 1905 3528 2073 3582; x_wconf 79' lang='grc' dir='ltr'>ἄκων.</span> <span class='ocrx_word' id='word_1_714' title='bbox 2106 3527 2216 3580; x_wconf 74' lang='grc' dir='ltr'>Καὶ</span> <span class='ocrx_word' id='word_1_715' title='bbox 2241 3525 2402 3579; x_wconf 89' lang='grc' dir='ltr'>τοῦτο</span> <span class='ocrx_word' id='word_1_716' title='bbox 2432 3527 2532 3594; x_wconf 87' lang='grc' dir='ltr'>τῆς</span> <span class='ocrx_word' id='word_1_717' title='bbox 2570 3526 2774 3596; x_wconf 78' lang='grc' dir='ltr'>ἀρετῆς</span> <span class='ocrx_word' id='word_1_718' title='bbox 2801 3527 2965 3580; x_wconf 87' lang='grc' dir='ltr'>αὑτοῦ</span> <span class='ocrx_word' id='word_1_719' title='bbox 2985 3544 2998 3558; x_wconf 91' lang='grc'><strong>·</strong></span> <span class='ocrx_word' id='word_1_720' title='bbox 3029 3528 3063 3598; x_wconf 75' lang='grc' dir='ltr'>ἢ</span> <span class='ocrx_word' id='word_1_721' title='bbox 3097 3529 3199 3582; x_wconf 90' lang='grc' dir='ltr'>οὑκ</span> <span class='ocrx_word' id='word_1_722' title='bbox 3237 3528 3347 3600; x_wconf 79' lang='grc' dir='ltr'>ἔχω</span> 
     </span>
    </p>
   </div>
   <div class='ocr_carea' id='block_1_90' title="bbox 1767 3625 3345 3696">
    <p class='ocr_par' dir='ltr' id='par_1_90' title="bbox 1767 3625 3345 3696">
     <span class='ocr_line' id='line_1_90' title="bbox 1767 3625 3345 3696; baseline 0.003 -17"><span class='ocrx_word' id='word_1_723' title='bbox 1767 3626 1885 3690; x_wconf 81' lang='grc' dir='ltr'>πῶς</span> <span class='ocrx_word' id='word_1_724' title='bbox 1904 3627 2063 3682; x_wconf 78' lang='grc' dir='ltr'>εἴπω.</span> <span class='ocrx_word' id='word_1_725' title='bbox 2101 3625 2312 3679; x_wconf 74' lang='grc' dir='ltr'>Βαὸαίῑ</span> <span class='ocrx_word' id='word_1_726' title='bbox 2341 3626 2484 3695; x_wconf 87' lang='grc' dir='ltr'>μέγα</span> <span class='ocrx_word' id='word_1_727' title='bbox 2513 3626 2608 3679; x_wconf 72' lang='grc' dir='ltr'>καὶ</span> <span class='ocrx_word' id='word_1_728' title='bbox 2638 3626 2702 3679; x_wconf 88' lang='grc' dir='ltr'>τὸ</span> <span class='ocrx_word' id='word_1_729' title='bbox 2727 3625 2913 3680; x_wconf 86' lang='grc' dir='ltr'>δοῦλον</span> <span class='ocrx_word' id='word_1_730' title='bbox 2944 3628 3224 3696; x_wconf 87' lang='grc' dir='ltr'>γενέσθαι,</span> <span class='ocrx_word' id='word_1_731' title='bbox 3249 3629 3345 3684; x_wconf 74' lang='grc' dir='ltr'>καὶ</span> 
     </span>
    </p>
   </div>
   <div class='ocr_carea' id='block_1_91' title="bbox 1768 3721 3346 3794">
    <p class='ocr_par' dir='ltr' id='par_1_91' title="bbox 1768 3721 3346 3794">
     <span class='ocr_line' id='line_1_91' title="bbox 1768 3721 3346 3794; baseline 0.001 -18"><span class='ocrx_word' id='word_1_732' title='bbox 1768 3723 1972 3794; x_wconf 70' lang='grc' dir='ltr'>σφόδρα</span> <span class='ocrx_word' id='word_1_733' title='bbox 1993 3723 2228 3794; x_wconf 67' lang='grc' dir='ltr'>ἄρρητον</span> <span class='ocrx_word' id='word_1_734' title='bbox 2256 3739 2272 3754; x_wconf 80' lang='grc' dir='ltr'><strong><em>ο</em></strong></span> <span class='ocrx_word' id='word_1_735' title='bbox 2299 3721 2360 3775; x_wconf 91' lang='grc' dir='ltr'>τὸ</span> <span class='ocrx_word' id='word_1_736' title='bbox 2382 3722 2440 3775; x_wconf 81' lang='grc' dir='ltr'>δὲ</span> <span class='ocrx_word' id='word_1_737' title='bbox 2460 3723 2554 3776; x_wconf 76' lang='grc' dir='ltr'>καὶ</span> <span class='ocrx_word' id='word_1_738' title='bbox 2573 3722 2804 3776; x_wconf 86' lang='grc' dir='ltr'>θάνατον</span> <span class='ocrx_word' id='word_1_739' title='bbox 2831 3724 3154 3794; x_wconf 85' lang='grc' dir='ltr'>ὑποστῆναι,</span> <span class='ocrx_word' id='word_1_740' title='bbox 3182 3725 3346 3781; x_wconf 85' lang='grc' dir='ltr'>πάλιν</span> 
     </span>
    </p>
   </div>
   <div class='ocr_carea' id='block_1_92' title="bbox 1767 3820 3346 3893">
    <p class='ocr_par' dir='ltr' id='par_1_92' title="bbox 1767 3820 3346 3893">
     <span class='ocr_line' id='line_1_92' title="bbox 1767 3820 3346 3893; baseline 0.001 -17"><span class='ocrx_word' id='word_1_741' title='bbox 1767 3820 1948 3893; x_wconf 80' lang='grc' dir='ltr'>πολλῷ</span> <span class='ocrx_word' id='word_1_742' title='bbox 1977 3821 2155 3875; x_wconf 82' lang='grc' dir='ltr'>πλέον.</span> <span class='ocrx_word' id='word_1_743' title='bbox 2203 3821 2342 3874; x_wconf 83' lang='grc' dir='ltr'>Ἀλλ’</span> <span class='ocrx_word' id='word_1_744' title='bbox 2374 3820 2490 3875; x_wconf 74' lang='grc' dir='ltr'>ἐστι</span> <span class='ocrx_word' id='word_1_745' title='bbox 2521 3822 2617 3875; x_wconf 81' lang='grc' dir='ltr'>καὶ</span> <span class='ocrx_word' id='word_1_746' title='bbox 2640 3821 2828 3888; x_wconf 74' lang='grc' dir='ltr'>ἕτερόν</span> <span class='ocrx_word' id='word_1_747' title='bbox 2855 3839 2908 3875; x_wconf 92' lang='grc' dir='ltr'>τι</span> <span class='ocrx_word' id='word_1_748' title='bbox 2937 3822 3131 3877; x_wconf 88' lang='grc' dir='ltr'>τούτου</span> <span class='ocrx_word' id='word_1_749' title='bbox 3159 3825 3346 3892; x_wconf 78' lang='grc' dir='ltr'>μεῖζον</span> 
     </span>
    </p>
   </div>
   <div class='ocr_carea' id='block_1_93' title="bbox 1769 3919 3348 3994">
    <p class='ocr_par' dir='ltr' id='par_1_93' title="bbox 1769 3919 3348 3994">
     <span class='ocr_line' id='line_1_93' title="bbox 1769 3919 3348 3994; baseline 0.001 -19"><span class='ocrx_word' id='word_1_750' title='bbox 1769 3924 1860 3976; x_wconf 74' lang='grc' dir='ltr'>καὶ</span> <span class='ocrx_word' id='word_1_751' title='bbox 1908 3919 2356 3993; x_wconf 82' lang='grc' dir='ltr'>παραδοξότερον.</span> <span class='ocrx_word' id='word_1_752' title='bbox 2407 3922 2565 3975; x_wconf 86' lang='grc' dir='ltr'>Ποῖον</span> <span class='ocrx_word' id='word_1_753' title='bbox 2613 3919 2673 3974; x_wconf 85' lang='grc' dir='ltr'>δὲ</span> <span class='ocrx_word' id='word_1_754' title='bbox 2714 3920 2904 3986; x_wconf 88' lang='grc' dir='ltr'>τοῦτο;</span> <span class='ocrx_word' id='word_1_755' title='bbox 2947 3922 3029 3976; x_wconf 81' lang='grc' dir='ltr'>ὅτι</span> <span class='ocrx_word' id='word_1_756' title='bbox 3068 3923 3164 3994; x_wconf 86' lang='grc' dir='ltr'>οὑχ</span> <span class='ocrx_word' id='word_1_757' title='bbox 3198 3923 3348 3987; x_wconf 74' lang='grc' dir='ltr'>ἃπας</span> 
     </span>
    </p>
   </div>
   <div class='ocr_carea' id='block_1_94' title="bbox 1767 4015 3346 4094">
    <p class='ocr_par' dir='ltr' id='par_1_94' title="bbox 1767 4015 3346 4094">
     <span class='ocr_line' id='line_1_94' title="bbox 1767 4015 3346 4094; baseline -0.001 -18"><span class='ocrx_word' id='word_1_758' title='bbox 1767 4022 1990 4084; x_wconf 85' lang='grc' dir='ltr'>θάνατος</span> <span class='ocrx_word' id='word_1_759' title='bbox 2005 4021 2208 4092; x_wconf 81' lang='grc' dir='ltr'>ὅμοιος.</span> <span class='ocrx_word' id='word_1_760' title='bbox 2229 4015 2394 4084; x_wconf 68' lang='grc' dir='ltr'>Οὗτος</span> <span class='ocrx_word' id='word_1_761' title='bbox 2413 4020 2520 4092; x_wconf 81' lang='grc' dir='ltr'>γὰρ</span> <span class='ocrx_word' id='word_1_762' title='bbox 2534 4021 2754 4074; x_wconf 76' lang='grc' dir='ltr'>πάντων</span> <span class='ocrx_word' id='word_1_763' title='bbox 2777 4021 3346 4094; x_wconf 78' lang='grc' dir='ltr'>ἐπονειδιστικώτερος</span> 
     </span>
    </p>
   </div>
   <div class='ocr_carea' id='block_1_95' title="bbox 1768 4111 3346 4190">
    <p class='ocr_par' dir='ltr' id='par_1_95' title="bbox 1768 4111 3346 4190">
     <span class='ocr_line' id='line_1_95' title="bbox 1768 4111 3346 4190; baseline 0.001 -19"><span class='ocrx_word' id='word_1_764' title='bbox 1768 4113 1906 4171; x_wconf 81' lang='grc' dir='ltr'>εἶναι</span> <span class='ocrx_word' id='word_1_765' title='bbox 1940 4118 2136 4185; x_wconf 82' lang='grc' dir='ltr'>ἐδόκει,</span> <span class='ocrx_word' id='word_1_766' title='bbox 2159 4111 2313 4182; x_wconf 74' lang='grc' dir='ltr'>οὗτος</span> <span class='ocrx_word' id='word_1_767' title='bbox 2335 4119 2363 4171; x_wconf 91' lang='lat'>6</span> <span class='ocrx_word' id='word_1_768' title='bbox 2387 4116 2650 4188; x_wconf 86' lang='grc' dir='ltr'>αἰσχύνης</span> <span class='ocrx_word' id='word_1_769' title='bbox 2673 4117 2877 4188; x_wconf 90' lang='grc' dir='ltr'>γέμων.</span> <span class='ocrx_word' id='word_1_770' title='bbox 2909 4112 3063 4178; x_wconf 70' lang='grc' dir='ltr'>οὗτος</span> <span class='ocrx_word' id='word_1_771' title='bbox 3081 4119 3110 4172; x_wconf 89' lang='lat'>6</span> <span class='ocrx_word' id='word_1_772' title='bbox 3137 4119 3346 4190; x_wconf 75' lang='grc' dir='ltr'>ἐπάραο</span> 
     </span>
    </p>
   </div>
   <div class='ocr_carea' id='block_1_96' title="bbox 1767 4213 3344 4286">
    <p class='ocr_par' dir='ltr' id='par_1_96' title="bbox 1767 4213 3344 4286">
     <span class='ocr_line' id='line_1_96' title="bbox 1767 4213 3344 4286; baseline 0 -16"><span class='ocrx_word' id='word_1_773' title='bbox 1767 4233 1861 4280; x_wconf 91' lang='grc' dir='ltr'>τος</span> <span class='ocrx_word' id='word_1_774' title='bbox 1883 4232 1898 4248; x_wconf 84' lang='grc'><strong>·</strong></span> <span class='ocrx_word' id='word_1_775' title='bbox 1946 4215 2399 4284; x_wconf 77' lang='grc' dir='ltr'>Ἐπικατάρατος</span> <span class='ocrx_word' id='word_1_776' title='bbox 2421 4215 2549 4286; x_wconf 83' lang='grc' dir='ltr'>γὰρ,</span> <span class='ocrx_word' id='word_1_777' title='bbox 2584 4215 2739 4286; x_wconf 73' lang='grc' dir='ltr'>φησὶ,</span> <span class='ocrx_word' id='word_1_778' title='bbox 2775 4213 2894 4280; x_wconf 80' lang='grc' dir='ltr'>πᾶς</span> <span class='ocrx_word' id='word_1_779' title='bbox 2919 4217 2952 4268; x_wconf 90' lang='grc' dir='ltr'>ὁ</span> <span class='ocrx_word' id='word_1_780' title='bbox 2976 4215 3344 4285; x_wconf 75' lang='grc' dir='ltr'>κρεμάμενος</span> 
     </span>
    </p>
   </div>
   <div class='ocr_carea' id='block_1_97' title="bbox 1769 4310 3344 4381">
    <p class='ocr_par' dir='ltr' id='par_1_97' title="bbox 1769 4310 3344 4381">
     <span class='ocr_line' id='line_1_97' title="bbox 1769 4310 3344 4381; baseline 0.001 -13"><span class='ocrx_word' id='word_1_781' title='bbox 1769 4313 1868 4368; x_wconf 77' lang='grc' dir='ltr'>ἐπὶ</span> <span class='ocrx_word' id='word_1_782' title='bbox 1892 4313 2106 4377; x_wconf 77' lang='grc' dir='ltr'>ξύλου.</span> <span class='ocrx_word' id='word_1_783' title='bbox 2137 4313 2238 4366; x_wconf 75' lang='grc' dir='ltr'>Διὰ</span> <span class='ocrx_word' id='word_1_784' title='bbox 2267 4311 2422 4366; x_wconf 90' lang='grc' dir='ltr'>τοῦτο</span> <span class='ocrx_word' id='word_1_785' title='bbox 2453 4312 2547 4364; x_wconf 81' lang='grc' dir='ltr'>καὶ</span> <span class='ocrx_word' id='word_1_786' title='bbox 2591 4310 2836 4363; x_wconf 83' lang='grc' dir='ltr'>Ἰουδαῖοι</span> <span class='ocrx_word' id='word_1_787' title='bbox 2867 4310 3041 4381; x_wconf 80' lang='grc' dir='ltr'>τούτῳ</span> <span class='ocrx_word' id='word_1_788' title='bbox 3077 4313 3344 4370; x_wconf 74' lang='grc' dir='ltr'>ἐσπούδα-</span> 
     </span>
    </p>
   </div>
   <div class='ocr_carea' id='block_1_98' title="bbox 1772 4407 3343 4482">
    <p class='ocr_par' dir='ltr' id='par_1_98' title="bbox 1772 4407 3343 4482">
     <span class='ocr_line' id='line_1_98' title="bbox 1772 4407 3343 4482; baseline 0.001 -18"><span class='ocrx_word' id='word_1_789' title='bbox 1772 4427 1870 4464; x_wconf 86' lang='grc' dir='ltr'>σαν</span> <span class='ocrx_word' id='word_1_790' title='bbox 1897 4410 2057 4463; x_wconf 89' lang='grc' dir='ltr'>αὑτὸν</span> <span class='ocrx_word' id='word_1_791' title='bbox 2104 4410 2336 4475; x_wconf 86' lang='grc' dir='ltr'>ἀνελεῖν,</span> <span class='ocrx_word' id='word_1_792' title='bbox 2387 4407 2529 4460; x_wconf 78' lang='grc' dir='ltr'>ὥστε</span> <span class='ocrx_word' id='word_1_793' title='bbox 2559 4408 2654 4460; x_wconf 72' lang='grc' dir='ltr'>καὶ</span> <span class='ocrx_word' id='word_1_794' title='bbox 2691 4407 3054 4464; x_wconf 79' lang='grc' dir='ltr'>ἐπονείδιστον</span> <span class='ocrx_word' id='word_1_795' title='bbox 3100 4412 3343 4482; x_wconf 80' lang='grc' dir='ltr'>ἐργάσα-</span> 
     </span>
    </p>
   </div>
   <div class='ocr_carea' id='block_1_99' title="bbox 1772 4489 3344 4578">
    <p class='ocr_par' dir='ltr' id='par_1_99' title="bbox 1772 4489 3344 4578">
     <span class='ocr_line' id='line_1_99' title="bbox 1772 4489 3344 4578; baseline 0.001 -18"><span class='ocrx_word' id='word_1_796' title='bbox 1772 4508 1916 4570; x_wconf 90' lang='grc' dir='ltr'>σθαι,</span> <span class='ocrx_word' id='word_1_797' title='bbox 1941 4506 2029 4560; x_wconf 83' lang='grc' dir='ltr'>ἵνα</span> <span class='ocrx_word' id='word_1_798' title='bbox 2066 4507 2114 4560; x_wconf 77' lang='grc' dir='ltr'>εί</span> <span class='ocrx_word' id='word_1_799' title='bbox 2144 4507 2236 4559; x_wconf 69' lang='grc' dir='ltr'>καὶ</span> <span class='ocrx_word' id='word_1_800' title='bbox 2259 4505 2334 4576; x_wconf 79' lang='grc' dir='ltr'>τῷ</span> <span class='ocrx_word' id='word_1_801' title='bbox 2355 4489 2706 4576; x_wconf 81' lang='grc' dir='ltr'>ἀναιρεθῆναι</span> <span class='ocrx_word' id='word_1_802' title='bbox 2739 4503 2928 4575; x_wconf 71' lang='grc' dir='ltr'>μηδεὶς</span> <span class='ocrx_word' id='word_1_803' title='bbox 2956 4505 3226 4578; x_wconf 80' lang='grc' dir='ltr'>ἀπέχηται</span> <span class='ocrx_word' id='word_1_804' title='bbox 3251 4509 3344 4562; x_wconf 79' lang='grc' dir='ltr'>αὑ⁴</span> 
     </span>
    </p>
   </div>
   <div class='ocr_carea' id='block_1_100' title="bbox 1766 4601 3341 4679">
    <p class='ocr_par' dir='ltr' id='par_1_100' title="bbox 1766 4601 3341 4679">
     <span class='ocr_line' id='line_1_100' title="bbox 1766 4601 3341 4679; baseline 0.001 -22"><span class='ocrx_word' id='word_1_805' title='bbox 1766 4602 1885 4668; x_wconf 89' lang='grc' dir='ltr'>τοῦ,</span> <span class='ocrx_word' id='word_1_806' title='bbox 1920 4603 2057 4658; x_wconf 85' lang='grc' dir='ltr'>ἀλλὰ</span> <span class='ocrx_word' id='word_1_807' title='bbox 2087 4603 2165 4674; x_wconf 83' lang='grc' dir='ltr'>τῷ</span> <span class='ocrx_word' id='word_1_808' title='bbox 2189 4602 2362 4666; x_wconf 79' lang='grc' dir='ltr'>οὕτως</span> <span class='ocrx_word' id='word_1_809' title='bbox 2395 4601 2766 4673; x_wconf 76' lang='grc' dir='ltr'>ἀναιρεθῆναι.</span> <span class='ocrx_word' id='word_1_810' title='bbox 2809 4602 2908 4656; x_wconf 79' lang='grc' dir='ltr'>Διὰ</span> <span class='ocrx_word' id='word_1_811' title='bbox 2936 4603 3094 4657; x_wconf 89' lang='grc' dir='ltr'>τοῦτο</span> <span class='ocrx_word' id='word_1_812' title='bbox 3124 4607 3216 4661; x_wconf 76' lang='grc' dir='ltr'>καὶ</span> <span class='ocrx_word' id='word_1_813' title='bbox 3243 4603 3341 4679; x_wconf 85' lang='grc' dir='ltr'>λῃ-</span> 
     </span>
    </p>
   </div>
   <div class='ocr_carea' id='block_1_101' title="bbox 1771 4697 3340 4777">
    <p class='ocr_par' dir='ltr' id='par_1_101' title="bbox 1771 4697 3340 4777">
     <span class='ocr_line' id='line_1_101' title="bbox 1771 4697 3340 4777; baseline 0.001 -22"><span class='ocrx_word' id='word_1_814' title='bbox 1771 4702 1892 4756; x_wconf 77' lang='grc' dir='ltr'>σταὶ</span> <span class='ocrx_word' id='word_1_815' title='bbox 1906 4701 1998 4754; x_wconf 85' lang='grc' dir='ltr'>δύο</span> <span class='ocrx_word' id='word_1_816' title='bbox 2021 4699 2224 4771; x_wconf 82' lang='grc' dir='ltr'>μεταξὺ</span> <span class='ocrx_word' id='word_1_817' title='bbox 2251 4697 2415 4753; x_wconf 90' lang='grc' dir='ltr'>αὑτοῦ</span> <span class='ocrx_word' id='word_1_818' title='bbox 2445 4699 2888 4771; x_wconf 86' lang='grc' dir='ltr'>ἐσταυρώθησαν,</span> <span class='ocrx_word' id='word_1_819' title='bbox 2921 4701 3010 4755; x_wconf 85' lang='grc' dir='ltr'>ἴνα</span> <span class='ocrx_word' id='word_1_820' title='bbox 3041 4704 3340 4777; x_wconf 84' lang='grc' dir='ltr'>κοινωνήσῃ</span> 
     </span>
    </p>
   </div>
   <div class='ocr_carea' id='block_1_102' title="bbox 1769 4795 3345 4870">
    <p class='ocr_par' dir='ltr' id='par_1_102' title="bbox 1769 4795 3345 4870">
     <span class='ocr_line' id='line_1_102' title="bbox 1769 4795 3345 4870; baseline 0.027 -33"><span class='ocrx_word' id='word_1_821' title='bbox 1769 4799 1868 4869; x_wconf 69' lang='grc' dir='ltr'>τῆς</span> <span class='ocrx_word' id='word_1_822' title='bbox 1911 4797 2070 4868; x_wconf 83' lang='grc' dir='ltr'>δόξης</span> <span class='ocrx_word' id='word_1_823' title='bbox 2114 4797 2317 4860; x_wconf 82' lang='grc' dir='ltr'>αὐτοῖς,</span> <span class='ocrx_word' id='word_1_824' title='bbox 2355 4795 2449 4848; x_wconf 69' lang='grc' dir='ltr'>καὶ</span> <span class='ocrx_word' id='word_1_825' title='bbox 2487 4795 2748 4867; x_wconf 84' lang='grc' dir='ltr'>πληρωθῇ</span> <span class='ocrx_word' id='word_1_826' title='bbox 2784 4796 2846 4850; x_wconf 73' lang='grc' dir='ltr'>τὸ</span> <span class='ocrx_word' id='word_1_827' title='bbox 2891 4797 3201 4870; x_wconf 67' lang='grc' dir='ltr'>εἰρημένων</span> <span class='ocrx_word' id='word_1_828' title='bbox 3233 4801 3345 4856; x_wconf 58' lang='grc' dir='ltr'>καὶ</span> 
     </span>
    </p>
   </div>
   <div class='ocr_carea' id='block_1_103' title="bbox 1764 4905 3343 4985">
    <p class='ocr_par' dir='ltr' id='par_1_103' title="bbox 1764 4905 3343 4985">
     <span class='ocr_line' id='line_1_103' title="bbox 1764 4905 3343 4985; baseline 0.003 -25"><span class='ocrx_word' id='word_1_829' title='bbox 1764 4907 1916 4977; x_wconf 84' lang='grc' dir='ltr'>μετὰ</span> <span class='ocrx_word' id='word_1_830' title='bbox 1945 4907 2186 4975; x_wconf 81' lang='grc' dir='ltr'>ἀνόμων</span> <span class='ocrx_word' id='word_1_831' title='bbox 2219 4906 2528 4975; x_wconf 74' lang='grc' dir='ltr'>ἐλογίσθη.</span> <span class='ocrx_word' id='word_1_832' title='bbox 2587 4905 2747 4960; x_wconf 78' lang='grc' dir='ltr'>Ἀλλὰ</span> <span class='ocrx_word' id='word_1_833' title='bbox 2787 4906 3026 4979; x_wconf 86' lang='grc' dir='ltr'>τοσούτῳ</span> <span class='ocrx_word' id='word_1_834' title='bbox 3081 4909 3279 4980; x_wconf 81' lang='grc' dir='ltr'>μᾶλλον</span> <span class='ocrx_word' id='word_1_835' title='bbox 3309 4911 3343 4985; x_wconf 87' lang='grc' dir='ltr'>ή</span> 
     </span>
    </p>
   </div>
   <div class='ocr_carea' id='block_1_104' title="bbox 1769 4999 3345 5074">
    <p class='ocr_par' dir='ltr' id='par_1_104' title="bbox 1769 4999 3345 5074">
     <span class='ocr_line' id='line_1_104' title="bbox 1769 4999 3345 5074; baseline 0.002 -17"><span class='ocrx_word' id='word_1_836' title='bbox 1769 5002 1996 5072; x_wconf 82' lang='grc' dir='ltr'>ἀλήθεια</span> <span class='ocrx_word' id='word_1_837' title='bbox 2029 5002 2254 5072; x_wconf 83' lang='grc' dir='ltr'>λάμπει,</span> <span class='ocrx_word' id='word_1_838' title='bbox 2283 5000 2522 5072; x_wconf 86' lang='grc' dir='ltr'>τοσούτῳ</span> <span class='ocrx_word' id='word_1_839' title='bbox 2556 4999 2884 5074; x_wconf 84' lang='grc' dir='ltr'>φαιδροτέρα</span> <span class='ocrx_word' id='word_1_840' title='bbox 2905 5003 3138 5072; x_wconf 87' lang='grc' dir='ltr'>γίνεται.</span> <span class='ocrx_word' id='word_1_841' title='bbox 3175 5007 3345 5060; x_wconf 87' lang='grc' dir='ltr'>Ὅταν</span> 
     </span>
    </p>
   </div>
   <div class='ocr_carea' id='block_1_105' title="bbox 1768 5094 3346 5172">
    <p class='ocr_par' dir='ltr' id='par_1_105' title="bbox 1768 5094 3346 5172">
     <span class='ocr_line' id='line_1_105' title="bbox 1768 5094 3346 5172; baseline 0.003 -20"><span class='ocrx_word' id='word_1_842' title='bbox 1768 5099 1877 5170; x_wconf 81' lang='grc' dir='ltr'>γὰρ</span> <span class='ocrx_word' id='word_1_843' title='bbox 1910 5098 2145 5152; x_wconf 86' lang='grc' dir='ltr'>τοσαῦτα</span> <span class='ocrx_word' id='word_1_844' title='bbox 2240 5099 2605 5170; x_wconf 85' lang='grc' dir='ltr'>μηχανήματα</span> <span class='ocrx_word' id='word_1_845' title='bbox 2635 5099 2787 5170; x_wconf 76' lang='grc' dir='ltr'>παρὰ</span> <span class='ocrx_word' id='word_1_846' title='bbox 2813 5099 2924 5153; x_wconf 82' lang='grc' dir='ltr'>τῶν</span> <span class='ocrx_word' id='word_1_847' title='bbox 2964 5099 3177 5172; x_wconf 86' lang='grc' dir='ltr'>ἐχθρῶν</span> <span class='ocrx_word' id='word_1_848' title='bbox 3204 5102 3346 5157; x_wconf 87' lang='grc' dir='ltr'>κατὰ</span> 
     </span>
    </p>
   </div>
   <div class='ocr_carea' id='block_1_106' title="bbox 1769 5191 3346 5270">
    <p class='ocr_par' dir='ltr' id='par_1_106' title="bbox 1769 5191 3346 5270">
     <span class='ocr_line' id='line_1_106' title="bbox 1769 5191 3346 5270; baseline 0.003 -23"><span class='ocrx_word' id='word_1_849' title='bbox 1769 5196 1887 5266; x_wconf 64' lang='grc' dir='ltr'>τῆςε</span> <span class='ocrx_word' id='word_1_850' title='bbox 1901 5191 2057 5266; x_wconf 81' lang='grc' dir='ltr'>δόξης</span> <span class='ocrx_word' id='word_1_851' title='bbox 2091 5194 2256 5248; x_wconf 90' lang='grc' dir='ltr'>αὑτοῦ</span> <span class='ocrx_word' id='word_1_852' title='bbox 2285 5195 2565 5265; x_wconf 86' lang='grc' dir='ltr'>γινόμενα,</span> <span class='ocrx_word' id='word_1_853' title='bbox 2608 5194 2888 5270; x_wconf 80' lang='grc' dir='ltr'>διαλάμπῃ</span> <span class='ocrx_word' id='word_1_854' title='bbox 2933 5197 3010 5261; x_wconf 75' lang='grc' dir='ltr'>δὲ,</span> <span class='ocrx_word' id='word_1_855' title='bbox 3046 5198 3346 5269; x_wconf 81' lang='grc' dir='ltr'>μᾶλλοντδ</span> 
     </span>
    </p>
   </div>
   <div class='ocr_carea' id='block_1_107' title="bbox 1771 5289 3345 5364">
    <p class='ocr_par' dir='ltr' id='par_1_107' title="bbox 1771 5289 3345 5364">
     <span class='ocr_line' id='line_1_107' title="bbox 1771 5289 3345 5364; baseline 0.001 -20"><span class='ocrx_word' id='word_1_856' title='bbox 1771 5289 1952 5364; x_wconf 88' lang='grc' dir='ltr'>θαῦμα</span> <span class='ocrx_word' id='word_1_857' title='bbox 1985 5291 2170 5362; x_wconf 80' lang='grc' dir='ltr'>μεῖζον</span> <span class='ocrx_word' id='word_1_858' title='bbox 2191 5291 2483 5345; x_wconf 83' lang='grc' dir='ltr'>δείκνυται.</span> <span class='ocrx_word' id='word_1_859' title='bbox 2509 5292 2583 5346; x_wconf 86' lang='grc' dir='ltr'>Οὑ</span> <span class='ocrx_word' id='word_1_860' title='bbox 2616 5292 2724 5364; x_wconf 86' lang='grc' dir='ltr'>γὰρ</span> <span class='ocrx_word' id='word_1_861' title='bbox 2755 5293 2834 5364; x_wconf 83' lang='grc' dir='ltr'>τῷ</span> <span class='ocrx_word' id='word_1_862' title='bbox 2874 5293 3060 5356; x_wconf 81' lang='grc' dir='ltr'>ἁπλῶς</span> <span class='ocrx_word' id='word_1_863' title='bbox 3085 5294 3345 5348; x_wconf 78' lang='grc' dir='ltr'>ἀποκτεῖ-</span> 
     </span>
    </p>
   </div>
   <div class='ocr_carea' id='block_1_108' title="bbox 1770 5387 3343 5461">
    <p class='ocr_par' dir='ltr' id='par_1_108' title="bbox 1770 5387 3343 5461">
     <span class='ocr_line' id='line_1_108' title="bbox 1770 5387 3343 5461; baseline -0.001 -17"><span class='ocrx_word' id='word_1_864' title='bbox 1770 5407 1878 5452; x_wconf 87' lang='grc' dir='ltr'>ναι,</span> <span class='ocrx_word' id='word_1_865' title='bbox 1907 5390 2042 5444; x_wconf 75' lang='grc' dir='ltr'>ἀλλὰ</span> <span class='ocrx_word' id='word_1_866' title='bbox 2080 5391 2174 5442; x_wconf 78' lang='grc' dir='ltr'>καὶ</span> <span class='ocrx_word' id='word_1_867' title='bbox 2211 5389 2288 5461; x_wconf 78' lang='grc' dir='ltr'>τῷ</span> <span class='ocrx_word' id='word_1_868' title='bbox 2320 5387 2490 5452; x_wconf 82' lang='grc' dir='ltr'>οὓτως</span> <span class='ocrx_word' id='word_1_869' title='bbox 2516 5391 2834 5444; x_wconf 84' lang='grc' dir='ltr'>ἀποκτεῖναι</span> <span class='ocrx_word' id='word_1_870' title='bbox 2863 5389 3029 5458; x_wconf 76' lang='grc' dir='ltr'>ᾤοντο</span> <span class='ocrx_word' id='word_1_871' title='bbox 3058 5389 3343 5458; x_wconf 79' lang='grc' dir='ltr'>βδελυκτὸν</span> 
     </span>
    </p>
   </div>
   <div class='ocr_carea' id='block_1_109' title="bbox 1772 5484 3346 5558">
    <p class='ocr_par' dir='ltr' id='par_1_109' title="bbox 1772 5484 3346 5558">
     <span class='ocr_line' id='line_1_109' title="bbox 1772 5484 3346 5558; baseline -0.001 -17"><span class='ocrx_word' id='word_1_872' title='bbox 1772 5487 1934 5541; x_wconf 87' lang='grc' dir='ltr'>αὑτὸν</span> <span class='ocrx_word' id='word_1_873' title='bbox 1960 5487 2319 5558; x_wconf 86' lang='grc' dir='ltr'>ἐργάσασθαι,</span> <span class='ocrx_word' id='word_1_874' title='bbox 2353 5486 2447 5541; x_wconf 78' lang='grc' dir='ltr'>καὶ</span> <span class='ocrx_word' id='word_1_875' title='bbox 2470 5487 2686 5541; x_wconf 85' lang='grc' dir='ltr'>πάντων</span> <span class='ocrx_word' id='word_1_876' title='bbox 2712 5485 3030 5554; x_wconf 79' lang='grc' dir='ltr'>ἀποφαίνειν</span> <span class='ocrx_word' id='word_1_877' title='bbox 3061 5484 3346 5556; x_wconf 82' lang='grc' dir='ltr'>βδελυκτό-</span> 
     </span>
    </p>
   </div>
   <div class='ocr_carea' id='block_1_110' title="bbox 1769 5591 3344 5668">
    <p class='ocr_par' dir='ltr' id='par_1_110' title="bbox 1769 5591 3344 5668">
     <span class='ocr_line' id='line_1_110' title="bbox 1769 5591 3344 5668; baseline -0.001 -19"><span class='ocrx_word' id='word_1_878' title='bbox 1769 5611 1926 5668; x_wconf 88' lang='grc' dir='ltr'>τερον</span> <span class='ocrx_word' id='word_1_879' title='bbox 1965 5612 1979 5626; x_wconf 78' lang='grc' dir='ltr'><strong>ο</strong></span> <span class='ocrx_word' id='word_1_880' title='bbox 2018 5595 2108 5649; x_wconf 74' lang='grc' dir='ltr'>καὶ</span> <span class='ocrx_word' id='word_1_881' title='bbox 2149 5594 2301 5648; x_wconf 80' lang='grc' dir='ltr'>οὐδὲν</span> <span class='ocrx_word' id='word_1_882' title='bbox 2345 5595 2590 5665; x_wconf 83' lang='grc' dir='ltr'>ἴσχυσαν.</span> <span class='ocrx_word' id='word_1_883' title='bbox 2642 5591 2800 5647; x_wconf 79' lang='grc' dir='ltr'>Οὕτω</span> <span class='ocrx_word' id='word_1_884' title='bbox 2847 5591 2904 5647; x_wconf 85' lang='grc' dir='ltr'>δὲ</span> <span class='ocrx_word' id='word_1_885' title='bbox 2951 5594 3139 5665; x_wconf 79' lang='grc' dir='ltr'>μιαροί</span> <span class='ocrx_word' id='word_1_886' title='bbox 3198 5611 3344 5660; x_wconf 88' lang='grc' dir='ltr'>τινες</span> 
     </span>
    </p>
   </div>
   <div class='ocr_carea' id='block_1_111' title="bbox 1767 5685 3344 5763">
    <p class='ocr_par' dir='ltr' id='par_1_111' title="bbox 1767 5685 3344 5763">
     <span class='ocr_line' id='line_1_111' title="bbox 1767 5685 3344 5763; baseline 0 -18"><span class='ocrx_word' id='word_1_887' title='bbox 1767 5687 1908 5762; x_wconf 81' lang='grc' dir='ltr'>ἦσαν</span> <span class='ocrx_word' id='word_1_888' title='bbox 1950 5691 2248 5763; x_wconf 80' lang='grc' dir='ltr'>ἀμφότεροι</span> <span class='ocrx_word' id='word_1_889' title='bbox 2277 5692 2326 5744; x_wconf 90' lang='grc' dir='ltr'>οί</span> <span class='ocrx_word' id='word_1_890' title='bbox 2371 5689 2572 5761; x_wconf 78' lang='grc' dir='ltr'>λῃσταί</span> <span class='ocrx_word' id='word_1_891' title='bbox 2591 5706 2605 5720; x_wconf 86' lang='grc'><strong>·</strong></span> <span class='ocrx_word' id='word_1_892' title='bbox 2636 5688 2862 5761; x_wconf 82' lang='grc' dir='ltr'>ὕστερον</span> <span class='ocrx_word' id='word_1_893' title='bbox 2883 5689 2992 5761; x_wconf 87' lang='grc' dir='ltr'>γὰρ</span> <span class='ocrx_word' id='word_1_894' title='bbox 3027 5690 3056 5743; x_wconf 89' lang='lat'>6</span> <span class='ocrx_word' id='word_1_895' title='bbox 3096 5685 3178 5754; x_wconf 75' lang='grc' dir='ltr'>εἷς</span> <span class='ocrx_word' id='word_1_896' title='bbox 3209 5708 3344 5762; x_wconf 82' lang='grc' dir='ltr'>μετ-</span> 
     </span>
    </p>
   </div>
   <div class='ocr_carea' id='block_1_112' title="bbox 1772 5782 3339 5861">
    <p class='ocr_par' dir='ltr' id='par_1_112' title="bbox 1772 5782 3339 5861">
     <span class='ocr_line' id='line_1_112' title="bbox 1772 5782 3339 5861; baseline -0.001 -16"><span class='ocrx_word' id='word_1_897' title='bbox 1772 5789 2014 5858; x_wconf 80' lang='grc' dir='ltr'>εϐάλετο,</span> <span class='ocrx_word' id='word_1_898' title='bbox 2046 5788 2128 5842; x_wconf 80' lang='grc' dir='ltr'>ὅτι</span> <span class='ocrx_word' id='word_1_899' title='bbox 2160 5787 2254 5843; x_wconf 81' lang='grc' dir='ltr'>καὶ</span> <span class='ocrx_word' id='word_1_900' title='bbox 2293 5787 2351 5842; x_wconf 69' lang='grc' dir='ltr'>ἐν</span> <span class='ocrx_word' id='word_1_901' title='bbox 2387 5785 2606 5859; x_wconf 83' lang='grc' dir='ltr'>σταυρῴ</span> <span class='ocrx_word' id='word_1_902' title='bbox 2638 5785 2810 5854; x_wconf 72' lang='grc' dir='ltr'>ὄντες,</span> <span class='ocrx_word' id='word_1_903' title='bbox 2840 5782 3113 5853; x_wconf 75' lang='grc' dir='ltr'>ὠνείδιζον</span> <span class='ocrx_word' id='word_1_904' title='bbox 3146 5787 3294 5861; x_wconf 82' lang='grc' dir='ltr'>αὑτῷ</span> <span class='ocrx_word' id='word_1_905' title='bbox 3324 5806 3339 5822; x_wconf 77' lang='grc' dir='ltr'><strong><em>ο</em></strong></span> 
     </span>
    </p>
   </div>
  </div>
