3878 6502
139 450 237 507 255

124 564 284 618 elucet
310 561 507 618 veritas
533 605 547 628 ,
583 572 732 623 tanto
755 565 1016 623 illustrior
1043 565 1302 636 redditur.
1331 566 1512 636 Longe
1537 567 1679 628 enim

124 654 386 725 pulchrius
437 667 594 725 atqne
642 655 998 723 admiratione
1062 658 1274 728 dignius
1319 658 1677 728 spectaculum

125 755 346 816 apparet.
374 760 493 802 cum
521 756 598 801 tot
618 750 685 805 ah
709 749 950 819 hostibus
973 750 1232 806 adversus
1261 752 1426 820 ipsius
1455 752 1679 822 gloriam

121 841 343 897 artiﬁciis
382 857 445 898 ac
474 845 736 898 machinis
764 845 1016 903 adhibitis
1035 888 1051 914 ,
1103 847 1352 916 splendet
1383 861 1558 904 tamen
1587 849 1676 905 illa

121 946 168 988 et
197 934 354 1003 magis
383 933 564 1003 fulget.
606 936 683 990 llli
714 937 856 992 enim
887 953 992 992 non
1021 939 1192 994 solum
1221 940 1361 1009 quod
1393 939 1678 1002 interfecer-

117 1035 227 1084 t'ant
249 1067 262 1090 ,
291 1027 384 1081 sed
412 1027 570 1082 etiam
599 1029 739 1097 quod
768 1029 869 1084 hoc
892 1031 1052 1086 modo
1083 1033 1478 1092 interfecerant.
1517 1036 1673 1089 talem

118 1135 170 1174 se
195 1117 481 1175 reddidisse
513 1121 786 1190 putabant,
819 1138 974 1190 quem
1015 1123 1258 1180 homines
1283 1124 1677 1180 detestarentur

116 1226 172 1264 ac
201 1209 422 1265 maxime
451 1209 665 1280 quidem
703 1211 1139 1279 detestarentur;
1191 1230 1290 1269 nec
1319 1226 1494 1272 tamen
1519 1215 1675 1283 quid-

114 1318 260 1371 qnam
285 1299 641 1370 profecerunt.
672 1303 835 1356 Erant
857 1320 982 1359 vero
1006 1305 1164 1360 ambo
1185 1306 1261 1360 illi
1285 1306 1516 1361 latrones
1539 1305 1675 1360 adeo

114 1391 352 1454 scelesti;
403 1405 524 1445 nam
571 1401 754 1464 postea
793 1394 931 1448 alter
977 1405 1211 1452 mutatus
1253 1406 1372 1460 est;
1421 1407 1476 1450 nt
1512 1396 1672 1450 etiam

113 1483 228 1536 dum
255 1482 305 1536 in
333 1496 494 1538 cruce
519 1493 719 1547 essent,
750 1485 803 1538 in
830 1484 1003 1554 ipsum
1030 1489 1222 1555 probra
1245 1487 1487 1557 jacerent
1508 1528 1524 1549 ,
1554 1486 1672 1541 illo-

111 1591 323 1647 rnmque
343 1574 576 1631 furorem
599 1590 703 1630 non
723 1577 1047 1634 conscientia
1071 1594 1289 1634 suorum
1307 1589 1668 1648 peccatorum,

110 1683 208 1721 non
233 1668 570 1738 supplicium,
601 1683 705 1723 non
733 1668 975 1738 ejusdem
1009 1685 1182 1740 pinnat
1213 1671 1488 1740 perpessio
1513 1687 1668 1728 coer-

108 1769 248 1814 ceret
277 1778 289 1813 :
316 1760 451 1830 quod
479 1762 639 1816 etiam
671 1777 809 1816 unus
853 1763 1090 1832 ipsorum
1118 1764 1253 1820 dixit
1277 1806 1292 1828 ,
1337 1764 1669 1832 alterumque

109 1850 359 1917 increpuit
387 1850 468 1906 his
493 1851 670 1906 verbis
695 1871 708 1905 :
740 1852 922 1920 Neque
945 1863 1002 1907 tu
1037 1855 1178 1908 times
1207 1853 1371 1910 Deum
1391 1896 1407 1922 ,
1450 1855 1589 1923 quod
1615 1857 1668 1910 in

107 1945 272 1997 eadem
294 1944 616 2000 damnatione
643 1962 815 2000 sumus
841 1944 861 2018 (
890 1946 1014 2000 Luc.
1045 1947 1135 2004 25.
1167 1947 1237 2003 40
1257 1947 1317 2018 )?
1346 1947 1515 2004 Tanta
1544 1948 1663 2004 illo-

107 2052 217 2090 rum
261 2035 598 2105 improbitas.
639 2037 744 2092 Sed
789 2039 922 2093 nihil
968 2040 1093 2094 hinc
1137 2039 1443 2096 detrimenti
1497 2040 1665 2111 ipsius

107 2127 278 2194 glorim
321 2127 540 2182 allatum
581 2138 662 2182 est
715 2146 728 2180 :
776 2131 1123 2199 quamobrem
1167 2132 1337 2201 inquit
1381 2149 1395 2185 :
1443 2131 1665 2188 EtDeus

106 2219 321 2272 exultavit
350 2220 498 2272 illum
523 2262 538 2288 ,
568 2229 612 2274 et
637 2221 839 2276 donavit
864 2223 944 2277 illi
971 2239 1153 2280 nomen
1181 2265 1195 2290 ,
1245 2225 1383 2293 quod
1407 2235 1480 2280 est
1509 2243 1663 2295 super

105 2327 236 2366 omne
259 2327 460 2365 nomen.

165 2401 212 2454 4.
241 2399 531 2470 Postquam
575 2403 774 2458 Paulus
817 2407 996 2461 carnis
1039 2409 1366 2464 mentionem
1413 2410 1659 2477 induxit,

102 2492 312 2548 ﬁdenter
339 2493 596 2564 deinceps
628 2497 804 2551 omnia
832 2498 920 2551 illa
948 2511 1336 2556 commemorat
1359 2543 1376 2564 ,
1415 2517 1535 2572 qua:
1565 2503 1662 2556 hn-

101 2582 362 2637 utilitatem
411 2584 664 2640 indicant.
709 2587 1008 2658 Antequam
1037 2590 1179 2646 enim
1207 2591 1409 2645 diceret
1438 2591 1661 2647 formam

98 2674 223 2726 st-rvi
248 2675 564 2742 sumpsisse,
582 2675 721 2730 etde
741 2677 1016 2735 divinitate
1033 2679 1340 2747 dissereret,
1361 2683 1479 2736 vide
1503 2699 1660 2753 quam

97 2764 326 2818 excelse:
356 2767 591 2832 excelse,
616 2768 850 2836 inquam,
877 2785 974 2838 pro
995 2772 1230 2836 viribus;
1255 2788 1376 2826 nam
1405 2775 1544 2828 illius
1577 2774 1662 2830 di,

95 2856 334 2924 guitatem
369 2873 477 2910 non
509 2861 836 2936 assequitur;
872 2862 1088 2918 minime
1118 2865 1260 2919 enim
1299 2876 1471 2935 potest
1497 2885 1510 2919 :
1536 2867 1661 2924 Cum

97 2947 142 2997 in
168 2948 325 3016 [arma
352 2947 451 3001 Dei
486 2959 631 3016 esset,
658 2951 848 3020 inquit,
877 2969 978 3008 non
1003 2956 1238 3024 rapinam
1272 2957 1545 3013 atbitratus
1585 2971 1660 3016 est

95 3053 188 3090 esse
210 3056 262 3092 se
279 3042 528 3108 aqualem
548 3041 653 3097 Deo
671 3059 690 3096 :
715 3053 768 3098 at
788 3053 1069 3116 postquam
1091 3047 1224 3102 dixit
1245 3047 1516 3105 hominem
1539 3066 1658 3107 esse

95 3131 273 3185 laetum
300 3174 316 3199 ,
350 3133 579 3189 lidenter
605 3135 802 3193 deinde
840 3153 958 3207 qua:
989 3137 1210 3194 humilia
1260 3149 1384 3195 sunt
1411 3141 1615 3211 profert
1639 3186 1653 3209 ,

93 3224 182 3278 hoc
199 3225 382 3294 fretus,
409 3229 612 3283 nullum
633 3230 895 3287 divinitati
917 3231 1168 3287 damnum
1190 3234 1486 3304 importari,
1511 3239 1654 3307 quod

92 3313 294 3370 humilia
321 3318 390 3371 de
419 3319 583 3387 ipsius
607 3334 766 3376 carne
791 3335 1278 3380 commemorantur
1301 3367 1316 3392 ,
1351 3327 1448 3382 ista
1477 3329 1651 3384 susci-

93 3408 272 3476 piente.
317 3408 542 3480 Propter
565 3413 700 3482 quod
724 3421 771 3468 et
797 3412 933 3467 Deus
953 3417 1191 3470 exultavit
1218 3417 1384 3486 illum,
1415 3429 1462 3473 et
1487 3421 1649 3475 dona-

90 3500 148 3550 rit
171 3500 244 3552 illi
272 3518 458 3555 nomen
485 3543 501 3567 ,
532 3505 665 3572 quod
691 3514 766 3559 est
790 3522 942 3574 super
969 3523 1117 3562 omne
1143 3526 1359 3575 nomen,
1392 3522 1448 3564 ut
1473 3512 1526 3566 in
1555 3530 1650 3568 no-

86 3593 207 3644 mine
231 3591 262 3645 ,Ι
269 3609 353 3646 esu
375 3611 527 3648 omne
546 3612 676 3665 genu
696 3597 947 3666 ﬂectatur,
977 3601 1253 3655 caelestium
1276 3612 1322 3655 et
1343 3605 1652 3660 terrestrium

84 3691 125 3732 et
149 3685 485 3752 infernarum,
519 3697 564 3738 et
593 3689 755 3742 omnis
781 3688 958 3760 lingua
989 3693 1310 3760 conﬁteatur,
1334 3697 1452 3764 quia
1467 3695 1652 3751 Domi-

81 3791 166 3826 nus
189 3773 419 3831 Christus
447 3777 597 3832 Iesus
627 3779 678 3832 in
702 3780 918 3849 gloriam
942 3780 1041 3837 Dei
1067 3781 1260 3838 Patris.
1289 3786 1534 3842 Dicamus
1557 3789 1654 3842 ad-

83 3879 254 3922 versus
279 3867 563 3924 haareticos
583 3889 596 3924 :
616 3870 672 3928 Si
690 3872 805 3927 haec
823 3873 893 3928 de
911 3890 1013 3928 non
1033 3876 1306 3932 incarnato
1331 3878 1646 3948 atteruntur,

81 3958 121 4011 si
143 3958 203 4013 de
229 3958 339 4013 Deo
365 3960 563 4025 Verbo,
597 3964 863 4033 quomodo
880 3966 1056 4035 ipsum
1083 3970 1333 4024 exultavit
1353 3972 1375 4023 ?
1397 3988 1468 4028 an
1493 3974 1649 4044 quasi

82 4047 191 4116 plus
236 4051 439 4120 aliquid
471 4055 516 4106 ei
539 4054 796 4110 dederit?
845 4058 982 4127 Ergo
1011 4058 1113 4113 hac
1153 4061 1368 4130 quidem
1399 4080 1465 4119 ex
1496 4075 1648 4133 parte

85 4139 418 4209 imperfectus
451 4154 594 4210 erat,
628 4155 683 4202 et
710 4159 928 4219 propter
956 4167 1053 4205 nos
1097 4154 1325 4208 obtinuit
1353 4156 1645 4224 perfectio-

81 4249 214 4288 nem.
273 4237 482 4293 Etenim
530 4240 629 4296 nisi
688 4241 842 4297 nobis
895 4243 1278 4309 benefecisset,
1317 4263 1421 4303 non
1477 4251 1646 4306 hono-

76 4342 182 4380 rem
228 4327 384 4382 istutn
432 4341 573 4386 esset
612 4344 992 4403 consequutus.
1049 4337 1116 4390 Et
1146 4341 1388 4408 donavit,
1435 4343 1640 4413 inquit,

75 4433 272 4471 nomen.
307 4419 445 4474 Ecce
466 4438 531 4477 ne
561 4439 754 4478 nomen
776 4426 988 4494 quidem
1013 4469 1028 4491 ,
1061 4440 1314 4499 quantum
1340 4445 1514 4489 vestra
1542 4437 1645 4492 fert

75 4509 274 4574 opinio,
307 4509 547 4567 habebat.
591 4515 870 4582 Quomodo
897 4534 1058 4583 vero,
1091 4521 1137 4575 si
1165 4522 1216 4576 id
1246 4523 1389 4594 quod
1417 4527 1518 4584 sibi
1541 4527 1641 4585 de-

72 4599 295 4656 ltebatur
322 4607 541 4674 accepit,
564 4623 630 4662 ex
673 4609 814 4670 dono
849 4619 904 4666 et
929 4614 1098 4682 gratia
1141 4617 1412 4686 accepisse
1464 4619 1642 4677 tuebi-

68 4707 220 4757 mur;
249 4705 302 4749 et
335 4695 556 4761 Nomen,
583 4701 718 4770 quod
742 4711 815 4756 est
837 4720 988 4774 super
1013 4723 1160 4761 omne
1182 4724 1362 4763 nomen
1383 4711 1409 4763 .9
1439 4711 1634 4772 Verum

67 4794 116 4833 et
143 4785 296 4852 quale
323 4787 399 4841 sit
449 4789 586 4843 istud
607 4805 825 4856 .nomen
849 4835 863 4858 ,
918 4795 1210 4853 videamus.
1256 4799 1325 4854 Ut
1354 4803 1406 4856 in
1437 4806 1637 4862 nomine

64 4869 180 4926 Jesu
209 4873 397 4932 Christi
420 4918 436 4942 ,
468 4879 656 4948 inquit,
687 4899 834 4936 omne
857 4901 988 4954 genu
1015 4889 1266 4956 flectatur.
1308 4891 1514 4950 Nomen
1545 4897 1633 4952 isti

64 4965 273 5030 gloriam
328 4968 770 5037 interpretantur.
832 4975 957 5030 Haec
999 4977 1160 5046 igitur
1196 4981 1367 5050 gloria
1415 5000 1632 5041 omnem

63 5052 269 5117 gloriam
293 5070 517 5128 superat
542 5077 555 5111 :
575 5062 741 5130 gloria
761 5072 958 5129 autem,
985 5067 1246 5137 inquiunt,
1279 5074 1497 5129 omnino
1517 5075 1632 5131 hmc

64 5152 167 5205 est,
200 5146 349 5201 illum
382 5165 581 5220 nempe
609 5153 854 5210 adorare.
887 5155 1068 5228 Longe
1097 5161 1294 5217 abestis
1324 5179 1352 5218 a
1385 5165 1479 5220 Dei
1511 5183 1627 5221 ma-

60 5235 322 5300 gnitudine
343 5283 358 5302 ,
393 5256 493 5295 vos
519 5243 605 5312 qui
638 5245 800 5300 Deum
832 5263 988 5306 nosse
1018 5254 1217 5321 putatis
1239 5296 1254 5320 ,
1309 5265 1367 5311 ut
1397 5259 1510 5327 ipse
1539 5275 1628 5316 se-

61 5324 218 5391 ipsum
250 5332 426 5385 novit.
459 5334 618 5404 Atqui
646 5337 726 5391 vel
753 5338 888 5392 istud
917 5343 1046 5396 satis
1073 5343 1287 5411 indicat,
1318 5324 1570 5417 quantum
1595 5368 1626 5410 a

61 5428 188 5473 recta
216 5420 282 5474 de
329 5423 445 5478 Deo
475 5428 736 5484 sententia
777 5429 960 5486 absitis
991 5450 1005 5488 :
1035 5445 1285 5492 caeterum
1315 5439 1418 5495 hoc
1464 5445 1624 5502 etiam

61 5507 317 5567 indicabit.
363 5515 512 5581 Haec,
548 5518 633 5573 die
651 5521 780 5576 mihi
803 5563 818 5587 ,
847 5524 1014 5593 gloria
1035 5528 1157 5581 est?
1183 5529 1324 5600 Ergo
1343 5543 1623 5605 antequam

61 5594 286 5658 homines
333 5604 464 5660 facti
495 5620 714 5677 essent,
758 5623 1038 5683 antequam
1084 5623 1295 5691 angeli,
1341 5636 1623 5696 antequam

59 5691 393 5766 archangeli,
449 5714 552 5754 non
600 5713 716 5757 erat
764 5705 816 5762 in
845 5706 1036 5775 gloria.
1074 5711 1286 5769 Etenim
1330 5717 1374 5770 si
1419 5717 1532 5774 haec
1559 5736 1622 5778 ea

57 5780 203 5842 gloria
234 5793 319 5838 est
343 5827 359 5848 ,
393 5803 519 5857 qme
546 5803 760 5864 superat
809 5812 1020 5853 omnem
1049 5802 1310 5872 gloriam;
1351 5806 1455 5865 hoc
1478 5812 1622 5870 enim

53 5869 337 5938 signiﬁcant
373 5878 467 5934 illa
497 5885 688 5951 verba,
724 5887 872 5954 Quod
900 5901 968 5946 est
1021 5909 1169 5963 super
1209 5914 1354 5953 omne
1400 5920 1618 5973 nomen;

985 453 1053 510 ΙΝ
1092 453 1306 510 EPIST.
1347 457 1437 510 AD
1475 455 1760 514 PHILIPP.
1791 458 1946 522 CAP.
1987 459 2046 516 ll.
2091 459 2320 525 IlOMlL.
2365 467 2475 522 γης

3256 473 3362 534 εδι

1788 580 1933 628 certe
1952 573 2161 640 tametsi
2183 577 2422 646 ingloria
2449 590 2584 648 erat,
2609 591 2665 637 at
2681 584 2868 643 saltem
2891 587 2943 641 in
2968 588 3174 645 minore
3199 607 3355 662 quam

1787 675 1929 717 nunc
1956 663 2047 717 sit.
2090 665 2205 721 Huc
2231 668 2392 738 igitur
2419 682 2688 743 spectans,
2718 687 2772 731 et
2796 679 2864 732 ob
2889 681 3026 736 hanc
3053 696 3268 740 causam
3297 696 3357 748 ut

1779 751 2004 820 gloriam
2035 765 2616 827 assequerctur,omnia
2649 768 2905 834 condidit,
2931 787 3034 826 non
3051 783 3226 830 autem
3257 777 3355 835 beo

1785 843 1951 900 nitate
1979 847 2255 915 adductus,
2279 853 2373 908 sed
2405 855 2612 925 indigus
2633 859 2839 927 gloriae,
2860 879 2978 931 qua:
2999 883 3026 920 a
3057 868 3210 922 nobis
3237 885 3356 938 pro,-

1785 936 2152 996 ﬁeisceretur?
2180 943 2380 1004 Videtis
2422 953 2746 1006 amentiam?
2772 955 2958 1012 videtis
2985 958 3354 1035 impietatem?

1783 1029 1966 1098 Itaque
1995 1033 2039 1088 si
2074 1033 2188 1090 htec
2214 1036 2280 1090 de
2320 1039 2593 1096 incarnato
2619 1044 2880 1110 dicerent.
2915 1033 3059 1108 recte
3087 1053 3354 1115 dicerent;

1781 1120 1906 1176 sinit
1933 1123 2074 1178 enim
2124 1125 2263 1182 Deus
2307 1128 2534 1186 Verbum
2581 1135 2650 1190 de
2696 1153 2858 1194 carne
2903 1140 3018 1197 haec
3053 1145 3196 1211 dici;
3246 1164 3353 1204 non

1781 1213 1926 1270 enim
1951 1215 2184 1274 divinam
2227 1232 2468 1279 naturam
2502 1237 2756 1298 tangunt,
2790 1233 2883 1288 sed
2915 1237 3090 1292 omnia
3123 1239 3174 1292 in
3203 1255 3350 1296 oeco-

1780 1308 1979 1373 nomia,
2008 1310 2058 1364 id
2085 1321 2168 1367 est
2196 1314 2248 1370 in
2277 1330 2548 1388 assumpta
2572 1321 2898 1380 humanitate
2927 1327 3132 1385 haerent
3161 1349 3174 1385 :
3209 1349 3352 1390 nunc

1779 1412 1908 1454 vero
1923 1400 1988 1455 ad
2015 1401 2264 1460 deitatem
2291 1407 2389 1462 ista
2413 1411 2640 1481 maligne
2659 1419 3185 1478 accommodantibns
3207 1427 3351 1482 nulla

1775 1501 2020 1557 superest
2045 1497 2216 1550 venia.
2248 1498 2607 1565 Quamobrem
2629 1545 2644 1568 ,
2694 1506 2739 1561 si
2785 1510 2998 1577 quando
3023 1511 3334 1582 dixerimus,

1775 1579 2058 1640 Ilominem
2097 1587 2233 1644 Dens
2271 1590 2399 1647 fecit
2442 1595 2795 1655 immortalem
2823 1643 2838 1669 ,
2890 1605 3098 1662 etiamsi
3125 1607 3194 1663 de
3235 1620 3348 1668 toto

1773 1670 1982 1740 dicam,
2017 1677 2143 1746 quid
2173 1679 2344 1736 dicam
2389 1685 2520 1742 seio.
2561 1687 2697 1756 Quid
2735 1707 2864 1748 vero
2915 1695 3000 1750 illa
3041 1699 3142 1754 sibi
3188 1703 3348 1759 verba

1776 1762 1980 1830 volunt,
2011 1767 2294 1826 Ctelestium
2315 1784 2362 1827 et
2387 1780 2692 1836 terrestrium
2721 1793 2767 1837 et
2795 1784 3137 1854 infernarum?
3161 1791 3218 1848 Id
3239 1805 3346 1863 est,

1773 1855 1950 1910 omnis
1978 1860 2208 1915 mundus
2233 1903 2246 1927 ,
2293 1873 2349 1921 et
2377 1869 2548 1936 angeli
2577 1882 2631 1926 et
2683 1875 2924 1932 homines
2954 1893 3006 1936 et
3033 1880 3305 1951 daemones
3331 1907 3344 1940 :

1774 1943 1857 2000 vel
1888 1944 1990 2002 hoc
2019 1950 2315 2020 signiﬁcat,
2363 1964 2420 2011 et
2453 1958 2584 2027 justi
2614 1972 2668 2016 et
2709 1976 3034 2033 peccatores.
3079 1973 3144 2028 Et
3181 1946 3344 2033 omnis

1771 2033 1946 2105 lingua
1993 2042 2292 2108 confiteatur
2314 2089 2330 2112 ,
2379 2050 2499 2120 quia
2543 2050 2794 2113 Dominus
2835 2059 2985 2116 Jesus
3021 2063 3251 2124 Christus
3295 2073 3347 2128 in

1769 2128 1985 2195 gloriam
2010 2130 2110 2186 Dei
2140 2133 2330 2192 Patris.
2377 2141 2432 2196 ld
2463 2153 2572 2206 est.
2607 2159 2663 2201 nt
2689 2165 2877 2208 omnes
2907 2154 3009 2211 hoc
3037 2159 3215 2215 dicant
3243 2181 3259 2218 :
3289 2163 3348 2219 Id

1772 2235 1899 2280 vero
1937 2223 2105 2293 gloria
2151 2229 2324 2286 Patris
2365 2244 2466 2290 est.
2526 2237 2686 2296 Yidcs
2736 2245 2968 2316 ubique,
3014 2265 3134 2307 eum
3176 2255 3348 2313 Filius

1767 2312 2094 2380 gloriﬁcatur
2115 2362 2130 2380 ,
2161 2323 2446 2390 glorilicari
2497 2329 2754 2390 Patrem?
2792 2312 2976 2396 Itidem
3008 2359 3137 2401 vero
3179 2349 3347 2408 dede-

1767 2416 1950 2460 corato
1991 2407 2124 2464 Filio
2147 2413 2500 2474 dedecorator
2533 2424 2693 2480 etiam
2738 2428 2918 2488 Pater.
2948 2433 3080 2490 Nam
3125 2440 3170 2495 si
3199 2445 3339 2510 apud

1767 2510 1865 2550 nos
1897 2497 1996 2554 hoc
2024 2502 2083 2554 lit
2106 2545 2120 2568 ,
2169 2506 2257 2560 ubi
2286 2509 2422 2564 inter
2454 2524 2655 2580 patrem
2686 2529 2739 2572 ct
2768 2520 2905 2577 lilios
2933 2527 3156 2584 multum
3193 2533 3334 2588 inte-

1767 2602 1908 2657 rest;
1939 2596 2105 2650 multo
2133 2602 2300 2670 magis
2329 2603 2378 2657 in
2415 2606 2524 2662 Deo
2549 2648 2563 2672 ,
2591 2610 2680 2664 ubi
2709 2615 2839 2668 nihil
2869 2617 3228 2690 discriminis,
3280 2627 3334 2682 in

1767 2682 1940 2751 ipsum
1969 2697 2022 2742 et
2054 2689 2225 2747 honor
2247 2704 2301 2750 et
2325 2696 2558 2756 dedecus
2588 2705 2921 2765 redundabit.
2945 2712 3076 2768 Nam
3103 2715 3148 2771 si
3172 2720 3340 2787 orbis,

1765 2777 1975 2848 inquit,
2011 2781 2166 2839 luerit
2195 2789 2463 2858 subjectus
2490 2794 2626 2851 Filio
2651 2839 2667 2864 ,
2698 2799 2800 2856 hoc
2837 2805 3004 2874 gloria
3033 2817 3116 2864 est
3143 2777 3340 2872 Patris:

1761 2869 1907 2939 Ergo
1935 2882 1989 2927 et
2013 2889 2134 2930 cum
2162 2877 2386 2936 dicimus
2413 2899 2533 2940 esse
2562 2869 2890 2960 pcrt‘ectumv,
2944 2914 3047 2954 non
3093 2903 3336 2976 indigen-

1765 2967 1871 3014 tem
1895 3003 1912 3028 ,
1946 2963 2113 3020 nihilo
2149 2971 2412 3028 minorem
2444 2976 2602 3034 Patre
2626 3022 2640 3042 ,
2695 2983 2808 3038 haec
2833 2986 3000 3056 gloria
3033 2963 3335 3052 Patrisvcst.

1763 3053 1878 3110 Hoc
1904 3065 1959 3112 et
1987 3062 2237 3128 potentiae
2265 3065 2430 3134 ipsius
2457 3085 2704 3141 magnum
2734 3053 2983 3135 indicium
3010 3094 3062 3137 et
3087 3085 3339 3146 bonitatis

1761 3158 1815 3202 et
1843 3151 2118 3218 sapientiae
2142 3196 2157 3221 ,
2188 3158 2330 3226 quod
2358 3160 2550 3218 Filium
2579 3169 2736 3223 talem
2764 3175 2963 3240 genuit,
2995 3179 3135 3247 quod
3169 3182 3336 3241 nihilo

1761 3239 2043 3307 minorem,
2078 3261 2249 3316 neque
2269 3252 2409 3320 quod
2438 3255 2504 3309 ad
2533 3239 2820 3316 bonitatem
2851 3306 2866 3330 ,
2901 3239 3072 3340 neque
3101 3275 3240 3342 quod
3267 3239 3334 3331 ad

1759 3331 2075 3399 sapientiam
2127 3339 2337 3396 attinet.
2376 3344 2506 3400 Cum
2537 3351 2831 3418 sapientem
2862 3331 3130 3416 esse-dico.
3158 3375 3215 3419 ut
3245 3367 3334 3422 Pa-
3428 3428 3435 3435 ,

1761 3428 1918 3487 trem,
1946 3433 2000 3479 et
2021 3427 2186 3483 nihilo
2205 3435 2489 3503 minorem,
2513 3438 2614 3494 hoc
2639 3459 2845 3513 magna:
2858 3448 3035 3506 Patris
3060 3457 3334 3524 sapientia:

1762 3513 2014 3572 indicium
2057 3529 2142 3574 est
2171 3541 2185 3577 :
2217 3539 2336 3580 cum
2364 3528 2483 3584 dico
2512 3542 2782 3601 potentem
2813 3556 2965 3610 atque
2992 3560 3112 3600 esse
3137 3524 3199 3604 ac
3228 3552 3328 3605 Pa-

1760 3616 1936 3675 trem,
1969 3610 2070 3667 hoc
2099 3621 2348 3684 potentia:
2393 3623 2566 3681 Patris
2597 3629 2847 3686 indicium
2889 3648 3008 3690 est:
3043 3655 3169 3695 cum
3209 3645 3328 3701 dico

1758 3697 1955 3755 bonum
1985 3719 2103 3759 esse
2130 3708 2257 3762 item
2288 3722 2347 3766 ut
2376 3712 2606 3782 Patrem,
2637 3717 2738 3775 hoc
2770 3722 3020 3782 bonitatis
3047 3745 3332 3802 argumen-

1759 3797 1868 3846 tum
1900 3795 2191 3852 maximum
2217 3841 2232 3864 ,
2261 3803 2349 3871 qui
2383 3806 2536 3860 talem
2575 3814 2856 3882 genuerit,
2887 3831 2948 3872 se
2972 3835 3078 3875 non
3111 3823 3330 3881 inferio-

1751 3899 1869 3939 rem
1901 3903 2073 3956 neque
2103 3892 2395 3962 minorem,
2433 3901 2524 3969 qui
2571 3917 2902 3977 nequaquam
2934 3910 3051 3981 ipso
3090 3917 3159 3970 sit
3197 3919 3332 3974 inle-

1753 3975 1884 4040 rior,
1919 3994 2252 4052 nequaquam
2283 3989 2456 4044 minor
2482 4000 2642 4064 atque
2664 3975 2905 4068 indigus:
2927 4019 3048 4060 cum
3075 4007 3198 4063 dico
3221 4027 3327 4067 non

1749 4081 1874 4123 esse
1903 4071 2166 4129 minorem
2195 4080 2489 4136 secundum
2517 4088 2804 4144 essentiam
2830 4132 2846 4156 ,
2890 4094 2984 4148 sed
3025 4100 3283 4167 aequalem
3303 4145 3320 4168 ,

1739 4174 1926 4227 neque
1963 4164 2181 4221 alterius
2220 4184 2341 4225 esse
2382 4173 2694 4232 substantiae
2721 4197 2739 4232 :
2769 4181 2892 4237 hinc
2935 4164 3100 4241 etiam
3137 4207 3326 4248 rursus

1747 4248 1916 4306 Deum
1956 4256 2252 4314 mirabilem
2304 4264 2567 4330 praedico,
2617 4279 2671 4323 et
2723 4275 3012 4340 potentiam
3057 4280 3223 4350 ipsius
3265 4293 3321 4340 et

1751 4346 2041 4402 bonitatem
2067 4360 2119 4404 et
2149 4353 2487 4423 sapientiam,
2516 4360 2604 4428 qui
2638 4362 2798 4417 alium
2821 4382 2887 4421 ex
2911 4385 2968 4424 se
2997 4346 3150 4430 nobis
3174 4379 3318 4447 ejus-

1747 4438 1892 4491 modi
1924 4445 2242 4510 prompserit
2263 4486 2280 4510 ,
2315 4445 2416 4501 hoc
2443 4463 2686 4519 excepto,
2712 4458 2850 4522 quod
2883 4459 3040 4517 Pater
3069 4482 3172 4520 non
3203 4438 3308 4528 est.

1737 4529 2140 4600 Quamobrem,
2187 4551 2536 4609 quaecumque
2578 4543 2644 4598 de
2687 4545 2826 4603 Filio
2868 4568 3055 4624 magna
3085 4560 3272 4617 dixero
3299 4610 3316 4630 ,

1738 4624 1922 4679 omnia
1953 4623 2068 4680 haec
2091 4628 2146 4688 in
2179 4628 2390 4685 Patrem
2419 4633 2811 4695 redundabant.
2839 4623 2971 4698 Nam
2995 4649 3038 4702 si
3068 4653 3315 4723 exiguum

1741 4712 1884 4770 istud
1925 4731 1988 4771 ac
2009 4718 2128 4773 leve
2153 4736 2168 4784 ;
2197 4721 2446 4793 exiguum
2490 4728 2630 4781 enim
2653 4729 2720 4784 ad
2759 4733 2848 4788 Dei
2875 4736 3100 4806 gloriam
3135 4712 3218 4801 evst
3240 4789 3254 4812 ,
3286 4765 3316 4803 a

1742 4809 1942 4864 mundo
1965 4811 2110 4866 ilhtm
2131 4812 2340 4869 adorari
2360 4833 2374 4878 ;
2393 4818 2460 4870 ad
2481 4819 2702 4888 gloriam
2725 4825 2820 4881 Dei
2845 4832 3092 4903 pertinet,
3116 4809 3316 4907 quanto

1734 4903 1911 4972 magis
1931 4904 2132 4975 reliqua
2159 4909 2334 4962 omnia
2364 4910 2389 4962 ἲ

1810 4996 1862 5051 5.
1903 4996 2158 5053 Christum
2183 5016 2284 5054 non
2311 5018 2421 5056 vere
2440 5007 2650 5060 colimus
2675 5011 2774 5064 nisi
2794 5013 3064 5071 imitemur.
3096 5019 3314 5079 Humili-

1739 5096 1816 5141 tas
1842 5086 2139 5143 Christianis
2177 5095 2430 5161 competit.
2453 5125 2524 5134 —
2544 5097 2834 5156 Credamus
2861 5105 3018 5174 igitur
3045 5110 3109 5163 ad
3143 5113 3309 5182 ipsius

1733 5179 1956 5248 gloriam
1979 5221 1994 5243 ,
2019 5191 2071 5234 et
2093 5181 2329 5236 vivamus
2347 5183 2414 5238 ad
2440 5185 2605 5255 ipsius
2628 5189 2852 5259 gloriam
2884 5214 2897 5249 :
2925 5197 3145 5255 alterius
3166 5207 3305 5260 enim

1737 5272 1852 5326 sine
1898 5272 2066 5326 altero
2107 5273 2259 5329 nulla
2309 5277 2530 5333 utilitas.
2580 5281 2744 5348 Nam,
2801 5301 2920 5341 cum
2969 5290 3114 5347 illum
3160 5307 3306 5352 recte

1733 5362 1948 5432 quidem
1990 5364 2384 5434 gloriﬁcamus,
2429 5371 2522 5425 sed
2566 5387 2670 5428 non
2715 5386 2862 5434 recte
2890 5381 3144 5452 vivimus,
3179 5399 3305 5446 tunc

1655 5497 1662 5502 .
1729 5455 1966 5510 maxime
1995 5456 2046 5510 in
2087 5457 2259 5525 ipsum
2299 5463 2669 5519 contumeliosi
2712 5481 2930 5535 sumus,
2971 5475 3165 5546 quippe
3210 5484 3301 5550 qui

1731 5547 1879 5610 illum
1923 5549 2204 5604 Dominum
2243 5567 2306 5605 ac
2344 5553 2647 5623 Magistrum
2695 5560 3040 5628 proﬁtentes,
3093 5547 3291 5627 ιιειιίιὸ-

1732 5639 1906 5693 minus
1934 5656 2054 5695 eum
2095 5645 2517 5714 contemnimus,
2565 5665 2662 5704 nec
2689 5653 2922 5709 terribile
2968 5659 3094 5715 illud
3129 5666 3293 5720 tribu-

1729 5731 1818 5786 nal
1846 5733 2287 5800 pertimescimus.
2335 5737 2543 5794 Etenim
2587 5741 2802 5799 Graecos
2840 5749 3052 5817 Quidem
3085 5755 3292 5826 impure

1728 5823 1936 5889 vivere,
1978 5839 2148 5894 neque
2184 5826 2481 5882 mirandum
2525 5842 2639 5896 est,
2685 5850 2855 5906 neque
2887 5850 3034 5896 tanto
3071 5823 3286 5918 dignum

1729 5910 1990 5978 supplicio
2034 5929 2046 5962 :
2090 5920 2142 5966 at
2196 5910 2526 5971 Christianos
2587 5926 2854 5977 tantorum
2922 5910 3294 5992 titysteriortun
