3878 6532
507 494 614 550 235

509 608 829 682 participes,
869 607 1135 668 hut-neque
1178 593 1364 667 gloria:
1405 601 1716 662 compotes,
1746 590 1880 646 adeo
1907 591 2082 660 impu-

511 716 631 758 ram
659 699 820 753 vitam
848 694 1027 748 vivere
1046 733 1062 757 ,
1111 689 1213 745 hoc
1237 695 1350 753 est,
1394 686 1537 758 quod
1563 700 1774 740 onmem
1804 690 2090 754 exsuperat

513 787 907 860 improbitatem
929 826 945 850 ,
994 782 1248 852 nulloque
1292 789 1447 851 pacto
1477 777 1777 833 ferendum.
1812 775 1908 829 Dic
1942 773 2087 828 enim

463 935 466 938 .
512 876 962 939 mibi:Christus
987 888 1157 944 usque
1204 871 1270 926 ad
1317 870 1500 924 ultima
1546 865 1865 923 obedientiae
1913 862 2088 918 ofﬁcia

513 970 827 1036 descendit;
883 979 1164 1039 propterea
1216 963 1284 1018 ad
1332 963 1603 1018 excelsum
1665 958 1810 1013 illum
1873 955 2090 1010 honoris

516 1065 735 1134 gradum
764 1061 1006 1131 pervenit
1035 1076 1048 1112 :
1077 1071 1263 1112 servus
1295 1054 1463 1109 factas
1501 1062 1583 1108 est
1607 1069 1621 1117 ;
1664 1059 1942 1122 prepterea
1971 1062 2090 1102 om-

523 1157 672 1212 nium
713 1155 886 1209 factus
910 1161 993 1206 est
1031 1149 1285 1204 Dominus
1306 1186 1322 1212 ,
1355 1154 1411 1200 et
1447 1143 1756 1214 angelorum
1787 1148 1843 1194 et
1871 1147 2093 1193 caetero-

519 1263 638 1304 rum
679 1245 938 1301 omnium.
989 1239 1346 1310 Quamobrem
1398 1250 1499 1291 nos
1527 1234 1686 1288 etiam
1735 1246 1802 1285 ue
1845 1231 1911 1284 de
1953 1237 2092 1283 statu

515 1338 787 1410 dignitatis
819 1344 1016 1390 nostrze
1051 1330 1208 1400 dejici
1233 1328 1600 1384 existimemus
1620 1365 1635 1392 ,
1669 1337 1788 1377 cum
1821 1335 1921 1374 nos
1949 1320 2093 1388 ipsos

521 1427 995 1486 hnmiliaverimus.
1042 1423 1193 1478 Tunc
1229 1421 1371 1476 enim
1413 1418 1587 1488 potius
1630 1430 1756 1469 vere
1785 1413 1836 1466 in
1867 1411 2093 1466 sublime

521 1522 776 1584 ferimur;
807 1528 933 1572 tunc
968 1515 1196 1570 maxime
1220 1510 1367 1581 digni
1391 1522 1579 1564 sumus
1604 1506 1691 1576 qui
1723 1503 2090 1574 suspiciamur.

517 1612 676 1682 Quod
699 1611 842 1667 enim
870 1607 1111 1663 sublimis
1139 1605 1210 1658 sit
1238 1600 1453 1657 humilis
1473 1641 1490 1668 ,
1523 1597 1738 1654 humilis
1767 1612 1896 1650 vero
1923 1594 2091 1649 subli-

519 1705 658 1771 tuis,
709 1701 903 1759 sufﬁcit
946 1700 1012 1753 ad
1047 1697 1205 1752 ﬁdem
1254 1693 1548 1750 faciendam
1600 1691 1684 1744 vel
1740 1703 1843 1742 una
1894 1685 2090 1741 Christi

519 1798 783 1855 sententia
817 1795 919 1850 hoc
947 1790 1298 1863 pronuntians
1328 1805 1340 1838 :
1371 1793 1740 1840 verumtamen
1767 1782 1932 1850 ipsam
1960 1792 2092 1846 quo—

517 1906 626 1961 que
649 1889 726 1944 rei
770 1896 1014 1942 naturam
1047 1881 1457 1952 perpendamus.
1509 1873 1643 1943 Quid
1674 1882 1756 1928 est
1791 1867 2097 1925 hmuiliari?

519 1996 700 2035 annon
746 1975 1090 2048 vituperari?
1146 1987 1325 2026 annon
1389 1967 1664 2032 accusari,
1721 1975 1776 2018 et
1819 1961 2098 2018 calumniis

521 2072 676 2145 peti?
703 2068 839 2137 Quid
878 2082 1006 2122 vero
1035 2061 1300 2120 exaltari?
1330 2073 1509 2115 nonne
1537 2052 1831 2109 honorari?
1858 2050 2096 2106 laudari?

521 2171 577 2222 in
605 2178 794 2235 magna
822 2160 988 2232 gloria
1013 2156 1175 2212 esse?
1206 2155 1390 2208 Recte.
1426 2149 1712 2204 Videamus
1741 2146 1901 2216 igitur
1923 2184 1939 2211 ,
1967 2157 2100 2214 quo-

523 2257 684 2314 modo
726 2254 794 2310 ad
822 2254 936 2308 btec
967 2247 1326 2321 perveniatur.
1370 2243 1602 2313 Angelus
1629 2249 1745 2294 erat
1789 2247 1940 2292 satan
1961 2277 1976 2303 ,
2010 2250 2098 2290 se-

524 2353 698 2422 ipsum
719 2345 970 2404 exaltavit
994 2361 1008 2398 :
1032 2340 1160 2412 quid
1182 2337 1382 2410 igitur?
1409 2351 1585 2389 nonne
1606 2332 1844 2386 omnium
1871 2329 2101 2382 maxime

524 2454 611 2499 cst
641 2436 993 2496 humiliatus?
1021 2448 1195 2488 nonne
1221 2430 1378 2486 sedes
1408 2429 1576 2498 ipsius
1609 2435 1748 2481 terra
1771 2424 1895 2478 est?
1925 2437 2102 2477 nonne

525 2535 597 2589 ab
613 2531 860 2586 omnibus
878 2534 1173 2588 accusatur,
1198 2523 1542 2590 omniumque
1558 2516 1910 2573 criminationi
1937 2513 2104 2584 patet?

527 2628 702 2682 llonio
728 2633 844 2681 erat
871 2621 1085 2685 Paulus,
1129 2614 1424 2671 humiliavit
1449 2613 1680 2680 seipsum
1713 2629 1724 2665 :
1753 2609 1878 2680 quid
1904 2608 2104 2679 igitur?

526 2735 704 2774 annon
731 2712 1049 2784 suSpicitttr?
1069 2725 1244 2764 annon
1267 2707 1510 2761 laudibus
1525 2714 1681 2774 atque
1696 2701 1952 2758 encotniis
1971 2702 2106 2756 cele-

534 2809 758 2867 bratur?
782 2821 957 2862 annon
984 2802 1179 2858 Christi
1202 2801 1403 2854 amicus
1427 2799 1532 2851 est?
1570 2811 1744 2850 annon
1773 2793 1971 2863 majora
2002 2792 2106 2847 illis

529 2902 714 2962 edidit,
731 2917 847 2970 qua:
863 2897 1106 2952 Christus
1129 2891 1358 2946 fecerat?
1379 2903 1555 2943 annon
1577 2902 1720 2956 Stepe
1740 2886 1953 2941 diabolo
1974 2894 2108 2939 taut-

530 3014 690 3067 quam
733 2991 998 3061 mancipio
1051 2986 1371 3059 imperavit?
1399 2999 1575 3039 annon
1606 2982 1846 3037 lictorem
1873 2981 2104 3035 circum-

530 3090 726 3148 duxit?
744 3101 922 3142 annon
951 3082 1178 3138 ludibrio
1207 3078 1425 3133 habuit?
1452 3091 1631 3131 annon
1657 3075 1942 3129 contritum
1970 3073 2107 3128 illius

531 3189 691 3252 caput
717 3179 828 3237 suis
853 3174 1080 3244 subjecit
1120 3170 1386 3243 pedibus?
1416 3184 1592 3222 annon
1641 3166 1760 3222 aliis
1801 3167 1961 3222 etiam
2007 3165 2108 3220 hoc

533 3275 676 3331 idem
721 3283 913 3341 magna
941 3281 1061 3322 cum
1091 3263 1304 3318 ﬁdentia
1333 3279 1361 3315 a
1390 3261 1500 3316 Deo
1552 3269 1798 3328 precatus
1823 3259 1942 3313 est?
1971 3257 2108 3326 Quid

536 3368 650 3422 tunc
675 3361 884 3418 affero?
909 3357 1108 3417 Extulit
1127 3357 1358 3426 seipsum
1389 3353 1643 3414 Absalou,
1662 3351 1857 3421 dejecit
1876 3352 2107 3420 seipsum

536 3455 706 3513 David
736 3471 752 3510 :
782 3465 902 3508 uter
949 3449 1162 3505 tandem
1211 3447 1416 3518 positus
1463 3445 1515 3499 in
1561 3444 1778 3499 excelso
1821 3444 1945 3498 est?
1991 3454 2111 3498 uter

533 3548 704 3619 gloria
720 3541 1076 3601 circumduxit
1092 3540 1116 3593 ?
1135 3537 1272 3606 Quid
1297 3537 1439 3592 enim
1464 3535 1640 3590 verbis
1666 3534 1814 3590 hisee
1836 3534 2107 3602 humilius,

531 3638 726 3710 quibus
768 3636 956 3691 beatus
996 3632 1082 3686 bie
1125 3628 1382 3698 propheta
1428 3640 1552 3696 erga
1599 3625 1776 3680 Semei
1822 3639 1951 3679 usus
1979 3635 2098 3689 est,

535 3745 660 3786 cum
698 3729 767 3781 ita
813 3727 1046 3787 diceret,
1079 3721 1328 3775 Dimittite
1353 3734 1500 3782 eniti,
1534 3728 1588 3770 ut
1635 3716 1902 3769 maledicat
1949 3718 2110 3771 mihi:

538 3820 786 3876 Dominus
828 3818 962 3871 enim
995 3813 1234 3884 pracepit
1273 3810 1316 3862 ei
1343 3809 1438 3879 (2.
1486 3807 1612 3879 Reg.
1662 3808 1749 3862 l6.
1792 3805 1939 3878 10)?
1968 3808 2112 3877 lpsas

538 3926 751 3983 quoque
776 3923 861 3963 res
881 3947 904 3972 ,_
941 3906 986 3958 si
1031 3904 1236 3974 placet,
1267 3899 1654 3955 examinetnus.
1695 3899 1999 3952 llumiliavit
2021 3913 2112 3954 se-

541 4006 714 4074 ipsum
759 3999 1105 4070 publicanus,
1152 3995 1473 4063 quamquam
1503 4005 1570 4044 ne
1595 3989 1806 4058 quidem
1841 3988 2113 4044 humilitas

541 4102 658 4149 erat
681 4134 696 4157 ,
730 4089 823 4146 sed
866 4099 1040 4141 tamen
1081 4083 1322 4140 modeste
1351 4089 1404 4134 et
1438 4079 1738 4134 verecunde
1772 4079 2106 4148 loquebatur.

544 4183 745 4240 Extulit
786 4180 1019 4250 seipsum
1050 4175 1352 4230 Phariszeus
1381 4190 1396 4226 :
1427 4171 1523 4226 sed
1544 4212 1558 4236 ,
1603 4171 1649 4225 si
1689 4171 1855 4236 libet,
1906 4173 2116 4227 omissis

543 4275 787 4348 personis
813 4289 900 4329 res
927 4272 1069 4341 ipsas
1105 4267 1499 4325 cxaminemus.
1546 4264 1856 4320 Statuautur
1880 4266 1985 4320 duo
2019 4267 2118 4321 ali-

538 4373 663 4442 qui,
712 4369 870 4424 ambo
911 4376 965 4422 et
1001 4364 1201 4420 divitiis
1235 4372 1290 4416 et
1323 4360 1614 4415 honoribus
1659 4359 2024 4428 abundantes,
2055 4378 2118 4418 ac

542 4478 652 4525 tutu
681 4469 734 4521 in
761 4463 1020 4536 sapientia
1043 4505 1058 4530 ,
1091 4472 1198 4516 tum
1231 4461 1282 4514 in
1312 4461 1548 4530 potentia
1577 4467 1632 4514 et
1659 4460 1712 4513 in
1743 4459 1863 4513 aliis
1889 4459 2116 4514 munda-

545 4560 628 4614 nis
655 4558 808 4612 bonis
847 4557 915 4609 de
959 4570 1018 4608 se
1063 4554 1191 4622 ipsis
1237 4553 1516 4622 magniﬁce
1559 4551 1892 4606 sentientes:
1924 4550 2118 4606 deinde

544 4652 679 4705 alter
701 4647 916 4718 quidem
946 4645 1177 4700 honores
1207 4645 1274 4696 ab
1303 4643 1552 4697 omnibus
1581 4650 1763 4713 petat,
1806 4653 1860 4696 et
1900 4643 1998 4696 nisi
2024 4657 2117 4728 acf

547 4742 709 4810 cipiat
733 4741 991 4794 irascatur
1010 4778 1025 4799 ,
1051 4745 1104 4790 et
1135 4738 1410 4804 plusquam
1433 4750 1568 4805 opus
1593 4747 1675 4790 est
1696 4735 1872 4804 exigat
1893 4776 1908 4799 ,
1942 4750 2004 4789 ac
2030 4749 2119 4789 se-

549 4834 721 4902 ipsum
767 4827 1024 4892 extollat;
1074 4827 1209 4880 alter
1267 4841 1396 4880 vero
1449 4836 1612 4880 totam
1664 4843 1776 4880 rem
1825 4827 2118 4896 despiciat,

549 4922 748 4977 nemini
799 4920 898 4974 hac
933 4919 1002 4973 de
1044 4933 1202 4971 causa
1245 4928 1591 4981 succenseat,
1637 4917 1978 4988 delatumque
2021 4919 2120 4974 sibi

549 5015 812 5070 honorem
855 5010 1140 5079 repudiet:
1176 5019 1293 5062 uter
1315 5050 1330 5071 ,
1370 5009 1458 5062 die
1492 5009 1619 5062 mihi
1642 5052 1656 5073 ,
1704 5011 1874 5078 major
1901 5013 2028 5064 est?
2054 5027 2121 5064 an

552 5110 638 5180 qui
689 5107 948 5162 honorem
990 5120 1093 5157 non
1139 5102 1371 5172 accipit,
1404 5103 1648 5171 quamvis
1692 5102 1878 5170 petat?
1919 5119 1986 5156 an
2032 5105 2120 5171 qui

553 5199 789 5256 delatum
836 5196 997 5251 etiam
1026 5193 1294 5262 despicit?
1339 5193 1622 5262 PerSpicue
1648 5191 1735 5248 hic
1758 5193 1846 5262 qui
1877 5205 2121 5248 contem-

553 5295 676 5358 nit;
724 5300 779 5346 et
826 5289 942 5359 jure
983 5286 1222 5358 quidem.
1270 5285 1464 5340 Gloriae
1525 5285 1666 5339 enim
1734 5288 2122 5355 consequendze

553 5385 656 5439 alia
689 5383 826 5440 ratio
867 5395 972 5434 non
1018 5387 1134 5441 est,
1181 5393 1340 5446 quam
1378 5377 1600 5447 gloriam
1631 5379 1830 5447 fugere.
1861 5377 2122 5446 Quamdiu

557 5476 699 5530 enim
731 5474 896 5543 ipsam
933 5468 1334 5540 persequimur,
1368 5469 1499 5537 fugit
1539 5483 1674 5531 nos;
1708 5483 1830 5523 cum
1851 5485 1977 5524 vero
2005 5485 2124 5525 eam

558 5568 820 5640 fugimus,
862 5565 981 5634 ipsa
1008 5576 1107 5617 nos
1135 5560 1490 5632 persequitur.
1517 5560 1572 5615 Si
1595 5561 1674 5614 vis
1699 5561 1749 5614 in
1781 5560 1945 5630 gloria
1967 5576 2086 5617 esse
2108 5604 2122 5628 ,

557 5659 779 5728 gloriam
822 5671 889 5709 nc
927 5655 1316 5721 concupiscas:
1349 5652 1393 5705 si
1439 5651 1520 5705 vis
1558 5650 1736 5706 celsus
1785 5665 1935 5716 esse,
1975 5667 2043 5706 ne
2074 5664 2127 5708 te

560 5753 673 5820 ipsc
699 5749 752 5803 in
777 5747 1002 5802 sublime
1044 5743 1256 5800 eﬁ'eras.
1286 5745 1458 5812 Atque
1481 5743 1582 5797 alia
1611 5743 1770 5798 etiam
1812 5758 1972 5799 causa
1999 5754 2082 5798 est
2105 5785 2120 5809 ,

565 5855 662 5894 cur
682 5839 926 5892 homines
950 5836 1125 5891 colant
1149 5834 1371 5890 honoris
1401 5851 1505 5888 non
1534 5843 1872 5904 appetentem
1888 5878 1904 5900 ,
1929 5851 2125 5891 conse-

560 5938 791 5987 ctnttcm
823 5944 945 5984 vero
971 5935 1280 5983 aversentur
1317 5945 1330 5981 :
1362 5925 1576 5982 insitum
1601 5928 1742 5983 enim
1781 5926 1883 5984 hoc
1910 5935 1993 5985 est
2022 5927 2119 5985 ho-

1272 481 1333 538 S.
1369 477 1648 537 JOANNIS
1681 475 2155 534 CHRYSOSTOMI
2191 475 2506 532 ARCHIEP.
2546 465 3070 534 CONSTANTINOP.
3672 480 3765 536 εκ

2201 591 2401 644 minum
2448 592 2629 661 generi
2674 593 3032 650 contentionis
3077 588 3198 650 esse
3242 595 3528 666 cupidum,
3575 608 3633 652 et
3658 614 3764 651 cum

2197 680 2420 737 aliorum
2461 682 2740 739 desideriis
2783 683 2997 741 luctari.
3041 685 3222 757 Itaque
3251 689 3617 758 despiciamus
3660 690 3763 760 glo-

2197 772 2374 828 riam:
2408 774 2482 829 ita
2529 776 2671 830 enim
2723 777 3015 846 poterimus
3059 777 3289 835 humiles
3331 783 3445 835 ﬁeri
3478 781 3559 835 vel
3606 784 3770 849 potius

2195 867 2349 922 celsi.
2378 867 2455 922 Ne
2495 869 2719 938 teipsum
2760 871 2985 926 extollas
3006 912 3020 938 ,
3047 882 3104 926 ut
3127 875 3195 927 ab
3221 873 3327 927 alio
3350 875 3652 928 extollaris.
3681 876 3768 942 Qui

2196 970 2227 1011 a
2256 973 2315 1013 se
2360 959 2475 1029 ipso
2513 961 2823 1029 extollitur,
2872 963 2918 1017 is
2955 965 3022 1019 ab
3046 965 3164 1020 aliis
3194 981 3300 1020 non
3341 965 3622 1022 extollitur
3653 985 3666 1018 ;
3694 970 3770 1036 qui

2198 1051 2434 1121 seipsum
2473 1051 2650 1121 dejicit
2674 1095 2690 1120 ,
2744 1055 2789 1109 is
2819 1055 2887 1110 ab
2915 1057 3034 1110 aliis
3069 1073 3174 1112 nou
3211 1058 3481 1127 dejicitnr.
3530 1060 3771 1128 Magnus

2200 1142 2503 1211 arrogantia
2550 1144 2749 1198 malum
2797 1153 2881 1200 est
2922 1162 2937 1200 :
2979 1147 3144 1202 satius
3193 1159 3278 1204 est
3323 1150 3582 1204 stolidum
3631 1166 3768 1212 esse,

2199 1246 2360 1300 quam
2404 1243 2741 1302 arrogantem
2785 1253 2799 1288 :
2853 1252 2974 1289 nam
3021 1238 3091 1292 ibi
3131 1239 3345 1306 quidem
3391 1242 3624 1294 stultitia
3676 1244 3770 1294 sub

2202 1323 2396 1377 mentis
2427 1323 2708 1380 inﬁrmitas
2738 1337 2821 1382 est
2845 1343 2860 1393 ;
2896 1328 2982 1383 hic
3011 1345 3136 1385 vero
3157 1331 3373 1385 stultitia
3400 1333 3649 1388 deterior
3674 1347 3770 1394 est.

2201 1423 2258 1468 et
2281 1413 2500 1469 stultitia
2541 1431 2663 1470 cum
2695 1420 2876 1474 furore
2913 1420 3217 1490 conjuncta.
3271 1423 3508 1478 Stolidus
3534 1427 3643 1478 sibi
3693 1427 3773 1492 ipsi

2203 1516 2390 1572 uocet,
2431 1521 2689 1578 arrogans
2741 1527 2872 1566 vero
2907 1513 3130 1568 aliorum
3175 1516 3334 1570 etiam
3381 1518 3655 1587 pernicies
3682 1531 3767 1573 est.

2202 1597 2246 1650 Α
2293 1596 2560 1653 dementia
2607 1599 2694 1654 hic
2737 1603 2954 1657 morbus
3012 1615 3322 1674 procreatur
3352 1625 3366 1661 :
3394 1609 3513 1663 ﬁeri
3561 1611 3771 1664 minime

2203 1697 2412 1757 potest,
2464 1700 2522 1745 ut
2557 1693 2676 1762 quis
2703 1693 2773 1749 de
2815 1710 2876 1750 se
2918 1713 3140 1767 magnos
3181 1701 3399 1769 spiritus
3443 1715 3660 1762 sumat.
3693 1708 3774 1758 nisi

2201 1783 2398 1838 stultus
2436 1787 2505 1838 sit
2535 1787 2668 1855 :qui
2709 1802 2838 1841 vero
2884 1790 3033 1844 valde
3070 1792 3263 1845 stultus
3289 1805 3408 1852 est,
3455 1795 3502 1848 is
3530 1812 3775 1865 arrogans

2203 1890 2413 1946 quoque
2441 1888 2542 1932 est.
2574 1878 2708 1933 Audi
2737 1881 3032 1950 sapientem
3056 1885 3336 1954 quemdam
3364 1889 3437 1941 ita
3467 1889 3769 1943 dicentem:

2214 1966 2332 2022 Vidi
2359 1969 2611 2024 hominem
2657 1973 2935 2042 sapientem
2977 1976 3072 2029 sibi
3108 1977 3266 2031 videri
3294 1995 3315 2034 :
3341 1981 3506 2051 magis
3553 1998 3674 2034 vero
3705 1983 3780 2035 illa

2203 2074 2343 2126 spem
2387 2060 2532 2115 habet
2575 2062 2814 2132 insipiens
2840 2065 2856 2133 (
2884 2063 3040 2122 Prov.
3070 2068 3160 2124 26.
3190 2069 3257 2123 12
3276 2072 3316 2137 ).
3349 2070 3518 2126 Vides
3573 2089 3665 2126 me
3692 2091 3782 2127 nua

2207 2161 2409 2207 temere
2435 2153 2634 2210 dixisse
2653 2198 2668 2221 ,
2697 2159 2911 2227 gravius
2939 2175 3066 2217 esse
3087 2161 3188 2217 hoc
3213 2165 3412 2218 malum
3457 2167 3783 2222 stoliditate?

2208 2242 2377 2312 Magis
2413 2246 2556 2300 enim
2577 2288 2592 2311 ,
2640 2248 2810 2318 inquit
2831 2291 2846 2309 ,
2879 2251 2970 2305 illo
3004 2268 3147 2323 spem
3187 2254 3333 2308 habet
3360 2257 3633 2324 insipiens.
3669 2261 3781 2311 Pro-

2210 2345 2388 2405 pterea
2429 2339 2622 2395 Paulus
2662 2344 2819 2396 etiam
2867 2343 3097 2401 dicebat.
3174 2346 3351 2402 Nolite
3387 2366 3500 2403 esse
3529 2356 3783 2419 prndium

2203 2428 2345 2492 apud
2371 2432 2695 2499 vosmetipsos
2725 2435 2742 2499 (
2765 2433 2913 2488 Rom.
2949 2435 3035 2490 1‘2.
3072 2435 3136 2491 16
3251 2439 3303 2493 In
3330 2444 3688 2509 corporibus.
3717 2449 3786 2496 du:

2210 2518 2369 2585 mihi,
2397 2536 2638 2590 quaenam
2662 2525 2841 2581 valere
2867 2527 3139 2582 dicimus?
3167 2542 3345 2585 utrum
3374 2534 3539 2588 valde
3574 2538 3780 2594 tumida.

2209 2627 2271 2666 ac
2297 2615 2464 2669 multo
2508 2616 2648 2670 intus
2688 2617 2882 2673 referta
2929 2621 3056 2676 ﬁatu
3095 2633 3148 2677 et
3185 2640 3359 2694 aqua;
3406 2642 3479 2679 an
3510 2628 3784 2695 ἀριιηιεςι.

2216 2715 2270 2759 et
2293 2717 2618 2764 contractam
2650 2709 2897 2767 habentia
2922 2717 3255 2785 superﬁciem
3277 2717 3452 2773 iSine
3479 2720 3652 2773 dubio
3674 2723 3787 2775 iam

2210 2797 2352 2867 Ergo
2395 2809 2446 2853 et
2484 2802 2534 2855 in
2563 2805 2767 2869 anima,
2811 2821 2931 2876 qua:
2962 2817 3171 2874 tumet,
3214 2813 3528 2880 graviorem
3561 2813 3790 2884 hydrupe

2212 2891 2454 2946 morbum
2499 2891 2654 2949 habet
2685 2911 2698 2947 :
2726 2912 2846 2964 qua:
2874 2913 3001 2952 vero
3029 2901 3280 2967 depressa
3307 2912 3393 2957 est
3418 2945 3432 2966 .
3468 2906 3622 2958 omni
3657 2919 3784 2959 caret

2211 2984 2358 3037 vitio.
2407 2984 2544 3051 Quot
2575 2986 2733 3055 igitur
2759 2987 2897 3043 bona
2933 2991 3072 3058 parit
3115 2992 3267 3047 nobis
3311 2993 3598 3050 humilitas
3619 2999 3646 3049 τ
3673 3000 3788 3064 Quid

2213 3075 2448 3142 qtla‘l‘iS?
2473 3077 2730 3132 malarum
2759 3094 2934 3133 rerum
2965 3096 3084 3137 esse
3117 3084 3436 3139 tolerantem
3464 3128 3478 3144 .
3513 3089 3790 3141 iracumhx

2211 3175 2524 3234 expertem,
2581 3171 2908 3236 humanum,
2978 3173 3255 3238 sobrium,
3321 3186 3598 3231 attentum
3654 3193 3792 3246 atque

2213 3258 2490 3314 alacrem?
2521 3261 2633 3316 hate
2661 3263 2838 3317 omnia
2865 3263 3002 3318 bona
3031 3267 3100 3320 ab
3128 3267 3430 3324 humilitate
3460 3274 3794 3340 proﬁciscun-

2212 3356 2340 3414 tur;
2373 3353 2638 3405 contraria
2669 3368 2795 3408 vero
2815 3354 2883 3408 ab
2908 3358 3234 3426 arrogantia.
3262 3358 3395 3413 Nam
3420 3363 3516 3430 qui
3544 3380 3793 3434 arrogans

2213 3450 2330 3506 est,
2390 3443 2531 3499 hunc
2578 3455 2633 3501 et
2676 3449 3121 3504 contumeliosum
3176 3466 3296 3507 esse
3345 3469 3581 3512 necesse
3612 3469 3723 3521 est,
3751 3470 3798 3511 et

2217 3548 2620 3602 percussorem,
2643 3548 2697 3592 et
2726 3539 3072 3606 iracundum,
3099 3554 3152 3597 et
3173 3559 3415 3600 amarum
3437 3588 3454 3612 ,
3484 3559 3539 3602 et
3569 3551 3796 3609 tristem.

2215 3626 2542 3696 omninoque
2585 3631 2750 3683 feram
2798 3633 2972 3700 potius
2999 3649 3157 3703 quam
3198 3633 3495 3693 hominem.
3531 3639 3799 3695 Robustus

2221 3729 2281 3769 es
2302 3757 2316 3779 .
2349 3732 2411 3772 ac
2441 3720 2686 3790 superbis
2710 3721 2734 3773 ?
2757 3721 2884 3776 inde
2909 3722 3084 3792 potius
3109 3723 3334 3794 deprimi
3357 3729 3645 3786 debueras
3672 3751 3688 3783 :
3717 3748 3800 3786 cur

2217 3808 2357 3861 enim
2387 3825 2450 3863 ex
2484 3827 2573 3874 re,
2628 3827 2747 3881 qute
2789 3813 2986 3869 nullius
3031 3817 3285 3885 ponderis
3309 3831 3426 3886 est,
3457 3839 3693 3893 magnos
3719 3828 3802 3878 tibi

2217 3901 2434 3968 spiritus
2459 3904 2671 3958 sumis?
2704 3905 2914 3960 Etenim
2943 3917 2998 3964 et
3017 3909 3103 3964 leo
3131 3919 3183 3965 te
3201 3912 3461 3969 audacior
3486 3927 3574 3970 est
3593 3961 3609 3978 ,
3642 3930 3692 3972 et
3721 3936 3802 3971 sus

2219 3993 2489 4048 robuSIior
2515 4011 2529 4060 ;
2560 4011 2623 4050 ac
2666 4012 2776 4066 prie
2823 3998 2925 4054 illis
2959 4016 3026 4055 ne
3063 4003 3215 4058 culex
3242 4005 3459 4075 quidem
3501 4025 3565 4062 es
3596 4029 3612 4062 :
3640 4022 3692 4064 et
3737 4013 3805 4063 ta-

2223 4092 2401 4139 trones
2445 4096 2499 4140 et
2541 4090 2906 4156 sepulcrorum
2945 4091 3230 4150 ell‘ossores
3270 4106 3324 4150 et
3373 4100 3709 4167 gladiatores
3757 4115 3804 4154 et

2221 4179 2403 4232 famuli
2433 4181 2502 4234 ttti
2529 4223 2544 4248 ,
2577 4183 2801 4235 lortasse
2825 4197 2950 4237 vero
2973 4192 3025 4238 et
3050 4186 3138 4255 qui
3164 4187 3301 4241 inter
3326 4189 3477 4258 ipsos
3505 4190 3803 4247 hebetiores

2221 4282 2345 4324 sunt.
2365 4314 2378 4335 ,
2429 4281 2480 4325 te
2523 4273 2714 4327 robore
2739 4285 2793 4327 et
2821 4275 3023 4332 viribus
3070 4291 3346 4346 superant.
3378 4283 3628 4340 Hoccine
3660 4287 3802 4356 igitur

2221 4363 2376 4417 lamle
2416 4365 2630 4434 dignum
2653 4367 2678 4419 ?
2714 4383 2778 4421 ac
2818 4383 2922 4422 non
2971 4380 3021 4424 te
3047 4370 3222 4441 ipsum
3247 4389 3356 4443 pne
3381 4377 3597 4445 pudore
3624 4382 3766 4434 abdis
3788 4424 3800 4440 .

2220 4458 2308 4526 qui
2362 4459 2481 4512 ideo
2525 4460 2849 4528 superbias?
2893 4464 2962 4516 At
3010 4465 3236 4533 pulcher
3278 4482 3339 4522 es
3388 4482 3446 4523 et
3497 4469 3800 4527 formosas?

2216 4549 2509 4604 Cornicum
2533 4552 2648 4605 hmc
2669 4553 2914 4620 gloriatio
2934 4563 3045 4620 est;
3070 4571 3174 4609 non
3197 4571 3258 4611 es
3282 4572 3494 4627 pavone
3516 4565 3797 4630 pulchrior.

2221 4639 2335 4695 sive
2381 4641 2606 4695 nitorem
2649 4643 2762 4696 sive
2807 4657 3009 4712 pennas
3047 4655 3302 4714 spectes:
3351 4665 3545 4720 pennae
3599 4657 3713 4708 avis
3758 4667 3798 4704 te

2224 4731 2381 4801 iunge
2423 4732 2674 4797 vincunt,
2719 4733 2830 4802 ipsa
2862 4749 3050 4801 coma,
3094 4736 3213 4805 ipso
3240 4739 3438 4793 nitore.
3489 4743 3674 4812 Atque
3699 4746 3805 4796 olor

2223 4823 2382 4876 etiam
2414 4822 2567 4877 valde
2605 4823 2828 4893 pulcher
2854 4834 2936 4880 est
2957 4866 2972 4891 ,
3006 4827 3230 4896 alia-quc
3258 4845 3387 4884 aves
3431 4834 3619 4886 multm
3657 4838 3805 4902 εφέ-

2230 4914 2450 4968 buscum
2491 4914 2537 4968 si
2578 4926 2628 4969 te
2673 4915 2999 4980 contuleris,
3039 4917 3300 4986 despicies
3352 4922 3511 4990 plane
3557 4927 3804 4993 teipSuut.

2225 5008 2379 5078 Saepe
2405 5023 2534 5061 vero
2560 5016 2615 5062 et
2645 5009 2778 5062 viles
2806 5008 3009 5077 pueruli
3036 5050 3054 5074 ,
3096 5020 3151 5064 et
3178 5012 3410 5081 virgines
3448 5016 3694 5087 innupzr.
3715 5060 3730 5073 .
3761 5029 3812 5068 et

2229 5101 2538 5155 meretrices
2564 5101 2843 5164 mulieres,
2873 5112 2928 5156 et
2953 5103 3144 5158 molles
3173 5103 3423 5162 homines
3449 5109 3590 5164 hanc
3622 5111 3812 5164 luit-ent

2229 5192 2617 5261 gloriationcm.
2654 5191 2887 5247 Haecine
2913 5194 3072 5264 igitur
3096 5200 3397 5266 arrogantia
3425 5201 3654 5269 dignum
3675 5203 3700 5250 ?

2300 5283 2352 5338 6.
2387 5284 2456 5338 At
2481 5283 2680 5339 divitiis
2709 5285 2990 5339 abundas?
3020 5287 3198 5342 unde?
3224 5289 3417 5359 quibus
3448 5293 3618 5346 rebus
3646 5294 3813 5347 abun-

2227 5376 2364 5430 das?
2388 5391 2520 5430 auro
2538 5416 2552 5441 ,
2586 5386 2808 5447 argento
2827 5419 2842 5442 ,
2875 5377 3071 5448 lapillis
3096 5381 3386 5449 pretiosis?
3410 5382 3538 5438 Haac
3567 5395 3628 5438 et
3658 5385 3818 5437 latro-

2231 5483 2358 5520 num
2387 5467 2632 5536 gloriatio
2661 5477 2743 5524 est
2767 5478 2822 5523 et
2846 5478 3137 5535 sectorum,
3165 5482 3220 5526 et
3249 5488 3456 5535 eorum,
3481 5476 3572 5544 qui
3605 5476 3818 5528 metalla

2231 5559 2510 5615 ell‘odiunt.
2540 5561 2680 5631 Ergo
2708 5562 2849 5629 quod
2879 5563 3143 5618 damnatis
3173 5563 3325 5618 labor
3348 5575 3452 5631 est,
3489 5566 3536 5619 id
3574 5569 3672 5621 tibi
3704 5567 3819 5634 glo-

2231 5653 2402 5706 riandi
2429 5667 2587 5708 causa
2612 5653 2754 5707 erit?
2777 5655 2844 5708 At
2868 5664 3060 5708 ornatu
3089 5655 3266 5710 nites?
3290 5655 3474 5727 Equos
3500 5661 3671 5712 etiam
3699 5661 3824 5712 ἦ(ίῆ

2231 5758 2455 5798 eernere
2495 5742 2719 5812 pulchre
2746 5755 3003 5799 ornatos:
3027 5744 3167 5814 apud
3196 5745 3389 5802 Persas
3415 5764 3545 5804 vero
3578 5751 3824 5802 cantatas

2233 5835 2394 5889 etiam
2421 5835 2600 5889 videas
2629 5834 2851 5890 mirilice
2886 5845 3127 5905 comptos
3152 5853 3163 5889 :
3187 5838 3324 5892 inter
3353 5838 3610 5894 homines
3642 5854 3824 5894 autem

2239 5943 2334 5982 eos
2361 5941 2547 5982 omnes
2570 5968 2583 5995 ,
2612 5927 2700 5998 qui
2739 5942 2804 5983 ex
2841 5931 3024 5984 ’sccna.
3056 5927 3171 5986 Non
3213 5931 3378 6001 pudet
3415 5942 3467 5988 te
3498 5934 3601 5988 has
3630 5935 3702 5989 ob
3745 5952 3834 5988 τε»
