3878 6504
133 428 229 487 235

136 545 313 619 ὑψηλὸς
360 544 610 607 ταπεινός
680 544 825 597 ἐστιν
856 586 870 610 ,
937 546 965 598 6
1010 544 1066 597 δὲ
1119 546 1371 609 ταπεινὸς
1427 543 1627 613 ὑψηλὸς
1652 582 1667 606 .

136 639 274 711 ἀρκεῖ
318 635 417 705 μὲν
489 635 586 689 καὶ.
642 637 675 706 ἠ
722 635 817 690 τοῦ
884 636 1119 707 Χριστοῦ
1176 637 1448 705 ἀπόφασις
1518 634 1673 688 τοῦτο

132 728 339 796 λέγουσι
367 742 381 756 ·
432 724 571 796 πλὴν
621 725 756 779 ἀλλά
826 724 923 778 καὶ
982 725 1113 779 αὐτὸ
1168 726 1228 779 τὸ
1286 728 1520 797 πρᾶγμα
1583 724 1673 789 ἐξ-

131 819 408 886 ετάσωμεν*
430 816 496 869 Τί
517 818 633 869 ἐστι
662 816 1094 886 ταπεινωθῆναι;
1125 818 1186 870 οὐ
1211 817 1271 870 τὸ
1299 817 1582 885 ψέγεσθαι,
1612 817 1674 869 οὐ

130 913 182 965 το
208 908 621 979 κατηγορεῖσθαι
642 911 735 963 καὶ
760 910 1171 973 διαδάλλεσθαι;
1202 910 1337 962 Τίδέ
1367 908 1671 979 ὐψωθῆναις

126 1004 179 1056 οὐ
211 1000 264 1053 τὸ
284 998 565 1068 τιμᾶσθαι,
591 999 652 1053 τὸ
678 999 1038 1065 ἐπαινεῖσθαι,
1066 999 1127 1052 τὸ
1166 999 1484 1065 δοξάζεσθαι
1513 1016 1527 1063 ;
1563 1002 1675 1052 Κα-

125 1094 235 1155 λῶς.
265 1091 491 1161 Ἰδωμεν
522 1086 616 1145 οὖν
644 1092 760 1155 πῶς
793 1090 951 1146 τοῦτο
978 1091 1206 1161 γίνεται.
1247 1092 1513 1160 Ἀγγελος
1539 1087 1609 1163 ἦν
1643 1092 1672 1144 6

125 1184 368 1247 Σατανᾶς,
410 1182 625 1253 ῦψωσεν
654 1184 845 1237 ἐαυτόν
866 1200 881 1215 ·
912 1184 965 1236 τί
995 1179 1108 1249 οὖν,
1140 1184 1261 1254 οὐχι
1286 1184 1505 1238 πάντων
1538 1185 1674 1255 μᾶλ-

126 1280 202 1330 λον
219 1275 548 1345 ἐταπεινώθη
569 1293 583 1341 ;
605 1276 725 1345 οὐχὶ
749 1276 947 1346 χωρίον
982 1275 1092 1344 ἔχει
1120 1276 1217 1345 τὴν
1242 1276 1344 1345 γῆν
1367 1294 1380 1340 ;
1416 1276 1534 1347 οὐχὶ
1567 1275 1673 1329 ὑπὸ

124 1369 322 1422 πάντων
368 1371 754 1438 κατηγορεῖται
800 1369 895 1421 καὶ
938 1367 1323 1431 διαϐάλλεταις
1357 1368 1674 1440 Ἀνθρωπος

122 1461 189 1515 ὢν
211 1462 238 1514 6
264 1459 488 1525 Παῦλος,
509 1461 870 1514 ἐταπείνωσεν
896 1462 1084 1515 ἑαυτόν
1102 1476 1115 1490 '
1148 1460 1201 1513 τί
1229 1457 1321 1515 οὖν
1347 1479 1362 1527 ;
1392 1461 1512 1531 οὐχ).
1538 1460 1673 1514 θαυ-

125 1554 375 1624 μάζεταις
410 1551 531 1622 οὐχὶ
564 1553 902 1619 ἐπαινεῖται;
933 1552 1053 1622 οὑχ).
1080 1552 1487 1623 ἐγκωμιάζεται
1511 1570 1524 1618 ;
1552 1552 1673 1622 οὐχὶ

121 1646 261 1715 φίλος
284 1645 401 1697 ἐστὶ
426 1645 520 1697 τοῦ
545 1645 782 1716 Χριστοῦ
812 1663 828 1712 ;
859 1646 981 1716 οὐχὶ
1028 1646 1251 1717 μείζονα
1280 1646 1573 1717 εἰργάσατο
1596 1640 1671 1699 ὧν

119 1741 145 1793 ὁ
176 1738 396 1809 Χριστος
410 1739 807 1809 ἐποίησεν;οὐχ
825 1739 899 1802 ὼς
932 1738 1245 1810 ἀνδραπόδῳ
1280 1738 1537 1802 πολλάκις
1568 1739 1668 1792 ἐπ-

118 1830 267 1894 έταξε
297 1828 443 1901 [259.]
463 1830 541 1901 τῷ
568 1830 827 1901 διαϐόλῳ;
848 1830 966 1901 οὐχὶ
996 1832 1071 1895 ώς
1102 1831 1295 1902 δήμιον
1324 1833 1668 1905 περιέφερεν;

116 1922 230 1991 οὐχ).
250 1920 465 1987 ἕπαιξεν
482 1923 538 1973 ἐν
560 1921 739 1990 αὑτῷ;
761 1923 879 1991 οὐχὶ
897 1924 1362 1995 συντετριμμένην
1382 1924 1545 1977 αὐτοῦ
1574 1927 1671 1995 τὴν

116 2012 347 2083 κεφαλὴν
372 2009 520 2083 εἶχεν
547 2013 651 2066 ὐπὺ
678 2014 803 2077 τοὺς
834 2014 1002 2077 πόδας
1031 2016 1158 2079 τοὺς
1182 2016 1346 2069 αὐτοῦ
1369 2035 1382 2082 ;
1410 2016 1530 2085 οὐχ).
1576 2016 1672 2068 καὶ

117 2107 305 2175 ἑτέροις
350 2104 491 2173 μετά
528 2103 725 2175 πολλῆς
757 2104 856 2174 τῆς
906 2106 1216 2177 παρρησίας
1250 2105 1407 2159 τοῦτο
1435 2107 1671 2176 ἐπηύχε-

116 2213 206 2262 το;
242 2194 304 2247 Τί
333 2194 480 2263 λέγω
500 2196 671 2248 ταῦτα
696 2214 710 2261 ;
750 2196 985 2266 Ἐπῆρεν
1013 2196 1213 2250 ἐαυτὸν
1234 2199 1262 2250 6
1295 2197 1668 2267 Ἀϐεσσαλὼμ,

119 2285 469 2340 ἐταπείνωσεν
500 2286 691 2340 ἐαυτὸν
725 2288 754 2339 6
791 2286 953 2340 Δαυΐδ
975 2304 987 2316 ·
1021 2289 1170 2350 ποῖος
1198 2281 1291 2340 οὖν
1322 2286 1523 2357 ὑψηλὸς
1545 2288 1671 2355 ἐγέ-

116 2391 259 2439 νετο;
293 2374 378 2438 τίς
409 2374 689 2442 ἐπίδοξος;
722 2376 785 2429 Τί
811 2376 919 2449 γάρ
946 2376 1327 2448 ταπεινότερον
1349 2379 1458 2432 τῶν
1492 2380 1671 2450 ῥημά-

113 2483 209 2519 των
243 2466 451 2519 τούτων
477 2461 550 2519 ὧν
565 2468 656 2520 ἐπὶ
681 2467 773 2520 τοῦ
800 2470 995 2538 Σεμεεί
1021 2469 1321 2537 ἐφθέγγετο
1345 2472 1373 2523 6
1403 2471 1672 2542 μακάριος

111 2557 249 2623 οὗτος
274 2562 583 2633 προφήτης,
611 2561 783 2629 λέγων
808 2579 823 2592 ·
852 2563 1067 2631 Ἅφετε
1086 2563 1273 2616 αὐτὸν
1304 2563 1674 2630 καταρᾶσθαι

107 2671 176 2723 με
205 2672 219 2686 ⁸
252 2654 471 2722 Κύριος
494 2654 604 2722 γὰρ
650 2654 985 2709 ἐνετείλατο
1004 2653 1200 2720 αὐτῷ;
1234 2655 1343 2708 Καὶ
1372 2657 1459 2708 ἐπ’
1493 2655 1671 2709 αὐτῶν

111 2747 163 2800 6%
202 2746 303 2801 τῶν
338 2748 684 2817 πραγμάτων
738 2747 1103 2817 ἐξετάσωμεν,
1135 2750 1182 2801 εί
1215 2747 1382 2802 δοκεῖ·
1425 2750 1674 2802 Ἐταπεί-

108 2857 266 2892 νωσεν
303 2853 330 2880 ι
370 2840 563 2892 ἑαυτὸν
607 2841 635 2892 6
686 2840 943 2911 τελώνης,
972 2841 1149 2895 καίτοι
1173 2858 1237 2910 γε
1260 2841 1380 2895 οὐδὲ
1420 2860 1673 2896 ταπεινο-

111 2931 335 3001 φροσύνη
370 2932 437 2983 τὸ
463 2932 693 3001 πρᾶγμα
732 2927 822 3002 ἦν,
850 2932 986 2985 ἀλλά
1022 2932 1379 3002 εὐγνωμόνως
1410 2950 1525 2995 πως
1554 2933 1670 2985 ἐλε-

105 3041 213 3092 γεν,
236 3023 377 3092 άπερ
413 3022 616 3092 ἔλεγεν.
644 3023 897 3093 ’Ὑψωσεν
926 3025 1117 3078 ἑαυτὸν
1151 3026 1179 3078 6
1207 3027 1514 3097 Φαρισαῖος.
1534 3026 1673 3078 Ἀλλ’

107 3118 151 3169 εί
202 3116 365 3182 δοκεῖ,
430 3116 659 3185 ἀφέντες
718 3115 789 3168 τὰ
851 3116 1152 3185 πρόσωπα,
1205 3117 1549 3187 ἐξετάσωμεν
1604 3117 1672 3171 τὰ

103 3209 718 3280 πράγματα-Ἔστωσαν
744 3208 839 3262 δύο
866 3209 1030 3274 τινὲς,
1058 3209 1358 3281 ἀμφότεροι
1386 3211 1477 3264 καὶ
1505 3210 1667 3263 πλου-

104 3299 342 3363 τοῦντες,
397 3300 496 3353 καὶ
550 3299 869 3370 μετέχοντες
924 3300 1124 3371 πολλῆς
1174 3302 1362 3371 τιμῆς,
1426 3303 1520 3355 καὶ
1579 3302 1671 3355 ἐπὶ

102 3390 253 3460 σοφία
286 3392 385 3443 καὶ
446 3390 753 3461 δυναστείᾳ,
792 3391 887 3443 καὶ
940 3391 1032 3443 ἐπὶ
1070 3393 1182 3454 τοῖς
1214 3391 1395 3455 ἄλλοις
1434 3395 1546 3455 τοῖς
1582 3410 1672 3445 κοο

105 3484 309 3552 σμαοίς
375 3482 813 3555 πλεονεκτήμασι
854 3482 1378 3555 μεγαλοφρονοῦντες
1414 3501 1429 3515 ο
1486 3481 1604 3538 εἶτα
1643 3487 1672 3538 6

103 3574 194 3643 μὲν
226 3574 412 3627 αὐτῶν
438 3574 670 3645 ζητείτω
697 3576 795 3639 τὰς
827 3576 980 3645 παρά
1013 3577 1230 3631 πάντων
1258 3577 1443 3648 τιμὰς,
1476 3579 1569 3633 καὶ
1594 3581 1669 3650 μὴ

98 3665 386 3735 λαμϐάνων
453 3667 775 3738 ὀργιζέσθω,
816 3670 912 3722 καὶ
975 3668 1198 3741 πλέονῆ
1238 3670 1319 3723 δεῖ
1346 3672 1667 3737 ἀπαιτείτω,

97 3760 188 3811 καὶ
217 3758 447 3830 ὑψούτω
470 3760 657 3813 ἑαυτόν
680 3776 694 3789 ο
719 3761 747 3813 6
777 3759 832 3812 6%
860 3761 1266 3832 καταφρονείτω
1294 3761 1387 3815 τοῦ
1412 3763 1670 3833 πράγμα-

96 3872 202 3922 τος,
228 3856 323 3908 καί
357 3854 502 3925 πρὸς
530 3854 733 3926 μηδένα
760 3853 901 3925 ὑπὲρ
920 3854 1108 3908 τούτου
1134 3856 1554 3927 δυσχεραινέτω,
1578 3862 1670 3910 καὶ

96 3947 375 4018 διδομένην
404 3948 507 4018 τὴν
534 3946 702 4019 τιμὴν
743 3946 1133 4018 διακρουέσθω.
1175 3948 1271 4012 Τίς
1300 3943 1392 4002 οὖν
1425 3950 1623 4019 μείζων
1651 3967 1665 4015 ;

94 4042 122 4092 6
161 4042 234 4112 μὴ
282 4040 579 4110 λαμϐάνων
618 4038 713 4092 καὶ
750 4038 1005 4108 ζητῶν,ἢ
1041 4039 1069 4091 ὁ
1102 4037 1197 4092 καὶ
1228 4038 1475 4093 διδόντων
1497 4058 1670 4093 κατα-

95 4132 343 4203 φρονῶν;
381 4131 619 4202 Εὔδηλον
646 4132 727 4185 ὅτι
755 4126 910 4195 οὗτος
929 4148 942 4161 ⁸
976 4131 1222 4195 εἰκότως.
1246 4130 1415 4201 Δόξης
1438 4133 1545 4205 γὰρ
1571 4134 1669 4186 οὐκ

95 4224 237 4276 ἐστιν
284 4224 467 4287 ἄλλως
498 4226 793 4295 ἐπιτυχεῖν,
824 4223 941 4277 ἀλλ’
967 4224 999 4295 ἢ
1030 4225 1089 4276 ἐν
1131 4224 1208 4293 τῷ
1248 4224 1403 4289 δόξαν
1427 4225 1666 4293 φεύγειν.

96 4314 237 4378 Ἕως
276 4316 376 4385 μὲν
412 4316 522 4388 γὰρ
551 4316 718 4388 αὐτὴν
755 4315 1040 4386 διώκωμεν
1060 4357 1075 4381 ,
1107 4315 1295 4386 φεύγει
1321 4318 1471 4387 ἡμᾶς
1501 4335 1512 4348 ·
1541 4318 1671 4371 ὅταν

93 4406 151 4458 δέ
177 4408 346 4477 αὐτὴν
372 4408 684 4478 φεύγωμεν,
733 4408 916 4462 διώκει
959 4410 1124 4480 ἡμᾶς.
1162 4410 1224 4463 Εἰ
1255 4409 1432 4480 βούλει
1462 4410 1669 4475 ἔνδοξος

95 4492 257 4562 εἶναι,
288 4499 364 4568 μὴ
384 4500 635 4571 ἐπιθύμει
661 4500 818 4570 δόξης
839 4518 853 4531 ο
884 4502 933 4553 εί
958 4501 1137 4572 βούλει
1172 4501 1371 4571 ὑψηλὸς
1396 4498 1554 4568 εἶναι,
1593 4504 1670 4575 μὴ

94 4589 247 4657 γίνου
281 4591 501 4661 ὑψηλός.
538 4592 651 4645 Καὶ
687 4592 860 4655 ἄλλως
888 4592 967 4657 δὲ,
999 4592 1090 4645 τὸν
1115 4594 1212 4663 μὲν
1250 4594 1325 4665 μὴ
1386 4596 1670 4665 ἐφιέμενον

88 4683 254 4753 τιμῆς
280 4685 486 4747 πάντες
512 4685 733 4756 τιμῶσι,
759 4684 851 4738 τὸν
869 4685 925 4739 δὲ
953 4686 1312 4756 ἐπιζητοῦντα
1329 4687 1665 4743 διαπτύουσι·

85 4759 299 4844 πέφυκε
325 4777 441 4849 γάρ
461 4795 574 4840 πως
593 4778 891 4846 φιλόνεικον
908 4772 1116 4831 εῖναιτδ
1132 4778 1241 4831 τῶν
1258 4780 1356 4834 ἀνθ
1366 4780 1561 4852 ρώπων
1576 4783 1669 4850 γέ-

85 4882 171 4929 νος
194 4868 290 4920 καὶ
304 4869 629 4933 ἀντιπαθές.
650 4871 1094 4943 Καταφρονῶμεν
1121 4872 1298 4925 τοίνυν
1324 4873 1479 4945 δόξης
1496 4890 1507 4902 °
1526 4874 1668 4929 οὑτω

81 4960 187 5030 γὰρ
255 4961 615 5032 δυνησόμεθα
677 4964 931 5033 γενέσθαι
994 4966 1296 5030 ταπεινοὶ,
1360 4969 1559 5038 μᾶλλον
1610 4970 1666 5023 δὲ

82 5052 294 5123 ὑψηλοί.
324 5055 425 5125 Μὴ
456 5054 590 5122 ῦψου
644 5056 861 5121 σαυτὸν,
897 5057 985 5111 ἵνα
1020 5058 1151 5129 παρ’
1180 5059 1367 5132 ἐτέρου
1418 5060 1660 5133 ὑψωθῇς.

90 5144 147 5198 Ὀ
176 5149 311 5219 παρ’
337 5148 886 5220 ἐαυτοῦμύψούμενος,
912 5151 1043 5220 παρ’
1071 5151 1387 5225 ἐτέρωνούχ
1415 5154 1663 5224 ὑψοῦταιυ

78 5240 106 5290 6
128 5240 256 5311 παρ’
284 5239 495 5294 ἑαυτοῦ
521 5242 965 5314 ταπεινούμενος,
995 5246 1123 5317 παρ’
1158 5246 1362 5318 ἐτέρων
1395 5248 1456 5300 οὐ
1482 5266 1665 5303 ταπει-

77 5333 278 5387 νοῦται.
311 5334 483 5402 Μέγα
513 5334 740 5389 ἀπόνοια
796 5336 998 5389 κακόν⁶
1027 5338 1209 5409 μωρὸν
1238 5334 1376 5393 εἷναι
1396 5341 1662 5411 κρεῖττον,

77 5424 107 5493 ἦ
138 5426 594 5496 ἀπονενοημένον
626 5443 640 5457 ·
677 5428 793 5480 ἐκεῖ
818 5427 916 5498 μὲν
946 5428 1055 5499 γὰρ
1081 5430 1114 5499 ἡ
1157 5430 1337 5501 μωρία
1366 5432 1524 5502 μόνον
1564 5452 1666 5487 πα-

78 5516 299 5585 ρανοίας
343 5519 526 5581 ἐστὶν,
552 5516 787 5571 ἐνταῦθα
831 5518 887 5571 δὲ
935 5518 1133 5589 χείρων
1164 5537 1178 5550 ⁸
1215 5521 1396 5599 μωρία
1420 5524 1526 5596 γάρ
1549 5526 1666 5579 ἐστι

131 5821 415 5892 ’.τζοίδιίηη
448 5825 705 5874 ἐνετείλατο
728 5825 874 5890 αὐτῷ.
915 5825 1271 5891 Ἐταπείνωσεν,
1298 5826 1493 5880 omissis
1512 5833 1669 5881 inter-

70 5893 255 5944 pusum.

989 420 1058 479 IN
1100 423 1320 481 EPIST.
1359 423 1450 477 At)
1488 420 1776 479 mulep.
1815 427 1966 483 CAP.
2002 428 2066 484 ιι.
2108 431 2340 490 ιιοιιιι.
2380 422 2487 492 vn;

3234 446 3351 505 236'

1784 546 1921 614 μετά
1950 551 2165 619 μανίας.
2205 554 2264 608 'U
2302 557 2526 626 ἀνόητος
2552 559 2730 630 ἐαυτῷ
2761 544 2949 630 κακον,
2985 565 3012 617 ὁ
3048 566 3103 619 δέ
3143 568 3340 623 ἀπονε-

1777 642 2035 711 νοημένος
2082 646 2177 699 καὶ
2238 649 2444 720 ἑτέροις
2503 651 2671 723 λύμη.
2712 655 2845 708 Ἀπὸ
2886 656 3070 723 ἀνοίας
3096 660 3255 715 τοῦτο
3283 664 3344 717 τὸ

1778 733 1947 798 πάθος
1972 736 2234 793 τίκτεται.
2271 743 2384 795 Οὐκ
2410 743 2555 797 ἔστιν
2587 746 2930 818 ὑψηλόφρονα
2952 746 3089 803 εἶναι
3125 753 3197 825 μὴ
3217 754 3344 808 ὅντα

1781 825 1962 894 μωρόν
1986 842 1999 857 ⁸
2040 831 2068 881 6
2095 829 2151 882 6%
2184 832 2395 904 μωρίας
2422 834 2696 905 ἔμπλεως,
2720 839 2866 891 ἐστὶν
2892 841 3341 914 ἀπονενοημένος.

1781 918 1978 972 Ἀκουε
2020 922 2184 991 σοφοῦ
2215 942 2357 988 τινος
2385 926 2634 995 λέγοντος
2664 946 2677 958 ·
2704 925 2885 985 Εἶδον
2912 933 3226 1002 ἄνθρωπον
3247 938 3345 991 δο-

1775 1010 2000 1067 κοῦντα
2024 1015 2316 1084 φρόνιμον
2328 1017 2477 1072 εἶναι
2500 1021 2634 1089 παρ’
2650 1021 2860 1089 ἐαυτῷ·
2888 1025 3107 1081 ἐλπίδα
3126 1027 3194 1081 δὲ
3221 1029 3345 1098 ἔχει

1772 1098 2015 1168 μᾶλλον
2060 1106 2095 1157 ό
2151 1106 2354 1175 ἄφρων
2407 1110 2614 1165 αὐτοῦ.
2664 1112 2825 1184 Ὁρᾷς
2852 1115 2933 1167 ὅτι
2962 1117 3059 1169 οὐκ
3081 1118 3203 1189 εἰκῆ
3232 1120 3346 1172 ἔλε-

1776 1208 1895 1259 γον,
1936 1195 2018 1248 δτι
2073 1198 2254 1268 χεῖρον
2311 1202 2519 1271 μωρίας
2568 1203 2628 1256 τὸ
2664 1206 2870 1272 κακόν;
2911 1207 3161 1262 Ἐλπίδα
3215 1210 3341 1282 γὰρ,

1776 1285 1931 1355 φησὶ,
1960 1285 2204 1355 μᾶλλον
2249 1291 2373 1358 ἔχει
2416 1292 2621 1362 ἄφρων
2647 1298 2852 1352 αὐτοῦ.
2887 1298 2984 1351 Διά
3011 1300 3168 1354 τοῦτο
3196 1304 3288 1354 καὶ
3316 1305 3346 1355 6

1775 1374 1985 1439 Παῦλος
2010 1378 2183 1449 ἔλεγε,
2218 1385 2277 1436 Μ
2284 1385 2315 1450 ἡ
2356 1384 2596 1452 γίνεσθε
2623 1390 2896 1458 φρόνιμοι
2923 1391 3058 1458 παρ’
3087 1392 3341 1460 ἑαυτοῖς.

1787 1465 1909 1519 Ἐπὶ
1941 1468 2050 1521 τῶν
2086 1471 2353 1540 σωμάτων
2378 1475 2498 1526 εἰπέ
2524 1494 2636 1545 μοι,
2670 1479 2798 1532 ποῖά
2827 1498 3007 1547 φαμεν
3032 1482 3294 1550 ὑγιαίνειν
3328 1502 3343 1547 ;

1778 1554 1929 1629 [255]
1960 1559 2030 1613 τὰ
2055 1558 2218 1628 ὄγκον
2249 1562 2441 1633 ἔχοντα
2468 1566 2656 1627 πολὺν,
2689 1569 2783 1621 καὶ⁹
2812 1571 3005 1624 πολλοῦ
3041 1574 3346 1645 πνεύματος

1776 1647 1985 1702 ἔνδοθεν
2019 1650 2256 1721 γέμοντα
2286 1655 2378 1707 καὶ
2407 1654 2673 1730 ῦδατος,ἢ
2704 1661 2770 1712 τὰ
2802 1663 3229 1735 κατεσταλμένα,
3256 1671 3346 1721 καὶ

1776 1744 2253 1815 τεταπεινωμένην
2305 1747 2498 1816 ἔχοντα
2528 1749 2628 1820 τὴν
2664 1754 3015 1822 ἐπιφάνειαν;
3066 1758 3233 1829 Δῆλον
3265 1760 3346 1813 ὅτι

1773 1830 1969 1887 ταῦτα.
2005 1835 2215 1888 Οὐκοῦν
2269 1839 2362 1890 καὶ
2414 1839 2508 1891 ἐπὶ
2532 1842 2631 1911 τῆς
2650 1841 2901 1916 ψυχῆς,ή
2943 1847 3040 1916 μὲν
3076 1849 3342 1919 φλεγμαί-

1777 1945 1940 1981 νουσα
1967 1930 2156 2002 ὑδέρου
2179 1935 2359 2004 χείρον
2386 1936 2496 2005 ἔχει
2530 1938 2743 2009 νόσημα
2770 1959 2783 1971 ·
2807 1945 2838 2003 ἡ
2857 1943 2913 1996 δὲ
2939 1948 3344 2020 κατεσταλμένη

1777 2018 1979 2081 παντὸς
2025 2021 2374 2090 ἀπήλλακται
2433 2024 2656 2089 πάθους.
2698 2030 2845 2084 Πόσα
2892 2028 2982 2086 οὖν
3008 2034 3181 2089 τίκτει
3214 2018 3350 2108 ἡμῖν

1775 2111 1954 2178 ἀγαθά
1980 2115 2013 2183 ἡ
2041 2118 2538 2191 ταπεινοφροσύνηῑ
2573 2122 2637 2173 Τί
2663 2122 2876 2192 βούλει;
2912 2125 2971 2177 τὸ
3003 2128 3342 2194 ἀνεξίκακον,

1775 2204 1835 2257 τὸ
1858 2204 2146 2276 ἀόργητον,
2176 2208 2239 2260 τὸ
2268 2209 2668 2283 φιλάνθρωπον,
2703 2215 2762 2268 τὸ
2792 2218 3070 2286 νηπτικδν,
3097 2220 3155 2272 τὸ
3177 2238 3346 2291 προσ-

1776 2295 1991 2348 εκτικόν
2026 2313 2040 2361 ;
2064 2298 2248 2353 Πάντα
2274 2301 2445 2355 ταῦτα
2464 2304 2570 2355 ἀπὸ
2593 2309 3090 2379 ταπεινοφροσύνης
3105 2313 3169 2365 τά
3188 2313 3341 2376 καλὰ,

1778 2387 1871 2439 καὶ
1918 2386 1987 2440 τὰ
2035 2390 2251 2443 ἐναντία
2291 2392 2399 2445 ἀπὸ
2434 2394 2533 2463 τῆς
2567 2395 2843 2460 ἀπονοίας.
2863 2398 3097 2471 ’Λνάγκη
3128 2405 3234 2474 γὰρ
3259 2405 3349 2456 τὸν

1774 2478 2011 2532 τοιοῦτον
2033 2480 2125 2532 καὶ⁵
2149 2482 2407 2554 ὑϐριστὴν
2427 2480 2584 2549 εἶναι,
2603 2487 2695 2540 καὶ
2725 2488 2971 2560 πλήκτην
2987 2493 3079 2544 καὶ
3109 2495 3349 2563 ὀργίλον,

1777 2571 1873 2624 καὶ
1891 2572 2103 2642 πικρὸν,
2122 2575 2214 2628 καὶ
2230 2576 2540 2646 ἀμειδῆ,καὶ
2555 2579 2738 2649 θηρίον
2759 2582 2976 2651 μᾶλλον,
2994 2584 3024 2655 ἢ
3043 2584 3346 2657 ἄνθρωπον.

1788 2661 2027 2731 ’ἰσχυρὸς
2054 2659 2134 2727 εἴ,
2163 2666 2258 2717 καὶ⁸
2312 2666 2455 2735 μέγα
2487 2673 2737 2739 φρονείςς
2784 2672 2992 2726 Οὐκοῦν
3015 2714 3028 2735 ,
3064 2675 3149 2728 διὰ
3190 2677 3353 2731 τοῦτο

1779 2756 1977 2825 μᾶλλον
2029 2757 2265 2826 ὀφείλεις
2304 2762 2691 2815 ταπεινοῦσθαι
2712 2779 2723 2791 ·
2749 2764 2838 2818 διά
2868 2765 2920 2817 τί
2946 2768 3038 2820 ἐπὶ
3061 2769 3345 2839 πράγματι

1778 2847 1919 2917 μέγα
1950 2852 2166 2918 φρονεῖς
2193 2849 2467 2921 οὐδαμινῷ
2490 2868 2503 2915 ;
2535 2852 2645 2904 Καὶ
2671 2853 2781 2924 γὰρ
2806 2855 2900 2908 καὶ
2934 2856 3071 2910 λέων
3104 2859 3198 2912 σοῦ
3218 2860 3350 2932 θρα-

1776 2936 2017 3006 σύτερος,
2049 2939 2144 2991 καὶ
2160 2933 2221 3003 ὗς
2244 2940 2609 3012 ἰσχυρότερος,
2641 2945 2735 2996 καὶ
2759 2945 2879 2999 οὐδὲ
2907 2948 3106 3019 κώνωψ
3138 2947 3187 3003 εἷ
3212 2953 3349 3022 πρὸς

1775 3028 1971 3091 αὐτούς
1994 3045 2007 3059 ο
2039 3031 2131 3083 καὶ
2156 3031 2352 3104 λῃσταί⁷
2378 3032 2436 3086 δὲ
2458 3035 2551 3088 καὶ
2572 3036 2922 3110 τυμϐωρύχοι
2967 3043 3061 3095 καὶ
3111 3047 3348 3117 μονομάι

1773 3137 1859 3191 χοι
1887 3122 1980 3174 καὶ
2012 3123 2061 3174 οί
2105 3123 2316 3176 οἰκέται
2341 3126 2391 3177 οί
2423 3124 2528 3191 σοὶ,
2577 3129 2672 3181 καὶ⁵
2704 3129 2834 3193 ἴσως
2869 3132 2919 3185 οἱ
2944 3133 3348 3205 ἀγνωμονέστεο

1775 3229 1881 3282 ροι,
1916 3213 2251 3284 ίσχυρότεροί
2276 3232 2392 3271 σου.
2426 3216 2597 3271 Τοῦτο
2623 3214 2717 3273 οὖν
2752 3220 2901 3286 ἀξιον
2937 3226 3199 3295 ἐπαίνους
3237 3230 3347 3283 Καὶ

1773 3302 1834 3354 οὐ
1889 3304 2244 3375 κατορύττεις
2305 3310 2526 3372 σαυτὸν,
2558 3311 2653 3363 ἐπὶ
2684 3312 2859 3386 τούτῳ
2890 3316 3032 3386 μέγα
3076 3321 3290 3391 φρονῶν
3329 3341 3342 3387 ;

1787 3394 1949 3448 Ἀλλά
1990 3396 2155 3460 καλὸς
2204 3395 2256 3452 εἷ
2280 3401 2374 3453 καὶ
2395 3401 2630 3471 ὼραῖος;
2658 3405 2928 3477 Κορωνῶν
2958 3409 3019 3463 τὸ
3039 3412 3299 3484 καύχημα
3329 3432 3344 3446 ·

1772 3488 1873 3541 οὑκ
1926 3485 1976 3543 εί
2033 3491 2127 3543 τοῦ
2170 3493 2284 3545 ταῶ
2313 3495 2567 3562 καλλίων,
2623 3499 2742 3553 οὐδὲ
2791 3502 2985 3567 ἄνθους
3016 3504 3201 3559 ἕνεκεν
3225 3508 3346 3561 οὐδε

1772 3582 1989 3653 πτερῶν
2023 3600 2037 3615 ο
2075 3587 2132 3637 ἐν
2164 3588 2278 3650 τοῖς
2307 3586 2399 3639 τοῦ
2437 3588 2648 3659 ὄρνιθος
2691 3594 2723 3661 ἡ
2766 3592 2888 3664 νίκη
2914 3610 2927 3623 ³
2962 3596 3094 3649 πολύ
3119 3615 3176 3650 σε
3208 3617 3347 3671 παρ-

1773 3672 1987 3726 ελαύνει
2014 3679 2079 3747 τῇ
2111 3676 2256 3750 κόμῃ
2276 3720 2289 3742 ,
2317 3678 2395 3749 τῷ
2433 3680 2603 3734 ἄνθει.
2649 3684 2757 3736 Καὶ
2777 3687 2804 3737 6
2836 3686 3029 3750 κύκνος
3058 3687 3112 3741 δὲ
3139 3690 3350 3761 σφόδρα

1774 3765 1891 3818 ἐστὶ
1924 3766 2106 3833 καλὸς,
2130 3769 2222 3821 καὶ
2260 3768 2444 3822 πολλοὶ
2470 3770 2580 3849 τῶν
2616 3772 2843 3843 ὀρνίθων
2873 3775 3068 3848 ἕτεροι,
3093 3778 3227 3849 πρὸς
3251 3778 3346 3844 οὓς

1774 3856 1821 3908 εί
1856 3856 2286 3930 παραϐληθείης,
2316 3859 2467 3914 οὐδὲν
2492 3845 2616 3931 δψει
2641 3865 2856 3919 σαυτόν.
2882 3845 3147 3933 Πολλάκις
3169 3870 3224 3923 δὲ
3254 3872 3346 3926 καὶ

1774 3950 1962 4003 παιδία
1984 3951 2195 4019 εὐτελῆ,
2235 3954 2327 4006 καὶ
2371 3954 2534 4026 κόραι
2565 3958 2967 4031 ἀπειρόγαμοι,
2995 3964 3089 4015 καὶ
3148 3965 3348 4036 πόρναι

1773 4044 2053 4110 γυναῖκες,
2102 4045 2196 4097 καὶ
2241 4046 2433 4115 ἄνδρες
2485 4048 2721 4118 μαλακοὶ
2761 4052 2919 4105 τοῦτο
2948 4052 3105 4124 ἔσχον
3127 4057 3184 4108 τὸ
3215 4057 3345 4111 καύέ

1774 4149 1840 4203 χη
1851 4150 1946 4202 μα.
1973 4134 2141 4186 Τοῦτο
2161 4132 2255 4189 οὖν
2284 4138 2431 4203 ἄξιον
2464 4140 2719 4204 ἀπονοίας
2743 4162 2757 4203 ;

1846 4233 1919 4291 ς’.
1952 4227 2109 4281 Ἀλλὰ
2126 4228 2390 4296 πλουτεῖς;
2422 4232 2617 4297 πόθεν;
2649 4234 2701 4287 τί
2735 4238 3097 4307 κεκτημένος;
3124 4244 3342 4312 χρυσον,

1775 4319 2036 4391 ἄργυρον,
2063 4320 2245 4386 λίθους
2272 4325 2488 4393 τιμίους
2512 4342 2525 4392 ;
2558 4325 2729 4379 Τοῦτο
2748 4328 2838 4381 καὶ
2856 4329 3069 4403 λῃστῶν
3090 4334 3227 4398 ἐστι,
3253 4338 3347 4388 καὶ⁸

1774 4412 2112 4484 ἀνδροφόνων
2143 4415 2204 4467 το
2233 4415 2512 4487 καύχημα,
2550 4419 2775 4474 καὶτῶν
2804 4421 2872 4474 τὰ
2905 4423 3144 4493 μέταλλα
3177 4426 3343 4497 ἐργα-

1777 4503 2038 4573 ζομένων.
2089 4505 2148 4558 '0
2177 4505 2287 4558 τῶν
2320 4507 2627 4562 καταδίκων
2667 4510 2848 4575 πόνος,
2880 4513 3029 4565 τουτί
3085 4532 3166 4568 σοι
3210 4516 3346 4570 xari-

1775 4614 1946 4668 χημα.
1982 4598 2141 4651 Ἀλλά
2190 4603 2367 4672 κοσμῇ
2429 4604 2524 4654 καὶ
2570 4602 2930 4677 καλλωπίζῃς
2986 4609 3094 4662 Καὶ
3148 4612 3345 4677 ἵππους

1775 4690 1921 4743 ἐστιν
1956 4690 2082 4744 ἰδεῖν
2116 4690 2628 4763 καλλωπιζομένους
2652 4712 2666 4726 ·
2704 4698 2854 4768 παρά
2885 4698 2939 4752 δὲ
2960 4702 3071 4763 τοῖς
3110 4703 3346 4775 Πέρσαις

1775 4784 1868 4836 καὶ
1890 4784 2167 4854 καμήλους
2186 4784 2283 4838 ῐδοι
2299 4802 2381 4848 τις
2404 4784 2470 4838 ἂν
2503 4786 2983 4860 καλλωπιζομένας
3006 4808 3019 4822 ·
3036 4793 3127 4845 ἐπὶ
3149 4795 3205 4847 δὲ
3238 4796 3346 4848 τῶν

1775 4875 2099 4947 ἀνθρώπων,
2134 4877 2260 4941 τοὺς
2299 4878 2391 4930 ἐπὶ
2438 4880 2641 4952 σκηνῆς
2674 4881 2937 4946 ἅπαντας.
2976 4884 3089 4938 Οὐκ
3109 4886 3338 4962 αἰσχύνῃ

1774 4965 1865 5023 οὖν
1899 4971 1989 5022 ἐπὶ
2035 4969 2244 5034 τούτοις
2274 4971 2418 5042 μέγα
2470 4974 2681 5043 φρονῶν
2703 5015 2721 5039 ,
2749 4976 2807 5029 ἐν
2833 4971 2916 5035 οἷς
2960 4976 3028 5031 τά
3057 4977 3228 5047 ἄλογά
3264 4997 3345 5033 σοι

1774 5066 2019 5115 κοινωνεῖ
2044 5064 2138 5116 καὶ
2176 5062 2355 5117 δοῦλοι
2387 5064 2481 5118 καὶ
2513 5066 2826 5136 ἀνδροφόνοι
2852 5069 2947 5121 καὶ
2980 5070 3214 5140 μαλακοὶ
3250 5073 3344 5125 καὶ

1772 5154 1965 5225 λῃσταὶ
1992 5157 2086 5209 καὶ
2110 5156 2493 5227 τυμϐωρύχοις
2536 5158 2675 5211 Ἀλλ’
2692 5161 2869 5224 οίκίας
2894 5163 3194 5232 οἰκοδομείς
3208 5164 3344 5234 λαμο

1772 5248 1913 5318 πράς
1937 5264 1951 5314 ;
1980 5248 2091 5301 Καὶ
2122 5248 2175 5301 τί
2201 5249 2398 5316 τοῦτο;
2431 5252 2616 5305 πολλοὶ
2637 5252 2833 5306 κολοιοὶ
2862 5253 3242 5326 λαμπροτέρας
3267 5257 3344 5309 οἰ-

1773 5337 1949 5403 κοῦσι,
1975 5340 2069 5393 καὶ
2101 5341 2398 5413 σεμνότερα
2415 5342 2597 5414 ἔχουσι
2622 5343 2957 5413 καταγώγια.
2993 5347 3063 5399 Ἢ
3087 5348 3182 5417 οὐχ
3209 5349 3342 5418 ὁρᾷς

1771 5431 1993 5495 τούτους
2038 5432 2164 5496 τούς
2189 5435 2320 5505 περὶ
2355 5433 2423 5488 τὰ
2457 5436 2719 5506 χρήματα
2777 5439 3157 5508 μαινομένους,
3197 5439 3246 5492 οἳ
3281 5442 3339 5493 ἐν

1772 5520 1962 5593 ἀγροῖς
1990 5523 2084 5576 καὶ
2106 5526 2162 5576 ἐν
2184 5524 2411 5597 ἐρήμοις
2437 5527 2621 5591 τόποις
2649 5527 3007 5600 ᾠκοδόμησαν
3025 5530 3226 5597 οἴκους,
3246 5550 3337 5586 x0-

1772 5609 1931 5662 λοιῶν
1959 5610 2312 5681 καταγώγια;
2356 5614 2517 5667 Ἀλλά
2539 5618 2721 5686 φωνῆς
2751 5617 2912 5671 ἓνεκα
2931 5618 3073 5687 μέγα
3092 5623 3336 5690 φρονεῖςς

1773 5699 1883 5754 Τοῦ
1935 5700 2135 5755 κύκνου
2182 5702 2279 5757 καὶ
2336 5703 2437 5773 τῆς
2493 5705 2714 5775 ἀηδόνος
2745 5706 2996 5760 οὐδέποτε
3043 5708 3105 5761 σύ
3135 5709 3335 5781 δυνήσῃ

1773 5788 1903 5862 ᾆσαι
1957 5794 2342 5867 λιγυρώτερον.
2374 5795 2519 5848 Ἀλλ’
2571 5798 2665 5852 ἐπὶ
2718 5799 2962 5873 ποικιλίᾳ
2983 5801 3339 5873 τέχνης;Καὶ

1776 5886 1828 5939 τί
1860 5886 1959 5957 τῆς
1991 5885 2242 5958 μελίττης
2274 5889 2331 5941 ἐν
2364 5888 2538 5961 τούτῳ
2572 5890 2876 5963 σοφώτερον
2908 5910 2921 5961 ;
2954 5897 3103 5960 ποῖος
3129 5897 3341 5950 ποικιλ-
