3974 6532
216 469 347 524 ’937

238 595 466 652 magnos
494 575 712 649 spiritus
739 587 984 637 sumere,
1016 571 1067 625 in
1094 571 1286 639 quibus
1312 579 1486 623 tecum
1513 563 1813 620 communi-

233 685 362 730 cant
400 673 556 726 bruta
584 667 872 724 animantia
903 675 957 718 et
985 663 1125 717 Servi
1157 671 1212 715 et
1239 659 1519 714 homicida;
1547 667 1602 711 et
1629 656 1816 710 tttolles

233 777 291 821 et
339 767 575 818 latrones
620 768 674 814 et
722 757 1088 826 sepulcrorum
1137 749 1514 820 perfossores?
1563 749 1629 801 At
1674 746 1816 800 aedes

234 856 475 911 exstruis
520 848 867 921 splendidas?
911 845 975 898 Et
1013 842 1194 913 quanti
1243 840 1386 894 hoc?
1425 838 1574 893 ntulti
1615 835 1815 906 graculi

229 946 570 1016 splendidius
613 943 888 1004 habitant,
919 947 974 992 et
1003 932 1454 1002 magniﬁcentiora
1485 930 1678 984 habent
1718 927 1813 981 do.

228 1041 456 1094 tnicilia.
492 1040 682 1090 Annon
713 1033 861 1086 vides
900 1032 967 1083 ab
998 1029 1062 1082 iis
1103 1027 1264 1097 ipsis,
1297 1025 1384 1093 qui
1425 1024 1475 1076 itt
1515 1022 1712 1074 divitiis
1742 1024 1812 1074 ita

230 1133 545 1193 insaniunt,
591 1128 643 1181 itt
674 1126 816 1195 agris
844 1137 908 1176 ac
937 1119 1222 1176 solitudine
1256 1127 1551 1171 exstructas
1586 1114 1808 1176 domos,

225 1223 576 1291 graculorum
601 1234 720 1272 esse
742 1213 1047 1269 domicilia?
1068 1212 1135 1264 At
1161 1210 1305 1263 vocis
1329 1207 1495 1277 gratia
1526 1204 1768 1276 superbis
1787 1203 1812 1255 Ἰ

221 1316 397 1368 Olore
441 1323 492 1368 et
535 1309 756 1365 luscinia
790 1320 1074 1376 numquam
1111 1303 1309 1372 poteris
1341 1314 1534 1354 canere
1575 1298 1806 1352 suavius.

224 1410 294 1460 At
328 1406 521 1458 artium
547 1399 926 1456 multitudine?
956 1395 1154 1464 Ecquid
1179 1396 1230 1448 itt
1256 1393 1338 1446 his
1357 1407 1457 1460 ape
1482 1389 1811 1459 sapientius?

221 1499 420 1567 ecquis
461 1491 766 1564 variegandi
799 1488 989 1544 artifex
1012 1529 1025 1552 ,
1059 1488 1238 1557 ecquis
1277 1487 1480 1553 pictor,
1507 1483 1689 1551 ecquis
1719 1496 1807 1533 ar-

219 1589 494 1642 chitectus
539 1586 691 1639 istius
722 1582 916 1637 imitari
957 1595 1117 1649 opera
1161 1575 1390 1647 poterit?
1421 1577 1489 1629 At
1515 1573 1808 1628 subtilitate

218 1679 438 1733 vestis?
465 1677 569 1731 Sed
604 1675 688 1729 hic
719 1683 769 1727 te
799 1687 1012 1728 araneae
1039 1670 1278 1725 vincunt.
1311 1670 1379 1721 At
1407 1666 1687 1720 velocitate
1716 1679 1808 1734 pc—

218 1772 355 1822 dum
377 1770 402 1822 ?
428 1768 634 1822 Rursus
665 1767 846 1834 prima:
879 1763 1048 1816 brutis
1077 1758 1435 1814 animantibus
1459 1738 1764 1810 deferenda:
1787 1792 1803 1818 ,

219 1863 424 1931 lepori,
470 1863 682 1924 damte;
731 1866 788 1913 et
832 1863 962 1926 quot
1006 1854 1243 1924 jumenta
1289 1849 1566 1905 velocitate
1611 1846 1803 1916 pedutn

216 1957 450 2010 minime
496 1953 801 2007 vincuntur.
838 1950 907 2003 At
947 1957 1121 2002 mutas
1164 1942 1363 2000 sedes?
1404 1942 1599 1996 Verum
1639 1939 1806 1993 nihilo

213 2049 344 2118 plus
367 2046 588 2108 avibus;
622 2044 704 2098 ha:
725 2043 866 2097 enim
893 2039 1099 2094 facilius
1123 2035 1549 2107 peregrinantur,
1569 2047 1629 2087 ac
1649 2031 1803 2087 sedes

216 2147 435 2193 mutant
467 2155 479 2189 :
517 2153 620 2189 non
660 2135 854 2188 viatico
879 2175 894 2198 ,
943 2147 1049 2186 non
1089 2129 1344 2198 jumentis
1381 2136 1572 2197 egent,
1604 2124 1697 2179 sed
1734 2124 1802 2179 ad

213 2229 401 2283 omnia
438 2228 540 2281 illis
566 2228 649 2280 ala
680 2226 808 2279 satis
834 2233 911 2276 est
943 2240 957 2278 :
983 2224 1093 2276 hate
1123 2219 1293 2282 navis,
1325 2217 1439 2272 haec
1465 2217 1761 2286 jumentum
1782 2256 1799 2282 ,

214 2321 335 2374 lucc
356 2320 685 2382 vehiculum,
707 2317 826 2371 haec
849 2324 1058 2378 ventus,
1086 2323 1134 2368 et
1167 2309 1421 2382 quidquid
1449 2308 1589 2362 aliud
1617 2318 1801 2376 pes-tu-

215 2411 316 2467 lari
348 2420 532 2480 queat.
563 2412 630 2464 At
663 2417 817 2463 acute
858 2406 1074 2461 cernis?
1100 2420 1280 2458 verum
1310 2418 1414 2455 non
1443 2413 1612 2470 atque,
1641 2408 1800 2468 atque

213 2517 410 2574 caprea
436 2512 529 2556 aut
549 2502 747 2571 aquila.
773 2502 840 2554 At
862 2509 1016 2553 acute
1035 2497 1228 2551 audis?
1255 2493 1348 2550 sed
1369 2497 1550 2548 asinus
1571 2493 1794 2546 acutius.

216 2603 283 2653 At
315 2599 456 2654 bene
482 2595 706 2650 olfacis?
735 2609 918 2647 verum
946 2591 1096 2646 cauis
1125 2589 1343 2642 minime
1370 2602 1428 2641 se
1457 2585 1553 2640 abs
1581 2597 1630 2639 te
1658 2583 1797 2637 vinci

213 2692 438 2758 patitur.
469 2691 540 2743 At
577 2685 797 2756 parandi
833 2685 1009 2738 victus
1051 2680 1335 2735 artilicium
1382 2677 1575 2732 tenes?
1611 2691 1794 2730 verum

215 2783 458 2837 formicae
502 2779 666 2834 cedis.
703 2778 772 2832 At
811 2790 999 2829 aurum
1040 2771 1262 2843 gestas?
1299 2785 1482 2824 verum
1521 2783 1625 2821 non
1668 2768 1796 2821 item

210 2885 371 2944 atque
419 2872 610 2926 Indica:
656 2869 916 2924 formicm.
953 2868 1021 2919 At
1062 2864 1263 2918 sanitas
1309 2859 1358 2915 te'
1397 2859 1590 2914 cllert?
1627 2859 1799 2912 multo

213 2965 410 3018 melius
442 2963 611 3016 brutis
635 2957 1002 3012 animantibus
1030 2963 1114 3008 est
1140 2995 1154 3018 ,
1186 2953 1298 3006 sive
1327 2951 1616 3004 bonitatem
1644 2947 1795 3001 habi-

213 3067 318 3117 tus,
351 3055 469 3108 sive
514 3049 869 3122 parandarum
904 3061 1083 3101 rerum
1130 3059 1248 3113 quae
1289 3043 1353 3097 ad
1397 3042 1558 3096 vitam
1597 3040 1799 3095 faciunt

213 3147 520 3201 leuitatem
573 3152 829 3212 spectes:
865 3154 970 3193 non
1017 3137 1106 3191 illa
1153 3143 1518 3206 paupertatem
1567 3133 1790 3187 timent:

217 3238 471 3307 Respicite
499 3235 665 3300 ettint,
694 3231 883 3301 inquit,
912 3229 1141 3283 volatilia
1169 3229 1299 3292 steti,
1337 3241 1451 3297 quae
1476 3241 1576 3278 non
1601 3235 1789 3289 serunt,

211 3347 371 3399 neque
415 3336 634 3389 metunt,
669 3341 827 3394 neque
860 3330 1164 3391 congregant
1198 3321 1250 3373 in
1279 3319 1460 3372 horrea
1491 3316 1700 3390 (Matth.
1733 3316 1785 3371 ο.

209 3423 325 3492 26).
347 3418 765 3490 Ergo,-inquies,
791 3417 940 3470 bruta
963 3414 1073 3483 ipsa
1098 3411 1250 3466 nobis
1265 3411 1634 3481 praestantiora
1651 3409 1794 3464 Deus

211 3515 472 3570 condidit.
485 3512 645 3565 Vides
657 3518 852 3580 quanta
869 3508 938 3561 sit
955 3503 1401 3560 inconsiderantia
1413 3503 1438 3555 ?
1455 3502 1622 3567 vides,
1635 3515 1792 3571 quam

214 3607 546 3674 negligenter
586 3617 673 3656 res
714 3597 1122 3655 examinentur?
1155 3595 1327 3658 vides,
1373 3603 1625 3663 quantum
1665 3591 1820 3653 illud

212 3699 314 3757 sit.
358 3692 506 3764 quod
542 3706 722 3745 rerum
755 3690 989 3758 ipsarum
1025 3685 1229 3755 pondus
1257 3685 1611 3738 examinatum
1645 3681 1796 3735 nobis

213 3787 482 3859 largitur?
527 3785 623 3840 llle
661 3783 749 3853 qui
794 3797 904 3852 prce
944 3779 1192 3834 omnibus
1234 3775 1538 3831 hominibus
1579 3788 1796 3843 magnos

212 3882 435 3950 spiritus
461 3876 728 3937 sumebat,
759 3875 840 3928 vel
871 3872 1040 3926 brutis
1061 3869 1223 3924 vilior
1251 3883 1371 3922 esse
1395 3866 1664 3920 convictus
1692 3872 1794 3920 est.

214 3971 319 4025 Sed
351 3985 453 4024 nos
479 3969 527 4024 ei
556 3981 875 4037 parcamus;
906 3977 1080 4031 neque
1109 3961 1280 4032 ipsum
1310 3960 1596 4022 imitemur,
1625 3972 1798 4027 neque

215 4064 335 4132 quia
363 4075 527 4129 supra
558 4068 753 4112 nostra:
786 4065 988 4110 natura:
1014 4054 1376 4108 conditionem
1408 4049 1475 4104 de
1501 4066 1560 4105 se
1592 4053 1796 4119 magni-

217 4161 318 4211 lice
344 4154 534 4217 sentit,
563 4151 827 4220 deiectum
859 4149 1002 4202 illum
1031 4147 1082 4200 in
1111 4146 1384 4198 brutoruut
1414 4143 1601 4198 ordine
1623 4141 1799 4208 jacere

220 4249 485 4318 patiamur
506 4285 522 4308 ,
559 4243 652 4297 sed
694 4241 816 4295 inde
845 4243 1016 4308 ipsum
1047 4236 1390 4293 extrahamus
1419 4243 1578 4303 atque
1601 4234 1798 4288 eveha-

220 4356 361 4401 mus,
389 4351 498 4390 nutt
527 4333 742 4402 quidem
768 4331 934 4400 ipsius
953 4329 1156 4398 gratia;
1186 4343 1306 4381 nam
1339 4326 1427 4380 illc
1447 4325 1681 4394 quidem,
1709 4326 1799 4394 qui

221 4433 362 4485 hanc
387 4427 751 4482 conditionem
782 4422 970 4477 subeat
995 4419 1188 4490 dignus
1216 4428 1299 4474 est
1326 4435 1340 4482 ;
1372 4417 1466 4472 sed
1494 4424 1554 4470 ut
1581 4417 1671 4471 Dei
1705 4417 1803 4470 lut-

224 4523 451 4576 manitas
479 4520 760 4587 lumosque
781 4514 846 4569 ab
868 4509 933 4568 eo
959 4513 1112 4568 nobis
1133 4512 1363 4566 tributus
1386 4509 1799 4564 demonstretur.

225 4615 360 4666 Sunt
394 4613 559 4673 enim,
595 4616 722 4663 sunt
764 4605 983 4660 omnino
1027 4601 1292 4673 quaedam,
1342 4602 1393 4654 in
1434 4599 1628 4670 quibus
1671 4597 1802 4650 nihil

223 4706 394 4760 brutis
418 4700 780 4756 animantibus
813 4696 1090 4752 nobiscum
1116 4708 1402 4748 commune
1421 4702 1524 4745 est.
1549 4689 1801 4755 Quaenam

223 4795 379 4850 lucc?
405 4794 611 4855 Pietas,
639 4799 690 4844 et
715 4789 821 4841 vita
849 4785 1031 4839 virtuti
1053 4797 1378 4853 congruens.
1407 4782 1502 4836 llic
1525 4796 1629 4834 non
1657 4791 1804 4849 potes

225 4889 277 4940 in
323 4885 558 4940 medium
607 4879 876 4936 adducere
919 4885 1264 4937 scortatores,
1297 4888 1403 4927 non
1447 4872 1653 4937 molles,
1701 4888 1803 4927 non

1130 454 1198 510 IN
1237 454 1450 510 EPIST.
1491 448 1584 509 Δῖ)
1617 447 1907 507 PHILIPP.
1946 448 2095 506 CAP.
2140 451 2199 508 ll.
2235 452 2470 510 HOMIL.
2511 453 2648 511 νιιι.

1920 563 2248 628 homicidas;
2282 566 2438 636 longe
2478 567 2619 622 enim
2647 568 2716 623 ab
2741 567 2846 622 illis
2883 566 3162 622 distamus.
3191 565 3332 632 Quid
3362 579 3493 621 vero

1921 655 2021 710 hoc
2040 665 2121 710 est
2136 657 2158 709 ?
2173 657 2344 710 Deum
2369 659 2631 722 novimus,
2656 658 2820 726 ipsius
2847 659 3229 727 providentiam
3249 660 3492 727 agnomi-

1918 761 2064 809 mus,
2103 747 2170 800 de
2209 747 2608 802 immortalitate
2647 749 3086 818 philosophantur
3114 749 3249 803 :~ltic
3293 749 3490 804 cedunt

1917 839 2090 892 bruta.
2140 838 2213 892 De
2254 839 2554 908 huiusmodi
2601 840 2762 894 rebus
2803 857 2908 894 non
2935 841 3258 896 -lt:esitantes
3299 844 3485 899 sobrie

1917 930 2324 986 sentimuszhic
2367 931 2494 984 nihil
2539 931 2708 985 brutis
2750 948 3033 987 commune
3075 936 3349 990 nobiscum
3381 945 3482 989 est.

1915 1021 2044 1075 Nam
2075 1037 2195 1076 cum
2221 1023 2471 1076 omnibus
2509 1022 2615 1076 illis
2655 1022 2934 1078 inferiores
2977 1025 3166 1088 simus,
3214 1027 3281 1080 iis
3307 1037 3484 1079 tamen

1916 1113 2259 1183 imperamus.
2308 1115 2360 1168 In
2399 1114 2500 1168 hoc
2525 1116 2666 1168 enim
2697 1124 2876 1168 exstat
2905 1116 3111 1183 imperii
3144 1117 3479 1186 magnitudo,

1913 1205 2052 1276 quod
2087 1207 2213 1274 ipsis
2245 1207 2557 1272 interiores,
2591 1221 2810 1276 regnum
2845 1215 3020 1260 tamen
3053 1208 3104 1261 in
3140 1209 3250 1276 ipsa
3279 1210 3487 1262 obtine-

1913 1311 2032 1348 mus
2055 1312 2070 1359 ;
2101 1305 2155 1348 ut
2177 1295 2352 1349 discas
2375 1313 2478 1348 non
2511 1307 2560 1350 te
2583 1297 2768 1349 harum
2792 1313 2969 1351 rerum
2991 1312 3111 1351 esse
3132 1312 3365 1362 causam,
3387 1301 3481 1354 sed

1912 1386 2076 1441 Deum
2100 1388 2185 1455 qui
2217 1398 2267 1441 te
2293 1388 2548 1448 condidit,
2581 1398 2634 1442 et
2659 1391 2917 1442 rationem
2951 1389 3172 1458 largitus
3198 1399 3301 1452 est.
3329 1392 3480 1444 Retia

1909 1489 1964 1534 et
1992 1479 2210 1548 laqueos
2238 1481 2340 1534 illis
2366 1481 2632 1536 tendimus
2653 1523 2667 1544 ,
2697 1482 2748 1535 itt
2775 1497 2910 1548 quos
2941 1483 3053 1551 ipsa
3082 1482 3404 1550 impellimus
3428 1493 3484 1538 et

1909 1574 2168 1644 capimus.
2199 1573 2493 1628 Moderatio
2518 1577 2659 1628 enim
2690 1575 2844 1629 nobis
2869 1575 3038 1638 adest,
3071 1576 3313 1645 atquitas,
3342 1575 3480 1629 leni-

1910 1671 2019 1726 tas,
2052 1665 2392 1732 pecuniarum
2419 1665 2788 1734 despicientia.
2817 1665 2921 1720 Sed
2959 1666 3206 1734 quoniam
3248 1675 3303 1720 tu
3344 1680 3482 1720 unus

1907 1770 1974 1808 ex
2013 1755 2386 1825 arrogantibus
2414 1770 2510 1820 es,
2543 1756 2779 1826 nihilque
2819 1755 3008 1810 horum
3055 1756 3253 1822 habes,
3289 1759 3481 1812 merito

1904 1847 1990 1900 vel
2035 1863 2141 1915 pra:
2169 1848 2418 1902 omnibus
2462 1849 2763 1903 hominibus
2800 1849 3076 1918 magniﬁce
3103 1849 3170 1904 de
3202 1859 3252 1902 te
3280 1852 3475 1912 euntis.

1904 1942 1985 1994 vel
2015 1955 2123 2009 pra:
2152 1941 2399 1995 omnibus
2429 1942 2596 1996 brutis
2623 1943 2911 1996 humiliter.
2941 1941 3085 1996 Talis
3113 1943 3255 1997 enim
3286 1952 3368 1996 est
3395 1961 3480 1996 ar-

1904 2033 2142 2100 rogantia
2171 2041 2225 2086 et
2250 2032 2471 2087 audacia
2505 2051 2518 2085 :
2553 2033 2639 2088 vel
2676 2042 2872 2102 praeter
2896 2049 3106 2102 tequnm
3137 2049 3258 2089 sese
3284 2034 3436 2088 eﬂ‘ert
3460 2075 3475 2098 ,

1902 2125 1984 2178 vel
2014 2125 2194 2179 itidem
2225 2140 2284 2181 se
2308 2125 2492 2194 dejicit
2513 2166 2529 2190 ,
2565 2140 2824 2193 nusquam
2852 2126 3068 2180 modum
3102 2141 3340 2180 servans.
3371 2126 3479 2181 llac

1900 2218 2115 2287 quidem
2162 2233 2223 2272 re
2265 2218 2498 2286 :rquales
2543 2232 2730 2272 sumus
2773 2219 3010 2284 angelis;
3061 2234 3282 2287 regnum
3314 2219 3478 2272 nobis

1903 2309 2220 2378 promissum
2237 2319 2343 2373 est,
2365 2319 2422 2363 et
2447 2309 2642 2364 chorea
2661 2325 2779 2365 cum
2801 2309 3031 2365 Christo.
3049 2312 3150 2377 Qui
3173 2327 3297 2364 vene
3311 2311 3482 2364 homo

1899 2409 1983 2456 est
2011 2401 2243 2468 vapulat,
2274 2409 2327 2456 et
2352 2415 2457 2454 non
2487 2401 2816 2465 succumbit;
2849 2411 3072 2456 mortem
3099 2401 3342 2470 despicit,
3365 2419 3473 2455 non

1901 2491 2098 2553 tremit,
2129 2507 2233 2545 non
2273 2491 2501 2556 metuit,
2543 2506 2650 2546 non
2681 2491 2884 2560 appetit
2913 2492 3086 2560 plura.
3116 2492 3472 2558 Quamobrem

1898 2583 1986 2652 qui
2028 2583 2164 2637 tales
2193 2598 2299 2636 non
2331 2590 2489 2646 sunt,
2531 2582 2700 2636 brutis
2736 2589 2864 2637 sunt
2904 2581 3220 2638 deteriores.
3251 2583 3477 2650 Quando

1897 2674 2037 2728 enim
2066 2674 2227 2729 rebus
2252 2673 2468 2744 quidem
2493 2673 2559 2726 ad
2586 2688 2781 2742 corpus
2804 2674 3190 2743 pertinentibus
3213 2674 3346 2728 alios
3373 2674 3473 2728 ho-

1897 2766 2070 2820 mines
2089 2767 2279 2830 vincis,
2307 2765 2470 2819 animi
2495 2779 2628 2820 vero
2647 2765 2976 2820 ornamentis
2995 2779 3148 2820 cares
3164 2782 3181 2830 ς
3200 2765 3478 2834 quomodo

1898 2856 2066 2911 brutis
2089 2870 2200 2910 non
2229 2869 2289 2911 es
2317 2855 2588 2910 deterior?
2613 2856 2722 2926 Age
2742 2855 2886 2909 enim
2909 2856 2961 2909 iu
2985 2855 3217 2910 medium
3239 2855 3472 2909 adduca-

1899 2961 2017 3003 mus
2039 2963 2225 3004 eorum
2253 2949 2505 3017 aliquem,
2533 2948 2623 3017 qui
2653 2963 2771 3002 cum
2798 2948 2958 3013 vitio,
2985 2947 3071 3016 qui
3103 2947 3318 3001 minime
3345 2961 3477 3001 cou-

1895 3051 2148 3111 gruenter
2175 3039 2390 3104 rati-oni,
2412 3039 2501 3108 qui
2527 3040 2581 3092 in
2609 3037 2817 3093 deliciis
2843 3047 2896 3093 et
2922 3036 3266 3092 immoderata
3291 3052 3474 3091 rerum

1899 3129 2222 3188 abundantia
2249 3131 2455 3182 vivunt.
2491 3129 2597 3182 Isto
2626 3141 2796 3197 equus
2817 3137 2901 3181 est
2927 3127 3242 3196 pugnacior,
3263 3142 3362 3182 Stis
3387 3142 3473 3180 ro-

1897 3223 2124 3287 bustior,
2156 3221 2304 3291 lepus
2335 3220 2602 3286 velocior,
2641 3233 2786 3289 pavo
2814 3217 3133 3285 formosior,
3175 3220 3292 3273 olor
3327 3219 3473 3273 vocis

1901 3313 2160 3368 suavitate
2189 3311 2560 3382 praestantior,
2590 3311 2808 3381 elephas
2837 3311 3040 3380 major,
3069 3312 3242 3381 aquila
3263 3311 3477 3381 perspi-

1896 3405 2075 3458 eaeior
2097 3444 2112 3468 ,
2138 3417 2330 3458 omnes
2352 3417 2479 3458 aves
2503 3403 2746 3456 ditiores.
2781 3400 2935 3457 Unde
2966 3401 3126 3472 igitur
3161 3402 3352 3471 dignus
3375 3417 3434 3456 es
3453 3441 3470 3466 ,

1898 3499 1987 3569 qui
2013 3497 2184 3554 brutis
2204 3495 2537 3551 domineris?
2560 3511 2625 3550 ex
2649 3495 2854 3548 ratione
2873 3494 2898 3548 ?
2916 3494 3135 3548 linime
3164 3493 3214 3547 id
3230 3493 3469 3562 quidem.

1898 3587 2122 3657 Quando
2144 3587 2292 3642 enim
2331 3587 2420 3640 illa
2446 3625 2462 3650 ,
2493 3593 2551 3638 ut
2575 3584 2888 3654 oportebat,
2923 3599 3029 3638 non
3056 3584 3220 3636 uteris
3239 3623 3255 3639 .
3287 3597 3476 3637 rursus

1900 3679 2005 3735 illis
2026 3693 2088 3734 es
2107 3679 2344 3732 deterior
2363 3676 2611 3746 :quando
2629 3675 2773 3730 enim
2798 3675 3006 3729 ratione
3025 3673 3478 3744 prwditusmintts

1898 3786 2056 3841 quam
2083 3769 2171 3823 illa
2195 3777 2556 3838 congruenter
2599 3765 2791 3820 rationi
2835 3765 2968 3819 vivis
2993 3806 3008 3830 ,
3038 3764 3207 3819 satius
3227 3763 3328 3818 tibi
3359 3773 3474 3818 erat

1900 3859 2241 3930 nequeinitio
2263 3858 2457 3913 factum
2479 3871 2600 3912 esse
2622 3856 2841 3910 rationis
2851 3863 3178 3925 compotem.
3193 3853 3310 3908 Non
3331 3854 3474 3913 enitr.

1901 3958 2041 4014 idem
2071 3965 2173 4020 est,
2199 3971 2320 4012 cum
2354 3956 2706 4024 principatum
2730 3951 3020 4021 acceperis,
3053 3951 3200 4004 illum
3222 3949 3452 4020 proden-

1901 4061 2059 4121 atque
2089 4050 2240 4105 initio
2269 4064 2374 4103 non
2403 4048 2696 4116 accepisse.
2729 4044 2860 4113 Regi
2890 4042 3205 4098 satellitibus
3237 4041 3348 4095 suis
3375 4039 3480 4094 des

1905 4143 2085 4198 teriori
2115 4142 2281 4196 satius
2316 4148 2432 4194 erat
2473 4152 2649 4208 neque
2683 4150 2915 4206 purpura
2953 4149 3013 4188 se
3044 4133 3300 4187 induisse.
3324 4130 3487 4187 Idem.

1905 4235 2005 4289 hac
2038 4235 2091 4287 in
2121 4247 2181 4287 re
2203 4232 2406 4287 evenit.
2433 4229 2798 4299 lntelligentes
2829 4228 2988 4294 igitur
3026 4225 3106 4280 vel
3150 4224 3316 4281 brutis
3347 4223 3488 4292 ipsis

1904 4341 2004 4381 nos
2026 4340 2152 4380 esse
2198 4323 2497 4378 deteriores
2521 4361 2536 4383 ,
2568 4320 2671 4373 nisi
2699 4319 2952 4372 virtutem
2979 4316 3272 4371 habeamus
3297 4357 3312 4381 ,
3355 4315 3485 4368 huic-

1905 4415 2219 4471 excrcendaz
2247 4427 2464 4482 operam
2493 4411 2684 4465 demus
2707 4449 2723 4476 ,
2763 4418 2822 4462 ut
2865 4407 3112 4461 homines
3139 4405 3358 4469 ﬁamus,
3394 4405 3480 4458 vei

1907 4507 2084 4576 potius
2108 4504 2314 4572 angeli;
2349 4500 2730 4571 promissisque
2749 4498 2913 4552 bonis
2941 4499 3200 4562 fruantur,
3229 4495 3397 4565 gratia
3427 4503 3482 4548 et

1908 4599 2233 4668 benignitate
2257 4594 2467 4649 Domini
2495 4592 2663 4646 nostri
2687 4590 2814 4646 Iesu
2833 4588 3053 4654 Christi,
3077 4588 3161 4642 cui
3183 4601 3301 4641 cum
3325 4585 3483 4640 Patre

1907 4701 1964 4747 et
1991 4690 2192 4760 Spiritu
2231 4696 2422 4742 sancto
2455 4685 2648 4756 gloria,
2690 4683 2995 4752 imperiunt,
3026 4681 3228 4748 honor,
3255 4694 3400 4735 nunc
3427 4687 3482 4734 et

1906 4797 2151 4853 semper,
2177 4781 2311 4837 etin
2339 4778 2532 4835 saacula
2556 4777 2902 4834 saeculorum.
2932 4776 3123 4829 Amen.

1285 5011 1296 5023 ’
1550 5052 1892 5114 ΗΟΜιιιΑ
1933 5052 2111 5112 Vill.

224 5219 349 5275 Car.
383 5217 436 5270 2.
469 5231 522 5266 v.
558 5211 644 5266 12.
673 5208 872 5278 Itaque,
898 5203 1144 5258 carissimi
1171 5201 1286 5264 mei,
1314 5201 1441 5253 sicut
1470 5215 1663 5270 semper
1693 5201 1808 5253 obe-

299 5311 442 5362 distis
464 5347 478 5370 ,
515 5321 622 5358 non
661 5307 714 5355 in
752 5297 1019 5370 prtesentia
1062 5294 1158 5347 mei
1201 5301 1428 5356 tantum,
1461 5290 1548 5345 sed
1577 5299 1622 5342 et
1650 5289 1808 5344 multo

301 5403 462 5473 magis
491 5373 625 5453 uani:
652 5397 706 5449 in
730 5393 956 5447 absentia
991 5407 1099 5444 utea
1119 5429 1136 5455 ,
1165 5404 1280 5441 cum
1309 5388 1485 5439 timore
1512 5396 1555 5439 et
1598 5396 1810 5438 tremore

299 5504 515 5548 vestram
556 5489 768 5542 salutem
797 5481 1097 5553 operamini.
1133 5481 1218 5535 15.
1249 5477 1387 5531 Deus
1416 5485 1488 5530 est
1525 5477 1689 5540 enim,
1725 5474 1809 5543 qui

299 5595 539 5655 apcratur
575 5582 629 5632 in
668 5577 804 5630 vobis
841 5584 884 5628 et
912 5574 1035 5626 velle
1063 5581 1108 5626 et
1135 5569 1334 5640 aperari
1366 5585 1456 5637 pro
1482 5567 1611 5620 bona
1634 5565 1812 5619 volun-

305 5690 421 5732 tate.
460 5676 548 5729 M.
586 5669 773 5724 Omnia
813 5677 979 5720 autem
1012 5665 1160 5734 facite
1186 5663 1293 5714 sine
1334 5657 1810 5712 nturmurationibus

302 5784 344 5824 et
374 5763 808 5825 (cantationibus,
855 5760 940 5814 15.
984 5767 1037 5811 ut
1063 5757 1172 5811 sitis
1207 5756 1318 5808 sine
1355 5754 1590 5824 querela,
1621 5761 1666 5805 at
1691 5751 1811 5804 sim-

307 5867 489 5933 plices,
517 5859 614 5928 ﬁlii
652 5855 748 5910 Dei
778 5855 884 5909 sine
909 5849 1290 5921 reprehensione
1326 5849 1378 5900 in
1404 5847 1566 5898 medio
1593 5844 1810 5897 nationis

305 5970 471 6022 praetr
497 5961 546 6004 et
577 5962 853 6019 pcrrcrsw,
884 5946 1011 5998 inter
1035 5958 1156 6013 quos
1185 5939 1353 5994 lucetis
1384 5940 1510 5992 sicut
1541 5936 1807 5990 luntinaria

1987 5197 2041 5250 in
2068 5193 2286 5253 mundo,
2333 5189 2419 5245 16.
2462 5187 2665 5242 verbum
2690 5187 2803 5240 vita
2837 5185 3141 5238 continentes
3179 5181 3247 5234 ad
3271 5180 3490 5250 gloriam

1985 5304 2147 5341 nteant
2172 5286 2222 5336 in
2253 5283 2382 5335 diem
2404 5279 2608 5335 Christi.

1989 5383 2041 5434 l.
2069 5375 2474 5433 Admonitiones
2501 5368 2890 5425 laudationibus
2924 5361 3280 5435 temperanda:
3318 5371 3481 5415 sunt:

1917 5489 2038 5530 nam
2083 5471 2183 5524 hoc
2215 5469 2372 5523 modo
2406 5466 2458 5520 in
2506 5464 2699 5519 bonam
2728 5471 2931 5532 partem
2972 5458 3334 5526 accipiuntur,
3363 5467 3486 5506 cum

1917 5581 2010 5621 eos
2036 5578 2168 5632 quos
2199 5573 2479 5614 monemus
2504 5599 2519 5622 ,
2550 5555 2613 5608 ad
2646 5568 2796 5610 suam
2830 5553 3064 5621 ipsorum
3095 5545 3486 5602 aemulationem

1916 5668 2267 5727 provocamus
2292 5669 2305 5705 :
2329 5649 2470 5720 quod
2503 5662 2644 5702 nunc
2671 5645 2830 5700 etiam
2861 5643 3057 5698 Paulus
3086 5639 3229 5695 fecit.
3258 5636 3488 5692 Attende

1917 5755 2092 5800 antem
2125 5757 2282 5810 quam
2315 5740 2620 5810 prudenter.
2650 5735 2850 5806 Itaque,
2878 5732 3124 5788 carissimi
3143 5729 3264 5791 mei,
3297 5727 3485 5796 inquit.

1917 5837 2032 5894 Non
2079 5835 2181 5889 hoc
2227 5832 2366 5887 unde
2410 5841 2570 5900 atque
2614 5828 2856 5883 absolute
2902 5825 3036 5881 dixit
3057 5831 3083 5888 ,‘
3100 5821 3355 5885 Obcditc;
3396 5817 3488 5872 sed

1923 5946 2201 6004 postquam
2241 5929 2360 5982 illos
2398 5922 2668 5988 laudavit,
2710 5929 2868 5992 atque
2910 5934 2971 5975 ea
3002 5915 3162 5972 verba
3205 5910 3480 5984 praemisit.
