3974 6522
537 428 604 483 39
1178 417 1233 473 S.
1273 415 1546 471 JOANNIS
1582 413 2041 470 CHRYSOSTOMI
2083 411 2395 466 ARCIIIEP.
2437 410 2966 464 CONSTANTINUP.

502 543 647 596 Sicut
675 553 868 605 semper
895 535 1147 589 obedistis.
1181 533 1236 586 ld
1266 542 1381 597 est,
1410 532 1594 584 hortor
1633 539 1791 598 atque
1835 528 2060 582 obsecro

509 647 632 694 vos,
666 640 722 683 ιιι
761 627 1034 682 imitemini
1076 640 1179 679 non
1221 625 1351 677 alios
1373 666 1386 688 ,
1429 623 1519 676 sed
1555 637 1645 674 vos
1673 622 1834 691 ipsos.
1868 618 1987 672 Non
2014 619 2065 670 ia

504 721 766 784 prtesentia
789 719 884 770 mei
909 726 1103 768 tantum
1123 731 1141 770 :
1161 719 1246 768 sed
1270 715 1424 768 multo
1445 713 1602 782 magis
1623 715 1673 764 in
1694 711 1914 764 absentia
1934 727 2063 762 mea.

501 813 627 877 Cur,
661 811 826 864 Multo
851 812 1009 880 magis
1040 811 1089 860 in
1119 809 1342 862 absentia
1364 824 1470 858 mea
1490 807 1514 858 ?
1537 806 1577 858 Τ
1583 819 1684 857 unc
1712 803 1922 871 quidem
1955 802 2065 855 for-

506 915 646 957 tasse
680 902 1000 955 videliamini
1045 901 1218 952 onmia
1257 901 1426 952 lacere
1456 913 1550 965 pro
1579 907 1754 950 vestra
1789 896 1837 947 in
1869 910 1952 949 me
1979 910 2066 947 re-

502 996 772 1055 verentia,
817 992 1066 1062 quodque
1108 992 1235 1045 mihi
1282 990 1536 1044 honorem
1584 990 1886 1050 haberetis;
1929 1003 2067 1040 nunc

504 1101 630 1137 vero
674 1099 779 1138 non
827 1085 919 1137 ita.
959 1083 1109 1148 Quod
1151 1081 1196 1136 si
1241 1095 1380 1134 nunc
1422 1080 1676 1145 majorem
1713 1079 1870 1133 etiam
1906 1079 2066 1131 animi

501 1173 900 1227 contentionem
921 1187 984 1225 ac
1008 1171 1332 1240 diligentiam
1359 1170 1729 1232 ostenderitis;
1757 1168 1885 1222 illud
1911 1168 2068 1221 simul

503 1266 808 1330 constabit,
840 1275 966 1318 tunc
995 1278 1204 1332 quoque
1228 1262 1321 1316 Dei
1347 1276 1504 1315 causa
1533 1301 1546 1322 ,
1581 1277 1682 1313 non
1713 1277 1824 1314 mea
1855 1275 1950 1313 vos
1970 1260 2070 1312 ad-

503 1357 693 1410 ductos
717 1371 857 1410 esse.
889 1356 1004 1416 Die,
1026 1371 1170 1422 rogo.
1205 1353 1365 1406 Paule
1391 1393 1406 1416 ,
1440 1353 1562 1420 quid
1598 1353 1686 1406 tibi
1719 1353 1838 1405 vis?
1867 1351 1980 1405 Non
2012 1360 2069 1403 ut

505 1463 592 1501 me
619 1446 846 1500 audiatis
868 1486 881 1506 ,
915 1445 1006 1498 sed
1040 1453 1095 1497 ut
1124 1459 1243 1498 cum
1277 1444 1464 1496 timore
1495 1452 1548 1496 et
1578 1453 1807 1496 tremore
1837 1452 2068 1495 vestram

506 1540 743 1607 ipsorum
781 1538 1000 1591 salutem
1030 1536 1320 1606 operemini
1354 1554 1367 1588 ε
1398 1551 1500 1588 non
1535 1543 1706 1601 potest
1733 1533 1872 1587 enim
1907 1534 1950 1586 is
1981 1533 2070 1602 qui

503 1631 621 1685 sine
651 1630 838 1683 timore
868 1629 1028 1692 vivit,
1061 1626 1377 1696 prmelarum
1402 1626 1670 1694 quidpiam
1713 1635 1765 1679 et
1803 1624 2073 1678 admiran—

503 1723 628 1776 dmn
656 1722 836 1776 edere.
865 1721 1046 1790 Neque
1073 1730 1273 1774 tantmn
1301 1722 1450 1784 dixit,
1481 1720 1701 1784 Timore,
1727 1720 1818 1775 sed
1845 1719 2068 1784 addidit,

511 1813 574 1867 Et
601 1823 845 1876 tremore,
873 1813 962 1882 qui
1006 1813 1177 1882 major
1201 1812 1412 1881 quidam
1443 1822 1498 1866 et
1522 1811 1887 1865 vehementior
1915 1813 2073 1865 timor

506 1913 588 1958 est
614 1922 628 1959 :
662 1904 908 1957 nimirum
940 1904 990 1956 id
1022 1905 1262 1965 studens,
1293 1914 1351 1956 ut
1377 1905 1495 1958 illos
1525 1905 1834 1958 attentiores
1864 1905 2067 1958 reddat.

510 1996 658 2050 llnnc
687 1996 914 2049 habebat
944 1996 1188 2049 timorem
1223 1997 1413 2049 Paulus
1443 2015 1454 2048 :
1489 2007 1767 2064 propterea
1798 1999 1954 2051 etiam
1987 1998 2070 2050 di-

506 2089 696 2142 celiat:
724 2087 897 2140 Timeo
927 2105 1130 2144 ne.cum
1157 2089 1270 2141 aliis
1310 2091 1667 2155 prwdicavero,
1697 2092 1803 2159 ipse
1835 2092 2076 2159 reprobus

504 2181 691 2249 afﬁcior
723 2181 797 2250 (i.
829 2179 947 2236 Cor.
980 2180 1032 2235 9.
1076 2180 1190 2248 27).
1231 2181 1359 2235 Nam
1401 2184 1444 2234 si
1490 2199 1608 2251 quzc
1647 2183 1711 2236 ad
1743 2185 1901 2236 vitam
1943 2185 2076 2238 hanc

511 2271 806 2340 pertinent,
849 2273 964 2326 sine
1008 2273 1196 2326 timore
1241 2283 1384 2327 recte
1427 2274 1626 2343 acquiri
1673 2289 1774 2328 non
1821 2286 2072 2343 possunt,

507 2373 703 2433 quanto
731 2366 904 2418 minus
931 2364 1264 2433 spiritualia?
1293 2365 1386 2419 Dic
1412 2367 1574 2427 enim,
1607 2367 1725 2434 quis
1756 2367 1937 2421 literas
1962 2369 2078 2422 sine

511 2458 700 2510 timore
725 2456 948 2510 didicit?
976 2457 1095 2525 quis
1123 2465 1292 2510 artem
1328 2459 1494 2511 tenuit
1523 2458 1638 2511 sine
1671 2460 1896 2513 timore?
1925 2460 2074 2527 Quod

508 2548 554 2602 si
595 2547 683 2601 ubi
722 2563 826 2601 non
873 2548 1113 2602 imminet
1149 2547 1427 2610 diabolus,
1461 2548 1552 2602 sed
1599 2550 1711 2602 sola
1757 2551 2073 2618 negligentia

511 2641 890 2710 impedimento
927 2650 1011 2695 est
1033 2682 1047 2704 ,
1080 2649 1227 2694 tanto
1267 2656 1400 2709 Opus
1447 2653 1528 2694 est
1569 2642 1752 2696 labore
1775 2685 1788 2703 ,
1821 2653 1876 2695 ut
1911 2646 2074 2697 Solam

509 2733 652 2785 illam
683 2731 975 2784 naturalem
1008 2732 1378 2800 negligentiam
1411 2732 1684 2785 vincamus
1715 2749 1726 2784 :
1755 2733 1841 2785 ubi
1873 2742 2075 2786 Lautum

512 2822 779 2891 impendet
807 2822 1000 2876 bellum
1027 2862 1040 2884 ,
1075 2830 1216 2874 tanta
1249 2821 1627 2890 impedimenta
1653 2863 1667 2885 ,
1701 2823 1788 2890 qui
1821 2824 1932 2876 lieri
1963 2840 2080 2876 um-

508 2929 666 2981 quam
697 2912 890 2981 poterit
918 2921 973 2964 ut
1010 2912 1125 2966 sine
1154 2913 1343 2964 timore.
1383 2911 1606 2964 salutem
1650 2916 2079 2982 consequamur?

511 3003 617 3058 Sed
655 3019 756 3072 qua
799 3004 1002 3056 ratione
1043 3003 1128 3056 hic
1173 3004 1222 3055 in
1256 3004 1410 3057 nobis
1451 3005 1767 3058 excitabitur
1800 3008 1990 3060 timor?
2023 3007 2077 3062 Si

513 3097 638 3149 illud
677 3096 728 3149 in
769 3096 946 3148 animo
984 3094 1326 3150 habuerimus
1351 3135 1366 3160 ,
1399 3097 1594 3165 ubique
1633 3097 1822 3152 adesse
1870 3099 2035 3153 Deum
2061 3142 2078 3166 ,

512 3185 686 3238 omnia
712 3184 914 3249 audire,
944 3184 1120 3239 omnia
1150 3185 1351 3250 videre,
1381 3201 1483 3239 non
1513 3201 1571 3240 ea
1601 3187 1775 3240 solum
1801 3203 1918 3258 qua:
1949 3187 2082 3243 ﬁunt

510 3284 603 3328 aut
628 3275 876 3329 dicuntur
899 3317 914 3342 ,
945 3275 1038 3330 sed
1066 3276 1224 3330 etiam
1253 3292 1371 3346 qum
1415 3277 1466 3331 in
1505 3278 1755 3333 cordibus
1784 3289 1836 3334 et
1867 3295 2082 3336 recessu

513 3367 707 3424 tuentis
735 3366 900 3421 latent
928 3385 942 3420 :
973 3366 1232 3421 Discretor
1260 3370 1392 3422 enim
1430 3380 1503 3422 est
1533 3371 1890 3440 coyitationum
1918 3381 1965 3425 et
1994 3372 2080 3426 in-

509 3459 784 3512 tentiouum
807 3459 973 3512 cordis
1002 3457 1187 3528 (Hebr.
1211 3460 1286 3522 4).
1321 3459 1380 3514 Si
1419 3460 1488 3513 ita
1520 3476 1616 3514 nos
1645 3461 1786 3529 ipsos
1814 3477 2080 3531 pralpara-

512 3553 765 3617 verimus,
785 3551 913 3606 nihil
935 3568 1054 3606 cum
1075 3553 1412 3622 improbitate
1436 3554 1772 3621 eonjunctum
1802 3554 2079 3622 faciemus,

514 3645 644 3698 nihil
669 3642 909 3698 dicemus
933 3685 948 3706 ,
979 3643 1110 3697 nihil
1139 3642 1509 3712 cogitabimus.
1547 3644 1638 3698 Dic
1663 3645 1804 3699 enim
1837 3645 1964 3699 mihi
1990 3687 2004 3710 ,
2035 3646 2081 3700 si

511 3735 604 3788 tibi
635 3743 890 3803 perpetuo
921 3734 972 3787 in
1011 3743 1297 3802 conspectu
1329 3734 1582 3802 principis
1623 3734 2040 3804 staudumlessct
2063 3777 2079 3798 ,

514 3841 689 3880 nonne
732 3841 854 3879 cum
894 3825 1085 3879 timore
1129 3826 1335 3880 stares?
1381 3827 1444 3880 Et
1474 3828 1560 3894 qui
1605 3827 1681 3892 fit,
1715 3837 1772 3881 ut
1808 3844 1927 3881 cum
1975 3829 2084 3883 Deo

513 3916 713 3978 adstes,
743 3916 917 3970 rideas
942 3926 994 3970 et
1019 3917 1262 3970 osciteris
1284 3958 1298 3980 ,
1331 3933 1428 3970 nec
1461 3918 1647 3971 timeas
1676 3934 1844 3987 neque
1870 3929 2086 3974 contre-

515 4009 708 4061 miscas
730 4007 752 4058 ?
773 4005 1111 4060 Toleratione
1133 4006 1271 4059 illius
1299 4022 1394 4076 per
1422 4019 1782 4078 contemptum
1818 4024 1882 4064 ne
1913 4009 2087 4064 abuti-

515 4107 599 4150 tor
622 4115 633 4148 :
659 4097 778 4151 ideo
807 4097 948 4151 enim
977 4106 1254 4150 cunctatur
1277 4138 1294 4162 ,
1327 4107 1380 4150 ιιι
1413 4109 1463 4152 te
1492 4099 1556 4151 ad
1593 4101 1952 4167 pmnitentiam
1986 4101 2083 4155 ad-

515 4190 909 4258 ducatzneque
945 4203 1067 4244 cum
1108 4189 1316 4257 quidvis
1357 4190 1448 4242 tibi
1495 4190 1792 4245 faciendum
1837 4202 1936 4257 est,
1970 4195 2086 4248 sine

516 4282 616 4336 hac
640 4282 958 4350 cogitatione
997 4281 1177 4337 facere
1205 4283 1480 4337 adduearis
1503 4325 1518 4348 ,
1547 4285 1793 4339 omnibus
1825 4287 1975 4341 factis
2003 4288 2087 4341 in-

519 4383 720 4428 teresse
769 4373 969 4435 Deum;
1022 4373 1244 4428 interest
1295 4375 1434 4428 enim
1487 4377 1726 4430 omnino.
1781 4377 1922 4447 Ergo
1975 4380 2086 4434 sive

514 4466 786 4531 comedas,
815 4467 926 4520 sive
960 4465 1246 4520 dormitum
1277 4482 1389 4531 eas,
1419 4468 1532 4523 sive
1564 4469 1828 4534 irascaris,
1858 4470 1970 4525 sive
1998 4488 2085 4524 ra—

517 4559 653 4626 pias,
683 4558 794 4611 sive
821 4558 872 4611 in
900 4558 1103 4612 deliciis
1132 4573 1279 4626 agas,
1309 4560 1421 4613 sive
1449 4559 1659 4629 quidvis
1696 4562 1840 4616 aliud
1881 4561 2043 4616 facias
2069 4603 2083 4626 ,

517 4651 678 4705 crede
706 4651 964 4706 interesse
993 4653 1179 4716 Deum,
1201 4667 1262 4705 ac
1287 4667 1571 4722 numquam
1595 4653 1644 4705 in
1671 4654 1833 4708 risum
1859 4654 2082 4717 incides,

521 4759 806 4811 numquam
835 4745 910 4796 ira
931 4743 1258 4798 acrenderis.
1281 4743 1334 4798 Si
1363 4744 1498 4798 hanc
1521 4753 1774 4814 perpetuo
1801 4747 2086 4799 retinueris

520 4833 928 4903 cogitationem,
969 4844 1223 4903 perpetuo
1265 4837 1313 4888 in
1345 4836 1534 4890 timore
1575 4852 1636 4890 ac
1683 4845 1913 4890 tremore
1945 4838 2086 4901 eris;

521 4927 717 4996 quippe
761 4926 850 4994 qui
895 4926 945 4979 in
985 4938 1272 4994 conspectu
1319 4927 1478 4993 Regis
1507 4927 1705 4981 adstes.
1739 4927 2088 4992 .IEdilieator,

519 5017 729 5072 etiamsi
757 5016 890 5071 bene
917 5019 1117 5087 peritus
1143 5019 1212 5072 sit
1241 5033 1302 5073 ac
1327 5019 1496 5074 bonus
1521 5020 1729 5083 artifex,
1755 5037 1875 5075 cum
1905 5023 2094 5076 timore

521 5122 701 5166 tamen
730 5126 791 5164 ac
817 5120 1047 5165 tremore
1077 5121 1182 5164 stat
1207 5121 1480 5173 metuens,
1510 5127 1576 5165 ne
1603 5112 1668 5166 ab
1695 5112 1922 5166 aedilicio
1947 5113 2092 5166 deci-

525 5203 635 5258 dat.
671 5203 812 5273 Ergo
841 5211 896 5257 et
919 5211 973 5256 tu
1013 5203 1102 5268 qui
1131 5203 1422 5264 credidisti,
1459 5202 1637 5254 multis
1667 5203 1874 5255 virtutis
1903 5202 2094 5258 ol'ticiis

524 5297 739 5348 [inuictus
755 5310 835 5359 es,
855 5293 918 5348 ad
942 5295 1211 5349 excelsum
1233 5295 1511 5365 quemdam
1536 5295 1754 5364 gradum
1779 5295 2091 5362 pervenisti,

525 5397 575 5440 te
606 5388 777 5459 ipsum
806 5388 858 5442 in
888 5397 1000 5443 tuto
1026 5390 1241 5443 contine
1261 5431 1275 5452 ,
1309 5398 1362 5442 et
1389 5404 1509 5443 cum
1549 5389 1739 5443 timore
1768 5399 1845 5443 sta
1874 5430 1888 5452 ,
1933 5398 2091 5457 atque

521 5482 707 5534 oculos
735 5482 879 5550 aperi
903 5521 918 5544 ,
951 5497 1018 5536 ne
1044 5482 1164 5536 inde
1191 5481 1404 5536 decidas
1431 5499 1444 5535 :
1470 5481 1629 5535 multa
1660 5481 1800 5535 enim
1831 5489 1954 5533 sunt
1982 5481 2096 5549 spi~

525 5571 734 5624 ritualia
761 5571 848 5624 illa
877 5573 1144 5640 nequitiaz,
1173 5589 1291 5642 quae
1321 5573 1371 5625 id
1400 5573 1637 5637 student,
1666 5582 1722 5626 ut
1745 5582 1795 5626 te
1822 5571 2091 5641 dejieiant.

527 5661 738 5729 Servite,
764 5664 967 5734 inquit,
990 5664 1208 5719 Domino
1241 5665 1293 5718 in
1327 5667 1502 5719 timore
1523 5705 1536 5729 ,
1566 5677 1611 5719 et
1640 5665 1885 5719 exsultate
1913 5665 1955 5716 ei
1982 5681 2095 5718 cum

525 5767 742 5809 tremore
769 5756 938 5825 (Psal.
968 5758 1026 5809 Ξ.
1056 5758 1164 5828 Η).
1198 5757 1265 5813 Ει
1289 5774 1532 5825 quaenam
1563 5774 1680 5813 esse
1713 5767 1883 5827 potest
1913 5758 2093 5812 exsul-

528 5846 657 5902 tatio
683 5863 802 5903 cum
825 5851 1092 5904 tremore?
1116 5850 1238 5920 quin
1271 5849 1382 5904 lucc
1408 5848 1516 5917 ipsa
1547 5850 1655 5904 sola
1685 5859 1760 5906 est
1789 5852 2092 5906 exsultatio.

3652 410 3756 465 2.0

2181 524 2310 578 Nam
2341 526 2550 594 quando
2573 525 2786 593 aliquod
2810 525 3018 578 virtutis
3039 523 3294 585 ofﬁcium,
3318 541 3379 578 ac
3405 534 3506 580 ta.e
3533 530 3757 580 omnino

2175 616 2443 685 quidpiam
2471 617 2895 686 przestiterimus,
2919 616 3076 685 quale
3106 627 3520 671 coasentaneum
3549 630 3631 672 est
3659 634 3752 674 eos

2178 717 2429 776 przcstare
2451 749 2463 770 ,
2506 708 2595 774 qui
2640 717 2926 760 tremorem
2960 707 3010 759 in
3043 705 3284 760 iaciendo
3311 708 3604 770 adhibent;
3640 719 3750 763 tum

2178 798 2348 851 solum
2381 799 2693 868 gaudemus.
2730 797 2853 851 Cum
2880 799 3060 851 timore
3088 810 3134 850 ot
3161 809 3375 852 tremore
3417 811 3633 853 vestram
3671 819 3752 854 sa-

2177 889 2327 942 lutent
2377 890 2675 958 operamini.
2723 889 2836 942 Non
2876 889 3008 942 dixit
3051 898 3273 954 tantum,
3318 896 3588 959 ἐργάζεσθε,
3635 892 3751 954 sed,

2176 988 2502 1048 κατεργάζεσθε
2523 999 2535 1033 :
2558 980 2607 1033 id
2637 989 2746 1044 est,
2777 995 2880 1032 non
2909 979 3095 1048 quovis
3125 981 3281 1033 modo
3309 982 3632 1048 operamini,
3662 988 3754 1035 sed

2176 1083 2420 1126 accurate
2470 1087 2764 1140 maganue
2823 1087 2942 1125 cum
3003 1072 3180 1125 studio
3230 1073 3549 1140 operamini.
3607 1074 3752 1138 Quo-

2178 1163 2316 1216 niam
2351 1179 2477 1218 vero
2506 1164 2657 1222 dixit.
2691 1163 2817 1216 Cum
2842 1165 3020 1216 timore
3049 1174 3093 1216 et
3122 1174 3355 1228 tremore,
3393 1180 3456 1218 ac
3499 1166 3755 1219 sollicitu-

2175 1255 2352 1308 dinem
2380 1256 2577 1324 injecit,
2601 1256 2720 1308 vide
2740 1255 3008 1323 quomodo
3036 1255 3173 1308 illam
3197 1256 3422 1324 mitiget.
3450 1255 3588 1322 Quid
3612 1258 3754 1310 enim

2177 1345 2285 1398 ait?
2314 1344 2450 1398 Deus
2471 1356 2540 1398 est
2561 1346 2647 1414 qui
2674 1355 2913 1405 oneratur
2933 1346 2982 1396 in
3006 1346 3165 1398 vobis.
3189 1345 3263 1399 Ne
3287 1345 3412 1399 illud
3439 1346 3531 1400 tibi
3557 1355 3755 1399 metum

2179 1437 2416 1499 incutiat,
2435 1438 2574 1506 (piod
2598 1437 2731 1488 dixit
2761 1456 2773 1490 :
2798 1435 2921 1490 Cant
2953 1437 3127 1488 timore
3148 1447 3192 1488 et
3211 1447 3421 1489 tremore
3445 1453 3462 1489 :
3485 1455 3591 1489 non
3617 1437 3756 1490 enim

2180 1529 2299 1582 ideo
2327 1528 2434 1582 dixi
2463 1570 2477 1592 ,
2508 1538 2565 1580 ut
2589 1528 2873 1596 deSperes,
2925 1538 2978 1580 ut
3017 1529 3264 1581 virtutem
3305 1527 3580 1582 dillicilem
3613 1529 3756 1580 aditu

2181 1633 2334 1690 putes
2357 1664 2370 1684 ,
2418 1621 2509 1675 sed
2542 1632 2596 1673 ιιι
2628 1630 2857 1673 mentem
2889 1619 3144 1673 adhibeas
3171 1662 3185 1686 ,
3213 1636 3273 1674 ac
3300 1636 3368 1674 ne
3397 1631 3446 1672 te
3475 1621 3650 1688 ipsum
3679 1637 3760 1672 re-

2179 1712 2360 1766 mittas
2385 1713 2534 1781 quasi
2579 1711 2816 1764 fatiscas.
2861 1710 2915 1764 Si
2966 1711 3066 1763 hoc
3100 1711 3342 1764 attuleris
3369 1754 3381 1774 ,
3415 1712 3558 1765 Deus
3582 1711 3756 1764 omnia

2179 1803 2485 1870 operabitnr
2506 1820 2518 1856 :
2539 1812 2590 1855 tu
2618 1804 2898 1856 eontidito:
2919 1802 3049 1855 Deus
3065 1803 3194 1855 enim
3213 1812 3304 1863 est.
3328 1803 3413 1870 qui
3435 1815 3678 1870 operatur
3703 1804 3752 1855 in

2181 1895 2334 1948 vobis.
2373 1895 2509 1963 Ergo
2539 1898 2581 1946 si
2623 1897 2733 1962 ipse
2770 1905 3044 1961 Operatur,
3091 1909 3188 1947 nos
3219 1895 3545 1947 voluntatem
3593 1896 3754 1963 ipsam

2181 1986 2389 2054 penitus
2420 1985 2868 2038 ohsecumlantem
2913 2000 3018 2038 non
3067 1986 3365 2049 remissam,
3411 1985 3506 2038 sed
3551 1987 3604 2038 in
3642 2001 3758 2040 sese

2181 2077 2456 2130 collectam
2499 2076 2848 2128 cxhibeanms
2892 2085 3104 2144 oportet
3135 2094 3148 2128 ε
3182 2075 3320 2129 Deus
3360 2077 3490 2128 enim
3540 2087 3633 2138 est,
3677 2078 3761 2147 qui

2181 2179 2419 2236 operatur
2442 2169 2492 2220 in
2519 2168 2656 2220 vobis
2688 2177 2735 2221 et
2762 2168 2887 2221 velle
2927 2177 2972 2220 et
3018 2169 3240 2235 operari.
3268 2167 3320 2222 Si
3356 2169 3494 2222 Deus
3523 2179 3637 2230 est,
3671 2169 3759 2238 qui

2183 2263 2235 2314 in
2265 2261 2421 2315 nobis
2451 2260 2552 2314 hoc
2577 2268 2831 2329 operatur
2855 2301 2868 2322 ,
2895 2269 2953 2312 ut
2981 2259 3202 2314 velimus
3223 2301 3238 2322 ,
3266 2274 3362 2314 cur
3386 2275 3483 2314 nos
3510 2259 3762 2314 cohorta-

2183 2354 2311 2406 tur?
2342 2353 2472 2406 Nam
2516 2352 2560 2406 si
2609 2353 2722 2421 ipse
2753 2360 2853 2417 est,
2901 2352 2989 2420 qui
3036 2362 3094 2404 ut
3132 2351 3358 2406 velimus
3389 2351 3538 2418 facit,
3568 2353 3760 2408 frustra

2185 2444 2336 2498 nobis
2366 2443 2518 2507 dicis,
2550 2442 2798 2495 Ubedistis
2822 2459 2840 2506 ;
2873 2457 2977 2495 non
3003 2442 3144 2496 enim
3173 2457 3271 2495 nos
3293 2458 3478 2496 sumus
3507 2445 3600 2512 qui
3631 2443 3761 2498 obe-

2183 2534 2356 2588 dimus
2378 2552 2390 2588 :
2415 2534 2604 2587 frustra
2632 2532 2785 2597 dicis,
2801 2532 2866 2585 In
2893 2533 3070 2586 timore
3091 2542 3135 2586 et
3157 2541 3404 2596 tremore;
3429 2542 3601 2586 totum
3622 2537 3761 2588 enim

2186 2627 2278 2681 Dei
2309 2635 2415 2679 est.
2439 2625 2653 2678 Minime
2684 2639 2810 2678 vero
2836 2623 2938 2678 huc
2956 2633 3207 2692 spectans
3231 2623 3326 2676 ista
3357 2624 3516 2677 verba
3545 2625 3760 2693 protuli,

2184 2718 2323 2773 Deus
2343 2730 2414 2773 est
2436 2719 2520 2788 qui
2537 2728 2772 2786 operatur
2793 2727 2838 2771 et
2859 2718 2984 2770 velle
3003 2727 3049 2770 et
3075 2717 3312 2786 operari;
3334 2716 3426 2771 sed
3453 2727 3506 2770 ut
3533 2728 3762 2772 vestram

2185 2812 2593 2866 sollicitudinem
2621 2810 2887 2865 sedarem.
2919 2810 2972 2864 Si
3003 2809 3260 2876 volueris,
3291 2820 3414 2865 tunc
3432 2812 3762 2880 operabitnr,

2186 2913 2243 2957 ut
2269 2904 2415 2958 velis.
2443 2903 2509 2956 Et
2537 2903 2945 2971 propensionem
2988 2902 3272 2957 voluntatis
3320 2917 3387 2956 ne
3437 2914 3651 2958 metuas
3674 2945 3691 2969 ,
3711 2915 3763 2958 et

2188 2994 2315 3048 nihil
2342 3007 2500 3062 agas:
2525 2993 2636 3062 ipse
2655 2992 2805 3046 nobis
2831 2991 2921 3046 dat
2947 3000 3000 3046 et
3024 2993 3409 3061 operationem.
3433 2992 3647 3046 Etenim
3677 2995 3761 3047 ubi

2185 3085 2531 3146 voluerimus,
2560 3083 2775 3152 augebit
2798 3083 3208 3152 propensionem
3235 3083 3556 3136 voluntatis:
3584 3085 3762 3146 veluti,

2188 3179 2307 3230 volo
2337 3177 2457 3230 boni
2486 3176 2685 3246 aliquid
2735 3177 2988 3245 operari;
3031 3187 3284 3245 operatur
3323 3176 3493 3244 ipsum
3527 3177 3724 3230 bonum
3748 3220 3763 3240 ,

2187 3277 2434 3336 operatur
2463 3283 2555 3336 per
2599 3267 2772 3336 ipsum
2812 3268 2973 3321 etiam
3011 3267 3172 3320 velle.
3200 3268 3306 3320 Aut
3338 3283 3402 3320 cx
3445 3269 3765 3322 abundantia

2190 3361 2399 3430 pietatis
2427 3359 2526 3412 hoc
2555 3361 2744 3427 inquit.
2774 3359 3217 3429 quemadmodum
3252 3374 3371 3413 cum
3407 3370 3592 3413 nostra
3625 3372 3768 3414 recte

2189 3451 2324 3504 facta
2344 3492 2357 3513 ,
2386 3449 2706 3505 charismata
2735 3450 2987 3520 appellat.

2255 3541 2309 3594 ‘2.
2351 3539 2498 3595 Sicut
2526 3541 2684 3605 igitur
2714 3540 2796 3594 illa
2825 3542 3104 3594 nominans
3131 3541 3470 3604 charismata,
3497 3559 3605 3596 non
3632 3560 3756 3612 pro-

2189 3639 2369 3701 pterea
2395 3648 2490 3685 nos
2533 3631 2712 3699 dejicit
2739 3633 2804 3686 de
2847 3632 2998 3685 liberi
3027 3633 3231 3686 arbitrii
3267 3636 3606 3701 possessione
3629 3676 3642 3698 ,
3674 3637 3768 3691 sed

2191 3726 2326 3778 hanc
2362 3729 2526 3794 ipsam
2573 3725 2796 3779 liberam
2835 3741 2898 3779 ac
2943 3727 3023 3778 sui
3063 3725 3200 3794 juris
3246 3736 3564 3793 potestatem
3616 3729 3768 3781 nobis

2190 3817 2448 3887 permittit
2479 3836 2490 3870 :
2523 3816 2592 3870 ita
2620 3832 2739 3870 cum
2771 3817 2936 3885 inquit
2966 3817 3128 3870 Deum
3151 3832 3291 3881 esse,
3317 3820 3404 3884 qui
3435 3829 3690 3885 Operatur
3718 3820 3766 3871 in

2190 3911 2344 3964 nobis
2388 3909 2542 3973 velle,
2595 3909 2812 3961 minime
2859 3923 2957 3962 nos
2985 3909 3153 3962 libero
3182 3909 3400 3963 arbitrio
3432 3911 3642 3977 privat;
3674 3911 3766 3963 sed

2191 4001 2424 4055 ostendit
2454 4011 2598 4056 recte
2649 4001 2891 4056 faciendo
2939 4019 3182 4072 magnam
3214 4017 3311 4056 nos
3337 4004 3612 4072 acquirere
3640 4019 3763 4073 pro-

2193 4095 2499 4165 pensionem
2545 4094 2612 4148 ad
2661 4095 2970 4150 volendum.
3018 4096 3150 4149 Nam
3198 4096 3644 4165 quemadmodum
3688 4097 3765 4150 [ιι-

2192 4188 2380 4242 eiendo
2403 4187 2529 4241 illud
2561 4189 2958 4256 consequimur,
2997 4198 3050 4241 ut
3082 4188 3334 4242 faciamus
3365 4207 3377 4242 :
3414 4191 3479 4242 ita
3535 4206 3639 4242 non
3687 4193 3764 4241 fa-

2193 4280 2384 4335 ciendo
2429 4280 2530 4335 hoc
2571 4292 2930 4350 comparatur,
2982 4291 3039 4334 ut
3087 4300 3191 4336 non
3246 4283 3520 4337 facianms.
3569 4285 3761 4336 Dedisti

2194 4372 2626 4442 eleemosynam?
2655 4381 2706 4426 te
2747 4374 2915 4441 ipsmn
2951 4375 3116 4443 magis
3159 4375 3386 4426 incitasti
3420 4374 3481 4426 ad
3511 4374 3762 4428 dandum.

2193 4463 2309 4517 Non
2359 4463 2588 4519 dedisti?
2625 4466 2790 4533 magis
2842 4476 2890 4518 te
2929 4465 2994 4517 ad
3048 4467 3396 4519 cessationem
3425 4468 3760 4533 comparasti.

2196 4556 2478 4625 Sapienter
2503 4558 2654 4626 egisti
2680 4573 2785 4610 uno
2814 4558 2939 4612 die?
2965 4558 3130 4612 habes
3159 4559 3594 4620 incitamentum,
3633 4571 3688 4612 ut
3719 4564 3764 4613 in

2197 4650 2365 4703 altero
2382 4651 2623 4702 similiter
2639 4665 2782 4718 agas.
2805 4649 3128 4718 Neglexisti‘!
3150 4652 3339 4704 auxisti
3360 4653 3762 4720 negligentiam:

2199 4742 2396 4811 Impius
2417 4743 2579 4804 enim,
2617 4743 2804 4810 inquit,
2837 4760 2950 4795 cum
2981 4744 3030 4796 in
3061 4745 3369 4814 profundam
3400 4746 3581 4797 venerit
3609 4747 3767 4797 maio-

2199 4853 2328 4899 rum,
2361 4838 2626 4888 contemnit
2655 4835 2836 4902 (Prov.
2873 4838 2959 4890 18.
2992 4835 3068 4908 5).
3103 4838 3560 4901 Quemadmodum
3590 4839 3764 4906 igitur,

2200 4926 2290 4995 qui
2326 4925 2376 4978 in
2421 4926 2677 4980 malorum
2723 4927 3042 4995 profundum
3093 4928 3388 4991 descendit,
3428 4933 3764 4982 contemnit:

2201 5019 2270 5092 ita
2301 5018 2388 5087 qui
2419 5018 2468 5071 in
2500 5019 2816 5086 profundum
2859 5019 3118 5073 bonorum
3164 5021 3304 5073 venit
3324 5061 3337 5080 ,
3368 5021 3604 5075 studiose
3644 5024 3765 5089 agit.

2202 5110 2331 5164 Nam
2365 5120 2420 5163 ut
2451 5111 2540 5164 ille
2572 5111 2948 5179 desperatione
2975 5113 3321 5182 negligentior
3353 5115 3428 5178 tit,
3462 5113 3530 5165 ita
3560 5113 3645 5167 hic
3676 5115 3766 5167 bo-

2203 5219 2388 5256 norum
2435 5205 2639 5271 copiam
2695 5219 2872 5257 secum
2929 5206 3186 5274 cogitans,
3239 5205 3540 5274 diligentior
3585 5207 3666 5267 tit,
3711 5220 3769 5259 ne

2206 5305 2369 5348 totum
2400 5296 2602 5364 perdat.
2643 5295 2746 5349 Pro
2777 5297 2906 5349 bona
2928 5298 3202 5355 voluntate.
3227 5297 3392 5366 inquit
3423 5314 3436 5349 :
3465 5295 3518 5350 id
3547 5307 3628 5350 est
3652 5312 3771 5365 pro-

2204 5399 2320 5457 pter
2345 5389 2641 5448 caritatem,
2677 5397 2733 5441 ut
2771 5389 2877 5442 Deo
2909 5389 3181 5457 placeatis,
3214 5399 3269 5441 ut
3295 5405 3410 5458 qua:
3434 5389 3506 5442 illi
3541 5389 3772 5458 proban-

2206 5488 2291 5532 tur
2313 5495 2536 5548 qumque
2580 5478 2720 5532 illius
2749 5481 3008 5532 voluntati
3038 5490 3398 5533 consontanca
3442 5489 3598 5545 sunt,
3627 5482 3771 5533 ﬁant.

2208 5567 2318 5622 lloc
2349 5569 2466 5622 loco
2495 5569 2749 5634 ostendit,
2795 5578 2851 5623 et
2891 5569 3134 5623 ﬁduciam
3181 5569 3294 5633 dat,
3340 5571 3451 5624 tore
3481 5573 3702 5624 omnino
3724 5578 3776 5623 ut

2209 5660 2346 5714 Deus
2374 5670 2643 5729 operetur.
2663 5662 2783 5715 Vult
2810 5662 2951 5716 enim
2983 5677 3081 5717 nos
3108 5662 3177 5717 ita
3206 5673 3261 5716 ut
3289 5663 3400 5730 ipse
3416 5664 3545 5726 vult,
3571 5663 3771 5717 vivere.

2207 5750 2355 5816 Quod
2387 5753 2429 5804 si
2464 5751 2602 5805 Deus
2630 5752 2758 5816 vult,
2794 5752 2918 5805 illud
2962 5763 3144 5806 autem
3175 5754 3312 5822 quod
3342 5755 3474 5819 vult,
3509 5755 3620 5822 ipse
3651 5769 3771 5822 ope-

2212 5863 2374 5918 ratur,
2410 5863 2552 5907 cot'te
2600 5852 2698 5906 hoc
2729 5867 2937 5922 quoque
2975 5852 3282 5923 operabitnr
3309 5867 3367 5905 ac
3402 5850 3692 5920 pi'mstabit,
3727 5857 3776 5901 ut
