3878 6500
156 425 262 482 239

157 543 273 594 νυνὶ
318 540 375 594 δέ
421 539 768 596 ούκέτι.Ἑάν
794 539 887 595 οῦν
933 541 1115 613 δειχθῇ
1144 544 1226 597 ὅτι
1260 541 1355 597 νῦν
1388 543 1720 607 ἐπετείνατε,

156 631 431 686 δείκνυται
464 633 546 685 ὅτι
573 634 669 686 καὶ
698 633 820 686 τότε
850 633 913 686 ού
936 634 1002 687 δι’
1027 634 1148 704 ἐμὲ,
1183 634 1320 688 ἀλλὰ
1349 634 1436 688 διὰ
1459 636 1551 689 τὸν
1572 634 1723 687 Θεόν.

156 724 225 776 Τί
272 722 467 793 βούλει,
504 723 646 777 εἰπέ.
680 724 792 794 Ούχ
845 724 931 777 ἴνα
977 724 1110 794 ἐμοῦ
1152 726 1451 796 ἀκούσητε,
1501 725 1730 779 ἀλλ’ἵνα

159 814 302 883 μετὰ
332 812 495 881 φόϐου
520 813 616 865 καὶ
636 813 837 883 τρόμου
868 812 965 883 τὴν
990 813 1199 868 ἐαυτῶν
1228 816 1501 885 σωτηρίαν
1529 831 1728 886 κατερ-

154 905 399 975 γάζησθε
423 920 437 933 ο
486 906 548 958 οὐ
597 905 705 976 γὰρ
756 904 833 958 ἔνι
884 906 975 958 τὸν
1003 906 1171 977 χωρὶς
1201 905 1365 974 φόϐου
1396 905 1573 969 ζῶντα
1606 922 1732 974 γεν-

158 997 309 1049 ναῖόν
336 1014 390 1049 τι
418 1000 511 1050 καὶ
543 997 855 1067 θαυμαστὸν
881 997 1269 1063 ἐπιδείξασθαι.
1296 999 1402 1050 Καὶ
1428 1000 1526 1068 οὐχ
1544 997 1732 1061 ἁπλῶς

155 1085 303 1152 εῐπε,
339 1091 554 1151 φόϐου,
590 1088 726 1141 ἀλλὰ
765 1088 1093 1159 προσέθηκε,
1136 1089 1245 1143 Καὶ
1297 1092 1537 1159 τρόμου,
1584 1090 1731 1152 ὅστις

154 1179 411 1242 ἐπίτασις
432 1181 548 1234 ἐστι
578 1180 671 1233 τοῦ
701 1179 865 1247 φόϐου
885 1220 901 1244 ,
936 1182 1472 1251 προσεκτικωτέρους
1507 1180 1732 1250 ποιῆσαι

157 1272 502 1343 βουλόμενος.
531 1272 730 1325 Τοῦτον
778 1271 888 1341 εἶχε
937 1272 1028 1325 τὸν
1078 1268 1243 1340 φόϐον
1289 1274 1317 1325 6
1364 1272 1608 1336 Παῦλοςο
1644 1272 1731 1326 διὰ

150 1362 319 1416 τοῦτο
339 1363 433 1415 καὶ
454 1363 626 1430 ἔλεγε,
644 1363 935 1432 Φοϐοῦμαι
950 1363 1034 1432 μή
1062 1376 1187 1427 πως
1208 1362 1417 1428 ἄλλοις
1444 1361 1729 1429 κηρύξας,

152 1454 345 1521 αὐτὸς
372 1455 653 1523 ἀδόκιμος
681 1455 949 1525 γένωμαι.
987 1456 1045 1507 EE
1089 1455 1196 1526 γὰρ
1239 1454 1307 1506 τὰ
1337 1453 1561 1523 βιωτικὰ
1596 1471 1730 1507 κατ-

151 1545 401 1616 ορθῶσαι
434 1546 599 1613 φόϐου
631 1545 801 1617 χωρὶς
827 1547 926 1599 οὐκ
952 1545 1051 1610 ἔνι,
1079 1545 1229 1615 πόσῳ
1251 1545 1450 1614 μᾶλλον
1476 1546 1546 1597 τά
1569 1562 1733 1597 πνευ-

158 1638 407 1705 ματικά;
448 1638 581 1690 Είπέ
612 1638 719 1707 γάρ
753 1653 876 1707 μοι’
915 1637 1001 1699 τίς
1030 1637 1333 1707 γράμματα
1367 1635 1537 1706 ἐμαθε
1565 1635 1731 1705 φόϐου

154 1712 366 1797 χῶρίς;
399 1727 480 1789 τίς
507 1727 703 1797 τέχνης
732 1726 993 1797 ἔμπειρος
1017 1725 1207 1794 γέγονε
1236 1725 1401 1794 φόϐου
1430 1724 1625 1795 χωρίς;
1667 1723 1731 1777 El

155 1817 225 1869 δὲ
257 1817 383 1870 ἔνθα
404 1819 502 1871 οὐκ
526 1817 804 1887 ἐφεδρεύει
838 1817 866 1869 6
902 1817 1164 1881 διάϐολος,
1196 1817 1331 1871 ἀλλὰ
1367 1817 1609 1888 ῥᾳθυμίᾳ
1638 1817 1733 1887 μό-

153 1927 258 1962 νον
284 1910 507 1980 ἐνοχλεῖ,
534 1909 790 1963 τοσούτου
820 1910 986 1979 φόϐου
1027 1912 1156 1980 ἡμῖν
1187 1909 1428 1980 ἐδέησεν,
1460 1908 1601 1961 ὥστε
1634 1912 1734 1980 ρᾳ-

154 2000 364 2070 θυμίαν
393 2003 717 2072 ἐπιστρέψαι
740 2016 767 2043 ι
800 2002 1033 2074 φυσικὴν
1061 2003 1246 2073 μόνον·
1266 2001 1393 2054 ἔνθα
1425 2000 1674 2064 τοσοῦτος
1705 2003 1733 2054 6

157 2094 425 2164 πόλεμος,
456 2092 688 2147 τοσαῦτα
713 2095 1034 2165 κωλύματα,
1075 2095 1192 2159 πῶς
1228 2094 1307 2148 ενι
1354 2094 1518 2164 φόϐου
1564 2094 1735 2165 χωρὶς

160 2185 501 2255 διασωθῆναί
531 2202 691 2251 ποτε;
725 2186 850 2249 Πῶς
885 2186 931 2239 δ’
961 2186 1027 2240 ἂν
1060 2180 1211 2249 οὗτος
1238 2185 1447 2254 γένοιτο
1472 2187 1500 2239 6
1528 2186 1690 2254 φόϐος
1715 2202 1731 2251 ;
1798 2242 1801 2245 λ

168 2279 270 2330 ’Ἂν
300 2279 665 2348 ἐννοήσωμεν,
692 2280 774 2331 ὅτι
804 2277 1077 2348 πανταχοῦ
1108 2279 1369 2348 πάρεστιν
1398 2280 1426 2331 6
1453 2277 1606 2340 Θεὸς,
1653 2277 1736 2330 ὅτι

157 2371 347 2423 πάντα
376 2371 583 2435 ἀκούει,
615 2372 696 2424 ὅτι
723 2370 901 2425 πάντα
930 2372 1052 2441 ὁρᾷ,
1083 2371 1143 2424 ού
1169 2371 1236 2424 τὰ
1264 2370 1614 2441 πραττόμενα
1642 2370 1737 2439 μό-

154 2479 254 2515 νον
278 2462 374 2515 καὶ
401 2461 688 2534 λεγόμενα,
724 2462 859 2516 ἀλλὰ
903 2464 995 2516 καὶ
1023 2462 1091 2515 τά
1133 2465 1190 2515 ἐν
1224 2462 1470 2533 καρδίαις
1498 2461 1734 2527 ἅπαντα,

156 2556 259 2607 καὶ
299 2554 371 2607 τὰ
414 2555 472 2606 ἐν
523 2555 599 2624 τῷ
646 2554 796 2624 βάθει
841 2555 939 2624 τῆς
982 2554 1253 2617 διανοίας·
1297 2552 1570 2621 Κριτικός
1625 2550 1736 2621 γάρ

152 2648 338 2700 ἐστιν
367 2646 757 2715 ἐνθυμήσεων
783 2647 879 2699 καὶ
924 2645 1173 2700 ἐννοιῶν
1196 2644 1569 2713 καρδίας-,Ἂν
1596 2642 1738 2695 οὕτω

154 2736 439 2807 διαθῶμεν
485 2737 729 2802 ἑαυτοὺς,
764 2737 915 2790 οὐδὲν
964 2736 1197 2807 πονηρὸν
1244 2735 1543 2807 πράξομεν,
1588 2734 1739 2787 οὐδὲν

156 2825 421 2896 ἐροῦμεν,
456 2826 607 2878 οὐδὲν
649 2827 994 2897 ἐννοήσομεν.
1032 2826 1168 2879 Εἰπὲ
1211 2825 1319 2895 γάρ
1376 2842 1487 2894 μοι,
1522 2825 1571 2877 εί
1624 2823 1740 2877 δια-

158 2918 369 2979 παντὸς
398 2916 490 2971 τοῦ
519 2917 775 2988 ἄρχοντος
805 2917 1031 2988 πλησίον
1063 2919 1354 2988 εἱστήκεις,
1385 2918 1446 2969 ού
1476 2917 1615 2987 μετὰ
1642 2916 1740 2984 φό-

155 3008 256 3058 ϐου
290 3006 361 3059 ἂν
389 3009 690 3078 είστήκεις;
729 3008 839 3060 Καὶ
868 3007 986 3071 πῶς
1017 3007 1135 3078 Θεῷ
1167 3009 1231 3060 σὺ
1266 3007 1552 3078 παρεστὼς
1577 3007 1740 3078 γελᾷς

155 3100 256 3151 καὶ
299 3100 648 3163 ἁναπίπτεις,
680 3101 776 3154 καὶ
807 3101 867 3153 ού
894 3101 1137 3164 δέδοικας
1162 3100 1285 3154 οὐδὲ
1329 3101 1576 3173 φρίσσεις
1602 3120 1616 3168 ;
1648 3103 1740 3173 Μὴ

153 3196 221 3267 δὴ
266 3196 376 3264 τῆς
412 3193 609 3265 ἀνοχῆς
658 3193 823 3247 αὐτοῦ
866 3193 1226 3262 καταφρόνειο
1255 3193 1391 3263 πρὸς
1422 3193 1528 3264 γάρ
1574 3195 1741 3264 μετά-

155 3287 317 3340 νοιάν
348 3303 407 3339 σε
436 3288 583 3355 ἄγων
617 3285 986 3357 μακροθυμεῖ·
1018 3286 1151 3357 μηδέ
1187 3286 1358 3339 ποιῶν
1391 3303 1464 3351 τι,
1493 3285 1622 3338 ἄνευ
1649 3285 1742 3339 τοῦ

154 3377 414 3449 νομίζειν
436 3380 495 3431 ἐν
520 3379 654 3431 πᾶσι
684 3380 939 3449 παρεῖναι
968 3376 1061 3430 τὸν
1085 3376 1218 3430 Θεὸν
1238 3376 1502 3447 πράττειν
1522 3375 1739 3445 ἀνέχουο

156 3472 404 3542 πάρεστι
440 3470 569 3542 γάρ.
604 3468 718 3524 Κᾶν
745 3472 925 3523 τοίνυν
969 3469 1176 3541 ἐσθίῃς,
1208 3469 1312 3523 κᾶν
1364 3468 1564 3539 μέλλῃς
1606 3468 1742 3521 καθ-

156 3562 370 3625 εύδειν,
403 3563 507 3616 κᾶν
541 3563 753 3635 ὀργίζῃ,
786 3563 892 3617 κᾶν
919 3563 1189 3635 ἁρπάζῃς,
1222 3563 1328 3616 κᾶν
1364 3563 1597 3633 τρυφᾷς,
1640 3563 1744 3615 κᾶν

155 3651 354 3707 ὁτιοῦν
381 3655 560 3724 ποιῇς,
590 3653 778 3724 νόμιζε
813 3653 1149 3724 παρεστάναι
1181 3653 1271 3705 τὸν
1295 3652 1450 3716 Θεὸν,
1484 3653 1579 3705 καὶ
1596 3650 1747 3704 οὐδέ-

160 3762 302 3799 ποτε
356 3746 438 3809 εἰς
480 3745 691 3813 γέλωτα
738 3748 973 3817 ἐμπεσῇ,
1014 3745 1268 3799 οὐδέποτε
1318 3746 1397 3807 εἰς
1443 3742 1612 3814 ὀργήν
1659 3742 1744 3808 ἐξ·

157 3836 417 3906 αφθήσῃ.
439 3837 535 3888 Ἂν
579 3834 767 3889 τοῦτον
814 3835 944 3907 ἐχῃς
990 3834 1281 3897 διαπαντὸς
1331 3834 1423 3886 τὸν
1466 3833 1743 3904 λογισμὸν,

157 3925 466 3988 διαπαντὸς
490 3926 549 3977 ἐν
574 3924 721 3996 φόϐῳ
746 3925 843 3996 ἔσῃ
875 3926 970 3978 καὶ
994 3924 1202 3995 τρόμῳ,
1228 3924 1326 3978 an
1357 3922 1452 3977 τοῦ
1484 3922 1742 3993 βασιλέως

158 4015 403 4087 πλησίον
449 4014 637 4078 ἑστώς.
654 4015 711 4068 '0
745 4014 1047 4085 οἰκοδόμος,
1095 4013 1197 4068 κᾶν
1239 4013 1502 4084 ἔμπειρος
1544 4010 1603 4085 ᾖ,
1641 4011 1745 4066 κᾶν

162 4106 385 4177 σφόδρα
511 4105 780 4176 τεχνίτης,
814 4107 951 4176 μετὰ
980 4105 1146 4174 φόϐου
1176 4105 1271 4158 καλ⁹
1298 4105 1498 4175 τρόμου
1529 4104 1747 4173 ἕστηκε,

159 4196 431 4258 δεδοικὼς
480 4196 555 4265 μὴ
604 4197 890 4269 καταπέσῃ
943 4198 1008 4249 ἐκ
1049 4198 1148 4264 τῆς
1199 4196 1505 4266 οἰκοδομῆς.
1540 4195 1651 4249 Καὶ
1680 4194 1746 4246 σὺ

163 4288 526 4350 ἐπίπευσας,
545 4286 787 4357 ἔπραξας
808 4285 987 4353 ἀγαθὰ
1007 4285 1199 4351 πολλὰ,
1230 4284 1459 4354 ἀνῆλθες
1489 4285 1565 4347 εἰς
1590 4283 1743 4353 ὕψοςο

166 4383 233 4432 ἐν
268 4379 542 4451 ἀσφαλείᾳ
566 4379 763 4449 κάτεχε
796 4378 1010 4439 σαυτὸν,
1041 4376 1135 4429 καὶ
1164 4375 1330 4444 φοϐοῦ
1365 4374 1555 4440 ἑστὼς,
1575 4375 1748 4427 καὶτὸ

168 4472 341 4539 ὄμμα
383 4471 469 4539 ἐχε
500 4470 921 4540 διεγηγερμένον
949 4508 965 4533 ,
1017 4468 1091 4538 μὴ
1141 4467 1455 4537 καταπέσῃς
1503 4466 1743 4518 ἐκεῖθεν·

170 4562 362 4614 πολλὰ
397 4562 500 4629 γὰρ
544 4561 614 4614 τά
660 4559 1006 4630 πνευματικὰ
1036 4557 1190 4630 [257]
1219 4558 1319 4628 τῆς
1366 4558 1647 4629 πονηρίας,
1680 4557 1747 4609 τὰ

165 4651 483 4721 βουλόμενά
506 4669 563 4704 σε
594 4650 855 4705 καθελεῖν.
876 4650 1271 4713 Δουλεύσατε,
1290 4649 1442 4718 φησὶ,
1462 4648 1544 4713 τῷ
1556 4648 1751 4716 Κυρίῳ

157 4745 239 4797 ἐν
264 4743 456 4812 φόϐῳ,
478 4743 573 4796 καὶ
594 4740 966 4809 ἀγαλλιᾶσθε
989 4737 1149 4803 αὐτῷ
1176 4738 1247 4791 ἐν
1272 4740 1482 4806 τρόμῳ.
1506 4737 1615 4791 Καὶ
1634 4736 1750 4800 πῶς

159 4836 249 4889 ἔνι
280 4835 608 4903 ἀγαλλίασις
634 4834 772 4904 μετὰ
790 4833 1027 4904 τρόμους
1057 4830 1205 4900 Αὕτη
1234 4831 1329 4901 μέν
1353 4826 1445 4883 οὖν
1473 4831 1590 4882 ἐστι
1613 4829 1749 4899 μόνη

155 4927 521 4996 ἀγαλλίασις.
548 4929 715 4979 Ὅταν
757 4926 867 4996 γάρ
909 4943 961 4978 τι
992 4924 1194 4993 ἀγαθὸν
1241 4922 1624 4993 ἐργασώμεθα,
1658 4923 1751 4975 καὶ

155 5018 441 5085 τοιοῦτον,
474 5012 585 5071 οἷον
611 5018 756 5080 εἰκὸς
776 5019 900 5080 τοὺς
930 5020 987 5070 ἐν
1017 5014 1203 5087 τρόμῳ
1221 5032 1275 5067 τι
1302 5014 1608 5081 ποιοῦντας,
1631 5014 1751 5067 τότε

156 5109 447 5178 χαίρομεν
476 5109 653 5178 μόνον.
686 5109 848 5161 Μετὰ
876 5109 1063 5176 φόϐου
1090 5107 1186 5159 καὶ
1218 5106 1435 5174 τρόμου
1472 5104 1588 5172 τὴν
1616 5106 1753 5159 ἐαυ-

160 5200 292 5253 τῶν
305 5200 619 5267 σωτηρίαν
628 5199 1067 5269 κατεργάζεσθε.
1088 5200 1201 5252 Οὐκ
1213 5194 1384 5262 εἶπεν,
1401 5198 1457 5252 Ἐ
1464 5198 1751 5267 ργάζεσθε,

155 5293 339 5356 ἀλλὰ,
388 5292 847 5362 Κατεργὰζεσθε,
889 5292 1168 5357 τουτέστι,
1224 5290 1365 5361 μετὰ
1410 5291 1610 5360 πολλῆς
1654 5291 1755 5359 τῆς

158 5384 459 5453 σπουδῆς,
504 5383 639 5451 μετὰ
673 5382 873 5450 πολλῆς
922 5382 1020 5451 τῆς
1064 5380 1402 5450 ἐπιμελείας.
1440 5380 1658 5449 Ἐπειδὴ
1697 5381 1755 5434 δὲ

150 5475 322 5539 εἷπε,
386 5476 549 5529 Μετὰ
599 5475 788 5544 φόϐου
837 5474 939 5528 καί
977 5475 1232 5542 τρόμου,
1283 5472 1379 5525 καὶ
1432 5473 1756 5541 ἐναγωνίους

230 5776 259 5803 ⁸
305 5772 603 5836 Legcudum
638 5776 810 5819 censet
847 5769 1066 5819 Dunmus
1094 5769 1417 5831 ἀποστρέψαι,
1463 5769 1540 5818 Vel
1572 5768 1757 5833 ἀποτρέ·

158 5841 273 5900 ψει.

1053 426 1125 482 IN
1163 425 1380 485 EPIST.
1415 423 1841 484 AD'I'IIIIJI‘P.
1876 426 2027 484 CAP.
2062 427 2128 483 II.
2171 426 2401 484 lIOMIL.
2440 428 2570 485 VIII.

3278 426 3395 481 ειο

1832 542 2103 616 ἐποίησεν,
2137 545 2239 615 δρα
2288 546 2402 610 πῶς
2449 544 2851 617 παραμυθεῖται
2897 540 2995 612 τὴν
3038 540 3293 609 ἀγωνίαν.
3325 540 3393 593 Τί

1826 633 1933 703 γάρ
1960 651 2160 705 φησιν;
2196 635 2261 688 '0
2293 638 2437 702 Θεός
2459 637 2632 689 ἐστιν
2660 638 2692 689 ὁ
2713 633 2970 702 ἐνεργῶν
2994 633 3064 687 ἐν
3098 631 3259 702 ὑμῖν.
3298 631 3393 701 Μὴ

1827 724 2016 793 φοϐοῦ,
2043 726 2126 777 ὅτι
2169 723 2338 779 εἷπον·
2366 725 2525 781 Μετὰ
2571 726 2757 795 φόϐου
2799 724 2898 778 καί
2934 724 3152 793 τρόμου
3173 738 3188 753 °
3217 723 3277 775 οὐ
3304 721 3393 776 διὰ

1825 814 1984 867 τοῦτο
2039 811 2209 879 εἷπον,
2258 816 2346 869 ἵνα
2394 814 2807 887 ἀπαγορεύσῃς,
2844 814 2931 865 ἵνα
2973 811 3290 881 δυσέφικτόν
3339 827 3394 863 τι

1828 902 1965 958 εἶναι
1997 905 2221 978 νομίσῃς
2246 907 2345 977 τὴν
2375 905 2592 977 ἀρετὴν,
2623 904 2738 958 ἀλλ’
2765 905 2849 957 ἵνα
2881 902 3171 973 προσέχῃς,
3196 902 3283 955 ἵνα
3319 901 3394 971 μὴ

1827 996 2047 1068 διαχέῃς
2097 997 2419 1053 σαυτόν.“Λν
2461 997 2620 1051 τοῦτο
2658 993 2712 1068 ᾗ,
2742 996 2770 1047 6
2802 995 2931 1058 Θεὸς
2966 994 3141 1047 πάντα
3167 994 3395 1066 ἐργάσε-

1828 1102 1948 1138 ταιο
1994 1087 2057 1139 σὺ
2100 1086 2287 1157 θάρσει
2310 1103 2321 1117 '
2375 1087 2438 1140 Ὀ
2476 1086 2620 1154 Θεὸς
2647 1085 2755 1157 γάρ
2785 1086 2956 1139 ἐστιν
2982 1087 3014 1137 ὁ
3039 1083 3295 1153 ἐνεργῶν
3328 1084 3396 1135 ἐν

1827 1176 1988 1245 ὑμῖν.
2017 1178 2078 1229 EI
2117 1177 2294 1229 τοίνυν
2323 1178 2485 1240 αὑτὸς
2511 1179 2744 1247 ἐνεργεῖ,
2774 1177 2921 1246 ἡμᾶς
2964 1175 3043 1227 δεῖ
3077 1175 3176 1245 τὴν
3199 1174 3393 1244 προαί-

1832 1282 1979 1337 ρεσιν
2022 1270 2323 1337 παρασχεῖν
2360 1266 2875 1337 συγκεκροτημένην
2903 1264 3209 1326 διαπαντὸς,
3240 1266 3396 1330 ἐσφιο

1829 1354 2056 1426 γμένην,
2093 1355 2519 1426 ἀδιάχυτονα.⁹0
2555 1356 2697 1421 Θεὸς
2738 1354 2847 1424 γάρ
2874 1353 3043 1407 ἐστιν
3083 1356 3116 1406 ὀ
3141 1350 3400 1419 ἐνεργῶν

1826 1445 1897 1499 ἐν
1923 1446 2065 1513 ὑμῖν
2094 1447 2191 1499 καί
2224 1447 2290 1500 τὸ
2315 1447 2512 1501 θέλειν
2539 1446 2633 1499 καί
2662 1445 2728 1499 τὸ
2746 1443 3024 1514 ἐνεργεῖν.
3052 1444 3114 1495 Εἰ
3135 1443 3197 1495 τὸ
3225 1443 3399 1495 θέλειν

1828 1535 1992 1597 αὐτὸς
2022 1538 2155 1606 ἡμῖν
2197 1537 2426 1607 ἐνεργεῖ,
2458 1537 2573 1599 πῶς
2603 1537 2733 1605 ἡμῖν
2767 1533 3161 1605 παρακελεύει;
3193 1535 3255 1586 EI
3290 1534 3398 1604 γὰρ

1829 1623 1926 1676 καὶ
1972 1623 2032 1676 τὸ
2083 1624 2256 1678 θέλειν
2303 1626 2468 1688 αὐτὸς
2518 1627 2695 1691 ποιεῖ,
2732 1624 2851 1693 εἰκῆ
2895 1625 3029 1693 ἡμῖν
3064 1624 3276 1692 λέγεις,
3316 1625 3399 1677 ὅτι

1842 1712 2276 1781 Ὑπηκούσατε·
2305 1716 2367 1767 ού
2398 1714 2508 1787 γὰρ
2530 1715 2895 1784 ὑπακούομεν.
2930 1714 3064 1783 Είκῆ
3081 1714 3279 1781 λέγεις,
3297 1714 3399 1768 Ἐν

1831 1804 1993 1871 φόϐῳ
2028 1803 2129 1857 καί
2170 1805 2240 1857 ἐν
2277 1806 2487 1873 τρόμῳ·
2535 1804 2671 1857 Θεοῦ
2705 1803 2815 1873 γὰρ
2861 1804 2922 1856 τὸ
2966 1804 3084 1857 ὅλον
3124 1803 3289 1857 ἐστίν.
3322 1803 3396 1855 Οὐ

1829 1892 1917 1946 διὰ
1951 1893 2111 1947 τοῦτο
2143 1890 2318 1955 εἷπον,
2353 1894 2546 1960 Αὐτὸς
2580 1894 2691 1963 γάρ
2724 1894 2895 1946 ἐστιν
2934 1896 2966 1947 ό
3006 1892 3264 1963 ἐνεργῶν
3301 1892 3402 1946 καί

1796 2043 1801 2047 ,
1831 1986 1897 2038 τὸ
1944 1985 2145 2039 θέλειν
2184 1985 2284 2038 καὶ
2315 1985 2379 2039 τὸ
2412 1984 2695 2055 ἐνεργεῖν,
2732 1984 2847 2037 ἀλλ’
2884 1982 3105 2037 ἐκλῦσαι
3131 1984 3227 2053 τὴν
3254 1983 3403 2050 ἀγω-

1832 2074 1949 2127 νίαν
2002 2075 2154 2143 ὑμῶν
2208 2075 2655 2144 βουλόμενος.“Αν
2689 2074 2937 2145 θελήσῃς,
2965 2074 3090 2126 τότε
3119 2074 3403 2144 ἐνεργήσει

1829 2167 1892 2219 τὸ
1921 2166 2115 2220 θέλειν.
2145 2166 2238 2237 Μὴ
2271 2166 2533 2237 φοϐηθῇς,
2568 2166 2661 2221 καὶ
2693 2166 2844 2219 οὐδὲν
2869 2166 3118 2237 κάμνῃςο
3148 2166 3242 2219 καὶ
3264 2181 3396 2235 προ-

1833 2256 2031 2326 θυμίαν
2061 2256 2219 2320 αὐτὸς
2265 2259 2396 2327 ἡμῖν
2432 2256 2615 2310 δίδωσι
2662 2255 2757 2308 καὶ
2792 2255 3249 2325 ἐργασίαν.”οταν
3292 2257 3402 2325 γὰρ

1833 2348 2171 2419 θελήσωμεν,
2197 2348 2352 2414 αὔξει
2390 2350 2452 2402 τὸ
2484 2350 2657 2402 θέλειν
2678 2352 2713 2420 ἡ
2724 2350 2838 2420 μῶν
2865 2350 3049 2402 λοιπόν
3070 2366 3083 2380 ⁸
3112 2343 3244 2412 οἷον,
3279 2349 3394 2420 βού-

1831 2440 1994 2511 λομαι
2041 2441 2244 2509 ἀγαθόν
2290 2458 2343 2493 τι
2392 2441 2761 2511 ἐργάσασθαι·
2815 2442 3117 2512 ἐνήργησεν
3162 2442 3293 2494 αὐτὸ
3337 2442 3400 2494 τὸ

1832 2534 2059 2602 ἀγαθὸν,
2107 2534 2380 2605 ἐνήργησε
2422 2534 2489 2585 δι’
2520 2534 2684 2590 αὑτοῦ
2738 2538 2830 2589 καὶ
2874 2535 2936 2587 τὸ
2991 2534 3263 2587 θέλειν.Ἢ
3294 2532 3405 2586 ἀπὸ

1835 2626 2036 2697 πολλῆς
2076 2626 2360 2690 εὐλαϐείας
2393 2626 2551 2680 τοῦτό
2579 2644 2764 2696 φησιν,
2805 2625 2994 2697 ῶσπερ
3023 2626 3148 2679 ὅταν
3176 2626 3245 2679 τὰ
3272 2642 3405 2678 κατ-

1834 2718 2132 2789 ορθώματα
2155 2717 2225 2771 τὰ
2254 2719 2501 2790 ἡμέτερα
2528 2718 2843 2791 χαρίσματα
2867 2714 3006 2771 εἶναι
3032 2717 3186 2787 λέγῃ.

1907 2884 1977 2954 β’.
2002 2884 2213 2953 Ὥσπερ
2233 2881 2327 2937 οὖν
2354 2883 2527 2952 λέγων
2556 2884 2698 2937 αὐτὰ
2728 2884 3062 2955 χαρίσματα,
3092 2883 3192 2936 οὐκ
3219 2882 3407 2948 ἐξωθεῖ

1838 2978 1984 3046 ἡμᾶς
2007 2976 2102 3029 τοῦ
2131 2976 2500 3041 αύτεξουσίου,
2531 2976 2648 3030 ἀλλ’
2677 2978 2902 3049 ἀφίησιν
2936 2980 2993 3031 ἐν
3031 2980 3164 3047 ἡμῖν
3187 2977 3246 3031 τὸ
3278 2978 3409 3032 αύτ-

1838 3067 2079 3133 εξούσιον
2097 3084 2113 3100 ο
2135 3066 2308 3132 οὕτως
2328 3070 2458 3122 ὃταν
2479 3068 2611 3140 λέγῃ
2636 3071 2878 3140 ἐνεργεῖν
2900 3072 2957 3123 ἐν
2977 3072 3109 3140 ἡμῖν
3129 3069 3189 3122 τὺ
3210 3070 3403 3136 θέλειν,

1839 3161 1938 3214 οὐκ
1962 3160 2274 3231 ἀφαιρεῖται
2296 3161 2445 3231 ἡμᾶς
2474 3159 2537 3213 τὸ
2567 3159 2931 3225 αὐτεξούσιον,
2954 3161 3091 3214 ἀλλὰ
3113 3161 3405 3229 δείκνυσιν,

1803 3303 1807 3307 .
1838 3253 1920 3306 ὅτι
1942 3252 2049 3306 ἀπὸ
2077 3252 2172 3306 τοῦ
2198 3252 2495 3324 κατορθοῦν
2519 3253 2720 3325 πολλὴν
2747 3256 2827 3317 εἰς
2854 3254 2916 3307 τὸ
2941 3254 3112 3308 θέλειν
3135 3255 3409 3326 λαμϐάνο-

1844 3360 1943 3414 μεν
1969 3341 2298 3414 προθυμίαν.
2330 3344 2595 3415 Καθάπερ
2616 3343 2723 3416 γὰρ
2749 3344 2808 3397 τὸ
2838 3350 3010 3398 ποιεῖν
3033 3346 3098 3399 ἐκ
3116 3344 3210 3398 τοῦ
3236 3349 3412 3400 ποιεῖν

1840 3440 2077 3507 γίνεται’
2114 3437 2287 3503 οὕτως
2312 3442 2378 3494 ἐκ
2408 3440 2503 3493 τοῦ
2536 3441 2611 3511 μὴ
2642 3444 2813 3496 ποιεῖν
2837 3441 2899 3494 τὸ
2930 3442 3005 3513 μὴ
3032 3444 3409 3498 ποιεῖν.Ἔδω-

1844 3549 1946 3596 κας
1989 3532 2387 3604 ἐλεημοσύνην;
2440 3534 2640 3603 μᾶλλον
2683 3535 3035 3605 προετράπης
3060 3535 3262 3590 δοῦναι.
3294 3537 3409 3590 Οὐκ

1845 3620 2052 3685 ἔδωκας
2099 3621 2191 3689 δέ;
2258 3623 2460 3693 μᾶλλον
2510 3624 2778 3693 ήργησας.
2816 3625 3229 3695 Ἐσωφρόνησας
3278 3626 3410 3695 μίαν

1846 3713 2086 3784 ἡμέραν;
2130 3713 2273 3785 ἔχεις
2297 3714 2610 3786 προτροπὴν
2638 3716 2732 3769 καὶ
2758 3716 2837 3778 είς
2860 3716 2960 3786 τὴν
2996 3716 3269 3787 δευτέραν.
3286 3717 3411 3787 Ἐρ-

1848 3803 2204 3876 ῥᾳθύμησας;
2232 3806 2513 3869 ἐπέτεινας
2535 3806 2632 3878 τὴν
2655 3806 2926 3878 ρᾳθυμίαν
2947 3822 2962 3837 ο
3003 3806 3252 3874 Ἀσεϐἡς
3279 3807 3407 3878 γάρ,

1848 3898 2032 3967 φησὶν,
2052 3896 2245 3951 ἐλθὼν
2266 3899 2353 3963 είς
2367 3897 2561 3964 βάθος
2584 3895 2789 3952 κακῶν
2817 3896 3413 3968 καταφρονεῒ.Ὢσπερ

1845 3986 1936 4043 οὖν
1968 3988 2118 4062 [258]
2153 3990 2280 4043 ὅταν
2309 3989 2436 4062 ἔλθῃ
2482 3991 2562 4054 είς
2595 3989 2757 4059 βάθος
2799 3990 3008 4057 κακῶν,
3046 3992 3410 4060 καταφρονεῖ·

1846 4078 2017 4143 οὕτως
2076 4080 2205 4132 ὅταν
2255 4079 2382 4150 έλθῃ
2437 4080 2516 4143 εἰς
2568 4080 2727 4149 βάθος
2788 4080 3044 4149 ἀγαθῶν,
3100 4077 3411 4142 σπουδάζει.

1848 4169 2111 4240 Καθάπερ
2133 4171 2242 4240 γὰρ
2271 4171 2476 4232 ἐκεῖνος
2506 4171 2772 4237 ἀπογνοὺς
2796 4169 3161 4240 ρᾳθυμότερος
3184 4167 3407 4235 γίνεταιι

1847 4260 2019 4324 οὕτως
2048 4257 2201 4324 οὗτος
2244 4262 2439 4314 ἐννοῶν
2481 4261 2543 4313 τὸ
2588 4259 2787 4330 πλῆθος
2830 4260 2939 4312 τῶν
2972 4258 3211 4326 ἀγαθῶν,
3245 4274 3411 4309 σπου-

1847 4338 2117 4426 δαιότερος
2164 4354 2409 4424 γίνεται,
2454 4352 2706 4416 δεδοικὼς
2755 4352 2828 4423 μὴ
2877 4353 2938 4404 τὸ
2993 4354 3102 4403 πᾶν
3147 4348 3407 4421 ἀπολέσῃ.

1862 4445 2039 4512 ’Υπὲρ
2076 4443 2188 4512 τῆς
2231 4444 2525 4508 εὐδοκίας,
2557 4443 2720 4513 φησί·
2749 4442 3013 4507 τουτέστι,
3041 4439 3130 4493 διὰ
3156 4440 3254 4508 τὴν
3278 4440 3414 4505 ἁγά-

1851 4553 1982 4607 πην,
2010 4537 2096 4590 διὰ
2119 4538 2218 4607 τὴν
2246 4537 2539 4605 ἀρέσκειαν
2566 4533 2751 4599 αὐτοῦ,
2774 4534 2862 4587 ἵνα
2891 4533 2960 4586 τὰ
2985 4532 3242 4586 δοκοῦντα
3264 4531 3414 4600 αὐτῷ

1850 4632 2093 4702 γένηται,
2128 4630 2214 4683 ἵνα
2242 4627 2382 4704 κατὰ
2433 4627 2535 4695 τὴν
2578 4625 2793 4696 θέλησιν
2820 4623 3004 4678 αὑτοῦ.
3023 4622 3285 4676 Ἐνταῦθα
3307 4622 3416 4675 δεί-

1852 4740 2029 4786 κνυσι,
2061 4722 2155 4775 καὶ
2182 4722 2326 4773 ποιεῖ
2366 4718 2608 4790 θαρρεῖν,
2644 4716 2724 4769 ὅτι
2753 4715 2968 4778 πάντως
2993 4715 3224 4784 ἐνεργεῖ.
3258 4713 3415 4766 Θέλει

1852 4818 1961 4886 γὰρ
1989 4815 2158 4884 ἡμᾶς,
2191 4812 2266 4874 ὡς
2307 4808 2469 4872 αὐτὸς
2516 4808 2784 4879 βούλεται,
2811 4807 2932 4877 ζῇν.
2963 4806 3027 4858 Εἰ
3059 4804 3117 4858 δέ
3144 4803 3413 4876 βούλεται,

1855 4908 1991 4979 πρὸς
2019 4907 2075 4960 δὲ
2099 4904 2259 4957 τοῦτο
2278 4903 2438 4965 αὐτὸς
2469 4903 2699 4973 ἐνεργεῖ,
2723 4901 2815 4954 καὶ
2839 4898 2998 4953 τοῦτο
3025 4898 3242 4962 πάντως
3268 4899 3417 4967 ἐνερ-

1852 5003 2044 5071 γήσειο
2097 4997 2238 5049 θέλει
2282 4994 2388 5064 γὰρ
2433 4995 2579 5064 ἡμᾶς
2610 4991 2785 5064 ὀρθῶς
2829 4990 2946 5061 ζῇν.
2966 4991 3123 5061 Ὁρᾷς
3156 4989 3274 5053 πῶς
3318 4990 3419 5041 ούκ

1853 5093 2161 5163 ἀφαιρεῖται
2191 5086 2252 5140 τὸ
2288 5083 2663 5149 αύτεξούσιον;
2712 5082 2901 5139 Ταῦτα
2943 5080 3139 5133 πάντα
3176 5079 3416 5145 ποιεῖτε,

1856 5185 2008 5255 φησὶ,
2037 5185 2216 5253 χωρὶς
2256 5177 2610 5250 γογγυσμῶν
2635 5175 2733 5229 καὶ
2759 5174 3180 5245 διαλογισμῶν.
3200 5172 3256 5225 '0
3301 5174 3419 5227 διὰ-

1856 5280 2007 5343 ϐολος
2034 5278 2250 5331 ἐπειδάν
2284 5275 2359 5346 μὴ
2389 5272 2591 5343 δυνηθῇ
2621 5271 2766 5341 ἡμᾶς
2789 5269 3097 5335 ἀπαγαγεῖν
3120 5265 3215 5319 τοῦ
3239 5266 3420 5329 καλῶς

1856 5374 2051 5432 ποιεῖν,
2089 5368 2290 5439 ἐτέρως
2336 5363 2652 5436 τεχνάζεται
2679 5361 2705 5400 δ
2736 5360 2892 5431 ἡμῶν
2922 5357 3154 5412 κενῶσαι
3197 5356 3287 5411 τὸν
3326 5374 3418 5427 μι-

1857 5466 2083 5524 σθόν.Ἦ
2114 5462 2220 5534 γὰρ
2251 5461 2574 5527 κενοδοξίαν,
2604 5458 2638 5527 ἢ
2671 5456 2928 5510 ἀπόνοιαν
2952 5454 3338 5524 ἐπεισήγαγεν,
3359 5450 3420 5523 ἢ,

1920 5760 1946 5798 δ
1970 5754 2193 5812 (ἶοί51ἰ11.,
2214 5757 2478 5804 ἀδιάλυτον.

1927 5823 1948 5852 ⁸
1972 5822 2051 5871 Sic
2072 5834 2185 5867 mss.
2218 5815 2345 5867 Iiditi
2383 5815 2707 5877 ι“ο1ὀ,ἐτέρως
2735 5812 2971 5882 βούλεται.
