3878 6502
1067 385 1132 444 ΙΝ
1171 382 1386 442 EPIST.
1425 382 1516 438 Al)
1555 376 1839 436 PﬂlLlPP.
1878 377 2029 439 CAP.
2066 381 2132 447 ll,
2170 383 2405 443 HOIIlL.
2449 388 2580 445 Vill.
3297 392 3407 448 2l‘i

1830 508 2006 553 autem
2034 498 2134 556 sibi
2164 501 2277 571 ipse
2299 502 2517 574 colligit,
2538 518 2636 559 cur
2656 502 3213 578 obmurmuratiquod
3231 510 3403 583 ipsius

1830 588 2029 646 divitias
2056 607 2163 646 non
2191 595 2477 649 crescunt?
2496 595 2713 650 Minime
2737 594 2788 651 id
2818 596 3052 665 quidem.
3083 597 3183 666 Qui
3210 612 3403 667 sponte

158 396 256 453 9.“

153 521 302 568 recte
346 508 588 565 vivamus
617 520 633 565 :
666 504 767 560 hoc
806 503 949 559 enim
993 501 1107 572 ipse
1147 500 1283 554 vult.
1314 497 1474 554 Vides
1499 512 1529 552 a
1561 493 1725 550 Paulo

152 604 374 659 minimo
396 601 507 656 tolli
527 598 733 655 arbitrii
760 593 1097 652 libertatem?
1128 591 1253 647 Haec
1291 592 1461 645 omnia
1482 631 1496 653 ,
1527 588 1719 657 inquit,

150 696 306 765 facile
332 695 440 749 sine
459 687 937 745 tuurmurationibus
956 695 1003 738 et
1024 681 1444 738 Imsitationibus.
1475 679 1723 734 Diabolus

148 789 239 843 ubi
263 801 361 842 nos
386 783 652 839 abducere
683 780 899 837 minime
930 776 1159 847 potuerit
1181 816 1195 840 ,
1229 775 1356 845 quin
1384 783 1528 827 recte
1555 771 1713 825 facia-

142 897 291 945 mus,
336 880 438 934 alia
467 875 694 948 quadam
738 874 945 929 ratione
973 871 1191 926 molitur
1240 869 1451 922 inanem
1495 863 1721 920 reddere

147 971 453 1028 mercedem
496 977 755 1023 nostram.
782 966 913 1021 Nam
952 964 1036 1019 vel
1062 978 1213 1016 vana:
1236 960 1421 1030 gloriae
1458 970 1718 1022 amorem,

144 1066 233 1120 vel
276 1060 633 1133 arrogantiam
662 1058 889 1122 induxit,
936 1057 1018 1110 vel
1058 1054 1103 1110 si
1143 1053 1274 1108 nihil
1324 1054 1535 1115 horum,
1566 1063 1719 1103 mur-

140 1155 522 1215 murationem,
550 1152 634 1207 vel
680 1149 869 1205 saltem
895 1147 1304 1201 hasitationem.
1328 1145 1405 1198 Ac
1428 1141 1551 1197 vide
1579 1157 1716 1210 quo-—

137 1245 305 1302 modo
334 1246 445 1299 haec
474 1250 662 1312 purget
688 1240 883 1295 Paulus
911 1256 925 1293 :
955 1237 1089 1293 dixit
1128 1236 1195 1291 de
1221 1234 1386 1290 animi
1419 1232 1717 1288 humilitate

134 1350 492 1404 quaecumque
533 1334 645 1404 jam
690 1331 999 1395 audivistis,
1054 1328 1413 1398 arrogantiam
1457 1325 1711 1395 abigens;

132 1428 275 1481 dixit
300 1426 367 1481 de
394 1426 565 1480 inanis
587 1424 772 1495 gloria:
797 1422 992 1487 studio,
1020 1420 1379 1488 comprimens
1408 1426 1709 1479 tumorem;

130 1531 193 1574 et
220 1521 348 1575 alibi
366 1518 605 1590 quidem,
640 1515 759 1570 Non
789 1517 839 1569 in
859 1514 1147 1586 prmentia,
1166 1512 1356 1581 inquit,
1376 1510 1470 1563 mei
1491 1518 1712 1575 tantum;

130 1630 281 1668 nime
305 1628 433 1668 vero
451 1610 700 1666 nonnulla
717 1608 862 1663 addit
880 1607 947 1662 de
972 1604 1394 1660 murmuratione
1420 1612 1469 1658 et
1499 1601 1714 1656 inusita-

130 1705 306 1759 tione.
361 1703 466 1757 Cur
517 1710 695 1755 autem
749 1712 872 1754 cum
919 1696 1212 1753 Corinthiis
1263 1694 1521 1749 adimeret
1569 1692 1711 1748 hunc

128 1796 405 1858 morbum,
432 1793 781 1848 lsraeiitarutn
808 1792 967 1846 etiam
999 1789 1320 1843 mentionem
1339 1788 1461 1842 fecit
1487 1787 1564 1855 (1.
1587 1785 1708 1842 Cor.

128 1893 226 1947 10.
253 1893 380 1960 l0);
410 1890 506 1946 hoc
532 1898 711 1943 autem
738 1888 857 1942 loco
880 1885 1011 1940 nihil
1042 1883 1343 1953 huiusmodi
1380 1882 1576 1946 attulit,
1612 1880 1708 1936 sed

121 1986 449 2053 simpliciter
472 1982 724 2052 praecepit
742 1981 765 2035 ?
786 1979 1046 2047 Quoniam
1076 1978 1149 2033 illi
1168 1979 1236 2033 ab
1264 1978 1363 2031 hoc
1391 1977 1579 2031 morbo
1594 1974 1707 2044 jam

121 2080 343 2134 fueram
371 2076 613 2147 occupati
646 2093 660 2129 :
692 2074 1039 2145 quamobrem
1078 2072 1237 2126 altius
1278 2070 1476 2125 inferre
1512 2069 1706 2124 vulnus

125 2186 355 2227 necesse
394 2171 640 2235 habebat,
694 2184 758 2224 ac
810 2167 1178 2224 vehementius
1221 2165 1506 2237 obiurgare
1553 2182 1567 2219 :
1618 2163 1705 2217 hic

126 2278 278 2328 vero,
310 2279 380 2319 ne
409 2278 468 2318 se
491 2262 742 2332 occupari
787 2261 967 2315 sinant
993 2268 1199 2314 monet.
1245 2258 1407 2329 Igitur
1432 2271 1555 2327 erga
1585 2270 1700 2322 eos,

120 2358 214 2425 qui
244 2355 482 2409 nondum
506 2361 809 2422 peccaraut,
845 2365 1233 2421 supervacuum
1254 2357 1370 2402 erat
1396 2346 1703 2401 dtu-ioribus

118 2448 305 2502 verbis
334 2448 431 2510 uti,
464 2461 571 2517 quo
594 2445 695 2499 sibi
723 2452 993 2499 caverent.
1021 2442 1152 2497 Nam
1178 2451 1232 2498 et
1254 2441 1323 2496 ad
1348 2441 1701 2495 humilitatem

116 2539 401 2593 adducens
448 2546 555 2591 non
596 2536 774 2591 attulit
812 2534 1113 2605 exemplum
1143 2532 1271 2588 illud
1295 2548 1359 2586 ex
1390 2532 1700 2602 Evangelia,

116 2630 209 2684 ubi
238 2629 594 2698 superborum
624 2627 941 2698 supplicium
969 2634 1236 2687 narratur,
1264 2622 1700 2690 sedabexemplo

114 2723 214 2777 Dei
241 2721 662 2776 admonitionem
692 2720 877 2786 duxit,
908 2720 1143 2789 ipsisque
1171 2717 1391 2772 omnino
1420 2724 1476 2770 ut
1523 2714 1699 2783 legitio

111 2815 221 2869 mis
255 2814 381 2868 [iliis
410 2814 662 2884 loquitur,
692 2828 797 2867 non
836 2821 892 2865 ut
936 2812 1165 2866 lustralis.
1194 2810 1404 2865 Etenim
1433 2808 1499 2863 ad
1528 2809 1697 2862 virtu-

112 2920 227 2962 tem
256 2908 585 2975 sequendam
616 2908 660 2960 is
687 2906 775 2976 qui
819 2905 953 2960 bona
995 2912 1051 2960 et
1074 2918 1337 2973 generosa
1361 2911 1538 2957 mente
1562 2917 1699 2971 pra:-

106 3000 261 3053 ditns
302 3007 406 3061 est,
437 2998 685 3067 exemplo
734 3012 921 3053 eorum
978 2997 1067 3066 qui
1116 3004 1265 3051 necte
1317 3009 1379 3050 se
1417 3001 1699 3065 gesserunt

106 3090 406 3145 adducitur
432 3105 447 3143 :
476 3090 521 3143 is
544 3103 670 3143 vero
689 3088 774 3142 cui
802 3087 971 3141 malus
988 3087 1217 3150 animus,
1244 3100 1428 3140 eorum
1446 3084 1698 3154 exemplo

104 3184 197 3253 qui
234 3183 455 3237 virtutis
479 3194 698 3236 moneta
730 3196 834 3235 non
863 3179 1146 3235 obiverunt
1176 3197 1193 3233 :
1225 3178 1313 3234 ille
1356 3176 1579 3243 honore,
1612 3176 1698 3233 hic

103 3274 404 3343 supplicio.
454 3272 742 3341 Propterea
792 3271 856 3326 ad
912 3270 1165 3325 Hebrteos
1212 3269 1373 3325 etiam
1430 3268 1693 3334 scribens,

105 3365 261 3419 Esaia
310 3364 366 3418 in
417 3364 647 3418 medium
675 3361 914 3427 adduxit,
955 3363 1044 3432 qui
1084 3368 1301 3431 propter
1328 3374 1486 3415 uuam
1513 3375 1693 3415 escam

103 3455 362 3508 vendidit
390 3453 861 3523 primogenituram
892 3450 1075 3525 (Hebr.
1108 3453 1195 3506 4‘2.
1228 3451 1356 3519 16);
1384 3460 1439 3505 et
1467 3465 1652 3505 mrsus
1672 3490 1690 3516 ,

101 3549 165 3601 Si
189 3548 506 3601 subtraxerit
529 3564 600 3610 se,
630 3562 731 3599 non
762 3546 973 3615 placebit
1014 3549 1199 3599 animle
1220 3545 1385 3613 mea(
1419 3543 1577 3599 Hebr.
1602 3542 1692 3599 10.

98 3640 218 3709 58).
254 3638 422 3708 Atqui
455 3638 590 3691 inter
620 3637 925 3692 Corinthios
968 3637 1180 3705 quidem
1210 3637 1359 3689 multi
1392 3647 1564 3699 erant,
1597 3634 1689 3705 qui

97 3730 338 3784 scortati
388 3728 627 3783 fuerant:
676 3737 953 3797 propterea
986 3727 1214 3791 dicebat,
1243 3724 1326 3780 Ne
1366 3728 1543 3779 iterum
1580 3742 1694 3778 cum

95 3840 288 3877 vertero
316 3826 390 3875 ad
416 3838 517 3888 vos,
544 3823 771 3876 humiliet
792 3838 870 3874 me
897 3820 1031 3873 Deus
1045 3833 1201 3885 meus,
1226 3831 1278 3873 et
1294 3820 1491 3891 lugeam
1510 3820 1694 3872 multos

94 3933 163 3969 ea:
182 3917 274 3980 iis,
306 3916 401 3984 qui
420 3926 565 3969 ardea
592 3925 947 3985 peccaverunt,
991 3925 1038 3967 et
1084 3930 1183 3966 non
1214 3924 1420 3982 egerunt
1448 3914 1692 3982 paeniten-

94 4009 229 4061 tiam
264 4024 424 4076 super
448 4007 766 4061 immunditia
808 4014 857 4059 et
894 4006 1228 4073 fornicatione
1266 4015 1313 4058 et
1351 4004 1689 4073 impudicitia.

92 4118 261 4169 mm
288 4110 552 4171 gesserunt
581 4099 668 4169 (2.
692 4099 810 4153 Cor.
838 4099 925 4154 12.
945 4099 1007 4153 91
1032 4097 1075 4171 ).
1110 4097 1175 4152 Ut
1210 4098 1339 4162 sitis,
1368 4098 1556 4167 inquit,
1585 4100 1694 4151 sine

90 4191 343 4262 querela,
402 4200 450 4244 et
486 4191 777 4260 simplices,-
836 4190 885 4243 id
936 4198 1049 4254 est,
1104 4189 1230 4243 nulli
1287 4188 1690 4257 reprehensioni

93 4283 359 4347 obnoxii,
388 4282 503 4351 puri
536 4291 695 4352 atque
724 4281 915 4353 integri
949 4300 961 4334 :
992 4296 1099 4336 non
1124 4282 1270 4336 enim
1300 4282 1467 4336 levem
1512 4296 1698 4335 maca»

91 4376 210 4428 iam
244 4374 863 4441 ita-ponitmurmuratio.
896 4373 1033 4440 Quid
1060 4381 1235 4428 autem
1254 4371 1533 4442 significat.
1562 4372 1691 4427 Sine

98 4468 556 4522 hesitationibus?
586 4480 762 4522 utrum
792 4469 987 4522 bonum
1010 4477 1113 4532 est,
1144 4483 1209 4522 an
1239 4468 1503 4522 minime?
1529 4466 1605 4522 Ne
1636 4467 1688 4521 in

90 4561 549 4631 disputationem,
573 4562 763 4631 inquit,
795 4577 907 4615 rem
936 4560 1235 4626 adducatis,
1270 4560 1480 4614 etiamsi
1511 4558 1687 4623 labor,

86 4654 326 4709 etiamsi
352 4655 586 4709 molestia
611 4656 681 4709 sit
704 4654 844 4723 quod
863 4654 1195 4724 proponitur.
1226 4653 1340 4707 Non
1355 4652 1514 4718 dixit,
1535 4651 1605 4709 Ut
1621 4668 1691 4709 ne

85 4745 444 4813 puniamini;
478 4746 561 4799 isti
591 4746 735 4800 enim
760 4745 838 4799 rei
868 4745 1187 4813 supplicium
1212 4755 1295 4798 est
1325 4744 1686 4813 propositum:

82 4837 244 4906 quod
300 4837 358 4890 in
407 4836 640 4905 Epistula
686 4836 751 4891 ad
796 4836 1103 4891 Corinthios
1146 4836 1426 4900 indicavit;
1462 4835 1558 4891 sed
1604 4835 1690 4889 hic

84 4930 233 4984 nihil
264 4930 537 4999 ejusmodi
558 4929 727 4993 dixit;
751 4929 868 4993 sed,
907 4929 973 4983 Ut
995 4931 1124 4993 sitis,
1150 4930 1330 4999 inquit,
1356 4930 1465 4983 sine
1481 4928 1690 4998 querela

79 5037 128 5078 et
163 5025 460 5094 simplices,
488 5026 584 5093 ﬁlii
622 5024 719 5079 Dei
742 5026 853 5079 sine
878 5025 1278 5094 reprehensione,
1311 5025 1363 5077 in
1402 5023 1566 5077 medio
1597 5039 1691 5075 no-

79 5118 251 5170 tionis
286 5132 466 5185 prmxe
491 5127 537 5170 et
570 5132 831 5185 perversis,
861 5117 991 5170 inter
1029 5133 1153 5186 quos
1178 5116 1353 5169 lucetis
1381 5115 1509 5169 sicut
1539 5114 1685 5168 lumi-

79 5210 244 5261 naria
291 5210 351 5261 in
397 5210 609 5275 mundo,
649 5209 853 5261 verbum
892 5209 1004 5262 eius
1028 5209 1333 5261 continentes
1373 5208 1441 5259 ad
1475 5207 1689 5277 gloriam

78 5326 262 5361 "rem
294 5309 353 5361 in
385 5306 518 5359 diem
555 5306 741 5360 Christi
770 5308 787 5376 (
812 5308 863 5361 1.
896 5305 1013 5360 Cor.
1049 5305 1137 5359 16.
1169 5306 1305 5374 10).
1340 5303 1498 5359 Vides
1540 5304 1688 5359 hosa

80 5401 264 5455 Paulo
319 5399 529 5451 institui
560 5412 631 5451 ne
657 5397 1104 5451 obmurmurent?
1133 5396 1225 5449 Est
1250 5396 1392 5449 enim
1434 5395 1597 5465 iniqui
1625 5409 1687 5449 ac

74 5492 297 5561 stupidi
329 5490 474 5541 servi
503 5489 931 5543 obmurmurare.
970 5488 1176 5556 Ecquis
1201 5488 1377 5549 enim,
1420 5486 1504 5540 die
1534 5486 1684 5548 mihi,

75 5586 233 5638 tilius
266 5592 387 5644 est,
415 5583 505 5650 qui
534 5581 587 5636 in
616 5581 769 5636 bonis
797 5582 1027 5649 paternis
1055 5580 1321 5643 laborans,
1368 5594 1429 5633 ac
1455 5577 1555 5633 sibi
1588 5578 1687 5647 ipsi

78 5679 348 5731 laborem
374 5674 611 5743 capiens,
634 5674 1036 5734 obmurmuret?
1062 5671 1267 5735 Cogita,
1288 5670 1476 5740 inquit,
1513 5680 1563 5726 te
1590 5671 1686 5725 tibi

74 5772 183 5839 ipsi
211 5772 500 5830 laborare,
521 5766 613 5821 tibi
636 5768 735 5837 ipsi
748 5767 1019 5836 colligere.
1036 5765 1250 5818 illorum
1267 5780 1397 5819 vero
1416 5766 1686 5834 preprium

73 5876 159 5922 est
191 5865 629 5920 obmurmurare
659 5858 746 5929 qui
776 5859 894 5913 aliis
920 5856 1315 5923 laborant,~aliis
1335 5855 1527 5911 sudant
1557 5872 1569 5907 :
1596 5850 1687 5922 qui

1831 683 1976 738 nulla
2021 684 2268 755 imposita
2312 688 2634 745 necessitate
2682 689 2824 757 facit,
2872 706 2969 746 cur
2995 691 3400 746 obmurmuratl

1829 776 2008 832 Satius
2052 788 2135 833 est
2176 779 2307 835 nihil
2347 795 2525 851 agere,
2571 796 2731 852 quam
2773 783 3155 839 murmurando
3197 798 3395 854 agere:

1827 885 1950 924 nam
1974 886 2029 925 et
2076 871 2177 927 hoc
2218 872 2417 941 ipsum,
2445 873 2585 943 quod
2626 873 2704 937 lit.
2736 875 2899 945 perit.
2942 877 3134 930 Annon
3164 875 3312 930 vides
3338 873 3395 928 in

1826 962 2069 1032 ipsismet
2094 964 2339 1020 domibus
2382 969 2582 1022 nostris
2620 966 2737 1023 hare
2779 968 2934 1023 nobis
2974 985 3191 1040 semper
3218 970 3271 1024 in
3298 983 3395 1023 ore

1824 1068 1945 1108 esse
1976 1071 1990 1107 :
2020 1054 2198 1111 Satius
2225 1064 2308 1111 est
2336 1056 2521 1111 istim
2546 1057 2765 1113 minime
2813 1058 2925 1114 ﬁeri
2947 1098 2964 1125 ,
2994 1074 3153 1129 quam
3179 1059 3396 1114 ohmun-

1823 1147 2084 1202 morando
2114 1148 2267 1203 ﬁeri?
2296 1164 2360 1204 ac
2403 1164 2546 1220 saepe
2573 1152 2839 1206 malumus
2882 1152 3199 1216 ministerio,
3248 1150 3392 1222 quod

1823 1238 1977 1293 nobis
1999 1240 2303 1307 exhibetur,
2332 1257 2518 1298 carere
2538 1284 2552 1307 ,
2593 1258 2753 1315 quam
2782 1253 3200 1299 murmurantern
3232 1245 3390 1299 lerre.

1820 1328 2009 1386 Gravis
2032 1332 2171 1387 enim
2202 1349 2310 1400 res,
2338 1335 2515 1405 gravis
2539 1344 2623 1391 est
2648 1337 3021 1401 marmoratio,
3039 1351 3103 1391 ac
3130 1350 3297 1406 prope
3321 1335 3390 1389 ad

1821 1421 2203 1492 blasphemiam
2249 1425 2497 1482 accedit:
2528 1427 2729 1497 alioqui
2772 1442 2869 1482 cur
2916 1435 3121 1481 tantum
3174 1426 3243 1480 de
3286 1426 3392 1479 illis

1819 1519 2061 1590 supplicii
2088 1530 2356 1590 sumptum
2376 1521 2592 1576 luisset?
2618 1522 2815 1576 Vitium
2846 1521 2982 1575 istud
3016 1520 3204 1589 ingrati
3224 1518 3392 1574 animi

1816 1619 1916 1663 est.
1946 1609 2047 1677 Qui
2071 1620 2386 1677 murmurat,
2417 1612 2655 1684 ingratus
2672 1621 2751 1667 est
2776 1627 2899 1681 enga
2924 1612 3087 1665 Deum
3112 1629 3126 1664 :
3150 1610 3240 1680 qui
3263 1624 3391 1663 vero

1815 1714 1938 1773 erga
1978 1703 2145 1763 Deum
2191 1709 2432 1773 ingratus
2455 1712 2557 1768 est,
2591 1705 2829 1773 proiecto
2858 1701 3201 1770 blasphemus
3225 1701 3389 1755 etiam

1814 1806 1917 1853 est.
1948 1797 2023 1851 Ac
2049 1810 2180 1852 sane
2204 1810 2271 1852 eo
2298 1796 2530 1851 maxime
2574 1806 2815 1865 tempore
2854 1796 3190 1850 continentes
3217 1803 3389 1848 tenta-

1816 1890 1988 1945 tiones
2011 1900 2186 1955 erant,
2226 1900 2283 1946 et
2327 1889 2625 1959 frequentia
2678 1889 2949 1959 pericula;
2992 1887 3135 1941 nulla
3161 1887 3388 1941 dabatur

1811 1985 2054 2053 requies,
2105 1984 2249 2040 nulla
2297 1984 2568 2049 cessatio;
2598 1984 2831 2054 undique
2860 1983 3270 2039 innumerabilia
3298 1981 3386 2036 in-

1808 2080 2071 2149 gruebant
2098 2080 2277 2136 maia:
2311 2094 2454 2136 nunc
2496 2094 2625 2137 vero
2650 2094 2860 2135 summa
2904 2093 3005 2150 pax
3034 2095 3097 2135 ac
3122 2078 3388 2150 tranquil-

1810 2170 1953 2226 litas.

1878 2263 1933 2320 3.
1974 2264 2161 2320 Contra
2202 2275 2596 2320 murmurantes.
2626 2292 2696 2313 οι-
2719 2265 2829 2321 Cur
2852 2265 3013 2336 igitur
3038 2277 3340 2319 mrmuras
3358 2264 3384 2318 ἳ

1806 2357 1946 2425 quod
1977 2371 2180 2427 pauper
2223 2357 2319 2412 es?
2363 2356 2464 2412 Joh
2494 2356 2644 2412 illum
2667 2358 2864 2426 cogita.
2908 2356 3090 2411 Morbo
3134 2354 3383 2410 laimrss?

1804 2451 1938 2520 Qlid
1963 2451 2122 2521 igitur
2146 2450 2366 2517 laceres,
2394 2452 2437 2505 si
2468 2461 2734 2506 tantonim
2760 2450 2854 2505 tibi
2882 2449 3143 2504 bonorum
3169 2460 3231 2502 ac
3251 2460 3381 2500 san-

1803 2553 1920 2597 ctus
1943 2543 2032 2597 ille
2059 2551 2432 2612 rectoremque
2457 2542 2716 2597 laetorum
2742 2542 3009 2605 conscius,
3054 2539 3107 2594 in
3128 2537 3377 2593 morbum

1805 2635 2126 2691 incidisses?
2154 2635 2361 2691 Rursus
2408 2636 2556 2691 illum
2609 2636 2806 2706 cogita,
2836 2634 2976 2704 quod
3026 2647 3121 2705 per
3164 2633 3377 2703 longum

1804 2738 2012 2797 tempus
2038 2738 2403 2798 perseveraret
2429 2744 2638 2785 vermes
2677 2729 2902 2799 pullans,
2930 2728 2982 2782 in
3008 2737 3243 2782 stercore
3279 2740 3378 2780 se-

1802 2820 1955 2888 dens,
1982 2821 2213 2876 scabiem
2241 2820 2457 2877 fricans.
2484 2820 2648 2875 Multo
2675 2830 2865 2886 autem,
2898 2818 3086 2890 inquit,
3114 2819 3372 2889 interjeao

1802 2922 2041 2982 tempore,
2059 2912 2191 2965 dixit
2222 2914 2289 2966 ad
2315 2929 2429 2967 eum
2453 2914 2633 2968 mulier
2657 2928 2674 2965 :
2704 2912 2972 2980 Quousque
2996 2912 3149 2964 uteris
3176 2910 3374 2979 patien-

1800 3006 1870 3057 tia
1894 3007 2007 3067 ista,
2022 3020 2083 3058 ac
2102 3021 2273 3076 perges
2291 3005 2475 3070 dicere,
2494 3006 2670 3058 Adhuc
2690 3005 2895 3073 paulum
2913 3003 3155 3071 quiddam
3182 3012 3374 3069 tempo-

1798 3098 1868 3151 ris
1895 3106 2123 3168 exspecto
2139 3096 2166 3152 .’
2191 3095 2285 3150 Dic
2329 3097 2529 3151 uerbum
2558 3096 2763 3165 aliquod
2785 3104 2960 3149 centra
2985 3093 3279 3157 Dominum,
3308 3106 3375 3146 ac

1798 3204 1988 3242 morere
2016 3187 2154 3260 (Job.
2180 3188 2235 3241 Ξ.
2265 3188 2345 3261 9).
2376 3191 2444 3242 At
2474 3187 2613 3244 ﬁlius
2640 3188 2732 3243 tibi
2762 3186 2933 3241 obiit?
2958 3185 3094 3254 Quid
3123 3185 3300 3255 igitur,
3327 3184 3374 3240 si

1798 3296 1985 3336 omnes
2013 3280 2303 3343 amisisses,
2332 3290 2386 3335 et
2428 3280 2618 3335 acerba
2644 3278 2857 3349 quidem
2891 3289 3086 3344 morte,
3115 3277 3373 3348 quorum-

1799 3372 2013 3426 modum
2050 3372 2176 3426 ille?
2201 3370 2381 3426 Nostis
2408 3372 2573 3439 enim,
2598 3372 2790 3437 nostis,
2812 3369 3048 3425 assidere
3070 3369 3373 3439 aagrotanti,

1796 3479 1858 3519 os
1896 3466 1975 3520 ori
2001 3464 2265 3529 conferre,
2307 3463 2493 3519 oculos
2517 3462 2787 3528 claudere,
2819 3472 3157 3519 contrectare
3184 3476 3370 3531 genas,

1796 3574 2042 3627 suprema
2088 3558 2274 3613 audire
2310 3557 2516 3622 'verba;
2546 3567 2800 3626 quantum
2841 3556 3012 3611 solatii
3066 3554 3271 3609 alienat.
3304 3554 3375 3608 At

1797 3652 1987 3706 borum
2038 3652 2183 3705 nullo
2226 3650 2473 3721 dignatus
2517 3658 2599 3703 est
2636 3650 2809 3717 justus
2862 3648 2983 3710 ille;
3035 3646 3131 3701 sed
3183 3657 3373 3699 omnes

1797 3743 1951 3796 simul
1981 3740 2158 3797 obruti
2182 3741 2563 3796 occubuerunt.
2596 3738 2663 3793 Et
2701 3737 2827 3808 quid
2872 3738 2985 3792 iure
3009 3736 3166 3790 dico?
3191 3736 3234 3789 si
3256 3735 3373 3804 ipse

1791 3834 1972 3903 jussus
1998 3845 2148 3888 esses
2174 3832 2337 3885 tilium
2366 3841 2513 3884 tuum
2538 3830 2864 3893 interimere,
2895 3838 2950 3883 et
2978 3828 3275 3886 immolare.
3310 3835 3366 3880 et

1797 3926 2132 3979 combustum
2168 3933 2435 3992 spectare,
2463 3930 2520 3975 ut
2546 3922 2732 3975 beatus
2760 3921 2847 3974 ille
2884 3919 3215 3990 patriarcha,
3244 3914 3373 3986 quid

1797 4015 2049 4070 fecisses?
2078 4014 2171 4067 ille
2208 4024 2384 4067 autem
2411 4023 2613 4082 quanto
2647 4012 2829 4065 animo
2858 4024 2912 4065 et
2938 4012 3109 4064 altare
3135 4009 3371 4064 mditica-

1796 4108 1906 4171 bat,
1932 4117 1987 4161 et
2037 4106 2174 4176 ligna
2203 4105 2547 4174 imponebat,
2588 4113 2644 4157 et
2670 4103 2835 4157 lilium
2864 4101 3102 4172 ligabat?
3131 4102 3200 4155 At
3239 4118 3371 4155 imu-

1798 4198 1928 4251 nnlli
1951 4205 2093 4259 sunt,
2126 4196 2215 4266 qui
2247 4204 2297 4250 te
2324 4194 2582 4249 conviciis
2608 4192 3022 4248 consectentur?
3046 4191 3180 4259 Quid
3206 4191 3372 4260 igitur

1797 4287 1891 4342 tibi
1921 4287 2082 4342 animi
2108 4295 2272 4351 esset,
2302 4286 2345 4339 si
2378 4286 2491 4339 hac
2511 4282 2697 4339 eadem
2721 4282 2789 4337 ab
2812 4282 3023 4348 amicis,
3051 4282 3141 4352 qui
3170 4296 3370 4335 conso-

1795 4377 2008 4433 lationis
2024 4391 2181 4429 causa
2200 4375 2559 4439 advenissent,
2578 4372 2788 4426 audires
2806 4370 2831 4423 'i
2848 4369 2980 4425 Nam
2994 4385 3135 4425 nunc
3156 4371 3369 4440 quidem

1796 4468 1961 4522 multa
1991 4467 2248 4521 habemus
2276 4474 2493 4536 peccata
2514 4506 2527 4529 ,
2554 4464 2785 4533 jurequc
2814 4463 3024 4533 probris
3051 4463 3318 4518 allieimur
3351 4480 3365 4515 :

1795 4570 1922 4616 tunc
1948 4575 2077 4615 vero
2116 4559 2204 4614 ille
2231 4573 2407 4621 verax,
2437 4556 2631 4627 justus,
2681 4554 2820 4624 pius,
2848 4555 2937 4625 qui
2966 4569 3090 4610 sese
3129 4555 3196 4609 ab
3219 4553 3369 4609 omni

1793 4654 2018 4728 crimine
2046 4651 2366 4715 abstinebat,
2398 4663 2552 4703 secus
2577 4649 2754 4702 omnia
2794 4648 2861 4703 ab
2888 4648 3072 4703 amicis
3096 4648 3366 4702 audiebat.

1794 4747 1930 4814 Quid
1964 4761 2108 4807 vero,
2134 4745 2223 4800 dic
2254 4743 2404 4804 mihi,
2426 4743 2470 4796 si
2503 4742 2780 4796 mulierem
2815 4741 3229 4811 exprobranlem
3259 4756 3361 4796 an—

1792 4843 1958 4909 dires,
1983 4858 2045 4897 ac
2069 4842 2353 4903 dicentem,
2384 4837 2498 4909 Ego
2524 4837 2669 4906 quasi
2720 4837 2941 4891 erratica
2970 4836 3202 4903 qude
3250 4851 3362 4887 mu-

1795 4941 1886 4993 lier
1905 4947 1951 4990 et
1997 4936 2192 5008 faumla
2220 4936 2387 4989 locum
2434 4948 2497 4986 ea:
2546 4931 2674 4995 loco,
2721 4930 2927 4984 domum
2969 4945 3033 4982 ea:
3068 4927 3217 4981 domo
3258 4928 3363 4979 cir-

1794 5046 2099 5090 cumcrrans,
2132 5028 2252 5081 solis
2279 5041 2510 5079 occasum
2539 5031 2851 5094 exspectans,
2880 5031 2993 5075 uta
3009 5019 3366 5074 όοιονὲὺριωκσ

1795 5122 2015 5190 undique
2040 5119 2377 5190 preumttibus
2399 5117 2705 5186 requiescam
2730 5113 2848 5185 (a)?
2891 5114 2997 5168 Cur
3034 5113 3132 5166 ista
3164 5112 3359 5178 inquis,

1795 5229 1828 5265 ο
1856 5212 2040 5265 διοιιόιι
2062 5212 2085 5263 ?
2110 5225 2233 5263 num
2263 5209 2448 5262 harum
2472 5220 2651 5261 rerum
2684 5206 2775 5259 tibi
2806 5216 2965 5258 causa
2990 5210 3075 5257 est
3100 5201 3223 5253 vir?
3244 5199 3363 5253 Non

1796 5308 1904 5367 ille,
1937 5305 2030 5359 sed
2061 5303 2325 5357 diabolus.
2374 5300 2490 5363 Dic,
2542 5299 2731 5367 inquit,
2772 5294 2971 5349 verbum
3011 5291 3216 5361 aliquod
3264 5291 3363 5343 adv-

1795 5414 1962 5454 versus
1986 5396 2277 5459 Dominum,
2307 5403 2353 5446 et
2382 5407 2593 5445 morere.
2623 5388 2811 5443 Itane?
2837 5387 2882 5440 si
2910 5384 3232 5439 decumbens
3258 5382 3363 5436 hoc

1796 5491 1994 5545 diceret
2026 5504 2090 5543 ac
2137 5496 2452 5549 moreretur,
2488 5484 2651 5537 tibine
2687 5479 2881 5535 melius
2918 5476 3093 5532 esset?
3121 5474 3235 5528 Non
3275 5484 3362 5527 est

1798 5583 2015 5635 morbus
2032 5579 2123 5634 illo
2141 5579 2376 5648 gravior,
2408 5576 2567 5630 etiam
2599 5575 2645 5628 si
2672 5578 2953 5626 sescentos
2976 5566 3185 5622 aliens.
3218 5565 3363 5622 Talis

1858 5737 2085 5801 (0)1l32c,
2106 5736 2163 5784 ad
2187 5733 2361 5805 librum
2384 5732 2487 5804 Jobi
2507 5728 2818 5841 gemmantia,
2846 5725 2943 5798 noli
2962 5727 3009 5774 in
3032 5722 3185 5773 Biblia
3203 5723 3370 5796 Latina

1858 5803 2049 5841 mirere
2072 5814 2082 5841 :
2110 5800 2157 5841 in
2182 5796 2332 5841 Eduis
2358 5807 2485 5841 enim
2552 5803 2689 5841 raucis
2714 5787 2946 5837 ithrtJobt
2966 5785 3111 5836 multa
3131 5785 3369 5841 allectum

1796 5785 2085 5862 inquirere;
2110 5800 2157 5845 in
2180 5795 2485 5862 Editisenim
2510 5785 2820 5862 Grmcis‘ltnri
2836 5787 2946 5862 .lobi
2966 5785 3111 5836 multa
3131 5785 3369 5862 adjectitia

1800 5850 2074 5920 u'étmnt,
2099 5871 2210 5922 quae
2234 5859 2282 5905 in
2307 5855 2519 5907 Hebrao
2541 5854 2663 5902 etin
2686 5850 2895 5912 Vulgata
2919 5862 3011 5900 non
3037 5850 3364 5903 reperiuntur.
