3974 6558
472 426 577 482 245

472 552 538 594 ac
566 549 745 596 tantus
764 552 898 607 erat,
930 554 983 596 ιιι
1016 558 1083 596 ne
1108 541 1251 595 domi
1296 538 1510 609 quidem
1537 552 1599 591 ac
1639 534 1740 588 sub
1768 542 1909 585 tecto
1933 542 2045 582 ma-

477 644 608 685 nere
649 643 827 701 posset
859 652 872 686 :
904 633 1024 686 talis
1063 641 1198 697 erat,
1256 639 1313 686 ut
1356 642 1545 684 omnes
1593 625 1904 680 deﬁcerent.
1935 620 2047 673 Non

477 725 644 789 enim,
687 726 729 778 si
759 725 919 779 ullam
967 725 1269 779 admisisset
1319 722 1661 785 medicinam,
1688 726 1837 772 extra
1864 714 2047 767 urbem

479 815 703 871 sedisset
736 817 988 871 deteriori
1015 816 1343 880 conditione,
1369 828 1527 884 quam
1572 811 1647 866 illi
1686 810 1774 880 qui
1798 805 2053 875 elephan-

483 906 599 958 tiasi
630 905 890 960 laborant.
917 906 1053 961 Nam
1080 906 1161 960 isti
1180 904 1393 975 quidem
1421 913 1477 958 et
1513 901 1703 956 domos
1743 897 1973 951 subeunt
2000 905 2054 948 et

484 997 621 1050 inter
646 1012 706 1051 se
730 1007 1158 1068 congregantur:
1195 998 1284 1053 ille
1312 1010 1444 1051 vero
1473 995 1574 1049 sub
1599 993 1689 1047 dio
1720 992 1771 1044 in
1814 999 2053 1044 stercore

485 1090 657 1145 nudus
696 1092 1064 1162 pernoctabat,
1121 1107 1184 1146 ac
1232 1107 1301 1145 ne
1345 1097 1548 1144 vestem
1572 1086 1785 1155 quidem
1832 1083 2056 1137 induere

485 1190 694 1249 poterat
726 1181 1035 1251 :quomodo
1081 1182 1270 1238 enim?
1304 1181 1431 1246 quin
1462 1179 1621 1233 etiam
1679 1176 1906 1229 fortasse
1942 1187 2060 1226 cre-

485 1272 649 1327 visset
672 1271 846 1326 dolor.
873 1271 1099 1338 Macero,
1130 1273 1319 1341 inquit,
1346 1271 1515 1341 glebas
1538 1278 1685 1322 terra:
1711 1269 1902 1322 saniem
1922 1263 2058 1316 scal-

487 1382 608 1434 pens
637 1365 655 1432 (
681 1363 779 1418 Job
810 1366 866 1419 7.
897 1366 994 1435 5).
1030 1366 1230 1420 Carnes
1278 1363 1441 1432 ipsius
1489 1360 1688 1415 saniem
1734 1373 1797 1411 ac
1853 1368 2062 1410 vermes

456 1455 887 1520 'scaturiebant,
935 1455 1093 1525 idque
1145 1453 1379 1508 assidue.
1435 1452 1612 1505 Sentis
1650 1464 1807 1519 quant
1837 1450 2063 1515 quisque

492 1556 732 1599 nostrum
762 1546 874 1599 hmc
900 1546 1123 1600 audiens
1147 1546 1443 1599 horrescat.
1471 1542 1622 1610 Quod
1664 1541 1708 1594 si
1735 1556 1795 1593 ea
1823 1548 1947 1592 sunt
1972 1553 2063 1590 au-

489 1634 602 1689 ditu
629 1635 1002 1699 intolerabilia,
1044 1646 1245 1707 quanto
1291 1635 1462 1704 magis
1498 1631 1789 1703 perpessu?
1816 1632 2064 1683 Attamen

492 1740 780 1795 perpessure
806 1735 888 1781 est
904 1725 1079 1795 justus
1107 1726 1197 1781 ille
1235 1742 1339 1780 non
1370 1740 1531 1779 unum
1577 1732 1670 1777 aut
1708 1722 1933 1776 alterum
1982 1719 2067 1774 vel

493 1818 711 1873 tertium
737 1819 900 1884 diem,
931 1819 1024 1874 sed
1055 1819 1276 1889 perdiu;
1308 1834 1407 1873 nec
1430 1818 1671 1887 peccavit
1695 1816 1980 1886 quidquam
2013 1815 2067 1869 in

495 1911 647 1966 labiis
684 1912 815 1967 suis.
867 1913 1098 1983 Ecquem
1131 1911 1430 1983 liujusmodi
1476 1912 1724 1965 morbum
1749 1918 1901 1980 potes
1940 1909 2069 1963 mihi

493 2001 707 2070 alferre,
736 2012 817 2059 tot
843 2003 1099 2059 refertum
1126 2004 1435 2059 doloribus?
1470 2018 1648 2057 annon
1695 2004 1795 2057 iste
1833 2002 2072 2057 caecitate

494 2093 733 2149 deterior
751 2106 864 2150 erat
890 2096 913 2150 τ
940 2095 1179 2151 Foetidos
1196 2097 1341 2151 enim
1362 2094 1535 2149 sentio
1555 2094 1702 2149 cibos
1726 2108 1875 2149 meos
1900 2108 2074 2164 neque

497 2184 600 2241 hoc
623 2187 818 2253 solum,
844 2187 938 2243 sed
962 2203 1133 2258 neque
1162 2188 1344 2251 etiam,
1374 2186 1514 2257 quod
1545 2187 1664 2241 aliis
1696 2186 1834 2242 solet
1858 2201 2071 2241 recrea-

500 2279 627 2332 tioni
656 2295 796 2344 esse,
821 2296 924 2336 nox
947 2291 1001 2337 et
1025 2295 1245 2337 somnus
1275 2280 1397 2336 huic
1421 2281 1707 2351 quidquam
1740 2279 1917 2335 solatii
1947 2278 2076 2334 affe-

500 2372 670 2437 rebat,
698 2373 793 2428 sed
837 2375 1029 2443 quovis
1072 2384 1341 2429 tormento
1380 2375 1595 2445 gravior
1637 2383 1794 2429 erat:
1827 2373 1983 2445 idque
2007 2390 2072 2428 ex

502 2464 670 2534 ipsius
693 2465 873 2520 verbis
907 2481 1195 2536 cognosce.
1227 2468 1332 2523 Cur
1363 2478 1518 2523 terres
1556 2486 1634 2522 me
1662 2484 1751 2539 per
1784 2470 2001 2532 somnia,
2030 2479 2079 2524 et

503 2572 591 2626 per
619 2557 833 2611 visiones
858 2573 1031 2612 errore
1070 2559 1337 2614 concutis?
1369 2557 1499 2615 Cum
1547 2560 1747 2613 advenit
1774 2560 2076 2629 diluculum,

474 2648 637 2721 .dico,
663 2648 879 2715 Quando
901 2650 1128 2705 adveniet
1154 2652 1401 2722 vespera(
1430 2652 1529 2706 Job
1554 2653 1605 2707 7.
1637 2653 1727 2707 Η.
1772 2652 1870 2724 4)2
1900 2655 1975 2707 Ac
2005 2662 2082 2707 tot

504 2742 769 2811 tantisque
818 2743 969 2797 malis
1009 2743 1231 2799 aﬁ‘ectus
1280 2761 1384 2800 non
1431 2746 1870 2800 obmurmuravit.
1900 2744 2083 2814 Neque

509 2846 639 2888 vero
667 2833 718 2888 id
746 2834 919 2889 solum
943 2835 1201 2890 molestia:
1228 2837 1399 2891 inerat
1423 2852 1439 2901 ;
1464 2836 1556 2892 sed
1583 2836 1743 2892 etiam
1763 2837 1897 2890 mala
1924 2852 2081 2905 quam

507 2924 661 2978 multi
683 2924 751 2978 de
776 2926 891 2993 ipso
918 2938 1275 2996 conceperant
1301 2928 1486 2997 opinio
1516 2946 1530 2982 :
1561 2943 1683 2982 nam
1709 2943 1777 2982 ex
1812 2928 2085 2982 calamita-

509 3014 668 3080 tibus,
692 3030 809 3084 quae
838 3016 908 3069 illi
938 3016 1263 3082 acciderant,
1288 3018 1779 3089 sexcentorumjam
1801 3020 2083 3074 criminum

508 3118 660 3159 reum
685 3106 1062 3161 existimabant
1095 3109 1273 3176 :quotl
1321 3119 1376 3163 et
1414 3110 1462 3165 ei
1503 3109 1747 3165 dicebant
1774 3111 1954 3173 amici,
1985 3110 2085 3165 Mi-

509 3213 641 3253 nora
691 3200 919 3268 peccatis
968 3204 1072 3255 tuis
1117 3202 1324 3273 ﬂagella
1378 3218 1567 3273 passus
1592 3220 1649 3257 es
1694 3205 1715 3274 (
1740 3202 1953 3258 Jabll.
1982 3202 2083 3277 6).

512 3291 866 3358 Quamobrem
894 3302 948 3346 et
974 3293 1086 3361 ipse
1109 3293 1340 3360 dicebat,
1374 3295 1437 3347 Et
1462 3306 1661 3349 monent
1696 3313 1775 3350 me
1802 3296 1964 3363 inﬁmi
1991 3297 2087 3350 Ito-

510 3386 692 3450 mines,
721 3402 843 3457 quos
872 3384 1079 3440 canibus
1107 3396 1365 3449 pastorum
1406 3403 1625 3440 meorum
1669 3388 1873 3441 minime
1910 3389 2089 3459 dignos

511 3475 872 3530 existimassem
912 3477 931 3546 (
959 3476 1057 3530 Job
1106 3476 1244 3531 30.l
1279 3476 1319 3547 ).
1351 3477 1491 3545 Quot
1533 3479 1791 3532 mortibus
1820 3495 1925 3533 non
1975 3490 2090 3535 erat

514 3566 651 3621 istud
678 3567 935 3637 gravius?
968 3568 1342 3623 Verumtamen
1372 3570 1532 3622 tantis
1566 3568 1799 3639 undique
1841 3570 2090 3626 ﬂuctibus

514 3674 753 3726 pressus,
784 3675 847 3714 ac
884 3670 988 3713 tam
1021 3675 1159 3713 saeva
1194 3659 1426 3728 undique
1464 3660 1743 3729 ingruente
1775 3672 2090 3731 tempestate

521 3750 573 3803 in
603 3750 793 3805 mediis
814 3751 1065 3816 nubibus,
1105 3751 1374 3820 procellis,
1408 3751 1740 3819 fulminibus,
1791 3755 2091 3811 turbinibus

513 3858 576 3896 ac
603 3843 891 3897 vorticibus
932 3852 1110 3898 manet
1153 3845 1265 3913 ipse
1294 3844 1563 3909 immotus,
1596 3846 1822 3901 in‘tanta
1862 3856 2076 3918 tamque

516 3936 659 4004 gravi
706 3945 1023 4003 tempestate
1048 3977 1062 3999 ,
1097 3936 1319 4005 perinde
1349 3946 1509 4006 atque
1538 3938 1588 3991 in
1622 3937 1831 4004 placido
1858 3941 2088 4008 quodam

522 4037 674 4096 portu
704 4027 915 4097 quietus
961 4027 1176 4091 sedens,
1226 4043 1396 4097 neque
1439 4029 1863 4083 obmurmuravit
1890 4049 1903 4084 :
1933 4040 2096 4101 atque

519 4120 635 4174 inec
663 4128 786 4176 ante
809 4120 991 4190 gratia:
1022 4130 1252 4190 tempus,
1275 4129 1559 4189 antequam
1589 4121 1656 4175 de
1678 4123 2090 4190 resurrectione,

523 4213 591 4267 de
610 4212 873 4282 gehenna,
903 4212 969 4267 de
991 4227 1167 4282 poena,
1196 4212 1263 4267 de
1288 4213 1550 4281 supplicio
1575 4212 1862 4283 quidquam
1892 4213 2093 4268 dictum

520 4314 682 4358 esset.
702 4302 808 4357 Nos
829 4318 975 4368 vero,
1002 4303 1091 4373 qui
1119 4311 1172 4355 et
1196 4301 1482 4373 prophetas
1506 4312 1560 4357 et
1578 4304 1850 4372 aposwlos
1872 4314 1927 4358 et
1945 4321 2099 4359 eVan-

520 4399 737 4467 gelistas
782 4397 1027 4451 audimus
1056 4438 1070 4461 ,
1110 4405 1166 4451 et
1218 4406 1469 4451 sexcenta
1522 4399 1790 4451 cernimus
1830 4399 2096 4467 exempla,

524 4500 680 4559 atque
710 4507 771 4544 ea
799 4532 814 4554 ,
848 4505 967 4559 qua:
995 4490 1446 4543 resurrectionem
1475 4488 1632 4542 nobis
1657 4488 1990 4556 exploratam
2021 4488 2099 4542 fa-

522 4583 1007 4648 ciunt,didicimus,
1034 4583 1207 4635 adhuc
1229 4597 1368 4651 mgre
1391 4581 1609 4636 ferimus
1640 4599 1654 4635 :
1679 4583 1917 4652 quamvis
1942 4598 2098 4638 nemo

525 4678 614 4742 sit,
647 4677 734 4745 qui
765 4685 840 4729 tot
865 4691 927 4729 ac
955 4685 1097 4729 tanta
1128 4675 1228 4729 sibi
1260 4676 1395 4728 mala
1422 4676 1681 4731 accidisse
1711 4686 1871 4745 queat
1894 4675 2094 4730 dicere.

527 4767 657 4823 Nam
686 4768 896 4820 tametsi
925 4768 1043 4836 quis
1068 4768 1324 4837 pecunias
1350 4768 1635 4832 amisit,_at
1681 4783 1787 4822 non
1833 4776 1912 4821 tot
1962 4766 2101 4822 ﬁlios

529 4858 801 4926 ﬁliasque;
830 4872 892 4911 ac
920 4858 963 4911 si
993 4858 1191 4923 amisit,
1222 4857 1444 4913 fortasse
1468 4859 1609 4929 quod
1645 4860 1941 4927 peccaverit
1966 4876 1979 4913 :
2012 4859 2102 4915 ille

527 4963 657 5001 vero
688 4958 907 5016 repente
945 4948 996 5002 in
1025 4947 1214 5002 mediis
1238 4949 1532 5013 sacriﬁciis,
1559 4949 1651 5004 illo
1682 4951 1798 5019 ipso
1829 4960 2088 5019 tempore.

529 5041 657 5095 dum
682 5042 979 5096 deserviret
1007 5051 1060 5096 et
1087 5042 1288 5096 cultum
1321 5043 1577 5097 tribueret
1606 5044 1735 5098 Deo.
1766 5043 1916 5109 Quod
1963 5043 2006 5097 si
2037 5045 2097 5096 li-

532 5134 654 5199 lios,
685 5150 746 5188 ac
775 5134 988 5189 divitias
1031 5135 1187 5189 simul
1215 5144 1386 5188 tantas
1406 5176 1421 5198 ,
1452 5135 1590 5204 quod
1625 5135 1706 5188 vix
1738 5134 1855 5189 ﬁeri
1888 5144 2095 5204 potest;

527 5235 583 5279 at
610 5242 713 5280 non
739 5242 835 5296 per
877 5236 1047 5279 totum
1075 5241 1272 5295 corpus
1297 5226 1564 5280 ulceribus
1588 5234 1758 5279 scatet
1788 5240 1852 5279 ac
1895 5226 2097 5279 saniem

528 5316 772 5371 eﬂundit.
799 5316 950 5382 Quod
972 5318 1014 5370 si
1039 5317 1141 5372 hoc
1164 5331 1375 5387 quoque
1398 5357 1415 5381 ,
1441 5326 1496 5369 at
1522 5331 1627 5369 non
1657 5315 1974 5369 insultantes
2002 5330 2100 5368 na-

529 5418 649 5463 ctus
670 5418 752 5463 est
775 5420 935 5479 atque
972 5411 1355 5479 exprobrantes
1386 5426 1401 5462 :
1431 5408 1571 5478 quod
1601 5408 1817 5477 quidem
1862 5410 2098 5463 omnium

529 5501 760 5556 maxime
786 5517 884 5557 nos
914 5518 1147 5573 pungere
1191 5503 1486 5567 consuevit,
1530 5503 1804 5571 magisque
1830 5518 1985 5570 quam
2015 5518 2103 5557 ca-

533 5590 801 5647 lamitates
847 5594 995 5661 ipsae.
1026 5592 1260 5655 Etenim,
1308 5592 1353 5647 si
1382 5592 1468 5646 ubi
1514 5592 1566 5645 in
1611 5592 1767 5646 malis
1796 5592 1987 5647 adsunt
2014 5594 2101 5662 qui

534 5698 635 5738 nos
658 5686 999 5740 consolentur
1023 5700 1086 5740 ac
1126 5685 1363 5740 dolorem
1393 5685 1615 5748 leniant,
1648 5684 1920 5754 bonasque
1950 5686 2102 5741 nobis

530 5790 655 5843 spes
682 5777 935 5846 injiciant,
970 5789 1145 5833 tamen
1173 5777 1308 5832 adeo
1346 5776 1638 5847 frangimur
1677 5786 1839 5846 atque
1866 5776 2099 5831 animum

531 5864 926 5938 dospondemus
952 5888 962 5924 :
993 5870 1164 5940 cogita
1191 5879 1445 5941 quantum
1500 5867 1629 5925 illud
1675 5867 1869 5936 fuerit,
1903 5884 2099 5941 expro-

1176 425 1236 481 S.
1274 419 1549 477 JOANNIS
1583 413 2059 474 CIIRYSOSTOMI
2097 411 2415 469 ARCHIEP.
2442 411 2969 470 CONS'I'ANTINOP.

3626 418 3735 474 εις

2156 526 2376 582 brantes
2402 527 2617 584 habere.
2639 529 2695 585 Si
2729 531 2881 593 illud,
2912 530 3149 586 Sustinui
3172 529 3258 599 qui
3284 530 3444 585 simul
3468 532 3734 585 contrista-

2154 628 2312 684 retur,
2340 629 2387 673 et
2429 623 2687 693 nonfuit;
2736 633 2781 676 et
2813 624 2902 694 qui
2941 623 3305 689 consolaretur,
3337 635 3386 677 et
3423 641 3525 678 non
3570 624 3741 678 inveni

2157 708 2330 777 (Psal.
2362 711 2451 765 68.
2480 712 2595 783 2f),
2628 729 2792 782 grave
2821 725 2981 784 atque
3005 715 3342 771 intolerabile
3370 726 3487 770 erat
3523 734 3538 771 :
3565 730 3738 786 quan-

2157 814 2269 856 tutn
2299 804 2513 859 tandem
2545 807 2668 860 mali
2705 808 2807 862 erit
2836 822 2935 877 pro
2971 808 3375 863 consolantibus
3418 808 3659 863 incidere
3685 808 3738 863 in

2157 896 2585 963 exprobrantes:
2616 896 2988 965 Consolatores,
3030 900 3221 970 inquit,
3269 901 3523 955 malorum
3568 918 3741 956 omnes

2159 984 2303 1057 (Job.
2332 986 2523 1059 16.2).

2230 1078 2285 1132 4.
2316 1077 2370 1132 Si
2408 1078 2523 1133 hmo
2551 1080 2762 1136 assidue
2788 1097 3140 1149 versaremus,
3166 1083 3212 1139 si
3240 1084 3354 1140 hrec
3381 1100 3627 1141 essemus
3647 1101 3743 1140 ra-

2163 1168 2428 1233 tiocinati,
2466 1170 2612 1224 nulla
2657 1186 2788 1228 sane
2832 1175 3172 1243 prtesentium
3213 1191 3392 1231 rerum
3429 1176 3620 1231 dolore
3647 1192 3745 1231 nos

2162 1258 2459 1325 affecisset,
2488 1263 2541 1315 in
2573 1262 2724 1317 illum
2753 1265 3023 1320 intuentes
3047 1267 3334 1334 athletam,
3365 1268 3415 1322 in
3447 1268 3746 1323 adamanti-

2166 1367 2286 1404 nam
2318 1352 2461 1406 illam
2489 1354 2752 1420 animam,
2780 1357 2830 1410 in
2860 1367 3092 1412 mentem
3136 1359 3279 1413 illam
3317 1376 3525 1414 amcam
3547 1370 3603 1415 et
3627 1378 3744 1431 qua:

2167 1442 2333 1514 frangi
2377 1461 2481 1499 non
2514 1458 2691 1514 posset
2720 1466 2734 1501 :
2770 1450 2987 1517 perinde
3014 1452 3163 1521 quasi
3192 1468 3366 1519 :erco,
3407 1454 3491 1507 vel
3538 1454 3747 1523 lapideo

2168 1548 2392 1603 corpore
2415 1537 2773 1593 circumdatus
2793 1550 2956 1605 esset,
2986 1542 3054 1596 ita
3081 1544 3255 1597 omnia
3279 1560 3544 1615 generose
3570 1561 3632 1601 ac
3660 1562 3749 1616 pa-

2170 1627 2363 1681 tienter
2385 1627 2606 1684 ferebat.
2632 1630 2757 1686 llaic
2778 1634 3093 1703 cogitantes,
3115 1636 3292 1690 omnia
3317 1638 3435 1692 sine
3458 1654 3751 1694 murmura.

2170 1717 2404 1772 tionibus
2430 1729 2589 1790 atque
2623 1721 2959 1779 haesitatione
3001 1725 3275 1781 faciamus.
3316 1728 3447 1782 Boni
3479 1730 3745 1801 quidpiam

2170 1807 2332 1875 facis,
2374 1824 2436 1864 ac
2469 1814 2807 1867 murmuras?
2843 1817 2977 1869 cur?
3016 1833 3139 1871 num
3183 1817 3322 1874 forte
3360 1820 3610 1890 imposita
3658 1823 3747 1876 tibi

2172 1902 2463 1956 necessitas
2491 1904 2616 1957 est?
2652 1904 2805 1971 Novi,
2836 1907 3029 1976 inquit,
3057 1910 3273 1973 multos,
3302 1912 3392 1981 qui
3423 1914 3626 1967 circum
3657 1930 3749 1968 vos

2173 2003 2318 2059 sunt,
2349 2010 2445 2048 vos
2468 2011 2606 2065 pene
2630 2011 2824 2067 cogere
2854 2010 2909 2052 ut
2937 2002 3279 2056 murmuretis
3305 2002 3433 2072 (hoc
3459 2007 3604 2059 enim
3631 2006 3754 2059 sub-

2175 2086 2373 2142 indicat
2397 2089 2502 2143 illis
2524 2090 2722 2155 verbis,
2748 2090 2815 2145 In
2841 2092 3008 2147 medio
3036 2094 3255 2149 nationis
3282 2112 3452 2166 prome
3477 2108 3527 2151 et
3552 2114 3753 2165 ρεπεν-

2175 2180 2269 2249 εω)
2295 2197 2308 2232 :
2335 2188 2390 2233 at
2410 2180 2512 2236 hoc
2537 2181 2749 2237 demum
2778 2182 3091 2239 admirabile
3120 2195 3222 2249 est,
3246 2201 3419 2256 neque
3444 2187 3606 2242 etiam
3631 2203 3754 2244 cum

2179 2272 2429 2341 pungaris
2452 2282 2613 2343 atque
2643 2260 2933 2345 impellaris
2950 2317 2967 2342 ,
2991 2291 3059 2331 eo
3083 2275 3301 2333 adduci.
3338 2277 3475 2334 Nam
3498 2288 3557 2334 et
3582 2279 3756 2336 sidera

2179 2365 2233 2421 in
2260 2376 2416 2422 nocte
2440 2366 2661 2437 fulgent,
2691 2368 2744 2421 in
2773 2368 3008 2424 tenebris
3034 2369 3298 2436 emicant;
3325 2378 3641 2442 tantumque
3664 2372 3758 2426 ab.

2176 2468 2297 2523 est,
2322 2467 2382 2512 ut
2402 2458 2559 2512 ullam
2587 2460 2991 2527 pulchritudinis
3016 2475 3127 2515 sum
3160 2461 3423 2531 jacturam
3451 2462 3679 2528 faciant,
3701 2472 3760 2519 ut

2179 2548 2541 2617 splendidiora
2562 2550 2721 2605 etiam
2743 2562 3034 2622 appareant
3053 2571 3067 2608 :
3086 2552 3175 2608 ubi
3192 2554 3332 2608 enim
3355 2554 3443 2609 lux
3460 2554 3758 2625 advenerit,

2182 2657 2290 2696 non
2326 2657 2480 2712 teque
2522 2652 2802 2713 apparent.
2842 2642 2916 2699 ita
2954 2644 3115 2699 etiam
3138 2653 3216 2710 tu,
3238 2645 3286 2700 si
3311 2645 3455 2701 inter
3476 2661 3759 2717 perversos

2184 2735 2429 2792 homines
2471 2744 2649 2792 rectus
2688 2738 2979 2803 manseris,
3016 2737 3220 2793 lucebis
3256 2739 3460 2810 magis,
3497 2738 3761 2811 longeque

2184 2828 2549 2883 admirabilius
2589 2829 2691 2883 erit
2735 2830 2851 2884 sine
2890 2829 3306 2898 reprehensione
3343 2845 3484 2886 esse.
3527 2830 3671 2902 Ergo
3697 2847 3762 2886 ne

2188 2920 2289 2975 hoc
2311 2919 2556 2985 afferant,
2589 2935 2859 2991 occupans
2892 2921 3004 2989 ipse
3039 2920 3089 2974 id
3116 2921 3312 2975 attulit.
3334 2921 3472 2989 Quid
3496 2931 3601 2985 est,
3635 2921 3761 2974 Ver-

2186 3013 2304 3066 bum
2341 3014 2457 3068 vita:
2500 3013 2848 3067 continentes?
2891 3011 2944 3066 Id
2979 3023 3086 3077 est,
3124 3012 3212 3082 qui
3249 3014 3315 3066 ad
3353 3013 3517 3067 vitam
3556 3016 3762 3068 venturi

2186 3107 2338 3171 estis,
2365 3106 2455 3176 qui
2482 3120 2550 3160 ex
2574 3119 2796 3160 numero
2819 3120 3003 3160 eorum
3030 3105 3181 3170 estis,
3208 3104 3294 3175 qui
3321 3105 3545 3159 salutem
3569 3120 3764 3160 conse-

2189 3211 2440 3270 quuntur.
2483 3198 2621 3254 Vide
2665 3213 2824 3268 quam
2869 3200 3123 3252 continuo
3159 3197 3445 3267 subiecerit
3487 3198 3709 3267 pnetnia
3746 3217 3761 3253 :

2190 3292 2516 3358 Luminaria,
2544 3290 2737 3360 inquit,
2764 3290 3026 3345 rationem
3054 3305 3116 3344 ac
3144 3290 3440 3345 facultatem
3479 3290 3617 3344 lucis
3640 3305 3767 3344 ροη-

2190 3385 2382 3438 tinent.
2408 3381 2547 3449 Quid
2581 3389 2685 3447 est,
2725 3380 2935 3435 Verbum
2964 3382 3118 3435 vim?
3146 3381 3339 3435 Semen
3378 3381 3500 3434 vitae
3537 3380 3590 3433 in
3619 3381 3767 3435 vobis

2193 3474 2429 3541 habetis,
2475 3473 2578 3527 hoc
2618 3481 2730 3538 est,
2758 3474 2976 3543 pignora
3015 3482 3072 3527 et
3104 3487 3288 3527 semen
3317 3475 3438 3527 vita:
3473 3472 3765 3526 habentes:

2192 3569 2296 3623 hoc
2323 3576 2477 3623 vocat
2512 3569 2732 3623 verbum
2766 3569 2909 3622 vitze.
2940 3568 3076 3636 Ergo
3103 3569 3282 3622 cmteri
3308 3582 3496 3621 omnes
3531 3568 3769 3622 mortui:

2196 3665 2246 3718 id
2271 3666 2411 3719 enim
2437 3662 2613 3717 verbis
2640 3662 2754 3716 istis
2780 3663 3031 3717 indicavit
3059 3679 3072 3715 :
3100 3663 3334 3730 alioquin
3359 3670 3412 3715 et
3435 3661 3527 3716 alii
3548 3662 3768 3716 verbum

2195 3757 2316 3810 vita:
2350 3755 2758 3809 continuissent.
2799 3754 2878 3807 Ad
2912 3754 3156 3825 gloriam,
3187 3753 3388 3823 inquit,
3420 3770 3605 3807 meam.
3638 3752 3772 3821 Quid

2197 3847 2300 3902 hoc
2322 3858 2403 3901 est
2423 3848 2446 3898 ?
2470 3846 2538 3900 Et
2562 3862 2681 3916 ego,
2707 3846 2895 3915 inquit,
2924 3846 3183 3915 particeps
3210 3859 3328 3900 sum
3352 3856 3654 3900 vestrorum
3680 3845 3773 3900 bo-

2197 3954 2409 3994 norum.
2432 3938 2598 3993 Tanta
2621 3947 2703 3993 est
2728 3948 2899 3991 vestra
2931 3937 3118 4003 virtus,
3142 3948 3196 3990 ut
3219 3952 3322 3991 non
3350 3938 3523 3991 solum
3548 3937 3772 3991 salutem

2198 4030 2286 4085 det
2314 4030 2464 4083 vobis
2488 4071 2503 4096 ,
2532 4028 2625 4082 sed
2656 4045 2739 4082 tne
2766 4028 2923 4083 etiam
2949 4026 3149 4082 clarum
3177 4026 3353 4082 faciat.
3380 4027 3639 4096 Quaenam
3666 4029 3773 4098 glo-

2199 4123 2298 4186 ria,
2324 4138 2356 4175 ο
2382 4121 2532 4176 beate
2562 4121 2761 4176 Paule?
2793 4121 3036 4192 Flagellis
3060 4121 3304 4189 czederis,
3322 4122 3633 4191 expelleris,
3651 4138 3775 4176 con-

2201 4214 2432 4269 tumeliis
2465 4212 2694 4267 afﬁceris
2731 4222 2911 4266 nostra
2939 4227 3096 4268 causa
3126 4230 3139 4265 :
3172 4223 3448 4283 proluerea
3477 4214 3680 4283 inquit,
3709 4214 3773 4266 lu

2202 4306 2332 4358 diem
2364 4305 2570 4369 Christi,
2597 4305 2716 4375 quia
2746 4319 2847 4357 non
2876 4306 2929 4357 in
2956 4320 3169 4357 vacuum
3188 4305 3406 4367 cucurri,
3430 4322 3589 4374 neque
3616 4307 3670 4359 in
3702 4322 3775 4358 M-

2201 4415 2351 4450 cuum
2390 4398 2613 4451 laboravi
2635 4413 2654 4460 ;
2680 4397 2774 4450 sed
2804 4411 3015 4465 semper
3044 4407 3125 4450 est
3155 4397 3294 4450 unde
3334 4397 3531 4465 glorier
3560 4413 3649 4452 me
3674 4412 3772 4451 non

2203 4493 2395 4547 frustra
2428 4492 2746 4547 cucurrisse.
2777 4491 2863 4544 l7.
2891 4489 2995 4543 Sed
3039 4490 3133 4543 etsi
3183 4490 3433 4543 immolor.
3463 4490 3577 4543 Non
3606 4490 3771 4552 dixit,

2204 4586 2363 4639 etiam
2387 4584 2432 4639 si
2455 4583 2680 4638 moriar:
2702 4582 3145 4653 quemadmotlutn
3166 4598 3335 4651 neque
3353 4581 3417 4634 ad
3438 4580 3773 4636 Timotheum

2203 4678 2478 4741 scribens;
2512 4691 2633 4729 nam
2661 4687 2712 4729 et
2744 4674 2815 4728 ibi
2848 4674 3033 4729 eadem
3060 4674 3207 4733 dicit.
3238 4674 3348 4743 Ego
3375 4674 3505 4726 enim
3534 4676 3651 4743 jam
3679 4675 3773 4725 int-

2204 4771 2367 4823 molor
2394 4768 2469 4839 (2.
2503 4767 2633 4820 Tim.
2664 4768 2717 4821 4.
2748 4766 2837 4835 6);
2874 4768 3063 4834 partim
3109 4767 3391 4821 consolans
3434 4767 3553 4820 illos
3587 4768 3656 4819 de
3684 4780 3773 4821 sua

2205 4860 2371 4930 ipsius
2392 4869 2584 4924 morte,
2610 4861 2799 4928 partim
2827 4860 3107 4913 instituens
3129 4867 3185 4911 ut
3206 4867 3429 4912 mortem
3453 4873 3548 4927 pro
3568 4857 3777 4912 Christo

2205 4951 2479 5005 moderate
2523 4950 2711 5005 ferant.
2744 4950 2964 5004 Victima
2985 4991 2999 5013 ,
3030 4950 3227 5019 inquit,
3258 4949 3498 5019 quaedam
3526 4958 3579 5003 et
3609 4950 3776 5003 hostia
3828 4964 3829 4967 ‘

2205 5043 2393 5098 evado.
2421 5043 2466 5097 Ο
2494 5043 2698 5096 beatam
2737 5043 3003 5096 animam!
3036 5042 3273 5095 llostiam
3302 5053 3457 5095 vocat
3496 5041 3777 5095 institutio-

2180 5151 2328 5196 _ttem
2370 5135 2596 5189 illorum.
2632 5133 2794 5186 Multo
2836 5133 3003 5186 satius
3034 5132 3308 5185 immolare
3339 5132 3591 5195 animam,
3623 5146 3774 5199 quam

2212 5229 2399 5280 bovem
2431 5226 2726 5279 immolare.
2759 5224 3095 5293 Quapropter
3120 5224 3163 5277 si
3202 5225 3253 5277 in
3284 5223 3384 5278 hoc
3410 5222 3671 5277 sacriﬁcio
3697 5236 3778 5274 mo

2209 5319 2379 5387 ipsum
2423 5316 2724 5378 tradidero,
2769 5315 2970 5384 inquit,
3009 5314 3159 5384 quasi
3199 5315 3501 5378 victimam;
3543 5312 3775 5382 gaudeo,

2208 5412 2414 5479 inquit,
2444 5408 2511 5464 de
2554 5423 2670 5462 mea
2712 5413 2885 5462 morte
2914 5425 2927 5460 :
2955 5407 3057 5462 hoc
3086 5407 3227 5461 enim
3261 5407 3360 5460 ista
3389 5406 3547 5460 verba
3586 5404 3783 5475 signitio

2207 5513 2352 5566 cant,
2383 5501 2556 5570 Supra
2578 5501 2882 5568 sacri/icium
2905 5509 2950 5553 et
2975 5500 3263 5569 obsequium
3284 5498 3401 5567 ﬁdei
3429 5507 3624 5558 uestra,
3649 5513 3779 5566 gau-

2208 5594 2302 5646 deo
2322 5602 2367 5646 et
2393 5595 2714 5663 cougratulor
2742 5591 2971 5644 omnibus
2995 5591 3130 5645 vobis
3154 5606 3174 5643 :
3204 5591 3289 5645 18.
3309 5591 3527 5659 idipsum
3546 5598 3713 5641 autem
3738 5596 3782 5639 et

2210 5701 2296 5738 vos
2338 5686 2551 5754 gaudete
2591 5694 2636 5737 et
2680 5683 3097 5752 congratulamini
3147 5682 3290 5735 mihi.
3321 5680 3457 5749 Quid
3495 5688 3780 5748 caus-ratu-

2210 5779 2378 5832 laris?
2402 5777 2560 5832 Vides
2586 5777 2855 5849 quomodo
2877 5777 3123 5832 ostendat
3146 5775 3481 5846 gaudendum
3505 5772 3609 5828 illis
3628 5769 3783 5826 esse?

2210 5869 2428 5927 Gaudeo
2457 5871 2632 5942 igitur,
2666 5870 2853 5940 inquit,
2885 5885 2970 5925 me
3000 5869 3229 5924 libamen
3266 5866 3374 5923 ﬁeri
3396 5882 3415 5934 ;
3444 5862 3782 5935 congratulot'
