3878 6508
155 395 260 450 253

153 601 245 654 καὶ
275 603 353 665 εἰς
390 601 566 664 οίκίας
592 601 814 668 εἰσίασι,
845 605 940 656 καὶ
971 603 1425 671 συναγελάζονται
1452 603 1719 676 ἀλλήλοις·

149 692 356 753 ἐκεῖνος
410 691 465 744 δέ
510 690 722 762 αἴθριος
765 690 1197 762 διανυκτερεύων
1239 693 1334 746 ἐπὶ
1363 693 1462 762 τῆς
1494 693 1725 764 κοπρίας

147 781 383 850 γυμνὸς,
427 780 548 833 οὑδὲ
599 782 814 850 ἱμάτιον
863 780 1254 853 περιϐαλέσθαι
1301 781 1554 852 ἠδύνατο.
1597 781 1722 848 Πῶς

147 873 290 945 γάρ;
324 875 449 938 ἴσως
481 873 549 927 ἂν
579 875 674 926 καὶ
705 872 1008 946 προσετέθη
1062 872 1226 942 ἄλγος
1272 876 1394 936 ταῖς
1441 873 1718 942 ἀλγηδόσι.

154 967 321 1035 Τήκω
343 967 447 1037 γάρ
470 965 758 1032 ,βώλακας
781 965 914 1036 γῆς,
945 966 1131 1036 φησὶν,
1160 966 1278 1020 ἀπὸ
1309 967 1521 1036 ἰχῶρος
1545 968 1716 1032 ξέων.

159 1055 383 1126 ’ἰχῶρας
413 1055 559 1125 αὑτῴ
583 1057 638 1110 αί
674 1057 874 1126 σάρκες
904 1055 996 1108 καὶ
1029 1055 1316 1126 σκώληκας
1361 1056 1590 1120 ἔτικτον,
1627 1059 1721 1112 καὶ

142 1149 308 1201 τοῦτο
353 1149 634 1220 διηνεκῶς.
663 1149 825 1221 Ὁρᾷς
881 1147 999 1211 πῶς
1045 1147 1274 1211 ἕκαστος
1335 1148 1490 1218 ἡμῶν
1543 1154 1721 1222 ναρκᾷ

141 1237 320 1292 ταῦτα
369 1237 616 1300 ἀκούων;
661 1239 724 1291 Εἰ
769 1238 825 1291 δὲ
872 1235 1101 1290 ἀκοῦσαι
1135 1239 1236 1290 οὑκ
1281 1238 1481 1291 ἀνεκτά
1521 1239 1715 1306 ταῦτα,

143 1333 274 1384 ίδεῖν
304 1331 536 1395 ἀνεκτά;
574 1332 636 1384 EI
667 1331 726 1384 δὲ
772 1332 897 1384 ίδεῖν
925 1332 1026 1384 οὑκ
1057 1330 1280 1395 ἀνεκτά,
1308 1330 1488 1401 πολλῷ
1520 1331 1717 1402 μᾶλλον

139 1423 354 1478 παθεῖν.
412 1424 552 1478 Ἀλλ’
577 1424 726 1494 ὅμως
755 1424 956 1477 ἔπαθεν
996 1426 1024 1477 ὀ
1071 1423 1300 1487 δίκαιος,
1329 1423 1424 1477 καὶ
1466 1425 1566 1478 οὑκ
1623 1422 1717 1478 ἐπὶ

137 1515 233 1568 δύο
264 1517 479 1587 ἡμέρας
504 1514 537 1585 ἢ
566 1517 736 1586 τρεῖς,
765 1514 880 1567 ἀλλ’
916 1516 1008 1568 ἐπὶ
1039 1515 1212 1586 χρόνῳ
1252 1514 1451 1586 πολλῷ,
1483 1516 1578 1569 καὶ
1618 1517 1716 1588 οὑχ

137 1603 412 1675 ἥμαρτεν,
443 1603 561 1656 οὑδὲ
606 1605 663 1656 ἐν
710 1607 822 1667 τοῖς
873 1604 1109 1674 χείλεσιν
1154 1603 1338 1658 αὑτοῦ.
1376 1605 1540 1658 Ποίαν
1572 1604 1716 1675 ἔχεις

139 1712 234 1763 μοι
268 1693 525 1764 τοιαύτην
564 1694 715 1748 νόσον
757 1695 951 1754 εἰπεῖν,
983 1693 1175 1758 ὀδύνας
1211 1693 1442 1764 ἔχουσαν
1471 1694 1670 1758 πολλάς
1697 1711 1712 1757 ;

137 1783 444 1856 πηρώσεως
473 1785 582 1858 γὰρ
610 1785 670 1838 οὑ
700 1789 878 1857 χεῖρον
907 1784 1063 1840 τοῦτο
1087 1781 1184 1856 ἦν;
1211 1785 1417 1856 Βρόμον
1445 1786 1553 1856 γὰρ
1579 1786 1711 1856 ὁρῶ,

135 1879 301 1948 φησὶ,
335 1879 400 1931 τὰ
430 1878 547 1932 σῖτά
581 1895 704 1950 μου.
736 1877 846 1930 Καὶ
884 1877 1005 1931 οὑδέ
1043 1876 1202 1931 τοῦτο
1243 1877 1424 1947 μόνον,
1449 1878 1564 1931 ἀλλ’
1594 1877 1714 1931 οὑδὲ

131 1969 162 2021 ὃ
211 1971 330 2031 τοῖς
371 1968 547 2033 ἄλλοις
581 1968 888 2031 ἀνάπαυσίς
936 1969 1084 2021 ἐστιν
1129 1970 1163 2038 ἡ
1211 1967 1308 2033 νὺξ
1335 1967 1430 2021 καὶ
1459 1969 1488 2021 ὁ
1526 1968 1712 2033 ὕπνος,

128 2059 296 2112 ’τοῦτο
341 2059 533 2129 ἐκείνῳ
565 2057 916 2130 παραμυθίαν
958 2058 1079 2110 τινά
1122 2057 1337 2130 ἔφερεν,
1369 2057 1506 2111 ἀλλά
1552 2059 1713 2128 χαλε-

135 2151 362 2222 πωτέρα
390 2146 458 2220 ἦν
488 2151 668 2221 πάσης
703 2150 955 2219 βασάνου.
991 2148 1102 2203 Καὶ
1138 2148 1305 2203 ἄκουε
1334 2149 1503 2225 αὑτοῦ,
1533 2150 1717 2218 λέγον-

135 2263 224 2315 τος
243 2261 260 2274 ·
296 2246 435 2300 Ἵνα
457 2245 514 2297 τί
543 2261 614 2310 με
642 2241 844 2312 φοϐεῖς
869 2242 1195 2308 ἐνυπνίοις,
1221 2241 1318 2294 καὶ
1355 2242 1426 2295 ἐν
1455 2242 1716 2312 ὁράμασί

127 2353 202 2406 με
221 2334 718 2402 καταπλήσσειςς
747 2333 888 2388 Ἐὰν
909 2331 1149 2401 γένηται
1175 2333 1342 2400 πρωῒ,
1367 2333 1538 2401 λέγω,
1563 2335 1715 2388 Πότε

129 2427 400 2496 ἐσπέρα;
431 2427 541 2481 Καὶ
585 2427 811 2481 τοιαῦτα
859 2426 1084 2496 πάσχων
1135 2425 1237 2479 οὑκ
1286 2427 1605 2496 ἐγόγγυσεν.
1637 2427 1712 2481 Οὑ

128 2520 290 2574 τοῦτο
325 2521 382 2574 δὲ
417 2519 573 2590 μόνον
617 2515 686 2591 ἦν
727 2519 788 2573 τὸ
825 2518 1019 2583 δεινὸν,
1053 2519 1190 2574 ἀλλά
1226 2523 1322 2574 καὶ
1350 2523 1383 2593 ἠ
1417 2523 1568 2593 παρὰ
1603 2523 1714 2577 τῶν

130 2611 350 2667 πολλῶν
395 2611 610 2684 πονηρά
639 2611 762 2677 δόξα
786 2628 801 2643 ο
831 2611 906 2676 ὡς
931 2613 1039 2684 γὰρ
1067 2613 1278 2685 μυρίων
1317 2614 1499 2686 ἔνοχον
1531 2615 1714 2670 κακῶν

127 2700 280 2776 εἶχον
305 2704 514 2771 λοιπὸν,
543 2707 636 2775 ἀφ’
665 2700 739 2759 ὧν
766 2705 993 2776 ἔπασχε.
1021 2706 1191 2762 Τοῦτο
1217 2706 1350 2777 γοῦν
1381 2711 1474 2763 καὶ
1496 2712 1546 2764 οἱ
1571 2712 1714 2780 φίλοι

127 2799 282 2870 αὑτῷ
305 2798 511 2868 ελεγονο
533 2799 648 2852 Οὑκ
674 2799 799 2866 ἄξια
821 2793 896 2853 ὧν
922 2799 1254 2872 ἡμάρτηκας
1277 2819 1341 2872 με
1350 2803 1710 2874 μαστίγωσαι.

129 2891 222 2944 Διδ
251 2894 355 2944 καὶ
382 2890 545 2955 αὑτὸς
571 2890 727 2960 ἔλεγε
745 2907 760 2922 ο
780 2891 890 2945 Καὶ
914 2893 1272 2948 νουθετοῦσί
1286 2911 1364 2964 με
1377 2893 1710 2966 ἐλάχιστοι,

128 2983 238 3050 οὓς
283 2985 402 3038 οὐκ
444 2984 653 3049 ἀξίους
684 2982 1008 3052 ἡγησάμην
1042 2983 1243 3039 κυνῶν
1286 2984 1405 3038 τῶν
1435 2987 1592 3056 ἐμῶν
1615 3007 1714 3042 νο-

123 3075 360 3145 μάδων.
394 3077 580 3129 Πόσων
600 3074 757 3128 τοῦτο
787 3075 1030 3131 θανάτων
1055 3074 1281 3148 [ἒϐηοὺ
1311 3079 1523 3150 χεῖρον;
1554 3079 1714 3134 Ἀλλά

127 3167 378 3238 τοσούτῳ
404 3166 633 3221 κλύδωνι
656 3167 917 3221 πάντοθεν
947 3167 1292 3238 βαλλόμενος,
1324 3170 1417 3224 καὶ
1451 3170 1712 3226 πάντοθεν

127 3261 429 3333 αἰρομένου
448 3261 540 3314 τοῦ
559 3260 822 3331 χειμῶνος
851 3260 1108 3331 χαλεποῦ,
1125 3263 1460 3331 συννεφείας,
1478 3263 1642 3335 ζάλης
1659 3277 1709 3333 ι,

133 3353 422 3423 σκηπτῶν,
455 3351 692 3421 ίλίγγων,
723 3353 1038 3422 στροϐίλων,
1062 3352 1253 3424 ἔμενεν
1281 3355 1442 3419 αὑτὸς
1463 3356 1708 3428 ἀκλινὴς,

129 3446 395 3517 καθάπερ
436 3448 493 3498 ἐν
539 3446 747 3518 γαλήνῃ
795 3446 1096 3517 καθήμενος
1138 3447 1215 3518 τῷ
1241 3447 1469 3502 κλύδωνι
1493 3449 1572 3520 τῷ
1597 3467 1713 3502 τοσ-

128 3539 298 3609 ούτῳ,
334 3538 414 3609 τῷ
441 3537 580 3592 οὕτω
605 3537 843 3609 χαλεπῷ,
864 3541 957 3592 καὶ
978 3539 1077 3592 οὑκ
1100 3539 1364 3608 ἐγόγγυσε
1384 3558 1399 3575 ’
1427 3541 1522 3594 καὶ
1543 3541 1712 3595 ταῦτα

130 3625 241 3695 πρὸ
268 3625 376 3694 τῆς
419 3625 658 3696 χάριτος,
691 3625 819 3696 πρὶν
847 3625 879 3696 ἣ
908 3627 1035 3696 περὶ
1064 3627 1412 3691 άναστάσεὼς
1439 3645 1492 3681 τι
1517 3628 1713 3699 λεχθῆ-

131 3732 243 3776 ναι,
270 3713 408 3784 πρὶν
438 3713 470 3784 ἢ
494 3714 620 3784 περὶ
639 3713 862 3783 γεέννης
893 3713 988 3766 καὶ
1014 3713 1284 3777 κολάσεως
1305 3714 1398 3768 καὶ
1421 3715 1710 3785 τιμωρίας.

141 3801 349 3872 Ἡμεῖς
380 3800 436 3852 δέ
468 3801 562 3853 καὶ
590 3799 885 3872 προφητῶν
929 3801 1024 3854 καὶ
1068 3800 1378 3855 ἀποστόλων
1420 3802 1516 3854 καὶ
1549 3803 1713 3872 εὑαγ-

130 3887 408 3956 γελιστῶν
453 3889 758 3955 ἀκούοντες,
789 3890 882 3942 καὶ
923 3888 1093 3960 μυρία
1142 3889 1375 3960 ὁρῶντες
1417 3891 1714 3961 παραδείγ-

134 3995 315 4048 ματα,
350 3979 444 4030 καὶ
503 3978 628 4040 τοὺς
659 3979 786 4048 περὶ
813 3978 1162 4041 ἀναστάσεως
1213 3977 1474 4048 μαθόντες
1500 3978 1713 4048 λόγους,

132 4065 486 4136 ἀσχάλλομεν
519 4064 619 4127 ἔτι,
654 4064 833 4118 καίτοι
861 4065 1036 4128 οὐδεὶς
1067 4065 1133 4118 ἂν
1168 4064 1281 4135 ἔχοι
1333 4065 1511 4135 λέγειν
1541 4065 1714 4137 ἑαυτῷ

131 4152 382 4206 τοσαῦτα
433 4153 888 4224 συμπεπτωκότα.
920 4154 983 4206 Εἰ
1034 4153 1142 4225 γάρ
1192 4155 1288 4207 καὶ
1332 4155 1588 4225 χρήματά
1629 4172 1715 4220 τις

133 4241 449 4303 ἀπώλεσεν,
480 4240 594 4293 ἀλλ’
619 4239 681 4294 οὑ
715 4239 913 4304 παῖδας
943 4240 1038 4293 καὶ
1083 4240 1383 4311 θυγατέρας
1429 4241 1713 4308 τοσαύτας,

134 4331 236 4381 καὶ
262 4331 317 4382 εἰ
349 4327 644 4392 ἀπώλεσεν,
670 4327 800 4390 ἴσως
819 4327 1080 4399 ἁμαρτών
1099 4345 1111 4359 ο
1143 4330 1348 4392 ἐκεῖνος
1377 4327 1434 4382 δέ
1461 4329 1717 4400 ἐξαίφνης

140 4421 202 4470 ἐν
231 4419 426 4489 μέσαις
443 4421 560 4482 ταῖς
588 4418 822 4484 θυσίαις,
849 4419 904 4470 ἐν
937 4417 1079 4488 μέσῃ
1105 4419 1172 4488 τῇ
1202 4417 1469 4489 θεραπείᾳ
1493 4421 1558 4489 τῇ
1581 4419 1716 4490 πρὸς

143 4506 244 4558 τὸν
273 4505 408 4558 Θεόν
429 4521 444 4535 ·
466 4506 558 4558 καὶ
584 4506 634 4558 εί
661 4506 857 4568 παῖδας
884 4505 976 4559 καὶ
1009 4506 1267 4576 χρήματα
1296 4504 1430 4575 ὁμοῦ
1459 4506 1712 4570 τοσαῦτα,

142 4596 293 4664 ὅπερ
328 4593 604 4658 ἀδύνατον,
631 4595 746 4648 ἀλλ’
772 4595 892 4664 οὑχὶ
923 4595 1016 4648 καὶ
1045 4595 1259 4666 ἤλκωτο
1290 4594 1596 4658 διαπαντὸς,
1625 4597 1718 4650 καὶ

144 4682 364 4753 ἰχῶρας
388 4681 536 4746 ἐξεεν
554 4700 570 4716 ο
616 4683 664 4735 εί
693 4683 750 4735 δὲ
780 4682 873 4735 καὶ
905 4683 1080 4748 τοῦτο,
1112 4681 1230 4736 ἀλλ’
1254 4683 1374 4752 οὑχὶ
1397 4685 1523 4746 τοὺς
1555 4684 1718 4754 ἐπεμ-

136 4771 438 4834 ϐαίνοντας
464 4768 573 4844 εἶχε
609 4771 708 4823 καὶ
740 4769 1120 4834 ὀνειδίζοντας’
1152 4771 1288 4842 ὅπερ
1318 4770 1552 4839 μάλιστα
1582 4774 1717 4825 πάν-

137 4875 252 4910 των
309 4857 527 4911 δάκνειν
570 4858 718 4928 ἡμᾶς
765 4856 1033 4929 εἴωθεν,ἢ
1087 4859 1142 4912 αἱ
1191 4857 1483 4930 συμφοραί.
1512 4860 1572 4912 Εἰ
1609 4861 1718 4930 γὰρ

134 4947 271 5004 τοὺς
305 4945 762 5015 παρακαλοῦντας
793 4944 1007 5016 ἔχοντες
1035 4949 1092 4998 ἐν
1119 4947 1232 5008 τοῖς
1265 4949 1452 5010 κακοῖς
1485 4949 1578 5000 καὶ
1612 4965 1717 5002 πα-

138 5033 602 5107 ραμυθουμένους
635 5035 730 5088 καὶ
760 5035 982 5098 ἐλπίδας
1013 5037 1144 5106 ἡμῖν
1182 5035 1562 5099 ὑποτείνοντας
1587 5054 1719 5107 χρη-

139 5122 302 5186 στὰς,
363 5121 538 5186 οὕτως
585 5121 838 5192 ἀλύομεν,
877 5123 1128 5193 ἐννόησον
1169 5123 1222 5176 τί
1263 5118 1329 5194 ἦν
1370 5123 1719 5188 ὀνειδίζοντας

140 5210 313 5281 ἔχειν.
355 5211 419 5265 Εἰ
449 5210 529 5276 τὸ,
559 5211 871 5282 ’Υπέμεινα
899 5213 1428 5282 συλλυπούμενον,
1462 5214 1560 5267 καὶ
1607 5215 1718 5283 οὐχ

139 5296 429 5367 ὑπῆρξε,
473 5297 572 5352 καί
611 5299 1150 5368 παρακαλοῦντας,
1204 5300 1302 5354 καὶ
1355 5303 1466 5371 οὐχ
1519 5297 1718 5369 εὗρον,

137 5386 322 5440 δεινὸν
371 5386 468 5440 καὶ
508 5386 801 5457 ἀφόρητον,
840 5388 902 5440 τὺ
951 5388 1072 5441 ἀντὶ
1113 5388 1218 5441 τῶν
1270 5389 1721 5460 παρακαλούντων

138 5474 522 5539 ὀνειδίζοντας
570 5476 748 5546 εὑρεῖν
789 5476 952 5530 πόσον
997 5477 1192 5544 κακόν;
1248 5480 1719 5548 Παρακλήτορες,

141 5563 304 5634 φησὶ,
342 5561 547 5616 κακῶν
574 5562 813 5629 πάντες.

207 5813 241 5846 ⁸
263 5810 500 5874 CoisIIn.,
523 5811 732 5877 χαλεποῦ
753 5813 833 5863 καὶ
858 5813 1076 5873 τοσαύτης
1100 5815 1253 5874 ζάλης.

1051 395 1122 450 IN
1155 393 1377 450 EPIST.
1420 395 1508 449 ΔΙ)
1547 394 1834 452 PHILIPP.
1867 399 2018 458 CAP.
2061 401 2126 457 II.
2168 402 2400 464 IIOMIL.
2427 405 2557 463 VIII.

149 507 260 563 τῶν
282 505 534 576 ἐλέφαντι
560 508 941 582 κατεχομένων
976 511 1172 582 χείρων
1196 510 1291 565 ὧν.
1306 505 1462 566 Οὗτοι
1493 512 1590 581 μὲν
1615 511 1722 580 γὰρ
1791 571 1794 574 ,

3284 410 3392 468 9.“

1894 516 1958 570 δ’.
1981 516 2046 569 Et
2064 518 2236 573 ταῦτα
2249 520 2541 585 διαπαντὸς
2567 520 2923 592 ἐστρέφομεν,
2946 523 2994 576 εἰ
3018 518 3190 578 ταῦτα
3210 524 3392 595 ἐλογι-

1819 603 2046 675 ζόμεθα,
2077 609 2177 662 οὑκ
2217 611 2285 664 ἂν
2313 613 2459 681 ἡμᾶς
2494 612 2731 684 ἐλύπησέ
2765 630 2818 666 τι
2846 613 2954 667 τῶν
2981 615 3280 684 παρόντων,
3311 618 3392 681 είς

1819 697 2024 753 ἐκεῖνον
2067 699 2310 770 ὁρῶντας
2349 702 2441 755 τὸν
2469 702 2731 774 ἀθλητὴν,
2775 706 2856 767 είς
2894 703 2994 776 τὴν
3024 705 3392 778 ἀδαμαντίνην

1794 785 2018 857 ψυχὴν,
2051 791 2129 852 είς
2153 788 2251 860 τὴν
2284 792 2500 864 ἀρραγῆ
2530 793 2627 846 καὶ
2649 791 2875 862 χάλκεον
2902 793 3138 849 διάνοιαν
3161 813 3174 825 ·
3205 795 3392 867 ὥσπερ

1818 879 1926 948 γὰρ
1964 878 2201 953 χαλκοῦν
2242 881 2274 951 ἦ
2317 882 2518 936 λίθινον
2571 885 2948 955 περικείμενος
2999 885 3180 954 σῶμα,
3231 887 3392 950 αὑτὸς

1820 969 2038 1024 ᾶπαντα
2084 971 2246 1044 ἔφερε
2276 973 2540 1040 γενναίως
2563 976 2656 1028 καὶ
2693 975 3054 1046 καρτερικῶς.
3089 977 3272 1030 Ταῦτα
3301 979 3391 1031 ἐν-

1819 1059 2096 1124 νοοῦντες,
2153 1063 2333 1117 πάντα
2382 1063 2626 1134 ποιῶμεν
2689 1066 2856 1136 χωρὶς
2911 1068 3241 1136 γογγυσμῶν
3298 1067 3393 1122 καὶ

1816 1149 2200 1222 διαλογισμῶν.
2257 1156 2436 1218 Ποιεῖς
2474 1172 2526 1207 τι
2566 1156 2788 1223 ἀγαθὸν,
2824 1156 2918 1208 καὶ
2960 1157 3276 1224 γογγύζεις;
3303 1159 3392 1212 διὰ

1817 1241 1899 1304 τί;
1955 1234 2170 1316 ἀνάγκη
2223 1246 2330 1316 γάρ
2370 1265 2454 1300 σοι
2509 1248 2818 1313 ἐπίκειται;
2863 1246 3026 1312 Οἶδα,
3089 1251 3272 1319 φησιν,
3307 1251 3390 1304 ὃτι

1818 1334 2004 1387 πολλοὶ
2028 1336 2256 1406 πλησίον
2277 1338 2304 1378 δ
2323 1339 2721 1407 ἀναγκάζουσιν
2739 1341 2884 1410 ὑμᾶς
2906 1340 3195 1408 γογγύζειν
3215 1341 3392 1409 (τοῦτο

1814 1424 1923 1495 γὰρ
1951 1425 2190 1496 ᾐνίξατο,
2227 1428 2392 1482 εἰπὼν
2424 1430 2505 1496 τὸ,
2546 1430 2650 1483 Ἐν
2673 1430 2839 1499 μέσῳ
2879 1430 3080 1500 γενεᾶς
3136 1431 3390 1499 σκολιᾶς

1813 1516 1913 1567 καὶ
1943 1515 2433 1590 διεστραμμένης)
2455 1539 2470 1552 ·
2495 1521 2629 1575 ἀλλά
2652 1521 2812 1574 τοῦτό
2837 1524 2952 1574 ἐστι
2969 1523 3030 1575 τὸ
3055 1522 3388 1592 θαυμαστὸν,

1813 1605 1873 1657 τὸ
1902 1607 1993 1658 καὶ
2023 1609 2486 1681 παρακνιζὸμενον
2516 1612 2680 1681 μηδὲν
2718 1613 2944 1683 πάσχειν
2973 1613 3232 1667 τοιοῦτον.
3283 1615 3392 1667 Καὶ

1811 1695 1920 1765 γὰρ
1944 1699 1992 1749 οἱ
2020 1699 2247 1770 ἀστέρες
2279 1702 2336 1754 ἐν
2384 1703 2540 1755 νυκτὶ
2572 1703 2899 1773 λάμπουσιν,
2944 1705 3002 1757 ἐν
3055 1705 3230 1776 σκότῳ
3260 1706 3386 1775 φαί-

1813 1805 1904 1841 νου
1912 1807 1984 1854 σι,
2005 1792 2098 1844 καὶ
2114 1792 2264 1844 οὑδέν
2278 1810 2300 1846 ε
2312 1793 2358 1856 ίς
2371 1793 2434 1846 τὸ
2448 1796 2647 1847 οἰκεῖον
2666 1794 3147 1866 παραϐλάπτονται
3163 1797 3385 1860 κάλλος.

1811 1881 1948 1936 ἀλλά
1970 1883 2062 1936 καὶ
2089 1882 2454 1956 λαμπρότεροι
2481 1885 2760 1955 φαίνονται
2788 1903 2800 1916 ·
2832 1888 2959 1940 ὅταν
2990 1887 3047 1940 δὲ
3071 1889 3185 1957 φῶς
3207 1883 3263 1960 ᾖ,
3285 1889 3385 1958 οὑχ

1809 1971 1952 2026 οὕτω
1984 1973 2287 2042 φαίνονται.
2328 1975 2482 2030 Οὕτω
2528 1977 2623 2030 καὶ
2669 1977 2755 2044 σὺ,
2806 1978 2934 2031 ὅταν
2985 1979 3123 2046 μετὰ
3161 1978 3390 2033 σκολιῶν

1809 2064 1905 2126 ὢν,
1930 2065 2092 2129 εὐθὺς
2125 2065 2316 2139 μένῃς,
2350 2065 2548 2138 μᾶλλον
2573 2069 2918 2138 ἀπολάμπεις
2944 2084 2958 2097 ’
2992 2069 3052 2122 τὸ
3077 2068 3391 2140 θαυμαστὸν

1807 2154 1967 2208 τοῦτό
1996 2157 2134 2221 ἐστι,
2171 2155 2321 2229 [262]
2350 2157 2410 2212 τὸ
2444 2159 2766 2229 ἀμέμπτους
2807 2159 3081 2229 γενέσθαι.
3121 2162 3241 2214 Ἱνα
3279 2159 3392 2232 γὰρ

1811 2243 1887 2315 μὴ
1913 2244 2072 2298 τοῦτο
2103 2246 2323 2316 λέγωσι,
2359 2247 2646 2320 προλαϐὼν
2671 2250 2832 2314 αὑτὸς
2859 2250 3018 2304 τοῦτο
3048 2250 3279 2306 τέθεικε.
3314 2251 3383 2304 Τί

1809 2337 1948 2404 ἐστι,
1979 2337 2176 2406 Λόγον
2213 2337 2363 2406 ζωῆς
2393 2340 2716 2410 ἐπέχοντες
2734 2357 2753 2405 ;
2785 2342 3067 2409 Τουτὲστι,
3101 2342 3388 2412 μέλλοντες

1809 2426 2094 2497 ζήσεσθαι,
2125 2429 2234 2483 τῶν
2268 2429 2593 2500 σωζομένων
2617 2432 2790 2496 ὄντες.
2833 2433 2975 2502 Ὅρα
3019 2433 3137 2497 πῶς
3186 2433 3390 2498 εὑθέως

1807 2517 1990 2588 τίθησι
2020 2519 2088 2574 τά
2118 2519 2348 2574 ἔπαθλα·
2382 2522 2460 2594 Οζ
2475 2521 2782 2593 φωστῆρες,
2819 2522 2975 2592 φησι,
3009 2521 3170 2591 λόγον
3210 2522 3388 2592 φωτὸς

1808 2611 2098 2682 ἐπέχουσιν
2123 2627 2138 2644 ⁸
2173 2613 2333 2682 ὑμεῖς
2364 2612 2522 2682 λόγον
2553 2613 2718 2686 ζωῆς.
2741 2615 2807 2667 Τί
2827 2615 2963 2678 ἐστι,
2987 2614 3184 2685 Λόγον
3201 2612 3388 2684 ζωῆς;

1809 2704 2041 2776 Σπέρμα
2085 2705 2231 2776 ζωῆς
2286 2705 2536 2776 ἔχοντες,
2593 2705 2871 2759 τουτέστιν
2895 2748 2910 2773 ,
2965 2705 3198 2778 ἐνέχυρα
3241 2705 3390 2778 ζωῆς

1810 2795 2061 2866 ἔχοντες,
2123 2796 2294 2868 αὑτὴν
2358 2797 2682 2868 κατέχοντες
2735 2796 2833 2868 τὴν
2887 2795 3032 2868 ζωὴν
3057 2837 3072 2863 ,
3115 2797 3384 2865 τουτέστι,

1810 2890 2031 2960 σπέρμα
2072 2887 2216 2958 ζωῆς
2249 2889 2306 2940 ἐν
2338 2889 2466 2958 ὑμῖν
2504 2887 2719 2960 ἔχοντες
2743 2904 2756 2919 ·
2788 2887 2946 2941 τοῦτο
2990 2887 3160 2955 λέγει,
3190 2891 3390 2961 Λόγον

1809 2979 1981 3048 ζωῆς.
2014 2982 2156 3050 ’Λρα
2186 2974 2281 3033 οὖν
2315 2980 2366 3032 οἱ
2397 2980 2545 3033 ἄλλοι
2593 2981 2797 3042 πάντες
2828 2978 3013 3050 νεκροί
3034 2997 3049 3012 ο
3085 2979 3242 3034 τοῦτο
3274 2981 3384 3052 γάρ

1807 3072 1977 3126 εἰπὼν
2006 3072 2180 3137 οὑτως
2209 3074 2495 3144 ἐδήλωσεν·
2528 3073 2562 3143 ἢ
2594 3073 2702 3144 γὰρ
2731 3072 2797 3126 ἂν
2831 3073 2924 3126 καὶ
2947 3075 2997 3126 οί
3037 3073 3184 3127 ἄλλοι
3229 3073 3387 3142 λόγον

1807 3158 1953 3230 ζωῆς
1999 3162 2237 3230 ἐπεῖχον.
2277 3163 2379 3228 El;
2422 3162 2702 3230 καύχημα
2748 3160 2899 3228 ἐμοὶ,
2959 3161 3110 3231 φησί.
3169 3161 3236 3214 Τί
3268 3163 3386 3214 ἐστι

1805 3251 1996 3316 τοῦτο;
2029 3253 2138 3304 Καὶ
2169 3251 2279 3320 ἐγὼ
2309 3251 2570 3315 κοινωνῶ,
2611 3252 2766 3322 φησὶ,
2798 3251 2906 3304 τῶν
2941 3246 3219 3325 ὑμετέρων
3249 3254 3386 3322 ἀγαο

1807 3345 1934 3400 θῶν.
1970 3345 2216 3416 Τοσαύτη
2265 3345 2480 3415 ὑμῶνή
2520 3343 2710 3413 ἀρετὴ,
2762 3341 2836 3404 ὡς
2887 3341 2962 3413 μὴ
3004 3343 3148 3413 ὑμᾶς
3190 3343 3387 3408 σώζειν

1809 3435 1989 3508 μόνον,
2025 3437 2158 3491 ἀλλὰ
2215 3437 2310 3490 καὶ
2347 3436 2448 3505 ἐμὲ
2503 3434 2756 3505 λαμπρὸν
2805 3438 3000 3489 ποιεῖν.
3057 3436 3214 3488 Ποῖον
3247 3433 3384 3488 καύ-

1807 3549 1976 3604 χημα.
2008 3525 2052 3584 ὧ
2081 3531 2316 3600 μακάριε
2351 3528 2565 3593 Παῦλε;
2601 3528 2876 3599 Μαστίζῃ,
2921 3527 3142 3598 ἐλαύνῃ,
3182 3526 3386 3600 ὑϐρίζῃ

1806 3624 1872 3678 δι’
1899 3625 2043 3694 ἡμᾶς
2070 3639 2084 3654 ·
2130 3622 2217 3675 διά
2267 3621 2422 3673 τοῦτό
2467 3636 2650 3691 φησιν,
2684 3622 2789 3684 EI;
2833 3619 3060 3689 ’ἡμέραν
3103 3618 3380 3686 Χριστοῦ,

1809 3715 1899 3768 ὅτι
1925 3714 2035 3767 οὐκ
2061 3715 2148 3778 είς
2175 3711 2372 3776 κενὸν,
2405 3712 2590 3781 φησιν,
2619 3709 2896 3779 ἔδραμον,
2920 3708 3063 3763 οὐδὲ
3089 3711 3176 3776 είς
3204 3709 3385 3762 κενὸν

1809 3806 2107 3860 ἐκοπίασα
2134 3822 2148 3836 ·
2180 3804 2298 3857 ἀλλ’
2327 3804 2413 3857 ἀεὶ
2444 3802 2552 3872 ἔχω
2594 3801 2925 3871 καυχᾶσθαι,
2970 3801 3152 3870 φησὶν,
3192 3800 3274 3852 ὅτι
3318 3799 3382 3852 οὑ

1813 3897 1988 3968 μάτην
2017 3896 2268 3966 ἔδραμον.
2305 3894 2458 3948 Ἀλλ’
2487 3895 2538 3946 εὶ
2567 3893 2663 3946 καί
2691 3890 3042 3960 σπένδομαι.
3073 3892 3186 3945 Οὑκ
3207 3887 3382 3956 εἶπεν,

1821 3987 1962 4042 Ἀλλ’
1995 3988 2043 4039 εἰ
2074 3986 2166 4039 καὶ
2185 3984 2535 4055 ἀποθνήσκω,
2571 3982 2758 4055 ὥσπερ
2801 3983 2921 4035 οὑδὲ
2949 3980 3199 4051 Τιμοθέῳ
3239 3980 3380 4052 γρά-

1814 4094 1930 4145 φων
1955 4092 1970 4108 ⁸
2007 4076 2105 4129 καὶ
2153 4075 2262 4146 γὰρ
2311 4075 2406 4127 καὶ
2459 4073 2574 4127 ἐκεῖ
2606 4072 2684 4144 τῷ
2721 4071 2868 4143 αὑτῷ
2919 4071 3184 4142 κέχρηται
3215 4071 3383 4142 λόγῳ,

1810 4169 2004 4238 λέγων,
2045 4168 2194 4238 Ἐγὼ
2246 4168 2356 4238 γὰρ
2389 4165 2506 4234 ἤδη
2552 4165 2884 4235 σπένδομαι
2913 4179 2928 4195 ο
2975 4167 3070 4218 καὶ
3117 4180 3379 4235 παραμυ-

1815 4261 2078 4332 θούμενος
2117 4259 2315 4322 αὑτοὺς
2366 4259 2458 4311 ἐπὶ⁵
2489 4259 2554 4327 τῇ
2605 4256 2782 4326 οἰκείᾳ
2825 4255 3068 4325 τελευτῇ,
3119 4256 3213 4308 καλ⁸
3254 4271 3384 4308 παι-

1810 4352 1977 4406 δεύων
2016 4351 2268 4420 ἀσμένως
2304 4349 2491 4419 φέρειν
2534 4348 2626 4400 τὸν
2661 4346 2800 4417 ὑπὲρ
2851 4344 3086 4416 Χριστοῦ
3126 4345 3376 4399 θάνατον.

1813 4444 2021 4513 Ὥσπερ
2063 4441 2263 4513 σπονδὴ
2296 4441 2390 4493 καὶ
2417 4439 2594 4500 θυσία,
2636 4439 2789 4508 φησὶ.
2828 4438 3072 4506 γίνομαι.
3105 4436 3171 4507 Ὦ
3206 4452 3380 4510 μακα-

1812 4535 1933 4606 ρίας
1967 4533 2174 4604 mag!
2218 4530 2406 4585 θυσίαν
2453 4529 2609 4582 καλεί
2647 4528 2745 4598 τὴν
2779 4525 3144 4598 προσαγωγὴν
3176 4526 3376 4582 αὑτῶν.

1816 4627 1957 4698 Ἀρα
1979 4623 2158 4696 πολλῷ
2185 4624 2391 4695 βέλτιον
2421 4621 2515 4674 τοῦ
2549 4620 2674 4692 βοῦς
2707 4621 3092 4691 προσενεγκεῖν
3111 4619 3173 4671 τὸ
3203 4617 3380 4690 ψυχὴν

1815 4719 2217 4790 προσενεγκεῖν.
2256 4717 2356 4769 “Av
2385 4715 2564 4768 τοίνυν
2614 4713 2747 4782 πρὸς
2787 4715 2852 4783 τῇ
2894 4712 3180 4782 προσφορᾷ
3207 4710 3380 4784 ταύτῃ

1815 4813 1911 4866 καὶ
1937 4810 2171 4881 ἐμαυτὸν
2202 4807 2388 4870 ἐπιδῶ,
2429 4808 2614 4876 φησιν,
2650 4805 2841 4875 ὥσπερ
2883 4803 3139 4874 σπονδὴν,
3180 4803 3380 4876 χαίρω,

1815 4904 1969 4974 φησὶ,
1998 4901 2076 4970 τῷ
2105 4901 2320 4972 θανάτῳ
2345 4899 2426 4970 τῷ
2452 4897 2568 4970 ἐμῷ
2591 4914 2604 4928 ·
2635 4897 2792 4950 τοῦτο
2829 4894 2938 4966 γὰρ
2968 4895 3264 4948 αἰνίττεται
3292 4894 3378 4946 λέ-

1814 5011 1946 5064 γων’
1998 4995 2123 5047 Ἐπὶ
2161 4992 2235 5062 τῇ
2271 4993 2452 5058 θυσίᾳ
2495 4990 2592 5044 καὶ
2624 4988 2959 5058 λειτουργίᾳ
2994 4986 3100 5054 τῆς
3121 4987 3381 5051 πίστεως

1813 5086 2018 5155 χαίρω,
2049 5083 2146 5138 καὶ
2169 5083 2472 5153 συγχαίρω
2496 5080 2688 5135 πᾶσιν
2712 5078 2855 5149 ὑμῖν
2875 5095 2890 5110 ο
2921 5078 2988 5131 τὸ
3017 5078 3162 5132 αὐτὸ
3181 5075 3249 5130 δὲ
3274 5076 3375 5130 καὶ

1803 5178 1981 5248 ,ὑμεῖς
2007 5178 2240 5248 χαίρετε
2270 5176 2369 5229 καὶ
2397 5171 2757 5244 συγχαίρετέ
2771 5189 2894 5241 μοι.
2927 5169 2994 5222 Τί
3029 5169 3376 5239 συγχαίρεις;

1826 5272 1988 5344 Ὁρᾷς
2016 5270 2130 5335 πῶς
2167 5270 2436 5324 δείκνυσιν
2464 5270 2546 5321 ὅτι
2575 5265 2652 5318 δεί
2681 5265 2894 5336 χαίρειν
2923 5259 3151 5326 αὑτούς;
3185 5259 3380 5329 Χαίρω

1819 5365 1916 5435 μὲν
1947 5360 2062 5429 οὖν,
2105 5364 2293 5433 φησὶν,
2324 5362 2406 5416 ὅτι
2455 5357 2654 5428 σπονδὴ
2685 5355 2938 5426 γίνομαιο
2977 5350 3254 5423 συγχαίρω
3293 5349 3374 5414 δὲ,

1815 5457 1896 5510 ὅτι
1925 5454 2113 5508 θυσίαν
2143 5451 2545 5526 προσενεγκὼν.
2580 5448 2650 5503 Τὸ
2673 5445 2741 5501 δὲ
2768 5445 2912 5501 αὐτὸ
2936 5443 3035 5501 καί
3058 5440 3225 5507 ὑμεῖς
3246 5441 3378 5509 χαίο

1811 5527 1945 5620 ρετε
1973 5546 2072 5601 και
2106 5545 2484 5617 συγχαίρετε,
2510 5543 2591 5596 ὅτι
2627 5535 3023 5612 προσηνέχθην.
3060 5529 3378 5603 Συγχάρητᾶ

1880 5811 1910 5852 ιι
1937 5813 2043 5862 Τῶν
2064 5807 2266 5868 πλησίον
2285 5805 2310 5856 ‘I
