  <div class='ocr_page' id='page_1' title='image "/cluster/home/n/w/nwhite01/storage/ocr_20150623/62/hvd.32044019207836/251.png"; bbox 0 0 3974 6584; ppageno 0'>
   <div class='ocr_carea' id='block_1_1' title="bbox 436 457 573 517">
    <p class='ocr_par' dir='ltr' id='par_1_1' title="bbox 436 457 573 517">
     <span class='ocr_line' id='line_1_1' title="bbox 436 457 573 517; baseline -0.044 0"><span class='ocrx_word' id='word_1_1' title='bbox 436 496 444 505; x_wconf 61' lang='grc' dir='ltr'><em>μ</em></span> <span class='ocrx_word' id='word_1_2' title='bbox 463 457 573 517; x_wconf 64' lang='grc'>815</span> 
     </span>
    </p>
   </div>
   <div class='ocr_carea' id='block_1_2' title="bbox 466 561 2035 636">
    <p class='ocr_par' dir='ltr' id='par_1_2' title="bbox 466 561 2035 636">
     <span class='ocr_line' id='line_1_2' title="bbox 466 561 2035 636; baseline -0.001 -19"><span class='ocrx_word' id='word_1_3' title='bbox 466 582 579 636; x_wconf 78' lang='grc' dir='ltr'>μοι,</span> <span class='ocrx_word' id='word_1_4' title='bbox 611 562 767 633; x_wconf 76' lang='grc' dir='ltr'>φησὶ,</span> <span class='ocrx_word' id='word_1_5' title='bbox 816 562 1061 633; x_wconf 75' lang='grc' dir='ltr'>χαίροντι</span> <span class='ocrx_word' id='word_1_6' title='bbox 1092 561 1185 614; x_wconf 75' lang='grc' dir='ltr'>ἐπὶ</span> <span class='ocrx_word' id='word_1_7' title='bbox 1226 561 1303 631; x_wconf 82' lang='grc' dir='ltr'>τῷ</span> <span class='ocrx_word' id='word_1_8' title='bbox 1336 561 1459 631; x_wconf 74' lang='grc' dir='ltr'>ἐμῷ</span> <span class='ocrx_word' id='word_1_9' title='bbox 1500 562 1735 633; x_wconf 81' lang='grc' dir='ltr'>θανάτῳ.</span> <span class='ocrx_word' id='word_1_10' title='bbox 1782 562 1895 616; x_wconf 85' lang='grc' dir='ltr'>Οὐκ</span> <span class='ocrx_word' id='word_1_11' title='bbox 1925 562 2035 632; x_wconf 85' lang='grc' dir='ltr'>ἄρα</span> 
     </span>
    </p>
   </div>
   <div class='ocr_carea' id='block_1_3' title="bbox 462 652 2030 725">
    <p class='ocr_par' dir='ltr' id='par_1_3' title="bbox 462 652 2030 725">
     <span class='ocr_line' id='line_1_3' title="bbox 462 652 2030 725; baseline -0.003 -16"><span class='ocrx_word' id='word_1_12' title='bbox 462 654 715 725; x_wconf 81' lang='grc' dir='ltr'>δακρύων</span> <span class='ocrx_word' id='word_1_13' title='bbox 739 652 868 718; x_wconf 79' lang='grc' dir='ltr'>ἀξία</span> <span class='ocrx_word' id='word_1_14' title='bbox 910 654 944 722; x_wconf 83' lang='grc' dir='ltr'><strong>ή</strong></span> <span class='ocrx_word' id='word_1_15' title='bbox 986 652 1212 723; x_wconf 82' lang='grc' dir='ltr'>τελευτὴ</span> <span class='ocrx_word' id='word_1_16' title='bbox 1253 652 1363 705; x_wconf 90' lang='grc' dir='ltr'>τῶν</span> <span class='ocrx_word' id='word_1_17' title='bbox 1403 652 1649 715; x_wconf 88' lang='grc' dir='ltr'>δικαίων,</span> <span class='ocrx_word' id='word_1_18' title='bbox 1674 652 1811 705; x_wconf 84' lang='grc' dir='ltr'>ἀλλὰ</span> <span class='ocrx_word' id='word_1_19' title='bbox 1838 654 2030 723; x_wconf 82' lang='grc' dir='ltr'>χαρᾶς.</span> 
     </span>
    </p>
   </div>
   <div class='ocr_carea' id='block_1_4' title="bbox 465 743 2035 816">
    <p class='ocr_par' dir='ltr' id='par_1_4' title="bbox 465 743 2035 816">
     <span class='ocr_line' id='line_1_4' title="bbox 465 743 2035 816; baseline -0.002 -18"><span class='ocrx_word' id='word_1_20' title='bbox 465 746 529 798; x_wconf 74' lang='lat' dir='ltr'>El</span> <span class='ocrx_word' id='word_1_21' title='bbox 557 746 712 799; x_wconf 70' lang='grc' dir='ltr'>αὐτοὶ</span> <span class='ocrx_word' id='word_1_22' title='bbox 739 743 1045 816; x_wconf 79' lang='grc' dir='ltr'>χαίρουσιν,</span> <span class='ocrx_word' id='word_1_23' title='bbox 1082 745 1400 815; x_wconf 79' lang='grc' dir='ltr'>συγχαίρειν</span> <span class='ocrx_word' id='word_1_24' title='bbox 1429 745 1616 807; x_wconf 85' lang='grc' dir='ltr'>αὐτοῖς</span> <span class='ocrx_word' id='word_1_25' title='bbox 1653 744 1735 798; x_wconf 93' lang='grc' dir='ltr'>δεῖ</span> <span class='ocrx_word' id='word_1_26' title='bbox 1763 760 1778 774; x_wconf 89' lang='grc'><strong>·</strong></span> <span class='ocrx_word' id='word_1_27' title='bbox 1814 744 2035 815; x_wconf 75' lang='grc' dir='ltr'>καὶγὰρ</span> 
     </span>
    </p>
   </div>
   <div class='ocr_carea' id='block_1_5' title="bbox 466 836 2036 908">
    <p class='ocr_par' dir='ltr' id='par_1_5' title="bbox 466 836 2036 908">
     <span class='ocr_line' id='line_1_5' title="bbox 466 836 2036 908; baseline -0.001 -19"><span class='ocrx_word' id='word_1_28' title='bbox 466 838 688 898; x_wconf 83' lang='grc' dir='ltr'>ἄτοπον,</span> <span class='ocrx_word' id='word_1_29' title='bbox 719 837 943 889; x_wconf 74' lang='grc' dir='ltr'>ἐκείνων</span> <span class='ocrx_word' id='word_1_30' title='bbox 965 836 1287 908; x_wconf 87' lang='grc' dir='ltr'>χαιρόντων,</span> <span class='ocrx_word' id='word_1_31' title='bbox 1321 836 1528 891; x_wconf 80' lang='grc' dir='ltr'>κλαίειν</span> <span class='ocrx_word' id='word_1_32' title='bbox 1549 837 1716 906; x_wconf 76' lang='grc' dir='ltr'>ἡμᾶς.</span> <span class='ocrx_word' id='word_1_33' title='bbox 1760 836 1920 889; x_wconf 85' lang='grc' dir='ltr'>Ἀλλά</span> <span class='ocrx_word' id='word_1_34' title='bbox 1938 836 2036 906; x_wconf 84' lang='grc' dir='ltr'>τὴν</span> 
     </span>
    </p>
   </div>
   <div class='ocr_carea' id='block_1_6' title="bbox 467 926 2032 999">
    <p class='ocr_par' dir='ltr' id='par_1_6' title="bbox 467 926 2032 999">
     <span class='ocr_line' id='line_1_6' title="bbox 467 926 2032 999; baseline 0.001 -20"><span class='ocrx_word' id='word_1_35' title='bbox 467 928 756 997; x_wconf 82' lang='grc' dir='ltr'>συνήθειαν</span> <span class='ocrx_word' id='word_1_36' title='bbox 790 926 1180 998; x_wconf 76' lang='grc' dir='ltr'>ἐπιζητοῦμεν,</span> <span class='ocrx_word' id='word_1_37' title='bbox 1221 928 1373 999; x_wconf 83' lang='grc' dir='ltr'>φησί.</span> <span class='ocrx_word' id='word_1_38' title='bbox 1416 927 1627 997; x_wconf 74' lang='grc' dir='ltr'>Σκῆψις</span> <span class='ocrx_word' id='word_1_39' title='bbox 1674 927 1869 992; x_wconf 85' lang='grc' dir='ltr'>ταῦτα,</span> <span class='ocrx_word' id='word_1_40' title='bbox 1902 927 2032 998; x_wconf 87' lang='grc' dir='ltr'>πρό-</span> 
     </span>
    </p>
   </div>
   <div class='ocr_carea' id='block_1_7' title="bbox 466 1017 2033 1089">
    <p class='ocr_par' dir='ltr' id='par_1_7' title="bbox 466 1017 2033 1089">
     <span class='ocr_line' id='line_1_7' title="bbox 466 1017 2033 1089; baseline -0.001 -19"><span class='ocrx_word' id='word_1_41' title='bbox 466 1032 649 1083; x_wconf 84' lang='grc' dir='ltr'>φασις.</span> <span class='ocrx_word' id='word_1_42' title='bbox 714 1017 859 1087; x_wconf 88' lang='grc' dir='ltr'>Ὅρα</span> <span class='ocrx_word' id='word_1_43' title='bbox 896 1018 1030 1086; x_wconf 89' lang='grc' dir='ltr'>γοῦν</span> <span class='ocrx_word' id='word_1_44' title='bbox 1081 1019 1135 1071; x_wconf 90' lang='grc' dir='ltr'>τί</span> <span class='ocrx_word' id='word_1_45' title='bbox 1191 1018 1565 1089; x_wconf 77' lang='grc' dir='ltr'>παραγγέλλει</span> <span class='ocrx_word' id='word_1_46' title='bbox 1632 1018 2033 1088; x_wconf 83' lang='grc' dir='ltr'>Φιλιππησίοις,</span> 
     </span>
    </p>
   </div>
   <div class='ocr_carea' id='block_1_8' title="bbox 465 1107 2037 1180">
    <p class='ocr_par' dir='ltr' id='par_1_8' title="bbox 465 1107 2037 1180">
     <span class='ocr_line' id='line_1_8' title="bbox 465 1107 2037 1180; baseline 0.002 -19"><span class='ocrx_word' id='word_1_47' title='bbox 465 1107 828 1176; x_wconf 76' lang='grc' dir='ltr'>Συγχαίρετέ</span> <span class='ocrx_word' id='word_1_48' title='bbox 877 1127 980 1177; x_wconf 86' lang='grc' dir='ltr'>μοι</span> <span class='ocrx_word' id='word_1_49' title='bbox 1030 1110 1131 1163; x_wconf 83' lang='grc' dir='ltr'>καὶ</span> <span class='ocrx_word' id='word_1_50' title='bbox 1159 1110 1435 1178; x_wconf 79' lang='grc' dir='ltr'>χαίρετε·</span> <span class='ocrx_word' id='word_1_51' title='bbox 1500 1111 1597 1164; x_wconf 71' lang='grc' dir='ltr'>καὶ</span> <span class='ocrx_word' id='word_1_52' title='bbox 1636 1112 1700 1163; x_wconf 81' lang='grc' dir='ltr'>σὺ</span> <span class='ocrx_word' id='word_1_53' title='bbox 1750 1110 2037 1180; x_wconf 85' lang='grc' dir='ltr'>συνήθειαν</span> 
     </span>
    </p>
   </div>
   <div class='ocr_carea' id='block_1_9' title="bbox 464 1198 2034 1273">
    <p class='ocr_par' dir='ltr' id='par_1_9' title="bbox 464 1198 2034 1273">
     <span class='ocr_line' id='line_1_9' title="bbox 464 1198 2034 1273; baseline 0.004 -23"><span class='ocrx_word' id='word_1_54' title='bbox 464 1198 782 1269; x_wconf 74' lang='grc' dir='ltr'>ἐπιζητεῖςς</span> <span class='ocrx_word' id='word_1_55' title='bbox 830 1202 892 1253; x_wconf 84' lang='grc' dir='ltr'><strong>Εἰ</strong></span> <span class='ocrx_word' id='word_1_56' title='bbox 947 1201 1046 1271; x_wconf 82' lang='grc' dir='ltr'>μὲν</span> <span class='ocrx_word' id='word_1_57' title='bbox 1096 1202 1319 1271; x_wconf 78' lang='grc' dir='ltr'>ἔμελλες</span> <span class='ocrx_word' id='word_1_58' title='bbox 1362 1203 1524 1265; x_wconf 84' lang='grc' dir='ltr'>αὐτὸς</span> <span class='ocrx_word' id='word_1_59' title='bbox 1568 1202 1800 1256; x_wconf 82' lang='grc' dir='ltr'>ἐνταῦθα</span> <span class='ocrx_word' id='word_1_60' title='bbox 1836 1205 2034 1273; x_wconf 82' lang='grc' dir='ltr'>μένειν,</span> 
     </span>
    </p>
   </div>
   <div class='ocr_carea' id='block_1_10' title="bbox 466 1292 2037 1367">
    <p class='ocr_par' dir='ltr' id='par_1_10' title="bbox 466 1292 2037 1367">
     <span class='ocr_line' id='line_1_10' title="bbox 466 1292 2037 1367; baseline 0.002 -23"><span class='ocrx_word' id='word_1_61' title='bbox 466 1292 691 1355; x_wconf 75' lang='grc' dir='ltr'>εἰκότως</span> <span class='ocrx_word' id='word_1_62' title='bbox 731 1293 911 1362; x_wconf 87' lang='grc' dir='ltr'>λέγεις</span> <span class='ocrx_word' id='word_1_63' title='bbox 938 1308 952 1321; x_wconf 86' lang='grc'><strong>·</strong></span> <span class='ocrx_word' id='word_1_64' title='bbox 981 1295 1029 1346; x_wconf 86' lang='grc' dir='ltr'>εί</span> <span class='ocrx_word' id='word_1_65' title='bbox 1063 1293 1119 1346; x_wconf 84' lang='grc' dir='ltr'>δὲ</span> <span class='ocrx_word' id='word_1_66' title='bbox 1155 1294 1351 1364; x_wconf 83' lang='grc' dir='ltr'>μικρὸν</span> <span class='ocrx_word' id='word_1_67' title='bbox 1376 1293 1600 1365; x_wconf 78' lang='grc' dir='ltr'>ὕστερον</span> <span class='ocrx_word' id='word_1_68' title='bbox 1627 1293 1915 1367; x_wconf 76' lang='grc' dir='ltr'>καταλήψῃ</span> <span class='ocrx_word' id='word_1_69' title='bbox 1945 1296 2037 1347; x_wconf 83' lang='grc' dir='ltr'>τὸν</span> 
     </span>
    </p>
   </div>
   <div class='ocr_carea' id='block_1_11' title="bbox 465 1384 2037 1457">
    <p class='ocr_par' dir='ltr' id='par_1_11' title="bbox 465 1384 2037 1457">
     <span class='ocr_line' id='line_1_11' title="bbox 465 1384 2037 1457; baseline 0 -19"><span class='ocrx_word' id='word_1_70' title='bbox 465 1384 790 1449; x_wconf 78' lang='grc' dir='ltr'>ἀπελθόντα,</span> <span class='ocrx_word' id='word_1_71' title='bbox 833 1384 993 1438; x_wconf 87' lang='grc' dir='ltr'>ποίαν</span> <span class='ocrx_word' id='word_1_72' title='bbox 1028 1386 1317 1455; x_wconf 84' lang='grc' dir='ltr'>συνήθειαν</span> <span class='ocrx_word' id='word_1_73' title='bbox 1364 1386 1578 1455; x_wconf 79' lang='grc' dir='ltr'>ζητεῖς;</span> <span class='ocrx_word' id='word_1_74' title='bbox 1607 1385 1903 1454; x_wconf 80' lang='grc' dir='ltr'>Συνήθειαν</span> <span class='ocrx_word' id='word_1_75' title='bbox 1930 1385 2037 1457; x_wconf 86' lang='grc' dir='ltr'>γὰρ</span> 
     </span>
    </p>
   </div>
   <div class='ocr_carea' id='block_1_12' title="bbox 466 1472 2038 1548">
    <p class='ocr_par' dir='ltr' id='par_1_12' title="bbox 466 1472 2038 1548">
     <span class='ocr_line' id='line_1_12' title="bbox 466 1472 2038 1548; baseline 0.001 -21"><span class='ocrx_word' id='word_1_76' title='bbox 466 1474 719 1546; x_wconf 75' lang='grc' dir='ltr'>ἐπιζητεῖ</span> <span class='ocrx_word' id='word_1_77' title='bbox 744 1493 848 1540; x_wconf 86' lang='grc' dir='ltr'>τις,</span> <span class='ocrx_word' id='word_1_78' title='bbox 881 1476 1009 1528; x_wconf 85' lang='grc' dir='ltr'>ὅταν</span> <span class='ocrx_word' id='word_1_79' title='bbox 1039 1472 1382 1548; x_wconf 80' lang='grc' dir='ltr'>διαπαντὸςῇ</span> <span class='ocrx_word' id='word_1_80' title='bbox 1414 1493 1496 1537; x_wconf 88' lang='grc' dir='ltr'>τις</span> <span class='ocrx_word' id='word_1_81' title='bbox 1525 1475 1919 1545; x_wconf 81' lang='grc' dir='ltr'>διεσπασμένος</span> <span class='ocrx_word' id='word_1_82' title='bbox 1943 1494 1957 1507; x_wconf 76' lang='grc' dir='ltr'><strong>ο</strong></span> <span class='ocrx_word' id='word_1_83' title='bbox 1989 1477 2038 1529; x_wconf 86' lang='grc' dir='ltr'>εί</span> 
     </span>
    </p>
   </div>
   <div class='ocr_carea' id='block_1_13' title="bbox 465 1564 2038 1637">
    <p class='ocr_par' dir='ltr' id='par_1_13' title="bbox 465 1564 2038 1637">
     <span class='ocr_line' id='line_1_13' title="bbox 465 1564 2038 1637; baseline -0.001 -17"><span class='ocrx_word' id='word_1_84' title='bbox 465 1567 525 1621; x_wconf 78' lang='grc' dir='ltr'>δὲ</span> <span class='ocrx_word' id='word_1_85' title='bbox 556 1569 654 1637; x_wconf 83' lang='grc' dir='ltr'>τὴν</span> <span class='ocrx_word' id='word_1_86' title='bbox 681 1566 851 1637; x_wconf 80' lang='grc' dir='ltr'>αὐτὴν</span> <span class='ocrx_word' id='word_1_87' title='bbox 886 1566 1005 1619; x_wconf 85' lang='grc' dir='ltr'>ὁδὸν</span> <span class='ocrx_word' id='word_1_88' title='bbox 1050 1567 1134 1619; x_wconf 74' lang='grc' dir='ltr'>σοὶ</span> <span class='ocrx_word' id='word_1_89' title='bbox 1179 1568 1526 1637; x_wconf 75' lang='grc' dir='ltr'>πορεύσεται,</span> <span class='ocrx_word' id='word_1_90' title='bbox 1565 1566 1722 1619; x_wconf 87' lang='grc' dir='ltr'>ποίαν</span> <span class='ocrx_word' id='word_1_91' title='bbox 1758 1564 2038 1637; x_wconf 77' lang='grc' dir='ltr'>συνήθειαν</span> 
     </span>
    </p>
   </div>
   <div class='ocr_carea' id='block_1_14' title="bbox 448 1654 2039 1728">
    <p class='ocr_par' dir='ltr' id='par_1_14' title="bbox 448 1654 2039 1728">
     <span class='ocr_line' id='line_1_14' title="bbox 448 1654 2039 1728; baseline 0 -20"><span class='ocrx_word' id='word_1_92' title='bbox 448 1654 773 1725; x_wconf 35' lang='grc' dir='ltr'>ηέπιζητεῖςς</span> <span class='ocrx_word' id='word_1_93' title='bbox 826 1656 964 1717; x_wconf 75' lang='grc' dir='ltr'>Τοὺς</span> <span class='ocrx_word' id='word_1_94' title='bbox 1029 1656 1088 1707; x_wconf 92' lang='grc' dir='ltr'>ἐν</span> <span class='ocrx_word' id='word_1_95' title='bbox 1143 1654 1475 1726; x_wconf 81' lang='grc' dir='ltr'>ἀποδημίαις</span> <span class='ocrx_word' id='word_1_96' title='bbox 1531 1656 1693 1719; x_wconf 75' lang='grc' dir='ltr'>ὄντας</span> <span class='ocrx_word' id='word_1_97' title='bbox 1741 1655 1827 1709; x_wconf 80' lang='grc' dir='ltr'>διὰ</span> <span class='ocrx_word' id='word_1_98' title='bbox 1857 1657 1909 1708; x_wconf 90' lang='grc' dir='ltr'>τί</span> <span class='ocrx_word' id='word_1_99' title='bbox 1962 1656 2039 1728; x_wconf 84' lang='grc' dir='ltr'>μὴ</span> 
     </span>
    </p>
   </div>
   <div class='ocr_carea' id='block_1_15' title="bbox 466 1745 2041 1818">
    <p class='ocr_par' dir='ltr' id='par_1_15' title="bbox 466 1745 2041 1818">
     <span class='ocr_line' id='line_1_15' title="bbox 466 1745 2041 1818; baseline 0.001 -20"><span class='ocrx_word' id='word_1_100' title='bbox 466 1746 810 1815; x_wconf 75' lang='grc' dir='ltr'>δακρύομεν;</span> <span class='ocrx_word' id='word_1_101' title='bbox 843 1746 964 1815; x_wconf 82' lang='grc' dir='ltr'>οὐχὶ</span> <span class='ocrx_word' id='word_1_102' title='bbox 996 1745 1191 1817; x_wconf 79' lang='grc' dir='ltr'>μικρὸν</span> <span class='ocrx_word' id='word_1_103' title='bbox 1228 1745 1619 1817; x_wconf 80' lang='grc' dir='ltr'>δακρύσαντες,</span> <span class='ocrx_word' id='word_1_104' title='bbox 1661 1746 1865 1809; x_wconf 85' lang='grc' dir='ltr'>εὐθέως</span> <span class='ocrx_word' id='word_1_105' title='bbox 1900 1748 2041 1818; x_wconf 86' lang='grc' dir='ltr'>μετά</span> 
     </span>
    </p>
   </div>
   <div class='ocr_carea' id='block_1_16' title="bbox 466 1835 2040 1910">
    <p class='ocr_par' dir='ltr' id='par_1_16' title="bbox 466 1835 2040 1910">
     <span class='ocr_line' id='line_1_16' title="bbox 466 1835 2040 1910; baseline 0.002 -22"><span class='ocrx_word' id='word_1_106' title='bbox 466 1838 566 1906; x_wconf 84' lang='grc' dir='ltr'>τὴν</span> <span class='ocrx_word' id='word_1_107' title='bbox 621 1835 846 1907; x_wconf 84' lang='grc' dir='ltr'>πρώτην</span> <span class='ocrx_word' id='word_1_108' title='bbox 891 1837 924 1908; x_wconf 85' lang='grc' dir='ltr'>ἢ</span> <span class='ocrx_word' id='word_1_109' title='bbox 971 1837 1231 1908; x_wconf 82' lang='grc' dir='ltr'>δευτέραν</span> <span class='ocrx_word' id='word_1_110' title='bbox 1291 1838 1612 1908; x_wconf 87' lang='grc' dir='ltr'>παυόμεθα;</span> <span class='ocrx_word' id='word_1_111' title='bbox 1650 1839 1712 1891; x_wconf 76' lang='grc' dir='ltr'>Εἰ</span> <span class='ocrx_word' id='word_1_112' title='bbox 1755 1839 2040 1910; x_wconf 76' lang='grc' dir='ltr'>συνήθειαν</span> 
     </span>
    </p>
   </div>
   <div class='ocr_carea' id='block_1_17' title="bbox 471 1926 2041 1998">
    <p class='ocr_par' dir='ltr' id='par_1_17' title="bbox 471 1926 2041 1998">
     <span class='ocr_line' id='line_1_17' title="bbox 471 1926 2041 1998; baseline 0.001 -18"><span class='ocrx_word' id='word_1_113' title='bbox 471 1926 773 1997; x_wconf 79' lang='grc' dir='ltr'>ἐπιζητεῖς,</span> <span class='ocrx_word' id='word_1_114' title='bbox 811 1927 1063 1980; x_wconf 87' lang='grc' dir='ltr'>τοσοῦτον</span> <span class='ocrx_word' id='word_1_115' title='bbox 1111 1928 1345 1982; x_wconf 87' lang='grc' dir='ltr'>κλαῦσον</span> <span class='ocrx_word' id='word_1_116' title='bbox 1395 1930 1574 1998; x_wconf 91' lang='grc' dir='ltr'>μόνον,</span> <span class='ocrx_word' id='word_1_117' title='bbox 1624 1929 1747 1981; x_wconf 85' lang='grc' dir='ltr'>ὅσον</span> <span class='ocrx_word' id='word_1_118' title='bbox 1782 1930 2041 1993; x_wconf 82' lang='grc' dir='ltr'>ἐπιδεῖξαι</span> 
     </span>
    </p>
   </div>
   <div class='ocr_carea' id='block_1_18' title="bbox 452 2016 2038 2094">
    <p class='ocr_par' dir='ltr' id='par_1_18' title="bbox 452 2016 2038 2094">
     <span class='ocr_line' id='line_1_18' title="bbox 452 2016 2038 2094; baseline 0.005 -27"><span class='ocrx_word' id='word_1_119' title='bbox 452 2021 570 2087; x_wconf 82' lang='grc' dir='ltr'>τὴν</span> <span class='ocrx_word' id='word_1_120' title='bbox 780 2016 938 2086; x_wconf 82' lang='grc' dir='ltr'>φύσιν</span> <span class='ocrx_word' id='word_1_121' title='bbox 961 2034 977 2049; x_wconf 82' lang='grc'><em>’</em></span> <span class='ocrx_word' id='word_1_122' title='bbox 1010 2019 1072 2072; x_wconf 83' lang='grc' dir='ltr'>τὸ</span> <span class='ocrx_word' id='word_1_123' title='bbox 1116 2020 1173 2073; x_wconf 80' lang='grc' dir='ltr'>δὲ</span> <span class='ocrx_word' id='word_1_124' title='bbox 1218 2022 1355 2091; x_wconf 87' lang='grc' dir='ltr'>μετά</span> <span class='ocrx_word' id='word_1_125' title='bbox 1384 2020 1543 2073; x_wconf 90' lang='grc' dir='ltr'>τοῦτο</span> <span class='ocrx_word' id='word_1_126' title='bbox 1574 2022 1751 2091; x_wconf 85' lang='grc' dir='ltr'>χαῖρε,</span> <span class='ocrx_word' id='word_1_127' title='bbox 1788 2022 2038 2094; x_wconf 87' lang='grc' dir='ltr'>καθάπερ</span> 
     </span>
    </p>
   </div>
   <div class='ocr_carea' id='block_1_19' title="bbox 452 2110 2043 2186">
    <p class='ocr_par' dir='ltr' id='par_1_19' title="bbox 452 2110 2043 2186">
     <span class='ocr_line' id='line_1_19' title="bbox 452 2110 2043 2186; baseline 0.005 -25"><span class='ocrx_word' id='word_1_128' title='bbox 452 2110 647 2176; x_wconf 58' lang='grc' dir='ltr'>ιλέγων</span> <span class='ocrx_word' id='word_1_129' title='bbox 673 2111 702 2161; x_wconf 98' lang='lat'>6</span> <span class='ocrx_word' id='word_1_130' title='bbox 721 2110 950 2178; x_wconf 83' lang='grc' dir='ltr'>Παῦλος,</span> <span class='ocrx_word' id='word_1_131' title='bbox 975 2111 1138 2165; x_wconf 82' lang='grc' dir='ltr'>Οὐδὲν</span> <span class='ocrx_word' id='word_1_132' title='bbox 1162 2113 1357 2183; x_wconf 81' lang='grc' dir='ltr'>πάσχω</span> <span class='ocrx_word' id='word_1_133' title='bbox 1385 2113 1575 2173; x_wconf 84' lang='grc' dir='ltr'>δεινὸν.</span> <span class='ocrx_word' id='word_1_134' title='bbox 1604 2113 1742 2167; x_wconf 88' lang='grc' dir='ltr'>ἀλλά</span> <span class='ocrx_word' id='word_1_135' title='bbox 1759 2115 1853 2167; x_wconf 79' lang='grc' dir='ltr'>καὶ</span> <span class='ocrx_word' id='word_1_136' title='bbox 1871 2114 2043 2186; x_wconf 88' lang='grc' dir='ltr'>χαίρω</span> 
     </span>
    </p>
   </div>
   <div class='ocr_carea' id='block_1_20' title="bbox 476 2198 2037 2271">
    <p class='ocr_par' dir='ltr' id='par_1_20' title="bbox 476 2198 2037 2271">
     <span class='ocr_line' id='line_1_20' title="bbox 476 2198 2037 2271; baseline 0.004 -21"><span class='ocrx_word' id='word_1_137' title='bbox 476 2199 611 2267; x_wconf 79' lang='grc' dir='ltr'>πρὸς</span> <span class='ocrx_word' id='word_1_138' title='bbox 638 2198 727 2251; x_wconf 82' lang='grc' dir='ltr'>τὸν</span> <span class='ocrx_word' id='word_1_139' title='bbox 754 2199 986 2270; x_wconf 87' lang='grc' dir='ltr'>Χριστὸν</span> <span class='ocrx_word' id='word_1_140' title='bbox 1006 2201 1376 2271; x_wconf 79' lang='grc' dir='ltr'>ἀπερχόμενος</span> <span class='ocrx_word' id='word_1_141' title='bbox 1397 2218 1410 2230; x_wconf 89' lang='grc'><strong>·</strong></span> <span class='ocrx_word' id='word_1_142' title='bbox 1446 2201 1556 2255; x_wconf 75' lang='grc' dir='ltr'>Καὶ</span> <span class='ocrx_word' id='word_1_143' title='bbox 1584 2202 1754 2271; x_wconf 75' lang='grc' dir='ltr'>ὑμεῖς</span> <span class='ocrx_word' id='word_1_144' title='bbox 1779 2203 2037 2271; x_wconf 61' lang='grc' dir='ltr'>χαιζοετε,</span> 
     </span>
    </p>
   </div>
   <div class='ocr_carea' id='block_1_21' title="bbox 1173 448 3022 509">
    <p class='ocr_par' dir='ltr' id='par_1_21' title="bbox 1173 448 3022 509">
     <span class='ocr_line' id='line_1_21' title="bbox 1173 448 3022 509; baseline -0.001 -3"><span class='ocrx_word' id='word_1_145' title='bbox 1173 452 1230 507; x_wconf 89' lang='lat' dir='ltr'>S.</span> <span class='ocrx_word' id='word_1_146' title='bbox 1271 450 1561 506; x_wconf 80' lang='lat' dir='ltr'>JOANNIS</span> <span class='ocrx_word' id='word_1_147' title='bbox 1592 451 2079 509; x_wconf 72' lang='lat' dir='ltr'>CHRYSOSTOMI</span> <span class='ocrx_word' id='word_1_148' title='bbox 2120 449 2439 507; x_wconf 78' lang='lat' dir='ltr'>ARCHIEP.</span> <span class='ocrx_word' id='word_1_149' title='bbox 2478 448 3022 507; x_wconf 82' lang='lat' dir='ltr'>CONSTANTINOP.</span> 
     </span>
    </p>
   </div>
   <div class='ocr_carea' id='block_1_22' title="bbox 3600 450 3710 505">
    <p class='ocr_par' dir='ltr' id='par_1_22' title="bbox 3600 450 3710 505">
     <span class='ocr_line' id='line_1_22' title="bbox 3600 450 3710 505; baseline -0.009 0"><span class='ocrx_word' id='word_1_150' title='bbox 3600 450 3710 505; x_wconf 72' lang='grc' dir='ltr'>ειε</span> 
     </span>
    </p>
   </div>
   <div class='ocr_carea' id='block_1_23' title="bbox 2139 558 3717 632">
    <p class='ocr_par' dir='ltr' id='par_1_23' title="bbox 2139 558 3717 632">
     <span class='ocr_line' id='line_1_23' title="bbox 2139 558 3717 632; baseline 0 -18"><span class='ocrx_word' id='word_1_151' title='bbox 2139 561 2484 630; x_wconf 77' lang='grc' dir='ltr'>συγχὰρητέ</span> <span class='ocrx_word' id='word_1_152' title='bbox 2516 577 2662 629; x_wconf 73' lang='grc' dir='ltr'>μοι,</span> <span class='ocrx_word' id='word_1_153' title='bbox 2718 560 2871 630; x_wconf 83' lang='grc' dir='ltr'>φησί.</span> <span class='ocrx_word' id='word_1_154' title='bbox 2926 558 3219 631; x_wconf 82' lang='grc' dir='ltr'>Χαίρωμεν</span> <span class='ocrx_word' id='word_1_155' title='bbox 3276 559 3563 632; x_wconf 74' lang='grc' dir='ltr'>τοιγαροῦν</span> <span class='ocrx_word' id='word_1_156' title='bbox 3620 564 3717 615; x_wconf 74' lang='grc' dir='ltr'>καὶ</span> 
     </span>
    </p>
   </div>
   <div class='ocr_carea' id='block_1_24' title="bbox 2139 650 3717 722">
    <p class='ocr_par' dir='ltr' id='par_1_24' title="bbox 2139 650 3717 722">
     <span class='ocr_line' id='line_1_24' title="bbox 2139 650 3717 722; baseline 0 -18"><span class='ocrx_word' id='word_1_157' title='bbox 2139 654 2321 722; x_wconf 82' lang='grc' dir='ltr'>ἡμεῖς,</span> <span class='ocrx_word' id='word_1_158' title='bbox 2352 652 2480 704; x_wconf 82' lang='grc' dir='ltr'>ὅταν</span> <span class='ocrx_word' id='word_1_159' title='bbox 2530 651 2729 721; x_wconf 74' lang='grc' dir='ltr'>ἴδωμεν</span> <span class='ocrx_word' id='word_1_160' title='bbox 2769 651 2975 704; x_wconf 81' lang='grc' dir='ltr'>δίκαιον</span> <span class='ocrx_word' id='word_1_161' title='bbox 3008 650 3363 714; x_wconf 87' lang='grc' dir='ltr'>τελευτῶντα,</span> <span class='ocrx_word' id='word_1_162' title='bbox 3416 652 3618 721; x_wconf 79' lang='grc' dir='ltr'>μᾶλλον</span> <span class='ocrx_word' id='word_1_163' title='bbox 3656 653 3717 704; x_wconf 72' lang='grc' dir='ltr'>δὲ</span> 
     </span>
    </p>
   </div>
   <div class='ocr_carea' id='block_1_25' title="bbox 2140 742 3718 813">
    <p class='ocr_par' dir='ltr' id='par_1_25' title="bbox 2140 742 3718 813">
     <span class='ocr_line' id='line_1_25' title="bbox 2140 742 3718 813; baseline -0.002 -17"><span class='ocrx_word' id='word_1_164' title='bbox 2140 744 2234 796; x_wconf 72' lang='grc' dir='ltr'>καὶ</span> <span class='ocrx_word' id='word_1_165' title='bbox 2249 744 2376 796; x_wconf 73' lang='grc' dir='ltr'>ὅταν</span> <span class='ocrx_word' id='word_1_166' title='bbox 2398 744 2520 795; x_wconf 84' lang='grc' dir='ltr'>τινὰ</span> <span class='ocrx_word' id='word_1_167' title='bbox 2550 742 2659 796; x_wconf 90' lang='grc' dir='ltr'>τῶν</span> <span class='ocrx_word' id='word_1_168' title='bbox 2683 744 3139 813; x_wconf 85' lang='grc' dir='ltr'>ἀπεγνωσμένων.</span> <span class='ocrx_word' id='word_1_169' title='bbox 3182 744 3239 795; x_wconf 88' lang='lat'>&#39;0</span> <span class='ocrx_word' id='word_1_170' title='bbox 3267 744 3365 810; x_wconf 87' lang='grc' dir='ltr'>μὲν</span> <span class='ocrx_word' id='word_1_171' title='bbox 3393 745 3501 813; x_wconf 77' lang='grc' dir='ltr'>γὰρ</span> <span class='ocrx_word' id='word_1_172' title='bbox 3526 744 3718 797; x_wconf 79' lang='grc' dir='ltr'>ἄπεισι</span> 
     </span>
    </p>
   </div>
   <div class='ocr_carea' id='block_1_26' title="bbox 2145 834 3717 904">
    <p class='ocr_par' dir='ltr' id='par_1_26' title="bbox 2145 834 3717 904">
     <span class='ocr_line' id='line_1_26' title="bbox 2145 834 3717 904; baseline -0.001 -18"><span class='ocrx_word' id='word_1_173' title='bbox 2145 834 2335 903; x_wconf 87' lang='grc' dir='ltr'>μισθὸν</span> <span class='ocrx_word' id='word_1_174' title='bbox 2380 834 2791 904; x_wconf 64' lang='grc' dir='ltr'>ἀποληψόμενος</span> <span class='ocrx_word' id='word_1_175' title='bbox 2845 834 2954 887; x_wconf 90' lang='grc' dir='ltr'>τῶν</span> <span class='ocrx_word' id='word_1_176' title='bbox 3007 836 3204 895; x_wconf 84' lang='grc' dir='ltr'>πόνων,</span> <span class='ocrx_word' id='word_1_177' title='bbox 3232 838 3260 887; x_wconf 87' lang='grc' dir='ltr'>ὀ</span> <span class='ocrx_word' id='word_1_178' title='bbox 3301 835 3357 887; x_wconf 84' lang='grc' dir='ltr'>δὲ</span> <span class='ocrx_word' id='word_1_179' title='bbox 3401 836 3629 903; x_wconf 68' lang='grc' dir='ltr'>ἐνέκοψέ</span> <span class='ocrx_word' id='word_1_180' title='bbox 3661 853 3717 887; x_wconf 89' lang='grc' dir='ltr'>τι</span> 
     </span>
    </p>
   </div>
   <div class='ocr_carea' id='block_1_27' title="bbox 2140 923 3718 995">
    <p class='ocr_par' dir='ltr' id='par_1_27' title="bbox 2140 923 3718 995">
     <span class='ocr_line' id='line_1_27' title="bbox 2140 923 3718 995; baseline 0.001 -19"><span class='ocrx_word' id='word_1_181' title='bbox 2140 923 2249 976; x_wconf 89' lang='grc' dir='ltr'>τῶν</span> <span class='ocrx_word' id='word_1_182' title='bbox 2276 926 2687 995; x_wconf 78' lang='grc' dir='ltr'>ἁμαρτημάτων</span> <span class='ocrx_word' id='word_1_183' title='bbox 2718 924 2904 979; x_wconf 87' lang='grc' dir='ltr'>αὐτοῦ.</span> <span class='ocrx_word' id='word_1_184' title='bbox 2945 925 3095 976; x_wconf 82' lang='grc' dir='ltr'>Ἀλλ’</span> <span class='ocrx_word' id='word_1_185' title='bbox 3128 926 3255 987; x_wconf 82' lang='grc' dir='ltr'>ἴσως</span> <span class='ocrx_word' id='word_1_186' title='bbox 3300 925 3389 989; x_wconf 83' lang='grc' dir='ltr'>ἂν,</span> <span class='ocrx_word' id='word_1_187' title='bbox 3423 926 3582 995; x_wconf 70' lang='grc' dir='ltr'>φησὶ,</span> <span class='ocrx_word' id='word_1_188' title='bbox 3618 944 3718 995; x_wconf 81' lang='grc' dir='ltr'>με-</span> 
     </span>
    </p>
   </div>
   <div class='ocr_carea' id='block_1_28' title="bbox 2142 1014 3722 1079">
    <p class='ocr_par' dir='ltr' id='par_1_28' title="bbox 2142 1014 3722 1079">
     <span class='ocr_line' id='line_1_28' title="bbox 2142 1014 3722 1079; baseline 0.001 -11"><span class='ocrx_word' id='word_1_189' title='bbox 2142 1014 2396 1069; x_wconf 79' lang='grc' dir='ltr'>τεόἀλετο</span> <span class='ocrx_word' id='word_1_190' title='bbox 2418 1015 2545 1079; x_wconf 80' lang='grc' dir='ltr'>ζῶν.</span> <span class='ocrx_word' id='word_1_191' title='bbox 2593 1016 2731 1068; x_wconf 83' lang='grc' dir='ltr'>Ἀλλ’</span> <span class='ocrx_word' id='word_1_192' title='bbox 2765 1016 2865 1068; x_wconf 91' lang='grc' dir='ltr'>οὐκ</span> <span class='ocrx_word' id='word_1_193' title='bbox 2896 1015 2961 1069; x_wconf 83' lang='grc' dir='ltr'>ἂν</span> <span class='ocrx_word' id='word_1_194' title='bbox 3002 1015 3164 1069; x_wconf 81' lang='grc' dir='ltr'>αὐτὸν</span> <span class='ocrx_word' id='word_1_195' title='bbox 3208 1015 3397 1069; x_wconf 75' lang='grc' dir='ltr'>ἔλαϐεν</span> <span class='ocrx_word' id='word_1_196' title='bbox 3424 1018 3452 1067; x_wconf 79' lang='lat'>6</span> <span class='ocrx_word' id='word_1_197' title='bbox 3476 1017 3631 1079; x_wconf 77' lang='grc' dir='ltr'>Θεὸς,</span> <span class='ocrx_word' id='word_1_198' title='bbox 3667 1018 3722 1069; x_wconf 89' lang='grc' dir='ltr'>εῖ</span> 
     </span>
    </p>
   </div>
   <div class='ocr_carea' id='block_1_29' title="bbox 2140 1107 3717 1179">
    <p class='ocr_par' dir='ltr' id='par_1_29' title="bbox 2140 1107 3717 1179">
     <span class='ocr_line' id='line_1_29' title="bbox 2140 1107 3717 1179; baseline 0.001 -21"><span class='ocrx_word' id='word_1_199' title='bbox 2140 1123 2203 1175; x_wconf 87' lang='grc' dir='ltr'>γε</span> <span class='ocrx_word' id='word_1_200' title='bbox 2237 1107 2633 1177; x_wconf 74' lang='grc' dir='ltr'>μεταϐαλέσθαι</span> <span class='ocrx_word' id='word_1_201' title='bbox 2656 1107 2899 1177; x_wconf 74' lang='grc' dir='ltr'>ἔμελλεν.</span> <span class='ocrx_word' id='word_1_202' title='bbox 2946 1108 3005 1159; x_wconf 89' lang='lat'>&#39;0</span> <span class='ocrx_word' id='word_1_203' title='bbox 3026 1108 3133 1175; x_wconf 77' lang='grc' dir='ltr'>γὰρ</span> <span class='ocrx_word' id='word_1_204' title='bbox 3158 1108 3331 1161; x_wconf 83' lang='grc' dir='ltr'>πάντα</span> <span class='ocrx_word' id='word_1_205' title='bbox 3362 1108 3501 1177; x_wconf 79' lang='grc' dir='ltr'>ὑπὲρ</span> <span class='ocrx_word' id='word_1_206' title='bbox 3534 1125 3717 1179; x_wconf 78' lang='grc' dir='ltr'>σωτηο</span> 
     </span>
    </p>
   </div>
   <div class='ocr_carea' id='block_1_30' title="bbox 2147 1197 3717 1269">
    <p class='ocr_par' dir='ltr' id='par_1_30' title="bbox 2147 1197 3717 1269">
     <span class='ocr_line' id='line_1_30' title="bbox 2147 1197 3717 1269; baseline 0.002 -20"><span class='ocrx_word' id='word_1_207' title='bbox 2147 1197 2266 1269; x_wconf 90' lang='grc' dir='ltr'>ρίας</span> <span class='ocrx_word' id='word_1_208' title='bbox 2294 1198 2450 1268; x_wconf 80' lang='grc' dir='ltr'>ἡμῶν</span> <span class='ocrx_word' id='word_1_209' title='bbox 2481 1198 2799 1269; x_wconf 74' lang='grc' dir='ltr'>οἰκονομῶν,</span> <span class='ocrx_word' id='word_1_210' title='bbox 2842 1199 2989 1261; x_wconf 90' lang='grc' dir='ltr'>τίνος</span> <span class='ocrx_word' id='word_1_211' title='bbox 3030 1200 3213 1253; x_wconf 75' lang='grc' dir='ltr'>ἕνεκεν</span> <span class='ocrx_word' id='word_1_212' title='bbox 3243 1200 3405 1253; x_wconf 84' lang='grc' dir='ltr'>αὐτὸν</span> <span class='ocrx_word' id='word_1_213' title='bbox 3436 1203 3535 1252; x_wconf 78' lang='grc' dir='ltr'>οὐκ</span> <span class='ocrx_word' id='word_1_214' title='bbox 3563 1201 3717 1252; x_wconf 72' lang='grc' dir='ltr'>εἴασε</span> 
     </span>
    </p>
   </div>
   <div class='ocr_carea' id='block_1_31' title="bbox 2147 1290 3718 1362">
    <p class='ocr_par' dir='ltr' id='par_1_31' title="bbox 2147 1290 3718 1362">
     <span class='ocr_line' id='line_1_31' title="bbox 2147 1290 3718 1362; baseline -0.001 -18"><span class='ocrx_word' id='word_1_215' title='bbox 2147 1290 2406 1360; x_wconf 83' lang='grc' dir='ltr'>μέλλοντα</span> <span class='ocrx_word' id='word_1_216' title='bbox 2444 1291 2797 1361; x_wconf 88' lang='grc' dir='ltr'>εὐαρεστεῖν;</span> <span class='ocrx_word' id='word_1_217' title='bbox 2848 1292 2896 1343; x_wconf 83' lang='grc' dir='ltr'>εί</span> <span class='ocrx_word' id='word_1_218' title='bbox 2936 1290 3059 1352; x_wconf 80' lang='grc' dir='ltr'>τούς</span> <span class='ocrx_word' id='word_1_219' title='bbox 3088 1292 3163 1362; x_wconf 84' lang='grc' dir='ltr'>μὴ</span> <span class='ocrx_word' id='word_1_220' title='bbox 3211 1290 3718 1361; x_wconf 76' lang='grc' dir='ltr'>μεταϐαλλομένους</span> 
     </span>
    </p>
   </div>
   <div class='ocr_carea' id='block_1_32' title="bbox 2144 1386 3718 1457">
    <p class='ocr_par' dir='ltr' id='par_1_32' title="bbox 2144 1386 3718 1457">
     <span class='ocr_line' id='line_1_32' title="bbox 2144 1386 3718 1457; baseline 0 -20"><span class='ocrx_word' id='word_1_221' title='bbox 2144 1386 2357 1455; x_wconf 80' lang='grc' dir='ltr'>ἀφίησι,</span> <span class='ocrx_word' id='word_1_222' title='bbox 2393 1386 2572 1456; x_wconf 86' lang='grc' dir='ltr'>πολλῴ</span> <span class='ocrx_word' id='word_1_223' title='bbox 2610 1386 2964 1456; x_wconf 46' lang='grc' dir='ltr'>μᾶλλονίτοὺς</span> <span class='ocrx_word' id='word_1_224' title='bbox 3005 1387 3528 1457; x_wconf 73' lang='grc' dir='ltr'>μεταϐαλλομένους.</span> <span class='ocrx_word' id='word_1_225' title='bbox 3572 1388 3718 1439; x_wconf 64' lang='grc' dir='ltr'>Πάνυ</span> 
     </span>
    </p>
   </div>
   <div class='ocr_carea' id='block_1_33' title="bbox 2142 1474 3718 1547">
    <p class='ocr_par' dir='ltr' id='par_1_33' title="bbox 2142 1474 3718 1547">
     <span class='ocr_line' id='line_1_33' title="bbox 2142 1474 3718 1547; baseline 0.001 -19"><span class='ocrx_word' id='word_1_226' title='bbox 2142 1480 2297 1529; x_wconf 85' lang='grc' dir='ltr'>τοθεν</span> <span class='ocrx_word' id='word_1_227' title='bbox 2340 1474 2433 1530; x_wconf 80' lang='grc' dir='ltr'>οῦν</span> <span class='ocrx_word' id='word_1_228' title='bbox 2468 1479 2600 1547; x_wconf 82' lang='grc' dir='ltr'>ἡμῖν</span> <span class='ocrx_word' id='word_1_229' title='bbox 2635 1480 2662 1531; x_wconf 92' lang='lat'>6</span> <span class='ocrx_word' id='word_1_230' title='bbox 2714 1477 2945 1539; x_wconf 84' lang='grc' dir='ltr'>κοπετὸς</span> <span class='ocrx_word' id='word_1_231' title='bbox 2998 1480 3336 1547; x_wconf 80' lang='grc' dir='ltr'>ἐκκεκόφθω,</span> <span class='ocrx_word' id='word_1_232' title='bbox 3384 1479 3651 1531; x_wconf 76' lang='grc' dir='ltr'>πάντοθεν</span> <span class='ocrx_word' id='word_1_233' title='bbox 3687 1481 3718 1530; x_wconf 83' lang='lat'>6</span> 
     </span>
    </p>
   </div>
   <div class='ocr_carea' id='block_1_34' title="bbox 2146 1566 3713 1640">
    <p class='ocr_par' dir='ltr' id='par_1_34' title="bbox 2146 1566 3713 1640">
     <span class='ocr_line' id='line_1_34' title="bbox 2146 1566 3713 1640; baseline 0.001 -22"><span class='ocrx_word' id='word_1_234' title='bbox 2146 1566 2341 1637; x_wconf 82' lang='grc' dir='ltr'>θρῆνος</span> <span class='ocrx_word' id='word_1_235' title='bbox 2368 1567 2609 1620; x_wconf 82' lang='grc' dir='ltr'>λυέσθω’</span> <span class='ocrx_word' id='word_1_236' title='bbox 2650 1568 2743 1620; x_wconf 66' lang='grc' dir='ltr'>ἐπὶ</span> <span class='ocrx_word' id='word_1_237' title='bbox 2790 1569 2954 1621; x_wconf 75' lang='grc' dir='ltr'>πᾶσιν</span> <span class='ocrx_word' id='word_1_238' title='bbox 3003 1569 3415 1640; x_wconf 84' lang='grc' dir='ltr'>εὐχαριστῶμεν</span> <span class='ocrx_word' id='word_1_239' title='bbox 3450 1569 3530 1640; x_wconf 78' lang='grc' dir='ltr'>τῷ</span> <span class='ocrx_word' id='word_1_240' title='bbox 3572 1569 3713 1638; x_wconf 75' lang='grc' dir='ltr'>Θεῷ,</span> 
     </span>
    </p>
   </div>
   <div class='ocr_carea' id='block_1_35' title="bbox 2145 1658 3715 1730">
    <p class='ocr_par' dir='ltr' id='par_1_35' title="bbox 2145 1658 3715 1730">
     <span class='ocr_line' id='line_1_35' title="bbox 2145 1658 3715 1730; baseline 0.001 -19"><span class='ocrx_word' id='word_1_241' title='bbox 2145 1660 2313 1729; x_wconf 75' lang='grc' dir='ltr'>χωρὶς</span> <span class='ocrx_word' id='word_1_242' title='bbox 2338 1658 2666 1730; x_wconf 77' lang='grc' dir='ltr'>γογγυσμῶν</span> <span class='ocrx_word' id='word_1_243' title='bbox 2685 1660 2861 1712; x_wconf 85' lang='grc' dir='ltr'>πάντα</span> <span class='ocrx_word' id='word_1_244' title='bbox 2885 1661 3211 1730; x_wconf 83' lang='grc' dir='ltr'>πράττωμεν</span> <span class='ocrx_word' id='word_1_245' title='bbox 3235 1677 3249 1691; x_wconf 89' lang='grc'><strong>·</strong></span> <span class='ocrx_word' id='word_1_246' title='bbox 3272 1661 3715 1730; x_wconf 77' lang='grc' dir='ltr'>εὐφραινώμεθα,</span> 
     </span>
    </p>
   </div>
   <div class='ocr_carea' id='block_1_36' title="bbox 2147 1752 3715 1823">
    <p class='ocr_par' dir='ltr' id='par_1_36' title="bbox 2147 1752 3715 1823">
     <span class='ocr_line' id='line_1_36' title="bbox 2147 1752 3715 1823; baseline -0.001 -19"><span class='ocrx_word' id='word_1_247' title='bbox 2147 1752 2431 1822; x_wconf 80' lang='grc' dir='ltr'>εὐάρεστοι</span> <span class='ocrx_word' id='word_1_248' title='bbox 2466 1754 2523 1805; x_wconf 82' lang='grc' dir='ltr'>ἐν</span> <span class='ocrx_word' id='word_1_249' title='bbox 2578 1754 2744 1823; x_wconf 83' lang='grc' dir='ltr'>πᾶσιν</span> <span class='ocrx_word' id='word_1_250' title='bbox 2779 1752 2929 1821; x_wconf 86' lang='grc' dir='ltr'>αὐτῷ</span> <span class='ocrx_word' id='word_1_251' title='bbox 2980 1752 3277 1822; x_wconf 85' lang='grc' dir='ltr'>γινώμεθα,</span> <span class='ocrx_word' id='word_1_252' title='bbox 3325 1754 3411 1806; x_wconf 80' lang='grc' dir='ltr'>ἵνα</span> <span class='ocrx_word' id='word_1_253' title='bbox 3460 1753 3557 1808; x_wconf 72' lang='grc' dir='ltr'>καὶ</span> <span class='ocrx_word' id='word_1_254' title='bbox 3611 1753 3715 1804; x_wconf 88' lang='grc' dir='ltr'>τῶν</span> 
     </span>
    </p>
   </div>
   <div class='ocr_carea' id='block_1_37' title="bbox 2148 1842 3715 1913">
    <p class='ocr_par' dir='ltr' id='par_1_37' title="bbox 2148 1842 3715 1913">
     <span class='ocr_line' id='line_1_37' title="bbox 2148 1842 3715 1913; baseline -0.001 -20"><span class='ocrx_word' id='word_1_255' title='bbox 2148 1842 2449 1912; x_wconf 81' lang='grc' dir='ltr'>μελλόντων</span> <span class='ocrx_word' id='word_1_256' title='bbox 2496 1844 2838 1913; x_wconf 84' lang='grc' dir='ltr'>ἐπιτύχωμεν</span> <span class='ocrx_word' id='word_1_257' title='bbox 2870 1844 3111 1912; x_wconf 80' lang='grc' dir='ltr'>ἀγαθῶν,</span> <span class='ocrx_word' id='word_1_258' title='bbox 3156 1845 3337 1913; x_wconf 81' lang='grc' dir='ltr'>χάριτι</span> <span class='ocrx_word' id='word_1_259' title='bbox 3386 1845 3479 1897; x_wconf 69' lang='grc' dir='ltr'>καὶ</span> <span class='ocrx_word' id='word_1_260' title='bbox 3527 1844 3715 1913; x_wconf 71' lang='grc' dir='ltr'>φιλαν-</span> 
     </span>
    </p>
   </div>
   <div class='ocr_carea' id='block_1_38' title="bbox 2146 1929 3714 2006">
    <p class='ocr_par' dir='ltr' id='par_1_38' title="bbox 2146 1929 3714 2006">
     <span class='ocr_line' id='line_1_38' title="bbox 2146 1929 3714 2006; baseline 0.001 -19"><span class='ocrx_word' id='word_1_261' title='bbox 2146 1934 2360 2006; x_wconf 75' lang='grc' dir='ltr'>θρωπία</span> <span class='ocrx_word' id='word_1_262' title='bbox 2384 1935 2478 1988; x_wconf 89' lang='grc' dir='ltr'>τοῦ</span> <span class='ocrx_word' id='word_1_263' title='bbox 2514 1934 2719 2005; x_wconf 84' lang='grc' dir='ltr'>Κυρίου</span> <span class='ocrx_word' id='word_1_264' title='bbox 2763 1934 2920 2004; x_wconf 76' lang='grc' dir='ltr'>ἡμῶν</span> <span class='ocrx_word' id='word_1_265' title='bbox 2959 1935 3152 2005; x_wconf 86' lang='grc' dir='ltr'>Ἰησοῦ,</span> <span class='ocrx_word' id='word_1_266' title='bbox 3197 1935 3453 2005; x_wconf 85' lang='grc' dir='ltr'>Χριστοῦ,</span> <span class='ocrx_word' id='word_1_267' title='bbox 3507 1936 3625 2004; x_wconf 78' lang='grc' dir='ltr'>μεθ’</span> <span class='ocrx_word' id='word_1_268' title='bbox 3655 1929 3714 1988; x_wconf 73' lang='grc' dir='ltr'>οὗ</span> 
     </span>
    </p>
   </div>
   <div class='ocr_carea' id='block_1_39' title="bbox 2142 2024 3711 2099">
    <p class='ocr_par' dir='ltr' id='par_1_39' title="bbox 2142 2024 3711 2099">
     <span class='ocr_line' id='line_1_39' title="bbox 2142 2024 3711 2099; baseline 0.003 -22"><span class='ocrx_word' id='word_1_269' title='bbox 2142 2024 2221 2096; x_wconf 82' lang='grc' dir='ltr'>τῷ</span> <span class='ocrx_word' id='word_1_270' title='bbox 2259 2028 2433 2098; x_wconf 70' lang='grc' dir='ltr'>Πατρὶ</span> <span class='ocrx_word' id='word_1_271' title='bbox 2483 2028 2599 2097; x_wconf 79' lang='grc' dir='ltr'>ἅμα</span> <span class='ocrx_word' id='word_1_272' title='bbox 2652 2028 2729 2099; x_wconf 77' lang='grc' dir='ltr'>τῷ</span> <span class='ocrx_word' id='word_1_273' title='bbox 2768 2028 2906 2099; x_wconf 83' lang='grc' dir='ltr'>ἁγίῳ</span> <span class='ocrx_word' id='word_1_274' title='bbox 2964 2028 3243 2098; x_wconf 85' lang='grc' dir='ltr'>Πνεύματι</span> <span class='ocrx_word' id='word_1_275' title='bbox 3292 2028 3440 2094; x_wconf 79' lang='grc' dir='ltr'>δόξα,</span> <span class='ocrx_word' id='word_1_276' title='bbox 3488 2030 3711 2097; x_wconf 73' lang='grc' dir='ltr'>κράτος,</span> 
     </span>
    </p>
   </div>
   <div class='ocr_carea' id='block_1_40' title="bbox 2143 2116 3715 2186">
    <p class='ocr_par' dir='ltr' id='par_1_40' title="bbox 2143 2116 3715 2186">
     <span class='ocr_line' id='line_1_40' title="bbox 2143 2116 3715 2186; baseline 0.002 -17"><span class='ocrx_word' id='word_1_277' title='bbox 2143 2116 2298 2186; x_wconf 83' lang='grc' dir='ltr'>τιμὴ,</span> <span class='ocrx_word' id='word_1_278' title='bbox 2329 2116 2423 2171; x_wconf 91' lang='grc' dir='ltr'>νῦν</span> <span class='ocrx_word' id='word_1_279' title='bbox 2452 2117 2546 2170; x_wconf 77' lang='grc' dir='ltr'>καὶ</span> <span class='ocrx_word' id='word_1_280' title='bbox 2573 2118 2680 2181; x_wconf 71' lang='grc' dir='ltr'>ἀεὶ,</span> <span class='ocrx_word' id='word_1_281' title='bbox 2707 2120 2799 2172; x_wconf 69' lang='grc' dir='ltr'>καὶ</span> <span class='ocrx_word' id='word_1_282' title='bbox 2828 2120 2908 2183; x_wconf 88' lang='grc' dir='ltr'>είς</span> <span class='ocrx_word' id='word_1_283' title='bbox 2941 2118 3066 2181; x_wconf 79' lang='grc' dir='ltr'>τοὺς</span> <span class='ocrx_word' id='word_1_284' title='bbox 3103 2117 3306 2182; x_wconf 81' lang='grc' dir='ltr'>αἰῶνας</span> <span class='ocrx_word' id='word_1_285' title='bbox 3342 2116 3451 2172; x_wconf 78' lang='grc' dir='ltr'>τῶν</span> <span class='ocrx_word' id='word_1_286' title='bbox 3479 2116 3715 2173; x_wconf 84' lang='grc' dir='ltr'>αἰώνων.</span> 
     </span>
    </p>
   </div>
   <div class='ocr_carea' id='block_1_41' title="bbox 2157 2205 2346 2279">
    <p class='ocr_par' dir='ltr' id='par_1_41' title="bbox 2157 2205 2346 2279">
     <span class='ocr_line' id='line_1_41' title="bbox 2157 2205 2346 2279; baseline 0.016 -22"><span class='ocrx_word' id='word_1_287' title='bbox 2157 2205 2346 2279; x_wconf 75' lang='grc' dir='ltr'>Ἀμήν.</span> 
     </span>
    </p>
   </div>
   <div class='ocr_carea' id='block_1_42' title="bbox 1938 2704 2293 2760">
    <p class='ocr_par' dir='ltr' id='par_1_42' title="bbox 1938 2704 2293 2760">
     <span class='ocr_line' id='line_1_42' title="bbox 1938 2704 2293 2760; baseline 0.006 -2"><span class='ocrx_word' id='word_1_288' title='bbox 1938 2704 2179 2758; x_wconf 81' lang='grc' dir='ltr'>ΟΜῐΛΙΔ</span> <span class='ocrx_word' id='word_1_289' title='bbox 2214 2704 2293 2760; x_wconf 67' lang='grc' dir='ltr'>Θθ.</span> 
     </span>
    </p>
   </div>
   <div class='ocr_carea' id='block_1_43' title="bbox 494 2857 2048 2930">
    <p class='ocr_par' dir='ltr' id='par_1_43' title="bbox 494 2857 2048 2930">
     <span class='ocr_line' id='line_1_43' title="bbox 494 2857 2048 2930; baseline -0.005 -11"><span class='ocrx_word' id='word_1_290' title='bbox 494 2861 742 2924; x_wconf 79' lang='grc' dir='ltr'>Ἐλπίζω</span> <span class='ocrx_word' id='word_1_291' title='bbox 788 2861 858 2916; x_wconf 85' lang='grc' dir='ltr'>δὲ</span> <span class='ocrx_word' id='word_1_292' title='bbox 906 2861 975 2915; x_wconf 70' lang='grc' dir='ltr'>ἐν</span> <span class='ocrx_word' id='word_1_293' title='bbox 1000 2863 1194 2930; x_wconf 81' lang='grc' dir='ltr'>Κυρίῳ</span> <span class='ocrx_word' id='word_1_294' title='bbox 1234 2860 1440 2925; x_wconf 84' lang='grc' dir='ltr'>Ἰησοῦ</span> <span class='ocrx_word' id='word_1_295' title='bbox 1503 2862 1780 2929; x_wconf 74' lang='grc' dir='ltr'>Τιμόθεον</span> <span class='ocrx_word' id='word_1_296' title='bbox 1821 2857 2048 2928; x_wconf 85' lang='grc' dir='ltr'>ταχέως</span> 
     </span>
    </p>
   </div>
   <div class='ocr_carea' id='block_1_44' title="bbox 551 2949 2052 3025">
    <p class='ocr_par' dir='ltr' id='par_1_44' title="bbox 551 2949 2052 3025">
     <span class='ocr_line' id='line_1_44' title="bbox 551 2949 2052 3025; baseline -0.005 -16"><span class='ocrx_word' id='word_1_297' title='bbox 551 2955 782 3025; x_wconf 64' lang='grc' dir='ltr'>πέμψαι</span> <span class='ocrx_word' id='word_1_298' title='bbox 802 2953 963 3021; x_wconf 78' lang='grc' dir='ltr'>ὑμῖν,</span> <span class='ocrx_word' id='word_1_299' title='bbox 987 2954 1087 3006; x_wconf 79' lang='grc' dir='ltr'>ἵνα</span> <span class='ocrx_word' id='word_1_300' title='bbox 1118 2950 1279 3021; x_wconf 74' lang='grc' dir='ltr'>κάγὼ</span> <span class='ocrx_word' id='word_1_301' title='bbox 1304 2950 1574 3019; x_wconf 73' lang='grc' dir='ltr'>εὐψυχῶ,</span> <span class='ocrx_word' id='word_1_302' title='bbox 1606 2950 1791 3019; x_wconf 78' lang='grc' dir='ltr'>γνοὺς</span> <span class='ocrx_word' id='word_1_303' title='bbox 1817 2949 1891 3002; x_wconf 86' lang='grc' dir='ltr'>τὰ</span> <span class='ocrx_word' id='word_1_304' title='bbox 1920 2950 2052 3017; x_wconf 76' lang='grc' dir='ltr'>περὶ</span> 
     </span>
    </p>
   </div>
   <div class='ocr_carea' id='block_1_45' title="bbox 551 3040 2054 3115">
    <p class='ocr_par' dir='ltr' id='par_1_45' title="bbox 551 3040 2054 3115">
     <span class='ocr_line' id='line_1_45' title="bbox 551 3040 2054 3115; baseline -0.007 -14"><span class='ocrx_word' id='word_1_305' title='bbox 551 3046 736 3115; x_wconf 78' lang='grc' dir='ltr'>ὑμῶν.</span> <span class='ocrx_word' id='word_1_306' title='bbox 777 3044 1007 3098; x_wconf 69' lang='grc' dir='ltr'>Οὐδένα</span> <span class='ocrx_word' id='word_1_307' title='bbox 1036 3045 1144 3113; x_wconf 67' lang='grc' dir='ltr'>γὰρ</span> <span class='ocrx_word' id='word_1_308' title='bbox 1181 3044 1298 3112; x_wconf 81' lang='grc' dir='ltr'>ἔχω</span> <span class='ocrx_word' id='word_1_309' title='bbox 1343 3043 1679 3109; x_wconf 65' lang='grc' dir='ltr'>ἰσόψυχον,</span> <span class='ocrx_word' id='word_1_310' title='bbox 1715 3040 1883 3107; x_wconf 85' lang='grc' dir='ltr'>ὅστις</span> <span class='ocrx_word' id='word_1_311' title='bbox 1913 3057 2054 3109; x_wconf 71' lang='grc' dir='ltr'>γνη-</span> 
     </span>
    </p>
   </div>
   <div class='ocr_carea' id='block_1_46' title="bbox 467 3130 2053 3204">
    <p class='ocr_par' dir='ltr' id='par_1_46' title="bbox 467 3130 2053 3204">
     <span class='ocr_line' id='line_1_46' title="bbox 467 3130 2053 3204; baseline -0.006 -12"><span class='ocrx_word' id='word_1_312' title='bbox 467 3148 473 3159; x_wconf 87' lang='grc'><em>’</em></span> <span class='ocrx_word' id='word_1_313' title='bbox 553 3139 700 3202; x_wconf 84' lang='grc' dir='ltr'>σίως</span> <span class='ocrx_word' id='word_1_314' title='bbox 729 3139 802 3190; x_wconf 84' lang='grc' dir='ltr'>τὰ</span> <span class='ocrx_word' id='word_1_315' title='bbox 841 3136 975 3203; x_wconf 78' lang='grc' dir='ltr'>περὶ</span> <span class='ocrx_word' id='word_1_316' title='bbox 1006 3134 1174 3204; x_wconf 78' lang='grc' dir='ltr'>ὑμῶν</span> <span class='ocrx_word' id='word_1_317' title='bbox 1192 3132 1567 3204; x_wconf 73' lang='grc' dir='ltr'>μεριμνήσει.</span> <span class='ocrx_word' id='word_1_318' title='bbox 1601 3135 1666 3185; x_wconf 86' lang='grc' dir='ltr'>Οί</span> <span class='ocrx_word' id='word_1_319' title='bbox 1695 3130 1918 3197; x_wconf 78' lang='grc' dir='ltr'>πάντες</span> <span class='ocrx_word' id='word_1_320' title='bbox 1942 3130 2053 3200; x_wconf 76' lang='grc' dir='ltr'>γὰρ</span> 
     </span>
    </p>
   </div>
   <div class='ocr_carea' id='block_1_47' title="bbox 555 3222 2049 3295">
    <p class='ocr_par' dir='ltr' id='par_1_47' title="bbox 555 3222 2049 3295">
     <span class='ocr_line' id='line_1_47' title="bbox 555 3222 2049 3295; baseline -0.005 -11"><span class='ocrx_word' id='word_1_321' title='bbox 555 3229 626 3284; x_wconf 81' lang='grc' dir='ltr'>τὰ</span> <span class='ocrx_word' id='word_1_322' title='bbox 650 3226 877 3283; x_wconf 78' lang='grc' dir='ltr'>ἑαυτῶν</span> <span class='ocrx_word' id='word_1_323' title='bbox 897 3226 1196 3295; x_wconf 82' lang='grc' dir='ltr'>ζητοῦσιν,</span> <span class='ocrx_word' id='word_1_324' title='bbox 1219 3228 1290 3279; x_wconf 88' lang='grc' dir='ltr'>οὐ</span> <span class='ocrx_word' id='word_1_325' title='bbox 1320 3225 1393 3279; x_wconf 82' lang='grc' dir='ltr'>τὰ</span> <span class='ocrx_word' id='word_1_326' title='bbox 1415 3225 1520 3278; x_wconf 86' lang='grc' dir='ltr'>τοῦ</span> <span class='ocrx_word' id='word_1_327' title='bbox 1537 3223 1792 3293; x_wconf 80' lang='grc' dir='ltr'>Χριστοῦ</span> <span class='ocrx_word' id='word_1_328' title='bbox 1828 3222 2049 3291; x_wconf 83' lang='grc' dir='ltr'>Ἰησοῦ.</span> 
     </span>
    </p>
   </div>
   <div class='ocr_carea' id='block_1_48' title="bbox 472 3405 2054 3478">
    <p class='ocr_par' dir='ltr' id='par_1_48' title="bbox 472 3405 2054 3478">
     <span class='ocr_line' id='line_1_48' title="bbox 472 3405 2054 3478; baseline -0.006 -11"><span class='ocrx_word' id='word_1_329' title='bbox 472 3416 475 3421; x_wconf 86' lang='grc'><em>’</em></span> <span class='ocrx_word' id='word_1_330' title='bbox 555 3418 623 3466; x_wconf 81' lang='grc' dir='ltr'>α’.</span> <span class='ocrx_word' id='word_1_331' title='bbox 638 3405 828 3472; x_wconf 79' lang='grc' dir='ltr'>Εἶπεν,</span> <span class='ocrx_word' id='word_1_332' title='bbox 846 3411 928 3463; x_wconf 82' lang='grc' dir='ltr'>ὅτι</span> <span class='ocrx_word' id='word_1_333' title='bbox 943 3408 1012 3463; x_wconf 83' lang='grc' dir='ltr'>τὰ</span> <span class='ocrx_word' id='word_1_334' title='bbox 1028 3409 1148 3462; x_wconf 84' lang='grc' dir='ltr'>κατ’</span> <span class='ocrx_word' id='word_1_335' title='bbox 1170 3406 1271 3478; x_wconf 79' lang='grc' dir='ltr'>ἐμὲ</span> <span class='ocrx_word' id='word_1_336' title='bbox 1296 3409 1375 3471; x_wconf 82' lang='grc' dir='ltr'>είς</span> <span class='ocrx_word' id='word_1_337' title='bbox 1396 3407 1679 3477; x_wconf 78' lang='grc' dir='ltr'>προκοπὴν</span> <span class='ocrx_word' id='word_1_338' title='bbox 1691 3405 1781 3460; x_wconf 90' lang='grc' dir='ltr'>τοῦ</span> <span class='ocrx_word' id='word_1_339' title='bbox 1808 3407 2054 3475; x_wconf 83' lang='grc' dir='ltr'>Εὐαγγε-</span> 
     </span>
    </p>
   </div>
   <div class='ocr_carea' id='block_1_49' title="bbox 485 3498 2053 3574">
    <p class='ocr_par' dir='ltr' id='par_1_49' title="bbox 485 3498 2053 3574">
     <span class='ocr_line' id='line_1_49' title="bbox 485 3498 2053 3574; baseline -0.004 -17"><span class='ocrx_word' id='word_1_340' title='bbox 485 3505 601 3558; x_wconf 82' lang='grc' dir='ltr'>λίου</span> <span class='ocrx_word' id='word_1_341' title='bbox 636 3502 930 3574; x_wconf 87' lang='grc' dir='ltr'>ἐλήλυθεν,</span> <span class='ocrx_word' id='word_1_342' title='bbox 976 3502 1156 3556; x_wconf 85' lang='grc' dir='ltr'>Ὥστε</span> <span class='ocrx_word' id='word_1_343' title='bbox 1197 3500 1339 3566; x_wconf 86' lang='grc' dir='ltr'>τοὺς</span> <span class='ocrx_word' id='word_1_344' title='bbox 1391 3498 1658 3565; x_wconf 83' lang='grc' dir='ltr'>δεσμούς</span> <span class='ocrx_word' id='word_1_345' title='bbox 1701 3516 1820 3568; x_wconf 85' lang='grc' dir='ltr'>μου</span> <span class='ocrx_word' id='word_1_346' title='bbox 1871 3498 2053 3567; x_wconf 47' lang='lat' dir='ltr'>pars;</span> 
     </span>
    </p>
   </div>
   <div class='ocr_carea' id='block_1_50' title="bbox 472 3584 2056 3665">
    <p class='ocr_par' dir='ltr' id='par_1_50' title="bbox 472 3584 2056 3665">
     <span class='ocr_line' id='line_1_50' title="bbox 472 3584 2056 3665; baseline -0.004 -16"><span class='ocrx_word' id='word_1_347' title='bbox 472 3595 630 3665; x_wconf 80' lang='grc' dir='ltr'>,ροὺς</span> <span class='ocrx_word' id='word_1_348' title='bbox 659 3594 937 3664; x_wconf 77' lang='grc' dir='ltr'>γενέσθαι</span> <span class='ocrx_word' id='word_1_349' title='bbox 969 3593 1038 3645; x_wconf 80' lang='grc' dir='ltr'>ἐν</span> <span class='ocrx_word' id='word_1_350' title='bbox 1063 3592 1183 3658; x_wconf 80' lang='grc' dir='ltr'>ὅλῳ</span> <span class='ocrx_word' id='word_1_351' title='bbox 1223 3589 1303 3656; x_wconf 81' lang='grc' dir='ltr'>τῷ</span> <span class='ocrx_word' id='word_1_352' title='bbox 1335 3590 1666 3659; x_wconf 78' lang='grc' dir='ltr'>πραιτωρίῳ</span> <span class='ocrx_word' id='word_1_353' title='bbox 1700 3606 1715 3620; x_wconf 69' lang='grc'><strong><em>⁸</em></strong></span> <span class='ocrx_word' id='word_1_354' title='bbox 1767 3584 1944 3653; x_wconf 76' lang='grc' dir='ltr'>εἶπεν,</span> <span class='ocrx_word' id='word_1_355' title='bbox 1974 3590 2056 3642; x_wconf 80' lang='grc' dir='ltr'>ὅτι</span> 
     </span>
    </p>
   </div>
   <div class='ocr_carea' id='block_1_51' title="bbox 478 3684 2059 3758">
    <p class='ocr_par' dir='ltr' id='par_1_51' title="bbox 478 3684 2059 3758">
     <span class='ocr_line' id='line_1_51' title="bbox 478 3684 2059 3758; baseline -0.008 -11"><span class='ocrx_word' id='word_1_356' title='bbox 478 3695 557 3748; x_wconf 79' lang='lat' dir='ltr'>El</span> <span class='ocrx_word' id='word_1_357' title='bbox 586 3692 685 3745; x_wconf 78' lang='grc' dir='ltr'>καί</span> <span class='ocrx_word' id='word_1_358' title='bbox 732 3689 1062 3758; x_wconf 83' lang='grc' dir='ltr'>σπένδομαι</span> <span class='ocrx_word' id='word_1_359' title='bbox 1097 3688 1194 3742; x_wconf 79' lang='grc' dir='ltr'>ἐπὶ</span> <span class='ocrx_word' id='word_1_360' title='bbox 1247 3686 1322 3755; x_wconf 78' lang='grc' dir='ltr'>τῇ</span> <span class='ocrx_word' id='word_1_361' title='bbox 1366 3687 1545 3752; x_wconf 75' lang='grc' dir='ltr'>θυσίᾳ</span> <span class='ocrx_word' id='word_1_362' title='bbox 1588 3686 1686 3738; x_wconf 78' lang='grc' dir='ltr'>καὶ</span> <span class='ocrx_word' id='word_1_363' title='bbox 1720 3684 2059 3753; x_wconf 76' lang='grc' dir='ltr'>λειτουργίᾳ</span> 
     </span>
    </p>
   </div>
   <div class='ocr_carea' id='block_1_52' title="bbox 488 3775 2055 3852">
    <p class='ocr_par' dir='ltr' id='par_1_52' title="bbox 488 3775 2055 3852">
     <span class='ocr_line' id='line_1_52' title="bbox 488 3775 2055 3852; baseline -0.006 -15"><span class='ocrx_word' id='word_1_364' title='bbox 488 3783 599 3852; x_wconf 80' lang='grc' dir='ltr'>τῆς</span> <span class='ocrx_word' id='word_1_365' title='bbox 642 3783 901 3847; x_wconf 83' lang='grc' dir='ltr'>πίστεως</span> <span class='ocrx_word' id='word_1_366' title='bbox 927 3780 1095 3850; x_wconf 81' lang='grc' dir='ltr'>ὑμῶν</span> <span class='ocrx_word' id='word_1_367' title='bbox 1117 3797 1131 3809; x_wconf 73' lang='grc' dir='ltr'>ο</span> <span class='ocrx_word' id='word_1_368' title='bbox 1164 3779 1448 3850; x_wconf 76' lang='grc' dir='ltr'>ἐστήριξεν</span> <span class='ocrx_word' id='word_1_369' title='bbox 1491 3777 1685 3839; x_wconf 80' lang='grc' dir='ltr'>αὐτοὺς</span> <span class='ocrx_word' id='word_1_370' title='bbox 1723 3776 1811 3830; x_wconf 78' lang='grc' dir='ltr'>διὰ</span> <span class='ocrx_word' id='word_1_371' title='bbox 1830 3775 2055 3829; x_wconf 84' lang='grc' dir='ltr'>τούτων.</span> 
     </span>
    </p>
   </div>
   <div class='ocr_carea' id='block_1_53' title="bbox 490 3865 2060 3938">
    <p class='ocr_par' dir='ltr' id='par_1_53' title="bbox 490 3865 2060 3938">
     <span class='ocr_line' id='line_1_53' title="bbox 490 3865 2060 3938; baseline -0.006 -12"><span class='ocrx_word' id='word_1_372' title='bbox 490 3874 652 3936; x_wconf 86' lang='grc' dir='ltr'>Ἴσως</span> <span class='ocrx_word' id='word_1_373' title='bbox 672 3873 737 3926; x_wconf 82' lang='grc' dir='ltr'>ἂν</span> <span class='ocrx_word' id='word_1_374' title='bbox 762 3871 1126 3925; x_wconf 81' lang='grc' dir='ltr'>ὑπώπτευσαν</span> <span class='ocrx_word' id='word_1_375' title='bbox 1152 3870 1219 3922; x_wconf 87' lang='grc' dir='ltr'>τὰ</span> <span class='ocrx_word' id='word_1_376' title='bbox 1243 3868 1485 3938; x_wconf 75' lang='grc' dir='ltr'>πρότερα</span> <span class='ocrx_word' id='word_1_377' title='bbox 1508 3865 1859 3937; x_wconf 85' lang='grc' dir='ltr'>παραμυθίας</span> <span class='ocrx_word' id='word_1_378' title='bbox 1877 3865 2060 3917; x_wconf 72' lang='grc' dir='ltr'>ἕνεκεν</span> 
     </span>
    </p>
   </div>
   <div class='ocr_carea' id='block_1_54' title="bbox 482 3955 2055 4035">
    <p class='ocr_par' dir='ltr' id='par_1_54' title="bbox 482 3955 2055 4035">
     <span class='ocr_line' id='line_1_54' title="bbox 482 3955 2055 4035; baseline -0.008 -17"><span class='ocrx_word' id='word_1_379' title='bbox 482 3965 762 4035; x_wconf 73' lang='grc' dir='ltr'>εἰρῆσθαι.</span> <span class='ocrx_word' id='word_1_380' title='bbox 797 3964 861 4015; x_wconf 93' lang='grc' dir='ltr'>Τί</span> <span class='ocrx_word' id='word_1_381' title='bbox 882 3958 973 4015; x_wconf 80' lang='grc' dir='ltr'>οὗν</span> <span class='ocrx_word' id='word_1_382' title='bbox 1008 3963 1171 4024; x_wconf 87' lang='grc' dir='ltr'>ποιεῖ,</span> <span class='ocrx_word' id='word_1_383' title='bbox 1200 3960 1295 4012; x_wconf 70' lang='grc' dir='ltr'>καὶ</span> <span class='ocrx_word' id='word_1_384' title='bbox 1341 3960 1458 4022; x_wconf 88' lang='grc' dir='ltr'>πῶς</span> <span class='ocrx_word' id='word_1_385' title='bbox 1487 3958 1603 4010; x_wconf 85' lang='grc' dir='ltr'>λύει</span> <span class='ocrx_word' id='word_1_386' title='bbox 1647 3957 1745 4027; x_wconf 87' lang='grc' dir='ltr'>τὴν</span> <span class='ocrx_word' id='word_1_387' title='bbox 1792 3955 2055 4024; x_wconf 70' lang='grc' dir='ltr'>ὐποψίαυς</span> 
     </span>
    </p>
   </div>
   <div class='ocr_carea' id='block_1_55' title="bbox 486 4047 2060 4126">
    <p class='ocr_par' dir='ltr' id='par_1_55' title="bbox 486 4047 2060 4126">
     <span class='ocr_line' id='line_1_55' title="bbox 486 4047 2060 4126; baseline -0.006 -17"><span class='ocrx_word' id='word_1_388' title='bbox 486 4056 754 4126; x_wconf 82' lang='grc' dir='ltr'>Τιμόθεον</span> <span class='ocrx_word' id='word_1_389' title='bbox 782 4055 983 4123; x_wconf 80' lang='grc' dir='ltr'>πέμπω</span> <span class='ocrx_word' id='word_1_390' title='bbox 1010 4054 1145 4122; x_wconf 81' lang='grc' dir='ltr'>πρὸς</span> <span class='ocrx_word' id='word_1_391' title='bbox 1176 4051 1337 4121; x_wconf 76' lang='grc' dir='ltr'>ὑμᾶς,</span> <span class='ocrx_word' id='word_1_392' title='bbox 1373 4050 1504 4120; x_wconf 84' lang='grc' dir='ltr'>φησί</span> <span class='ocrx_word' id='word_1_393' title='bbox 1530 4065 1543 4079; x_wconf 88' lang='grc'><strong>·</strong></span> <span class='ocrx_word' id='word_1_394' title='bbox 1575 4049 1670 4102; x_wconf 74' lang='grc' dir='ltr'>καὶ</span> <span class='ocrx_word' id='word_1_395' title='bbox 1696 4048 1802 4117; x_wconf 85' lang='grc' dir='ltr'>γὰρ</span> <span class='ocrx_word' id='word_1_396' title='bbox 1836 4047 2060 4099; x_wconf 77' lang='grc' dir='ltr'>ἐπόθουν</span> 
     </span>
    </p>
   </div>
   <div class='ocr_carea' id='block_1_56' title="bbox 484 4134 2062 4200">
    <p class='ocr_par' dir='ltr' id='par_1_56' title="bbox 484 4134 2062 4200">
     <span class='ocr_line' id='line_1_56' title="bbox 484 4134 2062 4200; baseline -0.01 0"><span class='ocrx_word' id='word_1_397' title='bbox 484 4146 672 4200; x_wconf 72' lang='grc' dir='ltr'>πάντα</span> <span class='ocrx_word' id='word_1_398' title='bbox 697 4143 922 4198; x_wconf 81' lang='grc' dir='ltr'>ἀκοῦσαι</span> <span class='ocrx_word' id='word_1_399' title='bbox 950 4143 1017 4195; x_wconf 79' lang='grc' dir='ltr'>τὰ</span> <span class='ocrx_word' id='word_1_400' title='bbox 1050 4141 1170 4195; x_wconf 80' lang='grc' dir='ltr'>κατ’</span> <span class='ocrx_word' id='word_1_401' title='bbox 1194 4140 1375 4193; x_wconf 85' lang='grc' dir='ltr'>αὐτόν.</span> <span class='ocrx_word' id='word_1_402' title='bbox 1419 4140 1531 4191; x_wconf 65' lang='grc' dir='ltr'>Καὶ</span> <span class='ocrx_word' id='word_1_403' title='bbox 1573 4136 1715 4199; x_wconf 85' lang='grc' dir='ltr'>τίνος</span> <span class='ocrx_word' id='word_1_404' title='bbox 1750 4135 1933 4187; x_wconf 79' lang='grc' dir='ltr'>ἐνεκεν</span> <span class='ocrx_word' id='word_1_405' title='bbox 1961 4134 2062 4186; x_wconf 89' lang='grc' dir='ltr'>οὐκ</span> 
     </span>
    </p>
   </div>
   <div class='ocr_carea' id='block_1_57' title="bbox 496 4224 2062 4303">
    <p class='ocr_par' dir='ltr' id='par_1_57' title="bbox 496 4224 2062 4303">
     <span class='ocr_line' id='line_1_57' title="bbox 496 4224 2062 4303; baseline -0.011 -8"><span class='ocrx_word' id='word_1_406' title='bbox 496 4238 668 4302; x_wconf 80' lang='grc' dir='ltr'>εἶπεν,</span> <span class='ocrx_word' id='word_1_407' title='bbox 704 4239 822 4292; x_wconf 84' lang='grc' dir='ltr'>Ἵνα</span> <span class='ocrx_word' id='word_1_408' title='bbox 850 4230 1023 4301; x_wconf 87' lang='grc' dir='ltr'>γνῶτε</span> <span class='ocrx_word' id='word_1_409' title='bbox 1061 4234 1129 4286; x_wconf 73' lang='grc' dir='ltr'>τὰ</span> <span class='ocrx_word' id='word_1_410' title='bbox 1175 4231 1302 4303; x_wconf 72' lang='grc' dir='ltr'>περὶ</span> <span class='ocrx_word' id='word_1_411' title='bbox 1329 4228 1484 4300; x_wconf 83' lang='grc' dir='ltr'>ἐμοῦ,</span> <span class='ocrx_word' id='word_1_412' title='bbox 1513 4228 1647 4292; x_wconf 84' lang='grc' dir='ltr'>ἀλλ’,</span> <span class='ocrx_word' id='word_1_413' title='bbox 1702 4228 1818 4280; x_wconf 83' lang='grc' dir='ltr'>Ἵνα</span> <span class='ocrx_word' id='word_1_414' title='bbox 1852 4225 1963 4293; x_wconf 89' lang='grc' dir='ltr'>γνῶ</span> <span class='ocrx_word' id='word_1_415' title='bbox 1994 4224 2062 4278; x_wconf 84' lang='grc' dir='ltr'>τά</span> 
     </span>
    </p>
   </div>
   <div class='ocr_carea' id='block_1_58' title="bbox 497 4319 2064 4403">
    <p class='ocr_par' dir='ltr' id='par_1_58' title="bbox 497 4319 2064 4403">
     <span class='ocr_line' id='line_1_58' title="bbox 497 4319 2064 4403; baseline -0.011 -17"><span class='ocrx_word' id='word_1_416' title='bbox 497 4332 735 4403; x_wconf 74' lang='grc' dir='ltr'>ὑμέτερα</span> <span class='ocrx_word' id='word_1_417' title='bbox 760 4347 774 4391; x_wconf 85' lang='grc'>;</span> <span class='ocrx_word' id='word_1_418' title='bbox 802 4329 882 4382; x_wconf 90' lang='grc' dir='ltr'>Τά</span> <span class='ocrx_word' id='word_1_419' title='bbox 912 4328 1009 4398; x_wconf 83' lang='grc' dir='ltr'>μὲν</span> <span class='ocrx_word' id='word_1_420' title='bbox 1027 4327 1134 4396; x_wconf 76' lang='grc' dir='ltr'>γὰρ</span> <span class='ocrx_word' id='word_1_421' title='bbox 1163 4321 1329 4377; x_wconf 86' lang='grc' dir='ltr'>αὐτοῦ</span> <span class='ocrx_word' id='word_1_422' title='bbox 1366 4320 1749 4392; x_wconf 83' lang='grc' dir='ltr'>Ἐπαφρόδιτος</span> <span class='ocrx_word' id='word_1_423' title='bbox 1774 4319 1879 4388; x_wconf 85' lang='grc' dir='ltr'>πρὸ</span> <span class='ocrx_word' id='word_1_424' title='bbox 1900 4319 2064 4389; x_wconf 89' lang='grc' dir='ltr'>Τιμο-</span> 
     </span>
    </p>
   </div>
   <div class='ocr_carea' id='block_1_59' title="bbox 491 4412 2066 4493">
    <p class='ocr_par' dir='ltr' id='par_1_59' title="bbox 491 4412 2066 4493">
     <span class='ocr_line' id='line_1_59' title="bbox 491 4412 2066 4493; baseline -0.009 -15"><span class='ocrx_word' id='word_1_425' title='bbox 491 4423 623 4479; x_wconf 82' lang='grc' dir='ltr'>θέου</span> <span class='ocrx_word' id='word_1_426' title='bbox 647 4422 867 4493; x_wconf 77' lang='grc' dir='ltr'>ἔμελλεν</span> <span class='ocrx_word' id='word_1_427' title='bbox 896 4417 1291 4487; x_wconf 68' lang='grc' dir='ltr'>ἀπαγγέλλειν*</span> <span class='ocrx_word' id='word_1_428' title='bbox 1322 4415 1400 4469; x_wconf 81' lang='grc' dir='ltr'>διὸ</span> <span class='ocrx_word' id='word_1_429' title='bbox 1448 4412 1655 4479; x_wconf 82' lang='grc' dir='ltr'>προϊών</span> <span class='ocrx_word' id='word_1_430' title='bbox 1688 4428 1871 4482; x_wconf 87' lang='grc' dir='ltr'>φησιν,</span> <span class='ocrx_word' id='word_1_431' title='bbox 1907 4412 2066 4465; x_wconf 71' lang='grc' dir='ltr'>Ἀνα-</span> 
     </span>
    </p>
   </div>
   <div class='ocr_carea' id='block_1_60' title="bbox 498 4503 2066 4587">
    <p class='ocr_par' dir='ltr' id='par_1_60' title="bbox 498 4503 2066 4587">
     <span class='ocr_line' id='line_1_60' title="bbox 498 4503 2066 4587; baseline -0.009 -18"><span class='ocrx_word' id='word_1_432' title='bbox 498 4515 706 4587; x_wconf 68' lang='grc' dir='ltr'>γκαῖον</span> <span class='ocrx_word' id='word_1_433' title='bbox 737 4514 804 4566; x_wconf 80' lang='grc' dir='ltr'>δὲ</span> <span class='ocrx_word' id='word_1_434' title='bbox 840 4511 1163 4581; x_wconf 74' lang='grc' dir='ltr'>ἡγησάμην</span> <span class='ocrx_word' id='word_1_435' title='bbox 1205 4505 1636 4576; x_wconf 64' lang='grc' dir='ltr'>Ἐπαφρόδιτον</span> <span class='ocrx_word' id='word_1_436' title='bbox 1664 4505 1771 4558; x_wconf 76' lang='grc' dir='ltr'>τὸν</span> <span class='ocrx_word' id='word_1_437' title='bbox 1798 4503 2066 4572; x_wconf 66' lang='grc' dir='ltr'>ἀδελφὸν</span> 
     </span>
    </p>
   </div>
   <div class='ocr_carea' id='block_1_61' title="bbox 494 4597 2063 4675">
    <p class='ocr_par' dir='ltr' id='par_1_61' title="bbox 494 4597 2063 4675">
     <span class='ocr_line' id='line_1_61' title="bbox 494 4597 2063 4675; baseline -0.008 -15"><span class='ocrx_word' id='word_1_438' title='bbox 494 4610 729 4675; x_wconf 69' lang='grc' dir='ltr'>πέμψαι</span> <span class='ocrx_word' id='word_1_439' title='bbox 762 4603 910 4673; x_wconf 82' lang='grc' dir='ltr'>πρὸς</span> <span class='ocrx_word' id='word_1_440' title='bbox 941 4602 1117 4672; x_wconf 82' lang='grc' dir='ltr'>ὑμᾶς.</span> <span class='ocrx_word' id='word_1_441' title='bbox 1141 4602 1222 4654; x_wconf 80' lang='grc' dir='ltr'>Τὰ</span> <span class='ocrx_word' id='word_1_442' title='bbox 1245 4602 1301 4654; x_wconf 83' lang='grc' dir='ltr'>δὲ</span> <span class='ocrx_word' id='word_1_443' title='bbox 1333 4601 1573 4672; x_wconf 88' lang='grc' dir='ltr'>ὐμέτερα</span> <span class='ocrx_word' id='word_1_444' title='bbox 1602 4598 1882 4669; x_wconf 85' lang='grc' dir='ltr'>βούλομαι,</span> <span class='ocrx_word' id='word_1_445' title='bbox 1908 4597 2063 4666; x_wconf 80' lang='grc' dir='ltr'>φησὶ,</span> 
     </span>
    </p>
   </div>
   <div class='ocr_carea' id='block_1_62' title="bbox 490 4690 2067 4770">
    <p class='ocr_par' dir='ltr' id='par_1_62' title="bbox 490 4690 2067 4770">
     <span class='ocr_line' id='line_1_62' title="bbox 490 4690 2067 4770; baseline -0.006 -17"><span class='ocrx_word' id='word_1_446' title='bbox 490 4700 717 4770; x_wconf 84' lang='grc' dir='ltr'>μαθεῖν.</span> <span class='ocrx_word' id='word_1_447' title='bbox 754 4698 928 4751; x_wconf 79' lang='grc' dir='ltr'>Πολύν</span> <span class='ocrx_word' id='word_1_448' title='bbox 964 4697 1071 4768; x_wconf 79' lang='grc' dir='ltr'>γὰρ</span> <span class='ocrx_word' id='word_1_449' title='bbox 1108 4694 1253 4758; x_wconf 81' lang='grc' dir='ltr'>είκὺς</span> <span class='ocrx_word' id='word_1_450' title='bbox 1287 4693 1447 4747; x_wconf 82' lang='grc' dir='ltr'>αὐτὸν</span> <span class='ocrx_word' id='word_1_451' title='bbox 1490 4690 1846 4760; x_wconf 82' lang='grc' dir='ltr'>πεποιηκέναι</span> <span class='ocrx_word' id='word_1_452' title='bbox 1878 4690 2067 4761; x_wconf 90' lang='grc' dir='ltr'>χρόνον</span> 
     </span>
    </p>
   </div>
   <div class='ocr_carea' id='block_1_63' title="bbox 494 4783 2065 4861">
    <p class='ocr_par' dir='ltr' id='par_1_63' title="bbox 494 4783 2065 4861">
     <span class='ocr_line' id='line_1_63' title="bbox 494 4783 2065 4861; baseline -0.006 -15"><span class='ocrx_word' id='word_1_453' title='bbox 494 4794 656 4861; x_wconf 71' lang='grc' dir='ltr'>σπαρά</span> <span class='ocrx_word' id='word_1_454' title='bbox 698 4788 773 4859; x_wconf 82' lang='grc' dir='ltr'>τῷ</span> <span class='ocrx_word' id='word_1_455' title='bbox 801 4787 999 4858; x_wconf 83' lang='grc' dir='ltr'>Παύλῳ</span> <span class='ocrx_word' id='word_1_456' title='bbox 1035 4787 1124 4840; x_wconf 84' lang='grc' dir='ltr'>διὰ</span> <span class='ocrx_word' id='word_1_457' title='bbox 1150 4786 1249 4858; x_wconf 79' lang='grc' dir='ltr'>τὴν</span> <span class='ocrx_word' id='word_1_458' title='bbox 1280 4785 1563 4839; x_wconf 77' lang='grc' dir='ltr'>ἀσθένειαν</span> <span class='ocrx_word' id='word_1_459' title='bbox 1596 4785 1693 4855; x_wconf 72' lang='grc' dir='ltr'>τὴν</span> <span class='ocrx_word' id='word_1_460' title='bbox 1726 4783 2065 4852; x_wconf 84' lang='grc' dir='ltr'>σωματικήν.</span> 
     </span>
    </p>
   </div>
   <div class='ocr_carea' id='block_1_64' title="bbox 500 4872 2067 4949">
    <p class='ocr_par' dir='ltr' id='par_1_64' title="bbox 500 4872 2067 4949">
     <span class='ocr_line' id='line_1_64' title="bbox 500 4872 2067 4949; baseline -0.006 -13"><span class='ocrx_word' id='word_1_461' title='bbox 500 4884 669 4935; x_wconf 79' lang='grc' dir='ltr'>Ὥστε</span> <span class='ocrx_word' id='word_1_462' title='bbox 714 4880 1027 4947; x_wconf 82' lang='grc' dir='ltr'>ἀναγκαίως</span> <span class='ocrx_word' id='word_1_463' title='bbox 1060 4877 1343 4949; x_wconf 86' lang='grc' dir='ltr'>βούλομαι,</span> <span class='ocrx_word' id='word_1_464' title='bbox 1390 4877 1542 4945; x_wconf 75' lang='grc' dir='ltr'>φησὶ,</span> <span class='ocrx_word' id='word_1_465' title='bbox 1603 4875 1791 4946; x_wconf 88' lang='grc' dir='ltr'>μαθεῖν</span> <span class='ocrx_word' id='word_1_466' title='bbox 1834 4874 1902 4927; x_wconf 73' lang='grc' dir='ltr'>τὰ</span> <span class='ocrx_word' id='word_1_467' title='bbox 1945 4872 2067 4927; x_wconf 84' lang='grc' dir='ltr'>καθ’</span> 
     </span>
    </p>
   </div>
   <div class='ocr_carea' id='block_1_65' title="bbox 508 4966 2071 5045">
    <p class='ocr_par' dir='ltr' id='par_1_65' title="bbox 508 4966 2071 5045">
     <span class='ocr_line' id='line_1_65' title="bbox 508 4966 2071 5045; baseline -0.005 -18"><span class='ocrx_word' id='word_1_468' title='bbox 508 4976 668 5045; x_wconf 82' lang='grc' dir='ltr'>ὑμᾶς.</span> <span class='ocrx_word' id='word_1_469' title='bbox 708 4973 851 5042; x_wconf 86' lang='grc' dir='ltr'>Ὅρα</span> <span class='ocrx_word' id='word_1_470' title='bbox 882 4972 998 5035; x_wconf 90' lang='grc' dir='ltr'>πῶς</span> <span class='ocrx_word' id='word_1_471' title='bbox 1043 4972 1216 5024; x_wconf 83' lang='grc' dir='ltr'>πάντα</span> <span class='ocrx_word' id='word_1_472' title='bbox 1261 4969 1543 5037; x_wconf 78' lang='grc' dir='ltr'>ἀνατίθησι</span> <span class='ocrx_word' id='word_1_473' title='bbox 1585 4969 1663 5039; x_wconf 81' lang='grc' dir='ltr'>τῷ</span> <span class='ocrx_word' id='word_1_474' title='bbox 1698 4966 1937 5039; x_wconf 82' lang='grc' dir='ltr'>Χριστῷ,</span> <span class='ocrx_word' id='word_1_475' title='bbox 1976 4966 2071 5020; x_wconf 68' lang='grc' dir='ltr'>καὶ</span> 
     </span>
    </p>
   </div>
   <div class='ocr_carea' id='block_1_66' title="bbox 508 5057 2070 5138">
    <p class='ocr_par' dir='ltr' id='par_1_66' title="bbox 508 5057 2070 5138">
     <span class='ocr_line' id='line_1_66' title="bbox 508 5057 2070 5138; baseline -0.005 -20"><span class='ocrx_word' id='word_1_476' title='bbox 508 5067 612 5138; x_wconf 82' lang='grc' dir='ltr'>τὴν</span> <span class='ocrx_word' id='word_1_477' title='bbox 642 5062 944 5136; x_wconf 79' lang='grc' dir='ltr'>ἀποστολὴν</span> <span class='ocrx_word' id='word_1_478' title='bbox 994 5062 1087 5116; x_wconf 89' lang='grc' dir='ltr'>τοῦ</span> <span class='ocrx_word' id='word_1_479' title='bbox 1141 5060 1426 5131; x_wconf 85' lang='grc' dir='ltr'>Τιμοθέου,</span> <span class='ocrx_word' id='word_1_480' title='bbox 1460 5060 1651 5127; x_wconf 87' lang='grc' dir='ltr'>λέγων,</span> <span class='ocrx_word' id='word_1_481' title='bbox 1699 5058 1948 5118; x_wconf 77' lang='grc' dir='ltr'>Ἐλπίζω</span> <span class='ocrx_word' id='word_1_482' title='bbox 2000 5057 2070 5110; x_wconf 80' lang='grc' dir='ltr'>δὲ</span> 
     </span>
    </p>
   </div>
   <div class='ocr_carea' id='block_1_67' title="bbox 506 5149 2071 5225">
    <p class='ocr_par' dir='ltr' id='par_1_67' title="bbox 506 5149 2071 5225">
     <span class='ocr_line' id='line_1_67' title="bbox 506 5149 2071 5225; baseline -0.005 -14"><span class='ocrx_word' id='word_1_483' title='bbox 506 5158 576 5211; x_wconf 79' lang='grc' dir='ltr'>ἐν</span> <span class='ocrx_word' id='word_1_484' title='bbox 606 5157 799 5225; x_wconf 84' lang='grc' dir='ltr'>Κυρίῳ</span> <span class='ocrx_word' id='word_1_485' title='bbox 838 5154 1063 5223; x_wconf 79' lang='grc' dir='ltr'>Ἰησοῦ,</span> <span class='ocrx_word' id='word_1_486' title='bbox 1097 5154 1366 5217; x_wconf 82' lang='grc' dir='ltr'>τουτέστι,</span> <span class='ocrx_word' id='word_1_487' title='bbox 1398 5152 1547 5225; x_wconf 71' lang='grc'>[264]</span> <span class='ocrx_word' id='word_1_488' title='bbox 1578 5152 1783 5225; x_wconf 76' lang='grc' dir='ltr'>θαρρῶ,</span> <span class='ocrx_word' id='word_1_489' title='bbox 1817 5153 1897 5205; x_wconf 84' lang='grc' dir='ltr'>ὅτι</span> <span class='ocrx_word' id='word_1_490' title='bbox 1923 5149 2071 5216; x_wconf 82' lang='grc' dir='ltr'>ἐξευ-</span> 
     </span>
    </p>
   </div>
   <div class='ocr_carea' id='block_1_68' title="bbox 502 5244 2071 5319">
    <p class='ocr_par' dir='ltr' id='par_1_68' title="bbox 502 5244 2071 5319">
     <span class='ocr_line' id='line_1_68' title="bbox 502 5244 2071 5319; baseline -0.002 -19"><span class='ocrx_word' id='word_1_491' title='bbox 502 5249 732 5318; x_wconf 50' lang='grc' dir='ltr'>νμαρὶσει</span> <span class='ocrx_word' id='word_1_492' title='bbox 764 5265 849 5319; x_wconf 87' lang='grc' dir='ltr'>μοι</span> <span class='ocrx_word' id='word_1_493' title='bbox 876 5250 903 5301; x_wconf 94' lang='lat'>6</span> <span class='ocrx_word' id='word_1_494' title='bbox 924 5246 1055 5308; x_wconf 84' lang='grc' dir='ltr'>Θεὸς</span> <span class='ocrx_word' id='word_1_495' title='bbox 1076 5246 1253 5309; x_wconf 88' lang='grc' dir='ltr'>τοῦτο,</span> <span class='ocrx_word' id='word_1_496' title='bbox 1280 5246 1379 5298; x_wconf 81' lang='grc' dir='ltr'>ἵνα</span> <span class='ocrx_word' id='word_1_497' title='bbox 1414 5246 1575 5314; x_wconf 78' lang='grc' dir='ltr'>κάγὼ</span> <span class='ocrx_word' id='word_1_498' title='bbox 1599 5245 1867 5314; x_wconf 65' lang='grc' dir='ltr'>εὐψυχῶ,</span> <span class='ocrx_word' id='word_1_499' title='bbox 1890 5244 2071 5313; x_wconf 74' lang='grc' dir='ltr'>γνοὺς</span> 
     </span>
    </p>
   </div>
   <div class='ocr_carea' id='block_1_69' title="bbox 510 5336 2070 5408">
    <p class='ocr_par' dir='ltr' id='par_1_69' title="bbox 510 5336 2070 5408">
     <span class='ocr_line' id='line_1_69' title="bbox 510 5336 2070 5408; baseline -0.003 -15"><span class='ocrx_word' id='word_1_500' title='bbox 510 5340 580 5393; x_wconf 77' lang='grc' dir='ltr'>τὰ</span> <span class='ocrx_word' id='word_1_501' title='bbox 609 5338 740 5408; x_wconf 84' lang='grc' dir='ltr'>περί</span> <span class='ocrx_word' id='word_1_502' title='bbox 784 5338 967 5407; x_wconf 73' lang='grc' dir='ltr'>ὑμῶν.</span> <span class='ocrx_word' id='word_1_503' title='bbox 1004 5338 1213 5408; x_wconf 81' lang='grc' dir='ltr'>Ὠσπερ</span> <span class='ocrx_word' id='word_1_504' title='bbox 1248 5338 1409 5407; x_wconf 82' lang='grc' dir='ltr'>ὑμᾶς,</span> <span class='ocrx_word' id='word_1_505' title='bbox 1461 5337 1643 5407; x_wconf 79' lang='grc' dir='ltr'>φησὶν,</span> <span class='ocrx_word' id='word_1_506' title='bbox 1684 5336 2070 5406; x_wconf 83' lang='grc' dir='ltr'>ἀνεκτησάμην</span> 
     </span>
    </p>
   </div>
   <div class='ocr_carea' id='block_1_70' title="bbox 503 5423 2071 5496">
    <p class='ocr_par' dir='ltr' id='par_1_70' title="bbox 503 5423 2071 5496">
     <span class='ocr_line' id='line_1_70' title="bbox 503 5423 2071 5496; baseline -0.005 -13"><span class='ocrx_word' id='word_1_507' title='bbox 503 5430 680 5483; x_wconf 79' lang='grc' dir='ltr'>ταῦτα</span> <span class='ocrx_word' id='word_1_508' title='bbox 706 5430 1063 5493; x_wconf 83' lang='grc' dir='ltr'>ἀκούσαντας,</span> <span class='ocrx_word' id='word_1_509' title='bbox 1096 5427 1239 5496; x_wconf 82' lang='grc' dir='ltr'>ἀπερ</span> <span class='ocrx_word' id='word_1_510' title='bbox 1278 5424 1506 5496; x_wconf 86' lang='grc' dir='ltr'>ηὐχεσθε</span> <span class='ocrx_word' id='word_1_511' title='bbox 1534 5426 1661 5494; x_wconf 74' lang='grc' dir='ltr'>περὶ</span> <span class='ocrx_word' id='word_1_512' title='bbox 1702 5423 1858 5494; x_wconf 80' lang='grc' dir='ltr'>ἐμοῦ,</span> <span class='ocrx_word' id='word_1_513' title='bbox 1903 5423 1980 5476; x_wconf 77' lang='grc' dir='ltr'>ὅτι</span> <span class='ocrx_word' id='word_1_514' title='bbox 2012 5424 2071 5476; x_wconf 83' lang='grc' dir='ltr'>τὸ</span> 
     </span>
    </p>
   </div>
   <div class='ocr_carea' id='block_1_71' title="bbox 512 5516 2069 5589">
    <p class='ocr_par' dir='ltr' id='par_1_71' title="bbox 512 5516 2069 5589">
     <span class='ocr_line' id='line_1_71' title="bbox 512 5516 2069 5589; baseline -0.004 -14"><span class='ocrx_word' id='word_1_515' title='bbox 512 5518 1169 5589; x_wconf 82' lang='grc' dir='ltr'>Εὐαγγέλιονὲπέδωκεν,</span> <span class='ocrx_word' id='word_1_516' title='bbox 1224 5518 1305 5570; x_wconf 84' lang='grc' dir='ltr'>ὃτι</span> <span class='ocrx_word' id='word_1_517' title='bbox 1355 5516 1803 5587; x_wconf 81' lang='grc' dir='ltr'>κατῃσχύνθησαν</span> <span class='ocrx_word' id='word_1_518' title='bbox 1856 5516 2069 5579; x_wconf 81' lang='grc' dir='ltr'>ἐκεῖνοι,</span> 
     </span>
    </p>
   </div>
   <div class='ocr_carea' id='block_1_72' title="bbox 504 5606 2069 5683">
    <p class='ocr_par' dir='ltr' id='par_1_72' title="bbox 504 5606 2069 5683">
     <span class='ocr_line' id='line_1_72' title="bbox 504 5606 2069 5683; baseline -0.004 -17"><span class='ocrx_word' id='word_1_519' title='bbox 504 5614 594 5667; x_wconf 67' lang='grc' dir='ltr'>δτι</span> <span class='ocrx_word' id='word_1_520' title='bbox 625 5613 694 5665; x_wconf 82' lang='grc' dir='ltr'>δι’</span> <span class='ocrx_word' id='word_1_521' title='bbox 723 5607 801 5666; x_wconf 83' lang='grc' dir='ltr'>ὧν</span> <span class='ocrx_word' id='word_1_522' title='bbox 834 5610 1082 5683; x_wconf 80' lang='grc' dir='ltr'>ἐνόμιζον</span> <span class='ocrx_word' id='word_1_523' title='bbox 1115 5610 1391 5680; x_wconf 83' lang='grc' dir='ltr'>βλάπτειν,</span> <span class='ocrx_word' id='word_1_524' title='bbox 1417 5610 1506 5663; x_wconf 89' lang='grc' dir='ltr'>διά</span> <span class='ocrx_word' id='word_1_525' title='bbox 1534 5607 1735 5662; x_wconf 86' lang='grc' dir='ltr'>τούτων</span> <span class='ocrx_word' id='word_1_526' title='bbox 1770 5606 2069 5677; x_wconf 66' lang='grc' dir='ltr'>εῦφραναψ</span> 
     </span>
    </p>
   </div>
   <div class='ocr_carea' id='block_1_73' title="bbox 513 5700 2073 5773">
    <p class='ocr_par' dir='ltr' id='par_1_73' title="bbox 513 5700 2073 5773">
     <span class='ocr_line' id='line_1_73' title="bbox 513 5700 2073 5773; baseline -0.003 -16"><span class='ocrx_word' id='word_1_527' title='bbox 513 5702 655 5757; x_wconf 81' lang='grc' dir='ltr'>οῦτω</span> <span class='ocrx_word' id='word_1_528' title='bbox 694 5703 948 5773; x_wconf 82' lang='grc' dir='ltr'>βούλομαι</span> <span class='ocrx_word' id='word_1_529' title='bbox 976 5704 1072 5756; x_wconf 76' lang='grc' dir='ltr'>καὶ</span> <span class='ocrx_word' id='word_1_530' title='bbox 1092 5703 1159 5755; x_wconf 88' lang='grc' dir='ltr'>τά</span> <span class='ocrx_word' id='word_1_531' title='bbox 1192 5701 1313 5755; x_wconf 88' lang='grc' dir='ltr'>καθ’</span> <span class='ocrx_word' id='word_1_532' title='bbox 1359 5702 1500 5771; x_wconf 80' lang='grc' dir='ltr'>ὑμᾶς</span> <span class='ocrx_word' id='word_1_533' title='bbox 1535 5700 1744 5770; x_wconf 85' lang='grc' dir='ltr'>μαθεῖν,</span> <span class='ocrx_word' id='word_1_534' title='bbox 1784 5700 1883 5755; x_wconf 75' lang='grc' dir='ltr'>ἵνα</span> <span class='ocrx_word' id='word_1_535' title='bbox 1913 5700 2073 5764; x_wconf 72' lang='grc' dir='ltr'>κάγὼ</span> 
     </span>
    </p>
   </div>
   <div class='ocr_carea' id='block_1_74' title="bbox 515 5790 2068 5864">
    <p class='ocr_par' dir='ltr' id='par_1_74' title="bbox 515 5790 2068 5864">
     <span class='ocr_line' id='line_1_74' title="bbox 515 5790 2068 5864; baseline -0.003 -16"><span class='ocrx_word' id='word_1_536' title='bbox 515 5794 780 5863; x_wconf 67' lang='grc' dir='ltr'>εὐψυχῶ,</span> <span class='ocrx_word' id='word_1_537' title='bbox 819 5794 999 5862; x_wconf 76' lang='grc' dir='ltr'>γνοὺς</span> <span class='ocrx_word' id='word_1_538' title='bbox 1037 5795 1108 5847; x_wconf 81' lang='grc' dir='ltr'>τὰ</span> <span class='ocrx_word' id='word_1_539' title='bbox 1134 5793 1266 5861; x_wconf 78' lang='grc' dir='ltr'>περὶ</span> <span class='ocrx_word' id='word_1_540' title='bbox 1302 5792 1485 5864; x_wconf 81' lang='grc' dir='ltr'>ὑμῶν.</span> <span class='ocrx_word' id='word_1_541' title='bbox 1531 5790 1773 5845; x_wconf 89' lang='grc' dir='ltr'>Δεικνύει</span> <span class='ocrx_word' id='word_1_542' title='bbox 1814 5790 2068 5854; x_wconf 85' lang='grc' dir='ltr'>ἐνταῦθα,</span> 
     </span>
    </p>
   </div>
   <div class='ocr_carea' id='block_1_75' title="bbox 517 5884 2070 5958">
    <p class='ocr_par' dir='ltr' id='par_1_75' title="bbox 517 5884 2070 5958">
     <span class='ocr_line' id='line_1_75' title="bbox 517 5884 2070 5958; baseline -0.001 -19"><span class='ocrx_word' id='word_1_543' title='bbox 517 5887 599 5939; x_wconf 74' lang='grc' dir='ltr'>ὅτι</span> <span class='ocrx_word' id='word_1_544' title='bbox 631 5884 869 5949; x_wconf 75' lang='grc' dir='ltr'>ἐκείνους</span> <span class='ocrx_word' id='word_1_545' title='bbox 898 5886 1106 5957; x_wconf 84' lang='grc' dir='ltr'>χαίρειν</span> <span class='ocrx_word' id='word_1_546' title='bbox 1137 5885 1241 5939; x_wconf 78' lang='grc' dir='ltr'>ἔδει</span> <span class='ocrx_word' id='word_1_547' title='bbox 1289 5888 1396 5958; x_wconf 73' lang='grc' dir='ltr'>ἐπὶ¹</span> <span class='ocrx_word' id='word_1_548' title='bbox 1417 5888 1529 5950; x_wconf 84' lang='grc' dir='ltr'>τοῖς</span> <span class='ocrx_word' id='word_1_549' title='bbox 1557 5884 1792 5953; x_wconf 85' lang='grc' dir='ltr'>δεσμοῖς,</span> <span class='ocrx_word' id='word_1_550' title='bbox 1828 5886 1919 5937; x_wconf 79' lang='grc' dir='ltr'>καὶ</span> <span class='ocrx_word' id='word_1_551' title='bbox 1946 5885 2070 5937; x_wconf 89' lang='grc' dir='ltr'>τού-</span> 
     </span>
    </p>
   </div>
   <div class='ocr_carea' id='block_1_76' title="bbox 2146 2858 3719 2937">
    <p class='ocr_par' dir='ltr' id='par_1_76' title="bbox 2146 2858 3719 2937">
     <span class='ocr_line' id='line_1_76' title="bbox 2146 2858 3719 2937; baseline 0.003 -24"><span class='ocrx_word' id='word_1_552' title='bbox 2146 2877 2264 2924; x_wconf 83' lang='grc' dir='ltr'>τοις</span> <span class='ocrx_word' id='word_1_553' title='bbox 2292 2858 2708 2915; x_wconf 80' lang='grc' dir='ltr'>κατακολουθεῖν</span> <span class='ocrx_word' id='word_1_554' title='bbox 2734 2876 2749 2893; x_wconf 89' lang='grc'><strong>·</strong></span> <span class='ocrx_word' id='word_1_555' title='bbox 2790 2862 2990 2933; x_wconf 82' lang='grc' dir='ltr'>πολλὴν</span> <span class='ocrx_word' id='word_1_556' title='bbox 3021 2863 3129 2934; x_wconf 80' lang='grc' dir='ltr'>γὰρ</span> <span class='ocrx_word' id='word_1_557' title='bbox 3177 2862 3385 2917; x_wconf 80' lang='grc' dir='ltr'>ἔτικτον</span> <span class='ocrx_word' id='word_1_558' title='bbox 3426 2863 3572 2935; x_wconf 82' lang='grc' dir='ltr'>αὐτῷ</span> <span class='ocrx_word' id='word_1_559' title='bbox 3616 2865 3719 2937; x_wconf 75' lang='grc' dir='ltr'>τὴν</span> 
     </span>
    </p>
   </div>
   <div class='ocr_carea' id='block_1_77' title="bbox 2146 2952 3720 3025">
    <p class='ocr_par' dir='ltr' id='par_1_77' title="bbox 2146 2952 3720 3025">
     <span class='ocr_line' id='line_1_77' title="bbox 2146 2952 3720 3025; baseline 0.003 -21"><span class='ocrx_word' id='word_1_560' title='bbox 2146 2952 2345 3023; x_wconf 66' lang='grc' dir='ltr'>ἡδονήν</span> <span class='ocrx_word' id='word_1_561' title='bbox 2368 2967 2382 2982; x_wconf 87' lang='grc'><strong>·</strong></span> <span class='ocrx_word' id='word_1_562' title='bbox 2413 2952 2473 3005; x_wconf 83' lang='grc' dir='ltr'>τὸ</span> <span class='ocrx_word' id='word_1_563' title='bbox 2502 2953 2629 3023; x_wconf 80' lang='grc' dir='ltr'>γὰρ,</span> <span class='ocrx_word' id='word_1_564' title='bbox 2669 2953 2802 3007; x_wconf 83' lang='grc' dir='ltr'>Ἵνα</span> <span class='ocrx_word' id='word_1_565' title='bbox 2842 2952 3002 3024; x_wconf 71' lang='grc' dir='ltr'>κάγὼ</span> <span class='ocrx_word' id='word_1_566' title='bbox 3042 2954 3309 3025; x_wconf 63' lang='grc' dir='ltr'>εὐψυχῶ,</span> <span class='ocrx_word' id='word_1_567' title='bbox 3341 2956 3498 3009; x_wconf 85' lang='grc' dir='ltr'>τοῦτό</span> <span class='ocrx_word' id='word_1_568' title='bbox 3546 2958 3720 3019; x_wconf 83' lang='grc' dir='ltr'>ἐστιν,</span> 
     </span>
    </p>
   </div>
   <div class='ocr_carea' id='block_1_78' title="bbox 2156 3041 3723 3118">
    <p class='ocr_par' dir='ltr' id='par_1_78' title="bbox 2156 3041 3723 3118">
     <span class='ocr_line' id='line_1_78' title="bbox 2156 3041 3723 3118; baseline 0.004 -24"><span class='ocrx_word' id='word_1_569' title='bbox 2156 3044 2365 3113; x_wconf 83' lang='grc' dir='ltr'>Ὠσπερ</span> <span class='ocrx_word' id='word_1_570' title='bbox 2388 3043 2564 3113; x_wconf 81' lang='grc' dir='ltr'>ὑμεῖς.</span> <span class='ocrx_word' id='word_1_571' title='bbox 2596 3044 2786 3110; x_wconf 75' lang='grc' dir='ltr'>Βαὸαὶ,</span> <span class='ocrx_word' id='word_1_572' title='bbox 2816 3045 2976 3100; x_wconf 88' lang='grc' dir='ltr'>πόσον</span> <span class='ocrx_word' id='word_1_573' title='bbox 3002 3041 3111 3116; x_wconf 77' lang='grc' dir='ltr'>εἶχε</span> <span class='ocrx_word' id='word_1_574' title='bbox 3136 3046 3233 3118; x_wconf 81' lang='grc' dir='ltr'>τῆς</span> <span class='ocrx_word' id='word_1_575' title='bbox 3262 3048 3591 3111; x_wconf 82' lang='grc' dir='ltr'>Μακεδονίας</span> <span class='ocrx_word' id='word_1_576' title='bbox 3619 3049 3723 3100; x_wconf 62' lang='grc' dir='ltr'>πόα</span> 
     </span>
    </p>
   </div>
   <div class='ocr_carea' id='block_1_79' title="bbox 2154 3133 3727 3208">
    <p class='ocr_par' dir='ltr' id='par_1_79' title="bbox 2154 3133 3727 3208">
     <span class='ocr_line' id='line_1_79' title="bbox 2154 3133 3727 3208; baseline 0.001 -23"><span class='ocrx_word' id='word_1_577' title='bbox 2154 3133 2276 3187; x_wconf 79' lang='grc' dir='ltr'>θονί</span> <span class='ocrx_word' id='word_1_578' title='bbox 2314 3135 2418 3187; x_wconf 73' lang='grc' dir='ltr'>Καὶ</span> <span class='ocrx_word' id='word_1_579' title='bbox 2446 3135 2895 3189; x_wconf 86' lang='grc' dir='ltr'>Θεσσαλονικεῦσι</span> <span class='ocrx_word' id='word_1_580' title='bbox 2929 3137 2987 3191; x_wconf 83' lang='grc' dir='ltr'>τὸ</span> <span class='ocrx_word' id='word_1_581' title='bbox 3016 3135 3145 3190; x_wconf 76' lang='grc' dir='ltr'>αὐτὸ</span> <span class='ocrx_word' id='word_1_582' title='bbox 3177 3140 3459 3208; x_wconf 86' lang='grc' dir='ltr'>μαρτυρεῖ,</span> <span class='ocrx_word' id='word_1_583' title='bbox 3482 3139 3561 3201; x_wconf 81' lang='grc' dir='ltr'>ὡς</span> <span class='ocrx_word' id='word_1_584' title='bbox 3590 3140 3727 3191; x_wconf 76' lang='grc' dir='ltr'>ὅταν</span> 
     </span>
    </p>
   </div>
   <div class='ocr_carea' id='block_1_80' title="bbox 2155 3226 3727 3298">
    <p class='ocr_par' dir='ltr' id='par_1_80' title="bbox 2155 3226 3727 3298">
     <span class='ocr_line' id='line_1_80' title="bbox 2155 3226 3727 3298; baseline 0.002 -20"><span class='ocrx_word' id='word_1_585' title='bbox 2155 3226 2287 3296; x_wconf 84' lang='grc' dir='ltr'>λέγῃ</span> <span class='ocrx_word' id='word_1_586' title='bbox 2306 3268 2320 3291; x_wconf 91' lang='grc'>,</span> <span class='ocrx_word' id='word_1_587' title='bbox 2367 3227 2557 3295; x_wconf 78' lang='grc' dir='ltr'>Ἡμεῖς</span> <span class='ocrx_word' id='word_1_588' title='bbox 2592 3227 2661 3280; x_wconf 87' lang='grc' dir='ltr'>δὲ</span> <span class='ocrx_word' id='word_1_589' title='bbox 2686 3229 3199 3298; x_wconf 70' lang='grc' dir='ltr'>ἀποφανισθέ-ντες</span> <span class='ocrx_word' id='word_1_590' title='bbox 3232 3230 3333 3298; x_wconf 64' lang='grc' dir='ltr'>ἀφ’</span> <span class='ocrx_word' id='word_1_591' title='bbox 3377 3228 3543 3298; x_wconf 77' lang='grc' dir='ltr'>ὑμῶν</span> <span class='ocrx_word' id='word_1_592' title='bbox 3569 3230 3727 3296; x_wconf 74' lang='grc' dir='ltr'>πρὸς</span> 
     </span>
    </p>
   </div>
   <div class='ocr_carea' id='block_1_81' title="bbox 2155 3316 3728 3391">
    <p class='ocr_par' dir='ltr' id='par_1_81' title="bbox 2155 3316 3728 3391">
     <span class='ocr_line' id='line_1_81' title="bbox 2155 3316 3728 3391; baseline 0.001 -20"><span class='ocrx_word' id='word_1_593' title='bbox 2155 3318 2365 3385; x_wconf 79' lang='grc' dir='ltr'>καιρὸν</span> <span class='ocrx_word' id='word_1_594' title='bbox 2387 3316 2558 3386; x_wconf 80' lang='grc' dir='ltr'>ὥρας.</span> <span class='ocrx_word' id='word_1_595' title='bbox 2588 3320 2695 3373; x_wconf 71' lang='grc' dir='ltr'>Καὶ</span> <span class='ocrx_word' id='word_1_596' title='bbox 2725 3320 2977 3384; x_wconf 82' lang='grc' dir='ltr'>ἐνταῦθα,</span> <span class='ocrx_word' id='word_1_597' title='bbox 3018 3318 3278 3386; x_wconf 73' lang='grc' dir='ltr'>Ἐλπίζω,</span> <span class='ocrx_word' id='word_1_598' title='bbox 3310 3320 3460 3391; x_wconf 72' lang='grc' dir='ltr'>φησὶ,</span> <span class='ocrx_word' id='word_1_599' title='bbox 3491 3321 3728 3388; x_wconf 63' lang='grc' dir='ltr'>πέμψαι</span> 
     </span>
    </p>
   </div>
   <div class='ocr_carea' id='block_1_82' title="bbox 2162 3405 3730 3483">
    <p class='ocr_par' dir='ltr' id='par_1_82' title="bbox 2162 3405 3730 3483">
     <span class='ocr_line' id='line_1_82' title="bbox 2162 3405 3730 3483; baseline 0.001 -22"><span class='ocrx_word' id='word_1_600' title='bbox 2162 3413 2457 3477; x_wconf 81' lang='grc' dir='ltr'>Τιμόθεον,</span> <span class='ocrx_word' id='word_1_601' title='bbox 2490 3410 2574 3463; x_wconf 82' lang='grc' dir='ltr'>ἵνα</span> <span class='ocrx_word' id='word_1_602' title='bbox 2604 3410 2717 3479; x_wconf 87' lang='grc' dir='ltr'>γνῶ</span> <span class='ocrx_word' id='word_1_603' title='bbox 2759 3411 2827 3464; x_wconf 81' lang='grc' dir='ltr'>τὰ</span> <span class='ocrx_word' id='word_1_604' title='bbox 2858 3412 2987 3483; x_wconf 77' lang='grc' dir='ltr'>περὶ</span> <span class='ocrx_word' id='word_1_605' title='bbox 3016 3411 3168 3479; x_wconf 83' lang='grc' dir='ltr'>ὑμῶν</span> <span class='ocrx_word' id='word_1_606' title='bbox 3193 3429 3207 3443; x_wconf 91' lang='grc'><strong>·</strong></span> <span class='ocrx_word' id='word_1_607' title='bbox 3236 3412 3263 3464; x_wconf 85' lang='grc' dir='ltr'>δ</span> <span class='ocrx_word' id='word_1_608' title='bbox 3296 3411 3615 3482; x_wconf 85' lang='grc' dir='ltr'>κηδεμονίας</span> <span class='ocrx_word' id='word_1_609' title='bbox 3655 3405 3730 3479; x_wconf 72' lang='grc' dir='ltr'>ἦν</span> 
     </span>
    </p>
   </div>
   <div class='ocr_carea' id='block_1_83' title="bbox 2163 3501 3731 3573">
    <p class='ocr_par' dir='ltr' id='par_1_83' title="bbox 2163 3501 3731 3573">
     <span class='ocr_line' id='line_1_83' title="bbox 2163 3501 3731 3573; baseline 0 -20"><span class='ocrx_word' id='word_1_610' title='bbox 2163 3502 2441 3572; x_wconf 86' lang='grc' dir='ltr'>μεγίστης.</span> <span class='ocrx_word' id='word_1_611' title='bbox 2468 3504 2594 3555; x_wconf 85' lang='grc' dir='ltr'>Ὅτε</span> <span class='ocrx_word' id='word_1_612' title='bbox 2632 3502 2740 3573; x_wconf 78' lang='grc' dir='ltr'>γὰρ</span> <span class='ocrx_word' id='word_1_613' title='bbox 2778 3503 2940 3566; x_wconf 79' lang='grc' dir='ltr'>αὐτὸς</span> <span class='ocrx_word' id='word_1_614' title='bbox 2982 3504 3081 3555; x_wconf 86' lang='grc' dir='ltr'>οὐκ</span> <span class='ocrx_word' id='word_1_615' title='bbox 3150 3502 3370 3556; x_wconf 85' lang='grc' dir='ltr'>ἐδύνατο</span> <span class='ocrx_word' id='word_1_616' title='bbox 3414 3501 3731 3573; x_wconf 77' lang='grc' dir='ltr'>παραγενέο</span> 
     </span>
    </p>
   </div>
   <div class='ocr_carea' id='block_1_84' title="bbox 2162 3593 3729 3666">
    <p class='ocr_par' dir='ltr' id='par_1_84' title="bbox 2162 3593 3729 3666">
     <span class='ocr_line' id='line_1_84' title="bbox 2162 3593 3729 3666; baseline -0.001 -20"><span class='ocrx_word' id='word_1_617' title='bbox 2162 3594 2305 3656; x_wconf 86' lang='grc' dir='ltr'>σθαι,</span> <span class='ocrx_word' id='word_1_618' title='bbox 2338 3596 2461 3657; x_wconf 84' lang='grc' dir='ltr'>τοὺς</span> <span class='ocrx_word' id='word_1_619' title='bbox 2495 3593 2740 3665; x_wconf 77' lang='grc' dir='ltr'>μαθητὰς</span> <span class='ocrx_word' id='word_1_620' title='bbox 2773 3595 3004 3665; x_wconf 73' lang='grc' dir='ltr'>ἔπεμπε,</span> <span class='ocrx_word' id='word_1_621' title='bbox 3036 3595 3109 3666; x_wconf 83' lang='grc' dir='ltr'>μὴ</span> <span class='ocrx_word' id='word_1_622' title='bbox 3141 3595 3417 3666; x_wconf 86' lang='grc' dir='ltr'>καρτερῶν</span> <span class='ocrx_word' id='word_1_623' title='bbox 3445 3594 3578 3664; x_wconf 82' lang='grc' dir='ltr'>μηδὲ</span> <span class='ocrx_word' id='word_1_624' title='bbox 3608 3593 3729 3645; x_wconf 81' lang='grc' dir='ltr'>ὀλί-</span> 
     </span>
    </p>
   </div>
   <div class='ocr_carea' id='block_1_85' title="bbox 2161 3683 3731 3757">
    <p class='ocr_par' dir='ltr' id='par_1_85' title="bbox 2161 3683 3731 3757">
     <span class='ocr_line' id='line_1_85' title="bbox 2161 3683 3731 3757; baseline -0.001 -18"><span class='ocrx_word' id='word_1_625' title='bbox 2161 3704 2254 3753; x_wconf 86' lang='grc' dir='ltr'>γον</span> <span class='ocrx_word' id='word_1_626' title='bbox 2283 3686 2470 3757; x_wconf 88' lang='grc' dir='ltr'>χρόνον</span> <span class='ocrx_word' id='word_1_627' title='bbox 2512 3687 2723 3754; x_wconf 84' lang='grc' dir='ltr'>ἀγνοεῖν</span> <span class='ocrx_word' id='word_1_628' title='bbox 2755 3687 2822 3739; x_wconf 78' lang='grc' dir='ltr'>τὰ</span> <span class='ocrx_word' id='word_1_629' title='bbox 2874 3689 2994 3739; x_wconf 82' lang='grc' dir='ltr'>κατ’</span> <span class='ocrx_word' id='word_1_630' title='bbox 3023 3686 3220 3750; x_wconf 84' lang='grc' dir='ltr'>αὐτούς</span> <span class='ocrx_word' id='word_1_631' title='bbox 3247 3705 3261 3719; x_wconf 76' lang='grc' dir='ltr'><strong><em>ο</em></strong></span> <span class='ocrx_word' id='word_1_632' title='bbox 3303 3688 3363 3738; x_wconf 86' lang='grc' dir='ltr'>οὐ</span> <span class='ocrx_word' id='word_1_633' title='bbox 3403 3687 3510 3756; x_wconf 86' lang='grc' dir='ltr'>γὰρ</span> <span class='ocrx_word' id='word_1_634' title='bbox 3554 3686 3617 3754; x_wconf 84' lang='grc' dir='ltr'>δὴ</span> <span class='ocrx_word' id='word_1_635' title='bbox 3647 3683 3731 3753; x_wconf 77' lang='grc' dir='ltr'>τῷ</span> 
     </span>
    </p>
   </div>
   <div class='ocr_carea' id='block_1_86' title="bbox 2165 3776 3734 3848">
    <p class='ocr_par' dir='ltr' id='par_1_86' title="bbox 2165 3776 3734 3848">
     <span class='ocr_line' id='line_1_86' title="bbox 2165 3776 3734 3848; baseline -0.001 -19"><span class='ocrx_word' id='word_1_636' title='bbox 2165 3776 2430 3845; x_wconf 87' lang='grc' dir='ltr'>πνεύματι</span> <span class='ocrx_word' id='word_1_637' title='bbox 2459 3776 2633 3829; x_wconf 85' lang='grc' dir='ltr'>πάντα</span> <span class='ocrx_word' id='word_1_638' title='bbox 2657 3777 2922 3848; x_wconf 76' lang='grc' dir='ltr'>ἐμάνθανε</span> <span class='ocrx_word' id='word_1_639' title='bbox 2946 3796 2957 3808; x_wconf 90' lang='grc'><strong>·</strong></span> <span class='ocrx_word' id='word_1_640' title='bbox 2988 3780 3079 3831; x_wconf 74' lang='grc' dir='ltr'>καὶ</span> <span class='ocrx_word' id='word_1_641' title='bbox 3104 3778 3261 3832; x_wconf 90' lang='grc' dir='ltr'>τοῦτο</span> <span class='ocrx_word' id='word_1_642' title='bbox 3287 3778 3340 3830; x_wconf 81' lang='grc' dir='ltr'>δὲ</span> <span class='ocrx_word' id='word_1_643' title='bbox 3365 3778 3585 3840; x_wconf 84' lang='grc' dir='ltr'>εἰκότως</span> <span class='ocrx_word' id='word_1_644' title='bbox 3614 3778 3734 3843; x_wconf 81' lang='grc' dir='ltr'>ἐγί-</span> 
     </span>
    </p>
   </div>
   <div class='ocr_carea' id='block_1_87' title="bbox 2162 3866 3732 3938">
    <p class='ocr_par' dir='ltr' id='par_1_87' title="bbox 2162 3866 3732 3938">
     <span class='ocr_line' id='line_1_87' title="bbox 2162 3866 3732 3938; baseline -0.001 -19"><span class='ocrx_word' id='word_1_645' title='bbox 2162 3884 2299 3919; x_wconf 89' lang='grc' dir='ltr'>νετο.</span> <span class='ocrx_word' id='word_1_646' title='bbox 2350 3866 2410 3918; x_wconf 83' lang='grc' dir='ltr'>Εἰ</span> <span class='ocrx_word' id='word_1_647' title='bbox 2456 3866 2564 3938; x_wconf 81' lang='grc' dir='ltr'>γὰρ</span> <span class='ocrx_word' id='word_1_648' title='bbox 2619 3866 2776 3920; x_wconf 84' lang='grc' dir='ltr'>τοῦτο</span> <span class='ocrx_word' id='word_1_649' title='bbox 2805 3868 3136 3938; x_wconf 86' lang='grc' dir='ltr'>ἐπείσθησαν</span> <span class='ocrx_word' id='word_1_650' title='bbox 3186 3870 3235 3921; x_wconf 87' lang='grc' dir='ltr'>οἱ</span> <span class='ocrx_word' id='word_1_651' title='bbox 3274 3866 3530 3938; x_wconf 69' lang='grc' dir='ltr'>μαθηταὶ,</span> <span class='ocrx_word' id='word_1_652' title='bbox 3571 3867 3732 3919; x_wconf 79' lang='grc' dir='ltr'>ἀναί-</span> 
     </span>
    </p>
   </div>
   <div class='ocr_carea' id='block_1_88' title="bbox 2165 3959 3729 4029">
    <p class='ocr_par' dir='ltr' id='par_1_88' title="bbox 2165 3959 3729 4029">
     <span class='ocr_line' id='line_1_88' title="bbox 2165 3959 3729 4029; baseline 0.001 -18"><span class='ocrx_word' id='word_1_653' title='bbox 2165 3976 2382 4029; x_wconf 85' lang='grc' dir='ltr'>σχυντοι</span> <span class='ocrx_word' id='word_1_654' title='bbox 2432 3960 2498 4013; x_wconf 86' lang='grc' dir='ltr'>ἂν</span> <span class='ocrx_word' id='word_1_655' title='bbox 2538 3961 2809 4029; x_wconf 82' lang='grc' dir='ltr'>ἑγένοντο’</span> <span class='ocrx_word' id='word_1_656' title='bbox 2854 3961 2947 4014; x_wconf 89' lang='grc' dir='ltr'>νῦν</span> <span class='ocrx_word' id='word_1_657' title='bbox 2986 3961 3039 4014; x_wconf 80' lang='grc' dir='ltr'>δὲ</span> <span class='ocrx_word' id='word_1_658' title='bbox 3080 3961 3481 4029; x_wconf 84' lang='grc' dir='ltr'>προσδοκῶντες</span> <span class='ocrx_word' id='word_1_659' title='bbox 3526 3959 3729 4012; x_wconf 73' lang='grc' dir='ltr'>λανθάο</span> 
     </span>
    </p>
   </div>
   <div class='ocr_carea' id='block_1_89' title="bbox 2167 4052 3732 4123">
    <p class='ocr_par' dir='ltr' id='par_1_89' title="bbox 2167 4052 3732 4123">
     <span class='ocr_line' id='line_1_89' title="bbox 2167 4052 3732 4123; baseline 0 -19"><span class='ocrx_word' id='word_1_660' title='bbox 2167 4068 2298 4115; x_wconf 89' lang='grc' dir='ltr'>νειν,</span> <span class='ocrx_word' id='word_1_661' title='bbox 2337 4053 2464 4123; x_wconf 79' lang='grc' dir='ltr'>ῥᾷον</span> <span class='ocrx_word' id='word_1_662' title='bbox 2505 4052 2987 4123; x_wconf 86' lang='grc' dir='ltr'>ἐπανωρθώσαντο.</span> <span class='ocrx_word' id='word_1_663' title='bbox 3037 4054 3145 4106; x_wconf 79' lang='grc' dir='ltr'>Καὶ</span> <span class='ocrx_word' id='word_1_664' title='bbox 3190 4053 3359 4122; x_wconf 85' lang='grc' dir='ltr'>τούτῳ</span> <span class='ocrx_word' id='word_1_665' title='bbox 3393 4053 3586 4114; x_wconf 79' lang='grc' dir='ltr'>αὐτοὺς</span> <span class='ocrx_word' id='word_1_666' title='bbox 3621 4052 3732 4121; x_wconf 76' lang='grc' dir='ltr'>μάο</span> 
     </span>
    </p>
   </div>
   <div class='ocr_carea' id='block_1_90' title="bbox 2164 4143 3727 4216">
    <p class='ocr_par' dir='ltr' id='par_1_90' title="bbox 2164 4143 3727 4216">
     <span class='ocr_line' id='line_1_90' title="bbox 2164 4143 3727 4216; baseline 0.001 -20"><span class='ocrx_word' id='word_1_667' title='bbox 2164 4144 2320 4198; x_wconf 87' lang='grc' dir='ltr'>λιστα</span> <span class='ocrx_word' id='word_1_668' title='bbox 2362 4144 2679 4215; x_wconf 70' lang='grc' dir='ltr'>ἐπέστρεψε,</span> <span class='ocrx_word' id='word_1_669' title='bbox 2721 4145 2798 4216; x_wconf 77' lang='grc' dir='ltr'>τῷ</span> <span class='ocrx_word' id='word_1_670' title='bbox 2842 4148 3038 4210; x_wconf 86' lang='grc' dir='ltr'>εἰπεῖν,</span> <span class='ocrx_word' id='word_1_671' title='bbox 3079 4146 3212 4201; x_wconf 76' lang='grc' dir='ltr'>Ἵνα</span> <span class='ocrx_word' id='word_1_672' title='bbox 3243 4145 3402 4215; x_wconf 79' lang='grc' dir='ltr'>κάγὼ</span> <span class='ocrx_word' id='word_1_673' title='bbox 3454 4143 3727 4215; x_wconf 65' lang='grc' dir='ltr'>εὐψυχῶ,</span> 
     </span>
    </p>
   </div>
   <div class='ocr_carea' id='block_1_91' title="bbox 2164 4237 3728 4309">
    <p class='ocr_par' dir='ltr' id='par_1_91' title="bbox 2164 4237 3728 4309">
     <span class='ocr_line' id='line_1_91' title="bbox 2164 4237 3728 4309; baseline 0.001 -21"><span class='ocrx_word' id='word_1_674' title='bbox 2164 4237 2256 4289; x_wconf 73' lang='grc' dir='ltr'>καὶ</span> <span class='ocrx_word' id='word_1_675' title='bbox 2307 4237 2753 4308; x_wconf 82' lang='grc' dir='ltr'>σπουδαιοτέρους</span> <span class='ocrx_word' id='word_1_676' title='bbox 2785 4239 2983 4302; x_wconf 81' lang='grc' dir='ltr'>αὐτοὺς</span> <span class='ocrx_word' id='word_1_677' title='bbox 3016 4241 3292 4309; x_wconf 81' lang='grc' dir='ltr'>ἐποίησεν,</span> <span class='ocrx_word' id='word_1_678' title='bbox 3346 4239 3484 4292; x_wconf 87' lang='grc' dir='ltr'>ῶστε</span> <span class='ocrx_word' id='word_1_679' title='bbox 3531 4238 3606 4309; x_wconf 80' lang='grc' dir='ltr'>μὴ</span> <span class='ocrx_word' id='word_1_680' title='bbox 3632 4238 3728 4290; x_wconf 78' lang='grc' dir='ltr'>ἐλ-</span> 
     </span>
    </p>
   </div>
   <div class='ocr_carea' id='block_1_92' title="bbox 2165 4326 3727 4400">
    <p class='ocr_par' dir='ltr' id='par_1_92' title="bbox 2165 4326 3727 4400">
     <span class='ocr_line' id='line_1_92' title="bbox 2165 4326 3727 4400; baseline 0 -21"><span class='ocrx_word' id='word_1_681' title='bbox 2165 4326 2325 4380; x_wconf 89' lang='grc' dir='ltr'>θόντα</span> <span class='ocrx_word' id='word_1_682' title='bbox 2358 4326 2640 4397; x_wconf 87' lang='grc' dir='ltr'>Τιμόθεον,</span> <span class='ocrx_word' id='word_1_683' title='bbox 2680 4327 2818 4381; x_wconf 87' lang='grc' dir='ltr'>ἀλλά</span> <span class='ocrx_word' id='word_1_684' title='bbox 2853 4344 2975 4381; x_wconf 89' lang='grc' dir='ltr'>τινα</span> <span class='ocrx_word' id='word_1_685' title='bbox 3020 4329 3221 4400; x_wconf 79' lang='grc' dir='ltr'>εὑρεῖν,</span> <span class='ocrx_word' id='word_1_686' title='bbox 3253 4331 3348 4383; x_wconf 75' lang='grc' dir='ltr'>καὶ</span> <span class='ocrx_word' id='word_1_687' title='bbox 3399 4328 3727 4398; x_wconf 69' lang='grc' dir='ltr'>ἀπαγγεῖλαι</span> 
     </span>
    </p>
   </div>
   <div class='ocr_carea' id='block_1_93' title="bbox 2165 4417 3727 4491">
    <p class='ocr_par' dir='ltr' id='par_1_93' title="bbox 2165 4417 3727 4491">
     <span class='ocr_line' id='line_1_93' title="bbox 2165 4417 3727 4491; baseline 0.001 -20"><span class='ocrx_word' id='word_1_688' title='bbox 2165 4417 2332 4488; x_wconf 86' lang='grc' dir='ltr'>αὐτῷ.</span> <span class='ocrx_word' id='word_1_689' title='bbox 2368 4418 2616 4470; x_wconf 85' lang='grc' dir='ltr'>Φαίνεται</span> <span class='ocrx_word' id='word_1_690' title='bbox 2646 4418 2703 4470; x_wconf 80' lang='grc' dir='ltr'>δὲ</span> <span class='ocrx_word' id='word_1_691' title='bbox 2737 4418 2829 4471; x_wconf 83' lang='grc' dir='ltr'>καὶ</span> <span class='ocrx_word' id='word_1_692' title='bbox 2864 4418 3023 4481; x_wconf 81' lang='grc' dir='ltr'>αὐτὸς</span> <span class='ocrx_word' id='word_1_693' title='bbox 3065 4418 3240 4489; x_wconf 86' lang='grc' dir='ltr'>τούτῳ</span> <span class='ocrx_word' id='word_1_694' title='bbox 3270 4420 3604 4491; x_wconf 85' lang='grc' dir='ltr'>κεχρημένος</span> <span class='ocrx_word' id='word_1_695' title='bbox 3644 4419 3727 4489; x_wconf 80' lang='grc' dir='ltr'>τῷ</span> 
     </span>
    </p>
   </div>
   <div class='ocr_carea' id='block_1_94' title="bbox 2163 4508 3725 4582">
    <p class='ocr_par' dir='ltr' id='par_1_94' title="bbox 2163 4508 3725 4582">
     <span class='ocr_line' id='line_1_94' title="bbox 2163 4508 3725 4582; baseline 0.001 -20"><span class='ocrx_word' id='word_1_696' title='bbox 2163 4509 2367 4580; x_wconf 85' lang='grc' dir='ltr'>τρόπῳ,</span> <span class='ocrx_word' id='word_1_697' title='bbox 2418 4509 2512 4562; x_wconf 75' lang='grc' dir='ltr'>καὶ</span> <span class='ocrx_word' id='word_1_698' title='bbox 2550 4508 2980 4578; x_wconf 78' lang='grc' dir='ltr'>ἀναϐαλλόμενος</span> <span class='ocrx_word' id='word_1_699' title='bbox 3031 4510 3198 4563; x_wconf 84' lang='grc' dir='ltr'>αὑτοῦ</span> <span class='ocrx_word' id='word_1_700' title='bbox 3247 4512 3347 4582; x_wconf 83' lang='grc' dir='ltr'>τὴν</span> <span class='ocrx_word' id='word_1_701' title='bbox 3406 4512 3725 4582; x_wconf 83' lang='grc' dir='ltr'>παρουσίαν,</span> 
     </span>
    </p>
   </div>
   <div class='ocr_carea' id='block_1_95' title="bbox 2164 4601 3725 4673">
    <p class='ocr_par' dir='ltr' id='par_1_95' title="bbox 2164 4601 3725 4673">
     <span class='ocr_line' id='line_1_95' title="bbox 2164 4601 3725 4673; baseline 0.001 -18"><span class='ocrx_word' id='word_1_702' title='bbox 2164 4602 2303 4656; x_wconf 82' lang='grc' dir='ltr'>ὥστε</span> <span class='ocrx_word' id='word_1_703' title='bbox 2328 4601 2722 4673; x_wconf 74' lang='grc' dir='ltr'>μεταϐαλέσθαι</span> <span class='ocrx_word' id='word_1_704' title='bbox 2746 4602 3083 4672; x_wconf 82' lang='grc' dir='ltr'>Κορινθίους.</span> <span class='ocrx_word' id='word_1_705' title='bbox 3102 4604 3200 4657; x_wconf 86' lang='grc' dir='ltr'>Διά</span> <span class='ocrx_word' id='word_1_706' title='bbox 3219 4603 3376 4657; x_wconf 85' lang='grc' dir='ltr'>τοῦτο</span> <span class='ocrx_word' id='word_1_707' title='bbox 3393 4604 3485 4657; x_wconf 81' lang='grc' dir='ltr'>καὶ</span> <span class='ocrx_word' id='word_1_708' title='bbox 3499 4604 3725 4673; x_wconf 59' lang='grc' dir='ltr'>ἔγραφεν</span> 
     </span>
    </p>
   </div>
   <div class='ocr_carea' id='block_1_96' title="bbox 2167 4692 3723 4765">
    <p class='ocr_par' dir='ltr' id='par_1_96' title="bbox 2167 4692 3723 4765">
     <span class='ocr_line' id='line_1_96' title="bbox 2167 4692 3723 4765; baseline 0 -16"><span class='ocrx_word' id='word_1_709' title='bbox 2167 4695 2519 4765; x_wconf 80' lang='grc' dir='ltr'>Φειδόμενος</span> <span class='ocrx_word' id='word_1_710' title='bbox 2571 4694 2758 4763; x_wconf 82' lang='grc' dir='ltr'>ὑμῶν,</span> <span class='ocrx_word' id='word_1_711' title='bbox 2798 4696 2997 4749; x_wconf 81' lang='grc' dir='ltr'>οὐκέτι</span> <span class='ocrx_word' id='word_1_712' title='bbox 3050 4692 3242 4765; x_wconf 75' lang='grc' dir='ltr'>ἦλθον</span> <span class='ocrx_word' id='word_1_713' title='bbox 3276 4698 3361 4763; x_wconf 78' lang='grc' dir='ltr'>είς</span> <span class='ocrx_word' id='word_1_714' title='bbox 3417 4700 3723 4764; x_wconf 70' lang='grc' dir='ltr'>Κόρινθον.</span> 
     </span>
    </p>
   </div>
   <div class='ocr_carea' id='block_1_97' title="bbox 2167 4786 3728 4861">
    <p class='ocr_par' dir='ltr' id='par_1_97' title="bbox 2167 4786 3728 4861">
     <span class='ocr_line' id='line_1_97' title="bbox 2167 4786 3728 4861; baseline -0.001 -20"><span class='ocrx_word' id='word_1_715' title='bbox 2167 4789 2240 4841; x_wconf 90' lang='grc' dir='ltr'>Οὐ</span> <span class='ocrx_word' id='word_1_716' title='bbox 2269 4788 2377 4857; x_wconf 79' lang='grc' dir='ltr'>γὰρ</span> <span class='ocrx_word' id='word_1_717' title='bbox 2405 4786 2579 4856; x_wconf 84' lang='grc' dir='ltr'>τούτῳ</span> <span class='ocrx_word' id='word_1_718' title='bbox 2608 4786 2766 4856; x_wconf 89' lang='grc' dir='ltr'>μόνον</span> <span class='ocrx_word' id='word_1_719' title='bbox 2786 4789 2819 4857; x_wconf 78' lang='grc' dir='ltr'><strong>ή</strong></span> <span class='ocrx_word' id='word_1_720' title='bbox 2839 4786 3025 4857; x_wconf 83' lang='grc' dir='ltr'>ἀγάπη</span> <span class='ocrx_word' id='word_1_721' title='bbox 3047 4788 3342 4861; x_wconf 82' lang='grc' dir='ltr'>δείκνυται,</span> <span class='ocrx_word' id='word_1_722' title='bbox 3366 4787 3443 4857; x_wconf 83' lang='grc' dir='ltr'>τῷ</span> <span class='ocrx_word' id='word_1_723' title='bbox 3463 4788 3532 4841; x_wconf 79' lang='grc' dir='ltr'>τὰ</span> <span class='ocrx_word' id='word_1_724' title='bbox 3552 4790 3728 4840; x_wconf 77' lang='grc' dir='ltr'>οίκεία</span> 
     </span>
    </p>
   </div>
   <div class='ocr_carea' id='block_1_98' title="bbox 2167 4877 3724 4949">
    <p class='ocr_par' dir='ltr' id='par_1_98' title="bbox 2167 4877 3724 4949">
     <span class='ocr_line' id='line_1_98' title="bbox 2167 4877 3724 4949; baseline -0.001 -17"><span class='ocrx_word' id='word_1_725' title='bbox 2167 4879 2550 4947; x_wconf 85' lang='grc' dir='ltr'>ἀπαγγέλλειν,</span> <span class='ocrx_word' id='word_1_726' title='bbox 2578 4877 2713 4931; x_wconf 87' lang='grc' dir='ltr'>ἀλλά</span> <span class='ocrx_word' id='word_1_727' title='bbox 2742 4878 2837 4932; x_wconf 70' lang='grc' dir='ltr'>καὶ</span> <span class='ocrx_word' id='word_1_728' title='bbox 2858 4878 2934 4948; x_wconf 83' lang='grc' dir='ltr'>τῷ</span> <span class='ocrx_word' id='word_1_729' title='bbox 2955 4881 3023 4931; x_wconf 76' lang='grc' dir='ltr'>τὰ</span> <span class='ocrx_word' id='word_1_730' title='bbox 3055 4879 3278 4931; x_wconf 79' lang='grc' dir='ltr'>ἐκείνων</span> <span class='ocrx_word' id='word_1_731' title='bbox 3302 4878 3483 4949; x_wconf 74' lang='grc' dir='ltr'>ζητεῖν</span> <span class='ocrx_word' id='word_1_732' title='bbox 3512 4879 3724 4949; x_wconf 83' lang='grc' dir='ltr'>μαθεῖν·</span> 
     </span>
    </p>
   </div>
   <div class='ocr_carea' id='block_1_99' title="bbox 2172 4969 3730 5041">
    <p class='ocr_par' dir='ltr' id='par_1_99' title="bbox 2172 4969 3730 5041">
     <span class='ocr_line' id='line_1_99' title="bbox 2172 4969 3730 5041; baseline 0.001 -19"><span class='ocrx_word' id='word_1_733' title='bbox 2172 4969 2519 5041; x_wconf 87' lang='grc' dir='ltr'>μεριμνώσης</span> <span class='ocrx_word' id='word_1_734' title='bbox 2557 4970 2666 5039; x_wconf 85' lang='grc' dir='ltr'>γὰρ</span> <span class='ocrx_word' id='word_1_735' title='bbox 2701 4970 2858 5022; x_wconf 86' lang='grc' dir='ltr'>τοῦτο</span> <span class='ocrx_word' id='word_1_736' title='bbox 2892 4970 3067 5039; x_wconf 80' lang='grc' dir='ltr'>ψυχῆς</span> <span class='ocrx_word' id='word_1_737' title='bbox 3123 4970 3218 5023; x_wconf 74' lang='grc' dir='ltr'>καὶ</span> <span class='ocrx_word' id='word_1_738' title='bbox 3261 4971 3730 5041; x_wconf 66' lang='grc' dir='ltr'>πεφροντισμένης</span> 
     </span>
    </p>
   </div>
   <div class='ocr_carea' id='block_1_100' title="bbox 2169 5060 3729 5131">
    <p class='ocr_par' dir='ltr' id='par_1_100' title="bbox 2169 5060 3729 5131">
     <span class='ocr_line' id='line_1_100' title="bbox 2169 5060 3729 5131; baseline -0.002 -16"><span class='ocrx_word' id='word_1_739' title='bbox 2169 5065 2262 5115; x_wconf 71' lang='grc' dir='ltr'>καὶ</span> <span class='ocrx_word' id='word_1_740' title='bbox 2293 5062 2378 5115; x_wconf 77' lang='grc' dir='ltr'>ἀεὶ</span> <span class='ocrx_word' id='word_1_741' title='bbox 2410 5062 2702 5129; x_wconf 81' lang='grc' dir='ltr'>ἐναγωνίου</span> <span class='ocrx_word' id='word_1_742' title='bbox 2740 5060 2929 5129; x_wconf 84' lang='grc' dir='ltr'>οὐσης.</span> <span class='ocrx_word' id='word_1_743' title='bbox 2969 5063 3117 5131; x_wconf 74' lang='grc' dir='ltr'>’Ἅμα</span> <span class='ocrx_word' id='word_1_744' title='bbox 3147 5061 3203 5113; x_wconf 85' lang='grc' dir='ltr'>δὲ</span> <span class='ocrx_word' id='word_1_745' title='bbox 3234 5062 3330 5113; x_wconf 77' lang='grc' dir='ltr'>καὶ</span> <span class='ocrx_word' id='word_1_746' title='bbox 3353 5063 3489 5131; x_wconf 82' lang='grc' dir='ltr'>τιμᾷ</span> <span class='ocrx_word' id='word_1_747' title='bbox 3510 5061 3729 5123; x_wconf 73' lang='grc' dir='ltr'>αὐτοὺς,</span> 
     </span>
    </p>
   </div>
   <div class='ocr_carea' id='block_1_101' title="bbox 2168 5152 3730 5226">
    <p class='ocr_par' dir='ltr' id='par_1_101' title="bbox 2168 5152 3730 5226">
     <span class='ocr_line' id='line_1_101' title="bbox 2168 5152 3730 5226; baseline -0.004 -17"><span class='ocrx_word' id='word_1_748' title='bbox 2168 5156 2428 5226; x_wconf 88' lang='grc' dir='ltr'>Τιμόθεον</span> <span class='ocrx_word' id='word_1_749' title='bbox 2454 5157 2705 5226; x_wconf 87' lang='grc' dir='ltr'>πέμπων.</span> <span class='ocrx_word' id='word_1_750' title='bbox 2739 5155 2803 5207; x_wconf 91' lang='grc' dir='ltr'>Τί</span> <span class='ocrx_word' id='word_1_751' title='bbox 2845 5155 3056 5223; x_wconf 86' lang='grc' dir='ltr'>λέγεις;</span> <span class='ocrx_word' id='word_1_752' title='bbox 3095 5152 3355 5223; x_wconf 85' lang='grc' dir='ltr'>Τιμόθεον</span> <span class='ocrx_word' id='word_1_753' title='bbox 3384 5154 3621 5222; x_wconf 85' lang='grc' dir='ltr'>πέμπεις</span> <span class='ocrx_word' id='word_1_754' title='bbox 3642 5169 3654 5215; x_wconf 91' lang='grc'><strong>;</strong></span> <span class='ocrx_word' id='word_1_755' title='bbox 3676 5153 3730 5204; x_wconf 83' lang='grc' dir='ltr'>τί</span> 
     </span>
    </p>
   </div>
   <div class='ocr_carea' id='block_1_102' title="bbox 2165 5246 3728 5321">
    <p class='ocr_par' dir='ltr' id='par_1_102' title="bbox 2165 5246 3728 5321">
     <span class='ocr_line' id='line_1_102' title="bbox 2165 5246 3728 5321; baseline -0.005 -19"><span class='ocrx_word' id='word_1_756' title='bbox 2165 5249 2365 5321; x_wconf 82' lang='grc' dir='ltr'>δήποτε</span> <span class='ocrx_word' id='word_1_757' title='bbox 2383 5265 2398 5315; x_wconf 89' lang='lat'><strong>;</strong></span> <span class='ocrx_word' id='word_1_758' title='bbox 2423 5247 2549 5312; x_wconf 78' lang='grc' dir='ltr'>Ναὶ,</span> <span class='ocrx_word' id='word_1_759' title='bbox 2574 5246 2755 5316; x_wconf 76' lang='grc' dir='ltr'>φησιν’</span> <span class='ocrx_word' id='word_1_760' title='bbox 2772 5246 3000 5300; x_wconf 82' lang='grc' dir='ltr'>Οὐδένα</span> <span class='ocrx_word' id='word_1_761' title='bbox 3010 5246 3120 5315; x_wconf 72' lang='grc' dir='ltr'>γὰρ</span> <span class='ocrx_word' id='word_1_762' title='bbox 3134 5247 3251 5314; x_wconf 74' lang='grc' dir='ltr'>ἔχω</span> <span class='ocrx_word' id='word_1_763' title='bbox 3272 5246 3593 5313; x_wconf 72' lang='grc' dir='ltr'>ἰσόψυχον,</span> <span class='ocrx_word' id='word_1_764' title='bbox 3608 5259 3728 5295; x_wconf 82' lang='grc' dir='ltr'>του-</span> 
     </span>
    </p>
   </div>
   <div class='ocr_carea' id='block_1_103' title="bbox 2168 5336 3731 5408">
    <p class='ocr_par' dir='ltr' id='par_1_103' title="bbox 2168 5336 3731 5408">
     <span class='ocr_line' id='line_1_103' title="bbox 2168 5336 3731 5408; baseline -0.006 -14"><span class='ocrx_word' id='word_1_765' title='bbox 2168 5341 2343 5404; x_wconf 83' lang='grc' dir='ltr'>τέστι,</span> <span class='ocrx_word' id='word_1_766' title='bbox 2372 5340 2480 5393; x_wconf 87' lang='grc' dir='ltr'>τῶν</span> <span class='ocrx_word' id='word_1_767' title='bbox 2504 5340 2702 5408; x_wconf 84' lang='grc' dir='ltr'>ὁμοίως</span> <span class='ocrx_word' id='word_1_768' title='bbox 2732 5355 2820 5408; x_wconf 89' lang='grc' dir='ltr'>μοι</span> <span class='ocrx_word' id='word_1_769' title='bbox 2852 5338 3258 5408; x_wconf 84' lang='grc' dir='ltr'>μεριμνώντων,</span> <span class='ocrx_word' id='word_1_770' title='bbox 3283 5337 3451 5401; x_wconf 81' lang='grc' dir='ltr'>ὅστις</span> <span class='ocrx_word' id='word_1_771' title='bbox 3471 5336 3731 5405; x_wconf 76' lang='grc' dir='ltr'>γνησίως</span> 
     </span>
    </p>
   </div>
   <div class='ocr_carea' id='block_1_104' title="bbox 2173 5422 3733 5500">
    <p class='ocr_par' dir='ltr' id='par_1_104' title="bbox 2173 5422 3733 5500">
     <span class='ocr_line' id='line_1_104' title="bbox 2173 5422 3733 5500; baseline -0.006 -14"><span class='ocrx_word' id='word_1_772' title='bbox 2173 5432 2243 5486; x_wconf 79' lang='grc' dir='ltr'>τὰ</span> <span class='ocrx_word' id='word_1_773' title='bbox 2266 5432 2394 5499; x_wconf 74' lang='grc' dir='ltr'>περὶ</span> <span class='ocrx_word' id='word_1_774' title='bbox 2425 5429 2591 5500; x_wconf 70' lang='grc' dir='ltr'>ὑμῶν</span> <span class='ocrx_word' id='word_1_775' title='bbox 2612 5430 2982 5500; x_wconf 75' lang='grc' dir='ltr'>μεριμνήσει.</span> <span class='ocrx_word' id='word_1_776' title='bbox 3010 5430 3217 5484; x_wconf 79' lang='grc' dir='ltr'>Οὐδένα</span> <span class='ocrx_word' id='word_1_777' title='bbox 3246 5427 3340 5482; x_wconf 81' lang='grc' dir='ltr'>οῦν</span> <span class='ocrx_word' id='word_1_778' title='bbox 3366 5428 3464 5481; x_wconf 83' lang='grc' dir='ltr'>οὐκ</span> <span class='ocrx_word' id='word_1_779' title='bbox 3492 5422 3604 5498; x_wconf 72' lang='grc' dir='ltr'>εἷχε</span> <span class='ocrx_word' id='word_1_780' title='bbox 3624 5426 3733 5479; x_wconf 86' lang='grc' dir='ltr'>τῶν</span> 
     </span>
    </p>
   </div>
   <div class='ocr_carea' id='block_1_105' title="bbox 2178 5518 3734 5595">
    <p class='ocr_par' dir='ltr' id='par_1_105' title="bbox 2178 5518 3734 5595">
     <span class='ocr_line' id='line_1_105' title="bbox 2178 5518 3734 5595; baseline -0.004 -18"><span class='ocrx_word' id='word_1_781' title='bbox 2178 5526 2292 5595; x_wconf 80' lang='grc' dir='ltr'>μετ’</span> <span class='ocrx_word' id='word_1_782' title='bbox 2318 5523 2481 5577; x_wconf 89' lang='grc' dir='ltr'>αὐτοῦ</span> <span class='ocrx_word' id='word_1_783' title='bbox 2501 5522 2776 5592; x_wconf 71' lang='grc' dir='ltr'>ίσόψυχον;</span> <span class='ocrx_word' id='word_1_784' title='bbox 2804 5522 3025 5575; x_wconf 90' lang='grc' dir='ltr'>Οὐδένα.</span> <span class='ocrx_word' id='word_1_785' title='bbox 3046 5522 3110 5574; x_wconf 89' lang='grc' dir='ltr'>Τί</span> <span class='ocrx_word' id='word_1_786' title='bbox 3131 5522 3185 5574; x_wconf 85' lang='grc' dir='ltr'>δὲ</span> <span class='ocrx_word' id='word_1_787' title='bbox 3202 5519 3356 5574; x_wconf 88' lang='grc' dir='ltr'>τοῦτό</span> <span class='ocrx_word' id='word_1_788' title='bbox 3381 5522 3560 5585; x_wconf 84' lang='grc' dir='ltr'>ἐστιν;</span> <span class='ocrx_word' id='word_1_789' title='bbox 3586 5518 3734 5571; x_wconf 72' lang='grc' dir='ltr'>Ἀντὶ</span> 
     </span>
    </p>
   </div>
   <div class='ocr_carea' id='block_1_106' title="bbox 2175 5610 3731 5685">
    <p class='ocr_par' dir='ltr' id='par_1_106' title="bbox 2175 5610 3731 5685">
     <span class='ocr_line' id='line_1_106' title="bbox 2175 5610 3731 5685; baseline -0.001 -18"><span class='ocrx_word' id='word_1_790' title='bbox 2175 5615 2290 5681; x_wconf 89' lang='grc' dir='ltr'>τοῦ,</span> <span class='ocrx_word' id='word_1_791' title='bbox 2321 5614 2550 5685; x_wconf 84' lang='grc' dir='ltr'>Ὁμοίως</span> <span class='ocrx_word' id='word_1_792' title='bbox 2586 5614 2708 5683; x_wconf 73' lang='grc' dir='ltr'>ἐμοὶ</span> <span class='ocrx_word' id='word_1_793' title='bbox 2742 5613 3034 5682; x_wconf 88' lang='grc' dir='ltr'>κηδόμενον</span> <span class='ocrx_word' id='word_1_794' title='bbox 3067 5612 3218 5683; x_wconf 87' lang='grc' dir='ltr'>ὐμῶν</span> <span class='ocrx_word' id='word_1_795' title='bbox 3248 5612 3341 5666; x_wconf 73' lang='grc' dir='ltr'>καὶ</span> <span class='ocrx_word' id='word_1_796' title='bbox 3358 5610 3731 5681; x_wconf 80' lang='grc' dir='ltr'>φροντίζοντα.</span> 
     </span>
    </p>
   </div>
   <div class='ocr_carea' id='block_1_107' title="bbox 2178 5701 3735 5774">
    <p class='ocr_par' dir='ltr' id='par_1_107' title="bbox 2178 5701 3735 5774">
     <span class='ocr_line' id='line_1_107' title="bbox 2178 5701 3735 5774; baseline -0.004 -15"><span class='ocrx_word' id='word_1_797' title='bbox 2178 5707 2291 5759; x_wconf 80' lang='grc' dir='ltr'>Οὐκ</span> <span class='ocrx_word' id='word_1_798' title='bbox 2314 5707 2376 5759; x_wconf 76' lang='grc' dir='ltr'>ἄν</span> <span class='ocrx_word' id='word_1_799' title='bbox 2401 5723 2484 5768; x_wconf 88' lang='grc' dir='ltr'>τις</span> <span class='ocrx_word' id='word_1_800' title='bbox 2516 5705 2747 5767; x_wconf 86' lang='grc' dir='ltr'>εὐκόλως</span> <span class='ocrx_word' id='word_1_801' title='bbox 2777 5704 2966 5769; x_wconf 74' lang='grc' dir='ltr'>ἕλοιτο,</span> <span class='ocrx_word' id='word_1_802' title='bbox 3010 5704 3163 5774; x_wconf 72' lang='grc' dir='ltr'>φησὶ,</span> <span class='ocrx_word' id='word_1_803' title='bbox 3194 5702 3393 5771; x_wconf 85' lang='grc' dir='ltr'>ταύτης</span> <span class='ocrx_word' id='word_1_804' title='bbox 3425 5702 3607 5754; x_wconf 72' lang='grc' dir='ltr'>’ἕνεκεν</span> <span class='ocrx_word' id='word_1_805' title='bbox 3636 5701 3735 5768; x_wconf 76' lang='grc' dir='ltr'>τῆς</span> 
     </span>
    </p>
   </div>
   <div class='ocr_carea' id='block_1_108' title="bbox 2178 5792 3735 5865">
    <p class='ocr_par' dir='ltr' id='par_1_108' title="bbox 2178 5792 3735 5865">
     <span class='ocr_line' id='line_1_108' title="bbox 2178 5792 3735 5865; baseline -0.004 -15"><span class='ocrx_word' id='word_1_806' title='bbox 2178 5796 2352 5859; x_wconf 82' lang='grc' dir='ltr'>αἰτίας</span> <span class='ocrx_word' id='word_1_807' title='bbox 2378 5795 2680 5865; x_wconf 85' lang='grc' dir='ltr'>ὁδοιπορίαν</span> <span class='ocrx_word' id='word_1_808' title='bbox 2700 5794 2966 5864; x_wconf 87' lang='grc' dir='ltr'>τοσαύτην</span> <span class='ocrx_word' id='word_1_809' title='bbox 2979 5794 3323 5865; x_wconf 82' lang='grc' dir='ltr'>ποιήσασθαι.</span> <span class='ocrx_word' id='word_1_810' title='bbox 3342 5794 3398 5846; x_wconf 84' lang='grc' dir='ltr'>Ὀ</span> <span class='ocrx_word' id='word_1_811' title='bbox 3416 5792 3579 5863; x_wconf 78' lang='grc' dir='ltr'>φιλῶν</span> <span class='ocrx_word' id='word_1_812' title='bbox 3596 5793 3735 5861; x_wconf 75' lang='grc' dir='ltr'>ὑμᾶς</span> 
     </span>
    </p>
   </div>
   <div class='ocr_carea' id='block_1_109' title="bbox 2180 5868 3737 5957">
    <p class='ocr_par' dir='ltr' id='par_1_109' title="bbox 2180 5868 3737 5957">
     <span class='ocr_line' id='line_1_109' title="bbox 2180 5868 3737 5957; baseline -0.003 -16"><span class='ocrx_word' id='word_1_813' title='bbox 2180 5888 2295 5957; x_wconf 79' lang='grc' dir='ltr'>μετ’</span> <span class='ocrx_word' id='word_1_814' title='bbox 2328 5887 2480 5957; x_wconf 81' lang='grc' dir='ltr'>ἐμοῦ,</span> <span class='ocrx_word' id='word_1_815' title='bbox 2505 5887 2547 5938; x_wconf 88' lang='grc' dir='ltr'>Τ</span> <span class='ocrx_word' id='word_1_816' title='bbox 2552 5868 2762 5956; x_wconf 76' lang='grc' dir='ltr'>ιμόθεός</span> <span class='ocrx_word' id='word_1_817' title='bbox 2799 5888 2942 5939; x_wconf 84' lang='grc' dir='ltr'>ἐστιν</span> <span class='ocrx_word' id='word_1_818' title='bbox 2964 5903 2977 5917; x_wconf 81' lang='lat'><strong><em>°</em></strong></span> <span class='ocrx_word' id='word_1_819' title='bbox 3013 5885 3139 5957; x_wconf 82' lang='grc' dir='ltr'>ὲνῆν</span> <span class='ocrx_word' id='word_1_820' title='bbox 3172 5886 3267 5957; x_wconf 74' lang='grc' dir='ltr'>μὲν</span> <span class='ocrx_word' id='word_1_821' title='bbox 3293 5884 3399 5955; x_wconf 79' lang='grc' dir='ltr'>γὰρ</span> <span class='ocrx_word' id='word_1_822' title='bbox 3425 5883 3517 5937; x_wconf 70' lang='grc' dir='ltr'>καὶ</span> <span class='ocrx_word' id='word_1_823' title='bbox 3542 5884 3737 5944; x_wconf 75' lang='grc' dir='ltr'>ἄλλους</span> 
     </span>
    </p>
   </div>
  </div>
