3878 6510
108 436 213 493 945

108 562 285 607 autem
305 550 445 620 quod
474 549 631 605 simul
660 546 978 604 sacriﬁcium
1000 545 1242 601 offeram.
1267 544 1503 613 Idipsum
1523 550 1691 595 autem

106 655 155 700 et
195 661 280 699 vos
321 644 532 716 gaudete
565 653 614 699 et
658 641 1080 712 congratulandni
1107 640 1265 705 mihi,
1302 638 1443 709 quod
1481 637 1692 692 oblatus

105 759 247 799 sum.
268 742 743 811 Congratiilamini,
768 741 955 810 inquit,
974 739 1101 793 mihi
1127 740 1176 791 in
1197 754 1311 793 mea
1336 728 1501 806 ipsius
1523 745 1699 791 morte

105 837 382 905 gaudenti.
428 834 545 888 Non
589 834 746 905 igitur
790 832 1038 903 lacrymis
1077 830 1268 902 dignus
1305 840 1389 884 est
1426 831 1691 899 jiistorum

108 928 305 989 obitus,
336 926 429 980 sed
459 926 663 979 lartitia.
692 925 767 979 Si.
788 923 888 993 ipsi
927 921 1176 991 gaudent,
1210 920 1544 991 gaudendum
1571 936 1692 974 cum

108 1022 241 1089 ipsis
267 1029 347 1075 est
378 1036 392 1073 :
419 1020 710 1074 absurdum
739 1020 878 1072 enim
906 1016 1062 1070 fuerit
1089 1015 1439 1087 gaudentibus
1470 1015 1571 1068 illis
1596 1027 1694 1068 nos

107 1114 310 1183 lugere.
343 1111 447 1167 Sed
477 1112 919 1166 consuetudinem
949 1109 1290 1178 requirimus,
1321 1108 1508 1178 inquit.
1535 1106 1699 1162 (Ζοιηο

106 1218 290 1260 nienta
322 1204 506 1259 isthaec
532 1213 655 1259 sunt
692 1213 747 1257 et
788 1212 1075 1273 prmtextus
1106 1224 1120 1255 :
1156 1202 1278 1255 vide
1298 1242 1311 1264 ,
1342 1201 1466 1269 quid
1500 1201 1695 1256 Paulus

105 1299 397 1354 admoneat
445 1297 850 1369 Philippenses,
902 1296 1130 1350 Gaudete
1175 1306 1222 1350 et
1270 1295 1697 1366 congratutamini

104 1393 275 1456 mihi;
301 1401 355 1446 et
383 1400 439 1445 tu
469 1391 906 1446 consuetudinem
950 1390 1212 1459 requiris?
1252 1388 1306 1445 Si
1350 1389 1444 1444 tibi
1481 1389 1696 1460 quidem

107 1486 212 1552 ipsi
242 1486 329 1540 hic
356 1485 675 1539 manendum
707 1485 808 1546 sit,
838 1495 981 1539 recte
1010 1484 1178 1545 dicis;
1211 1482 1291 1537 sin
1334 1494 1508 1538 autem
1542 1484 1699 1551 paulo

106 1586 231 1647 post
256 1577 323 1631 ad
353 1577 499 1630 illiilli
526 1577 612 1646 qui
644 1576 771 1631 abiit
806 1588 1155 1645 perventurus
1180 1594 1258 1644 es,
1286 1595 1444 1649 quam
1471 1580 1699 1651 requiris

104 1668 556 1722 consuetudinem
579 1669 602 1721 ?
630 1667 722 1723 Ille
746 1669 888 1722 enim
918 1670 1110 1723 merito
1144 1672 1582 1727 consuetudinem
1612 1689 1699 1728 re—

105 1762 315 1827 quirat,
343 1761 431 1829 qui
458 1762 525 1815 ab
553 1762 733 1832 aliquo
764 1761 816 1815 in
848 1772 1162 1832 perpetuum
1191 1764 1499 1831 divellitur;
1530 1766 1620 1820 sed
1653 1765 1698 1820 si

106 1851 258 1904 idem
288 1851 377 1905 tibi
404 1852 504 1906 iter
529 1852 916 1907 conﬁciendum
944 1864 1045 1919 est,
1076 1871 1235 1925 quam
1259 1857 1696 1913 consuetudinem

105 1947 385 2016 requiris?
407 1948 532 2012 Eos,
560 1948 649 2018 qui
678 1963 898 2019 peregre
926 1950 1136 2013 absunt,
1168 1966 1264 2005 cur
1290 1966 1394 2005 non
1426 1951 1701 2019 lugemus?

106 2053 296 2093 nonne
322 2040 504 2108 paucis
532 2040 745 2095 emissis
767 2042 1037 2112 lacrymis,
1070 2042 1346 2098 confestim
1383 2054 1505 2115 post
1536 2061 1700 2101 unum

106 2137 201 2183 aut
221 2130 450 2185 alterum
479 2130 619 2185 diem
647 2146 675 2184 a
704 2132 831 2186 fletu
855 2135 1163 2188 cessamus?
1188 2134 1242 2189 Si
1265 2137 1699 2190 consuetudinem

110 2220 362 2287 requiris,
392 2230 598 2275 tantum
629 2221 905 2277 dumtaxat
929 2223 1073 2288 fleto,
1107 2234 1360 2295 quantum
1385 2227 1511 2281 satis
1541 2229 1612 2281 sit
1635 2226 1702 2281 ad

109 2311 527 2378 ostendendum,
560 2323 611 2367 te
646 2324 830 2369 natura
864 2315 1132 2371 hominem
1163 2332 1284 2372 esse
1314 2336 1325 2370 :
1356 2318 1551 2372 deinde
1577 2334 1703 2374 vero

104 2400 306 2471 gaude,
336 2404 785 2472 quemadmodum
814 2404 1032 2472 Paulus,
1061 2406 1150 2476 qui
1179 2407 1249 2462 ita
1276 2408 1489 2464 dicebat
1517 2427 1529 2462 :
1561 2410 1702 2464 Nihil

986 2542 1311 2553 ————_..

986 426 1052 485 IN
1094 428 1302 485 EPIST.
1346 427 1437 482 AD
1475 422 1759 481 PillLiPP.
1800 422 1952 477 CAP.
1996 421 2055 475 11.
2099 420 2327 476 1101111..
2373 419 2465 473 IX.

3278 419 3384 475 216

1797 535 1928 591 mihi
1958 536 2169 591 molesti
2196 534 2425 596 accidit,
2458 532 2553 591 sed
2589 536 2748 589 etiam
2786 534 2994 604 gaudeo
3020 534 3086 589 ad
3113 534 3382 591 Christum

1798 627 2017 692 abiens,
2052 627 2117 680 Et
2154 642 2241 681 vos
2264 626 2513 697 gaudete,
2542 625 2747 695 inquit,
2777 626 3202 696 congratulamini
3235 628 3380 681 mihi.

1797 719 2136 774 Gaudeamus
2164 718 2321 789 igitur
2342 726 2396 771 et
2423 732 2522 772 nos
2546 732 2665 771 cum
2683 717 2883 786 justum
2912 717 3200 772 viderimus
3223 718 3386 772 inter-

1799 809 1947 875 iisse,
1971 810 2052 864 vel
2082 810 2257 877 potius
2281 808 2496 878 quando
2518 808 2747 877 aliquem
2775 808 2935 864 etiam
2960 823 3025 865 ex
3053 809 3346 879 desperatis
3370 827 3383 861 :

1800 918 1919 956 nam
1944 904 2032 958 ille
2057 903 2270 966 quidem
2294 902 2537 968 discedit,
2571 903 2810 957 laborum
2838 918 3054 957 suorum
3083 902 3385 958 mercedem

1798 1005 2150 1063 accepturus;
2183 993 2269 1049 hic
2296 1009 2425 1047 vero
2458 994 2729 1064 quidpiam
2768 994 2835 1048 de
2880 1004 3217 1063 peccatorum
3256 1011 3388 1049 sun-

1799 1101 1917 1139 rum
1958 1100 2181 1140 numero
2218 1086 2469 1140 detraxit.
2514 1085 2619 1140 Sed
2662 1088 2890 1140 fortasse
2915 1128 2928 1148 ,
2962 1087 3165 1155 inquit,
3205 1086 3391 1141 vivens

1801 1178 1961 1232 vitam
2006 1188 2263 1233 mutasset
2292 1195 2463 1232 suam.
2493 1179 2563 1232 At
2590 1194 2694 1234 non
2740 1180 2885 1233 illum
2918 1182 3181 1247 rapuisset
3212 1180 3386 1243 Deus,

1800 1271 1843 1325 si
1873 1270 2033 1325 vitam
2064 1271 2153 1325 ille
2180 1280 2478 1326 mutaturus
2505 1270 2710 1325 fuisset.
2739 1270 2945 1326 Etenim
2972 1269 3061 1339 qui
3090 1271 3267 1324 omnia
3294 1286 3391 1339 pro

1802 1363 1973 1418 salute
2000 1371 2179 1417 nostra
2211 1364 2336 1418 facit
2363 1379 2426 1419 ac
2455 1363 2729 1432 disponit,
2760 1379 2856 1417 cur
2886 1379 2989 1417 non
3024 1379 3145 1418 eum
3174 1364 3389 1419 sivisset

1802 1456 1981 1509 vivere
2006 1454 2097 1525 qui
2124 1455 2414 1525 aliquando
2446 1456 2564 1510 talis
2592 1452 2800 1509 futurus
2838 1465 3000 1519 esset,
3033 1466 3089 1507 ut
3118 1455 3393 1524 placeret?

1803 1546 1847 1599 si
1887 1546 2015 1599 siuit
2044 1560 2137 1600 eos
2166 1548 2254 1615 qui
2300 1562 2406 1601 non
2451 1556 2870 1611 convertuntur,
2905 1547 3074 1601 multo
3104 1547 3272 1615 magis
3298 1561 3393 1600 eoa

1803 1638 1891 1707 qui
1918 1648 2327 1701 convertuntur.
2359 1639 2608 1710 Undique
2648 1641 2809 1712 igitur
2837 1640 2992 1696 ﬂetus
3022 1641 3175 1696 nobis
3202 1658 3394 1708 ampu-

1805 1736 1945 1782 tatus
1972 1730 2060 1793 sit,
2093 1731 2325 1800 undique
2356 1732 2584 1787 lamenta
2612 1733 2819 1787 sublata
2848 1750 2864 1789 :
2891 1748 3241 1803 quacumque
3270 1749 3395 1788 eve-

1805 1822 1988 1886 niant,
2018 1823 2087 1878 de
2122 1825 2372 1879 omnibus
2415 1826 2613 1893 gratias
2641 1842 2861 1895 agamus
2895 1827 3035 1887 Deo,
3069 1827 3248 1880 omnia
3278 1826 3395 1879 sine

1805 1916 2316 1970 murmurationibus
2358 1916 2614 1970 faciamus
2645 1934 2657 1968 :
2690 1917 2977 1970 lmtemur‘:
3007 1927 3164 1986 atque
3194 1918 3245 1970 in
3273 1932 3393 1970 0111-

1805 2006 1961 2061 nibus
2006 2006 2077 2061 illi
2131 2008 2467 2075 placeamus,
2498 2017 2555 2062 ut
2598 2008 2772 2062 futura
2818 2010 2976 2063 etiam
3004 2024 3397 2077 consequamur

1809 2095 1943 2149 bona
1971 2138 1985 2161 ,
2013 2097 2182 2166 gratia
2213 2107 2267 2152 et
2292 2100 2619 2168 benignitate
2650 2099 2860 2154 Domini
2892 2100 3059 2155 nostri
3090 2100 3215 2155 Jesu
3244 2099 3398 2155 Chri-

1807 2190 1909 2251 sti,
1938 2206 2057 2243 cum
2088 2204 2195 2259 quo
2222 2191 2398 2256 Patri,
2433 2191 2701 2261 simulque
2730 2202 2915 2246 sancto
2941 2190 3158 2261 Spiritui
3189 2191 3356 2261 gloria
3379 2230 3395 2253 ,

1808 2288 2066 2349 potestas,
2099 2282 2290 2347 honor,
2321 2299 2464 2338 nunc
2488 2294 2542 2339 et
2570 2299 2804 2354 semper,
2835 2293 2889 2341 et
2917 2284 2970 2339 in
2996 2285 3190 2338 saecula
3223 2298 3394 2338 sarcu-

1810 2374 2003 2428 lorum.
2028 2378 2219 2430 Amen.

1468 2620 1811 2685 HOMILIA
1857 2626 1971 2686 1X.

100 2753 233 2810 Car.
259 2755 320 2810 2.
348 2771 399 2809 v.
424 2757 514 2812 19.
537 2758 702 2826 Spero
723 2768 889 2813 autem
916 2759 966 2813 in
996 2757 1214 2814 Domino
1235 2760 1266 2813 J
1274 2778 1358 2815 esu
1384 2761 1701 2819 Timotheum

175 2866 258 2902 me
288 2850 393 2903 cito
432 2851 629 2904 mittere
661 2852 729 2904 ad
765 2868 851 2905 vos
874 2894 890 2918 ,
922 2863 977 2905 ut
1011 2863 1057 2905 et
1086 2869 1178 2922 ego
1206 2853 1334 2907 bono
1364 2855 1534 2909 animo
1566 2859 1699 2925 sint,

172 2941 403 3010 cognitis
432 2958 545 3011 quae
569 2943 704 2995 circa
731 2958 818 2997 vos
859 2952 996 2997 sunt.
1027 2944 1115 2998 9.0.
1149 2944 1416 2999 Neminem
1443 2949 1575 3000 enim
1616 2951 1705 3001 lia-

173 3033 269 3085 beo
299 3042 410 3085 tam
445 3034 763 3098 unanimem,
794 3036 880 3103 qui
913 3035 1110 3089 sincera
1147 3035 1412 3098 a/I'ectione
1444 3054 1534 3105 pro
1563 3040 1701 3094 vobis

172 3123 436 3177 sollicitus
472 3127 675 3193 futurus
699 3126 783 3179 sit.
819 3124 909 3178 21.
943 3125 1128 3180 Omnes
1155 3128 1286 3180 enim
1323 3144 1437 3198 qua:
1464 3145 1558 3182 sua
1585 3139 1702 3183 sunt

171 3227 439 3287 quierunt,
468 3234 568 3271 non
596 3234 706 3287 qua:
731 3229 847 3273 sunt
872 3218 997 3272 Jesu
1027 3219 1232 3274 Christi.

177 3312 232 3365 1.
272 3311 424 3365 Dixit
451 3327 569 3379 quae
609 3312 709 3366 sibi
734 3323 1025 3367 evenerant
1051 3312 1118 3367 ad
1147 3314 1405 3384 evangelii
1452 3330 1700 3385 progres-

100 3418 223 3458 sum
253 3402 621 3469 cciiduxisse,
654 3403 739 3457 Ita
764 3413 817 3457 ut
847 3405 1044 3458 vincula
1083 3423 1192 3459 mea
1223 3408 1491 3478 manifesta
1530 3410 1705 3475 ﬁerent

101 3496 158 3549 in
196 3496 351 3549 omni
388 3496 625 3565 pra’torio
662 3494 941 3566 (Philipp.
974 3497 1025 3552 1.
1062 3498 1169 3565 13)
1200 3516 1212 3551 :
1240 3498 1410 3564 dixit,
1454 3498 1561 3553 Sed
1592 3512 1639 3553 et
1662 3502 1707 3555 si

102 3590 359 3644 immolor
398 3606 557 3658 supra
600 3590 906 3656 sacri/icium
945 3600 993 3644 et
1032 3592 1323 3662 obsequium
1348 3593 1468 3660 ﬁdei
1495 3602 1707 3656 vestras;

102 3683 376 3753 ipsosque
398 3698 493 3751 per
514 3682 627 3737 huic
652 3682 1008 3737 confirmavit.
1039 3683 1144 3739 Sed
1171 3684 1309 3738 forte
1334 3685 1592 3754 suspicari
1618 3700 1711 3753 po-

102 3785 296 3832 terant
327 3776 503 3845 priora
530 3776 629 3829 ista
654 3774 1038 3830 consolationis
1058 3791 1216 3830 causa
1249 3790 1368 3829 esse
1388 3776 1548 3830 dicta.
1575 3775 1711 3842 Quid

103 3871 277 3939 igitur
310 3870 474 3934 facit,
505 3878 560 3923 et
584 3868 854 3939 quomodo
882 3868 1239 3938 suspicibnem
1278 3867 1711 3924 1101111111Τίωο-

104 3962 327 4027 theum,
361 3960 549 4031 inquit,
578 3962 730 4015 mitto
758 3961 825 4016 ad
854 3977 948 4015 vos
978 3980 992 4013 :
1024 3962 1251 4017 avebant
1278 3961 1419 4017 enim
1450 3961 1517 4016 de
1548 3962 1713 4015 Paulo

103 4055 297 4109 omnia
331 4069 675 4124 cognoscere.
709 4054 816 4109 Cur
854 4070 982 4110 vero
1020 4069 1125 4110 non
1169 4055 1337 4120 dixit,
1369 4054 1440 4111 Ut
1470 4070 1587 4109 mea
1617 4070 1712 4109 co-

102 4146 425 4216 gnoscatis,
457 4146 584 4208 sed,
617 4144 684 4200 Ut
710 4160 812 4216 ego
839 4161 1156 4216 cognoscam
1198 4146 1415 4201 vestra?
1451 4146 1712 4212 Quoniam

107 4239 271 4291 Pauli
308 4252 395 4292 res
426 4237 820 4306 Epaphroditus
848 4246 971 4292 ante
1010 4238 1346 4292 Timotheum
1375 4240 1715 4293 nuntiaturus

107 4340 237 4385 erat
273 4348 288 4383 :
322 4331 671 4400 quamobrem
718 4331 1064 4400 progrediens
1114 4331 1319 4400 inquit,
1362 4329 1717 4385 Necessarium

106 4433 301 4475 autem
327 4422 603 4475 existimavi
644 4421 1051 4492 Epaphroditum
1082 4425 1290 4493 fratrem
1320 4428 1512 4477 mittere
1535 4427 1605 4476 ad
1630 4440 1716 4477 vos

114 4514 197 4581 (υ.
230 4513 337 4581 25)
364 4533 377 4566 :
402 4512 502 4567 Sed
529 4524 727 4578 vestra,
757 4514 945 4583 inquit,
974 4529 1299 4583 cognoscere
1341 4515 1518 4583 cupio.
1560 4513 1717 4570 Veri-

110 4606 316 4659 simile
346 4605 484 4658 enim
512 4614 593 4659 est
621 4606 711 4659 diu
752 4606 899 4659 illum
943 4606 1203 4661 mansisse
1232 4606 1372 4676 apud
1401 4606 1622 4660 Paulum
1650 4607 1720 4660 ob

105 4698 378 4765 eor-poris
406 4696 844 4753 imbecillitatem.
876 4697 1232 4766 Quamobrem
1270 4698 1607 4766 necessario,
1640 4698 1719 4751 111-

102 4792 234 4861 qnit
259 4832 278 4857 ,
322 4799 499 4843 vestra
528 4791 705 4861 ,cupio
750 4806 1093 4860 cognoscere.
1151 4789 1280 4845 Vide
1316 4798 1497 4845 autem
1518 4832 1534 4856 ,
1562 4786 1721 4860 quam

102 4883 303 4938 omnia
337 4882 407 4937 ad
436 4882 704 4939 Christum
736 4885 964 4950 referat,
997 4894 1052 4939 et
1088 4885 1256 4953 ipsam
1294 4899 1507 4955 quoque
1535 4876 1720 4939 Timo-4

103 4978 223 5032 thei
258 4975 582 5031 missionem
605 5018 620 5042 ,
654 4977 723 5031 ita
751 4977 970 5041 dicens,
1004 4976 1169 5047 Spero
1202 4985 1367 5030 autem
1405 4978 1457 5030 in
1501 4975 1720 5031 Domino

99 5070 284 5133 Jesu;
323 5069 379 5123 id
420 5080 536 5134 est,
566 5069 777 5124 conﬁdo
808 5080 865 5124 ut
904 5070 1005 5124 1100
1032 5070 1160 5124 1111111
1195 5070 1334 5125 Deus
1360 5069 1720 5139 gratiﬁcctur,

101 5164 282 5232 idque
317 5162 455 5216 inihi
486 5179 550 5217 ex
579 5163 838 5219 sententia
867 5163 1139 5219 succedat.
1173 5161 1240 5218 Ut
1264 5171 1309 5217 et
1336 5179 1427 5234 ego
1458 5162 1586 5216 bono
1609 5164 1724 5216 ani-

103 5273 194 5309 mo
221 5256 333 5310 sint
359 5298 378 5321 ,
407 5256 619 5326 cognitis
645 5273 756 5324 qua:
781 5257 916 5309 circa
945 5273 1030 5310 vos
1064 5265 1200 5311 sunt.
1231 5254 1687 5323 Quemadmodum
1704 5297 1720 5321 ,

101 5348 298 5417 inquit
323 5389 344 5412 ,
382 5347 620 5401 recreavi
669 5362 764 5402 vos
811 5347 935 5402 dum
981 5363 1041 5402 ea
1086 5347 1364 5403 audivistis
1393 5363 1510 5417 qua:
1537 5347 1605 5403 de
1638 5364 1725 5402 me

101 5439 327 5509 precati
358 5438 513 5505 estis,
543 5439 791 5493 nimirum
818 5439 1149 5510 evangelium
1179 5452 1489 5509 progressus
1512 5439 1724 5505 fecisse,

102 5533 369 5586 dedecus
396 5530 446 5583 in
476 5530 597 5585 illos
624 5530 879 5586 recidisse
902 5573 918 5597 ,
946 5539 1000 5585 et
1025 5531 1166 5585 unde
1192 5529 1319 5583 mihi
1348 5544 1540 5584 nocere
1568 5539 1724 5598 puta-

101 5623 287 5689 bant,
339 5620 473 5676 inde
517 5622 751 5677 laetitiam
796 5622 1081 5677 attulisse:
1117 5621 1188 5676 ita
1232 5622 1389 5690 cupio
1435 5620 1501 5674 de
1547 5635 1723 5675 rerum

98 5729 435 5775 vestrarum
461 5724 603 5771 statu
624 5731 969 5786 cognoscere,
997 5715 1064 5771 Ut
1088 5726 1131 5770 et
1152 5731 1245 5786 ego
1269 5715 1398 5768 bona
1418 5713 1587 5767 animo
1608 5713 1723 5776 sim,

101 5809 346 5876 cognitis
366 5822 485 5876 qua
503 5809 637 5860 circa
663 5824 747 5860 vos
772 5819 906 5860 sunt.
932 5806 1025 5861 llis
1046 5806 1221 5861 verbis
1242 5803 1475 5860 ostendit
1492 5804 1726 5873 gaudere

103 5902 235 5959 illos
268 5901 542 5958 debuisse
568 5900 634 5953 de
663 5900 887 5955 vinculis
908 5945 923 5965 ,
955 5915 1123 5971 eaque
1164 5899 1449 5967 subsequi;
1497 5902 1721 5955 multum

492 6003 764 6068 PATROL.
812 6011 927 6072 Gn.
978 6013 1168 6076 LXII.

1810 2773 1954 2822 enim
1984 2769 2083 2839 ipsi
2115 2770 2399 2839 voluptatis
2428 2772 2673 2827 attulisse
2703 2790 2717 2827 :
2748 2788 2871 2827 nam
2923 2772 3074 2837 illud,
3103 2772 3171 2828 Ut
3216 2782 3262 2827 et
3305 2789 3398 2843 ego

1811 2864 1939 2916 bono
1968 2864 2139 2917 animo
2169 2865 2298 2926 sim,
2330 2863 2431 2920 hoc
2470 2866 2765 2937 signiﬁcat,
2794 2866 3242 2936 quemadmodum
3278 2882 3396 2922 vos.

1810 2956 1999 3026 Papae!
2040 2965 2239 3026 quanto
2272 2955 2633 3012 Macedoniam
2674 2973 2859 3013 amore
2898 2958 3393 3027 complectebatur!

1812 3046 1954 3101 Idem
2010 3062 2139 3102 vero
2180 3047 2752 3103 Thessalonicensibus
2792 3064 3005 3119 quoque
3055 3048 3204 3111 dicit,
3236 3058 3289 3101 ut
3334 3064 3402 3102 eo

1811 3138 1968 3203 loco,
2002 3137 2115 3192 Nos
2154 3148 2319 3191 autent
2372 3139 2587 3193 desolati
2641 3158 2672 3192 a
2719 3140 2853 3194 vobis
2902 3141 2970 3193 ad
3012 3150 3207 3208 tempus
3260 3140 3401 3194 horta

1810 3231 1888 3297 (1.
1915 3230 2092 3285 Thess.
2122 3232 2177 3285 2.
2212 3232 2327 3295 17).
2361 3232 2429 3285 Ε1
2465 3232 2550 3287 1110
2575 3275 2590 3299 ,
2617 3233 2817 3303 Spero,
2849 3234 3052 3305 inquit,
3084 3234 3402 3287 Timotheum

1809 3322 2005 3375 mittere
2028 3364 2041 3382 ,
2082 3330 2141 3375 ut
2179 3321 2261 3376 de.
2288 3337 2472 3381 rerum
2510 3334 2808 3379 vestrarum
2851 3335 2994 3379 statu
3033 3341 3350 3396 cognoscam
3386 3344 3399 3378 :

1810 3414 1949 3485 quod
1968 3414 2181 3483 quidem
2201 3416 2484 3469 maximam
2506 3416 2771 3471 indicabat
2786 3431 2994 3473 curam.
3018 3417 3242 3484 Quando
3260 3419 3402 3471 enini

1812 3506 1925 3575 ipse
1956 3506 2147 3561 adesse
2179 3522 2283 3560 non
2318 3518 2543 3575 poterat,
2572 3507 2861 3577 discipulos
2900 3510 3144 3563 mittebat
3172 3527 3185 3560 :
3218 3510 3285 3562 ita
3318 3524 3405 3563 res

1814 3596 2023 3651 illorum
2053 3598 2152 3654 sibi
2185 3601 2389 3669 ignotas
2415 3614 2536 3654 esse
2561 3616 2628 3653 ne
2654 3600 2718 3653 ad
2754 3600 2912 3656 breve
2944 3601 3158 3671 quidem
3193 3611 3403 3670 tempus

1816 3691 1956 3745 ferre
1985 3699 2214 3760 poterat.
2247 3691 2371 3749 Non
2394 3691 2537 3745 enim
2577 3691 2769 3761 spiritu
2804 3693 2980 3746 omnia
3011 3693 3403 3761 cognoscebat;

1815 3783 1974 3852 idque
1994 3783 2113 3851 jure
2141 3784 2318 3837 fiebat.
2348 3784 2555 3837 Etenim
2585 3783 2630 3838 si
2656 3782 2758 3839 hoc
2782 3784 2882 3838 sibi
2909 3783 3155 3854 discipuli
3187 3800 3404 3853 persua-

1816 3874 2037 3941 sissent,
2066 3875 2402 3944 impudentes
2429 3874 2553 3930 facti
2577 3885 2791 3941 essent;
2820 3892 2961 3932 nunc
2986 3892 3116 3932 vero
3141 3893 3262 3932 cum
3288 3894 3409 3947 spe-

1817 3974 2000 4021 rarent
2042 3966 2207 4021 latere
2232 4007 2245 4030 ,
2278 3967 2487 4021 facilius
2521 3968 2946 4038 corrigebantur.
2980 3969 3093 4023 Hoc
3134 3969 3250 4037 ipso
3281 3984 3408 4025 vero

1818 4059 1941 4114 illos
1982 4053 2315 4129 potissimum
2353 4068 2589 4115 attentos
2617 4060 2824 4127 reddit,
2848 4061 2990 4131 quod
3032 4063 3234 4131 inquit,
3269 4061 3334 4115 Ut
3363 4070 3409 4114 et

1819 4168 1909 4222 ego
1934 4152 2063 4205 bono
2088 4151 2260 4206 animo
2294 4152 2387 4205 sint
2409 4194 2424 4215 ,
2466 4152 2787 4223 illoriimqiie
2826 4154 3060 4208 studium
3093 4168 3157 4207 ac
3181 4154 3408 4223 diligen-

1819 4246 1945 4300 tiam
1976 4247 2155 4311 acuit,
2179 4247 2248 4300 ita
2280 4254 2367 4310 ut,
2410 4247 2620 4301 tametsi
2663 4246 2976 4301 Timotheus
3011 4262 3117 4300 non
3160 4247 3407 4311 venerit,

1820 4338 1983 4391 alium
2026 4348 2202 4392 tamen
2245 4338 2557 4392 inventurus
2598 4338 2669 4392 sit
2713 4341 2801 4406 qui
2837 4338 2935 4407 ipsi
2978 4339 3263 4392 renuntiet.
3299 4338 3411 4393 Hac

1820 4438 2000 4483 autem
2032 4430 2144 4497 ipse
2173 4430 2331 4483 etiam
2372 4431 2578 4484 ratione
2615 4430 2896 4498 perspicue
2926 4444 3055 4484 usus
3082 4438 3196 4495 est,
3223 4444 3411 4485 suum-

1821 4535 1924 4589 que
1961 4519 2246 4574 adventum
2279 4520 2486 4574 distulit
2508 4562 2524 4583 ,
2558 4530 2614 4574 ut
2645 4520 2909 4575 Corinthii
2943 4532 3411 4577 converterentur.

1825 4611 2111 4680 Propterea
2134 4615 2294 4665 etiam
2321 4613 2608 4677 scribebat,
2639 4612 2861 4667 Parcens
2888 4614 3026 4667 vobis
3054 4614 3281 4667 nondum
3302 4613 3416 4667 veni

1825 4704 2123 4759 Corinthum
2149 4705 2229 4773 ('2.
2252 4704 2379 4758 σοον.
2412 4705 2462 4758 1.
2494 4704 2609 4773 25).
2641 4704 2755 4759 Non
2786 4706 2928 4759 enim
2962 4705 3065 4760 1100
3092 4707 3209 4760 solo
3238 4715 3414 4760 osten-

1824 4796 1968 4850 diiur
2007 4797 2200 4850 caritas
2220 4836 2236 4861 ,
2268 4795 2410 4866 quod
2458 4811 2552 4850 sua
2594 4796 2836 4861 nuntiet,
2865 4796 2960 4851 sed
2990 4798 3150 4851 etiam
3177 4798 3318 4869 quod
3350 4798 3416 4850 dii

1828 4888 2040 4942 illorum
2065 4897 2207 4940 statu
2227 4887 2405 4955 cupiat
2430 4901 2757 4955 cognoscere
2786 4904 2798 4939 :
2826 4888 2926 4941 hoc
2952 4886 3092 4941 enim
3119 4889 3311 4943 anima:
3334 4898 3417 4943 est

1827 4978 1980 5033 valde
2008 4977 2247 5031 curantis
2285 4988 2342 5032 et
2375 4978 2685 5048 satagentis,
2717 4988 2772 5031 et
2810 4978 2859 5031 in
2904 4990 3155 5047 perpetua
3186 4978 3416 5047 quadam

1828 5069 2189 5124 sollicitudine
2231 5069 2516 5124 versatilis.
2563 5068 2731 5124 Simul
2775 5084 2901 5124 vero
2943 5077 2999 5123 et
3045 5069 3251 5124 honore
3299 5071 3417 5125 illos

1828 5160 1993 5216 afﬁcit
2013 5161 2352 5216 Timotheum
2385 5161 2618 5215 mittens.
2644 5160 2779 5229 Quid
2802 5160 2919 5215 ais?
2940 5158 3279 5214 Timotheum
3303 5163 3416 5213 init.

1830 5254 1931 5309 tis?
1958 5253 2331 5325 quapropter?
2359 5252 2500 5309 Sane
2520 5294 2535 5319 ,
2562 5254 2732 5324 inquit
2756 5269 2771 5317 ;
2801 5251 3071 5306 Neminem
3096 5252 3229 5307 enim
3259 5252 3415 5305 habeo

1830 5349 2159 5411 unanimem;
2186 5346 2236 5400 id
2269 5355 2381 5409 est,
2413 5345 2501 5415 qui
2532 5360 2685 5414 atque
2712 5352 2870 5412 atque
2897 5358 2996 5412 ego
3022 5350 3199 5397 vestra
3229 5353 3415 5409 curet;

1829 5438 1915 5505 qui
1955 5438 2152 5491 sincera
2196 5435 2463 5503 a/fectione
2506 5451 2598 5505 pro
2636 5434 2772 5505 vobis
2808 5434 3055 5488 sollicitus
3089 5434 3292 5503 futurus
3329 5435 3416 5490 sit.

1830 5529 2110 5584 Neminem
2154 5544 2284 5599 ergo
2327 5543 2509 5584 secum
2557 5526 2818 5589 habebat,
2851 5525 2941 5596 qui
2972 5527 3220 5582 eumdem
3258 5538 3419 5599 atque

1835 5621 1948 5689 ipse
1991 5622 2228 5674 animum
2273 5629 2503 5690 gereret.
2553 5617 2851 5671 Neminem.
2890 5616 3026 5684 Quid
3074 5619 3123 5672 id
3163 5620 3288 5674 est?
3317 5620 3419 5685 Qui

1835 5712 2084 5766 nimii-uni
2106 5727 2257 5782 teque
2277 5720 2438 5780 atque
2452 5725 2552 5779 ego
2570 5725 2661 5763 vos
2682 5718 2857 5775 curet,
2878 5711 3132 5780 vobisque
3151 5715 3414 5768 consulat.

1834 5803 1949 5858 Non
1994 5804 2182 5869 facile,
2226 5802 2423 5873 inquit,
2455 5801 2718 5871 quispiam
2752 5801 3052 5857 inveniatur
3083 5805 3173 5875 qui
3222 5807 3323 5861 liae
3351 5808 3419 5862 de

1832 5907 1993 5950 causa
2022 5907 2226 5950 tantum
2257 5895 2458 5949 itineris
2490 5896 2617 5947 velit
2643 5893 2940 5949 conficere:
2969 5898 3058 5965 qui
3080 5911 3230 5969 atque
3259 5909 3419 5970 atque

3003 6020 3077 6081 16
