3878 6510
532 423 635 482 217

535 560 637 613 ego
676 558 775 599 vos
817 548 960 597 amat
984 585 999 603 .
1040 538 1351 594 'l‘imOtheus
1389 547 1472 593 est
1503 559 1517 594 :
1543 546 1697 593 erant
1725 548 1902 592 autem
1931 544 1987 591 et
2024 534 2115 589 alii

536 651 673 707 quos
716 636 981 690 mitterem
1005 674 1021 699 ,
1056 628 1151 687 sed
1192 646 1352 686 nemo
1381 630 1502 684 talis
1530 638 1634 685 est.
1676 630 1816 699 Ergo
1859 627 1960 683 hoc
1996 637 2113 694 est,

540 728 845 781 unanimem
867 739 1007 791 esse,
1031 721 1320 792 discipulos
1347 720 1568 792 perinde
1587 730 1748 791 atque
1775 721 1889 790 ipse
1914 733 2116 774 amare.

540 819 641 886 Qui
667 818 885 883 sincera,
914 816 1103 886 inquit,
1134 812 1401 881 affectione
1427 829 1521 883 pro
1547 812 1684 867 vobis
1705 811 1950 867 sollicitus
1978 810 2119 881 futu-

535 926 623 964 rus
651 909 753 974 sit;
782 907 833 962 id
860 914 1210 976 est,paterna.
1237 902 1426 959 Omnes
1445 904 1579 958 enim
1598 919 1711 966 aute
1729 920 1822 958 sua
1847 912 1964 958 sunt
1982 917 2119 972 qua:-

534 1012 675 1066 runt,
701 1016 802 1055 non
825 1015 938 1070 qua:
958 998 1083 1053 Jesu
1106 998 1335 1065 Christi;
1361 998 1412 1053 id
1438 1006 1540 1063 est,
1560 997 1945 1068 iucunditatem
1968 1010 2116 1052 suam

534 1111 598 1149 ac
617 1093 961 1150 securitatem
988 1108 1003 1147 :
1024 1091 1166 1162 quod
1191 1091 1352 1146 etiam
1376 1089 1441 1144 ad
1464 1089 1804 1145 Timotheum
1826 1088 2113 1144 scribebat.

536 1187 643 1242 Sed
670 1201 769 1241 cur
806 1185 993 1240 istbtec
1029 1182 1411 1253 conqueritur?
1440 1181 1549 1237 Nos
1578 1181 1776 1237 docens
1800 1223 1814 1246 ,
1846 1180 1972 1236 dum
2006 1180 2118 1234 haec

532 1279 783 1337 audimus
803 1319 818 1343 ,
850 1292 918 1332 ue
945 1276 1135 1332 eodem
1169 1274 1551 1346 prolabamur;
1581 1272 1783 1328 docens
1811 1272 2080 1326 auditores
2100 1311 2116 1336 ,

537 1389 607 1428 ne
632 1371 1047 1429 oblectationem
1086 1384 1149 1424 ac
1189 1368 1430 1438 requiem
1458 1376 1721 1437 qumrant.
1752 1364 1883 1420 Nam
1915 1364 2004 1435 qui
2035 1379 2121 1418 re-

537 1465 717 1536 quiem
741 1463 955 1535 quaerit,
985 1478 1089 1517 non
1113 1477 1232 1532 qua:
1252 1460 1448 1515 Christi
1475 1469 1619 1523 sunt,
1645 1458 1738 1513 sed
1765 1473 1859 1512 sua
1884 1456 2075 1528 quierit
2101 1471 2116 1511 :

536 1564 753 1625 oportet
780 1555 921 1611 enim
952 1561 1165 1624 paratos
1194 1566 1291 1605 nos
1321 1564 1441 1605 esse
1467 1549 1532 1604 ad
1562 1551 1804 1619 quemvis
1844 1549 2081 1603 laborem
2101 1586 2117 1611 ,

540 1647 609 1701 ad
638 1648 879 1718 quamvis
907 1644 1175 1700 miseriam
1204 1640 1554 1697 subeundam.
1580 1641 1670 1694 22.
1700 1640 2119 1711 Experimentum

541 1750 739 1806 autem,
769 1739 971 1809 inquit,
1010 1738 1121 1808 ejus
1158 1737 1472 1808 cognoscite,
1503 1734 1623 1803 quia
1654 1735 1783 1788 sicut
1822 1732 1955 1803 patri
1982 1732 2121 1800 ﬁlius

540 1849 731 1887 mecum
756 1832 954 1887 servivit
978 1832 1032 1884 in
1060 1830 1390 1901 evangelium.
1429 1829 1506 1883 Ne
1538 1828 1587 1882 id
1616 1843 1645 1882 a
1674 1842 1760 1882 me
1786 1835 1987 1882 temere
2015 1824 2120 1879 diri

538 1926 738 1996 putetis
761 1965 779 1992 ,
808 1940 904 1979 vos
928 1938 1138 1994 quoque
1160 1965 1175 1990 ,
1209 1923 1409 1993 inquit,
1438 1922 1541 1976 hoc
1566 1921 1777 1985 sciatis,
1811 1919 1960 1973 illum
1991 1918 2120 1972 mihi

538 2027 596 2072 ut
641 2019 779 2089 patri
827 2002 993 2071 tilium
1038 2017 1091 2071 in
1136 2015 1470 2086 evangelium
1511 2015 1764 2069 servisse.
1809 2012 1996 2068 Merito
2035 2010 2123 2066 hic

535 2109 880 2165 Timotheum
905 2107 1279 2173 commendat,
1310 2115 1367 2161 ut
1396 2105 1535 2176 apud
1566 2105 1685 2160 illos
1715 2118 1907 2175 magno
1936 2103 1990 2157 in
2019 2100 2120 2157 ho-

535 2216 670 2257 nore
724 2201 999 2256 habeatur.
1056 2199 1169 2254 lloc
1228 2199 1388 2255 etiam
1428 2198 1494 2252 ad
1532 2196 1839 2253 Corinthios
1882 2195 2123 2250 scribens

534 2292 663 2347 facit
701 2292 817 2347 istis
859 2287 1066 2356 verbis,
1100 2288 1185 2345 Ne
1218 2291 1331 2360 quis
1368 2289 1515 2343 illum
1543 2296 1794 2359 spernat:
1822 2302 1949 2356 opus
1991 2285 2124 2340 enim

538 2385 746 2439 Domini
788 2394 1061 2455 aperatur,
1091 2384 1218 2438 sicut
1248 2394 1296 2436 et
1325 2399 1415 2452 ego
1449 2382 1540 2454 (1.
1569 2382 1686 2436 Cor.
1718 2381 1806 2437 16.
1839 2378 1940 2451 10)
1972 2399 1986 2435 :
2016 2394 2122 2434 non

537 2488 645 2533 tam
675 2479 746 2534 illi
781 2478 1134 2549 prospiciens,
1163 2492 1320 2548 quam
1352 2477 1415 2531 iis
1440 2480 1530 2547 qui
1553 2477 1724 2546 ipsum
1751 2475 2037 2546 recipiunt,
2067 2484 2125 2529 ut

538 2585 781 2640 magnam
808 2579 1082 2640 reportent
1103 2569 1423 2624 mercedem.
1443 2567 1533 2623 25.
1556 2566 1709 2622 Hunc
1727 2568 1903 2638 igitur,
1928 2567 2119 2636 inquit,

534 2679 682 2734 spero
713 2663 925 2728 mittere,
957 2677 1074 2715 mox
1100 2670 1151 2714 ut
1176 2660 1347 2714 videro
1371 2675 1485 2730 qua:
1508 2660 1643 2713 circa
1666 2674 1747 2714 me
1772 2669 1907 2713 sunt.
1932 2657 1992 2713 ld
2017 2666 2120 2721 est,

536 2755 628 2812 ubi
655 2754 840 2810 videro
867 2753 986 2823 quis
1017 2753 1087 2808 sit
1119 2762 1290 2806 status
1329 2766 1509 2806 rerum
1542 2758 1780 2805 mearum
1802 2790 1821 2816 ,
1858 2763 2124 2820 quemque

536 2851 645 2905 sint
669 2848 871 2905 exitum
901 2847 1182 2902 habitune.
1210 2845 1300 2900 24.
1336 2843 1551 2915 Conﬁdo
1580 2853 1747 2898 autem
1778 2844 1831 2897 in
1870 2842 2119 2904 Domino,

536 2944 773 3014 quoniam
798 2951 845 2997 et
871 2941 979 3013 ipse
1018 2939 1212 2994 veniam
1237 2938 1306 2992 ad
1334 2954 1421 2994 vos
1446 2938 1567 2991 cito.
1598 2937 1714 2991 Non
1755 2946 2032 3007 propterea
2062 2935 2125 2989 il-

537 3038 648 3092 lum
675 3036 851 3101 mitto,
879 3030 1022 3105 quod
1050 3033 1162 3102 ipse
1188 3040 1449 3087 venturus
1474 3047 1580 3085 non
1611 3031 1733 3095 sim,
1766 3030 1861 3087 sed
1898 3029 1965 3085 Ut
1994 3030 2123 3084 bona

539 3132 711 3186 animo
751 3130 882 3194 sim,
923 3126 1135 3198 cognitis
1184 3140 1297 3195 qua:
1342 3125 1477 3178 circa
1520 3140 1607 3178 vos
1645 3140 1665 3178 :
1706 3132 1765 3178 ut
1807 3137 1875 3177 ne
1920 3122 2122 3177 interea

540 3222 701 3277 etiam
723 3233 907 3275 verser
932 3218 984 3272 in
1007 3226 1303 3273 vestrarum
1326 3232 1503 3271 rerum
1529 3216 1878 3285 ignoratione.
1907 3214 2123 3284 Conﬁdo

538 3325 726 3377 autem,
758 3312 950 3383 inquit,
976 3312 1030 3365 in
1060 3310 1317 3375 Domino;
1348 3309 1401 3365 id
1427 3318 1530 3376 est,
1558 3310 1603 3364 si
1633 3309 1775 3364 Deus
1800 3308 2047 3366 voluerit.

606 3408 663 3462 2.
700 3404 836 3461 Vide
859 3420 1017 3475 quam
1059 3404 1151 3459 ille
1177 3404 1426 3458 omnibus
1462 3404 1512 3457 in
1544 3404 1707 3458 rebus
1748 3402 1815 3459 de
1843 3403 1953 3458 Deo
1974 3418 2111 3473 pen-

537 3499 693 3562 deat.
736 3506 793 3554 et
821 3497 951 3552 nihil
993 3512 1057 3552 ex
1090 3511 1184 3551 sua
1217 3497 1482 3551 sententia
1511 3497 1839 3565 pronuntiet.
1878 3497 1971 3551 ΞΒ.
2015 3493 2123 3551 Ne-

537 3593 811 3648 cessarium
852 3600 1019 3645 autem
1050 3589 1331 3645 existimavi
1370 3588 1782 3661 Epaphroditum
1826 3592 2037 3661 fratrem
2076 3598 2123 3643 et

536 3692 912 3753 cooperatorem
939 3691 986 3735 et
1015 3681 1408 3734 commilitonem
1448 3696 1633 3734 meum.
1668 3678 1738 3734 Et
1764 3678 1907 3735 hunc
1935 3694 2123 3735 rursus

539 3771 726 3825 iisdem
749 3787 811 3826 ac
833 3770 1173 3825 Timotheum
1197 3769 1455 3824 encomiis
1478 3779 1724 3824 ornatum
1752 3770 1937 3825 mittit.
1967 3769 2119 3824 lllum

539 3863 682 3917 enim
731 3861 941 3917 duobus
981 3861 1064 3916 his
1095 3862 1401 3917 nominibus
1425 3862 1854 3927 commendavit,
1895 3863 2036 3933 quod
2067 3873 2122 3919 et

537 3971 635 4011 eos
650 3963 826 4018 amet;
851 3955 985 4010 dixit
1015 3956 1181 4021 enim,
1211 3957 1311 4020 Qui
1331 3956 1527 4010 sincera
1547 3953 1816 4023 a/fecttone
1836 3968 2000 4010 vestra
2025 3974 2121 4010 cu-

486 4105 489 4108 ,
538 4056 743 4102 raturtts
772 4048 943 4110 sit;et
970 4047 1113 4118 quod
1140 4048 1191 4101 in
1221 4046 1499 4117 evangelio
1522 4046 1673 4102 valde
1694 4061 1753 4102 se
1778 4046 2117 4116 probaverit:

544 4141 686 4196 hunc
712 4141 871 4213 igitur
899 4150 953 4196 et
985 4140 1175 4195 iisdem
1214 4153 1373 4210 quam
1402 4139 1548 4193 illum
1575 4138 1883 4193 nominibus
1919 4138 2119 4194 laudat.

538 4232 863 4299 Quomodo?
892 4232 1157 4299 Quoniam
1187 4230 1456 4302 appellare
1482 4230 1702 4286 fratrem
1730 4239 2122 4299 et‘cooperato—

536 4342 651 4381 rem
673 4368 689 4391 ,
720 4341 895 4396 neque
920 4326 1023 4381 hoc
1056 4332 1400 4386 contentum,
1433 4323 1633 4378 addere
1667 4323 1829 4378 etiam
1852 4322 2119 4377 commili-

538 4431 719 4473 touem
740 4458 756 4485 ,
784 4415 1118 4472 ostendentis
1144 4424 1227 4471 est
1257 4415 1331 4469 illi
1364 4429 1576 4484 quoque
1606 4428 1787 4469 secum
1813 4414 2119 4469 communia

538 4510 703 4565 fuisse
743 4509 1015 4581 pericula,
1059 4517 1220 4578 atque
1250 4506 1437 4561 eadem
1482 4505 1551 4561 de
1579 4505 1672 4560 illo
1709 4519 1773 4560 ac
1799 4504 1869 4561 de
1912 4519 1973 4560 se
2002 4504 2120 4575 ipso

538 4602 896 4657 testiticautis.
935 4600 1091 4667 Quod
1134 4600 1305 4670 inquit
1342 4598 1785 4664 Commilitonem,
1837 4597 1958 4667 plus
2000 4608 2117 4662 est,

537 4708 698 4762 quam
746 4693 1155 4762 Cooperatorem.
1199 4691 1424 4756 Quidam
1473 4690 1617 4745 enim
1656 4690 1880 4746 fortasse
1916 4689 2115 4755 fuerit,

538 4784 629 4853 qui
652 4784 704 4838 in
732 4782 936 4837 levibus
958 4782 1172 4853 quidem
1197 4782 1422 4852 negotiis
1443 4784 1648 4836 socium
1676 4797 1736 4837 se
1758 4781 1948 4852 agendi
1976 4795 2113 4851 pras-

538 4876 698 4942 beat,
751 4875 804 4931 in
847 4875 988 4931 bello
1033 4886 1212 4930 autem
1255 4889 1319 4930 ac
1348 4874 1599 4944 periculis
1643 4888 1750 4929 non
1799 4874 1926 4929 item
1952 4872 2116 4929 :dum

537 4983 668 5027 vero
709 4967 874 5031 dixit,
921 4966 1353 5034 Commilitonem,
1399 4967 1499 5021 hoc
1537 4981 1747 5036 quoque
1776 4965 2114 5036 signiﬁcavit.

548 5059 782 5114 Vestrum
808 5068 977 5113 autem
998 5098 1017 5125 ,
1047 5058 1251 5128 inquit,
1279 5056 1568 5128 apostolum
1586 5098 1601 5123 ,
1634 5066 1682 5111 et
1705 5057 1994 5111 ministrum
2029 5072 2118 5110 ne-

532 5152 786 5207 cessitatis
830 5167 987 5217 metu,
1030 5152 1227 5204 mittere
1264 5149 1331 5202 ad
1356 5165 1463 5203 vos.
1497 5147 1552 5203 Id
1582 5161 1699 5214 est,
1738 5148 1925 5204 Vestra
1962 5148 2117 5202 vobis

533 5247 835 5309 donamus,
876 5243 1001 5298 dum
1033 5242 1117 5297 vel
1156 5250 1391 5297 vestrum
1432 5239 1704 5295 hominem
1734 5238 1798 5293 ad
1828 5254 1923 5293 vos
1946 5238 2113 5293 mitti-

536 5351 677 5403 mus,
700 5338 784 5391 vel
810 5352 934 5391 eum
960 5337 1053 5405 qui
1089 5350 1186 5391 vos
1212 5336 1419 5391 doceat.
1448 5333 1653 5390 Rursus
1684 5333 1845 5387 multa
1877 5332 1943 5388 de
1975 5332 2116 5387 illius

534 5432 760 5485 caritate
788 5429 1004 5498 subjicit
1030 5429 1247 5494 dicens,
1289 5430 1381 5483 26.
1425 5426 1678 5493 Quoniam
1715 5425 1914 5492 quidem
1943 5440 2115 5480 omnes

536 5539 623 5577 uos
649 5524 1001 5584 desiderabat;
1028 5531 1072 5575 et
1098 5534 1298 5576 mstus
1323 5530 1427 5573 erat
1472 5530 1739 5591 propterea
1765 5517 1899 5589 quod
1936 5517 2114 5571 audie-

532 5618 659 5669 ratis
684 5615 833 5669 illum
862 5616 1195 5683 inﬁrmatam.
1224 5615 1315 5667 ‘27.
1361 5611 1496 5665 Nam
1523 5624 1570 5666 et
1601 5612 1887 5681 inﬁrmatus
1925 5619 1997 5664 est
2029 5626 2114 5663 us--

531 5726 628 5774 que
645 5709 713 5762 ad
741 5718 979 5773 mortem,
1006 5708 1094 5761 scd
1123 5706 1261 5762 Deus
1292 5707 1526 5759 misertus
1556 5716 1628 5758 est
1658 5704 1796 5774 ejus,
1830 5719 1927 5755 non
1949 5701 2112 5754 solum

531 5810 699 5854 autem
735 5800 840 5868 ejus
862 5840 877 5864 ,
915 5815 1084 5852 verum
1122 5801 1273 5851 etiam
1303 5807 1348 5850 et
1391 5798 1519 5863 mei,
1562 5813 1624 5848 ne
1664 5794 1920 5847 tristitiam
1960 5808 2104 5861 super

531 5891 784 5946 tristitiam
828 5891 1079 5945 haberem.
1127 5888 1239 5945 lloc
1270 5887 1389 5945 loco
1430 5895 1483 5945 et
1525 5885 1669 5944 aliud
1715 5884 1967 5957 quiddam
1998 5884 2109 5955 agit

1251 419 1308 478 8.
1349 418 1623 477 JOANNIS
1657 416 2126 476 CllRYSOSTOMl
2166 415 2477 475 ARClllEP.
2515 418 3047 480 CONSTANTINOP.

2231 536 2541 603 ostendens,
2565 539 2929 610 Epaphrodito
2952 542 3113 598 etiam
3134 542 3287 599 valde
3306 546 3589 617 exploratum
3603 572 3697 627 esse.

2225 632 2391 686 amari
2424 646 2483 687 se
2511 648 2540 687 a
2565 634 2739 689 vobis.
2782 635 2894 690 lloc
2920 651 3050 691 vero
3074 651 3183 691 non
3211 654 3386 705 parum
3410 642 3470 696 ad
3493 650 3698 706 amandum

2224 724 2363 779 solet
2392 720 2628 781 allicere.
2653 727 2935 794 Quomodo
2955 729 2981 783 ?
3001 728 3301 801 .IEgrotavit
3323 773 3335 795 ,
3359 731 3537 804 inquit,
3552 751 3595 794 et
3609 758 3697 798 me-

2224 818 2293 871 sti
2325 815 2535 885 fuistis;
2562 819 2853 887 convaluit,
2886 831 2942 875 et
2968 836 3064 876 vos
3091 836 3319 878 maerore
3343 823 3699 902 liberavit,quem

2224 922 2292 964 ex
2340 909 2506 980 ipsius
2546 910 2910 967 invaletudine
2950 912 3279 984 capiebatis:
3316 930 3409 970 nec
3445 927 3588 975 tamen
3616 939 3698 992 pro-

2223 1010 2407 1071 pterea
2452 1001 2566 1071 ipse
2596 1017 2827 1058 mmrere
2854 1002 3047 1068 desiit,
3075 1005 3168 1059 sed
3196 1002 3405 1060 delebat
3430 1023 3520 1062 non
3542 1025 3603 1077 se,
3622 1030 3701 1071 cum

2224 1093 2510 1158 valuisset,
2547 1107 2646 1148 vos
2673 1093 2894 1149 vidisse.
2928 1093 3026 1149 Hic
3051 1104 3104 1150 et
3132 1096 3274 1150 aliud
3301 1098 3437 1166 agit,
3471 1100 3527 1152 ad
3558 1106 3618 1157 sui
3638 1106 3699 1159 de-

2226 1183 2520 1240 fensionem
2551 1200 2767 1239 causam
2793 1184 3022 1241 aﬂ'erens
3042 1227 3059 1252 ,
3091 1187 3161 1241 ob
3185 1203 3343 1256 quam
3372 1191 3524 1244 serius
3546 1194 3596 1246 ad
3625 1197 3701 1251 illus

2225 1280 2400 1333 mittat
2427 1296 2441 1332 ε
2468 1294 2573 1333 non
2598 1279 2741 1334 enim
2771 1279 2823 1334 id
2864 1296 2931 1335 ex
2956 1281 3277 1351 negligentia
3326 1283 3463 1350 lteri,
3492 1288 3566 1340 sed
3590 1288 3702 1342 Tum

2226 1371 2408 1425 tltcum
2439 1370 2654 1441 quidem
2677 1386 2707 1425 a
2738 1386 2798 1427 se
2823 1372 3077 1438 retineri,
3113 1372 3365 1442 quoniam
3404 1375 3622 1431 neminem
3642 1380 3699 1431 lu-

2226 1462 2385 1530 beat;
2416 1463 2683 1517 Neminem
2704 1465 2866 1530 enim,
2892 1464 3096 1534 inquit,
3129 1464 3285 1518 habeo
3311 1467 3594 1533 unanimem;
3615 1472 3702 1539 Epa.

2228 1558 2534 1628 phroditum
2563 1573 2690 1612 vero
2717 1557 2786 1611 ob
2814 1557 3253 1613 iuvaletudinetn.
3285 1559 3477 1614 Deinde
3500 1564 3703 1621 ostendens

2228 1651 2438 1721 longam
2468 1665 2532 1706 ac
2564 1650 2870 1705 diuturnam
2912 1649 3107 1715 fuisse,
3132 1650 3372 1706 addidit:
3403 1652 3528 1706 Nam
3546 1664 3585 1707 et
3610 1658 3703 1723 inﬁr.

2227 1753 2394 1797 matus
2439 1752 2512 1796 est
2554 1758 2713 1811 usque
2748 1743 2817 1795 ad
2856 1754 3089 1796 mortem.
3136 1741 3298 1798 Vides
3341 1756 3568 1813 quantum
3603 1749 3701 1803 studii

2226 1833 2479 1888 adhibeat
2510 1832 2739 1898 Paulus,
2770 1849 2837 1889 ne
2867 1834 3141 1903 discipulis
3170 1836 3282 1888 suis
3302 1832 3564 1906 quidquam
3584 1838 3703 1895 locist

2226 1926 2387 1981 ullius
2417 1927 2751 1997 negligentia:
2774 1941 2837 1980 ac
2863 1926 3123 1981 socordia!
3150 1928 3481 1984 insimulandi
3503 1930 3701 1999 relinquat,

2227 2034 2401 2088 neque
2428 2018 2733 2088 suspicandi
2759 2018 2895 2083 ideo,
2921 2019 3062 2089 quod
3090 2020 3231 2088 ipsos
3256 2029 3619 2087 comtemneret,
3641 2040 3704 2076 non

2227 2111 2526 2184 profectum
2555 2112 2716 2167 esse?
2736 2110 2889 2166 Nulla
2918 2112 3060 2167 enim
3086 2126 3145 2167 re
3174 2127 3327 2181 aeque
3345 2111 3479 2167 allici
3500 2113 3706 2184 discipulus

2228 2214 2442 2275 potest,
2497 2220 2561 2260 ac
2590 2204 2939 2274 persuasione
2970 2203 3098 2267 hac,
3143 2218 3287 2258 cura:
3330 2218 3389 2259 se
3430 2220 3537 2261 esse
3574 2222 3706 2275 prece-

2228 2297 2365 2366 ptori
2384 2336 2400 2361 ,
2424 2312 2627 2367 suaque
2652 2310 2811 2352 causa
2840 2295 2992 2351 illum
3017 2310 3271 2363 moerere,
3295 2294 3433 2365 quod
3460 2297 3708 2352 exuberanti;

2227 2389 2466 2445 caritatis
2508 2399 2612 2443 est.
2657 2388 2983 2453 Audieratis,
3015 2388 3220 2459 inquit,
3264 2388 3409 2441 illum
3447 2390 3710 2456 inﬁrmatam:

2229 2497 2350 2535 nam
2373 2490 2421 2536 et
2445 2481 2733 2549 inﬁrmatus
2760 2490 2832 2534 est
2864 2494 3019 2548 usque
3056 2479 3126 2531 ad
3169 2488 3401 2532 nzortem.
3431 2480 3500 2532 Ac
3530 2494 3585 2535 ne
3612 2491 3709 2549 putes

2228 2576 2329 2631 ista
2351 2575 2481 2630 mihi
2512 2591 2607 2645 per
2629 2574 3026 2630 simulationem
3051 2572 3154 2627 dici
3172 2612 3188 2637 ,
3212 2572 3339 2626 audi
3361 2574 3602 2642 sequentia
3620 2594 3630 2626 :
3646 2574 3709 2627 Sed

2228 2668 2366 2724 Deus
2406 2670 2639 2723 misertus
2665 2676 2738 2722 est
2778 2667 2908 2739 ejus.
2938 2664 3077 2733 Quid
3117 2666 3232 2733 ais,
3277 2664 3709 2731 hmrcticelaﬂlloc

2229 2764 2349 2820 loco
2393 2762 2817 2819 misericordiam
2862 2761 2957 2816 Dei
3004 2768 3191 2826 vocat,
3243 2758 3476 2814 retinere
3511 2757 3629 2812 illum
3658 2759 3709 2823 qui

2227 2857 2467 2913 abiturus
2494 2865 2641 2920 erat,
2674 2863 2727 2910 et
2752 2853 2819 2908 ad
2845 2852 3009 2908 vitam
3034 2865 3308 2906 revocare.
3336 2850 3483 2918 Quod
3501 2851 3539 2905 si
3558 2849 3711 2903 mundus

2227 2962 2371 3008 esset
2399 2953 2449 3005 in
2474 2950 2647 3016 malis,
2668 2965 2773 3003 non
2800 2945 3167 3002 misericordia
3193 2944 3311 2999 hanc
3335 2952 3477 3001 esset
3496 2944 3711 3011 relinquere

2229 3045 2281 3099 in
2315 3043 2475 3098 malo.
2502 3042 2767 3097 Caeterum
2793 3039 3053 3094 adversus
3079 3037 3390 3092 htereticum
3414 3035 3598 3107 quidem
3617 3034 3713 3088 facile

2227 3144 2311 3192 est
2344 3135 2525 3189 dicere
2550 3174 2564 3197 ,
2597 3147 2724 3203 erga
2754 3129 3119 3185 Christianum
3148 3137 3329 3183 autem
3370 3126 3489 3199 quid
3512 3124 3713 3181 dicemus?

2226 3227 2360 3283 Nam
2389 3226 2475 3281 hic
2509 3224 2735 3279 fortasse
2763 3220 3061 3287 haesitabit,
3090 3234 3154 3275 ac
3179 3220 3326 3276 dicet
3352 3236 3367 3273 :
3396 3217 3561 3286 Quid?
3582 3217 3615 3272 si
3645 3216 3713 3268 dis-

2228 3320 2361 3374 solvi
2393 3328 2447 3374 et
2474 3332 2597 3373 esse
2623 3331 2744 3371 cum
2765 3314 2981 3370 Christo
3007 3317 3173 3368 multo
3200 3310 3569 3385 praastabilius,
3586 3324 3654 3365 cur
3666 3308 3715 3361 in-

2226 3412 2343 3483 quit
2372 3413 2543 3481 ipsum
2588 3407 3006 3464 misericordiam
3052 3421 3172 3461 esse
3204 3400 3609 3473 consequutum?
3639 3399 3710 3467 Ego

2216 3518 2359 3558 -vero
2384 3501 2557 3555 dicam
2584 3517 2596 3554 :
2625 3499 2761 3568 Quid
2794 3506 2905 3564 est,
2953 3497 3095 3567 quod
3126 3496 3240 3566 ipse
3282 3496 3477 3565 inquit,
3506 3491 3637 3561 magis
3656 3505 3715 3541 ue-

2227 3594 2518 3651 cessarium
2547 3605 2667 3646 esse
2692 3602 2911 3644 manere
2953 3599 3173 3658 propter
3217 3586 3354 3641 vos?
3383 3585 3506 3639 Nam
3532 3580 3714 3654 quamd-

2228 3686 2445 3742 modum
2474 3683 2637 3739 Paulo
2660 3681 2761 3736 hoc
2783 3680 3144 3736 necessarium
3176 3687 3314 3744 erat,
3350 3678 3419 3732 ita
3450 3686 3499 3730 et
3524 3672 3716 3745 Epaphro-

2228 3780 2341 3835 dito
2370 3797 2385 3834 :
2409 3779 2606 3849 quippe
2630 3777 2719 3847 qui
2743 3774 3092 3844 amplioribus
3120 3788 3239 3828 cum
3272 3772 3473 3827 divitiis
3495 3770 3716 3838 maioreque

2230 3875 2447 3930 ﬁdentia
2491 3889 2553 3927 ac
2600 3872 2885 3927 securitate
2925 3871 2992 3925 ad
3032 3871 3197 3925 Deum
3236 3870 3477 3937 abiturus
3508 3866 3716 3923 essetm-

2227 3968 2370 4022 enim
2393 3966 2523 4021 illud
2549 3966 2764 4038 quidem
2791 3964 2999 4020 etiamsi
3020 3963 3290 4034 paululum
3321 3961 3715 4024 dil'ferretur,lutu-

2227 4075 2347 4115 rum
2378 4068 2553 4114 tamen
2584 4058 2802 4112 omnino
2830 4064 2973 4121 erat;
3002 4055 3200 4110 lucrari
3241 4070 3376 4111 vero
3405 4056 3600 4116 animas,
3622 4059 3715 4120 pust-

2226 4169 2385 4224 quam
2410 4153 2537 4207 illuc
2552 4152 2793 4218 abiisset,
2811 4166 2916 4206 non
2939 4158 3168 4221 poterat.
3198 4149 3314 4205 Huc
3334 4149 3548 4213 accedit,
3569 4144 3715 4200 Padum

2228 4246 2394 4301 multa
2431 4262 2496 4300 ex
2535 4244 2805 4301 communi
2838 4243 3166 4298 audientium
3197 4257 3360 4298 sensu
3389 4242 3623 4314 proferre,
3656 4250 3715 4289 ne-

2226 4355 2329 4409 que
2356 4338 2551 4408 ubique
2580 4336 2945 4408 philosophari
2976 4353 2991 4391 :
3020 4336 3086 4390 ad
3129 4336 3429 4390 mundanus
3456 4334 3581 4389 enim
3605 4328 3715 4385 homi-

2227 4445 2324 4485 nes
2343 4444 2525 4485 sermo
2555 4430 2653 4499 ipsi
2681 4436 2797 4484 erat
2822 4428 3118 4493 institutus,
3144 4437 3373 4482 mortem
3404 4425 3565 4479 adhuc
3588 4423 3713 4475 timea-

2227 4533 2327 4579 tes.
2350 4524 2615 4579 Praeterea
2642 4521 2899 4586 ostendit,
2921 4522 3106 4593 quanti
3133 4520 3543 4591 Epaphroditum
3560 4517 3713 4571 lacent:

2227 4617 2457 4687 hincque
2483 4615 2557 4671 illi
2596 4615 2951 4670 reverentiam
2982 4615 3269 4685 quamdam
3298 4614 3569 4673 conciliat.
3598 4616 3713 4675 ulpnlt

2223 4710 2376 4779 cujus
2403 4709 2628 4763 salutem
2659 4706 2795 4762 adeo
2820 4705 2922 4763 sibi
2966 4707 3149 4760 utilem
3190 4720 3311 4760 esse
3352 4714 3578 4762 testetur.
3605 4712 3645 4752 ut
3662 4713 3713 4749 se-

2224 4817 2345 4857 cum
2373 4814 2588 4871 quoque
2615 4814 2679 4853 ex
2708 4796 2850 4853 illius
2880 4797 3245 4852 incolumitate
3275 4794 3647 4851 misericorditer
3662 4803 3716 4840 ac-

2226 4905 2335 4950 tum
2379 4902 2548 4962 putet.
2581 4892 2847 4947 Praeterea
2880 4904 3043 4956 vero,
3079 4900 3135 4943 nt
3170 4889 3271 4943 hoc
3309 4881 3715 4950 mittamus,sliam

2222 5003 2437 5060 quoque
2476 4987 2547 5041 ob
2575 5000 2791 5042 causam
2822 4984 2960 5040 bona
3004 4993 3087 5039 est
3116 4997 3355 5052 praesens
3381 4982 3505 5036 vita.
3529 4978 3632 5034 Nam
3654 4971 3716 5026 nisi

2225 5082 2421 5135 bonum
2449 5086 2626 5145 esset,
2655 5091 2753 5132 cur
2794 5076 2914 5132 loco
2952 5074 3331 5145 suppliciorum
3367 5066 3716 5128 numerat-etim-

2222 5181 2461 5227 maturas
2483 5170 2726 5225 mortes?
2748 5166 3195 5238 quemadmodum
3227 5166 3314 5219 ubi
3339 5165 3532 5235 inquit,
3558 5160 3655 5213 Ideo
3669 5156 3718 5205 in-

2224 5273 2297 5317 ter
2336 5279 2423 5317 uos
2453 5262 2599 5315 multi
2639 5259 2833 5329 inﬁrmi
2862 5270 2907 5313 et
2941 5258 3247 5321 imbecilles,
3288 5266 3333 5311 et
3375 5242 3717 5309 dominatum

2223 5359 2302 5429 (i.
2334 5357 2453 5411 Cor.
2484 5357 2571 5411 11.
2604 5355 2719 5424 50).
2752 5354 2952 5409 Futura
2981 5352 3128 5407 enim
3165 5352 3270 5405 vita
3312 5347 3532 5420 improbi
3560 5336 3719 5429 hominis

2223 5467 2328 5505 nou
2358 5450 2567 5510 melior.
2602 5448 2710 5502 imo
2740 5446 2878 5501 mala
2908 5456 3024 5511 est;
3072 5444 3224 5514 probi
3253 5452 3430 5497 autem
3469 5439 3640 5495 melior.
3669 5428 3720 5483 Νι

2224 5542 2519 5607 tristitiam,
2569 5540 2773 5609 inquit,
2823 5554 2974 5607 super
3017 5536 3271 5590 tristitiam
3314 5534 3567 5593 haberem,
3602 5541 3651 5580 ne
3678 5522 3719 5573 ad

2222 5649 2508 5688 mmrorctn
2534 5674 2547 5697 ,
2587 5647 2745 5701 quem
2782 5645 2847 5685 ex
2877 5629 3045 5700 ipsius
3074 5626 3432 5682 invaletudine
3473 5620 3717 5692 capiebam.

2220 5728 2503 5784 accederet
2530 5740 2731 5781 mceror
2752 5740 2816 5780 ex
2849 5734 3041 5778 morte.
3070 5723 3144 5777 Ita
3166 5722 3345 5792 quanti
3372 5713 3720 5790 Epaphroditum

2283 5890 2358 5953 (a)
2383 5886 2589 5942 Videtur
2611 5885 2691 5937 hic
2714 5883 2993 5936 Manicheaos
3012 5881 3329 5944 redarguere.
