3878 6502
228 408 332 464 247

228 524 467 595 πέμψαι,
523 523 636 578 ἀλλ’
695 525 869 591 οὐδεὶς
925 524 1163 589 τοιοῦτός
1220 528 1388 580 ἐστιν.
1443 528 1583 596 ’Δρα
1635 523 1792 577 τοῦτο

229 619 487 687 ίσοψύχου
518 618 654 681 ἐστὶ,
681 618 743 671 τὸ
770 620 893 681 τοὺς
934 618 1407 689 μαθητευομένους
1429 617 1577 688 αὑτῷ
1598 616 1795 687 ὁμοίως

226 708 420 779 φιλεῖν.
466 708 693 773 Ὅστις,
730 708 889 780 φησι,
925 710 1190 778 γνησίως
1224 709 1295 761 τὰ
1333 708 1464 775 περὶ
1495 705 1661 774 ὑμῶν
1688 721 1793 775 με·

217 799 504 870 ριμνήσει
534 815 547 828 ·
588 800 855 866 τουτέστι,
900 801 1200 870 πατρικῶς.
1228 804 1295 855 Ol
1335 802 1557 865 πάντες
1587 801 1694 871 γὰρ
1724 799 1797 853 τὰ

222 892 456 947 ἑαυτῶν
479 892 779 959 ζητοῦσιν,
831 894 903 946 οὐ
940 892 1010 945 τὰ
1062 892 1255 960 Ἰησοῦ
1304 890 1562 960 Χριστοῦ
1583 908 1595 919 ⁸
1638 907 1794 943 τουτ-

224 986 365 1049 έστι,
430 985 531 1054 τὴν
578 984 786 1037 οίκείαν
832 984 1139 1037 ἀνάπαυσιν
1178 983 1274 1038 καὶ
1316 983 1376 1035 τὸ
1416 983 1475 1036 ἐν
1525 980 1795 1051 ἀσφαλείᾳ

221 1071 380 1129 εἶναι.
416 1073 590 1128 Τοῦτο
618 1074 709 1128 καὶ
738 1074 989 1145 Τιμοθέῳ
1025 1074 1251 1145 γράφων
1292 1073 1462 1142 λέγει.
1494 1071 1558 1125 Τί
1595 1071 1793 1141 δήποτε

219 1166 278 1219 δὲ
307 1165 637 1236 άποδύρεται
661 1163 874 1231 ταῦτα;
908 1164 1183 1218 Παιδεύων
1220 1166 1366 1235 ἡμᾶς
1397 1165 1527 1229 τοὺς
1562 1162 1787 1219 ἀκούον-

218 1277 321 1322 τας
353 1257 430 1330 μὴ
465 1260 577 1321 τοῖς
609 1258 793 1321 αὑτοῖς
824 1259 1161 1328 περιπεσεῖν,
1195 1256 1349 1330 [265]
1376 1255 1646 1311 παιδεύων
1666 1254 1793 1318 τοὺς

217 1349 518 1413 ἀκούοντας
550 1348 625 1420 μὴ
656 1347 842 1420 ⁴ζητεῖν
884 1348 1088 1403 ἄνεσιν.
1142 1347 1200 1401 Ὀ
1231 1350 1339 1419 γὰρ
1372 1348 1555 1402 ἄνεσιν
1588 1345 1788 1417 ζητῶν,

217 1440 281 1494 οὐ
317 1440 471 1511 ζητεῖ
504 1439 574 1493 τά
600 1438 856 1510 Χριστοῦ.
884 1438 1019 1493 ἀλλά
1045 1438 1113 1492 τὰ
1139 1438 1333 1492 ἐαυτοῦ
1355 1454 1370 1467 ·
1394 1438 1476 1491 δεῖ
1503 1437 1611 1507 γὰρ
1650 1454 1791 1507 παρ-

217 1531 707 1603 εσκευάσθαιπρὸς
737 1531 914 1585 πάντα
943 1530 1124 1596 πόνον,
1154 1532 1291 1602 πρὸς
1317 1532 1497 1584 πᾶσαν
1513 1528 1797 1583 ταλαιπωί

221 1626 367 1697 ρίαν.
402 1623 526 1693 Τὴν
564 1622 635 1676 δὲ
674 1622 929 1693 δοκιμὴν
967 1621 1180 1686 αὑτοῦ,
1240 1621 1396 1693 φησὶ,
1443 1620 1788 1691 γινώσκετε,

216 1717 312 1772 ὅτι
342 1717 421 1783 ὡς
445 1715 621 1784 πατρὶ
638 1714 873 1781 τέκνον,
907 1713 1031 1769 σὺν
1054 1714 1183 1784 ἐμοὶ
1212 1714 1577 1769 ἐδούλευσεν
1614 1717 1701 1781 είς
1721 1714 1787 1768 τὸ

219 1812 610 1879 Εὐαγγέλιον.
642 1807 750 1861 Kal
769 1807 850 1861 ὅτι
874 1806 973 1877 οὐχ
994 1806 1182 1870 ἀπλῶς
1203 1806 1369 1875 λέγω,
1395 1807 1573 1877 ὑμεῖς,
1600 1807 1784 1877 φησὶν,

218 1901 380 1955 αὑτοὶ
412 1880 723 1963 ἐπίστασθε,
752 1899 856 1964 ὃτι,
913 1898 989 1962 ὡς
1032 1901 1203 1971 πατρὶ
1252 1901 1465 1964 τέκνον,
1516 1899 1615 1952 σὺν
1663 1899 1788 1969 ἐμοὶ

213 1991 530 2045 ἐδούλευσεν
560 1991 641 2055 είς
668 1990 730 2044 τὸ
761 1990 1113 2059 Εὑαγγέλιον.
1156 1990 1521 2063 Παρατίθεται
1551 1989 1785 2045 ἐνταῦθα

209 2084 309 2137 τὸν
334 2084 619 2154 Τιμόθεον,
648 2080 1059 2149 εῖκότως,ὦστε,
1093 2082 1293 2153 πολλῆς
1325 2080 1632 2136 ἀπολαῦσαι
1653 2080 1784 2153 παρ’

212 2174 397 2229 αὐτῶν
436 2175 623 2245 τιμῆς.
667 2174 837 2227 Τοῦτο
870 2173 967 2228 καὶ
1001 2173 1140 2245 πρὸς
1178 2173 1496 2245 Κορινθίους
1536 2171 1787 2225 ἐπιστέλ-

211 2266 322 2321 λων
359 2269 521 2328 ποιεῖ,
557 2265 749 2333 λέγων,
779 2264 875 2333 Μή
900 2282 989 2331 τις
1009 2263 1195 2319 αὐτοῦ
1222 2254 1683 2332 καταφρονήσῃο
1716 2259 1784 2313 τὸ

208 2361 328 2431 τὰρ
374 2361 555 2431 ἔργον
599 2359 819 2429 Κυρίου
863 2356 1182 2430 ἐργάζεται,
1217 2359 1299 2423 ὠς
1344 2357 1447 2412 καὶ
1478 2358 1593 2427 ἐγώ
1621 2373 1635 2387 ·
1685 2355 1786 2409 οὑκ

206 2450 429 2505 ἐκείνου
454 2449 771 2520 κηδόμενος,
802 2448 939 2503 ἀλλά
966 2447 1075 2502 τῶν
1100 2448 1403 2519 δεχομένων
1435 2447 1619 2509 αὑτὸν,
1644 2445 1785 2499 ὥστε

204 2544 383 2597 πολὺν
432 2539 836 2611 ἀπενέγκασθαι
863 2539 957 2594 τὸν
993 2540 1202 2612 μισθόν.
1244 2540 1461 2595 Τοῦτον
1491 2539 1610 2609 μὲν
1648 2534 1783 2601 οὖν,

205 2635 403 2704 φησὶν,
431 2632 647 2693 ἐλπίζω
678 2632 931 2703 πέμψαι,
965 2632 1045 2697 ὡς
1071 2632 1148 2687 ἂν
1175 2632 1368 2687 ἀπίδω
1396 2632 1468 2686 τὰ
1496 2630 1629 2699 περὶ
1655 2629 1781 2700 ἐμὲ,

204 2728 280 2793 ἐξ
311 2726 520 2795 αὐτῆς.
548 2726 858 2789 Τουτέστιν,
882 2726 1050 2779 Ὅταν
1080 2726 1175 2780 ῖδω
1193 2726 1252 2778 ἐν
1283 2726 1389 2779 τίνι
1424 2725 1651 2796 ἓστηκα,
1689 2724 1785 2777 καὶ

206 2822 368 2874 ποῖον
397 2818 505 2884 ἕξει
526 2818 675 2881 τέλος
708 2818 773 2872 τά
797 2817 918 2871 κατ’
944 2818 1066 2888 ἐμέ.
1100 2817 1360 2872 Πέποιθα
1383 2815 1452 2870 δὲ
1478 2817 1549 2870 έν
1566 2816 1781 2885 Κυρίῳ,

202 2912 302 2965 ὅτι
322 2909 423 2965 καὶ
459 2910 643 2974 αὐτὸς
692 2907 914 2978 ταχέως
960 2910 1283 2979 ἐλεύσομαι
1310 2909 1462 2977 πρὸς
1494 2906 1670 2978 ὑμᾶς.
1708 2908 1782 2961 Οὑ

196 3002 295 3056 διὰ
320 3002 479 3056 τοῦτο
503 2999 707 3073 πέμπω
722 3001 905 3065 αὑτὸν,
929 3000 1004 3063 ὡς
1023 3000 1099 3072 μὴ
1121 3000 1492 3071 ἐλευσόμενος,
1517 3000 1631 3053 ἀλλ’
1651 3000 1786 3055 Ἵνα

193 3093 481 3164 εὐψυχῶ,
524 3092 711 3164 γνοὺς
746 3093 819 3148 τὰ
840 3092 975 3161 περὶ
998 3091 1184 3162 ὑμῶν,
1218 3093 1306 3146 ἵνα
1338 3092 1475 3163 μηδὲ
1500 3092 1591 3145 τὸν
1624 3094 1681 3144 ἐν
1704 3092 1784 3162 τῷ

199 3188 419 3259 μεταξὺ
457 3186 646 3258 χρόνον
678 3179 723 3241 ὦ
750 3186 809 3239 ἐν
834 3185 1050 3257 ἀγνοίᾳ.
1080 3185 1340 3239 Πέποιθα
1375 3183 1443 3237 δὲ
1471 3183 1543 3238 ἐν
1566 3184 1781 3252 Κυρίῳ,

195 3280 349 3351 φησί
374 3296 389 3311 ο
422 3279 718 3346 τουτέστιν,
746 3278 815 3333 ἂν
839 3280 868 3333 6
904 3278 1036 3342 Θεὸς
1070 3277 1352 3349 βούληται.

278 3370 355 3440 β’.
375 3370 514 3441 Ὅρα
533 3370 649 3434 πῶς
677 3369 856 3424 πάντα
889 3370 1091 3441 ἐξαρτᾷ
1119 3369 1214 3423 τοῦ
1245 3369 1402 3435 Θεοῦ,
1424 3369 1521 3433 καὶ
1538 3371 1691 3425 οὐδὲν
1723 3370 1782 3434 ἐξ

201 3463 426 3524 οἰκείας
440 3461 737 3531 φθέγγεται
761 3461 1020 3525 διανοίας.
1074 3462 1418 3533 Ἀναγκαῖον
1443 3461 1512 3515 δὲ
1547 3460 1782 3533 ἡγησά-

186 3571 330 3625 μην
373 3553 795 3623 Ἐπαφρόδιτον
820 3554 928 3608 τὸν
948 3554 1217 3624 ἀδελφὸν
1243 3553 1659 3625 καίσυνεργὸν
1681 3554 1782 3608 καί

190 3642 657 3713 συστρατιώτην
662 3661 804 3714 μου.
829 3644 939 3699 Kal
953 3644 1142 3699 τοῦτον
1159 3644 1319 3698 πάλιν
1336 3644 1475 3716 μετά
1491 3644 1784 3715 ἐγκωμίων

191 3738 316 3791 τῶν
326 3736 526 3802 αὑτῶν,
550 3730 625 3791 ὧν
644 3735 849 3790 καὶτὸν
870 3735 1155 3807 Τιμόθεον,
1171 3734 1510 3791 ἀποστέλλει.
1544 3735 1784 3788 Ἐκεῖνον

190 3831 315 3900 γάρ
354 3829 460 3882 ἀπὸ
483 3828 578 3881 δύο
604 3826 812 3882 τούτων
842 3828 1197 3898 συνέστησεν,
1227 3827 1311 3881 ὅτι
1337 3844 1397 3879 τε
1425 3826 1624 3890 αὑτοὺς
1653 3827 1783 3893 ἀγα-

193 3924 303 3993 πᾷ,
332 3920 524 3985 εἰπὼν,
548 3920 759 3986 Ὅστις
779 3919 1043 3989 γνησίως
1060 3920 1133 3973 τὰ
1162 3918 1295 3988 περὶ
1316 3917 1484 3988 ὑμῶν
1503 3915 1783 3987 μεριμνή-

194 4032 336 4078 σει,
363 4012 457 4065 καὶ
481 4014 563 4066 ὅτι
592 4012 651 4066 ἐν
678 4011 758 4083 τῷ
786 4010 1106 4082 Εὑαγγελίῳ
1128 4010 1487 4082 ηὐδοκίμησε·
1528 4011 1624 4064 καὶ
1657 4008 1782 4063 τοῦ·

193 4125 298 4161 τον
328 4105 439 4160 ἀπὸ
462 4103 573 4158 τῶν
607 4103 789 4158 αὐτῶν
830 4102 993 4157 πάλιν
1037 4101 1127 4156 διὰ
1154 4103 1253 4173 τὴν
1279 4103 1449 4172 αὐτὴν
1479 4102 1680 4165 αἰτίαν,
1715 4101 1782 4172 ἢν

193 4199 303 4253 καὶ
342 4200 569 4264 ἐκεῖνον,
596 4195 851 4267 ἐπῄνεσε.
886 4195 1044 4261 Πῶς;
1093 4194 1168 4247 Τὸ
1196 4192 1307 4266 γὰρ
1347 4195 1525 4247 εἰπεῖν
1550 4193 1780 4261 ἀδελφὸν

194 4292 301 4344 καὶ
332 4288 614 4358 συνεργὸν,
665 4287 761 4340 καὶ
801 4286 878 4357 μὴ
922 4285 1089 4356 μέχρι
1140 4284 1332 4338 τούτου
1375 4284 1535 4355 μόνον
1566 4284 1778 4353 στῆναι,

196 4380 349 4435 ἀλλὰ
383 4380 476 4432 καὶ
503 4376 919 4448 συστρατιώτην
947 4376 1288 4447 προσθεῖναι,
1319 4374 1634 4438 δεικνύντος
1659 4375 1777 4428 ἐστὶ

200 4470 312 4540 τὴν
349 4469 541 4539 πολλὴν
586 4468 754 4523 αὑτοῦ
800 4467 1087 4521 κοινωνίαν
1110 4466 1207 4538 τὴν
1250 4466 1310 4520 ἐν
1353 4469 1464 4530 τοῖς
1492 4467 1778 4535 κινδύνοις,

204 4564 310 4616 καὶ
338 4562 406 4615 τὰ
449 4561 582 4615 αὑτά
633 4560 785 4632 αὑτῷ
827 4561 1255 4633 μαρτυροῦντος,
1286 4560 1431 4631 ἅπερ
1461 4562 1556 4613 καὶ
1579 4558 1777 4629 ἐαυτῷ.

200 4658 283 4710 Τὸ
311 4656 389 4719 δὲ,
423 4652 901 4723 Συστρατιώτην,
936 4652 1099 4705 πλέον
1134 4652 1253 4706 ἐστὶ
1297 4652 1416 4710 τοῦ.
1451 4654 1775 4721 Συνεργόν.

196 4752 375 4810 Ἴσως
396 4746 505 4818 γάρ
527 4764 611 4809 τις
655 4748 714 4801 ἐν
738 4747 837 4817 μὲν
864 4744 1040 4815 ψιλοῖς
1065 4745 1358 4816 πράγμασι
1410 4745 1776 4814 συνήργησεν,

185 4838 258 4889 ὲν
292 4834 355 4887 δὲ
403 4834 630 4904 πολέμῳ
674 4835 769 4887 καὶ
816 4832 1082 4897 κινδύνοις
1125 4832 1339 4886 οὐκέτι·
1376 4832 1454 4903 τῷ
1485 4833 1541 4885 δὲ
1581 4836 1778 4895 εἰπεῖν,

183 4928 687 4997 Συστρατιώτην,
732 4927 829 4981 καὶ
867 4926 1026 4980 τοῦτο
1081 4926 1371 4997 ἐδήλωσεν.
1448 4926 1507 4978 ’Υ
1500 4924 1633 4995 μῶν
1687 4926 1777 4989 δὲ,

184 5022 393 5093 φησὶν,
412 5021 782 5083 ἀπόστολον,
807 5018 905 5073 καὶ
923 5019 1277 5087 λειτουργὸν
1292 5017 1401 5086 τῆς
1416 5018 1622 5087 χρείας
1636 5036 1776 5089 μουο

184 5118 442 5186 πέμψαι
500 5114 650 5181 πρὸς
703 5111 877 5181 ὑμᾶς.
920 5108 1200 5173 Τουτέστι,
1232 5109 1313 5162 Τὰ
1359 5110 1599 5181 ὑμέτερα
1651 5110 1779 5180 ὑμῖν

181 5209 522 5280 χαρίζομαι.
550 5208 707 5260 Ἤτοι
734 5207 826 5259 τὸν
858 5206 1121 5277 ὑμέτερον
1143 5205 1270 5275 ὑμῖν
1297 5204 1611 5275 πέμπομεν,
1638 5203 1780 5274 ἢτὸν

180 5302 353 5368 ὑμᾶς
403 5298 742 5352 διδάσκοντα.
790 5298 960 5351 Πάλιν
1015 5296 1186 5350 πολλὰ
1220 5297 1350 5366 περὶ
1404 5296 1504 5365 τῆς
1555 5295 1779 5365 ἀγάπης

176 5390 373 5447 αὑτοῦ
427 5390 773 5462 προστίθησι,
820 5390 1025 5459 λέγων·
1098 5388 1337 5456 Ἐπειδὴ
1371 5386 1675 5442 ἐπιποθῶν
1700 5384 1780 5457 ἦν

175 5486 440 5549 πάντας
468 5481 641 5552 ὑμᾶς,
666 5483 763 5536 καὶ
810 5481 1150 5551 ἀδημονῶν,
1178 5482 1327 5535 διότι
1356 5481 1659 5548 ἠκούσατε
1688 5479 1778 5533 ὅτι

170 5576 532 5647 ἠσθένησε.
560 5574 667 5627 Kal
686 5574 795 5642 γὰρ
815 5573 1123 5640 ἠσθένησε
1150 5572 1578 5642 παραπλήσιον
1601 5571 1753 5625 θανά

168 5686 303 5722 του
326 5683 343 5697 ’
364 5665 502 5721 ἀλλ’
522 5668 554 5719 ό
578 5665 720 5730 Θεὸς
737 5664 923 5718 αὑτὸν
937 5663 1225 5732 ἠλέησεν,
1240 5666 1351 5719 οὐκ
1376 5664 1559 5718 αὑτὸν
1583 5662 1651 5715 δὲ
1666 5664 1775 5731 μό-

174 5771 333 5815 νον,
370 5752 535 5806 ἀλλὰ
560 5750 659 5804 καί
688 5752 809 5820 ἐμὲ,
847 5752 949 5805 ἵνα
970 5750 1055 5821 μὴ
1078 5752 1284 5819 λύπην
1308 5751 1405 5805 ἐπὶ
1435 5751 1600 5818 λύπῃ
1621 5749 1771 5818 σχῶ.

176 5845 476 5902 Ἐνταῦθα
497 5846 553 5899 δὲ
592 5844 685 5899 καὶ
715 5844 898 5916 ἕτερον
920 5844 1337 5913 κατασκευάζει,
1370 5842 1546 5916 δηλῶν
1574 5845 1653 5897 ὅτι
1681 5845 1773 5897 καὶ

1157 410 1222 465 ΙΝ
1262 407 1479 466 EPIST.
1521 408 1611 462 AD
1648 406 1933 463 PHILIPP.
1975 407 2127 466 CAP.
2164 410 2479 475 ILHOMIL.
2521 413 2611 470 IX.

3360 417 3465 475 ΞΞ-ίὸ

1901 523 2062 589 αὑτὸς
2099 527 2302 598 σφόδρα
2329 525 2457 595 οἶδε,
2483 529 2671 600 φησὶν,
2690 529 2773 583 ὅτι
2809 528 3086 599 ἀγαπᾶται
3114 530 3244 602 παρ’
3286 531 3460 602 ὑμων.

1900 615 1974 666 Οὑ
1992 616 2188 688 μικρὸν
2206 618 2262 670 δὲ
2283 618 2441 676 τοῦτο
2466 622 2546 685 είς
2570 620 2630 674 τὸ
2651 620 2824 689 φιλεῖν
2852 620 3278 676 ἐπισπάσασθαι.
3301 622 3460 687 Πῶς;

1908 705 2225 779 Ἠσθένησε,
2256 710 2410 779 φησὶ,
2433 712 2528 765 καὶ
2558 711 2772 782 ὴλγεῖτε
2793 728 2807 743 ⁸
2836 712 3067 781 ὑγίαινε,
3098 714 3189 768 καὶ
3217 714 3461 786 ἀπήλλα-

1896 797 1984 861 ξεν
2007 798 2150 869 ὑμᾶς
2166 800 2263 871 τῆς
2291 800 2487 873 λύπης,
2507 804 2574 875 ἢν
2590 805 2765 874 εἴχετε
2789 803 2940 878 [εδδ]
2960 805 3048 860 διὰ
3063 807 3162 876 τὴν
3176 807 3460 860 ἀσθένειαν

1893 887 2086 940 αὐτοῦ’
2111 889 2171 943 οὐ
2199 891 2305 962 μὴν
2334 893 2453 946 οὑδέ
2484 894 2659 958 οὕτως
2684 895 2789 962 ἔξω
2814 896 2988 966 λύπης
3010 893 3099 968 ἦν,
3134 897 3249 951 ἀλλ’
3280 898 3454 969 ῆλγει,

1892 975 2025 1029 διότι
2069 978 2295 1047 ὑγιάνας
2329 983 2429 1037 οὑκ
2474 978 2613 1037 εἶδεν
2660 985 2826 1055 ὑμᾶς.
2880 986 3141 1039 Ἐνταῦθα
3192 988 3286 1041 καὶ
3331 988 3456 1042 ἄλλο

1892 1072 2309 1140 κατασκευάζει,
2348 1075 2780 1149 ἀπολογούμενος
2813 1080 2897 1133 ὅτι
2924 1079 3011 1133 διὰ
3026 1080 3217 1150 χρόνου
3251 1080 3461 1151 πέμπει

1892 1162 2029 1232 πρὸς
2057 1165 2276 1232 αὑτοὺς,
2311 1170 2384 1223 Οὑ
2418 1183 2445 1212 ι
2476 1171 2566 1227 διά
2619 1172 2914 1245 ρᾳθυμίαν,
2965 1176 3149 1246 φησὶν,
3184 1174 3321 1229 ἀλλά
3368 1176 3461 1230 τὸν

1894 1256 1993 1326 μὲν
2021 1259 2283 1331 Τιμόθεον
2333 1263 2424 1319 διά
2468 1265 2529 1319 τὸ
2586 1266 2789 1337 μηδένα
2816 1268 2959 1338 ἔχειν
3007 1270 3289 1340 κατεῖχον·
3334 1271 3458 1324 Οὐκ

1890 1347 2008 1417 ἔχω
2037 1351 2168 1421 γὰρ,
2218 1356 2402 1426 φησὶν,
2457 1359 2791 1429 ίσόψυχονη
2845 1359 2938 1413 τὸν
2973 1360 3030 1413 δὲ
3070 1360 3459 1431 Ἐπαφρόδιτον

1890 1438 1980 1493 διά
2017 1441 2115 1514 τὴν
2146 1445 2446 1503 ἀσθένειαν.
2506 1446 2641 1503 Εἶτα
2686 1449 2923 1514 δεικνὺς,
2958 1450 3047 1503 ὅτι
3097 1450 3283 1522 μακρὰ
3318 1449 3467 1522 αὕτη

1891 1531 2101 1601 γέγονε,
2135 1538 2229 1592 καὶ
2271 1540 2438 1594 πολὺν
2473 1542 2664 1611 χρόνον
2702 1543 2967 1607 ἀνάλωσε,
3002 1541 3167 1614 φησί·
3199 1542 3311 1596 Kal
3344 1541 3457 1611 γὰρ

1888 1625 2194 1695 ἠσθένησε
2246 1632 2674 1700 παραπλήσιον
2726 1632 3005 1688 θανάτου.
3076 1633 3240 1705 Ὁρᾷς
3324 1634 3457 1702 ὅσην

1890 1722 2121 1774 ποιεῖται
2144 1722 2354 1788 Παῦλος
2396 1726 2630 1797 σπουδὴν
2660 1725 2799 1798 ὑπὲρ
2830 1725 2923 1779 τοῦ
2974 1725 3155 1797 πάσης
3182 1725 3456 1797 ῥᾳθυμίας

1889 1806 1982 1861 καὶ
2015 1810 2306 1882 ὀλιγωρίας
2330 1814 2604 1885 πρόφασιν
2649 1816 2878 1887 ἐκκόψαι
2904 1817 2969 1870 ἐκ
3002 1817 3105 1886 τῆς
3136 1817 3243 1870 τῶν
3276 1816 3455 1889 μαθη-

1886 1900 1995 1957 τῶν
2035 1902 2293 1970 διανοίας,
2344 1907 2439 1960 καὶ
2487 1907 2562 1979 μὴ
2599 1908 3031 1979 ὑποπευθῆναι,
3060 1910 3146 1963 ὅτι
3174 1926 3453 1982 καταφρο-

1886 1992 1994 2047 νῶν
2017 1994 2197 2048 αὐτῶν
2225 1997 2325 2050 οὑκ
2351 1992 2545 2070 ἦλθεν;
2576 1998 2742 2053 Οὑδέν
2781 1999 2890 2071 γάρ
2916 1999 3060 2054 οὕτω
3085 2001 3177 2055 τὸν
3204 2000 3454 2072 μαθητὴν

1886 2085 2262 2155 ἐπαγαγέσθαι
2291 2087 2612 2161 δυνήσεται,
2669 2090 2745 2153 ὡς
2789 2090 2852 2143 τὸ
2892 2089 3208 2154 πεπεῖσθαι,
3241 2092 3335 2144 καὶ
3368 2091 3449 2144 ὅτι

1887 2177 2160 2246 φροντίζει
2196 2178 2361 2234 αὑτοῦ
2393 2181 2422 2234 6
2456 2179 2760 2252 προεστὼς,
2784 2181 2878 2235 καὶ
2906 2182 2989 2235 ὄτι
3021 2181 3280 2253 ἀδημονεῖ
3314 2181 3452 2253 ὑπέρ

1886 2268 2074 2335 αὑτοῦ,
2097 2270 2230 2342 ὅπερ
2265 2271 2710 2344 ὑπερϐαλλούσης
2747 2272 2967 2345 ἀγάπης
3009 2273 3176 2328 ἐστίν.
3242 2272 3452 2327 Ἠκού-

1884 2375 2056 2426 σατε,
2086 2364 2271 2432 φησὶν,
2321 2350 2411 2417 ὅτι
2449 2364 2787 2432 ἠσθένησε’
2846 2363 2946 2417 καὶ
2987 2364 3100 2433 γὰρ
3147 2364 3455 2433 ἠσθένησε

1886 2454 2318 2523 παραπλήσιον
2347 2455 2629 2511 θανάτου.
2670 2457 2781 2510 Kal
2807 2456 2889 2510 ὅτι
2933 2456 2994 2509 οὑ
3024 2456 3452 2528 προφασίζομαι,

1883 2546 2151 2599 ἀκούσατε
2170 2564 2184 2578 ο
2224 2548 2387 2602 Ἀλλ’
2417 2550 2450 2602 ό
2482 2547 2628 2614 Θεὸς
2653 2547 2841 2602 αὐτὸν
2866 2546 3120 2616 ἠλέησε.
3153 2546 3219 2600 Τί
3246 2546 3448 2616 λέγεις,

1885 2629 1930 2689 ὦ
1960 2638 2237 2711 αἱρετικές
2277 2638 2540 2693 Ἐνταῦθα
2565 2638 2716 2692 ἐλεόν
2749 2653 2883 2709 φησι
2918 2636 3015 2691 τοῦ
3057 2637 3192 2691 Θεοῦ
3230 2633 3456 2692 εἶναιτὸ

1883 2728 1976 2782 τὸν
2008 2727 2270 2799 μέλλοντα
2302 2728 2523 2783 ἀπιέναι
2558 2728 2809 2800 κατέχειν
2842 2727 2938 2782 καὶ
2982 2727 3321 2799 ὑποστρέψαι
3350 2727 3455 2781 πάι

1883 2820 1988 2877 λιν.
2030 2820 2139 2874 Kal
2178 2820 2285 2892 μὴν
2314 2820 2363 2873 εί
2394 2820 2628 2892 πονηρὸν
2657 2822 2686 2874 6
2710 2819 2932 2891 κόσμος,
2975 2818 3076 2873 οὑκ
3122 2818 3269 2882 ἔλεος
3301 2812 3455 2883 οὗτός

1883 2912 2001 2964 ἐστι
2028 2910 2091 2964 τὸ
2124 2912 2182 2964 ἐν
2204 2910 2283 2982 τῷ
2316 2911 2539 2983 πονηρῷ
2569 2910 2808 2981 ἀφιέναι.
2872 2910 3035 2964 Ἀλλὰ
3071 2910 3209 2981 πρὸς
3243 2911 3342 2981 μὲν
3362 2910 3456 2965 τὸν

1884 3000 2161 3072 αἱρετικὸν
2181 3000 2405 3055 εὔκολον
2438 3003 2632 3066 εἰπεῖν,
2663 3000 2801 3072 πρὸς
2832 3000 2890 3054 δὲ
2918 3001 3009 3054 τὸν
3042 3000 3371 3072 Χριστιανὸν
3399 3000 3454 3053 τί

1884 3092 2149 3162 ἐροῦμεν;
2186 3093 2296 3147 Kal
2345 3092 2453 3164 γὰρ
2503 3094 2533 3147 6
2584 3092 2745 3157 αὐτὸς
2780 3092 2809 3133 δ
2857 3091 3268 3163 ἀμφὶσὸητήσει
3300 3092 3452 3156 ἴσως,

1884 3184 1979 3237 καὶ
2001 3185 2120 3255 ἐρεῖ
2137 3198 2153 3215 ⁸
2186 3186 2250 3239 El
2283 3185 2346 3239 τὸ
2371 3184 2637 3240 ἀναλῦσαι
2665 3185 2762 3239 σὺν
2786 3184 3007 3255 Χριστῷ
3033 3183 3213 3255 πολλῷ
3245 3183 3449 3255 μᾶλλον

1883 3276 2158 3346 κρεῖσσον,
2181 3275 2325 3341 τίνος
2356 3275 2547 3331 ἕνεκέν
2580 3294 2745 3346 φησιν
2774 3276 2934 3330 αὑτὸν
2967 3274 3271 3342 ἐλεεῖσθαι;
3313 3272 3456 3342 Ἐγὼ

1882 3366 1939 3420 δὲ
1986 3367 2189 3437 μᾶλλον
2235 3369 2527 3440 ἐρήσομαι·
2578 3368 2737 3431 Τίνος
2781 3367 2967 3421 ἕνεκεν
3010 3369 3039 3421 6
3076 3365 3239 3429 αὑτός
3290 3380 3455 3435 φησιν

1883 3460 2309 3531 ἀναγκαιότερον
2336 3458 2474 3515 εἶναι
2506 3461 2567 3513 τὸ
2595 3461 2873 3531 ἐπιμεῖναι
2905 3460 2971 3513 δι’
3015 3459 3193 3529 ὑμᾶς;
3232 3458 3449 3527 ’Ὥσπερ

1884 3552 1994 3624 γὰρ
2024 3553 2175 3624 αύτῷ
2235 3554 2536 3620 ἀναγκαῖον
2586 3548 2656 3624 ἦν
2709 3554 2909 3617 ἐκεῖνο,
2959 3549 3103 3605 οὕτω
3141 3551 3238 3604 καὶ
3273 3548 3455 3619 τούτῳ

1888 3644 2025 3717 μετά
2076 3644 2321 3710 πλείονος
2371 3645 2606 3699 πλούτου
2671 3644 2765 3698 καὶ
2835 3644 3082 3715 μείζονος
3139 3640 3455 3713 παρρησίας

1887 3733 2134 3804 μέλλοντι
2173 3734 2310 3805 πρὸς
2342 3734 2434 3787 τὸν
2484 3733 2620 3788 Θεὸν
2663 3734 2904 3788 ἀπιέναι.
2975 3734 3182 3786 Ἐκεῖνο
3221 3730 3454 3802 μὲνγὰρ

1885 3826 1989 3880 κᾶν
2021 3826 2096 3899 μὴ
2126 3826 2259 3880 νῦνο
2289 3826 2527 3896 ἐγένετο,
2559 3826 2785 3895 ὕστερον
2813 3825 3034 3897 ἔμελλε·
3078 3824 3141 3877 τὸ
3166 3824 3223 3878 δὲ
3254 3822 3452 3895 κερδᾶ-

1884 3938 1971 3973 ναι
1994 3919 2173 3991 ψυχὰς
2198 3920 2299 3973 οὑκ
2330 3920 2409 3974 ἔνι
2440 3920 2625 3975 λοιπὸν
2647 3919 2979 3982 ἀπελθόντας
3023 3918 3156 3973 ἐκεῖ.
3179 3915 3260 3969 Τά
3278 3914 3453 3969 πολλά

1884 4013 2150 4067 καὶκατὰ
2196 4012 2295 4084 τὴν
2336 4014 2520 4085 κοινὴν
2574 4012 2863 4083 συνήθειαν
2920 4010 3029 4063 τῶν
3078 4008 3387 4063 ἀκουόντων
3418 4007 3449 4059 6

1884 4102 2094 4167 Παῦλος
2123 4102 2439 4172 φθέγγεται,
2470 4104 2564 4156 καὶ
2590 4102 2653 4157 οὐ
2671 4098 2947 4171 πανταχοῦ
2970 4098 3247 4167 φιλοσοφεῖ
3272 4110 3284 4123 ’
3314 4092 3452 4165 πρὸς

1882 4196 1992 4267 γὰρ
2022 4194 2343 4265 ἀνθρώπους
2374 4193 2673 4263 κοσμικοὺς
2702 4192 2731 4245 6
2754 4190 2911 4259 λόγος
2934 4184 3005 4261 ’ἦν
3052 4186 3222 4258 αὐτῷ,
3275 4184 3446 4238 δεδοι-

1883 4286 2046 4350 κότας
2068 4284 2148 4338 ἔτι
2177 4285 2267 4338 τὸν
2293 4284 2540 4338 θάνατον.
2578 4279 2711 4335 Εἶτα
2753 4279 3026 4334 δείκνυσιν
3058 4278 3116 4328 ἐν
3161 4275 3272 4344 ὅσῳ
3305 4272 3449 4342 λόγῳ

1884 4376 2032 4429 ἐστὶν
2068 4374 2216 4445 αὑτῷ
2244 4375 2273 4426 6
2324 4373 2735 4444 Ἐπαφρόδιτος,
2775 4370 2870 4424 καὶ
2901 4368 3008 4422 ἀπὸ
3028 4364 3216 4421 τούτου
3246 4362 3449 4417 αἰδέσι-

1886 4485 1985 4538 μον
2016 4467 2177 4521 αὑτὸν
2220 4466 2409 4531 ποιῶν,
2454 4466 2508 4518 εἴ
2542 4481 2605 4533 γε
2631 4464 2729 4534 τὴν
2754 4462 2962 4516 ἐκείνου
3005 4456 3277 4528 σωτηρίαν
3308 4453 3450 4508 οὕτω

1883 4558 2159 4631 χρησίμην
2187 4559 2364 4628 έαυτῷ
2391 4574 2558 4627 φησιν
2583 4552 2743 4621 εἶναι,
2774 4555 2848 4618 ὡς
2876 4551 3138 4624 ἠλεῆσθαι
3166 4548 3261 4603 καὶ¹
3283 4546 3448 4601 αὑτὸν

1882 4652 1947 4705 δι’
1981 4650 2210 4706 ἐκείνου.
2264 4650 2471 4713 ’Λλλως
2504 4649 2584 4712 δὲ,
2637 4649 2733 4702 καὶ
2769 4648 2938 4718 χωρὶς
2980 4643 3173 4697 τούτου
3208 4639 3374 4693 καλὸν
3404 4640 3438 4709 ἡ

1884 4740 2137 4813 παροῦσα
2162 4740 2307 4810 ζωήο
2347 4740 2470 4792 ἐπεὶ
2519 4739 2571 4793 εί
2620 4738 2695 4808 μὴ
2743 4735 2929 4799 καλὸν,
2983 4733 3073 4786 διὰ
3103 4731 3156 4786 τί
3185 4732 3246 4783 ἐν
3288 4727 3445 4791 τάξει

1882 4834 2151 4906 τιμωρίας
2184 4830 2367 4903 τίθησι
2415 4832 2541 4895 τοὺς
2586 4830 2799 4899 ἀώρους
2843 4826 3136 4890 θανάτους;
3190 4822 3265 4887 ὡς
3319 4821 3449 4873 ὅταν

1883 4928 2049 4998 λέγῃ,
2084 4925 2187 4980 Διὰ
2218 4926 2393 4980 τοῦτο
2453 4924 2520 4978 ἐν
2568 4923 2709 4992 ὑμῖν
2761 4921 2975 4987 πολλοὶ
3019 4916 3297 4981 ἀσθενεῖς
3347 4913 3448 4966 καὶ

1883 5021 2195 5089 ᾶρῤωστοι,
2260 5018 2360 5072 καὶ
2417 5016 2735 5085 κοιμῶνται
2788 5013 3003 5069 ἱκανοί.
3074 5011 3138 5063 Ἢ
3188 5008 3286 5081 μὲν
3339 5006 3448 5074 γὰρ

1887 5112 2152 5182 μέλλουσα
2204 5110 2317 5179 ζωὴ
2370 5108 2491 5179 οὐχί¹
2529 5104 2767 5175 πονηροῦ
2812 5105 3102 5174 κρείττων,
3170 5097 3291 5150 ἐπεὶ
3346 5095 3449 5146 οὑκ

1882 5201 2081 5271 ἀγαθὴ,
2116 5198 2250 5253 ἀλλὰ
2291 5199 2455 5253 καλοῦ
2484 5200 2771 5270 κρείττων.
2813 5196 2947 5250 "Ira
2970 5193 3054 5263 μὴ
3088 5191 3316 5256 λύπην,
3344 5207 3449 5256 φη-

1885 5292 1989 5357 σὶν,
2032 5291 2132 5345 ἐπὶ
2172 5291 2338 5360 λύπη
2366 5288 2519 5359 σχῶ,
2568 5290 2667 5361 τὴν
2711 5286 2819 5342 ἀπὸ
2857 5286 2957 5354 τῆς
2997 5280 3149 5353 [267]
3191 5278 3447 5348 τελευτῆς

1883 5383 1974 5436 ἐπὶ
2003 5384 2069 5453 τῇ
2108 5382 2196 5436 διὰ
2224 5381 2324 5453 τὴν
2355 5380 2668 5454 ἀρρωστίαν
2694 5376 2963 5448 γενομένῃ
2995 5370 3161 5441 αὐτῷ.
3192 5370 3295 5422 Διά
3320 5366 3447 5420 τοὺ-

1938 5676 1964 5733 ,ο
1997 5663 2128 5714 Unus
2161 5665 2337 5733 podex,
2362 5660 2752 5724 ἀπολογούμενος.
2800 5662 2933 5716 Τίνος
2973 5660 3128 5708 ἕνεκεν
3150 5660 3228 5709 διὰ
3276 5660 3445 5723 κρόκου

1880 5728 2057 5783 πέμπει
2086 5740 2097 5785 ;
2134 5728 2203 5775 οὐ.

1943 5787 1967 5824 b
1998 5788 2140 5836 Forte
2168 5788 2317 5844 οὗτος.

1941 5848 1964 5876 °
1992 5851 2173 5901 Mavult
2200 5852 2410 5901 Dunzeus
2442 5848 2527 5897 κᾶν
2550 5847 2588 5894 εἰ
2613 5847 2676 5909 μὴ
2702 5844 2798 5894 νῦν.
