3898 6534
218 476 310 534 249

213 594 352 650 faciat
374 587 624 643 ostendit.
654 587 746 643 28.
788 586 1137 641 Festinantius
1157 603 1275 657 ergo
1299 584 1413 638 misi
1432 581 1599 638 illum.
1626 580 1767 649 Quid

208 694 314 746 est,
338 679 735 735 'Festinautius?
767 679 894 733 Sine
923 679 1295 743 cunctatione,
1340 676 1485 731 nulla
1523 676 1763 745 interpo-

211 775 465 831 sita’mora
482 811 496 833 ,
516 769 711 839 jubens
730 769 909 823 omnia
937 782 1285 837 quaecumque
1304 767 1521 822 obstent
1546 766 1768 822 vincen-

210 878 304 921 tem
323 904 339 927 ,
369 877 524 932 quam
554 861 811 916 citissime
834 859 901 914 ad
930 872 1027 914 vos
1048 859 1260 924 venire,
1290 866 1350 911 ut
1377 874 1609 914 interere
1636 856 1770 911 libe-

208 966 299 1014 ret.
328 954 438 1009 Non
462 953 605 1008 enim
628 953 674 1006 si
703 966 800 1008 eos
821 965 957 1021 quos
983 964 1225 1005 amamus
1257 951 1441 1006 valere
1468 949 1765 1011 audiamus,

207 1064 348 1120 aeque
388 1049 634 1103 laetamur
678 1060 743 1100 ac
796 1045 840 1099 si
889 1044 1199 1109 videamus,
1243 1045 1582 1112 maximeque
1625 1040 1671 1095 si
1718 1039 1770 1094 id

207 1151 389 1214 praeter
427 1154 577 1209 spem
616 1138 854 1201 eveniat,
896 1134 1345 1205 quemadmodum
1388 1142 1514 1190 tunc
1540 1134 1591 1187 in
1631 1131 1771 1201 Epa-

208 1231 447 1305 phrodito
493 1236 771 1286 evenerat.
819 1227 1169 1285 Festinantius
1208 1245 1365 1300 ergo,
1408 1226 1616 1296 inquit,
1658 1225 1771 1279 misi

206 1328 343 1381 illum
368 1341 385 1377 :
410 1336 464 1376 ut
489 1325 593 1376 viso
627 1338 684 1377 eo
711 1324 1008 1396 gaudeatis,
1037 1332 1083 1377 et
1112 1338 1202 1393 ego
1238 1321 1398 1391 magis
1426 1320 1533 1373 sine
1567 1318 1773 1372 tristitia

207 1420 312 1473 sim.
340 1414 621 1484 Quomodo
648 1418 817 1487 magis
854 1416 971 1470 sine
1025 1413 1278 1469 tristitia?
1316 1411 1576 1480 Quoniam
1607 1410 1651 1464 si
1675 1422 1773 1462 vos

205 1507 460 1580 gaudetis,
483 1519 536 1564 et
567 1524 665 1578 ego
692 1506 955 1578 gaudebo,
986 1514 1041 1561 et
1061 1505 1147 1559 hic
1168 1504 1284 1573 ipse
1313 1503 1381 1557 de
1406 1510 1587 1556 nostra
1618 1497 1770 1553 volu-

210 1612 345 1675 ptate
369 1601 647 1672 gaudebit,
678 1608 733 1653 et
757 1613 857 1668 ego
883 1612 911 1650 a
937 1610 1172 1651 maerore
1198 1594 1416 1649 liberior
1444 1605 1558 1647 ero.
1591 1589 1774 1659 Neque

208 1694 364 1757 dixit,
392 1693 519 1747 Sine
550 1690 761 1745 tristitia
782 1730 796 1753 ,
832 1688 925 1743 sed
947 1728 961 1751 ,
989 1686 1158 1757 Magis
1186 1685 1294 1739 sine
1322 1683 1524 1737 tristitia
1542 1723 1556 1746 ,
1590 1689 1650 1736 ut
1680 1695 1772 1735 os-

211 1784 389 1841 tendat
404 1796 691 1851 numquam
715 1779 944 1833 animam
967 1793 1115 1831 suam
1139 1791 1369 1831 maerore
1388 1789 1608 1829 vacuam
1628 1785 1769 1827 esse.

210 1878 307 1946 Qui
334 1873 470 1931 enim
500 1878 572 1929 ita
600 1874 756 1936 dicit,
793 1872 917 1938 Quis
942 1871 1252 1938 inﬁrmatur,
1293 1878 1340 1922 et
1373 1884 1464 1939 ego
1504 1883 1605 1920 non
1628 1867 1775 1935 inﬁr-

210 1970 358 2023 mor.’
385 1969 492 2038 quis
533 1964 929 2027 scandalizatur,
961 1972 1009 2016 et
1034 1978 1123 2033 ego
1153 1978 1255 2015 non
1297 1977 1418 2014 uror
1437 1960 1513 2029 (2.
1538 1958 1656 2015 Cor.
1682 1958 1772 2018 Ii.

205 2060 331 2131 ‘29)?
378 2057 647 2128 quomodo
690 2056 807 2111 sine
847 2069 1083 2110 maerore
1121 2060 1175 2108 et
1222 2052 1433 2107 tristitia
1463 2052 1578 2107 sit?
1632 2051 1774 2119 Ergo

208 2166 522 2215 maerorem,
576 2149 746 2218 inquit
777 2189 791 2212 ,
841 2148 998 2201 istum
1048 2145 1332 2214 deponam.
1388 2143 1482 2197 29.
1538 2142 1773 2212 Excipite

207 2246 371 2313 itaque
422 2241 569 2295 illum
611 2240 666 2293 itt
705 2237 927 2292 Domino
972 2253 1090 2291 cum
1127 2236 1265 2289 onmi
1304 2234 1511 2305 gaudio.
1554 2232 1622 2286 In
1663 2231 1774 2285 Do-

206 2338 371 2400 mino,
422 2332 565 2404 quod
610 2332 750 2387 idem
793 2340 877 2386 est
901 2345 964 2385 ac
991 2328 1358 2399 spiritualiter.
1403 2327 1458 2382 ld
1495 2334 1613 2394 est,
1657 2340 1775 2380 ma-

201 2442 302 2497 gno
327 2440 451 2480 cum
477 2423 687 2486 studio;
713 2422 795 2475 vel
826 2422 998 2490 potius
1019 2420 1120 2475 hoc
1145 2418 1428 2490 signiﬁcat,
1460 2418 1569 2473 Deo
1595 2417 1780 2471 volen-

205 2527 270 2571 te.
299 2515 485 2586 Itaque
542 2514 690 2568 illum
734 2514 964 2583 excipite
1006 2526 1102 2581 pro
1144 2520 1447 2566 sanctorum
1484 2509 1774 2579 dignitate,

203 2619 257 2663 ut
274 2617 493 2663 sanctos
532 2605 704 2676 excipi
750 2621 843 2675 par
888 2615 997 2671 est,
1038 2603 1167 2658 Cum
1194 2603 1366 2668 omni,
1409 2602 1616 2670 inquit,
1647 2617 1777 2672 gau-

203 2700 305 2753 dio.

271 2793 327 2845 5.
365 2790 499 2845 Haec
537 2789 714 2844 omnia
755 2803 850 2856 pro
891 2787 956 2842 iis
993 2786 1117 2841 facit
1145 2784 1213 2839 ad
1255 2799 1390 2855 quos
1438 2783 1638 2849 mittit,
1673 2796 1777 2838 non

201 2899 298 2953 pro
321 2881 528 2936 missis.
556 2879 725 2949 Majus
746 2879 888 2934 enim
912 2877 1039 2932 facit
1068 2877 1274 2931 lucrum
1300 2915 1315 2941 ,
1347 2876 1437 2945 qui
1460 2874 1779 2929 beneﬁcium

204 2977 326 3041 dat,
354 2988 520 3042 quam
553 2971 641 3041 qui
670 2970 882 3038 accipit.
914 2967 979 3021 Et
1005 2966 1254 3037 ejusmodi
1283 2965 1508 3019 homines
1538 2980 1649 3018 cum
1684 2964 1779 3018 ho-

202 3082 321 3119 nore
363 3064 627 3117 habetote;
666 3060 722 3114 ld
764 3069 875 3126 est,
916 3058 1163 3127 Excipite
1204 3057 1353 3110 illum
1399 3063 1458 3109 ut
1506 3063 1783 3108 merentur

200 3156 394 3211 sancti.
450 3154 538 3210 50.
584 3152 835 3218 Quoniam
874 3158 1078 3219 propter
1114 3163 1241 3215 opus
1288 3146 1477 3200 Christi
1518 3160 1675 3213 usque
1715 3146 1783 3197 ad

200 3261 421 3303 mortem
446 3246 673 3309 accessit,
703 3243 907 3297 tradens
930 3242 1154 3295 animam
1178 3256 1350 3303 suam,
1378 3248 1434 3292 ut
1457 3237 1685 3307 impleret
1706 3238 1780 3300 id,

201 3344 335 3414 quod
373 3357 447 3395 ea:
471 3339 607 3394 vobis
634 3339 804 3391 deerat
830 3352 947 3404 erga
975 3350 1141 3388 meum
1168 3331 1481 3401 obsequium.
1510 3330 1608 3383 Hic
1631 3344 1783 3383 com-

201 3435 444 3489 muniter
472 3448 499 3485 a
528 3428 950 3499 Pliilippensium
981 3427 1199 3482 civitate
1231 3425 1425 3478 missus
1453 3421 1662 3489 fuerat,
1695 3424 1785 3491 qui

200 3528 367 3582 Paulo
400 3524 769 3586 ministraret;
800 3532 891 3574 aut
934 3520 1158 3573 fortasse
1186 3518 1347 3571 etiam
1384 3516 1504 3570 ideo
1531 3526 1785 3581 venerat,

198 3630 258 3673 ut
283 3617 565 3688 quidpiam
591 3614 806 3668 afferret
837 3632 850 3667 :
878 3612 1065 3666 allatas
1089 3612 1232 3665 enim
1263 3610 1331 3663 ab
1358 3610 1448 3664 illo
1477 3625 1597 3664 esse
1625 3624 1781 3679 pecu-

201 3710 319 3764 nias
351 3711 408 3763 in
440 3718 678 3763 extrema
710 3704 935 3775 epistola
959 3701 1194 3757 ostendit
1220 3702 1303 3755 bis
1330 3701 1538 3767 verbis,
1560 3701 1788 3771 Acceptis

198 3805 263 3857 ab
290 3800 656 3871 Epaphrodito
685 3813 796 3865 qua:
825 3796 1029 3850 misistis
1062 3794 1227 3865 (Phil.
1268 3794 1321 3849 4.
1362 3793 1791 3862 18).Verisitnile

201 3896 365 3962 igitur
407 3904 496 3948 est
536 3893 685 3946 illum
706 3932 722 3957 ,
753 3905 873 3945 cum
904 3888 1126 3943 Romam
1174 3885 1539 3958 pervenisset,
1568 3884 1789 3939 Paulum

201 3986 255 4039 in
288 3999 494 4055 magno
526 3984 630 4038 hoc
675 3983 925 4052 gravique
964 3980 1203 4051 periculo
1247 3981 1545 4049 reperisse.
1598 3987 1658 4033 ut
1700 3980 1790 4048 qui

201 4078 357 4130 adire
386 4077 542 4131 illum
574 4076 765 4129 vellent
791 4116 806 4140 ,
839 4074 936 4143 ipsi
964 4088 1177 4143 quoque
1204 4074 1423 4127 minime
1449 4080 1563 4127 tuto
1586 4071 1637 4127 id
1665 4088 1791 4142 pos-

201 4181 327 4225 sent
360 4170 544 4223 facere
565 4210 579 4233 ,
609 4167 703 4222 sed
730 4181 827 4221 suo
852 4165 1091 4234 periculo
1120 4164 1441 4218 accederent
1464 4182 1477 4217 :
1505 4162 1643 4233 quod
1672 4178 1795 4217 eve-

202 4260 327 4314 nire
360 4260 598 4312 maxime
619 4257 900 4311 consuevit
919 4270 1109 4326 magna
1136 4265 1401 4310 commota
1434 4264 1752 4322 tempestate
1776 4296 1791 4319 ,

202 4360 374 4422 atque
408 4351 499 4404 ubi
537 4364 721 4419 regum
752 4348 830 4402 ira
860 4348 1115 4417 majorem
1144 4348 1198 4401 in
1230 4347 1444 4400 modum
1472 4345 1790 4400 effervescit.

209 4443 437 4495 Etenim
470 4457 586 4495 cum
617 4440 736 4510 quis
760 4481 776 4504 ,
803 4439 944 4509 quod
972 4440 1025 4492 in
1064 4438 1206 4508 regis
1234 4438 1585 4493 oll'ensionem
1618 4439 1795 4492 incur-

212 4533 395 4595 rerit,
451 4532 501 4584 in
547 4545 819 4586 carcerem
863 4528 1187 4593 detruditur,
1235 4537 1501 4597 arcteeque
1539 4528 1796 4583 custodiae

214 4622 488 4683 traditur;
514 4631 636 4677 tunc
654 4621 738 4675 vel
763 4619 946 4674 famuli
978 4619 1077 4688 ipsi
1101 4618 1245 4672 aditu
1265 4619 1637 4687 prohibentur,
1656 4619 1797 4687 quod

206 4714 441 4784 quidem
464 4714 625 4768 Paulo
651 4723 775 4767 tunc
791 4712 1047 4766 accidisse
1068 4711 1357 4764 verisimile
1378 4720 1459 4764 est
1484 4730 1496 4765 :
1522 4710 1801 4780 Epaphro-

202 4808 388 4862 ditum
412 4822 544 4862 vero
564 4847 579 4871 ,
612 4821 806 4876 magno
837 4815 995 4873 atque
1023 4806 1237 4860 excelso
1258 4804 1437 4858 animo
1467 4804 1661 4870 virum,
1686 4820 1802 4859 om-

200 4901 293 4955 nia
326 4901 751 4969 comtempsisse
779 4898 1014 4966 pericula
1039 4938 1055 4963 ,
1103 4906 1161 4951 ut
1198 4896 1419 4950 Paulum
1447 4897 1618 4951 adiret
1647 4897 1801 4966 eique

197 4992 589 5055 ministraret,
616 5000 776 5059 atque
818 4987 998 5043 omnia
1045 5003 1164 5057 quae
1193 5003 1329 5057 opus
1373 4996 1526 5042 erant
1574 4987 1799 5042 faceret.

200 5085 325 5139 Duo
358 5085 533 5154 igitur
564 5081 720 5135 aﬁ‘ert
750 5080 945 5135 Paulus
965 5121 981 5146 ,
1012 5095 1078 5135 ex
1105 5079 1299 5149 quibus
1329 5079 1403 5132 illi
1431 5081 1801 5133 auctoritatem

193 5195 262 5231 ac
293 5175 674 5233 reverentiam
705 5173 955 5228 conciliat
982 5190 995 5226 :
1026 5188 1189 5226 unum
1233 5171 1481 5240 quidem,
1516 5172 1603 5225 ubi
1639 5171 1801 5236 dicit,

197 5274 267 5324 ad
298 5281 549 5324 mortem
576 5282 744 5335 usque
769 5280 886 5320 mea
911 5281 1069 5319 causa
1098 5264 1451 5333 periclitatum
1477 5279 1596 5319 esse
1619 5283 1633 5330 ;
1663 5266 1796 5321 alte-

194 5377 323 5415 rum
376 5373 525 5413 vero
545 5398 560 5423 ,
591 5357 732 5426 quod
762 5372 1044 5425 personam
1071 5356 1302 5409 civitatis
1327 5371 1520 5425 gerens
1548 5356 1662 5410 haec
1687 5373 1809 5426 per-

196 5465 406 5519 pessus
460 5446 627 5501 fuerit
674 5466 688 5500 :
737 5456 793 5499 ut
830 5447 884 5499 in
924 5446 1163 5516 periculo
1191 5445 1283 5499 illo
1328 5446 1391 5499 iis
1419 5446 1509 5515 qui
1551 5429 1807 5501 miserant

190 5558 431 5599 merces
468 5540 779 5603 deberetur,
809 5538 1031 5608 perinde
1058 5552 1119 5591 ac
1152 5537 1197 5590 si
1224 5537 1409 5592 civitas
1440 5537 1671 5608 legatum
1703 5539 1805 5591 mi-

191 5637 390 5689 sisset.
456 5632 604 5701 Ergo
642 5631 893 5699 excipere
936 5631 1081 5684 illum
1122 5645 1242 5683 cum
1273 5629 1500 5700 quodam
1548 5631 1805 5698 obsequio

1089 472 1153 527 IN
1191 471 1399 529 EPIST.
1442 469 1531 525 AD
1569 467 1854 523 PHILIPP.
1895 469 2046 523 CAP.
2086 468 2148 523 ll.
2189 469 2416 526 HOMIL.
2460 472 2549 527 IX.

3339 475 3444 530 250

1874 581 2100 636 orationi
2129 582 2329 638 addens
2360 585 2729 639 auctoritatem
2755 599 2818 639 ac
2852 583 3007 640 ﬁdem
3028 626 3043 649 ,
3069 585 3291 655 inquit,
3316 584 3444 639 Pro-

1874 684 1984 743 pter
2003 689 2131 741 opus
2157 672 2274 729 Dei.
2300 673 2414 728 Non
2444 675 2585 730 enim
2616 691 2733 731 mea
2758 690 2915 731 causa
2944 677 3085 745 facit,
3114 677 3207 732 sed
3230 686 3445 747 propter

1875 764 2065 821 Deum.
2095 765 2265 837 Usque
2287 768 2356 822 ad
2379 780 2589 823 mortem
2610 771 2835 824 accessit.
2861 769 2999 838 Quid
3023 770 3205 837 enim?
3233 773 3444 825 tametsi

1873 858 2092 912 minime
2130 858 2296 924 obiit,
2332 860 2442 915 Deo
2483 860 2535 915 id
2579 859 2941 931 gubernante,
2974 861 3089 931 ipse
3115 870 3289 919 tamen
3323 863 3438 917 nul.

1875 947 1981 1001 Iam
2003 948 2125 1003 vitae
2147 964 2258 1003 suae
2283 951 2544 1007 rationem
2575 951 2797 1017 habuit,
2824 967 2887 1007 ac
2917 952 3134 1008 tradidit
3170 953 3402 1023 seipsum
3428 972 3443 1017 ;

1876 1050 1935 1096 ut
1954 1083 1970 1108 ,
1998 1040 2251 1112 quidquid
2279 1044 2613 1106 subeundum
2636 1045 2767 1113 fuit,
2798 1060 2904 1100 non
2932 1060 2961 1099 a
2990 1046 3293 1114 praestando
3314 1048 3446 1103 mihi

1876 1136 2171 1191 ministerio
2211 1146 2539 1192 eessaturus.
2570 1137 2721 1206 Quod
2749 1139 2794 1194 si
2825 1147 2881 1193 ut
2914 1138 3079 1193 Paulo
3120 1139 3449 1195 ministraret

1876 1227 2112 1296 seipsum
2142 1230 2301 1284 morti
2328 1230 2614 1298 exposuit,
2644 1226 2813 1284 multo
2840 1231 3011 1300 magis
3052 1246 3150 1300 pro
3192 1231 3448 1301 praedica-

1878 1318 2023 1373 tione
2054 1318 2105 1373 id
2132 1319 2420 1385 subiisset;
2451 1321 2559 1375 imo
2604 1336 2736 1375 vero
2780 1335 2876 1389 pro
2922 1320 3087 1375 Paulo
3116 1322 3274 1383 mori.
3304 1321 3447 1376 idem

1876 1418 1993 1464 erat
2015 1425 2083 1464 ac
2102 1426 2198 1479 pro
2225 1411 2619 1481 praedicatione.
2644 1412 2789 1467 Licet
2816 1412 2992 1478 enim,
3024 1428 3127 1466 non
3155 1422 3357 1467 tantum
3381 1429 3449 1467 ne

1878 1502 2035 1557 idolis
2079 1504 2390 1573 sacriﬁces,
2430 1506 2673 1577 martyrii
2717 1521 2970 1561 coronam
3017 1506 3306 1575 consequi,
3353 1505 3448 1558 sed

1877 1595 2140 1665 ejusmodi
2165 1599 2326 1651 etiam
2357 1600 2668 1654 occasiones
2694 1599 3006 1670 martyrium
3034 1598 3230 1653 faciunt
3253 1615 3269 1663 ;
3297 1613 3382 1663 ac,
3404 1598 3451 1651 si

1878 1687 2188 1744 admirabile
2216 1690 2464 1758 quiddam
2494 1690 2779 1746 dicendum
2809 1700 2929 1757 est,
2962 1692 3131 1761 magis
3180 1693 3262 1746 Ine
3292 1708 3450 1762 quam

1878 1779 2003 1833 illae.
2034 1779 2166 1834 Nam
2190 1780 2280 1850 qui
2306 1782 2512 1835 minore
2534 1782 2600 1835 de
2626 1796 2784 1837 causa
2811 1792 3036 1836 mortem
3068 1783 3249 1838 subire
3270 1783 3450 1844 audet.

1877 1872 2047 1927 multo
2065 1872 2231 1944 magis
2256 1872 2491 1937 audebit.
2524 1874 2611 1929 ubi
2638 1889 2725 1929 res
2750 1873 2918 1943 major
2948 1884 3155 1945 agatur.
3178 1876 3449 1943 Quamob-

1881 1981 1995 2021 rem
2040 1974 2095 2021 et
2131 1981 2261 2029 nos,
2288 1981 2410 2022 cum
2439 1974 2654 2022 sanctos
2675 1966 2728 2020 in
2753 1966 3005 2037 periculis
3031 1969 3231 2022 versari
3263 1968 3457 2024 videri-

1878 2073 2020 2123 mus,
2046 2058 2171 2113 vitae
2200 2074 2269 2114 ne
2295 2073 2596 2129 pareamus.
2617 2059 2733 2115 Non
2756 2068 2933 2131 potest
2952 2062 3092 2115 enim
3117 2062 3182 2127 is,
3212 2063 3301 2130 qui
3324 2063 3455 2116 nihil

1880 2166 2001 2207 cum
2019 2151 2257 2222 periculo
2272 2152 2499 2221 experiri
2521 2153 2955 2223 audet,praeelari
2971 2154 3243 2225 quidpiam
3260 2156 3454 2221 facere,

1879 2243 1978 2300 sed
2007 2258 2228 2300 necesse
2266 2253 2352 2300 est
2387 2246 2667 2316 praesentis
2696 2247 2821 2301 vitae
2848 2249 3125 2303 securitati
3168 2250 3456 2305 consulen-

1882 2345 2027 2402 tem,
2055 2336 2303 2392 amittere
2330 2337 2581 2393 futuram.
2610 2336 2679 2393 Ut
2706 2337 2974 2409 impleret,
3002 2339 3201 2409 inquit,
3226 2342 3299 2404 id,
3323 2343 3459 2410 quod

1882 2443 1946 2481 ea:
1969 2426 2108 2481 vobis
2133 2428 2307 2482 deerat
2333 2445 2455 2499 erga
2496 2446 2664 2483 meum
2688 2429 2998 2493 obsequium.
3028 2431 3167 2499 Quid
3213 2431 3315 2487 hoc
3338 2443 3419 2488 est
3435 2436 3460 2486 ἲ

1882 2517 1998 2572 Non
2026 2517 2215 2575 aderat
2239 2518 2459 2598 civitas,
2487 2518 2582 2575 sed
2611 2534 2706 2590 per
2730 2519 2877 2573 illum
2905 2522 3050 2575 omni
3079 2537 3205 2590 erga
3249 2536 3334 2577 me
3372 2523 3457 2577 of-

1885 2609 2006 2665 ﬁcio
2029 2624 2093 2664 ac
2118 2609 2420 2666 ministerio
2442 2609 2624 2665 functa
2665 2619 2784 2675 est,
2826 2613 3077 2667 nimirum
3126 2613 3266 2681 quod
3306 2614 3457 2668 illum

1887 2701 2053 2756 misit.
2085 2700 2353 2770 Quidquid
2386 2702 2545 2772 igitur
2565 2702 2729 2757 vestri
2762 2702 3045 2759 ministerii
3074 2704 3207 2759 mihi
3235 2705 3458 2771 deerat,

1886 2789 1937 2844 id
1970 2789 2084 2858 ipse
2127 2790 2394 2858 explevit,
2426 2791 2615 2847 uthac
2657 2793 2820 2847 etiam
2867 2793 3079 2849 ratione
3117 2793 3462 2864 dignissimus

1886 2880 1957 2934 sit
1982 2880 2071 2950 qui
2102 2881 2323 2935 multum
2348 2882 2569 2937 honoris
2593 2894 2865 2953 reportet,
2893 2885 3145 2954 quoniam
3175 2886 3317 2955 quod
3347 2902 3463 2940 om-

1887 2987 1983 3026 nes
2026 2971 2205 3028 facere
2229 2975 2544 3041 Oportebat,
2586 2975 2688 3030 hoc
2733 2976 2847 3046 ipse
2877 2992 2973 3046 pro
3004 2977 3156 3031 vobis
3194 2982 3461 3048 praestitit.

1886 3065 2060 3132 Atque
2086 3063 2319 3118 ostendit
2346 3065 2539 3119 Paulus
2570 3068 2744 3135 priora
2770 3083 2982 3137 quoque
3011 3067 3186 3123 oflicia
3220 3068 3289 3123 ab
3314 3070 3463 3137 ipsis,

1886 3154 1976 3223 qui
1998 3153 2050 3206 in
2081 3162 2195 3208 tuto
2223 3164 2413 3218 erant,
2443 3156 2676 3209 exhibita
2703 3157 3130 3225 periclitantibus
3154 3172 3274 3213 esse
3302 3177 3313 3212 :
3339 3175 3460 3213 nam

1888 3243 2003 3297 haec
2028 3244 2189 3298 verba
2214 3285 2231 3308 ,
2276 3244 2344 3298 Id
2369 3245 2505 3313 quod
2540 3261 2601 3299 ea;
2629 3246 2765 3300 vobis
2792 3247 2963 3299 deerat
3003 3264 3123 3318 erga
3147 3248 3462 3317 obsequium,

1891 3333 2127 3388 indicant
2154 3346 2456 3404 respectum
2485 3336 2767 3405 quemdam
2800 3338 2866 3391 ad
2891 3339 3030 3393 illius
3057 3340 3287 3395 civitatis
3308 3341 3467 3396 obse-

1890 3425 2096 3496 quium.
2141 3426 2305 3481 Vides
2353 3443 2569 3482 sensum
2614 3430 2775 3482 animi
2822 3445 2885 3484 ac
2927 3426 3172 3499 spiritum
3213 3435 3469 3501 apostoli-

1892 3518 2052 3570 cum?
2082 3516 2129 3569 Is
2158 3534 2285 3572 vero
2313 3534 2417 3571 non
2461 3534 2528 3573 ex
2554 3521 2858 3589 arrogantia
2886 3514 3342 3589 proﬁciscebatur,
3371 3524 3467 3579 sed

1892 3622 1958 3661 ex
1987 3622 2175 3677 magna
2201 3624 2357 3678 quam
2388 3610 2598 3664 illorum
2618 3611 2835 3681 gerebat
2860 3628 3009 3666 cura.
3044 3613 3254 3669 Etenim
3280 3631 3349 3678 ne
3377 3616 3435 3670 ef
3448 3646 3463 3657 -

1893 3696 2155 3764 ferantur,
2206 3699 2300 3753 sed
2344 3700 2661 3755 modestiam
2695 3711 2963 3768 tueantur,
2998 3718 3171 3774 neque
3216 3721 3467 3774 magnum

1894 3788 2145 3858 quiddam
2175 3807 2233 3845 se
2261 3792 2558 3859 praebuisse
2583 3794 2924 3858 existiment,
2959 3796 3054 3850 sed
3090 3796 3156 3851 ad
3200 3798 3471 3853 bumilita-

1895 3890 2002 3934 tem
2029 3880 2384 3949 adducantur,
2414 3883 2645 3938 ofﬁcium
2673 3884 2801 3939 illud
2846 3885 2931 3940 bis
2957 3888 3176 3942 vocibus
3203 3890 3467 3957 appellat,

1898 3973 2141 4027 Debitum
2171 3974 2550 4039 ministerium,
2578 3985 2653 4039 et,
2680 3975 2749 4029 Id
2776 3960 3117 4046 quod-deerat.
3139 3979 3279 4049 Ergo
3302 3997 3473 4049 neque

1897 4081 1995 4119 nos
2026 4081 2246 4136 magnos
2291 4068 2510 4135 spiritus
2549 4082 2823 4123 sumamus
2843 4110 2857 4133 ,
2887 4085 3007 4123 cum
3048 4072 3245 4124 sanctis
3274 4071 3472 4140 aliquid

1898 4156 2233 4225 prtebemus,
2278 4173 2453 4227 neque
2484 4157 2584 4212 hac
2625 4175 2684 4213 re
2715 4174 2813 4212 nos
2843 4159 2949 4212 illis
2975 4160 3290 4223 beneﬁcium
3322 4171 3471 4229 pute-

1899 4265 2019 4305 mus
2046 4251 2175 4306 dare
2204 4268 2218 4303 :
2250 4266 2279 4304 a
2308 4251 2463 4306 nobis
2492 4250 2634 4305 enim
2665 4251 2716 4305 id
2762 4251 3006 4317 debetur,
3054 4268 3153 4306 nec
3185 4253 3473 4322 quidquam

1899 4342 2003 4397 illis
2026 4342 2307 4398 donamus.
2338 4343 2467 4398 Nam
2499 4343 2946 4413 quemadmodum
2994 4345 3059 4398 iis
3087 4346 3177 4413 qui
3223 4344 3275 4399 in
3316 4361 3471 4402 exer-

1899 4435 2006 4488 citu
2036 4444 2160 4487 sunt
2188 4450 2250 4488 ac
2281 4433 2479 4488 bellum
2507 4444 2738 4504 gerunt,
2771 4436 2837 4488 ab
2878 4433 2942 4487 iis
2962 4435 3049 4503 qui
3086 4435 3313 4499 domiin
3347 4450 3476 4504 pace

1900 4529 2107 4592 vivunt,
2130 4525 2391 4580 debentur
2405 4526 2625 4591 cibaria,
2645 4534 2698 4580 et
2715 4525 2971 4595 quidquid
2994 4526 3096 4581 illis
3117 4529 3473 4582 neceSsarium

1901 4628 1983 4672 est
2000 4618 2053 4671 iu
2076 4626 2376 4687 sumptum;
2401 4616 2480 4670 illi
2503 4617 2642 4670 enim
2668 4633 2764 4686 pro
2786 4616 2868 4671 bis
2890 4618 2940 4670 in
2959 4617 3073 4671 acie
3093 4626 3235 4671 stant
3253 4637 3266 4670 ;
3286 4618 3355 4672 ita
3379 4618 3478 4673 hac

1908 4710 1960 4763 iu
1992 4724 2174 4764 causa.
2223 4709 2352 4776 Quis
2396 4709 2539 4762 enim
2572 4708 2820 4773 Paulum,
2871 4708 2971 4763 nisi
3013 4708 3237 4765 docendi
3283 4727 3478 4766 munus

1906 4802 2182 4868 obivisset,
2216 4799 2538 4869 conjecisset
2566 4800 2617 4853 iu
2647 4816 2916 4855 carcerem
2943 4802 2964 4855 '2
2991 4802 3351 4870 Quamobrem
3376 4804 3480 4858 mi-

1906 4895 2139 4949 nistrare
2160 4899 2359 4949 sanctis
2385 4902 2617 4963 oportet.
2648 4893 2744 4961 Qui
2774 4898 2917 4949 enim
2946 4910 3053 4949 non
3080 4896 3367 4950 absurdum
3389 4898 3480 4963 sit,

1907 4988 1957 5042 ei
1978 4986 2067 5056 qui
2095 4996 2309 5041 terreno
2334 4984 2643 5055 Imperatori
2670 4987 2880 5051 militat,
2909 4987 3087 5040 unitiia
3114 4988 3479 5057 suppeditare.

1908 5087 1962 5133 et
2008 5078 2325 5132 vestimenta
2356 5085 2410 5130 et
2458 5078 2693 5145 cibaria,
2746 5094 2850 5132 non
2881 5078 3052 5132 solum
3085 5090 3339 5147 quantum
3387 5095 3480 5133 ne-

1908 5169 2130 5225 cessitas
2160 5169 2424 5238 postulat,
2453 5169 2545 5223 sed
2594 5170 2753 5223 etiam
2787 5171 2904 5238 plus
2929 5185 3085 5239 quam
3122 5170 3255 5223 satis
3280 5181 3389 5234 est;
3429 5171 3482 5223 ei

1909 5275 2038 5314 vero
2065 5260 2157 5329 qui
2202 5260 2396 5313 militat
2444 5260 2646 5314 caelesti
2679 5261 3026 5329 Imperatori,
3077 5270 3235 5330 atque
3285 5260 3339 5313 in
3367 5261 3483 5314 acie

1910 5362 2016 5407 stat
2042 5353 2301 5407 adversus
2338 5354 2521 5409 hostes
2551 5355 2706 5424 longe
2745 5354 3062 5425 graviorcs(
3097 5354 3349 5429 Quoniam
3378 5372 3482 5408 non

1911 5457 1984 5500 est
2021 5446 2311 5500 colluctatio
2341 5448 2516 5515 nobis,
2563 5447 2770 5517 inquit,
2810 5448 3050 5500 adversus
3092 5449 3392 5517 sanguinem
3433 5459 3483 5501 et

1910 5556 2110 5592 carnem
2138 5536 2352 5610 [Ep/tes.
2379 5539 2431 5594 8.
2466 5539 2531 5592 l2
2564 5536 2632 5610 j),
2661 5554 2831 5607 neque
2848 5538 3145 5593 necessaria
3174 5538 3331 5591 etiam
3353 5553 3482 5607 sup-

1913 5628 2192 5697 peditare?
2220 5630 2374 5699 cujus
2400 5629 2500 5683 hoc
2531 5629 2822 5699 iniquitatis
2843 5638 2925 5683 est
2947 5628 2970 5682 ?
2991 5638 3250 5699 quantum
3275 5629 3376 5685 boc
3405 5632 3486 5686 in-

187 5730 363 5797 eique
416 5725 626 5795 gratias
673 5738 833 5793 agere
875 5722 941 5777 de
982 5722 1173 5777 ofﬁciis
1214 5723 1329 5792 ejus
1354 5765 1369 5788 ,
1402 5723 1536 5776 ratio
1563 5723 1805 5793 quaedam

189 5820 301 5873 erit
350 5831 475 5887 qua
527 5814 758 5883 pericula
790 5822 843 5868 et
872 5813 1007 5867 facta
1038 5822 1218 5867 nostra
1259 5814 1428 5880 magis
1455 5813 1629 5868 adhuc
1657 5830 1803 5868 com-

194 5912 397 5968 munia
436 5908 599 5962 vobis
638 5904 860 5961 facietis.
889 5904 1070 5975 Neque
1107 5904 1271 5971 dixit,
1318 5905 1429 5961 Mea
1474 5920 1665 5973 causa,
1708 5905 1802 5961 sed

1912 5726 2044 5791 grati
2074 5731 2129 5775 et
2158 5723 2301 5790 parci
2329 5723 2494 5776 animi
2524 5722 2750 5775 vitium?

1985 5818 2035 5870 4.
2070 5815 2355 5883 Caeterum,
2388 5824 2643 5885 quantum
2669 5815 2847 5883 video,
2873 5815 2991 5885 plus
3010 5816 3150 5885 apud
3183 5832 3281 5872 nos
3307 5817 3483 5873 bomi.

1918 5924 2043 5964 nunt
2071 5917 2244 5964 metus
2274 5918 2466 5979 potest,
2497 5924 2652 5980 quam
2681 5908 2937 5979 gehennze
2962 5919 3014 5965 et
3037 5908 3332 5965 futurorum
3359 5926 3483 5977 sup-
