3898 6498
517 465 616 524 ΞΞΙ

510 579 808 651 pliciorum.
826 574 1112 644 Propterea
1132 582 1262 625 sane
1281 564 1459 622 omnia
1484 572 1669 619 contra
1691 573 1848 630 quam
1871 556 2078 619 deceat,

509 687 570 728 se
597 671 823 733 habent,
852 676 909 720 ιιι
952 663 1127 719 civilia
1168 658 1383 730 quidem
1434 656 1645 727 negotia
1692 653 1903 724 singulo
1949 664 2081 719 quo-

509 779 615 833 que
661 759 750 815 die
809 754 1215 826 diligentissime
1270 748 1733 809 administrentur,
1776 756 1950 813 neque
1990 740 2080 795 illa

511 832 757 923 nmquam
781 848 951 905 omitti
980 846 1163 902 videas
1188 860 1203 909 ;
1230 840 1583 913 spiritualium
1609 851 1738 892 vero
1764 835 1904 890 nulla
1931 832 2085 888 nobis

511 946 646 1000 ratio
687 942 966 997 habeatur.
1011 938 1087 994 lta
1108 979 1124 1003 ,
1169 951 1289 1007 quae
1318 932 1633 988 necessitate
1658 927 1812 985 nobis
1838 925 2082 997 imposita

508 1052 571 1091 ac
599 1034 879 1091 tormentis
907 1029 1214 1101 propositis,
1244 1028 1568 1094 omninoque
1596 1032 1864 1092 tamquam
1900 1034 1929 1073 a
1964 1032 2085 1073 sero

509 1128 588 1182 vis
613 1136 666 1182 et
705 1124 884 1180 invitis
909 1121 1213 1191 exiguntur,
1254 1132 1443 1189 magna
1477 1123 1797 1187 praestantur
1823 1127 1944 1167 cum
1972 1111 2081 1164 ala-

506 1219 697 1274 critate
729 1235 744 1271 :
776 1230 895 1286 quae
924 1227 1052 1269 vero
1097 1227 1127 1264 a
1170 1209 1456 1266 libentibus
1495 1216 1656 1277 atque
1698 1215 1755 1260 ut
1795 1219 1826 1258 a
1880 1202 2080 1269 liberis,

508 1310 689 1365 omnia
719 1308 1055 1362 omittuntur.
1084 1303 1202 1359 Non
1243 1302 1360 1358 huic
1401 1302 1453 1355 in
1498 1314 1688 1355 omnes
1717 1298 1859 1362 dico,
1905 1295 2000 1352 sed
2029 1295 2083 1349 in

509 1415 606 1457 eos
630 1399 719 1470 qui
755 1395 1056 1467 hujusmodi
1083 1403 1325 1464 sumptus
1369 1392 1543 1447 facere
1586 1397 1852 1445 recusant.
1893 1388 2084 1442 Annon

508 1500 722 1565 poterat
744 1492 883 1547 Deus
914 1489 1285 1545 necessitatem
1310 1484 1536 1541 faciendi
1558 1481 1870 1552 imponere?
1889 1482 1957 1535 At
1978 1496 2085 1535 non

510 1585 625 1640 vult
650 1600 665 1637 :
699 1582 853 1638 vobis
879 1581 1020 1637 enim
1048 1579 1215 1649 magis
1240 1577 1491 1642 consulit,
1529 1589 1688 1645 quam
1730 1573 1795 1628 iis
1818 1572 1909 1643 qui
1934 1572 2086 1626 alun-

510 1686 618 1731 tur.
652 1675 777 1731 ldeo
804 1688 909 1729 non
948 1671 1065 1726 vult
1098 1670 1284 1725 istltazc
1313 1683 1409 1723 vos
1432 1682 1496 1723 ex
1525 1666 1845 1722 necessitate
1873 1663 2048 1719 facere
2067 1703 2084 1727 ,

511 1768 762 1839 quoniam
793 1765 936 1820 nulla
965 1778 1058 1818 vos
1084 1770 1323 1818 maneret
1369 1772 1594 1814 merces.
1644 1759 1892 1812 Attamen
1938 1755 2087 1810 mulli

512 1876 702 1919 eorum
732 1859 820 1929 qui
848 1857 935 1911 hic
964 1866 1105 1921 sunt,
1145 1853 1346 1910 Judaeis
1383 1861 1507 1906 sunt
1536 1849 1821 1905 inferiores
1848 1862 1911 1902 ac
1936 1847 2089 1902 vilio-

512 1968 619 2009 res.
652 1951 834 2023 Cogita
855 1992 869 2016 ,
899 1957 1028 2019 quot
1066 1955 1219 2003 erant
1244 1960 1364 2017 quae
1393 1959 1425 1999 a
1454 1942 1652 1999 Judaeis
1676 1940 1960 2006 dabantur,
1992 1938 2089 1994 de-

512 2046 665 2099 cima:
688 2083 703 2107 ,
732 2039 979 2112 primitiae
1003 2080 1018 2103 ,
1051 2051 1235 2093 rursus
1264 2036 1485 2091 decima:
1502 2076 1519 2101 ,
1555 2042 1611 2090 et
1633 2046 1819 2088 rursus
1844 2031 1965 2085 aliae
1992 2029 2089 2084 de-

512 2139 690 2203 cimae,
731 2144 788 2191 et
825 2147 1012 2189 rursus
1035 2132 1157 2187 aliae
1185 2128 1603 2193 decimmtertiae,
1632 2136 1686 2182 et
1712 2125 1902 2180 siclum
1940 2142 1953 2177 :
1992 2137 2091 2179 nec

514 2230 793 2300 quisquam
832 2236 968 2292 erat,
998 2224 1087 2296 qui
1127 2224 1347 2288 diceret,
1381 2220 1688 2277 sacerdotes
1725 2218 1890 2275 multa
1927 2216 2090 2272 devo-

515 2335 656 2374 rare.
709 2318 826 2386 Quo
875 2317 1027 2387 plura
1075 2314 1358 2384 accipiunt,
1404 2327 1471 2367 eo
1513 2310 1675 2366 etiam
1726 2305 1818 2364 tibi
1863 2307 2091 2377 amplior

516 2423 743 2465 merces.
773 2407 889 2463 Non
916 2404 1201 2471 dicebant,
1230 2403 1390 2459 Multa
1420 2410 1637 2458 sumunt
1661 2441 1677 2467 ,
1707 2399 1884 2456 ventri
1910 2399 2089 2454 indul-

514 2508 676 2572 gent;
705 2514 824 2570 qua:
862 2512 1003 2553 nunc
1029 2495 1287 2567 quosdam
1315 2493 1557 2550 dicentes
1588 2491 1767 2547 audio.
1794 2491 1970 2562 Atque
2005 2489 2091 2544 isti

511 2589 751 2661 quidem,
794 2589 885 2659 qui
931 2588 1121 2642 domos
1157 2585 1427 2642 aedificant
1466 2594 1626 2656 atque
1665 2597 1823 2654 agros
1860 2591 2088 2647 emunt,

513 2680 647 2736 nihil
676 2687 862 2750 putant
889 2693 953 2734 se
992 2676 1190 2733 habere
1223 2695 1238 2732 :
1276 2676 1419 2748 quod
1459 2675 1507 2731 si
1543 2674 1795 2732 sacerdos
1829 2674 2090 2746 quispiam

514 2775 675 2846 paulo
696 2772 1058 2843 Splendidiore
1088 2779 1238 2827 veste
1266 2769 1486 2826 indutus
1510 2768 1696 2833 fuerit,
1723 2776 1813 2823 aut
1832 2782 2089 2823 necessa-

514 2868 599 2924 rio
622 2867 877 2921 alimento
904 2879 1006 2919 non
1033 2871 1206 2934 egeat,
1230 2871 1321 2918 aut
1345 2861 1604 2917 famulum
1630 2861 1845 2928 habeat,
1883 2875 1952 2915 ne
1977 2861 2093 2930 ipse

515 2966 739 3027 cogatur
776 2971 808 3009 a
846 2955 1042 3011 decore
1067 2952 1379 3019 discedere;
1408 2952 1511 3007 hoc
1548 2951 1625 3006 illi
1658 2950 1872 3006 divitias
1912 2950 2090 3005 nomi-

518 3056 669 3102 nant.
708 3045 851 3101 Vere
894 3044 1091 3099 divitiis
1133 3044 1488 3110 abundamus,
1520 3042 1680 3112 idque
1710 3040 1797 3097 isti
1828 3042 1913 3099 vel
1944 3042 2094 3097 inviti

517 3140 770 3195 fatentur.
800 3137 910 3192 Nos
949 3136 1094 3192 enim
1138 3134 1348 3192 etiamsi
1380 3148 1548 3204 pauca
1579 3133 1890 3199 habeamus,
1921 3133 2092 3189 abun-

519 3234 709 3288 damus
744 3229 983 3293 divitiis;
1024 3228 1098 3283 illi
1143 3240 1270 3283 vero
1307 3226 1515 3282 etiamsi
1544 3227 1724 3282 omnia
1750 3226 1851 3285 sibi
1881 3241 2096 3297 compa-

518 3334 674 3392 rent,
706 3324 883 3394 inopia
913 3323 1174 3378 laborant.
1204 3322 1493 3393 Quousque
1528 3321 1806 3378 dementes
1847 3322 2048 3379 erimus
2073 3324 2098 3378 ?

520 3436 627 3475 non
654 3418 785 3473 satis
815 3416 969 3472 vobis
998 3416 1207 3472 videtur
1244 3414 1313 3471 ad
1355 3416 1674 3486 supplicium
1698 3416 1849 3473 vobis
1874 3431 2096 3487 compa-

519 3511 765 3574 randum,
797 3509 939 3580 quod
964 3508 1172 3564 nullum
1202 3522 1337 3577 opus
1358 3506 1535 3585 editis,
1566 3506 1667 3562 nisi
1689 3507 1939 3564 damnum
1966 3507 2098 3563 illud

518 3603 672 3660 vobis
704 3601 1049 3668 contrahatis,
1079 3600 1220 3671 quod
1253 3599 1321 3656 de
1340 3599 1460 3656 aliis
1491 3599 1823 3657 detrahendo
1843 3601 2099 3657 accedit?

519 3696 731 3752 Etenim
756 3695 802 3749 si
831 3703 883 3748 tu
905 3693 1066 3749 etiam
1093 3707 1262 3760 esses,
1294 3692 1383 3762 qui
1412 3707 1473 3747 ea
1501 3707 1621 3762 qua:
1646 3691 1807 3748 habet
1828 3693 2101 3748 sacerdoti

520 3786 782 3851 dedisses,
813 3794 990 3839 tamen
1019 3799 1085 3841 eo
1110 3783 1229 3853 ipso
1258 3782 1559 3839 mercedem
1580 3783 1925 3854 perdidisses,
1956 3785 2098 3855 quod

521 3892 585 3933 ea
615 3879 668 3932 in
698 3876 900 3933 crimen
940 3889 1161 3930 vocares
1182 3916 1197 3942 ,
1225 3890 1345 3945 qua:
1371 3882 1426 3929 ttt
1452 3874 1565 3944 ipse
1611 3875 1852 3931 dedisses
1878 3894 1893 3932 :
1923 3877 2099 3931 omni-

522 3985 704 4039 noque
733 3968 779 4023 si
812 3977 869 4023 tu
899 3966 1090 4022 dedisti
1116 4007 1132 4031 ,
1162 3966 1287 4037 quid
1312 3966 1657 4021 criminaris?
1685 3968 1854 4022 Antea
1886 3968 2099 4037 quidem

523 4077 811 4135 pauperem
856 4060 1005 4115 illum
1044 4059 1209 4114 fuisse
1248 4059 1481 4125 testaris,
1513 4058 1643 4125 Quae.
1688 4058 1867 4125 habet,
1899 4059 2098 4129 inquis,

523 4170 627 4226 ego
669 4153 788 4209 dedi
822 4170 835 4205 :
868 4151 992 4223 quid
1034 4165 1163 4221 ergo
1212 4148 1558 4204 criminaris?
1598 4150 1838 4204 Dandum
1886 4150 2103 4206 minime

523 4248 720 4309 fuerat.
750 4245 796 4300 si
822 4258 943 4299 eras
973 4243 1023 4297 in
1050 4243 1254 4297 crimen
1277 4249 1580 4295 vocaturos.
1605 4242 1675 4295 At
1702 4255 1823 4296 cum
1846 4241 1984 4296 alter
2010 4241 2104 4296 de-
2178 4300 2181 4303 η

519 4339 620 4403 dit,
649 4340 750 4393 ista
780 4335 963 4393 dicis?
989 4334 1214 4391 Gravius
1250 4347 1378 4387 sane
1398 4331 1652 4387 delictum
1674 4371 1689 4397 ,
1716 4345 1837 4385 cum
1864 4339 1918 4386 tu
1947 4332 2107 4385 mini-

522 4447 611 4488 me
644 4429 858 4486 dederis
880 4469 896 4496 ,
927 4428 1149 4482 alterius
1193 4425 1468 4480 benefacta
1509 4422 1800 4477 criminari.
1840 4421 2102 4489 Quantam

522 4520 647 4576 illos
692 4518 995 4575 mercedem
1030 4531 1250 4572 manere
1278 4525 1452 4584 putas,
1480 4514 1570 4584 qui
1611 4513 1797 4569 isthazc
1837 4512 2105 4569 audiunt?

527 4615 627 4671 Dei
651 4615 792 4668 enim
817 4626 978 4667 causa
1005 4610 1120 4665 hinc
1141 4609 1433 4680 patiuntur.
1458 4606 1595 4675 Quid
1618 4607 1687 4662 ita
1712 4608 1736 4659 ἐ’
1762 4606 2034 4673 Poterant,
2057 4608 2105 4661 si

526 4712 843 4775 voluissent,
876 4724 1145 4779 caupones
1174 4708 1310 4775 ﬁeri,
1343 4708 1553 4763 tametsi
1585 4707 1713 4762 nihil
1743 4707 1848 4763 illis
1874 4722 1903 4760 a
1930 4707 2106 4777 majo-

526 4806 676 4861 ribus
708 4804 952 4859 relictum
972 4808 1135 4858 esset.
1166 4800 1297 4855 Nam
1322 4809 1378 4856 et
1407 4798 1521 4855 haec
1546 4799 1741 4854 multos
1767 4798 2106 4871 impudenter

526 4897 769 4952 dicentes
806 4893 982 4959 audio,
1032 4895 1075 4948 si
1123 4892 1335 4963 quando
1375 4907 1474 4947 nos
1501 4892 1572 4946 ita
1601 4890 1828 4947 dicimus
1852 4933 1868 4958 ,
1902 4891 1999 4947 ilic
2020 4892 2105 4947 vel

530 4988 624 5043 ille
665 5000 867 5057 pauper
894 4994 977 5040 cst
1004 5002 1018 5039 :
1049 4984 1284 5051 Poterat,
1327 4983 1590 5054 inquiunt,
1631 4983 1674 5037 si
1718 4984 1994 5048 voluisset,
2037 4983 2104 5038 ad

527 5078 741 5133 divitias
762 5074 1063 5147 pervenire.
1090 5073 1290 5129 Deinde
1315 5073 1665 5128 contumelias
1691 5072 1931 5139 addunt,
1962 5075 2109 5130 Avus

524 5169 681 5225 istius
707 5179 761 5225 ct
782 5170 982 5223 abavus
1005 5166 1140 5221 tales
1161 5165 1396 5230 fuerunt,
1424 5164 1511 5219 hic
1536 5180 1664 5220 vero
1686 5180 1825 5220 nunc
1849 5165 1939 5219 tali
1962 5176 2109 5219 veste

527 5262 748 5317 indutus
795 5268 899 5316 est.
948 5258 1054 5314 Sed
1098 5256 1268 5328 quid?
1314 5257 1400 5312 dic
1440 5255 1606 5321 mihi;
1638 5255 1913 5311 nudumne
1959 5256 2106 5309 illum

530 5352 815 5409 circumire
844 5348 1120 5420 oportuit?
1160 5348 1303 5418 Ergo
1348 5348 1448 5402 ista
1493 5348 1708 5417 quidem
1741 5357 1795 5401 tu
1838 5346 2109 5401 subtiliter

530 5444 596 5499 ad
624 5444 861 5499 calculos
888 5456 1140 5503 revocas;
1166 5439 1259 5495 sed
1288 5440 1406 5494 vide
1435 5454 1503 5495 ne
1530 5448 1714 5493 contra
1741 5438 1968 5509 teipsum
1994 5438 2109 5493 haec

528 5536 679 5591 dicas
709 5553 723 5589 ε
755 5544 916 5604 atque
941 5532 1064 5586 audi
1093 5532 1239 5586 illam
1267 5530 1467 5585 Christi
1503 5528 1922 5584 admonitionem
1944 5572 1957 5595 ,
1992 5528 2108 5584 No—

531 5627 618 5681 lite
636 5627 896 5696 judicare.
929 5634 976 5678 et
1005 5641 1104 5677 non
1125 5623 1484 5693 judicabimini
1513 5622 1727 5694 (Matth.
1754 5624 1809 5677 7.
1840 5623 1917 5693 1).
1950 5622 2111 5677 Pote-

531 5731 616 5776 rat
640 5720 819 5789 igitur,
844 5719 891 5774 si
926 5718 1201 5782 voluisset,
1241 5716 1618 5786 cauponariam
1644 5730 1707 5769 ac
1746 5726 2107 5770 mercaturam

534 5827 807 5875 exercere,
833 5812 1155 5879 omninoque
1181 5824 1287 5863 non
1311 5809 1577 5879 eguisset;
1618 5809 1711 5864 sed
1740 5809 1929 5863 noluit.
1962 5808 2098 5874 Quid

538 5904 716 5976 igitur,
757 5916 963 5972 quaeso,
1007 5899 1274 5956 Iucratur?
1302 5916 1429 5955 num
1458 5902 1642 5957 sericis
1673 5901 1905 5955 induitur
1938 5901 2096 5954 vcsti-

1207 451 1265 508 s.
1305 422 1583 508 JDANNIS
1611 432 2077 500 CIIRYSOSTUMI
2117 431 2431 489 ARCIIIEP.
2468 429 3001 490 CONSTANTINOP.
3603 439 3679 497 εδ.

2195 548 2335 603 bus?
2359 563 2485 616 num
2513 557 2835 603 sectatorum
2864 541 3255 599 multitudinem
3283 556 3375 612 per
3401 542 3549 599 forum
3573 546 3680 601 inrc-

2187 641 2320 696 dens
2344 639 2734 696 circumducit?
2760 655 2885 694 nttm
2916 653 3053 708 equo
3077 635 3320 692 vehitur?
3339 652 3459 692 mtm
3481 637 3598 694 ades
3618 656 3684 695 ex-

2188 735 2367 801 struit,
2410 733 2612 790 habens
2651 732 2741 788 ubi
2773 732 3008 787 habitet?
3035 729 3093 787 Si
3124 730 3239 785 haec
3267 729 3422 795 facit,
3448 745 3537 800 ego
3566 734 3683 787 etiam

2190 825 2546 895 reprehendo,
2590 838 2767 894 neque
2794 823 2867 877 illi
2908 837 3092 893 parco,
3138 821 3233 876 sed
3273 821 3549 877 sacerdotio
3583 824 3683 880 indi-

2188 931 2348 987 gnum
2391 930 2512 971 esse
2539 913 2766 969 affimto.
2796 912 2925 967 Nam
2950 911 3217 983 quomodo
3244 926 3455 967 monere
3487 912 3596 967 alios
3616 930 3685 984 po-

2188 1008 2351 1076 terit,
2397 1022 2467 1063 ne
2504 1006 2664 1063 rebus
2692 1006 2809 1061 istis
2837 1004 3110 1060 inutilibus
3138 1014 3359 1068 vacent,
3388 1003 3472 1073 qui
3511 1005 3687 1074 seipsum

2190 1115 2409 1156 monere
2449 1114 2557 1154 non
2604 1096 2817 1169 potest?
2855 1096 2948 1152 Sin
2978 1105 3156 1151 autem
3184 1093 3324 1166 quod
3366 1095 3513 1150 rebus
3539 1105 3687 1154 tantum

2189 1193 2257 1247 ad
2285 1192 2444 1246 vitam
2476 1190 2793 1247 necessariis
2817 1204 2923 1245 non
2952 1198 3091 1259 eget,
3125 1189 3228 1243 hoc
3251 1187 3365 1258 ipso
3394 1188 3556 1258 inique
3584 1191 3687 1260 agit;

2190 1299 2261 1338 an
2305 1283 2478 1353 ipsum
2521 1281 2802 1337 circumire
2840 1279 3140 1350 oportebat.
3187 1286 3241 1334 et
3285 1277 3595 1334 mendicare?
3624 1296 3691 1335 nec

2190 1373 2474 1445 quidquam
2507 1382 2594 1440 te,
2624 1388 2659 1429 ο
2686 1371 2979 1441 discipule,
3026 1369 3285 1442 puderet?
3326 1370 3403 1425 Ac
3439 1368 3481 1424 si
3516 1371 3690 1426 Caritatis

2191 1474 2343 1535 pater
2365 1464 2416 1519 id
2438 1464 2617 1530 faciat,
2647 1462 2882 1519 dedecus
2911 1477 3160 1533 magnum
3188 1470 3372 1531 putes;
3401 1461 3477 1515 sin
3499 1461 3691 1529 spiritus-

2191 1558 2259 1614 lis
2287 1573 2351 1612 eo
2374 1556 2701 1613 descendere
2725 1565 2947 1626 cogatur
2963 1594 2979 1621 ,
3011 1570 3113 1609 non
3152 1554 3437 1610 erubesces
3458 1595 3472 1620 ,
3502 1568 3639 1623 neque
3659 1564 3693 1609 te

2192 1649 2426 1706 tenebris
2468 1647 2768 1704 abdendum
2798 1646 3046 1718 putabis?
3088 1645 3321 1700 Dedecus
3359 1644 3505 1710 enim,
3543 1644 3691 1715 inquit,

2193 1743 2416 1812 ﬁliorum
2442 1751 2585 1813 pater
2620 1742 2730 1797 sine
2757 1741 2946 1795 honore
2983 1738 3177 1813 (Eccli.
3204 1740 3255 1794 5.
3288 1738 3402 1807 15).
3433 1737 3555 1804 Quid
3575 1738 3693 1808 ergo?

2193 1833 2523 1906 pereundum
2555 1832 2630 1889 illi
2677 1832 2817 1887 fame
2857 1831 3069 1886 fuerat?
3113 1829 3308 1885 Verum
3341 1843 3506 1898 neque
3542 1828 3622 1884 hoc
3647 1831 3693 1898 pii

2193 1925 2425 1980 hominis
2466 1933 2575 1991 est;
2617 1938 2791 1994 neque
2833 1922 2976 1978 enim
3024 1921 3280 1992 probatur
3323 1920 3451 1976 Deo.
3493 1918 3694 1974 Caeterum

2192 2016 2408 2088 quando
2453 2017 2567 2071 haec
2606 2015 2862 2071 adversus
2890 2015 3019 2070 istos
3054 2013 3348 2073 ati'erimus,
3381 2012 3545 2068 subito
3572 2012 3696 2081 philo-

2194 2108 2489 2179 sophantur
2519 2125 2533 2162 :
2565 2106 2824 2177 scriptum
2848 2115 2964 2171 est,
2998 2105 3281 2175 inquiunt,
3312 2101 3482 2157 Nolite
3508 2104 3698 2173 possidat

2195 2217 2393 2267 aurum,
2423 2215 2579 2269 neque
2607 2208 2894 2269 argentum,
2919 2212 3078 2265 neque
3106 2195 3234 2250 duas
3264 2194 3480 2255 tunicas,
3505 2210 3632 2261 neque
3652 2210 3700 2247 trs

2194 2297 2248 2349 in
2270 2295 2412 2349 zonis
2436 2293 2609 2347 vestris
2632 2333 2646 2357 ,
2674 2307 2833 2361 neque
2856 2291 3048 2361 virgam
3081 2288 3296 2359 (Matth.
3325 2287 3414 2342 10.
3440 2287 3509 2354 9).
3537 2287 3588 2340 lli
3610 2301 3700 2341 vero

2197 2397 2347 2441 terna
2375 2393 2430 2440 et
2457 2384 2714 2453 quaterna
2740 2381 2939 2437 habent
2965 2380 3280 2435 vestimenta
3305 2420 3322 2445 ,
3348 2388 3404 2433 et
3430 2379 3579 2433 lectos
3610 2392 3699 2432 con-

2195 2485 2410 2533 stratos.
2442 2475 2536 2530 Hei
2562 2473 2727 2530 mihi!
2757 2488 2921 2543 cogor
2947 2488 3046 2542 ego
3072 2486 3214 2527 nunc
3237 2472 3537 2540 suSpirare,
3561 2484 3612 2524 ac
3634 2471 3701 2524 nisi

2196 2567 2327 2624 mihi
2360 2566 2611 2624 decorum
2653 2566 2907 2622 tuendum
2938 2574 3103 2631 esset,
3144 2563 3338 2619 multas
3363 2563 3516 2619 etiam
3542 2562 3703 2633 profun-

2196 2660 2378 2717 derem
2420 2661 2702 2731 Iacrymas.
2744 2655 2891 2713 Cur?
2915 2657 3175 2726 Quoniam
3203 2657 3256 2711 in
3305 2656 3525 2711 aliorum
3548 2654 3703 2725 quidem

2196 2754 2429 2811 festucas
2468 2753 2604 2809 adeo
2641 2752 2923 2824 diligenter
2972 2752 3291 2821 inquirimus
3318 2792 3335 2817 ,
3382 2758 3577 2805 nostras
3615 2763 3705 2803 vero

2198 2848 2397 2911 trabes.
2420 2862 2553 2918 quas
2570 2847 2624 2901 in
2650 2846 2818 2902 oculis
2845 2844 3104 2899 habemus
3120 2884 3136 2909 ,
3163 2858 3230 2899 ne
3250 2844 3510 2900 sentimus
3528 2841 3704 2911 quidem.

2198 2940 2295 2995 Dic
2338 2939 2490 3003 mihi,
2537 2952 2634 2993 cur
2680 2936 2865 2993 istbmc
2904 2936 2997 2991 tibi
3027 2935 3126 3006 ipsi
3168 2931 3275 2990 non
3307 2934 3477 2990 dicis?
3511 2933 3707 3002 Quoniam

2200 3033 2321 3099 hoc,
2350 3031 2541 3103 inquit,
2571 3030 2841 3102 magistris
2869 3028 3146 3084 dumtaxat
3166 3037 3489 3097 praeceptum
3509 3034 3595 3081 est.
3614 3024 3709 3093 Ergo

2198 3142 2318 3183 cum
2352 3125 2545 3181 Paulus
2574 3124 2742 3196 inquit
2765 3165 2780 3189 ,
2815 3122 3068 3178 Habentes
3092 3122 3338 3176 alimenta
3361 3131 3410 3176 et
3434 3120 3593 3191 quibus
3612 3131 3709 3188 tega-

2200 3235 2313 3275 ntur
2332 3261 2348 3287 ,
2376 3220 2454 3275 his
2482 3218 2703 3274 contenti
2728 3217 2886 3271 simus
2910 3215 3002 3289 (1.
3028 3214 3160 3270 Tim.
3190 3214 3243 3270 6.
3273 3213 3377 3285 8),
3406 3212 3471 3268 ad
3496 3212 3618 3267 solos
3635 3224 3710 3264 tn:-

2200 3314 2396 3386 gistros
2428 3312 2587 3367 verba
2614 3309 2779 3366 facit?
2801 3308 3050 3375 Minime;
3075 3306 3169 3362 sed
3197 3306 3266 3361 ad
3295 3321 3484 3362 omnes
3510 3304 3709 3360 homines.

2204 3407 2365 3478 quue
2390 3404 2519 3461 satis
2547 3402 2830 3467 constabit,
2849 3402 2892 3455 si
2919 3416 2949 3455 a
2969 3400 3142 3469 capite
3171 3399 3350 3454 locum
3376 3398 3516 3453 illum
3533 3398 3712 3465 impexi-

2204 3499 2371 3553 rimus
2404 3515 2417 3551 :
2448 3512 2572 3551 nam
2601 3511 2721 3550 cum
2749 3494 2991 3561 dixisset,
3012 3492 3104 3547 Est
3128 3502 3298 3547 autem
3320 3502 3539 3563 quaestus
3560 3504 3713 3557 magnis

2203 3591 2362 3660 pietas
2388 3605 2501 3642 cum
2539 3587 2869 3658 sufﬁcientia;
2908 3600 2972 3640 ac
3010 3583 3205 3640 deinde
3247 3582 3574 3646 addidisset,
3611 3578 3714 3633 Nihil

2203 3684 2336 3739 enim
2362 3680 2623 3735 intulimus
2662 3681 2715 3734 in
2753 3680 2888 3732 hunc
2926 3676 3204 3742 mundum,
3245 3675 3391 3729 haud
3418 3675 3603 3728 dubium
3623 3671 3714 3742 quod

2203 3792 2293 3830 nec
2316 3774 2518 3843 auferre
2552 3771 2675 3842 quid
2700 3786 3006 3841 possumus;
3033 3769 3291 3825 continuo
3326 3768 3583 3838 subjunin
3602 3807 3615 3831 ,
3639 3762 3715 3817 Ha-

2207 3870 2374 3923 bentes
2400 3874 2565 3919 autem
2591 3864 2833 3918 alimenta
2860 3871 2907 3915 et
2940 3861 3119 3932 quibus
3155 3870 3392 3930 tegantur
3414 3901 3430 3927 ,
3462 3860 3534 3913 his
3557 3854 3717 3910 contenti

2204 3960 2382 4014 simus.
2410 3956 2509 4023 Qui
2539 3965 2708 4010 autem
2731 3954 2904 4009 volunt
2929 3952 3109 4007 divites
3135 3951 3269 4021 ﬁeri,
3297 3952 3530 4005 incidunt
3548 3949 3719 4002 intam-

2205 4060 2391 4113 tionem
2418 4064 2465 4110 et
2503 4055 2757 4123 laqueum,
2794 4060 2842 4105 et
2876 4049 3126 4105 desideria
3162 4048 3327 4102 multa
3356 4047 3510 4102 stulta
3533 4054 3574 4099 et
3596 4040 3718 4096 nociva

2206 4149 2370 4222 (Ibid.
2398 4164 2447 4202 υ.
2471 4146 2524 4202 6.
2556 4143 2634 4215 9).

2278 4243 2333 4299 5.
2369 4240 2532 4297 Vides
2559 4238 2624 4293 ad
2653 4250 2840 4292 omnes
2877 4235 3170 4291 orationem
3206 4232 3435 4289 haberi?
3459 4228 3582 4300 Quid
3606 4239 3717 4291 vero,

2208 4350 2330 4391 cum
2374 4348 2559 4389 rursus
2589 4330 2796 4400 inquit,
2821 4327 3003 4385 Carnis
3030 4343 3204 4381 curam
3230 4342 3294 4380 ne
3320 4325 3540 4395 feceritis
3565 4328 3609 4375 in
3629 4319 3720 4371 desi-

2209 4426 2362 4482 deriis
2389 4424 2563 4497 (Rom.
2592 4423 2680 4478 15.
2722 4422 2851 4492 id);
2882 4434 3064 4475 nonne
3099 4417 3351 4474 omnibus
3389 4414 3651 4488 generatim
3672 4411 3721 4462 lo-

2209 4517 2427 4590 quitur?
2451 4514 2578 4586 quid
2608 4528 2759 4579 vero,
2791 4527 2913 4567 cum
2943 4510 3149 4580 inquit,
3178 4508 3315 4562 Esca
3342 4508 3522 4573 ventri,
3548 4515 3589 4560 et
3612 4512 3724 4556 mur

2210 4611 2336 4665 escis
2374 4624 2391 4661 :
2418 4606 2555 4662 Deus
2580 4615 2750 4659 autem
2774 4612 2821 4658 et
2856 4603 2990 4657 hunc
3016 4612 3065 4656 et
3089 4602 3181 4654 has
3210 4600 3439 4654 destruet
3464 4599 3550 4669 (f.
3576 4594 3666 4650 Cor.
3687 4590 3720 4643 6.

2212 4700 2301 4773 i3)
2323 4700 2347 4755 ?
2372 4699 2496 4770 quid
2526 4712 2676 4763 vero,
2708 4695 2793 4750 ubi
2823 4694 3015 4764 inquit,
3050 4692 3178 4757 Qua:
3197 4692 3249 4745 in
3274 4690 3477 4745 deliciis
3497 4698 3595 4750 est,
3614 4688 3724 4737 nam

2211 4802 2413 4848 mortua
2433 4799 2525 4854 est,
2558 4789 2625 4843 de
2650 4787 2807 4841 vidua
2838 4784 3101 4855 loquens?
3131 4797 3257 4837 num
3290 4780 3524 4836 fortasse
3548 4786 3597 4832 et
3620 4773 3725 4828 vidua

2212 4884 2465 4955 magister
2504 4880 2630 4936 est?
2674 4894 2849 4933 annon
2887 4879 3000 4947 ipse
3031 4876 3148 4940 fuit,
3191 4874 3280 4945 qui
3312 4874 3386 4928 ita
3417 4873 3564 4936 dixit,
3590 4868 3729 4924 Dom!

2213 4986 2382 5030 autem
2417 4973 2616 5028 mulieri
2644 4989 2745 5026 non
2784 4972 3038 5041 permitto,
3072 4984 3229 5037 neque
3255 4966 3513 5019 dominari
3548 4965 3595 5016 in
3615 4960 3728 5014 sirm

2218 5046 2454 5141 (L’Ttm.
2483 5068 2536 5122 5.
2567 5064 2621 5120 6.
2652 5074 2698 5118 et
2722 5063 2776 5116 2.
2811 5062 2897 5130 te)
2920 5062 2944 5114 τι
2968 5060 3117 5127 Quod
3148 5060 3192 5113 si
3234 5058 3393 5113 vidua
3415 5100 3433 5124 ,
3467 5055 3549 5111 ubi
3576 5058 3729 5107 etzus

2214 5160 2429 5223 senilis;
2472 5164 2721 5211 senectus
2750 5156 2891 5208 enim
2918 5167 3111 5221 magno
3145 5159 3266 5221 eget
3290 5149 3575 5218 obsequio,
3601 5152 3644 5198 ct
3669 5152 3731 5190 na-

2216 5261 2333 5305 tura
2365 5251 2513 5320 ipsa;
2548 5246 2806 5302 muliebre
2827 5246 2967 5300 enim
2998 5258 3166 5313 genus
3195 5243 3403 5310 majore
3432 5247 3549 5309 eget
3574 5230 3730 5291 solatio,

2216 5346 2337 5416 quia
2364 5345 2631 5398 infirmum
2669 5350 2753 5396 est
2781 5359 2795 5395 :
2828 5340 3006 5411 igitur,
3039 5340 3081 5394 si
3116 5339 3207 5394 ubi
3236 5348 3368 5393 aetas
3398 5346 3452 5392 et
3482 5342 3643 5389 natura
3664 5325 3732 5380 ob-

2217 5439 2409 5501 stabat,
2440 5435 2659 5491 miuime
2689 5442 2866 5488 tamen
2899 5432 3040 5487 illam
3072 5432 3197 5487 sinit
3225 5430 3456 5485 delicate
3481 5436 3533 5482 et
3558 5422 3733 5479 molliter

2218 5530 2422 5590 vivere,
2468 5527 2561 5580 sed
2611 5526 2770 5579 etiam
2820 5532 3081 5577 mortuam
3129 5536 3249 5576 esse
3276 5519 3448 5589 inquit
3479 5519 3610 5588 (non
3633 5510 3733 5565 attint

2221 5630 2421 5674 tantum
2451 5618 2622 5680 dixit,
2655 5616 2731 5671 Nc
2756 5615 2986 5670 delicate
3012 5615 3174 5678 vivat,
3216 5611 3330 5679 sed,
3364 5609 3495 5677 Qua:
3521 5609 3570 5660 in
3593 5599 3735 5657 deliciis

2219 5725 2312 5778 est,
2336 5727 2501 5766 vivens
2527 5720 2725 5765 mortua
2744 5719 2852 5773 est;
2879 5723 3106 5778 eamque
3134 5722 3166 5762 e
3191 5704 3367 5761 medio
3390 5708 3630 5759 removit;
3650 5706 3737 5749 nam

2221 5820 2339 5873 qua:
2359 5815 2565 5857 mortua
2594 5812 2698 5868 est,
2730 5817 2762 5856 e
2792 5801 2967 5855 medio
2992 5800 3196 5855 sublata
3218 5794 3337 5868 est)
3367 5815 3382 5851 :
3408 5809 3560 5866 quam
3580 5786 3739 5843 veniam

2229 5897 2441 5952 habebit
2466 5896 2624 5952 homo
2649 5910 2712 5951 ea
2737 5894 2954 5959 faciens,
2978 5906 3203 5966 quorum
3227 5904 3385 5948 causa
3414 5886 3591 5944 mulier
3610 5883 3741 5936 vetula
