3974 6502
238 413 343 468 251

236 531 340 597 τῆς
364 528 785 600 εὐγνωμοσύνης
807 541 819 556 ·
844 527 913 581 τά
931 528 985 580 δὲ
1009 530 1159 599 παρά
1184 530 1437 594 ἑκόντων,
1462 531 1556 583 καὶ
1575 529 1649 592 ὡς
1672 524 1823 596 παρὰ

235 618 581 687 ἐλευθέρων,
616 619 794 671 πάντα
842 618 1252 687 ἐλλιμπάνεται.
1297 619 1371 672 Ού
1414 618 1559 672 κατὰ
1603 618 1821 671 πάντων

235 708 407 777 λέγω,
433 709 571 763 ἀλλά
606 709 747 763 κατά
790 709 899 762 τῶν
938 710 1005 763 τά
1047 709 1359 780 τελέσματα
1387 710 1560 764 ταῦτα
1592 710 1823 776 ἐγκατα-

232 800 644 870 λιμπανόντων.
679 802 769 872 Μὴ
805 800 915 873 γάρ
967 802 1065 855 οὐκ
1114 802 1345 873 ἠδύνατο
1380 804 1409 856 6
1434 803 1565 866 Θεὸς
1608 803 1821 871 ἀνάγκῃ

231 893 416 945 ταῦτα
447 895 659 957 ποιεῖν;
694 893 911 947 Ἀλλ⁹ού
941 892 1190 963 βούλεται
1215 912 1228 925 ·
1262 895 1420 966 ὑμῶν
1450 895 1557 967 γάρ
1584 895 1821 965 φείδεται

236 984 469 1053 μᾶλλον,
486 984 519 1055 ἢ
535 983 644 1036 τῶν
662 984 1031 1055 τρεφομένων.
1045 985 1144 1038 Διά
1158 984 1317 1038 τοῦτο
1333 986 1476 1056 ὑμᾶς
1491 987 1591 1039 οὐκ
1607 984 1822 1057 ἀνάγκῃ

234 1074 496 1142 βούλεται
528 1073 898 1138 κατατιθέναι,
940 1074 1130 1147 ἐπειδὴ
1167 1079 1268 1128 οὐκ
1300 1075 1416 1129 ἔστι
1467 1075 1678 1146 μισθός.
1711 1077 1822 1128 Καὶ

230 1166 389 1234 ὅμως
414 1165 601 1219 πολλοὶ
626 1166 733 1219 τῶν
760 1165 1014 1231 ἐνταῦθα,
1037 1167 1146 1219 τῶν
1193 1167 1461 1221 Ἰουδαίων
1494 1168 1601 1221 εἰσί
1630 1185 1821 1221 ταπει-

230 1258 473 1328 νότεροι.
519 1256 799 1328 Ἐννόησον
828 1259 930 1312 ὅσα
967 1259 1208 1312 Ἰουδαῖοι
1247 1259 1518 1325 ἐδίδοσαν,
1565 1259 1817 1325 δεκάτας,

228 1349 519 1419 ἀπαρχὰς,
554 1348 717 1401 πάλιν
744 1348 999 1413 δεκάτας,
1031 1349 1125 1402 καὶ
1166 1349 1331 1403 πάλιν
1365 1350 1532 1414 ἄλλας
1563 1350 1817 1413 δεκάτας,

230 1441 330 1493 καὶ
359 1441 524 1493 πάλιν
549 1440 743 1509 ἐτέρας
775 1440 1257 1511 τρισκαιδεκάτας,
1284 1442 1378 1495 καὶ
1403 1442 1465 1495 τὸ
1491 1442 1699 1495 σίκλον·
1726 1442 1820 1495 καὶ

226 1531 415 1594 οὐδεὶς
446 1530 651 1600 ἔλεγεν,
673 1532 754 1584 ὅτι
774 1530 942 1585 πολλά
965 1531 1361 1587 κατεσθίουσιν.
1381 1532 1530 1605 Ὅσῳ
1555 1534 1620 1587 ἂν
1645 1532 1819 1585 πλείο-

226 1641 297 1674 να
354 1623 568 1677 λάϐωσι
594 1665 608 1687 ,
642 1623 883 1695 τοσούτῳ
914 1624 1008 1678 καὶ
1055 1624 1257 1677 πλείων
1283 1627 1311 1678 6
1342 1624 1551 1695 μισθός.
1572 1626 1685 1678 Οὐκ
1712 1624 1819 1676 ἔλε-

225 1728 351 1779 γον,
394 1714 571 1767 Πολλά
610 1714 971 1785 λαμϐάνουσι,
1002 1713 1383 1786 γαστρίζονται
1407 1756 1423 1780 ,
1453 1716 1488 1770 ἀ
1513 1715 1610 1769 νῦν
1637 1716 1820 1771 ἀκούω

224 1804 508 1872 λεγόντων
526 1806 706 1861 τινῶν.
737 1807 845 1860 Καὶ⁸
866 1807 915 1860 οἱ
941 1807 1039 1876 μὲν
1065 1806 1481 1876 οἰκοδομοῦντες
1508 1807 1703 1870 οἰκίας,
1726 1808 1820 1861 καὶ

226 1896 444 1966 ἀγροὺς
464 1895 603 1949 ὡνού
612 1915 785 1969 μενοι,
806 1897 957 1951 οὐδὲν
978 1898 1237 1969 ἡγοῦνται
1261 1897 1423 1969 ἔχειν·
1446 1897 1512 1952 ἂν
1527 1898 1583 1952 δέ
1604 1916 1687 1963 τις
1710 1899 1818 1952 τῶν

230 1989 437 2059 ἱερέων
456 1988 836 2060 λαμπρότερον
855 1989 1069 2059 ἰμάτιον
1091 1990 1474 2061 περιϐάληται,
1490 1991 1524 2060 ἢ
1543 1989 1640 2060 τῆς
1659 1992 1819 2059 ἀναγ-

224 2081 401 2145 καίας
417 2081 699 2153 εὐπορήσῃ
718 2081 945 2153 τροφῆς,
974 2083 1008 2152 ἢ
1030 2080 1121 2135 τὸν
1149 2079 1561 2152 διακονούμενον
1583 2081 1701 2153 ἔχῃ,
1731 2082 1818 2134 ἵνα

228 2173 307 2244 μὴ
343 2172 729 2244 ἀναγκάζηται
758 2172 920 2236 αὐτὸς
945 2174 1299 2244 ἀσχημονεῖν,
1330 2172 1561 2225 πλοῦτον
1581 2174 1642 2226 τὸ
1673 2175 1817 2245 πρᾶ-

226 2282 349 2334 γμα
388 2264 653 2318 τίθενται.
677 2266 885 2327 Ὄντως
909 2263 1247 2333 πλουτοῦμεν
1275 2265 1369 2317 καὶ
1394 2266 1453 2316 ἐν
1470 2262 1699 2327 τούτοις,
1721 2263 1819 2318 καὶ

225 2360 464 2421 ἄκοντες
484 2356 857 2427 ὁμολογοῦσιν.
899 2356 1088 2427 Ἡμεῖς
1114 2355 1214 2426 μὲν
1235 2357 1343 2428 γὰρ
1367 2356 1468 2409 κᾶν
1488 2355 1659 2426 μικρά
1683 2354 1819 2426 ἐχω-

225 2465 357 2517 μεν,
378 2448 719 2517 πλουτοῦμεν
733 2463 749 2480 ·
775 2449 971 2501 ἐκεῖνοι
990 2432 1052 2500 δὲ
1070 2447 1174 2501 κᾶν
1197 2448 1375 2502 πάντα
1390 2446 1814 2518 περιϐάλωνται,

223 2543 513 2595 πένονται.
557 2540 740 2610 Μέχρι
776 2538 921 2602 τίνος
960 2539 1386 2609 ἀνοηταίνομεν;
1422 2540 1523 2592 οὐκ
1551 2540 1713 2610 ἀρκεῖ
1757 2538 1818 2591 τὸ

224 2633 405 2704 μηδὲν
426 2633 601 2685 ποιεῖν
623 2632 705 2695 εἰς
726 2630 949 2684 κόλασιν
971 2629 1121 2699 ὑμῖν,
1151 2629 1289 2683 ἀλλά
1320 2630 1425 2701 χρὴ
1463 2630 1558 2684 καὶ
1577 2630 1676 2701 τὴν
1706 2629 1816 2685 ἀπὸ

221 2728 326 2797 τῆς
354 2723 701 2795 κακηγορίας
727 2721 1071 2794 προστιθέναι
1102 2721 1343 2792 ζημίαν;
1377 2722 1439 2775 El
1470 2722 1570 2793 μὲν
1591 2722 1700 2793 γάρ
1722 2723 1817 2775 αύ-

221 2821 318 2881 τὸς
365 2818 579 2879 ἔδωκας
629 2814 801 2885 αὐτῷ,
840 2814 984 2885 άπερ
1024 2814 1308 2885 κέκτηται,
1357 2816 1449 2868 τὸν
1484 2814 1675 2885 μισθὸν
1712 2816 1816 2868 άπ-

222 2912 463 2975 ώλεσας,
484 2910 625 2981 ὑπὲρ
649 2903 723 2962 ὧν
761 2909 965 2971 ἔδωκας
997 2908 1265 2977 ἐγκαλῶν·
1283 2909 1419 2972 ὅλως
1443 2909 1499 2962 δὲ
1526 2910 1575 2961 εί
1596 2910 1660 2962 σὺ
1683 2908 1812 2960 ἔδω-

223 3021 353 3067 κας,
400 3003 452 3054 τί
501 3000 786 3070 ἐγκαλεῖς;
834 3001 1105 3071 Πρότερον
1138 2999 1238 3069 μὲν
1280 2995 1375 3053 οὖν
1427 2999 1577 3069 αὐτῷ
1624 3001 1817 3054 πενίαν

220 3093 441 3165 ὲμαρτύ
452 3110 586 3162 ρεις,
604 3091 780 3160 λέγων
804 3091 947 3162 άπερ
969 3091 1085 3162 ἔχει
1112 3090 1403 3144 δεδωκέναι
1426 3090 1587 3155 αὐτός
1606 3106 1619 3119 ·
1642 3091 1694 3144 τί
1716 3092 1817 3144 τοίο

222 3204 321 3240 νυν
346 3178 632 3253 ἐγκαλεῖς;
658 3184 773 3237 Οὐκ
794 3184 964 3253 ἐχρῆν
991 3182 1196 3247 δοῦναι,
1223 3184 1277 3236 εί
1302 3200 1363 3251 γε
1395 3182 1619 3252 ἔμελλες
1647 3185 1812 3251 ἐγκα-

221 3279 363 3333 λεῖν.
383 3278 526 3330 Ἀλλ’
558 3276 747 3346 ἐτέρου
772 3275 952 3338 δόντος
978 3275 1151 3327 ταῦτα
1180 3274 1390 3343 λέγεις;
1421 3273 1815 3343 Χαλεπὼτερον

220 3372 285 3425 τὸ
315 3372 580 3442 πρᾶγμα,
612 3371 695 3421 ὅτι
728 3369 847 3421 οὐδὲ
872 3368 1046 3431 διδοὺς
1078 3367 1330 3435 ἐγκαλεῖς
1353 3367 1492 3436 ὑπὲρ
1524 3360 1598 3419 ὧν
1628 3366 1814 3436 ἕτερος

222 3465 380 3517 ποιεῖ
422 3460 506 3516 εὖ.
555 3462 727 3514 Πόσον
758 3460 861 3513 οίει
903 3460 1028 3522 τοὺς
1075 3458 1248 3512 ταῦτα
1288 3458 1586 3522 ἀκούοντας
1622 3458 1815 3529 μισθὸν

223 3553 586 3625 ί270]ἕχειν;
617 3552 717 3605 Διά
745 3552 853 3621 γὰρ
885 3551 977 3604 τὸν
1009 3550 1143 3603 Θεὸν
1166 3549 1338 3603 ταῦτα
1369 3550 1657 3619 πάσχουσι.
1692 3550 1815 3613 Πῶς

224 3648 324 3700 καὶ⁵
347 3646 442 3698 διὰ
467 3644 554 3710 τί;
591 3644 770 3715 Ἐξῆν,
792 3645 842 3697 εἰ
866 3658 928 3712 γε
954 3642 1256 3707 ἐϐούλοντο,
1288 3642 1592 3713 καπηλικὸν
1625 3642 1815 3696 ἀναδέ-

223 3740 429 3804 ξασθαι
461 3738 596 3808 βίον,
621 3738 668 3789 εἰ
698 3738 792 3790 καὶ
824 3737 898 3807 μὴ
926 3735 1035 3789 ἀπὸ
1065 3735 1343 3805 προγόνων
1374 3730 1540 3806 εἰχον.
1568 3735 1674 3787 Καὶ
1704 3734 1815 3805 γάρ

224 3832 415 3887 ἀκούω
443 3833 540 3886 καὶ
580 3831 757 3884 ταῦτα
809 3829 1018 3883 πολλῶν
1070 3828 1339 3897 λεγόντων
1394 3828 1639 3899 ἰταμῶς,
1685 3830 1814 3884 ὅταν

224 3928 501 3995 εἴπωμεν,
524 3924 608 3976 δτι
626 3926 653 3976 ό
680 3923 827 3977 δεῖνα
849 3923 1091 3974 πένεται·
1114 3922 1175 3973 Εἰ
1202 3921 1311 3991 γὰρ
1328 3920 1597 3985 ἐϐούλετο,
1624 3922 1810 3991 φησὶν,

224 4019 467 4090 ἠδύνατο
482 4017 750 4069 πλουτεῖν·
772 4010 890 4068 εἶτα
907 4012 1258 4083 ὑϐριστικῶς,
1276 4014 1332 4066 'U
1348 4014 1608 4085 προγόνος
1623 4014 1810 4081 αὑτοῦ,

226 4112 322 4164 καὶ
344 4112 373 4163 6
394 4111 620 4172 πάππος
654 4107 841 4169 αὐτοῦ,
871 4107 965 4159 καὶ
993 4106 1022 4157 ὁ
1045 4105 1223 4169 δεῖνα,
1257 4105 1464 4159 τοιόσδε
1493 4102 1591 4176 ἦν·
1629 4106 1722 4159 νῦν
1755 4106 1812 4159 δὲ

224 4202 488 4271 τοιαύτην
519 4200 727 4269 ἐσθῆτα
755 4196 1161 4268 περιϐέϐληται.
1208 4198 1369 4250 Ἀλλὰ
1410 4194 1493 4263 τί;
1544 4198 1665 4251 εἰπέ
1697 4216 1811 4270 μοι,

226 4291 438 4362 γυμνὸν
471 4290 635 4344 αὐτὸν
663 4289 831 4359 ἐχρῆν
855 4289 1125 4358 περιιέναι
1148 4304 1161 4351 ;
1183 4289 1255 4341 Σὺ
1288 4288 1388 4358 μὲν
1409 4284 1504 4341 οὖν
1530 4288 1670 4359 ὑπὲρ
1690 4290 1812 4342 τού-

225 4401 337 4436 των
361 4380 694 4452 ἀκριϐολογῇ
715 4396 728 4408 ·
753 4380 854 4450 ὃρα
873 4379 932 4431 δὲ
961 4379 1036 4450 μὴ
1058 4379 1197 4431 κατά
1216 4378 1412 4431 σαυτοῦ
1433 4379 1605 4434 ταῦτα
1623 4381 1807 4452 λέγῃς.

232 4474 375 4526 Ἀλλ’
406 4474 568 4527 ἀκουε
591 4473 687 4542 τῆς
710 4472 1084 4541 παραινέσεως
1112 4470 1208 4524 τοῦ
1238 4471 1476 4540 Χριστοῦ
1504 4474 1603 4542 τῆς
1623 4471 1813 4541 λεγού-

178 4626 189 4639 _
236 4584 358 4636 σης,
378 4566 473 4634 Μὴ
498 4566 753 4633 κρίνετε,
780 4565 879 4617 ἵνα
902 4563 988 4632 μὴ
1016 4563 1279 4633 κριθῆτε.
1312 4564 1451 4616 Ἀλλ’
1486 4565 1635 4636 ἐξῆν,
1668 4565 1721 4617 εἴ
1746 4583 1810 4634 γε

229 4657 501 4720 ἐϐούλετο,
555 4654 860 4725 καπηλικὸν
891 4655 985 4707 καὶ
1030 4654 1333 4726 ἐμπορικὸν
1382 4654 1496 4725 βίον
1541 4656 1662 4727 ζῇν,
1716 4658 1811 4710 καὶ

228 4753 447 4814 πάντως
470 4751 573 4802 ούκ
602 4750 668 4802 ἂν
701 4748 1013 4819 ἠπόρησεν·
1042 4748 1154 4801 ἀλλ’
1181 4749 1281 4801 οὐκ
1312 4748 1565 4820 ἠθέλησε.
1603 4748 1669 4802 Τί
1717 4747 1811 4805 οὖν

225 4844 464 4899 ἐνταῦθα
487 4842 779 4913 κερδαίνει,
805 4840 926 4893 εἰπέ
958 4857 1078 4911 μοι;
1109 4842 1314 4911 σηρικὰ
1345 4843 1538 4911 ἱμάτια
1562 4843 1808 4913 περίκει-

225 4954 346 5001 ται;
375 4936 583 5006 πλῆθος
602 4932 911 4987 ἀκολούθων
929 4933 1066 5003 ἔχων
1094 4933 1243 4985 σοϐεῖ
1274 4933 1417 4987 κατά
1444 4934 1545 5005 τὴν
1567 4936 1808 5007 ἀγοράν;

224 5028 321 5081 ἐπὶ
354 5028 527 5079 ἵππου
552 5025 813 5096 φέρεται;
850 5024 1030 5087 οἰκίας
1062 5024 1356 5093 οἰκοδομεῖ,
1386 5024 1525 5096 ἔχων
1551 5027 1685 5080 ὅπου
1712 5044 1811 5080 κα-

224 5120 505 5192 ταμείνῃ;
542 5121 642 5172 Ἂν
679 5118 850 5171 ταῦτα
888 5120 1039 5187 ποιῇ,
1081 5116 1174 5169 καὶ
1219 5116 1332 5184 ἐγὼ
1364 5120 1674 5190 κατηγορῶ,
1716 5122 1810 5174 καὶ

225 5215 287 5266 οὐ
320 5212 598 5280 φείδομαι,
626 5210 738 5263 ἀλλ’
768 5208 985 5273 ἀνάξιον
1020 5208 1181 5261 αὐτὸν
1211 5204 1352 5261 εἶναι
1377 5211 1475 5280 τῆς
1512 5211 1808 5282 ἱερωσύνης

228 5302 399 5373 φημί.
429 5302 555 5364 Πῶς
577 5302 684 5368 γάρ
710 5299 918 5369 ἐτέροις
946 5299 1231 5369 δυνήσεται
1265 5305 1551 5368 παραινεῖν
1579 5304 1653 5374 μὴ
1681 5306 1810 5375 περὶ

226 5398 296 5448 τά
334 5391 566 5464 περιττά
585 5391 761 5444 ταῦτα
781 5390 1151 5460 ἐσχολακέναι,
1187 5391 1349 5452 αὐτὸς
1389 5392 1567 5463 ἐαυτῷ
1610 5411 1811 5464 παραι-

224 5472 385 5541 νέσῖιι
409 5484 485 5555 μὴ
508 5484 836 5553 δυνάμενος;
865 5483 927 5534 Εἰ
950 5482 1007 5535 δὲ
1028 5483 1109 5535 ὅτι
1133 5483 1236 5552 τῆς
1264 5483 1567 5549 ἀναγκαίας
1587 5486 1811 5557 εὐπορεῖ

223 5578 460 5649 τροφῆς,
490 5577 578 5630 διά
606 5576 764 5629 τοῦτο
792 5575 986 5629 ἀδικεῖ·
1019 5574 1155 5629 ἀλλά
1190 5576 1459 5647 περιιέναι
1497 5578 1665 5649 ἐχρῆν
1710 5580 1807 5632 αύ-

225 5674 343 5733 τὸν,
385 5670 481 5725 καὶ
528 5672 877 5738 προσαιτεῖν;
926 5671 1023 5722 καὶ
1069 5669 1169 5721 οὐκ
1199 5668 1265 5721 ἂν
1307 5669 1371 5720 σὺ
1402 5671 1807 5742 κατῃσχύνθης,

228 5762 355 5814 εἰπέ
393 5777 508 5831 μοι,
538 5762 567 5813 6
595 5760 874 5831 μαθητής;
912 5759 1051 5811 Ἀλλ’
1075 5760 1103 5811 6
1136 5758 1235 5828 μὲν
1261 5759 1445 5830 πατὴρ
1473 5762 1501 5813 6
1545 5763 1804 5832 σαρκικὸς

230 5850 296 5903 ἀν
328 5848 485 5902 τοῦτο
515 5852 678 5920 ποιῇ,
729 5848 988 5919 αἰσχύνην
1027 5848 1088 5901 τὸ
1123 5852 1352 5921 πρᾶγμα
1389 5852 1527 5922 ἡγῇ·
1584 5851 1649 5906 ἂν
1692 5853 1748 5907 δὲ
1778 5856 1805 5906 6

1153 410 1220 467 IN
1256 410 1475 468 EPIST.
1529 411 1619 468 AD
1656 406 1941 467 PlllLlPP.
1982 405 2135 462 CAP.
2173 405 2233 461 ΙΙ.
2277 404 2511 462 IIOMIL.
2554 407 2654 466 IX.

3394 405 3504 462 ἳῑᾶ

1930 524 2299 594 πνευματικὸς
2339 524 2715 595 ἀναγκάζηται
2754 522 2915 575 τοῦτο
2964 522 3169 583 ποιεῖν,
3198 519 3300 573 οὐκ
3334 520 3502 588 ἐγκα-

1927 617 2100 690 λύψῃ;
2134 618 2337 688 μᾶλλον
2367 618 2489 670 οὐδὲ
2522 618 2703 687 ἡγήσῃ
2738 616 2887 681 ἄξιον
2916 611 3281 667 καταδύεσθαι
3308 629 3323 677 ;
3349 610 3505 666 Ἀδο-

1928 708 2049 773 ξία,
2076 708 2230 780 φησὶ,
2261 709 2506 777 πατρὸς,
2557 708 2788 770 ὄνειδος
2816 707 3061 760 τέκνων.
3106 704 3267 758 Ἀλλά
3307 704 3361 757 τί
3385 721 3399 769 ;
3424 704 3505 774 τῷ

1926 797 2071 871 λιμῴ
2096 800 2418 871 φθείρεσθαι
2443 800 2581 859 ἔδεις
2625 798 2763 851 Ἀλλ’
2794 798 2915 851 ούδέ
2939 796 3096 849 τοῦτο
3122 795 3379 859 εὐσεϐοῦς
3400 812 3414 826 ⁸
3440 797 3504 849 οὐ

1926 894 2036 966 γὰρ
2058 892 2307 963 βούλεται
2338 896 2367 947 6
2399 892 2555 956 Θεός.
2592 890 2755 944 Ἀλλά
2794 892 2923 944 ὅταν
2962 891 3205 960 εἴπωμεν
3232 888 3371 960 πρὸς
3401 888 3503 942 αύ-

1925 984 2049 1048 τοὺς
2081 984 2275 1049 ταῦτα,
2305 984 2507 1048 εὐθέως
2538 983 2891 1053 φιλοσοφοῦσι
2914 998 2927 1011 ·
2978 982 3312 1052 Γέγραπται,
3343 979 3502 1051 φησὶ,

1925 1076 2023 1144 Μὴ
2055 1078 2368 1147 κτήσησθε
2404 1077 2658 1146 χρυσὸν,
2696 1074 2850 1145 μηδὲ
2892 1074 3175 1144 ἄργυρον,
3207 1073 3368 1142 μηδὲ
3394 1072 3506 1127 δύο

1926 1168 2202 1239 χιτῶνας,
2244 1168 2399 1240 μηδὲ
2435 1170 2672 1238 χαλκὸν
2718 1171 2803 1235 είς
2834 1166 2941 1233 τὰς
2973 1165 3157 1233 ζώνας
3188 1164 3378 1235 ὑμῶν,
3415 1164 3502 1235 μὴ

1920 1263 2167 1332 ῥάϐδον.
2228 1257 2387 1317 Οὗτοι
2440 1263 2499 1316 δὲ
2544 1261 2640 1315 καὶ
2691 1261 2819 1331 τρία
2876 1259 2971 1313 καὶ
3014 1259 3254 1330 τέσσαρα
3310 1259 3504 1329 ἰμάτια

1926 1353 2134 1423 ἔχουσι,
2170 1354 2264 1407 καὶ
2296 1353 2484 1417 κλίνας
2509 1351 2879 1423 ἐστρωμένας.
2920 1349 3153 1420 Ἐπῆλθέ
3188 1366 3279 1419 μοι
3310 1349 3502 1402 στενά-

1927 1446 2014 1512 ξαι
2045 1446 2242 1517 πικρὸν
2284 1444 2379 1498 νῦν
2405 1463 2420 1477 ·
2451 1444 2579 1498 εἰδὲ
2632 1448 2710 1515 μὴ
2758 1445 3088 1515 ἀσχημονεῖν
3119 1441 3364 1513 ἔμελλον,
3398 1442 3505 1494 κᾶν

1926 1537 2229 1608 ἐδάκρυσα·
2264 1537 2316 1590 τί
2340 1536 2567 1608 δήποτε;
2610 1537 2737 1590 Ὅτι
2780 1536 2912 1607 περὶ
2962 1535 3062 1606 μέν
3092 1536 3161 1589 τὰ
3188 1534 3298 1588 τῶν
3326 1532 3504 1588 ἄλλων

1926 1628 2111 1698 κάρφη
2136 1626 2307 1689 οὕτως
2335 1627 2502 1697 ἐσμὲν
2523 1626 2769 1698 ἀκριϐεῖς
2788 1625 3092 1691 ἐξετασταὶ,
3117 1624 3215 1686 τὰς
3235 1624 3291 1677 δὲ
3314 1624 3503 1686 δοκοὺς

1926 1716 2143 1786 ἔχοντες
2189 1717 2343 1769 αὐτοὶ
2373 1717 2432 1768 ἐν
2477 1719 2590 1779 τοῖς
2618 1716 2917 1786 ὀφθαλμοῖς
2954 1716 3076 1768 οὐδὲ
3108 1713 3499 1783 αἰσθανόμεθα.

1924 1808 2060 1861 Εἰπέ
2107 1825 2219 1877 μοι,
2252 1807 2340 1860 διὰ
2379 1808 2433 1860 τί
2478 1808 2588 1878 γάρ
2620 1806 2803 1879 σαυτῷ
2827 1807 2987 1861 τοῦτο
3031 1807 3107 1879 μὴ
3135 1806 3345 1874 λέγεις;
3379 1806 3502 1859 Ὀτι

1924 1902 2037 1961 τοῖς
2053 1898 2395 1963 διδασκάλοις
2414 1899 2813 1971 προστέτακται
2839 1900 3017 1969 μόνον,
3040 1897 3203 1969 φησίν
3216 1915 3230 1929 ·
3261 1898 3391 1951 ὅταν
3410 1893 3504 1951 οὖν

1921 1991 1952 2043 6
1980 1990 2193 2055 Παῦλος
2240 1991 2409 2064 λέγῃ,
2446 1993 2729 2061 Ἔχοντες
2774 1991 3097 2061 διατροφὰς
3134 1990 3231 2044 καὶ
3276 1988 3505 2044 σκεπά-

1922 2100 2142 2154 σματα,
2173 2085 2407 2151 τούτοις
2457 2085 2973 2153 ἀρκεσθησόμεθα,
3030 2082 3167 2154 πρὸς
3197 2081 3323 2146 τοὺς
3359 2082 3503 2136 διδα-

1926 2178 2157 2240 σκάλους
2185 2175 2333 2244 λέγει
2364 2176 2587 2246 μόνους;
2622 2175 2910 2246 Οὐδαμῶς,
2949 2173 3086 2229 ἀλλά
3119 2174 3255 2245 πρὸς
3293 2173 3501 2238 πάντας

1923 2266 2267 2339 ἀνθρώπους.
2300 2269 2409 2322 Καὶ
2427 2268 2586 2337 δῆλον
2619 2267 2824 2321 ἄνωθεν
2854 2267 2913 2320 τὸ
2939 2267 3137 2338 χωρίον
3177 2266 3465 2333 διεξιοῦσιν
3484 2283 3497 2295 ·

1923 2358 2093 2413 εἰπὼν
2114 2359 2244 2431 γὰρ,
2268 2360 2566 2428 Πορισμὸς
2580 2359 2769 2428 μέγας
2787 2358 2959 2412 ἐστὶν
2992 2359 3032 2425 ἠ
3060 2358 3333 2413 εὐσέϐεια
3351 2357 3503 2427 μετὰ

1922 2452 2310 2521 αὐταρκείας·
2361 2444 2503 2511 εἶτα.
2554 2451 2747 2506 Οὐδὲν
2777 2451 3214 2519 εἰσηνέγκαμεν
3256 2453 3345 2517 είς
3394 2451 3503 2503 τὸν

1924 2545 2158 2613 κόσμον
2180 2542 2416 2607 τοῦτον,
2449 2542 2642 2611 δῆλον
2669 2542 2759 2596 ὅτι
2783 2542 2928 2596 οὐδὲ
2956 2542 3298 2610 ἐξενεγκεῖν
3316 2559 3369 2594 τι
3397 2542 3503 2595 6v-

1922 2632 2152 2703 νάμεθα
2171 2649 2186 2664 ·
2212 2632 2415 2695 εὐθέως
2442 2633 2721 2703 ἐπήγαγεν
2738 2647 2752 2659 ·
2780 2633 3071 2698 Ἔχοντες
3089 2630 3157 2683 δὲ
3179 2630 3503 2699 διατροφὰς

1922 2727 2020 2781 καί
2039 2726 2455 2797 σκεπάσματα,
2478 2727 2713 2792 τούτοις
2731 2725 3246 2794 ἀρκεσθησόμεθα.
3267 2724 3415 2797 [271]
3438 2728 3503 2779 Ol

1922 2820 1991 2873 δὲ
2010 2820 2377 2889 ,ϐουλόμενοι
2399 2819 2708 2885 πλουτεῖν,
2740 2820 3148 2889 ἐμπίπτουσιν
3178 2820 3265 2884 είς
3298 2833 3500 2886 πειρα-

1922 2912 2083 2980 σμὸν
2108 2911 2205 2964 καί
2226 2910 2469 2979 παγίδα,
2493 2911 2593 2965 καί
2613 2910 2927 2981 ἐπιθυμίας
2949 2911 3184 2978 πολλὰς
3203 2911 3502 2980 ἀνοήτους

1923 3004 2018 3057 καὶ
2042 3002 2367 3072 βλαϐεράς.

1992 3101 2052 3148 ε’.
2086 3091 2237 3158 Εἶδες
2274 3096 2358 3149 ὅτι
2396 3095 2533 3166 πρὸς
2577 3096 2785 3159 πάντας
2809 3098 2838 3149 6
2863 3096 3019 3164 λόγος
3041 3096 3290 3168 εῖρηταις
3319 3097 3385 3150 Τί
3406 3097 3497 3162 δέ;

1921 3185 2049 3238 ὅταν
2077 3184 2210 3257 λέγῃ
2241 3185 2423 3248 πάλιν,
2457 3184 2570 3253 Τῆς
2598 3186 2819 3254 σαρκὸς
2866 3188 3157 3253 πρόνοιαν
3188 3185 3278 3255 μὴ
3315 3186 3499 3239 ποιεῖ-

1921 3278 2031 3328 σθε
2057 3276 2140 3341 είς
2171 3275 2507 3345 ἐπιθυμίας,
2554 3277 2675 3346 ούχί
2724 3278 2892 3330 πᾶσιν
2927 3278 3115 3342 ἁπλῶς
3154 3278 3497 3344 διαλέγεται;

1922 3366 2061 3419 Τίδέ
2082 3368 2211 3421 ὅταν
2236 3366 2369 3438 λέγῃ
2395 3407 2411 3431 ,
2438 3370 2514 3421 Τὰ
2533 3368 2819 3437 ,ϐρώματα
2841 3368 2914 3437 τῇ
2942 3371 3161 3437 κοιλίᾳ,
3193 3370 3291 3425 καί
3319 3373 3358 3439 ὴ
3378 3388 3500 3425 κοι-

1919 3460 2025 3511 λία
2055 3459 2179 3524 τοῖς
2222 3458 2541 3528 ,ϐρώμασιν
2564 3477 2579 3490 ·
2614 3464 2648 3515 ὁ
2696 3460 2764 3513 δὲ
2794 3460 2934 3527 θεὸς
2993 3461 3092 3515 καί
3122 3464 3369 3531 ταύτην.
3402 3463 3501 3516 καὶ

1921 3547 2109 3601 ταῦτα
2134 3547 2497 3616 καταργήσει
2521 3566 2540 3613 ;
2563 3547 2616 3600 τί
2644 3547 2699 3600 δὲ
2728 3549 2855 3601 ὅταν
2880 3547 3034 3620 λέγῃ,
3080 3547 3153 3601 Ἠ
3171 3548 3240 3600 δὲ
3267 3563 3499 3601 σπατα-

1919 3637 2111 3704 λῶσα,
2137 3638 2293 3698 ζῶσα
2326 3637 2595 3706 τέθνηκε,
2623 3641 2753 3711 περὶ
2784 3640 2954 3709 χήρας
2987 3638 3396 3709 διαλεγόμενοςς
3422 3641 3497 3710 μὴ

1920 3730 2015 3783 καὶ
2046 3731 2077 3799 ἡ
2107 3732 2252 3801 χήρα
2271 3731 2590 3794 διδάσκαλός
2620 3734 2767 3785 ἐστιν
2788 3748 2803 3797 ;
2828 3733 2949 3803 οὐχὶ
2994 3732 3155 3796 αὐτὸς
3193 3728 3369 3799 εἶπεν,
3416 3734 3498 3786 ὃτι

1920 3822 2171 3876 Γυναικί
2191 3822 2504 3877 διδάσκειν
2528 3825 2639 3878 οὐκ
2667 3823 2978 3891 ἐπιτρέπω,
3012 3824 3158 3879 οὐδὲ
3186 3824 3499 3879 αὐθεντεῖν

1920 3913 2140 3982 ἀνδρός
2153 3931 2173 3981 ;
2198 3915 2389 3986 Εἰδέή
2427 3917 2591 3987 χήρα,
2623 3916 2751 3970 ἔνθα
2789 3917 2883 3969 καὶ
2914 3918 2947 3987 ἡ
2976 3916 3163 3987 ἡλικία
3209 3916 3491 3987 γηραλέα·

1916 4005 1980 4059 τὸ
2015 4005 2123 4078 γάρ
2175 4007 2352 4078 γῆρας
2386 4007 2587 4079 πολλῆς
2614 4008 2784 4061 δεῖται
2820 4008 3138 4077 θεραπείας,
3168 4009 3263 4061 καὶ
3292 4010 3431 4079 αὑτὴ
3461 4012 3497 4081 ἠ

1920 4098 2107 4169 φύσις·
2155 4100 2216 4153 τὸ
2260 4101 2369 4172 γὰρ
2407 4101 2516 4154 τῶν
2542 4100 2819 4170 γυναικῶν
2850 4102 3005 4169 γένος
3050 4101 3296 4164 πλείονος
3322 4102 3497 4161 δεῖται

1918 4191 2295 4256 ἀναπαύσεως,
2325 4193 2417 4245 ἀτε
2448 4193 2673 4254 ἀσθενὲς
2705 4192 2764 4244 ὃν
2784 4208 2799 4223 ·
2845 4193 2893 4244 εἰ
2921 4192 3118 4254 τοίνυν,
3151 4192 3278 4246 ἔνθα
3323 4193 3417 4246 καὶ
3460 4195 3494 4265 ἡ

1917 4285 2100 4355 ἡλικία
2134 4287 2229 4337 καὶ
2260 4286 2292 4355 ἡ
2317 4284 2481 4354 φύσις
2504 4285 2754 4355 κώλυμα,
2784 4286 2885 4338 ούκ
2906 4285 3125 4354 ἀφίεται
3156 4285 3326 4355 αὐτὴν
3357 4303 3495 4345 σπα-

1916 4354 2083 4445 ταλᾷν
2110 4415 2124 4438 ,
2167 4354 2303 4429 άλλά
2345 4377 2439 4429 καὶ
2475 4354 2796 4444 τεθνηκέναι
2845 4378 3017 4446 αὐτήν
3055 4393 3218 4445 φησιν
3270 4354 3351 4446 (οὐ
3383 4378 3493 4447 γάρ

1919 4466 2105 4529 ἁπλῶς
2149 4462 2270 4519 εἷπε
2309 4468 2384 4537 μὴ
2422 4468 2721 4537 σπαταλᾷν,
2775 4466 2911 4531 ἀλλ’,
2977 4468 3047 4521 Ἦ
3093 4465 3491 4529 σπαταλῶσα,

1918 4562 2076 4623 ζῖυσα
2102 4560 2375 4629 τέθνηκε·
2421 4561 2514 4614 κα)⁸
2564 4559 2821 4627 ἐξέκοψεν
2873 4561 3046 4631 αὐτήν
3066 4576 3079 4589 ·
3109 4562 3143 4630 ἡ
3167 4561 3274 4629 γὰρ
3301 4563 3495 4631 τεθνηο

1919 4658 2045 4708 κυῖα
2077 4654 2464 4724 ἐκκέκοπται)·
2510 4655 2670 4708 ποίαν
2705 4656 2816 4722 ἕξει
2853 4654 3183 4724 συγγνώμην
3211 4654 3493 4723 ἄνθρωπος

1916 4748 2089 4803 ταῦτα
2130 4748 2320 4811 ποιῶν,
2366 4748 2452 4816 ἐφ’
2484 4744 2622 4817 οίςὴ
2657 4749 2793 4817 γυνὴ
2826 4749 2860 4819 ἡ
2892 4748 3237 4817 γεγηρακυῖα
3266 4746 3489 4810 κολάζει

1916 4858 2036 4906 ται;
2078 4840 2242 4893 Ἀλλά
2278 4840 2451 4894 ταῦτα
2479 4841 2657 4905 οὐδεὶς
2694 4841 2815 4894 ούδέ
2850 4844 2929 4905 εἰς
2971 4840 3177 4895 ἔννοιαν
3203 4840 3487 4911 λαμϐάνειι

1916 4933 2086 4987 ταῦτα
2136 4933 2311 4996 οὐδεὶς
2366 4932 2633 4997 ἐξετάζει.
2680 4932 2821 5001 Ἐγὼ
2865 4933 2923 4986 δὲ
2974 4932 3068 4987 νῦν
3102 4931 3274 4985 ταῦτα
3317 4932 3492 4984 εἰπεῖν

1916 5024 2271 5095 ἠναγκάσθην
2295 5065 2309 5090 ,
2340 5025 2459 5095 οὐχὶ
2484 5026 2611 5088 τοὺς
2646 5026 2827 5096 ἰερέας
2859 5023 3166 5089 ἀπαλλάξαι
3207 5023 3491 5095 ἐγκλημά-

1914 5135 2024 5171 των
2053 5117 2394 5187 βουλόμενος,
2430 5116 2545 5170 ἀλλ’
2574 5116 2728 5187 ὑμῶν
2758 5116 3095 5186 φειδόμενος.
3140 5117 3368 5168 Ἐκεῖνοι
3394 5114 3493 5183 μὲν

1916 5203 2030 5273 οὖν,
2057 5208 2123 5261 ἀν
2156 5208 2256 5279 μὲν
2289 5208 2674 5278 προσηκόντως
2699 5208 2792 5259 καὶ
2818 5207 3048 5269 δικαίως
3074 5204 3248 5257 ταῦτα
3282 5205 3493 5257 ἀκούω·

1918 5319 2022 5365 σιν,
2049 5302 2145 5356 άτε
2182 5298 2665 5371 χρηματιζόμενοι,
2694 5297 2847 5352 οὐδὲν
2871 5297 3001 5368 παρ’
3036 5295 3189 5367 ὑμῶν
3223 5295 3491 5365 βλάπτον-

1915 5410 2039 5447 ται·
2075 5393 2197 5446 ἀλλ’
2228 5394 2293 5446 άν
2323 5410 2381 5445 τε
2413 5393 2625 5462 εἴπητε,
2670 5391 2736 5445 ἄν
2776 5408 2833 5444 τε
2870 5390 2944 5461 μὴ
2982 5390 3193 5460 εἴπητε,
3221 5388 3379 5456 λόγον
3415 5388 3494 5458 τῷ

1914 5485 2140 5557 δικαστῇ
2169 5486 2404 5539 διδόασιν
2434 5487 2574 5538 ἐκεῖ·
2599 5484 2737 5537 ὥστε
2759 5483 2910 5536 οὐδὲν
2930 5484 3126 5546 αὐτοὺς
3156 5482 3226 5536 τὰ
3254 5483 3493 5552 ὑμέτερα

1918 5576 2143 5646 βλάπτει
2172 5577 2415 5646 ῥήματα.
2453 5577 2551 5628 “Av
2586 5575 2642 5627 δὲ
2666 5574 2765 5626 καὶ
2795 5573 2966 5643 ψευδῆ
3065 5573 3134 5627 τὰ
3175 5575 3305 5645 παρ’
3338 5573 3491 5643 ὑμῶν

1916 5667 2206 5737 λεγόμενα,
2232 5668 2431 5720 ἐκεῖνοι
2466 5667 2565 5736 μὲν
2594 5662 2689 5719 οῦν
2726 5666 3017 5736 ὲκέρδανον
3048 5666 3489 5735 συκοφαντούμε-

1915 5777 1993 5812 νοι
2022 5760 2165 5830 εἰκῆ,
2190 5760 2348 5835 ὑμεῖς
2384 5761 2441 5813 δὲ
2471 5761 2697 5821 ἑαυτοὺς
2740 5758 2992 5812 ἐντεῦθεν
3035 5760 3321 5824 βλάπτετε.
3352 5762 3489 5815 ’Έπί

1914 5852 1969 5906 δὲ
2006 5853 2156 5924 ὑμῶν
2184 5855 2279 5924 οὐχ
2310 5853 2481 5918 οὕτως
2516 5853 2661 5909 ἐστίν
2688 5872 2698 5885 ·
2726 5854 2841 5908 ἀλλ’
2870 5854 2934 5909 ἄν
2960 5871 3018 5908 τε
3042 5855 3215 5926 ἀληθῆ
3244 5852 3299 5927 ᾖ,
3332 5854 3397 5910 άν
3428 5873 3488 5909 τε
