3974 6516
570 404 681 462 253

567 518 740 589 ψευδῆ
772 534 841 569 τα
874 516 991 570 κατ’
1020 514 1217 577 αὐτῶν,
1256 513 1503 581 λέγοντες
1541 512 1737 577 αὐτοὺς
1778 513 1983 577 κακῶς,
2011 512 2139 583 βλά-

572 608 787 661 πτεσθε.
820 606 885 658 Τί
912 605 1151 675 δήποτες
1184 604 1285 654 Ἀν
1324 620 1383 655 τε
1418 603 1527 673 γὰρ
1556 602 1727 673 ἀληθῆ
1759 599 1824 676 ᾗ,
1867 603 1962 655 καὶ
1998 600 2140 654 οῦτω

572 696 892 770 βλάπτεσθε,
920 695 1195 766 κρίνοντες
1215 696 1339 757 τοὺς
1360 694 1730 759 διδασκάλους,
1758 696 1851 748 καὶ
1871 694 1968 766 τὴν
1986 694 2140 758 τάξιν

568 788 966 858 ἀνατρέποντες
987 803 999 817 ·
1029 789 1075 839 εί
1106 787 1214 857 γάρ
1242 786 1466 855 ἀδελφὸν
1499 787 1559 839 οὐ
1601 787 1679 839 δεῖ
1704 787 1928 858 κρίνειν,
1961 786 2139 856 πολλῷ

572 880 771 949 μᾶλλον
798 877 1114 929 διδάσκαλον
1134 893 1148 908 ·
1175 877 1239 928 ἂν
1262 876 1315 928 δέ
1338 877 1532 946 ψευδῆ,
1553 876 1827 947 ἀφόρητος
1854 877 1887 947 ἠ
1919 876 2140 939 κόλασις

568 972 662 1022 καὶ
690 971 721 1039 ἡ
750 968 1019 1037 τιμωρία·
1060 967 1259 1030 παντὸς
1305 968 1414 1035 γάρ
1450 968 1690 1037 ῥήματος
1728 966 1899 1038 ἀργοῦ
1938 966 2137 1020 δώσετε

568 1061 741 1129 λόγον.
774 1060 935 1111 Ὥστε
976 1058 1129 1129 ὑμῶν
1172 1058 1357 1112 ἕνεκεν
1396 1058 1573 1111 πάντα
1616 1058 1877 1129 ποιοῦμεν
1916 1059 2009 1112 καὶ
2040 1059 2139 1111 κά·

571 1169 793 1222 μνομεν.
831 1153 1007 1221 Ὅπερ
1036 1152 1092 1204 δέ
1127 1151 1285 1221 ἔφην,
1319 1150 1492 1212 οὐδεὶς
1538 1149 1711 1204 ταῦτα
1758 1150 2022 1215 ἐξετάζει,
2049 1152 2139 1203 οὐ·

564 1244 676 1307 δεῖς
704 1243 878 1295 ταῦτα
913 1242 1376 1313 πολυπραγμονεῖ,
1411 1243 1581 1306 οὐδεὶς
1611 1243 1757 1311 λέγει
1793 1242 1926 1313 πρὸς
1950 1244 2139 1297 ἑαυτὸν

565 1336 769 1387 τούτων
789 1334 959 1387 οὐδέν.
998 1333 1261 1386 Βούλεσθε
1290 1334 1383 1387 καὶ
1414 1335 1577 1405 ἕτερα
1608 1334 1828 1404 προσθῶ
1854 1352 1868 1400 ;
1902 1335 2037 1388 Ἐὰν
2050 1335 2136 1405 μή

567 1444 656 1492 τις
685 1426 1087 1492 ἀποτάξηται,
1134 1427 1298 1495 φησὶν
1349 1428 1378 1479 6
1408 1427 1672 1496 Χριστὸς,
1722 1425 1913 1479 πᾶσιν
1951 1427 2137 1482 αὐτοῦ

566 1517 689 1582 τοῖς
718 1517 1122 1585 ὑπάρχουσιν,
1147 1519 1246 1569 ούκ
1276 1516 1387 1569 ἐστι
1418 1534 1519 1587 μου
1541 1517 1706 1580 ἄξιος.
1735 1517 1799 1568 Τί
1828 1517 1955 1570 ὅταν
1982 1518 2134 1589 λέγῃ,

567 1610 882 1663 Δύσκολον
910 1608 1209 1662 πλούσιον
1234 1607 1532 1661 εἰσελθεῖν
1557 1611 1639 1673 εἰς
1669 1608 1784 1673 τὴν
1810 1609 2138 1672 ,ϐασιλείαν

565 1699 685 1754 τῶν
702 1698 1008 1767 οὺρανῶν;
1029 1700 1081 1752 τί
1097 1700 1156 1753 δέ
1176 1702 1302 1754 ὅταν
1320 1700 1630 1769 λέγῃ,οὑαὶ
1647 1700 1790 1768 ὑμῖν
1810 1702 1933 1767 τοῖς
1954 1705 2138 1755 πλου-

567 1789 744 1855 σίοις,
774 1788 863 1841 ὅτι
888 1789 1142 1857 ἀπέχετε
1164 1788 1277 1856 τὴν
1308 1788 1697 1856 παράκλησιν
1720 1788 1884 1858 ὑμῶν
1906 1807 1924 1854 ;
1950 1791 2137 1853 Οὐδεὶς

567 1880 726 1934 τοῦτο
750 1879 1015 1944 ἐξετάζει,
1046 1881 1221 1943 οὐδεὶς
1247 1879 1403 1932 τοῦτο
1427 1882 1617 1943 ἐννοεί,
1652 1880 1826 1943 οὐδεὶς
1853 1882 1987 1951 πρὸς
2010 1882 2136 1934 ἐαυ-

569 1974 660 2025 τὸν
679 1972 1005 2039 διαλέγεται,
1024 1970 1139 2023 ἀλλ’
1166 1971 1224 2024 ἐν
1248 1973 1359 2033 τοῖς
1391 1970 1593 2041 ἐτέρων
1623 1971 1844 2042 σφοδροὶ
1870 1971 2137 2041 κάθηνται

571 2065 770 2128 πάντες
804 2063 1107 2129 ἐξετασταί.
1159 2062 1317 2115 Ἀλλά
1350 2062 1506 2114 τοῦτο
1550 2064 1649 2132 μέν
1681 2065 1796 2115 ἐστι
1849 2065 2139 2126 κοινωνοὺς

571 2154 793 2223 ποιῆσαι
814 2151 921 2205 τῶν
943 2151 1109 2221 ἐγκλη
1120 2151 1325 2220 μάτων.
1342 2151 1458 2204 Ἱνα
1485 2151 1541 2204 δὲ
1565 2153 1658 2204 καὶ
1686 2152 1883 2216 αὐτῶν,
1902 2147 1977 2205 ὧν
2001 2170 2136 2221 φατε

570 2242 695 2303 τοὺς
733 2240 883 2311 [272]
935 2240 1098 2309 ἱερεῖς
1152 2239 1487 2302 ὑπευθύνους
1518 2236 1657 2294 εἶναι
1681 2282 1696 2307 ,
1742 2240 2036 2305 ἀπαλλάξω
2070 2242 2137 2294 δι’

572 2337 737 2404 ὑμᾶς,
771 2335 1039 2388 ἀκούσατε
1064 2351 1075 2362 ·
1108 2335 1170 2388 τὸ
1195 2335 1304 2405 γὰρ
1337 2335 1463 2405 περὶ
1485 2334 1688 2387 τοῦτων
1723 2335 2034 2398 πεπεῖσθαι,
2063 2335 2139 2397 ὡς

571 2426 1018 2497 παραϐαινόντων
1036 2426 1128 2477 τὸν
1162 2426 1323 2495 νόμον
1368 2425 1462 2478 τοῦ
1503 2425 1659 2488 Θεοῦ,
1696 2426 1862 2497 πολλὴ
1915 2426 2051 2498 πρὸς
2079 2427 2140 2479 τὸ

569 2518 738 2571 κακόν
763 2520 877 2569 ἐστι
896 2516 1055 2587 ῥοπή.
1075 2516 1210 2584 Φέρε
1232 2511 1323 2567 οὗν
1343 2518 1570 2569 κάκεῖνα
1590 2515 1954 2586 ἐξετάσωμεν·
1974 2513 2139 2569 Εἶπεν

569 2612 598 2663 6
623 2610 872 2679 Χριστὸς,
904 2612 957 2661 Μ
968 2609 999 2673 ὴ
1023 2608 1332 2676 κτήσησθε
1370 2607 1603 2675 χρυσὸν
1621 2648 1636 2672 ,
1665 2606 1823 2676 μηδὲ
1849 2606 2137 2676 ἄργυρον,

564 2700 719 2770 μηδὲ
744 2701 851 2754 δύο
902 2700 1174 2769 χιτῶνας,
1213 2698 1369 2766 μηδὲ
1405 2696 1777 2765 ὑποδήματα,
1808 2698 1894 2764 μὴ
1930 2696 2137 2765 ζώνην,

565 2792 911 2861 μὴράϐδον.
935 2792 999 2843 Τί
1020 2788 1136 2855 οῦν,
1164 2791 1286 2843 εἰπέ
1321 2807 1410 2859 μοι
1433 2807 1447 2854 ;
1474 2790 1675 2859 Πέτρος
1711 2790 1864 2858 παρὰ
1889 2791 1949 2842 τὸ
1970 2792 2139 2861 πρόσ-

568 2900 754 2953 ταγμα
789 2882 958 2934 ἐποίει
986 2898 1001 2945 ;
1041 2883 1158 2944 πῶς
1206 2883 1314 2951 γάρ
1355 2880 1436 2944 οὓ,
1466 2884 1495 2934 6
1526 2882 1617 2933 καὶ
1651 2880 1827 2950 ζώνην
1872 2881 2011 2951 ἔχων
2046 2883 2141 2935 καὶ

572 2976 787 3044 ἱμάτιον
822 2976 914 3026 καὶ
964 2974 1320 3043 ὑποδήματα;
1356 2974 1436 3026 ὅτι
1488 2973 1596 3042 γὰρ
1648 2968 1814 3042 εἶχεν,
1854 2974 2017 3027 ἄκουε
2042 2974 2138 3027 τοῦ

572 3067 803 3134 ἀγγέλου
834 3066 1081 3132 λέγοντος
1116 3066 1249 3136 πρὸς
1282 3066 1465 3126 αὑτὸν,
1496 3064 1815 3132 Περίζωσιιι
1861 3067 1959 3119 καὶ
1995 3068 2142 3121 ὑπό-

571 3157 749 3222 δησαι
773 3157 842 3209 τὰ
878 3156 1178 3210 σανδάλιά
1211 3170 1328 3210 σου
1354 3174 1369 3189 ·
1406 3157 1583 3209 καίτοι
1615 3158 1675 3209 ού
1706 3156 1939 3228 τοσαύτη
1984 3160 2142 3227 χρεία

570 3250 774 3303 τούτων
799 3249 907 3302 τῶν
934 3249 1294 3319 ὑποδημάτων
1319 3245 1387 3320 ἦν
1408 3263 1423 3277 ⁸
1456 3248 1628 3303 ἔνεστι
1657 3251 1765 3321 γὰρ
1791 3251 1910 3303 κατ’
1935 3253 2141 3304 ἐκεῖνον

571 3342 660 3395 τὸν
693 3342 883 3413 καιρὸν
910 3343 1003 3395 κα)⁸
1033 3342 1356 3395 ἁνυπόδετον
1390 3337 1550 3407 εἶναι,
1602 3345 1634 3412 η
1670 3343 1727 3395 δὲ
1766 3342 1934 3413 πολλὴ
1984 3343 2143 3413 χρεία

570 3435 628 3485 ἐν
655 3432 733 3501 τῷ
754 3432 984 3502 χειμῶνί
1013 3434 1161 3484 ἐστιν
1182 3448 1193 3462 ·
1223 3431 1338 3484 ἀλλ’
1364 3432 1512 3501 ὅμως
1530 3427 1661 3501 εἶχε.
1688 3430 1828 3483 Τίδέ
1856 3432 1885 3482 6
1910 3431 2139 3496 Παῦλος;

573 3527 743 3579 Ὅταν
764 3526 896 3595 λέγῃ
922 3522 1170 3593 Τιμοθέῳ
1195 3522 1444 3592 γράφων,
1480 3521 1840 3575 Σπούδασον
1875 3523 1989 3589 πρὸ
2022 3539 2135 3591 χει⁶

571 3615 765 3685 ιιῶνος
815 3616 1053 3669 ἐλθεῖν·
1108 3610 1226 3667 εἶτα
1264 3614 1636 3684 παραγγέλλει
1674 3615 1768 3668 καὶ
1814 3616 1991 3683 λέγει·
2034 3617 2143 3669 Τὸν

569 3708 866 3777 gmw-nr,
918 3708 991 3759 ὃν
1017 3706 1314 3760 ἀπέλιπον
1344 3706 1414 3757 ἐν
1453 3705 1667 3773 Τρωάδι
1700 3707 1859 3774 παρὰ
1902 3706 2137 3776 Κάρπῳ,

568 3798 887 3863 ἐρχόμενος
908 3796 1065 3862 φέρε,
1095 3796 1193 3849 καὶ
1223 3796 1293 3849 τὰ
1319 3796 1548 3858 βιϐλία,
1570 3795 1837 3864 μάλιστα
1862 3796 1967 3861 τὰς
1992 3813 2141 3865 μεμ-

570 3886 790 3953 ϐράνας
813 3905 827 3918 ·
894 3888 1024 3939 Ἰδοὺ
1062 3886 1307 3956 φελώνην
1338 3885 1458 3938 εἷπε
1485 3904 1497 3917 ·
1529 3890 1623 3940 καὶ
1657 3888 1757 3939 οὐκ
1790 3888 1855 3941 ἂν
1896 3887 2011 3957 ἔχοι
2057 3905 2141 3952 τις

570 3982 764 4041 εἰπεῖν,
798 3980 879 4031 ὅτι
916 3981 1007 4030 καὶ
1037 3979 1221 4048 ἓτερον
1271 3980 1371 4031 οὐκ
1416 3974 1579 4047 εἶχεν,
1616 3979 1675 4030 ὃν
1709 3980 1912 4049 ἐφόρει.
1950 3981 2012 4032 Εἰ
2043 3981 2141 4049 μὲν

570 4073 677 4140 γὰρ
709 4072 840 4141 μηδὲ
868 4070 1001 4131 ὅλως
1023 4069 1229 4140 ἐφόρει,
1262 4070 1529 4139 περιττῶς
1551 4070 1801 4122 ἐκέλευσε
1826 4071 2013 4125 τοῦτον
2037 4074 2141 4126 ἀπ-

572 4166 853 4234 ενεχθῆναι
879 4182 892 4195 ·
915 4165 963 4216 εί
986 4163 1042 4215 δὲ
1068 4164 1167 4215 οὐκ
1190 4163 1317 4232 ἐνῆν
1343 4163 1416 4233 μὴ
1438 4166 1642 4233 φορεῖν,
1673 4163 1828 4232 δῆλον
1849 4165 1930 4216 ὅτι
1956 4164 2141 4236 ἕτερον

572 4254 704 4327 εἶχε.
760 4258 824 4309 Τί
861 4256 940 4321 δὲ,
977 4256 1059 4307 ὃτι
1092 4254 1293 4306 διετίαν
1320 4255 1448 4322 ὃλην
1502 4258 1560 4307 ἐν
1606 4255 1791 4325 οἰκείῳ
1832 4257 2142 4326 μισθώματι

572 4350 800 4419 ἔμενεν;
838 4345 945 4419 ἄρα
982 4348 1299 4418 παρήκουσε
1330 4346 1422 4399 τοῦ
1458 4348 1696 4417 Χριστοῦ
1730 4349 1790 4399 τὸ
1825 4349 2016 4411 σκεῦος
2044 4350 2143 4418 τῆς

571 4439 822 4508 ἐκλογῆς,
850 4442 878 4491 6
903 4438 1073 4506 λέγων
1096 4455 1109 4468 ·
1139 4436 1230 4489 Ζῶ
1252 4435 1319 4488 δὲ
1347 4437 1547 4490 οὐκέτι
1570 4436 1705 4507 ἐγὼ,
1738 4437 1803 4505 ζῇ
1832 4437 1900 4490 δὲ
1923 4439 1993 4491 ἐν
2011 4440 2139 4508 ἐμοὶ

571 4532 860 4597 Χριστός;
886 4531 1013 4598 περὶ
1037 4524 1100 4582 οῦ
1125 4530 1153 4580 6
1189 4528 1424 4598 Χριστὸς
1450 4529 1797 4599 ἐμαρτύρησε
1827 4528 2021 4597 λέγων,
2061 4532 2141 4584 ὅτι

574 4620 795 4683 Σκεῦος
830 4620 1092 4686 ἐκλογῆς
1125 4620 1228 4686 μοι
1275 4618 1443 4670 ἐστιν
1489 4614 1704 4684 οὗτος;
1739 4618 1884 4671 Ἔδει
1938 4619 2142 4690 ταύτην

574 4713 790 4779 ἀφεῖναι
842 4710 940 4779 τὴν
997 4708 1325 4778 ἀμφιϐολίαν
1376 4712 1504 4776 παρ’
1532 4710 1680 4777 ὑμῖν,
1729 4711 1823 4762 καὶ
1871 4710 2142 4780 μηδεμίαν

574 4802 870 4868 ἐπαγαγεῖν
903 4799 981 4868 τῷ
1019 4798 1292 4869 ζητήματι
1344 4798 1495 4853 λύσιν
1522 4839 1537 4863 ,
1572 4799 1705 4853 ἀλλά
1750 4799 1951 4870 ταύτην
1999 4801 2142 4870 ὑμᾶς

571 4894 726 4963 δίκην
753 4890 1151 4963 εἰσπράξασθαι
1177 4890 1277 4960 τῆς
1306 4893 1435 4961 περὶ
1456 4891 1551 4953 τὰς
1580 4892 1802 4961 Γραφάς
1825 4892 2137 4965 ὀλιγωρίας·

572 4984 749 5036 πάντα
778 4982 885 5051 γάρ
922 4981 1094 5034 ταῦτα
1122 4983 1184 5033 ἐκ
1214 4980 1404 5035 τούτου
1452 4982 1679 5049 γίνεται.
1715 4984 1815 5036 Διά
1862 4984 2019 5037 τοῦτο
2050 4986 2143 5039 καὶ

571 5079 628 5129 ἐν
648 5079 761 5135 τοῖς
788 5075 990 5143 ἐτέρων
1020 5076 1235 5145 ἀμαρτή
1247 5074 1406 5143 μασίν
1430 5076 1597 5144 ἐσμεν
1630 5078 1816 5145 πικροὶ
1836 5076 2139 5143 ἐξετασταὶ,

569 5169 796 5222 καὶτῶν
837 5166 1337 5237 ἡμετέρων-οὐδένα
1374 5166 1533 5233 λόγον
1569 5168 1893 5236 ποιούμεθα,
1925 5169 2005 5221 ὅτι
2044 5171 2141 5231 τὰς

569 5260 790 5331 Γραφάς
828 5261 928 5313 οὐκ
980 5260 1156 5325 ἴσμεν,
1186 5258 1263 5310 ὅτι
1316 5260 1439 5321 τοὺς
1479 5259 1655 5322 θείους
1684 5261 1743 5311 ού
1777 5261 2140 5331 παιδευόμεθα

568 5354 783 5421 νόμους.
821 5352 964 5403 Ἔδει
995 5352 1093 5419 μὲν
1119 5346 1210 5402 οὗν
1239 5352 1439 5420 ταύτην
1464 5353 1607 5421 ὑμᾶς
1627 5353 2020 5423 εἰσπράξασθαι
2045 5354 2141 5423 τὴν

566 5446 752 5514 δίκην·
788 5443 924 5495 ἀλλὰ
948 5445 999 5496 τί
1032 5443 1219 5507 πάθω;
1256 5448 1438 5515 πατὴρ
1470 5446 1582 5513 είμι
1610 5461 1621 5473 ·
1660 5446 1838 5497 πολλὰ
1873 5447 1969 5499 καὶ
1999 5447 2139 5516 πέρα

566 5536 661 5589 τοῦ
708 5536 917 5598 δέοντος
964 5538 1012 5588 οἱ
1059 5537 1296 5606 πατέρες
1326 5536 1637 5605 χαρίζονται
1667 5539 1779 5599 τοῖς
1810 5538 1985 5599 παισὶ,
2032 5540 2141 5591 τῶν

571 5627 892 5697 σπλάγχνων
950 5627 1136 5689 αὐτοῖς
1180 5625 1707 5696 διαθερμαινομένων
1749 5626 1991 5700 [ἐκεῖνοι]
2033 5631 2141 5683 τῶν

570 5720 871 5788 πατρικῶν·
897 5719 996 5772 κᾶν
1025 5720 1246 5773 ίδωσιτὸ
1275 5720 1485 5772 παιδίον
1512 5720 1884 5788 κατηφιάσαν,
1904 5723 2140 5792 τηκόμε-

569 5830 679 5875 νον,
714 5813 864 5864 αὐτοὶ
890 5813 1086 5882 μᾶλλον
1114 5814 1319 5866 ἐκείνου
1353 5812 1655 5877 δάκνονται,
1701 5812 1792 5864 καὶ
1844 5814 1902 5865 εὑ
1944 5815 2140 5867 παύονι

1271 398 1327 453 S.
1370 395 1658 453 JUANNIS
1693 394 2139 454 CHRYSOSTOR

2248 394 2545 453 LRCHIEP.
2587 390 3136 461 CONSTANTINOP.
3657 406 3742 466 εει

2244 528 2353 574 ται,
2384 511 2488 574 ἕως
2514 510 2579 563 ἂν
2606 508 2707 578 τῆς
2727 507 2964 578 ἀθυμίας
2990 506 3090 577 τὴν
3118 504 3369 560 ὑπόθεσιν
3388 507 3609 568 ἀνίλωσι.
3627 516 3741 589 Πλὴν

2244 601 2348 655 κᾶν
2378 600 2537 654 τοῦτο
2558 598 2819 667 γενέσθω,
2850 598 2952 651 κᾶν
2977 597 3347 668 κατηφιάσατε
3384 600 3471 653 ἐπὶ
3493 601 3563 672 τῷ
3588 607 3650 677 μὴ
3670 608 3742 661 λα-

2244 696 2377 757 ϐεῖν,
2402 693 2488 745 ἵνα
2513 690 2715 761 λάϐητε
2744 689 2948 753 καλῶς.

2316 784 2390 851 ς’.
2409 785 2475 838 Τί
2503 780 2596 838 οὖν
2623 783 2769 836 ἔστιν
2792 784 2988 847 είπεῖν;
3010 781 3123 835 Οὐκ
3153 781 3563 853 ἠναντιώθησαν,
3587 787 3649 858 μὴ
3670 789 3743 856 γέ-

2244 894 2407 942 νοιτο,
2435 876 2570 930 ἀλλὰ
2598 876 2691 929 καὶ
2714 874 2917 944 σφόδρα
2942 872 3315 944 ἠκολούθησαν
3338 878 3442 938 τοῖς
3468 878 3741 949 ἐπιτάγμασι

2245 967 2336 1020 τοῦ
2370 965 2637 1037 Χριστοῦ·
2668 966 2737 1017 τά
2765 964 2873 1034 γὰρ
2907 965 3258 1035 ἐπιτάγματα
3291 966 3467 1018 ἐκεῖνα
3492 969 3742 1043 πρόσκαιρα

2243 1053 2333 1128 ἦν,
2382 1056 2478 1110 καὶ
2523 1058 2581 1109 οὐ
2613 1056 2924 1118 διαπαντός.
2975 1056 3085 1108 Καὶ
3136 1055 3294 1109 τοῦτο
3321 1057 3379 1110 ού
3418 1060 3742 1129 στοχαζόμενος

2244 1148 2408 1217 λέγω,
2441 1148 2553 1202 ἀλλ’
2583 1149 2692 1201 ἀπὸ
2739 1147 2846 1201 τῶν
2876 1146 3034 1200 θείων
3080 1148 3331 1219 Γραφῶν.
3375 1150 3524 1217 Πῶς;
3558 1152 3693 1221 Φησὶν
3723 1158 3743 1209 ὁ

2244 1242 2457 1302 Λουκᾶς
2480 1240 2761 1309 εἰρηκέναι
2788 1238 2879 1291 τὸν
2912 1238 3146 1308 Χριστὸν
3188 1241 3301 1302 τοῖς
3337 1240 3614 1310 μαθηταῖς,
3646 1244 3743 1298 Ὅτε

2243 1332 2572 1387 ἀπέστειλα
2604 1330 2761 1401 ὑμᾶς
2799 1332 2939 1398 ἄτερ
2967 1332 3304 1396 βαλαντίου
3352 1332 3446 1385 καὶ
3478 1333 3646 1402 πήρας
3671 1336 3742 1389 καί

2245 1422 2428 1491 ζώνης
2481 1424 2579 1477 καί
2632 1422 3053 1492 ὑποδημάτων,
3080 1423 3225 1491 μήτι
3267 1423 3581 1492 ὑστέρησεν
3604 1426 3742 1495 ὐμῐη

2246 1516 2542 1584 Λέγουσιν
2568 1514 2717 1587 [275]
2741 1514 2919 1581 αὐτῷ·
2952 1516 3054 1568 Οὔ.
3079 1515 3286 1569 Οὐκοῦν
3310 1516 3487 1570 λοιπὸν
3506 1519 3741 1589 κτήσασθε.

2258 1609 2415 1662 Ἀλλά
2450 1610 2501 1662 τί
2530 1609 2656 1674 ἔδει,
2711 1608 2832 1661 εἰπέ
2862 1626 2950 1679 μοι
2976 1626 2991 1674 ;
3027 1607 3124 1661 ἕνα
3147 1608 3349 1678 χιτῶνα
3374 1609 3541 1678 ἐχεινς
3569 1612 3623 1663 Τί
3644 1608 3741 1677 οὖν;

2245 1700 2292 1750 εί
2323 1697 2612 1751 πλύνεσθαι
2636 1696 2823 1749 τοῦτον
2845 1697 2974 1761 ἔδει,
3006 1697 3210 1766 γυμνὸν
3235 1699 3398 1768 ἐχρῆν
3421 1697 3547 1750 οἶκοι
3571 1698 3742 1763 καθέζε-

2247 1788 2406 1853 σθαι;
2447 1787 2479 1857 ἢ
2526 1787 2732 1855 γυμνὸν
2776 1787 3045 1858 περιιέναι
3091 1788 3185 1839 καὶ
3228 1788 3569 1857 ἀσχημονεῖν,
3602 1790 3743 1858 χρείας

2247 1877 2551 1947 καλούσης;
2588 1878 2870 1946 Ἐννόησον
2896 1872 3007 1930 οἷον
3044 1872 3111 1948 ἦν
3140 1876 3353 1930 Παῦλον
3381 1879 3465 1930 τὸν
3506 1879 3585 1930 ἐπὶ
3607 1879 3737 1931 τοσοθ

2245 1986 2358 2030 τοις
2382 1967 2768 2038 κατορθώμασι
2793 1967 3074 2038 περιιόντα
3100 1967 3196 2038 τὴν
3228 1969 3536 2039 οἰκουμένην
3562 1969 3635 2021 διὰ
3655 1971 3743 2037 ἱμα-

2244 2058 2361 2109 τίου
2386 2056 2590 2109 ἔνδειαν
2619 2056 2757 2108 οἶκοι
2777 2054 3071 2125 καθῆσθαι,
3091 2056 3185 2108 καὶ
3205 2056 3531 2126 τηλικούτοις
3546 2057 3745 2126 πράγμα-

2248 2166 2331 2201 σιν
2364 2146 2699 2218 ἐμποδίζειν.
2750 2148 2829 2199 Τίι
2843 2147 2898 2201 δέ
2926 2164 2940 2212 ;
2982 2149 3029 2199 εί
3070 2147 3282 2218 κρυμὸς
3311 2146 3527 2217 ἐπετέθη
3554 2147 3743 2215 σφοδρὸς,

2246 2240 2339 2292 καὶ
2369 2240 2716 2309 κατέϐρεξεν,
2769 2239 2803 2307 ἢ
2850 2239 2945 2291 καὶ
2982 2240 3260 2307 ἐπάγωσε,
3313 2239 3427 2302 πῶς
3461 2237 3746 2309 ξηραίνεσθαι

2247 2332 2410 2401 ἐνῆν;
2442 2330 2602 2383 πάλιν
2629 2330 2835 2400 γυμνὸν
2869 2331 3032 2400 ἐχρῆν
3060 2330 3363 2399 καθῆσθαι;
3387 2332 3436 2383 τί
3456 2330 3533 2395 δίς
3564 2329 3745 2398 είψῦχος

2247 2421 2523 2474 κατέτεινε
2546 2421 2606 2474 τὸ
2642 2422 2824 2493 σῶμα,
2877 2422 3140 2492 τήκεσθαι
3187 2422 3315 2487 ἔδει,
3361 2422 3449 2475 καὶ
3475 2422 3541 2492 μὴ
3569 2422 3747 2489 φθέγγε-

2249 2511 2402 2576 σθαι;
2436 2512 2556 2565 Ὅτι
2590 2510 2699 2582 γὰρ
2728 2512 2827 2565 οὐκ
2852 2510 3183 2581 ἀδαμάντινα
3204 2512 3427 2582 σώματα
3460 2512 3620 2573 αὐτοῖς
3643 2527 3748 2562 κατ-

2248 2602 2561 2667 εσκεύαστο,
2614 2601 2843 2655 ἄκουσον
2887 2601 2941 2653 τί
2989 2618 3121 2672 φησι
3161 2604 3292 2671 περὶ
3322 2603 3601 2673 Τιμοθέου·
3635 2603 3749 2663 0qu)

2248 2695 2430 2763 ὀλίγῳ
2456 2692 2576 2762 χρῶ
2593 2692 2690 2748 διὰ
2714 2694 2823 2747 τὸν
2843 2692 3152 2761 στόμαχόν
3174 2712 3293 2748 σου
3336 2694 3430 2748 καί
3456 2693 3553 2760 τὰς
3568 2691 3750 2757 πυκνός

2247 2800 2364 2838 σου
2385 2786 2731 2851 ἀσθενείας·
2761 2785 2854 2837 καὶ
2878 2785 3039 2839 πάλιν
3074 2786 3202 2856 περὶ
3239 2788 3442 2855 ἐτέρου,
3478 2785 3751 2854 Ἀναγκαῖον

2248 2877 2571 2945 ἡγησάμην
2598 2876 2953 2932 ἀποστεῖλαι
2977 2876 3120 2945 ὑμῖν
3150 2877 3259 2930 τὸν
3284 2878 3445 2947 ὑμῶν
3473 2878 3752 2931 ἀπόστολοι·

2248 2970 2345 3023 καὶ
2367 2968 2716 3037 λειτουργὸν
2739 2967 2851 3036 τῆς
2875 2969 3078 3037 χρείας
3094 2986 3235 3038 μου.
3264 2969 3373 3023 Καὶ
3389 2969 3491 3039 γὰρ
3508 2970 3753 3036 ἠσθένησε

2249 3060 2675 3129 παραπλήσιον
2698 3060 2979 3123 θανάτου,
3010 3061 3149 3114 ἀλλ’
3179 3065 3211 3115 ό
3256 3062 3397 3128 Θεὸς
3422 3062 3591 3116 αὑτὸν
3612 3059 3752 3126 ἠλέη-

2249 3168 2396 3205 σεν·
2451 3155 2561 3207 οὐκ
2609 3151 2797 3205 αὑτὸν
2823 3150 2891 3203 δὲ
2924 3153 3136 3221 μόνον,
3173 3155 3336 3207 ἀλλὰ
3375 3155 3465 3207 καὶ
3495 3152 3603 3223 ἐμέ.
3630 3152 3752 3205 ’Ὥστε

2250 3243 2512 3314 ἁλώσιμοι
2534 3245 2699 3297 πᾶσιν
2721 3239 2859 3315 ἦσαν
2888 3246 2999 3307 τοῖς
3022 3244 3238 3300 πάθεσι.
3269 3248 3333 3299 Τί
3351 3245 3438 3302 οῦν
3457 3265 3470 3314 ;
3486 3244 3753 3301 ἀπόλλυσθαι

2249 3338 2415 3409 ἐχρῆν
2438 3357 2451 3401 ;
2478 3338 2761 3408 Οὐδαμῶς.
2785 3338 2827 3388 Τ
2834 3338 2942 3400 ίνος
2971 3332 3062 3389 οὖν
3079 3337 3268 3392 ἕνεκεν
3290 3341 3408 3393 τότε
3436 3339 3580 3391 τοῦτο
3600 3337 3752 3390 ἐπέτα-

2250 3430 2340 3497 ξε;
2378 3429 2486 3501 Τὴν
2509 3429 2740 3500 δύναμιν
2786 3428 2948 3482 αὐτοῦ
2996 3427 3163 3482 θέλων
3192 3431 3398 3496 δεῖξαι,
3435 3432 3512 3485 ὅτι
3546 3430 3625 3483 καί
3652 3424 3754 3496 μετὰ

2248 3522 2420 3574 ταῦτα
2444 3521 2663 3573 ἐδύνατο
2691 3519 2834 3573 οὕτω
2864 3520 3108 3589 ποιῆσαι,
3132 3522 3245 3575 ἀλλ’
3264 3526 3363 3577 οὐκ
3391 3524 3612 3594 ἐποίησε.
3638 3521 3753 3578 Τίνος

2248 3610 2339 3667 οὖν
2359 3614 2541 3666 ἕνεκεν
2561 3615 2661 3667 οὐκ
2684 3614 2935 3684 ὲποίησε;
2966 3614 3152 3685 Πολλῴ
3173 3615 3284 3667 τῶν
3318 3613 3633 3687 Ἰσραηλιτῶν
3652 3606 3755 3680 ἦσαν

2248 3702 2392 3761 οὗτοι
2420 3708 2877 3778 θαυμασιώτεροι,
2917 3701 2990 3761 ὧν
3024 3709 3091 3762 τὰ
3116 3710 3442 3780 ὑποδήματα
3468 3709 3523 3760 οὐ
3557 3702 3754 3771 κατετρίσ

2250 3799 2393 3863 ϐετο,
2424 3798 2543 3850 οὐδὲ
2582 3798 2651 3851 τά
2679 3800 2889 3869 ἱμάτια,
2922 3799 3014 3852 καὶ
3052 3799 3224 3852 ταῦτα
3248 3801 3459 3871 ἐκείνην
3485 3800 3573 3868 τὴν
3594 3796 3755 3866 ἔρημον

2248 3891 2606 3955 διοδευόντων,
2638 3891 2767 3945 ἔνθα
2796 3892 3102 3964 θερμοτέρα
3130 3895 3493 3947 ἐπιπίπτουσα
3523 3895 3552 3963 ἡ
3582 3886 3753 3953 ἀκτὶςὴ

2250 3984 2447 4055 ήλιακὴ
2469 3984 2562 4037 καὶ⁵
2586 3983 2765 4047 λίθους
2784 3984 2979 4048 αὐτοὺς
3004 3986 3378 4056 καταφρύγειν
3397 3985 3615 4038 δύναται.
3638 3978 3755 4037 Τίνος

2249 4071 2342 4127 οὖν
2388 4074 2571 4127 ἕνεκεν
2600 4072 2757 4126 τοῦτο
2798 4074 3058 4141 ἐποίησε;
3088 4075 3186 4127 Διὰ
3217 4076 3299 4131 σέ.
3348 4074 3548 4145 Ἐπειδὴ
3570 4072 3658 4142 γάρ
3684 4068 3755 4121 οὐκ

2251 4166 2474 4236 ἔμελλες
2501 4165 2783 4234 ὑγιαίνειν,
2812 4166 2945 4219 ἀλλά
2967 4167 3450 4237 τραυματίζεσθαι,
3469 4166 3566 4220 τῶν
3588 4160 3755 4233 φαρμά-

2250 4278 2361 4312 κων
2392 4276 2470 4311 σοι
2490 4259 2588 4329 τὴν
2615 4258 2869 4311 ὑπόθεσιν
2892 4260 3131 4330 παρέσχε
3153 4278 3167 4291 ·
3195 4261 3292 4313 καὶ
3317 4261 3469 4314 τοῦτο
3493 4259 3627 4329 δῆλον
3649 4253 3754 4306 ἐκεῖ·

2252 4352 2361 4405 θεν.
2394 4352 2526 4404 Εἰπὲ
2556 4352 2662 4421 γάρ
2688 4368 2797 4421 μοι,
2819 4352 2917 4403 οὐκ
2936 4350 3166 4420 ἠδύνατο
3185 4352 3346 4415 αὐτὸς
3371 4352 3552 4412 αὐτοὺς
3579 4345 3752 4415 θρέψαιὶ

2251 4446 2298 4496 εἰ
2328 4445 2409 4496 σο¹ι
2434 4443 2510 4512 τῷ
2537 4444 2999 4513 προσκεκρουκὸτι
3028 4442 3225 4495 ἔδωκεν
3251 4484 3264 4505 ,
3314 4444 3373 4496 οὐ
3410 4439 3573 4509 πολλῷ
3604 4433 3753 4507 μᾶλλον

2253 4536 2445 4605 Παύλῳ
2473 4535 2538 4589 ἂν
2573 4535 2804 4601 ἐδωκεν;
2851 4535 2879 4586 ὁ
2912 4537 3025 4598 τοῖς
3095 4536 3452 4606 Ἰσραηλίταις
3488 4533 3639 4591 διδοὺς
3672 4527 3753 4584 τοτ

2250 4630 2601 4697 γογγυσταῖς,
2652 4630 2761 4690 τοῖς
2819 4627 3060 4696 πόρνοις,
3107 4630 3219 4691 τοῖς
3278 4625 3673 4695 εἰδωλολάτραις.
3706 4615 3750 4668 οὐ

2251 4716 2431 4786 πολλῷ
2471 4715 2670 4785 μᾶλλον
2700 4716 2765 4768 ἂν
2791 4714 2981 4785 Πέτρῳ
3009 4714 3086 4785 τῷ
3107 4716 3487 4785 καταλείψαντι
3509 4713 3687 4767 ἅπαντα
3705 4702 3753 4757 δι’

2250 4807 2411 4860 αὑτὸν
2464 4806 2706 4875 ἁφῆκενς
2760 4807 2788 4858 ὁ
2828 4808 3064 4877 μιαροὺς
3113 4808 3270 4875 ἀφεὶς
3326 4808 3465 4877 ἔχειν
3499 4793 3753 4872 ἄνδραςυοῦ

2250 4896 2430 4966 πολλῴ
2485 4897 2682 4967 μάλλον
2721 4895 2784 4949 ἂν
2832 4897 3050 4967 Ἰωάννῃ
3104 4897 3415 4967 ἐχαρίσατο,
3465 4893 3536 4965 τῷ
3578 4891 3654 4945 καὶ
3690 4884 3755 4937 τὸν

2251 4988 2459 5057 πατέρα
2492 4988 2558 5041 δι’
2592 4987 2752 5040 αὑτὸν
2787 4988 3206 5053 καταλείποντι;
3251 4989 3387 5041 Ἀλλ’
3410 4988 3505 5041 οὐκ
3525 4984 3753 5054 ἠθέλησεν·

2250 5080 2385 5133 ἀλλὰ
2412 5080 2500 5133 διά
2532 5079 2624 5132 σοῦ
2670 5080 2863 5142 αὐτοὺς
2905 5081 3123 5151 τρέφει,
3156 5082 3241 5134 ἵνα
3276 5084 3342 5135 σὺ
3382 5078 3641 5149 ἁγιασθῇς.
3675 5067 3755 5123 Καὶ

2250 5172 2347 5225 θέα
2382 5190 2470 5243 μοι
2522 5172 2619 5243 τὴν
2669 5171 2972 5242 ὑπερϐολὴν
3016 5173 3114 5239 τῆς
3160 5171 3570 5242 φιλανθρωπίας.
3612 5162 3756 5216 Εἵλετο

2250 5266 2379 5327 τοῦς
2417 5263 2583 5317 αὐτοῦ
2636 5263 2885 5333 μαθητὰς
2934 5263 3321 5333 ἐλαττωθῆναι,
3368 5264 3452 5315 ἵνα
3505 5262 3562 5313 σὺ
3608 5247 3756 5326 μικρὸν

2250 5356 2619 5426 ἁναπνεύσῃς.
2691 5355 2830 5407 Ἀλλ’
2884 5357 2933 5407 εί
2984 5357 3238 5425 ἐποίησεν
3292 5355 3481 5415 αὐτοὺς
3524 5342 3755 5403 ἁνενῦεεῖςν

2250 5448 2403 5518 φησὶ,
2442 5446 2621 5517 πολλῴ
2655 5446 3088 5517 θαυμαστότεροι
3124 5447 3190 5499 ἂν
3224 5442 3361 5516 ἦσαν
3382 5484 3395 5508 ,
3427 5440 3588 5509 πολλῷ
3617 5430 3757 5490 ἐπιδο-

2251 5539 2476 5607 ξότεροι.
2511 5536 2673 5589 Ἀλλὰ
2701 5536 2846 5605 σοῦή
2872 5537 3112 5606 σωτηρία
3139 5537 3476 5599 ἐξεκέκοπτο.
3499 5533 3597 5597 υᾶχ
3625 5524 3759 5576 eam

2248 5631 2426 5684 τοίνυν
2450 5630 2687 5692 ἐκείνους
2718 5631 2966 5696 γενέσθαι
3012 5628 3355 5697 θαυμαστοὺς
3376 5666 3390 5691 ,
3422 5623 3527 5677 ἀλλ’
3559 5618 3759 5672 ἐλαττου-

2255 5724 2375 5776 σθαι
2411 5723 2610 5793 μᾶλλον
2635 5764 2648 5782 ,
2687 5724 2773 5773 ἵνα
2812 5721 2875 5774 σὺ
2909 5719 3085 5789 σωθῇς
3107 5734 3120 5747 ’
3158 5720 3251 5773 καὶ
3276 5714 3614 5782 ἐλαττωθῆναι
3645 5698 3758 5793 ἐκεῖ·

2255 5834 2374 5877 νους
2410 5814 2811 5885 συνεχώρησεν,
2849 5814 2934 5866 ἶνα
2967 5812 3029 5864 σὺ
3061 5811 3292 5881 δυνηθῇς
3323 5808 3560 5877 σωθῆναι.
3589 5798 3649 5851 05
3676 5789 3758 5859 γάρ
