3898 6492
102 382 207 436 εδδ

100 499 371 575 punitur?
424 498 625 554 Verum
677 495 794 550 hare
840 506 999 548 nemo
1047 505 1116 545 ne
1167 487 1402 558 cogitare
1456 482 1673 556 quidem

98 594 423 667 aggreditur,
449 592 562 645 haec
592 603 749 643 nemo
773 585 1056 640 examinat.
1082 581 1198 651 Ego
1222 594 1350 635 vero
1375 579 1471 633 ista
1499 577 1678 631 dicere

98 697 318 744 coactus
337 700 477 749 sum,
505 699 611 737 non
641 696 769 737 sane
796 678 846 733 id
873 691 1055 747 agens,
1084 683 1146 728 ut
1169 672 1477 729 sacerdotes
1499 668 1678 725 crimi-

100 781 259 835 nibus
286 778 505 834 liberem
530 816 545 840 ,
587 773 680 828 sed
707 781 764 826 ut
790 769 941 825 vobis
965 766 1263 823 consulam.
1297 763 1427 817 Nam
1455 760 1532 816 illi
1558 759 1680 830 qui-

101 875 226 928 dem
249 912 265 935 ,
296 871 341 925 si
370 884 493 925 cum
535 865 770 935 pecuniae
797 875 1015 931 operam
1045 857 1174 913 dent
1195 897 1211 921 ,
1252 856 1372 924 jure
1400 867 1463 907 ac
1490 851 1681 906 merito

102 968 203 1019 ista
230 962 471 1025 audiunt,
496 958 700 1013 nullum
729 971 761 1010 a
792 953 940 1008 vobis
964 951 1343 1005 detrimentum
1371 949 1680 1014 reportant;

100 1055 200 1109 sed
227 1055 339 1108 sive
362 1048 604 1106 dixeritis
623 1088 640 1113 ,
670 1046 785 1101 sive
828 1041 1096 1098 Iacueritis
1114 1079 1131 1106 ,
1164 1037 1425 1093 rationem
1454 1035 1561 1089 illic
1585 1032 1681 1087 Ju-

100 1147 207 1200 dici
256 1143 483 1198 reddent
523 1158 537 1195 :
579 1136 923 1209 quamobrem
951 1132 1083 1188 nihil
1126 1129 1233 1185 illis
1278 1135 1449 1182 vestra
1492 1129 1686 1178 nocent

101 1240 293 1296 verba.
325 1238 418 1293 Sin
448 1246 628 1290 autem
659 1232 794 1286 falso
822 1245 851 1284 a
879 1229 1028 1283 vobis
1058 1226 1329 1288 dicuntur,
1362 1222 1436 1275 illi
1469 1217 1685 1289 quidem

101 1331 317 1385 lucrum
342 1328 503 1384 etiam
540 1330 837 1395 reportant,
865 1321 981 1375 sine
1007 1331 1168 1374 causa
1194 1312 1531 1370 contumeliis
1557 1308 1687 1363 alle-

101 1425 213 1487 cti;
255 1436 354 1477 vos
393 1434 521 1475 vero
561 1416 715 1472 vobis
743 1415 871 1485 ipsis
909 1412 1035 1466 hinc
1071 1410 1323 1465 damnum
1352 1402 1578 1460 infertis.
1610 1401 1687 1457 De

100 1516 259 1570 vobis
302 1528 433 1569 vero
472 1526 579 1565 non
626 1510 699 1563 ita
741 1521 833 1562 res
875 1504 1073 1565 habet;
1120 1500 1216 1556 sed
1258 1498 1373 1554 sive
1400 1511 1547 1560 vera,
1577 1494 1690 1549 sive

101 1609 240 1663 falsa
288 1607 417 1672 sint,
464 1618 585 1673 quae
630 1600 886 1654 adversus
923 1595 1044 1649 illos
1083 1592 1368 1656 dicuntur,
1398 1588 1502 1642 hoc
1532 1586 1687 1656 ipso,

102 1700 254 1771 quod
303 1700 407 1753 illis
448 1694 782 1756 maledicitis,
831 1704 926 1745 vos
971 1690 1116 1758 ipsos
1156 1684 1369 1740 lzedilis.
1411 1681 1546 1750 Quid
1576 1678 1692 1734 ita?

98 1792 377 1861 Quoniam
404 1789 448 1843 si
486 1802 611 1842 vera
637 1784 852 1854 quidem
895 1781 1124 1845 fuerint,
1166 1776 1317 1831 vobis
1349 1772 1693 1828 nihilominus

97 1884 345 1948 nocetis,
386 1879 644 1951 judicium
680 1877 747 1931 de
778 1872 1046 1943 magistris
1085 1873 1339 1934 ferentes,
1367 1875 1422 1921 et
1449 1864 1694 1920 ordinem

98 1976 512 2038 disturbantes;
541 1986 665 2025 nam
702 1968 746 2022 si
772 1966 841 2022 de
864 1965 1030 2020 fratre
1053 1962 1292 2033 judicare
1320 1975 1428 2015 non
1458 1964 1692 2028 oportet,

100 2069 285 2141 multo
318 2068 493 2121 minus
519 2065 586 2119 de
610 2062 901 2132 magistro:
930 2059 1011 2114 sin
1051 2065 1228 2111 autem
1258 2054 1408 2120 falsa,
1440 2054 1694 2107 intolera-

102 2162 220 2216 bile
247 2160 473 2214 omnino
501 2155 822 2225 supplicium
857 2167 920 2207 ac
951 2165 1108 2222 pmna
1133 2149 1256 2203 erit.
1286 2147 1362 2201 De
1383 2144 1525 2200 omni
1554 2143 1695 2197 enim

106 2252 283 2306 verbo
304 2251 479 2304 otioso
500 2248 757 2302 rationem
778 2242 1008 2299 reddetis
1028 2239 1244 2311 (Matth.
1264 2238 1350 2293 12.
1372 2237 1486 2303 ’56).
1509 2235 1699 2303 Quam-

102 2346 302 2400 obrem
349 2350 525 2397 vestra
567 2355 727 2395 causa
771 2339 948 2394 omnia
1000 2335 1223 2390 facimus
1265 2348 1331 2388 ac
1371 2333 1696 2386 laboramus.

101 2442 409 2501 Caeterum,
438 2434 579 2504 quod
609 2432 873 2497 dicebam,
900 2443 1059 2484 nemo
1086 2429 1199 2481 haec
1226 2424 1514 2489 examinat,
1539 2436 1702 2477 nemo

104 2534 165 2587 in
218 2531 305 2585 his
347 2530 557 2584 curiose
599 2526 817 2595 satagit,
862 2536 1017 2577 nemo
1062 2520 1350 2591 quidquam
1381 2520 1573 2572 horum
1600 2516 1700 2571 sibi

102 2625 221 2694 ipsi
252 2622 404 2677 dicit.
446 2620 614 2673 \‘ultis
644 2627 699 2672 et
722 2616 822 2669 alia
862 2613 1094 2694 addam?
1125 2612 1303 2665 Omnis
1343 2625 1406 2664 ea:
1429 2608 1586 2673 vobis,
1617 2606 1705 2678 qui

102 2734 225 2771 non
250 2713 526 2775 renuntiat,
551 2710 723 2780 inquit
752 2692 1022 2771 Christus,
1055 2703 1286 2758 omnibus
1315 2717 1427 2773 qua
1458 2700 1700 2771 possidet,

105 2826 229 2865 non
254 2817 341 2864 est
365 2821 450 2861 me
474 2805 666 2873 dignus
687 2801 837 2871 (Luc.
874 2799 958 2853 14.
999 2796 1112 2867 '55).
1142 2796 1280 2862 Quid
1309 2809 1436 2848 vero
1457 2834 1471 2858 ,
1501 2793 1588 2847 ubi
1620 2793 1707 2845 in-

105 2902 269 2971 quit,
316 2897 535 2967 Difficile
558 2904 630 2949 est
659 2894 861 2947 divitem
889 2892 1080 2944 intrare
1118 2889 1171 2941 in
1217 2902 1427 2957 regnum
1467 2884 1706 2938 malorum

108 2993 345 3065 (Matth.
375 2991 465 3045 19.
493 2989 622 3058 93)?
646 2986 773 3057 quid
800 3000 949 3050 vero,
981 2998 1099 3037 cum
1123 2979 1312 3050 inquit,
1352 2977 1439 3032 Va:
1464 2976 1600 3030 vobis
1626 2976 1708 3029 di-

107 3088 331 3148 vitibus,
364 3085 481 3155 quia
526 3082 715 3135 habetis
760 3078 1153 3155 consolationem
1196 3087 1411 3130 vestram
1455 3072 1603 3145 (Luc.
1650 3071 1706 3127 6.

106 3182 216 3249 ‘24)
238 3181 263 3233 ἲ
299 3179 468 3233 Nemo
494 3177 595 3230 hoc
622 3172 933 3244 perpendit,
962 3154 1135 3225 ‘nemo
1165 3172 1383 3238 cogitat,
1427 3182 1586 3221 nemo
1615 3180 1707 3221 se-

108 3288 250 3329 cum
280 3273 399 3340 ipse
419 3269 652 3323 rationes
672 3265 939 3329 subducit,
968 3262 1060 3316 sed
1086 3271 1288 3315 tantum
1314 3261 1363 3312 in
1395 3273 1483 3313 res
1508 3258 1710 3311 alienas

109 3366 481 3421 vehementes
506 3374 711 3415 sumus.
739 3360 808 3412 At
833 3357 936 3411 hoc
959 3354 1087 3409 nihil
1110 3353 1251 3408 aliud
1274 3361 1376 3418 est,
1403 3366 1558 3421 quam
1587 3366 1711 3420 par-

112 3460 322 3526 ticipes
360 3453 640 3509 criminum
687 3447 823 3504 fieri.
866 3447 1084 3509 Verum,
1136 3454 1191 3497 ut
1236 3452 1495 3513 praeterea
1536 3450 1712 3494 vestra

112 3565 293 3606 causa
313 3589 331 3614 ,
363 3546 556 3617 quibus
581 3539 893 3599 criminibus
922 3538 1111 3593 affines
1136 3550 1257 3590 esse
1293 3534 1599 3588 sacerdotes
1627 3531 1714 3586 di-

111 3646 272 3708 citis,
313 3657 379 3696 ea
419 3640 640 3698 diluam,
692 3634 870 3688 audite
900 3650 913 3685 :
942 3631 1081 3684 hanc
1106 3629 1249 3684 enim
1279 3628 1347 3681 de
1378 3627 1480 3680 illis
1508 3625 1716 3695 opinio-

116 3752 255 3792 nem
299 3732 561 3795 induisse,
595 3727 846 3782 nimirum
879 3724 1001 3778 illos
1031 3722 1232 3776 violare
1262 3720 1432 3789 legem
1462 3718 1579 3782 Dei,
1610 3731 1716 3770 non

118 3832 252 3886 leve
285 3828 448 3883 habet
473 3824 539 3878 ad
571 3820 966 3890 improbitatem
994 3822 1345 3871 momentum.
1378 3814 1491 3882 Age
1520 3811 1714 3880 igitur,

116 3934 180 3980 et
212 3924 306 3977 illa
339 3918 720 3990 expendamus.
766 3912 908 3966 Dixit
947 3909 1192 3965 Christus
1213 3949 1228 3972 ,
1264 3906 1438 3960 Nolite
1466 3902 1720 3974 possidere

118 4031 343 4077 aurum,
388 4027 548 4080 neque
588 4015 871 4078 argentum,
916 4018 1072 4072 neque
1118 4001 1246 4053 duas
1294 3998 1507 4061 tunicas,
1563 4011 1722 4064 neque

119 4109 502 4165 calceamenta,
532 4117 633 4153 non
657 4114 859 4161 zonam,
892 4112 993 4147 non
1020 4094 1212 4162 virgam
1240 4092 1257 4160 (
1287 4088 1475 4143 Matth.
1506 4087 1591 4142 10.
1621 4085 1719 4156 9

121 4198 275 4267 Quid
296 4194 491 4266 igitur?
512 4192 596 4246 dic
618 4189 746 4243 mihi
773 4206 785 4241 :
812 4202 938 4241 num
966 4185 1153 4239 Petrus
1181 4188 1365 4236 contra
1399 4187 1721 4248 praeceptum

124 4289 412 4347 faciebat?
437 4284 705 4354 quomodo
727 4282 869 4337 enim
898 4293 1027 4341 non,
1051 4291 1173 4331 cum
1199 4285 1249 4329 et
1278 4287 1465 4327 zonam
1502 4270 1726 4325 haberet

126 4393 193 4437 et
222 4380 602 4435 vestimentum
633 4385 687 4429 et
714 4372 1074 4426 calceamenta
1098 4368 1121 4420 ?
1145 4365 1266 4420 audi
1292 4364 1435 4419 enim
1457 4360 1631 4431 angeli
1657 4360 1725 4414 ad

134 4474 329 4541 ipsum
373 4468 553 4532 verba,
604 4464 941 4533 Prwcingere,
989 4470 1037 4514 et
1077 4459 1248 4513 calcea
1290 4466 1336 4509 te
1379 4456 1569 4526 caligas
1613 4464 1727 4508 tuas

136 4566 311 4637 (Act.
352 4560 438 4615 12.
466 4558 555 4631 8).
586 4558 916 4625 Quamquam
962 4548 1267 4621 bujusmodi
1311 4547 1613 4603 calceorum
1659 4560 1728 4599 ne

128 4670 342 4727 magna
371 4664 492 4709 tunc
517 4652 731 4722 quidem
770 4648 953 4702 aderat
981 4643 1272 4699 necessitas
1305 4658 1319 4694 :
1350 4655 1470 4694 nam
1499 4638 1590 4692 illo
1612 4638 1731 4708 qui-

127 4750 270 4805 dem
298 4758 541 4815 tempore
567 4744 648 4798 vel
681 4740 838 4796 nudis
860 4740 937 4793 ire
967 4737 1187 4807 pedibus
1216 4735 1339 4788 licet
1374 4751 1386 4787 :
1420 4732 1595 4785 hieme
1620 4741 1732 4784 tan-

128 4854 257 4897 tum
291 4838 582 4893 necessarii
622 4843 745 4889 sunt
780 4852 792 4887 :
825 4840 1058 4885 attamen
1100 4827 1296 4896 caligas
1341 4824 1545 4879 habuit.
1592 4821 1726 4889 Quid

126 4950 276 4991 vero
307 4932 547 4987 Paulus?
569 4930 703 4985 Cum
748 4929 813 4982 ad
849 4924 1185 4981 Timotheum
1214 4920 1453 4976 scribens
1479 4918 1726 4983 dixisset,

131 5029 363 5084 Festina
394 5034 511 5079 ante
554 5024 764 5076 hiemem
802 5019 968 5073 venire
992 5015 1084 5085 (2.
1116 5013 1246 5067 Tim.
1276 5013 1331 5069 4.
1359 5011 1421 5064 ει
1452 5010 1470 5079 )
1496 5052 1509 5073 ,
1538 5008 1733 5063 deinde

128 5120 401 5178 mandata
446 5118 559 5177 dat,
608 5122 765 5183 atque
816 5109 1005 5179 inquit,
1051 5106 1335 5169 Pennlam,
1369 5119 1520 5174 quam
1553 5099 1733 5170 reliqui

132 5214 354 5270 Troade
377 5209 517 5281 apud
544 5206 766 5277 Carpam
788 5244 801 5265 ,
837 5202 1037 5256 veniens
1066 5196 1195 5265 affer
1221 5207 1381 5249 tecum
1406 5237 1421 5261 ,
1452 5203 1498 5247 et
1536 5193 1690 5246 libros
1716 5231 1732 5256 ,

128 5304 373 5360 maxime
400 5311 571 5354 autem
615 5296 932 5350 membranas
959 5293 978 5362 (
1003 5289 1087 5345 Ib.
1116 5308 1165 5344 v.
1198 5286 1331 5358 15).
1375 5286 1455 5340 En
1484 5284 1735 5354 penulam

127 5394 497 5459 memoravit,
528 5405 625 5444 nec
650 5389 928 5458 quisquam
949 5382 1161 5446 dixerit,
1193 5380 1347 5434 aliam
1378 5377 1452 5431 illi
1478 5392 1579 5429 non
1602 5374 1736 5428 fuis-

126 5506 199 5545 se
224 5529 244 5553 ,
292 5500 454 5556 quam
496 5488 751 5552 gestaret.
797 5476 1008 5532 Etenim
1051 5474 1097 5527 si
1126 5471 1345 5526 omnino
1389 5468 1576 5522 solitus
1623 5473 1741 5519 erat.

128 5597 259 5640 non
291 5588 527 5650 gestare,
560 5582 1014 5642 supervacaneum
1039 5565 1196 5635 plane
1219 5570 1335 5617 erat
1360 5568 1414 5613 ut
1439 5560 1553 5612 lucc
1581 5555 1743 5610 aﬂ‘er-

129 5648 522 5743 returvjubere
553 5687 567 5721 :
600 5668 681 5721 sin
709 5674 886 5718 autem
919 5660 1035 5714 fieri
1079 5656 1295 5727 nequit,
1329 5654 1454 5722 quin
1496 5648 1742 5720 gestarit,

132 5775 312 5827 aliam
342 5780 563 5837 quoque
604 5763 678 5818 illi
710 5762 872 5815 fuisse
898 5753 1234 5812 manifestum
1267 5759 1368 5806 est.
1397 5745 1533 5815 Quid
1573 5758 1704 5800 vero
1724 5785 1739 5810 ,

132 5865 296 5937 quod
331 5864 603 5930 integrant
632 5854 903 5911 biennium
936 5850 988 5903 in
1030 5842 1358 5901 nicrcenario
1388 5839 1570 5896 labore
1614 5851 1743 5891 con-

1049 372 1118 430 IN
1157 371 1370 430 EPIST.
1410 368 1503 427 AD
1542 364 1828 423 PIIILIPP.
1866 365 2018 424 CAP.
2057 366 2122 422 lt.
2158 364 2393 423 llOllIL.
2433 363 2527 421 IX.

3252 362 3362 421 95'.

1785 483 1980 538 tinuit?
2012 483 2153 552 Ergo
2182 484 2495 553 repugnavit
2521 480 2739 537 Christo
2766 496 2862 537 vas
2890 479 3020 537 illud
3058 480 3356 547 electionis,

1783 573 1876 629 ille
1902 573 1991 643 qui
2031 573 2284 636 dicebat,
2321 573 2444 627 Vivo
2469 583 2637 628 autem
2667 575 2783 644 jam
2812 590 2911 628 non
2942 590 3055 645 ego,
3095 573 3215 627 vivit
3244 588 3363 630 vero

1783 664 1838 718 in
1876 681 1955 718 me
1981 663 2211 719 Christus
2237 665 2255 735 (
2275 663 2392 719 Gal.
2418 665 2473 719 2.
2499 663 2608 735 20)
2631 665 2654 718 ?
2681 665 2768 720 ille
2792 663 2859 720 de
2901 680 3008 735 quo
3051 665 3365 720 testificatus

1785 767 1866 811 est
1884 756 2150 823 Christus,
2175 757 2241 810 ita
2262 756 2468 822 dicens,
2494 742 2744 821 Quoniam
2763 773 2851 811 vas
2877 757 3133 813 electionis
3152 768 3225 813 est
3240 759 3365 812 mihi

1785 845 2222 916 iste(Act.9.l5)?
2242 846 2535 915 Oportebat
2550 861 2644 899 vos
2668 847 2718 899 in
2733 842 3175 903 hacdubitatione
3197 849 3365 903 relin-

1787 950 1982 1005 quere,
2015 937 2322 1007 nullamque
2360 936 2550 992 afl‘erre
2577 937 2889 1007 quaestionis
2916 940 3323 1009 explicationem
3348 982 3365 1006 ,

1786 1028 1882 1083 sed
1927 1027 2064 1083 hanc
2101 1044 2132 1083 a
2182 1029 2331 1084 vobis
2373 1043 2584 1098 ptenam
2621 1029 2840 1100 exigere
2876 1044 2976 1099 pro
3018 1045 3114 1097 ea,
3163 1047 3267 1101 qua
3312 1031 3369 1087 in

1788 1119 2080 1190 Scripturis
2130 1122 2361 1185 utimini,
2406 1121 2724 1192 negligentia
2766 1140 2780 1176 :
2826 1122 2950 1178 inde
2995 1124 3137 1178 enim
3189 1125 3371 1180 omnia

1792 1215 1907 1269 haec
1955 1216 2239 1270 exsistunt.
2280 1215 2565 1285 Propterea
2596 1216 2647 1270 in
2674 1215 2900 1270 aliorum
2932 1217 3164 1287 peccatis
3189 1216 3371 1273 acerbi

1792 1307 2133 1376 inquisitores
2172 1322 2378 1372 sumus,
2408 1306 2478 1362 de
2518 1307 2715 1362 nostris
2751 1317 2928 1361 autem
2968 1321 3037 1362 ne
3075 1307 3372 1377 cogitamus

1793 1399 2031 1467 quidem,
2068 1401 2319 1470 quoniam
2345 1400 2649 1471 Scripturas
2689 1416 2794 1455 non
2824 1410 3091 1468 tenemus,
3120 1401 3373 1471 quoniam

1794 1491 1847 1545 in
1887 1491 2082 1547 divinis
2108 1491 2318 1563 legibus
2357 1506 2463 1547 non
2494 1491 2791 1547 erudimur.
2826 1491 2950 1546 Erat
2995 1493 3152 1562 igitur
3193 1492 3307 1547 hare
3343 1508 3377 1549 a

1795 1582 1949 1638 vobis
1974 1598 2132 1653 pinna
2157 1584 2471 1653 repetenda.
2504 1583 2611 1639 Sed
2649 1584 2774 1654 quid
2802 1585 2996 1654 agam?
3025 1585 3183 1640 Pater
3210 1600 3327 1639 sum
3359 1604 3374 1640 :

1796 1676 1961 1731 multa
1988 1675 2148 1732 etiam
2175 1677 2313 1732 ultra
2337 1716 2352 1741 ,
2380 1691 2535 1747 quam
2570 1685 2819 1746 oportet,
2849 1674 2973 1731 filiis
3011 1676 3377 1747 gratificantur

1798 1778 2001 1839 patres,
2032 1769 2159 1824 dum
2186 1778 2408 1840 paterna
2435 1771 2671 1839 ipsorum
2702 1769 3032 1824 incalescunt
3058 1771 3294 1836 viscera;
3324 1779 3379 1825 et

1798 1862 1843 1915 si
1868 1861 2032 1917 lilium
2057 1863 2261 1916 tristem
2288 1876 2351 1916 ac
2372 1860 2732 1917 tabescentem
2751 1862 2979 1927 videant,
3001 1864 3145 1933 ipsos
3167 1878 3379 1934 quoque

1801 1952 1919 2022 plus
1943 1967 2103 2022 quam
2131 1952 2279 2006 illum
2310 1952 2493 2022 pungit
2521 1951 2694 2018 dolor,
2728 1968 2826 2008 nec
2862 1954 3166 2023 quiescunt,
3208 1953 3380 2010 donec

1801 2043 2050 2098 maeroris
2076 2057 2290 2098 causam
2314 2043 2647 2097 sustulerint.
2678 2040 2941 2098 Caeterum
2965 2044 3088 2099 licet
3126 2045 3229 2100 hoc
3255 2062 3381 2101 eve-

1803 2133 1962 2197 nerit,
1989 2133 2115 2188 licet
2138 2133 2408 2203 paulisper
2428 2148 2523 2188 vos
2552 2148 2782 2188 moerere
2808 2134 3023 2188 siverim
3045 2149 3110 2189 ex
3143 2151 3208 2189 eo
3238 2135 3383 2205 quod

1804 2244 1912 2283 non
1941 2230 2258 2298 acceperitis
2288 2248 2303 2284 :
2334 2229 2603 2296 nimirum,
2638 2238 2695 2284 ut
2720 2227 2858 2284 bene
2884 2243 3025 2284 nunc
3056 2230 3347 2300 accipiatis.

1876 2322 1930 2376 6.
1959 2321 2093 2388 Quid
2118 2322 2277 2392 igitur
2296 2320 2581 2377 dicendum
2603 2322 2721 2376 est?
2744 2321 2861 2376 Non
2886 2331 3202 2391 repugnant,
3225 2323 3383 2387 absit,

1806 2413 1901 2469 sed
1928 2413 2079 2468 valde
2102 2414 2442 2468 consentiunt
2470 2429 2590 2468 cum
2621 2413 2901 2483 prteceptis
2928 2413 3124 2468 Christi
3149 2432 3161 2467 :
3188 2429 3388 2484 prtece-

1808 2519 1895 2578 pta
1919 2507 2061 2562 enim
2090 2506 2179 2561 illa
2204 2506 2272 2561 ad
2298 2516 2507 2577 tempus
2526 2518 2680 2561 erant
2699 2516 2753 2562 et
2775 2521 2880 2560 non
2909 2514 3184 2575 perpetua.
3206 2506 3388 2576 Neque

1809 2599 1861 2654 id
1886 2614 1953 2653 ex
1979 2600 2306 2668 conjectura,
2333 2598 2425 2653 sed
2451 2614 2516 2652 ex
2542 2597 2736 2653 divinis
2760 2597 3049 2668 Scripturis
3074 2598 3217 2653 dico.
3245 2598 3391 2664 Quo-

1808 2691 2013 2746 modo?
2070 2692 2260 2745 Narrat
2303 2690 2475 2745 Lucas
2516 2690 2715 2746 dixisse
2757 2689 3028 2746 Christum
3076 2691 3388 2760 discipulis,

1814 2782 2031 2850 Quando
2061 2784 2173 2837 misi
2203 2799 2290 2837 vos
2314 2785 2424 2836 sine
2449 2784 2650 2837 sacculo
2676 2792 2721 2836 et
2750 2800 2872 2852 pera
2896 2793 2946 2838 et
2970 2800 3100 2838 zona
3123 2795 3172 2839 et
3197 2786 3393 2838 calcea-

1811 2877 2014 2942 mentis,
2036 2875 2281 2945 numquid
2309 2876 2504 2941 aliquid
2529 2875 2689 2943 defuit
2717 2875 2894 2929 vobis?
2920 2877 2987 2929 At
3015 2876 3093 2930 illi
3118 2877 3353 2930 dixerunt
3374 2917 3393 2944 ,

1815 2965 1965 3021 Nihil
1980 2967 2131 3038 (Luc.
2149 2965 2238 3019 Ἡ.
2256 2967 2345 3021 55.
2364 2965 2476 3036 56).
2499 2966 2643 3036 Ergo
2659 2965 2881 3035 posthac
2899 2968 3047 3022 vobis
3064 2978 3392 3038 comparate.

1813 3060 1917 3116 Sed
1970 3060 2097 3130 quid
2139 3059 2279 3114 facto
2320 3075 2454 3129 opus
2504 3059 2741 3114 fuit?dic
2770 3060 2945 3125 mihi;
2981 3076 3141 3115 unam
3197 3060 3397 3117 habere

1815 3151 2088 3207 tunicam?
2117 3151 2254 3219 Quid
2282 3151 2447 3220 ergo?
2476 3167 2596 3205 cum
2640 3151 2862 3205 lavanda
2908 3151 3021 3206 hazc
3055 3162 3171 3207 erat
3193 3194 3209 3220 ,
3251 3152 3398 3209 domi

1817 3244 2017 3298 nudum
2044 3243 2237 3299 sedere
2262 3243 2533 3312 oportuit,
2562 3243 2641 3295 vel
2673 3242 2871 3296 nudum
2900 3243 3182 3298 circumire
3208 3258 3399 3299 neces-

1817 3337 1974 3391 sitate
2004 3337 2259 3390 invitante
2280 3377 2295 3400 ,
2326 3335 2635 3414 nullamque
2659 3334 2840 3389 decori
2872 3334 3069 3390 habere
3097 3337 3354 3392 ralionem
3377 3338 3401 3392 ?

1817 3429 2022 3499 Cogita,
2050 3428 2345 3497 cujusmodi
2375 3427 2426 3481 id
2470 3427 2677 3493 fuisset,
2710 3428 2930 3481 Paulum
2958 3428 3048 3498 qui
3079 3429 3263 3483 orbem
3291 3440 3403 3484 ter-

1819 3537 1999 3577 rarum
2028 3521 2150 3575 ideo
2175 3519 2505 3590 peragrabat,
2537 3528 2595 3572 ut
2623 3527 2701 3572 tot
2728 3520 2982 3588 praeclara
3009 3533 3169 3589 opera
3196 3521 3401 3586 ederet,

1821 3613 1997 3681 inopia
2030 3612 2192 3666 vestis
2221 3620 2461 3665 coactum
2492 3609 2637 3664 domi
2676 3610 2864 3664 sedere
2889 3651 2903 3674 ,
2949 3625 3012 3664 ac
3043 3611 3201 3664 tantis
3237 3611 3401 3668 rebus

1822 3705 2258 3775 impedimentum
2298 3701 2495 3757 afferri.
2539 3700 2676 3767 Quid
2716 3716 2845 3756 vero
2870 3742 2885 3767 ,
2918 3701 2963 3755 si
2993 3700 3284 3758 vehemens
3318 3704 3404 3757 in-

1822 3798 2055 3868 gruisset
2094 3796 2266 3849 hiems
2284 3835 2298 3858 ,
2324 3809 2387 3848 ac
2416 3794 2638 3863 pluisset
2665 3802 2755 3847 aut
2783 3794 2943 3848 etiam
2973 3793 3360 3865 conglaciasset
3385 3836 3402 3863 ,

1824 3888 2095 3960 quomodo
2128 3903 2247 3943 eam
2281 3887 2483 3942 siccare
2520 3886 2795 3941 licuisset?
2831 3901 2957 3939 num
2991 3900 3173 3940 rursus
3202 3887 3405 3943 nudum

1825 3982 2017 4037 sedere
2045 3979 2316 4050 oportuit?
2351 3978 2476 4049 quid
2502 3992 2651 4041 vero,
2686 3978 2729 4032 si
2756 3977 2968 4047 frigoris
2992 3976 3045 4031 vi
3075 3992 3269 4046 corpus
3294 3981 3410 4034 col-

1828 4072 2096 4126 laberetnr
2114 4110 2129 4136 ,
2162 4085 2285 4123 num
2316 4068 2694 4124 tabescendum
2723 4068 2820 4122 fuit
2846 4077 3004 4137 atque
3029 4068 3408 4124 obmutescen-

1828 4165 1990 4220 dum?
2009 4165 2087 4220 Ne
2113 4166 2254 4220 enim
2283 4174 2434 4233 putes
2462 4163 2799 4217 adamantina
2826 4161 2929 4215 illis
2957 4161 3119 4217 fuisse
3145 4178 3370 4233 corpora
3394 4180 3408 4217 :

1829 4261 1951 4315 audi
1975 4260 2098 4331 quid
2122 4259 2187 4314 de
2208 4257 2489 4312 Timotheo
2510 4257 2669 4320 dicat,
2693 4254 2896 4308 Modico
2917 4257 3030 4308 vino
3051 4266 3188 4309 utere
3206 4268 3411 4327 propter

1830 4355 2145 4409 stomachum
2166 4364 2323 4416 tuum,
2342 4360 2390 4403 et
2413 4353 2690 4420 frequentes
2708 4358 2820 4401 tuas
2841 4348 3158 4414 inﬁrmitates
3178 4351 3254 4419 (1.
3273 4348 3410 4404 Tim.

1833 4450 1885 4503 5.
1915 4448 1986 4501 Ξῖ)
2011 4445 2061 4517 );
2094 4460 2157 4500 ac
2196 4459 2380 4499 rursus
2408 4443 2475 4496 de
2511 4443 2680 4495 altero
2700 4483 2715 4506 ,
2750 4438 3105 4493 Necessarium
3135 4442 3416 4495 existimaui

1833 4542 2028 4595 mittere
2053 4538 2119 4591 ad
2146 4554 2230 4592 vos
2255 4547 2470 4590 vestrum
2497 4532 2802 4602 apostolum,
2829 4541 2876 4585 et
2898 4531 3181 4585 ministrum
3202 4535 3415 4586 necessi-

1836 4635 1952 4687 tatis
1980 4647 2120 4686 meaz.
2154 4629 2294 4683 Nam
2319 4638 2365 4682 et
2393 4627 2679 4696 inﬁrmatus
2702 4634 2951 4693 estusque
2971 4623 3037 4675 ad
3057 4632 3263 4677 mortem
3286 4639 3306 4677 :
3325 4624 3418 4677 sed

1834 4727 1973 4782 Deus
2002 4726 2232 4780 misertus
2269 4730 2342 4775 est
2370 4722 2478 4791 ejus
2509 4735 2528 4773 :
2552 4734 2651 4771 non
2681 4717 2843 4771 solum
2874 4724 3040 4768 autem
3064 4715 3174 4785 ejus
3198 4757 3214 4782 ,
3246 4732 3420 4769 verum

1836 4822 1986 4875 etiam
2014 4829 2061 4873 et
2085 4817 2183 4870 mei
2204 4814 2461 4885 (Philipp.
2486 4811 2537 4863 2.
2567 4810 2656 4864 25.
2684 4806 2800 4878 2‘7).
2830 4806 3009 4876 Itaque
3034 4806 3201 4860 cuivis
3227 4808 3418 4861 morbo

1838 4923 1998 4982 atque
2019 4905 2362 4963 iuvaletudini
2385 4910 2537 4959 erant
2557 4901 2801 4971 expositi.
2824 4898 2958 4966 Quid
2979 4896 3170 4967 igitur?
3191 4912 3420 4967 pereun-

1839 5006 2036 5061 dumne
2062 5003 2164 5057 illis
2188 4999 2340 5056 erat?
2366 4997 2727 5066 Nequaquam.
2755 4991 2891 5060 Quid
2919 4991 3078 5060 igitur
3099 5005 3273 5044 causa:
3296 4998 3421 5044 tunc

1841 5099 1941 5153 fuit
1960 5113 2055 5151 cur
2076 5096 2127 5150 id
2153 5090 2503 5165 praeciperet?
2524 5088 2823 5143 Potentiam
2847 5099 2995 5138 suam
3014 5083 3224 5137 volebat
3243 5091 3423 5136 osten-

1842 5191 1991 5255 dere,
2019 5189 2177 5258 idque
2203 5195 2382 5255 postea
2409 5182 2567 5238 etiam
2593 5179 2830 5250 przesmri
2853 5192 2883 5231 a
2907 5191 2965 5230 se
2988 5190 3164 5245 posse.
3188 5174 3296 5228 Cur
3316 5190 3423 5229 non

1845 5280 2124 5353 ρης»ιὶιὶιῖ
2169 5277 2333 5331 ΜυΙιο
2377 5283 2530 5329 erant
2573 5268 2625 5324 hi
2666 5266 3090 5323 admirabilior-es
3132 5263 3422 5331 lsraelitis,

1844 5388 2067 5445 quorum
2100 5381 2274 5425 tamen
2306 5382 2477 5435 neque
2504 5362 2666 5419 calcei
2695 5373 2866 5428 neque
2892 5364 3069 5411 vestes
3103 5372 3199 5409 usu
3226 5369 3425 5409 consu-

1846 5442 2127 5514 mebantur
2148 5473 2161 5509 :
2180 5465 2498 5524 quamquam
2525 5445 2865 5503 solitudinem
2891 5442 3035 5496 illam
3062 5447 3423 5510 peragrarent,

1848 5554 1935 5610 ubi
1963 5550 2292 5606 ardentiores
2320 5543 2621 5600 incidebant
2646 5539 2774 5593 solis
2801 5535 2967 5600 radii,
2996 5534 3083 5604 qui
3109 5534 3193 5588 Vel
3224 5531 3428 5602 lapides

1849 5648 1994 5716 ipsos
2020 5648 2238 5713 possent
2263 5639 2314 5693 in
2343 5638 2578 5690 cinerem
2605 5641 2833 5686 vertere.
2862 5626 2977 5693 Qua
3002 5626 3162 5697 igitur
3178 5625 3246 5681 de
3265 5637 3427 5680 causa

1850 5738 1953 5793 hoc
1981 5734 2142 5790 fecit?
2171 5732 2268 5786 Tui
2295 5743 2474 5785 causa.
2503 5726 2634 5781 Nam
2662 5724 2914 5795 quoniam
2946 5719 3180 5774 futurum
3199 5727 3342 5780 erat,
3372 5728 3430 5772 ut

1852 5848 1957 5888 non
1999 5834 2258 5899 perpetuo
2294 5824 2499 5877 valeres
2527 5863 2539 5885 ,
2567 5818 2659 5875 sed
2701 5818 2919 5872 vulnera
2962 5814 3259 5884 acciperes;
3302 5825 3427 5881 pro-
