3974 6572
500 424 611 480 ⁸255

504 549 683 606 ptetea
724 532 1022 587 facultatem
1058 525 1150 580 tibi
1192 525 1697 579 medicamentorum
1725 515 2082 588 parandorum

506 628 732 698 praebuit
759 642 771 677 :
801 621 940 693 quod
981 618 1105 675 hinc
1131 617 1262 671 satis
1290 622 1538 667 constare
1577 616 1771 681 potest.
1808 607 1905 662 Dic
1934 607 2078 662 enim

507 694 658 780 inihi,
688 728 864 769 annon
892 711 1006 780 ipse
1036 715 1243 777 poterat
1274 706 1392 759 illos
1422 701 1663 756 nutrire?
1697 697 1965 770 quomodo
1990 694 2079 766 qui

508 811 599 864 tibi
624 803 989 878 prtevaricanti
1011 801 1179 866 dedit,
1203 799 1363 853 Paulo
1386 812 1489 850 non
1509 793 1694 849 daret?
1715 792 1803 863 qui
1828 788 2081 846 lsraelitis

506 902 655 957 dedit
706 894 1188 953 murmuratoribus
1213 934 1229 958 ,
1274 889 1691 953 scortatoribus,
1741 881 2038 938 idololatris
2063 919 2080 947 ,

510 1008 687 1048 nonne
731 992 897 1045 multo
944 989 1112 1055 magis
1158 984 1318 1040 Petro
1359 981 1730 1052 permitteret,
1770 977 1860 1047 qui
1905 974 2084 1028 omnia

512 1096 728 1155 propter
773 1083 945 1152 ipsum
990 1076 1321 1147 reliquerat?
1362 1075 1451 1139 qui
1480 1070 1753 1128 sceleratis
1783 1066 2087 1123 hominibus

510 1182 829 1245 potestatem
872 1170 1097 1226 habendi
1138 1168 1262 1223 fecit
1288 1208 1304 1233 ,
1343 1182 1449 1220 non
1493 1165 1660 1218 multo
1699 1162 1866 1231 magis
1892 1156 2086 1214 Joanni

511 1266 895 1336 gratificaretur
918 1303 934 1327 ,
978 1261 1067 1331 qui
1104 1260 1221 1328 ejus
1248 1272 1409 1312 causa
1443 1266 1643 1324 patrem
1674 1265 1884 1322 quoque
1914 1251 2086 1319 ipsum

512 1355 840 1427 reliquerat?
878 1356 1123 1407 Attamen
1157 1350 1327 1403 uoluit
1348 1390 1363 1409 ,
1395 1348 1487 1402 sed
1519 1363 1610 1416 per
1639 1355 1689 1400 te
1718 1346 1859 1411 ipsos
1888 1343 2086 1403 nutrit,

515 1456 574 1500 ιιι
613 1456 667 1500 ιιι
698 1444 1062 1499 sanctificeris.
1109 1439 1175 1492 Et
1209 1438 1567 1492 animadverte
1596 1435 1723 1488 mihi
1754 1431 2092 1502 benignitatis

516 1536 969 1605 exsuperantiam.
1017 1533 1199 1588 Voluit
1238 1530 1525 1598 discipulos
1564 1541 1688 1580 suos
1723 1539 1880 1595 egere
1903 1563 1920 1589 ,
1952 1532 2010 1575 ut
2038 1531 2092 1575 tu

517 1629 899 1701 aliquantulum
940 1626 1250 1695 respirarcs.
1282 1623 1387 1679 Sed
1417 1622 1461 1675 si
1499 1621 1617 1675 illos
1654 1618 1852 1673 nullius
1886 1616 2095 1685 indiges

520 1722 874 1792 pra‘stitisset,
908 1718 1107 1789 inquit,
1136 1717 1300 1770 multo
1328 1730 1455 1768 sane
1485 1711 1907 1767 admirabiliores
1935 1708 2095 1762 futuri

520 1820 675 1866 crant
699 1851 714 1875 ,
748 1809 913 1863 multo
939 1806 1210 1862 clariores.
1244 1807 1313 1859 At
1341 1803 1498 1857 saluti
1537 1811 1639 1857 tua:
1669 1800 1966 1856 subsidium
1996 1797 2095 1853 de-

522 1911 750 1957 tractum
773 1909 933 1955 esset.
961 1898 1136 1953 Noluit
1158 1898 1314 1967 igitur
1340 1895 1459 1949 illos
1483 1894 1596 1947 fieri
1620 1890 1978 1952 admirabiles,
2002 1888 2097 1944 sed

524 1993 714 2047 maluit
752 1992 990 2061 indigere
1012 2031 1028 2056 ,
1058 1998 1113 2043 ut
1143 1998 1197 2043 ιιι
1223 1989 1447 2042 salutem
1476 1983 1799 2040 nanciscaris
1822 2024 1837 2049 ,
1867 1991 1920 2037 et
1941 1996 2099 2051 egere

522 2086 643 2140 illos
673 2099 860 2156 passus
884 2092 966 2138 est
988 2123 1003 2148 ,
1036 2092 1093 2136 ut
1124 2090 1177 2135 tu
1204 2081 1427 2136 salutem
1457 2077 1711 2148 consequi
1751 2090 1953 2147 posses.
1983 2074 2097 2128 Non

514 2166 669 2233 cnim
695 2191 847 2247 usque
869 2192 927 2230 se
948 2174 1304 2230 venerandum
1332 2172 1532 2242 praebet
1556 2172 1741 2225 doctor
1763 2169 1851 2239 qui
1877 2167 2099 2236 accipit;

527 2269 622 2323 scd
651 2269 738 2322 ille
766 2266 1100 2336 potissimum
1126 2264 1326 2319 honore
1352 2262 1599 2324 afficitur.
1628 2260 1716 2330 qui
1744 2274 1859 2313 non,
1874 2257 2100 2326 accipit:

526 2374 709 2412 Verum
759 2358 960 2411 interea
999 2370 1104 2409 non
1142 2354 1357 2423 juvatur
1394 2351 1707 2422 discipulus,
1741 2350 1834 2404 sed
1875 2349 2102 2403 fructum

529 2449 913 2504 amittit.Vides
937 2446 1246 2516 sapientiam
1266 2445 1537 2499 hominum
1560 2442 1788 2497 amantis
1815 2441 1946 2495 Dei?
1973 2439 2103 2494 Nam

530 2541 977 2612 quemadmodum
1007 2540 1119 2609 ipse
1157 2538 1427 2608 propriam
1451 2537 1671 2606 gloriam
1704 2552 1809 2590 non
1839 2535 2102 2604 quresivit,

530 2650 630 2689 nec
655 2649 747 2688 sua
779 2635 1055 2702 spectavit,
1084 2630 1176 2685 sed
1207 2644 1326 2686 cum
1354 2629 1407 2683 in
1435 2628 1603 2698 gloria
1634 2636 1796 2691 esset,
1820 2625 1995 2680 voluit
2019 2635 2107 2679 tua

529 2742 687 2779 causa
726 2726 846 2779 vilis
875 2724 1026 2788 fieri;
1058 2722 1195 2777 idem
1222 2722 1382 2776 etiam
1420 2720 1473 2775 in
1502 2718 1807 2775 doctoribus
1843 2717 2105 2782 servavit;

534 2827 592 2870 ιιι
632 2834 752 2871 cum
794 2832 888 2871 eos
928 2814 1259 2871 venerandos
1306 2823 1560 2883 prmstare
1604 2821 1821 2882 posset,
1863 2811 2111 2865 maluerit

531 2909 767 2976 abiectos
791 2922 909 2962 esse
935 2916 1023 2961 tua
1049 2920 1209 2961 causa
1234 2946 1250 2970 ,
1281 2914 1338 2959 nt
1370 2913 1425 2959 ιιι
1452 2903 1677 2959 haberes
1703 2902 1843 2958 unde
1872 2901 2103 2958 ditesce-

1272 415 1329 470 S.
1369 411 1644 468 JOANNIS
1677 403 2149 464 CHRYSOSTOMI
2189 401 2501 457 AllClllEP.
2542 401 3070 457 CONSTANTINOP.
3651 409 3736 471 255

2190 529 2277 568 res
2315 531 2328 565 :
2368 520 2428 565 ut
2465 510 2762 566 abundares
2790 514 2931 567 enim
2962 512 3013 566 in
3053 511 3464 582 spiritualibus,
3495 524 3735 585 propterea

2184 604 2273 658 ille
2294 612 2415 673 eget
2435 602 2487 656 in
2516 603 2601 668 iis,
2624 619 2742 672 qua:
2767 603 2833 657 ad
2861 603 2994 657 hanc
3015 604 3183 657 vitam
3213 605 3505 673 pertinent.
3530 606 3735 666 Potuisse

2183 695 2341 765 igitur
2387 695 2553 749 Deum
2599 693 2718 748 illos
2762 695 2956 748 nullius
2999 695 3214 765 indigus
3260 705 3556 764 prmstare,
3587 700 3737 756 multis

2184 786 2511 856 argumentis
2539 784 2695 838 docui
2724 803 2738 837 :
2771 794 2857 839 tua
2890 796 3064 840 tamen
3093 800 3269 841 causa
3301 786 3354 839 in
3386 798 3611 857 egestate
3635 795 3736 847 reli-

2185 887 2301 932 ctos
2337 891 2457 932 esse
2493 877 2738 933 similiter
2770 887 3043 931 ostensum
3069 886 3178 933 est.
3226 878 3359 934 lla-c
3398 879 3554 947 igitur
3574 896 3739 951 cogno-

2187 978 2417 1035 scentes,
2448 984 2553 1023 non
2578 968 2644 1023 ad
2674 970 3061 1035 accusationes,
3088 970 3188 1026 sed
3219 970 3289 1025 ad
3318 970 3567 1026 beneﬁcia
3591 978 3738 1030 confe-

2190 1064 2353 1117 renda
2398 1078 2496 1118 nos
2534 1074 2907 1117 convertamus
2940 1081 2954 1117 :
2984 1079 3086 1117 non
3124 1064 3365 1117 aliarum
3403 1065 3538 1118 mala
3564 1069 3740 1123 curiose

2190 1166 2508 1220 scrutemur,
2532 1154 2624 1209 sed
2652 1166 2830 1209 nostra
2859 1171 3241 1210 recenseamus
3268 1174 3281 1209 :
3306 1156 3531 1211 aliorum
3558 1158 3757 1215 heuela-‘

2191 1259 2275 1304 cta
2296 1250 2610 1318 cogitemus,
2633 1248 2703 1303 de
2723 1250 2918 1303 nostris
2938 1258 3114 1303 autem
3140 1251 3386 1319 peccatis
3408 1252 3737 1321 recogitetuus,

2193 1354 2352 1412 atque
2393 1344 2460 1396 ita
2494 1342 2819 1411 placebimus
2847 1342 2973 1394 Deo.
3015 1340 3147 1394 Nam
3177 1342 3273 1411 qui
3310 1342 3535 1397 aliorum
3562 1346 3736 1414 quidem

2196 1443 2408 1503 peccata
2441 1433 2625 1498 videt,
2666 1441 2721 1487 et
2763 1447 2858 1486 sua
2903 1440 3046 1487 recte
3088 1432 3233 1487 facta
3262 1473 3277 1497 ,
3309 1432 3506 1501 duplex
3532 1436 3739 1491 damnum

2196 1534 2433 1593 reportat
2463 1541 2476 1577 :
2512 1522 2595 1579 his
2632 1523 2773 1578 enim
2816 1523 2865 1576 in
2905 1524 3270 1593 arrogantiam
3318 1524 3551 1590 tollitur,
3581 1528 3669 1582 illis
3700 1532 3738 1583 in

2197 1614 2574 1684 negligentiam
2602 1614 2804 1668 incidit.
2835 1615 2966 1668 Dum
2994 1616 3135 1669 enim
3164 1616 3433 1685 cogitabit
3458 1616 3595 1670 illum
3617 1628 3741 1686 atque

2200 1706 2350 1761 illum
2381 1720 2648 1776 peccasse,
2674 1704 2825 1759 facile
2850 1714 2904 1760 et
2934 1704 3046 1774 ipse
3073 1706 3326 1774 peccabit
3350 1723 3362 1760 :
3388 1705 3511 1760 dum
3535 1708 3739 1776 cogitabit

2200 1814 2260 1852 se
2285 1798 2421 1853 bene
2445 1797 2623 1852 officio
2651 1797 2886 1852 functum
2908 1839 2923 1862 ,
2958 1798 3110 1852 facile
3134 1798 3397 1866 superbia
3424 1799 3669 1854 ellenetur.
3690 1804 3741 1854 At

2201 1890 2291 1960 qui
2331 1906 2426 1944 sua
2466 1889 2681 1959 quidem
2726 1899 2869 1943 recte
2912 1889 3043 1944 facta
3084 1891 3351 1945 oblivioni
3391 1891 3629 1958 mandat,
3655 1894 3737 1946 sola

2202 1990 2381 2036 autem
2424 1989 2639 2050 peccata
2668 1990 2943 2049 aspectat,
2971 1981 3201 2036 aliorum
3234 1998 3367 2038 vero
3396 1997 3501 2038 non
3530 1994 3708 2054 pecuda
3727 2027 3739 2051 ,

2203 2071 2299 2127 sed
2324 2071 2506 2126 virtuti
2536 2083 2924 2128 consentaneas
2950 2074 3193 2128 actiones
3218 2075 3464 2131 studiose
3488 2086 3739 2142 scrutatur,

2204 2163 2385 2217 multis
2428 2161 2600 2217 modis
2644 2162 2852 2217 lucrum
2895 2162 3073 2220 faciet.
3120 2165 3446 2234 Quomodo,
3485 2168 3613 2221 audi.
3638 2168 3740 2222 Nam

2204 2273 2326 2313 cum
2367 2258 2517 2312 illum
2560 2268 2707 2318 recte
2743 2273 2803 2313 se
2836 2258 3065 2329 gessisse
3091 2260 3329 2327 viderit,
3362 2260 3672 2316 :emulatione
3692 2263 3741 2315 ad

2210 2349 2520 2404 imitandum
2565 2358 2840 2414 movetur;
2870 2364 2990 2405 cum
3020 2365 3080 2404 se
3110 2366 3372 2418 peccasse
3399 2351 3740 2405 animadverte-

2208 2441 2304 2506 rit,
2334 2440 2575 2495 demittet
2609 2440 2877 2507 animum,
2910 2456 2974 2495 ac
3000 2442 3324 2496 modestiam
3362 2442 3601 2496 tuebitur.
3631 2443 3742 2497 Ilauc

2210 2532 2469 2587 rationem
2498 2532 2542 2586 si
2573 2540 2870 2597 teneamus,
2898 2542 3055 2602 atque
3084 2533 3186 2589 hoc
3213 2535 3377 2590 modo
3405 2546 3575 2590 nostra
3597 2535 3742 2604 dispo~

2211 2638 2420 2684 namus,
2453 2626 2712 2694 promissa
2743 2627 3032 2696 poterimus
3060 2630 3322 2699 consequi
3351 2630 3517 2695 bona,
3541 2630 3683 2699 gratia
3702 2638 3743 2683 et

2211 2718 2539 2788 benignitate
2567 2719 2774 2774 Domini
2800 2724 2969 2776 nostri
2992 2721 3117 2777 Jcsu
3139 2723 3369 2789 Christi,
3390 2724 3470 2778 cui
3492 2738 3600 2778 cum
3620 2723 3740 2776 Patro

2213 2820 2268 2866 et
2305 2812 2503 2882 Spiritu
2532 2824 2717 2869 sancto
2741 2815 2911 2884 gloria
2934 2856 2951 2883 ,
2978 2816 3265 2887 imperium
3291 2860 3307 2886 ,
3341 2819 3508 2874 honor
3528 2859 3542 2885 ,
3566 2832 3685 2873 nunc
3702 2824 3742 2872 et

2213 2916 2426 2972 semper
2444 2944 2460 2971 ,
2489 2912 2544 2959 et
2571 2904 2624 2959 in
2652 2906 2844 2960 szecula
2870 2908 3213 2966 seculorum.
3243 2911 3440 2966 Amen.

1975 3113 2321 3177 HOMILIA

537 3265 665 3320 Car.
706 3265 760 3319 5.
800 3280 850 3318 v.
895 3264 942 3317 l.
985 3261 1062 3317 De
1086 3273 1299 3326 cratera,
1330 3265 1511 3332 fratres
1537 3261 1667 3325 mei,
1689 3260 1903 3331 gaudete
1928 3259 1979 3312 iu
2006 3258 2114 3312 Do-

611 3355 764 3408 mino.
795 3352 987 3407 Eadem
1007 3354 1142 3407 vobis
1161 3354 1376 3408 scribere
1396 3352 1518 3404 mihi
1539 3352 1739 3422 quidem
1759 3368 1858 3404 non
1880 3351 2111 3422 pigrum,

610 3451 745 3503 vobis
786 3460 952 3503 autem
998 3458 1178 3503 tutum.
1218 3447 1274 3501 2.
1324 3446 1499 3501 Videte
1545 3463 1692 3501 canes
1716 3488 1731 3513 ,
1761 3446 1920 3499 videte
1955 3446 2115 3500 malus

609 3543 867 3611 operarios
892 3584 907 3607 ,
935 3541 1094 3594 videte
1136 3538 1489 3593 coucisiouem.
1533 3538 1586 3594 3.
1633 3537 1743 3603 Nos
1783 3538 1915 3592 enim
1943 3553 2115 3592 sumus

608 3635 919 3688 circumcisio
941 3676 954 3697 ,
984 3634 1068 3703 qui
1094 3633 1275 3703 spiritu
1306 3630 1413 3685 Deo
1442 3632 1683 3685 servimus
1709 3672 1724 3695 ,
1765 3641 1811 3684 et
1839 3632 2117 3702 gloriamur

609 3743 663 3778 ιιι
690 3725 888 3778 Christo
915 3723 945 3777 J
953 3741 1070 3790 esu,
1102 3733 1146 3777 et
1172 3740 1271 3777 non
1301 3725 1353 3777 in
1382 3740 1532 3777 carue
1558 3723 1798 3791 ﬁduciam
1823 3723 2079 3777 habentes.

618 3822 666 3870 f.
707 3817 963 3870 Mmrores
992 3824 1046 3869 et
1074 3814 1458 3870 sollicitudines
1481 3856 1496 3880 ,
1528 3831 1647 3869 cum
1678 3823 1874 3886 prmter
1901 3814 2117 3869 modum

542 3909 773 3962 animant
811 3907 1153 3973 distrahunt,
1183 3923 1281 3961 suo
1310 3908 1502 3962 robore
1539 3908 1681 3961 illam
1724 3909 1950 3977 privant.
1985 3907 2119 3962 Pro-

545 4010 728 4069 pterea
774 3999 966 4052 Paulus
1011 3998 1169 4051 etiam
1196 4038 1211 4062 ,
1255 4012 1375 4050 cum
1418 3997 1784 4067 Philippenses
1831 3998 1883 4052 iu
1930 4012 2121 4068 magno

470 4077 475 4085 ’
546 4108 777 4147 moerere
825 4099 1042 4152 essent,
1091 4102 1184 4142 eos
1226 4088 1421 4142 excitat
1466 4097 1520 4142 ιιι
1562 4089 1780 4142 relevat.
1829 4088 2122 4144 lllterebant

545 4196 758 4249 autem,
790 4182 931 4252 quod
956 4180 1222 4251 quomodo
1248 4195 1307 4235 se
1338 4196 1422 4235 res
1453 4181 1597 4235 Pauli
1631 4180 1885 4236 haberent
1912 4182 2121 4252 ignora-

549 4280 707 4340 bant;
739 4274 1033 4329 uuerebaut
1053 4315 1067 4339 ,
1109 4272 1249 4343 quod
1282 4272 1451 4341 ipsum
1482 4273 1679 4327 obiisse
1704 4272 2117 4336 existimabant;

547 4368 847 4423 tumrehaut
873 4366 941 4419 ob
966 4363 1393 4435 praedicationem
1411 4403 1426 4426 ,
1455 4362 1526 4417 ob
1550 4361 1990 4432 Epaphroditum.
2020 4360 2122 4431 lgi-

545 4472 631 4515 tur
657 4460 723 4513 de
753 4459 998 4512 omnibus
1031 4457 1112 4510 his
1142 4455 1302 4510 rebus
1330 4455 1565 4509 animum
1598 4454 1701 4508 illis
1726 4454 1965 4524 explens,
1996 4454 2123 4509 sub-

542 4553 717 4623 jungit
746 4568 759 4603 :
793 4551 865 4603 De
892 4560 1089 4611 cwtero,
1121 4553 1303 4620 fratres
1333 4548 1451 4615 mei,
1482 4548 1716 4619 gaudete.
1746 4547 1862 4603 Non
1890 4548 2119 4616 habetis,

549 4644 736 4713 inquit,
758 4642 998 4712 posthac,
1016 4656 1111 4695 cur
1131 4640 1401 4695 maerentis
1420 4657 1433 4693 :
1454 4639 1660 4695 habetis
1679 4641 2117 4711 Epaphroditum,

546 4738 616 4790 ob
658 4750 815 4806 quem
850 4732 1146 4795 dolebatis;
1189 4732 1395 4786 habetis
1430 4731 1799 4799 Timotheum;
1832 4747 1931 4802 ego
1959 4735 2117 4788 etiam

546 4827 771 4881 advenio
792 4823 1151 4893 :evangelium
1173 4822 1432 4891 procedit.
1454 4822 1591 4888 Quid
1608 4826 1720 4891 jam
1741 4823 1890 4879 vobis
1910 4824 2121 4878 deficit?

549 4920 793 4974 Gaudete.
827 4919 903 4971 Ac
930 4916 1143 4972 Galatas
1170 4915 1382 4984 quidem
1412 4915 1549 4970 ﬁlios
1578 4926 1730 4972 vocat
1753 4915 1894 4987 (Gal.
1920 4917 1975 4970 4.
2003 4916 2117 4988 l9),

548 5014 648 5067 hos
676 5018 852 5065 autem
882 5010 1094 5064 fratres.
1128 5008 1258 5062 Nam
1284 5009 1717 5079 quotiescumque
1746 5011 1828 5065 vel
1854 5011 2120 5081 corrigere

485 5115 488 5119 ‘
546 5102 746 5173 aliquid
784 5101 896 5156 vult
932 5100 1017 5155 vel
1047 5099 1418 5156 vehementem
1442 5102 1641 5155 amoris
1669 5101 1912 5157 affectum
1941 5112 2121 5158 osten-

547 5199 699 5261 dere,
726 5196 862 5250 lilios
884 5204 1037 5251 vocat
1059 5212 1073 5249 :
1092 5210 1155 5249 ac
1175 5211 1293 5250 cum
1316 5195 1434 5265 plus
1457 5194 1677 5250 honoris
1699 5197 1782 5263 iis,
1806 5197 2120 5266 quibuscum

552 5292 715 5347 verba
742 5290 885 5352 facit,
912 5288 1209 5343 habendum
1236 5298 1339 5355 est,
1371 5289 1580 5343 fratres.
1612 5288 1689 5342 De
1714 5299 1912 5355 cratera,
1941 5293 2122 5360 fratres

552 5384 648 5436 mei
673 5423 689 5449 ,
718 5382 886 5452 inquit
904 5422 919 5446 ,
946 5380 1158 5451 gaudete
1184 5380 1237 5432 in
1264 5378 1503 5433 Domino.
1535 5380 1697 5434 Recte
1723 5378 1887 5445 dixit,
1917 5378 1983 5433 In
2013 5378 2135 5434 υὸ-’

548 5475 686 5527 mino
710 5513 726 5538 ,
754 5488 861 5526 non
898 5470 1167 5525 mundano
1205 5470 1397 5540 gaudio
1426 5491 1439 5526 :
1471 5485 1590 5524 nam
1623 5470 1723 5524 hoc
1752 5485 1856 5524 non
1882 5481 1964 5525 est
1990 5486 2120 5541 gau-

549 5564 699 5620 dere.
748 5563 1021 5617 Erumna:
1044 5604 1060 5628 ,
1091 5561 1299 5631 inquit,
1341 5577 1462 5632 quae
1499 5562 1791 5617 secundum
1817 5562 2120 5632 Christum,

551 5655 680 5723 ipsa:
708 5654 955 5724 gaudium
984 5652 1199 5708 habent.
1234 5651 1424 5706 Eadem
1449 5652 1585 5707 vobis
1610 5653 1823 5708 scribere
1850 5655 1971 5708 milii
2005 5656 2122 5726 qui-

547 5748 661 5797 dem
703 5762 801 5799 non
843 5746 1083 5816 pigrum,
1122 5744 1258 5799 vobis
1300 5755 1466 5798 autent
1505 5754 1689 5799 tutum.
1738 5744 1909 5799 Videte
1949 5764 2115 5802 canes.

549 5838 708 5892 Vides
734 5854 836 5893 nou
859 5837 973 5902 ipso
996 5838 1217 5895 exordio
1247 5838 1507 5894 inductam
1531 5852 1649 5894 esse
1672 5836 2111 5905 admonitionem,

2219 3262 2313 3316 sed
2344 3272 2622 3336 postquam
2654 3265 2772 3322 illos
2800 3268 2979 3323 multis
3007 3269 3315 3325 nominibus
3345 3268 3597 3333 laudavit,
3623 3273 3737 3337 posi-

2219 3370 2374 3422 qnam
2400 3358 2656 3426 suspexit,
2681 3368 2806 3413 tunc
2826 3359 2929 3415 hoc
2954 3360 3096 3429 facit,
3119 3377 3181 3416 ac
3206 3376 3396 3416 rursus
3415 3360 3562 3416 etiam
3582 3356 3736 3412 laudat.

2222 3442 2509 3500 Videbatur
2536 3449 2679 3503 enim
2721 3449 2821 3504 hoc
2850 3451 3104 3507 orationis
3130 3467 3307 3523 genus
3332 3467 3451 3507 esse
3476 3449 3734 3505 molestius:

2219 3537 2564 3606 quamobrem
2602 3540 2836 3611 undique
2865 3543 3012 3597 lenit.
3053 3544 3198 3610 Quos
3227 3554 3404 3599 autem
3433 3543 3552 3597 dicit
3575 3535 3738 3594 canes?

2223 3628 2319 3683 llic
2337 3640 2490 3685 erant
2504 3630 2684 3701 aliqui,
2711 3648 2843 3703 quos
2868 3634 2919 3687 in
2942 3635 3189 3690 omnibus
3210 3636 3453 3706 epistolis
3470 3630 3733 3689 subindicat.

2220 3720 2412 3788 Judaei,
2441 3723 2656 3792 impuri,
2681 3727 3011 3793 exsecrandi,
3038 3728 3205 3796 turpis
3233 3729 3363 3782 lucri
3392 3735 3445 3781 et
3468 3724 3737 3796 principatus

2222 3814 2421 3884 cupidi,
2448 3816 2679 3885 quicum
2708 3818 2901 3873 multos
2921 3836 2986 3874 ex
3009 3818 3256 3874 fidelibus
3278 3819 3345 3873 ad
3368 3834 3427 3873 se
3444 3817 3633 3870 allicere
3653 3810 3736 3864 vel-

2225 3903 2365 3969 lent,
2393 3915 2447 3960 et
2475 3906 2937 3963 Christianismum
2963 3920 3015 3964 et
3040 3909 3373 3965 Judaismum
3403 3906 3731 3978 ιιιωάιιιιιιιιιιιι,

2223 4010 2628 4070 corrumpentes
2669 4002 3023 4071 evangelium.
3063 4003 3329 4070 Quoniam
3369 3986 3736 4073 igitur‘difficiles

2224 4089 2290 4143 ad
2320 4089 2821 4159 deprehendendum
2849 4103 3003 4147 erant
3024 4133 3041 4159 ,
3070 4105 3353 4164 propterea
3381 4094 3569 4163 inquit,
3605 4087 3736 4141 Videte

2222 4196 2395 4235 canes.
2422 4181 2539 4236 Jam
2561 4198 2666 4237 non
2695 4183 2864 4238 Judmi
2893 4194 3016 4239 sunt
3044 4186 3155 4238 filii.
3186 4185 3326 4241 Olim
3354 4185 3452 4239 isto
3476 4195 3639 4237 cauum
3663 4191 3735 4229 no-

2227 4272 2371 4327 mine
2394 4271 2592 4328 ethnici
2618 4274 2959 4341 vocabantur,
2984 4292 3123 4331 nune
3147 4287 3326 4334 autem
3356 4277 3447 4332 illi.
3472 4274 3599 4332 Cur?
3620 4270 3731 4336 ρηο-

2226 4365 2370 4419 niam
2389 4406 2405 4431 ,
2437 4366 2885 4435 quemadmodum
2912 4368 3109 4425 ethnici
3144 4378 3200 4425 et
3236 4387 3268 4426 a
3308 4371 3417 4425 Deo
3444 4376 3495 4424 et
3518 4382 3545 4420 a
3567 4361 3733 4418 Christo

2224 4457 2387 4512 alieni
2410 4468 2581 4526 erant,
2610 4458 2680 4514 ita
2703 4459 2873 4515 Juda:i
2899 4475 3039 4517 nunc
3060 4477 3121 4517 se
3144 4462 3563 4517 abalienaverunt
3583 4472 3594 4507 :
3611 4460 3731 4517 altiue

2226 4548 2350 4603 hinc
2371 4549 2579 4604 illorum
2607 4550 2984 4620 impudentiam
3006 4561 3061 4606 et
3081 4553 3492 4624 improbitatem,
3513 4553 3732 4613 magnam‘

2224 4657 2327 4711 que
2370 4656 2401 4695 a
2446 4642 2568 4695 filiis
2609 4641 3016 4712 disiunctionem
3065 4657 3128 4697 ae
3171 4644 3446 4698 dissidium
3491 4638 3554 4693 ob
3590 4629 3728 4687 oculos

2226 4733 2392 4804 ponit.
2420 4734 2552 4788 Nam
2575 4734 2701 4787 olim
2726 4733 2937 4802 quidem
2964 4734 3207 4790 ethnicos
3230 4744 3444 4791 vocatos
3464 4743 3572 4785 esse
3590 4734 3728 4779 eam.

2224 4826 2344 4880 audi
2386 4825 2511 4895 quid
2541 4825 2836 4880 Chananzea
2863 4826 3003 4880 dicat
3036 4843 3049 4879 :
3082 4826 3250 4880 Etiam
3273 4868 3289 4894 ,
3317 4822 3558 4879 Domine:
3580 4826 3672 4868 nam
3694 4816 3729 4860 ιι

2224 4918 2395 4971 catelli
2422 4917 2572 4971 edunt
2592 4918 2655 4971 de
2679 4917 2840 4983 micis,
2864 4934 2975 4987 quia
2996 4918 3183 4972 cadunt
3206 4918 3269 4972 de
3288 4932 3453 4972 mensa
3471 4908 3729 4965 dominorum

2224 5025 2429 5064 suorum
2458 5006 2670 5080 (Matth.
2703 5009 2790 5064 15.
2820 4986 2935 5079 27).
2963 5011 3224 5064 Cteterum
3246 5049 3261 5074 ,
3290 5018 3346 5062 ut
3374 5018 3531 5074 neque
3559 5000 3641 5051 hoc
3663 4986 3726 5043 isti

2224 5109 2612 5171 assequantur;
2642 5116 2762 5156 nam
2784 5116 2945 5157 canes
2965 5101 3176 5171 quidam
3204 5112 3345 5168 sunt,
3368 5100 3450 5171 qui
3471 5096 3595 5151 circa
3615 5096 3725 5140 meﬂ‘

2227 5208 2343 5248 sam
2384 5204 2560 5259 stant;
2588 5195 2735 5250 addit
2764 5195 2877 5251 haec
2896 5237 2911 5262 ,
2941 5196 3135 5266 quibus
3165 5197 3309 5266 ipsos
3333 5194 3532 5251 omnino
3552 5181 3723 5249 abigat:

2238 5284 2413 5340 Videte
2435 5286 2596 5339 malos
2620 5291 2898 5358 operarios.
2923 5288 3001 5343 Ac
3024 5287 3248 5343 mirifice
3268 5286 3416 5349 dixit,
3443 5277 3592 5335 Videte
3604 5266 3725 5323 malo!

2227 5378 2484 5448 operarios
2505 5393 2524 5431 :
2550 5393 2671 5432 nam
2697 5388 2985 5447 operantur
3008 5378 3246 5446 quidem,
3273 5376 3450 5448 inquit,
3471 5369 3553 5426 sed
3573 5358 3724 5418 malam

2229 5472 2281 5525 in
2311 5480 2551 5540 partem;
2579 5486 2818 5541 opusque
2839 5472 2948 5526 otio
2977 5471 3127 5543 longe
3152 5471 3384 5527 deterius
3404 5474 3494 5529 est,
3514 5459 3619 5515 dum
3635 5457 3723 5545 ιιιερ

2229 5573 2373 5617 recte
2400 5573 2523 5617 sunt
2549 5564 2834 5618 constituta
2861 5563 3149 5633 disjiciunt.
3188 5562 3378 5629 Videte,
3406 5552 3573 5624 inquii,
3596 5551 3724 5637 mf"

2228 5658 2437 5709 sionem.
2465 5656 2842 5712 llonorandum
2870 5656 3119 5727 quiddam
3146 5667 3263 5712 erat
3288 5652 3418 5726 apud
3445 5643 3723 5727 “(133°st

2229 5745 2505 5812 cumcisio,
2525 5721 2949 5818 quandoquidem
2971 5757 3024 5803 et
3045 5748 3124 5801 lcx
3147 5748 3195 5802 ci
3214 5721 3501 5803 decedebat,
3516 5741 3562 5788 et
3577 5721 3723 5818 sabbfl'

2226 5850 2337 5895 tum
2363 5839 2766 5906 circumcisione
2793 5840 2949 5898 vilius
2974 5849 3103 5897 erat.
3141 5842 3347 5899 Etenim
3373 5846 3424 5894 ut
3447 5808 3720 5888 circumcisio
