3898 6490
68 378 183 435 95⁸5

66 494 277 565 ὁμοίως
326 492 604 565 αἰδέσιμός
650 493 771 549 ἐστι
815 493 1133 557 διδάσκαλος
1182 493 1494 564 λαμϐάνων,
1531 491 1647 547 ἀλλ’

65 589 282 651 ἐκεῖνος
306 587 539 657 μάλιστα
564 589 792 658 τιμᾶται
816 588 845 639 ὁ
866 588 942 658 μὴ
968 586 1262 658 λαμϐάνων
1287 602 1303 618 ’
1332 586 1448 640 ἀλλ’
1482 588 1510 639 ὁ
1543 602 1647 655 μα-

65 677 245 748 θητὴς
270 680 370 735 οὐκ
414 678 722 747 ὠφελεῖται,
756 677 901 743 ἀλλά
915 677 1009 731 τὸν
1057 677 1269 747 καρπὸν
1300 676 1643 745 ἐγκόπτεται.

75 769 249 841 ὐρᾷς
267 771 365 842 τὴν
384 771 574 838 σοφίαν
594 770 687 823 τοῦ
712 770 1093 841 φιλανθρώπου
1112 769 1278 834 Θεοῦ;
1305 770 1517 839 Ὠσπερ
1538 768 1647 836 γὰρ

64 859 228 934 [274]
259 861 421 926 αὐτὸς
450 864 572 933 οὐχὶ
609 862 707 933 τὴν
743 864 880 916 ἰδίαν
924 863 1082 928 δόξαν
1122 863 1406 932 ἐζήτησεν,
1440 862 1647 915 οὐδὲτὸ

59 953 273 1007 ἑαυτοῦ
295 954 620 1025 ἐσκόπησεν,
645 954 783 1008 ἀλλά
807 957 866 1007 ἐν
893 954 1018 1026 δόξῃ
1044 953 1119 1007 ὢν
1142 954 1315 1007 είλετο
1337 953 1645 1024 ἀτιμασθῆ-

57 1061 149 1099 ναι
176 1045 276 1098 διά
306 1046 387 1111 σέ,
414 1044 557 1099 οὐτω
586 1048 681 1099 καὶ
705 1046 798 1098 ἐπὶ
819 1046 928 1098 τῶν
957 1045 1319 1098 διδασκάλων·
1348 1044 1646 1115 δυνάμενος

56 1138 272 1201 αὐτοὺς
299 1137 527 1208 ποιῆσαι
557 1136 889 1208 αἰδεσίμους,
920 1138 1091 1190 εἵλετο
1133 1134 1274 1192 εἶναι
1303 1136 1645 1206 εὐκαταφρο-

54 1231 267 1301 νήτους
290 1230 378 1284 διά
412 1230 491 1295 σὲ,
526 1231 611 1283 ἵνα
643 1232 707 1285 σὺ
755 1232 883 1302 ἔχῃς
922 1230 1252 1302 κερδαίνειν,
1294 1230 1381 1282 ἵνα
1416 1228 1480 1281 σὺ
1516 1228 1646 1296 ἔχῃς

55 1323 343 1377 πλουτεῖν.
374 1324 493 1376 Ἰνα
521 1325 630 1395 γάρ
663 1323 728 1376 σὺ
753 1324 994 1395 εὐπορῇς
1021 1324 1079 1375 ἐν
1102 1325 1214 1386 τοῖς
1236 1321 1641 1392 πνευματικοῖς,

52 1414 145 1468 διά
174 1413 347 1467 τοῦτο
384 1416 591 1476 ἐκεῖνος
618 1416 816 1486 ἀπορεῖ
837 1418 895 1467 ἐν
929 1418 1039 1478 τοῖς
1063 1415 1355 1485 βιωτικοῖς.
1394 1413 1515 1465 Ὅτι
1535 1412 1645 1464 τοί-

53 1523 153 1557 νυν
185 1505 420 1560 ἐδύνατο
476 1506 705 1574 ποιῆσαι
758 1507 956 1571 αὐτοὺς
1001 1507 1286 1572 ἀνενδεεῖς,
1343 1504 1512 1571 ἔδειξε
1557 1502 1644 1556 διὰ

52 1596 316 1650 πολλῶν·
377 1599 459 1651 ὅτι
512 1597 567 1650 δέ
604 1597 693 1651 διὰ
746 1598 805 1650 σέ
862 1598 1087 1668 ἀφίησιν
1137 1599 1333 1662 αὐτοὺς
1379 1598 1439 1651 ἐν
1468 1596 1646 1666 ἐνδείᾳ

52 1687 232 1754 εἶναι,
260 1690 357 1742 καὶ
379 1688 536 1742 τοῦτο
562 1689 836 1742 δείκνυται
859 1690 1080 1761 ὁμοίιος.
1104 1690 1287 1744 Ταῦτα
1306 1687 1399 1743 οὖν
1419 1688 1642 1753 εἰδότες,

55 1780 135 1851 μὴ
167 1781 318 1851 πρὸς
346 1780 699 1852 κατηγορίας,
729 1782 864 1836 ἀλλά
890 1783 1027 1853 πρὸς
1041 1782 1289 1844 εὐποιίας
1310 1780 1608 1851 τραπῶμεν
1628 1797 1643 1811 ·

56 1872 134 1942 μὴ
160 1872 241 1925 τά
275 1872 477 1943 ἐτέρων
505 1872 650 1925 κακὰ
682 1873 1179 1945 περιεργαζώμεθα
1203 1913 1218 1938 ,
1247 1872 1384 1926 ἀλλά
1416 1871 1485 1924 τὰ
1510 1868 1648 1941 ἠμέ-

51 1979 196 2032 τερα
224 1962 410 2015 αὐτῶν
426 1962 875 2034 ἀναλογιζώμεθα
891 1979 907 1994 ·
940 1964 1009 2018 τά
1024 1965 1225 2035 ἐτέρων
1245 1961 1646 2033 κατορθώματα

54 2053 365 2124 ἐννοῶμεν,
396 2054 463 2107 τά
485 2054 542 2107 δέ
568 2054 809 2127 ἡμέτερα
838 2056 1214 2127 ἁμαρτήματα
1243 2052 1648 2124 ἀναλογιζώμε-

55 2145 131 2199 θα
151 2164 166 2178 ο
197 2147 297 2199 καὶ
335 2144 980 2219 οὐτως·εὐαρεστήσομεν
1024 2146 1101 2219 τῷ
1132 2146 1271 2219 Θεῷ.
1318 2145 1376 2201 '0
1408 2146 1507 2216 μὲν
1538 2147 1649 2219 γάρ

997 377 1063 433 ΙΝ
1104 376 1323 435 EPIST.
1367 377 1457 430 AD
1490 374 1778 430 PIIILIPP.
1816 374 1972 431 CAP.
2012 374 2103 431 Ill.
2139 375 2377 435 HOMIL.
2418 377 2488 437 Χ.
2574 454 2575 457 η

3220 385 3330 442 258

1752 489 1823 543 τά
1848 491 2054 561 ἐτέρων
2085 494 2460 566 ἁμαρτήματα
2505 494 2650 566 ὀρῶν
2669 536 2684 558 .
2726 494 2821 549 καὶ
2848 494 2918 550 τά
2942 496 3109 550 αὐτοῦ
3140 516 3330 569 κατορ-

1752 579 2002 651 θώματα,
2047 583 2206 654 διπλῇ
2240 585 2537 654 βλάπτεται
2560 600 2573 614 ⁸
2611 588 2720 639 ἀπό
2764 604 2822 639 τε
2875 587 2983 658 γάρ
3020 588 3224 641 τούτων
3248 590 3329 652 εἰς

1750 671 2007 726 ἀπόνοιαν
2032 675 2265 744 αἴρεται,
2294 675 2402 729 ἀπό
2425 693 2485 728 τε
2508 678 2731 730 ἐκείνων
2757 678 2836 741 εἰς
2864 679 3137 749 ρᾳθυμίαν
3160 680 3327 754 ἐμπί-

1751 781 1897 817 πτει.
1936 766 2106 819 Ὅταν
2138 766 2247 839 γάρ
2272 768 2522 841 ἐννοήσῃ,
2552 769 2633 823 ὅτι
2656 772 2685 822 ὁ
2712 770 2862 824 δεῖνα
2882 771 3152 842 ἥμαρτεν,
3181 772 3331 824 εὐκό-

1747 852 1857 919 λως
1881 856 2191 927 ἁμαρτήσει
2226 859 2321 911 καὶ
2361 858 2557 921 αὐτός⁹
2587 860 2716 912 ὅταν
2747 860 2995 932 ἐννοήσῃ.
3044 862 3125 914 ὅτι
3167 862 3330 924 αὐτὸς

1746 945 2129 1017 κατώρθωσεν,
2158 949 2393 1012 εὐκόλως
2420 951 2750 1005 ἀπονοεῖται.
2794 951 2851 1004 '0
2871 951 2928 1003 δὲ
2951 953 3020 1005 τὰ
3044 952 3144 1023 μὲν
3163 954 3328 1007 αὐτοῦ

1746 1038 2151 1110 κατορθώματα
2181 1039 2320 1111 λήθῃ
2349 1041 2675 1111 παραδιδοὺς
2697 1081 2712 1105 ,
2750 1042 2821 1096 τά
2858 1042 2917 1097 δέ
2954 1045 3328 1117 ἁμαρτήματα

1748 1131 1963 1201 βλέπων
1988 1133 2144 1203 μόνα.
2175 1133 2268 1185 καὶ
2289 1133 2358 1186 τά
2377 1134 2580 1205 ἐτέρων
2603 1135 2976 1206 ἁμαρτήματα
3006 1136 3079 1208 μὴ
3102 1155 3329 1211 περιερ-

1745 1222 2069 1294 γαζόμενος,
2115 1224 2253 1278 ἀλλὰ
2291 1225 2363 1279 τά
2396 1225 2822 1298 κατορθώματα,
2860 1226 3031 1281 πολλά
3059 1229 3326 1300 κερδανεῖ.

1747 1316 1892 1383 Πῶς,
1923 1317 2108 1371 ἄκουε·
2140 1317 2311 1371 Ὅταν
2342 1319 2448 1392 ἴδῃ,
2474 1320 2556 1373 ὅτι
2582 1322 2609 1373 ὁ
2634 1319 2781 1372 δεῖνα
2813 1319 3167 1391 κατώρθωσε,
3193 1323 3327 1393 πρὸς

1745 1404 1835 1457 τὸν
1866 1406 1977 1459 ἴσον
2002 1406 2215 1478 αἴρεται
2252 1407 2415 1479 ζῆλον
2435 1428 2448 1442 ο
2481 1410 2611 1463 ὅταν
2652 1410 2756 1481 ἴδῃ,
2791 1410 2873 1464 ὃτι
2902 1411 3063 1474 αὐτὸς
3087 1412 3326 1482 ἥμαρτε,

1744 1500 2233 1570 ταπεινοφρονήσει
2275 1500 2368 1553 καὶ
2403 1502 2706 1572 μετριάσει.
2742 1501 2839 1554 Ἂν
2869 1499 3013 1553 οὓτω
3063 1501 3326 1571 ποιῶμεν,

1746 1590 1839 1643 καὶ⁵
1870 1589 2012 1643 οὕτω
2045 1591 2114 1644 τὰ
2147 1592 2269 1645 καθ’
2298 1594 2523 1656 ἑαυτοὺς
2546 1593 2923 1663 οἰκονομῶμεν
2944 1634 2959 1658 ,
2988 1592 3328 1664 δυνησόμεθα

1743 1683 1854 1735 τῶν
1873 1683 2298 1753 ἐπηγγελμένων
2322 1688 2509 1755 τυχεῖν
2532 1685 2750 1754 ἀγαθῶν
2774 1726 2790 1750 ,
2814 1687 2995 1757 χάριτι
3023 1686 3118 1740 καὶ
3141 1686 3329 1755 φιλαν-

1741 1774 1960 1846 θρωπίᾳ
2000 1774 2096 1827 τοῦ
2144 1777 2350 1847 Κυρίου
2392 1777 2548 1848 ήμῶν
2592 1776 2765 1848 Ἰησοῦ
2821 1778 3077 1849 Χριστοῦ,
3119 1779 3236 1848 μεθ’
3265 1770 3327 1830 οὗ

1738 1866 1817 1935 τῷ
1869 1866 2044 1936 Πατρ“ι
2094 1867 2211 1938 ἅμα
2267 1868 2346 1939 τῷ
2395 1869 2539 1940 ἁγίῳ
2577 1870 2852 1939 Πνεύματι
2904 1870 3049 1936 δόξα,
3102 1870 3325 1940 κράτος.

1740 1956 1897 2028 τιμὴ,
1931 1956 2025 2012 νῦν
2056 1961 2150 2013 καὶ
2180 1960 2289 2028 ἀεὶ,
2328 1960 2421 2015 καὶ
2442 1962 2524 2026 εἰς
2557 1962 2686 2027 τοὺς
2716 1961 2921 2026 αἰῶνας
2958 1960 3066 2014 τῶν
3093 1960 3324 2016 αἰώνων.

1756 2051 1948 2123 Ἀμήν.

1554 2715 1798 2771 ΟΜῙΛΙΑ
1838 2715 1895 2769 ι’.

54 2889 128 2941 Τὸ
169 2885 427 2959 λοιπὸν,
462 2885 715 2957 ἀδελφοί
762 2906 903 2959 μου,
950 2888 1183 2959 χαίρετε
1212 2889 1284 2944 ἐν
1311 2890 1536 2958 Κυρίῳ·
1573 2889 1646 2943 τὰ

120 2958 288 3013 αὐτὰ
321 2957 567 3027 τράφειν
595 2957 774 3027 ὑμῖν,
792 2959 920 3028 ἐμοὶ
938 2957 1058 3029 μὲν
1075 2964 1185 3014 οὐκ
1210 2957 1488 3028 ὀκνηρὸν.
1508 2961 1650 3028 ὑμῖν

120 3028 195 3081 δὲ
253 3029 559 3097 ἀσφαλές.
592 3030 855 3083 Βλέπετε
902 3028 1045 3095 τοὺς
1111 3032 1334 3096 κύνας,
1384 3031 1649 3093 βλέπετε

121 3100 279 3169 τρὺς
306 3100 532 3165 κακοὺς
565 3100 836 3167 ἐργάτας,
867 3100 1128 3165 βλέπετε
1153 3102 1266 3169 τὴν
1285 3101 1643 3169 κατατομήν.

133 3164 345 3239 Ἡμεῖς
374 3169 485 3237 γάρ
512 3164 727 3238 εο-ιὶεν
872 3164 1185 3238 περιτομὴ,
1212 3164 1295 3225 ὀἱ
1357 3164 1649 3239 πνεῦματι

123 3238 257 3303 Θεῷ
309 3241 706 3311 ᾼατρεύοντες
730 3280 745 3301 ,
785 3240 881 3294 καὶ
916 3240 1284 3309 καυχώμενοι
1321 3241 1390 3294 ἐν
1420 3238 1651 3311 Χρὶρντῷ

133 3309 370 3377 Ἰησοῦ,
399 3310 628 3364 καὶούκ
662 3311 731 3364 ἐν
755 3311 932 3379 σαρκὶ
964 3312 1334 3379 πεποιθότες.

122 3442 277 3494 α’.Αῖ
292 3440 524 3510 ἀθυμίαι
537 3440 631 3493 καὶ
650 3440 706 3493 αἱ
728 3439 1027 3511 φροντίδες,
1041 3442 1169 3492 ὅταν
1182 3439 1325 3511 πέρα
1335 3438 1428 3493 τοῦ
1451 3439 1648 3511 μέτρου

49 3533 153 3603 τὴν
184 3532 381 3602 ψυχὴν
430 3531 805 3592 κατατείνωσι,
832 3531 930 3601 τῆς
979 3534 1184 3594 οἰκείας
1234 3530 1401 3602 αὐτὴν
1424 3532 1652 3585 ἀποστε-

55 3625 257 3695 ροῦσιν
318 3623 520 3693 ἰσχύος.
552 3623 649 3677 Διά
685 3623 842 3676 τοῦτο
888 3625 982 3677 καὶ
1013 3624 1042 3676 ὀ
1076 3623 1287 3686 Παῦλος
1314 3624 1437 3686 τοὺς
1463 3622 1652 3676 Φιλιπ-

52 3717 310 3786 πησίους
346 3718 403 3768 ἐν
433 3714 597 3785 πολλῇ
626 3714 785 3777 ὄντας
820 3715 1029 3785 ἀθυμία
1059 3714 1358 3785 ἀνίστησιν.
1389 3711 1568 3767 Ἦσαν
1596 3714 1652 3768 δὲ

51 3809 115 3860 ἐν
148 3806 377 3877 ἀθυμία
403 3807 490 3859 διά
514 3807 574 3859 τὸ
600 3807 674 3877 μὴ
702 3806 991 3876 γινώσκειν
1017 3805 1134 3869 πῶς
1157 3806 1226 3858 τά
1257 3806 1396 3859 κατά
1420 3806 1647 3861 Παῦλον·

50 3892 204 3967 ἦσαν
232 3899 299 3949 ἐν
334 3895 544 3969 ἀθυμίᾳ
591 3896 681 3950 διά
711 3895 774 3949 τὸ
812 3896 1054 3967 νομίζειν
1086 3895 1247 3948 αὐτὸν
1278 3896 1378 3966 ἤδη
1406 3897 1651 3949 τετελευ-

52 3989 298 4058 τηκέναι
325 4028 340 4052 ,
370 3988 460 4041 διὰ
498 3989 557 4042 τὸ
594 3990 879 4061 κήρυγμα,
911 3988 998 4042 διὰ
1032 3988 1438 4059 Ἐπαφρόδιτον.
1482 3988 1652 4061 Ὑπὲρ

52 4081 121 4150 δὴ
148 4080 371 4132 τούτων
404 4080 657 4133 ἀπάντων
690 4079 1052 4151 πληροφορῶν
1078 4080 1273 4142 αὐτοὺς
1300 4079 1496 4148 ἐπάγει
1519 4097 1535 4111 ·
1579 4080 1652 4134 Τὸ

55 4170 220 4243 375]
254 4171 493 4233 λοιπὸν,
529 4171 781 4241 ἀδελφοί
823 4189 963 4239 μου,
996 4172 1248 4240 χαίρετε.
1285 4172 1400 4225 Οὐκ
1462 4171 1649 4241 ἔχετε,

53 4264 225 4333 φησὶ,
258 4263 447 4315 λοιπὸν
471 4262 706 4331 ἀθυμίας
738 4262 1022 4315 ὑπόθεσιν·
1054 4262 1205 4333 ἔχετε
1242 4263 1650 4335 Ἐπαφρόδιτοι,

50 4354 123 4406 δι’
165 4353 231 4405 ὃν
264 4353 513 4420 ὴλγεῖτε·
547 4352 701 4421 ἔχετε
746 4350 1031 4421 Τιμόθεον,
1084 4351 1313 4422 ἔρχομαι
1367 4348 1542 4419 καγὼ,
1588 4350 1652 4403 τὸ

58 4443 423 4512 Εὐαγγέλιον
454 4443 752 4499 ἐπιδίδωσι.
783 4442 849 4496 Τί
884 4443 1015 4512 ὑμῖν
1054 4442 1230 4495 λείπει
1266 4442 1488 4508 λοιπόν;
1519 4442 1654 4495 Χαί-

44 4553 229 4605 ρετε.
260 4534 500 4597 Γαλάτας
526 4535 627 4605 μὲν
659 4530 752 4589 οὖν
784 4534 949 4589 τέκνα
980 4534 1154 4597 καλεῖ,
1181 4532 1403 4597 τούτους
1423 4533 1480 4587 δὲ
1494 4533 1651 4586 ἀδελ-

52 4628 231 4697 φούς.
269 4627 443 4679 Ὅταν
490 4628 589 4697 μὲν
626 4626 737 4698 γὰρ
775 4626 808 4697 ἢ
858 4626 1201 4698 διορθοῦσθαι
1230 4643 1282 4678 τι
1312 4625 1589 4696 βούληται,
1616 4624 1651 4696 ἢ

50 4718 457 4790 φιλοστοργίαν
488 4718 847 4783 ἐνδείξασθαι,
875 4717 1043 4769 τέκνα
1074 4716 1229 4770 καλεῖ
1255 4732 1268 4745 ·
1293 4716 1423 4769 ὅταν
1441 4716 1497 4768 δὲ
1515 4714 1654 4786 μετά

52 4810 326 4870 πλείονος
369 4811 535 4878 τιμῆς
585 4807 926 4878 διαλέγηται,
967 4806 1251 4875 ἀδελφούς.
1293 4806 1365 4861 Τὸ
1411 4808 1650 4870 λοιπὸν,

48 4901 328 4970 ἀδελφοί
356 4918 497 4969 μου,
533 4898 709 4968 φησὶ,
740 4898 977 4969 χαίρετε
1004 4897 1074 4950 ἐν
1100 4898 1316 4966 ΚιῬίῳ.
1345 4896 1541 4960 Καλῶς
1571 4891 1651 4948 εἷ-

49 5011 184 5057 πεν,
233 4994 345 5046 Ἔν
374 4992 589 5058 Κυρίῳ,
625 4992 686 5043 οὐ
716 4990 855 5043 κατά
883 4990 975 5042 τὸν
1005 4989 1210 5059 κόσμον
1231 5005 1243 5020 ·
1269 4988 1369 5042 οὐκ
1401 4988 1515 5042 ἐστι
1544 4988 1652 5060 γὰρ

48 5084 312 5154 χαρῆναι
363 5082 543 5136 τοῦτο.
585 5083 652 5134 Αἰ
702 5075 912 5151 θλίψεις
943 5073 1127 5144 αὗται,
1184 5080 1368 5149 φησὶν,
1419 5080 1475 5133 αἰ
1510 5082 1653 5133 κατά

51 5173 332 5245 Χριστὸν,
386 5172 571 5241 ἔχουσι
603 5172 795 5242 χαράν.
842 5171 920 5225 Τὰ
972 5172 1125 5225 αὐτὰ
1184 5170 1434 5239 ’,τράφειν
1474 5170 1649 5238 ὑμῖν,

48 5263 187 5332 ἐμοὶ
210 5262 341 5332 μὲν
370 5263 482 5315 οὐκ
504 5262 783 5329 ὀκνηρὸν,
808 5261 952 5331 ὑμῖν
967 5261 1035 5315 δὲ
1057 5261 1353 5330 ἀσφαλές.
1390 5261 1652 5315 Βλέπετε

46 5354 199 5417 τοὺς
248 5351 466 5416 κύνας.
509 5351 673 5421 Ὁρᾷς
711 5350 828 5413 πῶς
870 5351 970 5403 οὐκ
998 5352 1058 5403 ἐν
1101 5351 1242 5421 ἀρχῇ
1270 5350 1370 5419 τὴν
1394 5351 1655 5421 παραίνε-

50 5456 138 5491 σιν
170 5439 422 5505 εἰσάγει,
454 5436 567 5490 ἀλλ’
595 5438 685 5490 ὅτε
744 5438 944 5501 αὐτοὺς
1007 5438 1179 5491 πολλὰ
1230 5438 1513 5509 ἐπῄνεσεν,
1561 5441 1651 5493 ὅτε

50 5530 395 5600 ἐθαύμασε,
446 5529 569 5581 τότε
625 5528 782 5582 τοῦτο
842 5532 1005 5595 ποιεῖ,
1048 5529 1141 5583 καί
1204 5531 1363 5584 πάλιν
1416 5533 1650 5587 ἐπαινεῖ.

48 5623 221 5675 Δοκεῖ
285 5620 399 5690 γάρ
452 5615 607 5701 οὗτος
649 5621 1049 5692 φορτικώτερος
1091 5617 1231 5674 εἶναι
1258 5623 1463 5691 ὁλόγος
1485 5640 1498 5652 ·
1529 5624 1654 5679 ὅθεν

48 5713 224 5765 αὐτὸν
285 5713 551 5765 πάντοθεν
583 5714 884 5777 συσκιάζει.
922 5714 1085 5775 Τίνας
1141 5714 1199 5767 δέ
1263 5732 1395 5785 φησι
1441 5717 1651 5781 κύνας;

62 5800 351 5857 ἐνταῦθα
372 5797 513 5874 ἦσάν
542 5820 706 5871 τινες,
736 5803 830 5868 οὓς
862 5806 921 5859 ἐν
954 5803 1153 5869 πάσαις
1183 5807 1304 5869 ταῖς
1342 5807 1654 5870 ἐπιστολαῖς

1751 2885 2067 2950 αἰνίττεται,
2104 2884 2349 2940 Ἰουδαῖοι
2392 2885 2586 2956 μιαροὶ
2644 2885 2740 2938 καὶ
2792 2886 3180 2952 κατάπτυστοι,
3208 2887 3331 2941 αἰσ-

1750 2976 2064 3048 χροκερδεῖς
2095 2977 2189 3030 καὶ
2228 2977 2502 3047 φίλαρχοι,
2527 2976 2577 3029 οἳ
2613 2975 2924 3048 βουλόμενοι
2968 2978 3078 3032 τῶν
3120 2981 3328 3033 πιστῶν

1753 3065 1983 3128 πολλοὺς
2042 3066 2424 3136 παρασπάσαι,
2463 3067 2763 3137 ἐκήρυττον
2812 3067 3023 3121 καὶτὸν
3063 3070 3327 3140 Χριστια-

1750 3160 1961 3230 νισμὸν,
1982 3160 2186 3213 καὶτὸν
2214 3161 2564 3231 Ἰουδαϊσμδν,
2584 3163 3051 3235 παραφθείροντες
3073 3166 3133 3219 τὸ
3153 3168 3329 3236 Εὐαγ-

1750 3252 1950 3322 γέλιον.
1990 3254 2143 3306 Ἐπεὶ
2203 3248 2297 3307 οὖν
2338 3249 2480 3324 ἦσαν
2526 3255 2982 3325 δυσδιάγνωστοι,
3032 3258 3119 3313 διὰ
3170 3260 3329 3313 τοῦτό

1752 3359 1905 3411 φησιο
1941 3342 2201 3397 Βλέπετε
2224 3343 2367 3409 τοὺς
2393 3345 2601 3409 κύνας.
2627 3346 2824 3399 Οὐκέτι
2857 3347 3022 3402 τέκνα
3057 3350 3323 3405 Ἰουδαῖοι.

1755 3434 1893 3486 Ποτέ
1914 3436 1963 3486 οἰ
1995 3435 2198 3487 ἐθνικοὶ
2227 3435 2386 3488 τοῦτο
2418 3435 2729 3501 ἐκαλοῦντο,
2763 3436 2858 3491 νῦν
2897 3438 2954 3491 δὲ
2980 3440 3197 3496 ἐκεῖνοι.
3228 3441 3327 3494 Διά

1751 3526 1804 3581 τί
1834 3543 1850 3592 ;
1882 3526 2004 3579 Ὅτι
2030 3525 2218 3597 ὥσπερ
2243 3527 2291 3578 οί
2317 3526 2522 3579 ἐθνικοὶ
2538 3527 2630 3580 καὶ
2649 3527 2743 3580 τοῦ
2772 3527 2907 3581 Θεοῦ
2932 3530 3024 3583 καὶ
3068 3530 3164 3583 τοῦ
3186 3532 3323 3601 Χρι-

1753 3619 1881 3674 στοῦ
1925 3620 2195 3688 ἀλλότριοι
2230 3615 2391 3690 ἦσαν,
2424 3622 2565 3673 οὓτω
2594 3621 2689 3675 καὶ
2734 3614 2879 3675 οὗτοι
2918 3622 3174 3690 γεγόνασι
3207 3623 3323 3689 νῦν,

1751 3712 1847 3765 καὶ
1890 3710 1952 3763 τὸ
2004 3709 2220 3773 ἀναιδὲς
2253 3709 2433 3763 αὐτῶν
2456 3711 2550 3764 καὶ
2581 3712 2642 3764 τὸ
2687 3714 2877 3783 ἰταμὸν
2908 3713 3156 3767 ἐντεῦθεν
3183 3731 3325 3786 παρ-

1756 3802 1934 3872 ίστησι
1962 3842 1977 3865 ,
2010 3802 2104 3855 καὶ
2135 3802 2233 3874 τὴν
2264 3802 2465 3873 πολλὴν
2516 3803 2651 3874 πρὸς
2680 3805 2847 3859 τέκνα
2878 3803 3175 3861 διάστασιν.
3203 3808 3326 3859 Ὅτι

1751 3894 1860 3964 γάρ
1908 3894 1959 3946 οἱ
2014 3893 2215 3947 ἐθνικοί
2258 3910 2386 3947 ποτε
2434 3894 2594 3958 κύνες
2636 3896 2948 3961 ἐκαλοῦντο,
2972 3898 3203 3951 ἄκουσον
3230 3900 3329 3970 τῆς

1754 3983 2089 4048 Χαναναίας,
2126 3982 2180 4036 τί
2232 4001 2366 4055 φησι
2396 3998 2410 4013 ⁸
2468 3984 2601 4049 Ναὶ,
2660 3986 2838 4053 Κύριε
2868 4002 2882 4015 ·
2933 3986 3033 4040 καί
3094 3986 3205 4056 γὰρ
3254 3988 3328 4041 τὰ

1754 4074 2009 4142 κυνάρια
2060 4076 2247 4129 ἐσθίει
2302 4075 2420 4129 ἀπὸ
2446 4075 2565 4130 τῶν
2595 4078 2817 4146 ψιχίων
2845 4076 2966 4132 τῶν
2993 4081 3330 4135 πιπτόντων

1753 4166 1871 4220 ἀπὸ
1897 4166 2006 4234 τῆς
2038 4166 2323 4235 τραπέζης
2343 4167 2460 4221 τῶν
2484 4170 2706 4237 κυρίων
2731 4169 2949 4227 αὐτῶν.
2978 4172 3094 4226 ἰνα
3115 4173 3172 4226 δὲ
3193 4173 3327 4244 μηδέ

1751 4256 1911 4311 τοῦτο
1939 4258 2157 4328 ἔχωσιν,
2185 4260 2374 4330 ἐπειδὴ
2406 4262 2500 4314 καὶ
2538 4261 2699 4325 κύνες
2733 4263 2872 4315 εἰσὶν
2911 4265 3289 4335 ἐπιτραπέζιοι
3309 4308 3325 4333 ,

1752 4346 1974 4414 ἐπάγει,
2009 4347 2135 4402 ὅθεν
2165 4351 2364 4414 αὐτοὺς
2390 4352 2485 4404 καὶ
2517 4352 2808 4423 ἀλλοτριοῖ,
2837 4354 3029 4422 λέγων,
3064 4356 3329 4411 Βλέπετε

1752 4438 1895 4504 τοὺς
1943 4440 2173 4506 κακοὺς
2217 4441 2491 4511 ἐργάτας.
2526 4444 2634 4497 Καὶ
2667 4444 2992 4515 θαυμαστῶς
3026 4442 3166 4513 εἷπε,
3189 4449 3329 4503 Βλέ-

1753 4544 1896 4583 πετε
1934 4530 2077 4597 τοὺς
2114 4532 2342 4599 κακοὺς
2372 4533 2623 4603 ἐργάτας
2661 4552 2675 4566 ο
2709 4537 3031 4608 ἐργάζονται
3064 4538 3164 4609 μὲν
3196 4538 3325 4610 γάρ,

1755 4624 1942 4693 φησὶν,
1972 4623 2090 4677 ἀλλ’
2144 4625 2235 4678 ἐπὶ
2294 4625 2473 4694 κακῷ,
2516 4626 2611 4678 καὶ
2654 4627 2853 4699 ἀργίας
2905 4629 3082 4699 πολλῷ
3148 4632 3329 4701 χεῖρον

1753 4712 1935 4784 ἔργον,
1987 4714 2338 4777 ἀνασπῶντες
2386 4715 2455 4767 τὰ
2500 4716 2680 4788 καλῶς
2734 4718 2980 4788 κείμενα.
3042 4720 3327 4786 Βλέπετε,

1754 4803 1887 4874 φησί
1910 4844 1926 4869 ,
1956 4806 2073 4872 τὴν
2108 4805 2474 4873 κατατομήν.
2520 4786 2726 4876 Σεμνδν
2862 4810 3013 4881 παρά
3055 4813 3329 4877 Ἰουδαίοις

1751 4896 1813 4948 τὸ
1849 4897 1947 4966 τῆς
2003 4900 2326 4969 περιτομῆς,
2351 4899 2486 4951 ὅπου
2526 4916 2589 4968 γε
2618 4899 2710 4953 καὶ
2733 4904 2761 4955 ὁ
2795 4901 2959 4972 νόμος
2992 4904 3130 4977 αὐτῇ
3160 4905 3327 4972 ὑπεξο

1757 4988 1966 5052 ίστατο,
1984 4990 2078 5042 καὶ
2116 4989 2177 5043 τὸ
2200 4990 2470 5044 σάϐϐατον
2494 4986 2563 5062 ἦν
2582 4992 2959 5064 εὐτελέστερον
2984 4996 3174 5065 αὐτῆς.
3209 4990 3329 5051 Ἰνα

1759 5080 1859 5151 μὲν
1909 5082 2018 5150 γὰρ
2060 5082 2332 5154 περιτομὴ
2385 5086 2648 5152 γένηται,
2690 5084 2875 5139 ἐλύετο
2904 5087 3172 5141 σάϐϐατον
3203 5089 3330 5141 ’ἵνα

1752 5170 1812 5223 δὲ
1852 5171 2124 5224 σάϐϐατον
2151 5172 2397 5244 φυλαχθῇ
2418 5214 2434 5240 ,
2463 5169 2716 5227 οὐδέποτε
2744 5175 2930 5229 ἐλύετο
2956 5177 2989 5246 ἡ
3035 5180 3326 5248 περιτομή.

1754 5262 1861 5315 Καὶ
1893 5262 1989 5316 θέα
2038 5281 2129 5333 μοι
2182 5264 2280 5335 τὴν
2315 5264 2410 5318 τοῦ
2454 5265 2590 5319 Θεοῦ
2631 5265 2975 5336 οἰκονομίανσ
3008 5266 3146 5338 αὕτη
3171 5270 3204 5338 ἡ
3235 5267 3327 5320 τοῦ

1755 5352 2024 5406 σαϐϐάτου
2067 5354 2467 5426 αἰδεσιμωτέρα
2491 5394 2507 5420 ,
2539 5355 2850 5425 εὑρίσκεται
2880 5354 2937 5408 ἐν
2976 5372 3086 5407 τισι
3119 5356 3331 5426 χρόνοις

1757 5442 1881 5515 [μὴ]
1912 5444 2362 5516 παραλειφθεῖσα.
2398 5446 2567 5499 Ὅταν
2596 5443 2690 5499 οὖν
2716 5445 2858 5514 αὐτὴ
2891 5443 3116 5514 λύηται,
3150 5444 3331 5515 πολλῷ
3412 5438 3425 5449 “

1763 5534 1963 5604 μᾶλλον
2011 5534 2073 5588 τὸ
2110 5534 2400 5589 σάϐϐατον.
2440 5537 2539 5589 Διά
2589 5534 2747 5588 τοῦτο
2805 5535 2866 5587 τὸ
2893 5534 3062 5606 ὄνομα
3110 5535 3330 5605 αὐτῆςό

1760 5627 1971 5691 Παῦλος
2001 5628 2355 5696 κατατέμνει,
2385 5628 2479 5681 καί
2508 5645 2639 5698 (ρησι
2662 5645 2676 5658 θ
2708 5630 2969 5681 Βλέπετε
2998 5628 3114 5695 τὴν
3147 5645 3329 5683 κατα-

1760 5718 1968 5787 τομήν.
2002 5718 2111 5770 Καὶ
2139 5719 2239 5771 οὐκ
2280 5714 2458 5780 εἶπεν,
2493 5719 2574 5769 ὅτι
2613 5719 2779 5771 κακὸν
2827 5720 2860 5788 ή
2902 5719 3192 5791 περιτομὴ,
3228 5737 3328 5772 πε-

1766 5812 1942 5880 ριττὸν
1967 5811 2000 5880 ἡ
2034 5810 2329 5881 περιτομὴ,
2359 5810 2445 5863 ἵνα
2477 5810 2551 5880 μὴ
2581 5809 2757 5882 πλήξῃ
2784 5812 2908 5874 τοὺς
2940 5811 3161 5886 ἄνδρας,
3190 5812 3326 5867 ἀλλὰ
