  <div class='ocr_page' id='page_1' title='image "/cluster/home/n/w/nwhite01/storage/ocr_20150623/62/hvd.32044019207836/264.png"; bbox 0 0 3974 6508; ppageno 0'>
   <div class='ocr_carea' id='block_1_1' title="bbox 111 424 224 479">
    <p class='ocr_par' dir='ltr' id='par_1_1' title="bbox 111 424 224 479">
     <span class='ocr_line' id='line_1_1' title="bbox 111 424 224 479; baseline -0.018 1"><span class='ocrx_word' id='word_1_1' title='bbox 111 424 224 479; x_wconf 69' lang='lat'><strong>257</strong></span> 
     </span>
    </p>
   </div>
   <div class='ocr_carea' id='block_1_2' title="bbox 113 514 1701 601">
    <p class='ocr_par' dir='ltr' id='par_1_2' title="bbox 113 514 1701 601">
     <span class='ocr_line' id='line_1_2' title="bbox 113 514 1701 601; baseline -0.016 -8"><span class='ocrx_word' id='word_1_2' title='bbox 113 542 306 601; x_wconf 81' lang='lat' dir='ltr'><strong>tieret.</strong></span> <span class='ocrx_word' id='word_1_3' title='bbox 339 533 651 592; x_wconf 69' lang='lat' dir='ltr'><strong>solvebatur</strong></span> <span class='ocrx_word' id='word_1_4' title='bbox 674 530 957 585; x_wconf 87' lang='lat' dir='ltr'><strong>sabbatum</strong></span> <span class='ocrx_word' id='word_1_5' title='bbox 984 543 998 580; x_wconf 89' lang='lat'><strong>:</strong></span> <span class='ocrx_word' id='word_1_6' title='bbox 1024 536 1314 593; x_wconf 81' lang='lat' dir='ltr'><strong>numquam</strong></span> <span class='ocrx_word' id='word_1_7' title='bbox 1339 534 1465 576; x_wconf 88' lang='lat' dir='ltr'><strong>vero</strong></span> <span class='ocrx_word' id='word_1_8' title='bbox 1492 526 1549 572; x_wconf 92' lang='lat' dir='ltr'><strong>ut</strong></span> <span class='ocrx_word' id='word_1_9' title='bbox 1578 514 1701 571; x_wconf 87' lang='lat' dir='ltr'><strong>sab-</strong></span> 
     </span>
    </p>
   </div>
   <div class='ocr_carea' id='block_1_3' title="bbox 114 614 1706 689">
    <p class='ocr_par' dir='ltr' id='par_1_3' title="bbox 114 614 1706 689">
     <span class='ocr_line' id='line_1_3' title="bbox 114 614 1706 689; baseline -0.014 -5"><span class='ocrx_word' id='word_1_10' title='bbox 114 630 304 682; x_wconf 77' lang='lat' dir='ltr'><strong>batum</strong></span> <span class='ocrx_word' id='word_1_11' title='bbox 331 636 657 689; x_wconf 71' lang='lat' dir='ltr'><strong>servaretur,</strong></span> <span class='ocrx_word' id='word_1_12' title='bbox 678 622 986 677; x_wconf 70' lang='lat' dir='ltr'><strong>solvebatur</strong></span> <span class='ocrx_word' id='word_1_13' title='bbox 1005 614 1364 671; x_wconf 85' lang='lat' dir='ltr'><strong>circumcisio.</strong></span> <span class='ocrx_word' id='word_1_14' title='bbox 1388 615 1561 679; x_wconf 83' lang='lat' dir='ltr'><strong>Atque</strong></span> <span class='ocrx_word' id='word_1_15' title='bbox 1579 623 1706 662; x_wconf 81' lang='lat' dir='ltr'><strong>con-</strong></span> 
     </span>
    </p>
   </div>
   <div class='ocr_carea' id='block_1_4' title="bbox 112 700 1703 783">
    <p class='ocr_par' dir='ltr' id='par_1_4' title="bbox 112 700 1703 783">
     <span class='ocr_line' id='line_1_4' title="bbox 112 700 1703 783; baseline -0.016 -6"><span class='ocrx_word' id='word_1_16' title='bbox 112 720 299 775; x_wconf 81' lang='lat' dir='ltr'><strong>sidera</strong></span> <span class='ocrx_word' id='word_1_17' title='bbox 344 718 479 774; x_wconf 89' lang='lat' dir='ltr'><strong>mihi</strong></span> <span class='ocrx_word' id='word_1_18' title='bbox 518 716 610 772; x_wconf 90' lang='lat' dir='ltr'><strong>Dei</strong></span> <span class='ocrx_word' id='word_1_19' title='bbox 639 712 1091 783; x_wconf 75' lang='lat' dir='ltr'><strong>dispensationem</strong></span> <span class='ocrx_word' id='word_1_20' title='bbox 1120 725 1133 760; x_wconf 91' lang='lat'>:</span> <span class='ocrx_word' id='word_1_21' title='bbox 1163 707 1278 760; x_wconf 66' lang='lat' dir='ltr'><strong>haec</strong></span> <span class='ocrx_word' id='word_1_22' title='bbox 1303 718 1421 773; x_wconf 77' lang='lat' dir='ltr'><strong>quae</strong></span> <span class='ocrx_word' id='word_1_23' title='bbox 1449 700 1703 770; x_wconf 76' lang='lat' dir='ltr'><strong>majorem</strong></span> 
     </span>
    </p>
   </div>
   <div class='ocr_carea' id='block_1_5' title="bbox 110 790 1707 882">
    <p class='ocr_par' dir='ltr' id='par_1_5' title="bbox 110 790 1707 882">
     <span class='ocr_line' id='line_1_5' title="bbox 110 790 1707 882; baseline -0.016 -13"><span class='ocrx_word' id='word_1_24' title='bbox 110 828 283 882; x_wconf 83' lang='lat' dir='ltr'><strong>quam</strong></span> <span class='ocrx_word' id='word_1_25' title='bbox 314 812 595 869; x_wconf 76' lang='lat' dir='ltr'><strong>sabbatum</strong></span> <span class='ocrx_word' id='word_1_26' title='bbox 623 807 852 862; x_wconf 89' lang='lat' dir='ltr'><strong>habebat</strong></span> <span class='ocrx_word' id='word_1_27' title='bbox 874 800 1269 857; x_wconf 88' lang='lat' dir='ltr'><strong>venerationem</strong></span> <span class='ocrx_word' id='word_1_28' title='bbox 1298 794 1566 851; x_wconf 87' lang='lat' dir='ltr'><strong>invenitur</strong></span> <span class='ocrx_word' id='word_1_29' title='bbox 1588 790 1707 861; x_wconf 86' lang='lat' dir='ltr'><strong>qui-</strong></span> 
     </span>
    </p>
   </div>
   <div class='ocr_carea' id='block_1_6' title="bbox 111 883 1705 969">
    <p class='ocr_par' dir='ltr' id='par_1_6' title="bbox 111 883 1705 969">
     <span class='ocr_line' id='line_1_6' title="bbox 111 883 1705 969; baseline -0.013 -13"><span class='ocrx_word' id='word_1_30' title='bbox 111 903 353 959; x_wconf 76' lang='lat' dir='ltr'><strong>husdam</strong></span> <span class='ocrx_word' id='word_1_31' title='bbox 402 899 731 969; x_wconf 86' lang='lat' dir='ltr'><strong>temporibus</strong></span> <span class='ocrx_word' id='word_1_32' title='bbox 767 896 986 949; x_wconf 85' lang='lat' dir='ltr'><strong>omissa.</strong></span> <span class='ocrx_word' id='word_1_33' title='bbox 1024 890 1158 946; x_wconf 87' lang='lat' dir='ltr'><strong>Cum</strong></span> <span class='ocrx_word' id='word_1_34' title='bbox 1197 889 1354 957; x_wconf 81' lang='lat' dir='ltr'><strong>igitur</strong></span> <span class='ocrx_word' id='word_1_35' title='bbox 1386 886 1500 955; x_wconf 91' lang='lat' dir='ltr'><strong>ipsa</strong></span> <span class='ocrx_word' id='word_1_36' title='bbox 1534 883 1705 937; x_wconf 89' lang='lat' dir='ltr'><strong>soluta</strong></span> 
     </span>
    </p>
   </div>
   <div class='ocr_carea' id='block_1_7' title="bbox 110 978 1706 1061">
    <p class='ocr_par' dir='ltr' id='par_1_7' title="bbox 110 978 1706 1061">
     <span class='ocr_line' id='line_1_7' title="bbox 110 978 1706 1061; baseline -0.014 -12"><span class='ocrx_word' id='word_1_37' title='bbox 110 997 206 1059; x_wconf 87' lang='lat' dir='ltr'><strong>sit,</strong></span> <span class='ocrx_word' id='word_1_38' title='bbox 238 995 413 1051; x_wconf 89' lang='lat' dir='ltr'><strong>multo</strong></span> <span class='ocrx_word' id='word_1_39' title='bbox 440 990 610 1061; x_wconf 86' lang='lat' dir='ltr'><strong>magis</strong></span> <span class='ocrx_word' id='word_1_40' title='bbox 633 988 935 1044; x_wconf 76' lang='lat' dir='ltr'><strong>sabbatum.</strong></span> <span class='ocrx_word' id='word_1_41' title='bbox 966 983 1088 1036; x_wconf 88' lang='lat' dir='ltr'><strong>Ideo</strong></span> <span class='ocrx_word' id='word_1_42' title='bbox 1112 980 1304 1034; x_wconf 85' lang='lat' dir='ltr'><strong>Paulus</strong></span> <span class='ocrx_word' id='word_1_43' title='bbox 1325 978 1490 1047; x_wconf 87' lang='lat' dir='ltr'><strong>ipsius</strong></span> <span class='ocrx_word' id='word_1_44' title='bbox 1511 988 1706 1028; x_wconf 89' lang='lat' dir='ltr'><strong>nomen</strong></span> 
     </span>
    </p>
   </div>
   <div class='ocr_carea' id='block_1_8' title="bbox 114 1067 1703 1153">
    <p class='ocr_par' dir='ltr' id='par_1_8' title="bbox 114 1067 1703 1153">
     <span class='ocr_line' id='line_1_8' title="bbox 114 1067 1703 1153; baseline -0.014 -11"><span class='ocrx_word' id='word_1_45' title='bbox 114 1098 338 1144; x_wconf 68' lang='lat' dir='ltr'><strong>resecat</strong></span> <span class='ocrx_word' id='word_1_46' title='bbox 360 1129 375 1152; x_wconf 94' lang='lat'><strong>,</strong></span> <span class='ocrx_word' id='word_1_47' title='bbox 410 1094 463 1141; x_wconf 88' lang='lat' dir='ltr'><strong>et</strong></span> <span class='ocrx_word' id='word_1_48' title='bbox 500 1083 703 1153; x_wconf 88' lang='lat' dir='ltr'><strong>inquit,</strong></span> <span class='ocrx_word' id='word_1_49' title='bbox 745 1079 917 1133; x_wconf 76' lang='lat' dir='ltr'><strong>Videte</strong></span> <span class='ocrx_word' id='word_1_50' title='bbox 942 1076 1291 1130; x_wconf 81' lang='lat' dir='ltr'><strong>concisionem.</strong></span> <span class='ocrx_word' id='word_1_51' title='bbox 1324 1070 1505 1139; x_wconf 86' lang='lat' dir='ltr'><strong>Neque</strong></span> <span class='ocrx_word' id='word_1_52' title='bbox 1532 1067 1703 1132; x_wconf 76' lang='lat' dir='ltr'><strong>dixit,</strong></span> 
     </span>
    </p>
   </div>
   <div class='ocr_carea' id='block_1_9' title="bbox 112 1162 1702 1239">
    <p class='ocr_par' dir='ltr' id='par_1_9' title="bbox 112 1162 1702 1239">
     <span class='ocr_line' id='line_1_9' title="bbox 112 1162 1702 1239; baseline -0.015 -1"><span class='ocrx_word' id='word_1_53' title='bbox 112 1184 327 1239; x_wconf 79' lang='lat' dir='ltr'><strong>Malum</strong></span> <span class='ocrx_word' id='word_1_54' title='bbox 353 1189 438 1235; x_wconf 88' lang='lat' dir='ltr'><strong>est</strong></span> <span class='ocrx_word' id='word_1_55' title='bbox 466 1174 831 1237; x_wconf 87' lang='lat' dir='ltr'><strong>circumcisio,</strong></span> <span class='ocrx_word' id='word_1_56' title='bbox 862 1170 1199 1239; x_wconf 83' lang='lat' dir='ltr'><strong>Supervacua</strong></span> <span class='ocrx_word' id='word_1_57' title='bbox 1228 1174 1311 1221; x_wconf 89' lang='lat' dir='ltr'><strong>est</strong></span> <span class='ocrx_word' id='word_1_58' title='bbox 1335 1162 1670 1218; x_wconf 86' lang='lat' dir='ltr'><strong>circumcisio</strong></span> <span class='ocrx_word' id='word_1_59' title='bbox 1688 1201 1702 1224; x_wconf 94' lang='lat'><strong>,</strong></span> 
     </span>
    </p>
   </div>
   <div class='ocr_carea' id='block_1_10' title="bbox 122 1254 1705 1340">
    <p class='ocr_par' dir='ltr' id='par_1_10' title="bbox 122 1254 1705 1340">
     <span class='ocr_line' id='line_1_10' title="bbox 122 1254 1705 1340; baseline -0.016 -10"><span class='ocrx_word' id='word_1_60' title='bbox 122 1294 190 1330; x_wconf 91' lang='lat' dir='ltr'><strong>ne</strong></span> <span class='ocrx_word' id='word_1_61' title='bbox 215 1276 367 1328; x_wconf 88' lang='lat' dir='ltr'><strong>viros</strong></span> <span class='ocrx_word' id='word_1_62' title='bbox 396 1273 527 1327; x_wconf 90' lang='lat' dir='ltr'><strong>istos</strong></span> <span class='ocrx_word' id='word_1_63' title='bbox 549 1275 837 1340; x_wconf 82' lang='lat' dir='ltr'><strong>pangeret,</strong></span> <span class='ocrx_word' id='word_1_64' title='bbox 863 1264 959 1319; x_wconf 86' lang='lat' dir='ltr'><strong>sed</strong></span> <span class='ocrx_word' id='word_1_65' title='bbox 984 1260 1276 1331; x_wconf 84' lang='lat' dir='ltr'><strong>sapientius</strong></span> <span class='ocrx_word' id='word_1_66' title='bbox 1302 1258 1438 1312; x_wconf 88' lang='lat' dir='ltr'><strong>idem</strong></span> <span class='ocrx_word' id='word_1_67' title='bbox 1462 1254 1705 1317; x_wconf 85' lang='lat' dir='ltr'><strong>molitur,</strong></span> 
     </span>
    </p>
   </div>
   <div class='ocr_carea' id='block_1_11' title="bbox 118 1345 1709 1435">
    <p class='ocr_par' dir='ltr' id='par_1_11' title="bbox 118 1345 1709 1435">
     <span class='ocr_line' id='line_1_11' title="bbox 118 1345 1709 1435; baseline -0.018 -13"><span class='ocrx_word' id='word_1_68' title='bbox 118 1384 151 1421; x_wconf 78' lang='lat' dir='ltr'><strong>:t</strong></span> <span class='ocrx_word' id='word_1_69' title='bbox 181 1382 242 1421; x_wconf 91' lang='lat' dir='ltr'><strong>re</strong></span> <span class='ocrx_word' id='word_1_70' title='bbox 270 1363 491 1435; x_wconf 89' lang='lat' dir='ltr'><strong>quidem</strong></span> <span class='ocrx_word' id='word_1_71' title='bbox 536 1362 649 1431; x_wconf 88' lang='lat' dir='ltr'><strong>ipsa</strong></span> <span class='ocrx_word' id='word_1_72' title='bbox 690 1357 958 1412; x_wconf 88' lang='lat' dir='ltr'><strong>abducens</strong></span> <span class='ocrx_word' id='word_1_73' title='bbox 983 1395 998 1420; x_wconf 94' lang='lat'><strong>,</strong></span> <span class='ocrx_word' id='word_1_74' title='bbox 1029 1365 1224 1407; x_wconf 90' lang='lat' dir='ltr'><strong>nomen</strong></span> <span class='ocrx_word' id='word_1_75' title='bbox 1251 1357 1425 1402; x_wconf 89' lang='lat' dir='ltr'><strong>autem</strong></span> <span class='ocrx_word' id='word_1_76' title='bbox 1457 1345 1563 1400; x_wconf 89' lang='lat' dir='ltr'><strong>illis</strong></span> <span class='ocrx_word' id='word_1_77' title='bbox 1590 1358 1709 1413; x_wconf 79' lang='lat' dir='ltr'><strong>gra-</strong></span> 
     </span>
    </p>
   </div>
   <div class='ocr_carea' id='block_1_12' title="bbox 113 1435 1705 1522">
    <p class='ocr_par' dir='ltr' id='par_1_12' title="bbox 113 1435 1705 1522">
     <span class='ocr_line' id='line_1_12' title="bbox 113 1435 1705 1522; baseline -0.016 -12"><span class='ocrx_word' id='word_1_78' title='bbox 113 1458 398 1520; x_wconf 82' lang='lat' dir='ltr'><strong>tiﬁeatus;</strong></span> <span class='ocrx_word' id='word_1_79' title='bbox 440 1453 526 1508; x_wconf 90' lang='lat' dir='ltr'><strong>vel</strong></span> <span class='ocrx_word' id='word_1_80' title='bbox 572 1449 746 1522; x_wconf 90' lang='lat' dir='ltr'><strong>potius</strong></span> <span class='ocrx_word' id='word_1_81' title='bbox 787 1461 901 1502; x_wconf 89' lang='lat' dir='ltr'><strong>rem</strong></span> <span class='ocrx_word' id='word_1_82' title='bbox 940 1457 1152 1514; x_wconf 87' lang='lat' dir='ltr'><strong>quoque</strong></span> <span class='ocrx_word' id='word_1_83' title='bbox 1187 1442 1356 1510; x_wconf 90' lang='lat' dir='ltr'><strong>ipsam</strong></span> <span class='ocrx_word' id='word_1_84' title='bbox 1397 1435 1705 1491; x_wconf 86' lang='lat' dir='ltr'><strong>studiosius.</strong></span> 
     </span>
    </p>
   </div>
   <div class='ocr_carea' id='block_1_13' title="bbox 128 1526 1709 1613">
    <p class='ocr_par' dir='ltr' id='par_1_13' title="bbox 128 1526 1709 1613">
     <span class='ocr_line' id='line_1_13' title="bbox 128 1526 1709 1613; baseline -0.016 -8"><span class='ocrx_word' id='word_1_85' title='bbox 128 1553 327 1607; x_wconf 62' lang='lat' dir='ltr'><strong>Verum</strong></span> <span class='ocrx_word' id='word_1_86' title='bbox 370 1563 477 1605; x_wconf 88' lang='lat' dir='ltr'><strong>non</strong></span> <span class='ocrx_word' id='word_1_87' title='bbox 518 1546 590 1600; x_wconf 88' lang='lat' dir='ltr'><strong>ita</strong></span> <span class='ocrx_word' id='word_1_88' title='bbox 620 1557 746 1613; x_wconf 84' lang='lat' dir='ltr'><strong>erga</strong></span> <span class='ocrx_word' id='word_1_89' title='bbox 774 1540 991 1597; x_wconf 86' lang='lat' dir='ltr'><strong>Galatas</strong></span> <span class='ocrx_word' id='word_1_90' title='bbox 1014 1578 1029 1602; x_wconf 93' lang='lat'><strong>,</strong></span> <span class='ocrx_word' id='word_1_91' title='bbox 1061 1534 1154 1590; x_wconf 90' lang='lat' dir='ltr'><strong>sed</strong></span> <span class='ocrx_word' id='word_1_92' title='bbox 1186 1534 1340 1602; x_wconf 89' lang='lat' dir='ltr'><strong>longe</strong></span> <span class='ocrx_word' id='word_1_93' title='bbox 1369 1543 1541 1584; x_wconf 87' lang='lat' dir='ltr'><strong>secus.</strong></span> <span class='ocrx_word' id='word_1_94' title='bbox 1574 1526 1709 1581; x_wconf 86' lang='lat' dir='ltr'><strong>Nam</strong></span> 
     </span>
    </p>
   </div>
   <div class='ocr_carea' id='block_1_14' title="bbox 120 1623 1709 1716">
    <p class='ocr_par' dir='ltr' id='par_1_14' title="bbox 120 1623 1709 1716">
     <span class='ocr_line' id='line_1_14' title="bbox 120 1623 1709 1716; baseline -0.016 -15"><span class='ocrx_word' id='word_1_95' title='bbox 120 1644 381 1716; x_wconf 85' lang='lat' dir='ltr'><strong>quoniam</strong></span> <span class='ocrx_word' id='word_1_96' title='bbox 424 1641 499 1697; x_wconf 87' lang='lat' dir='ltr'><strong>ibi</strong></span> <span class='ocrx_word' id='word_1_97' title='bbox 542 1652 765 1708; x_wconf 87' lang='lat' dir='ltr'><strong>magnus</strong></span> <span class='ocrx_word' id='word_1_98' title='bbox 804 1642 920 1689; x_wconf 90' lang='lat' dir='ltr'><strong>erat</strong></span> <span class='ocrx_word' id='word_1_99' title='bbox 954 1630 1170 1685; x_wconf 88' lang='lat' dir='ltr'><strong>morbus</strong></span> <span class='ocrx_word' id='word_1_100' title='bbox 1193 1668 1209 1694; x_wconf 93' lang='lat'><strong>,</strong></span> <span class='ocrx_word' id='word_1_101' title='bbox 1240 1623 1492 1680; x_wconf 88' lang='lat' dir='ltr'><strong>audacter</strong></span> <span class='ocrx_word' id='word_1_102' title='bbox 1520 1634 1709 1690; x_wconf 86' lang='lat' dir='ltr'><strong>magna</strong></span> 
     </span>
    </p>
   </div>
   <div class='ocr_carea' id='block_1_15' title="bbox 116 1713 1707 1795">
    <p class='ocr_par' dir='ltr' id='par_1_15' title="bbox 116 1713 1707 1795">
     <span class='ocr_line' id='line_1_15' title="bbox 116 1713 1707 1795; baseline -0.019 1"><span class='ocrx_word' id='word_1_103' title='bbox 116 1713 245 1795; x_wconf 74' lang='lat' dir='ltr'><strong>cum</strong></span> <span class='ocrx_word' id='word_1_104' title='bbox 277 1735 601 1793; x_wconf 87' lang='lat' dir='ltr'><strong>auctoritate</strong></span> <span class='ocrx_word' id='word_1_105' title='bbox 630 1738 814 1787; x_wconf 89' lang='lat' dir='ltr'><strong>secat:</strong></span> <span class='ocrx_word' id='word_1_106' title='bbox 836 1726 924 1782; x_wconf 86' lang='lat' dir='ltr'><strong>hic</strong></span> <span class='ocrx_word' id='word_1_107' title='bbox 949 1737 1097 1789; x_wconf 89' lang='lat' dir='ltr'><strong>vero,</strong></span> <span class='ocrx_word' id='word_1_108' title='bbox 1125 1719 1376 1791; x_wconf 87' lang='lat' dir='ltr'><strong>quoniam</strong></span> <span class='ocrx_word' id='word_1_109' title='bbox 1405 1714 1536 1771; x_wconf 88' lang='lat' dir='ltr'><strong>nihil</strong></span> <span class='ocrx_word' id='word_1_110' title='bbox 1563 1713 1707 1782; x_wconf 84' lang='lat' dir='ltr'><strong>ejus-</strong></span> 
     </span>
    </p>
   </div>
   <div class='ocr_carea' id='block_1_16' title="bbox 121 1803 1710 1892">
    <p class='ocr_par' dir='ltr' id='par_1_16' title="bbox 121 1803 1710 1892">
     <span class='ocr_line' id='line_1_16' title="bbox 121 1803 1710 1892; baseline -0.021 -3"><span class='ocrx_word' id='word_1_111' title='bbox 121 1831 270 1888; x_wconf 90' lang='lat' dir='ltr'><strong>modi</strong></span> <span class='ocrx_word' id='word_1_112' title='bbox 301 1828 672 1890; x_wconf 85' lang='lat' dir='ltr'><strong>admiserant,</strong></span> <span class='ocrx_word' id='word_1_113' title='bbox 715 1820 845 1892; x_wconf 81' lang='lat' dir='ltr'><strong>ipsis</strong></span> <span class='ocrx_word' id='word_1_114' title='bbox 882 1831 1000 1873; x_wconf 90' lang='lat' dir='ltr'><strong>eam</strong></span> <span class='ocrx_word' id='word_1_115' title='bbox 1035 1828 1153 1884; x_wconf 66' lang='lat' dir='ltr'><strong>qua:</strong></span> <span class='ocrx_word' id='word_1_116' title='bbox 1183 1826 1250 1866; x_wconf 82' lang='lat' dir='ltr'><strong>ex</strong></span> <span class='ocrx_word' id='word_1_117' title='bbox 1276 1807 1535 1863; x_wconf 90' lang='lat' dir='ltr'><strong>vocabulo</strong></span> <span class='ocrx_word' id='word_1_118' title='bbox 1559 1803 1710 1857; x_wconf 84' lang='lat' dir='ltr'><strong>volu-</strong></span> 
     </span>
    </p>
   </div>
   <div class='ocr_carea' id='block_1_17' title="bbox 120 1898 1711 1993">
    <p class='ocr_par' dir='ltr' id='par_1_17' title="bbox 120 1898 1711 1993">
     <span class='ocr_line' id='line_1_17' title="bbox 120 1898 1711 1993; baseline -0.02 -14"><span class='ocrx_word' id='word_1_119' title='bbox 120 1931 328 1993; x_wconf 83' lang='lat' dir='ltr'><strong>ptatem</strong></span> <span class='ocrx_word' id='word_1_120' title='bbox 365 1916 700 1990; x_wconf 84' lang='lat' dir='ltr'><strong>gratiﬁcatur</strong></span> <span class='ocrx_word' id='word_1_121' title='bbox 721 1953 737 1978; x_wconf 94' lang='lat'><strong>,</strong></span> <span class='ocrx_word' id='word_1_122' title='bbox 771 1910 868 1964; x_wconf 88' lang='lat' dir='ltr'><strong>hos</strong></span> <span class='ocrx_word' id='word_1_123' title='bbox 900 1909 1101 1964; x_wconf 88' lang='lat' dir='ltr'><strong>interea</strong></span> <span class='ocrx_word' id='word_1_124' title='bbox 1132 1913 1186 1959; x_wconf 90' lang='lat' dir='ltr'><strong>et</strong></span> <span class='ocrx_word' id='word_1_125' title='bbox 1220 1901 1341 1956; x_wconf 91' lang='lat' dir='ltr'><strong>illos</strong></span> <span class='ocrx_word' id='word_1_126' title='bbox 1369 1898 1587 1967; x_wconf 87' lang='lat' dir='ltr'><strong>abigens</strong></span> <span class='ocrx_word' id='word_1_127' title='bbox 1608 1935 1624 1961; x_wconf 94' lang='lat'><strong>,</strong></span> <span class='ocrx_word' id='word_1_128' title='bbox 1656 1902 1711 1948; x_wconf 91' lang='lat' dir='ltr'><strong>et</strong></span> 
     </span>
    </p>
   </div>
   <div class='ocr_carea' id='block_1_18' title="bbox 124 1988 1702 2088">
    <p class='ocr_par' dir='ltr' id='par_1_18' title="bbox 124 1988 1702 2088">
     <span class='ocr_line' id='line_1_18' title="bbox 124 1988 1702 2088; baseline -0.022 -15"><span class='ocrx_word' id='word_1_129' title='bbox 124 2016 319 2088; x_wconf 87' lang='lat' dir='ltr'><strong>inquit,</strong></span> <span class='ocrx_word' id='word_1_130' title='bbox 351 2012 529 2066; x_wconf 75' lang='lat' dir='ltr'><strong>Videte</strong></span> <span class='ocrx_word' id='word_1_131' title='bbox 548 2006 904 2062; x_wconf 83' lang='lat' dir='ltr'><strong>concisionem.</strong></span> <span class='ocrx_word' id='word_1_132' title='bbox 925 1999 1062 2054; x_wconf 87' lang='lat' dir='ltr'><strong>Nam</strong></span> <span class='ocrx_word' id='word_1_133' title='bbox 1079 2014 1169 2051; x_wconf 87' lang='lat' dir='ltr'><strong>nos</strong></span> <span class='ocrx_word' id='word_1_134' title='bbox 1190 2010 1361 2049; x_wconf 87' lang='lat' dir='ltr'><strong>sumus</strong></span> <span class='ocrx_word' id='word_1_135' title='bbox 1376 1988 1702 2045; x_wconf 75' lang='lat' dir='ltr'><strong>circumcisio.</strong></span> 
     </span>
    </p>
   </div>
   <div class='ocr_carea' id='block_1_19' title="bbox 121 2083 1712 2177">
    <p class='ocr_par' dir='ltr' id='par_1_19' title="bbox 121 2083 1712 2177">
     <span class='ocr_line' id='line_1_19' title="bbox 121 2083 1712 2177; baseline -0.02 -13"><span class='ocrx_word' id='word_1_136' title='bbox 121 2083 449 2177; x_wconf 77' lang='lat' dir='ltr'><strong>Quomodo?</strong></span> <span class='ocrx_word' id='word_1_137' title='bbox 493 2100 593 2166; x_wconf 80' lang='lat' dir='ltr'><strong>Qui</strong></span> <span class='ocrx_word' id='word_1_138' title='bbox 628 2097 809 2169; x_wconf 76' lang='lat' dir='ltr'><strong>spiritu</strong></span> <span class='ocrx_word' id='word_1_139' title='bbox 837 2093 948 2147; x_wconf 88' lang='lat' dir='ltr'><strong>Deo</strong></span> <span class='ocrx_word' id='word_1_140' title='bbox 974 2091 1212 2146; x_wconf 81' lang='lat' dir='ltr'><strong>servimus</strong></span> <span class='ocrx_word' id='word_1_141' title='bbox 1234 2127 1249 2153; x_wconf 97' lang='lat'><strong>,</strong></span> <span class='ocrx_word' id='word_1_142' title='bbox 1277 2096 1324 2140; x_wconf 89' lang='lat' dir='ltr'><strong>et</strong></span> <span class='ocrx_word' id='word_1_143' title='bbox 1354 2100 1452 2138; x_wconf 87' lang='lat' dir='ltr'><strong>non</strong></span> <span class='ocrx_word' id='word_1_144' title='bbox 1479 2083 1534 2135; x_wconf 86' lang='lat' dir='ltr'><strong>in</strong></span> <span class='ocrx_word' id='word_1_145' title='bbox 1561 2096 1712 2135; x_wconf 86' lang='lat' dir='ltr'><strong>carne</strong></span> 
     </span>
    </p>
   </div>
   <div class='ocr_carea' id='block_1_20' title="bbox 124 2172 1708 2269">
    <p class='ocr_par' dir='ltr' id='par_1_20' title="bbox 124 2172 1708 2269">
     <span class='ocr_line' id='line_1_20' title="bbox 124 2172 1708 2269; baseline -0.018 -16"><span class='ocrx_word' id='word_1_146' title='bbox 124 2172 371 2269; x_wconf 67' lang='lat' dir='ltr'><strong>,idueiam</strong></span> <span class='ocrx_word' id='word_1_147' title='bbox 403 2192 662 2246; x_wconf 82' lang='lat' dir='ltr'><strong>habentes.</strong></span> <span class='ocrx_word' id='word_1_148' title='bbox 691 2186 806 2243; x_wconf 85' lang='lat' dir='ltr'><strong>Non</strong></span> <span class='ocrx_word' id='word_1_149' title='bbox 835 2184 1002 2247; x_wconf 81' lang='lat' dir='ltr'><strong>dixit,</strong></span> <span class='ocrx_word' id='word_1_150' title='bbox 1029 2179 1404 2236; x_wconf 81' lang='lat' dir='ltr'><strong>Examiuemus</strong></span> <span class='ocrx_word' id='word_1_151' title='bbox 1426 2172 1708 2229; x_wconf 85' lang='lat' dir='ltr'><strong>circumci-</strong></span> 
     </span>
    </p>
   </div>
   <div class='ocr_carea' id='block_1_21' title="bbox 120 2266 1710 2346">
    <p class='ocr_par' dir='ltr' id='par_1_21' title="bbox 120 2266 1710 2346">
     <span class='ocr_line' id='line_1_21' title="bbox 120 2266 1710 2346; baseline -0.018 0"><span class='ocrx_word' id='word_1_152' title='bbox 120 2294 335 2346; x_wconf 90' lang='lat' dir='ltr'><strong>sionem</strong></span> <span class='ocrx_word' id='word_1_153' title='bbox 365 2286 512 2340; x_wconf 82' lang='lat' dir='ltr'><strong>illam</strong></span> <span class='ocrx_word' id='word_1_154' title='bbox 536 2294 590 2338; x_wconf 91' lang='lat' dir='ltr'><strong>et</strong></span> <span class='ocrx_word' id='word_1_155' title='bbox 615 2282 772 2345; x_wconf 89' lang='lat' dir='ltr'><strong>hanc,</strong></span> <span class='ocrx_word' id='word_1_156' title='bbox 798 2286 911 2332; x_wconf 90' lang='lat' dir='ltr'><strong>utra</strong></span> <span class='ocrx_word' id='word_1_157' title='bbox 937 2275 1007 2329; x_wconf 85' lang='lat' dir='ltr'><strong>sit</strong></span> <span class='ocrx_word' id='word_1_158' title='bbox 1028 2273 1250 2336; x_wconf 90' lang='lat' dir='ltr'><strong>melior;</strong></span> <span class='ocrx_word' id='word_1_159' title='bbox 1272 2269 1365 2325; x_wconf 91' lang='lat' dir='ltr'><strong>sed</strong></span> <span class='ocrx_word' id='word_1_160' title='bbox 1393 2283 1460 2322; x_wconf 94' lang='lat' dir='ltr'><strong>ne</strong></span> <span class='ocrx_word' id='word_1_161' title='bbox 1481 2266 1710 2320; x_wconf 90' lang='lat' dir='ltr'><strong>nominis</strong></span> 
     </span>
    </p>
   </div>
   <div class='ocr_carea' id='block_1_22' title="bbox 124 2359 1712 2454">
    <p class='ocr_par' dir='ltr' id='par_1_22' title="bbox 124 2359 1712 2454">
     <span class='ocr_line' id='line_1_22' title="bbox 124 2359 1712 2454; baseline -0.018 -16"><span class='ocrx_word' id='word_1_162' title='bbox 124 2382 345 2454; x_wconf 87' lang='lat' dir='ltr'><strong>quidem</strong></span> <span class='ocrx_word' id='word_1_163' title='bbox 377 2377 526 2433; x_wconf 87' lang='lat' dir='ltr'><strong>illam</strong></span> <span class='ocrx_word' id='word_1_164' title='bbox 555 2372 870 2446; x_wconf 86' lang='lat' dir='ltr'><strong>participat;</strong></span> <span class='ocrx_word' id='word_1_165' title='bbox 899 2366 992 2422; x_wconf 90' lang='lat' dir='ltr'><strong>sed</strong></span> <span class='ocrx_word' id='word_1_166' title='bbox 1024 2364 1150 2436; x_wconf 90' lang='lat' dir='ltr'><strong>quid</strong></span> <span class='ocrx_word' id='word_1_167' title='bbox 1191 2361 1397 2433; x_wconf 89' lang='lat' dir='ltr'><strong>inquit?</strong></span> <span class='ocrx_word' id='word_1_168' title='bbox 1421 2359 1712 2414; x_wconf 86' lang='lat' dir='ltr'><strong>Circumci-</strong></span> 
     </span>
    </p>
   </div>
   <div class='ocr_carea' id='block_1_23' title="bbox 123 2450 1707 2530">
    <p class='ocr_par' dir='ltr' id='par_1_23' title="bbox 123 2450 1707 2530">
     <span class='ocr_line' id='line_1_23' title="bbox 123 2450 1707 2530; baseline -0.018 0"><span class='ocrx_word' id='word_1_169' title='bbox 123 2450 206 2530; x_wconf 75' lang='lat' dir='ltr'><strong>sio</strong></span> <span class='ocrx_word' id='word_1_170' title='bbox 234 2473 327 2527; x_wconf 90' lang='lat' dir='ltr'><strong>illa</strong></span> <span class='ocrx_word' id='word_1_171' title='bbox 355 2467 596 2524; x_wconf 85' lang='lat' dir='ltr'><strong>concisio</strong></span> <span class='ocrx_word' id='word_1_172' title='bbox 617 2473 719 2520; x_wconf 90' lang='lat' dir='ltr'><strong>est.</strong></span> <span class='ocrx_word' id='word_1_173' title='bbox 755 2460 967 2530; x_wconf 86' lang='lat' dir='ltr'><strong>Quare?</strong></span> <span class='ocrx_word' id='word_1_174' title='bbox 987 2456 1128 2512; x_wconf 87' lang='lat' dir='ltr'><strong>Nihil</strong></span> <span class='ocrx_word' id='word_1_175' title='bbox 1147 2454 1288 2509; x_wconf 89' lang='lat' dir='ltr'><strong>enim</strong></span> <span class='ocrx_word' id='word_1_176' title='bbox 1317 2451 1460 2506; x_wconf 91' lang='lat' dir='ltr'><strong>aliud</strong></span> <span class='ocrx_word' id='word_1_177' title='bbox 1491 2450 1707 2513; x_wconf 84' lang='lat' dir='ltr'><strong>faciunt,</strong></span> 
     </span>
    </p>
   </div>
   <div class='ocr_carea' id='block_1_24' title="bbox 124 2539 1708 2633">
    <p class='ocr_par' dir='ltr' id='par_1_24' title="bbox 124 2539 1708 2633">
     <span class='ocr_line' id='line_1_24' title="bbox 124 2539 1708 2633; baseline -0.017 -13"><span class='ocrx_word' id='word_1_178' title='bbox 124 2580 285 2633; x_wconf 89' lang='lat' dir='ltr'><strong>quam</strong></span> <span class='ocrx_word' id='word_1_179' title='bbox 310 2558 458 2632; x_wconf 89' lang='lat' dir='ltr'><strong>quod</strong></span> <span class='ocrx_word' id='word_1_180' title='bbox 487 2571 703 2614; x_wconf 89' lang='lat' dir='ltr'><strong>carnem</strong></span> <span class='ocrx_word' id='word_1_181' title='bbox 729 2550 1031 2609; x_wconf 86' lang='lat' dir='ltr'><strong>concidunt.</strong></span> <span class='ocrx_word' id='word_1_182' title='bbox 1060 2545 1284 2615; x_wconf 84' lang='lat' dir='ltr'><strong>Quando</strong></span> <span class='ocrx_word' id='word_1_183' title='bbox 1306 2545 1446 2599; x_wconf 89' lang='lat' dir='ltr'><strong>enim</strong></span> <span class='ocrx_word' id='word_1_184' title='bbox 1467 2540 1607 2612; x_wconf 92' lang='lat' dir='ltr'><strong>quod</strong></span> <span class='ocrx_word' id='word_1_185' title='bbox 1630 2539 1708 2605; x_wconf 80' lang='lat' dir='ltr'><strong>lit,</strong></span> 
     </span>
    </p>
   </div>
   <div class='ocr_carea' id='block_1_25' title="bbox 122 2632 1714 2725">
    <p class='ocr_par' dir='ltr' id='par_1_25' title="bbox 122 2632 1714 2725">
     <span class='ocr_line' id='line_1_25' title="bbox 122 2632 1714 2725; baseline -0.016 -14"><span class='ocrx_word' id='word_1_186' title='bbox 122 2632 429 2725; x_wconf 77' lang='lat' dir='ltr'><strong>legitimum</strong></span> <span class='ocrx_word' id='word_1_187' title='bbox 459 2665 565 2705; x_wconf 89' lang='lat' dir='ltr'><strong>non</strong></span> <span class='ocrx_word' id='word_1_188' title='bbox 595 2654 697 2713; x_wconf 88' lang='lat' dir='ltr'><strong>est,</strong></span> <span class='ocrx_word' id='word_1_189' title='bbox 728 2643 859 2699; x_wconf 91' lang='lat' dir='ltr'><strong>nihil</strong></span> <span class='ocrx_word' id='word_1_190' title='bbox 884 2639 1029 2695; x_wconf 91' lang='lat' dir='ltr'><strong>aliud</strong></span> <span class='ocrx_word' id='word_1_191' title='bbox 1057 2652 1215 2708; x_wconf 90' lang='lat' dir='ltr'><strong>quam</strong></span> <span class='ocrx_word' id='word_1_192' title='bbox 1243 2634 1420 2690; x_wconf 87' lang='lat' dir='ltr'><strong>carnis</strong></span> <span class='ocrx_word' id='word_1_193' title='bbox 1444 2632 1611 2689; x_wconf 87' lang='lat' dir='ltr'><strong>sectio</strong></span> <span class='ocrx_word' id='word_1_194' title='bbox 1631 2639 1714 2686; x_wconf 91' lang='lat' dir='ltr'><strong>est</strong></span> 
     </span>
    </p>
   </div>
   <div class='ocr_carea' id='block_1_26' title="bbox 123 2723 1713 2807">
    <p class='ocr_par' dir='ltr' id='par_1_26' title="bbox 123 2723 1713 2807">
     <span class='ocr_line' id='line_1_26' title="bbox 123 2723 1713 2807; baseline -0.017 -6"><span class='ocrx_word' id='word_1_195' title='bbox 123 2723 485 2801; x_wconf 46' lang='lat' dir='ltr'><strong>et—coneisio.</strong></span> <span class='ocrx_word' id='word_1_196' title='bbox 526 2738 623 2794; x_wconf 82' lang='lat' dir='ltr'><strong>Vel</strong></span> <span class='ocrx_word' id='word_1_197' title='bbox 652 2736 809 2807; x_wconf 78' lang='lat' dir='ltr'><strong>igitur</strong></span> <span class='ocrx_word' id='word_1_198' title='bbox 836 2732 906 2787; x_wconf 91' lang='lat' dir='ltr'><strong>ob</strong></span> <span class='ocrx_word' id='word_1_199' title='bbox 936 2731 1073 2785; x_wconf 90' lang='lat' dir='ltr'><strong>hanc</strong></span> <span class='ocrx_word' id='word_1_200' title='bbox 1099 2740 1313 2781; x_wconf 89' lang='lat' dir='ltr'><strong>causam</strong></span> <span class='ocrx_word' id='word_1_201' title='bbox 1344 2724 1417 2778; x_wconf 88' lang='lat' dir='ltr'><strong>ita</strong></span> <span class='ocrx_word' id='word_1_202' title='bbox 1450 2723 1591 2777; x_wconf 90' lang='lat' dir='ltr'><strong>illam</strong></span> <span class='ocrx_word' id='word_1_203' title='bbox 1618 2735 1713 2790; x_wconf 83' lang='lat' dir='ltr'><strong>ap-</strong></span> 
     </span>
    </p>
   </div>
   <div class='ocr_carea' id='block_1_27' title="bbox 125 2817 1707 2909">
    <p class='ocr_par' dir='ltr' id='par_1_27' title="bbox 125 2817 1707 2909">
     <span class='ocr_line' id='line_1_27' title="bbox 125 2817 1707 2909; baseline -0.016 -15"><span class='ocrx_word' id='word_1_204' title='bbox 125 2838 380 2909; x_wconf 85' lang='lat' dir='ltr'><strong>pellavit;</strong></span> <span class='ocrx_word' id='word_1_205' title='bbox 401 2835 482 2889; x_wconf 86' lang='lat' dir='ltr'><strong>vel</strong></span> <span class='ocrx_word' id='word_1_206' title='bbox 503 2831 643 2902; x_wconf 90' lang='lat' dir='ltr'><strong>quod</strong></span> <span class='ocrx_word' id='word_1_207' title='bbox 666 2825 959 2883; x_wconf 75' lang='lat' dir='ltr'><strong>Ecclesium</strong></span> <span class='ocrx_word' id='word_1_208' title='bbox 976 2820 1258 2878; x_wconf 88' lang='lat' dir='ltr'><strong>concidere</strong></span> <span class='ocrx_word' id='word_1_209' title='bbox 1274 2817 1707 2889; x_wconf 74' lang='lat' dir='ltr'><strong>aggrederentur.</strong></span> 
     </span>
    </p>
   </div>
   <div class='ocr_carea' id='block_1_28' title="bbox 125 2909 1712 2988">
    <p class='ocr_par' dir='ltr' id='par_1_28' title="bbox 125 2909 1712 2988">
     <span class='ocr_line' id='line_1_28' title="bbox 125 2909 1712 2988; baseline -0.017 0"><span class='ocrx_word' id='word_1_210' title='bbox 125 2934 262 2988; x_wconf 80' lang='lat' dir='ltr'><strong>Nam</strong></span> <span class='ocrx_word' id='word_1_211' title='bbox 293 2938 352 2986; x_wconf 89' lang='lat' dir='ltr'><strong>et</strong></span> <span class='ocrx_word' id='word_1_212' title='bbox 376 2942 476 2983; x_wconf 89' lang='lat' dir='ltr'><strong>nos</strong></span> <span class='ocrx_word' id='word_1_213' title='bbox 503 2922 824 2981; x_wconf 89' lang='lat' dir='ltr'><strong>concisiouis</strong></span> <span class='ocrx_word' id='word_1_214' title='bbox 848 2919 1066 2973; x_wconf 90' lang='lat' dir='ltr'><strong>nomine</strong></span> <span class='ocrx_word' id='word_1_215' title='bbox 1095 2914 1294 2969; x_wconf 85' lang='lat' dir='ltr'><strong>utimur</strong></span> <span class='ocrx_word' id='word_1_216' title='bbox 1322 2913 1372 2966; x_wconf 92' lang='lat' dir='ltr'><strong>in</strong></span> <span class='ocrx_word' id='word_1_217' title='bbox 1403 2911 1487 2975; x_wconf 88' lang='lat' dir='ltr'><strong>iis,</strong></span> <span class='ocrx_word' id='word_1_218' title='bbox 1515 2909 1608 2979; x_wconf 87' lang='lat' dir='ltr'><strong>qui</strong></span> <span class='ocrx_word' id='word_1_219' title='bbox 1632 2920 1712 2963; x_wconf 85' lang='lat' dir='ltr'><strong>te—</strong></span> 
     </span>
    </p>
   </div>
   <div class='ocr_carea' id='block_1_29' title="bbox 124 3091 1713 3187">
    <p class='ocr_par' dir='ltr' id='par_1_29' title="bbox 124 3091 1713 3187">
     <span class='ocr_line' id='line_1_29' title="bbox 124 3091 1713 3187; baseline -0.018 -15"><span class='ocrx_word' id='word_1_220' title='bbox 124 3112 428 3187; x_wconf 70' lang='lat' dir='ltr'><strong>qurereuda</strong></span> <span class='ocrx_word' id='word_1_221' title='bbox 457 3118 541 3165; x_wconf 88' lang='lat' dir='ltr'><strong>est</strong></span> <span class='ocrx_word' id='word_1_222' title='bbox 560 3149 574 3172; x_wconf 90' lang='lat'><strong>,</strong></span> <span class='ocrx_word' id='word_1_223' title='bbox 602 3104 807 3176; x_wconf 90' lang='lat' dir='ltr'><strong>inquit,</strong></span> <span class='ocrx_word' id='word_1_224' title='bbox 836 3101 975 3173; x_wconf 91' lang='lat' dir='ltr'><strong>apud</strong></span> <span class='ocrx_word' id='word_1_225' title='bbox 1005 3114 1102 3154; x_wconf 92' lang='lat' dir='ltr'><strong>nos</strong></span> <span class='ocrx_word' id='word_1_226' title='bbox 1126 3112 1244 3153; x_wconf 89' lang='lat' dir='ltr'><strong>eam</strong></span> <span class='ocrx_word' id='word_1_227' title='bbox 1277 3094 1579 3149; x_wconf 87' lang='lat' dir='ltr'><strong>invenietis.</strong></span> <span class='ocrx_word' id='word_1_228' title='bbox 1613 3091 1713 3158; x_wconf 83' lang='lat' dir='ltr'><strong>Qui</strong></span> 
     </span>
    </p>
   </div>
   <div class='ocr_carea' id='block_1_30' title="bbox 125 3185 1713 3278">
    <p class='ocr_par' dir='ltr' id='par_1_30' title="bbox 125 3185 1713 3278">
     <span class='ocr_line' id='line_1_30' title="bbox 125 3185 1713 3278; baseline -0.016 -15"><span class='ocrx_word' id='word_1_229' title='bbox 125 3185 319 3278; x_wconf 79' lang='lat' dir='ltr'><strong>spiritu</strong></span> <span class='ocrx_word' id='word_1_230' title='bbox 350 3202 463 3258; x_wconf 88' lang='lat' dir='ltr'><strong>Deo</strong></span> <span class='ocrx_word' id='word_1_231' title='bbox 491 3199 732 3255; x_wconf 76' lang='lat' dir='ltr'><strong>servimus</strong></span> <span class='ocrx_word' id='word_1_232' title='bbox 757 3236 772 3262; x_wconf 90' lang='lat'><strong>,</strong></span> <span class='ocrx_word' id='word_1_233' title='bbox 799 3194 854 3250; x_wconf 92' lang='lat' dir='ltr'><strong>id</strong></span> <span class='ocrx_word' id='word_1_234' title='bbox 880 3202 963 3248; x_wconf 87' lang='lat' dir='ltr'><strong>est</strong></span> <span class='ocrx_word' id='word_1_235' title='bbox 984 3233 1001 3259; x_wconf 93' lang='lat'><strong>,</strong></span> <span class='ocrx_word' id='word_1_236' title='bbox 1032 3192 1122 3262; x_wconf 89' lang='lat' dir='ltr'><strong>qui</strong></span> <span class='ocrx_word' id='word_1_237' title='bbox 1162 3188 1507 3260; x_wconf 86' lang='lat' dir='ltr'><strong>spiritualiter</strong></span> <span class='ocrx_word' id='word_1_238' title='bbox 1541 3185 1713 3240; x_wconf 88' lang='lat' dir='ltr'><strong>servi-</strong></span> 
     </span>
    </p>
   </div>
   <div class='ocr_carea' id='block_1_31' title="bbox 124 3316 274 3357">
    <p class='ocr_par' dir='ltr' id='par_1_31' title="bbox 124 3316 274 3357">
     <span class='ocr_line' id='line_1_31' title="bbox 124 3316 274 3357; baseline -0.033 0"><span class='ocrx_word' id='word_1_239' title='bbox 124 3316 274 3357; x_wconf 74' lang='lat' dir='ltr'><strong>IDUS.</strong></span> 
     </span>
    </p>
   </div>
   <div class='ocr_carea' id='block_1_32' title="bbox 196 3366 1715 3446">
    <p class='ocr_par' dir='ltr' id='par_1_32' title="bbox 196 3366 1715 3446">
     <span class='ocr_line' id='line_1_32' title="bbox 196 3366 1715 3446; baseline -0.016 0"><span class='ocrx_word' id='word_1_240' title='bbox 196 3390 258 3446; x_wconf 74' lang='lat'><strong>2.</strong></span> <span class='ocrx_word' id='word_1_241' title='bbox 295 3389 395 3444; x_wconf 90' lang='lat' dir='ltr'><strong>Dic</strong></span> <span class='ocrx_word' id='word_1_242' title='bbox 413 3384 557 3442; x_wconf 91' lang='lat' dir='ltr'><strong>enim</strong></span> <span class='ocrx_word' id='word_1_243' title='bbox 578 3379 730 3446; x_wconf 91' lang='lat' dir='ltr'><strong>mihi,</strong></span> <span class='ocrx_word' id='word_1_244' title='bbox 758 3387 935 3433; x_wconf 89' lang='lat' dir='ltr'><strong>utrum</strong></span> <span class='ocrx_word' id='word_1_245' title='bbox 956 3374 1166 3441; x_wconf 90' lang='lat' dir='ltr'><strong>melius,</strong></span> <span class='ocrx_word' id='word_1_246' title='bbox 1190 3370 1365 3427; x_wconf 90' lang='lat' dir='ltr'><strong>anima</strong></span> <span class='ocrx_word' id='word_1_247' title='bbox 1390 3384 1457 3424; x_wconf 89' lang='lat' dir='ltr'><strong>an</strong></span> <span class='ocrx_word' id='word_1_248' title='bbox 1478 3366 1715 3438; x_wconf 79' lang='lat' dir='ltr'><strong>corpus?</strong></span> 
     </span>
    </p>
   </div>
   <div class='ocr_carea' id='block_1_33' title="bbox 126 3463 1716 3540">
    <p class='ocr_par' dir='ltr' id='par_1_33' title="bbox 126 3463 1716 3540">
     <span class='ocr_line' id='line_1_33' title="bbox 126 3463 1716 3540; baseline -0.017 0"><span class='ocrx_word' id='word_1_249' title='bbox 126 3481 430 3540; x_wconf 80' lang='lat' dir='ltr'><strong>Evidenter</strong></span> <span class='ocrx_word' id='word_1_250' title='bbox 457 3475 654 3529; x_wconf 84' lang='lat' dir='ltr'><strong>anima.</strong></span> <span class='ocrx_word' id='word_1_251' title='bbox 686 3471 852 3540; x_wconf 87' lang='lat' dir='ltr'><strong>Igitur</strong></span> <span class='ocrx_word' id='word_1_252' title='bbox 876 3466 1211 3523; x_wconf 88' lang='lat' dir='ltr'><strong>circumcisio</strong></span> <span class='ocrx_word' id='word_1_253' title='bbox 1238 3463 1325 3517; x_wconf 89' lang='lat' dir='ltr'><strong>illa</strong></span> <span class='ocrx_word' id='word_1_254' title='bbox 1358 3476 1464 3516; x_wconf 93' lang='lat' dir='ltr'><strong>non</strong></span> <span class='ocrx_word' id='word_1_255' title='bbox 1494 3469 1577 3514; x_wconf 86' lang='lat' dir='ltr'><strong>est</strong></span> <span class='ocrx_word' id='word_1_256' title='bbox 1600 3473 1716 3514; x_wconf 62' lang='lat' dir='ltr'><strong>mev</strong></span> 
     </span>
    </p>
   </div>
   <div class='ocr_carea' id='block_1_34' title="bbox 127 3552 1716 3641">
    <p class='ocr_par' dir='ltr' id='par_1_34' title="bbox 127 3552 1716 3641">
     <span class='ocr_line' id='line_1_34' title="bbox 127 3552 1716 3641; baseline -0.018 -8"><span class='ocrx_word' id='word_1_257' title='bbox 127 3578 266 3640; x_wconf 82' lang='lat' dir='ltr'><strong>hor;</strong></span> <span class='ocrx_word' id='word_1_258' title='bbox 321 3571 566 3641; x_wconf 89' lang='lat' dir='ltr'><strong>quinimo</strong></span> <span class='ocrx_word' id='word_1_259' title='bbox 618 3567 733 3620; x_wconf 73' lang='lat' dir='ltr'><strong>haec</strong></span> <span class='ocrx_word' id='word_1_260' title='bbox 782 3563 896 3618; x_wconf 89' lang='lat' dir='ltr'><strong>sola</strong></span> <span class='ocrx_word' id='word_1_261' title='bbox 949 3556 1288 3615; x_wconf 86' lang='lat' dir='ltr'><strong>circumcisio</strong></span> <span class='ocrx_word' id='word_1_262' title='bbox 1341 3564 1445 3611; x_wconf 90' lang='lat' dir='ltr'><strong>est.</strong></span> <span class='ocrx_word' id='word_1_263' title='bbox 1504 3552 1716 3607; x_wconf 90' lang='lat' dir='ltr'><strong>Etenim</strong></span> 
     </span>
    </p>
   </div>
   <div class='ocr_carea' id='block_1_35' title="bbox 127 3640 1718 3741">
    <p class='ocr_par' dir='ltr' id='par_1_35' title="bbox 127 3640 1718 3741">
     <span class='ocr_line' id='line_1_35' title="bbox 127 3640 1718 3741; baseline -0.019 -17"><span class='ocrx_word' id='word_1_264' title='bbox 127 3664 395 3741; x_wconf 80' lang='lat' dir='ltr'><strong>quamdiu</strong></span> <span class='ocrx_word' id='word_1_265' title='bbox 421 3660 634 3734; x_wconf 89' lang='lat' dir='ltr'><strong>quidem</strong></span> <span class='ocrx_word' id='word_1_266' title='bbox 658 3668 815 3729; x_wconf 82' lang='lat' dir='ltr'><strong>typus</strong></span> <span class='ocrx_word' id='word_1_267' title='bbox 835 3652 1102 3718; x_wconf 88' lang='lat' dir='ltr'><strong>manebat,</strong></span> <span class='ocrx_word' id='word_1_268' title='bbox 1124 3649 1314 3703; x_wconf 91' lang='lat' dir='ltr'><strong>merito</strong></span> <span class='ocrx_word' id='word_1_269' title='bbox 1334 3640 1718 3713; x_wconf 80' lang='lat' dir='ltr'><strong>comparatiOui</strong></span> 
     </span>
    </p>
   </div>
   <div class='ocr_carea' id='block_1_36' title="bbox 128 3737 1718 3821">
    <p class='ocr_par' dir='ltr' id='par_1_36' title="bbox 128 3737 1718 3821">
     <span class='ocr_line' id='line_1_36' title="bbox 128 3737 1718 3821; baseline -0.021 -2"><span class='ocrx_word' id='word_1_270' title='bbox 128 3737 289 3819; x_wconf 72' lang='lat' dir='ltr'><strong>locus</strong></span> <span class='ocrx_word' id='word_1_271' title='bbox 317 3764 468 3821; x_wconf 86' lang='lat' dir='ltr'><strong>erat;</strong></span> <span class='ocrx_word' id='word_1_272' title='bbox 500 3752 570 3811; x_wconf 87' lang='lat' dir='ltr'><strong>Ut</strong></span> <span class='ocrx_word' id='word_1_273' title='bbox 595 3747 1004 3809; x_wconf 84' lang='lat' dir='ltr'><strong>circumcidatur,</strong></span> <span class='ocrx_word' id='word_1_274' title='bbox 1037 3742 1239 3812; x_wconf 87' lang='lat' dir='ltr'><strong>inquit,</strong></span> <span class='ocrx_word' id='word_1_275' title='bbox 1270 3737 1573 3810; x_wconf 77' lang='lat' dir='ltr'><strong>prtcputium</strong></span> <span class='ocrx_word' id='word_1_276' title='bbox 1600 3749 1718 3787; x_wconf 88' lang='lat' dir='ltr'><strong>cor-</strong></span> 
     </span>
    </p>
   </div>
   <div class='ocr_carea' id='block_1_37' title="bbox 128 3827 1721 3917">
    <p class='ocr_par' dir='ltr' id='par_1_37' title="bbox 128 3827 1721 3917">
     <span class='ocr_line' id='line_1_37' title="bbox 128 3827 1721 3917; baseline -0.019 -8"><span class='ocrx_word' id='word_1_277' title='bbox 128 3856 215 3908; x_wconf 84' lang='lat' dir='ltr'><strong>dis</strong></span> <span class='ocrx_word' id='word_1_278' title='bbox 238 3850 397 3906; x_wconf 65' lang='lat' dir='ltr'><strong>vestri</strong></span> <span class='ocrx_word' id='word_1_279' title='bbox 423 3845 561 3917; x_wconf 82' lang='lat' dir='ltr'><strong>(Jer.</strong></span> <span class='ocrx_word' id='word_1_280' title='bbox 585 3844 637 3899; x_wconf 69' lang='grc'><strong>4.</strong></span> <span class='ocrx_word' id='word_1_281' title='bbox 675 3840 853 3911; x_wconf 69' lang='grc' dir='ltr'>4).1ιιι</span> <span class='ocrx_word' id='word_1_282' title='bbox 881 3846 938 3892; x_wconf 89' lang='lat' dir='ltr'><strong>et.</strong></span> <span class='ocrx_word' id='word_1_283' title='bbox 976 3835 1029 3890; x_wconf 91' lang='lat' dir='ltr'><strong>in</strong></span> <span class='ocrx_word' id='word_1_284' title='bbox 1070 3831 1304 3902; x_wconf 86' lang='lat' dir='ltr'><strong>Epistola</strong></span> <span class='ocrx_word' id='word_1_285' title='bbox 1344 3827 1411 3882; x_wconf 88' lang='lat' dir='ltr'><strong>ad</strong></span> <span class='ocrx_word' id='word_1_286' title='bbox 1449 3827 1721 3881; x_wconf 80' lang='lat' dir='ltr'><strong>Romanos</strong></span> 
     </span>
    </p>
   </div>
   <div class='ocr_carea' id='block_1_38' title="bbox 131 3917 1719 4018">
    <p class='ocr_par' dir='ltr' id='par_1_38' title="bbox 131 3917 1719 4018">
     <span class='ocr_line' id='line_1_38' title="bbox 131 3917 1719 4018; baseline -0.023 -14"><span class='ocrx_word' id='word_1_287' title='bbox 131 3950 311 4018; x_wconf 75' lang='lat' dir='ltr'><strong>ipsam</strong></span> <span class='ocrx_word' id='word_1_288' title='bbox 341 3940 487 3997; x_wconf 91' lang='lat' dir='ltr'><strong>tollit</strong></span> <span class='ocrx_word' id='word_1_289' title='bbox 510 3936 598 3990; x_wconf 86' lang='lat' dir='ltr'><strong>his</strong></span> <span class='ocrx_word' id='word_1_290' title='bbox 623 3932 839 3989; x_wconf 84' lang='lat' dir='ltr'><strong>verbis:</strong></span> <span class='ocrx_word' id='word_1_291' title='bbox 874 3927 997 3983; x_wconf 82' lang='lat' dir='ltr'><strong>Non</strong></span> <span class='ocrx_word' id='word_1_292' title='bbox 1039 3926 1172 3980; x_wconf 85' lang='lat' dir='ltr'><strong>enim</strong></span> <span class='ocrx_word' id='word_1_293' title='bbox 1215 3922 1301 3993; x_wconf 86' lang='lat' dir='ltr'><strong>qui</strong></span> <span class='ocrx_word' id='word_1_294' title='bbox 1338 3921 1392 3974; x_wconf 87' lang='lat' dir='ltr'><strong>in</strong></span> <span class='ocrx_word' id='word_1_295' title='bbox 1430 3917 1719 3987; x_wconf 75' lang='lat' dir='ltr'><strong>manifesto,</strong></span> 
     </span>
    </p>
   </div>
   <div class='ocr_carea' id='block_1_39' title="bbox 129 4008 1721 4098">
    <p class='ocr_par' dir='ltr' id='par_1_39' title="bbox 129 4008 1721 4098">
     <span class='ocr_line' id='line_1_39' title="bbox 129 4008 1721 4098; baseline -0.023 -3"><span class='ocrx_word' id='word_1_296' title='bbox 129 4038 359 4094; x_wconf 71' lang='lat' dir='ltr'><strong>Judteus</strong></span> <span class='ocrx_word' id='word_1_297' title='bbox 377 4040 475 4095; x_wconf 87' lang='lat' dir='ltr'><strong>est,</strong></span> <span class='ocrx_word' id='word_1_298' title='bbox 500 4042 657 4098; x_wconf 85' lang='lat' dir='ltr'><strong>neque</strong></span> <span class='ocrx_word' id='word_1_299' title='bbox 682 4039 795 4095; x_wconf 67' lang='lat' dir='ltr'><strong>quis</strong></span> <span class='ocrx_word' id='word_1_300' title='bbox 814 4023 868 4076; x_wconf 86' lang='lat' dir='ltr'><strong>in</strong></span> <span class='ocrx_word' id='word_1_301' title='bbox 892 4019 1157 4087; x_wconf 75' lang='lat' dir='ltr'><strong>manifesto</strong></span> <span class='ocrx_word' id='word_1_302' title='bbox 1179 4016 1232 4068; x_wconf 84' lang='lat' dir='ltr'><strong>in</strong></span> <span class='ocrx_word' id='word_1_303' title='bbox 1260 4028 1428 4076; x_wconf 87' lang='lat' dir='ltr'><strong>came,</strong></span> <span class='ocrx_word' id='word_1_304' title='bbox 1452 4008 1721 4064; x_wconf 85' lang='lat' dir='ltr'><strong>circumci-</strong></span> 
     </span>
    </p>
   </div>
   <div class='ocr_carea' id='block_1_40' title="bbox 128 4100 1724 4197">
    <p class='ocr_par' dir='ltr' id='par_1_40' title="bbox 128 4100 1724 4197">
     <span class='ocr_line' id='line_1_40' title="bbox 128 4100 1724 4197; baseline -0.022 -10"><span class='ocrx_word' id='word_1_305' title='bbox 128 4134 232 4197; x_wconf 89' lang='lat' dir='ltr'><strong>sio,</strong></span> <span class='ocrx_word' id='word_1_306' title='bbox 269 4127 361 4183; x_wconf 84' lang='lat' dir='ltr'><strong>sed</strong></span> <span class='ocrx_word' id='word_1_307' title='bbox 385 4125 473 4196; x_wconf 86' lang='lat' dir='ltr'><strong>qui</strong></span> <span class='ocrx_word' id='word_1_308' title='bbox 500 4123 553 4175; x_wconf 84' lang='lat' dir='ltr'><strong>in</strong></span> <span class='ocrx_word' id='word_1_309' title='bbox 572 4116 863 4174; x_wconf 82' lang='lat' dir='ltr'><strong>abscondito</strong></span> <span class='ocrx_word' id='word_1_310' title='bbox 886 4112 1118 4174; x_wconf 76' lang='lat' dir='ltr'><strong>Judteus,</strong></span> <span class='ocrx_word' id='word_1_311' title='bbox 1146 4118 1191 4162; x_wconf 92' lang='lat' dir='ltr'><strong>et</strong></span> <span class='ocrx_word' id='word_1_312' title='bbox 1216 4103 1529 4160; x_wconf 82' lang='lat' dir='ltr'><strong>circumcisio</strong></span> <span class='ocrx_word' id='word_1_313' title='bbox 1556 4100 1724 4155; x_wconf 82' lang='lat' dir='ltr'><strong>cordis</strong></span> 
     </span>
    </p>
   </div>
   <div class='ocr_carea' id='block_1_41' title="bbox 133 4198 1726 4292">
    <p class='ocr_par' dir='ltr' id='par_1_41' title="bbox 133 4198 1726 4292">
     <span class='ocr_line' id='line_1_41' title="bbox 133 4198 1726 4292; baseline -0.021 -12"><span class='ocrx_word' id='word_1_314' title='bbox 133 4228 191 4281; x_wconf 80' lang='lat' dir='ltr'><strong>iu</strong></span> <span class='ocrx_word' id='word_1_315' title='bbox 234 4220 445 4292; x_wconf 80' lang='lat' dir='ltr'><strong>spiritu,</strong></span> <span class='ocrx_word' id='word_1_316' title='bbox 476 4231 577 4269; x_wconf 86' lang='lat' dir='ltr'><strong>non</strong></span> <span class='ocrx_word' id='word_1_317' title='bbox 616 4213 761 4266; x_wconf 77' lang='lat' dir='ltr'><strong>litera</strong></span> <span class='ocrx_word' id='word_1_318' title='bbox 789 4206 965 4278; x_wconf 88' lang='lat' dir='ltr'><strong>(Rom.</strong></span> <span class='ocrx_word' id='word_1_319' title='bbox 988 4204 1043 4258; x_wconf 78' lang='grc'><strong>2.</strong></span> <span class='ocrx_word' id='word_1_320' title='bbox 1065 4201 1178 4273; x_wconf 75' lang='lat'><strong>28).</strong></span> <span class='ocrx_word' id='word_1_321' title='bbox 1208 4198 1357 4253; x_wconf 84' lang='lat' dir='ltr'><strong>Nunc</strong></span> <span class='ocrx_word' id='word_1_322' title='bbox 1383 4210 1512 4250; x_wconf 89' lang='lat' dir='ltr'><strong>vero</strong></span> <span class='ocrx_word' id='word_1_323' title='bbox 1549 4202 1604 4249; x_wconf 91' lang='lat' dir='ltr'><strong>et</strong></span> <span class='ocrx_word' id='word_1_324' title='bbox 1630 4207 1726 4248; x_wconf 82' lang='lat' dir='ltr'><strong>no-</strong></span> 
     </span>
    </p>
   </div>
   <div class='ocr_carea' id='block_1_42' title="bbox 137 4284 1727 4381">
    <p class='ocr_par' dir='ltr' id='par_1_42' title="bbox 137 4284 1727 4381">
     <span class='ocr_line' id='line_1_42' title="bbox 137 4284 1727 4381; baseline -0.023 -9"><span class='ocrx_word' id='word_1_325' title='bbox 137 4284 293 4372; x_wconf 74' lang='lat' dir='ltr'><strong>mine</strong></span> <span class='ocrx_word' id='word_1_326' title='bbox 333 4312 447 4381; x_wconf 78' lang='lat' dir='ltr'><strong>jam</strong></span> <span class='ocrx_word' id='word_1_327' title='bbox 498 4306 644 4361; x_wconf 89' lang='lat' dir='ltr'><strong>illam</strong></span> <span class='ocrx_word' id='word_1_328' title='bbox 691 4302 899 4372; x_wconf 88' lang='lat' dir='ltr'><strong>privat,</strong></span> <span class='ocrx_word' id='word_1_329' title='bbox 950 4302 1211 4364; x_wconf 79' lang='lat' dir='ltr'><strong>negatque</strong></span> <span class='ocrx_word' id='word_1_330' title='bbox 1262 4284 1727 4344; x_wconf 86' lang='lat' dir='ltr'><strong>circumcisionem</strong></span> 
     </span>
    </p>
   </div>
   <div class='ocr_carea' id='block_1_43' title="bbox 134 4376 1724 4470">
    <p class='ocr_par' dir='ltr' id='par_1_43' title="bbox 134 4376 1724 4470">
     <span class='ocr_line' id='line_1_43' title="bbox 134 4376 1724 4470; baseline -0.025 -5"><span class='ocrx_word' id='word_1_331' title='bbox 134 4422 288 4465; x_wconf 77' lang='lat' dir='ltr'><strong>esse.</strong></span> <span class='ocrx_word' id='word_1_332' title='bbox 315 4376 453 4459; x_wconf 60' lang='lat' dir='ltr'><strong>binm</strong></span> <span class='ocrx_word' id='word_1_333' title='bbox 485 4409 642 4470; x_wconf 87' lang='lat' dir='ltr'><strong>typus</strong></span> <span class='ocrx_word' id='word_1_334' title='bbox 665 4391 876 4465; x_wconf 90' lang='lat' dir='ltr'><strong>quidem</strong></span> <span class='ocrx_word' id='word_1_335' title='bbox 899 4429 914 4453; x_wconf 92' lang='lat'><strong>,</strong></span> <span class='ocrx_word' id='word_1_336' title='bbox 941 4386 1113 4442; x_wconf 91' lang='lat' dir='ltr'><strong>donec</strong></span> <span class='ocrx_word' id='word_1_337' title='bbox 1135 4390 1359 4437; x_wconf 89' lang='lat' dir='ltr'><strong>ventura</strong></span> <span class='ocrx_word' id='word_1_338' title='bbox 1385 4386 1469 4433; x_wconf 88' lang='lat' dir='ltr'><strong>est</strong></span> <span class='ocrx_word' id='word_1_339' title='bbox 1491 4376 1689 4430; x_wconf 82' lang='lat' dir='ltr'><strong>veritas</strong></span> <span class='ocrx_word' id='word_1_340' title='bbox 1708 4415 1724 4439; x_wconf 90' lang='lat'><strong>,</strong></span> 
     </span>
    </p>
   </div>
   <div class='ocr_carea' id='block_1_44' title="bbox 136 4466 1729 4556">
    <p class='ocr_par' dir='ltr' id='par_1_44' title="bbox 136 4466 1729 4556">
     <span class='ocr_line' id='line_1_44' title="bbox 136 4466 1729 4556; baseline -0.023 0"><span class='ocrx_word' id='word_1_341' title='bbox 136 4512 296 4556; x_wconf 65' lang='lat' dir='ltr'><strong>vera</strong></span> <span class='ocrx_word' id='word_1_342' title='bbox 334 4494 417 4550; x_wconf 87' lang='lat' dir='ltr'><strong>rei</strong></span> <span class='ocrx_word' id='word_1_343' title='bbox 462 4466 681 4546; x_wconf 79' lang='lat' dir='ltr'><strong>nomine</strong></span> <span class='ocrx_word' id='word_1_344' title='bbox 720 4490 972 4545; x_wconf 79' lang='lat' dir='ltr'><strong>vocatur;</strong></span> <span class='ocrx_word' id='word_1_345' title='bbox 1018 4484 1296 4547; x_wconf 86' lang='lat' dir='ltr'><strong>postquam</strong></span> <span class='ocrx_word' id='word_1_346' title='bbox 1340 4483 1471 4525; x_wconf 89' lang='lat' dir='ltr'><strong>vero</strong></span> <span class='ocrx_word' id='word_1_347' title='bbox 1515 4466 1729 4522; x_wconf 86' lang='lat' dir='ltr'><strong>advenit</strong></span> 
     </span>
    </p>
   </div>
   <div class='ocr_carea' id='block_1_45' title="bbox 136 4557 1728 4653">
    <p class='ocr_par' dir='ltr' id='par_1_45' title="bbox 136 4557 1728 4653">
     <span class='ocr_line' id='line_1_45' title="bbox 136 4557 1728 4653; baseline -0.022 -7"><span class='ocrx_word' id='word_1_348' title='bbox 136 4591 355 4648; x_wconf 85' lang='lat' dir='ltr'><strong>veritas</strong></span> <span class='ocrx_word' id='word_1_349' title='bbox 374 4628 390 4653; x_wconf 94' lang='lat'><strong>,</strong></span> <span class='ocrx_word' id='word_1_350' title='bbox 432 4599 535 4638; x_wconf 90' lang='lat' dir='ltr'><strong>non</strong></span> <span class='ocrx_word' id='word_1_351' title='bbox 568 4570 1037 4649; x_wconf 82' lang='lat' dir='ltr'><strong>amplius..Simile</strong></span> <span class='ocrx_word' id='word_1_352' title='bbox 1064 4565 1315 4638; x_wconf 87' lang='lat' dir='ltr'><strong>quiddam</strong></span> <span class='ocrx_word' id='word_1_353' title='bbox 1343 4560 1524 4617; x_wconf 84' lang='lat' dir='ltr'><strong>evenit</strong></span> <span class='ocrx_word' id='word_1_354' title='bbox 1547 4559 1601 4614; x_wconf 90' lang='lat' dir='ltr'><strong>iu</strong></span> <span class='ocrx_word' id='word_1_355' title='bbox 1630 4557 1728 4612; x_wconf 88' lang='lat' dir='ltr'><strong>de-</strong></span> 
     </span>
    </p>
   </div>
   <div class='ocr_carea' id='block_1_46' title="bbox 136 4651 1729 4749">
    <p class='ocr_par' dir='ltr' id='par_1_46' title="bbox 136 4651 1729 4749">
     <span class='ocr_line' id='line_1_46' title="bbox 136 4651 1729 4749; baseline -0.024 -9"><span class='ocrx_word' id='word_1_356' title='bbox 136 4686 344 4741; x_wconf 64' lang='lat' dir='ltr'><strong>tineat:</strong></span> <span class='ocrx_word' id='word_1_357' title='bbox 376 4651 629 4749; x_wconf 82' lang='lat' dir='ltr'><strong>pictura:</strong></span> <span class='ocrx_word' id='word_1_358' title='bbox 657 4666 947 4724; x_wconf 88' lang='lat' dir='ltr'><strong>delineavit</strong></span> <span class='ocrx_word' id='word_1_359' title='bbox 983 4660 1246 4732; x_wconf 89' lang='lat' dir='ltr'><strong>quispiam</strong></span> <span class='ocrx_word' id='word_1_360' title='bbox 1288 4668 1469 4724; x_wconf 89' lang='lat' dir='ltr'><strong>regem</strong></span> <span class='ocrx_word' id='word_1_361' title='bbox 1501 4669 1517 4705; x_wconf 88' lang='lat'><strong>:</strong></span> <span class='ocrx_word' id='word_1_362' title='bbox 1559 4651 1729 4705; x_wconf 65' lang='lat' dir='ltr'><strong>lineae</strong></span> 
     </span>
    </p>
   </div>
   <div class='ocr_carea' id='block_1_47' title="bbox 138 4743 1733 4834">
    <p class='ocr_par' dir='ltr' id='par_1_47' title="bbox 138 4743 1733 4834">
     <span class='ocr_line' id='line_1_47' title="bbox 138 4743 1733 4834; baseline -0.024 -1"><span class='ocrx_word' id='word_1_363' title='bbox 138 4785 328 4834; x_wconf 79' lang='lat' dir='ltr'><strong>ments</strong></span> <span class='ocrx_word' id='word_1_364' title='bbox 358 4743 450 4827; x_wconf 80' lang='lat' dir='ltr'><strong>illa</strong></span> <span class='ocrx_word' id='word_1_365' title='bbox 479 4763 813 4823; x_wconf 86' lang='lat' dir='ltr'><strong>adumbrata,</strong></span> <span class='ocrx_word' id='word_1_366' title='bbox 844 4754 1096 4829; x_wconf 90' lang='lat' dir='ltr'><strong>quamdiu</strong></span> <span class='ocrx_word' id='word_1_367' title='bbox 1127 4752 1518 4821; x_wconf 78' lang='lat' dir='ltr'><strong>pigmentorum</strong></span> <span class='ocrx_word' id='word_1_368' title='bbox 1546 4743 1646 4799; x_wconf 82' lang='lat' dir='ltr'><strong>ﬂos</strong></span> <span class='ocrx_word' id='word_1_369' title='bbox 1673 4757 1733 4798; x_wconf 91' lang='lat' dir='ltr'><strong>se</strong></span> 
     </span>
    </p>
   </div>
   <div class='ocr_carea' id='block_1_48' title="bbox 139 4835 1733 4935">
    <p class='ocr_par' dir='ltr' id='par_1_48' title="bbox 139 4835 1733 4935">
     <span class='ocr_line' id='line_1_48' title="bbox 139 4835 1733 4935; baseline -0.023 -9"><span class='ocrx_word' id='word_1_370' title='bbox 139 4873 194 4927; x_wconf 91' lang='lat' dir='ltr'><strong>in</strong></span> <span class='ocrx_word' id='word_1_371' title='bbox 222 4870 527 4935; x_wconf 87' lang='lat' dir='ltr'><strong>conspectu</strong></span> <span class='ocrx_word' id='word_1_372' title='bbox 566 4872 673 4913; x_wconf 89' lang='lat' dir='ltr'><strong>non</strong></span> <span class='ocrx_word' id='word_1_373' title='bbox 711 4854 825 4912; x_wconf 78' lang='lat' dir='ltr'><strong>dat.</strong></span> <span class='ocrx_word' id='word_1_374' title='bbox 878 4864 1060 4920; x_wconf 87' lang='lat' dir='ltr'><strong>regem</strong></span> <span class='ocrx_word' id='word_1_375' title='bbox 1091 4861 1196 4900; x_wconf 93' lang='lat' dir='ltr'><strong>non</strong></span> <span class='ocrx_word' id='word_1_376' title='bbox 1233 4854 1520 4904; x_wconf 87' lang='lat' dir='ltr'><strong>vocamus;</strong></span> <span class='ocrx_word' id='word_1_377' title='bbox 1550 4846 1607 4891; x_wconf 90' lang='lat' dir='ltr'><strong>at</strong></span> <span class='ocrx_word' id='word_1_378' title='bbox 1643 4835 1733 4890; x_wconf 89' lang='lat' dir='ltr'><strong>ubi</strong></span> 
     </span>
    </p>
   </div>
   <div class='ocr_carea' id='block_1_49' title="bbox 142 4934 1736 5016">
    <p class='ocr_par' dir='ltr' id='par_1_49' title="bbox 142 4934 1736 5016">
     <span class='ocr_line' id='line_1_49' title="bbox 142 4934 1736 5016; baseline -0.021 0"><span class='ocrx_word' id='word_1_379' title='bbox 142 4966 246 5016; x_wconf 82' lang='lat' dir='ltr'><strong>iste</strong></span> <span class='ocrx_word' id='word_1_380' title='bbox 272 4934 433 5014; x_wconf 81' lang='lat' dir='ltr'><strong>color</strong></span> <span class='ocrx_word' id='word_1_381' title='bbox 460 4947 689 5006; x_wconf 87' lang='lat' dir='ltr'><strong>accessit</strong></span> <span class='ocrx_word' id='word_1_382' title='bbox 705 4987 720 5010; x_wconf 87' lang='lat'><strong>,</strong></span> <span class='ocrx_word' id='word_1_383' title='bbox 752 4943 1067 4999; x_wconf 88' lang='lat' dir='ltr'><strong>obscuratur</strong></span> <span class='ocrx_word' id='word_1_384' title='bbox 1093 4934 1319 4990; x_wconf 86' lang='lat' dir='ltr'><strong>veritate</strong></span> <span class='ocrx_word' id='word_1_385' title='bbox 1347 4940 1502 5001; x_wconf 82' lang='lat' dir='ltr'><strong>typus</strong></span> <span class='ocrx_word' id='word_1_386' title='bbox 1518 4968 1535 4996; x_wconf 93' lang='lat'><strong>,</strong></span> <span class='ocrx_word' id='word_1_387' title='bbox 1563 4940 1736 4995; x_wconf 88' lang='lat' dir='ltr'><strong>neque</strong></span> 
     </span>
    </p>
   </div>
   <div class='ocr_carea' id='block_1_50' title="bbox 141 5028 1732 5124">
    <p class='ocr_par' dir='ltr' id='par_1_50' title="bbox 141 5028 1732 5124">
     <span class='ocr_line' id='line_1_50' title="bbox 141 5028 1732 5124; baseline -0.02 -16"><span class='ocrx_word' id='word_1_388' title='bbox 141 5057 375 5124; x_wconf 82' lang='lat' dir='ltr'><strong>apparet</strong></span> <span class='ocrx_word' id='word_1_389' title='bbox 421 5063 438 5101; x_wconf 88' lang='lat'><strong>:</strong></span> <span class='ocrx_word' id='word_1_390' title='bbox 501 5053 735 5109; x_wconf 90' lang='lat' dir='ltr'><strong>tuncque</strong></span> <span class='ocrx_word' id='word_1_391' title='bbox 785 5035 1046 5095; x_wconf 82' lang='lat' dir='ltr'><strong>dicimus,</strong></span> <span class='ocrx_word' id='word_1_392' title='bbox 1098 5028 1237 5084; x_wconf 86' lang='lat' dir='ltr'><strong>Ecce</strong></span> <span class='ocrx_word' id='word_1_393' title='bbox 1282 5038 1425 5080; x_wconf 90' lang='lat' dir='ltr'><strong>nunc</strong></span> <span class='ocrx_word' id='word_1_394' title='bbox 1478 5029 1561 5078; x_wconf 87' lang='lat' dir='ltr'><strong>est</strong></span> <span class='ocrx_word' id='word_1_395' title='bbox 1609 5034 1732 5076; x_wconf 82' lang='lat' dir='ltr'><strong>rex.</strong></span> 
     </span>
    </p>
   </div>
   <div class='ocr_carea' id='block_1_51' title="bbox 141 5110 1737 5202">
    <p class='ocr_par' dir='ltr' id='par_1_51' title="bbox 141 5110 1737 5202">
     <span class='ocr_line' id='line_1_51' title="bbox 141 5110 1737 5202; baseline -0.023 -2"><span class='ocrx_word' id='word_1_396' title='bbox 141 5110 256 5200; x_wconf 58' lang='lat' dir='ltr'><strong>Nec</strong></span> <span class='ocrx_word' id='word_1_397' title='bbox 282 5139 453 5202; x_wconf 87' lang='lat' dir='ltr'><strong>dicit,</strong></span> <span class='ocrx_word' id='word_1_398' title='bbox 491 5134 551 5190; x_wconf 84' lang='lat' dir='ltr'><strong>in</strong></span> <span class='ocrx_word' id='word_1_399' title='bbox 589 5130 744 5186; x_wconf 89' lang='lat' dir='ltr'><strong>nobis</strong></span> <span class='ocrx_word' id='word_1_400' title='bbox 771 5127 914 5183; x_wconf 90' lang='lat' dir='ltr'><strong>enim</strong></span> <span class='ocrx_word' id='word_1_401' title='bbox 944 5135 1028 5178; x_wconf 88' lang='lat' dir='ltr'><strong>est</strong></span> <span class='ocrx_word' id='word_1_402' title='bbox 1056 5116 1423 5177; x_wconf 87' lang='lat' dir='ltr'><strong>circumcisio.</strong></span> <span class='ocrx_word' id='word_1_403' title='bbox 1455 5111 1580 5179; x_wconf 89' lang='lat' dir='ltr'><strong>sed,</strong></span> <span class='ocrx_word' id='word_1_404' title='bbox 1626 5110 1737 5165; x_wconf 90' lang='lat' dir='ltr'><strong>Nos</strong></span> 
     </span>
    </p>
   </div>
   <div class='ocr_carea' id='block_1_52' title="bbox 143 5204 1737 5297">
    <p class='ocr_par' dir='ltr' id='par_1_52' title="bbox 143 5204 1737 5297">
     <span class='ocr_line' id='line_1_52' title="bbox 143 5204 1737 5297; baseline -0.022 -5"><span class='ocrx_word' id='word_1_405' title='bbox 143 5248 367 5297; x_wconf 81' lang='lat' dir='ltr'><strong>sumus;</strong></span> <span class='ocrx_word' id='word_1_406' title='bbox 394 5244 464 5284; x_wconf 89' lang='lat' dir='ltr'><strong>ac</strong></span> <span class='ocrx_word' id='word_1_407' title='bbox 493 5225 685 5281; x_wconf 89' lang='lat' dir='ltr'><strong>merito</strong></span> <span class='ocrx_word' id='word_1_408' title='bbox 707 5219 943 5291; x_wconf 89' lang='lat' dir='ltr'><strong>quidem.</strong></span> <span class='ocrx_word' id='word_1_409' title='bbox 976 5214 1089 5269; x_wconf 82' lang='lat' dir='ltr'><strong>Hoc</strong></span> <span class='ocrx_word' id='word_1_410' title='bbox 1113 5211 1253 5266; x_wconf 90' lang='lat' dir='ltr'><strong>enim</strong></span> <span class='ocrx_word' id='word_1_411' title='bbox 1293 5215 1378 5264; x_wconf 92' lang='lat' dir='ltr'><strong>est</strong></span> <span class='ocrx_word' id='word_1_412' title='bbox 1418 5206 1598 5270; x_wconf 86' lang='lat' dir='ltr'><strong>homo,</strong></span> <span class='ocrx_word' id='word_1_413' title='bbox 1630 5204 1737 5258; x_wconf 87' lang='lat' dir='ltr'><strong>cir-</strong></span> 
     </span>
    </p>
   </div>
   <div class='ocr_carea' id='block_1_53' title="bbox 144 5295 1741 5383">
    <p class='ocr_par' dir='ltr' id='par_1_53' title="bbox 144 5295 1741 5383">
     <span class='ocr_line' id='line_1_53' title="bbox 144 5295 1741 5383; baseline -0.022 0"><span class='ocrx_word' id='word_1_414' title='bbox 144 5324 415 5383; x_wconf 89' lang='lat' dir='ltr'><strong>cumcisio</strong></span> <span class='ocrx_word' id='word_1_415' title='bbox 441 5316 629 5374; x_wconf 88' lang='lat' dir='ltr'><strong>virtuti</strong></span> <span class='ocrx_word' id='word_1_416' title='bbox 670 5322 1008 5381; x_wconf 86' lang='lat' dir='ltr'><strong>congruens;</strong></span> <span class='ocrx_word' id='word_1_417' title='bbox 1039 5305 1141 5363; x_wconf 86' lang='lat' dir='ltr'><strong>hoc</strong></span> <span class='ocrx_word' id='word_1_418' title='bbox 1177 5311 1261 5358; x_wconf 89' lang='lat' dir='ltr'><strong>est</strong></span> <span class='ocrx_word' id='word_1_419' title='bbox 1292 5314 1420 5355; x_wconf 88' lang='lat' dir='ltr'><strong>vere</strong></span> <span class='ocrx_word' id='word_1_420' title='bbox 1460 5296 1642 5353; x_wconf 91' lang='lat' dir='ltr'><strong>homo.</strong></span> <span class='ocrx_word' id='word_1_421' title='bbox 1682 5295 1741 5349; x_wconf 91' lang='lat' dir='ltr'><strong>In</strong></span> 
     </span>
    </p>
   </div>
   <div class='ocr_carea' id='block_1_54' title="bbox 146 5388 1741 5475">
    <p class='ocr_par' dir='ltr' id='par_1_54' title="bbox 146 5388 1741 5475">
     <span class='ocr_line' id='line_1_54' title="bbox 146 5388 1741 5475; baseline -0.022 0"><span class='ocrx_word' id='word_1_422' title='bbox 146 5419 256 5475; x_wconf 79' lang='lat' dir='ltr'><strong>illis</strong></span> <span class='ocrx_word' id='word_1_423' title='bbox 301 5423 491 5470; x_wconf 88' lang='lat' dir='ltr'><strong>autem</strong></span> <span class='ocrx_word' id='word_1_424' title='bbox 533 5422 641 5462; x_wconf 88' lang='lat' dir='ltr'><strong>non</strong></span> <span class='ocrx_word' id='word_1_425' title='bbox 668 5403 804 5459; x_wconf 81' lang='lat' dir='ltr'><strong>dixit</strong></span> <span class='ocrx_word' id='word_1_426' title='bbox 829 5400 938 5464; x_wconf 90' lang='lat' dir='ltr'><strong>sic,</strong></span> <span class='ocrx_word' id='word_1_427' title='bbox 971 5398 1065 5452; x_wconf 90' lang='lat' dir='ltr'><strong>sed</strong></span> <span class='ocrx_word' id='word_1_428' title='bbox 1085 5436 1103 5462; x_wconf 92' lang='lat'><strong>,</strong></span> <span class='ocrx_word' id='word_1_429' title='bbox 1160 5392 1331 5447; x_wconf 83' lang='lat' dir='ltr'><strong>Videte</strong></span> <span class='ocrx_word' id='word_1_430' title='bbox 1358 5388 1691 5444; x_wconf 82' lang='lat' dir='ltr'><strong>concisionem</strong></span> <span class='ocrx_word' id='word_1_431' title='bbox 1722 5400 1741 5440; x_wconf 90' lang='lat'><strong><em>:</em></strong></span> 
     </span>
    </p>
   </div>
   <div class='ocr_carea' id='block_1_55' title="bbox 148 5482 1744 5584">
    <p class='ocr_par' dir='ltr' id='par_1_55' title="bbox 148 5482 1744 5584">
     <span class='ocr_line' id='line_1_55' title="bbox 148 5482 1744 5584; baseline -0.018 -18"><span class='ocrx_word' id='word_1_432' title='bbox 148 5511 251 5584; x_wconf 87' lang='lat' dir='ltr'><strong>ipsi</strong></span> <span class='ocrx_word' id='word_1_433' title='bbox 272 5508 425 5566; x_wconf 85' lang='lat' dir='ltr'><strong>enim</strong></span> <span class='ocrx_word' id='word_1_434' title='bbox 447 5501 672 5576; x_wconf 87' lang='lat' dir='ltr'><strong>posthac</strong></span> <span class='ocrx_word' id='word_1_435' title='bbox 685 5502 967 5552; x_wconf 88' lang='lat' dir='ltr'><strong>versantur</strong></span> <span class='ocrx_word' id='word_1_436' title='bbox 984 5491 1036 5545; x_wconf 92' lang='lat' dir='ltr'><strong>in</strong></span> <span class='ocrx_word' id='word_1_437' title='bbox 1058 5487 1272 5543; x_wconf 87' lang='lat' dir='ltr'><strong>interitu</strong></span> <span class='ocrx_word' id='word_1_438' title='bbox 1292 5499 1357 5540; x_wconf 88' lang='lat' dir='ltr'><strong>ac</strong></span> <span class='ocrx_word' id='word_1_439' title='bbox 1370 5483 1519 5539; x_wconf 88' lang='lat' dir='ltr'><strong>vitio.</strong></span> <span class='ocrx_word' id='word_1_440' title='bbox 1540 5482 1744 5538; x_wconf 89' lang='lat' dir='ltr'><strong>Deinde</strong></span> 
     </span>
    </p>
   </div>
   <div class='ocr_carea' id='block_1_56' title="bbox 148 5576 1745 5661">
    <p class='ocr_par' dir='ltr' id='par_1_56' title="bbox 148 5576 1745 5661">
     <span class='ocr_line' id='line_1_56' title="bbox 148 5576 1745 5661; baseline -0.019 -2"><span class='ocrx_word' id='word_1_441' title='bbox 148 5576 455 5658; x_wconf 73' lang='lat' dir='ltr'><strong>ostendens</strong></span> <span class='ocrx_word' id='word_1_442' title='bbox 484 5610 593 5650; x_wconf 90' lang='lat' dir='ltr'><strong>non</strong></span> <span class='ocrx_word' id='word_1_443' title='bbox 618 5590 848 5661; x_wconf 87' lang='lat' dir='ltr'><strong>amplius</strong></span> <span class='ocrx_word' id='word_1_444' title='bbox 886 5586 940 5640; x_wconf 94' lang='lat' dir='ltr'><strong>in</strong></span> <span class='ocrx_word' id='word_1_445' title='bbox 984 5595 1209 5653; x_wconf 88' lang='lat' dir='ltr'><strong>corpore</strong></span> <span class='ocrx_word' id='word_1_446' title='bbox 1238 5578 1354 5635; x_wconf 85' lang='lat' dir='ltr'><strong>ﬁeri</strong></span> <span class='ocrx_word' id='word_1_447' title='bbox 1383 5576 1745 5632; x_wconf 80' lang='lat' dir='ltr'><strong>circumcisio-</strong></span> 
     </span>
    </p>
   </div>
   <div class='ocr_carea' id='block_1_57' title="bbox 151 5666 1745 5755">
    <p class='ocr_par' dir='ltr' id='par_1_57' title="bbox 151 5666 1745 5755">
     <span class='ocr_line' id='line_1_57' title="bbox 151 5666 1745 5755; baseline -0.02 -5"><span class='ocrx_word' id='word_1_448' title='bbox 151 5711 303 5755; x_wconf 87' lang='lat' dir='ltr'><strong>nem,</strong></span> <span class='ocrx_word' id='word_1_449' title='bbox 334 5690 435 5745; x_wconf 89' lang='lat' dir='ltr'><strong>sed</strong></span> <span class='ocrx_word' id='word_1_450' title='bbox 469 5693 521 5742; x_wconf 88' lang='lat' dir='ltr'><strong>in</strong></span> <span class='ocrx_word' id='word_1_451' title='bbox 548 5683 713 5741; x_wconf 87' lang='lat' dir='ltr'><strong>corde</strong></span> <span class='ocrx_word' id='word_1_452' title='bbox 731 5722 747 5747; x_wconf 90' lang='lat'><strong>,</strong></span> <span class='ocrx_word' id='word_1_453' title='bbox 776 5678 949 5750; x_wconf 88' lang='lat' dir='ltr'><strong>inquit</strong></span> <span class='ocrx_word' id='word_1_454' title='bbox 973 5692 985 5728; x_wconf 93' lang='lat'><strong>:</strong></span> <span class='ocrx_word' id='word_1_455' title='bbox 1018 5673 1087 5728; x_wconf 86' lang='lat' dir='ltr'><strong>Et</strong></span> <span class='ocrx_word' id='word_1_456' title='bbox 1112 5688 1214 5726; x_wconf 81' lang='lat' dir='ltr'><strong>non</strong></span> <span class='ocrx_word' id='word_1_457' title='bbox 1247 5671 1301 5725; x_wconf 87' lang='lat' dir='ltr'><strong>in</strong></span> <span class='ocrx_word' id='word_1_458' title='bbox 1326 5684 1478 5724; x_wconf 87' lang='lat' dir='ltr'><strong>carne</strong></span> <span class='ocrx_word' id='word_1_459' title='bbox 1504 5666 1745 5737; x_wconf 84' lang='lat' dir='ltr'><strong>ﬁduciam</strong></span> 
     </span>
    </p>
   </div>
   <div class='ocr_carea' id='block_1_58' title="bbox 158 5758 1745 5847">
    <p class='ocr_par' dir='ltr' id='par_1_58' title="bbox 158 5758 1745 5847">
     <span class='ocr_line' id='line_1_58' title="bbox 158 5758 1745 5847; baseline -0.018 -7"><span class='ocrx_word' id='word_1_460' title='bbox 158 5788 447 5845; x_wconf 73' lang='lat' dir='ltr'><strong>habentes;</strong></span> <span class='ocrx_word' id='word_1_461' title='bbox 480 5779 531 5833; x_wconf 79' lang='grc' dir='ltr'>ι.</span> <span class='ocrx_word' id='word_1_462' title='bbox 555 5786 855 5847; x_wconf 79' lang='lat' dir='ltr'><strong>quamquam</strong></span> <span class='ocrx_word' id='word_1_463' title='bbox 881 5777 927 5823; x_wconf 85' lang='lat' dir='ltr'><strong>et</strong></span> <span class='ocrx_word' id='word_1_464' title='bbox 964 5781 1054 5837; x_wconf 87' lang='lat' dir='ltr'><strong>ego</strong></span> <span class='ocrx_word' id='word_1_465' title='bbox 1078 5764 1287 5818; x_wconf 83' lang='lat' dir='ltr'><strong>habeant</strong></span> <span class='ocrx_word' id='word_1_466' title='bbox 1307 5759 1663 5829; x_wconf 80' lang='lat' dir='ltr'><strong>conﬁdentiam</strong></span> <span class='ocrx_word' id='word_1_467' title='bbox 1690 5758 1745 5812; x_wconf 81' lang='lat' dir='ltr'><strong>in</strong></span> 
     </span>
    </p>
   </div>
   <div class='ocr_carea' id='block_1_59' title="bbox 149 5850 1741 5944">
    <p class='ocr_par' dir='ltr' id='par_1_59' title="bbox 149 5850 1741 5944">
     <span class='ocr_line' id='line_1_59' title="bbox 149 5850 1741 5944; baseline -0.019 -9"><span class='ocrx_word' id='word_1_468' title='bbox 149 5894 329 5936; x_wconf 77' lang='lat' dir='ltr'><strong>carne.</strong></span> <span class='ocrx_word' id='word_1_469' title='bbox 354 5870 495 5944; x_wconf 76' lang='lat' dir='ltr'><strong>Quid</strong></span> <span class='ocrx_word' id='word_1_470' title='bbox 518 5870 644 5927; x_wconf 88' lang='lat' dir='ltr'><strong>dicit</strong></span> <span class='ocrx_word' id='word_1_471' title='bbox 664 5869 765 5925; x_wconf 89' lang='lat' dir='ltr'><strong>hoc</strong></span> <span class='ocrx_word' id='word_1_472' title='bbox 786 5865 926 5932; x_wconf 87' lang='lat' dir='ltr'><strong>loco,</strong></span> <span class='ocrx_word' id='word_1_473' title='bbox 948 5857 1337 5929; x_wconf 80' lang='lat' dir='ltr'><strong>Conﬁdentiam.</strong></span> <span class='ocrx_word' id='word_1_474' title='bbox 1363 5863 1437 5920; x_wconf 88' lang='lat' dir='ltr'><strong>ct,</strong></span> <span class='ocrx_word' id='word_1_475' title='bbox 1462 5850 1526 5907; x_wconf 84' lang='lat' dir='ltr'><strong>In</strong></span> <span class='ocrx_word' id='word_1_476' title='bbox 1548 5850 1741 5906; x_wconf 75' lang='lat' dir='ltr'><strong>came?</strong></span> 
     </span>
    </p>
   </div>
   <div class='ocr_carea' id='block_1_60' title="bbox 1014 370 2493 464">
    <p class='ocr_par' dir='ltr' id='par_1_60' title="bbox 1014 370 2493 464">
     <span class='ocr_line' id='line_1_60' title="bbox 1014 370 2493 464; baseline -0.005 0"><span class='ocrx_word' id='word_1_477' title='bbox 1014 407 1083 464; x_wconf 78' lang='lat' dir='ltr'><strong>IN</strong></span> <span class='ocrx_word' id='word_1_478' title='bbox 1116 406 1330 464; x_wconf 79' lang='lat' dir='ltr'><strong>EPIST.</strong></span> <span class='ocrx_word' id='word_1_479' title='bbox 1370 404 1462 461; x_wconf 82' lang='lat' dir='ltr'><strong>AD</strong></span> <span class='ocrx_word' id='word_1_480' title='bbox 1496 399 1785 460; x_wconf 81' lang='lat' dir='ltr'><strong>PHlLlPP.</strong></span> <span class='ocrx_word' id='word_1_481' title='bbox 1824 398 1975 456; x_wconf 68' lang='lat' dir='ltr'><strong>car.</strong></span> <span class='ocrx_word' id='word_1_482' title='bbox 2021 398 2110 456; x_wconf 88' lang='grc' dir='ltr'>ιιι.</span> <span class='ocrx_word' id='word_1_483' title='bbox 2152 370 2390 456; x_wconf 68' lang='lat' dir='ltr'><strong>nomn</strong></span> <span class='ocrx_word' id='word_1_484' title='bbox 2425 400 2493 457; x_wconf 85' lang='lat' dir='ltr'><strong>x.</strong></span> 
     </span>
    </p>
   </div>
   <div class='ocr_carea' id='block_1_61' title="bbox 3280 406 3384 464">
    <p class='ocr_par' dir='ltr' id='par_1_61' title="bbox 3280 406 3384 464">
     <span class='ocr_line' id='line_1_61' title="bbox 3280 406 3384 464; baseline 0.038 -5"><span class='ocrx_word' id='word_1_485' title='bbox 3280 406 3384 464; x_wconf 67' lang='lat'><strong>2‘38</strong></span> 
     </span>
    </p>
   </div>
   <div class='ocr_carea' id='block_1_62' title="bbox 1812 512 3387 591">
    <p class='ocr_par' dir='ltr' id='par_1_62' title="bbox 1812 512 3387 591">
     <span class='ocr_line' id='line_1_62' title="bbox 1812 512 3387 591; baseline 0.006 -22"><span class='ocrx_word' id='word_1_486' title='bbox 1812 512 2015 584; x_wconf 81' lang='lat' dir='ltr'><strong>Nempe</strong></span> <span class='ocrx_word' id='word_1_487' title='bbox 2055 514 2462 584; x_wconf 90' lang='lat' dir='ltr'><strong>gloriationem,</strong></span> <span class='ocrx_word' id='word_1_488' title='bbox 2510 516 2721 585; x_wconf 65' lang='lat' dir='ltr'><strong>plenam</strong></span> <span class='ocrx_word' id='word_1_489' title='bbox 2767 516 3032 587; x_wconf 71' lang='lat' dir='ltr'><strong>fidentize,</strong></span> <span class='ocrx_word' id='word_1_490' title='bbox 3077 527 3131 574; x_wconf 90' lang='lat' dir='ltr'><strong>et</strong></span> <span class='ocrx_word' id='word_1_491' title='bbox 3171 535 3387 591; x_wconf 83' lang='lat' dir='ltr'><strong>gravem</strong></span> 
     </span>
    </p>
   </div>
   <div class='ocr_carea' id='block_1_63' title="bbox 1812 607 3387 673">
    <p class='ocr_par' dir='ltr' id='par_1_63' title="bbox 1812 607 3387 673">
     <span class='ocr_line' id='line_1_63' title="bbox 1812 607 3387 673; baseline 0.01 -15"><span class='ocrx_word' id='word_1_492' title='bbox 1812 607 2153 661; x_wconf 86' lang='lat' dir='ltr'><strong>orationem:</strong></span> <span class='ocrx_word' id='word_1_493' title='bbox 2196 622 2260 661; x_wconf 91' lang='lat' dir='ltr'><strong>ac</strong></span> <span class='ocrx_word' id='word_1_494' title='bbox 2304 608 2437 662; x_wconf 88' lang='lat' dir='ltr'><strong>scite</strong></span> <span class='ocrx_word' id='word_1_495' title='bbox 2480 608 2622 662; x_wconf 90' lang='lat' dir='ltr'><strong>istud</strong></span> <span class='ocrx_word' id='word_1_496' title='bbox 2671 609 2894 665; x_wconf 91' lang='lat' dir='ltr'><strong>addidit.</strong></span> <span class='ocrx_word' id='word_1_497' title='bbox 2946 610 3076 664; x_wconf 88' lang='lat' dir='ltr'><strong>Nam</strong></span> <span class='ocrx_word' id='word_1_498' title='bbox 3118 612 3161 665; x_wconf 92' lang='lat' dir='ltr'><strong>si</strong></span> <span class='ocrx_word' id='word_1_499' title='bbox 3200 611 3387 673; x_wconf 79' lang='lat' dir='ltr'><strong>fuisset</strong></span> 
     </span>
    </p>
   </div>
   <div class='ocr_carea' id='block_1_64' title="bbox 1811 694 3390 771">
    <p class='ocr_par' dir='ltr' id='par_1_64' title="bbox 1811 694 3390 771">
     <span class='ocr_line' id='line_1_64' title="bbox 1811 694 3390 771; baseline 0.007 -24"><span class='ocrx_word' id='word_1_500' title='bbox 1811 694 2056 750; x_wconf 84' lang='lat' dir='ltr'><strong>ethnicus</strong></span> <span class='ocrx_word' id='word_1_501' title='bbox 2103 705 2157 751; x_wconf 94' lang='lat' dir='ltr'><strong>et</strong></span> <span class='ocrx_word' id='word_1_502' title='bbox 2197 707 2475 752; x_wconf 87' lang='lat' dir='ltr'><strong>accusaret</strong></span> <span class='ocrx_word' id='word_1_503' title='bbox 2516 700 3011 765; x_wconf 84' lang='lat' dir='ltr'><strong>circumcisionctn,</strong></span> <span class='ocrx_word' id='word_1_504' title='bbox 3064 718 3235 771; x_wconf 87' lang='lat' dir='ltr'><strong>neque</strong></span> <span class='ocrx_word' id='word_1_505' title='bbox 3279 705 3390 758; x_wconf 68' lang='lat' dir='ltr'><strong>cir~</strong></span> 
     </span>
    </p>
   </div>
   <div class='ocr_carea' id='block_1_65' title="bbox 1811 787 3387 889">
    <p class='ocr_par' dir='ltr' id='par_1_65' title="bbox 1811 787 3387 889">
     <span class='ocr_line' id='line_1_65' title="bbox 1811 787 3387 889; baseline 0.008 -50"><span class='ocrx_word' id='word_1_506' title='bbox 1811 787 2191 889; x_wconf 83' lang='lat' dir='ltr'><strong>cumcisionem</strong></span> <span class='ocrx_word' id='word_1_507' title='bbox 2222 789 2392 842; x_wconf 91' lang='lat' dir='ltr'><strong>solum</strong></span> <span class='ocrx_word' id='word_1_508' title='bbox 2414 830 2430 854; x_wconf 94' lang='lat'><strong>,</strong></span> <span class='ocrx_word' id='word_1_509' title='bbox 2460 789 2556 843; x_wconf 89' lang='lat' dir='ltr'><strong>sed</strong></span> <span class='ocrx_word' id='word_1_510' title='bbox 2584 804 2678 843; x_wconf 91' lang='lat' dir='ltr'><strong>eos</strong></span> <span class='ocrx_word' id='word_1_511' title='bbox 2702 791 2790 859; x_wconf 92' lang='lat' dir='ltr'><strong>qui</strong></span> <span class='ocrx_word' id='word_1_512' title='bbox 2818 791 3189 859; x_wconf 85' lang='lat' dir='ltr'><strong>intempestive</strong></span> <span class='ocrx_word' id='word_1_513' title='bbox 3220 796 3387 867; x_wconf 69' lang='lat' dir='ltr'><strong>ipsam</strong></span> 
     </span>
    </p>
   </div>
   <div class='ocr_carea' id='block_1_66' title="bbox 1811 879 3390 957">
    <p class='ocr_par' dir='ltr' id='par_1_66' title="bbox 1811 879 3390 957">
     <span class='ocr_line' id='line_1_66' title="bbox 1811 879 3390 957; baseline 0.008 -26"><span class='ocrx_word' id='word_1_514' title='bbox 1811 879 2147 948; x_wconf 87' lang='lat' dir='ltr'><strong>reciperent;</strong></span> <span class='ocrx_word' id='word_1_515' title='bbox 2177 879 2449 934; x_wconf 88' lang='lat' dir='ltr'><strong>videretur</strong></span> <span class='ocrx_word' id='word_1_516' title='bbox 2470 894 2599 934; x_wconf 87' lang='lat' dir='ltr'><strong>sane</strong></span> <span class='ocrx_word' id='word_1_517' title='bbox 2620 881 2739 935; x_wconf 92' lang='lat' dir='ltr'><strong>ideo</strong></span> <span class='ocrx_word' id='word_1_518' title='bbox 2761 883 2811 935; x_wconf 93' lang='lat' dir='ltr'><strong>in</strong></span> <span class='ocrx_word' id='word_1_519' title='bbox 2833 882 2973 937; x_wconf 87' lang='lat' dir='ltr'><strong>illam</strong></span> <span class='ocrx_word' id='word_1_520' title='bbox 2996 884 3220 954; x_wconf 88' lang='lat' dir='ltr'><strong>irruere,</strong></span> <span class='ocrx_word' id='word_1_521' title='bbox 3246 892 3390 957; x_wconf 87' lang='lat' dir='ltr'><strong>quod</strong></span> 
     </span>
    </p>
   </div>
   <div class='ocr_carea' id='block_1_67' title="bbox 1814 970 3387 1047">
    <p class='ocr_par' dir='ltr' id='par_1_67' title="bbox 1814 970 3387 1047">
     <span class='ocr_line' id='line_1_67' title="bbox 1814 970 3387 1047; baseline 0.006 -24"><span class='ocrx_word' id='word_1_522' title='bbox 1814 970 2127 1032; x_wconf 83' lang='lat' dir='ltr'><strong>nobilitatis,</strong></span> <span class='ocrx_word' id='word_1_523' title='bbox 2155 988 2274 1042; x_wconf 57' lang='lat' dir='ltr'><strong>quae</strong></span> <span class='ocrx_word' id='word_1_524' title='bbox 2302 971 2561 1026; x_wconf 89' lang='lat' dir='ltr'><strong>Judaismi</strong></span> <span class='ocrx_word' id='word_1_525' title='bbox 2590 982 2705 1025; x_wconf 89' lang='lat' dir='ltr'><strong>erat</strong></span> <span class='ocrx_word' id='word_1_526' title='bbox 2734 975 2965 1041; x_wconf 85' lang='lat' dir='ltr'><strong>propria,</strong></span> <span class='ocrx_word' id='word_1_527' title='bbox 2999 991 3191 1047; x_wconf 80' lang='lat' dir='ltr'><strong>expers</strong></span> <span class='ocrx_word' id='word_1_528' title='bbox 3215 989 3387 1045; x_wconf 83' lang='lat' dir='ltr'><strong>esset,</strong></span> 
     </span>
    </p>
   </div>
   <div class='ocr_carea' id='block_1_68' title="bbox 1812 1062 3393 1138">
    <p class='ocr_par' dir='ltr' id='par_1_68' title="bbox 1812 1062 3393 1138">
     <span class='ocr_line' id='line_1_68' title="bbox 1812 1062 3393 1138; baseline 0.008 -24"><span class='ocrx_word' id='word_1_529' title='bbox 1812 1062 1951 1131; x_wconf 93' lang='lat' dir='ltr'><strong>quod</strong></span> <span class='ocrx_word' id='word_1_530' title='bbox 1984 1062 2236 1132; x_wconf 76' lang='lat' dir='ltr'><strong>prteclara</strong></span> <span class='ocrx_word' id='word_1_531' title='bbox 2266 1064 2353 1118; x_wconf 91' lang='lat' dir='ltr'><strong>illa</strong></span> <span class='ocrx_word' id='word_1_532' title='bbox 2382 1073 2437 1118; x_wconf 89' lang='lat' dir='ltr'><strong>et</strong></span> <span class='ocrx_word' id='word_1_533' title='bbox 2467 1065 2762 1131; x_wconf 85' lang='lat' dir='ltr'><strong>majestatis</strong></span> <span class='ocrx_word' id='word_1_534' title='bbox 2791 1067 2943 1134; x_wconf 71' lang='lat' dir='ltr'><strong>plena</strong></span> <span class='ocrx_word' id='word_1_535' title='bbox 2976 1069 3261 1138; x_wconf 89' lang='lat' dir='ltr'><strong>ignoraret,</strong></span> <span class='ocrx_word' id='word_1_536' title='bbox 3296 1087 3393 1126; x_wconf 82' lang='lat' dir='ltr'><strong>ne-</strong></span> 
     </span>
    </p>
   </div>
   <div class='ocr_carea' id='block_1_69' title="bbox 1812 1157 3393 1231">
    <p class='ocr_par' dir='ltr' id='par_1_69' title="bbox 1812 1157 3393 1231">
     <span class='ocr_line' id='line_1_69' title="bbox 1812 1157 3393 1231; baseline 0.006 -24"><span class='ocrx_word' id='word_1_537' title='bbox 1812 1170 1914 1224; x_wconf 89' lang='lat' dir='ltr'><strong>que</strong></span> <span class='ocrx_word' id='word_1_538' title='bbox 1954 1157 2190 1224; x_wconf 90' lang='lat' dir='ltr'><strong>ipsorum</strong></span> <span class='ocrx_word' id='word_1_539' title='bbox 2230 1165 2373 1210; x_wconf 76' lang='lat' dir='ltr'><strong>esset</strong></span> <span class='ocrx_word' id='word_1_540' title='bbox 2405 1157 2665 1231; x_wconf 74' lang='lat' dir='ltr'><strong>particeps</strong></span> <span class='ocrx_word' id='word_1_541' title='bbox 2699 1174 2712 1210; x_wconf 88' lang='lat'><strong>:</strong></span> <span class='ocrx_word' id='word_1_542' title='bbox 2755 1172 2894 1211; x_wconf 88' lang='lat' dir='ltr'><strong>nunc</strong></span> <span class='ocrx_word' id='word_1_543' title='bbox 2934 1173 3059 1212; x_wconf 91' lang='lat' dir='ltr'><strong>vero</strong></span> <span class='ocrx_word' id='word_1_544' title='bbox 3097 1161 3185 1229; x_wconf 94' lang='lat' dir='ltr'><strong>qui</strong></span> <span class='ocrx_word' id='word_1_545' title='bbox 3228 1163 3393 1230; x_wconf 84' lang='lat' dir='ltr'><strong>parti-</strong></span> 
     </span>
    </p>
   </div>
   <div class='ocr_carea' id='block_1_70' title="bbox 1812 1247 3388 1319">
    <p class='ocr_par' dir='ltr' id='par_1_70' title="bbox 1812 1247 3388 1319">
     <span class='ocr_line' id='line_1_70' title="bbox 1812 1247 3388 1319; baseline 0.006 -22"><span class='ocrx_word' id='word_1_546' title='bbox 1812 1259 1939 1314; x_wconf 87' lang='lat' dir='ltr'><strong>ccps</strong></span> <span class='ocrx_word' id='word_1_547' title='bbox 1965 1254 2067 1307; x_wconf 79' lang='lat' dir='ltr'><strong>est,</strong></span> <span class='ocrx_word' id='word_1_548' title='bbox 2098 1255 2153 1300; x_wconf 88' lang='lat' dir='ltr'><strong>et</strong></span> <span class='ocrx_word' id='word_1_549' title='bbox 2180 1247 2557 1314; x_wconf 80' lang='lat' dir='ltr'><strong>reprehendit,</strong></span> <span class='ocrx_word' id='word_1_550' title='bbox 2590 1257 2736 1301; x_wconf 90' lang='lat' dir='ltr'><strong>certe</strong></span> <span class='ocrx_word' id='word_1_551' title='bbox 2768 1262 2872 1301; x_wconf 91' lang='lat' dir='ltr'><strong>non</strong></span> <span class='ocrx_word' id='word_1_552' title='bbox 2908 1249 2976 1302; x_wconf 90' lang='lat' dir='ltr'><strong>ita</strong></span> <span class='ocrx_word' id='word_1_553' title='bbox 3005 1251 3388 1319; x_wconf 88' lang='lat' dir='ltr'><strong>reprehendit,</strong></span> 
     </span>
    </p>
   </div>
   <div class='ocr_carea' id='block_1_71' title="bbox 1813 1338 3391 1412">
    <p class='ocr_par' dir='ltr' id='par_1_71' title="bbox 1813 1338 3391 1412">
     <span class='ocr_line' id='line_1_71' title="bbox 1813 1338 3391 1412; baseline 0.006 -23"><span class='ocrx_word' id='word_1_554' title='bbox 1813 1344 2081 1406; x_wconf 87' lang='lat' dir='ltr'><strong>tamquam</strong></span> <span class='ocrx_word' id='word_1_555' title='bbox 2110 1339 2156 1392; x_wconf 91' lang='lat' dir='ltr'><strong>is</strong></span> <span class='ocrx_word' id='word_1_556' title='bbox 2181 1338 2270 1407; x_wconf 91' lang='lat' dir='ltr'><strong>qui</strong></span> <span class='ocrx_word' id='word_1_557' title='bbox 2302 1353 2407 1392; x_wconf 92' lang='lat' dir='ltr'><strong>nou</strong></span> <span class='ocrx_word' id='word_1_558' title='bbox 2437 1340 2507 1393; x_wconf 90' lang='lat' dir='ltr'><strong>sit</strong></span> <span class='ocrx_word' id='word_1_559' title='bbox 2554 1338 2846 1407; x_wconf 88' lang='lat' dir='ltr'><strong>particeps,</strong></span> <span class='ocrx_word' id='word_1_560' title='bbox 2876 1340 2968 1393; x_wconf 87' lang='lat' dir='ltr'><strong>sed</strong></span> <span class='ocrx_word' id='word_1_561' title='bbox 2999 1349 3265 1410; x_wconf 88' lang='lat' dir='ltr'><strong>tamquam</strong></span> <span class='ocrx_word' id='word_1_562' title='bbox 3300 1345 3391 1412; x_wconf 90' lang='lat' dir='ltr'><strong>qui</strong></span> 
     </span>
    </p>
   </div>
   <div class='ocr_carea' id='block_1_72' title="bbox 1812 1429 3395 1500">
    <p class='ocr_par' dir='ltr' id='par_1_72' title="bbox 1812 1429 3395 1500">
     <span class='ocr_line' id='line_1_72' title="bbox 1812 1429 3395 1500; baseline 0.005 -17"><span class='ocrx_word' id='word_1_563' title='bbox 1812 1429 2252 1484; x_wconf 89' lang='lat' dir='ltr'><strong>condemnaverit</strong></span> <span class='ocrx_word' id='word_1_564' title='bbox 2274 1472 2287 1495; x_wconf 94' lang='lat'><strong>,</strong></span> <span class='ocrx_word' id='word_1_565' title='bbox 2336 1445 2442 1485; x_wconf 90' lang='lat' dir='ltr'><strong>non</strong></span> <span class='ocrx_word' id='word_1_566' title='bbox 2469 1446 2534 1485; x_wconf 82' lang='lat' dir='ltr'><strong>ex</strong></span> <span class='ocrx_word' id='word_1_567' title='bbox 2562 1432 2889 1500; x_wconf 78' lang='lat' dir='ltr'><strong>ignorantia,</strong></span> <span class='ocrx_word' id='word_1_568' title='bbox 2933 1433 3029 1487; x_wconf 85' lang='lat' dir='ltr'><strong>sed</strong></span> <span class='ocrx_word' id='word_1_569' title='bbox 3066 1436 3296 1489; x_wconf 84' lang='lat' dir='ltr'><strong>maxime</strong></span> <span class='ocrx_word' id='word_1_570' title='bbox 3326 1450 3395 1491; x_wconf 77' lang='lat' dir='ltr'><strong>ex</strong></span> 
     </span>
    </p>
   </div>
   <div class='ocr_carea' id='block_1_73' title="bbox 1812 1512 3394 1595">
    <p class='ocr_par' dir='ltr' id='par_1_73' title="bbox 1812 1512 3394 1595">
     <span class='ocr_line' id='line_1_73' title="bbox 1812 1512 3394 1595; baseline 0.005 -18"><span class='ocrx_word' id='word_1_571' title='bbox 1812 1523 2136 1593; x_wconf 85' lang='lat' dir='ltr'><strong>cognitione.</strong></span> <span class='ocrx_word' id='word_1_572' title='bbox 2168 1523 2302 1578; x_wconf 82' lang='lat' dir='ltr'><strong>Vide</strong></span> <span class='ocrx_word' id='word_1_573' title='bbox 2333 1524 2512 1593; x_wconf 90' lang='lat' dir='ltr'><strong>igitur,</strong></span> <span class='ocrx_word' id='word_1_574' title='bbox 2543 1524 2666 1594; x_wconf 89' lang='lat' dir='ltr'><strong>quid</strong></span> <span class='ocrx_word' id='word_1_575' title='bbox 2697 1512 2835 1578; x_wconf 76' lang='lat' dir='ltr'><strong>dicat</strong></span> <span class='ocrx_word' id='word_1_576' title='bbox 2861 1526 2912 1579; x_wconf 93' lang='lat' dir='ltr'><strong>in</strong></span> <span class='ocrx_word' id='word_1_577' title='bbox 2939 1527 3172 1595; x_wconf 84' lang='lat' dir='ltr'><strong>Epistola</strong></span> <span class='ocrx_word' id='word_1_578' title='bbox 3198 1528 3264 1584; x_wconf 89' lang='lat' dir='ltr'><strong>ad</strong></span> <span class='ocrx_word' id='word_1_579' title='bbox 3288 1528 3394 1585; x_wconf 77' lang='lat' dir='ltr'><strong>Ga~</strong></span> 
     </span>
    </p>
   </div>
   <div class='ocr_carea' id='block_1_74' title="bbox 1812 1611 3395 1687">
    <p class='ocr_par' dir='ltr' id='par_1_74' title="bbox 1812 1611 3395 1687">
     <span class='ocr_line' id='line_1_74' title="bbox 1812 1611 3395 1687; baseline 0.008 -22"><span class='ocrx_word' id='word_1_580' title='bbox 1812 1611 1980 1675; x_wconf 83' lang='lat' dir='ltr'><strong>latas.</strong></span> <span class='ocrx_word' id='word_1_581' title='bbox 2025 1627 2144 1665; x_wconf 89' lang='lat' dir='ltr'><strong>cum</strong></span> <span class='ocrx_word' id='word_1_582' title='bbox 2178 1612 2452 1667; x_wconf 87' lang='lat' dir='ltr'><strong>incidisset</strong></span> <span class='ocrx_word' id='word_1_583' title='bbox 2490 1615 2543 1668; x_wconf 93' lang='lat' dir='ltr'><strong>in</strong></span> <span class='ocrx_word' id='word_1_584' title='bbox 2589 1614 2958 1670; x_wconf 87' lang='lat' dir='ltr'><strong>necessitatem</strong></span> <span class='ocrx_word' id='word_1_585' title='bbox 2991 1633 3180 1687; x_wconf 88' lang='lat' dir='ltr'><strong>magna</strong></span> <span class='ocrx_word' id='word_1_586' title='bbox 3224 1620 3290 1675; x_wconf 90' lang='lat' dir='ltr'><strong>de</strong></span> <span class='ocrx_word' id='word_1_587' title='bbox 3333 1637 3395 1677; x_wconf 89' lang='lat' dir='ltr'><strong>se</strong></span> 
     </span>
    </p>
   </div>
   <div class='ocr_carea' id='block_1_75' title="bbox 1814 1701 3389 1777">
    <p class='ocr_par' dir='ltr' id='par_1_75' title="bbox 1814 1701 3389 1777">
     <span class='ocr_line' id='line_1_75' title="bbox 1814 1701 3389 1777; baseline 0.008 -22"><span class='ocrx_word' id='word_1_588' title='bbox 1814 1701 1931 1770; x_wconf 86' lang='lat' dir='ltr'><strong>ipso</strong></span> <span class='ocrx_word' id='word_1_589' title='bbox 1961 1702 2194 1768; x_wconf 90' lang='lat' dir='ltr'><strong>dicendi,</strong></span> <span class='ocrx_word' id='word_1_590' title='bbox 2226 1704 2495 1773; x_wconf 86' lang='lat' dir='ltr'><strong>quomodo</strong></span> <span class='ocrx_word' id='word_1_591' title='bbox 2524 1715 2577 1759; x_wconf 90' lang='lat' dir='ltr'><strong>et</strong></span> <span class='ocrx_word' id='word_1_592' title='bbox 2604 1706 2952 1761; x_wconf 90' lang='lat' dir='ltr'><strong>humilitatem</strong></span> <span class='ocrx_word' id='word_1_593' title='bbox 2982 1724 3089 1777; x_wconf 81' lang='lat' dir='ltr'><strong>prae</strong></span> <span class='ocrx_word' id='word_1_594' title='bbox 3124 1725 3182 1764; x_wconf 92' lang='lat' dir='ltr'><strong>se</strong></span> <span class='ocrx_word' id='word_1_595' title='bbox 3211 1710 3347 1766; x_wconf 74' lang='lat' dir='ltr'><strong>ferat</strong></span> <span class='ocrx_word' id='word_1_596' title='bbox 3376 1730 3389 1766; x_wconf 90' lang='lat'>:</span> 
     </span>
    </p>
   </div>
   <div class='ocr_carea' id='block_1_76' title="bbox 1811 1796 3393 1873">
    <p class='ocr_par' dir='ltr' id='par_1_76' title="bbox 1811 1796 3393 1873">
     <span class='ocr_line' id='line_1_76' title="bbox 1811 1796 3393 1873; baseline 0.007 -25"><span class='ocrx_word' id='word_1_597' title='bbox 1811 1796 2085 1850; x_wconf 83' lang='lat' dir='ltr'><strong>Audivistis</strong></span> <span class='ocrx_word' id='word_1_598' title='bbox 2105 1797 2257 1862; x_wconf 84' lang='lat' dir='ltr'><strong>enim,</strong></span> <span class='ocrx_word' id='word_1_599' title='bbox 2284 1797 2472 1867; x_wconf 89' lang='lat' dir='ltr'><strong>inquit,</strong></span> <span class='ocrx_word' id='word_1_600' title='bbox 2496 1802 2918 1854; x_wconf 83' lang='lat' dir='ltr'><strong>conversationem</strong></span> <span class='ocrx_word' id='word_1_601' title='bbox 2939 1818 3100 1855; x_wconf 83' lang='lat' dir='ltr'><strong>nteant</strong></span> <span class='ocrx_word' id='word_1_602' title='bbox 3120 1805 3393 1873; x_wconf 76' lang='lat' dir='ltr'><strong>aliquando</strong></span> 
     </span>
    </p>
   </div>
   <div class='ocr_carea' id='block_1_77' title="bbox 1811 1887 3393 1967">
    <p class='ocr_par' dir='ltr' id='par_1_77' title="bbox 1811 1887 3393 1967">
     <span class='ocr_line' id='line_1_77' title="bbox 1811 1887 3393 1967; baseline 0.009 -27"><span class='ocrx_word' id='word_1_603' title='bbox 1811 1887 1865 1941; x_wconf 84' lang='lat' dir='ltr'><strong>in</strong></span> <span class='ocrx_word' id='word_1_604' title='bbox 1888 1888 2158 1943; x_wconf 87' lang='lat' dir='ltr'><strong>Judaismo</strong></span> <span class='ocrx_word' id='word_1_605' title='bbox 2181 1888 2325 1959; x_wconf 85' lang='lat' dir='ltr'><strong>(Gal.</strong></span> <span class='ocrx_word' id='word_1_606' title='bbox 2358 1892 2410 1946; x_wconf 79' lang='grc'><strong>1.</strong></span> <span class='ocrx_word' id='word_1_607' title='bbox 2440 1892 2562 1961; x_wconf 74' lang='grc'><strong>15);</strong></span> <span class='ocrx_word' id='word_1_608' title='bbox 2592 1902 2645 1947; x_wconf 88' lang='lat' dir='ltr'><strong>et</strong></span> <span class='ocrx_word' id='word_1_609' title='bbox 2671 1909 2854 1948; x_wconf 89' lang='lat' dir='ltr'><strong>rursus</strong></span> <span class='ocrx_word' id='word_1_610' title='bbox 2886 1895 2993 1960; x_wconf 91' lang='lat' dir='ltr'><strong>hic,</strong></span> <span class='ocrx_word' id='word_1_611' title='bbox 3027 1896 3089 1951; x_wconf 88' lang='lat' dir='ltr'><strong>Si</strong></span> <span class='ocrx_word' id='word_1_612' title='bbox 3117 1900 3227 1967; x_wconf 86' lang='lat' dir='ltr'><strong>quis</strong></span> <span class='ocrx_word' id='word_1_613' title='bbox 3261 1900 3393 1955; x_wconf 80' lang='lat' dir='ltr'><strong>alius</strong></span> 
     </span>
    </p>
   </div>
   <div class='ocr_carea' id='block_1_78' title="bbox 1812 1982 3391 2058">
    <p class='ocr_par' dir='ltr' id='par_1_78' title="bbox 1812 1982 3391 2058">
     <span class='ocr_line' id='line_1_78' title="bbox 1812 1982 3391 2058; baseline 0.009 -25"><span class='ocrx_word' id='word_1_614' title='bbox 1812 1982 2005 2034; x_wconf 80' lang='lat' dir='ltr'><strong>videtur</strong></span> <span class='ocrx_word' id='word_1_615' title='bbox 2035 1982 2290 2051; x_wconf 77' lang='lat' dir='ltr'><strong>con’ﬁdere</strong></span> <span class='ocrx_word' id='word_1_616' title='bbox 2322 1984 2377 2037; x_wconf 86' lang='lat' dir='ltr'><strong>in</strong></span> <span class='ocrx_word' id='word_1_617' title='bbox 2402 2001 2557 2038; x_wconf 84' lang='lat' dir='ltr'><strong>carne</strong></span> <span class='ocrx_word' id='word_1_618' title='bbox 2575 2026 2589 2047; x_wconf 92' lang='lat'><strong>,</strong></span> <span class='ocrx_word' id='word_1_619' title='bbox 2639 2002 2729 2056; x_wconf 87' lang='lat' dir='ltr'><strong>ego</strong></span> <span class='ocrx_word' id='word_1_620' title='bbox 2759 1988 2958 2058; x_wconf 84' lang='lat' dir='ltr'><strong>magis;</strong></span> <span class='ocrx_word' id='word_1_621' title='bbox 2984 2005 3047 2045; x_wconf 89' lang='lat' dir='ltr'><strong>ac</strong></span> <span class='ocrx_word' id='word_1_622' title='bbox 3086 1993 3263 2047; x_wconf 87' lang='lat' dir='ltr'><strong>statim</strong></span> <span class='ocrx_word' id='word_1_623' title='bbox 3290 1994 3391 2048; x_wconf 88' lang='lat' dir='ltr'><strong>ad-</strong></span> 
     </span>
    </p>
   </div>
   <div class='ocr_carea' id='block_1_79' title="bbox 1809 2071 3392 2151">
    <p class='ocr_par' dir='ltr' id='par_1_79' title="bbox 1809 2071 3392 2151">
     <span class='ocr_line' id='line_1_79' title="bbox 1809 2071 3392 2151; baseline 0.009 -26"><span class='ocrx_word' id='word_1_624' title='bbox 1809 2071 2021 2140; x_wconf 81' lang='lat' dir='ltr'><strong>junxit,</strong></span> <span class='ocrx_word' id='word_1_625' title='bbox 2069 2072 2315 2128; x_wconf 67' lang='lat' dir='ltr'><strong>Hebraeus</strong></span> <span class='ocrx_word' id='word_1_626' title='bbox 2361 2091 2425 2129; x_wconf 80' lang='lat' dir='ltr'><strong>ea:</strong></span> <span class='ocrx_word' id='word_1_627' title='bbox 2454 2074 2701 2131; x_wconf 65' lang='lat' dir='ltr'><strong>Hebreis.</strong></span> <span class='ocrx_word' id='word_1_628' title='bbox 2740 2077 2853 2132; x_wconf 86' lang='lat' dir='ltr'><strong>Non</strong></span> <span class='ocrx_word' id='word_1_629' title='bbox 2888 2080 2987 2133; x_wconf 93' lang='lat' dir='ltr'><strong>hoc</strong></span> <span class='ocrx_word' id='word_1_630' title='bbox 3031 2089 3295 2151; x_wconf 87' lang='lat' dir='ltr'><strong>tamquam</strong></span> <span class='ocrx_word' id='word_1_631' title='bbox 3340 2084 3392 2139; x_wconf 90' lang='lat' dir='ltr'><strong>id</strong></span> 
     </span>
    </p>
   </div>
   <div class='ocr_carea' id='block_1_80' title="bbox 1812 2164 3392 2237">
    <p class='ocr_par' dir='ltr' id='par_1_80' title="bbox 1812 2164 3392 2237">
     <span class='ocr_line' id='line_1_80' title="bbox 1812 2164 3392 2237; baseline 0.008 -20"><span class='ocrx_word' id='word_1_632' title='bbox 1812 2164 1957 2234; x_wconf 89' lang='lat' dir='ltr'><strong>quod</strong></span> <span class='ocrx_word' id='word_1_633' title='bbox 1996 2165 2095 2219; x_wconf 87' lang='lat' dir='ltr'><strong>sibi</strong></span> <span class='ocrx_word' id='word_1_634' title='bbox 2142 2181 2237 2234; x_wconf 91' lang='lat' dir='ltr'><strong>per</strong></span> <span class='ocrx_word' id='word_1_635' title='bbox 2278 2180 2337 2221; x_wconf 89' lang='lat' dir='ltr'><strong>se</strong></span> <span class='ocrx_word' id='word_1_636' title='bbox 2361 2168 2694 2236; x_wconf 90' lang='lat' dir='ltr'><strong>propositum</strong></span> <span class='ocrx_word' id='word_1_637' title='bbox 2733 2180 2894 2237; x_wconf 86' lang='lat' dir='ltr'><strong>esset,</strong></span> <span class='ocrx_word' id='word_1_638' title='bbox 2928 2170 3077 2226; x_wconf 91' lang='lat' dir='ltr'><strong>initio</strong></span> <span class='ocrx_word' id='word_1_639' title='bbox 3104 2172 3259 2237; x_wconf 83' lang='lat' dir='ltr'><strong>dixit,</strong></span> <span class='ocrx_word' id='word_1_640' title='bbox 3296 2175 3392 2230; x_wconf 88' lang='lat' dir='ltr'><strong>sed</strong></span> 
     </span>
    </p>
   </div>
   <div class='ocr_carea' id='block_1_81' title="bbox 1816 2255 3390 2328">
    <p class='ocr_par' dir='ltr' id='par_1_81' title="bbox 1816 2255 3390 2328">
     <span class='ocr_line' id='line_1_81' title="bbox 1816 2255 3390 2328; baseline 0.01 -22"><span class='ocrx_word' id='word_1_641' title='bbox 1816 2264 2095 2324; x_wconf 89' lang='lat' dir='ltr'><strong>postquam</strong></span> <span class='ocrx_word' id='word_1_642' title='bbox 2123 2255 2361 2323; x_wconf 86' lang='lat' dir='ltr'><strong>dixerat,</strong></span> <span class='ocrx_word' id='word_1_643' title='bbox 2399 2256 2461 2312; x_wconf 88' lang='lat' dir='ltr'><strong>Si</strong></span> <span class='ocrx_word' id='word_1_644' title='bbox 2502 2261 2614 2328; x_wconf 84' lang='lat' dir='ltr'><strong>quis</strong></span> <span class='ocrx_word' id='word_1_645' title='bbox 2644 2257 2806 2324; x_wconf 85' lang='lat' dir='ltr'><strong>alius,</strong></span> <span class='ocrx_word' id='word_1_646' title='bbox 2835 2262 3123 2317; x_wconf 89' lang='lat' dir='ltr'><strong>ostendens</strong></span> <span class='ocrx_word' id='word_1_647' title='bbox 3154 2266 3390 2320; x_wconf 43' lang='lat' dir='ltr'><strong>necessia</strong></span> 
     </span>
    </p>
   </div>
   <div class='ocr_carea' id='block_1_82' title="bbox 1816 2349 3387 2425">
    <p class='ocr_par' dir='ltr' id='par_1_82' title="bbox 1816 2349 3387 2425">
     <span class='ocr_line' id='line_1_82' title="bbox 1816 2349 3387 2425; baseline 0.007 -23"><span class='ocrx_word' id='word_1_648' title='bbox 1816 2358 2001 2415; x_wconf 80' lang='lat' dir='ltr'><strong>tatem,</strong></span> <span class='ocrx_word' id='word_1_649' title='bbox 2031 2349 2352 2420; x_wconf 90' lang='lat' dir='ltr'><strong>illorumque</strong></span> <span class='ocrx_word' id='word_1_650' title='bbox 2381 2366 2539 2405; x_wconf 88' lang='lat' dir='ltr'><strong>causa</strong></span> <span class='ocrx_word' id='word_1_651' title='bbox 2570 2352 2684 2406; x_wconf 61' lang='lat' dir='ltr'><strong>haec</strong></span> <span class='ocrx_word' id='word_1_652' title='bbox 2711 2368 2741 2406; x_wconf 92' lang='lat' dir='ltr'><strong>a</strong></span> <span class='ocrx_word' id='word_1_653' title='bbox 2771 2368 2831 2407; x_wconf 91' lang='lat' dir='ltr'><strong>se</strong></span> <span class='ocrx_word' id='word_1_654' title='bbox 2860 2353 2984 2408; x_wconf 90' lang='lat' dir='ltr'><strong>dici.</strong></span> <span class='ocrx_word' id='word_1_655' title='bbox 3009 2354 3062 2411; x_wconf 91' lang='lat' dir='ltr'><strong>Si</strong></span> <span class='ocrx_word' id='word_1_656' title='bbox 3091 2358 3387 2425; x_wconf 87' lang='lat' dir='ltr'><strong>conliditis,</strong></span> 
     </span>
    </p>
   </div>
   <div class='ocr_carea' id='block_1_83' title="bbox 1814 2440 3392 2521">
    <p class='ocr_par' dir='ltr' id='par_1_83' title="bbox 1814 2440 3392 2521">
     <span class='ocr_line' id='line_1_83' title="bbox 1814 2440 3392 2521; baseline 0.007 -28"><span class='ocrx_word' id='word_1_657' title='bbox 1814 2440 2006 2510; x_wconf 88' lang='lat' dir='ltr'><strong>inquit,</strong></span> <span class='ocrx_word' id='word_1_658' title='bbox 2038 2440 2150 2510; x_wconf 87' lang='lat' dir='ltr'><strong>Ego</strong></span> <span class='ocrx_word' id='word_1_659' title='bbox 2175 2442 2356 2512; x_wconf 87' lang='lat' dir='ltr'><strong>magis.</strong></span> <span class='ocrx_word' id='word_1_660' title='bbox 2389 2442 2502 2496; x_wconf 85' lang='lat' dir='ltr'><strong>lloc</strong></span> <span class='ocrx_word' id='word_1_661' title='bbox 2530 2458 2671 2497; x_wconf 93' lang='lat' dir='ltr'><strong>nunc</strong></span> <span class='ocrx_word' id='word_1_662' title='bbox 2696 2445 2999 2499; x_wconf 89' lang='lat' dir='ltr'><strong>necessario</strong></span> <span class='ocrx_word' id='word_1_663' title='bbox 3028 2445 3167 2508; x_wconf 91' lang='lat' dir='ltr'><strong>dico.</strong></span> <span class='ocrx_word' id='word_1_664' title='bbox 3195 2448 3392 2521; x_wconf 82' lang='lat' dir='ltr'><strong>alioqui</strong></span> 
     </span>
    </p>
   </div>
   <div class='ocr_carea' id='block_1_84' title="bbox 1814 2533 3395 2606">
    <p class='ocr_par' dir='ltr' id='par_1_84' title="bbox 1814 2533 3395 2606">
     <span class='ocr_line' id='line_1_84' title="bbox 1814 2533 3395 2606; baseline 0.006 -20"><span class='ocrx_word' id='word_1_665' title='bbox 1814 2533 2121 2587; x_wconf 87' lang='lat' dir='ltr'><strong>tacuissem.</strong></span> <span class='ocrx_word' id='word_1_666' title='bbox 2155 2533 2385 2588; x_wconf 85' lang='lat' dir='ltr'><strong>Attende</strong></span> <span class='ocrx_word' id='word_1_667' title='bbox 2409 2549 2539 2587; x_wconf 75' lang='lat' dir='ltr'><strong>vero</strong></span> <span class='ocrx_word' id='word_1_668' title='bbox 2582 2534 2852 2603; x_wconf 85' lang='lat' dir='ltr'><strong>quomodo</strong></span> <span class='ocrx_word' id='word_1_669' title='bbox 2883 2536 2934 2589; x_wconf 92' lang='lat' dir='ltr'><strong>in</strong></span> <span class='ocrx_word' id='word_1_670' title='bbox 2964 2538 3238 2606; x_wconf 84' lang='lat' dir='ltr'><strong>arguendo</strong></span> <span class='ocrx_word' id='word_1_671' title='bbox 3265 2541 3395 2595; x_wconf 89' lang='lat' dir='ltr'><strong>vitet</strong></span> 
     </span>
    </p>
   </div>
   <div class='ocr_carea' id='block_1_85' title="bbox 1813 2627 3395 2695">
    <p class='ocr_par' dir='ltr' id='par_1_85' title="bbox 1813 2627 3395 2695">
     <span class='ocr_line' id='line_1_85' title="bbox 1813 2627 3395 2695; baseline 0.004 -13"><span class='ocrx_word' id='word_1_672' title='bbox 1813 2628 2017 2693; x_wconf 90' lang='lat' dir='ltr'><strong>odium,</strong></span> <span class='ocrx_word' id='word_1_673' title='bbox 2049 2627 2174 2682; x_wconf 90' lang='lat' dir='ltr'><strong>dum</strong></span> <span class='ocrx_word' id='word_1_674' title='bbox 2206 2643 2309 2681; x_wconf 92' lang='lat' dir='ltr'><strong>non</strong></span> <span class='ocrx_word' id='word_1_675' title='bbox 2336 2627 2650 2680; x_wconf 88' lang='lat' dir='ltr'><strong>nominatim</strong></span> <span class='ocrx_word' id='word_1_676' title='bbox 2682 2630 2888 2695; x_wconf 77' lang='lat' dir='ltr'><strong>arguit,</strong></span> <span class='ocrx_word' id='word_1_677' title='bbox 2918 2637 2972 2682; x_wconf 92' lang='lat' dir='ltr'><strong>et</strong></span> <span class='ocrx_word' id='word_1_678' title='bbox 2997 2630 3099 2683; x_wconf 88' lang='lat' dir='ltr'><strong>illis</strong></span> <span class='ocrx_word' id='word_1_679' title='bbox 3128 2631 3303 2685; x_wconf 86' lang='lat' dir='ltr'><strong>locum</strong></span> <span class='ocrx_word' id='word_1_680' title='bbox 3335 2647 3395 2689; x_wconf 85' lang='lat' dir='ltr'><strong>se</strong></span> 
     </span>
    </p>
   </div>
   <div class='ocr_carea' id='block_1_86' title="bbox 1813 2718 3392 2792">
    <p class='ocr_par' dir='ltr' id='par_1_86' title="bbox 1813 2718 3392 2792">
     <span class='ocr_line' id='line_1_86' title="bbox 1813 2718 3392 2792; baseline 0.003 -18"><span class='ocrx_word' id='word_1_681' title='bbox 1813 2719 2104 2788; x_wconf 87' lang='lat' dir='ltr'><strong>recipiendi</strong></span> <span class='ocrx_word' id='word_1_682' title='bbox 2126 2718 2237 2773; x_wconf 90' lang='lat' dir='ltr'><strong>dat.</strong></span> <span class='ocrx_word' id='word_1_683' title='bbox 2266 2719 2326 2773; x_wconf 89' lang='lat' dir='ltr'><strong>Si</strong></span> <span class='ocrx_word' id='word_1_684' title='bbox 2345 2719 2455 2788; x_wconf 85' lang='lat' dir='ltr'><strong>quis</strong></span> <span class='ocrx_word' id='word_1_685' title='bbox 2474 2720 2669 2771; x_wconf 86' lang='lat' dir='ltr'><strong>videtur</strong></span> <span class='ocrx_word' id='word_1_686' title='bbox 2689 2720 2963 2788; x_wconf 80' lang='lat' dir='ltr'><strong>confidere.</strong></span> <span class='ocrx_word' id='word_1_687' title='bbox 2987 2721 3053 2775; x_wconf 90' lang='lat' dir='ltr'><strong>Et</strong></span> <span class='ocrx_word' id='word_1_688' title='bbox 3073 2733 3216 2777; x_wconf 88' lang='lat' dir='ltr'><strong>recte</strong></span> <span class='ocrx_word' id='word_1_689' title='bbox 3237 2723 3392 2792; x_wconf 82' lang='lat' dir='ltr'><strong>dixit,</strong></span> 
     </span>
    </p>
   </div>
   <div class='ocr_carea' id='block_1_87' title="bbox 1822 2812 3396 2882">
    <p class='ocr_par' dir='ltr' id='par_1_87' title="bbox 1822 2812 3396 2882">
     <span class='ocr_line' id='line_1_87' title="bbox 1822 2812 3396 2882; baseline 0.003 -15"><span class='ocrx_word' id='word_1_690' title='bbox 1822 2813 2054 2879; x_wconf 83' lang='lat' dir='ltr'><strong>Videtur,</strong></span> <span class='ocrx_word' id='word_1_691' title='bbox 2085 2812 2171 2867; x_wconf 90' lang='lat' dir='ltr'><strong>vel</strong></span> <span class='ocrx_word' id='word_1_692' title='bbox 2201 2812 2341 2880; x_wconf 90' lang='lat' dir='ltr'><strong>quod</strong></span> <span class='ocrx_word' id='word_1_693' title='bbox 2369 2821 2573 2867; x_wconf 89' lang='lat' dir='ltr'><strong>tantum</strong></span> <span class='ocrx_word' id='word_1_694' title='bbox 2610 2812 2836 2867; x_wconf 71' lang='lat' dir='ltr'><strong>ﬁdentia:</strong></span> <span class='ocrx_word' id='word_1_695' title='bbox 2865 2827 2970 2866; x_wconf 90' lang='lat' dir='ltr'><strong>non</strong></span> <span class='ocrx_word' id='word_1_696' title='bbox 3002 2813 3287 2882; x_wconf 87' lang='lat' dir='ltr'><strong>haberent;</strong></span> <span class='ocrx_word' id='word_1_697' title='bbox 3310 2817 3396 2872; x_wconf 87' lang='lat' dir='ltr'><strong>vel</strong></span> 
     </span>
    </p>
   </div>
   <div class='ocr_carea' id='block_1_88' title="bbox 1815 2904 3397 2977">
    <p class='ocr_par' dir='ltr' id='par_1_88' title="bbox 1815 2904 3397 2977">
     <span class='ocr_line' id='line_1_88' title="bbox 1815 2904 3397 2977; baseline 0.003 -18"><span class='ocrx_word' id='word_1_698' title='bbox 1815 2905 1956 2977; x_wconf 90' lang='lat' dir='ltr'><strong>quod</strong></span> <span class='ocrx_word' id='word_1_699' title='bbox 1984 2921 2109 2960; x_wconf 91' lang='lat' dir='ltr'><strong>vera</strong></span> <span class='ocrx_word' id='word_1_700' title='bbox 2157 2904 2372 2959; x_wconf 84' lang='lat' dir='ltr'><strong>ﬁdentia</strong></span> <span class='ocrx_word' id='word_1_701' title='bbox 2403 2919 2509 2958; x_wconf 90' lang='lat' dir='ltr'><strong>non</strong></span> <span class='ocrx_word' id='word_1_702' title='bbox 2553 2913 2696 2959; x_wconf 90' lang='lat' dir='ltr'><strong>esset</strong></span> <span class='ocrx_word' id='word_1_703' title='bbox 2726 2922 2738 2957; x_wconf 91' lang='lat'>:</span> <span class='ocrx_word' id='word_1_704' title='bbox 2772 2919 2934 2960; x_wconf 92' lang='lat' dir='ltr'><strong>omne</strong></span> <span class='ocrx_word' id='word_1_705' title='bbox 2980 2907 3120 2959; x_wconf 91' lang='lat' dir='ltr'><strong>enim</strong></span> <span class='ocrx_word' id='word_1_706' title='bbox 3154 2907 3255 2964; x_wconf 93' lang='lat' dir='ltr'><strong>hoc</strong></span> <span class='ocrx_word' id='word_1_707' title='bbox 3299 2924 3397 2963; x_wconf 89' lang='lat' dir='ltr'><strong>ne-</strong></span> 
     </span>
    </p>
   </div>
   <div class='ocr_carea' id='block_1_89' title="bbox 1816 2994 3397 3063">
    <p class='ocr_par' dir='ltr' id='par_1_89' title="bbox 1816 2994 3397 3063">
     <span class='ocr_line' id='line_1_89' title="bbox 1816 2994 3397 3063; baseline 0.002 -12"><span class='ocrx_word' id='word_1_708' title='bbox 1816 2997 2081 3052; x_wconf 89' lang='lat' dir='ltr'><strong>cessitatis</strong></span> <span class='ocrx_word' id='word_1_709' title='bbox 2107 3004 2260 3063; x_wconf 90' lang='lat' dir='ltr'><strong>erat,</strong></span> <span class='ocrx_word' id='word_1_710' title='bbox 2289 3011 2397 3049; x_wconf 93' lang='lat' dir='ltr'><strong>non</strong></span> <span class='ocrx_word' id='word_1_711' title='bbox 2434 2996 2736 3051; x_wconf 88' lang='lat' dir='ltr'><strong>electionis.</strong></span> <span class='ocrx_word' id='word_1_712' title='bbox 2778 2997 2830 3050; x_wconf 80' lang='lat'><strong>5.</strong></span> <span class='ocrx_word' id='word_1_713' title='bbox 2863 2994 3198 3051; x_wconf 85' lang='lat' dir='ltr'><strong>Circumcisus</strong></span> <span class='ocrx_word' id='word_1_714' title='bbox 3224 3009 3397 3054; x_wconf 83' lang='lat' dir='ltr'><strong>octavo</strong></span> 
     </span>
    </p>
   </div>
   <div class='ocr_carea' id='block_1_90' title="bbox 1817 3087 3401 3157">
    <p class='ocr_par' dir='ltr' id='par_1_90' title="bbox 1817 3087 3401 3157">
     <span class='ocr_line' id='line_1_90' title="bbox 1817 3087 3401 3157; baseline 0.003 -14"><span class='ocrx_word' id='word_1_715' title='bbox 1817 3092 1917 3143; x_wconf 89' lang='lat' dir='ltr'><strong>die.</strong></span> <span class='ocrx_word' id='word_1_716' title='bbox 1971 3089 2207 3143; x_wconf 89' lang='lat' dir='ltr'><strong>Primum</strong></span> <span class='ocrx_word' id='word_1_717' title='bbox 2254 3088 2403 3156; x_wconf 89' lang='lat' dir='ltr'><strong>ponit</strong></span> <span class='ocrx_word' id='word_1_718' title='bbox 2446 3087 2587 3156; x_wconf 89' lang='lat' dir='ltr'><strong>quod</strong></span> <span class='ocrx_word' id='word_1_719' title='bbox 2627 3088 2857 3142; x_wconf 80' lang='lat' dir='ltr'><strong>maxime</strong></span> <span class='ocrx_word' id='word_1_720' title='bbox 2898 3088 3182 3157; x_wconf 86' lang='lat' dir='ltr'><strong>Oplahant,</strong></span> <span class='ocrx_word' id='word_1_721' title='bbox 3226 3091 3276 3144; x_wconf 89' lang='lat' dir='ltr'><strong>id</strong></span> <span class='ocrx_word' id='word_1_722' title='bbox 3316 3101 3401 3147; x_wconf 89' lang='lat' dir='ltr'><strong>est</strong></span> 
     </span>
    </p>
   </div>
   <div class='ocr_carea' id='block_1_91' title="bbox 1816 3178 3395 3251">
    <p class='ocr_par' dir='ltr' id='par_1_91' title="bbox 1816 3178 3395 3251">
     <span class='ocr_line' id='line_1_91' title="bbox 1816 3178 3395 3251; baseline 0.003 -16"><span class='ocrx_word' id='word_1_723' title='bbox 1816 3182 2319 3244; x_wconf 88' lang='lat' dir='ltr'><strong>circumcisionem;</strong></span> <span class='ocrx_word' id='word_1_724' title='bbox 2379 3178 2574 3233; x_wconf 80' lang='lat' dir='ltr'><strong>deinde</strong></span> <span class='ocrx_word' id='word_1_725' title='bbox 2627 3178 2794 3246; x_wconf 88' lang='lat' dir='ltr'><strong>illud,</strong></span> <span class='ocrx_word' id='word_1_726' title='bbox 2849 3179 2932 3233; x_wconf 75' lang='lat' dir='ltr'><strong>Ea:</strong></span> <span class='ocrx_word' id='word_1_727' title='bbox 2983 3198 3162 3251; x_wconf 85' lang='lat' dir='ltr'><strong>genere</strong></span> <span class='ocrx_word' id='word_1_728' title='bbox 3208 3181 3395 3240; x_wconf 85' lang='lat' dir='ltr'><strong>Israel.</strong></span> 
     </span>
    </p>
   </div>
   <div class='ocr_carea' id='block_1_92' title="bbox 1820 3272 3401 3344">
    <p class='ocr_par' dir='ltr' id='par_1_92' title="bbox 1820 3272 3401 3344">
     <span class='ocr_line' id='line_1_92' title="bbox 1820 3272 3401 3344; baseline -0.003 -11"><span class='ocrx_word' id='word_1_729' title='bbox 1820 3275 2060 3344; x_wconf 89' lang='lat' dir='ltr'><strong>Utraque</strong></span> <span class='ocrx_word' id='word_1_730' title='bbox 2086 3275 2199 3328; x_wconf 77' lang='lat' dir='ltr'><strong>luce</strong></span> <span class='ocrx_word' id='word_1_731' title='bbox 2223 3272 2478 3338; x_wconf 91' lang='lat' dir='ltr'><strong>ostendit,</strong></span> <span class='ocrx_word' id='word_1_732' title='bbox 2503 3287 2677 3341; x_wconf 88' lang='lat' dir='ltr'><strong>neque</strong></span> <span class='ocrx_word' id='word_1_733' title='bbox 2704 3273 3028 3344; x_wconf 89' lang='lat' dir='ltr'><strong>proselytum</strong></span> <span class='ocrx_word' id='word_1_734' title='bbox 3057 3288 3115 3327; x_wconf 91' lang='lat' dir='ltr'><strong>se</strong></span> <span class='ocrx_word' id='word_1_735' title='bbox 3137 3289 3274 3339; x_wconf 85' lang='lat' dir='ltr'><strong>esse,</strong></span> <span class='ocrx_word' id='word_1_736' title='bbox 3305 3291 3401 3330; x_wconf 84' lang='lat' dir='ltr'><strong>ne-</strong></span> 
     </span>
    </p>
   </div>
   <div class='ocr_carea' id='block_1_93' title="bbox 1817 3366 3401 3439">
    <p class='ocr_par' dir='ltr' id='par_1_93' title="bbox 1817 3366 3401 3439">
     <span class='ocr_line' id='line_1_93' title="bbox 1817 3366 3401 3439; baseline 0.001 -20"><span class='ocrx_word' id='word_1_737' title='bbox 1817 3383 1923 3439; x_wconf 87' lang='lat' dir='ltr'><strong>que</strong></span> <span class='ocrx_word' id='word_1_738' title='bbox 1950 3384 2016 3423; x_wconf 81' lang='lat' dir='ltr'><strong>cx</strong></span> <span class='ocrx_word' id='word_1_739' title='bbox 2044 3367 2329 3438; x_wconf 87' lang='lat' dir='ltr'><strong>proselytis</strong></span> <span class='ocrx_word' id='word_1_740' title='bbox 2350 3367 2655 3420; x_wconf 88' lang='lat' dir='ltr'><strong>oriundum.</strong></span> <span class='ocrx_word' id='word_1_741' title='bbox 2683 3366 2812 3420; x_wconf 83' lang='lat' dir='ltr'><strong>Nam</strong></span> <span class='ocrx_word' id='word_1_742' title='bbox 2836 3381 2901 3421; x_wconf 80' lang='lat' dir='ltr'><strong>ex</strong></span> <span class='ocrx_word' id='word_1_743' title='bbox 2929 3380 3014 3431; x_wconf 88' lang='lat' dir='ltr'><strong>eo,</strong></span> <span class='ocrx_word' id='word_1_744' title='bbox 3040 3366 3179 3435; x_wconf 90' lang='lat' dir='ltr'><strong>quod</strong></span> <span class='ocrx_word' id='word_1_745' title='bbox 3211 3378 3401 3420; x_wconf 87' lang='lat' dir='ltr'><strong>octavo</strong></span> 
     </span>
    </p>
   </div>
   <div class='ocr_carea' id='block_1_94' title="bbox 1820 3456 3398 3527">
    <p class='ocr_par' dir='ltr' id='par_1_94' title="bbox 1820 3456 3398 3527">
     <span class='ocr_line' id='line_1_94' title="bbox 1820 3456 3398 3527; baseline -0.002 -14"><span class='ocrx_word' id='word_1_746' title='bbox 1820 3460 1907 3515; x_wconf 92' lang='lat' dir='ltr'><strong>die</strong></span> <span class='ocrx_word' id='word_1_747' title='bbox 1933 3459 2281 3514; x_wconf 89' lang='lat' dir='ltr'><strong>circumcisus</strong></span> <span class='ocrx_word' id='word_1_748' title='bbox 2310 3457 2399 3523; x_wconf 88' lang='lat' dir='ltr'><strong>sit,</strong></span> <span class='ocrx_word' id='word_1_749' title='bbox 2433 3457 2738 3511; x_wconf 89' lang='lat' dir='ltr'><strong>ostenditur</strong></span> <span class='ocrx_word' id='word_1_750' title='bbox 2761 3472 2865 3509; x_wconf 88' lang='lat' dir='ltr'><strong>non</strong></span> <span class='ocrx_word' id='word_1_751' title='bbox 2894 3471 3013 3511; x_wconf 88' lang='lat' dir='ltr'><strong>esse</strong></span> <span class='ocrx_word' id='word_1_752' title='bbox 3039 3456 3398 3527; x_wconf 86' lang='lat' dir='ltr'><strong>proselytum;</strong></span> 
     </span>
    </p>
   </div>
   <div class='ocr_carea' id='block_1_95' title="bbox 1819 3547 3403 3619">
    <p class='ocr_par' dir='ltr' id='par_1_95' title="bbox 1819 3547 3403 3619">
     <span class='ocr_line' id='line_1_95' title="bbox 1819 3547 3403 3619; baseline -0.002 -14"><span class='ocrx_word' id='word_1_753' title='bbox 1819 3565 1883 3606; x_wconf 80' lang='lat' dir='ltr'><strong>ex</strong></span> <span class='ocrx_word' id='word_1_754' title='bbox 1911 3565 1977 3605; x_wconf 90' lang='lat' dir='ltr'><strong>eo</strong></span> <span class='ocrx_word' id='word_1_755' title='bbox 2002 3560 2202 3614; x_wconf 89' lang='lat' dir='ltr'><strong>autem,</strong></span> <span class='ocrx_word' id='word_1_756' title='bbox 2226 3548 2366 3619; x_wconf 88' lang='lat' dir='ltr'><strong>quod</strong></span> <span class='ocrx_word' id='word_1_757' title='bbox 2389 3563 2457 3603; x_wconf 77' lang='lat' dir='ltr'><strong>ex</strong></span> <span class='ocrx_word' id='word_1_758' title='bbox 2481 3561 2677 3617; x_wconf 86' lang='lat' dir='ltr'><strong>genere</strong></span> <span class='ocrx_word' id='word_1_759' title='bbox 2704 3547 2889 3613; x_wconf 84' lang='lat' dir='ltr'><strong>Israel,</strong></span> <span class='ocrx_word' id='word_1_760' title='bbox 2913 3548 3211 3601; x_wconf 75' lang='lat' dir='ltr'><strong>ostenditur</strong></span> <span class='ocrx_word' id='word_1_761' title='bbox 3231 3563 3403 3617; x_wconf 88' lang='lat' dir='ltr'><strong>neque</strong></span> 
     </span>
    </p>
   </div>
   <div class='ocr_carea' id='block_1_96' title="bbox 1821 3638 3402 3713">
    <p class='ocr_par' dir='ltr' id='par_1_96' title="bbox 1821 3638 3402 3713">
     <span class='ocr_line' id='line_1_96' title="bbox 1821 3638 3402 3713; baseline -0.003 -15"><span class='ocrx_word' id='word_1_762' title='bbox 1821 3658 1891 3698; x_wconf 80' lang='lat' dir='ltr'><strong>ex</strong></span> <span class='ocrx_word' id='word_1_763' title='bbox 1921 3640 2230 3713; x_wconf 90' lang='lat' dir='ltr'><strong>parentibus</strong></span> <span class='ocrx_word' id='word_1_764' title='bbox 2263 3640 2548 3710; x_wconf 82' lang='lat' dir='ltr'><strong>proselytis</strong></span> <span class='ocrx_word' id='word_1_765' title='bbox 2576 3653 2696 3693; x_wconf 90' lang='lat' dir='ltr'><strong>esse</strong></span> <span class='ocrx_word' id='word_1_766' title='bbox 2721 3648 2921 3693; x_wconf 90' lang='lat' dir='ltr'><strong>ortum.</strong></span> <span class='ocrx_word' id='word_1_767' title='bbox 2965 3638 3168 3693; x_wconf 85' lang='lat' dir='ltr'><strong>Deinde</strong></span> <span class='ocrx_word' id='word_1_768' title='bbox 3198 3655 3262 3693; x_wconf 89' lang='lat' dir='ltr'><strong>ne</strong></span> <span class='ocrx_word' id='word_1_769' title='bbox 3298 3655 3402 3709; x_wconf 83' lang='lat' dir='ltr'><strong>pu-</strong></span> 
     </span>
    </p>
   </div>
   <div class='ocr_carea' id='block_1_97' title="bbox 1824 3731 3403 3804">
    <p class='ocr_par' dir='ltr' id='par_1_97' title="bbox 1824 3731 3403 3804">
     <span class='ocr_line' id='line_1_97' title="bbox 1824 3731 3403 3804; baseline -0.003 -14"><span class='ocrx_word' id='word_1_770' title='bbox 1824 3743 1938 3801; x_wconf 90' lang='lat' dir='ltr'><strong>tes,</strong></span> <span class='ocrx_word' id='word_1_771' title='bbox 1972 3733 2055 3788; x_wconf 81' lang='lat' dir='ltr'><strong>Ea:</strong></span> <span class='ocrx_word' id='word_1_772' title='bbox 2076 3749 2254 3804; x_wconf 83' lang='lat' dir='ltr'><strong>genere</strong></span> <span class='ocrx_word' id='word_1_773' title='bbox 2286 3731 2484 3797; x_wconf 83' lang='lat' dir='ltr'><strong>Israel,</strong></span> <span class='ocrx_word' id='word_1_774' title='bbox 2516 3731 2617 3785; x_wconf 89' lang='lat' dir='ltr'><strong>hoc</strong></span> <span class='ocrx_word' id='word_1_775' title='bbox 2646 3732 2946 3802; x_wconf 71' lang='lat' dir='ltr'><strong>significare</strong></span> <span class='ocrx_word' id='word_1_776' title='bbox 2977 3746 3097 3786; x_wconf 89' lang='lat' dir='ltr'><strong>esse</strong></span> <span class='ocrx_word' id='word_1_777' title='bbox 3124 3732 3295 3801; x_wconf 83' lang='lat' dir='ltr'><strong>ipsum</strong></span> <span class='ocrx_word' id='word_1_778' title='bbox 3336 3748 3403 3786; x_wconf 78' lang='lat' dir='ltr'><strong>ex</strong></span> 
     </span>
    </p>
   </div>
   <div class='ocr_carea' id='block_1_98' title="bbox 1824 3819 3404 3892">
    <p class='ocr_par' dir='ltr' id='par_1_98' title="bbox 1824 3819 3404 3892">
     <span class='ocr_line' id='line_1_98' title="bbox 1824 3819 3404 3892; baseline -0.002 -12"><span class='ocrx_word' id='word_1_779' title='bbox 1824 3825 2008 3880; x_wconf 87' lang='lat' dir='ltr'><strong>decem</strong></span> <span class='ocrx_word' id='word_1_780' title='bbox 2050 3821 2323 3888; x_wconf 83' lang='lat' dir='ltr'><strong>tribubus,</strong></span> <span class='ocrx_word' id='word_1_781' title='bbox 2352 3821 2562 3892; x_wconf 88' lang='lat' dir='ltr'><strong>inquit,</strong></span> <span class='ocrx_word' id='word_1_782' title='bbox 2590 3820 2668 3874; x_wconf 88' lang='lat' dir='ltr'><strong>De</strong></span> <span class='ocrx_word' id='word_1_783' title='bbox 2698 3819 2829 3874; x_wconf 86' lang='lat' dir='ltr'><strong>tribu</strong></span> <span class='ocrx_word' id='word_1_784' title='bbox 2855 3819 3156 3892; x_wconf 83' lang='lat' dir='ltr'><strong>Bcnjamin;</strong></span> <span class='ocrx_word' id='word_1_785' title='bbox 3186 3821 3404 3891; x_wconf 87' lang='lat' dir='ltr'><strong>perinde</strong></span> 
     </span>
    </p>
   </div>
   <div class='ocr_carea' id='block_1_99' title="bbox 1824 3913 3405 3984">
    <p class='ocr_par' dir='ltr' id='par_1_99' title="bbox 1824 3913 3405 3984">
     <span class='ocr_line' id='line_1_99' title="bbox 1824 3913 3405 3984; baseline -0.001 -13"><span class='ocrx_word' id='word_1_786' title='bbox 1824 3932 1887 3971; x_wconf 89' lang='lat' dir='ltr'><strong>ac</strong></span> <span class='ocrx_word' id='word_1_787' title='bbox 1915 3917 1960 3971; x_wconf 93' lang='lat' dir='ltr'><strong>si</strong></span> <span class='ocrx_word' id='word_1_788' title='bbox 1988 3914 2225 3977; x_wconf 88' lang='lat' dir='ltr'><strong>diceret,</strong></span> <span class='ocrx_word' id='word_1_789' title='bbox 2272 3914 2348 3969; x_wconf 81' lang='lat' dir='ltr'><strong>Ex</strong></span> <span class='ocrx_word' id='word_1_790' title='bbox 2377 3913 2681 3983; x_wconf 89' lang='lat' dir='ltr'><strong>probatiore</strong></span> <span class='ocrx_word' id='word_1_791' title='bbox 2710 3924 2860 3983; x_wconf 88' lang='lat' dir='ltr'><strong>parte</strong></span> <span class='ocrx_word' id='word_1_792' title='bbox 2886 3930 2900 3966; x_wconf 88' lang='lat'><strong>:</strong></span> <span class='ocrx_word' id='word_1_793' title='bbox 2934 3928 3054 3967; x_wconf 92' lang='lat' dir='ltr'><strong>nam</strong></span> <span class='ocrx_word' id='word_1_794' title='bbox 3082 3929 3201 3984; x_wconf 80' lang='lat' dir='ltr'><strong>quae</strong></span> <span class='ocrx_word' id='word_1_795' title='bbox 3229 3930 3405 3970; x_wconf 88' lang='lat' dir='ltr'><strong>sacer-</strong></span> 
     </span>
    </p>
   </div>
   <div class='ocr_carea' id='block_1_100' title="bbox 1825 4004 3406 4075">
    <p class='ocr_par' dir='ltr' id='par_1_100' title="bbox 1825 4004 3406 4075">
     <span class='ocr_line' id='line_1_100' title="bbox 1825 4004 3406 4075; baseline -0.001 -12"><span class='ocrx_word' id='word_1_796' title='bbox 1825 4010 2007 4064; x_wconf 88' lang='lat' dir='ltr'><strong>dotum</strong></span> <span class='ocrx_word' id='word_1_797' title='bbox 2035 4015 2208 4072; x_wconf 89' lang='lat' dir='ltr'><strong>erant,</strong></span> <span class='ocrx_word' id='word_1_798' title='bbox 2238 4006 2290 4060; x_wconf 89' lang='lat' dir='ltr'><strong>in</strong></span> <span class='ocrx_word' id='word_1_799' title='bbox 2318 4015 2463 4061; x_wconf 90' lang='lat' dir='ltr'><strong>sorte</strong></span> <span class='ocrx_word' id='word_1_800' title='bbox 2487 4015 2640 4060; x_wconf 89' lang='lat' dir='ltr'><strong>erant</strong></span> <span class='ocrx_word' id='word_1_801' title='bbox 2666 4004 2823 4075; x_wconf 84' lang='lat' dir='ltr'><strong>hujus</strong></span> <span class='ocrx_word' id='word_1_802' title='bbox 2846 4005 3033 4059; x_wconf 89' lang='lat' dir='ltr'><strong>tribus.</strong></span> <span class='ocrx_word' id='word_1_803' title='bbox 3068 4005 3313 4060; x_wconf 71' lang='lat' dir='ltr'><strong>Hebrtrus</strong></span> <span class='ocrx_word' id='word_1_804' title='bbox 3343 4023 3406 4061; x_wconf 77' lang='lat' dir='ltr'><strong>ea:</strong></span> 
     </span>
    </p>
   </div>
   <div class='ocr_carea' id='block_1_101' title="bbox 1827 4097 3407 4168">
    <p class='ocr_par' dir='ltr' id='par_1_101' title="bbox 1827 4097 3407 4168">
     <span class='ocr_line' id='line_1_101' title="bbox 1827 4097 3407 4168; baseline -0.002 -12"><span class='ocrx_word' id='word_1_805' title='bbox 1827 4100 2077 4156; x_wconf 69' lang='lat' dir='ltr'><strong>Hebraeis.</strong></span> <span class='ocrx_word' id='word_1_806' title='bbox 2106 4098 2241 4154; x_wconf 79' lang='lat' dir='ltr'><strong>Hinc</strong></span> <span class='ocrx_word' id='word_1_807' title='bbox 2267 4097 2501 4153; x_wconf 88' lang='lat' dir='ltr'><strong>ostendit</strong></span> <span class='ocrx_word' id='word_1_808' title='bbox 2527 4111 2585 4151; x_wconf 88' lang='lat' dir='ltr'><strong>se</strong></span> <span class='ocrx_word' id='word_1_809' title='bbox 2615 4112 2719 4151; x_wconf 91' lang='lat' dir='ltr'><strong>non</strong></span> <span class='ocrx_word' id='word_1_810' title='bbox 2747 4111 2868 4152; x_wconf 90' lang='lat' dir='ltr'><strong>esse</strong></span> <span class='ocrx_word' id='word_1_811' title='bbox 2912 4097 3238 4168; x_wconf 89' lang='lat' dir='ltr'><strong>proselytum</strong></span> <span class='ocrx_word' id='word_1_812' title='bbox 3263 4139 3277 4163; x_wconf 91' lang='lat'><strong>,</strong></span> <span class='ocrx_word' id='word_1_813' title='bbox 3311 4099 3407 4153; x_wconf 87' lang='lat' dir='ltr'><strong>sed</strong></span> 
     </span>
    </p>
   </div>
   <div class='ocr_carea' id='block_1_102' title="bbox 1827 4188 3409 4263">
    <p class='ocr_par' dir='ltr' id='par_1_102' title="bbox 1827 4188 3409 4263">
     <span class='ocr_line' id='line_1_102' title="bbox 1827 4188 3409 4263; baseline -0.001 -16"><span class='ocrx_word' id='word_1_814' title='bbox 1827 4192 2119 4263; x_wconf 89' lang='lat' dir='ltr'><strong>antiquitus</strong></span> <span class='ocrx_word' id='word_1_815' title='bbox 2132 4206 2197 4246; x_wconf 82' lang='lat' dir='ltr'><strong>ex</strong></span> <span class='ocrx_word' id='word_1_816' title='bbox 2214 4190 2375 4246; x_wconf 89' lang='lat' dir='ltr'><strong>claris</strong></span> <span class='ocrx_word' id='word_1_817' title='bbox 2390 4188 2623 4245; x_wconf 66' lang='lat' dir='ltr'><strong>Judaeis:</strong></span> <span class='ocrx_word' id='word_1_818' title='bbox 2648 4197 2858 4258; x_wconf 90' lang='lat' dir='ltr'><strong>poterat</strong></span> <span class='ocrx_word' id='word_1_819' title='bbox 2875 4190 3016 4243; x_wconf 89' lang='lat' dir='ltr'><strong>enim</strong></span> <span class='ocrx_word' id='word_1_820' title='bbox 3035 4191 3151 4257; x_wconf 87' lang='lat' dir='ltr'><strong>quis</strong></span> <span class='ocrx_word' id='word_1_821' title='bbox 3167 4189 3409 4245; x_wconf 83' lang='lat' dir='ltr'><strong>Israelita</strong></span> 
     </span>
    </p>
   </div>
   <div class='ocr_carea' id='block_1_103' title="bbox 1827 4278 3408 4349">
    <p class='ocr_par' dir='ltr' id='par_1_103' title="bbox 1827 4278 3408 4349">
     <span class='ocr_line' id='line_1_103' title="bbox 1827 4278 3408 4349; baseline -0.004 -10"><span class='ocrx_word' id='word_1_822' title='bbox 1827 4298 1975 4349; x_wconf 86' lang='lat' dir='ltr'><strong>esse,</strong></span> <span class='ocrx_word' id='word_1_823' title='bbox 2021 4295 2121 4336; x_wconf 88' lang='lat' dir='ltr'><strong>nec</strong></span> <span class='ocrx_word' id='word_1_824' title='bbox 2164 4289 2342 4335; x_wconf 88' lang='lat' dir='ltr'><strong>tamen</strong></span> <span class='ocrx_word' id='word_1_825' title='bbox 2375 4280 2629 4333; x_wconf 61' lang='lat' dir='ltr'><strong>Hebraeus</strong></span> <span class='ocrx_word' id='word_1_826' title='bbox 2658 4294 2721 4333; x_wconf 77' lang='lat' dir='ltr'><strong>ex</strong></span> <span class='ocrx_word' id='word_1_827' title='bbox 2755 4278 2994 4334; x_wconf 69' lang='lat' dir='ltr'><strong>Hebraeis</strong></span> <span class='ocrx_word' id='word_1_828' title='bbox 3026 4297 3039 4330; x_wconf 90' lang='lat'><strong>:</strong></span> <span class='ocrx_word' id='word_1_829' title='bbox 3082 4280 3233 4332; x_wconf 90' lang='lat' dir='ltr'><strong>multi</strong></span> <span class='ocrx_word' id='word_1_830' title='bbox 3265 4279 3408 4333; x_wconf 89' lang='lat' dir='ltr'><strong>enim</strong></span> 
     </span>
    </p>
   </div>
   <div class='ocr_carea' id='block_1_104' title="bbox 1824 4369 3410 4443">
    <p class='ocr_par' dir='ltr' id='par_1_104' title="bbox 1824 4369 3410 4443">
     <span class='ocr_line' id='line_1_104' title="bbox 1824 4369 3410 4443; baseline -0.002 -17"><span class='ocrx_word' id='word_1_831' title='bbox 1824 4373 1936 4443; x_wconf 88' lang='lat' dir='ltr'><strong>jam</strong></span> <span class='ocrx_word' id='word_1_832' title='bbox 1963 4383 2018 4428; x_wconf 84' lang='lat' dir='ltr'><strong>et</strong></span> <span class='ocrx_word' id='word_1_833' title='bbox 2042 4387 2158 4427; x_wconf 89' lang='lat' dir='ltr'><strong>rem</strong></span> <span class='ocrx_word' id='word_1_834' title='bbox 2178 4373 2348 4440; x_wconf 88' lang='lat' dir='ltr'><strong>ipsam</strong></span> <span class='ocrx_word' id='word_1_835' title='bbox 2378 4377 2750 4438; x_wconf 89' lang='lat' dir='ltr'><strong>corruperant,</strong></span> <span class='ocrx_word' id='word_1_836' title='bbox 2778 4378 2834 4422; x_wconf 92' lang='lat' dir='ltr'><strong>et</strong></span> <span class='ocrx_word' id='word_1_837' title='bbox 2860 4369 3091 4438; x_wconf 88' lang='lat' dir='ltr'><strong>linguam</strong></span> <span class='ocrx_word' id='word_1_838' title='bbox 3120 4384 3225 4423; x_wconf 91' lang='lat' dir='ltr'><strong>non</strong></span> <span class='ocrx_word' id='word_1_839' title='bbox 3257 4378 3410 4423; x_wconf 87' lang='lat' dir='ltr'><strong>tene-</strong></span> 
     </span>
    </p>
   </div>
   <div class='ocr_carea' id='block_1_105' title="bbox 1830 4457 3412 4531">
    <p class='ocr_par' dir='ltr' id='par_1_105' title="bbox 1830 4457 3412 4531">
     <span class='ocr_line' id='line_1_105' title="bbox 1830 4457 3412 4531; baseline -0.003 -11"><span class='ocrx_word' id='word_1_840' title='bbox 1830 4465 1981 4531; x_wconf 91' lang='lat' dir='ltr'><strong>bant,</strong></span> <span class='ocrx_word' id='word_1_841' title='bbox 2013 4462 2135 4517; x_wconf 90' lang='lat' dir='ltr'><strong>aliis</strong></span> <span class='ocrx_word' id='word_1_842' title='bbox 2160 4461 2387 4517; x_wconf 77' lang='lat' dir='ltr'><strong>admixti</strong></span> <span class='ocrx_word' id='word_1_843' title='bbox 2418 4460 2686 4531; x_wconf 90' lang='lat' dir='ltr'><strong>gentibus.</strong></span> <span class='ocrx_word' id='word_1_844' title='bbox 2721 4458 2818 4514; x_wconf 78' lang='lat' dir='ltr'><strong>Vel</strong></span> <span class='ocrx_word' id='word_1_845' title='bbox 2852 4457 2955 4514; x_wconf 91' lang='lat' dir='ltr'><strong>hoc</strong></span> <span class='ocrx_word' id='word_1_846' title='bbox 2982 4459 3163 4528; x_wconf 90' lang='lat' dir='ltr'><strong>igitur,</strong></span> <span class='ocrx_word' id='word_1_847' title='bbox 3187 4460 3269 4514; x_wconf 90' lang='lat' dir='ltr'><strong>vel</strong></span> <span class='ocrx_word' id='word_1_848' title='bbox 3292 4474 3412 4515; x_wconf 82' lang='lat' dir='ltr'><strong>ma-</strong></span> 
     </span>
    </p>
   </div>
   <div class='ocr_carea' id='block_1_106' title="bbox 1831 4549 3410 4629">
    <p class='ocr_par' dir='ltr' id='par_1_106' title="bbox 1831 4549 3410 4629">
     <span class='ocr_line' id='line_1_106' title="bbox 1831 4549 3410 4629; baseline -0.004 -17"><span class='ocrx_word' id='word_1_849' title='bbox 1831 4571 1989 4629; x_wconf 88' lang='lat' dir='ltr'><strong>gnam</strong></span> <span class='ocrx_word' id='word_1_850' title='bbox 2014 4554 2344 4609; x_wconf 88' lang='lat' dir='ltr'><strong>nobilitatem</strong></span> <span class='ocrx_word' id='word_1_851' title='bbox 2387 4553 2511 4607; x_wconf 91' lang='lat' dir='ltr'><strong>hinc</strong></span> <span class='ocrx_word' id='word_1_852' title='bbox 2543 4551 2892 4606; x_wconf 90' lang='lat' dir='ltr'><strong>demonstrat.</strong></span> <span class='ocrx_word' id='word_1_853' title='bbox 2922 4549 3216 4605; x_wconf 82' lang='lat' dir='ltr'><strong>Secundum</strong></span> <span class='ocrx_word' id='word_1_854' title='bbox 3254 4551 3410 4622; x_wconf 85' lang='lat' dir='ltr'><strong>legem</strong></span> 
     </span>
    </p>
   </div>
   <div class='ocr_carea' id='block_1_107' title="bbox 1836 4641 3411 4711">
    <p class='ocr_par' dir='ltr' id='par_1_107' title="bbox 1836 4641 3411 4711">
     <span class='ocr_line' id='line_1_107' title="bbox 1836 4641 3411 4711; baseline -0.003 -10"><span class='ocrx_word' id='word_1_855' title='bbox 1836 4646 2149 4702; x_wconf 73' lang='lat' dir='ltr'><strong>Pharisa’us.</strong></span> <span class='ocrx_word' id='word_1_856' title='bbox 2180 4643 2402 4698; x_wconf 84' lang='lat' dir='ltr'><strong>Accedit</strong></span> <span class='ocrx_word' id='word_1_857' title='bbox 2427 4641 2622 4697; x_wconf 89' lang='lat' dir='ltr'><strong>deinde</strong></span> <span class='ocrx_word' id='word_1_858' title='bbox 2651 4641 2716 4695; x_wconf 90' lang='lat' dir='ltr'><strong>ad</strong></span> <span class='ocrx_word' id='word_1_859' title='bbox 2742 4656 2803 4696; x_wconf 88' lang='lat' dir='ltr'><strong>ea</strong></span> <span class='ocrx_word' id='word_1_860' title='bbox 2825 4680 2842 4708; x_wconf 95' lang='lat'><strong>,</strong></span> <span class='ocrx_word' id='word_1_861' title='bbox 2871 4656 2990 4711; x_wconf 72' lang='lat' dir='ltr'><strong>quae</strong></span> <span class='ocrx_word' id='word_1_862' title='bbox 3018 4641 3084 4695; x_wconf 92' lang='lat' dir='ltr'><strong>ad</strong></span> <span class='ocrx_word' id='word_1_863' title='bbox 3111 4641 3411 4697; x_wconf 91' lang='lat' dir='ltr'><strong>institutum</strong></span> 
     </span>
    </p>
   </div>
   <div class='ocr_carea' id='block_1_108' title="bbox 1834 4734 3419 4808">
    <p class='ocr_par' dir='ltr' id='par_1_108' title="bbox 1834 4734 3419 4808">
     <span class='ocr_line' id='line_1_108' title="bbox 1834 4734 3419 4808; baseline -0.002 -12"><span class='ocrx_word' id='word_1_864' title='bbox 1834 4755 1989 4797; x_wconf 89' lang='lat' dir='ltr'><strong>suum</strong></span> <span class='ocrx_word' id='word_1_865' title='bbox 2019 4737 2393 4808; x_wconf 89' lang='lat' dir='ltr'><strong>pertinebant:</strong></span> <span class='ocrx_word' id='word_1_866' title='bbox 2424 4736 2700 4805; x_wconf 86' lang='lat' dir='ltr'><strong>superiora</strong></span> <span class='ocrx_word' id='word_1_867' title='bbox 2728 4734 2871 4789; x_wconf 89' lang='lat' dir='ltr'><strong>enim</strong></span> <span class='ocrx_word' id='word_1_868' title='bbox 2901 4736 3081 4789; x_wconf 91' lang='lat' dir='ltr'><strong>omnia</strong></span> <span class='ocrx_word' id='word_1_869' title='bbox 3118 4750 3222 4790; x_wconf 92' lang='lat' dir='ltr'><strong>non</strong></span> <span class='ocrx_word' id='word_1_870' title='bbox 3260 4747 3419 4793; x_wconf 87' lang='lat' dir='ltr'><strong>erant</strong></span> 
     </span>
    </p>
   </div>
   <div class='ocr_carea' id='block_1_109' title="bbox 1836 4822 3412 4898">
    <p class='ocr_par' dir='ltr' id='par_1_109' title="bbox 1836 4822 3412 4898">
     <span class='ocr_line' id='line_1_109' title="bbox 1836 4822 3412 4898; baseline -0.004 -9"><span class='ocrx_word' id='word_1_871' title='bbox 1836 4832 2043 4889; x_wconf 91' lang='lat' dir='ltr'><strong>consilii</strong></span> <span class='ocrx_word' id='word_1_872' title='bbox 2069 4831 2152 4887; x_wconf 92' lang='lat' dir='ltr'><strong>vel</strong></span> <span class='ocrx_word' id='word_1_873' title='bbox 2179 4829 2477 4885; x_wconf 90' lang='lat' dir='ltr'><strong>electionis.</strong></span> <span class='ocrx_word' id='word_1_874' title='bbox 2510 4828 2693 4898; x_wconf 85' lang='lat' dir='ltr'><strong>Neque</strong></span> <span class='ocrx_word' id='word_1_875' title='bbox 2718 4828 2860 4884; x_wconf 90' lang='lat' dir='ltr'><strong>enim</strong></span> <span class='ocrx_word' id='word_1_876' title='bbox 2890 4822 3044 4883; x_wconf 88' lang='lat' dir='ltr'><strong>suum</strong></span> <span class='ocrx_word' id='word_1_877' title='bbox 3085 4842 3221 4898; x_wconf 90' lang='lat' dir='ltr'><strong>opus</strong></span> <span class='ocrx_word' id='word_1_878' title='bbox 3258 4840 3373 4884; x_wconf 89' lang='lat' dir='ltr'><strong>erat</strong></span> <span class='ocrx_word' id='word_1_879' title='bbox 3396 4870 3412 4895; x_wconf 91' lang='lat'><strong>,</strong></span> 
     </span>
    </p>
   </div>
   <div class='ocr_carea' id='block_1_110' title="bbox 1835 4918 3414 4990">
    <p class='ocr_par' dir='ltr' id='par_1_110' title="bbox 1835 4918 3414 4990">
     <span class='ocr_line' id='line_1_110' title="bbox 1835 4918 3414 4990; baseline -0.003 -10"><span class='ocrx_word' id='word_1_880' title='bbox 1835 4924 2207 4981; x_wconf 91' lang='lat' dir='ltr'><strong>circumcisum</strong></span> <span class='ocrx_word' id='word_1_881' title='bbox 2230 4935 2371 4986; x_wconf 86' lang='lat' dir='ltr'><strong>esse,</strong></span> <span class='ocrx_word' id='word_1_882' title='bbox 2401 4930 2495 4975; x_wconf 91' lang='lat' dir='ltr'><strong>aut</strong></span> <span class='ocrx_word' id='word_1_883' title='bbox 2523 4935 2591 4976; x_wconf 79' lang='lat' dir='ltr'><strong>ex</strong></span> <span class='ocrx_word' id='word_1_884' title='bbox 2619 4934 2817 4990; x_wconf 87' lang='lat' dir='ltr'><strong>genere</strong></span> <span class='ocrx_word' id='word_1_885' title='bbox 2845 4918 3045 4987; x_wconf 86' lang='lat' dir='ltr'><strong>Israel,</strong></span> <span class='ocrx_word' id='word_1_886' title='bbox 3072 4926 3164 4974; x_wconf 92' lang='lat' dir='ltr'><strong>aut</strong></span> <span class='ocrx_word' id='word_1_887' title='bbox 3182 4932 3247 4974; x_wconf 83' lang='lat' dir='ltr'><strong>ex</strong></span> <span class='ocrx_word' id='word_1_888' title='bbox 3273 4921 3414 4975; x_wconf 91' lang='lat' dir='ltr'><strong>tribu</strong></span> 
     </span>
    </p>
   </div>
   <div class='ocr_carea' id='block_1_111' title="bbox 1838 5012 3417 5088">
    <p class='ocr_par' dir='ltr' id='par_1_111' title="bbox 1838 5012 3417 5088">
     <span class='ocr_line' id='line_1_111' title="bbox 1838 5012 3417 5088; baseline -0.006 -14"><span class='ocrx_word' id='word_1_889' title='bbox 1838 5018 2136 5088; x_wconf 83' lang='lat' dir='ltr'><strong>Benjamin.</strong></span> <span class='ocrx_word' id='word_1_890' title='bbox 2163 5016 2244 5071; x_wconf 80' lang='lat' dir='ltr'><strong>Ex</strong></span> <span class='ocrx_word' id='word_1_891' title='bbox 2269 5015 2353 5069; x_wconf 91' lang='lat' dir='ltr'><strong>his</strong></span> <span class='ocrx_word' id='word_1_892' title='bbox 2378 5030 2507 5085; x_wconf 87' lang='lat' dir='ltr'><strong>ergo</strong></span> <span class='ocrx_word' id='word_1_893' title='bbox 2537 5016 2706 5084; x_wconf 86' lang='lat' dir='ltr'><strong>magis</strong></span> <span class='ocrx_word' id='word_1_894' title='bbox 2736 5013 3065 5079; x_wconf 79' lang='lat' dir='ltr'><strong>excellebat,</strong></span> <span class='ocrx_word' id='word_1_895' title='bbox 3096 5012 3197 5067; x_wconf 91' lang='lat' dir='ltr'><strong>etsi</strong></span> <span class='ocrx_word' id='word_1_896' title='bbox 3236 5012 3289 5066; x_wconf 91' lang='lat' dir='ltr'><strong>in</strong></span> <span class='ocrx_word' id='word_1_897' title='bbox 3316 5012 3417 5066; x_wconf 88' lang='lat' dir='ltr'><strong>hac</strong></span> 
     </span>
    </p>
   </div>
   <div class='ocr_carea' id='block_1_112' title="bbox 1840 5101 3419 5175">
    <p class='ocr_par' dir='ltr' id='par_1_112' title="bbox 1840 5101 3419 5175">
     <span class='ocr_line' id='line_1_112' title="bbox 1840 5101 3419 5175; baseline -0.006 -9"><span class='ocrx_word' id='word_1_898' title='bbox 1840 5126 1899 5166; x_wconf 91' lang='lat' dir='ltr'><strong>re</strong></span> <span class='ocrx_word' id='word_1_899' title='bbox 1925 5109 2121 5164; x_wconf 91' lang='lat' dir='ltr'><strong>multos</strong></span> <span class='ocrx_word' id='word_1_900' title='bbox 2146 5106 2377 5162; x_wconf 88' lang='lat' dir='ltr'><strong>habebat</strong></span> <span class='ocrx_word' id='word_1_901' title='bbox 2399 5105 2593 5160; x_wconf 88' lang='lat' dir='ltr'><strong>socios.</strong></span> <span class='ocrx_word' id='word_1_902' title='bbox 2622 5104 2758 5172; x_wconf 85' lang='lat' dir='ltr'><strong>Quid</strong></span> <span class='ocrx_word' id='word_1_903' title='bbox 2779 5118 2909 5175; x_wconf 89' lang='lat' dir='ltr'><strong>ergo</strong></span> <span class='ocrx_word' id='word_1_904' title='bbox 2930 5112 3013 5159; x_wconf 90' lang='lat' dir='ltr'><strong>est</strong></span> <span class='ocrx_word' id='word_1_905' title='bbox 3032 5102 3183 5170; x_wconf 90' lang='lat' dir='ltr'><strong>illud,</strong></span> <span class='ocrx_word' id='word_1_906' title='bbox 3208 5101 3378 5173; x_wconf 76' lang='lat' dir='ltr'><strong>Magis</strong></span> <span class='ocrx_word' id='word_1_907' title='bbox 3393 5103 3419 5157; x_wconf 80' lang='lat'><strong><em>?</em></strong></span> 
     </span>
    </p>
   </div>
   <div class='ocr_carea' id='block_1_113' title="bbox 1840 5193 3416 5265">
    <p class='ocr_par' dir='ltr' id='par_1_113' title="bbox 1840 5193 3416 5265">
     <span class='ocr_line' id='line_1_113' title="bbox 1840 5193 3416 5265; baseline -0.008 -7"><span class='ocrx_word' id='word_1_908' title='bbox 1840 5203 1998 5258; x_wconf 89' lang='lat' dir='ltr'><strong>Certe</strong></span> <span class='ocrx_word' id='word_1_909' title='bbox 2026 5200 2079 5255; x_wconf 92' lang='lat' dir='ltr'><strong>in</strong></span> <span class='ocrx_word' id='word_1_910' title='bbox 2110 5200 2211 5254; x_wconf 92' lang='lat' dir='ltr'><strong>hoc</strong></span> <span class='ocrx_word' id='word_1_911' title='bbox 2240 5198 2575 5263; x_wconf 86' lang='lat' dir='ltr'><strong>excellebat,</strong></span> <span class='ocrx_word' id='word_1_912' title='bbox 2608 5196 2749 5265; x_wconf 88' lang='lat' dir='ltr'><strong>quod</strong></span> <span class='ocrx_word' id='word_1_913' title='bbox 2791 5212 2897 5249; x_wconf 91' lang='lat' dir='ltr'><strong>non</strong></span> <span class='ocrx_word' id='word_1_914' title='bbox 2928 5205 3045 5250; x_wconf 90' lang='lat' dir='ltr'><strong>erat</strong></span> <span class='ocrx_word' id='word_1_915' title='bbox 3083 5193 3416 5265; x_wconf 86' lang='lat' dir='ltr'><strong>proselytus,</strong></span> 
     </span>
    </p>
   </div>
   <div class='ocr_carea' id='block_1_114' title="bbox 1842 5285 3420 5367">
    <p class='ocr_par' dir='ltr' id='par_1_114' title="bbox 1842 5285 3420 5367">
     <span class='ocr_line' id='line_1_114' title="bbox 1842 5285 3420 5367; baseline -0.008 -15"><span class='ocrx_word' id='word_1_916' title='bbox 1842 5294 1982 5367; x_wconf 91' lang='lat' dir='ltr'><strong>quod</strong></span> <span class='ocrx_word' id='word_1_917' title='bbox 2011 5304 2127 5349; x_wconf 86' lang='lat' dir='ltr'><strong>erat</strong></span> <span class='ocrx_word' id='word_1_918' title='bbox 2151 5308 2215 5349; x_wconf 84' lang='lat' dir='ltr'><strong>ex</strong></span> <span class='ocrx_word' id='word_1_919' title='bbox 2244 5290 2615 5362; x_wconf 85' lang='lat' dir='ltr'><strong>probatissima</strong></span> <span class='ocrx_word' id='word_1_920' title='bbox 2649 5288 2818 5353; x_wconf 90' lang='lat' dir='ltr'><strong>tribu,</strong></span> <span class='ocrx_word' id='word_1_921' title='bbox 2851 5286 3099 5357; x_wconf 90' lang='lat' dir='ltr'><strong>quodque</strong></span> <span class='ocrx_word' id='word_1_922' title='bbox 3125 5285 3420 5356; x_wconf 90' lang='lat' dir='ltr'><strong>antiquitus</strong></span> 
     </span>
    </p>
   </div>
   <div class='ocr_carea' id='block_1_115' title="bbox 1844 5375 3422 5454">
    <p class='ocr_par' dir='ltr' id='par_1_115' title="bbox 1844 5375 3422 5454">
     <span class='ocr_line' id='line_1_115' title="bbox 1844 5375 3422 5454; baseline -0.01 -10"><span class='ocrx_word' id='word_1_923' title='bbox 1844 5388 1898 5445; x_wconf 93' lang='lat' dir='ltr'><strong>id</strong></span> <span class='ocrx_word' id='word_1_924' title='bbox 1934 5387 2157 5443; x_wconf 88' lang='lat' dir='ltr'><strong>haberet</strong></span> <span class='ocrx_word' id='word_1_925' title='bbox 2184 5400 2212 5439; x_wconf 90' lang='lat' dir='ltr'><strong>a</strong></span> <span class='ocrx_word' id='word_1_926' title='bbox 2244 5382 2569 5454; x_wconf 84' lang='lat' dir='ltr'><strong>majoribus,</strong></span> <span class='ocrx_word' id='word_1_927' title='bbox 2601 5396 2719 5451; x_wconf 66' lang='lat' dir='ltr'><strong>qum</strong></span> <span class='ocrx_word' id='word_1_928' title='bbox 2748 5378 2961 5450; x_wconf 90' lang='lat' dir='ltr'><strong>quidem</strong></span> <span class='ocrx_word' id='word_1_929' title='bbox 3003 5391 3112 5431; x_wconf 90' lang='lat' dir='ltr'><strong>non</strong></span> <span class='ocrx_word' id='word_1_930' title='bbox 3152 5376 3299 5431; x_wconf 88' lang='lat' dir='ltr'><strong>multi</strong></span> <span class='ocrx_word' id='word_1_931' title='bbox 3329 5375 3422 5430; x_wconf 83' lang='lat' dir='ltr'><strong>ha-</strong></span> 
     </span>
    </p>
   </div>
   <div class='ocr_carea' id='block_1_116' title="bbox 1845 5468 3527 5546">
    <p class='ocr_par' dir='ltr' id='par_1_116' title="bbox 1845 5468 3527 5546">
     <span class='ocr_line' id='line_1_116' title="bbox 1845 5468 3527 5546; baseline -0.01 -9"><span class='ocrx_word' id='word_1_932' title='bbox 1845 5481 2063 5537; x_wconf 89' lang='lat' dir='ltr'><strong>bebant.</strong></span> <span class='ocrx_word' id='word_1_933' title='bbox 2108 5478 2214 5535; x_wconf 89' lang='lat' dir='ltr'><strong>Sed</strong></span> <span class='ocrx_word' id='word_1_934' title='bbox 2259 5476 2509 5546; x_wconf 87' lang='lat' dir='ltr'><strong>quoniam</strong></span> <span class='ocrx_word' id='word_1_935' title='bbox 2556 5474 2671 5528; x_wconf 68' lang='lat' dir='ltr'><strong>haec</strong></span> <span class='ocrx_word' id='word_1_936' title='bbox 2708 5473 2885 5528; x_wconf 90' lang='lat' dir='ltr'><strong>omnia</strong></span> <span class='ocrx_word' id='word_1_937' title='bbox 2919 5470 2988 5525; x_wconf 90' lang='lat' dir='ltr'><strong>ab</strong></span> <span class='ocrx_word' id='word_1_938' title='bbox 3025 5468 3291 5525; x_wconf 80' lang='lat' dir='ltr'><strong>electione</strong></span> <span class='ocrx_word' id='word_1_939' title='bbox 3328 5484 3422 5523; x_wconf 91' lang='lat' dir='ltr'><strong>sua</strong></span> <span class='ocrx_word' id='word_1_940' title='bbox 3514 5510 3527 5523; x_wconf 85' lang='lat'><strong>.</strong></span> 
     </span>
    </p>
   </div>
   <div class='ocr_carea' id='block_1_117' title="bbox 1845 5557 3423 5641">
    <p class='ocr_par' dir='ltr' id='par_1_117' title="bbox 1845 5557 3423 5641">
     <span class='ocr_line' id='line_1_117' title="bbox 1845 5557 3423 5641; baseline -0.01 -13"><span class='ocrx_word' id='word_1_941' title='bbox 1845 5573 2065 5628; x_wconf 90' lang='lat' dir='ltr'><strong>minime</strong></span> <span class='ocrx_word' id='word_1_942' title='bbox 2108 5568 2345 5641; x_wconf 82' lang='lat' dir='ltr'><strong>profecta</strong></span> <span class='ocrx_word' id='word_1_943' title='bbox 2386 5568 2631 5633; x_wconf 70' lang='lat' dir='ltr'><strong>fuerant,</strong></span> <span class='ocrx_word' id='word_1_944' title='bbox 2663 5563 2869 5620; x_wconf 90' lang='lat' dir='ltr'><strong>accedit</strong></span> <span class='ocrx_word' id='word_1_945' title='bbox 2892 5562 2959 5618; x_wconf 89' lang='lat' dir='ltr'><strong>ad</strong></span> <span class='ocrx_word' id='word_1_946' title='bbox 3001 5577 3063 5618; x_wconf 89' lang='lat' dir='ltr'><strong>ea</strong></span> <span class='ocrx_word' id='word_1_947' title='bbox 3095 5576 3212 5631; x_wconf 63' lang='lat' dir='ltr'><strong>quae</strong></span> <span class='ocrx_word' id='word_1_948' title='bbox 3258 5557 3423 5629; x_wconf 87' lang='lat' dir='ltr'><strong>ipsius</strong></span> 
     </span>
    </p>
   </div>
   <div class='ocr_carea' id='block_1_118' title="bbox 1848 5650 3427 5725">
    <p class='ocr_par' dir='ltr' id='par_1_118' title="bbox 1848 5650 3427 5725">
     <span class='ocr_line' id='line_1_118' title="bbox 1848 5650 3427 5725; baseline -0.009 -6"><span class='ocrx_word' id='word_1_949' title='bbox 1848 5672 2008 5720; x_wconf 77' lang='lat' dir='ltr'><strong>sectze</strong></span> <span class='ocrx_word' id='word_1_950' title='bbox 2033 5669 2189 5725; x_wconf 88' lang='lat' dir='ltr'><strong>sunt,</strong></span> <span class='ocrx_word' id='word_1_951' title='bbox 2223 5658 2312 5713; x_wconf 90' lang='lat' dir='ltr'><strong>ubi</strong></span> <span class='ocrx_word' id='word_1_952' title='bbox 2339 5657 2513 5712; x_wconf 89' lang='lat' dir='ltr'><strong>elucet</strong></span> <span class='ocrx_word' id='word_1_953' title='bbox 2554 5653 2685 5710; x_wconf 91' lang='lat' dir='ltr'><strong>illud</strong></span> <span class='ocrx_word' id='word_1_954' title='bbox 2705 5696 2720 5721; x_wconf 87' lang='lat'><strong>,</strong></span> <span class='ocrx_word' id='word_1_955' title='bbox 2752 5652 2923 5725; x_wconf 79' lang='lat' dir='ltr'><strong>Magis</strong></span> <span class='ocrx_word' id='word_1_956' title='bbox 2965 5651 3238 5707; x_wconf 86' lang='lat' dir='ltr'><strong>secundum</strong></span> <span class='ocrx_word' id='word_1_957' title='bbox 3267 5650 3427 5720; x_wconf 83' lang='lat' dir='ltr'><strong>legem</strong></span> 
     </span>
    </p>
   </div>
   <div class='ocr_carea' id='block_1_119' title="bbox 1849 5740 3427 5817">
    <p class='ocr_par' dir='ltr' id='par_1_119' title="bbox 1849 5740 3427 5817">
     <span class='ocr_line' id='line_1_119' title="bbox 1849 5740 3427 5817; baseline -0.011 -6"><span class='ocrx_word' id='word_1_958' title='bbox 1849 5755 2172 5817; x_wconf 70' lang='lat' dir='ltr'><strong>Pharisaus,</strong></span> <span class='ocrx_word' id='word_1_959' title='bbox 2206 5750 2260 5807; x_wconf 86' lang='lat'><strong>6.</strong></span> <span class='ocrx_word' id='word_1_960' title='bbox 2287 5747 2562 5804; x_wconf 84' lang='lat' dir='ltr'><strong>secundum</strong></span> <span class='ocrx_word' id='word_1_961' title='bbox 2597 5746 2965 5802; x_wconf 69' lang='lat' dir='ltr'><strong>inmutationem</strong></span> <span class='ocrx_word' id='word_1_962' title='bbox 3001 5758 3296 5815; x_wconf 79' lang='lat' dir='ltr'><strong>persequens</strong></span> <span class='ocrx_word' id='word_1_963' title='bbox 3321 5740 3427 5794; x_wconf 77' lang='lat' dir='ltr'><strong>Ec-</strong></span> 
     </span>
    </p>
   </div>
   <div class='ocr_carea' id='block_1_120' title="bbox 1850 5827 3426 5912">
    <p class='ocr_par' dir='ltr' id='par_1_120' title="bbox 1850 5827 3426 5912">
     <span class='ocr_line' id='line_1_120' title="bbox 1850 5827 3426 5912; baseline -0.014 -10"><span class='ocrx_word' id='word_1_964' title='bbox 1850 5848 2076 5912; x_wconf 69' lang='lat' dir='ltr'><strong>clesiam.</strong></span> <span class='ocrx_word' id='word_1_965' title='bbox 2117 5843 2281 5901; x_wconf 82' lang='lat' dir='ltr'><strong>Addit</strong></span> <span class='ocrx_word' id='word_1_966' title='bbox 2318 5843 2450 5903; x_wconf 86' lang='lat' dir='ltr'><strong>hoc.</strong></span> <span class='ocrx_word' id='word_1_967' title='bbox 2488 5839 2741 5905; x_wconf 87' lang='lat' dir='ltr'><strong>quoniam</strong></span> <span class='ocrx_word' id='word_1_968' title='bbox 2783 5832 2915 5894; x_wconf 89' lang='lat' dir='ltr'><strong>illud</strong></span> <span class='ocrx_word' id='word_1_969' title='bbox 2945 5832 3117 5889; x_wconf 88' lang='lat' dir='ltr'><strong>solum</strong></span> <span class='ocrx_word' id='word_1_970' title='bbox 3151 5846 3256 5885; x_wconf 90' lang='lat' dir='ltr'><strong>non</strong></span> <span class='ocrx_word' id='word_1_971' title='bbox 3292 5827 3426 5884; x_wconf 89' lang='lat' dir='ltr'><strong>satis</strong></span> 
     </span>
    </p>
   </div>
  </div>
