3974 6578
597 427 705 483 959

589 554 709 601 erat
746 541 814 598 ad
851 536 1184 614 probandum
1226 536 1389 601 illud,
1422 535 1591 607 Magis
1613 551 1633 588 :
1662 549 1782 588 nam
1812 533 1937 588 licet
1978 528 2167 585 Phari-

593 650 763 692 sasum
805 640 965 687 etiam
993 645 1146 695 esse,
1189 643 1289 684 nec
1317 636 1497 683 tamen
1524 625 1827 682 vehementi
1872 623 1989 678 zelo
2014 620 2178 676 aflici.

596 722 890 781 Secundum
908 720 1187 791 justitiam.
1212 718 1355 774 Fieri
1370 718 1515 773 enim
1539 725 1717 787 potest
1733 724 1791 769 ut
1810 714 1929 784 quis
1948 709 2181 783 pericula

595 820 904 871 contemnat
929 827 999 867 ex
1032 810 1364 881 principatus
1384 821 1590 870 amore,
1618 815 1679 861 ut
1704 805 1972 876 principes
1997 816 2182 857 sacer-

595 905 781 960 dotum
810 901 1111 965 faciebant.
1141 915 1249 956 non
1276 908 1455 954 autem
1484 913 1548 954 ex
1579 898 1711 967 legis
1739 896 1935 951 studio.
1960 894 2057 949 ille
2085 907 2184 947 auo

598 1009 707 1051 tem
735 1012 841 1051 non
864 996 985 1050 talis
1010 1003 1156 1057 erat,
1196 991 1317 1059 sed,
1347 990 1641 1047 Secundum
1663 988 1947 1060 justitiam,
1982 984 2184 1055 inquit,

595 1103 709 1157 quia
740 1089 794 1141 in
823 1088 927 1157 lege
959 1096 1066 1152 est,
1096 1092 1417 1139 conuersatus
1452 1082 1561 1136 sine
1584 1079 1809 1151 querela.
1839 1079 2022 1147 Itaque
2050 1076 2094 1131 si
2134 1085 2190 1130 et

601 1178 895 1234 nobilitatis
924 1192 1055 1249 ergo
1088 1186 1144 1233 et
1175 1175 1335 1231 studii
1364 1174 1763 1243 alacritatisqne
1798 1182 1850 1226 et
1886 1183 2095 1223 murum
2136 1176 2192 1222 et.

604 1272 725 1326 vitae
750 1285 940 1325 omnes
969 1268 1355 1324 antecellebam
1376 1307 1394 1332 ,
1433 1280 1531 1320 cur
1558 1264 1813 1333 prazclara
1851 1260 1941 1316 illa
1967 1259 2191 1314 dimise-

605 1363 705 1416 rim
725 1403 740 1428 ,
776 1361 977 1431 inquit.
1009 1359 1112 1414 nisi
1140 1357 1282 1428 quod
1308 1372 1393 1422 ea,
1423 1371 1543 1426 qua:
1570 1353 1770 1410 Christi
1798 1361 1945 1418 sunt,
1970 1365 2192 1420 repere-

606 1454 705 1507 rim
746 1453 980 1520 majora,
1022 1466 1085 1505 ac
1111 1450 1270 1521 longe
1311 1447 1526 1518 quidem
1565 1444 1809 1516 majora?
1837 1442 2195 1511 Quamobrem

608 1541 813 1598 addidit
839 1561 853 1595 :
883 1542 937 1597 7.
963 1540 1070 1596 Sed
1088 1555 1201 1611 qua:
1225 1539 1350 1593 mihi
1372 1542 1578 1609 [uerunt
1604 1537 1771 1604 lucra,
1793 1535 1901 1590 [nec
1925 1534 2197 1587 arbitratus

610 1648 723 1688 sum
751 1643 959 1703 propter
980 1630 1234 1686 Christum
1263 1629 1582 1684 detrimenta.

679 1725 736 1779 3.
764 1722 921 1776 Amor
949 1721 1177 1793 pecunia:
1196 1720 1500 1791 ert-agitatur.
1522 1748 1592 1759 —
1608 1717 1802 1773 Paulus
1822 1716 2038 1787 quidem
2061 1714 2201 1769 hanc

609 1816 732 1871 vita:
776 1816 1041 1869 rationem
1083 1812 1220 1868 adeo
1259 1811 1578 1887 exquisitam
1614 1819 1669 1866 et
1705 1809 1773 1865 ab
1800 1810 2019 1863 ineunte
2045 1814 2202 1861 aetate

609 1916 933 1978 susceptam,
963 1915 1165 1961 tantam
1191 1904 1544 1967 nobilitatem,
1575 1912 1719 1957 tanta
1749 1901 2006 1970 pericula,
2029 1908 2203 1954 tantas

620 2000 867 2063 insidias,
903 1998 1153 2062 labores,
1180 1995 1357 2050 studia
1391 1994 1615 2065 projecit
1643 2008 1705 2049 ac
1729 1993 1921 2048 damna
1962 1992 2165 2061 putavit
2187 2030 2203 2054 ,

618 2106 742 2146 cum
769 2098 924 2144 antea
953 2089 1100 2143 lucra
1121 2095 1325 2153 essent,
1359 2094 1417 2140 ut
1440 2085 1712 2141 Christum
1741 2084 2076 2147 lucraretur;
2108 2095 2207 2135 nos

623 2199 753 2240 vero
780 2197 953 2254 neque
977 2180 1255 2252 pecuniam
1278 2178 1693 2241 contemnimus,
1724 2185 1783 2231 ut
1810 2175 2083 2232 Christum
2112 2174 2210 2229 lu-

623 2290 860 2340 cremur,
889 2273 982 2328 sed
1014 2272 1279 2327 malumus
1315 2269 1507 2337 futura:
1532 2269 1654 2323 vita:
1688 2267 1953 2337 jacturam
1990 2263 2168 2319 facere
2190 2302 2207 2330 ,

620 2382 777 2436 quam
807 2363 1149 2435 praesentium
1172 2376 1387 2417 rerum:
1415 2373 1735 2431 quamquam
1761 2357 1879 2411 hazc
1907 2354 2039 2411 nihil
2066 2353 2210 2409 aliud

621 2466 927 2526 suntquam
960 2453 1238 2507 damnum.
1270 2451 1416 2507 Cedo
1448 2452 1594 2507 enim
1631 2449 1901 2521 sigillatim
1945 2445 2213 2518 expenda-

624 2562 745 2602 mus
768 2561 853 2613 ea,
875 2560 993 2616 quae
1023 2544 1076 2600 in
1117 2543 1318 2599 divitiis
1345 2544 1525 2599 insunt
1550 2560 1562 2594 :
1595 2557 1775 2596 annon
1800 2541 2053 2596 damnum
2079 2553 2212 2594 cen-

623 2640 731 2696 seri
758 2638 888 2693 illud
914 2636 1101 2702 debet,
1133 2635 1276 2706 quod
1316 2635 1557 2690 laborem
1600 2635 1871 2705 ingentem
1901 2631 2062 2687 habet
2081 2671 2097 2695 ,
2129 2629 2214 2684 lu-

624 2745 774 2788 crum
797 2743 926 2785 vero
954 2727 1196 2783 nullum?
1223 2725 1360 2795 Quid
1386 2725 1552 2787 enim,
1584 2724 1671 2780 dic
1699 2724 1851 2789 mihi,
1881 2721 2124 2777 utilitatis
2143 2736 2214 2774 ex

628 2825 808 2880 multis
847 2837 911 2877 ac
948 2818 1199 2892 pretiosis
1233 2817 1513 2873 vestibus?
1539 2826 1699 2887 atque
1727 2816 1842 2870 istis
1881 2814 2050 2869 induti
2090 2812 2216 2883 quid

630 2917 764 2974 lucri
808 2914 1067 2971 facimus?
1108 2912 1249 2967 Nihil
1295 2911 1487 2981 plane,
1530 2908 1625 2964 sed
1662 2908 1914 2963 damnum
1944 2907 2221 2962 dumtaxat

566 3004 570 3011 ’
628 3014 988 3078 reportamus.
1036 3001 1356 3072 Quomodo?
1402 3002 1665 3070 Quoniam
1708 3010 1765 3055 et
1812 3014 2016 3070 panper
2060 2999 2219 3053 vilem

633 3102 919 3169 uitamque
946 3107 1155 3152 vestem
1180 3094 1360 3151 ferens
1387 3094 1440 3148 in
1464 3092 1712 3148 maximis
1732 3092 2021 3159 caloribus,
2053 3089 2222 3146 nihilo

631 3192 869 3250 deterius
897 3193 999 3246 fert
1024 3197 1213 3245 aestum
1244 3202 1405 3258 quam
1443 3194 1535 3247 tu;
1573 3184 1814 3256 quinimo
1855 3183 1945 3240 ille
1971 3183 2217 3239 facilius:

634 3284 761 3337 trita
786 3281 928 3336 enim
954 3287 1010 3335 et
1033 3279 1185 3334 unica
1209 3277 1416 3332 facilius
1439 3275 1567 3330 sinit
1592 3273 1883 3345 respirare,
1908 3289 1972 3329 ac
1991 3273 2223 3329 recreari

632 3386 899 3443 corpora;
944 3385 1065 3442 qua:
1105 3378 1284 3424 autem
1314 3382 1504 3423 recens
1536 3365 1777 3423 confecta
1816 3376 1929 3431 est,
1973 3365 2137 3421 etiam
2177 3364 2224 3418 si

636 3481 953 3523 aranearum
981 3465 1104 3519 telis
1132 3462 1360 3527 tenuior,
1390 3476 1496 3515 non
1527 3460 1678 3515 item.
1709 3459 1786 3514 Ac
1817 3467 1872 3513 tu
1893 3458 2105 3530 quidem
2140 3456 2223 3511 ni-

639 3562 749 3616 mio
778 3559 948 3615 elatus
991 3559 1130 3613 fastu
1153 3597 1169 3624 ,
1200 3565 1253 3611 et
1279 3555 1433 3610 binas
1469 3563 1758 3624 ternasque
1794 3554 2035 3618 tunicas,
2081 3565 2226 3621 szepe

634 3666 767 3706 vero
788 3658 843 3705 et
863 3648 1150 3704 amiculum
1178 3656 1234 3702 et
1262 3660 1452 3700 zonam
1482 3652 1539 3701 et
1564 3642 1888 3714 subligacula
1914 3642 2081 3697 habes
2105 3659 2118 3696 :
2153 3642 2225 3696 illi

635 3760 767 3800 vero
797 3756 956 3798 nemo
979 3739 1191 3796 crimini
1231 3738 1352 3806 dat,
1392 3738 1535 3809 quod
1578 3738 1730 3792 unica
1771 3746 1981 3807 tegatur
2008 3736 2184 3792 tunica
2208 3776 2224 3802 ,

639 3836 871 3904 hincque
900 3832 1110 3887 facilius
1152 3829 1261 3885 fert
1295 3840 1507 3885 aestum.
1535 3828 1603 3884 Et
1640 3828 1761 3884 ideo
1790 3827 1983 3883 divites
2010 3826 2226 3896 quidem

638 3926 880 3981 videmus
920 3923 1197 3977 madentes
1238 3921 1469 3987 sudore,
1512 3935 1775 3991 pauperes
1814 3935 1947 3975 vero
1985 3920 2224 3976 minime.

639 4015 864 4085 Quando
905 4014 1065 4083 igitur
1104 4012 1309 4067 homini
1356 4011 1605 4066 eumdem
1640 4012 1723 4067 vel
1767 4012 1931 4066 etiam
1965 4011 2228 4082 potiorem

640 4122 795 4162 nsum
821 4106 1063 4175 praebent
1084 4104 1402 4158 vestimenta
1431 4103 1581 4167 vilia,
1609 4112 1665 4157 et
1688 4102 1839 4159 nullo
1865 4118 2032 4173 prope
2058 4104 2232 4173 pretio

643 4207 860 4268 empta;
892 4195 982 4251 illa
1009 4210 1139 4251 vero
1158 4235 1175 4260 ,
1208 4198 1262 4249 in
1290 4195 1483 4265 quibus
1514 4195 1820 4251 necessario
1846 4195 2070 4251 multum
2114 4197 2230 4252 auri

641 4289 1024 4347 effundendum
1054 4287 1172 4351 fuit,
1194 4287 1326 4342 nihil
1350 4288 1465 4359 plus
1487 4284 1758 4343 efﬁciunt:
1782 4302 1960 4344 nonne
1978 4288 2231 4345 damnum

644 4390 728 4438 est
749 4381 997 4436 nimirum
1021 4378 1149 4434 illud
1175 4394 1239 4434 ac
1264 4380 1761 4451 supervacaneum?
1784 4379 1927 4435 Nihil
1949 4381 2091 4436 enim
2115 4382 2234 4452 plus

646 4473 905 4535 afferunt.
937 4472 1081 4543 quod
1121 4471 1187 4527 ad
1215 4486 1369 4527 usum
1398 4482 1450 4528 et
1476 4474 1820 4528 commodum
1845 4474 2108 4545 pertinet;
2137 4474 2233 4531 sed
2300 4462 2309 4493 7‘

646 4567 769 4637 plus
787 4567 903 4620 auri
925 4565 1153 4620 effusum
1176 4564 1269 4621 tibi
1287 4573 1392 4631 est,
1414 4564 1662 4621 eumdem
1690 4581 1819 4622 vero
1838 4581 1993 4623 usum
2012 4576 2067 4623 et
2086 4583 2235 4623 eom-

650 4656 961 4712 inoditatem
990 4656 1151 4711 habet
1178 4674 1192 4711 :
1225 4665 1277 4710 tu
1305 4655 1522 4726 quidem
1549 4655 1699 4712 dives
1724 4666 1961 4723 centum,
1987 4666 2079 4713 aut
2097 4658 2234 4716 forte

648 4748 811 4803 etiam
832 4747 1073 4818 pluribus
1094 4746 1271 4802 aureis
1286 4747 1494 4813 emisti;
1527 4762 1728 4817 panper
1747 4764 1876 4804 vero
1896 4750 2127 4820 pauculo
2141 4766 2231 4805 ar-

651 4849 834 4908 gento.
870 4838 1029 4894 Vides
1064 4838 1354 4893 damnum?
1383 4838 1488 4895 Sed
1535 4838 1704 4896 fastus
1733 4840 1920 4897 videre
1950 4857 2057 4896 non
2086 4844 2232 4898 sinit.

652 4929 819 4987 Visne
857 4932 970 4985 auri
1007 4930 1201 4995 etiam,
1241 4929 1382 5001 quod
1421 4940 1477 4986 et
1503 4933 1655 5002 equis
1695 4941 1750 4987 et
1788 4934 2100 4989 mulieribus
2132 4934 2237 4989 cir-

652 5022 941 5088 cumdant,
975 5024 1233 5077 rationem
1264 5023 1663 5079 subducamus?
1693 5024 1774 5080 Ad
1799 5025 1900 5080 alia
1928 5028 2068 5082 enim
2098 5027 2236 5082 mala

656 5116 761 5171 hoc
782 5114 942 5170 etiam
970 5112 1196 5177 accedit,
1227 5113 1370 5183 quod
1392 5114 1595 5170 divitia:
1619 5127 1861 5171 amentes
1887 5117 2101 5173 faciant.
2129 5119 2235 5173 Eo-

657 5207 779 5263 dem
808 5206 950 5261 enim
996 5204 1200 5259 honore
1240 5213 1294 5260 et
1323 5206 1580 5263 mulieres
1623 5216 1679 5262 et
1714 5222 1882 5278 equos
1910 5208 2234 5280 dignantur:

657 5314 797 5355 unus
816 5305 900 5354 est
925 5308 1268 5369 utrorumque
1290 5310 1543 5366 ornatus;
1576 5310 1739 5371 atque
1763 5318 1829 5357 ex
1858 5300 2045 5357 iisdem
2077 5302 2237 5358 rebus

655 5390 843 5445 volunt
882 5389 1136 5444 mulieres
1176 5389 1567 5457 splendidiores
1609 5406 1900 5461 apparere,
1942 5408 2009 5448 ex
2046 5394 2239 5464 quibus

656 5492 713 5537 ut
734 5479 1010 5547 vehicula,
1050 5494 1120 5536 ex
1147 5481 1342 5551 quibus
1366 5491 1420 5537 et
1447 5483 1614 5553 pelles
1644 5484 1968 5539 cortinarum
1990 5526 2004 5550 ,
2040 5487 2090 5540 in
2121 5486 2239 5557 qui-

656 5576 757 5630 bus
781 5572 1067 5630 vehuntur.

726 5665 916 5723 Contra
940 5668 1139 5722 luxum.
1180 5666 1400 5722 ﬁdium
1429 5680 1656 5725 omanis.
1683 5700 1754 5711 —
1782 5671 1877 5727 Dic
1906 5672 2036 5727 mihi
2055 5716 2070 5740 ,
2108 5675 2235 5746 quid

662 5758 797 5814 lucri
822 5768 928 5827 est,
951 5760 1159 5815 mulum
1173 5762 1255 5816 vel
1276 5776 1470 5831 equum
1496 5778 1626 5819 auro
1646 5766 1879 5821 ornare?
1898 5768 2089 5823 mulier
2113 5784 2239 5825 vero

666 5858 808 5906 tanta
834 5852 952 5908 auri
973 5851 1313 5925 lapidumque
1334 5856 1474 5912 mole
1495 5857 1841 5929 circumdata,
1861 5860 1987 5931 quid
2009 5865 2238 5934 amplius

1310 422 1365 479 S.
1408 419 1683 477 JOANNIS
1719 413 2190 475 CHRYSOS'I‘OMI
2233 410 2547 469 ARCHIEP.
2588 410 3120 471 CONSTANTINOP.
3757 428 3829 483 ξω

2290 527 2496 583 habet?
2525 528 2597 583 At
2621 529 2765 583 enim
2810 543 3001 594 aurea,
3045 527 3272 599 inquit,
3324 542 3437 583 non
3480 542 3825 597 consumuntus.
3920 512 3921 517 η

2285 613 2537 679 Quinimo
2562 622 2617 667 et
2646 612 2749 666 hoc
2776 612 2883 667 illis
2910 613 3157 668 accidere
3202 612 3508 678 afﬁrmant,
3534 618 3619 684 qui
3642 618 3724 672 ista
3746 626 3823 676 ού-
3920 662 3921 677 η

2287 704 2400 759 lent
2421 747 2436 771 ,
2465 704 2609 775 quod
2637 705 2689 759 in
2718 705 2923 759 balneis
2962 714 3017 760 et
3039 705 3172 759 alibi
3204 719 3361 775 saepe
3385 717 3442 760 et
3470 706 3663 775 lapides
3694 722 3823 769 etau-

2288 814 2380 853 rea
2424 798 2648 852 multum
2677 796 2745 852 de
2774 797 2949 868 pretio
2979 797 3219 867 perdunt
3246 814 3261 852 :
3298 812 3491 852 verum
3525 800 3591 854 sit
3614 801 3677 855 ita
3698 818 3824 873 sane,

2292 897 2347 943 ut
2376 889 2456 943 vis
2476 928 2491 953 ,
2522 886 2765 958 nihilque
2804 887 3102 952 laedantur;
3131 886 3281 943 cedo
3325 888 3460 957 quid
3488 888 3657 943 lucri?
3691 895 3826 960 Quid?

2292 995 2415 1034 cum
2458 979 2757 1036 exciderint
2802 994 2868 1035 ac
2916 980 3215 1049 perierint,
3250 994 3441 1034 annon
3485 981 3713 1040 damnum
3735 992 3833 1042 est?

2292 1070 2431 1138 Quid
2460 1085 2589 1127 vero
2606 1111 2623 1137 ,
2650 1085 2775 1127 cum
2802 1071 3056 1126 invidiam
3078 1082 3253 1141 atque
3283 1071 3515 1126 insidias
3543 1073 3592 1127 in
3617 1090 3671 1131 se
3691 1082 3827 1134 conei-
3892 1060 3895 1067 ’

2296 1166 2495 1231 tarint,
2526 1178 2707 1225 nonne
2750 1163 3049 1219 damnum?
3093 1164 3237 1219 Nam
3288 1165 3702 1236 quandoquidem
3736 1172 3829 1227 nihil

2296 1266 2523 1328 prosunt
2570 1256 2914 1312 circumdatae
2950 1256 3200 1322 mulieri,
3236 1255 3581 1313 inflammant
3608 1262 3829 1316 seruiun-

2297 1349 2488 1404 dorum
2536 1348 2722 1403 oculos
2761 1356 2817 1403 et
2858 1348 3093 1402 latrones
3139 1347 3326 1419 magis
3381 1348 3612 1404 excitant
3651 1368 3664 1404 :
3700 1367 3828 1409 nonne

2298 1441 2551 1497 damnum
2597 1440 2866 1494 afferunt?
2904 1440 3045 1508 Quid
3070 1456 3211 1496 vero
3238 1481 3254 1506 ,
3290 1440 3383 1495 dic
3423 1440 3589 1507 mihi,
3618 1457 3721 1497 cum
3740 1445 3829 1499 lice-
3920 1452 3921 1497 ξ

2301 1544 2388 1589 ret
2416 1534 2532 1588 viro
2553 1532 2638 1587 his
2667 1532 2740 1587 uti
2771 1531 2838 1586 ad
2869 1532 3137 1602 negotium
3164 1547 3373 1602 magno
3397 1548 3519 1587 cum
3540 1535 3828 1591 emolumento
3920 1532 3921 1577 ἒ

2302 1628 2597 1697 gerendum
2619 1668 2635 1690 ,
2665 1641 2764 1681 nec
2794 1636 2972 1681 tamen
2998 1634 3177 1696 potest
3210 1626 3287 1681 ob
3310 1636 3633 1695 sumptuose
3652 1628 3828 1684 mulieris

2304 1720 2487 1776 luxum
2513 1761 2530 1787 ,
2561 1720 2877 1790 cogiturque
2916 1719 3029 1789 ipse
3049 1734 3172 1773 cum
3208 1717 3359 1773 fame
3383 1717 3667 1772 eoiiflictari
3684 1760 3698 1785 ,
3723 1728 3763 1774 et
3789 1721 3826 1773 in
3920 1712 3921 1739 ἰ

2304 1828 2545 1868 summas
2585 1811 2779 1867 adduci
2803 1811 3081 1882 angustias
3102 1852 3118 1877 ,
3152 1810 3309 1865 illam
3338 1824 3472 1864 vero
3501 1820 3718 1879 spectare
3735 1826 3827 1866 auro
3920 1876 3921 1881 η

2307 1916 2591 1962 onustam:
2625 1920 2806 1960 nonne
2844 1903 2947 1959 hoc
2982 1903 3243 1958 damnum
3275 1902 3400 1959 est?
3436 1901 3697 1973 Propterea
3725 1904 3824 1958 enim

2309 1997 2549 2067 pecunia:
2576 1996 2733 2052 dictae
2762 2005 2888 2051 sunt
2912 2008 3160 2067 χρήματα,
3192 1994 3250 2050 id
3280 2004 3370 2050 est
3390 1995 3543 2049 utilia
3562 2033 3577 2058 ,
3603 2011 3694 2049 non
3714 2006 3755 2048 ut
3774 1995 3827 2063 ip-

2313 2092 2388 2145 sis
2413 2090 2492 2145 sic
2514 2105 2611 2143 nos
2639 2097 2873 2155 utamur,
2899 2087 3365 2159 quemadmodum
3391 2096 3605 2142 utuntur
3619 2086 3825 2142 aurificun

2316 2181 2582 2249 protheca:
2602 2222 2618 2246 ,
2646 2180 2741 2236 sed
2771 2189 2831 2236 ut
2853 2195 2921 2236 ex
2962 2181 3067 2235 illis
3095 2180 3318 2235 honesti
3348 2179 3615 2250 quidpiam
3651 2193 3825 2248 agamus.
3920 2186 3921 2250 ᾖ

2314 2274 2540 2342 Quando
2582 2272 2742 2343 igitur
2769 2272 2887 2327 auri
2937 2272 3205 2342 cupiditas
3257 2270 3313 2325 id
3364 2270 3581 2325 minime
3604 2268 3824 2339 permittit,

2316 2381 2494 2421 annon
2533 2380 2621 2421 res
2648 2374 2755 2419 tota
2793 2364 3050 2420 damnum
3079 2364 3203 2420 est?
3250 2363 3391 2419 Nam
3419 2363 3509 2434 qui
3539 2363 3655 2433 ipsis
3676 2362 3735 2416 uti
3755 2377 3827 2415 non

2317 2459 2515 2527 audet,
2560 2458 2784 2530 perinde
2812 2472 2876 2513 ac
2918 2458 2965 2512 si
2993 2459 3165 2513 aliena
3194 2468 3388 2513 essent
3408 2498 3424 2525 ,
3454 2457 3525 2511 ita
3560 2471 3655 2511 non
3679 2456 3823 2519 utitur;

2319 2553 2531 2609 sublato
2582 2562 2760 2608 autem
2812 2566 2911 2607 usu
2956 2551 3068 2622 jam
3109 2566 3219 2605 non
3265 2558 3399 2607 sunt
3444 2548 3829 2620 χρήματα.ἱ‹1εει

2320 2643 2495 2699 utilia.
2527 2642 2665 2712 Quid
2712 2658 2841 2698 vero
2865 2683 2880 2707 ,
2920 2658 3041 2697 cum
3080 2642 3228 2697 mdes
3271 2640 3578 2713 splendidas
3601 2648 3649 2694 et
3669 2652 3825 2709 magnas

2320 2736 2651 2794 aediﬁcamus
2673 2778 2689 2803 ,
2716 2737 2967 2807 ipsasque
3008 2746 3064 2792 et
3090 2737 3365 2792 columnis
3390 2746 3445 2791 et
3472 2734 3772 2790 marmoribus
3790 2741 3826 2785 et

2322 2830 2619 2902 porticibus
2682 2837 2739 2885 ct
2787 2830 3270 2897 ambulationibus,
3337 2828 3607 2899 modisque
3650 2824 3825 2880 omnibus

2323 2937 2685 2989 exornamus,
2735 2922 2879 2991 idola
2936 2921 3135 2991 ubique
3188 2932 3248 2976 ct
3293 2930 3499 2975 statuas
3544 2914 3823 2974 eollucantesl

2322 3014 2473 3070 Multi
2520 3013 2736 3084 quidem
2777 2990 2845 3068 ex
2888 3012 2974 3068 bis
3018 2990 3179 3069 etiam
3226 3011 3510 3067 daemonas
3555 3004 3823 3071 vocant;sed

2327 3107 2639 3161 omittamus
2668 3120 2809 3160 nunc
2850 3105 3009 3159 istud.
3040 3105 3177 3171 Quid
3207 3104 3314 3160 sibi
3358 3104 3473 3177 vult
3492 3110 3544 3155 et
3580 3107 3824 3155 tecumu-

2326 3200 2520 3256 reum?
2568 3214 2749 3255 nonne
2791 3198 3025 3254 eundem
3056 3213 3208 3253 usum
3240 3213 3339 3252 sua
3367 3196 3444 3251 illi
3470 3195 3645 3249 domus
3666 3188 3821 3261 prebet.

2327 3291 2418 3363 qui
2439 3291 2541 3347 sibi
2570 3300 2749 3361 aptam
2777 3304 2840 3345 ac
2870 3289 3134 3345 modicam
3163 3290 3364 3345 habet?
3384 3290 3455 3345 At
3480 3287 3657 3349 habet,
3675 3280 3821 3351 inquit,

2328 3398 2572 3454 magnam
2594 3380 3023 3438 delectationem.
3045 3381 3186 3437 Sane
3204 3397 3374 3436 unum
3390 3388 3482 3435 aut
3498 3380 3696 3433 alterum
3713 3374 3821 3431 diem.

2329 3474 2532 3530 exinde
2560 3489 2688 3529 vero
2717 3474 2963 3529 minime.
2990 3471 3121 3528 Nam
3151 3474 3197 3528 si
3225 3475 3401 3530 solem
3430 3473 3593 3542 ipsum
3618 3483 3706 3523 non
3721 3462 3823 3517 valde

2329 3566 2661 3622 admiramur
2698 3605 2715 3632 ,
2772 3566 2914 3636 quod
2969 3567 3017 3621 ei
3070 3566 3305 3622 videndo
3350 3563 3688 3623 assuevimus,
3728 3563 3825 3609 certe

2330 3658 2502 3713 multo
2523 3658 2699 3713 minus
2728 3673 2891 3727 opera
2936 3658 3066 3713 artis
3091 3675 3106 3723 ;
3137 3658 3236 3713 sed
3279 3658 3447 3713 nihilo
3488 3653 3638 3724 magis
3657 3644 3822 3719 quamsi

2330 3749 2471 3805 lutea
2515 3760 2729 3815 essent,
2760 3749 3107 3806 attendimus.
3139 3750 3281 3819 Quid
3320 3750 3491 3813 enim,
3531 3745 3609 3802 die
3631 3734 3825 3802 mihi,“

2331 3842 2703 3898 aediﬁcationis
2725 3841 3158 3897 commoditatem
3186 3840 3474 3897 multitudo
3497 3837 3820 3893 columnarum.

2334 3943 2390 3990 et
2417 3934 2692 4005 signorum
2718 3933 3088 4005 pulchritudo,
3120 3943 3177 3989 et
3201 3949 3392 3989 aurum
3423 3931 3578 3987 muris
3602 3928 3823 3993 inspersu!"

2334 4025 2582 4081 confert?
2633 4025 2775 4081 Nihil
2798 4067 2815 4093 ,
2843 4025 2939 4082 sed
2983 4027 3166 4082 omnia
3198 4027 3357 4082 luxus
3377 4065 3393 4091 ,
3424 4019 3724 4095 petulantiae,
3745 4011 3819 4065 cli:

2336 4116 2498 4172 tionis
2521 4117 2701 4173 nimia:
2721 4157 2737 4184 ,
2767 4133 2831 4173 ac
2850 4117 3135 4174 dementia:
3159 4129 3305 4173 sunt.
3336 4117 3535 4186 Ubique
3572 4110 3689 4167 enim
3710 4102 3822 4160 rebus

2336 4208 2691 4276 necessariis,
2748 4208 3048 4281 quibusque
3094 4218 3342 4278 utamur,
3373 4206 3537 4265 danda
3573 4214 3705 4273 opera
3739 4201 3818 4255 est.

2337 4316 2445 4356 non
2491 4301 2786 4356 inutilibus.

2406 4393 2463 4449 4.
2504 4392 2666 4448 Vides
2710 4408 2824 4448 rem
2870 4393 3027 4449 istam
3060 4392 3314 4450 damnum
3342 4390 3501 4450 esse?
3526 4386 3654 4443 vides
3686 4390 3817 4447 ευριπ·

2336 4501 2622 4543 vacaneam
2644 4496 2697 4542 et
2718 4487 2956 4543 inutilem
2979 4489 3003 4540 ?
3025 4487 3156 4543 Nam
3180 4489 3225 4543 si
3249 4503 3421 4559 neque
3442 4483 3666 4553 majorem
3685 4483 3816 4534 usum:

2338 4594 2512 4649 neque
2557 4578 2968 4635 delectationem
3016 4580 3173 4635 affert
3222 4579 3558 4651 (procedente
3583 4570 3697 4627 enim
3723 4574 3813 4617 tem'

2340 4685 2468 4739 pore
2493 4673 2787 4726 satietatem
2817 4670 2973 4741 parit)
2999 4689 3012 4725 :
3040 4671 3171 4726 nihil
3193 4673 3336 4727 aliud
3362 4680 3441 4727 est
3458 4709 3473 4735 ,
3504 4665 3592 4722 nisi
3614 4662 3813 4716 damnum.

2338 4761 2445 4815 Sed
2475 4761 2693 4816 obstans
2729 4762 2897 4817 inanis
2924 4763 3108 4833 gloriae
3160 4765 3396 4819 studium
3425 4761 3570 4823 facit,
3599 4767 3655 4807 ne
3692 4746 3815 4801 ridea-

2339 4867 2478 4906 mus.
2510 4851 2585 4905 lta
2612 4851 2806 4907 Paulus
2835 4854 3050 4924 quidem
3072 4871 3191 4925 qua:
3219 4856 3364 4911 lucra
3390 4866 3503 4909 esse
3529 4841 3814 4902 arbitrabatur.

2341 4960 2404 4999 ea
2435 4945 2651 5015 reliquit
2677 4964 2692 5001 :
2726 4962 2824 5002 nos
2853 4963 2980 5002 vero
3009 4965 3184 5020 neque
3226 4966 3289 5006 ea
3311 4993 3324 5013 ,
3356 4963 3470 5020 quae
3519 4944 3679 4998 damna
3702 4934 3813 5020 sunt.

2341 5054 2440 5109 pro
2484 5039 2698 5094 Christo
2744 5016 3146 5111 relinquemus?
3175 5016 3455 5113 Quousque
3498 5033 3678 5092 tandem
3712 5016 3813 5075 humi

2341 5131 2502 5187 deﬁxi
2535 5131 2899 5187 haerebimus?
2928 5150 3209 5206 quousque
3238 5137 3304 5190 ad
3335 5135 3516 5191 caelum
3546 5140 3635 5179 non
3661 5120 3812 5185 ήκειν

2340 5223 2556 5279 bimus?
2583 5223 2699 5280 Non
2728 5225 2917 5281 videtis
2942 5242 3100 5282 senes
3124 5270 3140 5295 ,
3164 5244 3321 5299 quam
3343 5228 3529 5284 nullum
3550 5225 3695 5275 rerum
3715 5215 3810 5276 Ρη·

2344 5316 2620 5372 teritarum
2663 5331 2877 5373 sensum
2908 5320 3148 5375 habent?
3192 5338 3297 5377 non
3342 5319 3519 5377 videtis
3559 5307 3810 5396 morientes,

2343 5423 2464 5463 cum
2511 5424 2701 5477 senes,
2744 5420 2854 5466 tum
2880 5412 3151 5482 juvenes?
3200 5431 3304 5469 non
3333 5412 3510 5470 videtis
3549 5419 3655 5467 eos,
3688 5391 3809 5463 quiin

2341 5501 2451 5557 Vi“
2474 5504 2589 5573 iPsa
2618 5504 2730 5560 suis
2758 5506 2919 5577 rebus
2943 5508 3154 5576 spoliati
3199 5510 3364 5564 sunt?
3388 5508 3488 5563 Cur
3526 5500 3659 5556 rebus
3693 5488 3811 5542 insta-

2344 5594 2539 5652 bilibns
2563 5595 2871 5651 inhiamus?
2894 5614 2991 5653 cur
3019 5600 3243 5655 infirmis
3291 5593 3587 5671 alligamur?
3608 5585 3808 5656 ίιυου⁸¹1¹¹θ

2345 5702 2452 5741 non
2484 5702 2867 5758 persequemur
2911 5705 3190 5750 manentes
3218 5710 3281 5751 ac
3320 5686 3561 5751 stabiles?
3597 5674 3703 5748 Quid
3736 5682 3807 5722 n0"

2344 5778 2536 5833 darem
2564 5794 2753 5845 Senes.
2781 5798 2887 5851 Quo
2914 5784 3099 5843 liceret
3126 5788 3391 5860 deponere
3432 5763 3733 5842 senectutem?
3764 5757 3807 5860 ill

2346 5878 2523 5928 tamen
2563 5887 2681 5945 qua:
2710 5872 2895 5933 isthmc
2939 5851 3211 5937 dementia
3244 5896 3324 5940 est
3366 5880 3425 5938 ad
3456 5870 3680 5939 pristinam
3717 5851 3807 5907 tulit?
