3974 6508
192 405 305 467 2'59

206 518 378 573 Ἀλλ’
407 516 584 572 ἅτινα
608 509 687 587 ἦν
706 534 808 587 μοι
846 515 1046 585 κέρδη,
1075 515 1263 572 ταῦτα
1304 515 1527 587 ἥγημαι
1554 513 1653 568 διὰ
1674 511 1781 567 τὸν

193 610 462 679 Χριστὸν
495 607 726 679 ζημίαν.

263 818 335 885 γ’.
344 813 559 873 Παῦλος
576 814 674 884 μὲν
685 814 957 868 πολιτείαν
970 814 1141 879 οὕτως
1156 815 1629 887 ὴκριόωμένην,ἐκ
1644 811 1786 888 πρώ-

189 922 296 974 της
325 906 541 976 ἡλικίας
564 904 897 976 ἀρξαμένην,
932 906 1199 978 τοσαύτην
1247 907 1548 976 εὐγένειαν,
1592 908 1782 962 τοσού-

189 1013 323 1059 τους
346 995 645 1061 κινδύνους,
669 996 936 1059 τοσαύτας
971 997 1286 1062 ἐπιϐουλὰς,
1319 998 1534 1062 πόνους,
1549 998 1783 1069 σπουδὴν
1838 1048 1845 1059 ,

188 1087 412 1157 ἔρριψε,
440 1088 537 1140 καὶ
558 1087 762 1158 ζημίαν
819 1090 1085 1159 ἡγήσατο,
1123 1089 1386 1160 πρότερον
1416 1090 1546 1142 ὄντα
1593 1089 1779 1159 κέρδη,

188 1180 283 1231 ἵνα
307 1178 542 1250 Χριστὸν
567 1177 821 1250 κερδήσῃ·
862 1180 1020 1250 ἡμεῖς
1050 1181 1106 1234 δὲ
1129 1181 1247 1234 οὐδὲ
1288 1183 1583 1252 χρημάτων
1613 1197 1782 1235 κατα-

187 1268 544 1340 φρονοῦμεν,
598 1270 686 1323 ἶνα
750 1270 986 1341 Χριστὸν
1020 1272 1394 1342 κερδήσωμεν,
1446 1271 1560 1325 ἀλλ’
1592 1272 1780 1341 αἱρού-

190 1360 341 1429 μεθα
384 1361 585 1432 μᾶλλον
621 1363 875 1416 ἐκπεσεῖν
923 1364 1020 1434 τῆς
1060 1364 1357 1434 μελλούσης
1401 1364 1568 1433 ζωῆς,
1608 1363 1782 1435 ἡτῶν

185 1452 487 1522 παρόντων
523 1452 885 1524 πραγμάτων·
930 1454 1105 1507 καίτοι
1162 1471 1225 1523 γε
1252 1454 1404 1507 οὐδὲν
1456 1454 1584 1508 ἄλλο
1625 1454 1783 1508 τοῦτό

183 1549 366 1613 ἐστιν,
419 1548 453 1619 ἡ
487 1546 679 1618 ζημία.
717 1547 852 1600 Εἰπὲ
880 1549 989 1620 γάρ
1023 1567 1136 1619 μοι,
1186 1549 1307 1602 καθ’
1339 1550 1569 1604 ἕκαστον
1591 1551 1779 1616 ἐξετά-

187 1656 381 1710 σωμεν
412 1640 520 1693 τῶν
540 1638 634 1693 τοῦ
667 1640 896 1694 πλούτου
927 1642 1287 1713 πραγμάτων,
1314 1644 1362 1695 εί
1395 1645 1470 1713 μὴ
1501 1642 1671 1713 ζημία
1696 1644 1781 1708 τίς

184 1734 333 1794 ἐστι,
364 1732 525 1785 πόνον
567 1733 665 1802 μὲν
686 1734 893 1801 ἄφατον
931 1733 1149 1803 ἔχουσα,
1196 1735 1384 1805 κέρδος
1438 1735 1493 1787 δὲ
1515 1736 1686 1789 οὐδέν.
1714 1736 1780 1791 Τί

182 1823 326 1894 γὰρ,
353 1822 477 1876 εἰπέ
507 1822 682 1895 μοι,τὸ
705 1823 894 1891 ὄφελος
918 1823 1024 1876 ἀπὸ
1051 1823 1162 1877 τῶν
1187 1823 1397 1877 πολλῶν
1410 1824 1519 1877 τῶν
1546 1824 1780 1894 ἱματίων

183 1917 290 1969 καὶ
326 1914 669 1979 πολυτελῶν;
696 1913 749 1967 τί
795 1913 1156 1985 καρπούμεθα
1198 1914 1408 1985 κέρδος,
1471 1915 1601 1968 ὅταν
1641 1915 1781 1970 αὐτὰ

182 2002 344 2077 ῶμεν
379 2005 793 2076 περικείμενοι;
853 2003 1040 2071 Οὐδὲν,
1073 2005 1188 2059 ἀλλ’
1217 2005 1250 2075 ἧ
1306 2004 1649 2076 ζημιούμεθα
1681 2006 1781 2076 μό-

182 2116 298 2152 νον.
330 2097 499 2163 Πῶς;
534 2097 657 2150 Ὀτι
677 2097 768 2149 καὶ
793 2099 821 2149 6
850 2097 1018 2167 πένης
1048 2096 1260 2160 εὐτελὲς
1292 2097 1386 2151 καὶ
1418 2096 1782 2169 ἐκτετριμμέ-

184 2208 281 2242 νον
306 2189 515 2259 φορῶν,
544 2189 604 2240 ἐν
642 2187 720 2257 τῷ
744 2186 937 2241 θάλπει
970 2186 1122 2239 οὐδὲν
1168 2185 1262 2239 σοῦ
1295 2190 1475 2258 χεῖρον
1515 2188 1668 2258 φέρει
1718 2187 1781 2240 τὸ

182 2280 406 2351 καῦμα·
446 2279 647 2350 μᾶλλον
683 2279 740 2332 δὲ
790 2280 995 2341 ἐκεῖνος
1019 2277 1406 2349 εὐκολώτερον
1439 2279 1508 2333 τὰ
1536 2280 1644 2350 γάρ
1684 2280 1778 2332 ὲκ-

184 2371 535 2442 τετριμμένα
567 2368 677 2423 τῶν
702 2368 931 2439 ἱματίων
968 2368 1062 2421 καὶ
1086 2368 1223 2439 μόνα
1243 2371 1619 2440 περικείμενα,
1644 2370 1780 2440 μᾶλ-

182 2462 278 2514 λον
308 2461 501 2531 ἀνίησι
544 2459 606 2513 τὺ
659 2458 837 2529 σῶμαο
877 2459 945 2512 τά
995 2458 1054 2511 δὲ
1102 2458 1629 2531 νεοκατασκεύαστα,
1674 2458 1779 2512 κᾶν

180 2529 443 2624 ἀράχνὴς
463 2546 832 2623 ᾖλεπτότερα,
857 2549 955 2620 οὐχ
982 2549 1202 2619 ὁμοίως.
1232 2550 1342 2602 Καὶ
1368 2529 1431 2603 σὺ
1457 2550 1554 2621 μὲν
1578 2549 1667 2602 διὰ
1688 2549 1778 2602 τὸν

191 2645 374 2713 τῦφον
414 2642 509 2695 τὸν
535 2639 788 2712 περιττὸν
814 2640 906 2693 καὶ
942 2640 1294 2710 χιτωνίσκους
1335 2640 1447 2705 δύο,
1472 2641 1564 2693 καὶ
1606 2641 1775 2712 τρεῖς,

183 2732 456 2794 πολλάκις
474 2732 569 2785 καὶ
583 2730 801 2802 χλανίδα
822 2731 914 2783 καὶ
934 2729 1131 2796 ζώνην,
1156 2731 1249 2783 καὶ
1271 2730 1594 2801 ἀναξυρίδας
1613 2731 1774 2801 ἔχειςο

179 2825 389 2895 ἱκείνῳ
415 2824 474 2877 δὲ
500 2823 677 2887 οὐδεὶς
692 2822 910 2890 ἐγκαλεῖ
941 2823 1036 2874 ἕνα
1069 2823 1434 2893 περικειμένῳ
1461 2824 1778 2893 χιτωνίσκον

183 2917 381 2987 μόνον’
399 2899 555 2967 ’ὥστε
584 2912 946 2984 εὐκολώτερον
975 2913 1129 2984 φέρει
1157 2913 1217 2965 τὸ
1247 2913 1453 2984 καῦμα.
1496 2915 1627 2968 Ἀπὸ
1654 2915 1780 2967 τού-

180 3027 283 3061 του
312 3007 447 3070 τους
490 3008 595 3078 μὲν
623 3006 986 3068 πλουτοῦντας
1010 3004 1224 3077 ὁρῶμεν
1256 3006 1554 3078 ἱδροῦντας,
1576 3009 1701 3070 τοὺς
1720 3009 1777 3061 δὲ

182 3101 435 3171 πένητας
473 3097 626 3152 οὐδὲν
670 3097 875 3152 τούτων
917 3098 1245 3169 πάσχοντας.
1302 3098 1471 3153 Ὅταν
1507 3094 1601 3152 οῦν
1629 3099 1777 3171 αὐτῷ

180 3195 287 3262 τὴν
308 3193 506 3262 αὐτὴν,
529 3191 569 3262 ἢ
600 3191 695 3245 καὶ
727 3190 1011 3260 κρείττονα
1038 3193 1345 3263 παρέχηται
1374 3192 1562 3264 χρείαν
1582 3192 1650 3246 τὰ
1689 3195 1778 3247 εὐ-

180 3285 322 3355 τελῆ
358 3284 552 3353 ἱμάτια
580 3283 790 3337 καὶτοῦ
838 3284 1065 3355 μηδενὸς
1107 3283 1454 3355 πωλούμενα,
1491 3287 1677 3340 ὲκεῖνα
1720 3285 1777 3338 δὲ

178 3374 259 3427 τὰ
287 3373 429 3427 πολύ
460 3372 820 3428 καταϐάλλειν
877 3372 1255 3442 ἀναγκάζοντα
1283 3376 1505 3445 χρυσίον
1533 3376 1593 3428 τὸ
1647 3375 1777 3428 αὐτὸ

183 3469 346 3538 ποιῇ,
382 3466 503 3537 οὐχὶ
536 3466 710 3536 ζημία
733 3466 794 3519 τὸ
822 3465 957 3518 πολύ
988 3466 1271 3537 περιττὸν;
1304 3466 1469 3520 Οὐδὲν
1493 3467 1601 3538 γὰρ
1616 3466 1775 3521 πλέον

180 3561 485 3630 εἰσήνεγκε
507 3558 648 3613 κατά
691 3559 784 3612 τὸν
800 3560 900 3631 τῆς
942 3560 1130 3631 χρείας
1149 3558 1305 3628 λόγον
1338 3560 1434 3613 καὶ
1472 3560 1572 3629 τῆς
1593 3560 1776 3614 διακο-

181 3653 333 3717 νίας,
370 3651 505 3705 ἀλλά
534 3651 697 3706 πλέον
727 3653 826 3723 μὲν
850 3652 1073 3723 χρυσίον
1092 3652 1389 3707 κεκένωται
1425 3670 1527 3717 σοι,
1560 3654 1659 3723 τὴν
1679 3654 1777 3707 αὐ-

178 3745 290 3815 τὴν
324 3744 385 3797 δὲ
415 3743 607 3815 χρείαν
632 3743 730 3797 καλ⁸
759 3744 1062 3814 ὑπηρεσίαν
1084 3742 1219 3813 ἔχει’
1256 3744 1321 3797 σὺ
1350 3744 1448 3815 μὲν
1472 3743 1502 3795 6
1531 3744 1777 3799 πλουτῶν

180 3837 479 3907 ἠγόρασας
510 3834 747 3906 χρυσίων
793 3833 984 3887 ἑκατὸν
1020 3834 1200 3903 τυχὸν,
1230 3832 1264 3904 ἢ
1296 3834 1392 3887 καὶ
1436 3832 1714 3899 πλειόνων,
1749 3834 1778 3887 6

177 3929 246 3982 δὲ
270 3928 444 3998 πένης
474 3927 737 3998 ἀργυρίου
765 3924 966 3994 ὀλίγον.
992 3920 1144 3990 Εἶδες
1173 3926 1270 3997 τὴν
1302 3925 1541 3997 ζημίαν;
1584 3927 1723 3980 Ἀλλ’
1747 3928 1776 3981 6

182 4020 365 4088 τῦφος
395 4018 499 4071 οὐκ
512 4017 735 4089 ἀφίησιν
760 4016 909 4071 ἰδεῖν.
936 4017 1230 4071 Βούλεικαὶ
1260 4018 1352 4071 ἐπὶ
1377 4018 1484 4072 τῶν
1513 4020 1774 4090 χρυσίων,

182 4106 269 4166 ὧν
293 4110 393 4165 καὶ
419 4112 533 4172 τοῖς
562 4109 749 4171 ἵπποις
772 4109 867 4161 καὶ
893 4111 1010 4171 ταῖς
1031 4108 1245 4176 γυναιῇ
1272 4108 1634 4180 περιτιθέασι,
1651 4110 1778 4163 τοῦ-

184 4221 287 4257 τον
308 4201 657 4272 ἐξετάσωμεν
687 4201 776 4255 τὸν
806 4200 999 4269 λόγον;
1025 4201 1180 4255 Μετὰ
1208 4204 1317 4274 γάρ
1340 4201 1446 4256 τῶν
1480 4203 1651 4259 ἄλλων
1685 4203 1779 4257 καὶ

189 4299 461 4369 ἀνοήτους
479 4296 625 4347 ποιεῖ
652 4294 712 4347 τὸ
735 4294 1005 4348 πλουτεῖν.
1039 4294 1150 4364 Τῆς
1171 4294 1279 4365 γάρ
1311 4295 1480 4365 αὐτῆς
1499 4296 1661 4367 τιμῆς
1681 4297 1780 4361 τάς

189 4407 258 4444 τε
298 4391 566 4457 γυναῖκας
592 4385 802 4451 ἀξιοῦσι
827 4387 921 4440 καὶ
954 4387 1079 4450 τούς
1101 4386 1322 4450 ἵππους,
1351 4389 1447 4441 καὶ
1475 4383 1556 4448 εἷς
1587 4391 1615 4442 6
1645 4388 1779 4443 καλ-

192 4478 481 4549 λωπισμὸς
499 4476 655 4551 [279]
686 4479 1031 4550 ἀμφοτέρων⁶
1078 4479 1174 4531 καὶ
1202 4479 1309 4532 ἀπὸ
1325 4478 1433 4532 τῶν
1454 4482 1630 4535 αὐτῶν
1656 4482 1779 4553 βού-

194 4572 387 4625 λονται
406 4570 689 4640 φαίνεσθαι
710 4570 1105 4642 λαμπρότεραι,
1134 4571 1227 4639 ἀφ’
1266 4566 1341 4626 ὧν
1374 4578 1468 4627 καὶ
1492 4576 1560 4627 τὰ
1588 4573 1778 4648 ζεύγη,

193 4663 299 4732 ἀφ’
335 4655 413 4715 ὦν
439 4661 537 4716 καὶ
563 4660 636 4715 τά
677 4661 921 4734 δέρματα
944 4662 1053 4717 τῶν
1078 4664 1618 4736 παραπετασμάτων,
1654 4667 1782 4722 ἔνθα

194 4757 483 4825 φέρονται.

264 4988 409 5043 Εἰπὲ
430 5028 447 5055 ,
478 4986 533 5042 τί
579 4987 641 5042 τὸ
676 4987 886 5061 κέρδος,
949 4989 1171 5061 ἡμίονον
1220 4990 1251 5062 ἢ
1283 4990 1448 5044 ἵππον
1483 4990 1562 5060 τῷ
1600 4992 1784 5063 χρυσῷ

196 5079 707 5150 κατακοσμείσθαι;
740 5081 774 5151 ἡ
802 5080 860 5133 δὲ
900 5081 1039 5153 γυνὴ
1067 5082 1321 5136 τοσοῦτον
1344 5084 1507 5152 δγκον
1556 5085 1782 5156 χρυσίου

198 5172 569 5246 περικειμένη
616 5175 710 5227 καὶ
739 5173 922 5237 λίθων,
959 5175 1013 5227 τί
1037 5174 1099 5229 τὺ
1136 5175 1297 5229 πλέον
1324 5175 1472 5247 έχει;
1516 5177 1655 5230 Ἀλλ’
1685 5180 1785 5232 οὐκ

198 5266 520 5337 ἐκτρίϐεται
544 5264 613 5318 τά
650 5263 870 5335 χρυσία,
897 5266 1047 5336 φησί.
1076 5266 1327 5321 Μάλιστα
1361 5267 1459 5339 μὲν
1488 5269 1585 5323 καὶ
1628 5269 1785 5323 τοῦτο

198 5360 440 5429 πάσχειν
472 5358 636 5427 φασὶν
667 5358 865 5430 οἱπερὶ
895 5358 1066 5413 ταῦτα
1088 5359 1270 5427 δεινοὶ,
1299 5360 1381 5415 ὅτι
1402 5362 1460 5414 ἐν
1487 5361 1784 5431 βαλανείοις

199 5454 294 5507 καὶ
343 5449 618 5523 πολλαχοῦ
650 5451 746 5504 καὶ
772 5450 909 5505 λίθοι
938 5454 1033 5505 καὶ
1062 5454 1258 5525 χρυσία
1305 5454 1439 5509 πολὺ
1485 5455 1586 5525 τῆς
1620 5457 1785 5527 τιμῆς

198 5546 554 5598 ἀποτίθεταιι
583 5541 723 5614 πλὴν
768 5543 883 5596 ἀλλ’
924 5543 1063 5598 ἔστω
1091 5544 1268 5609 τοῦτο,
1313 5547 1406 5599 καὶ
1437 5547 1602 5617 μηδὲν
1652 5548 1783 5618 βλα-

199 5637 445 5705 πτέσθω’
477 5634 533 5688 τί
556 5634 619 5688 τὸ
638 5634 850 5706 κέρδος,
881 5636 1002 5688 εἰπέ
1039 5654 1161 5706 μοις
1196 5637 1248 5689 τί
1282 5637 1339 5690 δέ
1367 5656 1382 5704 ;
1429 5640 1555 5693 ὅταν
1577 5640 1784 5713 ἐκπέσῃ

201 5730 297 5781 καὶ
338 5727 636 5798 ἀπόληται,
674 5727 795 5798 οὐχὶ
825 5727 1028 5798 ξημία;
1070 5728 1122 5780 τί
1142 5727 1202 5781 δέ
1233 5744 1249 5794 ;
1275 5729 1402 5784 ὅταν
1429 5730 1622 5798 φθόνον
1661 5732 1784 5784 ὲπι-

203 5819 605 5893 σπάσηταικαὶ
650 5819 960 5890 ἐπιϐουλὴν,
1008 5820 1128 5890 οὐχὶ
1185 5820 1394 5893 ζημία;
1454 5824 1623 5879 Ὅταν
1675 5825 1782 5897 γάρ

1126 394 1193 451 IN
1232 391 1450 449 EPIST.
1482 391 1572 447 AD
1608 386 1898 449 PHILIPP.
1936 388 2090 445 CAP.
2133 388 2219 445 Ill.
2256 389 2491 449 IIOMIL.
2524 391 2594 448 Χ.

3345 397 3452 452 260

1886 510 2067 583 ὠφελῇ
2098 512 2196 583 μὲν
2228 513 2394 584 μηδὲν
2419 515 2517 586 τὴν
2542 515 2950 587 περικειμένην,
2991 514 3189 589 ὲκκαίῃ
3234 513 3292 568 δὲ
3324 519 3448 580 τούς

1883 604 1990 657 τῶν
2025 605 2298 676 φθονερῶν
2321 605 2653 677 ὀφθαλμοὺς,
2690 609 2784 661 καὶ
2819 609 2945 670 τούς
2970 608 3169 681 λῃστάς
3206 606 3445 678 διεγείρῃ

1886 697 2108 767 μᾶλλον,
2155 697 2276 767 οὐχὶ
2303 698 2475 767 ζημία
2500 699 2742 766 γίνεται;
2802 701 2867 753 Τί
2892 700 2969 764 δὲ,
3008 700 3129 752 είπέ
3163 716 3251 770 μοι
3278 716 3294 764 ;
3322 699 3450 751 ὅταν

1882 789 2002 853 ὲξδν
2023 788 2101 860 τῷ
2120 789 2273 857 ἀνδρὶ
2301 789 2607 861 χρήσασθαι
2640 790 2848 853 τούτοις
2891 793 2969 854 είς
3000 792 3231 861 πρᾶγμα
3264 788 3456 858 κέρδος

1884 877 2069 947 φέρον,
2101 877 2176 949 μὴ
2209 879 2430 951 δύνηται
2465 880 2521 932 δὲ
2558 880 2643 933 διὰ
2689 881 2787 951 τὴν
2819 881 2916 951 τῆς
2942 882 3198 949 γυναικὸς
3231 880 3458 934 πολυτέ-

1882 967 2051 1035 λειαν,
2089 969 2203 1022 ἀλλ’
2241 971 2615 1042 ἀναγκάζηται
2666 971 2957 1043 λιμώττειν
2982 974 3073 1025 καὶ
3106 975 3455 1043 στενοχωρεῖ-

1885 1059 2029 1124 σθαι,
2065 1062 2323 1134 κάκείνην
2362 1066 2494 1135 ὀρᾷν
2520 1064 2982 1135 χρυσοφοροῦσαν,
3010 1066 3130 1134 οὐχὶ
3174 1065 3344 1135 ζημία
3393 1067 3457 1119 τὸ

1883 1154 2148 1224 πρᾶγμα;
2200 1156 2472 1227 Χρήματα
2497 1156 2605 1229 γάρ
2629 1157 2717 1210 διὰ
2764 1156 2923 1210 τοῦτο
2955 1156 3192 1228 εἴρηται,
3225 1160 3321 1228 οὐχ
3371 1159 3459 1213 ἵνα

1884 1244 2027 1298 οὐτω
2049 1246 2311 1318 χρώμεθα
2332 1248 2536 1312 αὐτοῖς,
2561 1248 2812 1318 καθάπερ
2827 1249 2884 1302 αἱ
2912 1249 3188 1319 προθῆκαι
3212 1250 3320 1301 τῶν
3337 1266 3461 1320 χρυ-

1883 1338 2114 1408 σοχόων,
2153 1339 2385 1395 ἀλλ’ἵνα
2433 1341 2797 1412 ὲργαζώμεθά
2829 1359 2881 1394 τι
2934 1341 3097 1394 καλὸν
3145 1344 3203 1393 ὲν
3253 1343 3456 1405 αὐτοῖς.

1882 1430 2049 1484 Ὅταν
2074 1430 2166 1484 οὖν
2203 1433 2230 1485 6
2275 1433 2368 1486 τοῦ
2398 1433 2599 1504 χρυσοῦ
2628 1435 2793 1497 πόθος
2839 1434 2913 1505 μὴ
2943 1435 3079 1504 ἀφῇ,
3116 1435 3236 1505 οὐχὶ
3286 1433 3461 1505 ζημία

1881 1524 1997 1576 ἐστὶ
2040 1523 2100 1577 τὸ
2138 1526 2277 1591 πᾶν;
2327 1527 2382 1579 ’0
2414 1528 2521 1597 γὰρ
2582 1527 2656 1597 μὴ
2684 1526 2899 1597 τολμῶν
2924 1528 3108 1590 αὐτοῖς
3153 1527 3462 1598 χρήσασθαι

1880 1616 2069 1681 ὥσπερ
2106 1614 2426 1687 ἀλλοτρίοις,
2460 1618 2520 1669 οὐ
2562 1618 2847 1689 κέχρηται,
2905 1620 2998 1672 καὶ
3049 1620 3148 1672 οὐκ
3176 1619 3288 1672 ἐστι
3321 1619 3457 1689 χρῆ-

1882 1720 1966 1767 σις
1989 1705 2252 1776 οὐδαμοῦ.
2271 1707 2313 1759 Τ
2321 1708 2336 1760 ί
2362 1708 2441 1767 δὲ.
2469 1708 2596 1760 ὅταν
2617 1709 2793 1773 οἰκίας
2809 1709 3181 1780 οίκοδομῶμεν
3199 1709 3460 1780 λαμπράς

1881 1796 1976 1849 καὶ
2022 1796 2285 1867 μεγάλας,
2323 1800 2419 1852 καὶ
2466 1799 2609 1852 κίοσι
2643 1799 2740 1853 καὶ
2793 1801 3108 1872 μαρμάροις
3144 1801 3238 1855 καὶ
3278 1803 3461 1864 στοαῖς

1882 1886 1976 1940 καὶ
2009 1887 2331 1958 περιπάτοις
2357 1888 2559 1953 ταύτας
2586 1891 3047 1962 κατακοσμῶμεν,
3091 1891 3286 1945 είδωλα
3323 1910 3461 1945 παν-

1878 1976 2043 2046 ταχοῦ
2066 1979 2158 2031 καὶ
2196 1975 2357 2042 ξόανα
2394 1979 2676 2045 ίστῶντες;
2727 1980 2919 2035 Πολλοὶ
2945 1981 3044 2052 μὲν
3080 1978 3173 2036 οὖν
3214 1982 3322 2034 ἀπὸ
3338 1980 3461 2034 τού-

1877 2086 1988 2123 των
2009 2071 2099 2123 καὶ
2139 2070 2398 2141 δαίμονας
2427 2073 2673 2126 καλοῦσι’
2713 2074 2851 2144 πλὴν
2881 2074 3018 2129 ἀλλὰ
3050 2074 3124 2145 μὴ
3156 2072 3327 2128 ταῦτα
3373 2075 3461 2141 ἐξ·

1879 2162 2180 2231 ετάσωμεν.
2220 2163 2286 2215 Τί
2321 2163 2569 2233 βούλεται
2620 2165 2713 2218 καὶ
2742 2168 2770 2218 ὁ
2803 2165 3040 2237 χρυσοῦς
3070 2166 3292 2236 δροφος;
3340 2166 3462 2236 οὐχὶ

1876 2252 1977 2323 τὴν
2004 2252 2172 2323 αὐτὴν
2222 2253 2300 2324 τῷ
2337 2254 2475 2325 μετά
2509 2257 2851 2328 συμμετρίας
2883 2257 3062 2310 οἰκίαν
3100 2257 3276 2327 ἔχοντι
3319 2274 3463 2326 παρ-

1879 2345 2061 2415 έχεται
2092 2344 2190 2415 τὴν
2215 2345 2444 2415 χρῆσινς
2484 2346 2624 2397 Ἀλλ’
2654 2347 2788 2417 ἔχει,
2819 2348 2974 2417 φησὶ,
3002 2347 3189 2419 τέρψιν
3237 2347 3455 2417 πολλήν.

1891 2434 2050 2489 Ἀλλά
2077 2435 2271 2506 μέχρις
2321 2435 2538 2506 ἡμέρας
2570 2438 2700 2505 μιᾶς
2728 2438 2824 2490 καὶ
2866 2437 3146 2507 δευτέρας,
3170 2438 3355 2490 λοιπὸν
3403 2437 3461 2490 δὲ

1876 2526 2079 2581 οὐκέτι.
2113 2528 2175 2579 Εἰ
2204 2525 2312 2596 γὰρ
2345 2528 2374 2579 6
2396 2526 2548 2595 ἥλιος
2585 2528 2732 2597 ἡμᾶς
2756 2528 2856 2581 οὐκ
2889 2528 3179 2599 ἐκπλήττει
3204 2527 3291 2581 διὰ
3320 2528 3379 2580 τὸ
3404 2530 3464 2581 ἐν

1880 2615 2137 2687 συνηθείᾳ
2180 2612 2340 2681 εἶναι,
2370 2615 2549 2686 πολλῷ
2580 2616 2781 2686 μᾶλλον
2804 2617 2873 2669 τά
2927 2616 3063 2688 ἔργα
3093 2618 3192 2686 τῆς
3242 2617 3457 2686 τέχνης·

1878 2707 1992 2761 ἀλλ’
2023 2707 2222 2777 ὁμοίιος
2263 2708 2377 2770 τοῖς
2428 2707 2696 2778 πηλίνοις,
2750 2711 2935 2772 αὐτοῖς
2981 2709 3343 2779 προσέχομεν.
3393 2708 3459 2760 Τί

1877 2798 2007 2869 γὰρ,
2042 2797 2162 2851 εἰπέ
2196 2814 2307 2867 μοι,
2363 2798 2442 2860 είς
2486 2797 2717 2869 ἀρίστην
2755 2799 2968 2868 οἴκησιν
3023 2798 3216 2852 κιόνων
3256 2799 3461 2869 πλῆθος

1876 2889 1973 2941 καὶ
2002 2888 2207 2955 ξοάνων
2234 2884 2405 2958 κάλλη
2439 2888 2539 2942 καὶ
2574 2889 2778 2958 χρυσὸς
2812 2893 2927 2952 τοῖς
2966 2890 3169 2961 τοίχοις
3202 2890 3461 2962 6:561:19-

1881 2976 2041 3046 μένος
2100 2976 2468 3047 συμϐάλλεται
2494 2990 2557 3044 δ;
2620 2978 2821 3043 Οὐδὲν,
2870 2978 3007 3031 ἀλλά
3053 2979 3310 3048 βλακείας
3363 2980 3459 3033 καὶ

1879 3068 2089 3139 ὕϐρεως
2128 3070 2223 3122 καὶ
2248 3068 2417 3138 τύφου
2445 3068 2702 3140 περιττοῦ
2730 3070 2827 3124 καὶ
2867 3071 3051 3136 ἀνοίας
3074 3072 3212 3125 ἐστί.
3249 3073 3461 3126 Παντα-

1878 3161 1976 3231 χοῦ
1999 3160 2225 3230 δὲὴμάς
2251 3159 2363 3215 τῶν
2389 3161 2705 3231 ἀναγκαίων
2752 3159 2895 3216 εἶναι
2946 3162 3055 3235 χρὴ
3107 3165 3201 3218 καὶ
3245 3164 3353 3219 τῶν
3404 3167 3463 3219 ἐν

1879 3253 2058 3325 χρείᾳ,
2084 3254 2145 3307 οὐ
2174 3253 2286 3307 τῶν
2319 3254 2610 3328 περιττῶν.

1946 3454 2009 3509 6‘.
2027 3454 2277 3524 Ὀρᾷςὸτι
2291 3453 2462 3525 ζημία
2483 3453 2544 3508 τὸ
2568 3457 2821 3527 πρᾶγμα;
2840 3455 2975 3527 ὁρᾷς
2992 3456 3073 3509 ὅτι
3093 3456 3348 3528 περιττὸν
3368 3460 3464 3512 καὶ

1877 3545 2133 3615 ἀνόνητόν
2162 3548 2345 3613 ὲστιν;
2383 3547 2445 3599 El
2467 3547 2574 3619 γὰρ
2595 3549 2731 3618 μήτε
2753 3548 2944 3617 χρείαν
2964 3547 3195 3618 παρέχει
3218 3546 3461 3615 πλείονα,

1881 3639 2021 3708 μήτε
2046 3637 2236 3708 τέρψιν
2261 3637 2596 3709 (προσκορὴς
2634 3640 2743 3710 γὰρ
2767 3637 2846 3709 τῷ
2868 3639 3046 3710 χρόνῳ
3085 3639 3341 3710 γίνεται),
3370 3642 3464 3693 οὐ·

1876 3727 1964 3781 δὲν
2020 3727 2204 3799 ἕτερόν
2250 3730 2399 3782 ἐστιν
2442 3728 2474 3800 ἥ
2518 3728 2713 3800 ζημία.
2758 3730 2898 3783 Ἀλλ’
2940 3730 3041 3784 οὐκ
3079 3731 3272 3802 ἀφίησι
3304 3730 3464 3783 τοῦτο

1876 3820 2010 3891 όρᾷν
2037 3821 2070 3889 ἡ
2099 3818 2377 3885 κενοδοξία
2409 3821 2719 3876 κωλύουσα.
2740 3818 2872 3876 Εἶτα
2899 3824 2929 3876 6
2957 3823 3056 3895 μὲν
3085 3822 3292 3889 Παῦλος
3318 3823 3463 3895 ἀπερ

1878 3911 2127 3982 ενόμιζεν
2159 3911 2310 3987 [280]
2365 3910 2504 3968 εἶναι
2532 3914 2720 3987 κέρδη,
2752 3916 2922 3969 ταῦτα
2977 3917 3179 3971 εἴασενο
3217 3919 3378 3989 ἡμεῖς
3406 3919 3463 3971 δὲ

1878 4002 1999 4055 οὐδὲ
2044 4002 2144 4073 τὴν
2202 4002 2407 4075 ζημίαν
2454 4004 2682 4076 ἀφῶμεν
2731 4006 2821 4060 διὰ
2857 4007 2949 4060 τὸν
2976 4009 3241 4078 Χριστόν;
3285 4010 3463 4081 Μέχρι

1879 4093 2009 4147 πότε
2060 4097 2126 4167 τῇ
2152 4097 2222 4167 γῇ
2249 4095 2688 4168 προσηλώμεθας
2722 4097 2885 4169 μέχρι
2921 4099 3069 4162 τίνος
3098 4100 3197 4153 οὐκ
3227 4100 3461 4154 ἀναϐλές

1877 4202 2053 4258 πομεν
2073 4188 2151 4250 είς
2176 4189 2266 4241 τὸν
2290 4188 2552 4259 οὐρανόν;
2585 4191 2695 4258 Οὐχ
2724 4192 2887 4260 ὁρᾶτε
2915 4190 3040 4251 τούς
3059 4191 3454 4263 γεγηρακότας,

1878 4278 1996 4342 πῶς
2017 4278 2268 4349 οὐδεμίαν
2284 4279 2393 4333 τῶν
2414 4279 2793 4350 παρελθόντων
2817 4280 3030 4350 ἔχουσιν
3053 4282 3338 4352 αίσθησιν;
3363 4283 3462 4355 οὐχ

1878 4369 2043 4439 ὁρᾶτε
2074 4371 2201 4432 τούς
2230 4368 2617 4436 τελευτῶντας,
2646 4372 2772 4433 τούς
2813 4373 2872 4422 ὲν
2913 4373 3081 4442 γήρᾳ,
3111 4374 3238 4435 τοὺς
3259 4374 3316 4425 ὲν
3344 4374 3461 4427 νεό-

1879 4477 2033 4530 τητι;
2057 4460 2155 4529 οὐχ
2187 4460 2349 4530 ὁρᾶτε
2373 4462 2498 4524 τούς
2527 4461 2586 4513 ἐν
2620 4460 2697 4531 τῷ
2725 4459 2825 4532 ζῇν
2857 4462 3337 4534 ἀπεστερημένους
3356 4466 3459 4517 αὐ·-
3500 4446 3501 4451 η

1880 4552 2021 4617 τῶν;
2044 4552 2108 4604 Τί
2133 4554 2244 4614 τοῖς
2280 4551 2535 4616 ἀστάτοις
2564 4553 3015 4624 προστετὴκαμεν
3041 4571 3056 4619 ;
3090 4554 3144 4607 τί
3175 4555 3463 4627 προσδεδέ-

1846 4664 1853 4671 ο
1884 4642 2026 4713 μεθα
2048 4645 2158 4706 τοῖς
2197 4642 2511 4708 ἀϐεϐαίοιςς
2569 4643 2729 4715 μέχρι
2767 4644 2910 4709 τίνος
2941 4645 3043 4700 οὐκ
3069 4647 3463 4720 ἀντιλαμϐανό-

1886 4735 2024 4807 μεθα
2052 4735 2160 4790 τῶν
2195 4735 2497 4805 μενόντων;
2535 4736 2603 4789 Τί
2628 4738 2727 4791 οὐκ
2754 4737 2820 4791 ἂν
2851 4738 3056 4793 ἔδωκαν
3085 4741 3133 4794 οί
3181 4744 3457 4815 γέροντες,

1882 4830 1935 4882 εί
1950 4844 2014 4896 γε
2032 4827 2157 4897 ὲνῆν
2178 4826 2441 4891 ἀποξέσαι
2466 4828 2526 4881 τὸ
2550 4829 2759 4899 γῆρας;
2799 4827 2931 4884 Εἶτα
2964 4833 3136 4903 πόσης
3177 4836 3277 4889 οὐκ
3312 4836 3459 4893 ἔστιν

1883 4921 2126 4990 ἀλογίας,
2150 4919 2431 4990 βούλεσθαι
2460 4921 2558 4991 μὲν
2579 4922 2671 4975 ἐπὶ
2697 4923 2797 4993 τὴν
2817 4924 3041 4995 νεότητα
3066 4926 3164 4998 τὴν
3188 4929 3460 5002 προτέραν

1884 5011 2219 5076 ἐπανελθεῖν,
2248 5011 2342 5065 καὶ
2393 5013 2571 5066 πάντα
2600 5015 2836 5078 εὐκόλως
2867 5015 2933 5069 ἂν
2968 5017 3106 5088 ὑπὲρ
3127 5020 3316 5073 τούτου
3341 5021 3460 5074 δοῦ-

1883 5121 1992 5168 ναι,
2014 5104 2156 5157 ὥστε
2183 5102 2442 5172 γενέσθαι
2488 5103 2772 5176 νεώτερον,
2827 5107 3000 5177 παρὸν
3031 5108 3088 5160 δὲ
3116 5111 3341 5179 νεότητα
3365 5111 3459 5163 λα-

1884 5196 1999 5250 ϐεῖν
2022 5195 2277 5249 οὐδέποτε
2307 5196 2483 5266 γῆρας
2514 5196 2745 5266 ἔχουσαν
2773 5198 2866 5250 καὶ
2881 5199 3106 5268 νεότητα
3139 5202 3275 5269 μετά
3298 5201 3460 5255 πλού·
3573 5240 3575 5247 ι

1882 5305 1975 5343 του
2008 5287 2203 5341 πολλοῦ
2226 5287 2360 5341 πολὺ
2388 5289 2929 5357 πνευματικωτέραν,
2953 5290 3085 5360 μηδὲ
3115 5291 3308 5362 μικρὸν
3336 5292 3459 5362 βού-

1884 5378 2368 5452 λεσθαιπροέσθαι,
2390 5378 2527 5431 ἀλλά
2552 5378 2805 5449 κατέχειν
2820 5378 2890 5431 τά
2917 5380 3080 5450 μηδὲν
3096 5381 3176 5445 είς
3204 5382 3265 5434 τὸ
3286 5382 3459 5453 παρὸν

1885 5470 2229 5541 ώφελοῦντα;
2260 5469 2503 5525 Θανάτου
2538 5487 2596 5524 σε
2625 5470 2900 5535 ἐξελέσθαι
2946 5474 3006 5526 οὐ
3033 5471 3275 5539 δύναται,
3305 5475 3461 5529 νόσον

1948 5844 1973 5873 α
1999 5830 2222 5895 C0is|in.,
2247 5835 2347 5885 ιίπέ
2370 5851 2469 5899 μοι,
2489 5834 2534 5885 τί
2558 5836 2897 5899 συμϐάλλεταις
2922 5843 3028 5888 etc.
