3974 6516
641 369 739 425 ειη

643 491 915 545 ἀπελάσαι
952 491 1044 543 οὐκ
1067 490 1267 561 ἰσχύει,
1297 491 1478 561 γῆρας
1501 504 1527 532 α
1551 490 1813 552 κωλῦσαι,
1843 489 1996 543 οὐδὲν
2012 487 2216 542 τούτων

642 580 752 634 τῶν
774 580 1086 647 ἀναγκαίων
1111 581 1207 632 καὶ
1225 583 1364 634 κατὰ
1390 581 1480 633 τὸν
1500 584 1600 651 τῆς
1625 581 1838 648 φύσεως
1864 581 2026 647 νόμον
2048 596 2218 649 παρα-

643 673 960 740 γινομένων·
1017 670 1110 723 καὶ
1134 670 1214 723 ἐτι
1247 671 1425 724 αὐτῶν
1451 669 1579 743 Em;
1632 671 1698 722 Τί
1729 670 1792 722 τὸ
1823 669 2030 740 κέρδος,
2096 669 2218 722 εἰπέ

645 777 776 832 μοι;
836 759 1113 814 Ἐντεῦθεν
1147 761 1307 832 μέθη,
1343 762 1774 834 γαστριμαργία,
1798 761 1984 831 ἡδοναὶ
2027 761 2216 815 ἄτοποι

644 858 736 910 καὶ
789 856 1160 921 παντοδαπαὶ,
1224 857 1440 929 πικρῶν
1493 858 1768 911 δεσποτῶν
1820 854 2017 926 μᾶλλον
2069 856 2217 925 ἡμᾶς

641 945 1077 1000 κατατείνουσαι.
1128 945 1312 1000 Ταῦτα
1350 947 1456 1000 ἀπὸ
1503 948 1598 1001 τοῦ
1635 948 1866 1000 πλούτου
1913 948 2215 1016 κερδαίνειν

641 1035 758 1087 ἔστι
792 1035 970 1104 μόνον,
1006 1035 1194 1104 ἕτερον
1223 1037 1280 1090 δὲ
1319 1038 1492 1100 οὐδὲν,
1543 1038 1729 1108 ἐπειδὴ
1777 1039 1840 1091 οὐ
1895 1037 2210 1107 βουλόμεθα·

640 1125 760 1177 ἐπεὶ
776 1125 828 1178 εί
850 1141 914 1192 γε
941 1126 1226 1195 ἠθέλομεν,
1262 1128 1354 1180 τὸν
1391 1128 1618 1198 οὐρανὸν
1641 1127 1706 1182 ἂν
1733 1128 1896 1182 αὐτὸν
1925 1130 2212 1198 ἐκληρονο-

643 1215 895 1284 μήσαμεν
931 1215 1040 1268 61:6
1089 1215 1342 1271 πλούτου.
1403 1217 1613 1270 Οὐκοῦν
1661 1218 1825 1272 καλὸν
1871 1221 1901 1272 6
1962 1219 2210 1287 πλοῦτος,

641 1302 825 1373 φησίν.
851 1304 963 1373 Οὐχ
985 1307 1013 1357 ὁ
1030 1306 1258 1369 πλοῦτος
1300 1308 1456 1362 τοῦτο
1473 1311 1634 1372 ποιεῖ,
1684 1308 1800 1363 ἀλλ’
1832 1309 1978 1382 ήτοῦ
2015 1328 2214 1382 κεκτη-

643 1393 808 1464 μένου
834 1395 1171 1466 προαίρεσιςο
1231 1399 1312 1451 ὅτι
1348 1399 1457 1469 γὰρ
1500 1400 1819 1470 προαίρεσις
1855 1401 2012 1456 τοῦτο
2049 1407 2211 1468 ποιεῖ,

642 1485 832 1540 σκόπει
863 1487 1132 1540 ἐντεῦθεν·
1158 1490 1332 1544 ἔνεστι
1361 1491 1457 1544 καὶ
1484 1489 1578 1544 τὸν
1628 1491 1834 1562 πένητα
1866 1497 2211 1566 κατακληρο-

639 1579 872 1648 νομῆσαι
902 1578 994 1631 τὸν
1021 1579 1270 1650 οὐρανόν.
1305 1571 1484 1654 Ὅπερ
1509 1584 1618 1657 γάρ
1652 1586 1909 1650 πολλάκις
1946 1583 2099 1640 εἷπον
2148 1590 2210 1642 οὐ

639 1666 718 1738 τῷ
746 1667 930 1739 μέτρῳ
958 1667 1066 1722 τῶν
1085 1669 1378 1740 διδομένων
1409 1675 1438 1727 6
1465 1675 1596 1739 Θεὸς
1635 1679 1912 1748 προσέχει,
1959 1678 2096 1731 ἀλλὰ
2142 1682 2208 1750 τῇ

639 1757 958 1827 προαιρέσει
988 1759 1097 1812 τῶν
1147 1763 1515 1834 παρεχόντων.
1555 1768 1769 1820 Ἕνεστι
1821 1769 1914 1821 καὶ
1965 1770 2022 1820 ἐν
2053 1769 2212 1840 πενίᾳ

637 1849 784 1913 ὄντα,
809 1849 904 1903 καὶ
927 1850 1082 1918 ὀλίγα
1104 1852 1281 1916 δόντα,
1309 1855 1371 1908 τὸ
1399 1857 1505 1926 πᾶν
1539 1857 1964 1926 ἀπενέγκασθαι.
1994 1862 2075 1916 T6
2102 1862 2210 1934 γὰρ

639 1939 781 1995 κατά
803 1939 1032 2010 δύναμιν
1059 1942 1088 1993 6
1109 1941 1240 2006 Θεὸς
1264 1945 1506 1999 ἀπαιτεῖ·
1535 1946 1657 2000 οῦτε
1687 1949 1916 2014 πλοῦτος
1961 1950 2213 2020 προξενεῖ

636 2032 728 2086 τὸν
756 2031 1004 2102 οὐρανὸν,
1035 2029 1158 2086 οὔτε
1208 2036 1368 2089 πενία
1406 2037 1504 2107 τὴν
1531 2038 1775 2105 γέενναν,
1832 2040 1946 2093 ἀλλ’
1976 2042 2211 2114 ἐκάτερα

638 2122 959 2193 προαίρεσις
1004 2121 1183 2193 ἀγαθὴ
1213 2127 1308 2178 καὶ
1351 2129 1622 2198 μοχθηρά.
1673 2130 1889 2201 Ταύτην
1925 2128 2018 2188 οῦν
2064 2133 2210 2206 διορ-

636 2210 919 2281 θώσωμεν,
981 2215 1184 2285 ταύτην
1239 2216 1710 2287 άνακτησώμεθα,
1765 2223 1969 2293 ταύτην
2009 2226 2209 2296 ῥυθμί-

637 2319 840 2373 σωμεν,
883 2304 977 2358 καὶ
1025 2307 1204 2360 πάντα
1229 2309 1358 2378 ἡμῖν
1379 2308 1529 2363 ἐσται
1558 2311 1774 2366 εῦκολα.
1810 2314 2076 2386 Καθάπερ
2102 2319 2211 2390 γὰρ

632 2391 662 2443 6
688 2394 960 2464 τεχνίτης,
1000 2394 1065 2450 άν
1092 2413 1151 2449 τε
1191 2398 1464 2468 σιδηροῦν,
1516 2400 1583 2454 άν
1604 2419 1663 2454 τε
1693 2405 1926 2472 χρυσοῦν
1965 2407 2209 2479 σκέπαρ-

633 2500 723 2537 νον
755 2483 874 2557 ἐχῃ,
909 2487 1110 2555 ὁμοίως
1154 2489 1444 2558 ἐργάζεται
1486 2491 1555 2546 τὰ
1605 2493 1759 2558 ξύλα,
1806 2496 2008 2567 μᾶλλον
2040 2500 2097 2553 δὲ
2151 2502 2210 2552 ἐν

630 2575 711 2647 τῷ
748 2577 954 2649 σιδηρῷ
989 2579 1172 2633 πλέον·
1199 2580 1367 2635 ὀὕτω
1411 2584 1506 2637 καὶ
1541 2586 1794 2655 ἐνταῦθα,
1845 2590 2210 2662 εὐκολώτερον

633 2666 834 2737 μᾶλλον
882 2668 970 2722 διὰ.
993 2671 1090 2740 τῆς
1121 2672 1370 2744 πενίαςή
1419 2675 1588 2746 ἀρετὴ
1645 2678 2025 2750 κατορθοῦται.
2073 2684 2208 2755 Περὶ

634 2759 734 2828 μὲν
766 2758 874 2828 γὰρ
901 2759 994 2812 τοῦ
1037 2761 1267 2814 πλούτου
1298 2765 1460 2832 φησὶν
1493 2768 1520 2819 6
1569 2768 1827 2838 Χριστὸς,
1871 2772 2208 2827 Εὐκολώτε-

624 2863 737 2916 ρον
785 2847 1061 2917 κάμηλον
1087 2849 1182 2904 διὰ
1204 2854 1528 2921 τρυμαλιᾶς
1540 2856 1796 2924 ῥαφίδος
1827 2861 2139 2924 εἰσελθεῖν,
2165 2863 2203 2932 ἢ

629 2938 931 2992 πλούσιον
966 2942 1054 3006 εὶς
1082 2942 1196 3008 τὴν
1231 2943 1560 3007 βασιλείαν
1593 2945 1710 3000 τῶν
1744 2951 2034 3016 οὐρανῶν.
2071 2955 2205 3027 Περὶ

626 3028 689 3082 δὲ
721 3031 822 3100 τῆς
848 3031 1040 3095 πενίας
1087 3033 1241 3086 οὐδὲν
1273 3036 1513 3090 τοιοῦτον
1548 3039 1887 3111 ἀπεφήνατο,
1937 3043 2072 3098 ἀλλά
2109 3048 2204 3101 κα)⁵

628 3120 938 3175 τούναντίον
961 3138 974 3152 ·
1000 3125 1294 3192 Πώλησον
1314 3127 1386 3181 τὰ
1405 3128 1776 3200 ὑπάρχοντα,
1803 3134 1901 3188 καὶ
1925 3136 2030 3202 δὸς
2051 3153 2203 3192 πτω-
2235 3143 2248 3154 ⁵

628 3211 780 3280 κοῖς,
812 3214 913 3268 καὶ
943 3214 1119 3284 δεῦρο
1144 3218 1459 3276 ἀκολούθει
1479 3241 1603 3292 μοι,
1629 3225 1704 3290 ὡς
1730 3229 1795 3281 ὲκ
1818 3228 1915 3300 τῆς
1940 3233 2199 3305 προαιρέ-

629 3321 769 3370 σεως
796 3309 898 3378 τῆς
929 3309 1336 3384 ἀκολουθήσεως
1363 3314 1423 3368 οῦ
1433 3333 1547 3388 σης.

693 3513 758 3566 ε’.
775 3510 864 3582 Μὴ
885 3511 1063 3566 τοίνυν
1079 3514 1366 3588 φεύγωμεν
1386 3519 1485 3590 τὴν
1507 3523 1717 3590 πενίαν,
1735 3527 1812 3591 ὡς
1833 3532 2086 3602 πονηρόν·
2105 3533 2198 3604 βα·-

626 3600 827 3666 σιλείας
853 3603 962 3676 γάρ
996 3607 1112 3659 ἐστι
1142 3609 1398 3679 πρόξενος
1421 3627 1434 3641 ·
1477 3617 1573 3669 καὶ
1607 3617 1768 3671 πάλιν
1807 3620 1882 3692 μὴ
1909 3600 2198 3696 διῶκωμεν

620 3692 716 3747 τὸν
743 3695 991 3761 πλοῦτον,
1035 3698 1112 3762 ὡς
1147 3700 1349 3769 ἀγαθόν
1369 3720 1382 3736 ο
1413 3706 1539 3769 τοὺς
1566 3707 1674 3780 γάρ
1717 3711 1791 3782 μὴ
1831 3692 2196 3787 προσέχοντας

623 3785 920 3840 ἀπόλλυσιν
941 3805 956 3819 ο
993 3788 1130 3842 ἀλλά
1165 3794 1440 3864 πανταχοῦ
1473 3797 1535 3849 τὸ
1574 3798 1730 3870 δμμα
1762 3804 1896 3873 πρὸς
1937 3785 2032 3860 τὸν
2062 3807 2196 3864 Θεὸν

625 3875 1012 3941 ἀνατείνοντες,
1031 3879 1289 3950 χρώμεθα
1305 3887 1382 3947 εἰς
1401 3886 1518 3940 δέον
1533 3892 1646 3953 τοῖς
1666 3891 1777 3963 ὑπη
1787 3895 2040 3965 ργμένοις
2063 3901 2193 3970 ἡμῖν

622 3961 773 4035 [Ξ81]
791 3966 920 4035 παρ’
939 3967 1128 4033 αὐτοῦ,
1148 3971 1242 4023 καὶ
1264 3972 1490 4044 δυνάμει
1508 3961 1892 4048 σώματος,νκαὶ
1911 3961 2192 4062 περιούσίᾳ

623 4057 942 4127 χρημάτων,
974 4060 1070 4112 καὶ
1100 4063 1212 4125 τοῖς
1232 4061 1409 4128 ἄλλοις
1439 4065 1661 4124 ἅπασιν.
1695 4073 1931 4130 Ἀτοπον
1959 4057 2065 4151 γὰρ
2099 4057 2190 4135 ὑπ’

620 4147 789 4244 αὐτοῦ
825 4151 1175 4221 γενομένους,
1204 4154 1412 4225 ἑτέροις
1437 4159 1608 4214 ταῦτα
1636 4164 1896 4235 παρέχειν
1919 4147 2186 4244 χρήσιμα,

619 4233 756 4291 ἀλλά
786 4237 861 4308 μὴ
893 4239 970 4309 τῷ
1009 4242 1328 4314 πεποιηκότι
1359 4247 1527 4317 ἡμᾶς.
1572 4233 1824 4324 Ἐποίησέ
1869 4233 1968 4311 σοί.
1993 4233 2189 4329 όφθάλλ

621 4329 756 4398 μούς
777 4349 794 4364 ·
831 4332 1052 4397 τούτους
1079 4335 1228 4406 αὐτῷ
1268 4338 1474 4408 πάρεχε
1504 4344 1828 4414 χρησίμους,
1864 4349 1938 4421 μὴ
1968 4352 2045 4422 τῷ
2068 4354 2189 4408 δια..

527 4409 550 4428 ⁹
615 4423 776 4494 δόλῳ.
817 4425 942 4490 Πῶς
974 4426 1032 4480 δὲ
1069 4427 1218 4499 αὐτῷ
1249 4409 1554 4501 παρέξειξξ
1587 4409 1686 4490 τε
1711 4409 1985 4510 κτίσματα
2016 4409 2184 4502 εὐτοδ

615 4514 875 4587 θεωρῶν,
905 4517 1002 4570 καὶ
1039 4519 1273 4586 δοξάζων
1306 4525 1498 4589 αὐτὸν,
1535 4529 1634 4581 καὶ
1669 4530 1898 4601 ἀπάγων
1938 4538 2037 4608 τῆς
2079 4541 2186 4594 τῶν

613 4607 887 4672 γυναικῶν
911 4607 1106 4679 ὅψεως.
1151 4612 1290 4666 Ἀλλ’
1320 4616 1543 4686 ἐποίησέ
1588 4635 1669 4672 σοι
1712 4625 1932 4694 χεῖρας;
1973 4627 2188 4693 Ταύτας

614 4697 765 4787 αὐτῷ
791 4698 1065 4787 κέκτησο,
1092 4703 1167 4774 μὴ
1195 4703 1273 4775 τῷ
1299 4706 1551 4780 διαϐόλῳ,
1589 4713 1666 4782 μὴ
1690 4717 1770 4778 είς
1802 4717 2058 4787 ἁρπαγὰς
2091 4723 2185 4776 καὶ

615 4781 958 4850 πλεονεξίας,
1004 4787 1120 4840 ἀλλ’
1153 4791 1233 4854 είς
1276 4793 1497 4860 ἐντολάς
1530 4781 1625 4851 καὶ
1654 4781 1940 4871 εὐποιίας,
1967 4781 2068 4860 καὶ
2105 4811 2184 4873 είς

611 4873 780 4946 εὐχὰς
809 4877 1048 4943 ἐκτενεῖς
1082 4882 1376 4937 ἀνατείνων
1402 4887 1592 4953 αὐτὰς,
1627 4893 1706 4954 εἰς
1731 4892 1792 4947 τὸ
1822 4899 1935 4959 τοίς
1967 4915 2183 4954 πεπτω-

613 4963 766 5019 κόσιν
789 4967 1003 5039 ὀρέγειν
1031 4972 1208 5042 χεῖρα.
1253 4975 1504 5048 Ἐποίησέ
1531 4997 1615 5035 σοι
1644 4975 1791 5050 ὧτας
1823 4985 2010 5043 Ταῦτα
2031 4991 2181 5062 αὐτῷ

612 5056 841 5128 πάρεχε,
868 5058 1005 5114 6116
1045 5061 1120 5134 μὴ
1152 5065 1264 5128 τοῖς
1294 5065 1776 5143 διακεκλασμένοις
1799 5077 2006 5147 μέλεσι,
2042 5056 2179 5154 μηδέ

609 5151 730 5211 ταῖς
765 5151 1019 5222 αἰσχραῖς
1064 5155 1258 5220 ἀκοαῖς
1283 5172 1296 5186 ·
1329 5158 1508 5214 Πᾶσα
1549 5164 1656 5236 γὰρ
1696 5166 1981 5238 διήγησις
2025 5151 2175 5242 άοὺ,

611 5240 803 5310 φησὶν,
835 5242 905 5296 ἐν
936 5244 1098 5314 νόμῳ
1137 5247 1433 5316 Ὑψίστου
1464 5253 1622 5308 ἔστω
1647 5271 1662 5286 ·
1705 5260 1800 5312 καὶ
1837 5260 2029 5328 πάλιν,
2082 5240 2180 5320 Ἐν

608 5328 846 5397 πλήθει,
876 5334 1031 5403 φησὶ,
1062 5340 1479 5408 πρεσϐυτέρων
1504 5343 1704 5413 στῆθι,
1745 5349 1842 5402 καὶ
1863 5352 1920 5404 εί
1942 5369 2033 5419 τις
2070 5371 2176 5410 σο-

605 5422 743 5490 φὸς,
788 5424 950 5490 αὐτῷ
999 5431 1510 5501 προσκολλήθητι.
1557 5437 1805 5508 Ἐποίησέ
1849 5459 1931 5497 σοι
1971 5445 2171 5517 στόμα;

608 5512 781 5568 Τοῦτο
831 5516 998 5588 μηδὲν
1037 5521 1324 5591 πραττέτω
1371 5525 1477 5580 τῶν
1529 5527 1605 5599 μὴ
1647 5529 1949 5590 δοκούντων
1990 5512 2170 5612 αὐτῷ,

669 5777 695 5805 ⁸
724 5776 871 5830 Forte
891 5780 946 5829 οὗ
964 5787 1121 5844 γῆρας,

1412 373 1472 429 s.
1507 371 1793 429 JOANNIS
1828 369 2309 428 CHRYSOSTOMI
2349 371 2664 430 ARCIIIEP.
2695 376 3240 438 CONSTANTINOP.
3714 397 3791 451 κδ,

2324 487 2460 542 6116
2483 490 2822 562 ψαλμῳδίας,
2860 493 3080 566 ὕμνους.
3115 498 3252 567 ᾠδὰς
3284 506 3626 572 πνευματικὰς
3643 509 3793 578 ᾀδέτωο

2325 577 2448 632 Ἵνα
2478 581 2560 646 δῷ
2589 584 2765 652 χάριν
2783 623 2800 648 ,
2838 587 3000 655 φησι,
3033 589 3158 655 τοῖς
3188 591 3527 658 ἁκούουσιν,
3557 600 3625 661 εἰς
3650 577 3796 658 οἰκοδο·

2325 670 2432 741 μὴν
2449 714 2464 736 ,
2499 675 2594 726 καὶ
2627 677 2699 746 μὴ
2725 679 2804 741 είς
2825 681 3222 752 καταστροφὴν,
3255 685 3332 746 είς
3354 687 3624 756 εὐφημίαν,
3651 696 3723 745 καὶ
3747 697 3796 766 μὴ

2320 764 2401 824 εἰς
2433 766 2782 835 κατηγορίαν,
2838 769 2913 841 μὴ
2961 774 3042 835 εἰς
3083 772 3391 837 ἐπιϐουλὰς,
3423 777 3548 831 6116
3592 784 3681 835 πᾶν
3712 764 3796 837 τούέ

2319 853 2550 907 ναντίον.
2596 858 2847 928 Ἐποίησέ
2878 879 2960 914 σοι
2992 862 3180 928 πόδας,
3203 865 3300 934 οὐχ
3330 866 3416 919 ἵνα
3440 869 3618 942 τρέχης
3642 874 3797 928 £11111:-

2320 942 2443 995 κίαν
2465 986 2480 1009 ,
2511 945 2624 998 ἀλλ’
2659 951 2749 1002 ἐπὶ
2783 952 2988 1017 ἀγαθά·
3027 955 3249 1025 ἐποίησέ
3283 973 3362 1009 σοι
3386 959 3717 1034 γαστέρα,οὐχ
3737 968 3797 1020 ἵνα
3900 991 3901 998 η

2319 1033 2686 1110 διαρρηγνύῃς
2712 1042 2908 1112 αὐτὴν,
2937 1045 3054 1098 ἀλλ’
3081 1046 3168 1100 ἵνα
3197 1047 3484 1120 φιλοσοφῇς
3501 1068 3514 1081 ·
3542 1033 3798 1123 ἔθηκενὲπιο

2321 1125 2520 1197 θυμίαν
2553 1132 2688 1201 πρὸς
2732 1135 3104 1200 παιδοποιίαν,
3155 1139 3269 1192 ἀλλ’
3301 1140 3362 1193 οὐ
3412 1143 3538 1212 πρὸς
3570 1149 3794 1216 πορνείαν,

2308 1218 2412 1270 ’καὶ
2452 1223 2696 1291 μοιχείαν
2720 1239 2733 1252 ·
2774 1225 2940 1279 ἔδωκέ
2966 1244 3050 1280 σοι
3085 1228 3206 1282 νοῦν
3227 1272 3240 1296 ,
3273 1232 3370 1301 οὐχ
3406 1233 3488 1286 ἵνα
3517 1237 3654 1288 αὐτὸν
3685 1239 3796 1307 βλασ-

2319 1314 2526 1382 φημῇς,
2551 1314 2648 1384 οὐχ
2678 1315 2762 1369 ἵνα
2794 1315 3030 1389 λοίδορος
3049 1315 3134 1392 ᾖς,
3161 1321 3273 1374 ἀλλ’
3301 1323 3386 1376 ἵνα
3408 1325 3661 1396 εὐφημῇς·
3680 1330 3795 1384 ἔδωκε

2319 1402 2414 1454 καὶ
2442 1404 2722 1474 χρήματα,
2761 1407 2850 1460 ἵνα
2887 1411 2964 1472 εἰς
2990 1410 3107 1463 δέον
3139 1413 3321 1476 αὐτοῖς
3353 1415 3622 1486 χρώμεθα·
3652 1423 3722 1473 καὶ
3743 1424 3795 1475 ίσ-

2319 1493 2439 1562 χὺν,
2491 1494 2578 1547 ἵνα
2636 1498 2730 1550 καὶ
2789 1499 2962 1572 ταύτῃ
3025 1503 3106 1564 είς
3165 1503 3282 1558 δέον
3335 1499 3480 1575 ὦμεν
3527 1511 3794 1588 κεχρημένοι.

2331 1584 2584 1658 Ἐποίησε
2619 1589 2848 1660 τέχνας,
2883 1593 2970 1648 ἵνα
3011 1594 3122 1664 βίος
3160 1600 3481 1670 συνεστήκῃ,
3518 1601 3604 1672 οὐχ
3635 1603 3701 1655 ίνα
3724 1605 3796 1657 τῶν

2318 1677 2703 1746 πνευματικῶν
2731 1681 3169 1753 ἀποχωρίσωμεν
3222 1686 3469 1752 ἑαυτοὺς,
3515 1691 3601 1760 οὐχ
3632 1693 3698 1744 ἵνα
3716 1697 3796 1757 ταῖς

2321 1765 2608 1835 βαναύσοις
2625 1772 2977 1842 προσέχωμεν
2991 1774 3224 1845 τέχναις,
3251 1778 3388 1831 ἀλλά
3404 1783 3516 1844 ταῖς
3530 1784 3792 1850 ἀναγκαίαις·

2319 1856 2404 1909 ἵνα
2436 1857 2683 1930 ἀλλήλοις
2736 1864 3118 1936 ὑπηρετῶμεν,
3147 1869 3246 1939 οὐχ
3274 1869 3359 1922 ἵνα
3387 1870 3613 1943 ἀλλήλοις
3640 1876 3794 1929 {meou-

2329 1946 2594 2020 λεύωμεν.
2631 1952 2866 2007 Ἔδωκεν
2887 1954 3102 2027 ὄροφον,
3130 1958 3219 2012 ἴνα
3257 1961 3420 2031 στέγῃ
3451 1962 3535 2015 τὸν
3569 1963 3691 2017 ὑετὸν
3714 1984 3795 2019 :01-

2317 2041 2474 2095 οῦτον
2524 2044 2717 2113 μόνον,
2765 2047 2861 2116 οὐχ
2888 2036 2985 2100 ’ἵνα
3031 2049 3439 2122 καλλωπίζηται
3476 2043 3614 2118 οὗτος
3650 2057 3725 2125 μὲν
3743 2057 3794 2126 τῷ

2317 2137 2537 2206 χρυσῷ,
2579 2139 2607 2190 6
2632 2138 2690 2191 δὲ
2735 2139 2902 2211 πένης
2934 2141 3313 2214 διαφθείρηται
3353 2145 3429 2216 τῷ
3472 2146 3626 2218 λιμῷ·
3656 2150 3796 2202 ἔδωκεν

2321 2227 2528 2297 ἱμάτια,
2561 2229 2647 2281 ἵνα
2718 2230 3080 2302 σκεπώμεθα,
3123 2235 3223 2307 οὐχ
3269 2237 3356 2290 ἵνα
3396 2239 3795 2310 ἐπιδεικνυώμεθσ,

2316 2321 2414 2391 οὐχ
2439 2321 2527 2373 ἵνα
2551 2320 2724 2374 ταῦτα
2763 2323 2861 2394 μὲν
2953 2319 3085 2381 πολὺ
3112 2327 3307 2398 ἔχοντα
3343 2332 3552 2402 χρυσίον
3569 2375 3583 2398 ,
3605 2336 3628 2387 ὁ
3649 2335 3692 2387 δὲ
3708 2337 3796 2406 Χρι-

2319 2411 2443 2474 στὸς
2471 2414 2676 2483 γυμνὸς
2706 2415 3041 2488 ἁπολλύηται
3059 2434 3072 2447 ·
3101 2419 3270 2474 ἔδωκε
3303 2427 3512 2494 στέγην,
3536 2427 3620 2496 οὐχ
3642 2427 3709 2479 ἵνα
3733 2428 3798 2495 μό·

2316 2519 2406 2566 νος
2440 2503 2599 2576 ἔχῃς,
2631 2505 2746 2559 ἀλλ’
2777 2507 2862 2560 ἴνα
2897 2509 2991 2562 καὶ
3024 2510 3203 2575 ἄλλοις
3237 2516 3476 2587 παρέχῃς
3497 2534 3511 2548 ο
3541 2518 3678 2570 ἔδωκε
3702 2521 3794 2587 γῆν,

2313 2593 2412 2664 οὐχ
2433 2594 2520 2647 ἵνα
2550 2596 2613 2649 σὺ
2637 2597 2699 2650 τὸ
2727 2598 2888 2653 πλέον
2916 2601 3084 2673 αὐτῆς
3112 2603 3536 2678 ὑποτεμνόμενος
3557 2611 3625 2674 είς
3651 2610 3792 2682 πόρνας

2314 2686 2408 2738 καὶ
2455 2686 2724 2756 ὀρχηστὰς
2771 2690 2866 2743 καὶ
2913 2691 3112 2762 μίμους
3155 2696 3250 2749 καὶ
3287 2698 3516 2770 αὐλητάς
3554 2703 3634 2753 καὶ
3663 2701 3794 2770 κιθαρ-

2312 2777 2483 2846 ῳδοὺς
2511 2778 2806 2851 ἀναλίσκῃς
2838 2783 2906 2836 τὰ
2934 2783 3026 2836 τοῦ
3049 2785 3182 2839 Θεοῦ
3203 2789 3405 2857 ἀγαθὰ,
3422 2791 3527 2844 ἀλλ’
3544 2795 3608 2856 εἰς
3636 2792 3794 2844 πεινῶν-

2311 2885 2408 2930 τας
2433 2870 2528 2923 καὶ
2553 2871 2862 2942 δεομένους.
2909 2877 3116 2932 Ἔδωκέ
3148 2897 3228 2933 σοι
3261 2880 3538 2946 θάλατταν,
3564 2885 3638 2938 ἵνα
3659 2885 3791 2954 πλέῃς,

2311 2958 2398 3013 ἵνα
2441 2963 2516 3032 μὴ
2559 2964 2775 3037 κάμνῃς
2807 2966 3122 3039 ὁδοιπορῶν,
3161 2973 3262 3043 οὐχ
3305 2974 3388 3029 ἵνα
3417 2975 3708 3047 περιεργάζῃ
3729 2975 3792 3026 αὐ·

2309 3052 2409 3121 τῆς
2453 3053 2521 3107 τὰ
2562 3055 2722 3127 βάθη,
2770 3058 2866 3111 καὶ
2903 3058 3083 3124 λίθους
3126 3065 3218 3116 καὶ
3267 3066 3366 3120 ὅσα
3413 3066 3616 3121 τοιαῦτα
3645 3066 3792 3121 ἐκεῖθεν

2308 3145 2614 3220 ἀναφέρῃς,
2672 3149 2782 3204 οὐδ’
2824 3151 2911 3205 ἵνα
2955 3153 3112 3224 ἔργον
3157 3156 3318 3212 τοῦτο
3373 3163 3516 3232 ποιῇ.
3562 3159 3692 3222 Τίνος
3730 3152 3791 3210 οὖν

2307 3237 2523 3302 ἕνεκεν,
2579 3241 2776 3312 φησὶν,
2813 3243 2862 3296 οἱ
2906 3243 3074 3312 λίθοι;
3115 3248 3252 3302 Εἰπὲ
3302 3251 3364 3322 δή
3401 3269 3486 3321 μοι
3522 3242 3793 3321 μᾶλλο·ι’σῦ,

2305 3327 2449 3393 τίνος
2485 3329 2669 3386 ἕνεκεν
2715 3334 2764 3386 οί
2802 3333 2970 3402 λίθοι,
3019 3341 3112 3393 καὶ
3156 3341 3275 3404 πῶς
3303 3341 3470 3406 οὕτως
3507 3343 3627 3396 εἰσὶν
3653 3343 3792 3393 ἐκεῖνοι

2307 3421 2630 3495 βαρύτιμοι;
2663 3422 2771 3498 ἆρα
2808 3434 2874 3501 τῇ
2914 3431 3170 3504 δυνάμεις
3217 3432 3329 3508 ἆρα
3364 3441 3427 3509 τῇ
3467 3440 3660 3510 χρήσει;
3688 3435 3792 3490 Μᾶλ-

2303 3513 2393 3568 λον
2417 3516 2514 3584 μὲν
2543 3513 2636 3571 οὖν
2662 3521 2711 3572 οί
2748 3521 2821 3594 μὴ
2844 3522 3072 3578 τοιοῦτοι
3101 3527 3383 3599 χρήσιμοι.
3417 3533 3475 3584 Οί
3511 3531 3596 3600 μὲν
3618 3530 3702 3598 γὰρ
3721 3527 3790 3578 κᾶν

2304 3604 2438 3674 πρὸς
2464 3606 2749 3678 οἰκοδομὴν
2781 3611 3197 3680 συμϐάλλονται.
3238 3619 3434 3673 ἐκεῖνοι
3455 3619 3507 3672 δὲ
3529 3620 3645 3689 πρὸς
3666 3615 3787 3670 οὐδέν.

2302 3695 2413 3748 Καὶ
2437 3689 2583 3750 οὗτοι
2625 3700 2847 3755 ἐκείνων
2893 3705 3248 3776 ἰσχυρότεροι.
3291 3710 3427 3763 Ἀλλ’
3467 3713 3654 3774 ἐκεῖνοι,
3680 3707 3788 3777 φησὶν

2302 3783 2494 3850 κάλλος
2524 3788 2865 3858 ἐργάζονται.
2913 3793 3064 3860 Πῶς;
3100 3796 3418 3868 ὑπολήψεώς
3457 3801 3562 3852 ἐστι
3599 3795 3720 3870 [282]
3745 3794 3788 3847 τδ

2300 3875 2477 3946 ἔργον.
2522 3882 2843 3953 Λευκότεροί
2877 3885 3045 3950 εἰσιν;
3107 3885 3244 3941 Ἀλλ’
3285 3891 3382 3944 οὐκ
3427 3892 3524 3943 εἰσὶ
3564 3890 3786 3961 μαρμὰρσδ

2298 3965 2393 4020 τοῦ
2427 3971 2634 4040 σφόδρα
2658 3972 2853 4027 λευκοῦ
2890 3976 3220 4050 λευκότεροι,
3254 3981 3369 4036 ἀλλ’
3398 3983 3513 4036 οὐδὲ
3548 3982 3651 4034 ἴσοι.
3689 3978 3776 4031 Ἀλλ

2300 4060 2676 4133 ίσχυρὸτεροι;
2725 4065 2864 4119 Ἀλλ’
2919 4069 3038 4122 οὐδὲ
3089 4071 3246 4126 τοῦτο
3297 4073 3407 4143 ἔχοι
3449 4092 3526 4129 τις
3560 4073 3615 4127 ἂν
3647 4072 3784 4124 εἰπεῖν.

2310 4152 2467 4206 Ἀλλὰ
2517 4155 2953 4231 χρησιμώτεροι;
3021 4163 3156 4217 ἀλλὰ
3215 4167 3472 4236 μείζουςς
3534 4165 3652 4218 Ἀλλ’
3699 4159 3786 4214 οὐδὲ

2292 4243 2472 4298 τοῦτο.
2503 4247 2671 4300 Πόθεν
2699 4245 2791 4303 οῦν
2816 4251 3272 4328 ὲθαυμάσθησαν;
3324 4259 3459 4312 Ἀλλ’
3485 4259 3575 4312 οὐκ
3603 4253 3782 4313 ἄλλοθενι

2291 4334 2405 4388 ἀλλ’
2440 4335 2472 4405 ἢ
2513 4337 2620 4390 ἀπὸ
2661 4339 3000 4413 ὑπολήψεως.
3037 4347 3097 4400 Εἰ
3126 4347 3235 4420 γὰρ
3274 4351 3406 4422 μήτε
3435 4349 3655 4409 καλλίους
3686 4344 3782 4397 εἰσιν

2293 4421 2632 4496 (εὑρήσομεν
2665 4429 2773 4502 γὰρ
2814 4435 2990 4488 αὐτῶν
3021 4441 3510 4511 περιφανεστέρους
3544 4439 3624 4492 καὶ
3646 4437 3783 4489 λευκο-

2291 4513 2541 4584 τέρους),
2589 4519 2727 4590 μήτε
2762 4523 3057 4594 χρήσιμοι,
3094 4530 3231 4600 μήτε
3286 4531 3628 4602 ἰσχυρότεροι,
3665 4524 3781 4578 77595?

2290 4605 2464 4672 οὕτως
2505 4609 2964 4686 ἐθαυμάσθησαν;
2997 4619 3117 4690 οὐχὶ
3146 4622 3254 4676 61:6
3293 4624 3594 4695 ὑπολήψεως
3631 4621 3754 4692 μόνης
3767 4632 3779 4679 ἑ

2291 4698 2445 4763 Τίνος
2468 4695 2559 4754 οὗν
2592 4703 2776 4758 ἕνεκεν
2806 4705 3005 4762 ἔδωκεν
3031 4712 3263 4778 αὐτούς;
3303 4716 3416 4768 Οὐκ
3444 4715 3591 4778 αὐτὸς
3616 4713 3778 4769 ἔδωκεν,

2289 4787 2426 4842 ἀλλὰ
2467 4791 2532 4843 σὺ
2566 4792 2822 4863 ἐνόμισας
2859 4798 3001 4868 μέγα
3031 4817 3083 4852 τι
3119 4799 3279 4857 εἶναι.
3321 4805 3385 4856 Τί
3415 4801 3521 4865 οὖν,
3551 4804 3699 4872 φησὶν.
3723 4799 3781 4850 ὅτι

2288 4883 2382 4934 καὶ
2414 4883 2447 4952 ἡ
2492 4882 2682 4954 Γραφὴ
2711 4887 2933 4954 τούτους
2971 4891 3272 4962 θαυμάζει;
3301 4895 3442 4965 Πρὸς
3461 4895 3551 4965 τὴν
3576 4888 3781 4957 ὑπόληψιν

2286 4971 2471 5026 λοιπὸν
2494 4975 2798 5044 διαλέγεται
2823 4980 2922 5050 τὴν
2945 4982 3064 5052 σήν.
3104 4984 3254 5037 Ἐπεὶ
3275 4986 3367 5040 καὶ
3395 4983 3673 5043 διδάσκαλος
3690 4994 3776 5028 παι·

2284 5066 2380 5138 δίῳ
2411 5067 2819 5139 διαλεγόμενος,
2852 5073 2922 5126 τὰ
2947 5073 3084 5128 αῦτά
3119 5076 3312 5147 ἐκείνῳ
3350 5074 3597 5146 πολλαχοῦ
3621 5067 3778 5136 θαυμά-

2285 5158 2404 5226 ζει,
2444 5161 2570 5216 ὅταν
2615 5162 2747 5216 αὐτὸ
2773 5163 3025 5234 βούληται
3063 5169 3464 5223 ἐπισπάσασθαι
3507 5167 3592 5221 καὶ
3618 5165 3777 5227 ὕπατε·

2281 5251 2496 5320 γέσθαι.
2539 5254 2604 5306 Τί
2647 5254 2841 5319 κάλλος
2881 5255 3158 5328 ἐπιζητεῖς
3211 5261 3466 5331 ίματίων;
3514 5255 3701 5329 Ἱματίῳ
3734 5265 3776 5301 σε

2283 5342 2546 5412 περίϐαλε
2581 5345 2676 5398 καὶ
2707 5346 3048 5418 ὑποδήμασιν
3068 5367 3084 5382 ·
3113 5351 3326 5418 τούτοις
3363 5350 3575 5424 κοσμοῦ,
3602 5351 3648 5402 ἐν
3684 5340 3776 5396 :96-

2279 5449 2391 5498 τοις
2434 5435 2626 5502 ἀρκοῦ.
2689 5436 3049 5508 Ἐπιθυμητὰ
3091 5445 3120 5497 6
3175 5444 3337 5499 Δαυῖδ
3389 5448 3532 5512 ὑπὲρ
3575 5436 3777 5510 χρυσίον

2281 5524 2435 5594 φησὶ,
2456 5527 2550 5579 καί
2566 5529 2740 5580 λίθον
2755 5529 2946 5598 τίμιον
2965 5532 3166 5588 πολὺν
3183 5537 3255 5588 τὰ
3270 5537 3514 5605 κρίματα
3533 5531 3625 5586 τοῦ
3645 5521 3772 5580 Θεοῦ.

2280 5615 2465 5670 Ταῦτα
2500 5616 2555 5670 δὲ
2583 5617 2684 5670 ποῦ
2724 5619 2880 5689 λόγον
2919 5622 2984 5676 ἂν
3018 5623 3163 5696 ἔχοι;
3193 5627 3306 5680 Οὐκ
3338 5627 3450 5680 ἔστι
3481 5622 3648 5681 ταῦτα.
3674 5618 3776 5682 ἀπ’

2281 5707 2474 5775 πητοὶ,
2505 5710 2747 5780 χρήσιμα
2769 5728 2782 5742 ·
2827 5714 2877 5766 εἰ
2909 5715 3153 5787 χρήσιμα
3189 5713 3276 5789 ἦν,
3321 5719 3419 5772 οὐκ
3451 5716 3511 5770 ἃν
3545 5710 3776 5766 ἐκέλευσεν

2280 5795 2460 5853 αὐτῶν
2491 5805 2850 5874 καταφρονεῖν
2874 5821 2888 5836 ·
2942 5805 3078 5863 ἀλλὰ
3122 5808 3258 5880 πρὸς
3290 5809 3388 5880 τὴν
3434 5804 3670 5873 ὑπόληψιν
3699 5793 3774 5860 τὴν
