3974 6542
201 402 309 457 26!

199 517 545 587 iuventutem
588 508 799 573 redire,
848 514 1010 576 atque
1061 503 1218 573 hujus
1265 500 1343 557 rei
1394 498 1783 568 consequendat

198 620 370 661 causa
404 604 555 659 facile
584 600 762 655 omnia
788 596 959 660 dare;
991 610 1112 648 cum
1159 608 1287 647 vero
1334 590 1493 645 liceat
1531 587 1788 658 consequi

196 699 573 767 juventutem.
600 692 684 746 cui
717 705 822 744 non
851 688 1101 743 succedat
1138 693 1424 749 senectus,
1453 681 1787 750 iuventutem

200 789 388 849 multis
410 803 534 843 cum
560 785 761 841 divitiis
786 781 1122 852 conjunctam
1146 778 1422 847 multoque
1446 773 1786 838 vivaciorem,

198 896 305 936 nec
346 880 567 950 paulum
610 875 863 947 quiddam
916 872 1057 928 velle
1085 870 1250 937 dare,
1296 866 1391 923 sed
1421 881 1484 923 ea
1516 864 1748 921 retinere
1771 904 1787 929 ,

196 990 325 1043 qua:
378 971 539 1027 etiam
592 969 645 1023 in
686 965 936 1038 prtesenti
987 963 1119 1019 nihil
1171 959 1431 1033 prosunt?
1488 956 1568 1011 Ex
1620 964 1793 1010 morte

197 1067 447 1121 eximere
492 1074 545 1118 te
575 1078 679 1115 non
711 1068 966 1131 possunt,
1020 1071 1124 1111 non
1157 1053 1400 1110 morbum
1430 1048 1746 1119 propulsare
1773 1086 1790 1113 ,

198 1177 312 1216 non
350 1156 639 1229 prohibere
666 1161 993 1209 senectutem
1019 1191 1035 1216 ,
1065 1157 1156 1202 aut
1196 1143 1489 1214 quidquam
1519 1138 1663 1194 aliud
1694 1153 1791 1194 eo-

194 1267 359 1314 rum,
414 1263 533 1319 qua:
588 1244 894 1301 necessario
923 1251 976 1293 et
1022 1235 1316 1292 secundum
1365 1245 1569 1287 naturae
1619 1232 1789 1319 legem

191 1318 493 1407 accidunt,
529 1350 588 1396 et
616 1338 789 1393 adhuc
830 1332 936 1386 illis
981 1327 1197 1384 hteres?
1230 1325 1428 1397 Ecquid
1479 1318 1660 1379 lucri?
1706 1324 1792 1378 dic

193 1435 361 1491 mihi.
412 1434 544 1487 Hinc
583 1426 847 1491 ebrietas,
880 1423 1146 1487 edacitas,
1181 1419 1454 1475 obscaena!
1494 1432 1557 1472 ac
1607 1416 1790 1469 multi-

190 1530 368 1600 plices
412 1525 743 1592 voluptates,
795 1533 915 1589 qua:
960 1515 1129 1585 magis
1174 1527 1333 1584 quam
1381 1511 1547 1565 amari
1587 1508 1791 1564 domini

192 1636 302 1676 nos
332 1613 683 1673 excruciant?
728 1610 854 1665 llaec
881 1607 1055 1664 solum
1084 1621 1150 1661 ex
1200 1603 1402 1660 divitiis
1432 1602 1630 1657 lucrari
1664 1616 1789 1671 pos-

188 1725 407 1773 sumus,
434 1706 575 1761 aliud
605 1719 735 1760 vero
765 1701 929 1769 nihil,
953 1697 1384 1770 quandoquidem
1408 1696 1479 1750 ita
1505 1695 1751 1750 volumus
1775 1711 1788 1747 :

190 1816 327 1857 nam
371 1799 418 1854 si
471 1798 693 1860 liberet,
744 1791 935 1848 emtum
985 1803 1118 1844 sane
1149 1788 1323 1858 ipsum
1352 1785 1550 1841 divitiis
1595 1799 1789 1839 conse-

186 1907 509 1965 queremur.
572 1890 713 1960 Ergo
756 1886 991 1949 bonum,
1038 1881 1248 1952 inquit,
1279 1879 1499 1935 divitiae.
1545 1876 1661 1931 Non
1691 1874 1793 1931 hoc

186 1987 403 2041 divitia:
426 1988 712 2055 priestant,
736 1976 832 2035 sed
859 1973 1187 2048 possessoris
1216 1971 1500 2027 consilium
1521 1977 1576 2025 et
1601 1968 1793 2023 volun—

182 2082 303 2135 tas.
340 2077 591 2132 Liberum
631 2072 772 2128 enim
805 2068 1085 2125 arbitrium
1116 2079 1238 2122 esse
1286 2064 1429 2134 quod
1460 2062 1562 2118 hoc
1588 2061 1788 2128 faciat,

189 2172 284 2227 vel
334 2169 467 2225 hinc
510 2168 634 2223 licet
675 2162 1139 2228 animadvertere,
1186 2157 1329 2229 quod
1376 2157 1537 2212 etiam
1590 2170 1793 2225 pauper

191 2266 317 2321 eaali
347 2263 501 2319 adire
538 2258 891 2315 hereditatem
936 2253 1130 2327 possit.
1179 2251 1390 2306 Etenim
1418 2289 1433 2314 ,
1464 2248 1608 2319 quod
1649 2262 1793 2317 saepe

190 2356 308 2412 dixi
338 2397 354 2420 ,
385 2369 494 2409 non
526 2363 834 2407 mensuram
881 2360 1060 2401 rcrttm
1108 2358 1228 2414 quae
1256 2342 1451 2396 dantur
1480 2341 1622 2395 Deus
1670 2355 1793 2409 spe-

190 2458 350 2515 ctat,
386 2443 485 2501 sed
535 2443 771 2498 animum
814 2437 1058 2493 dantium
1101 2449 1115 2489 :
1166 2433 1291 2488 licet
1340 2442 1397 2487 et
1437 2430 1700 2502 pauperi,
1734 2439 1789 2484 et

193 2553 372 2612 pauca
404 2535 555 2591 danti
603 2540 773 2587 totum
807 2525 1085 2595 consequi.
1119 2524 1300 2595 Exigit
1342 2522 1489 2579 enim
1524 2522 1664 2577 Deus
1696 2535 1793 2590 pro

192 2631 466 2701 cujusque
493 2624 745 2681 facultate
770 2636 784 2673 :
811 2634 984 2689 neque
1006 2616 1207 2671 divitia:
1234 2630 1454 2685 regnum
1479 2612 1787 2676 conciliant,

194 2738 381 2792 neque
410 2726 701 2791 paupertas
745 2712 1085 2784 gehennam,
1117 2708 1210 2763 sed
1243 2718 1468 2777 utraque
1497 2706 1671 2761 bonus
1691 2745 1706 2771 ,
1739 2712 1795 2759 et

194 2817 379 2872 malus
408 2813 640 2867 animus.
679 2808 831 2862 llunc
860 2806 1022 2876 igitur
1051 2801 1415 2872 corrigamus,
1445 2799 1590 2855 hunc
1636 2814 1789 2855 com-

192 2921 471 2979 ponamus
490 2945 506 2970 ,
536 2903 679 2956 hunc
699 2899 861 2954 talem
885 2895 1098 2968 qualem
1118 2908 1238 2949 esse
1263 2892 1419 2949 decet
1442 2900 1793 2962 praestemus;

195 3013 373 3071 atque
396 2995 576 3051 omnia
598 3002 757 3049 erunt
780 2990 935 3045 nobis
964 2987 1159 3043 facilia.
1191 2984 1324 3041 Nam
1345 2982 1795 3055 quemadmodum

196 3091 409 3147 artifex
434 3130 450 3150 .
484 3089 599 3143 sive
648 3085 875 3140 ferream
903 3082 1016 3136 sive
1045 3093 1263 3134 auream
1296 3077 1527 3133 securim
1554 3075 1749 3130 habeat
1769 3115 1785 3139 ,

197 3199 367 3254 atque
390 3182 529 3252 ligna
553 3176 716 3233 credit
743 3190 807 3231 ac
836 3173 1014 3239 dolat,
1046 3173 1154 3227 imo
1180 3169 1390 3225 facilius
1415 3168 1576 3225 etiam
1605 3168 1658 3223 in
1689 3166 1797 3222 fer-

196 3294 307 3334 ro:
346 3276 417 3330 ita
450 3283 504 3329 et
531 3272 617 3327 hic
644 3270 803 3340 longe
828 3266 1030 3322 facilius
1058 3280 1155 3335 per
1179 3271 1549 3334 paupertatem
1581 3269 1799 3330 paratur

195 3372 405 3424 virtus.
438 3364 571 3420 Nam
602 3362 669 3418 de
688 3360 890 3416 divitiis
917 3358 1130 3429 quidem
1158 3355 1402 3411 Christus
1425 3354 1533 3419 ait,
1567 3352 1799 3407 Facilius

195 3473 277 3516 est
307 3457 562 3513 camelutn
592 3471 682 3525 per
711 3457 942 3525 foramen
971 3466 1094 3503 acus
1124 3448 1367 3514 transire,
1399 3462 1551 3517 quant
1594 3445 1801 3499 divitem

196 3553 259 3608 in
289 3567 508 3622 regnum
537 3545 776 3602 calorum
822 3542 1035 3615 (Matth.
1071 3541 1159 3596 19.
1190 3539 1285 3610 ΞΙι)
1329 3556 1344 3593 :
1376 3537 1444 3594 de
1490 3545 1801 3608 panper-tate

199 3662 338 3701 vero
368 3642 501 3697 nihil
551 3636 858 3709 hujusmodi
900 3633 1295 3706 pronuntiavit,
1324 3631 1418 3686 sed
1450 3631 1627 3702 potius
1667 3646 1799 3685 con-

197 3750 286 3794 tra
320 3758 335 3793 :
384 3734 552 3789 Vende
582 3732 754 3787 omnia
782 3745 895 3796 qua:
925 3729 1078 3782 habes
1099 3768 1113 3789 ,
1147 3734 1191 3780 et
1234 3726 1302 3778 da
1349 3723 1660 3795 pauperibus
1693 3764 1707 3787 ,
1755 3733 1803 3776 et

199 3832 344 3895 veni,
380 3836 427 3881 et
475 3841 682 3896 sequere
724 3838 802 3875 me
829 3819 1020 3891 (Marc.
1053 3818 1138 3873 l0.
1180 3816 1307 3889 Si);
1356 3825 1538 3885 utpote
1584 3830 1705 3870 cum
1736 3830 1800 3869 ex

199 3920 505 3978 voluntatis
546 3916 809 3973 electione
840 3913 931 3966 fiat
977 3920 1034 3965 ut
1063 3920 1321 3981 sequatur
1353 3908 1657 3963 Dominum.

279 4016 335 4068 5.
382 4014 526 4081 Ergo
557 4014 923 4079 paupertatem
956 4018 1021 4057 ne
1071 4000 1333 4072 fugiamus
1378 4010 1652 4071 tamquam
1687 4018 1795 4055 tua-

200 4108 361 4171 lum;
389 4113 474 4159 est
497 4102 643 4156 enim
671 4095 1003 4153 conciliatrix
1035 4092 1186 4164 regni
1218 4110 1232 4145 :
1263 4108 1436 4162 neque
1468 4093 1592 4147 item
1620 4107 1803 4163 perse-

200 4209 444 4267 quamur
472 4190 689 4246 divitias
714 4198 769 4242 ut
800 4185 996 4240 bonum
1022 4199 1038 4249 ;
1072 4183 1319 4238 incautos
1345 4183 1489 4236 enim
1523 4182 1753 4253 perdunt
1780 4199 1796 4235 :

202 4288 307 4343 sed
360 4286 563 4354 ubique
607 4279 800 4336 oculos
847 4276 916 4331 ad
966 4275 1134 4331 Deum
1180 4272 1555 4338 intendentes,
1589 4283 1804 4327 utamur

204 4383 351 4435 sicut
378 4374 637 4432 convenit
690 4372 756 4427 iis
777 4412 792 4435 .
824 4384 946 4439 qua:
988 4369 1057 4423 ab
1084 4368 1178 4422 illo
1224 4368 1379 4422 nobis
1410 4366 1601 4420 tributa
1635 4375 1762 4420 sunt
1788 4408 1802 4431 ,

202 4481 271 4527 et
295 4468 538 4540 corporis
561 4465 757 4521 robore
776 4503 791 4527 ,
832 4470 884 4516 et
912 4459 1236 4514 abundantia
1268 4458 1572 4513 divitiarum
1600 4498 1614 4521 _.
1645 4470 1805 4512 cauc-

210 4563 409 4632 risque
452 4558 610 4613 rebus
639 4555 913 4611 omnibus.
948 4550 1255 4607 Absurdum
1300 4549 1444 4604 enim
1474 4550 1632 4620 plane
1676 4560 1757 4603 est
1787 4591 1803 4614 ,

205 4668 342 4708 cum
374 4652 442 4704 ab
467 4651 580 4720 ipso
609 4647 731 4702 facti
761 4646 928 4700 simus
950 4685 963 4706 ,
993 4658 1102 4698 non
1145 4642 1193 4697 ei
1234 4643 1323 4713 qui
1354 4657 1454 4695 nos
1500 4641 1625 4696 fecit
1647 4682 1664 4706 ,
1711 4642 1806 4695 sed

203 4747 336 4801 aliis
378 4743 568 4799 istth
595 4739 789 4796 utenda
822 4736 1087 4809 praebere.
1140 4735 1291 4791 Fecit
1320 4736 1411 4791 tibi
1441 4736 1672 4791 oculos?
1702 4737 1809 4790 llos

209 4841 317 4912 ipsi
350 4847 547 4908 praesta
574 4878 590 4902 ,
624 4836 808 4907 przebe
851 4830 1104 4887 utendum
1128 4872 1142 4895 ,
1190 4845 1297 4883 non
1346 4840 1524 4885 autem
1571 4829 1805 4885 diabolo.

207 4930 507 5000 Quomodo
535 4936 714 4982 autem
750 4926 858 4980 Deo
884 4922 1191 4994 praebebis?
1213 4921 1386 4992 Opera
1416 4920 1583 4991 ipsius
1627 4923 1807 4976 consi-

205 5028 414 5080 tlurans
441 5032 498 5076 et
542 5022 716 5089 ipsum
762 5016 1106 5088 ginrilicans.
1139 5013 1414 5068 abducens
1439 5029 1567 5068 vero
1612 5018 1640 5068 a
1691 5030 1810 5067 ntu-

212 5120 412 5171 lierum
442 5110 688 5183 aspectu.
719 5109 867 5164 Fecit
888 5108 985 5161 tibi
1009 5109 1238 5162 manus?
1265 5105 1368 5159 llas
1390 5104 1486 5175 ipsi
1513 5107 1808 5175 possideto.

209 5225 325 5262 non
354 5205 574 5261 diabolo
605 5221 617 5258 :
648 5216 752 5256 non
781 5214 873 5255 eas
910 5198 975 5253 ad
1007 5199 1224 5268 rapinas
1250 5212 1311 5251 ac
1342 5197 1551 5267 prasdas
1572 5240 1588 5263 ,
1620 5199 1712 5253 sed
1745 5200 1809 5253 ad

210 5300 477 5357 mandata
509 5294 750 5351 facienda
771 5334 786 5358 ,
822 5292 887 5346 ad
921 5291 1173 5346 beneficia
1202 5289 1527 5345 conferenda
1556 5301 1716 5360 atque
1744 5292 1810 5361 ad

212 5408 417 5465 preces
460 5388 706 5445 assiduas
751 5384 1051 5441 extendens
1077 5424 1092 5447 ,
1125 5383 1189 5436 ad
1221 5398 1316 5437 eos
1364 5384 1454 5453 qtti
1503 5385 1815 5440 ceciderunt

211 5483 533 5556 erigendos.
588 5479 743 5534 Fecit
791 5476 885 5531 tibi
927 5475 1131 5530 aures?
1178 5475 1283 5529 llas
1314 5475 1412 5546 ipsi
1460 5475 1673 5546 praebe,
1707 5494 1813 5533 non

213 5577 471 5635 infractis
496 5588 558 5628 ac
584 5570 836 5626 mollibus
865 5568 1171 5636 cantilenis,
1196 5583 1304 5622 non
1337 5569 1573 5639 turpium
1604 5583 1815 5623 sermo-

215 5688 353 5726 num
407 5664 709 5729 auditioni;
745 5663 924 5716 Omnis
967 5661 1110 5716 enim
1157 5663 1410 5716 enarratio
1449 5672 1574 5729 tua,
1607 5663 1773 5732 inquit
1798 5704 1814 5730 ,

218 5767 280 5817 in
307 5764 422 5831 lege
451 5756 701 5813 tutissimi
723 5771 743 5820 ;
772 5764 825 5808 et
850 5769 1042 5808 rursus
1067 5796 1082 5819 ,
1112 5753 1179 5806 In
1209 5754 1531 5808 multitudine
1557 5796 1572 5819 ,
1603 5755 1772 5824 inquit
1800 5795 1815 5819 ,

111 5875 123 5890 ο
219 5856 493 5912 seniorum
530 5860 611 5904 sta
635 5890 650 5915 ,
676 5857 723 5901 et
746 5847 790 5900 si
834 5847 946 5916 quis
992 5846 1194 5916 sapiens
1220 5849 1371 5918 fuerit
1401 5890 1416 5917 ,
1449 5849 1495 5903 ei
1520 5858 1567 5903 le
1592 5850 1813 5922 adjutth

549 5955 825 6014 Ριτιιοι..
869 5954 911 6013 G
928 5973 986 6014 ιι.
1035 5952 1220 6015 LXII.

1063 389 1129 444 IN
1166 386 1384 445 EPIST.
1425 386 1517 442 AD
1552 385 1842 442 PHILIPP.
1886 385 2039 442 CAP.
2084 386 2171 441 lll.
2210 343 2444 446 ilOdilL.
2484 389 2552 444 Χ.

3376 396 3485 459 269.

1899 497 2090 569 (Eccli.
2124 498 2174 553 9.
2207 500 2298 555 25.
2327 514 2375 557 et
2410 503 2463 558 6.
2492 502 2603 572 55).
2650 503 2797 559 Fecit
2830 503 2922 559 tibi
2954 505 3054 560 os?
3098 504 3173 559 Ex
3214 503 3314 562 hoc
3347 509 3481 568 nihil

1900 591 2164 661 prodeat,
2195 595 2337 664 quod
2369 596 2480 651 Deo
2509 612 2614 651 non
2654 597 2941 667 probetur,
2977 598 3071 653 sed
3115 599 3442 669 psalmodias
3463 645 3481 671 ,

1899 682 2160 754 hymnos,
2192 684 2324 741 odas
2353 698 2510 742 canat
2538 689 2842 758 spirituales
2863 730 2879 756 ,
2914 689 2980 745 Ut
3009 690 3087 744 det
3117 695 3361 762 gratiam,
3396 695 3483 749 in-

1898 775 2013 845 quit
2035 815 2051 839 ,
2080 777 2397 832 audientibus
2429 777 2649 849 (Ep/tes.
2680 780 2732 835 4.
2762 780 2876 853 29),
2908 782 2976 837 ad
3003 782 3347 850 lulciendum,
3377 803 3481 842 non

1899 868 1966 922 ad
2005 871 2389 937 evertendum;
2419 872 2483 925 ad
2537 872 2993 943 benedicendum,
3036 894 3141 933 non
3173 879 3237 933 ad
3263 881 3484 936 maledi-

1898 959 2161 1025 cendum;
2198 978 2301 1017 non
2328 964 2393 1017 ad
2422 965 2709 1021 struendas
2740 967 2992 1033 insidias,
3029 970 3125 1026 sed
3151 983 3336 1027 contra
3370 990 3486 1029 om-

1899 1050 2050 1106 nino.
2079 1052 2230 1109 Fecit
2261 1053 2353 1110 tibi
2378 1055 2541 1124 pedes
2567 1096 2581 1121 ,
2612 1072 2716 1112 non
2746 1067 2803 1112 ut
2831 1074 3090 1130 properes
3117 1062 3189 1117 ad
3221 1065 3483 1120 vitiosita-

1900 1152 2037 1210 tem,
2062 1146 2158 1201 sed
2191 1146 2258 1201 ad
2284 1148 2425 1203 bona
2452 1167 2465 1203 :
2495 1148 2619 1204 fecit
2651 1149 2744 1203 tibi
2774 1159 3014 1206 ventrem
3042 1193 3058 1218 ,
3084 1169 3190 1208 non
3221 1166 3274 1210 ut
3308 1156 3481 1227 ipsum

1898 1250 2138 1307 rumpas,
2165 1237 2260 1293 sed
2284 1248 2341 1294 ut
2368 1240 2795 1310 pbilosophicant
2824 1257 3080 1299 exerceas
3103 1245 3444 1303 sobrietatem
3468 1266 3481 1301 :

1898 1326 2091 1382 indidit
2117 1329 2463 1399 cupiditatem
2488 1331 2553 1386 ad
2589 1320 2880 1387 liberorum
2908 1336 3358 1404 procreatiunem,
3389 1340 3482 1393 sed

1896 1433 2002 1471 non
2031 1418 2098 1473 ad
2125 1421 2508 1483 scortalionetn
2550 1432 2604 1477 et
2632 1424 2953 1480 adulterium
2982 1444 2996 1481 :
3026 1427 3175 1482 dedit
3204 1428 3297 1483 tibi
3329 1446 3481 1484 men-

1898 1517 2003 1563 tem
2029 1552 2043 1574 ,
2078 1523 2266 1566 nonut
2310 1513 2700 1584 blaSpltemiam
2742 1517 2795 1571 iu
2835 1518 3007 1588 ipsum
3049 1519 3252 1587 jacias,
3290 1536 3394 1575 non
3429 1534 3486 1577 ut

1896 1598 1971 1652 sis
2000 1602 2368 1669 conviciator,
2416 1605 2511 1660 sed
2542 1616 2597 1660 ut
2641 1607 2778 1665 bene
2826 1610 3012 1665 dicas:
3046 1610 3196 1665 dedit
3222 1622 3276 1666 et
3318 1628 3482 1681 pecn-

1898 1691 2046 1755 nias,
2094 1703 2151 1747 ut
2199 1711 2305 1763 quo
2352 1706 2567 1767 oportet
2616 1698 2746 1768 ipsis
2796 1709 3040 1767 utamur;
3073 1704 3370 1773 eademque
3417 1707 3484 1761 de

1896 1801 2055 1841 eausa
2088 1790 2235 1844 vires
2275 1789 2445 1846 dedit.
2478 1793 2627 1847 Fecit
2654 1803 2798 1849 artes
2821 1838 2837 1861 ,
2864 1804 2921 1849 ut
2968 1796 3073 1849 vita
3103 1806 3435 1852 sustentetur
3464 1840 3480 1862 ,

1898 1896 2002 1934 non
2054 1891 2111 1936 ut
2155 1897 2185 1935 a
2215 1883 2381 1940 rebus
2409 1884 2475 1939 ad
2504 1885 2752 1955 Spiritum
2783 1887 3176 1957 pertinentibus
3206 1904 3306 1943 nos
3339 1890 3485 1958 ipsos

1896 1987 2182 2030 avocemus
2207 2017 2222 2037 .
2270 1991 2376 2030 non
2408 1986 2467 2033 ut
2508 1979 2743 2035 sordidis
2772 1981 2980 2037 artibus
3006 1997 3223 2053 operam
3254 1982 3481 2050 demus.

1896 2065 1989 2119 sed
2037 2066 2356 2121 necessariis
2379 2109 2395 2134 ,
2425 2078 2482 2122 ut
2526 2069 2682 2124 nobis
2726 2081 2965 2126 mutuam
2997 2087 3154 2144 opem
3206 2072 3440 2131 feramus
3465 2117 3482 2141 ,

1899 2170 2003 2207 non
2052 2164 2109 2208 ut
2156 2155 2495 2212 insidiemur.
2553 2158 2709 2214 Dedit
2740 2170 2938 2216 tectum
2993 2178 3059 2218 eo
3104 2163 3383 2220 dumtaxat
3429 2174 3488 2220 ιιι

1897 2256 2078 2300 arceat
2106 2246 2345 2317 pluviam
2365 2289 2383 2312 ,
2418 2263 2525 2302 non
2552 2257 2610 2302 ut
2636 2248 2808 2319 ipsum
2836 2253 3053 2320 quidem
3076 2264 3302 2310 ornetur
3329 2272 3483 2321 auro,

1900 2352 2101 2407 pauper
2132 2351 2258 2392 vero
2288 2348 2472 2406 pereat
2505 2338 2682 2395 fame:
2714 2340 2864 2396 dedit
2888 2352 3099 2410 vestes,
3133 2357 3191 2399 ut
3222 2358 3483 2419 tegantur,

1898 2441 2005 2479 non
2036 2436 2093 2480 ut
2118 2435 2489 2495 ostentemus,
2531 2444 2636 2484 non
2670 2439 2727 2484 ut
2771 2431 2877 2487 illae
2905 2433 3121 2502 quidem
3154 2437 3324 2491 multo
3352 2454 3487 2493 auro

1898 2516 2159 2586 ditentur,
2186 2518 2433 2575 Christus
2460 2537 2589 2577 vero
2616 2523 2791 2579 nudus
2818 2535 3037 2595 pereat:
3067 2527 3285 2583 domum
3316 2529 3483 2597 dedit,

1900 2624 2005 2663 non
2029 2608 2092 2662 ut
2113 2610 2260 2665 solus
2282 2611 2501 2680 habeas,
2520 2612 2615 2668 sed
2642 2623 2699 2668 ut
2719 2614 2839 2669 aliis
2857 2617 3018 2671 etiam
3044 2618 3280 2687 pra-beas
3306 2637 3318 2673 :
3345 2604 3491 2677 dedit

1902 2711 2103 2757 terram
2125 2742 2142 2769 ,
2171 2718 2278 2758 non
2310 2713 2369 2759 ut
2410 2704 2614 2775 majore
2643 2707 2785 2762 illius
2816 2718 2967 2778 parte
2997 2710 3062 2764 ad
3098 2721 3149 2766 te
3175 2712 3440 2769 abStracta
3468 2758 3484 2779 ,

1901 2792 1955 2848 in
1982 2803 2159 2849 scorta
2185 2838 2199 2862 ,
2229 2806 2284 2851 et
2325 2798 2573 2867 psaltrias
2592 2840 2608 2865 ,
2638 2810 2695 2855 et
2735 2802 2928 2858 mimos
2947 2844 2962 2868 ,
2992 2814 3045 2859 et
3096 2805 3341 2861 tibicines
3366 2848 3381 2873 ,
3432 2820 3488 2863 et

1900 2887 2229 2944 cithartedos
2279 2890 2517 2946 insutnas
2566 2893 2657 2948 Dei
2710 2893 2889 2961 bona,
2935 2895 3031 2951 sed
3084 2898 3134 2952 in
3181 2901 3482 2957 esurientes

1900 2990 2060 3052 atque
2085 2997 2307 3053 egenos.
2352 2983 2508 3039 Dedit
2547 2984 2638 3041 tibi
2667 3000 2852 3055 mare,
2900 2996 2957 3043 ut
2985 2990 3244 3060 naviges,
3302 3008 3369 3047 ne
3400 2994 3486 3048 iti-

1901 3087 2033 3130 nere
2057 3073 2304 3131 faciendo
2333 3075 2547 3134 labores
2566 3118 2581 3140 ,
2615 3093 2719 3132 non
2749 3087 2806 3133 ut
2845 3080 3059 3136 curiose
3088 3082 3232 3137 illius
3260 3084 3481 3140 fundum

1903 3170 2194 3237 scruteris,
2227 3180 2283 3226 et
2327 3170 2530 3241 lapides
2574 3179 2630 3227 et
2656 3172 2759 3227 alia
2810 3173 3117 3243 hujusmodi
3153 3175 3274 3231 inde
3303 3188 3485 3232 extra—

1904 3261 2039 3329 has,
2073 3278 2179 3318 non
2228 3274 2285 3317 ut
2313 3263 2419 3319 hoc
2448 3265 2545 3319 tibi
2572 3264 2750 3321 studio
2781 3265 2997 3321 habeas.
3030 3266 3141 3322 Cur
3186 3283 3315 3340 ergo
3339 3310 3354 3333 ,
3402 3269 3481 3323 itt-

1903 3356 2089 3425 quies,
2136 3366 2261 3410 sunt
2302 3356 2550 3426 lapides?
2603 3356 2856 3423 Quinitno
2891 3356 2977 3413 dic
3017 3367 3070 3413 tu
3104 3359 3271 3423 mihi,
3318 3360 3487 3426 Quam

1903 3449 1974 3503 oh
2020 3464 2235 3504 causam
2266 3448 2472 3520 lapides
2519 3449 2597 3504 illi
2649 3450 2701 3503 ir.
2752 3460 2897 3504 tanto
2949 3450 3119 3517 pretio
3146 3452 3313 3506 sunt?
3361 3468 3489 3507 nunt

1904 3538 2155 3594 facultate
2180 3537 2400 3608 aliqua?
2422 3555 2549 3594 num
2576 3541 2713 3594 usu?
2739 3539 2880 3606 Quin
2906 3541 3014 3594 itno
3043 3542 3131 3610 qui
3162 3556 3193 3597 c
3222 3541 3354 3596 tnari
3380 3558 3484 3597 non

1904 3638 2069 3696 sunt,
2098 3631 2341 3685 utiliores
2363 3640 2506 3685 sunt.
2539 3630 2751 3686 Etenim
2776 3631 2827 3685 hi
2860 3631 3054 3687 saltem
3087 3632 3152 3686 ad
3180 3632 3494 3689 aedificatio-

1908 3737 2032 3776 nem
2065 3722 2390 3785 conferunt,
2422 3722 2501 3776 illi
2552 3737 2682 3777 vero
2730 3737 3028 3792 nusquam:
3059 3732 3221 3793 atque
3268 3722 3323 3777 hi
3368 3734 3496 3781 sunt

1908 3812 2015 3866 illis
2046 3811 2333 3866 firmiores.
2367 3810 2440 3866 At
2480 3812 2586 3878 illi,
2619 3812 2836 3882 inquit,
2883 3813 3333 3883 pulchritudinem
3360 3814 3491 3869 alie-

1912 3913 2055 3957 rttnt.
2085 3901 2406 3970 Quomodo?
2434 3912 2605 3959 totum
2634 3904 2684 3958 id
2716 3904 2985 3974 epittionis
3008 3915 3104 3959 est.
3144 3903 3280 3960 Sunt
3305 3905 3494 3960 candi-

1908 3994 2121 4051 diores?
2167 3997 2238 4050 At
2269 4012 2373 4050 non
2400 4005 2548 4051 certe
2576 4011 2846 4051 marmore
2875 3997 3028 4053 valde
3059 3998 3283 4053 candido
3308 3999 3493 4054 candi-

1911 4086 2110 4153 diores,
2140 4087 2430 4157 quinetiam
2454 4102 2627 4157 neque
2652 4088 2717 4142 ad
2745 4089 2886 4143 illius
2901 4089 3187 4145 candorem
3211 4091 3491 4146 accedunt.

1910 4179 1980 4232 At
2004 4178 2327 4233 solidiores?
2352 4177 2430 4234 Ne
2458 4178 2507 4233 id
2540 4179 2777 4249 quidem.
2814 4182 2884 4234 At
2914 4181 3201 4235 utiliores?
3230 4190 3283 4234 at
3326 4182 3498 4247 majo-

1910 4270 2040 4325 res?
2090 4269 2434 4341 Neutiquant.
2488 4270 2642 4327 Unde
2710 4271 2871 4341 igitur
2922 4272 3334 4340 StISpiciuntur?
3379 4272 3494 4328 Non

1912 4360 2125 4416 aliunde
2150 4402 2165 4426 ,
2190 4377 2348 4432 quam
2380 4377 2446 4416 ex
2474 4361 2586 4415 sola
2614 4360 3033 4417 existimatione.
3068 4361 3199 4416 Nam
3228 4363 3272 4417 si
3321 4379 3496 4433 neque

1914 4455 2246 4525 pulchriores
2271 4465 2435 4522 sunt;
2466 4455 2665 4509 multos
2698 4454 2841 4511 enim
2866 4454 3197 4510 inveniemus
3225 4456 3331 4511 illis
3362 4457 3498 4511 luci-

1911 4549 2091 4604 diores
2119 4558 2173 4604 et
2196 4549 2569 4615 candidiores;
2598 4564 2771 4619 neque
2792 4549 3057 4616 utiliores,
3082 4566 3255 4621 neque
3276 4551 3498 4609 solidio-

1914 4658 2002 4697 res
2027 4659 2039 4695 :
2072 4642 2214 4697 unde
2235 4684 2251 4709 ,
2298 4643 2514 4712 inquam
2543 4683 2559 4709 ,
2589 4642 2726 4698 adeo
2772 4641 3178 4713 suspiciuntur?
3219 4661 3399 4699 annon
3427 4662 3492 4700 ex

1915 4735 2026 4788 sola
2070 4734 2512 4789 existimatione?
2560 4737 2731 4801 Quam
2782 4735 2943 4806 igitur
2989 4736 3060 4790 ob
3116 4752 3332 4792 causam
3380 4738 3500 4793 iilos

1915 4824 2103 4881 dedit?
2133 4826 2248 4881 Non
2278 4827 2395 4897 ipse
2442 4826 2631 4896 dedit,
2663 4828 2759 4885 sed
2802 4840 2859 4884 tu
2911 4845 3162 4901 magnum
3192 4847 3313 4887 esse
3346 4833 3499 4903 quid-

1918 4919 2057 4990 piam
2087 4921 2305 4990 putasti.
2336 4920 2473 4988 Quid
2504 4922 2665 4991 igitur
2688 4932 2773 4978 est
2795 4964 2812 4990 ,
2844 4924 3013 4995 inquit
3038 4965 3055 4990 ,
3084 4926 3225 4995 quod
3258 4926 3498 4996 Scriptu-

1917 5027 1976 5066 ra
2022 5012 2181 5065 etiant
2214 5027 2309 5066 eos
2357 5012 2631 5067 celebrat?
2678 5014 2940 5069 Nimirum
2987 5018 3390 5073 accommodate
3434 5020 3502 5073 ad

1923 5118 2063 5160 tuam
2094 5107 2400 5176 opinionem
2430 5107 2685 5177 loquitur.
2717 5107 2850 5162 Nam
2881 5118 2935 5163 et
2963 5118 3262 5180 praeceptor
3288 5111 3355 5165 ad
3381 5129 3504 5181 pue-

1921 5201 2094 5255 rulum
2125 5200 2285 5255 verba
2310 5201 2531 5264 faciens,
2568 5201 2756 5256 cadent
2783 5211 2942 5271 atque
2972 5203 3061 5257 ille
3086 5219 3231 5273 saepe
3256 5205 3501 5275 suspicit.

1922 5302 1977 5349 ιιι
2007 5295 2154 5349 illum
2197 5293 2298 5349 sibi
2343 5294 2627 5360 conciliet,
2660 5309 2723 5349 ac
2769 5294 3022 5365 paulatim
3050 5295 3331 5350 subvehat.
3365 5299 3502 5366 Quid

1923 5389 2373 5458 pulchritudinem
2428 5389 2640 5458 expetis
2671 5388 2941 5444 vestium?
2992 5388 3205 5445 Vestem
3251 5392 3345 5445 tibi
3390 5395 3499 5448 cir-

1922 5483 2112 5537 cntntla
2144 5492 2197 5537 et
2242 5483 2488 5539 calceos:
2524 5483 2607 5538 his
2638 5494 2691 5538 te
2730 5500 2862 5538 ortta
2884 5524 2901 5548 ,
2931 5481 3047 5537 ilch
3075 5484 3166 5537 tibi
3196 5485 3327 5538 satis
3371 5486 3511 5549 sinu

1924 5573 2324 5639 Desiderabilia,
2378 5574 2548 5644 inquit
2600 5575 2798 5638 David,
2842 5592 2995 5645 super
3062 5592 3244 5628 aurum
3305 5589 3349 5630 et
3406 5590 3506 5631 stt-

1925 5682 2015 5734 per
2052 5666 2270 5736 lapidem
2300 5668 2573 5736 pretiosum
2612 5668 2821 5721 multum
2861 5668 3062 5737 judicia
3090 5667 3187 5722 Dei
3217 5666 3388 5740 (Psal.
3419 5671 3506 5726 l8.

1927 5761 2054 5830 ll).
2123 5760 2358 5815 Terrena
2413 5776 2540 5816 vero
2601 5761 2717 5816 inec
2782 5776 2963 5817 annon
3029 5763 3507 5833 parvipendendal

1930 5851 2044 5908 Non
2075 5862 2198 5907 sunt
2249 5853 2397 5921 hcce,
2432 5870 2463 5909 ο
2511 5853 2740 5923 dilecte,
2773 5855 2921 5911 utilia
2951 5873 2963 5911 :
2996 5856 3041 5910 si
3089 5855 3239 5911 utilia
3282 5864 3502 5924 essent,

3071 5950 3135 6013 17
