3898 6502
585 414 697 475 265

584 536 691 578 non
738 515 983 588 iussisset
1026 519 1373 565 contemnere
1403 520 1417 557 :
1452 501 1546 557 sed
1574 500 1755 554 divina
1786 498 2063 600 Scriptura
2090 494 2156 548 ad

581 609 1029 673 existimationem
1081 610 1318 657 nostram
1346 597 1599 667 loquitur.
1631 595 1805 662 Atque
1851 590 1953 645 hoc
1994 590 2155 690 etiam

584 705 780 760 divina:
803 693 1143 766 benignitatis
1171 700 1275 746 est.
1303 688 1472 756 Quam
1505 685 1664 754 igitur
1690 683 1760 737 ob
1790 696 2039 745 causam,
2068 683 2153 731 in—

579 799 729 870 quit,
762 803 1047 864 purpuram
1078 795 1132 842 et
1174 793 1369 839 caetera
1416 774 1782 870 hujusmodi‘t
1808 773 2012 828 Divina:
2042 787 2157 825 ma-

577 866 898 961 gniﬁcentiae
948 881 1065 935 haec
1112 886 1238 931 sunt
1280 888 1462 944 opera.
1515 869 1647 961 l‘iam
1696 866 1815 961 aliis
1844 878 2159 961 quoqueex

578 952 742 1035 rebus
767 989 889 1030 suas
914 969 1084 1025 voluit
1115 965 1326 1021 divitias
1367 959 1671 1016 ostendere.
1720 956 1931 1011 Etenim
1962 964 2016 1009 et
2046 952 2158 1006 fru-

580 1074 821 1127 mentum
866 1065 983 1133 ipse
1025 1058 1173 1115 dedit
1219 1056 1430 1119 solum;
1463 1061 1521 1106 tu
1552 1065 1680 1105 vero
1726 1064 1793 1102 ex
1843 1047 1946 1101 hoc
1994 1046 2159 1100 multa

580 1175 770 1233 paras,
803 1159 1079 1227 placentas
1099 1194 1114 1217 ,
1143 1148 1369 1205 bellaria
1397 1146 1547 1200 varia
1579 1159 1640 1198 ac
1669 1143 1835 1243 multa
1862 1184 1876 1205 ,
1912 1154 2159 1243 magnam

582 1250 860 1307 alierentia
890 1246 1243 1314 voluptatem.
1271 1236 1518 1308 Alioquin
1558 1243 1613 1289 et
1638 1234 1887 1302 voluptas
1913 1241 1966 1285 et
1991 1234 2163 1285 inanis

581 1344 767 1415 gloria;
813 1354 966 1394 amor
1008 1338 1123 1391 hazc
1161 1334 1340 1387 omnia
1389 1325 1970 1384 invexitzvidebantur
2015 1324 2161 1379 enim

584 1436 701 1489 inec
746 1432 841 1486 tibi
869 1428 1118 1485 omnibus
1146 1423 1310 1479 rebus
1338 1417 1689 1492 pracferenda.
1741 1415 2041 1485 Caateroqui
2067 1457 2082 1482 ,
2116 1416 2163 1470 si

585 1524 901 1596 peregrinus
927 1518 1188 1591 quiSpiam
1231 1523 1322 1568 aut
1360 1510 1591 1609 agricola
1639 1510 1825 1607 harum
1850 1521 2032 1609 rerum
2066 1507 2165 1608 im-

594 1616 796 1686 peritus
824 1623 875 1667 te
916 1611 1240 1677 interroget,
1279 1612 1439 1671 teque
1490 1600 1637 1655 illum
1670 1600 2046 1669 suspicientem
2085 1600 2164 1652 vi-

1306 393 1363 447 s.
1402 382 1678 446 .oANNts
1699 378 2169 441 cnavsosrom
2208 379 2520 436 ARCHIEP.
2562 339 3087 438 consumam
3659 398 3727 459 κε

2265 493 2428 557 dens,
2483 494 2661 551 dicat:
2712 495 2821 550 Cur
2870 497 2968 550 ista
3016 498 3242 566 suspicis
3293 508 3442 571 atque
3489 508 3727 567 admirari?

2265 584 2392 651 quid
2441 581 2666 638 habebis
2694 585 2837 655 quod
2870 588 3239 657 respondeas?
3282 592 3488 660 pulchra
3514 612 3607 655 esse
3628 619 3728 673 asin~

2263 673 2394 725 ctu?
2423 671 2531 727 Sed
2578 688 2684 727 non
2715 676 2786 730 ita
2814 689 2918 730 εει.
2951 678 3293 748 Deponamus
3341 683 3488 752 igitur
3526 687 3633 744 hanc
3660 671 3731 763 opi-

2268 764 2516 831 nionem,
2564 767 2811 837 verisque
2862 785 3054 840 reapse
3102 772 3260 828 bonis
3305 774 3731 844 iuba-reamust

2265 854 2407 908 enim
2456 854 2678 912 minime
2723 868 2879 926 sunt,
2910 861 3006 915 sed
3054 871 3259 919 temere
3289 875 3545 924 transeunt
3566 884 3731 944 tantum,

2266 945 2432 1001 instar
2455 946 2689 1003 ﬂuminis
2716 950 3024 1009 dilabentia.
3050 955 3430 1026 Quamobrem,
3452 962 3635 1019 obsecro
3650 984 3730 1031 ros.

2264 1051 2552 1092 caveamus
2578 1055 2593 1103 ;
2622 1054 2780 1110 supra
2810 1056 3018 1110 petram
3067 1062 3168 1102 nos
3201 1048 3530 1118 collocemus,
3556 1071 3608 1110 ne
3642 1059 3735 1116 facile

2267 1132 2706 1189 circumferamur
2725 1174 2741 1200 ,
2772 1145 2831 1189 ut
2860 1136 3035 1191 futura
3062 1144 3221 1197 etiam
3263 1159 3615 1216 consequamur
3634 1152 3735 1218 bona,

2268 1225 2439 1292 gratia
2465 1235 2518 1280 et
2544 1227 2869 1298 benignitate
2899 1230 3113 1286 Domini
3142 1239 3308 1292 nostri
3335 1238 3456 1294 Jesu
3478 1240 3737 1309 Christi,cuu

2268 1330 2375 1385 quo
2402 1316 2544 1371 Patri
2568 1360 2583 1385 ,
2606 1319 2872 1390 simulque
2898 1332 3085 1378 sancto
3109 1323 3332 1394 Spiritui
3358 1332 3509 1396 gloria
3528 1374 3541 1398 ,
3569 1346 3737 1402 potestas,

2275 1405 2451 1461 honor
2481 1449 2496 1473 ,
2546 1424 2687 1465 nunc
2715 1418 2771 1466 et
2799 1427 3013 1483 semper
3042 1455 3059 1482 ,
3089 1424 3144 1470 et
3173 1416 3227 1470 in
3271 1418 3462 1473 saecula
3499 1426 3738 1483 saeculorum

2272 1500 2466 1555 Amen.

588 1731 3724 1775 ’Μ’-Ἣ.-

1917 1824 2123 1886 HOMI
2133 1823 2265 1884 LIA
2308 1825 2425 1889 XI.

585 1993 709 2051 Car.
741 1992 798 2046 3.
824 2005 877 2045 v.
908 1988 967 2046 7.
994 1983 1101 2041 Sed
1128 1996 1241 2053 quae
1282 1979 1406 2034 mihi
1433 1977 1636 2048 fuerunt
1672 1972 1838 2035 lucra,
1886 1970 1993 2024 hwc
2022 1966 2162 2021 arbi-

660 2096 822 2141 tratus
842 2096 955 2137 sum
974 2086 1184 2152 propter
1203 2074 1459 2129 Christum
1476 2068 1844 2121 detrimentum.
1873 2062 1926 2118 8.
1960 2060 2171 2114 Verum-

661 2190 827 2233 tamen
859 2183 908 2229 et
943 2172 1172 2228 existimo
1213 2166 1383 2221 omnia
1424 2162 1782 2214 detrimentum
1820 2172 1926 2210 esse
1962 2162 2170 2224 propter

662 2275 961 2329 eminentem
989 2262 1251 2318 scientiam
1278 2256 1404 2311 Jcsu
1431 2252 1620 2307 Christi
1659 2249 1870 2305 Domini
1907 2248 2025 2313 mei,
2055 2262 2173 2317 pro-

662 2379 772 2437 pter
812 2374 957 2432 quem
992 2356 1161 2410 omnia
1201 2350 1557 2404 detrimentum
1594 2344 1688 2415 feci
1718 2352 1764 2395 et
1791 2340 2010 2438 arbitror
2038 2338 2176 2438 quis-

659 2431 845 2527 quilias
883 2465 1010 2515 esse,
1054 2455 1109 2500 ut
1145 2442 1400 2498 Christum
1427 2436 1765 2506 lucrifaciam,
1790 2431 1843 2487 9.
1868 2444 1913 2484 et
1949 2431 2175 2483 inveniar

619 2536 623 2541 ‘
661 2523 713 2602 in
743 2546 834 2600 illo
859 2557 962 2596 non
989 2538 1176 2592 habens
1216 2548 1378 2587 meam
1399 2529 1679 2601 justitiam,
1720 2540 1832 2595 qua:
1861 2540 1923 2577 ex
1948 2523 2054 2593 lege
2078 2530 2170 2585 est,

661 2637 751 2692 sed
788 2634 955 2699 illam,
985 2644 1101 2701 qua:
1137 2642 1201 2681 ea:
1228 2623 1331 2696 fide
1355 2632 1428 2675 est
1452 2620 1579 2674 Jesu
1605 2616 1815 2677 Christi,
1844 2630 1955 2685 quw
1978 2628 2040 2665 ex
2065 2609 2175 2663 Deo

660 2737 735 2784 est
767 2724 973 2797 justitia
999 2723 1052 2775 in
1079 2710 1200 2789 ﬁde,
1235 2715 1323 2771 i0.
1367 2712 1435 2766 ad
1478 2708 1879 2782 cognoscendum
1918 2706 2084 2768 illum,
2130 2711 2177 2756 et

661 2822 896 2874 virtutem
923 2807 1300 2868 resurrectionis
1328 2806 1459 2877 ejus.
1867 2889 1879 2898 .
2136 2886 2150 2898 ⁸

666 2916 714 2966 1.
746 2910 802 2963 ln
834 2901 1238 2962 certaminibus,
1267 2913 1385 2969 qua:
1411 2894 1669 2949 adversus
1691 2889 1979 2945 hmreticos
2010 2889 2180 2942 susci-

595 3006 838 3076 piuntur,
879 3004 1119 3066 vegetam
1164 2990 1421 3045 adhibere
1468 2995 1704 3076 mentem
1749 2990 1979 3076 oportet,
2023 2990 2180 3076 atque

594 3070 808 3152 assidue
826 3090 878 3144 in
905 3104 966 3143 ea
994 3083 1315 3155 cogitatione
1336 3078 1586 3134 deﬁxam.
1615 3073 1689 3129 lta
1711 3077 1853 3128 enim
1874 3070 2174 3127 disturbare

596 3188 809 3243 illorum
840 3180 1056 3235 ordines
1079 3173 1398 3245 poterimus,
1426 3178 1481 3225 et
1507 3168 1874 3238 plenissimam
1903 3172 2177 3234 reportare

597 3278 908 3339 victoriam,
956 3270 1161 3326 nullum
1206 3266 1313 3321 illis
1356 3261 1655 3334 respirandi
1699 3260 1927 3331 spatium
1967 3258 2176 3312 dantes.

596 3372 885 3440 Propterea
914 3379 1035 3419 cum
1058 3359 1219 3415 velim
1242 3371 1341 3411 vos
1372 3372 1438 3411 ex
1462 3354 1753 3426 Scripturis
1775 3352 1838 3407 ad
1877 3351 2179 3421 hujusmodi

596 3459 887 3517 certamina
914 3456 1203 3517 instruere,
1234 3457 1293 3503 ut
1318 3446 1445 3503 hinc
1470 3446 1631 3501 etiam
1665 3458 1760 3500 eos
1786 3444 1876 3515 qui
1907 3442 2180 3497 contradi-

598 3561 729 3608 cunt
768 3551 1142 3605 obmutescere
1172 3540 1379 3597 faciatis
1407 3556 1421 3593 :
1454 3536 1636 3608 hujus,
1669 3550 1790 3607 quae
1825 3549 1967 3589 nunc
1990 3534 2041 3588 in
2071 3550 2181 3586 ma-

597 3647 756 3702 nibus
781 3650 884 3706 est,
918 3633 1292 3708 disputationis
1330 3631 1542 3686 initium
1584 3643 1792 3684 sumam
1830 3642 1858 3681 a
1897 3626 2001 3680 ﬁne
2025 3640 2183 3692 supe-

574 3738 776 3794 'riuris.
819 3733 951 3800 Quis
999 3738 1178 3784 autem
1218 3734 1335 3780 erat
1374 3724 1464 3779 ille
1495 3722 1667 3777 ﬁnis?
1709 3719 1842 3776 Cum
1881 3719 2185 3788 collegisset

599 3827 819 3885 Judaica
845 3821 1026 3880 omnia
1054 3833 1175 3890 qua:
1203 3815 1464 3888 gloriandi
1484 3828 1701 3869 causam
1726 3813 1942 3876 dabant,
1975 3828 2037 3865 ea
2063 3825 2183 3879 qua:

601 3937 633 3975 a
664 3929 870 3980 natura,
919 3929 981 3969 ea
1012 3927 1131 3982 qua:
1157 3925 1187 3963 a
1215 3908 1442 3963 consilio
1478 3914 1533 3961 et
1565 3906 1827 3960 electione
1854 3903 2130 3957 addiderat
2167 3918 2183 3956 :

604 4011 715 4067 Sed
741 4024 853 4080 qua:
880 4005 1002 4060 mihi
1030 4004 1232 4073 fuerunt
1260 4000 1425 4062 lucra,
1454 3997 1561 4051 lucc
1586 3997 1814 4051 existimo
1835 3996 2186 4048 detrimentum

602 4119 709 4157 esse
738 4108 943 4172 propter
982 4096 1277 4150 eminentem
1305 4090 1565 4145 scientiam
1592 4086 1718 4141 Jesu
1758 4087 1945 4141 Christi
1978 4086 2188 4139 Domini

604 4196 722 4259 mei,
750 4200 952 4264 propter
981 4204 1127 4260 quem
1154 4187 1325 4240 omnia
1351 4184 1706 4237 detrimentum
1732 4182 1848 4250 feci,
1890 4191 1937 4235 et
1971 4183 2189 4236 arbitror

606 4286 902 4359 quisquilias
942 4298 1069 4345 esse,
1115 4290 1169 4334 ut
1213 4278 1471 4334 Christum
1528 4276 1868 4345 lucrifaciam.
1929 4273 2191 4329 lnsultant

608 4380 711 4432 hoc
737 4378 857 4431 loco
880 4372 1138 4428 htcretici.
1172 4370 1301 4423 Nam
1330 4379 1384 4423 et
1410 4367 1514 4422 hoc
1535 4365 1814 4436 sapientiae
1834 4376 1917 4420 est
1936 4364 2189 4437 Spiritus,

608 4486 733 4539 Spes
762 4468 868 4522 illis
896 4463 1133 4520 victoriae
1161 4462 1499 4526 submittere,
1528 4468 1587 4513 ut
1625 4474 1857 4529 pugnam
1886 4469 2187 4529 capessant.

610 4561 823 4616 Etenim
850 4560 894 4613 si
918 4564 1101 4625 aperte
1127 4554 1378 4623 loquutus
1406 4559 1573 4616 esset,
1604 4550 1857 4606 fecissent
1879 4558 1935 4606 et
1961 4550 2013 4604 in
2041 4550 2156 4604 istis
2176 4592 2192 4617 ,

614 4649 757 4721 quod
790 4649 844 4701 in
884 4647 1003 4700 aliis
1035 4646 1275 4699 iecerunt
1303 4660 1318 4697 :
1350 4641 1670 4698 deleverunt
1703 4641 1846 4697 enim
1878 4641 2081 4707 literas,
2111 4658 2196 4696 re-

614 4742 905 4814 pudiarunt
943 4735 1308 4807 Scripturam,
1348 4750 1471 4790 cum
1522 4735 1779 4789 adverSos
1828 4735 1971 4792 illius
2017 4736 2198 4789 radios

618 4836 760 4887 terre
789 4846 894 4885 non
926 4837 1164 4898 possent.
1194 4826 1301 4883 Sed
1328 4825 1475 4896 quod
1501 4827 1555 4880 in
1586 4825 1823 4896 piscibus
1852 4825 1930 4892 ﬁt,
1962 4837 2018 4881 ut
2047 4828 2197 4893 illud,

619 4926 764 4980 unde
803 4931 925 4977 sunt
973 4921 1239 4989 capiendi,
1278 4934 1384 4973 non
1422 4917 1705 4975 manifesto
1744 4920 1850 4975 illis
1894 4919 2197 4990 objiciatur,

620 5017 718 5072 sed
770 5014 1086 5076 occultetur,
1136 5022 1196 5065 ut.
1241 5025 1523 5065 accurrere
1570 5024 1676 5064 non
1718 5022 2044 5077 vereantur;
2076 5012 2123 5068 id
2150 5023 2204 5068 et

2273 1972 2484 2040 quilite;
2511 1976 2781 2045 quomodo
2801 1979 2960 2049 igitur
2982 1981 3149 2051 ipsam
3168 1985 3260 2041 Dei
3283 2001 3408 2043 esse
3425 1988 3615 2047 dicitis?
3630 1993 3745 2051 Vena

2276 2062 2393 2118 haec
2422 2067 2601 2120 omnia
2630 2082 2727 2138 pro
2758 2069 2873 2138 lege
2900 2083 3061 2139 sunt;
3091 2077 3361 2144 quomodo
3379 2089 3564 2146 autem,
3583 2083 3748 2153 hincpa-

2276 2155 2517 2222 spicuum
2550 2156 2687 2212 ﬁet?
2716 2160 3066 2218 Attendamus
3090 2166 3397 2238 diligenter,
3426 2188 3536 2242 qua!
3558 2174 3747 2230 dicuntur;

2278 2262 2382 2299 non
2413 2245 2565 2315 dixit,
2590 2247 2703 2303 Lex
2730 2261 2811 2305 est
2833 2251 3239 2325 detrimentum,
3262 2261 3361 2315 sed
3388 2262 3544 2331 ipsam
3564 2265 3750 2320 Arbitrum

2278 2354 2387 2391 sum
2417 2338 2818 2397 detrimentum:
2855 2354 2910 2399 et
2947 2346 3015 2401 de
3054 2348 3203 2404 lucro
3233 2353 3452 2422 quidem
3494 2356 3669 2426 loquens
3694 2378 3751 2412 non

2277 2429 2436 2496 dixit,
2458 2431 2766 2489 Arbitratus
2792 2450 2934 2502 sum,
2963 2438 3081 2505 sed,
3111 2440 3348 2496 Fuerunt
3370 2446 3507 2498 lucra
3535 2448 3621 2503 :de
3634 2450 3751 2503 damno

2279 2531 2455 2575 autem
2501 2522 2654 2592 dixit,
2698 2525 2985 2584 Arbitratus
3022 2549 3133 2585 sum
3160 2549 3178 2586 :
3206 2536 3424 2589 merito.
3465 2537 3581 2592 Illud
3609 2542 3704 2594 enim
3726 2546 3753 2595 in

2283 2624 2468 2667 natura
2500 2626 2618 2670 erat
2648 2635 2661 2670 :
2692 2616 2795 2673 hoc
2838 2636 2966 2675 vero
2992 2622 3102 2691 jam
3140 2640 3205 2678 ex
3249 2626 3503 2696 opinione
3528 2640 3667 2685 nostra
3688 2650 3753 2700 pra

2230 2738 2239 2747 -
2282 2704 2477 2758 fectum
2505 2715 2606 2760 est.
2636 2707 2772 2774 Quid
2803 2711 2959 2781 igitur
2988 2713 3010 2764 ?
3056 2730 3161 2768 non
3194 2725 3276 2771 est
3302 2759 3319 2781 ,
3365 2719 3563 2789 inquit,
3596 2721 3753 2789 demum

2283 2794 2366 2849 lex
2398 2798 2419 2849 ’ἰ
2458 2796 2555 2852 Est
2581 2810 2727 2855 certe
2753 2818 2768 2867 ;
2798 2801 2891 2856 sed
2923 2814 3141 2873 propter
3166 2806 3443 2863 Christum
3478 2828 3490 2863 :
3517 2821 3565 2865 at
3600 2818 3753 2869 nancta

2283 2904 2431 2944 crum
2465 2890 2600 2947 facta
2629 2902 2729 2947 est.
2770 2893 2886 2950 Non
2920 2899 3204 2964 putabatur
3240 2900 3461 2957 lucrum
3486 2944 3500 2967 ,
3530 2905 3752 2973 inquit,sol

2284 2992 2398 3036 erat
2423 3002 2434 3036 :
2466 2999 2529 3039 ac
2551 2984 2597 3038 si
2631 2985 2835 3041 diceret
2860 3006 2874 3041 :
2902 2988 3084 3057 Cogita
3124 3002 3387 3061 quantum
3414 2992 3579 3060 fuerit,
3606 2995 3755 3049 homines

2286 3073 2535 3130 ell‘eratos
2568 3076 2677 3146 jam
2706 3088 2892 3133 natura
2919 3079 2985 3134 ad
3017 3081 3303 3136 humanam
3337 3084 3460 3137 vita“.
3484 3087 3690 3140 rationem
3708 3087 3754 3139 al-

2283 3168 2524 3221 ducere:
2568 3168 2670 3222 nisi
2718 3169 2804 3223 lex
2851 3170 3078 3237 fuisset,
3127 3190 3300 3244 neque
3350 3178 3508 3231 etiam
3545 3180 3755 3248 gratisthu

2283 3267 2444 3313 esset.
2488 3259 2663 3326 Quare
2690 3261 2713 3314 ?
2739 3262 3000 3329 Quoniam
3051 3265 3227 3333 pontis
3271 3268 3445 3321 instar
3487 3266 3591 3323 fuit.
3632 3268 3755 3322 Etenim

2283 3350 2533 3419 quoniam
2562 3352 2779 3406 minime
2808 3351 2888 3407 fas
2912 3365 3027 3407 erat
3050 3356 3116 3411 de
3157 3357 3348 3412 inﬁmo
3385 3361 3501 3416 loco
3520 3365 3566 3415 in
3586 3362 3757 3415 excelsus

2283 3441 2600 3510 ascendere,
2629 3442 2766 3498 facta
2796 3453 2877 3498 est
2902 3445 3065 3500 scala.
3116 3448 3182 3502 Et
3207 3451 3458 3519 quamvis
3496 3467 3587 3505 non
3623 3451 3757 3517 amplus

2284 3534 2426 3588 scala
2457 3549 2592 3604 opus
2620 3536 2690 3590 sit
2724 3554 2740 3603 ;
2787 3554 2891 3591 non
2936 3549 3216 3610 propterea
3244 3552 3431 3598 tamen
3474 3543 3599 3599 illam
3624 3555 3759 3614 spernit.

2286 3624 2379 3679 sed
2404 3627 2578 3695 potius
2597 3627 2644 3682 ei
2672 3629 2868 3697 gratias
2896 3628 3074 3685 habet.
3105 3631 3223 3701 Ipsa
3244 3635 3395 3688 enim
3420 3635 3528 3697 fuit,
3554 3652 3649 3705 qua:
3670 3636 3755 3687 illita

2286 3732 2353 3771 eo
2382 3717 2697 3787 adduxerit,
2730 3730 2791 3775 ut
2827 3720 2944 3790 ejus
2975 3723 3198 3792 posthac
3241 3741 3352 3780 non
3382 3736 3532 3797 egeat
3558 3746 3569 3781 :
3595 3738 3763 3781 actam

2297 3825 2395 3877 pro
2428 3810 2527 3864 hoc
2558 3812 2694 3881 ipso,
2727 3813 2865 3883 quod
2900 3812 3039 3868 illius
3065 3830 3171 3869 non
3198 3826 3346 3886 eget,
3374 3817 3654 3873 beneﬁcium
3676 3818 3761 3870 stili

2289 3902 2484 3957 debere
2532 3905 2723 3958 merito
2770 3906 3007 3961 fatetur:
3042 3907 3161 3962 sine
3206 3908 3296 3962 illa
3341 3912 3485 3964 enim
3533 3927 3622 3965 non
3655 3924 3763 3963 ascen:

2290 3995 2477 4050 disset.
2528 3994 2673 4050 Idem
2716 3996 2784 4052 de
2816 3996 2931 4067 lege
2976 3997 3262 4053 dicendum
3295 4011 3387 4055 est
3419 4018 3434 4054 :
3463 4003 3619 4056 evexit
3648 4016 3710 4053 nos
3737 4000 3762 4049 in

2292 4086 2560 4154 sublime;
2592 4103 2720 4158 ergo
2751 4088 2955 4144 lucrum
2982 4098 3099 4144 erat
3131 4109 3145 4146 :
3177 4091 3270 4147 sed
3291 4093 3410 4162 jam
3436 4095 3590 4165 ipsam
3615 4104 3764 4164 putamus

2292 4176 2567 4231 damnum.
2592 4178 2917 4246 Quomodo?
2952 4180 3067 4235 Non
3093 4183 3349 4251 quoniam
3374 4184 3609 4239 damnum
3630 4195 3698 4241 est.
3716 4184 3763 4232 sei

2295 4268 2543 4336 quoniam
2571 4269 2728 4340 longe
2756 4272 2929 4340 potior
2951 4282 3035 4327 est
3057 4273 3247 4343 gratia.
3272 4274 3411 4330 Nam
3437 4274 3763 4347 quemadniuln

2297 4361 2439 4416 fame
2486 4362 2739 4418 laborans
2776 4380 3001 4435 pauper,
3048 4368 3302 4437 quamdiu
3348 4371 3561 4440 quidem
3594 4377 3762 4437 argentis:

2299 4450 2480 4519 habet,
2509 4469 2574 4508 eo
2598 4462 2749 4509 arcet
2777 4456 2970 4510 famem
3002 4473 3016 4521 ;
3042 4468 3319 4529 postquam
3366 4477 3496 4517 vero
3521 4476 3669 4516 aurum
3687 4462 3763 4509 ma-

2300 4545 2460 4613 nerit,
2488 4546 2534 4600 si
2557 4555 2841 4618 utrumque
2860 4549 3092 4605 retinere
3114 4567 3218 4606 non
3244 4552 3428 4619 liceat,
3460 4554 3671 4609 damnum
3690 4558 3766 4619 pum

2303 4637 2544 4692 retinere
2576 4648 2857 4708 argentum
2877 4679 2893 4705 ,
2925 4649 3085 4711 atque
3113 4642 3204 4697 illo
3227 4643 3459 4699 dimisso
3482 4660 3642 4699 aurum
3666 4640 3764 4709 capiti

2302 4728 2524 4785 dimittit
2552 4740 2750 4795 autem,
2785 4750 2888 4787 non
2909 4734 3051 4803 quod
3073 4735 3326 4792 damnum
3356 4740 3428 4793 sit
3454 4749 3696 4809 argentm,
3715 4748 3767 4786 ωε

2305 4825 2449 4879 enim
2477 4834 2583 4891 est,
2633 4826 2729 4880 sed
2758 4828 3010 4897 quoniam
3043 4838 3329 4900 utrumque
3355 4832 3516 4887 simul
3551 4831 3696 4886 habere
3716 4840 3768 4877 ms

2307 4915 2454 4977 licet.
2485 4917 2578 4972 sed
2608 4921 2916 4974 necessario
2952 4920 3178 4976 alterum
3207 4933 3289 4976 est
3320 4923 3713 4995 relinquendum:
3737 4920 3771 4967 in

2308 5016 2361 5060 et
2390 5007 2498 5060 hic.
2539 5007 2652 5062 Non
2683 5010 2843 5078 igitur
2872 5009 2955 5064 lex
2997 5022 3077 5065 est
3114 5012 3522 5080 detrimentum,
3550 5014 3629 5068 sed
3652 5006 3772 5079 legib-

624 5110 728 5164 hoc
766 5107 885 5162 loco
913 5102 1126 5167 accidit,
1152 5102 1238 5156 ubi
1268 5117 1297 5155 a
1326 5102 1491 5155 Paulo
1523 5103 1605 5157 lex
1642 5102 1894 5156 damnum
1920 5103 2061 5158 dicta
2100 5118 2202 5159 e5t.

623 5202 788 5267 Sane,
829 5199 970 5269 quod
1015 5196 1212 5251 Paulus
1261 5195 1410 5257 dicit,
1446 5195 1745 5264 lmjusmodi
1800 5205 1882 5250 est
1914 5213 1927 5249 :
1958 5198 2208 5268 Quisqui-

626 5298 757 5362 lias,
797 5304 851 5349 et
899 5294 1151 5347 damnum
1207 5291 1375 5360 legem
1430 5298 1626 5344 vocat:
1669 5306 1773 5345 non
1817 5290 2010 5345 licebat
2049 5291 2209 5345 Chri-

624 5401 766 5442 stum
813 5385 1045 5447 lucrari,
1100 5382 1199 5435 nisi
1257 5382 1393 5435 hanc
1448 5380 1698 5433 damnum
1750 5390 2041 5449 putassem.
2086 5381 2211 5436 Haec

629 5479 807 5534 oninia
833 5477 1074 5529 alliciunt
1104 5472 1409 5537 haereticos,
1436 5478 1498 5525 ut
1528 5472 1700 5526 locum
1725 5473 2000 5542 recipiant,
2032 5476 2214 5530 existi-

629 5578 838 5624 mantes
867 5582 965 5636 pro
990 5580 1048 5620 se
1076 5564 1253 5619 facere
1284 5581 1297 5616 :
1327 5564 1541 5634 quando
1565 5578 1691 5617 vero
1722 5575 2063 5635 receperunt,
2091 5579 2214 5623 tunc

632 5664 757 5721 illos
812 5659 1017 5714 retibus
1066 5658 1305 5728 undique
1345 5657 1685 5728 constringit.
1739 5656 1875 5725 Quid
1923 5658 2081 5729 igitur
2130 5661 2215 5715 isti

633 5756 819 5810 dicunt
844 5751 1161 5805 insultantes
1188 5749 1263 5823 (a)
1291 5749 1417 5805 iEn
1441 5750 1525 5803 lex
1556 5758 1640 5804 est
1664 5750 1935 5819 damnum,
1967 5766 2033 5808 en
2075 5753 2222 5824 quis-

694 5843 773 5905 (a)
794 5840 1086 5893 Ilamchaeos
1102 5839 1375 5905 signiﬁcare
1400 5838 1608 5892 videtur.

2314 5100 2605 5156 hmrentem
2654 5103 2886 5159 deiicere
2914 5119 2941 5156 a
2982 5104 3219 5160 Christo.
3252 5107 3608 5173 Quamobrem
3628 5112 3775 5159 etiam!

2312 5193 2527 5246 abducit
2556 5208 2586 5246 a
2612 5193 2849 5261 Christo,
2882 5206 3008 5250 tunc
3036 5197 3287 5252 damnum
3318 5210 3405 5255 est
3434 5220 3447 5254 :
3476 5200 3601 5270 quod
3630 5197 3661 5251 si
3682 5193 3775 5246 add?

2314 5292 2437 5349 cat,
2480 5299 2587 5337 non
2618 5285 2766 5341 item.
2810 5286 3100 5357 Propterea
3141 5290 3342 5361 inquit,
3381 5292 3592 5363 Propter
3623 5289 3778 5344 Cirim

2317 5375 2691 5429 detrimentum.
2722 5376 2777 5431 Si
2810 5388 3026 5447 propter
3065 5377 3373 5447 Christum,
3406 5398 3532 5453 ergo
3556 5391 3695 5436 natura
3723 5390 3780 5427 ne!

2319 5476 2400 5521 est
2428 5466 2830 5522 detrimentum.
2861 5469 2968 5523 Cur
3008 5481 3185 5525 autem
3217 5487 3322 5526 non
3351 5474 3483 5528 sinit
3524 5474 3599 5527 lex
3628 5470 3675 5524 ad
3694 5466 3784 5521 Cho-

2322 5572 2458 5613 stum
2488 5561 2746 5616 accedere
2772 5562 2795 5614 ?
2817 5565 2893 5617 Ac
2919 5578 3049 5618 sane
3076 5564 3142 5619 ad
3168 5566 3288 5629 hoc,
3325 5568 3515 5635 inquit,
3542 5567 3640 5619 data
3663 5563 3781 5613 luent

2325 5653 2600 5722 plenitudo
2626 5655 2769 5709 enim
2799 5656 2930 5726 legis
2956 5656 3221 5720 Christus,
3253 5669 3304 5711 et
3331 5657 3484 5711 Finis
3522 5659 3627 5727 legis
3650 5654 3787 5707 Clum:

2328 5743 2502 5816 (Rom.
2535 5745 2626 5800 10.
2659 5748 2735 5816 Δ).
2766 5746 2923 5811 Sinit,
2956 5749 3001 5803 si
3030 5745 3172 5803 dicto
3197 5751 3479 5804 audientes
3507 5765 3613 5804 esse
3634 5746 3787 5797 velimus-

2326 5835 2425 5903 Qui
2455 5851 2581 5905 ergo
2607 5835 2709 5909 legi
2740 5837 2941 5907 obedit,
2976 5838 3143 5910 ipsam
3171 5840 3339 5911 legem
3368 5837 3648 5909 relinquit?
3677 5834 3785 5888 [tua
