3898 6504
118 455 232 516 Ξεὸ

100 572 380 643 ἡμετέραν
407 568 700 638 φθέγγεται
726 568 761 638 ἡ
787 565 907 619 θεία
931 565 1141 635 Γραφή.
1171 565 1280 617 Καὶ
1309 562 1467 619 τοῦτο
1492 565 1549 618 δὲ
1572 562 1669 633 τῆς

101 663 201 715 τοῦ
242 660 378 713 Θεοῦ
427 657 855 729 φιλανθρωπίας.
903 654 1060 717 Τίνος
1104 651 1199 706 οὖν
1246 654 1428 706 ἕνεκεν
1465 653 1669 714 ἔδωκε,

98 756 273 820 φησι,
320 750 639 822 πορφύραν,
686 749 783 801 καὶ.
826 749 926 800 ὅσα
963 744 1218 810 τοιαῦτα;
1272 745 1381 815 Τῆς
1410 744 1502 797 τοῦ
1536 742 1672 796 Θεοῦ

100 842 524 913 μεγαλειότητός
556 843 703 894 ἐστιν
741 838 902 910 ἔργον
938 837 1134 892 ταῦτα.
1171 838 1281 891 Kal
1308 838 1417 908 γὰρ
1442 837 1535 890 καὶ
1565 836 1673 889 ἀπὸ

95 933 309 1004 ἑτέρων
339 933 430 985 τὸν
457 930 682 984 πλοῦτον
701 930 965 1000 ἠθέλησεν
994 928 1163 992 δεῖξαι
1194 927 1285 980 τὸν
1315 926 1481 979 αὑτοῦ
1504 943 1519 957 ο
1549 927 1674 979 ἐπεὶ

93 1025 199 1077 καὶ
229 1026 373 1077 σῖτον
406 1023 571 1076 ἔδωκε
613 1021 773 1092 μόνον
793 1038 808 1053 ·
839 1023 903 1075 σὺ
931 1020 988 1073 δὲ
1018 1020 1191 1072 πολλά
1218 1019 1325 1073 ἀπὸ
1353 1017 1544 1071 τούτου
1575 1035 1672 1071 κα-

89 1111 494 1178 τασκευάζεις,
556 1113 927 1177 πλακοῦντας,
980 1111 1247 1181 πέμματα
1305 1110 1538 1178 διάφορα
1578 1110 1672 1162 καὶ

89 1204 440 1267 παντοδαπὰ,
485 1204 687 1274 πολλὴν
738 1203 926 1274 ἔχοντα
962 1201 1061 1273 τὴν
1106 1201 1318 1272 ἡδονήν.
1368 1200 1577 1263 Ἀλλως
1613 1200 1682 1251 δὲ’

85 1296 195 1348 καὶ
225 1298 259 1366 ἡ
307 1294 577 1359 κενοδοξία
622 1294 797 1348 πάντα
849 1292 1022 1347 ταῦτα
1058 1291 1327 1364 ὲφεῦρεν’
1370 1291 1513 1356 ἔδοξε
1560 1292 1669 1361 γάρ

84 1405 182 1439 σοι
216 1388 435 1442 πάντων
464 1387 601 1441 αύτά
644 1386 942 1456 προθεῖναι.
985 1386 1137 1439 Ἐπεὶ
1182 1386 1237 1438 εἴ
1275 1385 1359 1449 τίς
1404 1402 1461 1437 σε
1494 1384 1668 1455 ἔροιτο

80 1478 247 1542 ξένος
278 1479 418 1548 ἀνὴρ
454 1479 486 1547 ἢ
537 1477 777 1549 γεωργὸς
822 1477 915 1529 καὶ
946 1478 1171 1548 ἄπειρος
1206 1477 1281 1531 ὢν
1317 1478 1532 1540 αὐτῶν,
1573 1477 1667 1529 καὶ

84 1565 227 1619 ἰδών
260 1583 321 1620 σε
342 1567 689 1637 θαυμάζοντα
718 1568 883 1629 εῖποι,
917 1566 1016 1620 Διά
1043 1567 1091 1619 τί
1122 1567 1296 1620 ταῦτα
1327 1564 1662 1637 θαυμάζειςς

1384 1790 1569 1799 ...αι-

970 447 1039 504 ιΝ
1079 446 1302 504 EPIST.
1347 446 1437 503 AD
1475 446 1761 505 PHILlPP.
1802 444 1953 501 CAP.
1997 444 2085 500 Ill.
2125 444 2358 499 HOMIL.
2396 444 2485 499 XI.

3242 444 3350 500 266

1773 560 1825 612 τί
1849 559 1992 630 ἔχεις
2012 561 2217 623 είπεῖν;
2240 560 2362 612 ’Ότι
2385 558 2546 613 καλὸν
2572 556 2729 622 ίδεῖν;
2761 556 2898 609 Ἀλλ’
2924 555 3024 610 οὐκ
3050 554 3183 608 ἐστι.
3202 557 3351 611 Παυσ-

1776 650 2000 722 σώμεθα
2037 650 2216 705 τοίνυν
2261 651 2358 720 τῆς
2408 649 2664 720 τοιαύτης
2697 648 3053 719 ὑπολήψεως,
3100 649 3193 702 καὶ
3242 649 3335 703 τῶί

1774 743 1944 807 ὅντως
1970 744 2239 814 ἀληθινῶν
2270 742 2645 814 ἀντεχώμεθα.
2683 741 2868 796 Ταῦτα
2903 743 3011 813 γᾶρ
3044 743 3143 797 οὐκ
3169 741 3348 808 ἐστιν,

1774 836 1887 889 ἀλλ’
1910 837 2097 899 ἁπλῶς
2124 836 2454 908 παρέρχεται
2483 835 2641 904 μόνον
2668 833 2911 905 ποταμοῦ
2941 834 3097 904 δίκην
3131 835 3350 907 παραρ-

1777 927 1988 998 ρέοντα.
2025 927 2152 989 Διὸ,
2205 926 2530 995 παρακαλῶ,
2576 926 2667 978 ἐπὶ
2715 925 2816 993 τῆς
2866 926 3071 995 πέτρας
3121 924 3350 988 ἑαυτοὺς

1776 1023 2084 1090 στήσωμεν,
2115 1020 2203 1074 ἵνα
2225 1021 2318 1073 καὶ
2345 1020 2404 1073 τὸ
2435 1018 2673 1082 εὐκόλως
2705 1016 3134 1088 περιτρέπεσθαι
3165 1016 3351 1085 φύγω-

1778 1130 1898 1182 μεν,
1930 1113 2026 1165 καὶ
2053 1112 2161 1165 τῶν
2194 1112 2493 1182 μελλόντων
2521 1109 2866 1181 ὲπιτύχωμεν
2894 1109 3132 1177 ἀγαθῶν,
3165 1108 3348 1179 χάριτι

1774 1205 1869 1257 καὶ
1897 1204 2274 1274 φιλανθρωπίᾳ
2312 1204 2404 1256 τοῦ
2437 1202 2640 1273 Κυρίου
2666 1201 2823 1272 ήμῶν
2875 1200 3048 1272 Ἰησοῦ
3085 1201 3344 1271 Χριστοῦ,

1777 1296 1895 1368 μεθ’
1936 1291 1998 1351 οὗ
2030 1295 2109 1366 τῷ
2146 1295 2321 1366 Πατρὶ
2370 1294 2487 1364 ἅμα
2535 1293 2613 1364 τῷ
2666 1291 2807 1363 ἁγίῳ
2862 1290 3138 1362 Πνεύματι
3185 1290 3345 1356 δόξα,

1775 1387 1993 1457 κράτος,
2028 1386 2182 1457 τιμὴ,
2211 1386 2311 1440 νῦν
2336 1386 2427 1439 καὶ
2460 1384 2569 1448 ἀεὶ,
2602 1384 2695 1438 καὶ
2734 1383 2813 1446 εἰς
2843 1382 2967 1445 τοὺς
2997 1380 3198 1444 αἰῶνας
3236 1381 3344 1433 τῶν

1774 1480 2007 1533 αἰώνων.
2053 1479 2243 1548 Ἀμήν.

1424 1989 1578 2063 [283]
1609 1990 1861 2044 οΜιΑιΑ
1903 1991 2005 2045 ιΑο.

81 2167 268 2223 Ἀλλ’
309 2166 481 2221 ἅτινα
504 2160 583 2233 ἦν
609 2177 709 2230 μοι
742 2159 940 2233 κέρδη,
969 2157 1403 2233 ταῦτα-ἥγημαι
1427 2153 1666 2233 διὰ-τὸν

151 2237 423 2305 Χριστὸν
464 2225 700 2305 ζημίαν·ζ
747 2225 933 2305 Ἀλλλᾷ
962 2230 1086 2305 μέν,
1117 2225 1239 2305 οὖν-ξ
1268 2226 1368 2280 καὶ
1410 2226 1665 2305 ἡγοῦμαι

150 2294 621 2385 ,ετῖἑινοταηζημίξιις⁹
641 2296 824 2379 εἶναι-
833 2294 1049 2385 διὰῤῥ,
1060 2297 1355 2385 ὑπερέχον
1383 2294 1492 2385 τῇς
1503 2294 1664 2385 ,γνώέ

146 2394 322 2442 σεως
363 2364 555 2439 Ἰησοῦ
572 2369 827 2437 Χριστοῦ
858 2367 963 2422 τοῦ
996 2364 1216 2436 Κυρίου
1233 2364 1373 2434 μου,
1401 2364 1475 2418 δι’
1498 2364 1570 2417 ὃν
1591 2364 1664 2418 τὰ

147 2446 367 2499 πάντα
397 2441 740 2506 ἐζημιώθην,
773 2438 871 2491 καὶ
900 2437 1154 2506 ἠγοῦμαι
1186 2438 1463 2506 σκύϐαλα
1488 2431 1662 2506 εἶναι,

147 2446 367 2499 πάντα
397 2446 740 2510 ἐζημιώθην,
773 2446 871 2491 καὶ
900 2446 1154 2507 ἠγοῦμαι
1186 2446 1463 2489 σκύϐαλα
1488 2446 1662 2497 εἰναι,

138 2518 264 2569 ἵνα
324 2512 594 2583 ΧριστὸνΔ
622 2507 892 2583 κερδήσω
916 2547 930 2568 ,
952 2508 1075 2583 ’καὶ
1126 2502 1346 2583 εύρεθῶ
1391 2504 1664 2583 ἐνηαύτῷ

132 2586 243 2656 μὴ
290 2574 449 2656 ἔχων·
483 2578 653 2656 ’ἐμὴν
686 2574 1086 2656 ’δικαιοσύνην
1119 2576 1242 2656 χὴν
1282 2575 1351 2655 ἐκ
1373 2574 1508 2656 ἑοῦ
1558 2574 1661 2655 γέ..

121 2643 652 2725 ito-11.31.16.313?
687 2647 786 2701 διὰ
823 2643 1081 2725 πίστεως
1115 2643 1660 2725 ςΙηιλὀιἙ.1(ρισιὀῦἐ

136 2713 278 2793 Ξήν
298 2713 386 2777 ’ἐκ
420 2720 565 2793 Θεοῦ
599 2713 1003 2793 ἠδικαιοσύξην
1032 2714 1131 2768 ἐπὶ
1171 2714 1246 2793 τῇ
1284 2714 1521 2793 πίστει..
1553 2713 1661 2766 τοῦ

132 2782 382 2919 πῖὧναι
408 2789 594 2845 αὐτὸν
614 2787 712 2841 καὶ
732 2786 847 2856 τὴν
867 2785 1125 2857 δύναμιν
1144 2784 1253 2852 τῆς
1272 2782 1665 2849 ἀναστάσεως

132 2884 185 2919 α
240 2882 371 2919 του.

128 2882 371 2921 αυτου.

128 2976 373 3039 α’.Τοῖς
402 2972 537 3045 πρὸς
564 2972 690 3035 τοὺς
721 2968 1027 3043 αίρετικοὺς
1052 2967 1258 3036 ἀγῶσιν
1291 2963 1664 3035 ἀκμαζούσαις

47 3068 176 3141 χρὴ
229 3064 592 3139 προσϐάλλειν
624 3064 743 3126 ταῖς
780 3061 1038 3123 διανοίαις
1077 3059 1173 3112 καὶ
1210 3055 1469 3127 συνεχῶς.
1507 3054 1662 3108 Οὕτω

48 3162 181 3231 γὰρ
218 3158 344 3212 ἔστι
373 3154 620 3225 συγχέειν
654 3152 834 3208 αὐτῶν
859 3150 957 3222 τὴν
985 3148 1311 3221 παράταξιν,
1346 3147 1440 3202 καὶ
1469 3150 1535 3201 ὲκ
1562 3164 1662 3199 πε-

48 3248 341 3321 ριουσίας
371 3247 615 3318 κρατεῖν,
659 3241 928 3312 μηδεμίαν
971 3241 1154 3303 αὐτοῖς
1195 3239 1433 3302 διδόντας
1468 3237 1662 3310 σχολὴν

47 3340 373 3393 ἀναπνεῖν.
410 3336 508 3388 Διά
535 3332 693 3387 τοῦτο
720 3330 1037 3401 βουλόμενος
1072 3329 1216 3399 ὑμᾶς
1244 3329 1353 3382 ἀπὸ
1378 3328 1486 3381 τῶν
1520 3327 1661 3398 Γρα-

44 3431 183 3497 φῶν
215 3427 367 3499 πρὸς
392 3426 517 3487 τοὺς
540 3422 813 3484 τοιούτους
838 3419 1055 3489 ἀγῶνας
1088 3418 1549 3490 παρεσκευάσθαι,
1578 3419 1666 3472 ἵνα

46 3520 159 3573 καὶ
192 3516 462 3571 ἐντεῦθεν
484 3510 855 3584 ἐπιστομίζειν
870 3512 996 3574 τοὺς
1016 3511 1391 3579 ἀντιλέγοντας
1410 3510 1662 3582 δύνησθε,

42 3612 171 3664 ἀπὸ
197 3608 310 3663 τοῦ
352 3608 537 3670 τέλους
571 3604 673 3674 τῆς
709 3601 1084 3675 παρελθούσης
1120 3601 1406 3668 διαλέξεως
1439 3601 1538 3673 τὴν
1565 3603 1665 3672 ἀρ-

44 3703 167 3773 χὴν
210 3699 434 3768 ταύτης
480 3697 579 3766 τῆς
617 3695 755 3766 μετὰ
800 3697 987 3765 χεῖρας
1034 3693 1316 3764 ποιοῦμαι.
1369 3694 1480 3747 Kal
1509 3693 1562 3746 τί
1596 3691 1664 3765 ἦν

40 3792 300 3862 ἐκείνης
335 3789 397 3841 τὸ
432 3788 603 3850 τέλος,
650 3785 818 3856 φησί;
852 3784 1166 3849 Καταλέξας
1216 3784 1394 3838 πάντα
1434 3785 1503 3838 τά
1533 3800 1667 3838 καυο

40 3886 124 3955 χή
137 3900 311 3954 ματα
347 3879 415 3932 τά
453 3876 739 3943 Ἰουδαϊκὰ,
766 3876 833 3930 τὰ
856 3877 964 3930 άπὸ
996 3876 1231 3946 φύσεως,
1258 3876 1327 3930 τά
1345 3876 1454 3929 ἀπὸ
1482 3893 1667 3947 προαι.

41 3976 311 4047 ρέσεως,
338 3971 616 4041 ἐπήγαγεν
633 3986 649 4000 ο
681 3969 847 4023 Ἀλλ’
868 3968 1039 4023 ἅτινα
1050 3964 1128 4038 ἦν
1138 3985 1239 4038 μοι
1258 3967 1461 4036 κέρδη,
1482 3968 1667 4022 ταῦτα

38 4070 311 4138 ἥγημαι
358 4062 567 4133 ζημίαν
605 4061 803 4117 πάντα
836 4059 987 4116 εἶναι
1017 4061 1115 4116 διὰ
1145 4062 1210 4116 τὸ
1232 4062 1527 4132 ὑπερέχον
1556 4062 1666 4131 τῆς

37 4157 370 4228 γνώσεως
402 4150 606 4221 Ἰησοῦ
637 4153 898 4221 Χριστοῦ
940 4153 1047 4207 τοῦ
1077 4154 1297 4222 Κυρίου
1324 4172 1463 4222 μου,
1494 4155 1567 4208 δι’
1593 4155 1667 4209 ὃν

37 4252 129 4304 τὰ
161 4248 387 4302 πάντα
407 4244 748 4314 ἐζημιώθην,
779 4246 875 4299 καὶ
906 4246 1161 4315 ἡγοῦμαι
1188 4246 1463 4300 σκύϐαλα
1489 4244 1661 4308 εἶναι,

35 4346 164 4397 ἵνα
233 4339 501 4407 Χριστὸν
551 4338 845 4408 κερδήσω.
909 4336 1276 4406 Ἐπιπηδῶσιν
1328 4337 1562 4391 ἐνταῦθα
1612 4340 1662 4391 οί

34 4436 108 4486 αἱ
122 4429 384 4502 ρετικοί.
424 4428 531 4483 Kal
571 4428 683 4499 γὰρ
720 4428 814 4480 καὶ
848 4424 1007 4478 τοῦτο
1039 4425 1138 4495 τῆς
1185 4425 1377 4495 σοφίας
1415 4427 1531 4479 ἐστὶ
1567 4425 1662 4479 τοῦ

33 4520 447 4591 Πνεῦματος,
496 4521 713 4583 ἐλπίδας
760 4518 944 4581 αὐτοῖς
1002 4516 1296 4570 ὑποθέσθαι
1348 4518 1535 4586 νίκης,
1576 4517 1663 4572 ἵνα

30 4612 497 4676 καταδέξωνται
528 4611 626 4683 τὴν
672 4611 871 4682 μάχην.
912 4608 976 4661 El
1015 4609 1122 4678 γὰρ
1153 4608 1402 4679 φανερῶς
1442 4608 1661 4679 εἴρητο,

26 4713 206 4779 ὅπερ
248 4705 353 4760 ἐπὶ
376 4704 481 4757 τῶν
518 4703 1006 4772 ἀλλωνὲποίησαν,
1048 4702 1309 4774 ἐποίησαν
1337 4702 1404 4756 ἂν
1438 4703 1532 4755 καὶ
1569 4702 1661 4754 ἐπὶ

22 4801 328 4855 τούτων·
377 4795 663 4867 ἐξήλειψαν
702 4793 769 4848 ἂν
808 4795 877 4847 τὰ
918 4796 1242 4865 γράμματα,
1278 4795 1671 4865 παρῃτήσαντο

23 4895 147 4965 τὴν
192 4889 464 4961 Γραφὴν,
497 4889 559 4941 ού
599 4887 887 4957 δυνάμενοι
916 4887 1053 4949 ὅλως
1083 4885 1253 4957 ταύτῃ
1300 4886 1653 4940 ἀντιϐλέπειν.

36 4984 220 5037 Ἀλλ’
279 4981 427 5049 ὅπερ
475 4979 569 5031 ἐπὶ
599 4976 710 5030 τῶν
757 4976 954 5047 ἰχθύων
986 4976 1222 5043 γίνεται,
1273 4976 1334 5027 τὸ
1366 4976 1658 5045 δυνάμενον

18 5075 271 5136 αὐτοὺς
324 5071 469 5123 ἑλεῖν
507 5070 839 5140 κρύπτεται,
880 5067 1018 5120 ὥστε
1068 5068 1263 5131 αὐτοὺς
1302 5067 1656 5139 ἐπιδραμεῖν,

17 5171 135 5223 καὶ
154 5167 235 5218 οὐ
274 5162 551 5233 πρόδηλον
580 5165 781 5216 κεῖται·
802 5159 960 5214 τοῦτο
984 5158 1049 5230 δὴ
1070 5160 1165 5212 καὶ
1189 5158 1423 5213 ἐνταῦθα
1438 5159 1656 5229 συνέϐη,

12 5261 111 5332 τῷ
140 5258 391 5328 ζημίαν
410 5255 509 5310 τὸν
532 5256 696 5325 νόμον
719 5253 870 5323 παρά
888 5251 1094 5305 Παύλου
1122 5251 1390 5321 εἰρῆσθαι.
1407 5252 1662 5306 Σκύϐαλα

15 5354 290 5423 εἴρηται
318 5346 352 5398 ὁ
382 5346 565 5417 νόμος,
597 5345 751 5415 φησὶ,
781 5341 955 5414 ζημία
979 5342 1194 5414 εἴρηται
1215 5359 1229 5373 ο
1259 5341 1361 5395 οὐκ
1388 5341 1515 5411 ἐνῆν
1536 5342 1662 5411 Χρι-

17 5446 167 5499 στὸν
198 5439 519 5510 κερδᾶναι,
545 5440 594 5491 εί
614 5436 688 5509 μὴ
705 5436 893 5491 τοῦτον
915 5435 1246 5508 ἐζημιώθην.
1269 5433 1455 5487 Ταῦτα
1484 5434 1661 5488 πάντα

14 5533 441 5591 ἐπεσπάσατο
492 5532 616 5594 τοὺς
665 5530 974 5600 αίρετικοὺς
1022 5528 1276 5593 δέξασθαι
1321 5527 1382 5579 τὸ
1424 5526 1658 5597 χωρίον,

23 5629 411 5698 νομίζοντας
447 5621 591 5692 ὑπὲρ
636 5620 817 5675 αὐτῶν
851 5616 986 5674 εἶναι
1010 5635 1025 5649 ο
1060 5617 1247 5689 ἐπειδὴ
1281 5616 1337 5670 δὲ
1380 5616 1658 5683 ἐδέξαντο,

13 5722 159 5775 τότε
213 5714 451 5778 αὐτοὺς
495 5713 786 5783 περιέϐαλε
831 5714 943 5775 τοῖς
984 5709 1221 5771 δικτύοις
1273 5707 1556 5761 πάντοθεν.
1596 5709 1661 5761 Τί

12 5818 145 5886 γάρ
187 5827 395 5886 φασιν
437 5806 815 5886 ἐπιπηδῶντες
852 5807 1090 5870 ἐκεῖνοι;
1138 5802 1267 5857 Ἰδοὺ
1306 5801 1478 5872 ζημία
1513 5804 1542 5853 6
1580 5802 1663 5853 νό-

1776 2172 1895 2225 μος,
1942 2154 2049 2207 ίδοὺ
2076 2154 2319 2208 σκύϐαλα
2355 2158 2587 2225 εἴρηται.
2625 2153 2748 2219 Πῶς
2782 2150 2874 2211 οὖν
2900 2157 3061 2211 αὐτὸν
3082 2157 3216 2212 Θεοῦ
3251 2158 3341 2213 λέ·-

1765 2263 1890 2314 γετε
1914 2242 2082 2311 εἶναι;
2110 2245 2257 2298 Αὐτά
2282 2246 2379 2315 μὲν
2401 2242 2494 2297 οῦν
2524 2245 2697 2299 ταῦτα
2723 2247 2864 2318 ὑπὲρ
2888 2248 2980 2301 τοῦ
3001 2250 3166 2320 νόμου
3191 2251 3335 2305 ἐστί’

1765 2336 1861 2389 καὶ
1889 2335 2073 2397 πόθεν,
2111 2333 2322 2387 ἐκεῖθεν
2353 2334 2530 2403 δῆλον.
2588 2334 2923 2405 Πρόσχωμεν
2953 2337 3196 2407 ἀκριϐῶς
3229 2341 3341 2398 τοῖς

1763 2426 2078 2496 λεγομένοις
2098 2442 2111 2454 ο
2146 2425 2246 2477 οὐκ
2282 2422 2435 2486 εἷπε,
2479 2425 2662 2495 Ζημία
2695 2426 2844 2479 ἐστὶν
2872 2427 2901 2478 6
2934 2427 3130 2497 νόμος,
3187 2428 3302 2481 ἀλλ’
3322 2470 3337 2494 ,

1767 2519 2022 2587 ’Ἡγημαι
2051 2516 2238 2571 αὑτὸν
2282 2516 2525 2584 ζημίανο
2572 2517 2667 2569 καὶ
2693 2517 2782 2569 ὅτε
2816 2517 2915 2587 μὲν
2952 2519 3081 2590 περὶ
3116 2519 3340 2590 κέρδους

1764 2610 1971 2677 ἔλεγεν,
2003 2609 2105 2662 οὐκ
2135 2604 2308 2671 εἷπεν,
2353 2606 2626 2676 “Ηγημαι,
2658 2606 2794 2674 ἀλλ’,
2824 2603 2944 2661 Ἦν
2969 2608 3180 2677 κέρδος
3199 2625 3213 2637 ·
3249 2610 3340 2663 ὅτε

1762 2701 1820 2754 δὲ
1834 2718 1901 2752 πε
1912 2700 1964 2771 pl
1982 2698 2048 2770 ζη
2059 2700 2209 2769 μίας,
2233 2694 2406 2761 εἶπεν,
2428 2696 2580 2768 [284]
2596 2696 2877 2766 ἼΙγήμαι,
2896 2699 3121 2764 εἰκότως
3136 2717 3149 2731 ·
3162 2701 3340 2755 έκεῖνο

1766 2792 1865 2862 μὲν
1913 2792 2020 2862 γὰρ
2052 2794 2109 2844 ὲν
2142 2791 2321 2859 φύσει,
2358 2788 2514 2844 τοῦτο
2540 2790 2599 2843 δὲ
2630 2790 2816 2845 λοιπὸν
2853 2791 3076 2860 γέγονεν
3103 2793 3209 2846 ἀπὸ
3239 2794 3340 2863 τῆς

1762 2882 2035 2951 ἡμετέρας
2067 2880 2407 2951 ὑπολήψεως.
2432 2881 2497 2934 Τί
2521 2875 2646 2947 οῦν;
2674 2882 2777 2935 ούκ
2805 2881 2942 2946 ἐστι,
2975 2884 3131 2952 φησὶ,
3166 2884 3341 2955 ζημία

1762 2972 1790 3023 6
1821 2971 2018 3040 νόμος;
2060 2972 2283 3025 Ἔστιν·
2321 2970 2458 3024 ἁλλά
2504 2970 2595 3025 διὰ
2638 2972 2731 3025 τὸν
2770 2974 3041 3043 Χριστόνο
3075 2975 3211 3029 ἀλλά
3243 2976 3338 3029 νῦν

1763 3063 1951 3133 κέρδος
1999 3064 2240 3131 γέγονεν.
2279 3062 2394 3116 Οὐκ
2421 3061 2701 3131 ἐνομίζετο
2741 3062 2951 3134 κέρδος,
2982 3061 3168 3130 είπεν,
3201 3066 3341 3120 ἀλλά

1759 3151 1827 3226 ἦν
1847 3171 1861 3184 ο
1906 3155 2187 3225 μονονουχὶ
2214 3153 2387 3223 λέγων
2406 3169 2417 3182 °
2448 3153 2732 3223 Ἐννόησον
2758 3155 2881 3208 ὅσον
2912 3151 2980 3225 ἦν
3018 3156 3338 3228 ἀνθρώπους

1762 3246 2268 3317 ὲκτεθηριωμένους
2296 3249 2396 3315 τὴν
2431 3244 2627 3315 φύσιν,
2669 3248 2748 3308 είς
2787 3247 2849 3299 τὸ
2894 3249 3002 3300 τῶν
3034 3248 3338 3318 ἀνθρώπων

1763 3338 1950 3407 σχῆμα
1975 3339 2337 3408 καταστῆσαι.
2371 3338 2434 3390 Εἰ
2463 3337 2539 3407 μὴ
2564 3339 2592 3390 6
2618 3337 2783 3408 νόμος
2817 3332 2907 3409 ἦν,
2937 3339 3048 3393 οὐδ’
3077 3339 3144 3392 ἂν
3174 3342 3207 3410 ή
3243 3341 3339 3411 χά-

1764 3447 1852 3501 ρις
1881 3429 2061 3500 ὲδόθη.
2087 3429 2184 3482 Διὰ
2210 3429 2295 3495 τί;
2325 3429 2448 3482 Ὅτι
2474 3427 2727 3500 καθάπερ
2752 3446 2836 3493 τις
2861 3429 3076 3501 γέφυρα
3093 3430 3334 3499 γέγονεν.

1776 3521 1991 3591 Ἐπειδὴ
2024 3521 2133 3591 γὰρ
2165 3521 2264 3573 οὐκ
2299 3520 2426 3589 ἐνῆν
2451 3519 2561 3573 ἀπὸ
2590 3520 2694 3589 τῆς
2730 3520 2930 3592 πολλῆς
2959 3521 3339 3587 ταπεινώσεως

1762 3612 1843 3675 εἰς
1870 3610 1932 3664 τὸ
1961 3610 2093 3679 ’ύψος
2135 3609 2415 3673 ἀνελθεῖν,
2456 3609 2646 3678 γέγονε
2688 3610 2909 3680 κλῖμαξ.
2963 3611 3127 3665 Ἀλλά
3158 3615 3207 3665 εί
3244 3615 3338 3667 καὶ

1762 3702 1861 3771 τῆς
1895 3701 2163 3772 κλίμακος
2201 3700 2384 3753 οὐκέτι
2414 3700 2592 3754 δέεται
2622 3702 2650 3753 6
2684 3699 2944 3761 ἀνελθὼν,
2978 3700 3092 3753 ἀλλ’
3123 3702 3184 3754 ού
3228 3702 3336 3774 μὴν

1761 3791 1848 3844 διὰ
1874 3790 2035 3844 τοῦτο
2057 3790 2227 3859 αὐτὴν
2257 3790 2520 3860 ὑπερορᾷ,
2550 3789 2687 3842 ἀλλὰ
2712 3790 2805 3843 καὶ
2831 3790 2988 3859 χάριν
3013 3790 3149 3861 αὐτῇ
3175 3788 3335 3846 οἶδεν.

1764 3882 1910 3951 Αὕτη
1940 3882 2050 3953 γὰρ
2078 3881 2242 3935 αὐτὸν
2295 3882 2375 3943 είς
2434 3880 2495 3934 τδ
2526 3879 2724 3951 μηκέτι
2751 3879 2973 3948 [δεῖσθαι
3006 3881 3175 3953 αὐτῆς
3208 3900 3340 3936 κατ-

1763 3971 1957 4045 έστησε
1978 3988 1995 4004 θ
2034 3973 2128 4027 καὶ
2168 3974 2318 4042 ὅμως
2350 3970 2490 4043 ὑπὲρ
2521 3970 2712 4025 τούτου
2745 3972 2933 4038 αὐτοῦ,
2966 3973 3048 4027 ὅτι
3075 3975 3137 4027 ού
3166 3974 3337 4029 δεῖται

1762 4064 1954 4135 αὐτῆς,
1982 4064 2118 4134 αὐτῇ
2151 4062 2309 4134 χάριν
2336 4061 2618 4132 ὁμολογεῖν
2640 4105 2655 4130 ,
2689 4064 2847 4135 φησὶ,
2875 4063 3081 4118 δίκαιον
3099 4082 3114 4095 ·
3142 4065 3204 4119 ού
3228 4066 3338 4137 γὰρ

1762 4157 1828 4210 ἂν
1861 4156 2048 4228 ἀνέϐη.
2078 4156 2232 4209 Οὕτω
2260 4156 2354 4209 καὶ⁸
2387 4156 2481 4208 ἐπὶ
2509 4154 2603 4208 τοῦ
2643 4155 2813 4225 νόμου
2835 4171 2849 4186 ·
2878 4156 3157 4226 ἀνήγαγεν
3187 4151 3340 4228 ἡμᾶς

1763 4248 1843 4311 είς
1880 4246 2045 4316 ὕψος·
2100 4245 2297 4300 οὐκοῦν
2330 4246 2520 4313 κέρδος
2555 4240 2657 4316 ἦν·
2708 4244 2846 4300 ἀλλά
2892 4245 3079 4300 λοιπὸν
3133 4247 3337 4318 ζημίαν

1762 4338 1923 4391 αὑτὸν
1968 4337 2278 4408 νομίζομεν.
2325 4337 2488 4403 Πῶςς
2529 4336 2644 4390 Οὐκ
2691 4336 2879 4408 ἐπειδὴ
2926 4336 3099 4408 ζημία
3148 4340 3333 4403 ἐστὶν,

1760 4428 2090 4498 ἀλλ’-ἐπειδὴ
2130 4428 2263 4481 πολὺ
2299 4426 2503 4497 μείζων
2533 4429 2566 4497 ή
2599 4427 2780 4497 χάρις.
2831 4428 3041 4499 Ὥσπερ
3071 4427 3182 4499 γὰρ
3219 4431 3248 4482 ὀ
3277 4432 3334 4483 ὲν

1763 4519 1907 4591 λιμῷ
1945 4519 2019 4573 ὢν
2052 4519 2240 4589 πένης,
2273 4518 2377 4581 ἕως
2421 4518 2518 4588 μὲν
2556 4517 2621 4570 ἂν
2650 4518 2750 4590 ἔχῃ
2788 4517 3085 4589 ἀργύριον,
3116 4518 3337 4587 διαφεύ-

1763 4630 1849 4689 γει
1880 4610 1972 4664 τδν
2016 4609 2173 4681 λιμόν
2193 4627 2207 4641 ’
2239 4609 2459 4663 ἐπειδὰν
2487 4609 2543 4662 δὲ
2579 4609 2775 4679 χρυσὸν
2818 4609 2975 4682 εῦρῃ,
3010 4609 3104 4663 καὶ
3135 4612 3209 4681 μὴ
3238 4612 3335 4685 ἐξῇ

1766 4703 2051 4775 ἀμφότερα
2080 4704 2369 4771 κατασχεῖν
2391 4743 2406 4767 ,
2438 4702 2639 4772 ζημίαν
2676 4704 2889 4773 ἡγεῖται
2923 4702 2983 4755 τὸ
3008 4703 3182 4756 ἐκεῖνο
3208 4722 3335 4758 κατ-

1765 4796 1928 4865 έχειν,
1966 4794 2059 4848 καὶ
2085 4795 2240 4862 ἀφεὶς
2283 4794 2432 4853 αὐτὸ,
2474 4794 2739 4865 λαμϐάνει
2766 4795 2827 4847 τὸ
2850 4794 3070 4864 χρυσίον
3092 4809 3109 4827 '
3139 4796 3332 4867 ἀφίησι

1764 4885 1967 4949 δὲ,ούκ
2012 4886 2200 4956 ἐπειδὴ
2245 4884 2419 4956 ζημία
2464 4886 2523 4938 τὸ
2578 4886 2839 4957 ἀργύριον
2872 4887 2957 4958 (ού
3007 4888 3116 4960 γάρ
3166 4889 3330 4961 ἐστι),

1764 4981 1878 5033 ἀλλ’
1907 4981 2091 5051 ἐπειδὴ
2123 4982 2221 5033 οὐκ
2248 4980 2325 5033 ἔνι
2358 4980 2491 5051 ὁμοῦ
2524 4982 2593 5034 τὰ
2619 4980 2712 5034 δύο
2740 4981 2941 5048 λαϐεῖν,
2969 4981 3082 5035 ἀλλ’
3118 4984 3331 5056 ἀνάγκη

1763 5075 1822 5125 τὸ
1842 5073 1901 5125 ἓν
1931 5073 2246 5125 καταλιπεῖν
2266 5088 2279 5101 ο
2306 5072 2449 5125 οὕτω
2482 5074 2576 5126 καὶ
2607 5073 2859 5129 ἐνταῦθα.
2892 5076 3076 5145 Ζημία
3111 5072 3203 5129 οὗν
3230 5078 3331 5147 οὐχ
3415 5090 3423 5113 ι

1761 5168 1791 5217 6
1814 5165 1976 5234 νόμος
2001 5166 2169 5227 ἐστὶν,
2199 5164 2334 5218 ἀλλά
2363 5165 2423 5218 τὸ
2445 5164 2521 5235 τῷ
2551 5166 2701 5235 νόμῳ
2728 5166 3179 5237 προσκαθήμενον
3227 5168 3333 5239 ἀφο

1768 5255 2012 5310 ίστασθαι
2038 5255 2132 5308 τοῦ
2162 5253 2416 5326 Χριστοῦ.
2440 5257 2621 5321 Ὥστε,
2639 5258 2767 5311 ὅταν
2799 5256 2987 5331 ἀπάγῃ
3018 5260 3164 5329 ἡμᾶς
3194 5261 3329 5331 Χρι-

1767 5348 1924 5412 στοῦ,
1963 5349 2085 5402 τότε
2127 5347 2336 5419 ζημίαο
2378 5349 2444 5403 ἂν
2480 5350 2535 5402 δὲ
2571 5350 2953 5423 παραπέμπῃ,
2995 5350 3198 5404 οὐκέτι.
3230 5351 3330 5404 Διά

1766 5438 1924 5493 τοῦτό
1955 5457 2112 5512 φησι,
2146 5441 2358 5511 Ζημία,
2397 5440 2785 5504 τουτέστι,διὰ
2802 5441 2909 5494 τὸν
2959 5442 3235 5509 Χριστόν.
3268 5443 3330 5494 Εἰ

1764 5530 1853 5585 διὰ
1882 5530 1972 5585 τὸν
2021 5531 2271 5601 Χριστὸν,
2321 5531 2383 5585 οὐ
2441 5531 2600 5601 φύσει
2634 5530 2829 5602 ζημία.
2884 5530 2982 5584 Διὰ
3034 5530 3087 5583 τί
3136 5531 3193 5583 δὲ
3232 5532 3332 5585 οὐκ

1768 5624 1958 5693 ἀφίησι
1984 5621 2060 5692 τῷ
2091 5621 2311 5694 Χριστῷ
2344 5622 2660 5693 προσελθεῖν
2696 5624 2724 5674 6
2756 5622 2948 5693 νόμος;
2981 5622 3092 5675 Kal
3123 5621 3227 5693 μὴν
3255 5623 3335 5687 είς

1767 5712 1955 5776 τοῦτο,
1986 5711 2183 5782 φησὶν,
2215 5711 2401 5784 ἐδόθη,
2434 5711 2528 5764 καὶ
2571 5710 2847 5781 πλήρωμα
2875 5710 3044 5780 νόμου
3078 5710 3334 5781 Χριστὸς,

1770 5806 1860 5859 καὶ
1892 5804 2064 5869 τέλος
2094 5804 2278 5875 νόμου
2317 5802 2596 5873 Χριστός.
2657 5803 2923 5873 Ἀφίησιν,
2957 5805 3053 5859 ἐὰν
3093 5803 3335 5874 θέλωμεν
