3898 6492
22 393 196 453 λ265

88 512 224 580 quit,
249 509 293 562 si
314 506 650 579 attendamus
676 518 689 556 :
717 500 859 572 quod
881 500 924 577 si
949 499 1166 554 minime
1182 496 1540 560 attendamus,
1562 513 1667 551 non

89 602 235 656 sinit.
273 599 625 653 Verumtamen
647 603 693 649 et
712 593 944 651 existimo
969 592 1139 647 omnia
1164 592 1513 645 detrimentum
1540 606 1664 644 esse.

88 693 225 761 Quid
267 692 408 757 hoc,
449 689 656 760 inquit,
698 687 766 742 de
793 686 909 755 lege
946 684 1111 739 dico?
1148 699 1324 738 nonne
1363 683 1557 736 bonum
1587 690 1669 735 est

86 786 315 841 mundus
342 785 365 838 ?
393 799 569 839 notme
600 782 796 834 bonum
828 786 909 833 est
939 792 1172 848 prtescns
1204 777 1309 830 vita
1337 775 1360 827 ?
1385 774 1667 829 Verumta-

86 894 207 933 men
236 877 284 933 si
311 876 581 931 abducant
606 890 637 928 a
669 871 899 933 Christo,
931 885 1028 941 pro
1057 869 1254 923 damno
1299 867 1491 923 habeo.
1522 868 1669 922 Cur?

86 970 309 1041 Propter
337 968 634 1022 eminentem
659 964 916 1018 scientiam
943 960 1068 1017 .Iesu
1097 961 1283 1016 Christi
1312 958 1519 1014 Domini
1546 959 1663 1012 mei.
1710 1024 1711 1027 η

80 1063 184 1117 Ubi
219 1062 364 1117 enim
404 1060 482 1114 sol
524 1059 729 1122 illuxit,
761 1057 953 1129 lychno
981 1055 1244 1110 inluererc
1271 1053 1520 1109 damnum
1560 1061 1660 1109 cst.

82 1154 264 1224 Itaque
286 1169 349 1209 ex
372 1152 657 1206 collatione
684 1149 935 1203 damnum
968 1147 1045 1210 lit,
1070 1147 1321 1201 nimirum
1349 1145 1418 1199 ob
1443 1144 1664 1198 alterius

78 1244 467 1313 pnestantiam.
500 1241 666 1297 Vides
710 1240 932 1294 Paulum
973 1237 1431 1308 comparationem
1464 1234 1659 1290 facere.

82 1338 307 1406 Propter
332 1336 647 1396 eminentem,
675 1331 865 1402 inquit,
892 1346 999 1384 non
1018 1329 1157 1400 quod
1177 1328 1403 1383 alterum
1431 1327 1662 1381 alienum

72 1430 144 1483 sit
175 1446 189 1482 :
215 1442 341 1482 nam
373 1424 511 1496 quod
543 1424 743 1478 eminet
766 1432 820 1476 et
845 1421 1081 1485 excellit,
1116 1420 1166 1474 in
1197 1435 1256 1475 re
1276 1435 1394 1490 qua:
1422 1417 1662 1489 ejusdem

72 1521 142 1573 sit
176 1518 395 1589 generis
429 1514 662 1570 excellit.
701 1511 849 1569 Unde
882 1512 1042 1582 igitur
1086 1526 1181 1580 per
1208 1512 1662 1578 comparationem

74 1610 445 1682 praestantiam
490 1606 712 1661 alterius
744 1604 1042 1663 constituit.
1086 1602 1210 1657 inde
1249 1601 1467 1656 alterius
1502 1601 1660 1656 etiam

70 1705 449 1772 mgnationem
473 1707 525 1751 et
546 1696 945 1751 similitudinem
968 1694 1284 1765 cognitionis
1308 1693 1660 1748 demonstrat.

70 1795 306 1861 PrOpter
331 1778 470 1862 quem
497 1791 667 1843 omnia
691 1789 1045 1843 detrimentum
1065 1788 1180 1856 feci,
1211 1796 1258 1840 et
1283 1788 1501 1840 arbitror
1525 1787 1665 1855 quis-

66 1888 266 1957 quilias
298 1878 418 1951 esse,
453 1895 503 1937 ut
527 1883 779 1937 Christum
803 1880 1141 1951 lucrifaciam.
1170 1879 1418 1934 Nondum
1445 1880 1659 1946 quidem

68 1978 420 2033 manifestum
455 1984 536 2029 est
575 1972 982 2044 quisquiliarum
1024 1987 1219 2026 nomen
1252 1971 1320 2027 de
1354 1971 1472 2042 lege
1506 1971 1611 2027 dici
1644 1990 1657 2025 :

70 2069 375 2127 verisimile
403 2068 544 2123 enim
577 2076 659 2122 est
687 2064 907 2120 Paulum
940 2063 1007 2119 de
1047 2062 1335 2119 mundanis
1380 2063 1542 2119 rebus
1575 2064 1659 2117 di-

71 2178 218 2218 cere.
248 2160 384 2216 Nam
412 2176 530 2214 cum
556 2158 796 2219 diiisset,
826 2156 953 2221 Qua:
974 2156 1097 2209 mihi
1126 2160 1334 2226 fuerunt
1361 2155 1526 2222 lucra,
1555 2154 1661 2209 ἠως

68 2254 354 2307 arbitratus
384 2267 497 2304 sum
531 2259 736 2320 propter
764 2246 1021 2302 Christum
1049 2246 1441 2314 detrimentum,
1470 2246 1657 2310 addit,

80 2342 441 2398 Verumtamen
467 2352 513 2395 et
540 2340 770 2395 existimo
798 2340 967 2393 omnia
990 2339 1344 2394 detrimentum
1371 2353 1500 2393 esse.
1524 2338 1657 2392 Dmn

65 2436 223 2501 dicit,
280 2434 490 2499 Omnia,
543 2432 804 2504 significat
842 2439 897 2485 et
942 2431 1209 2500 praeterita
1258 2439 1312 2486 et
1350 2431 1656 2501 praesentia.

64 2508 222 2596 and
250 2528 303 2583 si
326 2528 455 2582 velis
472 2528 642 2597 legem
670 2523 978 2595 signiﬁcari,
997 2538 1170 2594 neque
1194 2523 1314 2579 ideo
1336 2530 1511 2579 tamen
1532 2538 1661 2579 cou-

65 2621 293 2676 tumelia
323 2619 573 2674 afﬁcitur.
603 2616 917 2685 Quisquiliae
951 2615 1094 2671 enim
1121 2629 1187 2669 ex
1218 2613 1488 2669 frumento
1517 2614 1660 2671 exsi-

61 2724 235 2780 stunt,
278 2692 339 2767 et
375 2714 516 2781 quod
561 2710 612 2763 iu
661 2709 927 2763 frumento
969 2707 1119 2778 quasi
1165 2706 1436 2762 robustius
1478 2715 1580 2772 est,
1606 2706 1657 2761 id

58 2815 144 2862 est
190 2803 519 2877 quisquilia,
565 2801 768 2871 paleam
812 2799 953 2855 dico.
983 2799 1164 2870 Itaque
1208 2807 1493 2869 antequam
1542 2797 1654 2853 fru-

60 2907 318 2952 mentum
346 2895 668 2956 exsisteret,
709 2892 854 2946 utilis
883 2900 999 2945 erat
1039 2891 1128 2945 illa
1158 2891 1430 2961 palearum
1461 2905 1617 2961 seges
1639 2932 1653 2956 ,

58 3000 112 3043 et
141 3004 251 3043 una
294 3002 416 3040 cum
448 2984 713 3038 frumento
745 2985 910 3052 ipsam
940 2982 1243 3054 colligimus
1272 2999 1285 3036 :
1313 2981 1456 3052 quod
1495 2982 1539 3036 si
1568 2982 1655 3037 illa

60 3096 165 3134 non
196 3078 419 3143 fuisset,
450 3089 624 3147 neque
652 3074 755 3130 hoc
791 3084 1035 3129 exortum
1062 3083 1225 3131 esset.
1250 3074 1324 3128 lta
1351 3084 1405 3129 et
1432 3075 1486 3130 in
1516 3074 1652 3146 lege.

126 3169 187 3224 Ξ.
232 3169 406 3223 Vides
450 3168 644 3238 ubique
687 3184 791 3221 non
827 3182 937 3222 rem
970 3168 1139 3237 ipsam
1169 3167 1348 3222 vocari
1377 3167 1654 3233 damnum,

54 3262 151 3318 sed
183 3269 418 3331 propter
442 3258 755 3315 Christum?
787 3257 1141 3312 Verumtamen
1162 3269 1210 3313 et
1238 3259 1407 3313 omnia
1428 3260 1658 3314 existimo

54 3357 428 3410 detrimentum
456 3368 580 3407 esse.
609 3352 776 3421 Quam
827 3351 898 3405 ob
940 3367 1153 3407 causam
1186 3351 1209 3405 ἱ)
1238 3351 1442 3407 Rursus
1465 3393 1481 3418 ,
1515 3351 1653 3406 Pro-

54 3460 165 3518 pter
203 3448 517 3505 eminentem
555 3445 832 3508 scientiam,
879 3453 1085 3513 propter
1120 3459 1266 3513 quem
1302 3443 1471 3497 omnia
1498 3442 1657 3497 detri-

55 3551 292 3595 mentum
329 3540 441 3608 {eci.
487 3537 689 3592 Deinde
718 3536 979 3605 adjnngit,
1020 3535 1206 3590 Omnia
1234 3534 1469 3589 existimo
1496 3535 1656 3589 detri-

53 3644 458 3696 mentum‘esse,
503 3641 559 3684 ut
599 3630 850 3684 Christum
894 3627 1233 3700 lucrifaciam.
1263 3627 1426 3683 Vides
1456 3629 1651 3698 ubique

53 3726 425 3781 inhmrentem
478 3724 810 3777 firmamento
845 3720 1085 3776 Christi?
1113 3735 1212 3776 nec
1254 3736 1477 3792 usquam
1524 3721 1659 3789 pati-

52 3832 139 3873 tur
186 3816 391 3873 nudari
442 3816 615 3886 legem
649 3830 711 3869 ac
751 3814 959 3884 plagam
989 3814 1253 3883 accipere,
1294 3813 1391 3868 sed
1425 3812 1659 3882 undique

54 3913 231 3981 ipsam
268 3905 579 3964 munit?Et
622 3907 851 3961 inveniar
888 3907 941 3960 in
986 3906 1107 3970 illo,
1137 3920 1238 3958 non
1278 3904 1465 3959 habens
1496 3921 1656 3958 meam

49 4001 323 4073 justitiam
358 4016 473 4069 qua:
497 4014 561 4052 ea
601 4001 709 4069 lege
736 4007 825 4052 est.
871 3995 928 4051 Si
960 3996 1025 4061 is,
1066 3995 1155 4064 qui
1182 3995 1441 4087 justitiam
1490 3995 1655 4087 habe-

54 4094 169 4158 bat,
200 4091 356 4162 quod
396 4106 458 4145 ea
505 4104 615 4159 pra:
662 4088 760 4143 hac
782 4089 985 4159 justitia
1030 4087 1164 4142 nlhil
1207 4086 1372 4154 esset,
1412 4088 1477 4142 ad
1522 4086 1658 4144 hanc

53 4184 354 4249 accurrit;
398 4183 489 4251 qui
531 4180 731 4235 nullam
778 4180 1010 4246 habent,
1054 4178 1322 4249 quomodo
1354 4194 1458 4234 non
1488 4179 1657 4234 multo

60 4281 247 4347 magis
276 4290 559 4331 acrurrere
582 4272 852 4327 debebunt
878 4272 902 4327 ?
930 4272 993 4326 Et
1031 4282 1178 4326 recte
1206 4271 1364 4338 dixit,
1398 4270 1519 4325 Non
1560 4272 1656 4325 Iur-

47 4371 183 4423 bens
216 4384 386 4421 meam
406 4366 705 4437 justitiam;
747 4364 798 4419 id
840 4372 923 4420 est
962 4378 1069 4418 non
1111 4362 1256 4419 illam
1282 4405 1297 4430 ,
1339 4379 1496 4434 quam
1527 4364 1657 4418 mihi

51 4460 208 4514 meis
232 4457 502 4511 laboribus
523 4472 586 4510 ac
605 4455 891 4510 sudoribus
909 4470 1365 4524 comparaveram,
1384 4455 1476 4509 sed
1497 4471 1657 4525 quam

52 4567 129 4605 ex
179 4549 363 4619 gratia
406 4548 599 4603 iuveni.
640 4547 697 4602 Si
731 4548 889 4617 igitur
932 4545 1058 4625 ille,
1104 4547 1195 4616 qui
1237 4547 1451 4601 virtutis
1481 4547 1658 4604 officia

50 4643 345 4706 obiverat,
368 4656 429 4694 ex
456 4642 624 4711 gratia
653 4640 877 4694 salutem
908 4650 991 4695 ρει
1022 4639 1268 4711 adeptus,
1295 4640 1462 4695 multo
1491 4642 1659 4711 magis

48 4751 177 4789 vos.
215 4734 484 4802 Quoniam
514 4733 656 4787 enim
692 4731 979 4787 verisimile
1018 4740 1132 4785 erat
1161 4731 1283 4786 illos
1309 4731 1508 4795 dicere,
1540 4747 1656 4786 ms-

44 4827 237 4896 jorem
269 4838 395 4880 esse
414 4825 676 4893 justitiam
697 4838 816 4894 qua:
847 4838 913 4878 ex
944 4822 1233 4887 laboribus,
1260 4823 1495 4878 ostendit
1520 4823 1659 4879 hanc

50 4933 171 4989 pra:
202 4917 304 4971 illa
337 4917 542 4985 paleam
564 4931 684 4971 esse
711 4934 723 4968 :
756 4914 957 4984 alioqui
985 4915 1127 4969 enim
1154 4930 1258 4967 non
1280 4955 1296 4980 ,
1327 4929 1448 4969 cum
1479 4914 1545 4969 ad
1578 4915 1659 4985 ip-

47 5026 169 5065 sam
206 5010 624 5079 pervenissem,
666 5022 727 5063 ea
757 5006 996 5077 projecta
1038 5006 1102 5059 ad
1145 5005 1281 5060 hanc
1310 5006 1530 5061 alteram
1569 5021 1659 5061 ac-

47 5102 385 5156 cnrrissem.
419 5098 676 5166 Qumnam
699 5112 826 5153 vero
847 5097 965 5152 hzec
992 5107 1076 5151 est
1104 5097 1127 5149 ?
1156 5096 1282 5164 Quae
1303 5114 1365 5151 ex
1394 5097 1495 5164 ﬁde
1521 5096 1659 5163 Dei;

47 5196 102 5248 id
134 5203 225 5247 est
246 5234 264 5255 ,
310 5193 431 5246 hare
460 5192 574 5261 ipsa
604 5192 764 5246 etiam
791 5207 821 5245 a
866 5190 977 5245 Deo
1006 5190 1128 5245 data
1152 5199 1271 5246 est:
1304 5190 1401 5246 Dei
1433 5199 1515 5245 est
1543 5189 1659 5246 h:cc

46 5287 163 5354 ipsa
186 5282 411 5355 justitia
437 5286 674 5346 ;donum
696 5282 906 5351 penitus
937 5282 1029 5337 Dei
1057 5290 1174 5337 est:
1205 5282 1297 5336 Dei
1320 5292 1495 5338 autem
1518 5281 1656 5336 dona

53 5382 225 5449 longo
256 5376 554 5431 intervallo
583 5374 908 5429 antecedunt
933 5374 1212 5428 utilitatem
1241 5373 1500 5427 honorum
1529 5388 1660 5444 epe-

48 5486 192 5535 rum,
218 5483 362 5540 quae
386 5483 451 5522 ex
476 5475 660 5521 nostro
687 5466 863 5521 studio
888 5465 1124 5536 profecta
1155 5476 1297 5521 sunt.
1322 5465 1458 5533 Quid
1478 5475 1655 5522 autem

44 5574 131 5619 est
180 5563 343 5618 ﬁdes
367 5563 392 5615 'l
419 5559 489 5614 In
536 5560 670 5628 ﬁde,
697 5560 901 5630 inquit,
932 5561 1001 5613 ad
1039 5561 1437 5630 cognoscendum
1461 5560 1606 5616 illum
1632 5562 1658 5615 ?

48 5656 191 5727 Ergo
226 5669 342 5725 per
379 5652 539 5706 ﬁdem
575 5651 807 5721 cognitio
836 5667 851 5717 ;
880 5667 981 5707 nec
1005 5652 1119 5706 sine
1146 5652 1249 5707 fide
1278 5653 1425 5707 illum
1454 5668 1659 5725 cogno-

40 5762 201 5802 scere
220 5746 313 5799 fas
342 5753 445 5800 est.
464 5742 783 5811 Quomodo?
806 5742 909 5799 Per
937 5744 1102 5813 ipsam
1129 5743 1269 5797 enim
1292 5745 1657 5813 cognoscenda

44 5851 127 5897 est
160 5841 354 5895 virtus
395 5835 810 5893 resurrectionis
841 5835 983 5905 ejus.‘
1013 5836 1223 5893 Etenim
1253 5852 1373 5907 qua!
1404 5852 1653 5907 umquam

964 386 1029 444 IN
1066 385 1289 444 EPIST.
1330 386 1425 441 AD
1465 384 1752 441 PlllLlPP.
1793 385 1946 441 CAP.
1992 385 2078 441 111.
2121 387 2349 443 1101111..
2392 387 2483 443 Xl.

3251 391 3356 448 966

1778 496 2110 552 ratiocinatio
2124 499 2566 553 resurrectionem
2586 500 2739 555 nobis
2754 500 3166 557 demonstrabit?
3178 503 3354 573 Nulla,

1776 585 1868 639 sed
1896 587 2009 640 sola
2042 587 2194 641 fides.
2215 588 2369 655 Quod
2394 590 2438 644 si
2465 590 2667 645 Christi
2694 592 2986 647 secundum
3015 602 3230 650 carnem
3265 612 3359 652 re-

1775 678 2037 731 surrectio
2080 678 2183 732 fide
2227 681 2587 750 cognoscitur,
2636 683 2905 752 quomodo
2945 687 3219 754 generatio
3265 689 3355 743 Dei

1778 767 1937 824 Verbi
1987 772 2473 841 comprehendetur
2525 775 3072 834 ratiocinationibus?
3126 796 3351 850 genera-

1775 858 1921 913 tione
1962 861 2105 915 enim
2151 863 2325 917 minor
2362 872 2446 919 est
2495 868 2838 921 resurrectio.
2891 867 3048 923 Cur?
3091 869 3351 936 Quoniam

1775 948 1917 1003 illius
1941 951 2157 1021 quidem
2190 954 2356 1009 multa
2383 956 2625 1027 exempla
2655 959 2976 1015 exstiterunt
3000 1002 3013 1023 ,
3047 966 3319 1030 generatio
3339 991 3351 1003 ι

1771 1043 1853 1096 nis
1881 1044 2083 1099 nullum
2118 1063 2131 1100 :
2165 1049 2359 1102 mortui
2397 1048 2541 1104 enim
2580 1042 2733 1104 multi
2772 1064 3185 1108 resurrexerunt
3229 1065 3353 1110 ante

1770 1134 2063 1204 Christum,
2090 1140 2333 1209 quamvis
2372 1151 2493 1212 post
2532 1145 2984 1201 resurrectionem
3014 1163 3199 1203 rursus
3237 1152 3354 1205 obi—

1770 1229 1946 1283 verint
1973 1246 1988 1294 ;
2018 1247 2176 1286 nemo
2204 1244 2381 1288 autem
2412 1250 2662 1306 umquam
2694 1235 2810 1301 fuit,
2839 1252 2997 1309 quem
3026 1240 3176 1311 virgo
3201 1258 3353 1311 pare-

1707 1328 1711 1332 '
1769 1328 1871 1373 ret.
1898 1321 2035 1392 Ergo
2061 1320 2108 1376 si
2139 1323 2268 1378 illud
2290 1325 2473 1391 etiam,
2503 1327 2643 1397 quod
2666 1338 2785 1383 ortu
2817 1330 3110 1385 secundum
3136 1347 3349 1388 carnem

1768 1411 1926 1467 vilius
1970 1422 2086 1479 est,
2120 1413 2223 1470 fide
2263 1418 2823 1486 comprehendendum
2853 1430 2973 1485 est;
3013 1423 3155 1492 quod
3185 1425 3352 1477 multo

1776 1507 1948 1571 majus
1964 1515 2068 1573 est,
2089 1516 2140 1561 et
2158 1507 2364 1563 infinite
2392 1512 2562 1578 majus
2583 1525 2645 1565 ac
2667 1526 2733 1565 ne
2756 1513 3118 1583 comparabile
3133 1516 3347 1584 quidem

1766 1606 1849 1649 est
1873 1638 1887 1660 ,
1933 1597 2034 1653 hoc
2063 1601 2333 1668 quomodo
2359 1604 2761 1660 ratiocinatione
2786 1610 3300 1676 comprehendetnus
3327 1612 3352 1665 ἲ

1770 1688 1893 1743 llzce
1942 1691 2139 1747 faciunt
2180 1692 2460 1762 jusdtiam.
2499 1696 2611 1752 Hoc
2649 1699 2793 1753 enim
2844 1711 3056 1769 oportet
3089 1703 3346 1768 credere,

1768 1781 1880 1835 ﬁeri
1914 1783 2150 1850 potuisse
2177 1801 2192 1850 ;
2225 1787 2496 1857 quomodo
2524 1804 2653 1844 vero
2682 1794 2939 1860 potuerit,
2969 1810 3075 1849 non
3097 1796 3206 1865 jam
3251 1813 3348 1866 po-

1765 1881 1870 1927 test
1898 1873 2105 1929 ostendi
2132 1892 2145 1931 :
2177 1889 2248 1931 ex
2291 1876 2393 1932 lide
2428 1879 2570 1935 enim
2604 1881 2661 1935 lit
2701 1891 2760 1937 ut
2787 1898 2963 1938 rerum
3004 1887 3345 1941 molestarum

1763 1966 1910 2022 coire
1936 1969 2248 2026 societatem
2274 1971 2520 2029 velimus.
2552 1973 2869 2041 Quomodo?
2906 1979 3016 2035 Nisi
3061 1982 3201 2036 cnim
3230 1999 3347 2037 cre-

1764 2056 1982 2124 damus,
2035 2076 2209 2132 neque
2261 2063 2420 2119 etiam
2470 2066 2610 2120 mala
2662 2069 2964 2137 patiemur;
3008 2073 3105 2127 nisi
3155 2075 3344 2129 creda-

1764 2164 1882 2204 mus
1920 2149 2034 2206 fore
2061 2162 2117 2206 ut
2148 2168 2247 2207 una
2273 2157 2558 2225 patientes,
2590 2159 2750 2214 simul
2780 2162 2940 2216 etiam
2973 2165 3339 2235 regnahimus,

1763 2241 1911 2295 nullo
1958 2252 2110 2312 pacto
2160 2246 2226 2299 ad
2281 2248 2554 2303 subeunda
2609 2253 2946 2309 incommoda
2992 2256 3338 2313 adducemur.

1764 2333 1901 2403 Ergo
1939 2333 2041 2389 fide
2080 2347 2134 2391 et
2160 2341 2433 2407 generatio
2472 2351 2526 2396 et
2573 2347 2897 2400 resurrectio
2926 2350 3343 2418 comprehendi-

1761 2432 1868 2478 tur.
1897 2424 2057 2480 Vides
2086 2442 2191 2482 non
2219 2430 2412 2485 nudam
2444 2432 2640 2502 requiri
2670 2434 2825 2491 iidem
2847 2480 2859 2500 ,
2890 2439 2984 2494 sed
3012 2430 3132 2495 cum
3161 2445 3341 2511 Operi-

1759 2516 1861 2571 hus
1890 2518 2278 2587 eonjnnctam?
2316 2523 2363 2577 is
2398 2524 2541 2579 enim
2576 2527 2911 2595 potissimum
2958 2532 3128 2587 credit
3156 2548 3341 2589 resur.

1759 2610 1966 2664 rexisse
1994 2610 2266 2666 Christum
2286 2656 2299 2678 ,
2333 2616 2421 2685 qui
2453 2617 2706 2673 similiter
2732 2635 2789 2675 se
2816 2624 3069 2692 periculis
3097 2629 3337 2695 exponit,

1762 2700 1852 2767 qui
1907 2702 1955 2755 ei
2000 2717 2059 2757 se
2104 2703 2156 2758 in
2210 2707 2649 2776 perpessionibus
2709 2714 2913 2767 socium
2968 2718 3171 2784 pra'het
3220 2737 3233 2773 :
3286 2722 3341 2775 lit

1758 2792 1899 2846 enitn
1931 2796 2111 2850 socius
2135 2798 2183 2851 ei
2211 2799 2298 2868 qui
2329 2802 2657 2868 resurrexit,
2690 2802 2739 2858 ei
2763 2805 2850 2874 qui
2876 2807 3026 2859 vivit.
3053 2808 3338 2877 Propterea

1756 2885 1970 2941 dicebat
1988 2931 2002 2955 ,
2031 2889 2086 2945 9.
2118 2890 2182 2944 Et
2209 2892 2434 2946 inveniar
2454 2894 2506 2948 in
2534 2893 2644 2961 illo,
2670 2913 2772 2950 non
2798 2897 2985 2953 habens
3010 2917 3167 2954 meam
3182 2904 3342 2973 justi-

1758 2978 1882 3031 tiam
1906 2996 2019 3050 qna:
2037 2998 2100 3035 ea:
2118 2983 2227 3054 lege
2245 2994 2337 3047 est,
2369 2986 2460 3040 sed
2488 2987 2631 3042 illam
2654 3005 2767 3059 qua:
2789 3006 2851 3044 ea:
2886 2992 2988 3060 ﬁde
3013 3004 3087 3047 est
3118 2995 3307 3048 Christi
3325 3037 3339 3057 .

1756 3088 1869 3141 qua:
1897 3090 1959 3127 ea:
1987 3073 2092 3129 Deo
2122 3087 2213 3142 est,
2238 3078 2493 3147 justitiam
2514 3081 2566 3134 in
2587 3081 2708 3148 ﬁde,
2741 3082 2828 3138 i0.
2852 3085 2922 3138 ad
2941 3090 3340 3157 cognoscendum

1756 3164 1932 3231 illum,
1963 3177 2013 3220 et
2041 3168 2271 3224 virtutem
2299 3174 2706 3242 resurrectionis,
2744 3185 2793 3231 et
2827 3178 3114 3234 societatem
3142 3186 3341 3251 passio-

1757 3273 1876 3309 num
1905 3258 2065 3322 illius,
2094 3262 2442 3334 conﬁguratus
2462 3266 2611 3320 morti
2634 3268 2764 3338 ejus,
2791 3270 2877 3325 11.
2905 3272 2948 3327 si
2966 3290 3063 3343 quo
3086 3277 3235 3331 modo
3256 3296 3342 3332 oc-

1755 3365 1955 3404 curram
1971 3352 2037 3405 ad
2066 3356 2479 3411 resurrectionem
2502 3375 2616 3430 quw
2642 3371 2716 3415 est
2742 3379 2808 3417 ea:
2831 3368 3059 3421 mortuis.
3096 3369 3341 3443 Con/igu-

1755 3452 1928 3509 ratus,
1973 3444 2173 3516 inquit,
2217 3450 2370 3504 morti
2409 3451 2552 3521 ejus;
2590 3452 2641 3508 id
2685 3463 2791 3519 est,
2809 3459 3093 3531 particeps.
3129 3464 3338 3521 Etenim

1756 3534 2207 3602 quemadmodum
2237 3538 2325 3595 ille
2347 3540 2414 3595 ab
2434 3541 2740 3598 hominibus
2767 3548 2903 3603 male
2926 3563 3182 3621 acceptus
3211 3567 3292 3610 est
3319 3595 3330 3617 ,

1758 3626 1829 3681 ita
1850 3638 1904 3681 et
1926 3643 2025 3699 ego
2049 3647 2063 3683 :
2089 3639 2367 3702 prepterea
2389 3633 2545 3701 dixit,
2565 3635 2956 3709 Conﬁguratus;
2974 3655 3025 3698 et
3043 3661 3226 3703 rursus
3253 3653 3345 3703 ali-

1756 3715 1831 3781 bi,
1846 3715 1917 3771 Et
1937 3719 2189 3790 adimpleo
2205 3739 2265 3777 ea
2283 3740 2395 3793 qua:
2410 3726 2587 3781 desunt
2603 3729 2893 3799 passionum
2915 3731 3102 3791 Christi
3118 3738 3170 3792 in
3191 3755 3342 3795 carne

1758 3825 1868 3881 mea
1898 3810 2118 3881 (Coloss.
2149 3815 2200 3870 l.
2231 3814 2347 3888 24).
2375 3816 2433 3873 Id
2461 3827 2564 3886 est,
2593 3823 2903 3879 vexationes
2928 3836 2976 3880 et
3011 3827 3341 3887 calamitates

1760 3899 2061 3971 huiusmodi
2085 3904 2313 3962 reddunt
2339 3908 2621 3980 imaginem
2646 3913 2929 3984 quamdam
2960 3918 3102 3975 illius
3129 3926 3336 3979 mortis.

1756 3990 1871 4048 Non
1894 3995 2035 4051 enim
2065 3996 2208 4068 quod
2228 4015 2383 4055 suum
2415 4011 2499 4057 est
2535 4006 2826 4075 quaerebat,
2849 4009 2944 4065 sed
2980 4013 3119 4083 quod
3157 4021 3341 4072 multis

1759 4085 2061 4155 prodesset.
2094 4088 2449 4159 Quamobrem
2483 4103 2537 4149 et
2572 4099 2883 4154 vexationes
2912 4112 2965 4155 et
3005 4104 3341 4165 incommoda

1758 4185 1813 4231 et
1833 4178 2089 4249 angustia:
2116 4188 2319 4238 tantum
2348 4184 2501 4240 abest
2529 4195 2586 4241 ut
2612 4204 2709 4244 nos
2740 4195 3052 4260 perturbare
3078 4198 3337 4265 debeant,

1759 4277 1817 4323 ut
1839 4271 2014 4340 potius
2035 4270 2159 4328 inde
2186 4274 2474 4331 lzetandum
2496 4279 2585 4345 sit,
2621 4282 2761 4351 quod
2785 4298 2880 4352 per
2901 4285 3015 4340 haec
3038 4291 3341 4348 conformes

1757 4359 2031 4417 reddimur
2055 4364 2213 4419 morti
2237 4365 2353 4435 ejus
2384 4385 2395 4420 :
2429 4369 2649 4437 perinde
2674 4386 2736 4426 ac
2758 4375 2805 4427 si
2831 4373 3053 4444 diceret,
3088 4380 3166 4433 Ad
3199 4382 3341 4437 illius

1759 4453 2161 4510 similitudinem
2210 4457 2501 4527 fingimur:
2548 4462 2691 4531 quod
2742 4473 2797 4519 et
2841 4465 2968 4520 alibi
3014 4469 3219 4541 inquit,
3270 4477 3341 4531 ita

1760 4546 2023 4613 scribens,
2053 4546 2499 4619 Mortiﬁcationem
2527 4551 2737 4608 Domini
2762 4554 2887 4611 Jesu
2922 4559 2973 4612 in
3001 4577 3211 4633 corpore
3237 4568 3338 4619 cir-

1758 4643 2089 4710 cumferentes
2131 4641 2220 4711 (2.
2252 4640 2372 4697 Cor.
2405 4645 2460 4699 4.
2495 4645 2606 4713 10).
2638 4646 2693 4701 ld
2729 4664 2856 4704 vero
2902 4666 2968 4707 ex
3009 4671 3197 4727 magna
3241 4662 3343 4715 lida

1759 4732 1837 4785 fit.
1864 4729 1977 4787 Non
2001 4732 2143 4788 enim
2165 4734 2339 4789 solum
2362 4739 2721 4796 resurrexisse
2746 4741 3036 4810 credimus,
3060 4749 3154 4804 sed
3181 4751 3340 4809 etiam

1759 4832 1880 4894 post
1907 4825 2355 4881 resurrectionem
2383 4826 2579 4883 habere
2604 4846 2849 4903 magnam
2879 4841 3188 4907 potentiam.
3214 4843 3342 4900 Pro-

1761 4924 1940 4985 pterea
1968 4915 2154 4972 eadem
2184 4917 2264 4971 via
2294 4917 2397 4973 iter
2422 4918 2647 4976 facimus
2666 4964 2680 4987 ,
2712 4939 2814 4994 qua
2842 4926 2933 4984 ille
2964 4947 2978 4980 ε
3012 4931 3063 4986 id
3093 4942 3211 5003 est,
3243 4937 3343 4993 hac

1758 5005 1920 5061 etiam
1948 5022 2012 5061 ex
2046 5016 2195 5076 parte
2225 5006 2416 5064 fratres
2445 5009 2589 5067 illius
2616 5014 2881 5071 etiieitnur
2906 5037 2920 5074 :
2949 5023 3173 5090 perinde
3199 5043 3263 5083 ac
3288 5030 3334 5083 si

1761 5098 1986 5165 diceret,
2017 5099 2092 5153 Ex
2140 5098 2240 5154 hac
2276 5115 2335 5155 re
2367 5100 2631 5158 efficimur
2658 5104 2845 5162 ehristi
2875 5112 3111 5180 quidam.
3144 5116 3338 5188 Papae!

1759 5201 1953 5261 quanta
1976 5203 2058 5246 est
2078 5206 2435 5247 aerumnarum
2458 5194 2717 5266 dignitas!
2742 5198 3020 5256 Credimus
3040 5208 3342 5268 conformes

1759 5298 1857 5338 nos
1877 5284 1989 5338 fieri
2009 5284 2161 5339 morti
2189 5284 2306 5354 ejus
2326 5302 2423 5356 per
2441 5303 2725 5346 aerumnas.
2743 5291 2874 5347 Nam
2896 5299 3344 5364 quemadmodum

1760 5374 1812 5429 in
1836 5375 2123 5446 baptismo,
2138 5373 2430 5449 Consepulti
2449 5396 2626 5437 sumus
2644 5382 2965 5440 similitudini
2990 5392 3165 5445 mortis
3192 5395 3299 5462 ejus
3325 5410 3344 5449 :

1761 5469 1833 5525 ita
1859 5468 1946 5525 hic
1972 5469 2147 5526 eidem
2188 5472 2349 5526 morti
2376 5472 2681 5530 conformes
2717 5475 3010 5533 reddimur.
3046 5482 3119 5538 lbi
3152 5487 3345 5543 merito

1762 5560 1931 5626 dixit,
1961 5560 2302 5617 Similitudini
2331 5565 2506 5619 mortis
2532 5567 2680 5636 ejus;
2708 5581 2813 5621 non
2835 5569 2976 5624 enim
3001 5580 3164 5627 totam
3195 5592 3342 5631 mor-
3410 5594 3411 5599 ‘

1765 5663 1870 5710 tem
1902 5652 2201 5719 obivimus;
2234 5669 2342 5709 non
2363 5656 2506 5711 enim
2532 5671 2758 5726 corpore
2783 5667 2837 5712 et
2863 5674 3021 5717 carne
3046 5669 3241 5721 mortui
3265 5687 3349 5723 sn-

1762 5763 1904 5816 mus,
1934 5748 2028 5804 sed
2056 5756 2294 5817 peccato.
2327 5747 2585 5816 Quoniam
2614 5749 2774 5822 igitur
2800 5768 2943 5809 mors
2968 5758 3246 5829 utrobique
3268 5762 3346 5816 di-

1762 5839 1921 5907 citur,
1949 5837 2044 5896 sed
2067 5837 2155 5895 ille
2173 5837 2389 5910 quidem
2413 5852 2637 5910 corpore
2658 5852 2900 5901 mortuus
2920 5856 3020 5915 est,
3046 5864 3145 5907 nos
3166 5856 3343 5905 autem
