3974 6508
539 434 644 489 267

546 563 797 623 pec-rato;
831 561 883 608 et
914 551 1020 606 illic
1047 550 1208 604 homo
1239 558 1484 603 mortuus
1514 557 1630 611 est,
1673 562 1833 615 quem
1882 546 1995 613 ipse
2040 558 2128 597 as-

545 652 872 716 sumpserat,
896 643 985 713 qui
1009 642 1061 697 in
1083 655 1312 710 corpore
1334 651 1518 694 n05tro
1547 639 1677 704 fuit;
1710 638 1793 692 hic
1820 651 1946 691 vero
1970 635 2130 689 homo

545 736 797 809 peccati:
841 740 1125 804 propterea
1173 730 1243 785 ibi
1281 730 1498 801 quidem
1544 729 1745 799 inquit,
1792 725 2129 782 Similitudini

544 827 720 881 mortis
744 827 891 896 ejus;
920 823 1009 879 hic
1028 837 1157 879 vero
1177 838 1280 876 non
1298 821 1411 892 jam
1438 818 1770 876 similitudini
1798 818 2006 883 mortis,
2035 814 2131 871 sed

544 920 758 990 ipsimet
788 917 966 972 morti.

619 1012 674 1067 3.
712 1009 911 1065 Paulus
945 1008 1088 1065 enim
1130 1007 1184 1062 in
1214 1004 1588 1063 vexationibus
1628 1021 1734 1061 non
1767 1005 1877 1075 jam
1910 1012 2133 1075 peccato

547 1113 787 1159 mortuus
816 1112 920 1168 eSt,
953 1101 1048 1157 sed
1078 1101 1195 1171 ipso
1213 1115 1439 1170 corpore
1467 1115 1484 1155 :
1512 1100 1859 1169 quamobrem
1887 1096 2131 1152 eamdem

546 1196 711 1253 subiit
740 1205 991 1251 mortem.
1021 1193 1082 1250 Si
1108 1210 1211 1265 quo
1238 1194 1388 1247 modo
1417 1208 1704 1258 occurram,
1738 1190 1926 1259 inquit,
1956 1188 2024 1241 ad
2048 1203 2130 1241 re-

545 1291 928 1355 surrectionem,
955 1303 1068 1359 quia
1111 1295 1184 1341 est
1222 1302 1286 1340 ea:
1329 1285 1560 1338 mortuis.
1606 1282 1743 1348 Quid
1784 1281 1905 1337 ais?
1947 1295 2135 1335 omnes

546 1382 692 1438 enim
723 1382 789 1436 ad
818 1382 976 1436 istam
1006 1378 1323 1448 perveniunt
1357 1394 1370 1431 :
1403 1391 1549 1442 nam,
1584 1374 1705 1429 Non
1738 1389 1910 1428 omnes
1930 1371 2133 1441 quidem

544 1476 876 1537 dormimus,
908 1470 1098 1541 inquit,
1137 1469 1226 1523 sed
1267 1482 1440 1522 omnes
1480 1467 1858 1520 immutabimur
1900 1463 1975 1536 (l.
2010 1460 2130 1518 Cor.

546 1568 635 1622 15.
672 1566 795 1636 5|);
829 1579 1001 1635 neque
1036 1560 1450 1618 resurrectionis
1478 1561 1653 1615 solum
1688 1572 1879 1613 omnes
1916 1557 2134 1627 partici-

548 1673 645 1728 pes
670 1657 894 1721 erimus,
926 1655 1019 1711 sed
1054 1655 1216 1710 etiam
1257 1652 1698 1719 immortalitatis,
1736 1652 1788 1705 hi
1817 1651 2031 1721 quidem
2065 1648 2133 1704 ad

548 1754 830 1813 honorem,
880 1748 933 1803 hi
977 1763 1105 1803 vero
1136 1746 1201 1801 ad
1234 1746 1568 1802 occasionem
1605 1745 1869 1816 supplicii.
1913 1744 2053 1813 Ergo
2089 1743 2132 1797 si

549 1857 738 1897 omnes
796 1840 863 1895 ad
919 1837 1371 1895 resurrectionem
1429 1838 1781 1907 perveniunt,
1838 1851 2011 1905 neque
2068 1834 2136 1888 ad

547 1932 1000 1990 resurrectionem
1052 1931 1224 1987 solum
1252 1972 1269 1997 ,
1323 1928 1417 1986 sed
1472 1928 1633 1984 etiam
1698 1928 1766 1983 ad
1818 1927 2136 1982 immortali-

550 2035 754 2091 tatem,
806 2023 1077 2095 quomodo
1134 2031 1404 2092 tamquam
1457 2021 1547 2091 qui
1600 2020 1927 2091 praecipuum
1978 2018 2135 2087 quid-

550 2118 693 2188 piam
724 2116 1015 2186 adepturus
1047 2128 1218 2180 esses,
1263 2112 1503 2177 dicebas,
1542 2111 1604 2167 Si
1630 2128 1727 2181 quo
1776 2111 1925 2164 modo
1962 2126 2139 2164 occur-

551 2211 706 2265 ram?
746 2210 1057 2280 Propterea,
1099 2207 1292 2277 inquit.
1346 2207 1463 2260 htec
1513 2203 1701 2266 subeo,
1732 2203 1795 2258 Si
1845 2218 1945 2271 quo
1988 2201 2138 2256 modo

550 2317 811 2355 occurram
836 2300 904 2353 ad
932 2298 1369 2359 resurrectionem,
1397 2310 1510 2365 qua:
1539 2303 1609 2348 est
1650 2310 1713 2348 ea:
1741 2294 1955 2347 mortuis
1986 2308 2006 2348 :
2034 2292 2137 2347 nisi

550 2394 694 2447 enim
723 2402 965 2446 mortuus
996 2388 1182 2452 fueris,
1214 2404 1319 2443 non
1358 2401 1628 2456 resurges.
1660 2384 1798 2453 Quid
1839 2385 2000 2455 igitur
2036 2383 2141 2438 hoc

552 2486 677 2542 est?
723 2482 945 2539 Videtur
988 2496 1239 2552 magnum
1282 2479 1537 2549 quiddam
1585 2478 1687 2532 hoc
1732 2478 1855 2532 loco
1895 2476 2141 2531 subindi-

553 2593 679 2633 care
711 2594 723 2630 :
757 2575 891 2630 adeo
916 2574 1059 2630 enim
1092 2587 1344 2643 magnum
1372 2582 1505 2635 erat,
1548 2579 1604 2624 ut
1632 2585 1808 2640 neque
1832 2582 2142 2624 asseverare

553 2682 716 2723 ausus
752 2666 933 2732 fuerit,
967 2664 1061 2720 sed
1094 2673 1300 2717 tantum
1338 2662 1550 2732 inquit:
1583 2660 1642 2716 Si
1681 2678 1779 2732 quo
1807 2661 1976 2716 modo.
2012 2661 2143 2715 Cre-

553 2759 663 2815 didi
717 2759 769 2813 in
814 2758 1012 2828 ipsum,
1041 2764 1098 2811 et
1142 2755 1310 2825 ipsius
1357 2752 1846 2818 resurrectionem;
1886 2761 2143 2824 praeterea

556 2860 778 2921 propter
828 2850 999 2919 ipsum
1054 2847 1273 2916 patior:
1308 2859 1409 2899 nec
1466 2854 1647 2899 tamen
1698 2844 1873 2899 adhuc
1926 2858 2142 2914 possum

557 2945 779 2998 omnino
823 2940 1098 2996 confidere
1144 2939 1280 3002 fore,
1325 2948 1385 2993 ut
1431 2922 1797 3007 resurgarnus.
1830 2939 1998 3003 Quam
2043 2936 2145 2991 hoc

557 3036 677 3090 loco
706 3032 1159 3088 resurrectionem
1188 3030 1358 3086 dicit?
1400 3030 1556 3097 Eam,
1584 3044 1703 3099 quae
1745 3029 1811 3083 ad
1847 3030 2020 3098 ipsum
2048 3028 2146 3082 du—

558 3127 632 3179 cit
656 3125 949 3180 Christum.
997 3122 1161 3189 Dixit,
1197 3120 1413 3176 Credidi
1452 3122 1506 3175 in
1553 3134 1677 3175 eum
1730 3128 1785 3173 et
1832 3120 2016 3173 virtuti
2062 3134 2147 3173 re-

558 3217 909 3273 surrectionis
965 3216 1102 3285 ejus,
1151 3223 1207 3270 et
1259 3215 1463 3269 socium
1519 3229 1606 3268 me
1659 3228 1780 3267 esse
1838 3213 2145 3283 passionum

563 3325 824 3374 suarum,
866 3309 1366 3379 configuratumque
1405 3321 1493 3361 me
1528 3321 1649 3361 esse
1679 3306 1838 3361 morti
1871 3306 2020 3375 ejus;
2051 3321 2144 3361 ve-

562 3413 866 3459 rumtamen
914 3412 1034 3471 post
1080 3399 1196 3455 hac
1238 3399 1417 3453 omnia
1468 3398 1702 3454 nondum
1753 3398 1964 3467 penitus
2014 3412 2147 3452 con-

560 3495 671 3552 iido
702 3513 714 3549 :
745 3494 889 3565 quod
919 3493 1046 3548 alibi
1091 3493 1243 3557 dixit,
1293 3492 1393 3560 Qui
1423 3508 1475 3546 se
1504 3493 1759 3546 existimat
1799 3500 1952 3558 stare,
1982 3490 2150 3545 videat

562 3602 626 3641 ne
646 3586 797 3641 cadat
830 3585 905 3657 (1.
934 3583 1055 3639 Cor.
1091 3583 1179 3639 l0.
1212 3584 1340 3653 12);
1371 3592 1425 3638 et
1453 3595 1661 3645 rursus,
1693 3578 1868 3635 Timeo
1906 3597 1969 3634 ne
1993 3584 2147 3651 forte,

560 3696 677 3733 cum
708 3679 826 3732 aliis
871 3675 1274 3748 prwdicaverim,
1306 3676 1415 3745 ipse
1441 3672 1683 3743 reprobus
1712 3673 1899 3743 eﬁiciar
1924 3671 1998 3743 (1.
2028 3671 2147 3726 Cor.

561 3774 618 3828 9.
642 3772 760 3841 27).
781 3769 869 3824 12.
904 3767 1026 3822 Νοη
1044 3768 1178 3838 quod
1195 3768 1311 3837 jam
1337 3767 1636 3837 acceperim,
1661 3775 1748 3818 aut
1765 3766 1878 3835 jam
1904 3764 2151 3833 perfectus

561 3864 660 3918 sim
688 3877 707 3917 :
734 3876 915 3928 sequor
948 3869 1140 3926 autem,
1174 3859 1219 3913 si
1260 3874 1360 3927 quo
1400 3858 1551 3912 modo
1595 3856 2022 3920 comprehendam
2042 3895 2057 3920 ,
2098 3856 2153 3909 in

548 3973 664 4029 .quo
708 3964 753 4010 et
792 3953 1181 4023 comprehensus
1217 3968 1331 4006 sum
1367 3967 1399 4003 a
1439 3950 1638 4005 Christo
1672 3949 1821 4004 Jesu.
1856 3948 1979 4003 Non
2016 3949 2153 4019 quod

558 4051 676 4119 jam
715 4046 1017 4115 acceperim.
1049 4042 1185 4111 Quid
1219 4050 1321 4108 est,
1361 4041 1485 4096 lam
1527 4042 1849 4109 acceperim?
1878 4041 2150 4107 Bravium,

571 4140 766 4209 inquit.
803 4137 978 4205 Quod,
1017 4137 1063 4190 si
1094 4134 1184 4204 qui
1217 4142 1361 4188 tanta
1393 4148 1681 4204 perpessus
1715 4134 1909 4201 fuerat,
1939 4133 2028 4204 qui
2055 4148 2152 4188 ve-

567 4231 816 4298 xabatnr,
854 4228 943 4299 qui
990 4225 1459 4282 mortificationem
1504 4223 1755 4291 habebat,
1799 4226 2035 4279 nondum
2085 4226 2154 4281 de

567 4321 962 4378 resurrectione
1003 4319 1095 4373 illa
1144 4317 1369 4383 ﬁdenti,
1417 4324 1473 4371 et
1518 4330 1713 4371 securo
1767 4316 1946 4370 animo
1991 4326 2151 4371 erat:

568 4414 694 4484 quid
724 4412 937 4466 tandem
976 4410 1216 4465 dicemus
1248 4409 1380 4464 nos?
1418 4407 1555 4476 Quid
1591 4416 1696 4474 est,
1732 4407 1793 4463 Si
1828 4409 2155 4479 comprehen-

571 4506 735 4559 dam?
760 4502 912 4571 Quod
950 4513 1105 4557 antea
1145 4501 1377 4566 dixerat,
1428 4499 1491 4555 Si
1529 4516 1793 4554 occurrant
1829 4501 1882 4554 in
1928 4517 2155 4556 resurre-

574 4599 811 4662 ctionem,
841 4612 953 4661 qua:
980 4605 1052 4648 est
1089 4610 1152 4648 ea:
1188 4594 1418 4648 mortuis.
1455 4592 1513 4648 Si
1550 4576 2022 4662 comprehendam,
2070 4594 2154 4647 in-

570 4689 704 4757 quit,
755 4702 818 4742 ac
858 4696 1067 4741 teneam
1123 4685 1291 4754 ipsius
1334 4684 1816 4744 resurrectionem;
1862 4684 1912 4738 id
1962 4693 2064 4751 est,
2110 4687 2153 4739 si

573 4787 720 4832 tanta
764 4776 895 4846 pati,
932 4776 978 4831 si
1018 4780 1188 4845 ipsum
1241 4774 1436 4829 imitari
1490 4784 1732 4843 potuero,
1780 4775 1824 4828 si
1864 4775 2157 4829 eonformis

575 4871 675 4940 ipsi
714 4869 829 4924 fieri
877 4886 891 4922 :
933 4866 1381 4938 quemadmodum
1425 4867 1590 4922 multa
1634 4881 1823 4937 passus
1863 4877 1946 4922 est
1995 4868 2154 4923 Chri-

570 4974 706 5029 stus,
736 4962 907 5033 sputis
936 4961 1167 5017 foedatus
1209 4969 1311 5025 est,
1352 4960 1521 5031 alapis
1565 4970 1619 5015 et
1658 4960 1820 5031 virgis
1859 4975 2052 5025 caesus,
2093 4975 2156 5015 ac

572 5057 789 5110 demum
832 5062 1063 5108 mortem
1093 5052 1273 5106 subiit.
1322 5051 1436 5107 Hoc
1481 5051 1710 5107 stadium
1758 5059 1878 5106 est:
1908 5067 2005 5121 per
2042 5051 2157 5107 haec

573 5148 756 5202 omnia
790 5162 924 5217 opus
973 5154 1058 5200 est
1099 5144 1167 5199 ad
1212 5144 1353 5199 illius
1392 5145 1845 5199 resurrectionem
1890 5159 1986 5201 vos
2029 5162 2154 5214 per-

568 5241 759 5295 venire
796 5238 974 5294 omnia
1006 5237 1299 5293 certamina
1336 5236 1690 5307 perferentes.
1730 5237 1825 5292 Vel
1870 5237 2029 5308 igitur
2054 5226 2173 5295 hoc

572 5332 674 5385 sibi
716 5329 847 5396 vult,
890 5328 973 5384 vel
1012 5327 1155 5382 istud
1186 5345 1198 5381 :
1232 5326 1289 5383 Si
1338 5327 1531 5399 dignus
1559 5327 1733 5393 fuero,
1770 5329 1861 5398 qui
1897 5343 2157 5398 assequar

573 5424 851 5491 probatam
887 5421 1031 5475 illam
1061 5420 1511 5475 resurrectionem
1551 5434 1615 5475 ac
1654 5419 1889 5475 fidentia:
1918 5420 2154 5490 plenam,

577 5514 643 5567 ad
696 5513 862 5583 ipsius
904 5511 1357 5567 resurrectionem
1398 5510 1730 5581 perveniam.
1770 5511 1901 5566 Nam
1956 5511 2003 5566 si
2042 5527 2158 5568 eer-

578 5607 801 5669 Lunina,
857 5606 900 5659 si
950 5605 1162 5659 labores
1202 5619 1389 5659 omnes
1440 5603 1673 5673 perferre
1718 5613 1965 5672 potuero,
2014 5604 2157 5660 illius

577 5709 790 5765 tuoque
825 5696 1272 5749 resurrectionem
1308 5694 1520 5765 assequi
1560 5704 1767 5765 potero,
1800 5707 1851 5748 et
1885 5711 2004 5750 cum
2046 5696 2157 5766 glo-

578 5787 654 5837 ria
702 5798 1000 5854 resurgere.
1046 5784 1291 5839 Nondum
1335 5786 1495 5850 enim,
1538 5786 1729 5855 inquit,
1777 5786 1969 5856 dignus
2014 5803 2152 5855 sum,

576 5873 776 5945 Sequor
822 5885 1007 5943 autem,
1051 5876 1093 5931 si
1135 5892 1232 5948 quo
1275 5876 1423 5933 modo
1466 5878 1906 5949 comprehendam.
1962 5878 2147 5933 Adhuc

1377 427 1433 482 S.
1462 425 1739 483 JOANNIS
1778 420 2251 481 CllRYSOSTOMl
2288 422 2601 481 ARCIIIEP.
2641 422 3171 487 CONSTANTINOP.
3663 445 3742 504 κε

2238 541 2371 598 mihi
2418 543 2525 599 vita
2578 546 2634 600 in
2683 547 2981 602 certamine
3035 556 3300 617 versatur,
3352 551 3515 610 adhuc
3563 572 3590 613 a
3632 576 3741 621 meta

2237 636 2395 707 longe
2427 637 2639 705 absum,
2686 638 2864 694 adhuc
2898 654 2928 693 a
2969 639 3166 697 braviis
3202 641 3364 710 disto,
3407 646 3565 703 adhuc
3600 665 3741 723 curro,

2235 729 2411 785 adhuc
2448 745 2665 801 sequor.
2714 731 2781 786 Et
2827 747 2936 787 non
2975 732 3133 801 dixit,
3182 733 3370 803 Curre,
3406 738 3512 804 sed,
3551 740 3743 814 Sequor:

2238 835 2303 876 ac
2353 822 2567 877 merito.
2615 822 2748 877 Nam
2795 824 2885 893 qui
2940 825 3294 896 persequitur,
3346 831 3507 884 nostis
3545 845 3743 902 quantam

2236 912 2641 968 contentionem
2685 913 2739 967 in
2783 916 3042 969 sectando
3086 915 3379 973 adhibeat:
3407 923 3644 978 neminem
3681 926 3742 980 in-

2238 1010 2440 1070 tuetur,
2473 1018 2663 1059 omnes
2704 1006 2794 1075 qui
2833 1021 3047 1061 cursum
3077 1006 3218 1062 illius
3258 1009 3637 1081 interrumpunt,
3662 1032 3746 1072 ma-

2237 1110 2344 1166 gno
2382 1095 2581 1166 impetu
2611 1098 2891 1167 propellit;
2934 1107 2989 1153 et
3022 1108 3254 1154 mentem
3284 1110 3340 1156 et
3365 1103 3539 1158 oculos
3566 1116 3612 1160 et
3634 1108 3743 1165 vires

2239 1194 2296 1241 et
2348 1187 2580 1241 animam
2639 1199 2697 1243 et
2747 1203 2943 1257 corpus
2994 1191 3295 1257 contrahit,
3348 1195 3511 1250 solum
3558 1198 3746 1257 bravium

2240 1288 2513 1348 spectans.
2547 1278 2700 1347 Quod
2737 1279 2783 1333 si
2824 1280 3022 1336 Paulus
3064 1291 3242 1338 tantus
3285 1294 3510 1341 sectator
3548 1303 3601 1343 ac
3638 1300 3747 1349 tanta

2240 1385 2451 1441 passus.
2484 1372 2658 1427 adhuc
2692 1374 2884 1443 inquit,
2933 1374 2995 1431 Si
3037 1392 3135 1445 quo
3181 1378 3331 1430 modo
3372 1383 3747 1451 comprehendam,

2239 1462 2367 1532 quid
2407 1463 2650 1519 dicemus
2691 1480 2788 1520 nos
2838 1467 2927 1535 qui
2972 1467 3339 1524 concidimus?
3382 1471 3571 1529 Deinde
3609 1486 3749 1531 osten-

2240 1556 2375 1613 dens
2426 1558 2665 1615 debitum
2713 1560 2815 1617 hoc
2856 1576 2999 1626 esse,
3048 1563 3239 1633 inquit,
3282 1565 3347 1617 In
3380 1583 3474 1636 quo
3511 1580 3550 1622 et
3582 1587 3750 1639 compre-

2242 1651 2428 1706 hensus
2471 1669 2583 1706 sum
2612 1670 2643 1706 a
2671 1652 2795 1708 Jesu
2822 1652 3046 1709 Christo.
3095 1656 3279 1723 Eram,
3314 1657 3494 1728 inquit,
3526 1676 3582 1715 ex
3622 1664 3752 1732 perdi-

2242 1751 2417 1797 torum
2448 1760 2697 1809 numero;
2728 1744 3055 1810 suﬂ'ocabar,
3090 1748 3417 1816 pereundum
3444 1750 3562 1806 mihi
3587 1756 3751 1809 omnino

2242 1844 2394 1899 erat;
2444 1834 2854 1905 comprehendit
2911 1853 2998 1893 me
3048 1839 3191 1894 Deus
3233 1858 3246 1893 :
3289 1857 3409 1896 nam
3456 1853 3508 1898 et
3551 1845 3645 1913 ipse
3682 1862 3750 1901 nos

2243 1939 2480 1985 sectatus
2527 1941 2609 1986 est
2665 1930 2928 2002 fugientes
2986 1933 3161 2002 ipsum
3217 1950 3406 2005 magno
3456 1951 3564 1990 cum
3605 1938 3748 1993 Studio.

2244 2021 2349 2078 Per
2384 2022 2485 2078 hoc
2519 2022 2699 2078 omnia
2730 2022 2846 2080 haec
2872 2023 3073 2078 indicat
3105 2041 3118 2078 :
3150 2023 3237 2081 his
3267 2027 3408 2080 enim
3444 2028 3620 2090 verbis,
3644 2030 3751 2082 Com-

2245 2114 2523 2186 preliensus
2565 2131 2698 2181 sum,
2746 2124 2801 2169 et
2855 2115 3091 2170 studium
3140 2118 3237 2173 Dei
3287 2118 3644 2175 demonstravit
3685 2138 3755 2177 nos

2244 2205 2705 2275 comprehendere
2755 2206 3018 2269 volentis.
3076 2217 3131 2263 et
3182 2217 3425 2265 nostrum
3476 2211 3753 2281 loug'nqunm

2248 2312 2521 2352 recessum
2554 2310 2716 2369 atque
2754 2300 3106 2368 errationem,
3141 2317 3350 2373 nosque
3387 2304 3585 2369 omnino
3608 2306 3662 2358 ab
3693 2306 3757 2359 illo

2245 2389 2506 2459 refugisse
2548 2390 2806 2446 ostendit.

2321 2482 2374 2535 5.
2415 2479 2777 2548 Quamobrem
2818 2497 2942 2538 cum
2988 2482 3122 2540 illud
3170 2484 3423 2558 lacrymis
3465 2486 3651 2558 dignum
3675 2496 3755 2550 est,

2246 2588 2436 2629 omnes
2476 2574 2544 2629 ad
2588 2575 2876 2646 pristinum
2917 2586 3114 2633 statum
3160 2581 3365 2645 relabi;
3408 2591 3511 2635 tum
3550 2596 3659 2635 vero
3687 2582 3759 2635 hoc

2246 2665 2432 2731 etiam,
2460 2679 2582 2721 cum
2622 2681 2818 2736 magno
2858 2666 3026 2723 simus
3061 2669 3247 2723 debito
3291 2670 3522 2736 obnoxii,
3552 2672 3759 2726 neminem

2250 2768 2429 2813 tamen
2480 2758 2685 2830 lugere.
2734 2760 3002 2816 neminem
3048 2762 3357 2835 lacrymari,
3412 2766 3651 2820 neminem
3695 2782 3759 2818 su-

2248 2851 2478 2921 spirare.
2516 2852 2597 2907 Ac
2628 2867 2695 2909 ne
2725 2863 2880 2923 putes
2910 2854 3113 2909 ironice
3140 2855 3330 2911 isthmc
3365 2872 3392 2909 a
3424 2873 3504 2911 me
3536 2858 3640 2911 dici.
3668 2856 3759 2910 Nam

2249 2943 2698 3015 quemadmodum
2730 2954 2854 3001 ante
2880 2945 3075 3001 Christi
3117 2946 3405 3003 adventum
3446 2964 3473 3003 a
3514 2949 3609 3003 Deo
3641 2948 3761 3016 fugie-

2253 3037 2468 3104 bamus,
2500 3038 2571 3092 ita
2621 3054 2764 3095 nunc
2810 3039 2878 3095 ab
2922 3040 3039 3109 ipso
3077 3039 3335 3111 fugimus.
3378 3042 3639 3096 Possumus
3660 3042 3761 3096 enim

2254 3130 2441 3201 fugere
2488 3145 2517 3183 a
2566 3131 2699 3197 Deo,
2751 3148 2857 3186 non
2888 3132 3101 3202 quidem
3145 3133 3290 3197 loco,
3344 3150 3461 3189 nam
3492 3136 3661 3205 ubique
3690 3141 3761 3196 est,

2253 3222 2349 3277 sed
2390 3223 2667 3292 Operibus.
2706 3224 2772 3278 Et
2800 3224 2943 3293 quod
2987 3224 3054 3280 ab
3092 3240 3156 3279 eo
3191 3224 3377 3297 fugere
3407 3242 3506 3281 non
3541 3226 3762 3296 pessimos,

2253 3316 2379 3371 audi
2410 3317 2727 3387 prophetam
2768 3317 3056 3383 dicentem,
3092 3316 3205 3383 Quo
3250 3320 3332 3373 ibo
3364 3337 3394 3372 a
3422 3321 3591 3389 spiritu
3615 3318 3766 3372 tuo?et

2252 3424 2353 3477 quo
2404 3425 2437 3463 a
2485 3408 2616 3479 facie
2664 3419 2752 3462 tua
2804 3410 2999 3479 fugiam
3043 3408 3214 3479 (Psal.
3262 3412 3384 3467 158.
3435 3406 3765 3478 7)?Quomodo

2254 3500 2415 3571 igitur
2460 3514 2745 3571 possumus
2788 3516 2819 3555 a
2871 3501 2979 3556 Deo
3023 3501 3253 3572 fugere?
3297 3506 3491 3560 Eodem
3520 3504 3670 3568 modo,
3693 3517 3768 3572 quo

2256 3605 2541 3661 possumus
2574 3592 2757 3660 procul
2787 3606 2817 3644 a
2848 3591 2960 3647 Deo
2991 3594 3282 3662 proficisci.
3330 3612 3389 3650 ac
3432 3596 3576 3665 longe
3610 3596 3766 3648 abesse.

2258 3681 2359 3748 Qui
2394 3697 2448 3736 se
2478 3681 2738 3752 clangunt,
2768 3682 2958 3753 inquit,
2989 3701 3019 3736 a
3049 3691 3115 3747 te,
3145 3687 3381 3754 peribunt
3406 3686 3564 3756 (Psal.
3591 3685 3661 3739 72.
3685 3683 3765 3749 27);

2255 3782 2312 3829 et
2350 3789 2563 3841 rursus,
2618 3772 2808 3829 Nonne
2851 3775 3139 3845 iniquitates
3176 3787 3357 3831 vestrae
3400 3778 3645 3831 diviserunt
3678 3776 3773 3827 inter

2256 3883 2336 3920 me
2378 3876 2424 3921 et
2469 3884 2560 3922 vos
2607 3865 2764 3939 (lsai.
2814 3867 2904 3924 59.
2959 3868 3059 3939 2)?
3104 3868 3385 3935 Quomodo
3434 3873 3576 3943 igitur
3615 3869 3661 3923 fit
3700 3869 3771 3922 iste

2257 3958 2579 4028 longinquus
2615 3958 2913 4015 discessus?
2950 3970 3006 4015 et
3048 3963 3322 4032 quomodo
3362 3965 3619 4019 intercedit
3651 3962 3773 4025 inter-

2257 4050 2495 4105 vallum?
2521 4050 2820 4117 Electione,
2854 4061 2909 4107 et
2950 4053 3131 4107 animo
3158 4071 3171 4106 :
3199 4056 3323 4110 loco
3353 4057 3489 4111 enim
3517 4070 3609 4109 non
3634 4065 3773 4121 possu-

2259 4158 2379 4197 mus
2410 4159 2423 4196 :
2455 4142 2725 4211 quomodo
2750 4145 2893 4198 enim
2941 4145 3060 4213 quis
3089 4146 3157 4199 ab
3184 4161 3271 4211 eo,
3302 4150 3391 4217 qui
3422 4147 3597 4217 ubique
3628 4142 3769 4202 adest,

2260 4234 2452 4306 fugiat?
2475 4236 2732 4289 Peccator
2754 4235 2915 4307 igitur
2942 4234 3094 4306 fugit.
3127 4236 3240 4292 lloc
3272 4249 3375 4305 est,
3402 4238 3534 4309 quod
3559 4236 3772 4304 Scriptura

2262 4329 2454 4399 inquit,
2502 4327 2659 4400 Fugit
2697 4328 2885 4398 impius
2923 4332 3119 4383 nemine
3166 4343 3487 4402 persequente
3522 4330 3674 4401 (Prov.
3704 4326 3770 4379 28.

2264 4420 2339 4491 1).
2373 4419 2541 4476 Valde
2570 4421 2799 4492 fugimus
2829 4422 2991 4476 Deum
3018 4438 3032 4487 ;
3063 4424 3276 4479 tametsi
3307 4439 3515 4494 semper
3541 4422 3620 4476 ille
3641 4426 3771 4473 secta-

2262 4521 2349 4566 tur
2385 4528 2503 4567 nos.
2542 4512 2835 4581 Apostolus
2864 4529 3080 4568 cursum
3123 4530 3280 4569 suum
3320 4532 3385 4571 eo
3421 4514 3773 4572 intendebat.ut

2263 4618 2429 4672 prope
2455 4602 2520 4656 ad
2543 4604 2690 4657 illum
2720 4604 3035 4659 accederet:
3061 4621 3158 4660 nos
3178 4621 3244 4661 eo
3275 4607 3601 4671 intendimus,
3621 4610 3668 4657 ut
3688 4615 3773 4670 pro-

2262 4693 2348 4748 cul
2375 4694 2712 4749 discedamus
2744 4712 2758 4749 :
2791 4710 2918 4765 ergo
2950 4712 3055 4750 non
3086 4696 3201 4752 hinc
3236 4699 3396 4769 digna
3421 4694 3671 4753 lamentis?
3692 4695 3773 4756 Qun

2262 4790 2431 4861 fugis,
2461 4790 2643 4847 infelix
2683 4803 2737 4846 et
2777 4793 2984 4848 miser?
3027 4808 3133 4863 quo
3174 4791 3313 4864 fugis
3349 4808 3381 4848 a
3426 4796 3525 4848 vita
3565 4800 3613 4847 et
3647 4786 3774 4842 salute

2265 4884 2392 4938 tua?
2427 4882 2483 4939 Si
2518 4898 2548 4937 a
2590 4884 2698 4938 Deo
2727 4883 2917 4954 fugias,
2946 4884 3012 4938 ad
3052 4901 3210 4954 quem
3240 4885 3544 4958 confugies?
3569 4884 3609 4939 si
3634 4897 3658 4934 a
3690 4879 3775 4932 luce

2166 5032 2174 5041 ,
2263 4974 2457 5046 fugias,
2490 4990 2596 5045 quo
2633 4975 2931 5046 respicies?
2961 4977 3005 5031 si
3035 4993 3063 5029 a
3096 4978 3197 5030 vita
3232 4976 3425 5048 fugias,
3452 4976 3580 5032 unde
3609 4969 3774 5043 posthac

2262 5068 2448 5123 vives?
2478 5067 2762 5137 Fugiamns
2794 5070 3002 5124 hostem
3033 5069 3220 5124 salutis
3252 5081 3465 5125 nostrai.
3488 5069 3605 5123 Cum
3630 5074 3773 5132 pecca-

2264 5176 2406 5228 mus,
2438 5176 2469 5215 a
2498 5161 2609 5215 Deo
2637 5160 2891 5231 fugimus,
2923 5161 3265 5231 fugitivorum
3296 5178 3445 5216 more
3480 5170 3704 5217 erramus.
3728 5143 3777 5199 ad

2263 5252 2494 5306 alienam
2524 5251 2863 5308 abscedimus
2892 5262 3090 5307 terram
3118 5270 3132 5305 :
3161 5252 3593 5323 quemadmodum
3619 5246 3691 5301 ille
3711 5236 3778 5307 αυί

2262 5344 2571 5400 comederat
2614 5355 2834 5414 paterna
2863 5345 3022 5412 bona,
3056 5355 3112 5400 et
3140 5346 3345 5401 abierat
3384 5346 3437 5399 in
3465 5343 3665 5397 alienam
3695 5342 3775 5385 ler-

2264 5453 2401 5505 ram,
2428 5438 2516 5507 qui
2544 5444 2715 5492 totum
2746 5438 3120 5506 patrimonium
3150 5443 3565 5508 consumpserat,
3588 5440 3718 5498 atque
3737 5424 3777 5475 ίη

2264 5532 2403 5585 fame
2429 5531 2643 5586 vivebat
2673 5529 2821 5603 (Luc.
2860 5530 2973 5601 15).
3009 5530 3279 5585 Habemus
3306 5546 3435 5586 vero
3459 5517 3775 5599 patrimonium

2263 5632 2318 5678 et
2357 5638 2473 5678 nos.
2514 5622 2827 5692 Cuiusmodi
2861 5638 2989 5678 vero
3032 5622 3172 5677 hoc?
3200 5623 3469 5679 Liberavit
3506 5632 3593 5675 nos
3626 5630 3651 5667 τι
3679 5624 3777 5678 Ρθε⁶

2261 5717 2416 5781 catis,
2441 5714 2659 5770 donavit
2689 5716 2844 5770 nobis
2870 5716 3013 5781 vires
3033 5714 3098 5770 ad
3129 5716 3337 5770 virtutis
3360 5712 3523 5768 officia
3562 5699 3776 5761 obeunda.

2264 5808 2482 5865 donavit
2511 5808 2664 5862 nobis
2700 5807 3061 5873 alacritatem,
3093 5807 3432 5876 patientiam;
3478 5803 3524 5856 in
3563 5795 3775 5864 baptismo

2264 5903 2400 5955 dona
2412 5903 2485 5955 vit
2516 5901 2667 5956 nobis
2689 5899 2941 5969 Spiritum
2963 5882 3239 5956 Sanctum:
3272 5900 3312 5955 si
3335 5896 3443 5953 haec
3470 5881 3773 5958 absumpsctr
