3898 6492
99 436 215 491 267

101 548 223 599 ἐκεῖ
272 546 302 597 6
330 540 615 611 ἄνθρωπος
664 536 955 603 ἀπέθανεν,
980 534 1039 591 όν
1064 534 1327 591 ἀνέλαϐεν
1353 533 1537 598 αὐτὸς,
1565 531 1594 583 6
1624 530 1681 582 ἐν

101 636 325 707 σώματι
360 633 541 705 ἡμῶν,
580 624 683 685 ὦδε
709 631 737 683 6
769 629 1050 700 ἄνθρωπος
1096 628 1197 696 τῆς
1243 625 1544 699 ἁμαρτίας·
1598 624 1686 677 διά

98 729 271 781 τοῦτο
299 728 417 780 ἐκεῖ
456 724 555 795 μέν
600 739 755 793 φησι,
791 720 874 785 Τῷ
913 719 1230 789 ὁμοιώματι
1275 719 1382 773 τοῦ
1425 716 1684 773 θανάτου

101 819 322 883 αὐτοῦ,
350 814 582 872 ἐνταῦθα
609 813 667 867 δέ
691 812 873 867 οὐκέτι
917 811 1222 883 ὁμοιώματι
1260 809 1513 873 θανάτου,
1544 807 1682 872 ἀλλ’,

104 910 266 981 αὐτῷ
298 908 376 980 τῷ
406 907 643 977 θανάτῳ.

187 1021 343 1095 [287]
382 1019 453 1089 γ’.
478 1017 691 1080 Παῦλος
725 1015 833 1084 γὰρ
855 1013 1039 1067 οὐκέτι
1067 1010 1312 1083 ἁμαρτίᾳ
1344 1008 1610 1064 ἀπέθανεν
1629 1008 1687 1059 ἐν

100 1120 225 1179 τοῖς
254 1116 534 1185 διωγμοῖς,
556 1110 673 1166 ἀλλ’
693 1109 841 1179 αὐτῷ
868 1107 946 1178 τῷ
974 1105 1188 1177 σώματι
1211 1121 1225 1134 ⁸
1246 1104 1386 1157 ὥστε
1410 1101 1501 1155 τὸν
1527 1099 1688 1155 αὑτὸν

100 1209 377 1277 ὑπέμεινε
421 1204 665 1258 θάνατον.
698 1200 771 1255 El
802 1215 926 1265 πως
964 1194 1339 1263 καταντήσω,
1370 1194 1554 1263 φησὶν,
1600 1194 1688 1256 εις

100 1296 231 1365 τὴν
257 1293 667 1361 ἐξανάστασιν
696 1291 812 1356 τὴν
853 1290 923 1344 ἐκ
970 1286 1223 1356 νεκρῶν.
1258 1285 1324 1340 Τί
1343 1286 1563 1353 *λέγειςς
1594 1282 1688 1336 καὶ

104 1392 227 1461 μὴν
257 1390 461 1450 πάντες
484 1384 655 1454 αὐτῆς
683 1381 1007 1452 τυγχάνουσι
1024 1396 1038 1410 ’
1068 1378 1299 1443 Πάντες
1340 1373 1458 1446 μὲν
1484 1374 1591 1444 γάρ
1615 1374 1687 1427 οὐ

100 1479 617 1551 κοιμηθησόμεθα,
644 1474 798 1543 φησὶ,
825 1471 1047 1536 πάντες
1077 1470 1148 1523 δὲ
1182 1467 1645 1537 ἀλλαγησόμεθα
1667 1480 1682 1494 ·

100 1576 209 1627 καὶ
256 1572 358 1626 οὐκ
402 1570 746 1629 ἀναστάσεως
804 1564 1005 1635 μόνης,
1055 1561 1192 1615 ἀλλά
1238 1559 1331 1613 καὶ
1382 1557 1686 1626 ἀφθαρσίας

100 1665 341 1727 πάντες,
371 1661 419 1713 οί
449 1658 547 1729 μὲν
574 1657 654 1718 είς
681 1653 867 1724 τιμὴν,
896 1653 945 1704 οί
969 1650 1027 1703 δέ
1055 1651 1136 1712 είς
1158 1647 1366 1716 ἐφόδιον
1390 1644 1683 1703 κολάσεως.

101 1756 178 1809 Εἰ
215 1753 398 1808 τοίνυν
428 1750 624 1812 πάντες
675 1747 775 1811 τῆς
814 1742 1170 1804 ἀναστάσεως
1210 1737 1556 1809 τυγχάνουσι,
1594 1735 1687 1788 καὶ

94 1847 172 1897 οὐ
205 1847 309 1916 τῆς
341 1839 684 1900 ἀναστάσεως
717 1837 901 1907 μόνης,
932 1832 1067 1887 ἀλλά
1094 1830 1189 1885 καὶ
1219 1825 1547 1898 ἀφθαρσίας,
1572 1824 1686 1884 πῶς

95 1936 191 1997 ὡς
221 1934 431 2003 μέλλων
453 1929 727 1997 ἐξαιρέτου
752 1925 894 1988 τινὸς
922 1922 1211 1993 τυγχάνειν
1240 1919 1441 1986 ἔλεγες,
1462 1918 1532 1969 ΕΖ
1563 1932 1688 1980 πως

96 2023 507 2089 καταντήσω;
554 2020 652 2073 Διά
701 2017 860 2071 τοῦτο
906 2013 1077 2069 ταῦτα
1120 2012 1335 2081 πάσχω,
1378 2008 1562 2078 φησὶν,
1619 2006 1690 2059 Et

98 2132 241 2182 πως
263 2111 621 2175 καταντήσω
660 2111 747 2173 εις
772 2106 889 2174 τὴν
915 2104 1326 2169 ἐξανάστασιν
1353 2098 1469 2165 τὴν
1499 2098 1567 2150 ἐκ
1592 2114 1688 2150 νε-

102 2200 276 2269 κρῶν
302 2217 316 2230 ·
349 2200 400 2253 εί
447 2198 557 2270 γὰρ
608 2196 683 2268 μὴ
732 2194 1024 2256 ἀπέθανες,
1054 2191 1154 2244 ούκ
1195 2189 1473 2243 ἀνίστασο.
1504 2186 1569 2239 Τί
1596 2182 1690 2240 οὖν

101 2297 272 2359 ἐστι;
308 2294 465 2345 Δοκεῖ
498 2290 640 2362 μέγα
677 2305 731 2340 τι
757 2284 992 2340 ἐνταῦθα
1020 2281 1350 2337 αἰνίττεσθαι
1372 2298 1386 2311 ·
1419 2279 1561 2333 οῦτω
1582 2277 1691 2347 γὰρ

102 2388 263 2457 μέγα
280 2382 370 2458 ἧν,
396 2385 480 2438 ὃτι
512 2382 633 2436 ούδέ
661 2380 967 2450 ἐθάρρησεν
996 2373 1397 2446 ἀποφήνασθαι,
1422 2372 1558 2426 ἀλλά
1588 2389 1691 2440 φη·

99 2497 201 2533 σιν
237 2477 450 2541 ἁπλῶς,
476 2474 549 2527 El
581 2486 728 2538 πως.
746 2469 1070 2523 Ἐπίστευσα
1118 2468 1197 2529 είς
1240 2464 1403 2517 αὐτὸν
1456 2463 1549 2516 καὶ
1592 2463 1690 2533 τὴν

98 2569 285 2625 αὑτοῦ
327 2569 651 2629 ἀνάστασιν,
686 2560 823 2616 ἀλλά
865 2559 962 2613 καὶ
1007 2558 1201 2627 πάσχω
1240 2556 1307 2609 δι’
1335 2555 1517 2619 αὑτὸν,
1567 2553 1692 2607 ἀλλ’

97 2664 272 2717 σῦπω
300 2661 533 2729 δύναμαι
555 2652 823 2726 θαρρἧαι
851 2650 982 2722 περὶ
1004 2651 1101 2721 τῆς
1130 2647 1498 2711 ἀναστάσεως.
1526 2647 1692 2700 Ποίαν

98 2753 355 2808 ἐνταῦθα
401 2746 694 2804 ἀνάστασιν
726 2756 891 2814 φησις
919 2741 1032 2811 Τὴν
1077 2738 1214 2810 πρὸς
1257 2736 1420 2792 αὐτὸν
1451 2736 1692 2805 ἄγουσαν

96 2851 209 2903 τὸν
249 2843 507 2916 Χριστόν.
547 2836 713 2894 Εἶπον
742 2837 823 2890 ὅτι
864 2832 1158 2887 ἐπίστευσα
1197 2828 1346 2900 αὐτῷ
1375 2830 1469 2883 καὶ
1495 2830 1559 2899 τῇ
1592 2828 1693 2898 τῆς

97 2934 472 2994 ἀναστάσεως
516 2925 680 2982 αὐτοῦ
732 2923 985 2993 δυνάμει,
1022 2921 1115 2974 καί
1157 2920 1238 2973 ὅτι
1288 2918 1540 2981 κοινωνός
1577 2920 1693 2988 εἰμι

96 3027 228 3079 τῶν
270 3021 611 3093 παθημάτων
657 3014 840 3078 αὐτοῦ,
871 3012 967 3067 καὶ
1014 3013 1095 3067 ὅτι
1147 3009 1573 3081 συμμορφοῦμαι
1614 3008 1695 3080 τῷ

100 3117 342 3187 θανάτῳ
378 3110 571 3168 αὑτοῦ⁹
605 3109 720 3163 ἀλλ’
751 3109 898 3178 ὅμως
949 3103 1088 3176 μετά
1133 3101 1305 3157 ταῦτα
1340 3101 1517 3156 πάντα
1543 3100 1694 3155 οῦπω

100 3208 351 3279 θαρῤῶ’
406 3206 542 3274 ὅπερ
591 3197 823 3270 ἀλλαχοῦ
872 3194 1047 3264 λέγει,
1081 3194 1144 3247 '0
1189 3191 1386 3247 δοκῶν
1424 3190 1692 3257 ἑστάναι,

91 3298 397 3367 βλεπέτω
432 3295 516 3367 μὴ
564 3292 722 3361 πέσῃ
742 3306 755 3323 ·
789 3289 886 3345 καὶ
931 3288 1112 3351 πάλιν,
1136 3285 1429 3355 Φοϐοῦμαι
1451 3284 1538 3355 μή
1570 3298 1695 3352 πως

100 3396 339 3457 ἄλλοις
384 3387 670 3457 κηρύξας,
711 3382 895 3448 αὐτὸς
931 3380 1214 3448 ἀδόκιμος
1260 3377 1535 3449 γένωμαι.
1571 3378 1694 3446 Οὐχ

102 3487 212 3539 ὅτι
252 3484 373 3552 ἤδη
416 3479 655 3543 ἔλαϐον,
689 3475 726 3543 ἦ
754 3472 873 3542 ἤδη
908 3470 1298 3539 τετελείωμαι,
1323 3467 1510 3522 διώκω
1547 3468 1616 3521 δὲ
1642 3469 1695 3523 εί

102 3575 225 3629 καὶ
246 3571 581 3630 καταλάϐω,
598 3568 688 3637 ἐφ’
704 3560 753 3634 ᾧ
773 3564 870 3621 καὶ
894 3562 1277 3631 κατελήφθην
1296 3560 1412 3614 ὑπὸ
1439 3560 1696 3629 Χριστοῦ

116 3665 368 3734 Ἰησοῦ.
386 3693 456 3703 -
481 3664 603 3729 Οὐχ
628 3660 717 3714 ὅτι
737 3657 852 3726 ἤδη
870 3656 1109 3710 ἔλαϐον.
1128 3653 1194 3706 Τί
1212 3652 1537 3719 ἐστιν,¹Ἦδη
1554 3652 1697 3706 ἐλα-

104 3762 271 3822 ϐον;
318 3755 391 3808 Τὸ
420 3751 669 3825 βραὸεἶόν
695 3764 879 3819 φησιν.
911 3747 977 3802 Et
999 3745 1057 3800 δὲ
1083 3746 1112 3799 6
1142 3742 1377 3801 τοσαῦτα
1406 3742 1612 3806 παθὼν,
1648 3743 1696 3795 εἰ

103 3856 174 3909 δὲ
226 3854 256 3905 6
293 3847 639 3916 διωκόμενος,
667 3844 715 3896 εί
762 3842 819 3895 δὲ
849 3841 878 3893 6
906 3839 1003 3911 τὴν
1046 3838 1311 3908 νέκρωσιν
1360 3834 1518 3905 ἔχων,
1545 3833 1700 3889 οὔπω

107 3945 352 4017 ὲοάρρει
376 3940 503 4012 περὶ⁵
530 3938 625 4008 τῆς
649 3933 997 3994 ἀναστάσεως
1021 3929 1257 3999 ἐκείνης,
1283 3927 1337 3981 τί
1360 3926 1426 3981 ἂν
1448 3928 1698 3997 εἴποιμεν

108 4036 323 4108 ἡμεῖςς
352 4032 419 4085 Τί
448 4032 614 4090 ἐστιν,
638 4028 707 4080 El
727 4021 1069 4086 καταλάϐω;
1099 4020 1276 4091 Ὅπερ
1299 4018 1560 4089 πρότερον
1583 4018 1699 4070 ἐλε-

108 4145 246 4197 γον,
277 4126 352 4178 Εἰ
382 4118 738 4188 καταντήσω
772 4118 861 4182 εἰς
899 4110 1452 4195 τήν-ἐξανάστασιν
1487 4111 1597 4179 τὴν
1627 4111 1698 4165 ἐκ

110 4194 383 4288 νεκρῶν.
412 4214 523 4285 Τὴν
558 4211 743 4273 αὐτοῦ,
776 4194 960 4279 φησὶν,
985 4204 1281 4261 ἀνάστασιν
1311 4206 1359 4256 εί
1382 4204 1694 4258 καταλάϐω.

109 4310 444 4373 Τουτέστιν,
472 4304 600 4360 Ἐὰν
626 4299 838 4371 δυνηθῶ
865 4298 1100 4353 τοσαῦτα
1128 4297 1342 4362 παθεῖν,
1366 4295 1461 4350 ἐᾶν
1487 4294 1699 4366 δυνηθῶ

118 4399 481 4475 μιμήσασθαι
530 4396 713 4461 αὐτὸν,
742 4392 808 4448 ἂν
836 4391 1048 4463 δυνηθῶ
1078 4389 1394 4461 σύμμορφος
1423 4388 1572 4459 αὐτῷ
1603 4404 1698 4455 γε-

117 4490 350 4544 νέσθαι.
383 4480 522 4553 υἷον,
548 4484 719 4540 πολλά
752 4480 950 4536 ἐπαθεν
995 4481 1026 4534 6
1068 4479 1321 4551 Χριστὸς,
1372 4478 1695 4548 ἐνεπτύσθη,

118 4578 482 4654 ἑρῤαπίσθη,
526 4572 916 4648 ἐμαστιγώθη,
958 4571 1182 4642 ὕστερον
1231 4570 1488 4624 ἀπέθανε.
1531 4568 1700 4623 Τοῦτο

109 4670 355 4726 στάδιόν
394 4669 540 4721 ἐστι’
570 4667 659 4720 διὰ
689 4665 905 4720 πάντων
927 4662 1132 4716 τούτων
1157 4660 1237 4714 δεῖ
1266 4661 1401 4732 πρὸς
1436 4659 1533 4732 τὴν
1570 4660 1701 4714 ἀνά-

112 4778 327 4818 στασιν
338 4758 498 4813 αὐτοῦ
523 4757 747 4827 φθάσαι,
770 4755 975 4817 πάντας
1001 4754 1126 4816 τοὺς
1144 4751 1338 4814 ἄθλους
1359 4750 1698 4819 ἐνεγκόντας.

112 4857 200 4910 Ἦ
218 4853 401 4907 τοίνυν
420 4849 578 4905 τοῦτό
603 4864 789 4918 φησιν,
806 4846 840 4918 ἦ
860 4846 943 4900 ὅτι
966 4845 1094 4898 Ἐάν
1118 4841 1438 4909 καταξιωθῶ
1456 4843 1554 4912 τῆς
1573 4844 1702 4895 ἁνα-

112 4947 379 5007 στάσεως
410 4943 589 5013 τυχεῖν
620 4938 928 5008 εὐδοκίμου,
972 4933 1283 5007 παρρησίαν
1327 4931 1577 5004 ἐχούσης,
1621 4933 1701 4995 είς

103 5039 229 5108 τὴν
274 5034 632 5100 ἐξανάστασιν
680 5029 866 5100 φθάνω
898 5026 996 5099 τὴν
1032 5024 1322 5080 αὑτοῦ.”Αν
1347 5024 1457 5093 γὰρ
1493 5022 1702 5090 δυνηθῶ

107 5129 258 5191 τοὺς
314 5124 533 5193 ἀγῶνας
582 5123 789 5182 πάντας
832 5119 1095 5186 ἐνεγκεῖν,
1122 5116 1217 5169 καὶ
1258 5115 1357 5185 τὴν
1409 5114 1703 5168 ἀνάστασιν

106 5218 301 5275 αὖτοῦ
347 5217 646 5287 δυνήσομαι
694 5214 864 5284 σχεῖν,
886 5210 983 5264 καὶ
1029 5207 1165 5279 μετά
1199 5206 1355 5276 δόξης
1383 5205 1698 5274 ἀναστῆναι.

111 5309 361 5366 Οὐδέπω
399 5308 529 5377 γὰρ,
566 5305 749 5375 φησὶν,
784 5302 932 5368 ἄξιός
964 5301 1111 5368 εἰμι·
1153 5297 1345 5351 Διώκω
1390 5295 1477 5361 δὲ,
1506 5297 1558 5349 εί
1604 5296 1703 5349 καί

110 5399 599 5457 καταλάϐω.Ἕτι
623 5393 911 5465 ὲναγώνιός
944 5410 1033 5464 μοι
1064 5393 1092 5444 6
1121 5390 1265 5461 βίος,
1295 5389 1375 5443 ἔτι
1400 5388 1493 5443 τοῦ
1518 5388 1705 5451 τέλους

110 5496 245 5565 εἰμὶ
280 5492 496 5562 πόρρω,
524 5488 606 5542 ἐτι
632 5487 741 5541 τῶν
777 5485 1042 5558 βραδείων
1066 5472 1369 5553 ἀφέστηκα,
1402 5480 1482 5533 ἐτι
1506 5479 1701 5551 τρέχω,

112 5590 205 5642 ἔτι
231 5583 443 5639 διώκω.
466 5581 575 5635 Καὶ⁸
594 5580 691 5634 οὐκ
712 5574 829 5632 εἶπε
848 5616 862 5638 ,
881 5576 1091 5648 Τρέχω,
1122 5573 1277 5638 ἀλλά,
1303 5571 1498 5626 Διώκω
1521 5586 1536 5600 ·
1562 5570 1707 5623 εικό-

110 5697 254 5742 τως.
273 5679 336 5731 Ὀ
356 5676 464 5746 γὰρ
486 5671 639 5747 [288]
653 5670 881 5734 διώκων,
901 5669 1015 5723 ἴστε
1048 5667 1165 5738 μεθ’
1182 5668 1306 5721 ὅσου
1325 5665 1476 5719 τόνου
1495 5664 1698 5718 διώκεισ

107 5771 325 5826 οὐδένα
359 5769 484 5839 δρᾷ,
526 5768 729 5827 πάντας
784 5762 922 5834 μετὰ
972 5758 1175 5828 πολλῆς
1220 5758 1317 5828 τῆς
1377 5753 1555 5828 ῥύμης
1580 5756 1707 5820 τοὺς

108 5859 529 5921 διακόπτοντας
555 5853 874 5922 ἀπωθεῖται,
908 5851 1003 5907 καὶ
1031 5850 1267 5906 διάνοιαν
1292 5846 1386 5904 καὶ
1423 5848 1577 5919 δμμα
1608 5847 1705 5902 καὶ

1029 422 1093 478 ΙΝ
1133 418 1355 478 EPIST.
1385 418 1475 475 AD
1512 411 1800 471 PHILIPP.
1832 410 1985 466 CAP.
2027 409 2113 466 Ill.
2150 410 2384 466 HOMIL.
2422 408 2519 463 XI.

3252 408 3359 464 268

1792 527 1945 596 ίσχὺν
1994 525 2087 579 καὶ
2129 526 2305 596 ψυχὴν
2350 526 2441 589 καὶ
2482 525 2640 595 σῶμα
2671 523 2987 594 συστρέφει,
3008 523 3145 595 πρὸς
3175 524 3362 595 ἕτερον

1790 620 1887 689 μὲν
1923 618 2074 672 οὐδὲν
2102 617 2261 689 ὁρῶν,
2292 616 2429 689 πρὸς
2451 617 2508 669 δὲ
2554 617 2615 670 τὸ
2660 615 2909 688 βραϐεῖον
2937 614 3114 687 μόνον.
3144 617 3207 669 EE
3238 616 3296 669 δὲ
3325 616 3353 668 6

1786 712 1996 766 διώκων
2027 710 2256 775 Παῦλος,
2283 711 2312 763 6
2340 708 2577 762 τοσαῦτα
2611 707 2821 772 παθὼν,
2853 707 2935 761 ἔτι
2972 707 3159 779 φησὶν,
3179 710 3249 762 El
3264 710 3361 763 καὶ

1788 801 2119 857 καταλάϐωο
2150 801 2202 854 τί
2232 801 2297 855 ἄν
2322 801 2570 871 εἴποιμεν
2602 802 2763 869 ἡμεῖς
2793 799 2844 853 οἱ
2870 799 3322 865 ἀναπεπτωκότες
3346 819 3361 866 ;

1789 892 1921 949 Εἶτα
1965 895 2198 959 δεικνὺς,
2222 894 2304 947 ὅτι
2348 892 2570 963 ὀφειλῆς
2615 890 2675 945 τὸ
2723 893 2957 963 πρᾶγμά
3006 894 3143 957 ἐστι,
3177 896 3359 966 φησὶν,

1800 986 1918 1057 Ἐφ’
1942 980 1992 1055 ᾧ
2018 985 2118 1041 καὶ
2148 982 2531 1053 κατελήφθην
2556 981 2676 1039 ὑπὸ
2706 982 2910 1052 Ἰησοῦ
2936 983 3214 1052 Χριστοῦ.
3242 986 3363 1038 Τῶν

1788 1077 2173 1151 ἀπολλυμένων
2198 1080 2367 1149 ήμην,
2398 1076 2583 1147 φησὶν,
2607 1075 2928 1147 ἐπνιγόμην,
2955 1075 3178 1147 ἔμελλον
3200 1078 3365 1150 ἀπόλ-

1787 1169 1981 1225 λυσθαι
2002 1186 2017 1200 ·
2055 1168 2323 1224 κατέλαϐέ
2355 1185 2423 1239 με
2458 1168 2487 1221 6
2511 1167 2677 1232 Θεός⁹
2722 1167 2816 1221 καὶ
2851 1168 2960 1240 γὰρ
3008 1169 3169 1233 αὐτὸς
3217 1171 3365 1240 ἡμᾶς

1789 1259 1978 1314 ἐδίωκε
2011 1259 2314 1329 φεύγοντας
2362 1256 2525 1311 αὐτὸν
2562 1257 2699 1327 μετά
2732 1256 2934 1329 πολλῆς
2976 1258 3078 1329 τῆς
3107 1261 3342 1329 σπουδῆς

1789 1350 1887 1404 Διά
1915 1351 2105 1405 τούτου
2143 1350 2317 1404 ταῦτα
2349 1349 2525 1403 πάντα
2557 1346 2854 1420 παρίστησι
2875 1364 2893 1377 ο
2924 1349 3003 1418 τῷ
3026 1351 3134 1421 γάρ
3165 1352 3360 1415 εἰπεῖν,

1786 1442 1867 1495 ὅτι
1891 1442 2312 1512 Κατελήφθην,
2342 1440 2511 1506 ἔδειξε
2539 1439 2743 1493 καὶτοῦ
2771 1440 3092 1511 βουλομένου
3122 1443 3362 1495 καταλα-

1789 1534 1903 1588 δεῖν
1944 1535 2045 1605 τὴν
2085 1532 2338 1604 σπουδὴν,
2371 1533 2465 1587 καὶ
2511 1531 2670 1603 ἡμῶν
2718 1531 2818 1603 τὴν
2865 1532 3216 1604 ἀποστροφὴν
3264 1536 3364 1603 τὴν

1790 1627 1991 1699 πολλὴν
2021 1626 2115 1680 καὶ
2145 1626 2244 1698 τὴν
2278 1625 2509 1695 πλάνην,
2538 1629 2633 1678 καὶ
2665 1626 2745 1678 ὅτι
2775 1624 2934 1679 αὑτὸν
2963 1626 3290 1696 ἐφεύγομεν.

1858 1721 1921 1775 δ’.
1944 1720 2036 1773 Διὸ
2062 1721 2156 1773 καὶ
2180 1718 2437 1790 δακρύειν
2459 1717 2626 1781 ἄξιον,
2645 1719 2725 1771 ὅτι
2752 1718 2970 1772 πάντων
2996 1720 3075 1781 είς
3102 1719 3201 1788 τὴν
3230 1737 3366 1790 προ-

1787 1810 1948 1882 τέραν
1994 1808 2327 1862 κατάστασιν
2378 1806 2541 1862 πάλιν
2591 1806 2875 1869 ἐλθόντων,
2905 1808 2999 1860 καὶ
3037 1808 3119 1860 ὃτι
3166 1810 3365 1879 πολλῆς

1788 1903 2010 1973 ὀφειλῆς
2031 1901 2199 1955 ὄντων
2229 1900 2385 1972 ἡμῶν
2412 1899 2748 1963 ὑπευθύνων,
2766 1900 2939 1963 οὐδεὶς
2965 1901 3171 1966 πενθεῖ,
3193 1903 3366 1965 οὐδεὶς

1787 1994 2033 2066 δακρύει,
2072 1992 2248 2056 οὐδεὶς
2295 1991 2560 2056 στενάζει.
2588 1993 2700 2045 Καὶ
2754 1992 2830 2064 μὴ
2880 1994 3169 2063 καταγνῷς
3207 1997 3367 2066 εἰρω-

1790 2087 1937 2139 νείαν
1967 2083 2061 2139 τοῦ
2089 2083 2247 2153 λόγου
2266 2099 2281 2114 ·
2313 2082 2501 2155 ὥσπερ
2528 2082 2635 2156 γὰρ
2670 2083 2777 2153 πρὸ
2805 2084 2905 2154 τῆς
2943 2085 3243 2156 παρουσίας
3271 2089 3367 2140 τοῦ

1790 2176 2024 2247 Χριστοῦ
2068 2176 2158 2230 τὸν
2206 2174 2337 2229 Θεὸν
2382 2174 2705 2245 ἐφεύγομεν,
2738 2173 2880 2228 οὕτω
2907 2175 3178 2247 φεύγομεν
3206 2179 3370 2231 αὑτὸν

1791 2268 1886 2321 κα)⁵
1912 2266 2037 2321 νῦν·
2071 2265 2295 2335 φεύγειν
2324 2265 2433 2336 γάρ
2474 2263 2588 2317 ἐστι
2618 2264 2709 2317 τὸν
2738 2264 2893 2328 Θεὸν,
2927 2265 2988 2317 ού
3014 2266 3164 2336 τόπῳ
3202 2267 3366 2339 (παν-

1791 2358 1958 2430 ταχοῦ
1987 2358 2099 2429 γάρ
2123 2358 2284 2427 ἐστι),
2320 2355 2457 2410 ἀλλά
2494 2357 2608 2419 τοῖς
2639 2355 2842 2427 ἔργοις.
2870 2356 2981 2409 Καὶ
3009 2357 3090 2410 ὅτι
3128 2357 3226 2411 οὐκ
3252 2357 3369 2411 ἔστι

1792 2450 2215 2523 φεύγειντᾶκουε
2239 2448 2333 2502 τοῦ
2357 2448 2639 2520 προφήτου
2661 2447 2934 2516 λέγοντος,
2956 2448 3079 2502 Ποῦ
3099 2449 3368 2517 πορευθῶ

1792 2542 1909 2598 ἀπὸ
1939 2541 2045 2596 τοῦ
2077 2541 2417 2610 πνεύματός
2441 2552 2579 2603 σου,
2604 2537 2705 2593 καὶ
2740 2537 2858 2593 ἀπὸ
2904 2539 3011 2593 τοῦ
3043 2538 3368 2607 προσώπου

1792 2650 1910 2688 σου
1944 2634 2062 2689 ποῦ
2090 2632 2291 2702 φύτω;
2318 2630 2445 2694 Πῶς
2475 2626 2568 2683 οὖν
2596 2628 2709 2683 ἔστι
2743 2631 2935 2698 φυγεῖν
2962 2630 3053 2683 τὸν
3078 2630 3242 2695 Θεόν;
3278 2632 3371 2694 Ὠς

1794 2727 1908 2781 ἔστι
1948 2727 2135 2797 πόρρω
2160 2724 2417 2793 γενέσθαι
2444 2722 2535 2775 τοῦ
2565 2720 2721 2786 Θεοῦ,
2740 2722 2814 2786 ὡς
2836 2722 2947 2774 ἐστι
2973 2722 3366 2793 μακρυνθῆναιο

1798 2821 1862 2873 Ol
1910 2818 2021 2887 γὰρ
2070 2816 2480 2886 μακρύνοντες
2523 2813 2798 2878 ἑαυτοὺς,
2836 2813 3021 2884 φησὶν,
3060 2814 3179 2867 ἀπὸ
3227 2813 3364 2881 σοῦ,

1794 2907 2194 2963 ἀπολοῦνταιο
2244 2904 2339 2959 καὶ
2388 2904 2549 2959 πάλιν
2571 2945 2587 2969 ,
2646 2903 2791 2973 Οὐχὶ
2846 2905 2920 2958 τὰ
2983 2903 3369 2974 ἁμαρτήματα

1794 3001 1961 3071 ὑμῶν
2003 2998 2316 3054 διιστῶσιν
2363 2998 2479 3053 ἀνὰ
2502 2998 2696 3068 μέσον
2722 2997 2869 3066 ἐμοῦ
2896 2997 2995 3051 καί
3016 2996 3218 3067 ὐμῶν;
3246 2998 3371 3063 Πῶς

1794 3088 1887 3147 οὖν
1919 3091 2129 3161 γίνεται
2152 3092 2213 3144 τὸ
2242 3090 2647 3161 μακρυνθῆναις
2675 3088 2793 3153 πῶς
2819 3087 3026 3156 γίνεται
3054 3088 3366 3155 διάστασις;

1795 3183 2123 3256 Προαιρέσει
2171 3182 2265 3236 καὶ
2309 3181 2486 3253 ψυχῇ·
2523 3181 2671 3250 τόπῳ
2705 3179 2813 3250 γὰρ
2838 3181 2937 3234 οὐκ
2967 3180 3044 3234 ἔνι
3070 3196 3085 3210 ο
3115 3181 3230 3245 πῶς
3260 3181 3370 3253 γάρ

1795 3276 1861 3331 ἄν
1906 3292 1990 3339 τις
2039 3274 2129 3329 τὸν
2175 3272 2453 3343 πανταχοῦ
2501 3272 2744 3343 παρόντα
2796 3270 3019 3341 φεύγοις
3084 3272 3145 3325 ’0
3192 3274 3370 3327 τοίνυν

1798 3369 2119 3442 ἁμαρτωλὸς
2163 3366 2374 3436 φεύγει.
2412 3365 2583 3418 Τοῦτό
2624 3364 2771 3416 ἐστιν
2816 3364 2846 3416 6
2893 3379 3055 3434 φησιν
3092 3365 3367 3438 ὴΓραφὴ,

1797 3464 2004 3534 Φεύγει
2034 3465 2067 3517 ὁ
2090 3460 2335 3529 ἀσεϐὴς,
2357 3457 2618 3530 μηδενὸς
2642 3454 2979 3522 διώκοντος.
3008 3457 3219 3527 Σφόδρα
3242 3458 3371 3526 φεύ-

1796 3573 1967 3628 γομεν
2005 3552 2098 3607 τὸν
2144 3553 2298 3615 Θεὸν,
2323 3551 2501 3605 καίτοι
2534 3546 2622 3602 ἀεὶ
2648 3545 2913 3601 διώκοντα
2940 3548 3085 3618 ἡμᾶς
3111 3549 3292 3602 αὐτόν.
3310 3549 3371 3601 '0

1799 3646 2119 3710 Ἀπόστολος
2147 3644 2388 3706 ἐδίωκεν,
2420 3643 2506 3696 ἴνα
2542 3642 2707 3711 ἐγγὺς
2727 3639 2889 3694 αὐτοῦ
2915 3639 3173 3710 γένηται·
3205 3642 3370 3711 ἡμεῖς

1796 3740 2085 3808 διώκομεν,
2115 3737 2203 3790 ἴνα
2230 3735 2418 3806 πόρρω
2446 3730 2731 3803 γενώμεθα
2749 3746 2762 3760 ·
2790 3728 2901 3803 ἆρα
2928 3732 3028 3785 ούκ
3056 3730 3179 3796 ἄξια
3201 3730 3370 3783 ταῦτα

1799 3832 2043 3903 θρήνων;
2083 3825 2194 3900 ἆρα
2218 3826 2317 3880 οῦκ
2343 3824 2467 3891 ἄξια
2490 3823 2773 3895 δακρύων;
2803 3822 2912 3876 Ποῦ
2942 3822 3185 3892 φεύγεις,
3219 3822 3370 3876 ἄθλιε

1799 3924 1893 3979 καὶ
1921 3921 2264 3994 ταλαίπωρε;
2294 3915 2398 3971 ποῦ
2431 3915 2650 3987 φεύγεις
2693 3915 2791 3986 τὴν
2834 3913 2977 3987 ζωὴν
3007 3916 3101 3969 καὶ
3132 3915 3232 3987 τὴν
3262 3932 3366 3968 σω-

1797 4014 1995 4087 τηρίαν
2018 4013 2116 4084 τὴν
2150 4012 2250 4081 σήν
2275 4027 2291 4077 ;
2323 4010 2421 4064 Ἂν
2457 4008 2547 4062 τὸν
2572 4006 2704 4060 Θεὸν
2734 4006 2932 4078 φύγῃς,
2964 4006 3101 4076 πρὸς
3128 4006 3247 4059 τινα
3272 4024 3371 4060 κα-

1796 4106 2073 4177 ταφεύξῃς
2108 4105 2175 4158 ἂν
2199 4102 2262 4157 τὸ
2292 4099 2408 4172 φῶς
2438 4099 2636 4172 φύγῃς,
2672 4098 2773 4153 ποῦ
2799 4098 3135 4169 διαϐλέψεις
3172 4101 3237 4154 ἂν
3271 4101 3370 4171 τὴν

1799 4200 1945 4270 ζωὴν
1969 4196 2169 4268 φύγῃς,
2191 4192 2354 4248 πόθεν
2379 4191 2517 4263 ζήσῃ
2542 4190 2756 4257 λοιπόν;
2783 4189 3045 4259 Φύγωμεν
3067 4192 3158 4244 τὸν
3178 4191 3370 4263 ἐχθρὸν

1797 4292 1896 4361 τῆς
1945 4288 2217 4358 σωτηρίας
2264 4285 2367 4354 τῆς
2409 4282 2703 4353 ἡμετέρας.
2733 4283 2898 4337 Ὅταν
2940 4282 3367 4352 ἀμαρτάνωμεν,

1800 4383 2075 4455 φεύγομεν
2097 4379 2205 4434 ἀπὸ
2226 4377 2317 4431 τοῦ
2345 4376 2502 4439 Θεοῦ,
2525 4375 2947 4445 δραπετεύομεν,
2977 4376 3057 4438 είς
3084 4375 3370 4445 ἀλλοτρίαν

1799 4471 2152 4546 ἀπερχόμεθα
2194 4469 2318 4540 γῆν,
2346 4468 2594 4537 καθάπερ
2622 4468 2828 4531 ἐκεῖνος
2866 4468 2896 4519 6
2936 4466 3273 4537 καταφαγὼν
3301 4468 3371 4522 τά

1801 4565 2112 4636 ὑπάρχοντα
2151 4560 2223 4615 τά
2262 4559 2510 4630 πατρῷα,
2542 4559 2639 4613 καὶ
2684 4557 2936 4613 ἀπελθὼν
2973 4562 3053 4624 είς
3084 4559 3372 4631 ἀλλοτρίαν

1799 4658 1924 4726 γῆν,
1950 4657 1979 4710 6
2002 4650 2388 4714 καταναλώσας
2411 4651 2590 4704 πᾶσαν
2618 4649 2717 4721 τὴν
2746 4650 3026 4720 πατρικὴν.
3045 4651 3253 4717 οὐσίαν,
3276 4652 3372 4706 καὶ

1801 4751 1858 4803 ἐν
1880 4747 2022 4818 λιμῷ
2048 4743 2423 4813 ζῶν.Ἔχομεν
2448 4736 2540 4795 οῦν
2568 4741 2841 4812 πατρικὴν
2859 4742 3044 4795 οὐσίαν
3072 4742 3165 4795 καὶ
3184 4744 3367 4813 ἡμεῖς.

1802 4840 1968 4895 Ποίαν
1995 4838 2061 4909 δὴ
2095 4834 2335 4906 ταύτην;
2382 4832 2714 4905 Ἀπήλλαξεν
2740 4834 2888 4905 ἡμᾶς
2918 4834 3027 4888 τῶν
3051 4834 3373 4907 ἁμαρτημά-

1800 4951 1928 4995 των,
1976 4928 2265 5001 ἐχαρίσατο
2298 4927 2428 4997 ἡμῖν
2475 4925 2701 4996 δύναμιν
2724 4965 2740 4989 ,
2776 4925 2929 4995 ἰσχὺν
2973 4925 3110 4995 πρὸς
3141 4926 3241 4995 τὴν
3272 4926 3374 4997 τῆς

1802 5022 2002 5095 ἀρετῆς
2048 5018 2329 5092 ἐργασίαν,
2362 5015 2653 5087 ἐχαρίσατο
2701 5016 2835 5086 ἡμῖν
2885 5014 3212 5088 προθυμίαν,
3243 5017 3373 5069 ύπο-

1805 5116 1993 5187 μονὴν,
2024 5116 2082 5167 ἐν
2126 5110 2205 5181 τῷ
2250 5109 2586 5180 βαπτίσματι
2628 5108 2918 5179 ἐχαρίσατο
2969 5109 3101 5177 ἡμῖν
3149 5108 3377 5179 Πνεῦμα

1804 5206 1955 5273 ἄγιον
1974 5219 1988 5235 ο
2017 5202 2083 5256 ἂν
2110 5198 2287 5254 ταῦτα
2319 5196 2468 5271 [289]
2495 5195 2983 5267 καταναλώσωμεν,
3012 5197 3071 5248 ἐν
3096 5194 3239 5266 λιμῷ
3260 5194 3375 5247 λοι-

1804 5296 1904 5350 πὸν
1951 5291 2203 5364 ἐσόμεθα.
2229 5290 2496 5361 Καθάπερ
2541 5288 2650 5361 γάρ
2699 5289 2749 5342 οί
2792 5287 3093 5354 νοσοῦντες,
3131 5288 3237 5350 ἐως
3276 5287 3375 5356 μὲν

1803 5386 1871 5441 ἂν
1912 5386 2168 5456 πυρετοῖς
2218 5381 2544 5453 ἐνοχλῶνται
2580 5378 2675 5433 καὶ
2706 5377 2895 5449 χυμῶν
2924 5378 3112 5447 κακίᾳ,
3139 5376 3261 5429 οὐδὲ
3294 5375 3375 5429 δι-

1804 5480 2121 5548 αναστῆναι,
2151 5474 2271 5528 ούδέ
2313 5473 2670 5546 ἐργάσασθαι,
2699 5470 2819 5523 ούδέ
2863 5468 3065 5538 πρᾶξαί
3098 5484 3150 5520 τι
3180 5466 3373 5520 δύναν-

1804 5587 1894 5624 ται
1913 5584 1928 5597 °
1965 5568 2032 5623 ἃν
2057 5567 2115 5621 δέ
2139 5582 2223 5629 τις
2247 5565 2445 5627 αὐτοὺς
2467 5559 2747 5632 ἀπαλλάξῃ
2777 5560 2872 5614 καὶ
2908 5561 2986 5622 είς
3016 5557 3204 5626 ὑγείαν
3233 5556 3371 5624 ἀγά-

1805 5680 1900 5733 γῃ,
1926 5656 2044 5714 εἶτα
2091 5658 2167 5730 μὴ
2208 5658 2565 5730 ἐργάζωνται,
2600 5655 2752 5725 παρά
2800 5653 2899 5721 τὴν
2941 5651 3148 5704 οίκείαν
3195 5650 3374 5706 αὐτῶν

1805 5749 1967 5804 τοῦτο
1987 5748 2197 5817 γίνεται
2232 5746 2504 5818 ρᾳθυμίαν
2523 5761 2537 5775 ο
2563 5743 2707 5797 οὕτω
2732 5741 2795 5814 δὴ
2824 5743 2917 5795 καὶ¹
2944 5741 3029 5810 ἐφ’
3052 5739 3227 5811 ἡμῶν.
3247 5740 3377 5797 Ἐπ-

1812 5843 1986 5897 έκειτο
2013 5840 2145 5911 ἡμῖν
2184 5837 2336 5902 νόσος
2368 5836 2592 5909 χαλεπὴέ
2610 5834 2699 5890 καὶ
2727 5832 2959 5907 πυρετὸς
2984 5833 3209 5904 σφοδρός
3232 5848 3246 5862 ’
3283 5833 3376 5891 καὶ
