3974 6518
224 442 343 502 209

223 576 375 627 nius,
419 558 562 614 fame
601 554 825 627 posthac
862 549 1244 609 laborabimus.
1286 546 1422 605 Nam
1459 545 1811 617 quemadmo-

226 654 361 710 dum
402 650 613 721 εει-οῦ,
641 644 893 718 quamdiu
931 642 1148 715 quidem
1192 639 1433 696 febribus
1469 637 1737 708 agitantur
1761 642 1817 691 et

227 757 523 799 succorum
555 739 850 794 vitiositate
876 734 1141 800 laborant,
1172 745 1347 802 neque
1374 743 1682 799 exsurgere,
1714 742 1811 783 ne-

224 850 336 906 que
382 834 495 888 suis
538 829 852 886 muneribus
893 825 1059 897 fungi,
1107 838 1283 894 neque
1326 837 1487 893 agere
1526 818 1814 891 quidquam

226 933 462 997 possunt
490 941 504 977 :
533 920 675 992 quod
700 920 748 974 si
777 918 898 990 quis
926 931 1020 971 eos
1044 931 1073 968 a
1106 914 1296 969 morbo
1327 912 1521 967 liberet
1547 919 1603 965 et
1630 908 1697 964 ad
1723 923 1813 964 sa-

227 1019 460 1074 nitatem
492 1014 746 1079 adducat,
778 1025 878 1067 nec
905 1018 1083 1065 tamen
1113 1007 1291 1063 adhuc
1315 1005 1602 1078 quidquam
1632 1012 1812 1074 agant,

223 1112 338 1179 jam
370 1108 423 1163 id
452 1123 520 1162 ex
548 1103 762 1175 propria
789 1100 1036 1157 socordia
1062 1098 1121 1154 fit
1153 1116 1169 1152 :
1200 1101 1272 1153 ita
1301 1111 1434 1152 sane
1466 1104 1520 1151 et
1548 1096 1607 1149 in
1636 1093 1814 1149 nobis.

226 1200 479 1256 Vexabat
521 1212 620 1253 nos
670 1194 890 1251 morbus
924 1190 1122 1264 gravis,
1165 1204 1231 1246 ac
1272 1188 1440 1245 febris
1488 1186 1814 1251 vehemens;

224 1290 798 1359 decumbebamusqne
819 1302 924 1341 non
956 1285 1011 1340 in
1042 1284 1203 1350 lecto,
1232 1281 1326 1338 sed
1360 1281 1413 1336 in
1444 1279 1672 1350 ipsamet
1698 1294 1812 1332 ma-

227 1386 382 1455 litia;
418 1380 639 1452 perinde
673 1390 834 1450 atque
861 1379 911 1433 iu
938 1387 1178 1432 stercore
1208 1374 1263 1429 in
1294 1372 1636 1443 improbitate
1660 1370 1816 1425 volu-

229 1480 504 1543 tabantur,
549 1484 818 1553 scatentes
880 1472 1166 1535 ulceribus,
1213 1468 1460 1524 faetorem
1504 1466 1769 1537 spirantes
1796 1504 1813 1529 ,

226 1572 490 1643 squalidi,
535 1569 767 1635 incurvi,
806 1567 945 1622 idola
976 1566 1155 1636 potius
1193 1578 1351 1634 quam
1382 1560 1629 1616 homines
1662 1576 1675 1613 :
1707 1558 1819 1614 cir—

224 1663 577 1735 cumstabant
604 1675 703 1716 nos
737 1657 964 1728 improbi
1006 1660 1315 1718 dmmones,
1347 1653 1593 1723 princeps
1634 1649 1818 1705 mundi

230 1756 399 1825 hujus
426 1754 629 1817 ridens,
658 1750 941 1805 insultans.
972 1748 1129 1825 Venit
1154 1745 1251 1801 Dei
1273 1743 1610 1814 Unigenitus,
1642 1740 1821 1796 emisit

228 1848 417 1901 radios
444 1844 741 1915 praesentia:
776 1856 908 1908 sum,
939 1850 994 1894 et
1022 1816 1304 1908 caliginem
1333 1834 1618 1890 confestim
1646 1832 1817 1902 depu-

223 1942 295 1998 lit
328 1960 345 1996 :
376 1940 523 1993 venit
560 1936 628 1991 ad
660 1950 758 1991 nos
796 1935 912 2004 ipse
944 1933 1056 1987 Rex
1076 1972 1091 1997 ,
1121 1931 1212 2001 qui
1254 1938 1373 1985 erat
1404 1928 1457 1982 in
1488 1926 1684 1981 throno
1712 1938 1822 1993 pa-

229 2045 415 2097 terno,
444 2031 700 2086 thronum
727 2027 1037 2097 relinquens
1065 2033 1347 2093 paternum
1378 2018 1616 2090 (quando
1640 2026 1820 2071 autem

229 2124 524 2195 reliquisse
551 2122 695 2188 dico,
732 2134 801 2173 ne
830 2117 883 2172 id
910 2116 1212 2187 significare
1240 2126 1426 2167 rursus
1459 2118 1613 2181 putes
1641 2118 1821 2163 muta-

232 2219 443 2272 tionem
489 2230 551 2269 ac
597 2212 918 2273 transitum;
961 2207 1151 2263 cadum
1187 2204 1330 2259 enim
1362 2213 1669 2270 terramque
1706 2200 1822 2267 ipse

229 2309 459 2378 implet;
490 2304 589 2361 sed
630 2303 699 2358 ob
727 2298 1082 2357 oeconomiam
1115 2296 1166 2351 id
1201 2294 1346 2365 dico)
1379 2311 1396 2350 :
1444 2292 1591 2347 venit
1618 2290 1685 2344 ad
1717 2290 1822 2344 ho-

229 2413 396 2467 stem,
429 2401 520 2471 qui
562 2400 737 2469 ipsum
776 2396 902 2451 odio
941 2391 1399 2464 prosequebatur,
1439 2387 1821 2452 aversabatur,

231 2512 417 2567 neque
446 2504 504 2549 ut
536 2492 603 2547 ad
627 2506 750 2547 eum
785 2487 973 2568 oculos
999 2492 1341 2542 converteret
1369 2480 1559 2536 adduci
1592 2488 1821 2549 poterat,

230 2586 589 2659 blasphemiis
611 2582 851 2655 quotidie
886 2580 1188 2651 appetebat.
1226 2577 1368 2632 Vidit
1395 2577 1448 2631 in
1473 2585 1714 2630 stercore
1735 2573 1825 2641 ja—

229 2691 473 2746 centcm,
515 2693 546 2732 a
598 2674 872 2737 vermibus
910 2672 1294 2735 exulceratum,
1333 2683 1362 2721 a
1408 2667 1541 2721 febri
1588 2674 1642 2720 et
1681 2663 1824 2719 fame

232 2788 597 2844 oppressum,
658 2769 805 2823 nullo
858 2781 963 2821 non
1010 2762 1181 2820 morbi
1220 2775 1420 2831 genere
1472 2757 1823 2816 laborantem.

232 2868 372 2923 Nam
402 2865 567 2920 febris
603 2862 867 2926 vexabat;
901 2860 1004 2915 hoc
1044 2858 1190 2914 enim
1227 2865 1311 2913 est
1351 2852 1595 2922 improba
1623 2849 1829 2919 cupidi-

234 2970 322 3015 tas
346 2976 362 3024 ;
390 2967 445 3013 et
474 2954 923 3010 inflammationes
954 2950 1247 3019 urgebant;
1280 2948 1382 3001 hoc
1406 2943 1548 2997 enim
1576 2955 1831 3012 arrogan-

235 3053 351 3115 tia;
394 3058 450 3105 et
493 3045 737 3117 qumdam
768 3041 1085 3099 insatiabilis
1133 3039 1302 3095 fames
1344 3033 1678 3105 occumbat;
1726 3032 1829 3087 hoc

232 3144 383 3200 enim
413 3139 670 3203 avaritia;
704 3146 759 3191 et
796 3134 977 3189 sanies
1005 3131 1276 3201 undique;
1309 3130 1410 3183 hoc
1438 3126 1582 3181 enim
1622 3131 1829 3178 scorta-

237 3236 359 3296 tio;
397 3241 454 3287 et
489 3229 706 3285 caecitas
732 3216 1048 3286 oculorum;
1091 3222 1192 3276 hoc
1231 3220 1374 3274 enim
1406 3214 1743 3279 idololatria;
1775 3219 1831 3266 et

234 3324 478 3382 surditas
513 3330 568 3377 et
596 3328 823 3389 stupor;
863 3316 966 3371 hoc
1005 3314 1148 3370 enim
1187 3319 1303 3367 erat
1348 3308 1553 3378 lapides
1591 3313 1646 3361 et
1688 3306 1829 3374 ligna

238 3416 492 3480 adorare,
524 3422 726 3470 etcum
756 3410 863 3465 illis
886 3407 1120 3471 colloqui
1145 3422 1158 3471 ;
1189 3412 1243 3457 et
1274 3401 1442 3456 multa
1469 3395 1826 3461 deformitas;

238 3511 345 3565 hoc
370 3508 513 3563 enim
534 3504 817 3565 vitiositas,
847 3500 998 3554 triste
1029 3496 1279 3551 nimirum
1306 3490 1582 3562 quiddam,
1606 3497 1660 3543 et
1685 3501 1830 3541 mor-

237 3603 346 3657 bus
372 3595 749 3669 gravissimus.
783 3591 930 3647 Vidit
960 3586 1269 3648 absurdius,
1298 3597 1455 3653 quam
1501 3578 1831 3634 insanientes

238 3693 480 3756 soleant,
521 3688 829 3755 loquentes,
862 3691 917 3736 et
956 3680 1158 3751 lignum
1197 3685 1253 3731 et
1286 3672 1517 3744 lapidem
1546 3669 1707 3724 deum
1736 3682 1831 3722 vo-

239 3792 431 3840 eantes
464 3799 477 3833 :
506 3778 640 3833 vidit
667 3777 722 3831 in
751 3784 895 3829 tanta
925 3768 1199 3841 nequitia;
1226 3780 1326 3821 nec
1353 3774 1528 3818 tamen
1555 3759 1831 3815 abomina-

241 3891 331 3933 tus
354 3884 461 3941 est,
493 3889 599 3927 non
630 3870 867 3925 amarior
895 3867 1090 3929 factus,
1135 3877 1240 3915 non
1267 3866 1545 3913 aversatus
1573 3863 1677 3916 est,
1722 3866 1831 3905 non

240 3974 369 4029 odio
395 3954 755 4042 prosequutus
780 3980 793 4018 :
817 3960 1073 4017 Dominus
1101 3955 1244 4011 enim
1272 3960 1407 4017 erat,
1435 3958 1490 4005 et
1513 3960 1649 4018 opus
1673 3959 1833 4000 suum

240 4082 354 4121 non
381 4040 592 4118 oderat.
621 4056 727 4113 Sed
756 4053 881 4127 quid
912 4051 1071 4107 facit?
1095 4046 1292 4118 Optimi
1335 4040 1530 4098 medici
1558 4053 1708 4093 more
1736 4051 1828 4106 pa-

242 4169 321 4213 rat
355 4154 587 4224 pretiosa
627 4152 930 4221 pharmaca,
965 4156 1134 4212 eaque
1173 4137 1376 4209 primus
1408 4141 1624 4204 gustat:
1655 4129 1824 4182 virtu—

245 4222 366 4306 tem—
380 4250 526 4304 enim
562 4246 675 4314 ipsc
708 4242 909 4312 primus
948 4234 1135 4299 obivit,
1161 4246 1225 4286 ac
1251 4230 1502 4296 deinceps
1537 4222 1690 4278 nobis
1721 4228 1827 4273 tra-

246 4345 407 4400 didit.
469 4344 547 4395 Ac
582 4313 837 4408 primum
898 4332 1266 4401 pliarmacum,
1326 4320 1479 4392 quasi
1531 4313 1832 4371 antidotum

248 4434 545 4507 quoddam,
584 4404 855 4486 lavacrum
894 4422 1077 4487 dedit;
1125 4419 1198 4474 ita
1238 4412 1458 4471 omnem
1497 4404 1832 4465 evomuimus

1054 431 1123 488 IN
1159 429 1376 491 EPIST.
1416 428 1513 487 AD
1549 427 1839 486 PHILIPP.
1878 427 2033 487 CAP.
2074 427 2158 484 Ill.
2199 427 2432 485 Βοιιιι..
2472 426 2592 488 XII.

3392 428 3500 487 970

1922 543 2243 615 nequitiam,
2282 544 2355 599 ita
2384 544 2565 601 omnia
2593 543 2751 601 simul
2780 543 2834 601 in
2877 544 3054 617 fugam
3096 559 3155 600 se
3189 543 3496 602 dederunt:

1922 635 2270 690 inﬂammatio
2297 636 2483 698 cessit.
2512 634 2678 692 febris
2704 638 2969 693 exstincta
2994 644 3099 704 est,
3129 646 3183 692 et
3202 637 3380 693 sanies
3407 652 3501 694 ex-

1920 727 2137 783 siccata.
2179 727 2370 783 Omnia
2410 727 2552 784 enim
2590 738 2645 785 et
2683 744 2802 801 quae
2838 730 2907 786 ab
2935 732 3154 786 avaritia
3190 743 3245 786 et
3280 747 3399 802 qua:
3431 734 3502 787 ab

1921 817 2022 883 ira,
2044 826 2097 873 et
2122 828 2316 873 caetera
2347 818 2527 872 omnia
2556 818 2693 873 mala
2725 834 2820 887 per
2847 820 3091 891 spiritum
3120 830 3452 877 evanuerunt
3481 839 3497 877 :

1918 911 2090 981 aperti
2117 918 2243 966 sunt
2267 912 2432 979 oculi,
2457 917 2660 982 aperta:
2688 926 2869 980 aures,
2896 913 3035 982 piam
3063 929 3250 971 vocem
3282 915 3498 986 loquuta

1926 1014 2010 1057 est
2030 1002 2208 1073 lingua
2237 1019 2251 1056 :
2284 1002 2425 1059 vires
2452 1003 2734 1073 acquisivit
2762 1004 2960 1069 anima,
2994 1007 3281 1077 acquisivit
3305 1023 3501 1078 corpus

1923 1092 2395 1163 pulchritudinem,
2416 1106 2468 1149 et
2492 1093 2678 1150 florem
2708 1094 3033 1164 hujusmodi,
3063 1098 3273 1167 qualem
3301 1116 3396 1168 par
3419 1109 3503 1155 est

1924 1185 2122 1241 habere
2151 1186 2619 1256 pulchritudinem,
2649 1188 2740 1243 Dei
2773 1188 2937 1242 filium
2967 1204 3035 1243 ex
3065 1189 3295 1259 Spiritus
3331 1192 3501 1261 gratia

1926 1287 2298 1346 procreatum;
2329 1278 2540 1347 qualem
2579 1295 2674 1349 par
2715 1288 2799 1335 est
2841 1279 3038 1335 habere
3081 1281 3303 1351 gloriam
3335 1284 3500 1339 filium

1923 1384 2093 1438 nuper
2113 1368 2244 1439 Regi
2277 1378 2486 1443 natum,
2511 1370 2635 1424 etin
2658 1385 2891 1442 purpura
2920 1371 3190 1426 eductum.
3223 1372 3315 1426 Hei
3349 1375 3500 1440 mihi,

1924 1469 2177 1529 quantam
2218 1461 2374 1516 nobis
2413 1461 2630 1515 donavit
2673 1462 3036 1518 nobilitatem!
3071 1478 3170 1518 nos
3206 1479 3333 1518 vero
3379 1480 3501 1534 erga

1924 1567 2069 1621 eum,
2103 1553 2191 1621 qui
2234 1554 2369 1608 adeo
2409 1568 2508 1608 nos
2552 1555 2769 1620 amavit,
2811 1555 2998 1625 ingrati
3037 1570 3158 1610 esse
3194 1571 3504 1625 persevera-

1924 1660 2067 1701 mus.
2109 1645 2325 1715 Peperit
2363 1660 2496 1712 nos,
2528 1647 2776 1712 nutrivit,
2815 1646 3088 1702 beneficiis
3131 1647 3305 1702 affecit
3336 1667 3349 1703 :
3377 1648 3503 1717 quid

1926 1755 2113 1794 rursus
2158 1738 2391 1810 fugimus
2436 1742 2504 1795 ab
2546 1757 2633 1807 eo,
2674 1742 2765 1813 qui
2813 1751 2956 1797 tanta
2994 1742 3178 1798 tribuit
3212 1744 3507 1799 beneficia?

1926 1834 2065 1903 Ergo
2089 1834 2178 1903 qui
2202 1833 2315 1887 huic
2338 1834 2515 1887 omnia
2539 1832 2681 1896 fecit,
2708 1834 2870 1889 robur
2893 1835 3052 1889 etiam
3081 1834 3173 1888 dat
3197 1853 3210 1889 :
3237 1850 3340 1889 noti
3362 1835 3506 1891 enim

1926 1925 2055 1981 dum
2102 1924 2322 1980 morbus
2371 1940 2469 1979 nos
2512 1925 2832 1995 occupabat,
2880 1926 3103 1981 ferendo
3150 1927 3300 1980 oneri
3350 1942 3509 1997 pares

1925 2032 2162 2083 eramus,
2199 2017 2303 2073 nisi
2345 2018 2459 2087 ipse
2498 2017 2639 2073 vires
2677 2017 2831 2072 nobis
2874 2018 3131 2074 dedisset.
3174 2018 3382 2073 Tribuit
3418 2035 3501 2074 re-

1927 2110 2239 2165 missionem
2261 2120 2625 2181 peccatorum;
2642 2110 2846 2164 irritum
2866 2109 3085 2166 fecimus
3105 2110 3339 2166 donum:
3362 2111 3509 2166 dedit

1928 2202 2082 2257 nobis
2101 2202 2332 2267 divitias;
2364 2216 2456 2259 eas
2483 2202 2909 2272 dilapidavitnus,
2942 2203 3120 2256 omnia
3143 2202 3505 2260 comedimus:

1927 2293 2076 2350 dedit
2096 2293 2249 2348 nobis
2272 2294 2434 2359 vires;
2451 2310 2543 2349 eas
2568 2293 2995 2364 consumpsimus
3019 2312 3033 2349 :
3054 2294 3198 2348 dedit
3220 2295 3373 2349 nobis
3399 2311 3513 2365 gra-

1930 2388 2089 2450 tiam;
2117 2386 2286 2455 ipsam
2324 2386 2697 2440 exstinximus.
2726 2385 3049 2454 Quomodo?
3071 2385 3512 2454 tionsumpsimus

1930 2478 2077 2533 nulla
2124 2478 2178 2531 in
2221 2493 2281 2532 re
2311 2492 2429 2547 qua:
2479 2476 2635 2530 nobis
2682 2476 2984 2546 prodesset,
3028 2486 3189 2546 atque
3230 2477 3509 2531 utilitatem

1929 2567 2167 2623 allerret.
2202 2567 2327 2621 Haec
2357 2582 2454 2621 nos
2482 2567 2849 2636 perdiderunt,
2877 2578 3039 2638 atque
3066 2567 3194 2621 illud
3224 2577 3510 2637 praeterea,

1931 2660 2072 2731 quod
2103 2661 2340 2715 omnium
2372 2661 2748 2731 gravissimum
2788 2671 2895 2726 est,
2928 2661 3068 2731 quod
3114 2662 3167 2714 in
3211 2660 3382 2714 aliena
3414 2660 3509 2713 de-

1933 2765 2121 2825 gentes
2149 2764 2315 2822 terra,
2349 2764 2404 2808 et
2437 2753 2782 2809 eouiedentes
2806 2754 3048 2823 siliquas,
3084 2770 3191 2806 non
3224 2763 3401 2807 tamen
3429 2752 3513 2805 di-

1931 2850 2125 2910 cimus,
2157 2846 2464 2902 Redeamus
2496 2846 2562 2901 ad
2602 2847 2835 2911 Patrem,
2864 2856 2919 2901 et
2956 2846 3214 2911 dicamus,
3266 2845 3517 2900 Peccavi-

1934 2957 2052 3000 mus
2096 2943 2148 2997 in
2189 2941 2383 2996 coelum
2433 2949 2489 2996 et
2527 2940 2580 2995 in
2617 2949 2668 2995 te
2703 2938 2853 3011 (Luc.
2900 2940 2988 2995 15.
3038 2939 3131 3010 18)
3163 2958 3178 2993 :
3207 2939 3365 3009 idque
3393 2955 3515 2992 cum

1933 3036 2146 3090 Patrem
2169 3035 2308 3089 adeo
2335 3042 2626 3099 amantem,
2656 3034 2932 3102 nostrique
2958 3032 3162 3087 reditus
3184 3032 3338 3086 valde
3366 3033 3514 3102 cupi-

1933 3128 2060 3182 dum
2090 3126 2401 3181 habeamus.
2436 3124 2738 3179 Dummodo
2763 3139 2793 3177 a
2825 3125 2955 3179 vitio
2986 3124 3323 3189 recedamus,
3354 3124 3517 3178 dum-

1934 3218 2094 3278 modo
2111 3218 2177 3271 ad
2206 3219 2381 3288 ipsum
2410 3217 2714 3284 redeamus,
2741 3217 2878 3271 utde
2900 3217 3185 3287 prmteritis
3210 3231 3306 3270 nos
3333 3216 3519 3286 objur-

1932 3319 2043 3382 get,
2071 3309 2263 3364 adduci
2292 3324 2397 3364 non
2426 3316 2603 3378 potest
2622 3328 2637 3363 :
2656 3309 2828 3364 solum
2854 3309 3168 3364 recedamus
3188 3326 3203 3372 ;
3221 3311 3351 3363 satis
3374 3308 3519 3362 enim

1933 3402 2075 3474 apud
2108 3402 2255 3457 illum
2285 3401 2643 3456 excusationis
2673 3408 2775 3462 est,
2791 3401 3037 3456 rediisse.
3063 3400 3267 3470 Ecquid
3294 3399 3433 3461 dico,
3462 3408 3522 3453 ut

1934 3496 2180 3565 obiurget
2204 3492 2395 3547 adduci
2423 3506 2531 3545 non
2560 3491 2773 3559 potest?
2807 3507 2911 3544 non
2939 3491 3110 3546 solum
3141 3490 3256 3560 ipse
3287 3506 3393 3544 non
3420 3489 3517 3543 cli--

1932 3586 2130 3658 jurgat,
2150 3599 2333 3639 verum
2365 3583 2524 3637 etiam
2543 3582 2587 3636 si
2604 3582 2743 3636 alius
2762 3582 3028 3651 objurget,
3044 3581 3315 3635 silentium
3343 3580 3520 3648 impo-

1936 3680 2016 3734 nit
2044 3695 2058 3731 :
2085 3677 2296 3732 etiamsi
2324 3676 2416 3731 ille
2442 3674 2530 3746 qui
2562 3673 2828 3743 objurgat,
2860 3674 3102 3742 apprime
3131 3671 3234 3726 sibi
3267 3679 3520 3740 acceptus

1937 3771 2029 3826 sit.
2072 3767 2375 3824 Redeamus
2412 3781 2540 3836 ergo
2570 3786 2584 3823 :
2613 3779 2895 3835 quousque
2934 3762 3275 3818 recedimus?
3315 3762 3521 3817 sentia-

1937 3878 2057 3919 mus
2106 3860 2367 3926 dedecus,
2418 3860 2715 3914 sentiamus
2761 3858 3069 3912 vilitatem:
3105 3855 3368 3916 vitiositas
3421 3870 3522 3909 nos

1938 3967 2131 4026 porcos
2156 3951 2304 4016 facit,
2337 3951 2603 4006 vitiositas
2630 3951 2825 4005 famem
2853 3950 3009 4004 affert
3032 3948 3252 4003 anima).
3278 3948 3523 4016 Becupe.

1939 4060 2122 4102 remus
2150 4059 2247 4099 nos
2269 4045 2416 4113 ipsos
2444 4053 2499 4099 et
2532 4042 2931 4113 resipiseamus,
2959 4051 3015 4096 et
3044 4042 3097 4096 in
3130 4040 3408 4110 pristinam
3436 4054 3524 4094 re-

1937 4139 2161 4195 deamus
2200 4137 2557 4201 nobilitatem,
2594 4144 2648 4190 et
2682 4132 2861 4189 futura
2903 4147 3301 4201 consequamur
3347 4130 3522 4195 bona,

1938 4233 2109 4305 gratia
2130 4242 2187 4289 et
2210 4232 2537 4301 benignitate
2558 4227 2766 4282 Domini
2795 4225 2963 4281 uestri
2994 4224 3119 4279 Jesu
3150 4223 3373 4288 Christi,
3397 4237 3522 4276 cum

1937 4342 2046 4397 quo
2064 4325 2207 4381 Patri
2224 4325 2491 4391 simulque
2512 4331 2698 4376 sancto
2715 4318 2934 4388 Spiritui
2955 4318 3144 4387 gloria,
3162 4323 3417 4385 potestas,
3437 4314 3527 4367 bo-

1939 4434 2058 4485 uor,
2088 4432 2230 4473 nunc
2250 4425 2307 4472 et
2329 4428 2573 4483 semper,
2598 4410 2720 4467 etin
2739 4409 2936 4465 smcula
2960 4407 3301 4463 saeculorum.
3328 4409 3524 4461 Amen.

252 4568 3529 4635 __________________.__________————__

1593 4684 1938 4758 HOMILIA
1987 4684 2133 4747 XII.

245 4899 375 4956 Car.
407 4897 464 4952 5.
496 4910 550 4949 v.
579 4893 668 4949 15.
698 4889 928 4952 Fratres,
957 4899 1046 4955 ego
1076 4896 1155 4935 me
1193 4893 1296 4932 non
1340 4871 1586 4926 arbritror
1608 4875 1837 4933 compre-

319 4989 558 5045 hendisse
581 5002 599 5039 :
626 4983 715 5040 14.
742 4996 899 5035 unum
926 4986 1096 5031 autem
1118 5015 1135 5039 ,
1164 4986 1277 5042 qua:
1302 4966 1507 5037 quidem
1534 4970 1668 5016 retro
1696 4965 1835 5022 sunt,

317 5080 642 5141 obliviscens,
672 5074 739 5127 ad
765 5090 823 5127 ea
852 5087 966 5125 vero
992 5082 1103 5138 qua:
1130 5071 1245 5118 sunt
1270 5063 1441 5132 priora
1466 5052 1737 5112 extendens
1760 5064 1838 5101 me

304 5178 513 5245 ipsum,
532 5170 601 5222 ad
624 5167 927 5221 destinatum
955 5172 1241 5230 persequor,
1263 5152 1333 5207 ad
1358 5148 1583 5204 bravium
1603 5155 1839 5210 superate

318 5266 603 5324 vocationis
630 5262 723 5315 Dei
748 5261 801 5313 in
828 5256 1028 5312 Christo
1053 5251 1198 5306 Jesu.

320 5365 374 5418 1.
418 5358 563 5416 Nihil
592 5368 744 5424 atque
782 5349 956 5405 inania
993 5344 1170 5400 reddit
1204 5342 1341 5396 bona
1380 5330 1744 5424 cpera,,nihil_
1767 5332 1836 5382 ita

247 5454 421 5513 inflat,
445 5459 508 5504 ut
529 5422 713 5503 eorum
738 5459 856 5514 qua:
879 5454 977 5494 nos
999 5446 1146 5492 recte
1167 5432 1392 5487 fecimus
1413 5425 1689 5507 memoria.
1725 5422 1838 5474 Duo

247 5548 395 5602 enim
428 5543 565 5613 parit
592 5538 726 5592 mala
748 5579 763 5601 ,
796 5530 1208 5604 negligentiores
1233 5525 1387 5587 facit,
1420 5529 1473 5575 et
1499 5521 1551 5575 in
1581 5530 1837 5585 arrogan-

250 5640 378 5694 tiam
407 5633 567 5689 toliit.
595 5627 950 5698 Quamobrem
978 5620 1192 5686 Paulus,
1216 5615 1465 5687 quoniam
1493 5617 1717 5666 noverat
1743 5624 1838 5660 na-

249 5740 429 5786 turam
462 5734 701 5780 nostram
743 5720 809 5775 ad
838 5714 1138 5773 socordiam
1178 5710 1335 5765 valde
1363 5721 1483 5779 esse
1511 5705 1797 5774 proclivem
1819 5743 1837 5766 ,

253 5821 439 5876 multis
475 5827 657 5872 autem
703 5812 947 5867 laudibus
989 5806 1356 5876 Pbilippenses
1394 5799 1646 5856 affecerat
1674 5814 1687 5849 :
1719 5794 1839 5850 vide

253 5910 530 5982 quomodo
568 5922 751 5964 eorum
784 5901 1000 5973 spiritus
1039 5893 1387 5967 comprimat,
1420 5891 1601 5967 multis
1625 5886 1868 5962 quidem

1946 4854 2066 4911 aliis
2111 4863 2268 4912 antea
2310 4854 2505 4921 modis,
2534 4853 2801 4926 praecipue
2840 4860 3022 4909 autem
3050 4850 3134 4906 his
3160 4863 3301 4905 nunc
3326 4846 3525 4903 verbis.

1943 4949 2083 5016 Quid
2108 4950 2249 5005 enim
2275 4948 2440 5003 dicit?
2470 4946 2700 5013 Fratres,
2718 4962 2810 5019 ego
2830 4961 2909 5000 me
2930 4960 3031 4998 non
3051 4943 3269 4997 arbitror
3291 4954 3523 5009 compreo

1944 5043 2194 5097 hendisse.
2240 5039 2394 5110 Quod
2437 5039 2482 5094 si
2523 5038 2719 5094 Paulus
2746 5037 2920 5092 adhuc
2949 5050 3055 5092 non
3081 5030 3488 5102 comprehcndit
3509 5067 3528 5094 ,

1946 5151 2121 5205 neque
2146 5134 2328 5190 fidenti
2352 5134 2531 5188 animo
2557 5133 2625 5188 de
2649 5130 3046 5187 resurrectione
3069 5142 3133 5182 ac
3155 5125 3345 5181 futuris
3368 5122 3527 5177 rebus

1948 5239 2064 5297 est;
2096 5228 2262 5284 multo
2287 5228 2447 5298 igitur
2474 5227 2650 5282 minus
2677 5225 2805 5290 illis,
2833 5224 2921 5295 qui
2956 5237 3054 5278 nec
3080 5220 3355 5275 minimam
3385 5217 3526 5271 illius

1945 5324 2344 5380 benefactorum
2370 5330 2577 5390 partem
2602 5318 2874 5389 assequuti
2899 5316 3131 5377 fuerant,
3156 5313 3206 5368 id
3228 5310 3528 5367 faciendum

1945 5425 2078 5471 erat.
2118 5414 2271 5482 Quod
2300 5423 2475 5467 autem
2512 5411 2679 5480 inquit
2704 5452 2719 5475 ,
2755 5409 2857 5464 hoc
2887 5418 2971 5462 est
3001 5425 3014 5461 :
3045 5405 3290 5461 Nondum
3315 5416 3530 5457 omnem

1946 5523 2032 5563 me
2059 5505 2478 5577 apprehendisse
2516 5504 2766 5557 virtutem
2798 5508 2927 5572 puto
2959 5517 2974 5553 :
3002 5500 3072 5553 ita
3102 5499 3346 5568 loquens,
3380 5502 3438 5549 ut
3464 5494 3532 5548 de

1947 5615 2167 5659 cursore
2195 5599 2298 5653 dici
2327 5597 2501 5663 solet,
2532 5595 2778 5650 Nondum
2826 5589 3200 5663 apprehendit.
3246 5587 3489 5642 Nondum
3510 5625 3527 5650 ,

1948 5694 2117 5764 inquit
2156 5692 2381 5755 Paulus,
2415 5697 2582 5743 totum
2630 5684 2858 5742 confeci.
2903 5682 3056 5750 Quod
3100 5681 3144 5737 si
3185 5680 3309 5734 alibi
3349 5677 3529 5744 dicat,

1948 5785 2144 5842 Bonum
2184 5793 2433 5837 certamen
2468 5780 2652 5834 certari
2675 5778 2769 5849 (2.
2818 5774 2950 5829 Tim.
2993 5775 3047 5829 4.
3100 5773 3132 5826 7
3154 5774 3211 5843 );
3246 5770 3332 5824 hic
3358 5784 3489 5823 vero
3511 5808 3528 5832 ,

1951 5878 2198 5935 Nondum
2239 5875 2453 5931 arbitror
2492 5890 2570 5928 me
2611 5869 3087 5943 comprehendisse:
3116 5866 3207 5939 qui
3244 5874 3531 5935 utrumque
