3974 6500
540 426 642 482 271

543 538 716 595 locum
740 547 983 595 amurate
1004 539 1161 609 leget,
1182 538 1346 606 probe
1365 554 1576 593 causam
1600 538 1831 603 illorum,
1851 546 1905 590 et
1926 537 2113 591 horum

542 616 824 684 verborum
864 636 1167 700 cognoscet.
1194 628 1310 683 Non
1348 628 1492 684 enim
1531 628 1742 682 assidue
1785 635 1997 695 Oportet
2022 640 2117 680 ea—

542 726 665 778 dem
708 738 958 789 versare;
993 737 1195 792 nosque
1239 721 1416 776 omnia
1460 722 1690 785 docere,
1721 720 2119 787 admonereque

544 816 656 868 lucc
679 815 841 867 multo
871 824 1025 867 antea
1054 814 1193 870 dicta
1223 829 1343 868 esse
1367 854 1381 877 ,
1412 814 1498 867 illa
1529 827 1659 866 vero
1690 825 1873 864 versus
1904 812 2062 864 linem
2101 826 2117 862 :

545 904 789 959 Nondum
818 906 1037 960 arbitror
1058 949 1073 973 ,
1106 907 1295 977 inquit,
1327 922 1405 958 me
1433 904 1907 975 comprehendisse;
1935 900 2027 956 sed
2058 900 2111 954 in

543 997 644 1052 hoc
670 1013 776 1051 uno
797 1008 938 1051 totus
960 1014 1098 1058 sum,
1124 1009 1179 1051 ut
1200 998 1265 1051 ad
1289 998 1551 1051 anteriora
1576 1012 1661 1049 me
1682 994 1984 1048 extendam.
2006 992 2119 1048 lloc

541 1091 680 1145 enim
714 1090 810 1145 sibi
842 1092 987 1154 vult,
1017 1091 1140 1144 dum
1184 1092 1389 1161 inquit:
1422 1088 1592 1145 Unum
1636 1099 1847 1142 autem:
1870 1103 1983 1155 quae
2009 1086 2122 1157 qui-

542 1182 653 1236 dem
673 1193 806 1237 retro
826 1192 940 1236 sunt
967 1182 1280 1248 obliviscens,
1313 1183 1381 1236 ad
1409 1200 1467 1236 ea
1492 1198 1605 1235 vero
1635 1197 1749 1252 qua:
1780 1180 1952 1249 priora
1977 1186 2113 1242 sunt,

538 1276 811 1332 extendens
840 1292 919 1329 me
945 1277 1135 1345 ipsum,
1158 1276 1223 1328 ad
1253 1275 1554 1329 destinatum
1581 1288 1850 1343 persequor
1870 1312 1885 1336 ,
1910 1271 1977 1323 ad
2006 1271 2121 1321 bra-

538 1370 673 1422 oium
719 1385 950 1439 superate
990 1370 1264 1423 uocationis
1311 1367 1409 1421 Dei
1449 1370 1501 1421 in
1549 1366 1746 1420 Christo
1789 1365 1935 1417 Jesu.
1978 1361 2115 1416 Vide

541 1464 807 1531 quomodo
856 1465 938 1519 his
982 1463 1158 1519 verbis
1199 1462 1448 1525 ostendit,
1491 1461 1616 1532 quid
1662 1460 1789 1515 illud
1836 1461 1939 1527 sit,
1969 1460 2113 1530 quod

543 1558 712 1627 ipsum
756 1556 981 1610 faciebat
1007 1556 1072 1609 ad
1104 1558 1366 1610 anteriora
1398 1570 1455 1609 se
1486 1552 1795 1608 extendere.
1836 1551 1997 1607 Certe
2026 1551 2118 1619 qui

537 1648 647 1716 jam
676 1663 733 1702 se
758 1648 1051 1717 perfecunn
1083 1656 1264 1716 putat,
1300 1647 1536 1715 nihilque
1564 1646 1661 1699 sibi
1691 1646 1880 1699 deesse
1911 1644 1974 1695 ad
2007 1644 2113 1695 vir-

541 1739 667 1792 tutis
708 1737 1123 1807 perfectionem,
1167 1738 1212 1792 is
1260 1752 1288 1790 a
1328 1752 1486 1791 cursu
1533 1736 1798 1798 cessabit,
1833 1736 1979 1804 quasi
2028 1734 2116 1805 qui

542 1840 707 1884 totum
726 1832 835 1898 jam
858 1838 1038 1884 teneat
1069 1848 1081 1882 :
1114 1839 1167 1883 at
1192 1830 1278 1899 qui
1301 1844 1361 1883 se
1381 1828 1556 1882 adhuc
1586 1843 1613 1879 a
1645 1836 1785 1880 meta
1811 1826 1997 1880 abesse
2021 1841 2115 1879 co-

539 1922 690 1990 gitat,
722 1922 764 1974 is
795 1935 1077 1989 numquam
1104 1936 1133 1973 a
1163 1934 1319 1974 cursu
1350 1926 1542 1973 cessat.
1565 1917 1677 1971 Hoc
1704 1918 1860 1987 igitur
1886 1930 1982 1969 nos
2006 1916 2121 1970 exi-

539 2014 759 2069 stimare
797 2027 1010 2081 semper
1033 2011 1313 2074 debemus,
1337 2010 1498 2064 etiam
1525 2009 1569 2065 si
1601 2017 1851 2063 sexcenta
1882 2007 2117 2061 obiveri-

542 2117 659 2154 mus
686 2102 894 2155 virtutis
921 2100 1117 2155 ofﬁcia.
1153 2100 1363 2155 Etenim
1395 2100 1438 2155 si
1471 2099 1666 2153 Paulus
1691 2108 1811 2169 post
1834 2105 2113 2153 sescentas

539 2204 762 2257 mortes,
792 2203 910 2262 post
937 2203 1078 2247 tanta
1102 2194 1334 2262 pericula
1360 2192 1459 2245 hoe
1478 2207 1659 2246 secum
1685 2190 1919 2260 putabat,
1950 2190 2117 2243 multo

540 2285 707 2355 magis
736 2299 851 2339 nos.
882 2281 994 2337 Non
1021 2282 1200 2337 animo
1224 2281 1465 2345 concidi,
1495 2282 1694 2351 inquit,
1725 2281 1967 2351 quamvis
1996 2289 2114 2350 post

541 2385 744 2430 tantum
765 2390 979 2431 cursum
1007 2374 1241 2429 nondum
1270 2373 1624 2443 pervenerim,
1651 2389 1755 2426 non
1788 2372 1907 2427 ideo
1938 2381 2114 2425 tamen

538 2466 836 2535 desperavi,
868 2464 962 2520 sed
988 2464 1163 2519 adhuc
1190 2478 1372 2529 curro,
1397 2462 1573 2517 adhuc
1596 2470 1746 2518 certo
1774 2479 1788 2518 :
1818 2461 1920 2516 hoc
1950 2476 2112 2516 unum

537 2568 743 2629 specto,
764 2567 819 2613 ut
840 2557 1052 2614 assidue
1073 2557 1369 2628 proficiam.
1392 2556 1446 2612 ld
1466 2557 1619 2612 nobis
1633 2556 1793 2611 etiam
1813 2555 2112 2611 faciendum

535 2664 616 2706 est
637 2652 917 2708 :oblivioni
958 2650 1253 2705 mandanda
1275 2657 1400 2705 sunt
1420 2649 1716 2716 benefacta,
1747 2658 1803 2704 et
1821 2650 2113 2704 omittenda

535 2760 653 2810 qua:
680 2754 826 2797 retro
852 2751 995 2797 sunt.
1020 2742 1151 2797 Nam
1180 2751 1234 2796 et
1264 2756 1473 2807 cursor,
1499 2756 1604 2795 non
1635 2749 1765 2808 quot
1791 2742 1959 2809 spatia
1980 2756 2113 2794 con-

538 2834 720 2887 fecerit
754 2836 978 2902 cogitit,
1008 2833 1100 2886 sed
1146 2842 1275 2900 quot
1312 2832 1488 2886 adhuc
1530 2841 1753 2886 restent.
1781 2832 1854 2885 lta
1889 2843 1942 2886 et
1979 2847 2110 2898 nos,

536 2939 641 2977 non
669 2933 920 2991 quantum
954 2923 1003 2974 in
1038 2923 1230 2975 virtute
1259 2921 1527 2992 progressi
1566 2921 1756 2988 simus,
1791 2923 2109 2993 cogitemus,

534 3013 629 3069 sed
659 3022 912 3082 quantum
935 3013 1108 3068 adhuc
1132 3013 1577 3083 progrediendum
1599 3023 1785 3069 restet.
1809 3014 1943 3082 Quid
1967 3015 2111 3069 enim

536 3105 690 3158 nobis
712 3105 967 3173 proderit,
988 3105 1126 3173 quod
1153 3105 1416 3175 progressi
1439 3121 1645 3172 sumus,
1667 3105 1766 3160 nisi
1789 3105 1947 3159 etiam
1970 3103 2113 3174 quod

535 3206 697 3251 restat
737 3196 1164 3251 confecerimus?
1198 3197 1379 3267 Neque
1407 3197 1574 3263 dixit,
1603 3198 1717 3252 Non
1746 3200 1955 3269 cogito,
1983 3208 2108 3266 aut,

534 3286 649 3340 Non
669 3287 907 3355 memini,
931 3286 1045 3353 sed,
1072 3285 1402 3353 Oblivisceris,
1431 3288 1501 3342 ita
1532 3304 1631 3344 nos
1654 3290 1967 3344 attentiores
1988 3289 2111 3343 red-

534 3378 685 3432 dens.
733 3378 883 3434 Tune
933 3381 1075 3434 enim
1126 3380 1277 3436 valde
1326 3381 1673 3437 vehementes
1724 3397 1943 3447 sumus,
1986 3398 2108 3437 cum

533 3483 746 3524 onntem
772 3471 933 3525 animi
958 3472 1212 3542 impetum
1242 3474 1292 3527 in
1321 3473 1372 3528 td
1395 3473 1537 3543 quod
1562 3483 1728 3529 restat
1757 3476 2106 3543 coniecimus,

531 3574 651 3615 cum
681 3564 949 3634 praeterita
981 3565 1233 3619 oblivioni
1265 3565 1650 3621 mandavimus.
1698 3567 2066 3623 Extendentes
2090 3610 2107 3634 ,

549 3654 723 3724 nquit,
743 3670 859 3719 nos,
889 3668 1173 3727 antequam
1195 3657 1529 3723 accedamus,
1549 3674 1742 3728 capere
1767 3661 2031 3715 volumus.
2060 3660 2111 3716 Is

529 3745 670 3797 enim
698 3746 987 3801 extendere
1013 3763 1071 3802 se
1097 3748 1310 3812 dicitur,
1333 3750 1421 3819 qui
1452 3750 1634 3819 pedes,
1659 3751 1781 3805 licet
1806 3765 2103 3819 currentes,

529 3836 736 3903 reliquo
783 3852 1009 3906 corpore
1053 3847 1391 3893 antevertere
1434 3842 1645 3907 studet,
1677 3856 1842 3911 seque
1886 3843 2107 3898 inclinat

530 3926 584 3978 in
616 3926 890 3992 interiora,
924 3943 1220 3997 manusque
1249 3929 1535 3997 protendit,
1566 3942 1620 3983 ut
1647 3931 1920 4000 aliquanto
1943 3934 2103 3987 etiam

530 4014 647 4083 plus
672 4018 826 4085 Spatti
859 4018 1032 4071 faciat.
1063 4017 1118 4072 ld
1157 4033 1285 4073 vero
1323 4033 1386 4073 ex
1428 4022 1595 4074 multo
1631 4021 1794 4075 animi
1827 4023 2024 4092 impetu
2051 4033 2106 4079 et

529 4124 721 4180 magno
739 4108 931 4165 ardore
947 4110 1023 4164 fit.
1047 4111 1145 4179 Qui
1166 4111 1352 4177 currit,
1375 4113 1474 4166 hoc
1493 4114 1652 4167 modo
1672 4124 1853 4169 currat
1868 4127 2101 4185 oportet,

528 4210 678 4258 tanto
702 4218 824 4259 cum
849 4204 1027 4259 studio
1051 4245 1067 4271 ,
1098 4212 1247 4259 tanto
1269 4218 1391 4273 cum
1424 4205 1646 4275 impetu,
1677 4222 1783 4261 non
1810 4218 1986 4263 autem
2012 4225 2103 4266 re-

526 4296 710 4351 misse.
732 4295 998 4363 Quantum
1023 4304 1201 4351 autem
1230 4294 1367 4351 inter
1389 4295 1531 4350 hunc
1557 4298 1645 4368 qui
1672 4297 1773 4353 hoc
1796 4299 1955 4355 modo
1981 4316 2109 4357 eur-

519 4391 613 4453 rit,
641 4399 695 4443 et
724 4388 864 4443 inter
888 4404 1009 4444 eum
1034 4389 1123 4460 qui
1145 4388 1288 4459 jacet
1310 4389 1535 4459 supinus
1554 4430 1570 4454 ,
1599 4390 1860 4460 interest,
1894 4402 2100 4451 tantum

525 4482 665 4539 inter
685 4481 900 4537 Paulum
932 4490 988 4537 et
1014 4498 1132 4536 nos.
1155 4481 1403 4550 Quotidie
1433 4481 1525 4538 ille
1550 4482 1898 4553 moriebatur,
1926 4488 2102 4558 quoti-

523 4571 611 4623 die
638 4570 773 4625 bene
797 4571 1133 4635 merebatur;
1165 4571 1307 4626 nulla
1334 4582 1450 4627 erat
1473 4573 1703 4638 occasio,
1730 4574 1933 4630 nullum
1966 4586 2100 4632 tem-

528 4676 649 4732 pus,
678 4662 730 4716 in
753 4677 860 4732 quo
886 4677 992 4717 non
1012 4663 1185 4731 aliqua
1212 4662 1286 4718 illi
1311 4663 1377 4718 ad
1403 4678 1617 4720 cursum
1646 4667 1885 4722 accessio
1913 4667 2096 4735 fieret;

531 4772 635 4808 non
667 4754 877 4809 volebat
925 4769 1116 4824 capere
1138 4795 1153 4820 ,
1182 4755 1277 4810 sed
1319 4771 1508 4826 rapere
1538 4774 1552 4812 :
1582 4757 1652 4812 ita
1694 4759 1835 4813 enim
1887 4760 1965 4815 fas
2017 4771 2100 4817 est

523 4860 736 4914 capere.
759 4846 856 4913 Qui
882 4845 975 4901 dat
1000 4846 1241 4901 bravium
1266 4863 1477 4903 sursum
1504 4858 1608 4915 est,
1632 4865 1842 4906 sursum
1869 4854 2098 4923 positum

520 4947 603 4993 est
640 4938 899 4994 bravium.

590 5029 646 5084 2.
684 5028 811 5083 Vide
835 5041 1089 5100 quantum
1129 5031 1282 5099 Spatii
1309 5032 1380 5087 sit
1415 5036 1742 5103 propositum
1769 5037 1837 5092 ad
1874 5054 2096 5110 percur-

521 5119 746 5174 rendum
774 5135 788 5185 ;
817 5120 938 5176 vide
965 5137 1125 5192 quam
1150 5122 1326 5177 celsus
1351 5125 1420 5178 sit
1446 5127 1614 5188 locus,
1656 5141 1764 5196 quo
1806 5130 2092 5185 velandum

521 5223 607 5267 est
642 5213 742 5267 alis
773 5213 1038 5282 spiritus:
1084 5214 1243 5270 aliter
1285 5217 1427 5270 enim
1476 5218 1702 5273 altitudo
1745 5219 1833 5274 illa
1864 5222 2094 5279 obtineri

518 5304 721 5372 nequit.
765 5301 899 5357 Cum
942 5319 1167 5375 corpore
1207 5306 1335 5361 illuc
1375 5308 1766 5376 properandum
1797 5318 1917 5376 est;
1965 5312 2093 5369 licet

515 5398 657 5452 enim
692 5419 706 5454 :
741 5397 936 5454 Nostra
962 5404 1104 5457 enim
1128 5443 1143 5468 ,
1174 5404 1380 5473 inquit,
1412 5408 1725 5462 conversatio
1750 5409 1803 5462 in
1852 5411 1990 5465 cretis
2015 5418 2091 5464 est

516 5487 793 5562 (Philipp.
822 5493 876 5550 3.
916 5493 1022 5564 20)
1055 5513 1067 5547 :
1114 5495 1184 5549 ibi
1217 5497 1389 5564 palma
1416 5506 1519 5553 est.
1550 5498 1713 5554 Vides
1736 5515 1829 5556 eos
1848 5505 1937 5571 qui
1964 5519 2091 5558 eur-

516 5594 661 5651 runt,
694 5601 849 5655 quam
880 5601 946 5641 ex
973 5588 1087 5658 lege
1115 5588 1298 5644 vivant
1318 5590 1342 5642 ?
1362 5608 1519 5661 quam
1546 5593 1677 5647 nihil
1704 5609 1893 5649 eorum
1919 5637 1935 5660 ,
1966 5613 2085 5667 qua:

516 5675 661 5732 vires
684 5690 962 5747 enervant,
1006 5684 1310 5751 attingant?
1337 5700 1497 5755 quam
1525 5686 1767 5756 quotidie
1792 5698 2002 5743 certent
2028 5692 2080 5745 in

521 5769 763 5838 palaestra
790 5770 890 5826 sub
918 5774 1244 5844 magistroet
1272 5777 1428 5847 lege?
1456 5779 1565 5833 Hos
1607 5777 1689 5835 fac
1729 5780 1952 5837 imiteris
1976 5825 1991 5849 ,
2022 5800 2083 5841 ac

517 5866 691 5938 potius
730 5867 986 5937 majorem
1013 5884 1198 5940 prome
1224 5875 1384 5929 animi
1416 5875 1669 5946 impetum
1703 5898 1714 5932 :
1748 5878 1905 5950 longe
1933 5880 2074 5936 enim

1242 417 1303 475 S.
1343 421 1622 481 JOANNIS
1656 420 2126 479 CHRYSOSTOMI
2165 420 2477 480 ARCHIEP.
2516 424 3051 490 CONSTANTINOP.
3636 445 3737 502 272'

2236 538 2409 606 potior
2433 549 2514 594 est
2539 542 2710 611 palma
2736 585 2751 608 ,
2780 556 2835 599 et
2860 547 3010 601 multi
3057 558 3182 605 sunt
3225 552 3312 622 qui
3342 553 3643 624 impediunt:
3676 579 3729 619 es

2229 628 2345 699 lege
2379 630 2497 686 vive
2529 650 2543 685 :
2567 635 2731 690 multa
2753 638 2895 691 enim
2922 649 3079 705 sunt,
3110 656 3225 710 qua:
3252 645 3410 699 robur
3431 647 3725 711 dissolvunt:

2226 719 2425 776 bonum
2454 740 2580 778 crus
2618 725 2701 781 fac
2727 729 2849 799 pedi
2883 739 3010 797 tuo;
3044 745 3196 801 potes
3222 736 3362 791 enim
3393 760 3406 795 :
3438 757 3533 795 non
3566 755 3728 801 natura:

2226 828 2313 869 res
2336 824 2435 881 est,
2482 819 2578 873 sed
2605 821 2912 877 voluntatis.
2961 824 3155 880 Levem
3198 827 3334 884 hanc
3370 832 3652 896 reddamus.
3681 854 3733 894 ne

2224 910 2487 966 celeritati
2517 914 2710 983 pedum
2740 917 3002 988 reliquum
3027 920 3235 989 pomlus
3262 923 3457 978 officiat
3480 944 3492 979 :
3520 927 3634 984 doce
3654 946 3727 999 pe-

2223 999 2319 1055 des
2338 1017 2458 1058 esse
2480 1004 2661 1062 firmos
2683 1024 2699 1063 :
2721 1008 2895 1063 solum
2920 1012 3061 1065 enim
3091 1014 3270 1069 multis
3294 1015 3343 1069 in
3364 1015 3489 1072 locis
3502 1029 3575 1073 est
3594 1020 3727 1074 lubri-

2224 1107 2379 1165 cum;
2412 1110 2475 1151 ac
2512 1099 2556 1151 si
2585 1099 2747 1155 cadas
2769 1142 2787 1168 ,
2818 1103 2985 1158 multa
3014 1106 3310 1175 perdidisti.
3342 1111 3601 1176 Attamen,
3628 1124 3671 1169 et
3691 1116 3724 1170 si

2223 1184 2505 1253 cecideris,
2539 1204 2768 1262 exsurge
2798 1210 2811 1246 :
2848 1194 2971 1250 licet
2997 1198 3140 1251 enim
3167 1208 3221 1253 et
3248 1199 3349 1256 hoc
3372 1212 3516 1271 pacto
3540 1204 3730 1261 vincere.

2222 1272 2521 1347 Numquam
2543 1280 2760 1339 lubricis
2779 1285 2940 1341 rebus
2968 1296 3020 1343 te
3043 1292 3345 1346 committas
3363 1307 3377 1357 ;
3395 1304 3448 1348 et
3471 1309 3563 1349 nou
3582 1297 3732 1352 cades:

2224 1380 2386 1435 super
2402 1369 2600 1427 solidas
2624 1382 2678 1428 et
2703 1377 2921 1432 stabiles
2948 1393 3103 1436 curre
3124 1399 3138 1435 :
3163 1398 3371 1439 sursum
3393 1394 3543 1455 caput
3559 1387 3731 1452 habeas,

2223 1474 2435 1515 sursum
2455 1465 2659 1520 oculos.
2676 1466 2731 1522 ω
2750 1479 2804 1525 et
2824 1474 3163 1528 currentibus
3186 1477 3420 1547 magistri
3441 1479 3731 1549 prtecipiunt:

2223 1549 2293 1604 ita
2313 1555 2712 1613 consolidantur
2732 1561 2892 1617 vires.
2909 1563 3001 1618 Sin
3032 1563 3283 1621 deorsum
3315 1583 3517 1625 versum
3544 1574 3731 1637 notabis,

2221 1645 2492 1713 coneides,
2521 1665 2582 1703 ac
2611 1649 2845 1708 fzittsces.
2880 1655 3105 1711 Sursum
3135 1670 3337 1729 specta,
3359 1662 3443 1717 ubi
3471 1664 3621 1733 palma
3645 1675 3730 1719 est:

2223 1734 2309 1790 hic
2351 1738 2541 1806 palmm
2572 1756 2820 1814 aspectus
2847 1760 3003 1819 auget
3049 1752 3281 1807 studium
3329 1756 3734 1828 voluntatis;spes

2220 1825 2407 1882 adimit
2428 1830 2663 1887 laborum
2688 1845 2742 1890 et
2762 1839 3127 1897 molestiarum
3153 1860 3366 1900 sensum
3392 1864 3405 1907 ;
3438 1825 3732 1919 longinquius

2220 1915 2345 1972 facit
2370 1929 2428 1974 ut
2456 1921 2696 1981 bravium
2740 1942 2995 1998 appareat
3036 1934 3308 2005 exiguum.
3339 1915 3733 2006 Quodnam-illud

2220 2011 2341 2064 est?
2364 2012 2479 2105 Non
2506 2032 2686 2073 ramus
2714 2022 2903 2089 palma:
2927 2041 2942 2089 ;
2963 2026 3056 2082 sed
3077 2029 3201 2098 quid
3220 2030 3244 2082 τ’
3260 2030 3490 2101 Regnum
3510 2035 3733 2105 cmlorum,

2224 2103 2438 2192 requies
2461 2110 2804 2178 sempiterna,
2849 2114 3016 2184 gloria
3044 2132 3166 2173 eum
3196 2121 3412 2178 Christo
3431 2167 3445 2189 ,
3477 2103 3733 2192 hereditas,

2220 2190 2528 2253 fraternitas
2553 2240 2567 2264 ,
2599 2204 3007 2262 innumerabilia
3033 2209 3171 2265 bona
3198 2253 3214 2278 ,
3247 2229 3366 2283 quae
3396 2216 3559 2271 verbis
3581 2190 3733 2287 exponi

2218 2298 2324 2338 non
2352 2299 2590 2355 possunt.
2626 2292 2824 2348 Palma:
2854 2296 2996 2353 illius
3018 2300 3491 2371 pulchritudinem
3517 2310 3736 2379 explicare

2219 2390 2325 2429 non
2368 2392 2649 2447 possumus
2679 2402 2692 2437 :
2721 2386 2872 2443 solus
2901 2389 2991 2445 ille
3019 2394 3165 2447 novit
3192 2397 3284 2466 qui
3329 2399 3544 2465 obtinet,
3588 2412 3633 2455 et
3668 2404 3736 2471 qui

2218 2481 2535 2538 accepturus
2565 2485 2667 2529 est.
2699 2477 2815 2533 Non
2833 2491 2916 2535 est
2942 2498 3126 2551 aurea,
3158 2503 3265 2542 non
3293 2505 3356 2545 ex
3377 2492 3619 2562 lapidibus
3638 2511 3736 2550 con-

2217 2567 2362 2625 stat;
2410 2564 2577 2617 multo
2608 2567 2721 2621 istis
2750 2580 2835 2623 est
2861 2575 3150 2641 pretiosior
3181 2596 3193 2629 :
3224 2594 3411 2635 aurum
3443 2599 3547 2653 prae
3570 2585 3643 2639 illa
3668 2588 3727 2641 lu-

2218 2657 2329 2704 tum
2371 2662 2488 2719 est;
2541 2656 2746 2726 lapides
2776 2664 2994 2730 pretiosi
3024 2681 3135 2735 pra:
3164 2668 3255 2724 illa
3292 2674 3653 2740 pulchritudine
3676 2679 3737 2730 la-

2218 2749 2358 2796 teres
2385 2753 2526 2798 sunt.
2559 2746 2615 2801 Si
2643 2763 2705 2802 ea
2734 2753 2934 2818 potitus
2963 2755 3015 2809 in
3044 2759 3233 2813 ctelum
3266 2761 3441 2829 iveris,
3464 2782 3634 2836 magno
3655 2769 3736 2822 illic

2215 2846 2336 2888 cum
2370 2835 2572 2892 honore
2617 2845 2818 2909 poteris
2847 2846 3097 2904 incedere
3129 2867 3143 2903 :
3174 2855 3351 2924 angeli
3390 2866 3439 2912 te
3468 2835 3738 2914 reverebuu-

2217 2936 2304 2981 tur
2332 2928 2563 2997 palmam
2593 2932 2738 2989 illam
2787 2936 3045 2994 ferentem
3080 2957 3093 2997 ε
3125 2943 3356 3001 fidenter
3397 2948 3461 3002 ad
3484 2966 3647 3005 omnes
3666 2967 3735 3005 ac-

2215 3021 2396 3077 cedes.
2440 3023 2509 3076 In
2552 3024 2750 3081 Christo
2795 3029 2939 3085 Jesu.
2992 3033 3124 3089 Vide
3168 3048 3379 3105 gratum
3422 3042 3735 3097 animumzln

2216 3111 2428 3167 Christo
2452 3114 2576 3169 Jesu
2604 3115 2727 3185 hoc,
2756 3120 2923 3190 inquit
2945 3164 2962 3184 ,
2992 3122 3147 3179 facio.
3173 3127 3291 3183 Non
3321 3131 3463 3187 enim
3502 3135 3605 3189 sine
3630 3134 3737 3187 illius

2215 3202 2448 3273 impulsu
2480 3216 2684 3264 tantum
2715 3214 2871 3281 spatii
2898 3217 3169 3273 conficere
3198 3219 3279 3275 fas
3310 3235 3393 3279 est
3425 3227 3612 3281 :multo
3634 3242 3737 3297 opus

2214 3309 2297 3350 est
2316 3298 2535 3354 auxilio.
2566 3301 2825 3358 Deorsum
2856 3313 2908 3360 te
2934 3317 3144 3365 certare
3162 3312 3352 3377 voluit,
3380 3331 3577 3370 sursum
3612 3332 3739 3371 coro-

2213 3398 2306 3443 nat
2333 3406 2348 3444 :
2374 3406 2477 3446 non
2502 3402 2559 3447 ut
2588 3395 2693 3459 hic,
2713 3398 2802 3451 ubi
2825 3409 3122 3469 certamen,
3148 3414 3230 3459 est
3259 3409 3423 3463 etiam
3450 3425 3625 3465 corona
3651 3411 3736 3475 illa,

2213 3480 2306 3536 sed
2340 3482 2391 3536 in
2420 3484 2703 3553 splendido
2732 3489 2850 3543 loco
2877 3507 3076 3549 corona
3106 3496 3194 3551 illa
3223 3509 3328 3554 est.
3356 3501 3468 3557 Non
3492 3503 3656 3557 videtis
3674 3504 3738 3556 hic

2212 3572 2371 3626 etiam
2413 3591 2507 3630 eos
2535 3593 2600 3632 ex
2630 3579 2848 3636 athletis
2876 3593 2932 3638 et
2957 3588 3157 3657 aurigis
3179 3631 3194 3654 ,
3224 3607 3368 3659 quos
3410 3595 3623 3648 maximo
3643 3594 3712 3647 alii

2211 3667 2359 3723 ciunt
2404 3670 2627 3739 honore,
2680 3691 2789 3730 non
2837 3677 3088 3735 deorsum
3119 3684 3169 3736 in
3200 3686 3379 3740 stadio
3405 3729 3420 3753 ,
3454 3688 3541 3744 sed
3569 3703 3738 3742 sursum

2209 3770 2437 3816 vocante
2466 3762 2793 3833 lmperatore
2818 3774 3088 3827 coronari.
3124 3773 3197 3827 lta
3227 3779 3391 3831 etiam
3416 3789 3468 3833 et
3499 3788 3548 3834 tu
3575 3780 3679 3833 hinc
3698 3780 3736 3831 in

2208 3852 2341 3906 caelo
2376 3857 2557 3924 capies
2607 3862 2860 3926 palmam.
2914 3864 3004 3917 15.
3054 3866 3371 3939 Quicumque
3408 3888 3519 3942 ergo
3567 3873 3735 3942 perfecti

2209 3962 2400 4008 sumus,
2450 3948 2637 4018 inquit,
2666 3950 2760 4005 hoc
2786 3955 3058 4010 sentiamus
3085 3972 3104 4009 :
3134 3969 3181 4011 et
3205 3961 3251 4012 si
3263 3962 3386 4030 quid
3408 3964 3549 4018 aliter
3568 3964 3732 4032 sapitis,

2208 4045 2258 4088 et
2303 4037 2398 4089 hoc
2432 4039 2566 4093 vobis
2600 4040 2732 4096 Deus
2776 4045 3035 4099 reuelabit.
3067 4049 3202 4115 Quid
3236 4050 3341 4108 hoc
3367 4055 3486 4108 est?
3511 4054 3729 4108 Nimirum

2208 4144 2327 4199 quae
2354 4139 2499 4185 retro
2528 4143 2655 4188 sunt
2678 4176 2693 4201 ,
2738 4136 3106 4194 obliviscenda
3138 4157 3263 4197 esse
3294 4162 3309 4197 :
3357 4146 3426 4201 ita
3456 4157 3508 4200 ut
3545 4144 3731 4217 perfecti

2208 4220 2442 4276 hominis
2468 4223 2559 4289 sit,
2589 4240 2693 4280 non
2721 4241 2782 4282 se
2797 4229 3107 4287 existimare
3134 4233 3432 4303 perfectum
3463 4253 3592 4293 esse.
3620 4237 3737 4304 Quo-

2207 4314 2368 4371 modo
2414 4315 2576 4386 igitur
2625 4319 2784 4385 dicis,
2843 4322 3158 4396 Quicumque
3199 4330 3453 4399 perfecti?
3497 4331 3577 4385 die
3621 4331 3736 4383 enim

2207 4407 2337 4461 mihi
2358 4448 2375 4473 ,
2406 4408 2633 4467 hoccine
2676 4413 2756 4468 vis
2789 4416 3058 4483 sapiamus
3086 4419 3227 4488 quod
3261 4430 3317 4476 tu
3346 4424 3525 4493 sapis?
3548 4423 3663 4477 Nam
3697 4421 3733 4474 si

2206 4514 2311 4553 non
2337 4512 2658 4572 assequutus
2684 4519 2764 4571 es,
2788 4505 2833 4560 si
2863 4522 2968 4562 non
2997 4524 3057 4565 es
3082 4512 3374 4581 perlectus,
3411 4514 3655 4585 quomodo
3668 4513 3734 4582 ju-

2204 4589 2302 4645 bes
2331 4593 2593 4660 perfectos
2621 4596 2722 4652 hoc
2751 4612 2964 4667 sapere,
2995 4604 3136 4672 quod
3167 4613 3221 4659 et
3250 4615 3305 4660 tu
3333 4609 3495 4677 sapis,
3524 4607 3603 4677 qui
3627 4598 3734 4659 non?

2202 4679 2329 4734 dum
2357 4698 2416 4737 es
2439 4686 2750 4751 perfectus?
2781 4689 2892 4745 Hoc
2932 4693 3097 4760 enim,
3147 4695 3353 4766 inquit,
3390 4698 3629 4768 perfectio
3652 4705 3731 4751 est.

2206 4768 2275 4824 Et
2299 4771 2342 4825 si
2366 4774 2489 4842 quid
2506 4776 2654 4831 aliter
2674 4781 2872 4849 sapitis,
2900 4793 2948 4837 et
2972 4784 3066 4837 hoc
3105 4786 3241 4841 vobis
3271 4788 3409 4843 Deus
3436 4789 3664 4844 reuelabit.
3690 4785 3732 4840 Id

2204 4858 2312 4931 est,
2341 4864 2383 4917 si
2412 4869 2531 4935 quis
2554 4878 2733 4924 autem
2754 4883 2905 4942 putat
2932 4890 2990 4931 se
3019 4886 3185 4932 totum
3216 4890 3364 4937 recte
3390 4898 3507 4937 esse
3521 4896 3736 4949 assequu-

2206 4963 2335 5009 tum.
2366 4955 2529 5013 Cavet
2551 4961 2799 5018 nimirum
2829 4966 2935 5022 illis
2959 4984 2972 5031 ;
2997 4978 3051 5022 at
3080 4986 3187 5025 non
3218 4973 3285 5027 ita
3313 4975 3464 5040 dixit,
3492 4974 3578 5030 sed
3605 4969 3731 5039 illud?

2203 5046 2269 5099 Et
2297 5048 2342 5102 si
2366 5052 2486 5118 quid
2504 5052 2650 5106 aliter
2667 5056 2868 5124 capitis,
2889 5059 3051 5113 ethoc
3076 5062 3211 5116 vobis
3235 5062 3373 5119 Deus
3401 5064 3638 5118 reuelabit.
3660 5059 3730 5113 Vi-

2202 5139 2318 5207 des,
2344 5158 2505 5212 quam
2534 5148 2857 5204 verecunde.
2888 5150 3000 5205 Hoc
3024 5195 3039 5218 ,
3071 5153 3241 5224 inquit
3265 5197 3281 5222 ,
3314 5171 3413 5211 vos
3438 5157 3571 5211 Deus
3594 5154 3724 5207 doce—

2201 5232 2280 5287 bit
2323 5252 2337 5287 :
2382 5236 2430 5289 id
2466 5247 2569 5303 est,
2613 5239 2756 5295 Deus
2808 5243 2957 5296 vobis
3005 5248 3367 5314 persuadebit,
3420 5263 3522 5303 non
3560 5255 3730 5300 tantum

2201 5328 2413 5384 docebit
2451 5348 2465 5384 :
2496 5348 2619 5387 nam
2648 5333 2879 5390 docebat
2907 5338 3122 5405 quidem
3152 5340 3346 5395 Paulus
3371 5359 3385 5393 :
3430 5342 3560 5395 Deus
3583 5343 3730 5391 autem

2200 5418 2507 5474 inducebat.
2539 5422 2606 5477 Et
2636 5440 2742 5479 non
2773 5425 2926 5489 dixit,
2961 5426 3203 5495 lnducet,
3235 5430 3347 5495 sed,
3385 5428 3664 5489 Revelabit;
3688 5431 3732 5475 ut

2200 5525 2267 5566 ex
2296 5512 2591 5577 ignorantis
2632 5532 2722 5571 res
2754 5520 3024 5587 proficisci
3067 5523 3331 5577 videatur.
3387 5522 3500 5578 Non
3543 5522 3644 5574 haec
3676 5515 3731 5570 de

2198 5603 2461 5674 dogmatis
2512 5607 2654 5663 dicta
2703 5619 2848 5678 sunt,
2902 5613 2997 5668 sed
3038 5613 3106 5668 de
3148 5614 3476 5684 perfectione
3519 5613 3645 5673 rite,
3686 5614 3731 5658 ιιι

2199 5712 2358 5750 nemo
2399 5713 2457 5753 se
2496 5699 2610 5768 ipse
2636 5702 2912 5758 existimet
2941 5705 3241 5774 perfectum
3269 5721 3411 5762 esse.
3440 5703 3630 5760 Etenim
3656 5695 3730 5767 qui

2198 5788 2375 5841 omnia
2405 5804 2464 5843 se
2508 5800 2657 5861 putat
2699 5806 3126 5864 consequutum,
3161 5798 3294 5853 nihil
3323 5799 3496 5852 habet.
3534 5794 3611 5849 l6.
3645 5788 3730 5842 νο-

2204 5893 2477 5938 rumtamm
2504 5884 2570 5938 ad
2592 5886 2725 5955 quod
2751 5889 3088 5961 peruenimus,
3111 5891 3163 5945 in
3186 5893 3360 5949 eadem
3387 5890 3734 5958 permaneant!“
