3898 6496
147 421 238 477 271

146 534 318 607 φησιν,
344 528 459 585 ἀλλ’
496 528 614 592 ἑνός
647 529 761 601 εἰμι
797 529 981 598 μόνου,
1008 528 1104 582 τοῦ
1134 530 1245 592 τοῖς
1274 528 1582 600 ἔμπροσθεν
1608 529 1701 580 ἐπ-

146 620 486 679 εκτείνεσθαι.
521 620 691 674 Τοῦτο
739 620 847 692 γάρ
894 621 1042 673 ἐστιν
1074 620 1102 673 ὃ
1132 621 1452 689 φησιν,⁶Ἐν,
1480 620 1549 673 τὰ
1584 620 1702 688 μὲν

149 717 325 772 ὀπίσω
366 712 930 781 ἐπιλανθανόμενος,
963 711 1088 778 τοῖς
1126 711 1194 765 δὲ
1234 712 1572 780 ἔμπροσθεν
1598 711 1693 763 ἐπ-

145 804 568 871 εκτεινόμενος,
606 805 756 855 κατὰ
798 799 1037 855 σκοπὸν
1075 800 1265 854 διώκω
1308 801 1406 853 ἐπὶ
1448 799 1515 854 τὸ
1549 801 1702 869 ,βρα-

148 898 295 953 ϐεῖον
316 894 424 964 τῆς
451 894 572 947 ἅνω
609 893 884 962 κλήσεως
913 893 1021 947 τοῦ
1055 893 1201 948 Θεοῦ
1230 895 1301 947 ἐν
1322 893 1552 961 Χριστῷ
1586 894 1701 959 ’1η-

146 987 416 1055 σοῦ.“’ορα
455 985 570 1048 πῶς
603 983 771 1038 εἰπὼν
818 984 996 1049 τοῦτο,
1027 985 1261 1055 ἐδήλωσε
1289 984 1342 1037 τί
1386 980 1453 1055 ἦν
1483 985 1510 1038 ὃ
1531 984 1704 1037 ἐποίει

147 1078 296 1134 αὐτὸν
328 1079 439 1140 τοῖς
468 1075 777 1147 ἔμπροσθεν
805 1076 1304 1130 ἐπεκτείνεσθαι.’0
1342 1077 1439 1147 μὲν
1469 1072 1561 1129 οὖν
1602 1077 1703 1147 ήδη

145 1169 510 1226 τετελειῶσθαι
544 1167 800 1235 νομίζων,
827 1166 924 1220 καὶ
957 1166 1122 1236 μηδὲν
1152 1165 1300 1236 αὕτῷ
1331 1165 1536 1219 λείπειν
1569 1166 1705 1236 πρὸς

146 1262 336 1333 ἀρετῆς
363 1259 722 1331 κατόρθωσιν,
744 1259 844 1313 κᾶν
867 1259 1141 1313 ἐπαύσατο
1165 1258 1395 1329 τρέχων,
1417 1258 1490 1322 ὡς
1517 1259 1577 1312 16
1598 1260 1705 1313 πᾶν

147 1353 483 1424 κατειληφώς
502 1370 516 1383 ·
541 1356 568 1407 6
598 1353 668 1406 δέ
689 1354 984 1423 ἀφεστάναι
1020 1351 1113 1406 τοῦ
1141 1353 1408 1423 τέρματος
1441 1352 1520 1405 ἔτι
1552 1351 1706 1422 νομί-

148 1447 267 1511 ζων,
301 1446 553 1499 οὐδέποτε
585 1445 847 1499 παύσεται
877 1444 1103 1515 τρέχων.
1130 1444 1299 1499 Τοῦτο
1323 1441 1415 1500 οὖν
1448 1446 1594 1514 ἡμᾶς
1623 1444 1710 1497 ἀεὶ

147 1538 222 1589 δεῖ
243 1535 573 1603 λογίζεσθαι,
608 1536 714 1588 κᾶν
757 1535 924 1607 μυρία
954 1536 1384 1607 κατορθώσωμεν
1410 1536 1609 1604 ἀγαθά.
1645 1537 1709 1589 Εἰ

147 1628 250 1699 γάρ
278 1626 487 1691 Παῦλος
514 1626 652 1696 μετά
687 1627 912 1698 μυρίους
950 1627 1228 1691 θανάτους,
1264 1628 1401 1697 μετὰ
1425 1626 1713 1690 τοσούτους

150 1718 418 1783 κινδύνους
461 1718 617 1771 τοῦτο
656 1718 955 1788 ἐλογίζετο,
986 1718 1165 1789 πολλῷ
1193 1719 1393 1789 μᾶλλον
1424 1721 1601 1789 ἡμεῖς.
1635 1718 1711 1773 06

154 1810 256 1881 μὴν
304 1809 580 1872 ἀνέπεσον,
624 1811 808 1880 φησὶν,
832 1810 1019 1881 ἐπειδὴ
1051 1810 1300 1865 τοσοῦτον
1345 1811 1570 1882 δραμὼν
1615 1811 1714 1864 οὐκ

155 1900 365 1970 ίσχυσα,
399 1899 516 1952 ούδέ
559 1900 830 1968 άπέγνων,
860 1901 974 1954 ἀλλ’
1002 1901 1082 1954 ἔτι
1122 1904 1316 1972 τρέχω,
1344 1902 1422 1955 ἐτι
1451 1904 1713 1971 ἀγωνίζο-

156 2006 279 2060 μαι·
308 1989 462 2044 τοῦτο
489 1991 647 2061 μόνον
674 1991 880 2055 σκοπῶ,
899 1994 1047 2056 ὅπως
1069 1994 1134 2062 δὴ
1162 1995 1717 2065 προκόπτοιμι.υῦτω

152 2082 241 2135 καὶ
272 2081 420 2151 ἡμᾶς
458 2081 563 2153 χρὴ
596 2086 788 2147 ποιεῖν,
822 2085 1269 2139 ἐπιλανθάνεσθαι
1302 2085 1409 2139 τῶν
1441 2086 1717 2158 κατορθω-

160 2173 357 2241 μάτων,
388 2174 480 2226 καὶ
526 2174 741 2241 ἀφιέναι
785 2175 925 2228 αύτά
968 2175 1159 2232 ὀπίσω.
1204 2178 1312 2231 Καὶ
1358 2179 1468 2249 γάρ
1520 2181 1548 2233 6
1597 2179 1721 2249 δροο

160 2262 283 2330 μεῦς
330 2261 429 2331 οὐχ
462 2264 619 2325 ὅσους
647 2263 842 2333 ἤνυσεν
875 2265 1252 2334 ἀναλογίζεται
1285 2267 1561 2335 διαύλους,
1591 2269 1720 2323 ἀλλ’

157 2355 304 2417 ὅσους
349 2353 615 2410 λείπεται.
635 2357 746 2409 Καὶ
794 2358 957 2427 ἡμεῖς
1005 2358 1081 2429 μὴ
1124 2359 1246 2412 ὅσον
1295 2360 1572 2433 ἡνύσαμεν
1625 2362 1723 2431 τῆς

156 2443 353 2514 ἀρετῆς
378 2444 840 2516 ἀναλογιζὼμεθα,
878 2447 991 2501 ἀλλ’
1023 2450 1146 2503 ὅσον
1171 2452 1301 2522 ἡμῖν
1328 2451 1592 2507 λείπειετί
1613 2453 1722 2523 γὰρ

157 2537 296 2607 ἡμᾶς
343 2537 543 2606 ὠφελεῖ
591 2540 652 2591 16
692 2539 944 2606 ἀνυσθέν,
1002 2542 1129 2595 ὅταν
1177 2544 1240 2595 16
1287 2544 1600 2615 λειπόμενον
1648 2546 1721 2617 μὴ

158 2628 461 2700 προστεθῇ;
497 2630 608 2682 Καὶ
657 2630 757 2683 οὐκ
802 2626 974 2696 εἶπεν,
1021 2633 1103 2686 ὅτι
1153 2634 1263 2688 Ούκ
1315 2635 1721 2705 ἀναλογίζομαι,

158 2720 269 2772 οὐδὲ
291 2721 605 2791 μέμνημαι,
628 2721 764 2785 ἀλλ’,
795 2724 1364 2793 Ἑκλανθίινόμενος,
1385 2728 1533 2796 ἡμᾶς
1560 2744 1726 2798 προσ-

156 2813 550 2883 εκτικωτέρους
596 2813 785 2867 ποιῶν.
818 2815 973 2868 Οὕτω
1018 2815 1127 2887 γάρ
1180 2818 1397 2887 σφοδροὶ
1441 2817 1724 2888 γινόμεθα,

157 2900 279 2953 ὅταν
320 2902 509 2953 πᾶσαν
558 2900 864 2972 προθυμίαν
895 2904 975 2966 είς
1022 2902 1081 2955 16
1127 2904 1314 2956 λεῖπον
1348 2903 1725 2972 ἀναλάϐωμεν,

155 2992 278 3046 ὅταν
299 2993 492 3046 ἐκεῖνα
527 2991 667 3063 λήθῃ
694 2992 1043 3065 παραδῶμεν.
1060 2994 1544 3064 Ἐπεκτεινόμενοι,
1572 2992 1731 3063 φησὶ,

158 3084 283 3153 πρὶν
330 3083 373 3153 ἢ
422 3082 844 3152 παραγενέσθαι,
882 3083 1066 3138 λαϐεῖν
1118 3085 1577 3156 σπουδάζομεν.”0
1623 3086 1731 3155 γάρ

158 3174 606 3243 ἐπεκτεινόμενος
634 3169 787 3236 οὕτός
819 3176 985 3239 ἐστιν,
1008 3177 1036 3228 6
1066 3177 1191 3239 τοὺς
1224 3176 1387 3239 πόδας
1418 3176 1592 3229 καίτοι
1612 3178 1731 3249 τρέ-

157 3284 349 3336 χοντας
382 3265 460 3337 τῷ
486 3265 656 3336 λοιπῷ
691 3266 901 3337 σώματι
929 3266 1218 3337 προλαϐεῖν
1269 3268 1603 3333 σπουδάζων,
1638 3270 1735 3320 ἐπ-

157 3359 419 3411 εκτείνων
468 3356 653 3412 ἐαυτὸν
705 3358 784 3421 είς
827 3356 889 3410 16
938 3356 1266 3428 ἔμπροσθεν,
1298 3358 1521 3420 καὶτὰς
1550 3360 1735 3429 χεῖρας

160 3450 441 3511 ἐκτείνων,
477 3450 564 3503 ἵνα
610 3449 706 3503 καὶ
750 3448 843 3503 τοῦ
889 3449 1089 3520 δρόμου
1139 3449 1302 3503 πλέον
1330 3468 1381 3503 τι
1412 3451 1732 3520 ἐργάσηται.

160 3541 327 3596 Τοῦτο
358 3542 419 3595 δὲ
462 3542 567 3596 ἀπὸ
598 3542 797 3611 πολλῆς
827 3541 1131 3612 προθυμίας
1155 3543 1380 3612 γίνεται,
1408 3544 1515 3597 ἀπὸ
1538 3543 1738 3613 πολλῆίῖ

162 3636 521 3705 θερμότητος.
557 3633 712 3688 Οὕτω
759 3634 841 3687 δεῖ
885 3633 1100 3704 τρέχειν
1144 3634 1235 3687 τὸν
1282 3635 1571 3704 τρέχοντα,
1601 3632 1739 3704 μετά

161 3728 435 3798 τοσαύτης
489 3727 739 3798 σπουδῆς,
773 3726 910 3798 μετά
958 3726 1225 3797 τοσαύτης
1276 3727 1597 3797 προθυμίας,
1642 3726 1741 3780 ούκ

162 3819 793 3876 ἀναπεπτωκότα.”οσον
824 3820 879 3872 δὲ
911 3819 1004 3873 τοῦ
1043 3817 1185 3872 οὕτω
1211 3819 1493 3890 τρέχοντος
1522 3822 1613 3873 καὶ
1643 3818 1739 3872 τοῦ

164 3910 355 3964 ὑπτίου
384 3911 640 3980 κειμένου
666 3910 725 3963 16
752 3908 932 3981 μέσον,
964 3908 1213 3962 τοσοῦτον
1236 3909 1386 3982 [292]
1412 3910 1507 3963 τοῦ
1531 3910 1739 3964 Παύλου

166 4003 258 4055 καὶ
307 4002 494 4073 ἡμῶν.
529 4000 670 4054 Καθ’
700 4000 909 4071 ἡμέραν
955 3999 1294 4070 ἀπέθνησκεν
1342 4002 1566 4064 ἐκεῖνος,
1608 4001 1745 4055 καθ’

168 4092 384 4163 ἡμέραν
414 4092 719 4162 εὐδοκίμει·
748 4093 848 4145 ούκ
874 4087 943 4161 ἦν
968 4093 1176 4163 καιρὸς,
1206 4092 1304 4144 οὐκ
1329 4087 1395 4162 ἦν
1428 4094 1638 4162 χρόνος,
1687 4094 1744 4145 ἐν

168 4178 213 4250 ᾧ
242 4185 345 4237 οὐκ
391 4182 588 4253 ηὕξετο
632 4182 776 4253 αύτῷ
809 4184 836 4235 6
864 4184 1061 4254 δρόμος
1085 4199 1099 4213 ·
1131 4183 1190 4236 06
1235 4182 1416 4237 λαϐεῖν
1462 4183 1742 4254 ἠθέλησεν,

172 4277 287 4329 ἀλλ’
323 4278 568 4347 ἁρπάσαι
609 4276 668 4328 16
716 4275 998 4346 βραϐεῖον·
1049 4276 1189 4330 οὕτω
1236 4277 1341 4349 γάρ
1392 4276 1505 4330 ἔστι
1545 4276 1742 4331 λαϐεῖν.

178 4369 328 4420 ’Λνω
374 4372 404 4421 6
448 4368 508 4420 16
554 4367 806 4439 βραϐεῖον
855 4368 1027 4433 διδοὺς
1058 4368 1308 4443 ἕστηκεν,
1339 4370 1450 4423 ἄνω
1480 4372 1655 4424 κεῖται
1688 4371 1747 4424 16

186 4462 217 4530 β
225 4464 328 4531 ραϐ
336 4466 441 4515 εῖον
450 4503 464 4518 .

256 4642 324 4712 β’.
351 4643 494 4713 Ὅρα
517 4641 683 4695 πόσον
709 4642 771 4694 16
792 4640 1064 4712 διάστημα
1107 4639 1265 4694 τοῦτο
1287 4640 1618 4713 διαδραμεῖν,
1647 4642 1749 4714 δρα

177 4737 348 4790 πόσον
378 4736 441 4789 τὸ
474 4734 607 4804 ὕψος
624 4750 638 4763 ·
667 4734 783 4786 ἐκεῖ
801 4733 880 4786 δεῖ
907 4733 1237 4803 πετασθῆναι
1260 4736 1368 4797 τοῖς
1394 4732 1487 4786 τοῦ
1509 4733 1753 4805 πνεύμα-

176 4846 269 4892 τος
290 4829 518 4896 πτεροῖς
538 4843 551 4857 ·
575 4823 775 4894 ἑτέρως
790 4823 899 4895 γάρ
919 4824 1017 4877 οὐκ
1036 4823 1113 4876 ἔνι
1132 4823 1193 4875 16
1219 4822 1350 4893 ὕψος
1368 4823 1524 4878 τοῦτο
1546 4828 1753 4896 τεμεῖν.

176 4918 335 4974 Μετὰ
385 4916 485 4970 τοῦ
535 4914 786 4985 σώματος
832 4916 950 4967 ἐκεῖ
995 4915 1075 4967 δεῖ
1118 4913 1360 4983 βαδίσαι·
1393 4915 1567 4980 ἔξεστι
1605 4917 1752 4988 γάρ·

186 5008 383 5076 Ἦμᾶη·
409 5006 520 5076 γάρ
545 5005 612 5059 τὸ
637 5006 983 5073 πολίτευμα,
1027 5005 1210 5075 φησὶν,
1245 5006 1313 5059 ἐν
1339 5007 1569 5075 οὐρανῷ
1588 5025 1603 5039 ·
1646 5012 1759 5063 ἐκεῖ

172 5099 236 5152 16
267 5096 531 5169 βραϐεῖόν
575 5094 921 5166 ἐστιν.⁹υρᾷς
964 5096 1089 5158 106;
1131 5096 1422 5166 τρέχοντας
1467 5098 1582 5162 πῶς
1611 5100 1758 5169 νόμῳ

178 5189 355 5254 ζῶσις
389 5188 511 5250 πῶς
539 5188 688 5240 οὐδὲν
727 5188 833 5239 τῶν
864 5186 1162 5241 ἐκλυὸντων
1200 5189 1298 5257 τὴν
1327 5191 1476 5260 ίσχῦν
1508 5191 1760 5262 προσίεν-

177 5300 306 5349 ται;
353 5280 482 5344 πῶς
523 5279 878 5348 ἀγωνίζονται
909 5279 1028 5332 καθ’
1055 5281 1290 5349 ἑκάστην
1326 5282 1541 5353 ἡμέραν
1568 5285 1626 5335 ἐν
1660 5302 1763 5337 πα-

175 5372 426 5442 λαίστρᾳ
452 5370 557 5423 ὑπὸ
584 5369 900 5441 παιδοτρίϐῃ
938 5369 1032 5423 καὶ
1060 5370 1241 5441 νόμῳ;
1275 5372 1524 5444 Μίμησαι
1543 5375 1763 5440 τούτους

178 5467 277 5520 καὶ
305 5466 401 5525 σὺ,
444 5464 641 5535 μᾶλλον
666 5464 723 5517 δὲ
752 5465 845 5517 καὶ
876 5463 1094 5517 πλείονα
1124 5465 1383 5532 ἐπίδειξαι
1410 5466 1717 5539 προθυμίαν
1744 5485 1760 5501 ·

178 5557 242 5609 06
273 5555 393 5625 γὰρ
439 5554 552 5605 ἶσον
580 5553 639 5606 τὸ
670 5552 946 5623 βραϐεῖον·
975 5554 1156 5606 πολλοὶ
1176 5556 1224 5607 οί
1248 5555 1546 5621 κωλύοντες
1566 5574 1579 5588 ·
1616 5559 1764 5629 νόμῳ

180 5647 347 5719 ζῆθι·
404 5646 579 5701 πολλά
624 5647 739 5699 ἐστι
785 5646 852 5698 τὰ
902 5646 1161 5699 ἐκλύοντα
1189 5648 1286 5718 τὴν
1322 5647 1505 5718 ίσχύν·
1535 5650 1766 5723 εύσκελῆ

182 5741 429 5807 ποίησον
463 5738 627 5808 αὐτὴν
652 5737 728 5807 τῷ
759 5736 877 5789 ποδί
903 5752 915 5764 ·
951 5737 1124 5791 ἔνεστι
1153 5739 1258 5809 γάρ
1280 5755 1295 5769 ·
1337 5740 1397 5792 06
1423 5739 1530 5812 γάρ
1555 5741 1765 5809 φύσεώς

144 5834 363 5896 ’ὲστιν,
405 5828 545 5883 ἀλλά
596 5829 980 5900 προαιρέσεως.
1039 5828 1263 5900 Κούφην
1312 5830 1480 5903 αὐτὴν
1525 5832 1765 5904 £97036)-

886 464 889 465 ν
994 411 1061 469 IN
1098 412 1315 469 EPIST.
1358 412 1449 467 AD
1485 409 1777 468 PHILIPP.
1817 411 1969 469 CAP.
2010 413 2101 470 III.
2142 412 2376 471 HOMIL.
2417 413 2536 469 XII.

3269 414 3379 470 272

1807 528 1966 599 μεθα,
1994 528 2082 583 ῖνα
2134 529 2210 600 μὴ
2256 531 2322 600 τῇ
2363 528 2624 600 ταχύτητι
2646 539 2673 569 ι
2702 526 2813 581 τῶν
2860 525 3038 581 ποδῶν
3084 526 3147 581 16
3191 526 3381 585 λοιπὸν

1805 618 1965 689 ἄχθος
1990 619 2251 690 ἐμποδίζῃ
2274 635 2288 648 ·
2315 619 2523 685 δίδαξον
2550 615 2689 672 εἶναι
2711 620 2837 681 τοὺς
2866 618 3032 681 πόδας
3074 619 3335 686 ἀσφαλεῖς
3360 638 3376 652 ·

1806 706 1990 761 πολλοὶ
2017 708 2126 779 γὰρ
2149 708 2199 760 οἱ
2226 707 2425 760 δλισθοι
2450 725 2465 739 ·
2496 707 2599 761 κᾶν
2617 707 2955 778 καταπέσῃς,
2978 707 3148 761 πολλὰ
3168 707 3380 762 ἀπώλε-

1809 814 1928 862 σας.
1954 799 2101 869 Πλὴν
2130 799 2235 853 κᾶν
2265 798 2601 869 καταπέσῃς,
2635 798 2979 869 διανάστηθι·
3008 799 3084 852 ἐνι
3119 799 3213 852 καὶ
3240 797 3383 853 οὕτω

1806 890 2044 962 νικῆσαι.
2069 893 2353 964 Μηδέποτε
2393 894 2506 955 τοῖς
2536 891 2841 963 ὀλισθηροῖς
2874 891 3139 964 ἐπιχείρει
3192 892 3376 962 πράγ-

1811 999 1965 1053 μασι,
2016 984 2110 1038 καὶ
2156 984 2217 1037 ού
2264 985 2584 1053 καταπεσῇ·
2632 983 2724 1035 ἐπὶ
2757 982 2827 1035 τὰ
2873 982 3141 1053 βεϐηκότα
3174 984 3335 1053 τρέχε
3362 996 3378 1011 ·

1809 1072 1920 1125 ἀνω
1946 1071 2045 1142 τὴν
2073 1072 2336 1143 κεφαλὴν,
2364 1072 2477 1127 άνω
2523 1072 2581 1125 16
2604 1072 2779 1143 ὄμμα.
2808 1072 2978 1125 Τοῦτο
3012 1074 3104 1125 καὶ
3132 1074 3243 1134 τοῖς
3271 1068 3384 1141 τρέ-

1811 1179 1994 1232 χουσιν
2024 1164 2072 1216 οί
2102 1162 2450 1233 παιδοτρίϐαι
2484 1162 2979 1233 παρακελεύονται·
3024 1160 3165 1216 οὕτω
3196 1162 3384 1216 διαϐα-

1813 1252 2067 1317 στάζεται
2118 1253 2395 1325 ίσχύς.“Λν
2423 1254 2479 1307 δὲ
2506 1254 2657 1308 κάτω
2682 1253 2898 1325 νεύσῃς,
2941 1254 3239 1316 κατέπεσες
3258 1294 3272 1317 ,
3301 1253 3388 1318 ἐξ-

1812 1342 2184 1415 ελύθης.”Ανω
2220 1344 2421 1415 βλέπε,
2464 1345 2598 1399 ὅπου
2634 1345 2695 1397 τὸ
2734 1344 2982 1415 βραϐεῖόν
3030 1345 3201 1396 ἐστιν·
3247 1344 3386 1413 αὐτὴ

1810 1434 1906 1488 τοῦ
1939 1434 2196 1506 βραϐείου
2230 1437 2263 1506 ἡ
2300 1435 2421 1505 ὄψις
2458 1434 2680 1505 μείζονα
2715 1436 2857 1487 ποιεῖ
2883 1436 2984 1504 τὴν
3029 1432 3344 1503 προαίρεσιν
3368 1446 3385 1461 ·

1813 1527 1913 1579 οὐκ
1941 1527 2164 1597 ἀφίησιν
2190 1526 2474 1581 αίσθέσθαι
2504 1527 2610 1580 τῶν
2640 1524 2818 1579 πόνων
2851 1527 2884 1596 ἡ
2916 1525 3017 1595 τῆς
3046 1524 3276 1593 θλίψεως
3299 1522 3388 1575 ἐλ-

1816 1617 1926 1681 πὶς,
1959 1618 2018 1670 τὸ
2069 1617 2243 1687 μῆκος
2296 1616 2492 1688 μικρὸν
2535 1618 2680 1670 ποιεῖ
2719 1616 3019 1686 φαίνεσθαι.
3053 1616 3119 1668 Τί
3167 1616 3281 1667 ἐστι
3328 1612 3391 1666 16

1818 1707 2101 1778 βραϐεῖον;
2154 1708 2228 1761 Ού
2270 1708 2460 1770 κλάδος
2517 1707 2789 1774 φοίνικος,
2823 1704 2957 1758 ἀλλά
3002 1704 3089 1771 τί;
3139 1702 3394 1771 Βασιλεία.

1817 1798 2080 1870 οὐρανῶν,
2122 1799 2430 1861 ἀνάπαυσις
2484 1798 2722 1863 αἰώνιος,
2772 1796 2897 1861 δόξα
2944 1798 3083 1867 μετά
3131 1794 3389 1866 Χριστοῦ,

1819 1889 2175 1960 κληρονομία,
2209 1890 2526 1961 ἀδελφότης,
2566 1889 2735 1960 μυρία
2764 1887 2960 1952 άγαθά,
2994 1887 3029 1940 ἃ
3066 1888 3164 1940 οὐκ
3197 1886 3274 1939 ἔνι
3318 1882 3404 1939 εἰς

1819 1985 1960 2035 πεῖν.
1995 1982 2107 2034 Οὐκ
2146 1980 2225 2033 ένι
2255 1982 2461 2035 ἐκείνου
2491 1980 2586 2034 τοῦ
2616 1980 2870 2051 βραϐείου
2899 1980 2959 2032 16
2989 1978 3182 2042 κάλλος
3205 1978 3392 2047 διηγήδ-

1822 2070 2052 2127 σασθαι·
2090 2072 2119 2123 6
2147 2070 2363 2142 κρατῶν
2410 2070 2542 2124 αὐτὸ
2593 2065 2701 2123 οἵδε
2754 2070 2935 2141 μόνος,
2966 2069 3058 2122 καὶ
3107 2070 3135 2121 6
3187 2066 3393 2137 μέλλων

1822 2163 1953 2218 0616
1981 2161 2299 2233 λαμϐάνειν.
2322 2163 2436 2215 Οὕκ
2462 2161 2578 2215 ἐστι
2604 2162 2972 2233 χρυσοῦν,ούκ
2994 2160 3109 2213 ἐστι
3136 2160 3389 2214 διάλιθον·

1823 2255 2002 2326 πολλῷ
2029 2255 2233 2308 τούτων
2260 2254 2603 2325 τιμιώτερον.
2621 2256 2677 2308 '0
2706 2254 2905 2325 χρυσὸς
2947 2253 3202 2324 βόρϐορος
3258 2252 3394 2322 πρὸς

1824 2350 1999 2402 ἐκεῖνο
2045 2348 2106 2401 16
2143 2347 2393 2419 βραϐεῖόν
2424 2348 2570 2399 ἐστι·
2604 2346 2746 2399 λίθοι
2793 2345 2962 2416 τίμιοι
3014 2342 3228 2407 πλίνθος
3259 2342 3396 2411 πρὸς

1825 2439 1885 2492 16
1911 2438 2104 2502 κάλλος
2137 2439 2346 2491 ἐκείνου
2376 2436 2470 2490 τοῦ
2502 2436 2883 2509 βραϐείου.“Αν
2924 2436 3097 2488 ἐκεῖνο
3125 2434 3261 2502 ἔχων
3288 2434 3396 2485 άπ-

1828 2531 1988 2601 έλθῃς
2028 2531 2107 2594 είς
2150 2529 2241 2582 16v
2272 2528 2523 2600 οὐρανὸν,
2557 2527 2693 2599 μετά
2721 2526 2923 2595 πολλῆς
2947 2526 3047 2593 τῆς
3090 2524 3254 2594 τιμῆς
3283 2524 3402 2574 ἐκεῖ

1830 2621 2064 2692 βαδίζειν
2092 2621 2317 2692 δυνὴσῃ,
2348 2621 2445 2674 καὶ
2475 2619 2694 2689 ἄγγελοί
2725 2632 2784 2671 σε
2818 2617 3224 2688 αἰδεσθὴσονται
3243 2614 3401 2668 τοῦτο

1830 2713 2064 2784 φέροντα
2105 2711 2166 2765 16
2198 2712 2481 2783 βραϐεῖον·
2531 2713 2664 2765 πᾶσι
2701 2711 2837 2782 μετά
2884 2708 3194 2780 παρρησίας
3228 2721 3400 2776 προσ-

1832 2804 2025 2875 ελεύσῃ
2053 2803 2274 2873 πολλῆς.
2292 2802 2387 2855 Ἑν
2414 2801 2645 2871 Χριστῷ
2677 2800 3049 2871 ’1ησοῦ.”ορα
3084 2796 3177 2851 τὸν
3204 2798 3405 2866 εὐγνώ-

1836 2913 1992 2967 μονα.
2010 2896 2098 2948 Ἐν
2129 2894 2347 2967 Χριστῷ
2378 2893 2550 2964 Ἰησοῦ
2592 2892 2750 2947 τοῦτο
2777 2892 2936 2956 ποιῶ,
2973 2890 3156 2962 φησίν.
3192 2890 3265 2943 Ού
3295 2889 3406 2959 γάρ

1835 2988 1914 3042 ἐνι
1948 2988 2114 3059 χωρὶς
2146 2988 2244 3058 τῆς
2277 2986 2486 3040 ἐκείνου
2517 2986 2689 3058 ῥοπῆς
2720 2983 2974 3037 τοσοῦτον
3021 2982 3246 3036 διελθεῖν
3288 2981 3406 3034 διά-

1837 3097 2021 3150 στημα
2040 3097 2054 3112 ·
2084 3079 2286 3147 πολλῆς
2314 3078 2395 3132 δεῖ
2424 3080 2519 3148 τῆς
2547 3076 2817 3148 βοηθείας,
2844 3075 3042 3143 πολλῆς
3062 3074 3160 3144 τῆς
3191 3090 3409 3143 συμμα-

1837 3173 1982 3245 χίας.
2020 3174 2184 3227 Κάτω
2230 3173 2329 3242 μέν
2360 3190 2419 3225 σε
2464 3170 2825 3240 ἀγωνίζεσθαι
2875 3168 3163 3239 ἐϐουλήθη,
3196 3168 3307 3221 ἄνω
3350 3165 3409 3219 δὲ

1842 3268 2132 3336 στεφανοῖ·
2168 3266 2266 3336 ούχ
2290 3265 2365 3329 ὡς
2410 3263 2666 3326 ἐνταῦθα,
2696 3262 2824 3316 ἔνθα
2848 3264 2876 3315 6
2904 3260 3075 3331 ἀγὼν,
3114 3260 3231 3313 ἐκεῖ
3258 3258 3351 3313 καὶ
3381 3260 3411 3312 6

1842 3358 2121 3426 στέφανος,
2151 3357 2263 3409 ἀλλ’
2293 3359 2350 3411 ἐν
2378 3356 2455 3426 τῷ
2481 3354 2720 3426 λαμπρῷ
2757 3354 2941 3425 χωρίῳ
2968 3355 2995 3406 6
3026 3352 3284 3420 στέφανος
3317 3342 3410 3402 οὕ·-

1840 3467 1951 3513 10;.
1983 3451 2094 3520 Οὐχ
2122 3451 2282 3521 ὁρᾶτε
2311 3449 2406 3502 καὶ
2435 3446 2693 3510 ἐνταῦθα,
2715 3447 2799 3500 ὅτι
2822 3447 2946 3508 106;
2981 3444 3215 3515 μάλιστα
3242 3460 3415 3513 τιμωι

1845 3543 2037 3612 μένους
2065 3544 2158 3596 καὶ
2184 3542 2293 3595 τῶν
2321 3539 2568 3609 ἀθλητῶν
2613 3539 2707 3591 καὶ
2752 3537 3002 3608 ἡνιόχων,
3032 3536 3091 3588 ού
3120 3533 3415 3602 στεφανοῦ-

1845 3651 1929 3688 σιν
1977 3632 2126 3705 [293]
2175 3634 2234 3687 ἐν
2272 3632 2351 3703 τῷ
2394 3630 2594 3702 σταδίῳ
2620 3631 2792 3694 κάτω,
2817 3628 2932 3684 ἀλλ’
2963 3629 3075 3683 ἄνω
3121 3626 3356 3686 καλέσας
3386 3626 3417 3677 6

1846 3726 2098 3797 βασιλεὺς
2127 3728 2243 3779 ἐκεῖ
2271 3726 2557 3794 στεφανοῖ;
2606 3721 2765 3775 Οὕτω
2801 3722 2895 3774 καὶ
2926 3717 3179 3783 ἐνταῦθα,
3205 3719 3285 3781 είς
3324 3716 3417 3770 τὸν

1844 3818 2071 3890 οὐρανὸν
2121 3817 2418 3889 λαμϐάνεις
2445 3816 2507 3868 16
2550 3812 2995 3885 βραϐεῖον.“’οσοι
3034 3806 3149 3866 οὖν
3178 3808 3417 3872 τέλειοι,

1848 3912 2003 3983 φησὶ,
2024 3910 2199 3965 τοῦτο
2221 3908 2561 3980 φρονῶμεν·
2594 3906 2693 3961 καί
2722 3906 2779 3959 ετ
2807 3921 2863 3958 τι
2892 3902 3102 3972 ἑτέρως
3125 3901 3419 3971 φρονεῖτε,

1849 4004 1949 4057 καί
1975 4003 2149 4057 τοῦτο
2188 4005 2220 4056 ὸ
2249 4001 2393 4067 Θεὸς
2426 3999 2571 4071 ὑμῖν
2604 3997 3004 4065 ἀποκαλύψει.
3036 3995 3192 4047 Ποῖον
3223 3992 3419 4059 10610;

1850 4095 1944 4160 T6,
1973 4096 2053 4148 ὅτι
2102 4096 2184 4148 δεῖ
2229 4093 2338 4147 τῶν
2371 4090 2595 4145 ὄπισθεν
2640 4086 3124 4142 ἐπιλανθάνεσθαι·
3160 4084 3300 4137 ὥστε
3333 4101 3421 4136 τεο

1850 4187 1993 4240 λείου
2021 4186 2083 4240 16
2112 4186 2187 4258 μὴ
2214 4184 2454 4255 νομίζειν
2475 4182 2664 4236 ἐαυτὸν
2691 4181 2893 4234 τέλειον
2919 4174 3077 4235 εἶναι.
3098 4176 3222 4239 Πῶς
3242 4174 3423 4228 τοίνυν

1856 4278 2234 4349 λέγεις,”οσοι
2266 4276 2521 4341 τέλειοι;
2559 4274 2679 4327 είπέ
2709 4274 2817 4342 γάρ
2854 4289 2964 4343 μοι,
2994 4269 3148 4323 τοῦτο
3194 4266 3423 4337 φρονοῦ-

1856 4389 1955 4442 μεν
1980 4371 2009 4424 6
2040 4371 2102 4424 σὺ
2129 4370 2374 4441 φρονεῖς;
2404 4368 2466 4420 Et
2503 4366 2611 4437 γὰρ
2640 4366 2713 4435 μὴ
2745 4364 2953 4428 έλαϐες,
2985 4360 3116 4433 μηδὲ
3147 4358 3426 4411 τετελείω-

1857 4481 1968 4526 σαι,
2000 4462 2118 4525 πῶς
2136 4462 2262 4524 τοὺς
2287 4460 2528 4522 τελείους
2550 4456 2708 4511 τοῦτο
2738 4454 2978 4516 κελεύεις
3010 4454 3247 4522 φρονεῖν,
3269 4449 3298 4502 ὃ
3332 4450 3427 4504 καὶ

1854 4555 2016 4619 αὐτὸς
2046 4555 2262 4624 φρονεῖς
2307 4550 2517 4604 οὐδέπω
2561 4548 2766 4609 τέλειος
2809 4546 2917 4612 ὢν;
2950 4543 3118 4598 Τοῦτο
3148 4543 3257 4613 γάρ
3286 4544 3426 4607 ἐστι,

1858 4648 2013 4718 φησὶ,
2051 4643 2325 4713 τελειότης
2352 4659 2368 4709 ;
2399 4640 2508 4696 Kal
2554 4639 2609 4694 εί
2652 4656 2707 4692 τι
2744 4638 2955 4705 ἑτέρως
2988 4635 3294 4705 φρονεῖτε,
3328 4634 3425 4688 καί

1858 4738 2033 4792 τοῦτο
2057 4739 2090 4792 ὀ
2111 4734 2254 4801 Θεὸς
2278 4733 2418 4804 ὑμῖν
2435 4730 2834 4797 ἀποκαλύψει.
2853 4728 3162 4793 Τουτέστιν,
3187 4727 3249 4779 Εἰ
3264 4725 3321 4778 δέ
3344 4742 3433 4791 τις

1860 4830 2070 4902 νομίζει
2100 4828 2161 4882 τὸ
2189 4828 2298 4880 πᾶν
2328 4823 2770 4895 κατωρθωκέναι.
2787 4819 3170 4888 Ἀσφαλίζεται
3192 4816 3387 4881 αύτούς
3407 4832 3427 4849 ο

1862 4923 1978 4978 ἀλλ’
2005 4924 2106 4975 οὐκ
2150 4916 2303 4973 εἶπεν
2348 4918 2543 4980 οὕτως,
2573 4914 2708 4968 ἀλλά
2753 4912 2805 4966 τί
2831 4929 2844 4944 ·
2881 4912 2992 4966 Καὶ
3034 4911 3089 4965 εῖ
3132 4928 3186 4964 τι
3217 4908 3433 4977 ἑτέρως

1861 5014 2151 5086 φρονεῖτε,
2180 5011 2281 5066 καί
2325 5009 2502 5065 τοῦτο
2550 5009 2583 5061 ό
2638 5005 2781 5072 Θεὸς
2830 5004 2976 5073 ὑμῖν
3028 5003 3429 5070 ἀποκαλύψει.

1866 5110 2006 5179 Ὅρα
2031 5106 2146 5169 πῶς
2176 5100 2617 5172 συνεσταλμένως
2646 5097 2803 5152 10616
2831 5096 3090 5168 φησιν·”0
3115 5095 3249 5158 Θεὸς
3288 5094 3433 5162 ὑμᾶς

1864 5202 2083 5267 διδάξει·
2109 5197 2405 5261 τουτέστιν,
2448 5196 2506 5248 '0
2535 5192 2665 5257 Θεὸς
2694 5193 2837 5263 ὑμᾶς
2863 5188 3060 5253 πείσει,
3090 5187 3211 5256 ούχὶ
3232 5186 3433 5249 διδάξει

1867 5295 2051 5357 ἁπλῶς
2074 5309 2088 5324 ·
2118 5292 2361 5345 ἐδίδασκε
2398 5288 2494 5359 μὲν
2527 5286 2636 5357 γὰρ
2668 5287 2697 5338 6
2738 5281 2966 5346 Παῦλος,
2993 5279 3108 5333 ἀλλ’
3137 5281 3166 5332 6
3196 5278 3326 5337 Θεὸς
3351 5278 3433 5328 ἐνη

1866 5390 1986 5458 ἦγε.
2009 5386 2119 5441 Καὶ
2144 5384 2245 5437 ούκ
2274 5379 2449 5442 εἶπεν,
2466 5379 2697 5441 Ἐνάξει,
2723 5374 2859 5439 ἀλλ’,
2891 5369 3436 5458 Ἀποκαλύψειὶῖνα

1868 5453 1993 5543 δόξῃ
2020 5470 2215 5542 μᾶλλον
2245 5466 2463 5535 ἀγνοίας
2493 5460 2629 5516 εἶναι
2660 5461 2720 5513 16
2746 5460 2995 5530 πρᾶγμα.
3030 5458 3102 5509 Ού
3150 5454 3277 5525 περὶ
3315 5453 3437 5521 δογ-

1873 5565 2057 5636 μάτων
2098 5561 2272 5615 ταῦτα
2307 5560 2540 5630 εἴρηται,
2573 5555 2707 5610 άλλά
2758 5553 2884 5623 περὶ
2922 5551 3037 5622 βίου
3083 5548 3435 5619 τελειότητος,

1872 5657 1965 5711 καὶ
2002 5652 2095 5708 τοῦ
2133 5653 2208 5726 μὴ
2236 5654 2475 5724 νομίζειν
2508 5650 2735 5712 ἑαυτοὺς
2761 5647 2996 5709 τελείους
3024 5640 3180 5698 εἶναι.
3198 5643 3287 5706 Ὧς
3311 5643 3339 5696 ὃ
3370 5658 3437 5711 γε

1934 5775 1950 5798 ¹
1970 5775 2052 5824 Sic
2066 5773 2287 5829 Coislin..
2316 5778 2369 5822 et
2400 5774 2467 5822 ita
2494 5767 2623 5833 lcgig
2664 5766 2931 5829 intemres,
2955 5772 3011 5817 ut.
3052 5768 3213 5818 series
3254 5770 3427 5829 postn-

1876 5840 1979 5887 lare
2008 5836 2217 5887 videtur.
2256 5833 2404 5895 Editi,
2427 5838 2484 5897 τῇ
2511 5830 2749 5895 βᾶρύτητι.
