  <div class='ocr_page' id='page_1' title='image "/cluster/home/n/w/nwhite01/storage/ocr_20150623/62/hvd.32044019207836/279.png"; bbox 0 0 3898 6498; ppageno 0'>
   <div class='ocr_carea' id='block_1_1' title="bbox 478 518 2045 593">
    <p class='ocr_par' dir='ltr' id='par_1_1' title="bbox 478 518 2045 593">
     <span class='ocr_line' id='line_1_1' title="bbox 478 518 2045 593; baseline 0.005 -22"><span class='ocrx_word' id='word_1_1' title='bbox 478 519 712 587; x_wconf 76' lang='grc' dir='ltr'><em>νομίζων</em></span> <span class='ocrx_word' id='word_1_2' title='bbox 739 518 799 572; x_wconf 77' lang='grc' dir='ltr'><em>τὸ</em></span> <span class='ocrx_word' id='word_1_3' title='bbox 834 520 940 573; x_wconf 84' lang='grc' dir='ltr'><em>πᾶν</em></span> <span class='ocrx_word' id='word_1_4' title='bbox 978 520 1391 590; x_wconf 84' lang='grc' dir='ltr'><em>κατειληφέναι,</em></span> <span class='ocrx_word' id='word_1_5' title='bbox 1420 522 1569 576; x_wconf 78' lang='grc' dir='ltr'><em>οὐδὲν</em></span> <span class='ocrx_word' id='word_1_6' title='bbox 1593 523 1725 593; x_wconf 79' lang='grc' dir='ltr'><em>ἔχει.</em></span> <span class='ocrx_word' id='word_1_7' title='bbox 1756 524 1931 593; x_wconf 71' lang='grc' dir='ltr'><em>Πλὴν</em></span> <span class='ocrx_word' id='word_1_8' title='bbox 1957 525 2045 591; x_wconf 79' lang='grc' dir='ltr'><em>εἰς</em></span> 
     </span>
    </p>
   </div>
   <div class='ocr_carea' id='block_1_2' title="bbox 478 610 2048 683">
    <p class='ocr_par' dir='ltr' id='par_1_2' title="bbox 478 610 2048 683">
     <span class='ocr_line' id='line_1_2' title="bbox 478 610 2048 683; baseline 0.005 -20"><span class='ocrx_word' id='word_1_9' title='bbox 478 610 510 663; x_wconf 81' lang='grc' dir='ltr'>ὃ</span> <span class='ocrx_word' id='word_1_10' title='bbox 538 611 898 679; x_wconf 60' lang='grc' dir='ltr'><em>ἐφθάσαμεν,</em></span> <span class='ocrx_word' id='word_1_11' title='bbox 931 610 1027 676; x_wconf 74' lang='grc' dir='ltr'><em>τῷ·</em></span> <span class='ocrx_word' id='word_1_12' title='bbox 1051 610 1211 678; x_wconf 84' lang='grc' dir='ltr'><em>αὐτῷ</em></span> <span class='ocrx_word' id='word_1_13' title='bbox 1251 614 1519 683; x_wconf 79' lang='grc' dir='ltr'><em>στοιχεῖν</em></span> <span class='ocrx_word' id='word_1_14' title='bbox 1556 617 1785 683; x_wconf 81' lang='grc' dir='ltr'><em>κανόνι,</em></span> <span class='ocrx_word' id='word_1_15' title='bbox 1810 617 1875 671; x_wconf 84' lang='grc' dir='ltr'><em>τὸ</em></span> <span class='ocrx_word' id='word_1_16' title='bbox 1904 615 2048 672; x_wconf 83' lang='grc' dir='ltr'><em>αὐτὸ</em></span> 
     </span>
    </p>
   </div>
   <div class='ocr_carea' id='block_1_3' title="bbox 476 702 2048 777">
    <p class='ocr_par' dir='ltr' id='par_1_3' title="bbox 476 702 2048 777">
     <span class='ocr_line' id='line_1_3' title="bbox 476 702 2048 777; baseline 0.004 -21"><span class='ocrx_word' id='word_1_17' title='bbox 476 702 740 770; x_wconf 61' lang='grc' dir='ltr'><em>φρονεῖν.</em></span> <span class='ocrx_word' id='word_1_18' title='bbox 791 703 963 770; x_wconf 79' lang='grc' dir='ltr'><em>Πλὴν</em></span> <span class='ocrx_word' id='word_1_19' title='bbox 1006 705 1092 770; x_wconf 84' lang='grc' dir='ltr'><em>είς</em></span> <span class='ocrx_word' id='word_1_20' title='bbox 1120 704 1153 758; x_wconf 79' lang='grc' dir='ltr'><strong><em>ὃ</em></strong></span> <span class='ocrx_word' id='word_1_21' title='bbox 1182 707 1549 777; x_wconf 73' lang='grc' dir='ltr'><em>ἐφθάσαμεν,</em></span> <span class='ocrx_word' id='word_1_22' title='bbox 1601 709 1654 761; x_wconf 89' lang='grc' dir='ltr'><em>τί</em></span> <span class='ocrx_word' id='word_1_23' title='bbox 1705 709 1857 775; x_wconf 89' lang='grc' dir='ltr'><em>ἐστι;</em></span> <span class='ocrx_word' id='word_1_24' title='bbox 1899 709 2048 773; x_wconf 85' lang='grc' dir='ltr'><em>Τέως</em></span> 
     </span>
    </p>
   </div>
   <div class='ocr_carea' id='block_1_4' title="bbox 476 794 2046 872">
    <p class='ocr_par' dir='ltr' id='par_1_4' title="bbox 476 794 2046 872">
     <span class='ocr_line' id='line_1_4' title="bbox 476 794 2046 872; baseline 0.008 -28"><span class='ocrx_word' id='word_1_25' title='bbox 476 796 660 865; x_wconf 77' lang='grc' dir='ltr'><em>φησὶν,</em></span> <span class='ocrx_word' id='word_1_26' title='bbox 682 794 710 846; x_wconf 85' lang='grc' dir='ltr'><strong>ὃ</strong></span> <span class='ocrx_word' id='word_1_27' title='bbox 736 794 1200 868; x_wconf 87' lang='grc' dir='ltr'><em>κατωρθώσαμεν,</em></span> <span class='ocrx_word' id='word_1_28' title='bbox 1232 799 1571 870; x_wconf 80' lang='grc' dir='ltr'><em>κατέχωμεν,</em></span> <span class='ocrx_word' id='word_1_29' title='bbox 1594 801 1655 854; x_wconf 89' lang='grc' dir='ltr'><em>τὸ</em></span> <span class='ocrx_word' id='word_1_30' title='bbox 1681 802 1779 872; x_wconf 85' lang='grc' dir='ltr'><em>τῆς</em></span> <span class='ocrx_word' id='word_1_31' title='bbox 1804 801 2046 871; x_wconf 82' lang='grc' dir='ltr'><em>ἀγάπης,</em></span> 
     </span>
    </p>
   </div>
   <div class='ocr_carea' id='block_1_5' title="bbox 474 884 2047 964">
    <p class='ocr_par' dir='ltr' id='par_1_5' title="bbox 474 884 2047 964">
     <span class='ocr_line' id='line_1_5' title="bbox 474 884 2047 964; baseline 0.006 -29"><span class='ocrx_word' id='word_1_32' title='bbox 474 884 535 936; x_wconf 85' lang='grc' dir='ltr'><em>τὺ</em></span> <span class='ocrx_word' id='word_1_33' title='bbox 581 889 679 956; x_wconf 88' lang='grc' dir='ltr'><em>τῆς</em></span> <span class='ocrx_word' id='word_1_34' title='bbox 723 888 996 956; x_wconf 84' lang='grc' dir='ltr'><em>ὁμονοίας.</em></span> <span class='ocrx_word' id='word_1_35' title='bbox 1023 890 1085 945; x_wconf 81' lang='grc' dir='ltr'><em>τὸ</em></span> <span class='ocrx_word' id='word_1_36' title='bbox 1118 891 1215 961; x_wconf 85' lang='grc' dir='ltr'><em>τῆς</em></span> <span class='ocrx_word' id='word_1_37' title='bbox 1263 894 1519 963; x_wconf 82' lang='grc' dir='ltr'><em>εἰρήνης·</em></span> <span class='ocrx_word' id='word_1_38' title='bbox 1568 893 1725 946; x_wconf 82' lang='grc' dir='ltr'><em>τοῦτο</em></span> <span class='ocrx_word' id='word_1_39' title='bbox 1751 895 1882 964; x_wconf 75' lang='grc' dir='ltr'><em>ἡμῖν</em></span> <span class='ocrx_word' id='word_1_40' title='bbox 1914 909 2047 947; x_wconf 86' lang='grc' dir='ltr'><em>κατ-</em></span> 
     </span>
    </p>
   </div>
   <div class='ocr_carea' id='block_1_6' title="bbox 475 976 2048 1059">
    <p class='ocr_par' dir='ltr' id='par_1_6' title="bbox 475 976 2048 1059">
     <span class='ocr_line' id='line_1_6' title="bbox 475 976 2048 1059; baseline 0.008 -32"><span class='ocrx_word' id='word_1_41' title='bbox 475 976 745 1047; x_wconf 88' lang='grc' dir='ltr'><em>ώρθωται.</em></span> <span class='ocrx_word' id='word_1_42' title='bbox 791 982 894 1045; x_wconf 83' lang='grc' dir='ltr'><em>Εὶς</em></span> <span class='ocrx_word' id='word_1_43' title='bbox 941 980 974 1033; x_wconf 86' lang='lat'><em>6</em></span> <span class='ocrx_word' id='word_1_44' title='bbox 1028 983 1396 1052; x_wconf 69' lang='grc' dir='ltr'><em>ἐφθάσαμεν,</em></span> <span class='ocrx_word' id='word_1_45' title='bbox 1446 984 1527 1050; x_wconf 83' lang='grc' dir='ltr'><em>τῷ</em></span> <span class='ocrx_word' id='word_1_46' title='bbox 1579 985 1740 1050; x_wconf 84' lang='grc' dir='ltr'><em>αὐτῷ</em></span> <span class='ocrx_word' id='word_1_47' title='bbox 1780 986 2048 1059; x_wconf 81' lang='grc' dir='ltr'><em>στοιχεῖν</em></span> 
     </span>
    </p>
   </div>
   <div class='ocr_carea' id='block_1_7' title="bbox 474 1070 2047 1146">
    <p class='ocr_par' dir='ltr' id='par_1_7' title="bbox 474 1070 2047 1146">
     <span class='ocr_line' id='line_1_7' title="bbox 474 1070 2047 1146; baseline 0.006 -24"><span class='ocrx_word' id='word_1_48' title='bbox 474 1070 704 1132; x_wconf 80' lang='grc' dir='ltr'><em>κανόνι,</em></span> <span class='ocrx_word' id='word_1_49' title='bbox 734 1072 798 1124; x_wconf 85' lang='grc' dir='ltr'><em>τὸ</em></span> <span class='ocrx_word' id='word_1_50' title='bbox 826 1072 973 1126; x_wconf 85' lang='grc' dir='ltr'><em>αὐτό</em></span> <span class='ocrx_word' id='word_1_51' title='bbox 1002 1075 1264 1141; x_wconf 73' lang='grc' dir='ltr'><em>φρονεῖν.</em></span> <span class='ocrx_word' id='word_1_52' title='bbox 1295 1078 1396 1142; x_wconf 81' lang='grc' dir='ltr'><em>Εἰς</em></span> <span class='ocrx_word' id='word_1_53' title='bbox 1421 1076 1452 1130; x_wconf 84' lang='grc' dir='ltr'><em>δ</em></span> <span class='ocrx_word' id='word_1_54' title='bbox 1485 1076 1863 1146; x_wconf 67' lang='grc' dir='ltr'><em>ἐφθάσαμεν·</em></span> <span class='ocrx_word' id='word_1_55' title='bbox 1893 1095 2047 1131; x_wconf 89' lang='grc' dir='ltr'><em>τουτ-</em></span> 
     </span>
    </p>
   </div>
   <div class='ocr_carea' id='block_1_8' title="bbox 474 1161 2044 1239">
    <p class='ocr_par' dir='ltr' id='par_1_8' title="bbox 474 1161 2044 1239">
     <span class='ocr_line' id='line_1_8' title="bbox 474 1161 2044 1239; baseline 0.005 -26"><span class='ocrx_word' id='word_1_56' title='bbox 474 1161 795 1224; x_wconf 86' lang='grc' dir='ltr'><em>έστι,Τοῦτο</em></span> <span class='ocrx_word' id='word_1_57' title='bbox 822 1164 954 1234; x_wconf 78' lang='grc' dir='ltr'><em>ἡμῖν</em></span> <span class='ocrx_word' id='word_1_58' title='bbox 980 1166 1080 1235; x_wconf 69' lang='grc' dir='ltr'><em>ἤδη</em></span> <span class='ocrx_word' id='word_1_59' title='bbox 1109 1167 1488 1237; x_wconf 85' lang='grc' dir='ltr'><em>κατώρθωται.</em></span> <span class='ocrx_word' id='word_1_60' title='bbox 1507 1169 1670 1239; x_wconf 82' lang='grc' dir='ltr'><em>Ὁρᾷς</em></span> <span class='ocrx_word' id='word_1_61' title='bbox 1694 1170 1777 1222; x_wconf 88' lang='grc' dir='ltr'><em>ὃτι</em></span> <span class='ocrx_word' id='word_1_62' title='bbox 1807 1170 2044 1223; x_wconf 77' lang='grc' dir='ltr'><em>κανόνα·</em></span> 
     </span>
    </p>
   </div>
   <div class='ocr_carea' id='block_1_9' title="bbox 475 1253 2044 1331">
    <p class='ocr_par' dir='ltr' id='par_1_9' title="bbox 475 1253 2044 1331">
     <span class='ocr_line' id='line_1_9' title="bbox 475 1253 2044 1331; baseline 0.005 -25"><span class='ocrx_word' id='word_1_63' title='bbox 475 1254 722 1324; x_wconf 78' lang='grc' dir='ltr'><em>βούλεται</em></span> <span class='ocrx_word' id='word_1_64' title='bbox 769 1253 909 1310; x_wconf 74' lang='grc' dir='ltr'><em>εἶναι</em></span> <span class='ocrx_word' id='word_1_65' title='bbox 950 1258 1020 1311; x_wconf 84' lang='grc' dir='ltr'><em>τὰ</em></span> <span class='ocrx_word' id='word_1_66' title='bbox 1067 1260 1534 1331; x_wconf 73' lang='grc' dir='ltr'><em>παραγγέλματας</em></span> <span class='ocrx_word' id='word_1_67' title='bbox 1594 1262 1654 1313; x_wconf 88' lang='lat'><strong>&#39;0</strong></span> <span class='ocrx_word' id='word_1_68' title='bbox 1697 1261 1878 1315; x_wconf 88' lang='grc' dir='ltr'><em>κανὼν</em></span> <span class='ocrx_word' id='word_1_69' title='bbox 1920 1261 2044 1315; x_wconf 78' lang='grc' dir='ltr'><em>οὔτε</em></span> 
     </span>
    </p>
   </div>
   <div class='ocr_carea' id='block_1_10' title="bbox 473 1347 2045 1427">
    <p class='ocr_par' dir='ltr' id='par_1_10' title="bbox 473 1347 2045 1427">
     <span class='ocr_line' id='line_1_10' title="bbox 473 1347 2045 1427; baseline 0.007 -28"><span class='ocrx_word' id='word_1_70' title='bbox 473 1347 785 1418; x_wconf 77' lang='grc' dir='ltr'><em>πρόσθεσιν,</em></span> <span class='ocrx_word' id='word_1_71' title='bbox 820 1350 940 1406; x_wconf 72' lang='grc' dir='ltr'><em>οὔτε</em></span> <span class='ocrx_word' id='word_1_72' title='bbox 974 1354 1264 1426; x_wconf 76' lang='grc' dir='ltr'><em>ἀφαίρεσιν</em></span> <span class='ocrx_word' id='word_1_73' title='bbox 1313 1357 1547 1427; x_wconf 85' lang='grc' dir='ltr'><em>δέχεται,</em></span> <span class='ocrx_word' id='word_1_74' title='bbox 1582 1357 1705 1410; x_wconf 80' lang='grc' dir='ltr'><em>ἐπεὶ</em></span> <span class='ocrx_word' id='word_1_75' title='bbox 1753 1358 1813 1411; x_wconf 81' lang='grc' dir='ltr'><em>τὸ</em></span> <span class='ocrx_word' id='word_1_76' title='bbox 1863 1358 2045 1413; x_wconf 86' lang='grc' dir='ltr'><em>κανὼν</em></span> 
     </span>
    </p>
   </div>
   <div class='ocr_carea' id='block_1_11' title="bbox 470 1433 2043 1521">
    <p class='ocr_par' dir='ltr' id='par_1_11' title="bbox 470 1433 2043 1521">
     <span class='ocr_line' id='line_1_11' title="bbox 470 1433 2043 1521; baseline 0.008 -31"><span class='ocrx_word' id='word_1_77' title='bbox 470 1433 612 1493; x_wconf 72' lang='grc' dir='ltr'><em>εἶναι</em></span> <span class='ocrx_word' id='word_1_78' title='bbox 660 1442 939 1501; x_wconf 83' lang='grc' dir='ltr'><em>ἀπόλλυσι.</em></span> <span class='ocrx_word' id='word_1_79' title='bbox 980 1446 1064 1514; x_wconf 82' lang='grc' dir='ltr'><em>Τῷ</em></span> <span class='ocrx_word' id='word_1_80' title='bbox 1094 1448 1253 1513; x_wconf 85' lang='grc' dir='ltr'><em>αὐτῷ</em></span> <span class='ocrx_word' id='word_1_81' title='bbox 1281 1451 1519 1503; x_wconf 82' lang='grc' dir='ltr'><em>κανόνι·</em></span> <span class='ocrx_word' id='word_1_82' title='bbox 1550 1450 1793 1503; x_wconf 81' lang='grc' dir='ltr'><em>τουτέστι</em></span> <span class='ocrx_word' id='word_1_83' title='bbox 1819 1452 1883 1521; x_wconf 76' lang='grc' dir='ltr'><em>τῇ</em></span> <span class='ocrx_word' id='word_1_84' title='bbox 1907 1450 2043 1521; x_wconf 77' lang='grc' dir='ltr'><em>αὐτῇ</em></span> 
     </span>
    </p>
   </div>
   <div class='ocr_carea' id='block_1_12' title="bbox 476 1534 2044 1610">
    <p class='ocr_par' dir='ltr' id='par_1_12' title="bbox 476 1534 2044 1610">
     <span class='ocr_line' id='line_1_12' title="bbox 476 1534 2044 1610; baseline 0.007 -26"><span class='ocrx_word' id='word_1_85' title='bbox 476 1534 681 1597; x_wconf 70' lang='grc' dir='ltr'><em>πίστεις</em></span> <span class='ocrx_word' id='word_1_86' title='bbox 712 1537 789 1607; x_wconf 79' lang='grc' dir='ltr'><em>τῷ</em></span> <span class='ocrx_word' id='word_1_87' title='bbox 814 1538 962 1607; x_wconf 81' lang='grc' dir='ltr'><em>αὺτῷ</em></span> <span class='ocrx_word' id='word_1_88' title='bbox 988 1539 1117 1610; x_wconf 84' lang='grc' dir='ltr'><em>ὅρῳ.</em></span> <span class='ocrx_word' id='word_1_89' title='bbox 1149 1543 1408 1609; x_wconf 63' lang='lat' dir='ltr'><em>Mummi</em></span> <span class='ocrx_word' id='word_1_90' title='bbox 1429 1559 1546 1610; x_wconf 77' lang='grc' dir='ltr'><em>μου</em></span> <span class='ocrx_word' id='word_1_91' title='bbox 1576 1543 1833 1610; x_wconf 76' lang='grc' dir='ltr'><em>γίνεσθε,</em></span> <span class='ocrx_word' id='word_1_92' title='bbox 1868 1542 2044 1596; x_wconf 78' lang='grc' dir='ltr'><em>ἀδελ-</em></span> 
     </span>
    </p>
   </div>
   <div class='ocr_carea' id='block_1_13' title="bbox 473 1625 2046 1701">
    <p class='ocr_par' dir='ltr' id='par_1_13' title="bbox 473 1625 2046 1701">
     <span class='ocr_line' id='line_1_13' title="bbox 473 1625 2046 1701; baseline 0.007 -24"><span class='ocrx_word' id='word_1_93' title='bbox 473 1625 595 1693; x_wconf 64' lang='grc' dir='ltr'><em>φοί,</em></span> <span class='ocrx_word' id='word_1_94' title='bbox 622 1627 718 1680; x_wconf 79' lang='grc' dir='ltr'><em>καί</em></span> <span class='ocrx_word' id='word_1_95' title='bbox 752 1631 1033 1685; x_wconf 74' lang='grc' dir='ltr'><em>σκοπεῖτε</em></span> <span class='ocrx_word' id='word_1_96' title='bbox 1056 1633 1194 1698; x_wconf 86' lang='grc' dir='ltr'><em>τοὺς</em></span> <span class='ocrx_word' id='word_1_97' title='bbox 1219 1634 1370 1686; x_wconf 85' lang='grc' dir='ltr'><em>οὕτω</em></span> <span class='ocrx_word' id='word_1_98' title='bbox 1395 1635 1890 1701; x_wconf 79' lang='grc' dir='ltr'><em>περιπατοῦντας,</em></span> <span class='ocrx_word' id='word_1_99' title='bbox 1910 1638 2046 1688; x_wconf 81' lang='grc' dir='ltr'><em>καθ-</em></span> 
     </span>
    </p>
   </div>
   <div class='ocr_carea' id='block_1_14' title="bbox 472 1716 2045 1797">
    <p class='ocr_par' dir='ltr' id='par_1_14' title="bbox 472 1716 2045 1797">
     <span class='ocr_line' id='line_1_14' title="bbox 472 1716 2045 1797; baseline 0.009 -29"><span class='ocrx_word' id='word_1_100' title='bbox 472 1716 554 1784; x_wconf 87' lang='grc' dir='ltr'><em>ὼς</em></span> <span class='ocrx_word' id='word_1_101' title='bbox 602 1718 770 1788; x_wconf 77' lang='grc' dir='ltr'><em>ἔχετε</em></span> <span class='ocrx_word' id='word_1_102' title='bbox 819 1724 1009 1776; x_wconf 83' lang='grc' dir='ltr'><em>τύπον</em></span> <span class='ocrx_word' id='word_1_103' title='bbox 1057 1725 1233 1794; x_wconf 78' lang='grc' dir='ltr'><em>ἡμᾶς.</em></span> <span class='ocrx_word' id='word_1_104' title='bbox 1278 1721 1443 1779; x_wconf 78' lang='grc' dir='ltr'><em>Εἶπεν</em></span> <span class='ocrx_word' id='word_1_105' title='bbox 1478 1728 1752 1797; x_wconf 76' lang='grc' dir='ltr'><em>ἀνωτέρω,</em></span> <span class='ocrx_word' id='word_1_106' title='bbox 1786 1726 2045 1782; x_wconf 73' lang='grc' dir='ltr'><em>Βλέπετε</em></span> 
     </span>
    </p>
   </div>
   <div class='ocr_carea' id='block_1_15' title="bbox 472 1809 2044 1891">
    <p class='ocr_par' dir='ltr' id='par_1_15' title="bbox 472 1809 2044 1891">
     <span class='ocr_line' id='line_1_15' title="bbox 472 1809 2044 1891; baseline 0.006 -29"><span class='ocrx_word' id='word_1_107' title='bbox 472 1809 614 1876; x_wconf 79' lang='grc' dir='ltr'><em>τοὺς</em></span> <span class='ocrx_word' id='word_1_108' title='bbox 660 1813 866 1879; x_wconf 75' lang='grc' dir='ltr'><em>κύνας,</em></span> <span class='ocrx_word' id='word_1_109' title='bbox 899 1816 1183 1887; x_wconf 79' lang='grc' dir='ltr'><em>ἀπήγαγεν</em></span> <span class='ocrx_word' id='word_1_110' title='bbox 1230 1818 1427 1882; x_wconf 76' lang='grc' dir='ltr'><em>αὐτοὺς</em></span> <span class='ocrx_word' id='word_1_111' title='bbox 1475 1820 1727 1873; x_wconf 83' lang='grc' dir='ltr'><em>ἐκείνων·</em></span> <span class='ocrx_word' id='word_1_112' title='bbox 1778 1820 2044 1891; x_wconf 84' lang='grc' dir='ltr'><em>προσάγει</em></span> 
     </span>
    </p>
   </div>
   <div class='ocr_carea' id='block_1_16' title="bbox 471 1901 2045 1982">
    <p class='ocr_par' dir='ltr' id='par_1_16' title="bbox 471 1901 2045 1982">
     <span class='ocr_line' id='line_1_16' title="bbox 471 1901 2045 1982; baseline 0.008 -29"><span class='ocrx_word' id='word_1_113' title='bbox 471 1901 705 1969; x_wconf 81' lang='grc' dir='ltr'><em>τούτοις,</em></span> <span class='ocrx_word' id='word_1_114' title='bbox 738 1906 830 1970; x_wconf 81' lang='grc' dir='ltr'><em>οὓς</em></span> <span class='ocrx_word' id='word_1_115' title='bbox 867 1907 949 1961; x_wconf 89' lang='grc' dir='ltr'><em>δεῖ</em></span> <span class='ocrx_word' id='word_1_116' title='bbox 974 1910 1294 1979; x_wconf 88' lang='grc' dir='ltr'><em>μιμεῖσθαι,</em></span> <span class='ocrx_word' id='word_1_117' title='bbox 1328 1911 1530 1966; x_wconf 89' lang='grc' dir='ltr'><em>λοιπόν.</em></span> <span class='ocrx_word' id='word_1_118' title='bbox 1564 1913 1630 1964; x_wconf 82' lang='grc' dir='ltr'><em>Εἴ</em></span> <span class='ocrx_word' id='word_1_119' title='bbox 1655 1929 1740 1976; x_wconf 89' lang='grc' dir='ltr'><em>τις</em></span> <span class='ocrx_word' id='word_1_120' title='bbox 1773 1914 1920 1982; x_wconf 82' lang='grc' dir='ltr'><em>ἡμᾶς</em></span> <span class='ocrx_word' id='word_1_121' title='bbox 1957 1929 2045 1982; x_wconf 80' lang='grc' dir='ltr'><em>μι-</em></span> 
     </span>
    </p>
   </div>
   <div class='ocr_carea' id='block_1_17' title="bbox 474 1996 2044 2075">
    <p class='ocr_par' dir='ltr' id='par_1_17' title="bbox 474 1996 2044 2075">
     <span class='ocr_line' id='line_1_17' title="bbox 474 1996 2044 2075; baseline 0.007 -29"><span class='ocrx_word' id='word_1_122' title='bbox 474 1996 687 2063; x_wconf 85' lang='grc' dir='ltr'><em>μεῖσθαι</em></span> <span class='ocrx_word' id='word_1_123' title='bbox 736 1998 1003 2068; x_wconf 81' lang='grc' dir='ltr'><em>βούλεται,</em></span> <span class='ocrx_word' id='word_1_124' title='bbox 1037 2003 1220 2071; x_wconf 76' lang='grc' dir='ltr'><em>φησὶν,</em></span> <span class='ocrx_word' id='word_1_125' title='bbox 1256 2004 1311 2056; x_wconf 82' lang='grc' dir='ltr'><em>εί</em></span> <span class='ocrx_word' id='word_1_126' title='bbox 1335 2021 1418 2065; x_wconf 87' lang='grc' dir='ltr'><em>τις</em></span> <span class='ocrx_word' id='word_1_127' title='bbox 1460 2004 1560 2075; x_wconf 80' lang='grc' dir='ltr'><em>τὴν</em></span> <span class='ocrx_word' id='word_1_128' title='bbox 1600 2004 1769 2073; x_wconf 79' lang='grc' dir='ltr'><em>αὐτὴν</em></span> <span class='ocrx_word' id='word_1_129' title='bbox 1810 2004 2044 2074; x_wconf 76' lang='grc' dir='ltr'><em>βαδίζειν</em></span> 
     </span>
    </p>
   </div>
   <div class='ocr_carea' id='block_1_18' title="bbox 470 2086 2040 2169">
    <p class='ocr_par' dir='ltr' id='par_1_18' title="bbox 470 2086 2040 2169">
     <span class='ocr_line' id='line_1_18' title="bbox 470 2086 2040 2169; baseline 0.017 -34"><span class='ocrx_word' id='word_1_130' title='bbox 470 2086 606 2169; x_wconf 68' lang='grc' dir='ltr'><em>ὁδὸν,</em></span> <span class='ocrx_word' id='word_1_131' title='bbox 640 2089 867 2153; x_wconf 87' lang='grc' dir='ltr'><em>ἐκείνοις</em></span> <span class='ocrx_word' id='word_1_132' title='bbox 914 2094 1242 2163; x_wconf 77' lang='grc' dir='ltr'><em>προσέχετε·</em></span> <span class='ocrx_word' id='word_1_133' title='bbox 1292 2095 1338 2146; x_wconf 88' lang='grc' dir='ltr'><em>εἰ</em></span> <span class='ocrx_word' id='word_1_134' title='bbox 1387 2096 1481 2148; x_wconf 78' lang='grc' dir='ltr'><em>καὶ</em></span> <span class='ocrx_word' id='word_1_135' title='bbox 1523 2092 1634 2162; x_wconf 88' lang='grc' dir='ltr'><em>ἐγὼ</em></span> <span class='ocrx_word' id='word_1_136' title='bbox 1683 2095 1757 2165; x_wconf 84' lang='grc' dir='ltr'><em>μὴ</em></span> <span class='ocrx_word' id='word_1_137' title='bbox 1789 2096 2040 2165; x_wconf 76' lang='grc' dir='ltr'><em>πάρειμι,</em></span> 
     </span>
    </p>
   </div>
   <div class='ocr_carea' id='block_1_19' title="bbox 473 2178 2040 2256">
    <p class='ocr_par' dir='ltr' id='par_1_19' title="bbox 473 2178 2040 2256">
     <span class='ocr_line' id='line_1_19' title="bbox 473 2178 2040 2256; baseline 0.006 -27"><span class='ocrx_word' id='word_1_138' title='bbox 473 2178 585 2229; x_wconf 80' lang='grc' dir='ltr'><em>ἀλλ’</em></span> <span class='ocrx_word' id='word_1_139' title='bbox 617 2180 729 2232; x_wconf 84' lang='grc' dir='ltr'><em>ίστε</em></span> <span class='ocrx_word' id='word_1_140' title='bbox 776 2182 875 2252; x_wconf 82' lang='grc' dir='ltr'><em>τῆς</em></span> <span class='ocrx_word' id='word_1_141' title='bbox 924 2184 1066 2254; x_wconf 78' lang='grc' dir='ltr'><em>ἐμῆς</em></span> <span class='ocrx_word' id='word_1_142' title='bbox 1112 2186 1375 2255; x_wconf 82' lang='grc' dir='ltr'><em>βαδίσεως</em></span> <span class='ocrx_word' id='word_1_143' title='bbox 1405 2187 1494 2239; x_wconf 85' lang='grc' dir='ltr'><em>τὸν</em></span> <span class='ocrx_word' id='word_1_144' title='bbox 1522 2186 1742 2256; x_wconf 82' lang='grc' dir='ltr'><em>τρόπον,</em></span> <span class='ocrx_word' id='word_1_145' title='bbox 1771 2188 2040 2253; x_wconf 80' lang='grc' dir='ltr'><em>τουτέστι,</em></span> 
     </span>
    </p>
   </div>
   <div class='ocr_carea' id='block_1_20' title="bbox 468 2270 2043 2350">
    <p class='ocr_par' dir='ltr' id='par_1_20' title="bbox 468 2270 2043 2350">
     <span class='ocr_line' id='line_1_20' title="bbox 468 2270 2043 2350; baseline 0 -18"><span class='ocrx_word' id='word_1_146' title='bbox 468 2270 567 2338; x_wconf 78' lang='grc' dir='ltr'><em>τῆς</em></span> <span class='ocrx_word' id='word_1_147' title='bbox 598 2272 939 2345; x_wconf 76' lang='grc' dir='ltr'><em>ἀναστροφῆς</em></span> <span class='ocrx_word' id='word_1_148' title='bbox 972 2277 1064 2329; x_wconf 81' lang='grc' dir='ltr'><em>τοῦ</em></span> <span class='ocrx_word' id='word_1_149' title='bbox 1098 2277 1233 2346; x_wconf 82' lang='grc' dir='ltr'><em>βίου.</em></span> <span class='ocrx_word' id='word_1_150' title='bbox 1253 2280 1326 2332; x_wconf 82' lang='grc' dir='ltr'><em>Οὐ</em></span> <span class='ocrx_word' id='word_1_151' title='bbox 1351 2281 1457 2349; x_wconf 87' lang='grc' dir='ltr'><em>γάρ</em></span> <span class='ocrx_word' id='word_1_152' title='bbox 1485 2279 1573 2332; x_wconf 83' lang='grc' dir='ltr'><em>διὰ</em></span> <span class='ocrx_word' id='word_1_153' title='bbox 1599 2280 1858 2350; x_wconf 76' lang='grc' dir='ltr'><em>ῥημάτων</em></span> <span class='ocrx_word' id='word_1_154' title='bbox 1885 2279 2043 2350; x_wconf 75' lang='grc' dir='ltr'><em>μόνον</em></span> 
     </span>
    </p>
   </div>
   <div class='ocr_carea' id='block_1_21' title="bbox 467 2362 2042 2442">
    <p class='ocr_par' dir='ltr' id='par_1_21' title="bbox 467 2362 2042 2442">
     <span class='ocr_line' id='line_1_21' title="bbox 467 2362 2042 2442; baseline 0.007 -29"><span class='ocrx_word' id='word_1_155' title='bbox 467 2362 761 2429; x_wconf 80' lang='grc' dir='ltr'><em>ἐδίδασκεν,</em></span> <span class='ocrx_word' id='word_1_156' title='bbox 809 2367 945 2420; x_wconf 87' lang='grc' dir='ltr'><em>ἀλλά</em></span> <span class='ocrx_word' id='word_1_157' title='bbox 987 2369 1080 2422; x_wconf 80' lang='grc' dir='ltr'><em>καὶ</em></span> <span class='ocrx_word' id='word_1_158' title='bbox 1126 2369 1214 2423; x_wconf 82' lang='grc' dir='ltr'><em>διὰ</em></span> <span class='ocrx_word' id='word_1_159' title='bbox 1258 2372 1633 2441; x_wconf 87' lang='grc' dir='ltr'><em>πραγμάτων·</em></span> <span class='ocrx_word' id='word_1_160' title='bbox 1686 2371 1937 2442; x_wconf 87' lang='grc' dir='ltr'><em>καθάπερ</em></span> <span class='ocrx_word' id='word_1_161' title='bbox 1984 2374 2042 2424; x_wconf 86' lang='grc' dir='ltr'><em>ἐν</em></span> 
     </span>
    </p>
   </div>
   <div class='ocr_carea' id='block_1_22' title="bbox 467 2457 2046 2538">
    <p class='ocr_par' dir='ltr' id='par_1_22' title="bbox 467 2457 2046 2538">
     <span class='ocr_line' id='line_1_22' title="bbox 467 2457 2046 2538; baseline 0.004 -27"><span class='ocrx_word' id='word_1_162' title='bbox 467 2457 612 2530; x_wconf 87' lang='grc' dir='ltr'><em>χορῷ</em></span> <span class='ocrx_word' id='word_1_163' title='bbox 645 2461 737 2513; x_wconf 78' lang='grc' dir='ltr'><em>καὶ</em></span> <span class='ocrx_word' id='word_1_164' title='bbox 767 2464 1112 2534; x_wconf 83' lang='grc' dir='ltr'><em>στρατοπέδῳ</em></span> <span class='ocrx_word' id='word_1_165' title='bbox 1139 2464 1231 2517; x_wconf 84' lang='grc' dir='ltr'><em>τὸν</em></span> <span class='ocrx_word' id='word_1_166' title='bbox 1258 2466 1491 2535; x_wconf 77' lang='grc' dir='ltr'><em>χορηγὸν</em></span> <span class='ocrx_word' id='word_1_167' title='bbox 1516 2466 1609 2520; x_wconf 77' lang='grc' dir='ltr'><em>καὶ</em></span> <span class='ocrx_word' id='word_1_168' title='bbox 1638 2466 1943 2538; x_wconf 81' lang='grc' dir='ltr'><em>στρατηγὸν</em></span> <span class='ocrx_word' id='word_1_169' title='bbox 1964 2466 2046 2518; x_wconf 85' lang='grc' dir='ltr'><em>δεῖ</em></span> 
     </span>
    </p>
   </div>
   <div class='ocr_carea' id='block_1_23' title="bbox 469 2553 2037 2631">
    <p class='ocr_par' dir='ltr' id='par_1_23' title="bbox 469 2553 2037 2631">
     <span class='ocr_line' id='line_1_23' title="bbox 469 2553 2037 2631; baseline 0.006 -29"><span class='ocrx_word' id='word_1_170' title='bbox 469 2553 755 2621; x_wconf 80' lang='grc' dir='ltr'><em>μιμεῖσθαι</em></span> <span class='ocrx_word' id='word_1_171' title='bbox 776 2556 899 2619; x_wconf 78' lang='grc' dir='ltr'><em>τοὺς</em></span> <span class='ocrx_word' id='word_1_172' title='bbox 920 2556 1160 2631; x_wconf 80' lang='grc' dir='ltr'><em>λοιποὺς,</em></span> <span class='ocrx_word' id='word_1_173' title='bbox 1190 2558 1281 2611; x_wconf 80' lang='grc' dir='ltr'><em>καὶ</em></span> <span class='ocrx_word' id='word_1_174' title='bbox 1312 2557 1454 2611; x_wconf 80' lang='grc' dir='ltr'><em>οὕτω</em></span> <span class='ocrx_word' id='word_1_175' title='bbox 1480 2557 1716 2628; x_wconf 83' lang='grc' dir='ltr'><em>βαδίζειν</em></span> <span class='ocrx_word' id='word_1_176' title='bbox 1741 2560 2037 2622; x_wconf 81' lang='grc' dir='ltr'><em>εὐτάκτως·</em></span> 
     </span>
    </p>
   </div>
   <div class='ocr_carea' id='block_1_24' title="bbox 466 2641 1748 2727">
    <p class='ocr_par' dir='ltr' id='par_1_24' title="bbox 466 2641 1748 2727">
     <span class='ocr_line' id='line_1_24' title="bbox 466 2641 1748 2727; baseline 0.008 -31"><span class='ocrx_word' id='word_1_177' title='bbox 466 2641 545 2727; x_wconf 71' lang='grc' dir='ltr'><em>ενι</em></span> <span class='ocrx_word' id='word_1_178' title='bbox 578 2646 685 2716; x_wconf 81' lang='grc' dir='ltr'><em>γάρ</em></span> <span class='ocrx_word' id='word_1_179' title='bbox 710 2648 801 2700; x_wconf 72' lang='grc' dir='ltr'><em>καὶ</em></span> <span class='ocrx_word' id='word_1_180' title='bbox 825 2648 932 2701; x_wconf 80' lang='grc' dir='ltr'><em>ἀπὸ</em></span> <span class='ocrx_word' id='word_1_181' title='bbox 960 2649 1200 2713; x_wconf 87' lang='grc' dir='ltr'><em>στάσεως</em></span> <span class='ocrx_word' id='word_1_182' title='bbox 1230 2644 1548 2720; x_wconf 79' lang='grc' dir='ltr'><em>διαλυθῆναί</em></span> <span class='ocrx_word' id='word_1_183' title='bbox 1573 2652 1748 2716; x_wconf 79' lang='grc' dir='ltr'><em>τάξιν.</em></span> 
     </span>
    </p>
   </div>
   <div class='ocr_carea' id='block_1_25' title="bbox 533 2738 2037 2815">
    <p class='ocr_par' dir='ltr' id='par_1_25' title="bbox 533 2738 2037 2815">
     <span class='ocr_line' id='line_1_25' title="bbox 533 2738 2037 2815; baseline 0.003 -25"><span class='ocrx_word' id='word_1_184' title='bbox 533 2744 602 2803; x_wconf 86' lang='grc' dir='ltr'><em>γ’.</em></span> <span class='ocrx_word' id='word_1_185' title='bbox 629 2739 768 2809; x_wconf 78' lang='grc' dir='ltr'><em>’Λρα</em></span> <span class='ocrx_word' id='word_1_186' title='bbox 806 2740 973 2805; x_wconf 80' lang='grc' dir='ltr'><em>τύπος</em></span> <span class='ocrx_word' id='word_1_187' title='bbox 998 2738 1138 2813; x_wconf 83' lang='grc' dir='ltr'><em>ἦσαν</em></span> <span class='ocrx_word' id='word_1_188' title='bbox 1166 2743 1216 2795; x_wconf 85' lang='grc' dir='ltr'><em>οί</em></span> <span class='ocrx_word' id='word_1_189' title='bbox 1249 2743 1561 2809; x_wconf 83' lang='grc' dir='ltr'><em>ἀπόστολοι,</em></span> <span class='ocrx_word' id='word_1_190' title='bbox 1583 2743 1888 2815; x_wconf 83' lang='grc' dir='ltr'><em>ἀρχέτυπόν</em></span> <span class='ocrx_word' id='word_1_191' title='bbox 1915 2761 2037 2796; x_wconf 91' lang='grc' dir='ltr'><em>τινα</em></span> 
     </span>
    </p>
   </div>
   <div class='ocr_carea' id='block_1_26' title="bbox 464 2831 2041 2908">
    <p class='ocr_par' dir='ltr' id='par_1_26' title="bbox 464 2831 2041 2908">
     <span class='ocr_line' id='line_1_26' title="bbox 464 2831 2041 2908; baseline 0.003 -26"><span class='ocrx_word' id='word_1_192' title='bbox 464 2832 649 2885; x_wconf 83' lang='grc' dir='ltr'><em>εἰκόνα</em></span> <span class='ocrx_word' id='word_1_193' title='bbox 669 2831 1039 2898; x_wconf 82' lang='grc' dir='ltr'><em>διασώζοντες.</em></span> <span class='ocrx_word' id='word_1_194' title='bbox 1075 2835 1392 2908; x_wconf 86' lang='grc' dir='ltr'><em>Ἐννοήσατε</em></span> <span class='ocrx_word' id='word_1_195' title='bbox 1426 2836 1541 2899; x_wconf 84' lang='grc' dir='ltr'><em>πῶς</em></span> <span class='ocrx_word' id='word_1_196' title='bbox 1558 2837 1738 2897; x_wconf 81' lang='grc' dir='ltr'><em>αὐτοῖς</em></span> <span class='ocrx_word' id='word_1_197' title='bbox 1758 2836 1785 2887; x_wconf 97' lang='lat'><em>6</em></span> <span class='ocrx_word' id='word_1_198' title='bbox 1807 2835 1919 2905; x_wconf 88' lang='grc' dir='ltr'><em>βίος</em></span> <span class='ocrx_word' id='word_1_199' title='bbox 1938 2836 2041 2887; x_wconf 81' lang='grc' dir='ltr'><em>ἀπ-</em></span> 
     </span>
    </p>
   </div>
   <div class='ocr_carea' id='block_1_27' title="bbox 465 2921 2041 2997">
    <p class='ocr_par' dir='ltr' id='par_1_27' title="bbox 465 2921 2041 2997">
     <span class='ocr_line' id='line_1_27' title="bbox 465 2921 2041 2997; baseline 0.001 -21"><span class='ocrx_word' id='word_1_200' title='bbox 465 2925 840 2996; x_wconf 76' lang='grc' dir='ltr'><em>ηκριϐωμένος</em></span> <span class='ocrx_word' id='word_1_201' title='bbox 855 2921 943 2996; x_wconf 78' lang='grc' dir='ltr'><em>ἦν,</em></span> <span class='ocrx_word' id='word_1_202' title='bbox 958 2926 1032 2990; x_wconf 89' lang='grc' dir='ltr'><em>ώς</em></span> <span class='ocrx_word' id='word_1_203' title='bbox 1045 2926 1346 2997; x_wconf 88' lang='grc' dir='ltr'><em>ἀρχέτυπον</em></span> <span class='ocrx_word' id='word_1_204' title='bbox 1367 2926 1564 2990; x_wconf 80' lang='grc' dir='ltr'><em>αὐτοὺς</em></span> <span class='ocrx_word' id='word_1_205' title='bbox 1586 2927 1679 2980; x_wconf 76' lang='grc' dir='ltr'><em>καὶ</em></span> <span class='ocrx_word' id='word_1_206' title='bbox 1696 2925 2041 2997; x_wconf 82' lang='grc' dir='ltr'><em>παράδειγμα</em></span> 
     </span>
    </p>
   </div>
   <div class='ocr_carea' id='block_1_28' title="bbox 468 3004 2041 3089">
    <p class='ocr_par' dir='ltr' id='par_1_28' title="bbox 468 3004 2041 3089">
     <span class='ocr_line' id='line_1_28' title="bbox 468 3004 2041 3089; baseline 0.001 -21"><span class='ocrx_word' id='word_1_207' title='bbox 468 3014 617 3088; x_wconf 60' lang='grc' dir='ltr'><em>ίὲυιί]</em></span> <span class='ocrx_word' id='word_1_208' title='bbox 648 3004 860 3070; x_wconf 83' lang='grc' dir='ltr'><em>κεῖσθαι</em></span> <span class='ocrx_word' id='word_1_209' title='bbox 909 3017 1003 3070; x_wconf 77' lang='grc' dir='ltr'><em>καὶ</em></span> <span class='ocrx_word' id='word_1_210' title='bbox 1046 3019 1243 3087; x_wconf 85' lang='grc' dir='ltr'><em>νόμους</em></span> <span class='ocrx_word' id='word_1_211' title='bbox 1294 3018 1592 3089; x_wconf 76' lang='grc' dir='ltr'><em>ἐμψύχους.</em></span> <span class='ocrx_word' id='word_1_212' title='bbox 1639 3018 1815 3087; x_wconf 82' lang='grc' dir='ltr'><em>Ἀπερ</em></span> <span class='ocrx_word' id='word_1_213' title='bbox 1839 3018 1945 3087; x_wconf 82' lang='grc' dir='ltr'><em>γάρ</em></span> <span class='ocrx_word' id='word_1_214' title='bbox 1972 3015 2041 3069; x_wconf 90' lang='grc' dir='ltr'><em>τά</em></span> 
     </span>
    </p>
   </div>
   <div class='ocr_carea' id='block_1_29' title="bbox 467 3091 2041 3179">
    <p class='ocr_par' dir='ltr' id='par_1_29' title="bbox 467 3091 2041 3179">
     <span class='ocr_line' id='line_1_29' title="bbox 467 3091 2041 3179; baseline 0 -20"><span class='ocrx_word' id='word_1_215' title='bbox 467 3105 771 3175; x_wconf 82' lang='grc' dir='ltr'><em>γράμματα</em></span> <span class='ocrx_word' id='word_1_216' title='bbox 816 3106 988 3175; x_wconf 81' lang='grc' dir='ltr'><em>ἔλεγε,</em></span> <span class='ocrx_word' id='word_1_217' title='bbox 1039 3108 1211 3161; x_wconf 79' lang='grc' dir='ltr'><em>ταῦτα</em></span> <span class='ocrx_word' id='word_1_218' title='bbox 1260 3108 1348 3163; x_wconf 88' lang='grc' dir='ltr'><em>διά</em></span> <span class='ocrx_word' id='word_1_219' title='bbox 1370 3108 1478 3162; x_wconf 85' lang='grc' dir='ltr'><em>τῶν</em></span> <span class='ocrx_word' id='word_1_220' title='bbox 1505 3091 1844 3179; x_wconf 81' lang='grc' dir='ltr'><em>πραγμάτων</em></span> <span class='ocrx_word' id='word_1_221' title='bbox 1875 3110 2041 3160; x_wconf 80' lang='grc' dir='ltr'><em>πᾶσιν</em></span> 
     </span>
    </p>
   </div>
   <div class='ocr_carea' id='block_1_30' title="bbox 469 3193 2042 3272">
    <p class='ocr_par' dir='ltr' id='par_1_30' title="bbox 469 3193 2042 3272">
     <span class='ocr_line' id='line_1_30' title="bbox 469 3193 2042 3272; baseline 0.001 -22"><span class='ocrx_word' id='word_1_222' title='bbox 469 3198 690 3267; x_wconf 84' lang='grc' dir='ltr'><em>ἐδήλουν</em></span> <span class='ocrx_word' id='word_1_223' title='bbox 731 3193 894 3253; x_wconf 73' lang='grc' dir='ltr'><em>οὗτοι.</em></span> <span class='ocrx_word' id='word_1_224' title='bbox 940 3196 1111 3251; x_wconf 80' lang='grc' dir='ltr'><em>Τοῦτό</em></span> <span class='ocrx_word' id='word_1_225' title='bbox 1135 3200 1251 3252; x_wconf 91' lang='grc' dir='ltr'><em>ἐστι</em></span> <span class='ocrx_word' id='word_1_226' title='bbox 1289 3200 1608 3253; x_wconf 86' lang='grc' dir='ltr'><em>διδασκαλία</em></span> <span class='ocrx_word' id='word_1_227' title='bbox 1632 3199 1827 3272; x_wconf 83' lang='grc' dir='ltr'><em>ἀρίστη</em></span> <span class='ocrx_word' id='word_1_228' title='bbox 1851 3216 1865 3230; x_wconf 89' lang='grc'><em>·</em></span> <span class='ocrx_word' id='word_1_229' title='bbox 1899 3198 2042 3252; x_wconf 79' lang='grc' dir='ltr'><em>οὕτω</em></span> 
     </span>
    </p>
   </div>
   <div class='ocr_carea' id='block_1_31' title="bbox 468 3288 2040 3361">
    <p class='ocr_par' dir='ltr' id='par_1_31' title="bbox 468 3288 2040 3361">
     <span class='ocr_line' id='line_1_31' title="bbox 468 3288 2040 3361; baseline 0.003 -22"><span class='ocrx_word' id='word_1_230' title='bbox 468 3289 559 3341; x_wconf 84' lang='grc' dir='ltr'><em>τὸν</em></span> <span class='ocrx_word' id='word_1_231' title='bbox 608 3288 854 3359; x_wconf 79' lang='grc' dir='ltr'><em>μαθητὴν</em></span> <span class='ocrx_word' id='word_1_232' title='bbox 899 3290 1113 3357; x_wconf 87' lang='grc' dir='ltr'><em>ἐνάγειν</em></span> <span class='ocrx_word' id='word_1_233' title='bbox 1147 3291 1174 3342; x_wconf 93' lang='lat'><em>6</em></span> <span class='ocrx_word' id='word_1_234' title='bbox 1211 3289 1478 3344; x_wconf 79' lang='grc' dir='ltr'><em>διδάσκων</em></span> <span class='ocrx_word' id='word_1_235' title='bbox 1511 3291 1816 3361; x_wconf 78' lang='grc' dir='ltr'><em>δυνήσεται.</em></span> <span class='ocrx_word' id='word_1_236' title='bbox 1854 3292 1950 3343; x_wconf 81' lang='grc' dir='ltr'><em>Ἂν</em></span> <span class='ocrx_word' id='word_1_237' title='bbox 1982 3291 2040 3344; x_wconf 85' lang='grc' dir='ltr'><em>δέ</em></span> 
     </span>
    </p>
   </div>
   <div class='ocr_carea' id='block_1_32' title="bbox 469 3380 2033 3454">
    <p class='ocr_par' dir='ltr' id='par_1_32' title="bbox 469 3380 2033 3454">
     <span class='ocr_line' id='line_1_32' title="bbox 469 3380 2033 3454; baseline 0 -19"><span class='ocrx_word' id='word_1_238' title='bbox 469 3381 632 3442; x_wconf 76' lang='grc' dir='ltr'><em>αὐτὸς</em></span> <span class='ocrx_word' id='word_1_239' title='bbox 661 3381 759 3450; x_wconf 85' lang='grc' dir='ltr'><em>μέν</em></span> <span class='ocrx_word' id='word_1_240' title='bbox 792 3380 923 3453; x_wconf 83' lang='grc' dir='ltr'><em>λέγῃ</em></span> <span class='ocrx_word' id='word_1_241' title='bbox 945 3381 1035 3433; x_wconf 80' lang='grc' dir='ltr'><em>καὶ</em></span> <span class='ocrx_word' id='word_1_242' title='bbox 1058 3381 1342 3453; x_wconf 81' lang='grc' dir='ltr'><em>φιλοσοφῇ,</em></span> <span class='ocrx_word' id='word_1_243' title='bbox 1367 3385 1478 3445; x_wconf 88' lang='grc' dir='ltr'><em>τοῖς</em></span> <span class='ocrx_word' id='word_1_244' title='bbox 1499 3383 1555 3435; x_wconf 85' lang='grc' dir='ltr'><em>δέ</em></span> <span class='ocrx_word' id='word_1_245' title='bbox 1577 3382 1757 3454; x_wconf 86' lang='grc' dir='ltr'><em>ἔργοις</em></span> <span class='ocrx_word' id='word_1_246' title='bbox 1773 3382 2033 3436; x_wconf 84' lang='grc' dir='ltr'><em>τάναντία</em></span> 
     </span>
    </p>
   </div>
   <div class='ocr_carea' id='block_1_33' title="bbox 472 3474 2037 3546">
    <p class='ocr_par' dir='ltr' id='par_1_33' title="bbox 472 3474 2037 3546">
     <span class='ocr_line' id='line_1_33' title="bbox 472 3474 2037 3546; baseline 0 -18"><span class='ocrx_word' id='word_1_247' title='bbox 472 3479 619 3545; x_wconf 83' lang='grc' dir='ltr'><em>ποιῇ,</em></span> <span class='ocrx_word' id='word_1_248' title='bbox 658 3474 809 3527; x_wconf 77' lang='grc' dir='ltr'><em>οὔπω</em></span> <span class='ocrx_word' id='word_1_249' title='bbox 842 3474 1177 3538; x_wconf 85' lang='grc' dir='ltr'><em>διδάσκαλος.</em></span> <span class='ocrx_word' id='word_1_250' title='bbox 1237 3475 1406 3530; x_wconf 82' lang='grc' dir='ltr'><em>Τοῦτο</em></span> <span class='ocrx_word' id='word_1_251' title='bbox 1446 3476 1553 3546; x_wconf 83' lang='grc' dir='ltr'><em>γὰρ</em></span> <span class='ocrx_word' id='word_1_252' title='bbox 1583 3478 1678 3529; x_wconf 82' lang='grc' dir='ltr'><em>καὶ</em></span> <span class='ocrx_word' id='word_1_253' title='bbox 1713 3475 1791 3545; x_wconf 84' lang='grc' dir='ltr'><em>τῷ</em></span> <span class='ocrx_word' id='word_1_254' title='bbox 1826 3476 2037 3546; x_wconf 78' lang='grc' dir='ltr'><em>μαθητῇ</em></span> 
     </span>
    </p>
   </div>
   <div class='ocr_carea' id='block_1_34' title="bbox 472 3567 2040 3640">
    <p class='ocr_par' dir='ltr' id='par_1_34' title="bbox 472 3567 2040 3640">
     <span class='ocr_line' id='line_1_34' title="bbox 472 3567 2040 3640; baseline 0 -18"><span class='ocrx_word' id='word_1_255' title='bbox 472 3569 688 3639; x_wconf 79' lang='grc' dir='ltr'><em>κοῦφον,</em></span> <span class='ocrx_word' id='word_1_256' title='bbox 722 3570 778 3620; x_wconf 89' lang='grc' dir='ltr'><em>ἐν</em></span> <span class='ocrx_word' id='word_1_257' title='bbox 811 3567 990 3638; x_wconf 80' lang='grc' dir='ltr'><em>λόγοις</em></span> <span class='ocrx_word' id='word_1_258' title='bbox 1019 3568 1330 3639; x_wconf 80' lang='grc' dir='ltr'><em>φιλοσοφεῖν</em></span> <span class='ocrx_word' id='word_1_259' title='bbox 1355 3585 1368 3598; x_wconf 91' lang='grc'><em>·</em></span> <span class='ocrx_word' id='word_1_260' title='bbox 1398 3569 1533 3624; x_wconf 90' lang='grc' dir='ltr'><em>ἀλλά</em></span> <span class='ocrx_word' id='word_1_261' title='bbox 1571 3569 1654 3622; x_wconf 86' lang='grc' dir='ltr'><em>δεῖ</em></span> <span class='ocrx_word' id='word_1_262' title='bbox 1683 3569 1781 3640; x_wconf 84' lang='grc' dir='ltr'><em>τῆς</em></span> <span class='ocrx_word' id='word_1_263' title='bbox 1805 3568 1893 3621; x_wconf 84' lang='grc' dir='ltr'><em>διὰ</em></span> <span class='ocrx_word' id='word_1_264' title='bbox 1932 3568 2040 3622; x_wconf 82' lang='grc' dir='ltr'><em>τῶν</em></span> 
     </span>
    </p>
   </div>
   <div class='ocr_carea' id='block_1_35' title="bbox 470 3659 2042 3733">
    <p class='ocr_par' dir='ltr' id='par_1_35' title="bbox 470 3659 2042 3733">
     <span class='ocr_line' id='line_1_35' title="bbox 470 3659 2042 3733; baseline 0 -21"><span class='ocrx_word' id='word_1_265' title='bbox 470 3660 648 3728; x_wconf 80' lang='grc' dir='ltr'><em>ἔργων</em></span> <span class='ocrx_word' id='word_1_266' title='bbox 691 3659 971 3724; x_wconf 85' lang='grc' dir='ltr'><em>νουθεσίας</em></span> <span class='ocrx_word' id='word_1_267' title='bbox 1020 3660 1113 3713; x_wconf 78' lang='grc' dir='ltr'><em>καὶ</em></span> <span class='ocrx_word' id='word_1_268' title='bbox 1158 3661 1257 3731; x_wconf 83' lang='grc' dir='ltr'><em>τῆς</em></span> <span class='ocrx_word' id='word_1_269' title='bbox 1311 3660 1568 3731; x_wconf 82' lang='grc' dir='ltr'><em>ἀγωγῆς·</em></span> <span class='ocrx_word' id='word_1_270' title='bbox 1612 3660 1750 3733; x_wconf 81' lang='grc' dir='ltr'><em>αὕτη</em></span> <span class='ocrx_word' id='word_1_271' title='bbox 1796 3660 1906 3733; x_wconf 86' lang='grc' dir='ltr'><em>γὰρ</em></span> <span class='ocrx_word' id='word_1_272' title='bbox 1948 3662 2042 3713; x_wconf 75' lang='grc' dir='ltr'><em>καὶ</em></span> 
     </span>
    </p>
   </div>
   <div class='ocr_carea' id='block_1_36' title="bbox 470 3750 2041 3825">
    <p class='ocr_par' dir='ltr' id='par_1_36' title="bbox 470 3750 2041 3825">
     <span class='ocr_line' id='line_1_36' title="bbox 470 3750 2041 3825; baseline 0.001 -22"><span class='ocrx_word' id='word_1_273' title='bbox 470 3750 788 3805; x_wconf 82' lang='grc' dir='ltr'><em>διδάσκαλον</em></span> <span class='ocrx_word' id='word_1_274' title='bbox 854 3752 1130 3822; x_wconf 80' lang='grc' dir='ltr'><em>αἰδέσιμον</em></span> <span class='ocrx_word' id='word_1_275' title='bbox 1184 3756 1359 3817; x_wconf 86' lang='grc' dir='ltr'><em>ποιεῖ,</em></span> <span class='ocrx_word' id='word_1_276' title='bbox 1418 3754 1513 3808; x_wconf 76' lang='grc' dir='ltr'><em>καὶ</em></span> <span class='ocrx_word' id='word_1_277' title='bbox 1572 3754 1821 3825; x_wconf 86' lang='grc' dir='ltr'><em>μαθητὴν</em></span> <span class='ocrx_word' id='word_1_278' title='bbox 1873 3754 2041 3807; x_wconf 86' lang='grc' dir='ltr'><em>είκειν</em></span> 
     </span>
    </p>
   </div>
   <div class='ocr_carea' id='block_1_37' title="bbox 474 3842 2039 3918">
    <p class='ocr_par' dir='ltr' id='par_1_37' title="bbox 474 3842 2039 3918">
     <span class='ocr_line' id='line_1_37' title="bbox 474 3842 2039 3918; baseline 0.002 -23"><span class='ocrx_word' id='word_1_279' title='bbox 474 3842 904 3912; x_wconf 82' lang='grc' dir='ltr'><em>παρασκευάζει.</em></span> <span class='ocrx_word' id='word_1_280' title='bbox 951 3844 1101 3910; x_wconf 85' lang='grc' dir='ltr'><em>Πῶς;</em></span> <span class='ocrx_word' id='word_1_281' title='bbox 1142 3845 1310 3898; x_wconf 86' lang='grc' dir='ltr'><em>Ὅταν</em></span> <span class='ocrx_word' id='word_1_282' title='bbox 1354 3845 1451 3914; x_wconf 87' lang='grc' dir='ltr'><em>μὲν</em></span> <span class='ocrx_word' id='word_1_283' title='bbox 1498 3844 1606 3915; x_wconf 81' lang='grc' dir='ltr'><em>γάρ</em></span> <span class='ocrx_word' id='word_1_284' title='bbox 1646 3847 1730 3918; x_wconf 83' lang='grc' dir='ltr'><em>ίδῃ</em></span> <span class='ocrx_word' id='word_1_285' title='bbox 1766 3849 1825 3900; x_wconf 86' lang='grc' dir='ltr'><em>ἐν</em></span> <span class='ocrx_word' id='word_1_286' title='bbox 1859 3846 2039 3915; x_wconf 89' lang='grc' dir='ltr'><em>λόγοις</em></span> 
     </span>
    </p>
   </div>
   <div class='ocr_carea' id='block_1_38' title="bbox 464 3934 2044 4006">
    <p class='ocr_par' dir='ltr' id='par_1_38' title="bbox 464 3934 2044 4006">
     <span class='ocr_line' id='line_1_38' title="bbox 464 3934 2044 4006; baseline 0.001 -18"><span class='ocrx_word' id='word_1_287' title='bbox 464 3934 882 4004; x_wconf 73' lang='grc' dir='ltr'><em>φιλοσοφοῦντα,</em></span> <span class='ocrx_word' id='word_1_288' title='bbox 930 3938 1074 4006; x_wconf 83' lang='grc' dir='ltr'><em>ἐρεῖ,</em></span> <span class='ocrx_word' id='word_1_289' title='bbox 1116 3936 1197 3989; x_wconf 80' lang='grc' dir='ltr'><em>ὅτι</em></span> <span class='ocrx_word' id='word_1_290' title='bbox 1242 3936 1478 3992; x_wconf 76' lang='grc' dir='ltr'><em>ἀδύνατα</em></span> <span class='ocrx_word' id='word_1_291' title='bbox 1528 3937 1821 4001; x_wconf 84' lang='grc' dir='ltr'><em>ἐπέταξεν·</em></span> <span class='ocrx_word' id='word_1_292' title='bbox 1865 3938 1947 3990; x_wconf 83' lang='grc' dir='ltr'><em>ὅτι</em></span> <span class='ocrx_word' id='word_1_293' title='bbox 1985 3937 2044 3990; x_wconf 89' lang='grc' dir='ltr'><em>δέ</em></span> 
     </span>
    </p>
   </div>
   <div class='ocr_carea' id='block_1_39' title="bbox 473 4024 2043 4101">
    <p class='ocr_par' dir='ltr' id='par_1_39' title="bbox 473 4024 2043 4101">
     <span class='ocr_line' id='line_1_39' title="bbox 473 4024 2043 4101; baseline 0.001 -20"><span class='ocrx_word' id='word_1_294' title='bbox 473 4027 731 4090; x_wconf 81' lang='grc' dir='ltr'><em>ἀδύνατα,</em></span> <span class='ocrx_word' id='word_1_295' title='bbox 778 4024 991 4095; x_wconf 86' lang='grc' dir='ltr'><em>πρῶτος</em></span> <span class='ocrx_word' id='word_1_296' title='bbox 1019 4026 1179 4090; x_wconf 77' lang='grc' dir='ltr'><em>αὐτὸς</em></span> <span class='ocrx_word' id='word_1_297' title='bbox 1218 4028 1486 4081; x_wconf 80' lang='grc' dir='ltr'><em>δείκνυσιν</em></span> <span class='ocrx_word' id='word_1_298' title='bbox 1530 4030 1558 4080; x_wconf 90' lang='grc' dir='ltr'>ὁ</span> <span class='ocrx_word' id='word_1_299' title='bbox 1608 4028 1924 4091; x_wconf 86' lang='grc' dir='ltr'><em>διδάσκαλος</em></span> <span class='ocrx_word' id='word_1_300' title='bbox 1968 4030 2043 4101; x_wconf 79' lang='grc' dir='ltr'><em>μὴ</em></span> 
     </span>
    </p>
   </div>
   <div class='ocr_carea' id='block_1_40' title="bbox 460 4118 2043 4192">
    <p class='ocr_par' dir='ltr' id='par_1_40' title="bbox 460 4118 2043 4192">
     <span class='ocr_line' id='line_1_40' title="bbox 460 4118 2043 4192; baseline 0.001 -23"><span class='ocrx_word' id='word_1_301' title='bbox 460 4119 747 4191; x_wconf 75' lang='grc' dir='ltr'><em>πράττων.</em></span> <span class='ocrx_word' id='word_1_302' title='bbox 776 4119 873 4171; x_wconf 79' lang='grc' dir='ltr'><em>’Ἂν</em></span> <span class='ocrx_word' id='word_1_303' title='bbox 897 4119 952 4172; x_wconf 81' lang='grc' dir='ltr'><em>δὲ</em></span> <span class='ocrx_word' id='word_1_304' title='bbox 976 4119 1059 4192; x_wconf 84' lang='grc' dir='ltr'><em>ίόῃ</em></span> <span class='ocrx_word' id='word_1_305' title='bbox 1086 4118 1171 4172; x_wconf 77' lang='grc' dir='ltr'><em>διὰ</em></span> <span class='ocrx_word' id='word_1_306' title='bbox 1193 4119 1304 4171; x_wconf 83' lang='grc' dir='ltr'><em>τῶν</em></span> <span class='ocrx_word' id='word_1_307' title='bbox 1331 4118 1506 4190; x_wconf 80' lang='grc' dir='ltr'><em>ἔργων</em></span> <span class='ocrx_word' id='word_1_308' title='bbox 1538 4118 1637 4190; x_wconf 84' lang='grc' dir='ltr'><em>τὴν</em></span> <span class='ocrx_word' id='word_1_309' title='bbox 1663 4120 1864 4190; x_wconf 85' lang='grc' dir='ltr'><em>ἀρετὴν</em></span> <span class='ocrx_word' id='word_1_310' title='bbox 1893 4136 2043 4173; x_wconf 87' lang='grc' dir='ltr'><em>τετε-</em></span> 
     </span>
    </p>
   </div>
   <div class='ocr_carea' id='block_1_41' title="bbox 472 4206 2045 4280">
    <p class='ocr_par' dir='ltr' id='par_1_41' title="bbox 472 4206 2045 4280">
     <span class='ocr_line' id='line_1_41' title="bbox 472 4206 2045 4280; baseline 0.003 -22"><span class='ocrx_word' id='word_1_311' title='bbox 472 4206 792 4279; x_wconf 82' lang='grc' dir='ltr'><em>λειωμένην,</em></span> <span class='ocrx_word' id='word_1_312' title='bbox 824 4206 923 4261; x_wconf 82' lang='grc' dir='ltr'><em>οὐκ</em></span> <span class='ocrx_word' id='word_1_313' title='bbox 953 4206 1017 4261; x_wconf 87' lang='grc' dir='ltr'><em>ἂν</em></span> <span class='ocrx_word' id='word_1_314' title='bbox 1048 4208 1158 4278; x_wconf 86' lang='grc' dir='ltr'><em>ἔχοι</em></span> <span class='ocrx_word' id='word_1_315' title='bbox 1182 4209 1351 4260; x_wconf 84' lang='grc' dir='ltr'><em>ταῦτα</em></span> <span class='ocrx_word' id='word_1_316' title='bbox 1372 4206 1572 4276; x_wconf 86' lang='grc' dir='ltr'><em>λέγειν.</em></span> <span class='ocrx_word' id='word_1_317' title='bbox 1611 4209 1761 4280; x_wconf 84' lang='grc' dir='ltr'><em>Πλὴν</em></span> <span class='ocrx_word' id='word_1_318' title='bbox 1778 4207 1914 4262; x_wconf 87' lang='grc' dir='ltr'><em>ἀλλά</em></span> <span class='ocrx_word' id='word_1_319' title='bbox 1941 4210 2045 4263; x_wconf 78' lang='grc' dir='ltr'><em>κᾶν</em></span> 
     </span>
    </p>
   </div>
   <div class='ocr_carea' id='block_1_42' title="bbox 470 4294 2046 4375">
    <p class='ocr_par' dir='ltr' id='par_1_42' title="bbox 470 4294 2046 4375">
     <span class='ocr_line' id='line_1_42' title="bbox 470 4294 2046 4375; baseline 0.003 -25"><span class='ocrx_word' id='word_1_320' title='bbox 470 4298 813 4368; x_wconf 72' lang='grc' dir='ltr'><em>ἡμελημένος</em></span> <span class='ocrx_word' id='word_1_321' title='bbox 854 4298 881 4351; x_wconf 72' lang='grc' dir='ltr'><strong>ί</strong></span> <span class='ocrx_word' id='word_1_322' title='bbox 913 4294 1006 4351; x_wconf 81' lang='grc' dir='ltr'><em>τοῦ</em></span> <span class='ocrx_word' id='word_1_323' title='bbox 1045 4298 1361 4353; x_wconf 84' lang='grc' dir='ltr'><em>διδασκάλου</em></span> <span class='ocrx_word' id='word_1_324' title='bbox 1394 4298 1510 4369; x_wconf 88' lang='grc' dir='ltr'><em>βίος</em></span> <span class='ocrx_word' id='word_1_325' title='bbox 1536 4294 1602 4375; x_wconf 83' lang='grc' dir='ltr'><em>ᾖ,</em></span> <span class='ocrx_word' id='word_1_326' title='bbox 1645 4302 1805 4370; x_wconf 78' lang='grc' dir='ltr'><em>ἡμεῖς</em></span> <span class='ocrx_word' id='word_1_327' title='bbox 1832 4302 2046 4365; x_wconf 78' lang='grc' dir='ltr'><em>ἑαυτοῖς</em></span> 
     </span>
    </p>
   </div>
   <div class='ocr_carea' id='block_1_43' title="bbox 474 4388 2042 4461">
    <p class='ocr_par' dir='ltr' id='par_1_43' title="bbox 474 4388 2042 4461">
     <span class='ocr_line' id='line_1_43' title="bbox 474 4388 2042 4461; baseline 0.002 -20"><span class='ocrx_word' id='word_1_328' title='bbox 474 4395 827 4460; x_wconf 75' lang='grc' dir='ltr'><em>προσέχωμεν</em></span> <span class='ocrx_word' id='word_1_329' title='bbox 852 4428 866 4451; x_wconf 93' lang='grc'><em>,</em></span> <span class='ocrx_word' id='word_1_330' title='bbox 890 4388 983 4442; x_wconf 74' lang='grc' dir='ltr'><em>καὶ</em></span> <span class='ocrx_word' id='word_1_331' title='bbox 1013 4389 1299 4459; x_wconf 82' lang='grc' dir='ltr'><em>ἀκούωμεν</em></span> <span class='ocrx_word' id='word_1_332' title='bbox 1331 4393 1426 4446; x_wconf 77' lang='grc' dir='ltr'><em>τοῦ</em></span> <span class='ocrx_word' id='word_1_333' title='bbox 1459 4391 1742 4461; x_wconf 78' lang='grc' dir='ltr'><em>προφήτου</em></span> <span class='ocrx_word' id='word_1_334' title='bbox 1773 4388 2042 4460; x_wconf 85' lang='grc' dir='ltr'><em>λέγοντος,</em></span> 
     </span>
    </p>
   </div>
   <div class='ocr_carea' id='block_1_44' title="bbox 472 4480 2043 4553">
    <p class='ocr_par' dir='ltr' id='par_1_44' title="bbox 472 4480 2043 4553">
     <span class='ocr_line' id='line_1_44' title="bbox 472 4480 2043 4553; baseline 0.001 -19"><span class='ocrx_word' id='word_1_335' title='bbox 472 4481 555 4534; x_wconf 81' lang='grc' dir='ltr'><em>ὅτι</em></span> <span class='ocrx_word' id='word_1_336' title='bbox 577 4482 854 4534; x_wconf 83' lang='grc' dir='ltr'><em>Ἔσονται</em></span> <span class='ocrx_word' id='word_1_337' title='bbox 878 4481 1100 4545; x_wconf 82' lang='grc' dir='ltr'><em>πάντες</em></span> <span class='ocrx_word' id='word_1_338' title='bbox 1141 4480 1411 4535; x_wconf 78' lang='grc' dir='ltr'><em>διδακτοὶ</em></span> <span class='ocrx_word' id='word_1_339' title='bbox 1461 4480 1609 4535; x_wconf 85' lang='grc' dir='ltr'><em>Θεοῦ</em></span> <span class='ocrx_word' id='word_1_340' title='bbox 1633 4497 1646 4511; x_wconf 88' lang='grc'><em>·</em></span> <span class='ocrx_word' id='word_1_341' title='bbox 1686 4483 1802 4546; x_wconf 80' lang='grc' dir='ltr'><em>καὶ,</em></span> <span class='ocrx_word' id='word_1_342' title='bbox 1842 4486 1924 4538; x_wconf 86' lang='grc' dir='ltr'><em>Οὐ</em></span> <span class='ocrx_word' id='word_1_343' title='bbox 1956 4483 2043 4553; x_wconf 79' lang='grc' dir='ltr'><em>μὴ</em></span> 
     </span>
    </p>
   </div>
   <div class='ocr_carea' id='block_1_45' title="bbox 456 4571 2041 4645">
    <p class='ocr_par' dir='ltr' id='par_1_45' title="bbox 456 4571 2041 4645">
     <span class='ocr_line' id='line_1_45' title="bbox 456 4571 2041 4645; baseline 0.005 -22"><span class='ocrx_word' id='word_1_344' title='bbox 456 4571 797 4634; x_wconf 74' lang='grc' dir='ltr'><em>’διδάξωσιν</em></span> <span class='ocrx_word' id='word_1_345' title='bbox 817 4572 1073 4638; x_wconf 77' lang='grc' dir='ltr'><em>ἕκαστος</em></span> <span class='ocrx_word' id='word_1_346' title='bbox 1092 4573 1197 4626; x_wconf 83' lang='grc' dir='ltr'><em>τὸν</em></span> <span class='ocrx_word' id='word_1_347' title='bbox 1217 4572 1480 4641; x_wconf 67' lang='grc' dir='ltr'><em>ἀδελφὸν</em></span> <span class='ocrx_word' id='word_1_348' title='bbox 1508 4573 1715 4640; x_wconf 83' lang='grc' dir='ltr'><em>αὐτοῦ,</em></span> <span class='ocrx_word' id='word_1_349' title='bbox 1739 4574 2041 4645; x_wconf 76' lang='grc' dir='ltr'><em>λέγοντες,</em></span> 
     </span>
    </p>
   </div>
   <div class='ocr_carea' id='block_1_46' title="bbox 448 4660 2045 4736">
    <p class='ocr_par' dir='ltr' id='par_1_46' title="bbox 448 4660 2045 4736">
     <span class='ocr_line' id='line_1_46' title="bbox 448 4660 2045 4736; baseline 0.004 -21"><span class='ocrx_word' id='word_1_350' title='bbox 448 4660 668 4735; x_wconf 4' lang='grc' dir='ltr'><em>,Γνῶθι</em></span> <span class='ocrx_word' id='word_1_351' title='bbox 696 4662 804 4715; x_wconf 84' lang='grc' dir='ltr'><em>τὸν</em></span> <span class='ocrx_word' id='word_1_352' title='bbox 825 4666 1060 4730; x_wconf 84' lang='grc' dir='ltr'><em>Κύριον,</em></span> <span class='ocrx_word' id='word_1_353' title='bbox 1096 4663 1185 4717; x_wconf 87' lang='grc' dir='ltr'><em>ὅτι</em></span> <span class='ocrx_word' id='word_1_354' title='bbox 1222 4665 1438 4731; x_wconf 82' lang='grc' dir='ltr'><em>πάντες</em></span> <span class='ocrx_word' id='word_1_355' title='bbox 1466 4665 1785 4732; x_wconf 82' lang='grc' dir='ltr'><em>είδήσουσί</em></span> <span class='ocrx_word' id='word_1_356' title='bbox 1819 4683 1892 4736; x_wconf 85' lang='grc' dir='ltr'><em>με</em></span> <span class='ocrx_word' id='word_1_357' title='bbox 1926 4667 2045 4722; x_wconf 81' lang='grc' dir='ltr'><em>ἀπὸ</em></span> 
     </span>
    </p>
   </div>
   <div class='ocr_carea' id='block_1_47' title="bbox 469 4753 2047 4833">
    <p class='ocr_par' dir='ltr' id='par_1_47' title="bbox 469 4753 2047 4833">
     <span class='ocr_line' id='line_1_47' title="bbox 469 4753 2047 4833; baseline 0.007 -29"><span class='ocrx_word' id='word_1_358' title='bbox 469 4753 686 4822; x_wconf 80' lang='grc' dir='ltr'><em>μικροῦ</em></span> <span class='ocrx_word' id='word_1_359' title='bbox 736 4754 844 4819; x_wconf 83' lang='grc' dir='ltr'><em>ἕως</em></span> <span class='ocrx_word' id='word_1_360' title='bbox 874 4754 1133 4822; x_wconf 77' lang='grc' dir='ltr'><em>μεγάλου</em></span> <span class='ocrx_word' id='word_1_361' title='bbox 1182 4755 1401 4809; x_wconf 82' lang='grc' dir='ltr'><em>αὐτῶν.</em></span> <span class='ocrx_word' id='word_1_362' title='bbox 1455 4757 1568 4811; x_wconf 83' lang='grc' dir='ltr'><em>Οὐκ</em></span> <span class='ocrx_word' id='word_1_363' title='bbox 1612 4757 1756 4828; x_wconf 80' lang='grc' dir='ltr'><em>ἔχεις</em></span> <span class='ocrx_word' id='word_1_364' title='bbox 1792 4760 2047 4833; x_wconf 78' lang='grc' dir='ltr'><em>ἐνάρετον</em></span> 
     </span>
    </p>
   </div>
   <div class='ocr_carea' id='block_1_48' title="bbox 475 4844 2046 4917">
    <p class='ocr_par' dir='ltr' id='par_1_48' title="bbox 475 4844 2046 4917">
     <span class='ocr_line' id='line_1_48' title="bbox 475 4844 2046 4917; baseline 0.008 -21"><span class='ocrx_word' id='word_1_365' title='bbox 475 4844 827 4909; x_wconf 86' lang='grc' dir='ltr'><em>διδάσκαλον;</em></span> <span class='ocrx_word' id='word_1_366' title='bbox 874 4845 988 4897; x_wconf 85' lang='grc' dir='ltr'><em>ἀλλ’</em></span> <span class='ocrx_word' id='word_1_367' title='bbox 1027 4844 1170 4916; x_wconf 86' lang='grc' dir='ltr'><em>ἐχεις</em></span> <span class='ocrx_word' id='word_1_368' title='bbox 1227 4846 1319 4899; x_wconf 81' lang='grc' dir='ltr'><em>τὸν</em></span> <span class='ocrx_word' id='word_1_369' title='bbox 1379 4848 1547 4913; x_wconf 78' lang='grc' dir='ltr'><em>ὅντως</em></span> <span class='ocrx_word' id='word_1_370' title='bbox 1603 4850 1938 4917; x_wconf 83' lang='grc' dir='ltr'><em>διδάσκαλον,</em></span> <span class='ocrx_word' id='word_1_371' title='bbox 1986 4853 2046 4908; x_wconf 77' lang='grc' dir='ltr'><em>ὃν</em></span> 
     </span>
    </p>
   </div>
   <div class='ocr_carea' id='block_1_49' title="bbox 478 4934 2043 5006">
    <p class='ocr_par' dir='ltr' id='par_1_49' title="bbox 478 4934 2043 5006">
     <span class='ocr_line' id='line_1_49' title="bbox 478 4934 2043 5006; baseline 0.004 -18"><span class='ocrx_word' id='word_1_372' title='bbox 478 4935 572 4988; x_wconf 78' lang='grc' dir='ltr'><em>καὶ</em></span> <span class='ocrx_word' id='word_1_373' title='bbox 645 4934 805 5004; x_wconf 87' lang='grc' dir='ltr'><em>μόνον</em></span> <span class='ocrx_word' id='word_1_374' title='bbox 867 4934 1183 4989; x_wconf 86' lang='grc' dir='ltr'><em>διδάσκαλον</em></span> <span class='ocrx_word' id='word_1_375' title='bbox 1232 4937 1336 5006; x_wconf 85' lang='grc' dir='ltr'><em>χρὴ</em></span> <span class='ocrx_word' id='word_1_376' title='bbox 1398 4937 1618 4990; x_wconf 86' lang='grc' dir='ltr'><em>καλεῖν·</em></span> <span class='ocrx_word' id='word_1_377' title='bbox 1682 4940 1777 4992; x_wconf 89' lang='grc' dir='ltr'><em>ἀπ’</em></span> <span class='ocrx_word' id='word_1_378' title='bbox 1834 4941 2043 4994; x_wconf 86' lang='grc' dir='ltr'><em>ἐκείνου</em></span> 
     </span>
    </p>
   </div>
   <div class='ocr_carea' id='block_1_50' title="bbox 481 5026 2048 5101">
    <p class='ocr_par' dir='ltr' id='par_1_50' title="bbox 481 5026 2048 5101">
     <span class='ocr_line' id='line_1_50' title="bbox 481 5026 2048 5101; baseline 0.004 -21"><span class='ocrx_word' id='word_1_379' title='bbox 481 5026 677 5097; x_wconf 82' lang='grc' dir='ltr'><em>μάθετε</em></span> <span class='ocrx_word' id='word_1_380' title='bbox 697 5044 709 5057; x_wconf 90' lang='grc'><em>·</em></span> <span class='ocrx_word' id='word_1_381' title='bbox 740 5028 946 5090; x_wconf 85' lang='grc' dir='ltr'><em>ἐκεῖνος</em></span> <span class='ocrx_word' id='word_1_382' title='bbox 977 5027 1164 5097; x_wconf 76' lang='grc' dir='ltr'><em>ἔφησε,</em></span> <span class='ocrx_word' id='word_1_383' title='bbox 1181 5028 1407 5082; x_wconf 84' lang='grc' dir='ltr'><em>Μάθετε</em></span> <span class='ocrx_word' id='word_1_384' title='bbox 1428 5030 1528 5083; x_wconf 78' lang='grc' dir='ltr'><em>ἀπ’</em></span> <span class='ocrx_word' id='word_1_385' title='bbox 1549 5031 1714 5099; x_wconf 76' lang='grc' dir='ltr'><em>ἐμοῦ,</em></span> <span class='ocrx_word' id='word_1_386' title='bbox 1740 5032 1830 5085; x_wconf 85' lang='grc' dir='ltr'><em>ὅτι</em></span> <span class='ocrx_word' id='word_1_387' title='bbox 1858 5033 2048 5101; x_wconf 82' lang='grc' dir='ltr'><em>πρᾶός</em></span> 
     </span>
    </p>
   </div>
   <div class='ocr_carea' id='block_1_51' title="bbox 475 5118 2046 5194">
    <p class='ocr_par' dir='ltr' id='par_1_51' title="bbox 475 5118 2046 5194">
     <span class='ocr_line' id='line_1_51' title="bbox 475 5118 2046 5194; baseline 0.004 -23"><span class='ocrx_word' id='word_1_388' title='bbox 475 5121 610 5186; x_wconf 74' lang='grc' dir='ltr'><em>εἰμι.</em></span> <span class='ocrx_word' id='word_1_389' title='bbox 639 5118 729 5189; x_wconf 83' lang='grc' dir='ltr'><em>Μὴ</em></span> <span class='ocrx_word' id='word_1_390' title='bbox 768 5118 831 5187; x_wconf 80' lang='grc' dir='ltr'><em>δὴ</em></span> <span class='ocrx_word' id='word_1_391' title='bbox 869 5119 1101 5189; x_wconf 87' lang='grc' dir='ltr'><em>πρόσεχε</em></span> <span class='ocrx_word' id='word_1_392' title='bbox 1136 5118 1214 5189; x_wconf 84' lang='grc' dir='ltr'><em>τῷ</em></span> <span class='ocrx_word' id='word_1_393' title='bbox 1237 5120 1561 5191; x_wconf 79' lang='grc' dir='ltr'><em>διδασκάλῳ,</em></span> <span class='ocrx_word' id='word_1_394' title='bbox 1594 5122 1707 5175; x_wconf 75' lang='grc' dir='ltr'><em>ἀλλ’</em></span> <span class='ocrx_word' id='word_1_395' title='bbox 1729 5123 1922 5194; x_wconf 82' lang='grc' dir='ltr'><em>ἐκείνῳ</em></span> <span class='ocrx_word' id='word_1_396' title='bbox 1951 5125 2046 5179; x_wconf 79' lang='grc' dir='ltr'><em>καὶ</em></span> 
     </span>
    </p>
   </div>
   <div class='ocr_carea' id='block_1_52' title="bbox 448 5208 2045 5281">
    <p class='ocr_par' dir='ltr' id='par_1_52' title="bbox 448 5208 2045 5281">
     <span class='ocr_line' id='line_1_52' title="bbox 448 5208 2045 5281; baseline 0.005 -20"><span class='ocrx_word' id='word_1_397' title='bbox 448 5212 588 5271; x_wconf 80' lang='grc' dir='ltr'><em>τοῖς</em></span> <span class='ocrx_word' id='word_1_398' title='bbox 632 5209 838 5262; x_wconf 85' lang='grc' dir='ltr'><em>ἐκείνου</em></span> <span class='ocrx_word' id='word_1_399' title='bbox 888 5209 1236 5281; x_wconf 79' lang='grc' dir='ltr'><em>μαθήμασιν·</em></span> <span class='ocrx_word' id='word_1_400' title='bbox 1299 5208 1504 5265; x_wconf 83' lang='grc' dir='ltr'><em>ἐκεῖθεν</em></span> <span class='ocrx_word' id='word_1_401' title='bbox 1548 5213 1678 5266; x_wconf 77' lang='grc' dir='ltr'><em>λάϐε</em></span> <span class='ocrx_word' id='word_1_402' title='bbox 1719 5214 1812 5267; x_wconf 79' lang='grc' dir='ltr'><em>τὸν</em></span> <span class='ocrx_word' id='word_1_403' title='bbox 1838 5215 2045 5269; x_wconf 85' lang='grc' dir='ltr'><em>τύπον·</em></span> 
     </span>
    </p>
   </div>
   <div class='ocr_carea' id='block_1_53' title="bbox 476 5302 2043 5375">
    <p class='ocr_par' dir='ltr' id='par_1_53' title="bbox 476 5302 2043 5375">
     <span class='ocr_line' id='line_1_53' title="bbox 476 5302 2043 5375; baseline 0.006 -21"><span class='ocrx_word' id='word_1_404' title='bbox 476 5302 620 5371; x_wconf 78' lang='grc' dir='ltr'><em>ἔχεις</em></span> <span class='ocrx_word' id='word_1_405' title='bbox 646 5302 829 5355; x_wconf 84' lang='grc' dir='ltr'><em>εἰκόνα</em></span> <span class='ocrx_word' id='word_1_406' title='bbox 858 5303 1085 5373; x_wconf 86' lang='grc' dir='ltr'><em>ἀρίστην</em></span> <span class='ocrx_word' id='word_1_407' title='bbox 1114 5319 1128 5333; x_wconf 92' lang='grc'><em>·</em></span> <span class='ocrx_word' id='word_1_408' title='bbox 1161 5303 1295 5374; x_wconf 64' lang='grc' dir='ltr'><em>πρδς</em></span> <span class='ocrx_word' id='word_1_409' title='bbox 1313 5305 1525 5373; x_wconf 88' lang='grc' dir='ltr'><em>ἐκείνην</em></span> <span class='ocrx_word' id='word_1_410' title='bbox 1547 5305 1807 5375; x_wconf 78' lang='grc' dir='ltr'><em>ρύθμισον</em></span> <span class='ocrx_word' id='word_1_411' title='bbox 1830 5308 2043 5363; x_wconf 88' lang='grc' dir='ltr'><em>σαυτόν.</em></span> 
     </span>
    </p>
   </div>
   <div class='ocr_carea' id='block_1_54' title="bbox 477 5394 2045 5471">
    <p class='ocr_par' dir='ltr' id='par_1_54' title="bbox 477 5394 2045 5471">
     <span class='ocr_line' id='line_1_54' title="bbox 477 5394 2045 5471; baseline 0.004 -22"><span class='ocrx_word' id='word_1_412' title='bbox 477 5394 683 5465; x_wconf 81' lang='grc' dir='ltr'><em>Μυρίαι</em></span> <span class='ocrx_word' id='word_1_413' title='bbox 731 5395 869 5448; x_wconf 74' lang='grc' dir='ltr'><em>εἰσὶν</em></span> <span class='ocrx_word' id='word_1_414' title='bbox 918 5399 973 5449; x_wconf 88' lang='grc' dir='ltr'><em>αί</em></span> <span class='ocrx_word' id='word_1_415' title='bbox 1016 5396 1221 5459; x_wconf 82' lang='grc' dir='ltr'><em>εἰκόνες</em></span> <span class='ocrx_word' id='word_1_416' title='bbox 1264 5399 1322 5449; x_wconf 89' lang='grc' dir='ltr'><em>ἐν</em></span> <span class='ocrx_word' id='word_1_417' title='bbox 1354 5401 1473 5461; x_wconf 85' lang='grc' dir='ltr'><em>ταῖς</em></span> <span class='ocrx_word' id='word_1_418' title='bbox 1519 5400 1762 5468; x_wconf 85' lang='grc' dir='ltr'><em>Γραφαῖς</em></span> <span class='ocrx_word' id='word_1_419' title='bbox 1796 5401 2045 5471; x_wconf 88' lang='grc' dir='ltr'><em>κείμεναι</em></span> 
     </span>
    </p>
   </div>
   <div class='ocr_carea' id='block_1_55' title="bbox 482 5486 2047 5568">
    <p class='ocr_par' dir='ltr' id='par_1_55' title="bbox 482 5486 2047 5568">
     <span class='ocr_line' id='line_1_55' title="bbox 482 5486 2047 5568; baseline 0.008 -27"><span class='ocrx_word' id='word_1_420' title='bbox 482 5490 609 5558; x_wconf 86' lang='grc' dir='ltr'><em>βίων</em></span> <span class='ocrx_word' id='word_1_421' title='bbox 663 5491 929 5562; x_wconf 87' lang='grc' dir='ltr'><em>ἐναρέτων</em></span> <span class='ocrx_word' id='word_1_422' title='bbox 948 5505 961 5519; x_wconf 88' lang='grc'><em>·</em></span> <span class='ocrx_word' id='word_1_423' title='bbox 1001 5486 1131 5555; x_wconf 74' lang='grc' dir='ltr'><em>οἷον,</em></span> <span class='ocrx_word' id='word_1_424' title='bbox 1163 5492 1257 5545; x_wconf 86' lang='grc' dir='ltr'><em>ἐὰν</em></span> <span class='ocrx_word' id='word_1_425' title='bbox 1288 5493 1467 5565; x_wconf 83' lang='grc' dir='ltr'><em>θέλῃς,</em></span> <span class='ocrx_word' id='word_1_426' title='bbox 1503 5495 1621 5548; x_wconf 82' lang='grc' dir='ltr'><em>ἐλθὲ</em></span> <span class='ocrx_word' id='word_1_427' title='bbox 1648 5495 1743 5550; x_wconf 72' lang='grc' dir='ltr'><em>καὶ</em></span> <span class='ocrx_word' id='word_1_428' title='bbox 1771 5498 1907 5568; x_wconf 84' lang='grc' dir='ltr'><em>μετὰ</em></span> <span class='ocrx_word' id='word_1_429' title='bbox 1954 5500 2047 5554; x_wconf 86' lang='grc' dir='ltr'><em>τὸν</em></span> 
     </span>
    </p>
   </div>
   <div class='ocr_carea' id='block_1_56' title="bbox 478 5580 2047 5662">
    <p class='ocr_par' dir='ltr' id='par_1_56' title="bbox 478 5580 2047 5662">
     <span class='ocr_line' id='line_1_56' title="bbox 478 5580 2047 5662; baseline 0.009 -29"><span class='ocrx_word' id='word_1_430' title='bbox 478 5580 794 5636; x_wconf 85' lang='grc' dir='ltr'><em>διδάσκαλον</em></span> <span class='ocrx_word' id='word_1_431' title='bbox 820 5584 877 5636; x_wconf 83' lang='grc' dir='ltr'><em>ἐν</em></span> <span class='ocrx_word' id='word_1_432' title='bbox 908 5586 1019 5647; x_wconf 88' lang='grc' dir='ltr'><em>τοῖς</em></span> <span class='ocrx_word' id='word_1_433' title='bbox 1051 5585 1318 5656; x_wconf 83' lang='grc' dir='ltr'><em>μαθηταῖς</em></span> <span class='ocrx_word' id='word_1_434' title='bbox 1343 5604 1354 5615; x_wconf 91' lang='grc'><em>·</em></span> <span class='ocrx_word' id='word_1_435' title='bbox 1386 5587 1415 5639; x_wconf 92' lang='lat'><em>6</em></span> <span class='ocrx_word' id='word_1_436' title='bbox 1447 5588 1546 5657; x_wconf 82' lang='grc' dir='ltr'><em>μὲν</em></span> <span class='ocrx_word' id='word_1_437' title='bbox 1574 5588 1640 5642; x_wconf 85' lang='grc' dir='ltr'><em>δι’</em></span> <span class='ocrx_word' id='word_1_438' title='bbox 1660 5590 2047 5662; x_wconf 81' lang='grc' dir='ltr'><em>ἀκτημοσύνης</em></span> 
     </span>
    </p>
   </div>
   <div class='ocr_carea' id='block_1_57' title="bbox 543 5796 1553 5863">
    <p class='ocr_par' dir='ltr' id='par_1_57' title="bbox 543 5796 1553 5863">
     <span class='ocr_line' id='line_1_57' title="bbox 543 5796 1553 5863; baseline 0.006 -16"><span class='ocrx_word' id='word_1_439' title='bbox 543 5797 570 5828; x_wconf 73' lang='grc'>⁸</span> <span class='ocrx_word' id='word_1_440' title='bbox 598 5800 677 5848; x_wconf 86' lang='lat' dir='ltr'><em>Sic</em></span> <span class='ocrx_word' id='word_1_441' title='bbox 698 5797 894 5851; x_wconf 85' lang='lat' dir='ltr'><em>Coislin.</em></span> <span class='ocrx_word' id='word_1_442' title='bbox 923 5796 1052 5851; x_wconf 79' lang='lat' dir='ltr'><em>Edili</em></span> <span class='ocrx_word' id='word_1_443' title='bbox 1073 5802 1218 5863; x_wconf 83' lang='lat' dir='ltr'><em>male,</em></span> <span class='ocrx_word' id='word_1_444' title='bbox 1253 5804 1324 5853; x_wconf 82' lang='grc' dir='ltr'><em>ὅτι</em></span> <span class='ocrx_word' id='word_1_445' title='bbox 1350 5807 1524 5855; x_wconf 78' lang='grc' dir='ltr'><em>κανόνι.</em></span> <span class='ocrx_word' id='word_1_446' title='bbox 1549 5841 1553 5845; x_wconf 79' lang='lat'><strong><em>.</em></strong></span> 
     </span>
    </p>
   </div>
   <div class='ocr_carea' id='block_1_58' title="bbox 1159 401 2043 467">
    <p class='ocr_par' dir='ltr' id='par_1_58' title="bbox 1159 403 2043 464">
     <span class='ocr_line' id='line_1_58' title="bbox 1159 403 2043 464; baseline 0.002 -4"><span class='ocrx_word' id='word_1_447' title='bbox 1159 404 1216 460; x_wconf 90' lang='lat' dir='ltr'><strong>S.</strong></span> <span class='ocrx_word' id='word_1_448' title='bbox 1251 403 1536 461; x_wconf 79' lang='lat' dir='ltr'><em>JOANNIS</em></span> <span class='ocrx_word' id='word_1_449' title='bbox 1568 404 2043 464; x_wconf 71' lang='lat' dir='ltr'><em>CHRYSOSTOMI</em></span> 
     </span>
    </p>
   </div>
   <div class='ocr_carea' id='block_1_59' title="bbox 2143 401 3014 467">
    <p class='ocr_par' dir='ltr' id='par_1_59' title="bbox 2143 401 3014 467">
     <span class='ocr_line' id='line_1_59' title="bbox 2143 401 3014 467; baseline 0 -3"><span class='ocrx_word' id='word_1_450' title='bbox 2143 401 2417 466; x_wconf 75' lang='lat' dir='ltr'><em>RCHIEP.</em></span> <span class='ocrx_word' id='word_1_451' title='bbox 2456 406 3014 467; x_wconf 54' lang='lat' dir='ltr'><em>CONSTANTINOP.</em></span> 
     </span>
    </p>
   </div>
   <div class='ocr_carea' id='block_1_60' title="bbox 3614 413 3716 469">
    <p class='ocr_par' dir='ltr' id='par_1_60' title="bbox 3614 413 3716 469">
     <span class='ocr_line' id='line_1_60' title="bbox 3614 413 3716 469; baseline 0.02 -2"><span class='ocrx_word' id='word_1_452' title='bbox 3614 413 3716 469; x_wconf 73' lang='lat'><em>276</em></span> 
     </span>
    </p>
   </div>
   <div class='ocr_carea' id='block_1_61' title="bbox 2154 519 3716 598">
    <p class='ocr_par' dir='ltr' id='par_1_61' title="bbox 2154 519 3716 598">
     <span class='ocr_line' id='line_1_61' title="bbox 2154 519 3716 598; baseline 0 -19"><span class='ocrx_word' id='word_1_453' title='bbox 2154 525 2380 597; x_wconf 81' lang='grc' dir='ltr'><em>ἔλαμψε,</em></span> <span class='ocrx_word' id='word_1_454' title='bbox 2406 527 2437 579; x_wconf 84' lang='lat'><em>6</em></span> <span class='ocrx_word' id='word_1_455' title='bbox 2467 527 2523 580; x_wconf 84' lang='grc' dir='ltr'><em>δέ</em></span> <span class='ocrx_word' id='word_1_456' title='bbox 2552 528 2640 581; x_wconf 89' lang='grc' dir='ltr'><em>διά</em></span> <span class='ocrx_word' id='word_1_457' title='bbox 2669 525 2996 598; x_wconf 81' lang='grc' dir='ltr'><em>χρημάτων·</em></span> <span class='ocrx_word' id='word_1_458' title='bbox 3027 519 3143 581; x_wconf 73' lang='grc' dir='ltr'><em>οἷον</em></span> <span class='ocrx_word' id='word_1_459' title='bbox 3160 528 3190 581; x_wconf 91' lang='lat'><em>6</em></span> <span class='ocrx_word' id='word_1_460' title='bbox 3228 526 3412 591; x_wconf 73' lang='grc' dir='ltr'><em>Ὶὶλίας</em></span> <span class='ocrx_word' id='word_1_461' title='bbox 3446 527 3516 579; x_wconf 80' lang='grc' dir='ltr'><em>δι’</em></span> <span class='ocrx_word' id='word_1_462' title='bbox 3548 527 3716 598; x_wconf 76' lang='grc' dir='ltr'><em>ἀκτηο</em></span> 
     </span>
    </p>
   </div>
   <div class='ocr_carea' id='block_1_62' title="bbox 2151 616 3719 689">
    <p class='ocr_par' dir='ltr' id='par_1_62' title="bbox 2151 616 3719 689">
     <span class='ocr_line' id='line_1_62' title="bbox 2151 616 3719 689; baseline 0.001 -18"><span class='ocrx_word' id='word_1_463' title='bbox 2151 618 2406 688; x_wconf 84' lang='grc' dir='ltr'><em>μοσύνης,</em></span> <span class='ocrx_word' id='word_1_464' title='bbox 2438 620 2468 672; x_wconf 98' lang='lat'><em>6</em></span> <span class='ocrx_word' id='word_1_465' title='bbox 2520 618 2769 689; x_wconf 75' lang='grc' dir='ltr'><em>Ἀϐραὰμ</em></span> <span class='ocrx_word' id='word_1_466' title='bbox 2807 616 2897 671; x_wconf 71' lang='grc' dir='ltr'><em>διὰ</em></span> <span class='ocrx_word' id='word_1_467' title='bbox 2945 617 3248 689; x_wconf 83' lang='grc' dir='ltr'><em>χρημάτων</em></span> <span class='ocrx_word' id='word_1_468' title='bbox 3270 636 3285 651; x_wconf 89' lang='grc'><em>·</em></span> <span class='ocrx_word' id='word_1_469' title='bbox 3319 619 3441 672; x_wconf 86' lang='grc' dir='ltr'><em>οῖαν</em></span> <span class='ocrx_word' id='word_1_470' title='bbox 3477 618 3719 688; x_wconf 75' lang='grc' dir='ltr'><em>νομίζεις</em></span> 
     </span>
    </p>
   </div>
   <div class='ocr_carea' id='block_1_63' title="bbox 2147 707 3721 779">
    <p class='ocr_par' dir='ltr' id='par_1_63' title="bbox 2147 707 3721 779">
     <span class='ocr_line' id='line_1_63' title="bbox 2147 707 3721 779; baseline -0.001 -16"><span class='ocrx_word' id='word_1_471' title='bbox 2147 710 2479 779; x_wconf 79' lang='grc' dir='ltr'><em>κουφοτέραν</em></span> <span class='ocrx_word' id='word_1_472' title='bbox 2536 710 2631 763; x_wconf 76' lang='grc' dir='ltr'><em>καὶ</em></span> <span class='ocrx_word' id='word_1_473' title='bbox 2696 707 3234 779; x_wconf 81' lang='grc' dir='ltr'><em>εὐεπιτηδειοτέραν,</em></span> <span class='ocrx_word' id='word_1_474' title='bbox 3297 707 3508 778; x_wconf 78' lang='grc' dir='ltr'><em>ταύτην</em></span> <span class='ocrx_word' id='word_1_475' title='bbox 3582 708 3721 761; x_wconf 77' lang='grc' dir='ltr'><em>ἐλθέ.</em></span> 
     </span>
    </p>
   </div>
   <div class='ocr_carea' id='block_1_64' title="bbox 2146 799 3725 872">
    <p class='ocr_par' dir='ltr' id='par_1_64' title="bbox 2146 799 3725 872">
     <span class='ocr_line' id='line_1_64' title="bbox 2146 799 3725 872; baseline -0.002 -18"><span class='ocrx_word' id='word_1_476' title='bbox 2146 800 2315 854; x_wconf 90' lang='grc' dir='ltr'><em>Πάλιν</em></span> <span class='ocrx_word' id='word_1_477' title='bbox 2354 804 2383 854; x_wconf 92' lang='lat'><em>6</em></span> <span class='ocrx_word' id='word_1_478' title='bbox 2440 801 2540 872; x_wconf 78' lang='grc' dir='ltr'><em>μὲν</em></span> <span class='ocrx_word' id='word_1_479' title='bbox 2587 799 2675 855; x_wconf 85' lang='grc' dir='ltr'><em>διά</em></span> <span class='ocrx_word' id='word_1_480' title='bbox 2717 802 2920 872; x_wconf 88' lang='grc' dir='ltr'><em>γάμου,</em></span> <span class='ocrx_word' id='word_1_481' title='bbox 2977 801 3006 853; x_wconf 89' lang='lat'><em>6</em></span> <span class='ocrx_word' id='word_1_482' title='bbox 3051 800 3108 853; x_wconf 86' lang='grc' dir='ltr'><em>δὲ</em></span> <span class='ocrx_word' id='word_1_483' title='bbox 3165 799 3257 854; x_wconf 78' lang='grc' dir='ltr'><em>διὰ</em></span> <span class='ocrx_word' id='word_1_484' title='bbox 3309 799 3618 870; x_wconf 75' lang='grc' dir='ltr'><em>παρθενίας</em></span> <span class='ocrx_word' id='word_1_485' title='bbox 3646 816 3662 830; x_wconf 93' lang='grc'><em>·</em></span> <span class='ocrx_word' id='word_1_486' title='bbox 3697 802 3725 851; x_wconf 85' lang='lat'><em>6</em></span> 
     </span>
    </p>
   </div>
   <div class='ocr_carea' id='block_1_65' title="bbox 2157 885 3725 958">
    <p class='ocr_par' dir='ltr' id='par_1_65' title="bbox 2157 885 3725 958">
     <span class='ocr_line' id='line_1_65' title="bbox 2157 885 3725 958; baseline -0.004 -17"><span class='ocrx_word' id='word_1_487' title='bbox 2157 887 2408 958; x_wconf 75' lang='grc' dir='ltr'><em>Ἀϐραάμ</em></span> <span class='ocrx_word' id='word_1_488' title='bbox 2448 887 2537 941; x_wconf 86' lang='grc' dir='ltr'><em>διὰ</em></span> <span class='ocrx_word' id='word_1_489' title='bbox 2585 887 2800 957; x_wconf 88' lang='grc' dir='ltr'><em>γάμου,</em></span> <span class='ocrx_word' id='word_1_490' title='bbox 2865 888 3072 950; x_wconf 86' lang='grc' dir='ltr'><em>ἐκεῖνος</em></span> <span class='ocrx_word' id='word_1_491' title='bbox 3127 885 3218 940; x_wconf 81' lang='grc' dir='ltr'><em>διὰ</em></span> <span class='ocrx_word' id='word_1_492' title='bbox 3266 885 3614 957; x_wconf 78' lang='grc' dir='ltr'><em>παρθενίας·</em></span> <span class='ocrx_word' id='word_1_493' title='bbox 3663 885 3725 954; x_wconf 63' lang='grc' dir='ltr'><em>ἢν</em></span> 
     </span>
    </p>
   </div>
   <div class='ocr_carea' id='block_1_66' title="bbox 2145 970 3725 1047">
    <p class='ocr_par' dir='ltr' id='par_1_66' title="bbox 2145 970 3725 1047">
     <span class='ocr_line' id='line_1_66' title="bbox 2145 970 3725 1047; baseline -0.005 -18"><span class='ocrx_word' id='word_1_494' title='bbox 2145 975 2347 1041; x_wconf 76' lang='grc' dir='ltr'><em>θέλεις,</em></span> <span class='ocrx_word' id='word_1_495' title='bbox 2418 975 2680 1047; x_wconf 87' lang='grc' dir='ltr'><em>βάδισον·</em></span> <span class='ocrx_word' id='word_1_496' title='bbox 2745 974 2982 1044; x_wconf 78' lang='grc' dir='ltr'><em>ἑκατέρα</em></span> <span class='ocrx_word' id='word_1_497' title='bbox 3059 972 3168 1044; x_wconf 90' lang='grc' dir='ltr'><em>γάρ</em></span> <span class='ocrx_word' id='word_1_498' title='bbox 3222 972 3379 1042; x_wconf 82' lang='grc' dir='ltr'><em>φέρει</em></span> <span class='ocrx_word' id='word_1_499' title='bbox 3441 970 3589 1041; x_wconf 78' lang='grc' dir='ltr'><em>πρὸς</em></span> <span class='ocrx_word' id='word_1_500' title='bbox 3638 970 3725 1021; x_wconf 71' lang='grc' dir='ltr'><em>τὸν</em></span> 
     </span>
    </p>
   </div>
   <div class='ocr_carea' id='block_1_67' title="bbox 2143 1059 3725 1136">
    <p class='ocr_par' dir='ltr' id='par_1_67' title="bbox 2143 1059 3725 1136">
     <span class='ocr_line' id='line_1_67' title="bbox 2143 1059 3725 1136; baseline -0.005 -16"><span class='ocrx_word' id='word_1_501' title='bbox 2143 1066 2389 1134; x_wconf 83' lang='grc' dir='ltr'><em>οὐρανόν.</em></span> <span class='ocrx_word' id='word_1_502' title='bbox 2428 1066 2488 1120; x_wconf 81' lang='grc' dir='ltr'><strong>Ὀ</strong></span> <span class='ocrx_word' id='word_1_503' title='bbox 2518 1065 2617 1136; x_wconf 86' lang='grc' dir='ltr'><em>μὲν</em></span> <span class='ocrx_word' id='word_1_504' title='bbox 2642 1063 2732 1118; x_wconf 86' lang='grc' dir='ltr'><em>διὰ</em></span> <span class='ocrx_word' id='word_1_505' title='bbox 2754 1062 3028 1134; x_wconf 82' lang='grc' dir='ltr'><em>νηστείας,</em></span> <span class='ocrx_word' id='word_1_506' title='bbox 3051 1064 3080 1117; x_wconf 93' lang='lat'><em>6</em></span> <span class='ocrx_word' id='word_1_507' title='bbox 3110 1060 3383 1131; x_wconf 78' lang='grc' dir='ltr'><em>Ἰωάννης,</em></span> <span class='ocrx_word' id='word_1_508' title='bbox 3406 1062 3437 1114; x_wconf 92' lang='lat'><em>6</em></span> <span class='ocrx_word' id='word_1_509' title='bbox 3465 1060 3526 1114; x_wconf 83' lang='grc' dir='ltr'><em>δὲ</em></span> <span class='ocrx_word' id='word_1_510' title='bbox 3560 1059 3725 1131; x_wconf 79' lang='grc' dir='ltr'><em>χωρὶς</em></span> 
     </span>
    </p>
   </div>
   <div class='ocr_carea' id='block_1_68' title="bbox 2144 1148 3723 1228">
    <p class='ocr_par' dir='ltr' id='par_1_68' title="bbox 2144 1148 3723 1228">
     <span class='ocr_line' id='line_1_68' title="bbox 2144 1148 3723 1228; baseline -0.004 -17"><span class='ocrx_word' id='word_1_511' title='bbox 2144 1158 2426 1228; x_wconf 82' lang='grc' dir='ltr'><em>νηστειῶν,</em></span> <span class='ocrx_word' id='word_1_512' title='bbox 2462 1159 2491 1212; x_wconf 93' lang='lat'><em>6</em></span> <span class='ocrx_word' id='word_1_513' title='bbox 2536 1156 2679 1214; x_wconf 80' lang='grc' dir='ltr'><em>Ἰώϐ.</em></span> <span class='ocrx_word' id='word_1_514' title='bbox 2717 1156 2884 1211; x_wconf 87' lang='grc' dir='ltr'><em>Πάλιν</em></span> <span class='ocrx_word' id='word_1_515' title='bbox 2945 1154 3106 1217; x_wconf 77' lang='grc' dir='ltr'><em>αὐτὸς</em></span> <span class='ocrx_word' id='word_1_516' title='bbox 3140 1148 3292 1219; x_wconf 76' lang='grc' dir='ltr'><em>οὗτος</em></span> <span class='ocrx_word' id='word_1_517' title='bbox 3328 1153 3423 1208; x_wconf 61' lang='grc' dir='ltr'><em>καὶ⁵</em></span> <span class='ocrx_word' id='word_1_518' title='bbox 3468 1152 3723 1222; x_wconf 72' lang='grc' dir='ltr'><em>γυναικὸς</em></span> 
     </span>
    </p>
   </div>
   <div class='ocr_carea' id='block_1_69' title="bbox 2144 1240 3725 1319">
    <p class='ocr_par' dir='ltr' id='par_1_69' title="bbox 2144 1240 3725 1319">
     <span class='ocr_line' id='line_1_69' title="bbox 2144 1240 3725 1319; baseline -0.006 -18"><span class='ocrx_word' id='word_1_519' title='bbox 2144 1247 2442 1319; x_wconf 76' lang='grc' dir='ltr'><em>φροντίζων</em></span> <span class='ocrx_word' id='word_1_520' title='bbox 2474 1246 2569 1300; x_wconf 74' lang='grc' dir='ltr'><em>καὶ</em></span> <span class='ocrx_word' id='word_1_521' title='bbox 2588 1245 2795 1298; x_wconf 88' lang='grc' dir='ltr'><em>παίδων</em></span> <span class='ocrx_word' id='word_1_522' title='bbox 2813 1244 2908 1298; x_wconf 72' lang='grc' dir='ltr'><em>καὶ</em></span> <span class='ocrx_word' id='word_1_523' title='bbox 2933 1241 3246 1313; x_wconf 78' lang='grc' dir='ltr'><em>θυγατέρων</em></span> <span class='ocrx_word' id='word_1_524' title='bbox 3269 1242 3363 1295; x_wconf 77' lang='grc' dir='ltr'><em>καὶ</em></span> <span class='ocrx_word' id='word_1_525' title='bbox 3392 1240 3605 1306; x_wconf 86' lang='grc' dir='ltr'><em>οἰκίας,</em></span> <span class='ocrx_word' id='word_1_526' title='bbox 3634 1240 3725 1293; x_wconf 73' lang='grc' dir='ltr'><em>καὶ</em></span> 
     </span>
    </p>
   </div>
   <div class='ocr_carea' id='block_1_70' title="bbox 2144 1332 3723 1409">
    <p class='ocr_par' dir='ltr' id='par_1_70' title="bbox 2144 1332 3723 1409">
     <span class='ocr_line' id='line_1_70' title="bbox 2144 1332 3723 1409; baseline -0.006 -16"><span class='ocrx_word' id='word_1_527' title='bbox 2144 1341 2311 1393; x_wconf 81' lang='grc' dir='ltr'><em>πολὺν</em></span> <span class='ocrx_word' id='word_1_528' title='bbox 2357 1340 2495 1409; x_wconf 79' lang='grc' dir='ltr'><em>ἔχων</em></span> <span class='ocrx_word' id='word_1_529' title='bbox 2518 1337 2777 1391; x_wconf 77' lang='grc' dir='ltr'><em>πλοῦτον·</em></span> <span class='ocrx_word' id='word_1_530' title='bbox 2824 1338 2855 1390; x_wconf 90' lang='lat'><em>6</em></span> <span class='ocrx_word' id='word_1_531' title='bbox 2882 1335 3040 1398; x_wconf 73' lang='grc' dir='ltr'><em>ἄλλος</em></span> <span class='ocrx_word' id='word_1_532' title='bbox 3073 1334 3225 1389; x_wconf 80' lang='grc' dir='ltr'><em>οὐδὲν</em></span> <span class='ocrx_word' id='word_1_533' title='bbox 3257 1334 3554 1403; x_wconf 74' lang='grc' dir='ltr'><em>ἐκέκτητο,</em></span> <span class='ocrx_word' id='word_1_534' title='bbox 3588 1332 3723 1401; x_wconf 71' lang='grc' dir='ltr'><em>πλὴν</em></span> 
     </span>
    </p>
   </div>
   <div class='ocr_carea' id='block_1_71' title="bbox 2142 1424 3722 1505">
    <p class='ocr_par' dir='ltr' id='par_1_71' title="bbox 2142 1424 3722 1505">
     <span class='ocr_line' id='line_1_71' title="bbox 2142 1424 3722 1505; baseline -0.006 -20"><span class='ocrx_word' id='word_1_535' title='bbox 2142 1431 2238 1485; x_wconf 82' lang='grc' dir='ltr'><em>τοῦ</em></span> <span class='ocrx_word' id='word_1_536' title='bbox 2291 1431 2506 1505; x_wconf 81' lang='grc' dir='ltr'><em>ἱματίου</em></span> <span class='ocrx_word' id='word_1_537' title='bbox 2551 1429 2646 1483; x_wconf 81' lang='grc' dir='ltr'><em>τοῦ</em></span> <span class='ocrx_word' id='word_1_538' title='bbox 2688 1428 2951 1498; x_wconf 85' lang='grc' dir='ltr'><em>τριχίνου.</em></span> <span class='ocrx_word' id='word_1_539' title='bbox 2994 1427 3107 1481; x_wconf 79' lang='grc' dir='ltr'><em>Καὶ</em></span> <span class='ocrx_word' id='word_1_540' title='bbox 3147 1426 3200 1479; x_wconf 89' lang='grc' dir='ltr'><em>τί</em></span> <span class='ocrx_word' id='word_1_541' title='bbox 3228 1426 3375 1493; x_wconf 85' lang='grc' dir='ltr'><em>λέγω</em></span> <span class='ocrx_word' id='word_1_542' title='bbox 3419 1424 3608 1477; x_wconf 83' lang='grc' dir='ltr'><em>οἰκίαν</em></span> <span class='ocrx_word' id='word_1_543' title='bbox 3634 1424 3722 1476; x_wconf 73' lang='grc' dir='ltr'><em>καὶ</em></span> 
     </span>
    </p>
   </div>
   <div class='ocr_carea' id='block_1_72' title="bbox 2144 1514 3724 1593">
    <p class='ocr_par' dir='ltr' id='par_1_72' title="bbox 2144 1514 3724 1593">
     <span class='ocr_line' id='line_1_72' title="bbox 2144 1514 3724 1593; baseline -0.006 -17"><span class='ocrx_word' id='word_1_544' title='bbox 2144 1521 2371 1576; x_wconf 79' lang='grc' dir='ltr'><em>πλοῦτον</em></span> <span class='ocrx_word' id='word_1_545' title='bbox 2400 1521 2496 1575; x_wconf 74' lang='grc' dir='ltr'><em>καὶ</em></span> <span class='ocrx_word' id='word_1_546' title='bbox 2523 1521 2803 1593; x_wconf 86' lang='grc' dir='ltr'><em>χρήματα,</em></span> <span class='ocrx_word' id='word_1_547' title='bbox 2832 1520 2966 1574; x_wconf 84' lang='grc' dir='ltr'><em>ὅπου</em></span> <span class='ocrx_word' id='word_1_548' title='bbox 2992 1535 3058 1586; x_wconf 91' lang='grc' dir='ltr'><em>γε</em></span> <span class='ocrx_word' id='word_1_549' title='bbox 3087 1516 3182 1571; x_wconf 75' lang='grc' dir='ltr'><em>καὶ</em></span> <span class='ocrx_word' id='word_1_550' title='bbox 3226 1516 3285 1571; x_wconf 89' lang='grc' dir='ltr'><em>ἐν</em></span> <span class='ocrx_word' id='word_1_551' title='bbox 3317 1514 3579 1587; x_wconf 70' lang='grc' dir='ltr'><em>βασιλεία</em></span> <span class='ocrx_word' id='word_1_552' title='bbox 3603 1515 3724 1567; x_wconf 81' lang='grc' dir='ltr'><em>δντα</em></span> 
     </span>
    </p>
   </div>
   <div class='ocr_carea' id='block_1_73' title="bbox 2143 1602 3724 1680">
    <p class='ocr_par' dir='ltr' id='par_1_73' title="bbox 2143 1602 3724 1680">
     <span class='ocr_line' id='line_1_73' title="bbox 2143 1602 3724 1680; baseline -0.008 -16"><span class='ocrx_word' id='word_1_553' title='bbox 2143 1609 2366 1665; x_wconf 86' lang='grc' dir='ltr'><em>δυνατὸν</em></span> <span class='ocrx_word' id='word_1_554' title='bbox 2394 1610 2493 1679; x_wconf 82' lang='grc' dir='ltr'><em>τῆς</em></span> <span class='ocrx_word' id='word_1_555' title='bbox 2529 1608 2727 1680; x_wconf 81' lang='grc' dir='ltr'><em>ἀρετῆς</em></span> <span class='ocrx_word' id='word_1_556' title='bbox 2757 1604 3144 1670; x_wconf 80' lang='grc' dir='ltr'><em>ἐπιλαὸἐσθαι;</em></span> <span class='ocrx_word' id='word_1_557' title='bbox 3174 1602 3361 1673; x_wconf 86' lang='grc' dir='ltr'><em>Πάσης</em></span> <span class='ocrx_word' id='word_1_558' title='bbox 3399 1602 3516 1673; x_wconf 75' lang='grc' dir='ltr'><em>γὰρ</em></span> <span class='ocrx_word' id='word_1_559' title='bbox 3551 1603 3724 1665; x_wconf 79' lang='grc' dir='ltr'><em>οἰκίας</em></span> 
     </span>
    </p>
   </div>
   <div class='ocr_carea' id='block_1_74' title="bbox 2149 1690 3723 1773">
    <p class='ocr_par' dir='ltr' id='par_1_74' title="bbox 2149 1690 3723 1773">
     <span class='ocr_line' id='line_1_74' title="bbox 2149 1690 3723 1773; baseline -0.008 -15"><span class='ocrx_word' id='word_1_560' title='bbox 2149 1704 2422 1773; x_wconf 83' lang='grc' dir='ltr'><em>ἰδιωτικῆς</em></span> <span class='ocrx_word' id='word_1_561' title='bbox 2451 1703 2518 1757; x_wconf 85' lang='grc' dir='ltr'><em>ἂν</em></span> <span class='ocrx_word' id='word_1_562' title='bbox 2541 1701 2791 1773; x_wconf 86' lang='grc' dir='ltr'><em>εὑρεθείη</em></span> <span class='ocrx_word' id='word_1_563' title='bbox 2811 1696 3427 1768; x_wconf 86' lang='grc' dir='ltr'><em>πολυπραγμονέστερος</em></span> <span class='ocrx_word' id='word_1_564' title='bbox 3458 1696 3488 1747; x_wconf 88' lang='lat'><em>6</em></span> <span class='ocrx_word' id='word_1_565' title='bbox 3515 1690 3669 1758; x_wconf 77' lang='grc' dir='ltr'><em>οἶκος</em></span> <span class='ocrx_word' id='word_1_566' title='bbox 3697 1698 3723 1747; x_wconf 79' lang='lat'><em>6</em></span> 
     </span>
    </p>
   </div>
   <div class='ocr_carea' id='block_1_75' title="bbox 2147 1785 3723 1864">
    <p class='ocr_par' dir='ltr' id='par_1_75' title="bbox 2147 1785 3723 1864">
     <span class='ocr_line' id='line_1_75' title="bbox 2147 1785 3723 1864; baseline -0.007 -16"><span class='ocrx_word' id='word_1_567' title='bbox 2147 1794 2440 1864; x_wconf 88' lang='grc' dir='ltr'><em>βασιλικός.</em></span> <span class='ocrx_word' id='word_1_568' title='bbox 2490 1793 2548 1846; x_wconf 84' lang='lat'>&#39;0</span> <span class='ocrx_word' id='word_1_569' title='bbox 2576 1791 2752 1845; x_wconf 87' lang='grc' dir='ltr'><em>τοίνυν</em></span> <span class='ocrx_word' id='word_1_570' title='bbox 2776 1787 2938 1843; x_wconf 76' lang='grc' dir='ltr'><em>Δαυῒδ</em></span> <span class='ocrx_word' id='word_1_571' title='bbox 2972 1785 3211 1858; x_wconf 76' lang='grc' dir='ltr'><em>ἔλαμψεν</em></span> <span class='ocrx_word' id='word_1_572' title='bbox 3237 1786 3295 1837; x_wconf 90' lang='grc' dir='ltr'><em>ἐν</em></span> <span class='ocrx_word' id='word_1_573' title='bbox 3322 1786 3604 1855; x_wconf 71' lang='grc' dir='ltr'><em>βασιλείᾳ,</em></span> <span class='ocrx_word' id='word_1_574' title='bbox 3633 1785 3723 1837; x_wconf 68' lang='grc' dir='ltr'><em>καὶ</em></span> 
     </span>
    </p>
   </div>
   <div class='ocr_carea' id='block_1_76' title="bbox 2145 1874 3721 1950">
    <p class='ocr_par' dir='ltr' id='par_1_76' title="bbox 2145 1874 3721 1950">
     <span class='ocr_line' id='line_1_76' title="bbox 2145 1874 3721 1950; baseline -0.008 -12"><span class='ocrx_word' id='word_1_575' title='bbox 2145 1886 2294 1939; x_wconf 79' lang='grc' dir='ltr'><em>οὐδὲν</em></span> <span class='ocrx_word' id='word_1_576' title='bbox 2327 1883 2488 1940; x_wconf 78' lang='grc' dir='ltr'><em>αὑτὸν</em></span> <span class='ocrx_word' id='word_1_577' title='bbox 2518 1882 2765 1947; x_wconf 78' lang='grc' dir='ltr'><em>ἐξέλυσεν</em></span> <span class='ocrx_word' id='word_1_578' title='bbox 2786 1882 2821 1950; x_wconf 79' lang='grc' dir='ltr'>ἡ</span> <span class='ocrx_word' id='word_1_579' title='bbox 2841 1878 3095 1948; x_wconf 76' lang='grc' dir='ltr'><em>ἁλουργὶς</em></span> <span class='ocrx_word' id='word_1_580' title='bbox 3120 1875 3214 1930; x_wconf 73' lang='grc' dir='ltr'><em>καὶ</em></span> <span class='ocrx_word' id='word_1_581' title='bbox 3232 1876 3296 1929; x_wconf 77' lang='grc' dir='ltr'><em>τὸ</em></span> <span class='ocrx_word' id='word_1_582' title='bbox 3321 1875 3569 1946; x_wconf 83' lang='grc' dir='ltr'><em>διάδημα</em></span> <span class='ocrx_word' id='word_1_583' title='bbox 3587 1892 3603 1905; x_wconf 89' lang='grc'><em>·</em></span> <span class='ocrx_word' id='word_1_584' title='bbox 3634 1874 3721 1926; x_wconf 76' lang='grc' dir='ltr'><em>ἀλ-</em></span> 
     </span>
    </p>
   </div>
   <div class='ocr_carea' id='block_1_77' title="bbox 2143 1964 3723 2046">
    <p class='ocr_par' dir='ltr' id='par_1_77' title="bbox 2143 1964 3723 2046">
     <span class='ocr_line' id='line_1_77' title="bbox 2143 1964 3723 2046; baseline -0.009 -16"><span class='ocrx_word' id='word_1_585' title='bbox 2143 1976 2229 2040; x_wconf 86' lang='grc' dir='ltr'><em>λος</em></span> <span class='ocrx_word' id='word_1_586' title='bbox 2258 1974 2551 2046; x_wconf 82' lang='grc' dir='ltr'><em>ὁλοκλήρου</em></span> <span class='ocrx_word' id='word_1_587' title='bbox 2572 1973 2743 2044; x_wconf 85' lang='grc' dir='ltr'><em>δήμου</em></span> <span class='ocrx_word' id='word_1_588' title='bbox 2775 1970 3110 2042; x_wconf 88' lang='grc' dir='ltr'><em>προστασίαν</em></span> <span class='ocrx_word' id='word_1_589' title='bbox 3132 1970 3155 2021; x_wconf 90' lang='grc' dir='ltr'><em>ἐ</em></span> <span class='ocrx_word' id='word_1_590' title='bbox 3165 1964 3670 2038; x_wconf 74' lang='grc' dir='ltr'><em>μπεπιστευμένος,</em></span> <span class='ocrx_word' id='word_1_591' title='bbox 3696 1973 3723 2023; x_wconf 68' lang='grc' dir='ltr'><strong>ὁ</strong></span> 
     </span>
    </p>
   </div>
   <div class='ocr_carea' id='block_1_78' title="bbox 2142 2056 3723 2137">
    <p class='ocr_par' dir='ltr' id='par_1_78' title="bbox 2142 2056 3723 2137">
     <span class='ocr_line' id='line_1_78' title="bbox 2142 2056 3723 2137; baseline -0.011 -15"><span class='ocrx_word' id='word_1_592' title='bbox 2142 2067 2381 2137; x_wconf 83' lang='grc' dir='ltr'><em>Μωῦσῆς</em></span> <span class='ocrx_word' id='word_1_593' title='bbox 2403 2064 2567 2132; x_wconf 87' lang='grc' dir='ltr'><em>λέγω,</em></span> <span class='ocrx_word' id='word_1_594' title='bbox 2584 2063 2720 2133; x_wconf 84' lang='grc' dir='ltr'><em>ὅπερ</em></span> <span class='ocrx_word' id='word_1_595' title='bbox 2747 2061 2840 2114; x_wconf 78' lang='grc' dir='ltr'><em>καὶ</em></span> <span class='ocrx_word' id='word_1_596' title='bbox 2859 2057 3258 2129; x_wconf 82' lang='grc' dir='ltr'><em>δυσκολώτερον</em></span> <span class='ocrx_word' id='word_1_597' title='bbox 3278 2056 3567 2126; x_wconf 85' lang='grc' dir='ltr'><em>τυγχάνει.</em></span> <span class='ocrx_word' id='word_1_598' title='bbox 3609 2057 3723 2108; x_wconf 78' lang='grc' dir='ltr'><em>ἐν-</em></span> 
     </span>
    </p>
   </div>
   <div class='ocr_carea' id='block_1_79' title="bbox 2141 2143 3721 2226">
    <p class='ocr_par' dir='ltr' id='par_1_79' title="bbox 2141 2143 3721 2226">
     <span class='ocr_line' id='line_1_79' title="bbox 2141 2143 3721 2226; baseline -0.01 -16"><span class='ocrx_word' id='word_1_599' title='bbox 2141 2156 2315 2210; x_wconf 80' lang='grc' dir='ltr'><em>ταῦθα</em></span> <span class='ocrx_word' id='word_1_600' title='bbox 2355 2156 2464 2226; x_wconf 84' lang='grc' dir='ltr'><em>γὰρ</em></span> <span class='ocrx_word' id='word_1_601' title='bbox 2508 2151 2708 2223; x_wconf 78' lang='grc' dir='ltr'><em>μείζων</em></span> <span class='ocrx_word' id='word_1_602' title='bbox 2744 2152 2779 2220; x_wconf 87' lang='grc' dir='ltr'>ἠ</span> <span class='ocrx_word' id='word_1_603' title='bbox 2801 2149 3016 2217; x_wconf 77' lang='grc' dir='ltr'><em>ἐξουσία</em></span> <span class='ocrx_word' id='word_1_604' title='bbox 3043 2143 3132 2220; x_wconf 81' lang='grc' dir='ltr'><em>ἦν,</em></span> <span class='ocrx_word' id='word_1_605' title='bbox 3164 2146 3285 2201; x_wconf 75' lang='grc' dir='ltr'><em>ὅθεν</em></span> <span class='ocrx_word' id='word_1_606' title='bbox 3327 2146 3425 2199; x_wconf 72' lang='grc' dir='ltr'><em>καὶ</em></span> <span class='ocrx_word' id='word_1_607' title='bbox 3454 2144 3661 2196; x_wconf 84' lang='grc' dir='ltr'><em>πλείων</em></span> <span class='ocrx_word' id='word_1_608' title='bbox 3688 2146 3721 2214; x_wconf 72' lang='grc' dir='ltr'>ἡ</span> 
     </span>
    </p>
   </div>
   <div class='ocr_carea' id='block_1_80' title="bbox 2140 2231 3722 2316">
    <p class='ocr_par' dir='ltr' id='par_1_80' title="bbox 2140 2231 3722 2316">
     <span class='ocr_line' id='line_1_80' title="bbox 2140 2231 3722 2316; baseline -0.011 -13"><span class='ocrx_word' id='word_1_609' title='bbox 2140 2247 2394 2303; x_wconf 82' lang='grc' dir='ltr'><em>δυσκολία</em></span> <span class='ocrx_word' id='word_1_610' title='bbox 2429 2231 2656 2316; x_wconf 60' lang='grc' dir='ltr'><em>ἐγίνετο.</em></span> <span class='ocrx_word' id='word_1_611' title='bbox 2693 2237 2846 2305; x_wconf 85' lang='grc' dir='ltr'><em>Εἶδες</em></span> <span class='ocrx_word' id='word_1_612' title='bbox 2888 2242 2947 2294; x_wconf 88' lang='grc' dir='ltr'><em>ἐν</em></span> <span class='ocrx_word' id='word_1_613' title='bbox 2998 2239 3214 2309; x_wconf 81' lang='grc' dir='ltr'><em>πλούτῳ</em></span> <span class='ocrx_word' id='word_1_614' title='bbox 3255 2236 3722 2307; x_wconf 77' lang='grc' dir='ltr'><em>εὖδοκιμηκότας,</em></span> 
     </span>
    </p>
   </div>
   <div class='ocr_carea' id='block_1_81' title="bbox 2141 2325 3724 2406">
    <p class='ocr_par' dir='ltr' id='par_1_81' title="bbox 2141 2325 3724 2406">
     <span class='ocr_line' id='line_1_81' title="bbox 2141 2325 3724 2406; baseline -0.01 -12"><span class='ocrx_word' id='word_1_615' title='bbox 2141 2337 2277 2403; x_wconf 79' lang='grc' dir='ltr'><em>εἶδες</em></span> <span class='ocrx_word' id='word_1_616' title='bbox 2299 2339 2393 2394; x_wconf 73' lang='grc' dir='ltr'><em>καὶ</em></span> <span class='ocrx_word' id='word_1_617' title='bbox 2423 2339 2481 2392; x_wconf 91' lang='grc' dir='ltr'><em>ἐν</em></span> <span class='ocrx_word' id='word_1_618' title='bbox 2515 2332 2708 2406; x_wconf 75' lang='grc' dir='ltr'><em>πενίᾳ,</em></span> <span class='ocrx_word' id='word_1_619' title='bbox 2739 2328 2876 2396; x_wconf 75' lang='grc' dir='ltr'><em>εἶδες</em></span> <span class='ocrx_word' id='word_1_620' title='bbox 2908 2333 2967 2385; x_wconf 87' lang='grc' dir='ltr'><em>ἐν</em></span> <span class='ocrx_word' id='word_1_621' title='bbox 3004 2331 3186 2402; x_wconf 84' lang='grc' dir='ltr'><em>γάμῳ,</em></span> <span class='ocrx_word' id='word_1_622' title='bbox 3209 2325 3348 2394; x_wconf 77' lang='grc' dir='ltr'><em>εἶδες</em></span> <span class='ocrx_word' id='word_1_623' title='bbox 3376 2330 3474 2381; x_wconf 78' lang='grc' dir='ltr'><em>καί</em></span> <span class='ocrx_word' id='word_1_624' title='bbox 3498 2329 3561 2380; x_wconf 81' lang='grc' dir='ltr'><em>ἐν</em></span> <span class='ocrx_word' id='word_1_625' title='bbox 3588 2345 3724 2395; x_wconf 63' lang='grc' dir='ltr'><em>παρα</em></span> 
     </span>
    </p>
   </div>
   <div class='ocr_carea' id='block_1_82' title="bbox 2140 2420 3727 2504">
    <p class='ocr_par' dir='ltr' id='par_1_82' title="bbox 2140 2420 3727 2504">
     <span class='ocr_line' id='line_1_82' title="bbox 2140 2420 3727 2504; baseline -0.011 -18"><span class='ocrx_word' id='word_1_626' title='bbox 2140 2433 2293 2504; x_wconf 82' lang='grc' dir='ltr'><em>θενίᾳ</em></span> <span class='ocrx_word' id='word_1_627' title='bbox 2310 2447 2324 2461; x_wconf 75' lang='grc' dir='ltr'><strong><em>ο</em></strong></span> <span class='ocrx_word' id='word_1_628' title='bbox 2352 2431 2449 2485; x_wconf 88' lang='grc' dir='ltr'><em>θέα</em></span> <span class='ocrx_word' id='word_1_629' title='bbox 2468 2424 2777 2482; x_wconf 77' lang='grc' dir='ltr'><em>τούναντίον</em></span> <span class='ocrx_word' id='word_1_630' title='bbox 2800 2422 2966 2477; x_wconf 89' lang='grc' dir='ltr'><em>πάλιν</em></span> <span class='ocrx_word' id='word_1_631' title='bbox 2990 2422 3084 2476; x_wconf 76' lang='grc' dir='ltr'><em>καὶ</em></span> <span class='ocrx_word' id='word_1_632' title='bbox 3102 2424 3159 2475; x_wconf 88' lang='grc' dir='ltr'><em>ἐν</em></span> <span class='ocrx_word' id='word_1_633' title='bbox 3185 2421 3349 2493; x_wconf 85' lang='grc' dir='ltr'><em>γάμῳ</em></span> <span class='ocrx_word' id='word_1_634' title='bbox 3378 2420 3478 2473; x_wconf 71' lang='grc' dir='ltr'><em>καὶ</em></span> <span class='ocrx_word' id='word_1_635' title='bbox 3494 2421 3561 2485; x_wconf 40' lang='grc' dir='ltr'><em>,ἐν</em></span> <span class='ocrx_word' id='word_1_636' title='bbox 3592 2434 3727 2486; x_wconf 70' lang='grc' dir='ltr'><em>παρη</em></span> 
     </span>
    </p>
   </div>
   <div class='ocr_carea' id='block_1_83' title="bbox 2140 2505 3727 2592">
    <p class='ocr_par' dir='ltr' id='par_1_83' title="bbox 2140 2505 3727 2592">
     <span class='ocr_line' id='line_1_83' title="bbox 2140 2505 3727 2592; baseline -0.011 -15"><span class='ocrx_word' id='word_1_637' title='bbox 2140 2523 2291 2592; x_wconf 79' lang='grc' dir='ltr'><em>θενίᾳ.</em></span> <span class='ocrx_word' id='word_1_638' title='bbox 2310 2520 2675 2582; x_wconf 80' lang='grc' dir='ltr'><em>ἀπολωλότας,</em></span> <span class='ocrx_word' id='word_1_639' title='bbox 2705 2517 2799 2570; x_wconf 76' lang='grc' dir='ltr'><em>καὶ</em></span> <span class='ocrx_word' id='word_1_640' title='bbox 2825 2517 2882 2567; x_wconf 89' lang='grc' dir='ltr'><em>ἐν</em></span> <span class='ocrx_word' id='word_1_641' title='bbox 2910 2515 3122 2585; x_wconf 82' lang='grc' dir='ltr'><em>πλούτῳ</em></span> <span class='ocrx_word' id='word_1_642' title='bbox 3152 2514 3248 2567; x_wconf 75' lang='grc' dir='ltr'><em>καὶ</em></span> <span class='ocrx_word' id='word_1_643' title='bbox 3288 2514 3348 2567; x_wconf 86' lang='grc' dir='ltr'><em>ἐν</em></span> <span class='ocrx_word' id='word_1_644' title='bbox 3373 2511 3547 2581; x_wconf 69' lang='grc' dir='ltr'><em>πενίᾳ</em></span> <span class='ocrx_word' id='word_1_645' title='bbox 3564 2526 3581 2539; x_wconf 85' lang='grc'><em>’</em></span> <span class='ocrx_word' id='word_1_646' title='bbox 3615 2505 3727 2561; x_wconf 76' lang='grc' dir='ltr'><em>οἷον</em></span> 
     </span>
    </p>
   </div>
   <div class='ocr_carea' id='block_1_84' title="bbox 2139 2593 3724 2681">
    <p class='ocr_par' dir='ltr' id='par_1_84' title="bbox 2139 2593 3724 2681">
     <span class='ocr_line' id='line_1_84' title="bbox 2139 2593 3724 2681; baseline -0.01 -16"><span class='ocrx_word' id='word_1_647' title='bbox 2139 2613 2196 2664; x_wconf 84' lang='grc' dir='ltr'><em>ἐν</em></span> <span class='ocrx_word' id='word_1_648' title='bbox 2242 2612 2404 2681; x_wconf 85' lang='grc' dir='ltr'><em>γάμῳ</em></span> <span class='ocrx_word' id='word_1_649' title='bbox 2445 2608 2544 2679; x_wconf 84' lang='grc' dir='ltr'><em>μὲν</em></span> <span class='ocrx_word' id='word_1_650' title='bbox 2581 2606 2766 2660; x_wconf 74' lang='grc' dir='ltr'><em>πολλοὶ</em></span> <span class='ocrx_word' id='word_1_651' title='bbox 2796 2606 2904 2657; x_wconf 83' lang='grc' dir='ltr'><em>τῶν</em></span> <span class='ocrx_word' id='word_1_652' title='bbox 2934 2604 3235 2675; x_wconf 83' lang='grc' dir='ltr'><em>ἀνθρώπων</em></span> <span class='ocrx_word' id='word_1_653' title='bbox 3256 2600 3572 2661; x_wconf 74' lang='grc' dir='ltr'><em>ἀπιὶιλοντο,</em></span> <span class='ocrx_word' id='word_1_654' title='bbox 3612 2593 3724 2650; x_wconf 77' lang='grc' dir='ltr'><em>οἷον</em></span> 
     </span>
    </p>
   </div>
   <div class='ocr_carea' id='block_1_85' title="bbox 2139 2688 3726 2769">
    <p class='ocr_par' dir='ltr' id='par_1_85' title="bbox 2139 2688 3726 2769">
     <span class='ocr_line' id='line_1_85' title="bbox 2139 2688 3726 2769; baseline -0.008 -18"><span class='ocrx_word' id='word_1_655' title='bbox 2139 2698 2376 2769; x_wconf 78' lang='grc' dir='ltr'><em>Σαμψὼν</em></span> <span class='ocrx_word' id='word_1_656' title='bbox 2396 2737 2410 2761; x_wconf 92' lang='grc'><em>,</em></span> <span class='ocrx_word' id='word_1_657' title='bbox 2445 2698 2560 2752; x_wconf 78' lang='grc' dir='ltr'><em>ἀλλ’</em></span> <span class='ocrx_word' id='word_1_658' title='bbox 2587 2697 2690 2749; x_wconf 81' lang='grc' dir='ltr'><em>οὐκ</em></span> <span class='ocrx_word' id='word_1_659' title='bbox 2710 2693 2818 2747; x_wconf 82' lang='grc' dir='ltr'><em>ἀπὸ</em></span> <span class='ocrx_word' id='word_1_660' title='bbox 2840 2691 2931 2745; x_wconf 81' lang='grc' dir='ltr'><em>τοῦ</em></span> <span class='ocrx_word' id='word_1_661' title='bbox 2957 2694 3156 2760; x_wconf 88' lang='grc' dir='ltr'><em>γάμου,</em></span> <span class='ocrx_word' id='word_1_662' title='bbox 3184 2691 3297 2744; x_wconf 81' lang='grc' dir='ltr'><em>ἀλλ’</em></span> <span class='ocrx_word' id='word_1_663' title='bbox 3329 2690 3440 2743; x_wconf 80' lang='grc' dir='ltr'><em>ἀπὸ</em></span> <span class='ocrx_word' id='word_1_664' title='bbox 3460 2690 3565 2756; x_wconf 72' lang='grc' dir='ltr'><em>τῆς</em></span> <span class='ocrx_word' id='word_1_665' title='bbox 3592 2688 3726 2749; x_wconf 78' lang='grc' dir='ltr'><em>ἰδίας</em></span> 
     </span>
    </p>
   </div>
   <div class='ocr_carea' id='block_1_86' title="bbox 2142 2776 3726 2862">
    <p class='ocr_par' dir='ltr' id='par_1_86' title="bbox 2142 2776 3726 2862">
     <span class='ocr_line' id='line_1_86' title="bbox 2142 2776 3726 2862; baseline -0.01 -19"><span class='ocrx_word' id='word_1_666' title='bbox 2142 2788 2292 2862; x_wconf 70' lang='grc'>[235]</span> <span class='ocrx_word' id='word_1_667' title='bbox 2334 2787 2702 2858; x_wconf 87' lang='grc' dir='ltr'><em>προαιρέσεως</em></span> <span class='ocrx_word' id='word_1_668' title='bbox 2727 2801 2740 2815; x_wconf 91' lang='grc'><em>·</em></span> <span class='ocrx_word' id='word_1_669' title='bbox 2772 2784 2831 2835; x_wconf 88' lang='grc' dir='ltr'><em>ἐν</em></span> <span class='ocrx_word' id='word_1_670' title='bbox 2881 2782 3148 2853; x_wconf 68' lang='grc' dir='ltr'><em>παρθενίᾳ.</em></span> <span class='ocrx_word' id='word_1_671' title='bbox 3187 2781 3266 2843; x_wconf 83' lang='grc' dir='ltr'><em>δέ,</em></span> <span class='ocrx_word' id='word_1_672' title='bbox 3307 2776 3423 2832; x_wconf 72' lang='grc' dir='ltr'><em>οἷον</em></span> <span class='ocrx_word' id='word_1_673' title='bbox 3460 2779 3522 2831; x_wconf 77' lang='grc' dir='ltr'><em>αἰ</em></span> <span class='ocrx_word' id='word_1_674' title='bbox 3566 2779 3726 2829; x_wconf 81' lang='grc' dir='ltr'><em>πέντε</em></span> 
     </span>
    </p>
   </div>
   <div class='ocr_carea' id='block_1_87' title="bbox 2138 2870 3729 2951">
    <p class='ocr_par' dir='ltr' id='par_1_87' title="bbox 2138 2870 3729 2951">
     <span class='ocr_line' id='line_1_87' title="bbox 2138 2870 3729 2951; baseline -0.009 -18"><span class='ocrx_word' id='word_1_675' title='bbox 2138 2879 2430 2951; x_wconf 82' lang='grc' dir='ltr'><em>παρθένοι·</em></span> <span class='ocrx_word' id='word_1_676' title='bbox 2477 2879 2535 2931; x_wconf 90' lang='grc' dir='ltr'><em>ἐν</em></span> <span class='ocrx_word' id='word_1_677' title='bbox 2593 2874 2828 2945; x_wconf 82' lang='grc' dir='ltr'><em>πλούτῳ,</em></span> <span class='ocrx_word' id='word_1_678' title='bbox 2886 2876 2913 2927; x_wconf 87' lang='lat'><em>6</em></span> <span class='ocrx_word' id='word_1_679' title='bbox 2966 2874 3219 2936; x_wconf 82' lang='grc' dir='ltr'><em>πλούσιος</em></span> <span class='ocrx_word' id='word_1_680' title='bbox 3267 2874 3296 2925; x_wconf 89' lang='lat'><em>6</em></span> <span class='ocrx_word' id='word_1_681' title='bbox 3332 2870 3427 2923; x_wconf 78' lang='grc' dir='ltr'><em>τὸν</em></span> <span class='ocrx_word' id='word_1_682' title='bbox 3473 2870 3729 2936; x_wconf 65' lang='grc' dir='ltr'><em>Λάζαρον</em></span> 
     </span>
    </p>
   </div>
   <div class='ocr_carea' id='block_1_88' title="bbox 2139 2958 3729 3042">
    <p class='ocr_par' dir='ltr' id='par_1_88' title="bbox 2139 2958 3729 3042">
     <span class='ocr_line' id='line_1_88' title="bbox 2139 2958 3729 3042; baseline -0.011 -17"><span class='ocrx_word' id='word_1_683' title='bbox 2139 2969 2425 3042; x_wconf 81' lang='grc' dir='ltr'><em>περιορῶν·</em></span> <span class='ocrx_word' id='word_1_684' title='bbox 2442 2972 2498 3023; x_wconf 87' lang='grc' dir='ltr'><em>ἐν</em></span> <span class='ocrx_word' id='word_1_685' title='bbox 2514 2967 2671 3037; x_wconf 77' lang='grc' dir='ltr'><em>πενίᾳ</em></span> <span class='ocrx_word' id='word_1_686' title='bbox 2685 2966 2868 3037; x_wconf 88' lang='grc' dir='ltr'><em>μυρίοι</em></span> <span class='ocrx_word' id='word_1_687' title='bbox 2884 2965 2963 3018; x_wconf 76' lang='grc' dir='ltr'><em>ἔτι</em></span> <span class='ocrx_word' id='word_1_688' title='bbox 2983 2964 3078 3016; x_wconf 78' lang='grc' dir='ltr'><em>καὶ</em></span> <span class='ocrx_word' id='word_1_689' title='bbox 3094 2962 3188 3016; x_wconf 80' lang='grc' dir='ltr'><em>νῦν</em></span> <span class='ocrx_word' id='word_1_690' title='bbox 3207 2963 3441 3030; x_wconf 78' lang='grc' dir='ltr'><em>πένητες</em></span> <span class='ocrx_word' id='word_1_691' title='bbox 3461 2958 3729 3011; x_wconf 75' lang='grc' dir='ltr'><em>ἀπόλλυν-</em></span> 
     </span>
    </p>
   </div>
   <div class='ocr_carea' id='block_1_89' title="bbox 2137 3051 3728 3132">
    <p class='ocr_par' dir='ltr' id='par_1_89' title="bbox 2137 3051 3728 3132">
     <span class='ocr_line' id='line_1_89' title="bbox 2137 3051 3728 3132; baseline -0.009 -15"><span class='ocrx_word' id='word_1_692' title='bbox 2137 3081 2246 3117; x_wconf 87' lang='grc' dir='ltr'><em>ται.</em></span> <span class='ocrx_word' id='word_1_693' title='bbox 2294 3064 2380 3116; x_wconf 88' lang='grc' dir='ltr'><em>Ἐν</em></span> <span class='ocrx_word' id='word_1_694' title='bbox 2415 3059 2658 3132; x_wconf 77' lang='grc' dir='ltr'><em>βασιλείᾳ</em></span> <span class='ocrx_word' id='word_1_695' title='bbox 2701 3058 2948 3128; x_wconf 83' lang='grc' dir='ltr'><em>δείκνυμι</em></span> <span class='ocrx_word' id='word_1_696' title='bbox 2980 3056 3207 3119; x_wconf 80' lang='grc' dir='ltr'><em>πολλοὺς</em></span> <span class='ocrx_word' id='word_1_697' title='bbox 3244 3052 3621 3113; x_wconf 81' lang='grc' dir='ltr'><em>ἀπολωλότας,</em></span> <span class='ocrx_word' id='word_1_698' title='bbox 3670 3051 3728 3102; x_wconf 81' lang='grc' dir='ltr'><em>ἐν</em></span> 
     </span>
    </p>
   </div>
   <div class='ocr_carea' id='block_1_90' title="bbox 2135 3144 3727 3224">
    <p class='ocr_par' dir='ltr' id='par_1_90' title="bbox 2135 3144 3727 3224">
     <span class='ocr_line' id='line_1_90' title="bbox 2135 3144 3727 3224; baseline -0.008 -17"><span class='ocrx_word' id='word_1_699' title='bbox 2135 3153 2482 3224; x_wconf 78' lang='grc' dir='ltr'><em>δημαγωγία.</em></span> <span class='ocrx_word' id='word_1_700' title='bbox 2531 3151 2716 3215; x_wconf 83' lang='grc' dir='ltr'><em>Θέλεις</em></span> <span class='ocrx_word' id='word_1_701' title='bbox 2741 3151 2798 3202; x_wconf 85' lang='grc' dir='ltr'><em>δὲ</em></span> <span class='ocrx_word' id='word_1_702' title='bbox 2816 3150 2911 3204; x_wconf 78' lang='grc' dir='ltr'><em>καὶ</em></span> <span class='ocrx_word' id='word_1_703' title='bbox 2943 3150 2999 3201; x_wconf 92' lang='grc' dir='ltr'><em>ἐν</em></span> <span class='ocrx_word' id='word_1_704' title='bbox 3018 3148 3375 3218; x_wconf 84' lang='grc' dir='ltr'><em>στρατιωτικῇ</em></span> <span class='ocrx_word' id='word_1_705' title='bbox 3409 3144 3571 3208; x_wconf 76' lang='grc' dir='ltr'><em>τάξει</em></span> <span class='ocrx_word' id='word_1_706' title='bbox 3601 3144 3727 3197; x_wconf 78' lang='grc' dir='ltr'><em>ἰδεῖν</em></span> 
     </span>
    </p>
   </div>
   <div class='ocr_carea' id='block_1_91' title="bbox 2139 3234 3727 3313">
    <p class='ocr_par' dir='ltr' id='par_1_91' title="bbox 2139 3234 3727 3313">
     <span class='ocr_line' id='line_1_91' title="bbox 2139 3234 3727 3313; baseline -0.008 -17"><span class='ocrx_word' id='word_1_707' title='bbox 2139 3243 2506 3313; x_wconf 72' lang='grc' dir='ltr'><em>σωζομένουςς</em></span> <span class='ocrx_word' id='word_1_708' title='bbox 2560 3241 2663 3312; x_wconf 80' lang='grc' dir='ltr'><em>ὅρα</em></span> <span class='ocrx_word' id='word_1_709' title='bbox 2705 3241 2796 3294; x_wconf 83' lang='grc' dir='ltr'><em>τὸν</em></span> <span class='ocrx_word' id='word_1_710' title='bbox 2828 3237 3123 3310; x_wconf 79' lang='grc' dir='ltr'><em>Κορνήλιον</em></span> <span class='ocrx_word' id='word_1_711' title='bbox 3147 3254 3163 3270; x_wconf 93' lang='grc'><em>·</em></span> <span class='ocrx_word' id='word_1_712' title='bbox 3190 3238 3283 3289; x_wconf 75' lang='grc' dir='ltr'><em>καὶ</em></span> <span class='ocrx_word' id='word_1_713' title='bbox 3320 3236 3379 3287; x_wconf 90' lang='grc' dir='ltr'><em>ἐν</em></span> <span class='ocrx_word' id='word_1_714' title='bbox 3413 3234 3727 3305; x_wconf 70' lang='grc' dir='ltr'><em>προστασία</em></span> 
     </span>
    </p>
   </div>
   <div class='ocr_carea' id='block_1_92' title="bbox 2136 3324 3723 3403">
    <p class='ocr_par' dir='ltr' id='par_1_92' title="bbox 2136 3324 3723 3403">
     <span class='ocr_line' id='line_1_92' title="bbox 2136 3324 3723 3403; baseline -0.008 -16"><span class='ocrx_word' id='word_1_715' title='bbox 2136 3335 2343 3399; x_wconf 88' lang='grc' dir='ltr'><em>οἰκίας;</em></span> <span class='ocrx_word' id='word_1_716' title='bbox 2375 3332 2538 3403; x_wconf 87' lang='grc' dir='ltr'><em>βλέπε</em></span> <span class='ocrx_word' id='word_1_717' title='bbox 2578 3332 2669 3385; x_wconf 79' lang='grc' dir='ltr'><em>τὸν</em></span> <span class='ocrx_word' id='word_1_718' title='bbox 2713 3330 2966 3400; x_wconf 76' lang='grc' dir='ltr'><em>εὐνοῦχον</em></span> <span class='ocrx_word' id='word_1_719' title='bbox 2996 3329 3097 3398; x_wconf 82' lang='grc' dir='ltr'><em>τῆς</em></span> <span class='ocrx_word' id='word_1_720' title='bbox 3138 3327 3527 3396; x_wconf 80' lang='grc' dir='ltr'><em>Δίθιοπίσσης.</em></span> <span class='ocrx_word' id='word_1_721' title='bbox 3571 3324 3723 3378; x_wconf 68' lang='grc' dir='ltr'><em>Οὕτω</em></span> 
     </span>
    </p>
   </div>
   <div class='ocr_carea' id='block_1_93' title="bbox 2136 3415 3725 3491">
    <p class='ocr_par' dir='ltr' id='par_1_93' title="bbox 2136 3415 3725 3491">
     <span class='ocr_line' id='line_1_93' title="bbox 2136 3415 3725 3491; baseline -0.009 -12"><span class='ocrx_word' id='word_1_722' title='bbox 2136 3424 2401 3479; x_wconf 88' lang='grc' dir='ltr'><em>πάντοθεν</em></span> <span class='ocrx_word' id='word_1_723' title='bbox 2454 3424 2549 3476; x_wconf 76' lang='grc' dir='ltr'><em>ἐὰν</em></span> <span class='ocrx_word' id='word_1_724' title='bbox 2590 3424 2670 3486; x_wconf 87' lang='grc' dir='ltr'><em>εἰς</em></span> <span class='ocrx_word' id='word_1_725' title='bbox 2698 3422 2816 3476; x_wconf 85' lang='grc' dir='ltr'><em>δέον</em></span> <span class='ocrx_word' id='word_1_726' title='bbox 2854 3420 2932 3491; x_wconf 85' lang='grc' dir='ltr'><em>τῷ</em></span> <span class='ocrx_word' id='word_1_727' title='bbox 2981 3419 3197 3488; x_wconf 84' lang='grc' dir='ltr'><em>πλούτῳ</em></span> <span class='ocrx_word' id='word_1_728' title='bbox 3243 3416 3536 3488; x_wconf 85' lang='grc' dir='ltr'><em>χρώμεθα,</em></span> <span class='ocrx_word' id='word_1_729' title='bbox 3576 3415 3725 3467; x_wconf 71' lang='grc' dir='ltr'><em>οὐδὲν</em></span> 
     </span>
    </p>
   </div>
   <div class='ocr_carea' id='block_1_94' title="bbox 2137 3506 3723 3588">
    <p class='ocr_par' dir='ltr' id='par_1_94' title="bbox 2137 3506 3723 3588">
     <span class='ocr_line' id='line_1_94' title="bbox 2137 3506 3723 3588; baseline -0.009 -18"><span class='ocrx_word' id='word_1_730' title='bbox 2137 3518 2285 3588; x_wconf 76' lang='grc' dir='ltr'><em>ἡμᾶς</em></span> <span class='ocrx_word' id='word_1_731' title='bbox 2312 3515 2537 3569; x_wconf 88' lang='grc' dir='ltr'><em>ἀπολεῖ·</em></span> <span class='ocrx_word' id='word_1_732' title='bbox 2569 3515 2665 3567; x_wconf 82' lang='grc' dir='ltr'><em>ἐὰν</em></span> <span class='ocrx_word' id='word_1_733' title='bbox 2688 3513 2743 3565; x_wconf 85' lang='grc' dir='ltr'><em>δὲ</em></span> <span class='ocrx_word' id='word_1_734' title='bbox 2784 3512 2881 3583; x_wconf 85' lang='grc' dir='ltr'><em>μὴ,</em></span> <span class='ocrx_word' id='word_1_735' title='bbox 2928 3511 3143 3565; x_wconf 77' lang='grc' dir='ltr'><em>ἅπαντα</em></span> <span class='ocrx_word' id='word_1_736' title='bbox 3181 3508 3400 3573; x_wconf 88' lang='grc' dir='ltr'><em>ἀπολεῖ,</em></span> <span class='ocrx_word' id='word_1_737' title='bbox 3450 3507 3551 3559; x_wconf 69' lang='grc' dir='ltr'><em>καὶ</em></span> <span class='ocrx_word' id='word_1_738' title='bbox 3578 3506 3723 3575; x_wconf 74' lang='grc' dir='ltr'><em>βασι-</em></span> 
     </span>
    </p>
   </div>
   <div class='ocr_carea' id='block_1_95' title="bbox 2137 3600 3722 3671">
    <p class='ocr_par' dir='ltr' id='par_1_95' title="bbox 2137 3600 3722 3671">
     <span class='ocr_line' id='line_1_95' title="bbox 2137 3600 3722 3671; baseline -0.008 -10"><span class='ocrx_word' id='word_1_739' title='bbox 2137 3608 2277 3671; x_wconf 87' lang='grc' dir='ltr'><em>λεία,</em></span> <span class='ocrx_word' id='word_1_740' title='bbox 2324 3607 2417 3660; x_wconf 74' lang='grc' dir='ltr'><em>καὶ</em></span> <span class='ocrx_word' id='word_1_741' title='bbox 2446 3605 2625 3668; x_wconf 89' lang='grc' dir='ltr'><em>πενία,</em></span> <span class='ocrx_word' id='word_1_742' title='bbox 2669 3603 2762 3658; x_wconf 82' lang='grc' dir='ltr'><em>καὶ</em></span> <span class='ocrx_word' id='word_1_743' title='bbox 2790 3602 3041 3664; x_wconf 84' lang='grc' dir='ltr'><em>πλοῦτος.</em></span> <span class='ocrx_word' id='word_1_744' title='bbox 3092 3600 3198 3655; x_wconf 86' lang='grc' dir='ltr'><em>Τὸν</em></span> <span class='ocrx_word' id='word_1_745' title='bbox 3249 3600 3436 3670; x_wconf 81' lang='grc' dir='ltr'><em>μέντοι</em></span> <span class='ocrx_word' id='word_1_746' title='bbox 3483 3600 3722 3669; x_wconf 73' lang='grc' dir='ltr'><em>νήφοντα</em></span> 
     </span>
    </p>
   </div>
   <div class='ocr_carea' id='block_1_96' title="bbox 2136 3692 3722 3771">
    <p class='ocr_par' dir='ltr' id='par_1_96' title="bbox 2136 3692 3722 3771">
     <span class='ocr_line' id='line_1_96' title="bbox 2136 3692 3722 3771; baseline -0.008 -16"><span class='ocrx_word' id='word_1_747' title='bbox 2136 3701 2288 3755; x_wconf 81' lang='grc' dir='ltr'><em>οὐδὲν</em></span> <span class='ocrx_word' id='word_1_748' title='bbox 2320 3698 2519 3771; x_wconf 77' lang='grc' dir='ltr'><em>βλάψαι</em></span> <span class='ocrx_word' id='word_1_749' title='bbox 2550 3698 2858 3768; x_wconf 77' lang='grc' dir='ltr'><em>δυνήσεται.</em></span> <span class='ocrx_word' id='word_1_750' title='bbox 2910 3694 3047 3750; x_wconf 86' lang='grc' dir='ltr'><em>Είπὲ</em></span> <span class='ocrx_word' id='word_1_751' title='bbox 3073 3693 3183 3764; x_wconf 93' lang='grc' dir='ltr'><em>γάρ</em></span> <span class='ocrx_word' id='word_1_752' title='bbox 3223 3710 3333 3763; x_wconf 89' lang='grc' dir='ltr'><em>μοι,</em></span> <span class='ocrx_word' id='word_1_753' title='bbox 3366 3692 3722 3761; x_wconf 71' lang='grc' dir='ltr'><em>αἰχμαλωτία</em></span> 
     </span>
    </p>
   </div>
   <div class='ocr_carea' id='block_1_97' title="bbox 2137 3782 3723 3861">
    <p class='ocr_par' dir='ltr' id='par_1_97' title="bbox 2137 3782 3723 3861">
     <span class='ocr_line' id='line_1_97' title="bbox 2137 3782 3723 3861; baseline -0.009 -15"><span class='ocrx_word' id='word_1_754' title='bbox 2137 3792 2189 3847; x_wconf 91' lang='grc' dir='ltr'><em>τί</em></span> <span class='ocrx_word' id='word_1_755' title='bbox 2216 3791 2485 3861; x_wconf 75' lang='grc' dir='ltr'><em>ἐδλαψενς</em></span> <span class='ocrx_word' id='word_1_756' title='bbox 2517 3789 2682 3843; x_wconf 85' lang='grc' dir='ltr'><em>Οὐδέν</em></span> <span class='ocrx_word' id='word_1_757' title='bbox 2701 3806 2716 3821; x_wconf 92' lang='grc'><em>·</em></span> <span class='ocrx_word' id='word_1_758' title='bbox 2747 3788 2915 3842; x_wconf 86' lang='grc' dir='ltr'><em>ἐννόει</em></span> <span class='ocrx_word' id='word_1_759' title='bbox 2930 3786 3039 3858; x_wconf 88' lang='grc' dir='ltr'><em>γάρ</em></span> <span class='ocrx_word' id='word_1_760' title='bbox 3067 3803 3157 3856; x_wconf 91' lang='grc' dir='ltr'><em>μοι</em></span> <span class='ocrx_word' id='word_1_761' title='bbox 3181 3784 3270 3837; x_wconf 79' lang='grc' dir='ltr'><em>τὸν</em></span> <span class='ocrx_word' id='word_1_762' title='bbox 3312 3783 3521 3853; x_wconf 75' lang='grc' dir='ltr'><em>Ἰωσὴφ</em></span> <span class='ocrx_word' id='word_1_763' title='bbox 3543 3782 3723 3834; x_wconf 69' lang='grc' dir='ltr'><em>δοῦλον</em></span> 
     </span>
    </p>
   </div>
   <div class='ocr_carea' id='block_1_98' title="bbox 2137 3874 3719 3954">
    <p class='ocr_par' dir='ltr' id='par_1_98' title="bbox 2137 3874 3719 3954">
     <span class='ocr_line' id='line_1_98' title="bbox 2137 3874 3719 3954; baseline -0.011 -15"><span class='ocrx_word' id='word_1_764' title='bbox 2137 3886 2447 3954; x_wconf 88' lang='grc' dir='ltr'><em>γενόμενον,</em></span> <span class='ocrx_word' id='word_1_765' title='bbox 2477 3882 2572 3936; x_wconf 73' lang='grc' dir='ltr'><em>καὶ</em></span> <span class='ocrx_word' id='word_1_766' title='bbox 2611 3882 2711 3952; x_wconf 84' lang='grc' dir='ltr'><em>τὴν</em></span> <span class='ocrx_word' id='word_1_767' title='bbox 2751 3880 2955 3952; x_wconf 81' lang='grc' dir='ltr'><em>ἀρετὴν</em></span> <span class='ocrx_word' id='word_1_768' title='bbox 3000 3876 3333 3942; x_wconf 68' lang='grc' dir='ltr'><em>διασώζονται</em></span> <span class='ocrx_word' id='word_1_769' title='bbox 3355 3892 3371 3907; x_wconf 88' lang='grc'><em>·</em></span> <span class='ocrx_word' id='word_1_770' title='bbox 3428 3874 3607 3928; x_wconf 67' lang='grc' dir='ltr'><em>ἐννόει</em></span> <span class='ocrx_word' id='word_1_771' title='bbox 3636 3891 3719 3940; x_wconf 79' lang='grc' dir='ltr'><em>μοι</em></span> 
     </span>
    </p>
   </div>
   <div class='ocr_carea' id='block_1_99' title="bbox 2137 3965 3719 4046">
    <p class='ocr_par' dir='ltr' id='par_1_99' title="bbox 2137 3965 3719 4046">
     <span class='ocr_line' id='line_1_99' title="bbox 2137 3965 3719 4046; baseline -0.01 -15"><span class='ocrx_word' id='word_1_772' title='bbox 2137 3978 2227 4031; x_wconf 86' lang='grc' dir='ltr'><em>τὸν</em></span> <span class='ocrx_word' id='word_1_773' title='bbox 2255 3974 2472 4046; x_wconf 82' lang='grc' dir='ltr'><em>Δανιὴλ,</em></span> <span class='ocrx_word' id='word_1_774' title='bbox 2504 3972 2747 4035; x_wconf 77' lang='grc' dir='ltr'><em>καὶτοὺς</em></span> <span class='ocrx_word' id='word_1_775' title='bbox 2772 3972 2920 4042; x_wconf 91' lang='grc' dir='ltr'><em>τρεῖς</em></span> <span class='ocrx_word' id='word_1_776' title='bbox 2949 3970 3143 4032; x_wconf 88' lang='grc' dir='ltr'><em>παῖδας</em></span> <span class='ocrx_word' id='word_1_777' title='bbox 3162 3965 3551 4038; x_wconf 85' lang='grc' dir='ltr'><em>αἰχμαλώτους</em></span> <span class='ocrx_word' id='word_1_778' title='bbox 3575 3982 3719 4032; x_wconf 82' lang='grc' dir='ltr'><em>γενο-</em></span> 
     </span>
    </p>
   </div>
   <div class='ocr_carea' id='block_1_100' title="bbox 2144 4053 3718 4139">
    <p class='ocr_par' dir='ltr' id='par_1_100' title="bbox 2144 4053 3718 4139">
     <span class='ocr_line' id='line_1_100' title="bbox 2144 4053 3718 4139; baseline -0.01 -17"><span class='ocrx_word' id='word_1_779' title='bbox 2144 4068 2357 4139; x_wconf 87' lang='grc' dir='ltr'><em>μένους,</em></span> <span class='ocrx_word' id='word_1_780' title='bbox 2393 4066 2486 4119; x_wconf 76' lang='grc' dir='ltr'><em>καὶ</em></span> <span class='ocrx_word' id='word_1_781' title='bbox 2528 4063 2644 4127; x_wconf 84' lang='grc' dir='ltr'><em>πῶς</em></span> <span class='ocrx_word' id='word_1_782' title='bbox 2675 4061 2853 4133; x_wconf 83' lang='grc' dir='ltr'><em>πολλῷ</em></span> <span class='ocrx_word' id='word_1_783' title='bbox 2886 4060 3085 4132; x_wconf 81' lang='grc' dir='ltr'><em>μᾶλλον</em></span> <span class='ocrx_word' id='word_1_784' title='bbox 3112 4058 3383 4129; x_wconf 74' lang='grc' dir='ltr'><em>ἔλαμψαν.</em></span> <span class='ocrx_word' id='word_1_785' title='bbox 3439 4053 3718 4124; x_wconf 71' lang='grc' dir='ltr'><em>Πανταχοῦ</em></span> 
     </span>
    </p>
   </div>
   <div class='ocr_carea' id='block_1_101' title="bbox 2139 4147 3721 4229">
    <p class='ocr_par' dir='ltr' id='par_1_101' title="bbox 2139 4147 3721 4229">
     <span class='ocr_line' id='line_1_101' title="bbox 2139 4147 3721 4229; baseline -0.009 -17"><span class='ocrx_word' id='word_1_786' title='bbox 2139 4157 2248 4229; x_wconf 84' lang='grc' dir='ltr'><em>γὰρ</em></span> <span class='ocrx_word' id='word_1_787' title='bbox 2277 4158 2312 4227; x_wconf 76' lang='grc' dir='ltr'><strong>ἡ</strong></span> <span class='ocrx_word' id='word_1_788' title='bbox 2344 4154 2515 4227; x_wconf 85' lang='grc' dir='ltr'><em>ἀρετὴ</em></span> <span class='ocrx_word' id='word_1_789' title='bbox 2554 4154 2783 4224; x_wconf 88' lang='grc' dir='ltr'><em>λάμπει,</em></span> <span class='ocrx_word' id='word_1_790' title='bbox 2832 4152 2926 4205; x_wconf 76' lang='grc' dir='ltr'><em>καὶ</em></span> <span class='ocrx_word' id='word_1_791' title='bbox 2970 4149 3419 4218; x_wconf 77' lang='grc' dir='ltr'><em>ἀκαταγώνιστός</em></span> <span class='ocrx_word' id='word_1_792' title='bbox 3460 4149 3605 4212; x_wconf 87' lang='grc' dir='ltr'><em>ἐστι,</em></span> <span class='ocrx_word' id='word_1_793' title='bbox 3632 4147 3721 4199; x_wconf 81' lang='grc' dir='ltr'><em>καὶ</em></span> 
     </span>
    </p>
   </div>
   <div class='ocr_carea' id='block_1_102' title="bbox 2140 4239 3718 4318">
    <p class='ocr_par' dir='ltr' id='par_1_102' title="bbox 2140 4239 3718 4318">
     <span class='ocr_line' id='line_1_102' title="bbox 2140 4239 3718 4318; baseline -0.01 -17"><span class='ocrx_word' id='word_1_794' title='bbox 2140 4249 2291 4301; x_wconf 79' lang='grc' dir='ltr'><em>οὐδὲν</em></span> <span class='ocrx_word' id='word_1_795' title='bbox 2311 4247 2514 4318; x_wconf 87' lang='grc' dir='ltr'><em>ταύτην</em></span> <span class='ocrx_word' id='word_1_796' title='bbox 2539 4244 2827 4316; x_wconf 83' lang='grc' dir='ltr'><em>ἐμποδίσαι</em></span> <span class='ocrx_word' id='word_1_797' title='bbox 2858 4242 3098 4297; x_wconf 83' lang='grc' dir='ltr'><em>δύναται.</em></span> <span class='ocrx_word' id='word_1_798' title='bbox 3126 4240 3190 4293; x_wconf 86' lang='grc' dir='ltr'><em>Τί</em></span> <span class='ocrx_word' id='word_1_799' title='bbox 3219 4239 3361 4309; x_wconf 84' lang='grc' dir='ltr'><em>λέγω</em></span> <span class='ocrx_word' id='word_1_800' title='bbox 3403 4240 3604 4292; x_wconf 77' lang='grc' dir='ltr'><em>πενίαν</em></span> <span class='ocrx_word' id='word_1_801' title='bbox 3633 4240 3718 4290; x_wconf 78' lang='grc' dir='ltr'><em>καὶ</em></span> 
     </span>
    </p>
   </div>
   <div class='ocr_carea' id='block_1_103' title="bbox 2140 4331 3716 4410">
    <p class='ocr_par' dir='ltr' id='par_1_103' title="bbox 2140 4331 3716 4410">
     <span class='ocr_line' id='line_1_103' title="bbox 2140 4331 3716 4410; baseline -0.007 -16"><span class='ocrx_word' id='word_1_802' title='bbox 2140 4338 2519 4410; x_wconf 86' lang='grc' dir='ltr'><em>αἰχμαλωσίαν</em></span> <span class='ocrx_word' id='word_1_803' title='bbox 2545 4337 2639 4392; x_wconf 72' lang='grc' dir='ltr'><em>καὶ</em></span> <span class='ocrx_word' id='word_1_804' title='bbox 2663 4334 2905 4389; x_wconf 85' lang='grc' dir='ltr'><em>δουλείαν</em></span> <span class='ocrx_word' id='word_1_805' title='bbox 2926 4352 2942 4403; x_wconf 87' lang='grc'>;</span> <span class='ocrx_word' id='word_1_806' title='bbox 2971 4334 3089 4389; x_wconf 72' lang='grc' dir='ltr'><em>οὑδέ</em></span> <span class='ocrx_word' id='word_1_807' title='bbox 3112 4333 3289 4404; x_wconf 82' lang='grc' dir='ltr'><em>λιμὸς,</em></span> <span class='ocrx_word' id='word_1_808' title='bbox 3320 4332 3447 4386; x_wconf 79' lang='grc' dir='ltr'><em>οὐδὲ</em></span> <span class='ocrx_word' id='word_1_809' title='bbox 3470 4331 3716 4393; x_wconf 73' lang='grc' dir='ltr'><em>ἕλκωσις,</em></span> 
     </span>
    </p>
   </div>
   <div class='ocr_carea' id='block_1_104' title="bbox 2141 4422 3717 4496">
    <p class='ocr_par' dir='ltr' id='par_1_104' title="bbox 2141 4422 3717 4496">
     <span class='ocr_line' id='line_1_104' title="bbox 2141 4422 3717 4496; baseline -0.008 -11"><span class='ocrx_word' id='word_1_810' title='bbox 2141 4433 2263 4485; x_wconf 84' lang='grc' dir='ltr'><em>οὑδέ</em></span> <span class='ocrx_word' id='word_1_811' title='bbox 2315 4431 2468 4493; x_wconf 89' lang='grc' dir='ltr'><em>νόσος</em></span> <span class='ocrx_word' id='word_1_812' title='bbox 2508 4427 2732 4482; x_wconf 87' lang='grc' dir='ltr'><em>δύναται</em></span> <span class='ocrx_word' id='word_1_813' title='bbox 2788 4425 3022 4496; x_wconf 77' lang='grc' dir='ltr'><em>βλάψαι·</em></span> <span class='ocrx_word' id='word_1_814' title='bbox 3076 4423 3319 4485; x_wconf 87' lang='grc' dir='ltr'><em>δουλείας</em></span> <span class='ocrx_word' id='word_1_815' title='bbox 3387 4422 3501 4493; x_wconf 87' lang='grc' dir='ltr'><em>γάρ</em></span> <span class='ocrx_word' id='word_1_816' title='bbox 3574 4424 3717 4481; x_wconf 70' lang='grc' dir='ltr'><em>νόσος</em></span> 
     </span>
    </p>
   </div>
   <div class='ocr_carea' id='block_1_105' title="bbox 2142 4507 3715 4596">
    <p class='ocr_par' dir='ltr' id='par_1_105' title="bbox 2142 4507 3715 4596">
     <span class='ocr_line' id='line_1_105' title="bbox 2142 4507 3715 4596; baseline -0.01 -19"><span class='ocrx_word' id='word_1_817' title='bbox 2142 4522 2541 4596; x_wconf 89' lang='grc' dir='ltr'><em>χαλεπώτερον.</em></span> <span class='ocrx_word' id='word_1_818' title='bbox 2589 4518 2841 4580; x_wconf 82' lang='grc' dir='ltr'><em>Τοιοῦτος</em></span> <span class='ocrx_word' id='word_1_819' title='bbox 2876 4512 2944 4587; x_wconf 77' lang='grc' dir='ltr'><em>ἦν</em></span> <span class='ocrx_word' id='word_1_820' title='bbox 2976 4517 3004 4568; x_wconf 89' lang='lat'><em>6</em></span> <span class='ocrx_word' id='word_1_821' title='bbox 3032 4514 3301 4584; x_wconf 77' lang='grc' dir='ltr'><em>Λάζαρος,</em></span> <span class='ocrx_word' id='word_1_822' title='bbox 3330 4512 3580 4574; x_wconf 77' lang='grc' dir='ltr'><em>τοιοῦτος</em></span> <span class='ocrx_word' id='word_1_823' title='bbox 3606 4507 3669 4581; x_wconf 69' lang='grc' dir='ltr'><em>ἦν</em></span> <span class='ocrx_word' id='word_1_824' title='bbox 3689 4513 3715 4561; x_wconf 79' lang='lat'><em>6</em></span> 
     </span>
    </p>
   </div>
   <div class='ocr_carea' id='block_1_106' title="bbox 2154 4605 3715 4683">
    <p class='ocr_par' dir='ltr' id='par_1_106' title="bbox 2154 4605 3715 4683">
     <span class='ocr_line' id='line_1_106' title="bbox 2154 4605 3715 4683; baseline -0.01 -13"><span class='ocrx_word' id='word_1_825' title='bbox 2154 4616 2296 4681; x_wconf 81' lang='grc' dir='ltr'><em>Ἰὼϐ,</em></span> <span class='ocrx_word' id='word_1_826' title='bbox 2322 4614 2560 4677; x_wconf 82' lang='grc' dir='ltr'><em>τοιοῦτος</em></span> <span class='ocrx_word' id='word_1_827' title='bbox 2579 4608 2647 4683; x_wconf 81' lang='grc' dir='ltr'><em>ἦν</em></span> <span class='ocrx_word' id='word_1_828' title='bbox 2677 4610 2768 4666; x_wconf 79' lang='grc' dir='ltr'><em>καὶ</em></span> <span class='ocrx_word' id='word_1_829' title='bbox 2795 4613 2824 4664; x_wconf 91' lang='lat'><em>6</em></span> <span class='ocrx_word' id='word_1_830' title='bbox 2852 4608 3111 4678; x_wconf 86' lang='grc' dir='ltr'><em>Τιμόθεος</em></span> <span class='ocrx_word' id='word_1_831' title='bbox 3142 4608 3376 4669; x_wconf 87' lang='grc' dir='ltr'><em>πυκναῖς</em></span> <span class='ocrx_word' id='word_1_832' title='bbox 3413 4605 3715 4663; x_wconf 77' lang='grc' dir='ltr'><em>ἀσθενείαις</em></span> 
     </span>
    </p>
   </div>
   <div class='ocr_carea' id='block_1_107' title="bbox 2146 4710 2521 4779">
    <p class='ocr_par' dir='ltr' id='par_1_107' title="bbox 2146 4710 2521 4779">
     <span class='ocr_line' id='line_1_107' title="bbox 2146 4710 2521 4779; baseline -0.005 -17"><span class='ocrx_word' id='word_1_833' title='bbox 2146 4710 2521 4779; x_wconf 86' lang='grc' dir='ltr'><em>συνεχόμενος.</em></span> 
     </span>
    </p>
   </div>
   <div class='ocr_carea' id='block_1_108' title="bbox 2223 4787 3710 4869">
    <p class='ocr_par' dir='ltr' id='par_1_108' title="bbox 2223 4787 3710 4869">
     <span class='ocr_line' id='line_1_108' title="bbox 2223 4787 3710 4869; baseline -0.01 -17"><span class='ocrx_word' id='word_1_834' title='bbox 2223 4800 2386 4869; x_wconf 84' lang='grc' dir='ltr'><em>Ὁρᾷς</em></span> <span class='ocrx_word' id='word_1_835' title='bbox 2418 4798 2498 4850; x_wconf 83' lang='grc' dir='ltr'><em>ὅτι</em></span> <span class='ocrx_word' id='word_1_836' title='bbox 2527 4796 2624 4867; x_wconf 81' lang='grc' dir='ltr'><em>τῆς</em></span> <span class='ocrx_word' id='word_1_837' title='bbox 2643 4795 2842 4868; x_wconf 83' lang='grc' dir='ltr'><em>ἀρετῆς</em></span> <span class='ocrx_word' id='word_1_838' title='bbox 2867 4793 3017 4846; x_wconf 77' lang='grc' dir='ltr'><em>οὐδὲν</em></span> <span class='ocrx_word' id='word_1_839' title='bbox 3039 4791 3258 4845; x_wconf 77' lang='grc' dir='ltr'><em>δύναται</em></span> <span class='ocrx_word' id='word_1_840' title='bbox 3298 4787 3710 4859; x_wconf 72' lang='grc' dir='ltr'><em>περιγενέσθαις</em></span> 
     </span>
    </p>
   </div>
   <div class='ocr_carea' id='block_1_109' title="bbox 2140 4878 3711 4954">
    <p class='ocr_par' dir='ltr' id='par_1_109' title="bbox 2140 4878 3711 4954">
     <span class='ocr_line' id='line_1_109' title="bbox 2140 4878 3711 4954; baseline -0.01 -11"><span class='ocrx_word' id='word_1_841' title='bbox 2140 4892 2203 4945; x_wconf 79' lang='grc' dir='ltr'><em>οὐ</em></span> <span class='ocrx_word' id='word_1_842' title='bbox 2234 4889 2481 4953; x_wconf 79' lang='grc' dir='ltr'><em>πλοῦτος,</em></span> <span class='ocrx_word' id='word_1_843' title='bbox 2510 4887 2571 4941; x_wconf 88' lang='grc' dir='ltr'><em>οὐ</em></span> <span class='ocrx_word' id='word_1_844' title='bbox 2610 4887 2789 4952; x_wconf 87' lang='grc' dir='ltr'><em>πενία,</em></span> <span class='ocrx_word' id='word_1_845' title='bbox 2813 4885 2912 4937; x_wconf 85' lang='grc' dir='ltr'><em>οὐκ</em></span> <span class='ocrx_word' id='word_1_846' title='bbox 2939 4882 3104 4954; x_wconf 81' lang='grc' dir='ltr'><em>ἀρχὴ,</em></span> <span class='ocrx_word' id='word_1_847' title='bbox 3142 4881 3202 4936; x_wconf 79' lang='grc' dir='ltr'><em>οὐ</em></span> <span class='ocrx_word' id='word_1_848' title='bbox 3246 4880 3309 4932; x_wconf 84' lang='grc' dir='ltr'><em>τὺ</em></span> <span class='ocrx_word' id='word_1_849' title='bbox 3338 4880 3621 4951; x_wconf 84' lang='grc' dir='ltr'><em>ἄρχεσθαι,</em></span> <span class='ocrx_word' id='word_1_850' title='bbox 3651 4878 3711 4928; x_wconf 68' lang='grc' dir='ltr'><em>οὐ</em></span> 
     </span>
    </p>
   </div>
   <div class='ocr_carea' id='block_1_110' title="bbox 2139 4970 3711 5051">
    <p class='ocr_par' dir='ltr' id='par_1_110' title="bbox 2139 4970 3711 5051">
     <span class='ocr_line' id='line_1_110' title="bbox 2139 4970 3711 5051; baseline -0.009 -16"><span class='ocrx_word' id='word_1_851' title='bbox 2139 4982 2202 5035; x_wconf 80' lang='grc' dir='ltr'><em>τὸ</em></span> <span class='ocrx_word' id='word_1_852' title='bbox 2250 4980 2359 5033; x_wconf 87' lang='grc' dir='ltr'><em>τῶν</em></span> <span class='ocrx_word' id='word_1_853' title='bbox 2416 4978 2755 5051; x_wconf 88' lang='grc' dir='ltr'><em>πραγμάτων</em></span> <span class='ocrx_word' id='word_1_854' title='bbox 2819 4973 3198 5047; x_wconf 82' lang='grc' dir='ltr'><em>προΐστασθαι,</em></span> <span class='ocrx_word' id='word_1_855' title='bbox 3254 4974 3317 5025; x_wconf 80' lang='grc' dir='ltr'><em>οὐ</em></span> <span class='ocrx_word' id='word_1_856' title='bbox 3388 4972 3570 5034; x_wconf 82' lang='grc' dir='ltr'><em>νόσος,</em></span> <span class='ocrx_word' id='word_1_857' title='bbox 3612 4970 3711 5022; x_wconf 68' lang='grc' dir='ltr'><em>οὐκ</em></span> 
     </span>
    </p>
   </div>
   <div class='ocr_carea' id='block_1_111' title="bbox 2142 5064 3713 5142">
    <p class='ocr_par' dir='ltr' id='par_1_111' title="bbox 2142 5064 3713 5142">
     <span class='ocr_line' id='line_1_111' title="bbox 2142 5064 3713 5142; baseline -0.007 -16"><span class='ocrx_word' id='word_1_858' title='bbox 2142 5072 2347 5137; x_wconf 82' lang='grc' dir='ltr'><em>ἀδοξία,</em></span> <span class='ocrx_word' id='word_1_859' title='bbox 2380 5072 2441 5125; x_wconf 83' lang='grc' dir='ltr'><em>οὐ</em></span> <span class='ocrx_word' id='word_1_860' title='bbox 2474 5071 2533 5124; x_wconf 84' lang='grc' dir='ltr'><em>τὸ</em></span> <span class='ocrx_word' id='word_1_861' title='bbox 2560 5069 2895 5142; x_wconf 61' lang='grc' dir='ltr'><em>ἀπερρᾱρθαι</em></span> <span class='ocrx_word' id='word_1_862' title='bbox 2918 5087 2931 5099; x_wconf 92' lang='grc'><em>·</em></span> <span class='ocrx_word' id='word_1_863' title='bbox 2985 5066 3120 5121; x_wconf 88' lang='grc' dir='ltr'><em>ἀλλά</em></span> <span class='ocrx_word' id='word_1_864' title='bbox 3154 5065 3327 5120; x_wconf 82' lang='grc' dir='ltr'><em>ταῦτα</em></span> <span class='ocrx_word' id='word_1_865' title='bbox 3358 5066 3543 5118; x_wconf 86' lang='grc' dir='ltr'><em>πάντα</em></span> <span class='ocrx_word' id='word_1_866' title='bbox 3570 5064 3713 5116; x_wconf 74' lang='grc' dir='ltr'><em>κάτω</em></span> 
     </span>
    </p>
   </div>
   <div class='ocr_carea' id='block_1_112' title="bbox 2143 5152 3712 5231">
    <p class='ocr_par' dir='ltr' id='par_1_112' title="bbox 2143 5152 3712 5231">
     <span class='ocr_line' id='line_1_112' title="bbox 2143 5152 3712 5231; baseline -0.009 -15"><span class='ocrx_word' id='word_1_867' title='bbox 2143 5163 2239 5216; x_wconf 54' lang='grc' dir='ltr'><em>καὶ⁵</em></span> <span class='ocrx_word' id='word_1_868' title='bbox 2258 5163 2353 5215; x_wconf 55' lang='grc' dir='ltr'><em>ἐπὶ⁹</em></span> <span class='ocrx_word' id='word_1_869' title='bbox 2375 5161 2478 5231; x_wconf 78' lang='grc' dir='ltr'><em>γῆς</em></span> <span class='ocrx_word' id='word_1_870' title='bbox 2508 5162 2728 5229; x_wconf 87' lang='grc' dir='ltr'><em>ἀφεῖσα,</em></span> <span class='ocrx_word' id='word_1_871' title='bbox 2763 5158 2954 5227; x_wconf 89' lang='grc' dir='ltr'><em>φθάνει</em></span> <span class='ocrx_word' id='word_1_872' title='bbox 2979 5156 3112 5227; x_wconf 76' lang='grc' dir='ltr'><em>πρὸς</em></span> <span class='ocrx_word' id='word_1_873' title='bbox 3142 5156 3231 5208; x_wconf 87' lang='grc' dir='ltr'><em>τὸν</em></span> <span class='ocrx_word' id='word_1_874' title='bbox 3261 5156 3498 5217; x_wconf 80' lang='grc' dir='ltr'><em>οὐρανόν</em></span> <span class='ocrx_word' id='word_1_875' title='bbox 3519 5170 3533 5184; x_wconf 98' lang='grc'><em>·</em></span> <span class='ocrx_word' id='word_1_876' title='bbox 3560 5152 3712 5222; x_wconf 68' lang='grc' dir='ltr'><em>μόνον</em></span> 
     </span>
    </p>
   </div>
   <div class='ocr_carea' id='block_1_113' title="bbox 2144 5241 3713 5320">
    <p class='ocr_par' dir='ltr' id='par_1_113' title="bbox 2144 5241 3713 5320">
     <span class='ocr_line' id='line_1_113' title="bbox 2144 5241 3713 5320; baseline -0.009 -15"><span class='ocrx_word' id='word_1_877' title='bbox 2144 5253 2283 5307; x_wconf 81' lang='grc' dir='ltr'><em>ἔστω</em></span> <span class='ocrx_word' id='word_1_878' title='bbox 2312 5251 2534 5320; x_wconf 90' lang='grc' dir='ltr'><em>γενναία</em></span> <span class='ocrx_word' id='word_1_879' title='bbox 2560 5248 2726 5320; x_wconf 77' lang='grc' dir='ltr'><em>ψυχὴ,</em></span> <span class='ocrx_word' id='word_1_880' title='bbox 2750 5248 2843 5301; x_wconf 80' lang='grc' dir='ltr'><em>καί</em></span> <span class='ocrx_word' id='word_1_881' title='bbox 2872 5248 2933 5301; x_wconf 75' lang='grc' dir='ltr'><em>τὸ</em></span> <span class='ocrx_word' id='word_1_882' title='bbox 2954 5246 3159 5300; x_wconf 82' lang='grc' dir='ltr'><em>κωλύον</em></span> <span class='ocrx_word' id='word_1_883' title='bbox 3185 5245 3339 5298; x_wconf 81' lang='grc' dir='ltr'><em>οὐδὲν</em></span> <span class='ocrx_word' id='word_1_884' title='bbox 3367 5241 3512 5297; x_wconf 83' lang='grc' dir='ltr'><em>εἶναι</em></span> <span class='ocrx_word' id='word_1_885' title='bbox 3534 5243 3713 5309; x_wconf 81' lang='grc' dir='ltr'><em>ἐνάρε-</em></span> 
     </span>
    </p>
   </div>
   <div class='ocr_carea' id='block_1_114' title="bbox 2142 5335 3715 5414">
    <p class='ocr_par' dir='ltr' id='par_1_114' title="bbox 2142 5335 3715 5414">
     <span class='ocr_line' id='line_1_114' title="bbox 2142 5335 3715 5414; baseline -0.011 -14"><span class='ocrx_word' id='word_1_886' title='bbox 2142 5363 2253 5400; x_wconf 92' lang='grc' dir='ltr'><em>τον.</em></span> <span class='ocrx_word' id='word_1_887' title='bbox 2283 5346 2451 5398; x_wconf 87' lang='grc' dir='ltr'><em>’Όταν</em></span> <span class='ocrx_word' id='word_1_888' title='bbox 2480 5342 2588 5414; x_wconf 87' lang='grc' dir='ltr'><em>γὰρ</em></span> <span class='ocrx_word' id='word_1_889' title='bbox 2620 5344 2649 5394; x_wconf 93' lang='lat'><em>6</em></span> <span class='ocrx_word' id='word_1_890' title='bbox 2678 5341 2915 5411; x_wconf 85' lang='grc' dir='ltr'><em>ἐργάτης</em></span> <span class='ocrx_word' id='word_1_891' title='bbox 2933 5340 3190 5411; x_wconf 68' lang='grc' dir='ltr'><em>ἔρρωται,</em></span> <span class='ocrx_word' id='word_1_892' title='bbox 3213 5336 3368 5390; x_wconf 77' lang='grc' dir='ltr'><em>οὐδὲν</em></span> <span class='ocrx_word' id='word_1_893' title='bbox 3392 5337 3502 5388; x_wconf 85' lang='grc' dir='ltr'><em>τῶν</em></span> <span class='ocrx_word' id='word_1_894' title='bbox 3523 5335 3715 5398; x_wconf 70' lang='grc' dir='ltr'><em>ἔξωθεν</em></span> 
     </span>
    </p>
   </div>
   <div class='ocr_carea' id='block_1_115' title="bbox 2144 5423 3715 5506">
    <p class='ocr_par' dir='ltr' id='par_1_115' title="bbox 2144 5423 3715 5506">
     <span class='ocr_line' id='line_1_115' title="bbox 2144 5423 3715 5506; baseline -0.011 -16"><span class='ocrx_word' id='word_1_895' title='bbox 2144 5435 2441 5506; x_wconf 76' lang='grc' dir='ltr'><em>ἐμποδίζει.</em></span> <span class='ocrx_word' id='word_1_896' title='bbox 2498 5435 2609 5488; x_wconf 69' lang='grc' dir='ltr'><em>Καὶ</em></span> <span class='ocrx_word' id='word_1_897' title='bbox 2647 5433 2759 5503; x_wconf 80' lang='grc' dir='ltr'><em>γὰρ</em></span> <span class='ocrx_word' id='word_1_898' title='bbox 2801 5432 2894 5485; x_wconf 73' lang='grc' dir='ltr'><em>καὶ</em></span> <span class='ocrx_word' id='word_1_899' title='bbox 2929 5432 3023 5485; x_wconf 79' lang='grc' dir='ltr'><em>ἐπὶ</em></span> <span class='ocrx_word' id='word_1_900' title='bbox 3061 5429 3171 5482; x_wconf 85' lang='grc' dir='ltr'><em>τῶν</em></span> <span class='ocrx_word' id='word_1_901' title='bbox 3210 5426 3455 5498; x_wconf 83' lang='grc' dir='ltr'><em>τεχνῶν,</em></span> <span class='ocrx_word' id='word_1_902' title='bbox 3510 5426 3633 5477; x_wconf 77' lang='grc' dir='ltr'><em>ὅταν</em></span> <span class='ocrx_word' id='word_1_903' title='bbox 3686 5423 3715 5472; x_wconf 87' lang='grc' dir='ltr'>ὁ</span> 
     </span>
    </p>
   </div>
   <div class='ocr_carea' id='block_1_116' title="bbox 2142 5514 3714 5599">
    <p class='ocr_par' dir='ltr' id='par_1_116' title="bbox 2142 5514 3714 5599">
     <span class='ocr_line' id='line_1_116' title="bbox 2142 5514 3714 5599; baseline -0.018 -7"><span class='ocrx_word' id='word_1_904' title='bbox 2142 5528 2392 5597; x_wconf 80' lang='grc' dir='ltr'><em>τεχνίτης</em></span> <span class='ocrx_word' id='word_1_905' title='bbox 2418 5526 2682 5597; x_wconf 73' lang='grc' dir='ltr'><em>ἔμπειρος</em></span> <span class='ocrx_word' id='word_1_906' title='bbox 2810 5524 2904 5576; x_wconf 76' lang='grc' dir='ltr'><em>καὶ</em></span> <span class='ocrx_word' id='word_1_907' title='bbox 2935 5520 3258 5593; x_wconf 80' lang='grc' dir='ltr'><em>καρτερικὸς</em></span> <span class='ocrx_word' id='word_1_908' title='bbox 3290 5520 3386 5572; x_wconf 79' lang='grc' dir='ltr'><em>καὶ</em></span> <span class='ocrx_word' id='word_1_909' title='bbox 3409 5520 3582 5569; x_wconf 75' lang='grc' dir='ltr'><em>πᾶσαν</em></span> 
     </span>
    </p>
   </div>
   <div class='ocr_carea' id='block_1_117' title="bbox 2140 5606 3712 5687">
    <p class='ocr_par' dir='ltr' id='par_1_117' title="bbox 2140 5606 3712 5687">
     <span class='ocr_line' id='line_1_117' title="bbox 2140 5606 3712 5687; baseline -0.009 -17"><span class='ocrx_word' id='word_1_910' title='bbox 2140 5619 2335 5687; x_wconf 82' lang='grc' dir='ltr'><em>τέχνην</em></span> <span class='ocrx_word' id='word_1_911' title='bbox 2373 5615 2748 5683; x_wconf 87' lang='grc' dir='ltr'><em>ἐπιστάμενος,</em></span> <span class='ocrx_word' id='word_1_912' title='bbox 2791 5612 2893 5666; x_wconf 77' lang='grc' dir='ltr'><em>κᾶν</em></span> <span class='ocrx_word' id='word_1_913' title='bbox 2926 5612 3078 5674; x_wconf 83' lang='grc' dir='ltr'><em>νόσος</em></span> <span class='ocrx_word' id='word_1_914' title='bbox 3100 5608 3331 5681; x_wconf 82' lang='grc' dir='ltr'><em>ἐπέλθῃ,</em></span> <span class='ocrx_word' id='word_1_915' title='bbox 3385 5609 3496 5677; x_wconf 76' lang='grc' dir='ltr'><em>ἔχει</em></span> <span class='ocrx_word' id='word_1_916' title='bbox 3520 5606 3712 5670; x_wconf 68' lang='grc' dir='ltr'><em>αὐτὴν,</em></span> 
     </span>
    </p>
   </div>
   <div class='ocr_carea' id='block_1_118' title="bbox 2142 5699 3714 5779">
    <p class='ocr_par' dir='ltr' id='par_1_118' title="bbox 2142 5699 3714 5779">
     <span class='ocr_line' id='line_1_118' title="bbox 2142 5699 3714 5779; baseline -0.011 -17"><span class='ocrx_word' id='word_1_917' title='bbox 2142 5710 2247 5762; x_wconf 83' lang='grc' dir='ltr'><em>κᾶν</em></span> <span class='ocrx_word' id='word_1_918' title='bbox 2271 5708 2517 5779; x_wconf 87' lang='grc' dir='ltr'><em>πένηται,</em></span> <span class='ocrx_word' id='word_1_919' title='bbox 2564 5705 2675 5775; x_wconf 82' lang='grc' dir='ltr'><em>ἔχει</em></span> <span class='ocrx_word' id='word_1_920' title='bbox 2716 5704 2906 5775; x_wconf 83' lang='grc' dir='ltr'><em>αὐτὴν,</em></span> <span class='ocrx_word' id='word_1_921' title='bbox 2937 5703 3041 5757; x_wconf 80' lang='grc' dir='ltr'><em>κᾶν</em></span> <span class='ocrx_word' id='word_1_922' title='bbox 3082 5703 3177 5774; x_wconf 71' lang='grc' dir='ltr'><em>ἔχῃ</em></span> <span class='ocrx_word' id='word_1_923' title='bbox 3224 5702 3285 5754; x_wconf 85' lang='grc' dir='ltr'><em>τὸ</em></span> <span class='ocrx_word' id='word_1_924' title='bbox 3311 5701 3537 5770; x_wconf 81' lang='grc' dir='ltr'><em>ὄργανον</em></span> <span class='ocrx_word' id='word_1_925' title='bbox 3564 5699 3714 5763; x_wconf 77' lang='grc' dir='ltr'><em>μετά</em></span> 
     </span>
    </p>
   </div>
   <div class='ocr_carea' id='block_1_119' title="bbox 2146 5787 3723 5874">
    <p class='ocr_par' dir='ltr' id='par_1_119' title="bbox 2146 5787 3723 5874">
     <span class='ocr_line' id='line_1_119' title="bbox 2146 5787 3723 5874; baseline -0.009 -21"><span class='ocrx_word' id='word_1_926' title='bbox 2146 5803 2350 5874; x_wconf 86' lang='grc' dir='ltr'><em>χεῖρας,</em></span> <span class='ocrx_word' id='word_1_927' title='bbox 2375 5798 2477 5854; x_wconf 75' lang='grc' dir='ltr'><em>κᾶν</em></span> <span class='ocrx_word' id='word_1_928' title='bbox 2499 5797 2571 5870; x_wconf 84' lang='grc' dir='ltr'><em>μὴ</em></span> <span class='ocrx_word' id='word_1_929' title='bbox 2589 5798 2704 5868; x_wconf 80' lang='grc' dir='ltr'><em>ἔχῃ,</em></span> <span class='ocrx_word' id='word_1_930' title='bbox 2727 5797 2828 5852; x_wconf 78' lang='grc' dir='ltr'><em>κᾶν</em></span> <span class='ocrx_word' id='word_1_931' title='bbox 2843 5794 3156 5868; x_wconf 81' lang='grc' dir='ltr'><em>ἐργάζηται,</em></span> <span class='ocrx_word' id='word_1_932' title='bbox 3176 5794 3277 5848; x_wconf 79' lang='grc' dir='ltr'><em>κᾶν</em></span> <span class='ocrx_word' id='word_1_933' title='bbox 3300 5787 3723 5864; x_wconf 64' lang='grc' dir='ltr'><em>μὴέργάζηται,</em></span> 
     </span>
    </p>
   </div>
  </div>
