3974 6556
300 455 408 512 975

298 567 477 636 regula
506 583 524 622 :
545 568 677 621 idem
701 568 978 638 sapiamus.
1034 565 1383 621 Verumtamen
1404 568 1472 620 ad
1490 566 1625 633 quod
1654 566 1880 633 perueni-

298 676 432 720 mus,
461 660 590 726 quid
620 659 722 711 hoc
748 658 868 711 est?
900 656 1127 722 Interea,
1156 658 1347 726 inquit,
1362 658 1504 727 quod
1544 658 1666 711 boui
1688 672 1878 711 conse-

294 748 451 818 quuti
472 766 679 816 sumus,
708 760 1007 811 teneamus,
1037 751 1354 813 caritatem,
1383 749 1747 813 concordiam,
1778 765 1873 819 pa-

293 858 416 896 rem
449 861 462 896 :
494 843 595 897 hoc
625 843 781 897 nobis
806 852 952 898 recte
979 842 1282 897 confectum
1314 852 1414 897 est.
1448 844 1526 896 Ad
1550 843 1684 912 quod
1710 858 1881 909 perve-

293 934 491 998 nimus,
519 937 575 988 in
603 935 778 989 eadem
809 950 1191 1005 permaneamus
1216 935 1410 1006 regula,
1436 935 1570 986 idem
1598 934 1875 1003 sapiamus.

293 1025 375 1076 Ad
423 1026 561 1095 quod
600 1026 955 1094 pervenimus;
1003 1025 1053 1079 id
1096 1035 1197 1092 est,
1246 1026 1348 1080 hoc
1390 1025 1544 1079 nobis
1578 1025 1688 1094 jam
1735 1034 1879 1079 recte

285 1116 601 1171 confectum
642 1126 744 1173 est.
782 1116 942 1171 Vides
970 1117 1191 1172 Paulum
1239 1117 1341 1173 hoc
1387 1117 1560 1182 velle,
1608 1124 1874 1185 praecepta

284 1221 417 1263 esse
446 1210 723 1279 regulam?
750 1209 952 1280 Regula
991 1224 1164 1280 neque
1212 1209 1539 1265 additionem
1570 1225 1746 1279 neque
1775 1208 1870 1263 deo

285 1304 615 1356 tractionem
646 1302 791 1371 capit
812 1319 829 1367 ;
850 1303 1052 1372 alioqui
1079 1304 1190 1371 jam
1221 1319 1326 1357 non
1352 1311 1437 1357 est
1462 1302 1666 1370 regula.
1695 1299 1760 1354 In
1785 1318 1843 1354 ea

281 1394 408 1447 dem
424 1395 640 1464 regula;
670 1395 720 1447 id
745 1404 849 1458 est,
876 1394 927 1447 in
955 1394 1144 1449 eadem
1174 1392 1297 1455 ﬁde.
1327 1393 1380 1447 in
1402 1393 1587 1447 eadem
1615 1393 1876 1447 constituo

284 1485 465 1540 tione.
502 1489 588 1540 17.
619 1485 911 1539 Imitatores
937 1486 1035 1539 mei
1060 1495 1215 1539 estote
1241 1527 1256 1550 ,
1280 1484 1467 1553 fratres
1502 1499 1522 1538 :
1548 1493 1593 1538 et
1622 1485 1877 1538 observate

279 1595 398 1639 eos,
430 1580 519 1646 qui
547 1580 618 1631 ita
642 1578 927 1645 ambulant,
956 1580 1087 1633 sicut
1120 1578 1314 1632 habetis
1351 1594 1443 1631 nos
1467 1579 1707 1649 formam.
1732 1575 1875 1629 Dixit

281 1672 568 1740 superius,
604 1669 777 1725 Videte
801 1687 975 1736 cauea,
1000 1670 1100 1726 hos
1120 1669 1190 1723 ab
1215 1669 1322 1723 illis
1345 1668 1617 1723 abducens
1644 1686 1657 1722 :
1681 1683 1876 1737 propo-

279 1765 372 1818 nit
403 1779 544 1817 nunc
578 1758 693 1828 eos,
731 1764 821 1832 qui
847 1772 974 1818 sunt
998 1761 1268 1816 imitandi.
1300 1760 1357 1817 Si
1382 1762 1523 1831 quis,
1554 1760 1746 1830 inquit,
1777 1775 1873 1813 nos

280 1854 495 1908 imitari
537 1853 689 1917 vult,
721 1853 767 1908 si
812 1855 934 1923 quis
975 1853 1221 1908 eamdem
1268 1852 1516 1907 insistere
1547 1852 1711 1918 viam,
1744 1850 1871 1905 huic

278 1958 513 2015 Operam
541 1944 667 1999 date
697 1964 711 1999 :
742 1947 986 2014 quamvis
1013 1960 1115 2015 ego
1142 1960 1247 1999 non
1283 1944 1477 2007 adsim.
1503 1945 1674 1999 nostis
1694 1953 1870 1999 tamen

277 2040 536 2094 incessus
564 2039 673 2093 mei
716 2038 978 2093 rationem
1007 2048 1059 2091 et
1092 2038 1310 2092 modum
1345 2078 1360 2103 ,
1389 2037 1444 2092 id
1473 2046 1577 2103 est,
1609 2036 1870 2092 rationem

278 2134 413 2184 vita:
442 2140 750 2184 etmurum.
770 2127 887 2184 Non
906 2129 1051 2183 enim
1081 2128 1263 2184 verbis
1290 2128 1467 2182 solum
1497 2128 1750 2194 docebat,
1775 2127 1869 2182 sed

276 2223 449 2275 etiam
480 2220 637 2275 factis
679 2220 1177 2291 :quemadmodum
1212 2221 1266 2274 in
1310 2219 1480 2274 choro
1522 2229 1580 2275 et
1628 2219 1868 2275 exercitu

275 2315 581 2382 choragum
602 2322 657 2367 et
686 2310 876 2367 ducem
910 2312 1099 2381 reliqui
1128 2312 1403 2366 imitentur
1430 2320 1645 2381 oportet
1670 2352 1686 2377 ,
1716 2320 1772 2365 ut
1796 2312 1868 2366 ita

262 2408 537 2477 ordinate
572 2405 821 2461 incedant
852 2423 864 2458 :
896 2421 1017 2459 nam
1048 2405 1162 2461 fieri
1191 2413 1386 2475 potest,
1408 2415 1463 2459 ut
1491 2420 1557 2459 ex
1588 2404 1680 2460 illo
1708 2404 1868 2459 etiam

276 2507 430 2552 statu
455 2496 596 2551 ordo
623 2496 966 2551 dissolvatur.

370 2590 424 2644 5.
474 2587 702 2642 Ductori:
738 2598 784 2641 et
832 2586 1070 2656 discipuli
1108 2586 1288 2657 ofﬁcia.
1330 2617 1404 2627 —
1442 2587 1583 2658 Ergo
1631 2589 1857 2658 apostoli

275 2690 442 2735 erant
468 2678 639 2735 forma
675 2691 744 2737 et.
761 2689 917 2751 typus
940 2720 957 2744 ,
987 2680 1221 2748 speciem
1247 2694 1367 2734 eam
1397 2680 1709 2744 retinentes,
1736 2697 1857 2751 quae

275 2770 564 2840 archetypi
587 2778 641 2825 et
670 2769 908 2839 primarii
930 2768 1206 2839 cujusdam
1233 2770 1556 2841 exemplaris
1572 2769 1745 2825 instar
1779 2787 1867 2825 es-

261 2874 389 2917 set.
414 2863 681 2932 Cogitate,
706 2877 864 2932 quam
892 2872 1145 2917 accurata
1174 2872 1320 2918 esset
1345 2862 1447 2917 illis
1471 2863 1595 2917 vita:
1619 2863 1776 2924 ratio,
1810 2873 1868 2916 ut

277 2954 385 3021 ipsi
417 2954 675 3021 propositi
719 2963 902 3008 essent
928 2994 943 3017 ,
985 2954 1136 3022 quasi
1168 2953 1488 3024 archetypos
1515 2964 1569 3008 et
1595 2954 1869 3024 exemplar

274 3057 338 3099 et
382 3047 530 3114 leges
559 3047 831 3123 animum.
878 3047 1009 3112 Quae
1051 3046 1194 3100 enim
1226 3047 1394 3101 literne
1434 3046 1718 3111 dicebant,
1753 3047 1866 3102 haec

282 3138 394 3205 ipsi
429 3138 580 3191 factis
610 3138 887 3206 perstricua
924 3137 1174 3193 omnibus
1203 3137 1485 3193 faciebant.
1516 3139 1641 3193 Haec
1665 3140 1864 3208 Optima

273 3239 368 3284 est
409 3229 639 3283 docendi
670 3229 811 3283 ratio
855 3246 867 3281 :
902 3229 974 3283 ita
1006 3228 1329 3299 discipulqu
1363 3230 1637 3299 impellere
1679 3229 1869 3285 doctor

258 3322 503 3396 poterit.
550 3321 644 3374 Sin
673 3321 817 3374 dicat
848 3319 1062 3389 quidem
1096 3336 1159 3375 ac
1204 3321 1854 3391 verbis'philositpbetur,

274 3415 438 3467 factis
453 3429 581 3467 vero
602 3413 869 3466 contraria
896 3422 1270 3481 reprmsentet,
1290 3412 1525 3468 nondum
1548 3413 1738 3469 doctor
1758 3424 1863 3473 est.

274 3506 415 3562 Nam
464 3506 549 3561 vel
580 3506 846 3575 discipulo
898 3506 999 3560 hoc
1042 3506 1200 3562 facile
1242 3516 1324 3561 est
1350 3546 1368 3571 ,
1405 3507 1583 3562 verbis
1629 3508 1866 3576 philoso-

275 3600 435 3669 phari
460 3616 474 3663 ;
507 3598 601 3652 sed
628 3598 712 3652 illa
741 3598 1040 3653 admonitio
1064 3607 1119 3653 et
1149 3598 1424 3668 persuasio
1453 3598 1676 3654 accedat
1703 3615 1867 3669 opor-

277 3702 379 3749 tet.
410 3709 529 3762 qua:
562 3707 656 3761 per
680 3706 845 3760 opera
876 3692 934 3745 fit
960 3710 973 3745 :
1002 3706 1128 3746 nam
1157 3691 1270 3746 haec
1296 3701 1351 3746 et
1375 3691 1583 3747 doctori
1615 3708 1868 3747 reveren~

277 3785 411 3836 tiam
461 3780 738 3845 conciliat,
780 3791 835 3835 et
881 3780 1147 3851 discipulo
1194 3782 1609 3852 propensionem
1655 3782 1721 3837 ad
1775 3799 1870 3852 pa—

276 3874 533 3929 rendum.
573 3872 898 3941 Quomodo?
944 3873 1244 3939 Quoniam,
1294 3874 1383 3929 ubi
1436 3874 1621 3929 verbis
1649 3874 1866 3944 quidem

276 3967 485 4022 viderit
525 3966 1000 4036 philosophantem
1025 4005 1041 4030 ,
1073 3980 1256 4021 serum
1285 3966 1451 4030 dicet,
1482 3966 1558 4021 Ea
1589 3982 1709 4036 qua:
1748 3967 1865 4022 tieri

279 4076 390 4114 non
430 4067 655 4127 possunt
680 4057 934 4126 magister
960 4058 1060 4112 iste
1092 4059 1346 4129 prmeepit
1368 4100 1383 4124 ,
1415 4058 1578 4129 idque
1610 4060 1723 4129 ipso
1753 4061 1864 4129 pri-

278 4167 405 4206 nius
444 4149 685 4204 ostendit
710 4190 725 4211 ,
773 4151 948 4220 quiea
977 4165 1085 4205 non
1135 4149 1282 4206 facit.
1314 4151 1405 4207 Sin
1435 4160 1615 4207 autem
1669 4153 1867 4209 viderit

278 4247 539 4299 virtutem
566 4243 717 4298 factis
737 4243 865 4314 ipsis
881 4258 1222 4313 expressam,
1245 4258 1351 4298 non
1380 4244 1865 4316 habebitamplius,

279 4352 378 4390 cur
416 4336 518 4389 ista
568 4335 734 4389 dicat.
770 4334 1148 4389 Verumtamen
1176 4334 1337 4389 etiam
1387 4335 1431 4389 si
1471 4334 1708 4391 doctoris
1757 4338 1860 4392 vita

280 4427 552 4483 socordia:
573 4427 728 4495 plena
753 4426 842 4490 sit,
868 4425 1025 4480 nobis
1055 4426 1184 4496 ipsis
1212 4426 1574 4492 attendamus,
1597 4437 1651 4483 et
1674 4429 1862 4484 audia-

283 4534 409 4573 mus
444 4516 760 4587 prophetam
790 4517 1082 4581 dicentem,
1117 4516 1284 4571 Erunt
1309 4534 1480 4571 omnes
1508 4520 1746 4574 docibiles
1770 4519 1867 4575 Dei

283 4613 469 4683 (Joan.
491 4611 547 4666 6.
578 4611 672 4680 45)
699 4626 714 4673 ;
741 4618 816 4675 et,
852 4608 974 4663 Non
998 4610 1191 4664 docebit
1218 4611 1353 4663 ultra
1374 4612 1447 4664 rir
1468 4602 1678 4680 fratrem
1693 4630 1862 4679 suum,

282 4705 458 4758 dicens
492 4718 511 4757 :
534 4701 789 4773 Cognosce
829 4700 1141 4765 Dominum;
1186 4718 1358 4755 omnes
1398 4704 1530 4756 enim
1569 4714 1868 4775 cognoscent

290 4815 374 4851 me
395 4815 431 4849 α
458 4796 670 4850 miniata
706 4812 881 4850 eorum
917 4810 1077 4864 usque
1098 4795 1167 4848 ad
1192 4796 1471 4848 maximum
1496 4797 1514 4867 (
1535 4794 1731 4850 Jerem.
1775 4796 1865 4851 32.
1948 4840 1951 4845 λ

1948 4899 2002 4939 -a
2031 4899 2138 4953 quo
2165 4882 2405 4952 superari
2430 4882 2595 4936 virtus
2616 4884 2811 4949 queat?
2863 4894 2968 4933 non
3011 4878 3244 4944 divitias,
3272 4893 3377 4932 non
3407 4893 3538 4945 pan-

286 4892 401 4961 54).
433 4891 553 4946 Νυιι
582 4890 746 4944 habes
771 4889 1045 4943 doctorem
1060 4889 1263 4944 virtute
1293 4888 1611 4959 prmditum?
1638 4889 1744 4945 Sed
1772 4889 1868 4944 ha-

288 4985 384 5039 bes
430 4998 559 5038 eum
588 4983 679 5052 qui
720 4997 846 5036 vere
903 4981 1088 5037 doetor
1133 4989 1252 5044 est,
1299 4997 1458 5051 quem
1485 4982 1646 5035 etiam
1694 4982 1865 5037 solum

286 5076 568 5131 doctorem
619 5074 887 5143 appellare
932 5082 1143 5143 Oportet
1182 5091 1195 5127 :
1236 5073 1305 5128 ab
1348 5072 1444 5128 illo
1483 5072 1671 5128 discite
1712 5090 1727 5126 :
1780 5072 1870 5128 ille

288 5171 442 5233 dixit,
485 5166 679 5221 Discite
705 5183 738 5219 α
768 5183 879 5229 me,
909 5167 1028 5233 quia
1052 5182 1167 5219 sum
1192 5166 1329 5220 mitis
1356 5164 1376 5235 (
1398 5164 1587 5219 Matth.
1628 5166 1719 5219 H.
1749 5164 1866 5235 29).

289 5262 408 5317 Non
437 5260 696 5315 observes
738 5258 1049 5327 magistrum
1083 5257 1241 5311 istum
1264 5299 1278 5320 ,
1307 5257 1401 5313 sed
1432 5257 1580 5311 illum
1626 5257 1871 5327 illiusque

290 5353 604 5422 disciplinas
644 5368 660 5404 :
702 5350 823 5405 inde
855 5361 1039 5421 typum
1076 5366 1208 5419 cape
1236 5367 1250 5402 :
1281 5349 1447 5403 babes
1474 5349 1702 5418 effigiem
1732 5352 1872 5420 opti-

293 5461 473 5508 mam,
517 5443 585 5497 ad
624 5458 781 5512 quam
815 5443 1045 5510 teipsum
1075 5455 1385 5509 componas.
1426 5440 1704 5496 Sexcenttn
1748 5451 1872 5497 sunt

293 5541 582 5609 proposita:
620 5537 674 5590 in
700 5535 992 5605 Scripturis
1019 5536 1245 5588 vitarum
1271 5549 1391 5588 cum
1416 5534 1611 5588 virtute
1634 5542 1871 5589 actarum

295 5631 557 5702 imagines
588 5648 600 5683 :
626 5628 795 5691 velut,
826 5628 1041 5692 accede,
1076 5628 1121 5681 si
1145 5627 1293 5689 lihet,
1326 5634 1446 5695 post
1471 5626 1780 5697 magistrum
1804 5627 1871 5681 ad

294 5722 590 5793 discipulos
615 5739 629 5776 :
657 5720 743 5776 hic
770 5720 985 5791 quidem
1003 5735 1068 5774 ex
1088 5727 1401 5787 paupertate
1431 5716 1599 5783 fulsit,
1628 5718 1718 5773 ille
1742 5734 1872 5773 vero

300 5830 363 5869 ex
410 5814 613 5867 divitiis
659 5830 673 5867 :
718 5812 947 5881 exempli
991 5826 1175 5875 causa,
1226 5810 1371 5865 Elias
1418 5826 1485 5866 ex
1539 5820 1869 5880 paupertate,

259 5940 265 5949 ι
301 5906 574 5961 Abraham
601 5920 666 5961 ex
693 5904 895 5961 divitiis
925 5921 938 5959 :
970 5914 1140 5957 utram
1181 5912 1334 5973 putas
1366 5901 1641 5967 leviorem,
1674 5901 1872 5971 tibique

1181 451 1245 507 IN
1284 451 1495 508 EPIST.
1536 454 1621 507 Αῐ)
1661 449 1945 507 PlllLlPP.
1989 449 2142 506 CAP.
2188 454 2273 508 111.
2316 456 2541 512 1101111..
2587 460 2709 515 XII.
2776 462 2779 467 ’

3455 473 3562 528 274

1994 564 2273 633 aptiorem,
2306 568 2440 625 hanc
2463 580 2604 627 tene.
2630 574 2835 629 Rursus
2858 575 2945 633 hic
2965 578 3181 648 quidem
3201 595 3266 636 ex
3290 582 3563 640 matrimo-

1971 656 2099 723 -niu,
2131 658 2223 713 ille
2254 676 2381 714 vero
2410 678 2477 716 ex
2502 664 2809 734 virginitate
2840 687 2854 722 :
2889 670 3153 724 Abraham
3183 687 3248 725 et
3279 677 3560 729 matrimo-

1978 748 2096 813 ‘nio,
2129 750 2271 806 Elias
2298 768 2361 807 ex
2393 755 2693 825 virginitate
2725 776 2738 812 :
2773 771 2944 814 utram
2974 763 3103 817 libet
3144 765 3282 819 viam
3330 766 3513 822 insiste
3542 786 3557 822 :

1974 849 2211 911 utraque
2255 845 2396 898 enim
2445 846 2511 900 ad
2558 850 2749 903 caelum
2781 852 2946 905 ducit.
2991 854 3057 908 Et
3082 855 3317 911 Joannes
3342 859 3557 927 quidem

1985 946 2079 999 per
2097 931 2377 1002 jejunium,
2403 936 2503 992 Job
2527 954 2657 1007 vero
2678 941 2793 995 sine
2814 941 3050 1010 jejuuiis.
3081 947 3280 1002 Rursus
3308 950 3394 1003 hic
3422 952 3556 1021 ipse,

1982 1039 2104 1078 cum
2134 1027 2375 1083 mulieris
2410 1038 2467 1084 et
2510 1030 2743 1085 ﬁliorum
2775 1045 2828 1087 et
2858 1034 3086 1091 filiarum
3130 1048 3185 1093 et
3208 1041 3401 1096 domus
3430 1059 3556 1099 cura

1983 1115 2081 1184 ipsi
2132 1120 2365 1188 gerenda
2412 1133 2573 1186 esset,
2607 1127 2895 1195 multisque
2944 1129 3240 1186 abundaret
3293 1134 3492 1190 divitiis
3536 1157 3553 1192 :

1980 1205 2216 1263 Joannes
2243 1226 2370 1264 vero
2396 1212 2524 1267 nihil
2553 1215 2860 1283 possidebat
2881 1229 3075 1287 praeter
3094 1225 3465 1280 vestimentum
3490 1244 3555 1281 ex

1982 1297 2102 1364 pilis
2131 1299 2453 1355 confectum.
2505 1303 2573 1357 Et
2617 1304 2745 1374 quid
2772 1305 2894 1361 dico
2920 1307 3136 1363 domum
3183 1322 3237 1365 et
3264 1313 3475 1369 divitias
3502 1328 3557 1370 et

1972 1394 2234 1459 pecunias
2261 1434 2277 1460 ,
2309 1395 2523 1465 quando
2550 1396 2632 1451 vel
2664 1397 2708 1453 is
2733 1400 2822 1468 qui
2848 1415 3071 1469 regnum
3111 1402 3351 1471 obtinet,
3381 1417 3554 1475 potest

1981 1487 2227 1542 virtutem
2255 1490 2553 1559 consequi?
2578 1488 2734 1546 Omni
2781 1493 2926 1547 enim
2960 1495 3162 1563 privata
3195 1497 3355 1551 dumo
3398 1499 3554 1568 longe

1979 1581 2291 1649 occupatior
2316 1583 2616 1651 reperietur
2641 1584 2785 1655 regia
2835 1603 2850 1639 :
2901 1596 3184 1657 tamenque
3216 1589 3382 1644 David
3413 1592 3555 1647 fulszt

1980 1669 2031 1723 in
2068 1685 2271 1741 regno;
2321 1688 2495 1742 neque
2534 1674 2684 1729 illum
2724 1675 2970 1730 dissolvit
3012 1692 3261 1746 purpura,
3306 1690 3397 1735 aut
3441 1678 3558 1735 dia-

1976 1762 2129 1815 dema
2160 1781 2174 1817 :
2208 1763 2443 1834 itemque
2462 1765 2619 1831 alter,
2650 1766 2735 1822 cui
2768 1766 2959 1838 integri
2992 1769 3171 1838 populi
3198 1771 3554 1838 gubernacula

1976 1853 2259 1908 commissa
2287 1853 2520 1919 fuerant,
2554 1855 2765 1927 Moyses
2794 1898 2810 1923 ,
2838 1858 3055 1927 inquam
3087 1876 3102 1912 :
3134 1861 3272 1929 quod
3304 1877 3434 1917 sane
3454 1861 3556 1923 dif-

1966 1941 2167 1998 ﬁcilius
2194 1943 2356 1998 etiam
2378 1953 2495 1999 erat
2516 1963 2529 1999 :
2549 1944 2638 2001 hic
2662 1947 2804 2001 enim
2835 1946 2955 2017 plus
2984 1948 3212 2002 licentiae
3240 1959 3376 2017 erat,
3409 1951 3556 2008 ideo-

1977 2050 2081 2104 que
2111 2036 2227 2104 plus
2255 2035 2587 2093 difﬁcultatis
2615 2048 2670 2092 et
2706 2039 3096 2094 molestiarum.
3139 2040 3328 2094 Vidisti
3362 2043 3554 2109 proba-

1976 2132 2060 2180 tos
2105 2126 2161 2181 in
2203 2124 2423 2193 divitiis,
2464 2127 2643 2183 vidisti
2686 2136 2741 2183 et
2779 2127 2835 2183 in
2888 2139 3240 2200 paupertate;
3284 2132 3457 2187 vidisti
3499 2134 3553 2189 in

1966 2218 2332 2283 inatrimonio,
2360 2220 2537 2276 vidisti
2560 2230 2615 2276 et
2636 2221 2689 2276 in
2716 2222 3039 2292 virginitate.
3063 2223 3261 2278 Contra
3284 2239 3410 2279 vero
3424 2241 3556 2281 con-

1964 2311 2171 2375 sidera,
2203 2320 2259 2366 et
2290 2311 2343 2366 in
2387 2312 2752 2380 matrimonio,
2807 2324 2862 2370 et
2914 2315 2968 2369 in
3016 2315 3342 2386 virginitate,
3392 2328 3444 2371 et
3497 2318 3551 2373 in

1972 2400 2206 2468 divitiis,
2238 2411 2294 2457 et
2322 2403 2373 2457 in
2405 2413 2716 2472 paupertate
2753 2421 2859 2459 non
2901 2405 3137 2461 defuisse
3177 2406 3265 2475 qui
3296 2409 3549 2477 perirent.

1970 2492 2104 2548 Nam
2128 2493 2180 2547 in
2208 2494 2549 2549 matrimonio
2568 2495 2787 2569 quidem
2807 2497 2960 2551 multi
2984 2497 3230 2554 homines
3255 2501 3545 2568 perierunt,

1960 2594 2031 2643 ut
2074 2584 2321 2651 Samson,
2352 2600 2457 2640 non
2505 2595 2683 2642 tamen
2708 2603 2774 2643 ex
2806 2588 2921 2659 ipso
2951 2591 3292 2645 matrimonio
3315 2634 3330 2657 ,
3362 2592 3455 2647 sed
3485 2609 3550 2648 ex

1950 2678 2150 2731 animo
2178 2679 2556 2749 voluntateque
2578 2695 2698 2739 sua.
2728 2681 2783 2735 ln
2807 2682 3112 2751 virginitate
3139 2685 3289 2750 item,
3312 2696 3367 2739 ut
3396 2686 3553 2756 quin-

1971 2784 2075 2838 que
2108 2769 2343 2840 virgines
2372 2788 2386 2823 :
2418 2771 2470 2825 in
2497 2770 2721 2837 divitiis,
2751 2772 2900 2827 dives
2932 2774 3021 2828 ille
3050 2776 3140 2844 qui
3170 2775 3430 2829 Lazarum
3455 2776 3553 2831 dc-

1972 2861 2229 2930 Spiciehat
2263 2881 2276 2916 :
2313 2863 2366 2916 in
2396 2872 2728 2934 paupertate,
2758 2880 2901 2918 nunc
2920 2880 3133 2934 quoque
3157 2867 3396 2921 sexcenti
3423 2882 3550 2936 pau-

1973 2967 2130 3022 peres
2164 2964 2410 3023 pereunt.
2439 2953 2495 3008 in
2523 2970 2690 3024 regno
2735 2966 2790 3011 et
2838 2955 2890 3009 in
2943 2956 3118 3025 populi
3165 2958 3589 3027 gubernatione,

1971 3046 2168 3099 multos
2193 3061 2409 3115 possum
2448 3047 2734 3101 ostendere
2757 3046 2846 3117 qui
2877 3048 3155 3116 perierint.
3192 3048 3279 3103 Vis
3299 3059 3475 3105 autem
3498 3060 3553 3105 et

1972 3135 2024 3189 in
2041 3136 2258 3190 militari
2283 3136 2471 3192 ordine
2498 3137 2680 3193 videre
2705 3138 2794 3208 qui
2816 3138 3045 3193 salutem
3076 3140 3552 3212 sintconsequuti?

1970 3227 2180 3283 intuere
2208 3227 2516 3283 Cornelium
2565 3246 2579 3282 :
2614 3230 2693 3285 vis
2722 3240 2777 3286 et
2806 3230 2859 3285 in
2889 3232 2966 3286 rei
3013 3230 3291 3288 familiaris
3319 3234 3549 3289 admini-

1969 3321 2275 3376 stratione?
2318 3322 2528 3377 intuere
2555 3325 2859 3381 eunuchum
2889 3324 3257 3394 Ethiopissae.
3292 3326 3366 3380 Ita
3391 3327 3549 3381 undi~

1969 3427 2077 3481 que
2108 3413 2449 3483 perspicuum
2497 3415 2556 3468 lit
2576 3455 2594 3481 ,
2627 3416 2674 3470 si
2713 3426 2768 3470 ut
2796 3427 3010 3487 oportet
3056 3418 3259 3472 divitiis
3289 3427 3504 3473 utamur
3528 3460 3547 3485 ,

1971 3504 2103 3559 nihil
2156 3519 2314 3569 esse,
2348 3504 2489 3574 quod
2522 3519 2624 3561 nos
2667 3507 2854 3575 perdat
2886 3525 2899 3560 :
2930 3509 3012 3562 sin
3042 3509 3221 3562 minus
3244 3549 3259 3571 ,
3304 3510 3484 3562 omnia
3531 3526 3543 3561 :

1973 3595 2147 3665 perdit
2175 3611 2273 3651 nos
2300 3612 2518 3667 regnum
2541 3637 2557 3662 ,
2592 3598 2767 3666 perdit
2793 3610 3078 3667 paupertas
3101 3640 3116 3663 ,
3167 3598 3393 3667 perdunt
3416 3600 3547 3653 divi-

1970 3691 2080 3745 tiae.
2108 3692 2327 3745 Attentu
2353 3690 2567 3760 quidem
2599 3691 2799 3745 homini
2831 3691 2960 3745 nihil
2991 3705 3184 3745 nocere
3214 3694 3426 3761 poterit.
3453 3693 3545 3745 Dic

1970 3781 2113 3835 enim
2135 3781 2286 3846 mihi,
2307 3782 2585 3849 captivitas
2608 3797 2674 3836 an
2698 3782 2881 3836 laedit?
2904 3782 3116 3836 Minime
3142 3783 3343 3851 :cogita
3370 3783 3541 3852 ipsum

1968 3872 2168 3943 Ioseph
2196 3889 2409 3928 servum
2436 3873 2650 3943 quidem
2675 3873 2902 3937 factum,
2933 3873 3027 3928 sed
3056 3873 3399 3928 nihilominus
3430 3874 3538 3927 vir-

1972 3963 2071 4021 tuti
2096 3964 2367 4019 addictum
2396 3981 2411 4019 :
2442 3964 2614 4034 cogita
2656 3964 2787 4020 mihi
2816 3964 3090 4020 Danielem
3124 4006 3140 4030 ,
3169 3973 3226 4019 et
3272 3974 3382 4019 tres
3425 3964 3544 4017 illus

1971 4072 2185 4127 pueros,
2222 4072 2345 4111 cum
2393 4057 2587 4126 captivi
2640 4066 2855 4123 essent,
2885 4057 3053 4112 multo
3097 4056 3265 4126 magis
3307 4058 3538 4112 fulsisse.

1971 4149 2177 4221 Ubique
2204 4150 2348 4206 enim
2385 4149 2556 4206 virtus
2606 4151 2745 4206 lucet
2773 4191 2788 4215 ,
2820 4165 2996 4219 neque
3032 4150 3319 4219 expugnari
3367 4165 3543 4218 neque

1970 4242 2214 4313 impediri
2266 4243 2372 4299 ulla
2414 4244 2621 4299 ratione
2673 4251 2867 4313 potest.
2893 4240 3028 4308 Quid
3080 4241 3200 4296 dico
3253 4252 3542 4311 pauperta-

1971 4343 2077 4390 tem
2117 4344 2174 4391 et
2217 4335 2571 4391 servitutem?
2600 4350 2700 4390 nec
2736 4333 2904 4388 fames
2929 4331 3170 4403 quidem,
3201 4347 3299 4388 nec
3338 4332 3541 4398 ulcera,

1970 4440 2071 4481 nec
2125 4425 2340 4480 morbus
2382 4420 2720 4495 quantumvis
2765 4436 2957 4477 nocere
3002 4429 3225 4491 possunt
3267 4437 3282 4477 :
3324 4422 3545 4475 morhus

1972 4514 2114 4570 enim
2140 4515 2396 4570 servitute
2421 4523 2504 4570 est
2540 4513 2770 4583 gravior.
2801 4510 2942 4565 Talis
2968 4520 3084 4566 erat
3127 4510 3380 4575 Lazarus,
3420 4511 3543 4566 talis

1970 4604 2071 4661 Job
2094 4647 2109 4671 ,
2142 4606 2260 4661 talis
2297 4616 2413 4661 erat
2448 4615 2503 4661 et
2538 4604 2847 4661 Timotheus
2895 4601 3087 4658 crebro
3127 4616 3343 4672 pressus
3392 4602 3540 4657 infir-

2030 4700 2175 4754 itate.

2030 4708 2043 4754 i
2069 4709 2175 4754 ate.
3170 4710 3173 4715 ·

1971 4716 2024 4755 m
2051 4708 2222 4846 lVirtus
2248 4807 2279 4844 a
2303 4790 2444 4845 nulla
2469 4806 2523 4843 re
2540 4787 2768 4859 superari
2795 4786 3213 4858 potest.--\lides
3234 4785 3367 4841 nihil
3394 4798 3537 4843 esse.

1974 4983 2256 5045 pertatem,
2294 4987 2399 5029 non
2437 4973 2738 5041 imperium,
2789 4987 2898 5025 non
2948 4970 3279 5032 servitutem,
3314 4986 3419 5023 non
3450 4982 3543 5022 re-

1974 5084 2093 5125 rum
2133 5067 2671 5125 administrationem.
2724 5080 2829 5119 non
2870 5064 3138 5131 morbum,
3173 5080 3276 5119 non
3308 5062 3534 5133 ignomi-

1970 5163 2139 5227 niam,
2184 5174 2291 5215 non
2316 5158 2593 5223 exsilium;
2633 5156 2729 5211 sed
2751 5156 2866 5210 hare
2885 5156 3062 5209 omnia
3093 5155 3545 5223 deorsum,atquc

1976 5253 2125 5308 humi
2169 5251 2476 5320 relinquens
2504 5250 2674 5302 virtus
2700 5247 2765 5301 ad
2794 5247 2984 5300 cadum
3016 5245 3256 5314 pervenit
3287 5263 3300 5298 :
3337 5254 3543 5298 tantum

1972 5358 2230 5416 generosa
2255 5342 2325 5397 sit
2349 5340 2547 5407 anima,
2569 5349 2694 5394 tunc
2716 5337 3004 5407 prohibere
3028 5335 3159 5389 nihil
3188 5338 3385 5405 poterit
3410 5335 3537 5405 quin

1977 5438 2187 5493 virtutis
2228 5436 2298 5491 sit
2337 5449 2575 5503 compos.
2621 5431 2719 5487 Ubi
2766 5431 2912 5484 enim
2940 5427 3080 5484 valet
3106 5429 3171 5493 is,
3202 5443 3233 5481 a
3277 5444 3382 5495 quo
3407 5428 3549 5481 actio

1980 5528 2266 5602 promenda
2301 5536 2383 5581 est
2405 5566 2421 5592 ,
2454 5524 2658 5579 nullum
2689 5531 2925 5576 externae
2975 5535 3063 5575 res
3107 5517 3544 5587 impedimentum

1980 5623 2228 5678 afferunt.
2262 5620 2391 5675 Nam
2416 5626 2471 5673 et
2496 5618 2549 5672 in
2576 5615 2812 5681 artibus,
2847 5613 2937 5669 ubi
2963 5612 3157 5667 artifex
3181 5610 3318 5667 bene
3346 5612 3546 5681 peritus

1980 5715 2159 5779 fuerit,
2204 5723 2259 5768 et
2306 5713 2557 5775 tolerans,
2614 5709 3024 5775 universamque
3068 5713 3237 5759 artem
3281 5703 3550 5765 tenuerit,

1972 5807 2187 5864 etiamsi
2234 5807 2451 5860 morbus
2493 5803 2766 5866 adveniat,
2801 5802 2969 5871 ipsam
2998 5798 3228 5864 retinet;
3258 5796 3470 5853 etiamsi
3498 5795 3550 5856 in

1988 5908 2354 5972 paupertatem
2386 5895 2603 5963 incidat,
2629 5895 2799 5965 ipsam
2818 5893 3015 5949 retinet
3047 5908 3058 5943 :
3088 5891 3203 5949 sive
3230 5890 3552 5949 instrumen-
