3898 6500
429 401 540 462 275

443 533 556 578 tum
585 522 638 577 in
667 535 824 576 manu
850 519 1062 584 habeat,
1092 518 1206 573 sive
1229 533 1327 572 suo
1349 517 1598 586 fungatur
1621 530 1876 580 munere,
1905 514 2020 569 sive

444 629 550 668 non
598 612 867 682 fungatur,
913 609 1044 664 nihil
1085 610 1159 663 illi
1191 625 1257 664 ex
1295 619 1409 664 arte
1432 609 1730 664 detrahitur
1761 625 1774 662 :
1805 607 1858 660 in
1902 607 2019 675 ipso

445 707 591 760 enim
638 705 775 758 inest
818 702 1059 757 scientia.
1103 701 1178 754 lta
1224 711 1279 756 et
1320 702 1408 770 qui
1439 702 1630 755 virtute
1660 699 1910 768 praeditus
1937 708 2020 752 est

444 808 605 867 atque
634 813 697 852 ex
732 796 840 851 Deo
866 795 1080 864 pendet,
1103 796 1216 851 sive
1245 795 1388 848 illum
1417 795 1467 848 in
1501 794 1712 848 divitias
1738 793 2017 862 conjicias,

444 889 681 943 ostendit
706 889 959 942 virtutem
993 903 1175 954 suam;
1205 887 1315 942 sive
1339 888 1388 941 in
1419 897 1802 956 paupertatem,
1828 886 2022 941 nihilo-

446 985 658 1045 minus;
683 983 796 1038 sive
832 986 884 1036 in
912 981 1178 1046 morbum,
1225 982 1338 1036 sive
1368 981 1419 1035 in
1471 981 1754 1036 sanitatem
1778 1021 1792 1041 .
1815 980 1928 1034 sive
1969 979 2020 1033 in

445 1076 690 1143 gloriam,
720 1075 832 1128 sive
861 1074 911 1128 in
938 1072 1234 1127 infamiam.

517 1167 552 1222 4
614 1169 807 1221 Annon
831 1182 925 1236 per
953 1167 1048 1220 ista
1076 1166 1254 1220 omnia
1282 1165 1603 1220 transierunt
1629 1164 1896 1233 apostoli?
1920 1161 2024 1216 Per

447 1259 684 1329 gloriam,
714 1259 902 1329 inquit,
936 1268 983 1311 et
1021 1257 1404 1328 ignobilitatem,
1440 1273 1528 1325 per
1548 1257 1811 1326 infamiam
1848 1265 1895 1308 et
1936 1256 2025 1308 bo-

449 1368 570 1403 nam
597 1355 790 1422 famam
841 1350 914 1420 (2.
949 1350 1067 1403 Cor.
1091 1351 1144 1404 6.
1172 1350 1251 1417 8).
1297 1348 1408 1402 Hoc
1453 1359 1535 1402 est
1572 1347 1826 1402 athletam
1867 1362 2021 1411 esse,

450 1460 645 1514 nempe
694 1443 761 1497 ad
815 1444 991 1496 omnia
1037 1458 1157 1498 esse
1196 1441 1653 1497 accommodatum
1687 1457 1702 1496 :
1735 1441 1854 1494 talis
1881 1441 2024 1494 enim

449 1543 534 1589 est
558 1535 765 1588 virtutis
792 1535 951 1589 etiam
984 1544 1190 1588 natura.
1214 1533 1363 1601 Quod
1392 1534 1437 1588 si
1465 1533 1630 1598 dicas,
1657 1532 1894 1587 Prteesse
1907 1532 2027 1587 aliis

455 1641 559 1680 non
588 1641 825 1696 possunt,
854 1627 1090 1681 solitaria
1122 1625 1250 1680 mihi
1276 1627 1379 1678 vita
1409 1623 1612 1694 agenda
1641 1633 1745 1688 est,
1778 1623 2027 1693 injuriam

454 1716 622 1772 fecisti
646 1717 827 1771 virtuti
854 1736 868 1771 :
897 1733 957 1772 ea
986 1716 1200 1786 quidem
1229 1716 1476 1770 omnibus
1506 1715 1581 1769 uti
1609 1722 1802 1784 potest,
1830 1724 1884 1769 et
1913 1714 2029 1768 ubi-

452 1823 558 1876 que
587 1807 853 1878 splendet,
883 1807 1170 1862 dummodo
1200 1806 1325 1861 insit
1345 1807 1398 1860 in
1417 1807 1614 1860 anima.
1638 1805 1828 1861 Fames
1845 1804 2029 1860 adest?

453 1900 606 1954 adest
633 1915 860 1954 annonze
887 1899 1079 1969 copia?
1101 1899 1277 1953 Virtus
1302 1914 1456 1953 suum
1481 1913 1587 1968 pra:
1612 1913 1670 1953 se
1695 1897 1802 1952 fert
1825 1897 1987 1951 robur
2012 1914 2026 1950 :

453 1990 904 2060 quemadmodum
950 1991 1143 2045 Paulus
1184 1990 1375 2059 inquit,
1421 1989 1542 2044 Scio
1585 1999 1633 2042 et
1671 1988 1951 2052 abundare,
1982 1996 2032 2041 et

458 2083 718 2152 penuriam
746 2083 850 2152 pati
873 2081 1128 2152 (Philipp.
1155 2082 1209 2136 4.
1235 2080 1347 2150 12).
1371 2080 1708 2150 Operandum
1736 2080 1894 2135 erat?
1924 2094 2032 2134 non

456 2179 826 2242 erubescebat,
864 2178 955 2233 sed
983 2178 1118 2232 duos
1143 2192 1312 2231 annos
1339 2191 1556 2244 Operam
1587 2175 1687 2228 arti
1716 2190 1826 2228 sua:
1859 2173 2030 2228 dedit.

461 2273 589 2326 Erat
626 2271 843 2325 ferenda
874 2271 1078 2326 fames?
1108 2285 1212 2324 non
1236 2269 1570 2333 concidebat,
1604 2283 1702 2323 nec
1723 2268 2027 2322 vacillabat.

458 2365 790 2418 Moriendum
832 2364 981 2419 erat?
1027 2378 1132 2417 non
1180 2363 1462 2432 dejiciebat
1486 2362 1760 2416 animum:
1799 2359 2032 2429 undique

457 2472 778 2526 generosum
819 2456 968 2510 illum
1007 2454 1268 2520 animum,
1310 2463 1467 2522 atque
1496 2462 1664 2507 artem
1694 2451 2027 2506 ostendebat.

462 2550 616 2604 llunc
656 2550 812 2620 igitur
855 2549 1188 2612 mmulemur,
1236 2561 1336 2602 nec
1374 2545 1659 2616 quidquam
1687 2559 1862 2599 causa:
1888 2544 1990 2598 erit
2015 2583 2031 2608 ,

459 2659 557 2697 cur
586 2657 932 2698 maereamus.
965 2639 1100 2707 Quid
1124 2640 1266 2694 enim
1289 2680 1304 2704 ,
1330 2637 1417 2692 dic
1446 2637 1595 2701 mihi,
1629 2636 1718 2690 tali
1751 2636 1869 2690 viro
1898 2649 2036 2689 mte-

463 2746 638 2786 rorem
677 2731 871 2786 allerre
916 2729 1156 2799 poterit?
1195 2729 1333 2784 Nihil
1381 2742 1512 2782 sane
1546 2744 1558 2779 :
1595 2727 1847 2796 quamdiu
1900 2727 2038 2782 hanc

461 2823 613 2877 nobis
657 2839 814 2877 nemo
863 2823 1141 2890 eripuerit,
1193 2821 1439 2875 omnibus
1486 2819 1791 2873 hominibus
1839 2818 2040 2874 erimus

463 2913 753 2979 beatiores,
787 2923 842 2968 et
872 2913 958 2967 hic
988 2922 1043 2968 et
1085 2929 1188 2966 non
1218 2913 1325 2966 illic
1354 2922 1575 2965 tantum.
1621 2910 1701 2965 Sit
1733 2911 1873 2964 enim
1919 2910 2040 2979 quis

463 3006 676 3060 virtutis
709 3021 928 3074 compos
957 3021 972 3069 ;
1015 3015 1143 3058 tunc
1187 3014 1244 3059 et
1279 3019 1499 3058 uxorem
1530 3003 1722 3057 habeat
1742 3011 1794 3056 et
1822 3002 1959 3055 lilios
1987 3010 2042 3056 et

467 3097 740 3165 pecunias,
773 3105 827 3150 et
851 3095 1185 3150 circumﬂuat
1209 3095 1373 3164 gloria
1397 3110 1412 3158 ;
1441 3095 1493 3148 in
1523 3093 1603 3147 his
1624 3093 1868 3146 mnnihns
1895 3093 2043 3148 simi-

469 3187 591 3240 liter
639 3186 891 3240 virtutem
935 3185 1186 3239 retinebit
1235 3202 1250 3240 :
1303 3186 1451 3239 aufer
1497 3185 1639 3248 hcce;
1698 3184 2042 3240 nihilominus

469 3279 722 3333 virtutem
755 3279 1060 3343 exercebit,
1089 3295 1196 3332 non
1235 3278 1626 3332 calamitatibus
1665 3278 1908 3343 obrutus,
1937 3293 2040 3332 non

470 3386 536 3424 ex
584 3371 937 3439 prosperitate
987 3379 1331 3436 tumescens;
1382 3370 1474 3424 sed
1517 3370 1738 3441 perinde
1783 3386 1845 3425 ac
1890 3381 2041 3440 petra

467 3460 710 3531 quzcdam
755 3462 1042 3527 maritima,
1075 3463 1186 3517 sive
1213 3471 1422 3532 turgeat
1448 3479 1615 3526 mare,
1664 3464 1776 3518 sive
1821 3465 2042 3522 malacia

468 3557 726 3620 exsistat,
769 3572 922 3626 atque
951 3566 1132 3611 manet
1178 3557 1484 3622 immobilis,
1518 3573 1692 3626 neque
1735 3573 1763 3611 a
1797 3557 2044 3612 ﬂuctibus

471 3647 660 3714 fracta,
695 3663 868 3716 neque
894 3664 924 3701 a
952 3648 1172 3702 malacia
1203 3649 1492 3718 quidquam
1521 3648 1700 3702 damni
1732 3664 1883 3718 passa
1921 3668 1934 3703 :
1974 3650 2044 3704 ita

471 3738 632 3792 etiam
662 3739 866 3793 solidus
905 3743 1115 3794 animus
1156 3756 1306 3809 teque
1333 3740 1536 3794 stabilis
1568 3749 1769 3808 perstat
1795 3742 1846 3794 in
1873 3740 2046 3795 llucti-

475 3827 594 3892 bus,
621 3836 674 3881 et
703 3828 754 3882 in
784 3829 1025 3884 malacia.
1075 3829 1141 3883 Et
1171 3829 1619 3898 quemadmodqu
1650 3831 1855 3900 pueruli
1892 3831 2048 3885 navi-

471 3919 561 3988 gio
599 3919 737 3973 vecti
774 3919 1072 3985 turbantur,
1117 3921 1442 3990 gubernator
1479 3931 1654 3976 autem
1686 3922 1835 3976 sedet
1865 3923 2046 3977 ridens

474 4019 532 4063 et
571 4010 851 4075 immotus,
903 4018 956 4063 et
983 4026 1048 4064 ex
1089 4011 1300 4065 illorum
1334 4012 1686 4081 trepidatione
1713 4013 2044 4082 voluptatem

476 4101 623 4170 capit
655 4118 668 4155 :
711 4100 779 4154 ita
814 4101 1020 4154 animus
1048 4102 1463 4172 philosophicus,
1492 4103 1619 4158 dum
1656 4107 1833 4161 caeteri
1862 4121 2049 4162 omnes

474 4192 778 4259 turbantur,
821 4202 914 4247 aut
935 4193 1165 4249 vicissim
1187 4195 1365 4251 rident
1394 4197 1768 4264 intempestive
1792 4197 1843 4251 in
1865 4214 2045 4254 rerum

475 4284 898 4351 mutationibus,
937 4284 1050 4354 ipse
1087 4288 1234 4356 quasi
1275 4289 1341 4342 ad
1370 4288 1579 4342 clavum
1613 4289 1900 4359 quemdam
1930 4292 2046 4361 pie-

1191 404 1248 461 8.
1274 402 1548 460 JOANNIS
1583 400 2053 458 CllllYSOSTOMI
2094 401 2405 457 ARCHIEP.
2434 399 2964 458 CONSTANTINOP.

3603 408 3700 463 276

2132 517 2254 569 tatis
2285 515 2478 570 sedens
2520 524 2716 584 perstat
2757 516 3031 570 innnotus.
3056 516 3190 582 Quid
3222 519 3388 584 enim,
3423 519 3510 574 dic
3537 521 3664 574 mihi
3685 566 3698 586 ,

2127 611 2362 662 animam
2417 609 2557 676 piam
2618 608 2932 676 perturbare
2979 611 3188 678 potest?
3243 627 3371 664 num
3422 613 3606 665 mors?
3653 626 3702 668 at

2131 698 2231 751 hoc
2276 698 2513 752 melioris
2563 699 2685 751 vita:
2739 699 2971 753 initium.
3019 703 3100 753 An
3147 705 3470 770 paupertas?
3515 714 3570 756 at
3609 705 3702 758 hoc

2130 793 2298 862 ipsam
2326 790 2568 859 provehit
2599 792 2650 846 in
2682 792 2893 847 virtutis
2925 793 3026 846 via.
3077 796 3158 846 An
3185 795 3406 848 morbus
3426 798 3451 848 ἲ
3475 795 3580 849 Sed
3615 815 3704 863 pro

2129 884 2296 938 nihilo
2323 883 2483 938 habet
2511 884 2648 939 hanc
2672 885 2854 938 vitam.
2901 885 2965 938 Et
2985 885 3111 954 quid
3139 886 3260 941 dico
3283 891 3534 942 morbum
3558 890 3581 940 Ἰ
3614 906 3705 958 pro

2129 975 2296 1030 nihilo
2341 991 2494 1045 mque
2540 976 2700 1031 habet
2750 977 3134 1032 delectationes
3204 989 3365 1048 atque
3395 998 3704 1037 terumnasz

2128 1066 2437 1135 anticipavit
2460 1068 2600 1121 enim
2628 1109 2641 1130 ,
2670 1082 2732 1122 ac
2757 1083 2816 1123 se
2847 1068 2957 1138 ipsa
2985 1069 3095 1137 jam
3124 1070 3334 1124 afﬂixit.
3379 1076 3460 1126 An
3506 1075 3709 1142 ignobi-

2125 1157 2290 1214 litas?
2329 1158 2424 1213 sed
2470 1159 2698 1214 mundus
2742 1161 2840 1229 ipsi
2875 1164 3163 1216 crucilixus
3199 1174 3283 1218 est
3359 1167 3442 1219 An
3497 1169 3713 1218 mussi»

2128 1250 2465 1306 liberorum?
2507 1250 2601 1304 sed
2630 1267 2735 1304 non
2759 1252 2987 1316 metuit;
3067 1251 3305 1306 futuram
3377 1253 3527 1309 enim
3616 1257 3713 1311 sibi

2132 1341 2396 1410 persuasit
2437 1342 2910 1398 resurrectionem.
2941 1343 3078 1410 Quid
3111 1355 3354 1400 evertere
3382 1347 3535 1401 illam
3566 1360 3714 1418 pote-

2134 1434 2240 1487 rit?
2282 1433 2508 1488 Prorsus
2558 1433 2712 1488 nihil.
2757 1435 2827 1488 At
2870 1434 3070 1489 divitia:
3097 1436 3396 1491 extollunt?
3445 1441 3711 1493 minime:

2133 1525 2286 1579 novit
2309 1527 2450 1580 enim
2483 1525 2737 1595 pecunias
2764 1525 2896 1580 nihil
2925 1541 3070 1582 esse.
3103 1529 3173 1581 At
3216 1529 3424 1598 gloria?
3467 1531 3566 1584 sed
3608 1531 3712 1599 jam

2135 1618 2189 1672 in
2243 1618 2342 1671 hac
2367 1617 2641 1687 disciplina
2662 1618 2902 1674 eruditus
2943 1629 3044 1685 est,
3075 1635 3290 1676 omnem
3325 1623 3566 1678 hominis
3595 1625 3711 1694 glo-

2136 1709 2268 1763 riam
2299 1723 2418 1764 esse
2456 1710 2620 1764 veluti
2651 1708 2838 1764 ﬂorem
2869 1709 2997 1766 freni
3044 1709 3206 1781 (Isai.
3237 1712 3330 1767 40.
3363 1714 3464 1782 6).
3494 1717 3564 1767 At
3594 1715 3716 1768 deli-

2135 1801 2274 1856 cite?
2303 1800 2397 1856 sed
2427 1800 2631 1855 audivit
2664 1800 2887 1856 Paulum
2916 1802 3183 1857 dicentem
3204 1845 3217 1866 ,
3261 1804 3391 1869 Qum
3429 1805 3489 1857 in
3533 1807 3716 1857 deliciis

2137 1900 2230 1955 est,
2259 1891 2428 1945 vivens
2455 1901 2655 1945 mortua
2683 1901 2754 1946 est
2782 1891 2830 1963 (1
2893 1891 3025 1946 Tim.
3043 1893 3098 1948 5.
3119 1892 3198 1964 6).
3223 1894 3369 1965 Ergo
3390 1911 3518 1950 cum
3550 1913 3718 1965 neque

2139 1991 2424 2051 tumescat,
2464 1999 2640 2053 neque
2678 1984 3032 2053 deprimatur,
3059 1987 3188 2058 quid
3221 1989 3348 2043 huic
3383 1992 3609 2046 sanitati
3634 2009 3722 2060 par

2140 2078 2368 2134 inveniri
2406 2079 2644 2148 poterit?
2675 2079 2869 2134 Verum
2896 2097 3001 2134 non
3043 2081 3176 2136 tales
3209 2093 3334 2136 sunt
3362 2093 3583 2138 caetera-
3604 2087 3720 2138 ani-

2143 2187 2263 2236 mae,
2295 2172 2390 2226 sed
2437 2171 2678 2225 crebrius
2700 2187 2859 2242 quam
2885 2188 3032 2228 mare
3054 2183 3108 2227 et
3140 2174 3479 2229 chammleon
3513 2186 3726 2229 mutan-

2142 2272 2248 2318 tur.
2279 2263 2639 2331 Quamobrem
2669 2265 2822 2320 valde
2857 2265 3081 2320 ridicula
3107 2277 3189 2321 est
3214 2267 3427 2323 illarum
3447 2269 3726 2324 conditio:

2140 2372 2261 2413 cum
2295 2359 2477 2414 videas
2523 2360 2770 2414 eumdem
2815 2376 2956 2416 nunc
2985 2361 3270 2428 ridentem,
3298 2380 3441 2419 nunc
3484 2365 3729 2430 ﬂentem,

2143 2465 2284 2505 nunc
2323 2451 2630 2517 sollicitum,
2684 2467 2827 2508 nunc
2871 2465 3064 2522 prteter
3104 2456 3316 2510 modum
3345 2459 3642 2512 remissum
3674 2476 3732 2512 ac

2143 2549 2464 2611 torpentem.
2521 2542 2809 2613 Propterea
2864 2544 3059 2598 Paulus
3109 2546 3316 2616 inquit,
3372 2547 3559 2603 Nolite
3613 2568 3733 2603 ron-

2144 2633 2356 2703 formari
2405 2633 2522 2686 huic
2565 2635 2751 2688 saeculo
2797 2633 2998 2706 (Rom.
3031 2635 3118 2691 12.
3146 2637 3183 2690 2
3212 2636 3252 2709 ).
3305 2637 3362 2692 ln
3408 2641 3550 2694 (χι-ιο
3588 2643 3732 2695 enim

2143 2725 2422 2797 degimus,
2468 2734 2524 2782 et
2565 2728 2718 2798 quasi
2769 2729 2912 2784 cives
2957 2745 3254 2795 versamur,
3289 2733 3376 2786 ubi
3427 2734 3576 2786 nulla
3617 2752 3732 2788 mu-

2147 2820 2296 2873 tatio.
2354 2819 2622 2874 Promissa
2671 2829 2795 2874 sunt
2842 2821 2996 2876 nobis
3041 2822 3256 2892 prtemia
3306 2823 3668 2877 immutabili:
3719 2843 3733 2854 ο

2144 2914 2305 2967 talem
2345 2921 2401 2967 et
2443 2926 2541 2966 nos
2567 2911 2690 2966 vitae
2721 2912 2983 2967 rationem
3028 2913 3412 2976 exhibeamus;
3471 2914 3602 2969 inde
3628 2916 3734 2984 jam

2145 3005 2418 3074 capiamus
2473 3005 2632 3060 bona.
2667 3005 2872 3076 Ecquid
2921 3006 3080 3075 igitur
3123 3021 3220 3060 nos
3263 3008 3362 3077 ipsi
3399 3009 3450 3062 in
3487 3011 3736 3076 euripum

2150 3098 2489 3167 projicimus,
2539 3105 2595 3151 et
2640 3097 2693 3151 in
2745 3096 2952 3152 medios
2981 3097 3175 3153 fluctus
3209 3107 3263 3152 ct
3295 3099 3346 3155 in
3384 3102 3660 3169 procellas
3690 3113 3738 3155 et

2147 3189 2430 3243 turbines?
2458 3189 2862 3254 Amplectamur
2893 3190 3333 3258 tranquillitatem
3369 3210 3382 3245 :
3415 3207 3479 3246 ea
3514 3207 3626 3246 non
3670 3210 3735 3247 es

2147 3281 2347 3335 divitiis
2393 3282 2612 3350 pendet.
2658 3297 2762 3336 non
2807 3297 2874 3337 ex
2924 3293 3264 3352 paupertate,
3292 3301 3398 3339 non
3431 3301 3496 3341 ex
3529 3287 3735 3357 gloria,

2149 3390 2253 3428 non
2287 3390 2350 3428 ex
2385 3373 2733 3443 ignobilitate,
2762 3390 2869 3429 non
2899 3391 2964 3430 ex
2995 3377 3200 3440 morbo,
3235 3393 3339 3432 non
3374 3394 3441 3433 ex
3471 3381 3736 3445 sanitate,

2150 3482 2256 3520 non
2282 3482 2345 3521 ex
2378 3467 2706 3532 inlirmitate,
2734 3467 2826 3522 sed
2858 3482 2920 3522 ex
2952 3478 3135 3523 nostro
3155 3469 3416 3540 cujusque
3443 3477 3654 3526 animo.
3685 3475 3738 3527 Si

2151 3561 2238 3617 hic
2267 3561 2470 3617 solidus
2499 3561 2682 3628 fuerit,
2711 3576 2773 3616 ac
2797 3572 2943 3618 recte
2971 3563 3022 3617 in
3057 3564 3267 3619 virtutis
3294 3565 3583 3634 disciplina
3615 3584 3735 3622 eru-

2150 3654 2314 3719 ditus,
2364 3655 2540 3708 omnia
2581 3655 2658 3708 illi
2704 3653 2882 3710 facilia
2924 3664 3100 3710 erunt.
3147 3658 3319 3726 Atque
3348 3658 3476 3712 hinc
3505 3659 3617 3728 jam
3654 3676 3737 3714 re-

2151 3747 2328 3816 quiem
2359 3756 2564 3811 cernet,
2595 3756 2915 3818 portumque
2941 3749 3283 3818 tranquillum
3305 3791 3318 3812 ,
3347 3759 3405 3805 et
3450 3753 3580 3808 illuc
3621 3769 3740 3822 pro-

2153 3837 2320 3893 fectus
2351 3839 2752 3894 innumerabilia
2783 3840 2921 3894 bona
2947 3851 3302 3910 consequetur
3330 3859 3345 3896 :
3385 3859 3511 3913 qua:
3535 3845 3736 3898 utinam

2154 3947 2254 3985 nos
2281 3946 2470 3986 omnes
2495 3947 2904 4001 consequamur,
2949 3933 3116 4002 gratia
3157 3941 3212 3987 et
3259 3933 3593 4002 benignitate
3637 3938 3737 3988 ho-

2153 4025 2283 4079 mini
2331 4025 2499 4079 nostri
2549 4025 2676 4080 Jesu
2729 4026 2960 4092 Christi,
3009 4041 3129 4081 cum
3161 4043 3267 4096 quo
3298 4027 3443 4082 Patri
3475 4032 3737 4097 Simulque

2152 4127 2339 4173 sancto
2377 4117 2594 4188 Spiritui
2645 4119 2846 4188 gloria,
2898 4119 3210 4189 imperium,
3247 4121 3444 4189 honor,
3499 4140 3641 4178 nunc
3685 4134 3738 4178 et

2155 4223 2392 4279 semper,
2424 4220 2478 4265 et
2506 4211 2558 4264 in
2589 4211 2784 4265 saecula
2810 4210 3152 4266 szcculorum.
3184 4215 3376 4268 Amen.

1872 4507 2219 4570 HOMILIA
2260 4506 2434 4569 XIII.

473 4655 605 4712 Car.
636 4659 690 4714 '5.
725 4673 777 4712 v.
810 4658 898 4714 l8.
935 4656 1088 4711 Multi
1111 4657 1246 4711 enim
1271 4659 1551 4726 ambulant,
1591 4676 1717 4730 quos
1744 4674 1878 4730 sape
1907 4659 2048 4712 dice-

546 4750 660 4803 bam
690 4750 846 4814 vobis,
877 4766 1010 4802 nunc
1036 4758 1201 4802 autem
1224 4759 1270 4802 et
1299 4752 1428 4820 flens
1447 4751 1557 4804 dico
1579 4792 1593 4817 ,
1624 4751 1856 4805 inimicos
1880 4751 2048 4804 crucis

546 4840 755 4905 Christi,
805 4841 892 4896 19.
921 4857 1133 4911 quarunt
1180 4842 1296 4909 ﬁnis
1341 4843 1603 4906 interitus;
1650 4860 1866 4913 quorum
1905 4843 2047 4898 Deus

548 4941 714 4986 venter
743 4941 834 4995 est,
866 4941 911 4985 et
939 4933 1104 5002 gloria
1123 4934 1176 4985 in
1196 4935 1492 5004 confusione
1519 4940 1770 4999 ipsorum,
1819 4937 1906 5006 qui
1943 4945 2047 4989 ter-

547 5040 670 5077 rena
705 5025 929 5092 sapiunt.
956 5023 1047 5077 20.
1101 5023 1288 5076 Nostra
1328 5027 1460 5077 enim
1496 5028 1803 5080 Conversatio
1832 5029 1882 5081 in
1909 5027 2047 5081 caelis

549 5131 621 5170 est
655 5131 672 5166 :
705 5115 840 5168 unde
865 5117 1014 5168 etiam
1047 5115 1362 5169 Saluatore»:
1403 5127 1744 5185 exspectamus
1775 5117 2052 5171 Dominum

545 5206 724 5262 Iesum
755 5207 1024 5269 Christum,
1049 5205 1138 5259 21.
1169 5207 1258 5275 qui
1280 5208 1656 5276 trans/igurabit
1685 5225 1863 5278 corpus
1890 5211 2053 5263 humi-

550 5299 708 5354 litatis
737 5309 940 5361 nostraz,
964 5308 1020 5350 ut
1050 5301 1306 5369 conformc
1327 5299 1415 5364 ﬁat
1435 5302 1634 5369 corpori
1660 5301 1902 5354 claritatis
1919 5317 2044 5366 suat,

547 5390 821 5446 secundum
841 5391 1182 5455 operationem
1211 5390 1404 5443 uirtutis
1427 5407 1553 5452 sum,
1577 5408 1675 5460 qua
1713 5392 1863 5444 etiam
1894 5393 2050 5462 possit

546 5483 791 5553 subjicere
813 5481 904 5534 sibi
933 5481 1120 5534 omnia.

552 5579 602 5630 ll.
644 5574 784 5628 Nihil
833 5589 984 5644 teque
1029 5573 1426 5628 dissentaueum
1475 5582 1577 5637 est,
1633 5573 1974 5644 alienumque
2019 5588 2052 5629 a

476 5665 802 5731 Christiano,
829 5679 892 5718 ac
913 5679 1151 5734 requiem
1179 5674 1234 5719 et
1253 5667 1415 5718 otium
1437 5679 1680 5734 quaerere
1707 5683 1719 5716 :
1747 5665 1879 5718 nihil
1901 5680 2054 5734 teque

481 5774 510 5812 a
546 5756 878 5826 professione
921 5766 1101 5812 nostra
1127 5767 1181 5812 et
1211 5757 1417 5822 militia,
1449 5758 1531 5810 cui
1562 5772 1754 5811 nomen
1784 5756 2048 5822 dedimus,

481 5849 806 5918 alicnum,ac
828 5850 1072 5919 prmsenti
1095 5851 1215 5906 vitae
1244 5849 1477 5906 defixum
1499 5865 1636 5908 esse.
1663 5851 1914 5906 Dominus
1932 5861 2056 5908 tuus

1719 5938 1744 5966 ο

2157 4657 2210 4712 in
2233 4671 2448 4711 crucem
2478 4665 2628 4710 actus
2651 4663 2749 4718 est,
2779 4663 2833 4709 et
2859 4666 2915 4708 tu
2947 4655 3183 4724 requiem
3215 4657 3455 4724 quaeris?
3487 4658 3736 4712 Dominus

2158 4757 2279 4803 tuus
2301 4748 2468 4803 clavis
2492 4747 2735 4802 conlisus
2761 4755 2863 4811 est,
2883 4755 2937 4801 et
2967 4755 3023 4800 tu
3049 4747 3356 4803 deliciaris?
3386 4749 3626 4805 hzeccine
3642 4753 3735 4803 mi-

2158 4843 2264 4897 litis
2288 4841 2531 4912 generosi
2554 4841 2577 4893 ?
2605 4840 2893 4909 Propterea
2923 4840 3082 4894 etiam
3106 4839 3304 4894 Paulus
3359 4841 3560 4911 inquit,
3592 4843 3734 4896 ,11ηλὴ

2157 4936 2578 5001 ambulant,quas
2593 4949 2730 5003 swpe
2759 4933 2983 4986 dicebam
3008 4932 3164 4996 vobis,
3183 4949 3320 4986 nunc
3345 4945 3520 4987 autem
3550 4949 3595 4989 et
3615 4937 3736 5003 ﬂens

2159 5026 2294 5085 dico,
2325 5025 2552 5078 inimicos
2578 5025 2740 5078 crucis
2767 5023 2974 5077 Christi.
2999 5023 3261 5089 Quoniam
3292 5036 3450 5079 erant
3476 5029 3734 5090 nonnulli,

2159 5119 2247 5186 qui
2276 5117 2740 5170 Christianismum
2757 5116 2972 5185 quidem
2997 5116 3342 5178 simulabant,
3361 5117 3458 5171 sed
3481 5119 3532 5170 in
3549 5120 3650 5171 otio
3671 5134 3736 5172 ac

2159 5209 2362 5263 deliciis
2382 5209 2648 5273 vivebant,
2669 5208 2720 5262 id
2744 5223 2870 5263 vero
2898 5208 3210 5263 adversatur
3237 5211 3419 5275 cruci;
3446 5212 3634 5266 idcirco
3660 5215 3735 5264 ita

2160 5302 2390 5356 dicebat.
2419 5301 2556 5356 Crux
2576 5302 2716 5356 enim
2743 5302 2952 5370 propria
2978 5302 3168 5357 anima:
3199 5312 3282 5357 est
3308 5305 3358 5356 in
3383 5306 3501 5359 acie
3526 5308 3732 5364 stantis,

2161 5395 2294 5448 mori
2322 5394 2585 5462 cupientis
2603 5435 2619 5459 ,
2659 5393 2859 5446 nullam
2890 5392 2990 5447 sibi
3019 5392 3429 5449 oblectationem
3456 5395 3729 5464 postulan-

2163 5487 2230 5540 tis
2261 5503 2274 5538 :
2302 5486 2377 5539 illi
2405 5501 2532 5539 vero
2573 5485 2897 5539 contrariam
2947 5485 3069 5538 vita:
3114 5485 3375 5539 rationem
3423 5497 3738 5555 sequuntur.

2162 5577 2516 5642 Quamobrem
2565 5573 2774 5629 tametsi
2817 5574 3000 5628 dicunt
3029 5589 3087 5629 se
3113 5572 3307 5629 Christi
3343 5590 3482 5639 esse,
3530 5578 3734 5629 inimici

2163 5678 2339 5724 tamen
2371 5678 2495 5722 sunt
2518 5667 2694 5722 crucis
2722 5684 2736 5718 :
2767 5666 2986 5735 alioqui,
3034 5667 3078 5720 si
3121 5682 3333 5722 crucem
3363 5677 3620 5726 amarent.
3679 5668 3737 5722 id

2161 5776 2376 5831 quoque
2423 5758 2738 5822 studerent,
2786 5767 2847 5811 ut
2891 5757 3201 5812 crucifixam
3252 5757 3414 5810 vitam
3473 5759 3735 5810 viverent.

2162 5853 2348 5910 Nonne
2383 5852 2434 5907 in
2464 5864 2678 5929 crucem
2703 5859 2853 5906 actus
2885 5858 2968 5905 est
3001 5848 3254 5906 Dominus
3297 5850 3458 5905 tuus?
3499 5849 3550 5904 Si
3579 5849 3648 5902 illa
3661 5866 3739 5904 us
