3898 6492
522 360 627 416 2⁸77

524 480 627 551 σθη
660 494 755 532 σου
785 479 813 531 6
856 478 1170 550 Δεσπότης;
1223 480 1477 552 Μίμησαι
1522 484 1586 537 σὺ
1623 483 1797 549 ἄλλως
1829 485 2014 549 αὑτὸν,
2047 490 2095 538 εἰ

526 572 605 643 μὴ
631 572 722 625 τὸν
751 570 960 625 ἐκείνου
991 570 1215 625 δύνασαι
1245 574 1450 644 τρόπον
1471 588 1486 603 ⁸
1538 576 1854 647 σταύρωσον
1879 579 2091 645 ἑαυτὸν,

522 663 626 716 κᾶν
655 662 839 732 μηδείς
870 678 930 714 σε
958 661 1277 735 σταυρώσῃο
1319 665 1634 736 σταύρωσον
1674 668 1901 722 σεαυτὸν
1930 670 2091 738 λέγω,

520 753 618 821 οὐχ
646 752 733 804 ἵνα
756 750 978 804 σεαυτὸν
1012 752 1212 824 ἀνέλῃς
1245 754 1343 825 (μὴ
1370 755 1602 823 γένοιτο,
1638 758 1796 812 τοῦτο
1828 759 1935 830 γάρ
1962 761 2092 813 ἀσε-

521 842 658 911 ϐὲς),
685 842 798 895 ἀλλ’
824 843 901 906 ὡς
923 843 1135 908 Παῦλος
1167 843 1372 912 ἐλεγενο
1400 847 1561 915 Ἐμοὶ
1595 851 1725 920 γὰρ,
1756 848 1906 922 [298]
1935 851 2088 923 φησὶ,

517 936 742 1003 κόσμος
770 936 1152 1005 ἐσταύρωται,
1184 937 1345 1008 κάγὼ
1373 939 1453 1005 τῷ
1483 941 1705 1009 κόσμῳ.

587 1038 649 1090 Et
679 1038 853 1107 φιλεῖς
876 1040 966 1092 τὸν
992 1040 1269 1111 Δεσπότην
1306 1059 1422 1106 σου,
1459 1041 1550 1095 τὸν
1582 1041 1814 1097 θάνατον
1852 1043 2089 1098 ἀπόθανε

514 1129 606 1183 τὸν
638 1130 883 1184 ἐκείνουο
938 1133 1076 1204 μάθε
1111 1134 1249 1204 πόση
1281 1132 1373 1186 τοῦ
1407 1133 1639 1205 σταυροῦ
1673 1137 1706 1205 ἡ
1742 1135 1912 1205 ίσχὺς,
1948 1135 2089 1189 πόσα

515 1222 863 1294 κατώρθωσε,
897 1225 1036 1278 πόσα
1072 1225 1343 1295 κατορθοῖ,
1377 1226 1494 1290 πῶς
1527 1228 1670 1280 ἐστιν
1701 1226 1972 1296 ἀσφάλεια
1993 1228 2087 1281 τοῦ

516 1312 653 1382 βίου.
685 1312 783 1366 Διά
804 1313 993 1367 τούτου
1025 1316 1199 1368 πάντα
1222 1315 1491 1369 τελεῖται’
1526 1316 1810 1387 βάπτισμα
1855 1316 1945 1371 διὰ
1990 1317 2084 1372 τοῦ

514 1405 752 1476 σταυροῦ
808 1406 907 1476 (δεῖ
939 1408 1049 1478 γάρ
1100 1407 1387 1462 ἀναλαϐεῖν
1424 1408 1524 1479 τὴν
1560 1409 1871 1483 σφραγῖδα)⁸
1904 1428 2084 1484 χειροη-

511 1497 661 1549 τονία
692 1497 780 1551 διά
825 1497 918 1551 τοῦ
967 1499 1232 1570 σταυροῦ·
1270 1488 1372 1553 κᾶν
1402 1500 1459 1555 ἐν
1484 1500 1623 1565 ὁδοῖς
1658 1495 1828 1572 ὦμεν,
1872 1502 1976 1557 κᾶν
2026 1504 2084 1558 ἐν

510 1588 678 1659 οἰκίᾳ,
716 1589 820 1642 κάν
871 1591 1003 1644 ὅπου
1034 1589 1099 1644 ἀν
1131 1607 1284 1658 ποτε,
1340 1590 1484 1661 μέγα
1517 1592 1719 1660 ἀγαθὸν
1750 1592 1779 1645 6
1830 1595 2081 1667 σταυρὸς,

514 1683 782 1753 σωτήριον
809 1682 991 1746 ὅπλον,
1018 1683 1187 1746 ἀσπὶς
1216 1683 1447 1754 ἄμαχος,
1492 1683 1570 1754 τῷ
1595 1684 1824 1756 διαϐόλῳ
1854 1687 2081 1753 ἀντίπα-

509 1768 836 1840 λος.·Τούτῳ
871 1765 965 1824 οὖν
1000 1770 1300 1842 ἐχθραίνων
1351 1772 1639 1842 βαστάζεις
1686 1774 1777 1827 τὸν
1828 1777 2079 1849 σταυρὸν,

511 1861 586 1931 μὴ
611 1860 798 1924 ἀπλῶς
829 1862 1282 1933 σφραγιζόμενος,
1316 1864 1455 1918 ἀλλά
1484 1866 1554 1920 τὰ
1589 1865 1683 1919 τοῦ
1715 1868 1947 1939 σταυροῦ
1976 1868 2081 1922 πά-

510 1967 672 2020 σχων.
706 1945 828 2005 Οίδε
882 1944 1110 2025 σταυρὸν
1135 1956 1163 2008 ό
1190 1956 1424 2027 Χριστὸς
1450 1957 1520 2011 τά
1565 1959 1708 2031 πάθη
1756 1960 1953 2029 λέγειν,
2003 1960 2079 2026 ὡς

504 2042 633 2094 ὅταν
658 2042 790 2115 λέγῃ
809 2058 824 2072 θ
872 2043 1009 2097 Ἐὰν
1036 2045 1115 2113 μή
1163 2063 1252 2112 τις
1301 2046 1414 2116 ἄρῃ
1446 2048 1553 2103 τόν
1577 2051 1841 2118 σταυρόν
1869 2051 2075 2117 αὐτοῦ,

508 2131 603 2183 καὶ
634 2132 1023 2203 ἀκολουθήσῃ
1055 2153 1157 2205 μοι
1178 2151 1192 2166 ⁶
1232 2138 1527 2205 τουτέστιν,
1550 2142 1647 2194 ἐὰν
1671 2144 1744 2213 μή
1771 2139 1909 2218 τιςῇ
1939 2161 2079 2215 παρ-

506 2221 902 2293 εσκευασμένος
931 2225 1065 2294 πρὸς
1099 2225 1347 2283 θάνατον.
1375 2222 1538 2284 Οῦτοι
1581 2231 1638 2284 δὲ
1684 2234 1898 2302 ἀγενεῖς
1922 2234 2075 2299 ὄντες

505 2311 598 2363 καὶ
626 2311 875 2379 φιλόζωοι
910 2316 1002 2368 καὶ
1045 2317 1429 2388 φιλοσώματοι,
1478 2321 1663 2393 ἐχθροὶ
1706 2323 1799 2377 τοῦ
1839 2326 2074 2397 σταυροῦ

499 2402 827 2472 τυγχάνουσι
853 2423 867 2437 ·
899 2406 993 2460 καὶ
1020 2412 1149 2473 πᾶς,
1180 2410 1239 2473 ὃς
1265 2411 1330 2464 ἂν
1420 2413 1519 2483 τῆς
1542 2416 1753 2485 τρυφῆς
1780 2416 1931 2486 φίλος
1980 2419 2075 2472 καὶ

500 2495 598 2565 τῆς
629 2495 861 2551 ἐνταῦθα
895 2498 1211 2567 ἀσφαλείας,
1248 2503 1437 2574 ἐχθρός
1463 2505 1580 2559 ἐστι
1604 2507 1698 2560 τοῦ
1728 2510 1984 2579 σταυροῦ,
2016 2511 2075 2564 ἐν

498 2581 543 2654 ᾧ
576 2588 788 2654 Παῦλος
816 2593 1085 2663 καυχᾶται
1110 2594 1205 2648 καὶ
1243 2596 1653 2667 περιπλέκεται,
1691 2592 1737 2668 ᾧ
1784 2602 2073 2668 σπουδάζει

502 2682 947 2753 συνουσιωθῆναι,
1005 2684 1080 2750 ώς
1130 2687 1259 2740 ὅταν
1292 2687 1459 2761 λέγῃο
1508 2690 1655 2760 Ἐγὼ
1697 2692 2072 2765 ἑσταύρωμαι

495 2770 577 2838 τῷ
608 2776 834 2843 κόσμῳ,
872 2776 970 2829 καὶ
1024 2780 1057 2831 ό
1109 2780 1337 2850 κόσμος
1372 2782 1520 2851 ἐμοί.
1547 2783 1661 2837 Νῦν
1690 2785 1746 2838 δέ
1781 2803 1934 2857 φησι,
1962 2788 2071 2842 Καὶ

498 2865 723 2918 κλαίων
757 2867 929 2937 λέγω.
958 2868 1056 2923 Διά
1086 2869 1173 2936 τί;
1209 2872 1330 2926 Ὀτι
1369 2874 1607 2928 ἐπέτεινε
1658 2878 1719 2929 τὸ
1764 2880 1949 2947 κακὸν,
1988 2883 2071 2935 ὅτι

496 2952 748 3025 δακρύων
780 2956 919 3022 ἄξιοι
951 2961 999 3012 οἱ
1028 2960 1280 3017 τοιοῦτοι.
1322 2964 1532 3029 Ὄντως
1560 2967 1812 3039 δακρύων
1843 2970 1982 3036 ἄξιοι
2020 2975 2068 3026 οἱ

495 3046 829 3133 τρυφῶντες,
865 3050 926 3102 τὸ
959 3050 1059 3120 μὲν
1105 3054 1469 3123 περιϐόλαιον,
1513 3060 1779 3124 τουτέστι,
1812 3062 1873 3115 τὸ
1911 3063 2069 3133 σῶμα

495 3132 856 3203 λιπαίνοντες,
883 3138 981 3206 τῆς
1026 3140 1084 3193 δὲ
1120 3142 1419 3214 μελλούσης
1471 3147 1699 3211 εὐθύνας
1743 3151 1940 3205 διδόναι
1975 3132 2067 3206 οὐ-

494 3223 621 3278 δένα
653 3227 961 3299 ποιούμενοι
1010 3230 1186 3306 λόγον.
1231 3235 1362 3289 Ἰδοὺ
1404 3240 1632 3309 τρυφᾷς,
1666 3241 1773 3294 ίδοὸ
1819 3243 2057 3311 μεθύεις,

498 3317 738 3388 σήμερον
788 3319 881 3372 καὶ
929 3319 1137 3392 αὔριον,
1176 3325 1268 3376 καὶ
1320 3325 1451 3379 δέκα
1477 3328 1570 3399 ἐτη
1625 3331 1717 3382 καὶ
1767 3332 1938 3385 εἴκοσι
1973 3335 2067 3388 καί¹

495 3408 784 3477 τριάκοντα
824 3411 916 3461 καὶ
948 3412 1284 3481 πεντήκοντα
1332 3416 1424 3467 καὶ
1458 3416 1673 3481 ἑκατὸν,
1708 3420 1840 3491 ὅπερ
1869 3422 2063 3476 ἀδύνα-

493 3515 619 3552 τονο
658 3500 796 3572 πλὴν
825 3502 959 3565 ἀλλ’,
1013 3503 1061 3556 εί
1112 3503 1311 3573 βούλει,
1347 3505 1563 3579 θῶμεν·
1598 3509 1650 3563 τί
1686 3508 1748 3563 τὸ
1780 3513 1983 3584 πέρας;
2011 3516 2064 3568 τί

493 3590 554 3643 τὸ
592 3591 811 3663 κέρδος;
866 3594 1052 3648 Ούδέν.
1083 3596 1156 3649 Τὸ
1199 3592 1291 3651 οῦν
1336 3597 1574 3654 τοιοῦτον
1617 3600 1730 3671 βίον
1766 3601 1864 3675 ζῇν
1884 3606 1943 3657 ού
1972 3607 2064 3659 δα-

494 3683 674 3754 κρύων
696 3685 844 3751 ἄξιον
869 3687 963 3739 καὶ
1001 3686 1252 3759 θρήνων;
1282 3692 1526 3762 Ἤγαγεν
1560 3694 1706 3764 ἡμᾶς
1735 3697 1815 3759 είς
1841 3697 1902 3749 τὸ
1938 3700 2065 3753 στά-

492 3774 602 3826 διον
637 3776 787 3828 τοῦτο
814 3778 842 3831 6
871 3776 1022 3843 Θεὸς,
1066 3780 1151 3833 ἵνα
1179 3782 1519 3857 στεφανώσῃ,
1548 3788 1642 3841 καὶ
1674 3788 1834 3858 ἡμεῖς
1859 3790 2061 3860 ἄπιμεν

497 3863 664 3935 μηδὲν
691 3868 1055 3939 ἐργασάμενοι
1082 3874 1551 3939 γενναῖον.Κλαίει
1579 3878 1758 3947 τοίνυν
1792 3882 1820 3932 6
1852 3883 2062 3947 Παῦλος

494 3956 576 4023 ἐφ’
606 3951 685 4019 οἷς
712 3957 887 4029 ἕτεροι
946 3959 1143 4027 γελῶσι
1188 3965 1281 4017 καὶ
1325 3942 1705 4024 σπαταλῶσινχο
1745 3970 1916 4037 οῦτως
1944 3976 2062 4030 ἐστὶ

495 4047 929 4118 συμπαθητικὸς,
976 4049 1121 4105 οὓτω
1160 4056 1437 4125 φροντίζει
1472 4059 1687 4115 πάντων
1734 4063 2058 4133 ἀνθρώπων.

494 4129 606 4190 Ὧν
642 4139 674 4191 ό
712 4138 869 4206 θεὸς,
903 4141 1089 4212 φησὶν,
1135 4144 1175 4212 ἠ
1232 4148 1449 4202 κοιλία.
1479 4151 1578 4206 Διά
1606 4152 1765 4208 τοῦτό
1794 4129 1907 4211 ἐστι
1938 4158 2060 4225 θεὸς

491 4230 700 4294 αὐτοῖςο
736 4229 895 4285 τοῦτό
945 4234 1085 4299 ἐστι,
1133 4236 1416 4308 Φάγωμεν
1462 4242 1560 4296 καί
1608 4246 1854 4315 πίωμεν.
1894 4248 2059 4322 Ὁρᾷς

488 4319 611 4374 ὅσον
647 4320 879 4393 ὴτρυφὴ
905 4324 1107 4388 κακόν;
1164 4329 1277 4391 τοῖς
1309 4328 1408 4399 μὲν
1434 4330 1502 4384 τά
1524 4333 1807 4405 χρήματα,
1855 4319 1969 4400 τοῖς
1999 4319 2058 4392 δὲ

487 4416 522 4483 ή
555 4414 732 4468 κοιλία
767 4417 796 4469 6
838 4415 977 4480 θεός.
1031 4418 1169 4489 Ούχὶ
1215 4419 1595 4495 εἰδωλολάτραι
1637 4426 1731 4479 καὶ
1760 4419 1925 4493 οῦτοι,
1963 4431 2059 4482 καὶ

462 4580 463 4583 η
490 4509 709 4563 ἐκείνων
724 4511 937 4584 χείρους
961 4531 975 4579 ;
1008 4515 1115 4569 Καὶ
1143 4516 1181 4584 ἡ
1205 4516 1374 4583 δόξα,
1408 4519 1589 4590 φησὶν,
1606 4521 1676 4575 ἐν
1695 4521 1769 4591 τῇ
1792 4525 2057 4596 αισχύνῃ

488 4601 706 4656 αὐτῶν.
734 4602 886 4666 Τινὲς
915 4603 1013 4675 τὴν
1040 4610 1338 4678 περιτομήν
1361 4626 1490 4679 φασι
1522 4610 1715 4682 δηλοῦν
1735 4613 1823 4668 διὰ
1840 4616 2055 4668 τούτου*

491 4689 601 4761 ἐγὼ
629 4691 685 4744 δὲ
718 4692 778 4745 ού
810 4692 968 4748 τοῦτό
1024 4712 1187 4766 φημι,
1225 4699 1361 4754 ἀλλά
1391 4700 1548 4755 τοῦτό
1600 4705 1784 4759 ἐστιν’
1820 4707 1939 4776 Ἐφ’
1973 4703 2056 4773 οἷς

491 4783 598 4836 ἔδει
632 4784 1086 4853 ὲγκαλύπτεσθαι,
1113 4790 1205 4843 ἐπὶ
1245 4792 1454 4858 τούτοις
1489 4794 1860 4866 σεμνύνονται.
1886 4801 2056 4855 Τοῦτό

489 4876 637 4928 ἐστιν
687 4877 716 4929 ὂ
764 4894 928 4948 φησιν
975 4879 1206 4951 ἀλλαχοῦ
1232 4898 1243 4911 ’
1290 4884 1428 4941 Τίνα
1461 4882 1576 4941 οὖν
1610 4892 1832 4958 μισθόν
1861 4894 2055 4963 εἴχετε

493 4967 640 5031 τότε,
673 4967 766 5037 ἐφ’
795 4964 884 5035 οἷς
915 4969 1030 5023 νῦν
1067 4972 1542 5042 ἐπαισχύνεσθε;
1588 4982 1768 5036 Δεινὸν
1805 4985 1906 5055 μὲν
1944 4988 2054 5058 γάρ

486 5059 549 5113 τὸ
578 5061 781 5133 αίσχρά
827 5063 1109 5134 πράττειν,
1147 5066 1206 5120 τὸ
1250 5069 1306 5122 δὲ
1336 5071 1639 5143 πράττοντα
1676 5076 2051 5147 αἰσχύνεσθαι,

486 5150 548 5217 ἐξ
578 5152 834 5220 ἡμισείας
866 5154 985 5208 ἐστὶ
1003 5155 1176 5211 δεινόν
1195 5175 1209 5188 ·
1252 5160 1381 5214 ὅταν
1409 5164 1591 5234 μέντοι
1617 5182 1701 5229 τις
1733 5167 1829 5220 καὶ
1852 5169 2053 5237 ἐγκαλ-

485 5237 810 5310 λωπίζηται,
844 5242 1117 5317 ὑπερϐολὴ
1165 5248 1540 5321 ἀναισθησίας.
1570 5249 1718 5327 τΔρα
1744 5259 1873 5328 περὶ
1905 5259 2052 5312 ἐκεί-

454 5348 591 5399 ινων
623 5332 781 5400 μόνον
813 5331 983 5388 ταῦτα
1019 5336 1256 5407 εἴρηται,
1301 5342 1350 5393 οί
1394 5342 1449 5396 δὲ
1485 5346 1751 5416 παρόντες
1789 5350 1925 5418 ἡμῖν
1968 5352 2053 5404 ἐν·

484 5419 656 5475 ταῦθα
686 5421 945 5494 ἐξέφυγον
972 5427 1033 5479 τὸ
1059 5428 1341 5501 ἔγκλημας
1379 5435 1469 5488 καὶ
1509 5428 1681 5502 οὐδείς
1706 5440 1852 5494 ἐστιν
1882 5442 2050 5496 ὑπεύ-

486 5511 642 5608 θυχος
674 5514 879 5608 τούτῳ;
910 5521 1032 5574 οὐδὲ
1060 5522 1191 5576 Θεὸν
1220 5522 1331 5595 ἔχει
1363 5528 1461 5600 τὴν
1485 5530 1720 5599 κοιλίαν;
1781 5534 1900 5587 οὐδὲ
1952 5536 2050 5608 τὴν

483 5600 639 5703 δόξαν
684 5605 742 5658 ἐν
786 5609 852 5678 τῇ
906 5611 1166 5684 αίσχύνῃ;
1198 5614 1485 5687 Βούλομαι,
1527 5619 1674 5695 [299]
1708 5626 1800 5679 καὶ
1845 5600 2051 5703 σφόδρα

486 5692 743 5766 βούλομαι
764 5702 938 5791 ,μηδὲν
962 5706 1166 5761 τούτων
1194 5704 1332 5763 εἶναι
1365 5714 1503 5784 πρὸς
1531 5692 1699 5786 ἡμᾶς,
1737 5718 1871 5791 μηδὲ
1892 5692 2048 5774 -είδέ-

485 5802 570 5837 ναι
600 5790 717 5841 τινὰ
746 5790 924 5863 ἔνοχον
950 5798 1062 5861 τοῖς
1082 5798 1393 5871 λεγομένοις
1414 5820 1425 5832 ·
1458 5802 1668 5859 δέδοικα
1697 5806 1756 5860 δὲ.
1800 5790 1874 5879 μὴ
1914 5810 2049 5881 πρὸς

1236 362 1295 420 S.
1339 360 1625 425 JOANNIS
1665 364 2164 424 ειιιιγεοετοω
2215 368 2535 429 ARCHIEP.
2580 374 3130 437 CONSTANTINOP.

3662 384 3763 438 378

2200 490 2232 555 ἡ
2243 490 2349 557 μᾶς
2382 491 2601 559 μᾶλλον,
2628 493 2660 563 ἢ
2688 495 2813 558 τοὺς
2836 495 2953 548 τότε
2985 479 3230 565 λέγηται.
3262 498 3435 550 Ὅταν
3464 500 3570 569 γὰρ
3594 502 3764 553 πάντα

2198 579 2289 630 τὸν
2314 579 2425 649 βίον
2458 582 2515 635 ἐν
2539 583 2722 646 πότοις
2766 585 2861 638 καὶ
2891 586 3100 656 κώμοις
3133 587 3402 661 ἀναλίσκῃ
3431 606 3538 652 τις,
3569 592 3663 643 καί
3690 595 3764 655 εἰς

2200 667 2299 736 μὲν
2328 669 2562 740 πένητας
2589 671 2747 739 ὀλίγα
2775 673 2896 726 τινα
2920 675 3153 746 δαπανᾷ,
3202 677 3263 729 τὸ
3291 675 3347 728 δέ
3380 677 3549 730 πλέον
3590 680 3765 731 ἀναλί-

2197 773 2302 828 σκῃ
2332 761 2414 822 είς
2467 761 2567 832 τὴν
2617 764 2846 829 κοιλίαν,
2879 766 2977 820 οὐκ
3015 767 3238 832 εἰκότως
3292 770 3388 823 καὶ
3427 771 3560 841 περὶ
3604 773 3762 825 αὐτο]

2193 848 2513 920 λεχθήσεται
2532 868 2547 919 ;

2265 940 2509 1010 β¹.οῦδέν
2543 944 3035 1018 ὲντρεπτικώτερον
3067 951 3167 1019 τῆς
3195 948 3413 1014 λέξεως,
3449 952 3607 1004 οὐδὲν
3638 953 3763 1021 πλη-

2192 1032 2421 1087 κτικώτε
2431 1051 2540 1105 ρον,
2562 1028 2679 1090 Ὧν
2700 1041 2732 1091 ὁ
2753 1038 2905 1104 θεὸς,
2931 1040 3112 1109 φησιν,
3141 1041 3179 1108 ἡ
3201 1044 3420 1105 κοιλία,
3440 1044 3541 1096 καὶ
3566 1046 3599 1111 ἡ
3619 1044 3767 1107 δόξα

2189 1124 2261 1178 ἐν
2298 1124 2373 1194 τῇ
2409 1129 2673 1196 αἰσχύνῃ
2713 1129 2930 1184 αὐτῶν.
2963 1129 3117 1192 Τίνες
3145 1123 3293 1184 οὗτοί
3336 1134 3514 1198 είσιν;
3550 1137 3616 1186 Οἱ
3646 1134 3767 1186 ἐπί-

2190 1233 2316 1286 γεια
2359 1220 2745 1287 φρονοῦντες,
2777 1222 2824 1273 οἱ
2860 1220 3137 1289 λέγοντες’
3178 1223 3646 1294 Οἰκοδομήσωμεν
3686 1230 3758 1277 οἱ-

2189 1308 2332 1372 κίας.
2366 1309 2511 1376 Ποῦ;
2563 1311 2651 1363 Ἐν
2676 1314 2740 1382 τῇ
2769 1314 2861 1384 γῇ,
2887 1316 3018 1385 φησί
3044 1334 3059 1345 ο
3092 1314 3425 1385 κτησώμεθα
3454 1318 3686 1385 ἀγροὺς,
3716 1319 3765 1369 ἒν

2185 1402 2253 1471 τῇ
2288 1403 2356 1471 γῇ
2388 1401 2551 1455 πάλιν
2575 1418 2588 1431 ⁸
2631 1403 2974 1476 ἐπιτύχωμεν
3024 1406 3220 1477 ἀρχῆς,
3251 1407 3415 1459 πάλιν
3442 1410 3504 1459 ἐν
3552 1411 3621 1477 τῇ
3666 1412 3761 1478 τῖς

2185 1492 2437 1564 τύχωμεν
2470 1494 2648 1566 δόξης,
2707 1496 2870 1550 πάλιν
2921 1499 2977 1550 ἐν
3038 1501 3102 1569 τῇ
3160 1502 3265 1570 γῇ⁶
3342 1498 3762 1569 πλουτήσωμεν,

2185 1587 2364 1640 πάντα
2392 1588 2449 1641 ἐν
2475 1590 2542 1660 τῇ
2577 1591 2669 1661 γῇ.
2724 1584 2885 1644 Οὗτοί
2916 1592 3055 1646 είσιν
3082 1584 3157 1645 ὧν
3182 1593 3209 1645 ό
3234 1591 3354 1654 θεὸς
3384 1593 3417 1663 ἡ
3452 1591 3663 1644 κοιλία.
3704 1593 3760 1643 ΟΞ

2183 1678 2291 1749 γάρ
2321 1680 2487 1749 μηδὲν
2542 1679 2908 1753 πνευματικὸν
2960 1683 3302 1754 φρονοῦντες,
3349 1683 3469 1737 ἀλλ’
3531 1683 3761 1737 ἐνταῦθα

2183 1771 2363 1824 πάντα
2387 1772 2735 1842 κεκτημένοι,
2775 1774 2869 1826 καὶ
2916 1774 3087 1827 ταῦτα
3134 1774 3483 1845 φρονοῦντες,
3542 1776 3761 1837 εἰκότως

2181 1862 2280 1932 τὴν
2334 1861 2539 1916 κοιλίαν
2588 1863 2706 1916 θεὸν
2750 1864 2951 1933 έχουσι,
3006 1864 3279 1933 λέγοντες,
3334 1863 3635 1933 Φάγωμεν
3673 1868 3761 1917 καὶ

2180 1950 2440 2020 πίωμεν·
2488 1952 2703 2020 αὔριον
2728 1955 2836 2022 γὰρ
2869 1953 3355 2023 ἀποθνήσκομεν.
3389 1950 3532 2007 Εἶτα
3562 1954 3631 2006 σῖ»
3675 1955 3761 2023 μὲν

2180 2041 2430 2112 περὶτοῦ
2482 2043 2733 2114 σώματος
2762 2044 2967 2112 ἀλγεῖς,
3022 2046 3103 2099 ὅτι
3157 2045 3345 2115 γήῖνόν
3388 2047 3534 2107 ἐστι,
3586 2046 3762 2097 καίτοι

2179 2132 2340 2185 τοῦτό
2366 2150 2423 2185 σε
2452 2133 2605 2187 οὐδὲν
2645 2134 3027 2205 παραϐλάπτει
3068 2136 3148 2198 είς
3188 2136 3389 2207 ἀρετῆς
3422 2135 3585 2204 λόγον
3608 2152 3626 2165 ο
3670 2136 3765 2206 τὴν

2179 2220 2237 2275 δὲ
2262 2221 2442 2294 ψυχὴν
2496 2226 2578 2286 εἰς
2629 2223 2734 2294 γῆν
2766 2224 3060 2278 κατασπῶν
3082 2228 3145 2295 τῇ
3180 2228 3381 2295 τρυφῇ,
3418 2228 3517 2277 καὶ
3559 2227 3764 2294 μηδένα

2177 2310 2335 2380 λόγον
2358 2312 2547 2367 τούτου
2574 2314 2763 2381 ποιῶν,
2784 2315 2966 2386 γελᾷς,
2989 2315 3108 2368 είπέ
3145 2333 3255 2385 μοι,
3284 2317 3378 2369 καὶ
3402 2317 3765 2385 διακέχυσαις

2178 2402 2272 2456 καὶ
2303 2404 2463 2468 ποίας
2492 2402 2656 2476 τεύξῃ
2685 2405 3015 2476 συγγνώμης
3039 2406 3381 2476 διακείμενος
3408 2408 3768 2477 ἀναλγήτως,

2175 2495 2293 2549 δέον
2313 2496 2408 2549 καὶ
2439 2496 2500 2549 τὸ
2534 2497 2694 2567 σῶμα
2720 2496 2946 2567 ποιῆσαι
2974 2498 3379 2568 πνευματικόν;
3416 2498 3605 2562 ἔξεστι
3636 2499 3766 2567 γὰρ,

2175 2586 2240 2641 ἂν
2271 2587 2449 2659 θέλῃς.
2478 2587 2696 2641 Κοιλίαν
2729 2588 2939 2654 ἔλαϐες,
2986 2589 3077 2643 ἴνα
3121 2590 3348 2660 τρέφῃς,
3380 2590 3483 2659 οὐχ
3522 2589 3618 2643 ἵνα
3650 2591 3769 2641 διαο

2177 2681 2317 2751 σπᾷς
2336 2697 2349 2711 ·
2396 2680 2485 2734 ίνα
2516 2683 2726 2753 κρατῇς
2780 2681 2969 2751 αὐτῆς,
3003 2681 3103 2749 οὐχ
3141 2681 3230 2733 ἵνα
3261 2681 3559 2735 δέσποιναν
3587 2682 3731 2753 ἔχῃς
3752 2699 3769 2713 ο

2174 2770 2262 2823 ἵνα
2298 2788 2381 2823 σοι
2404 2771 2653 2843 ὑπηρέτῃ
2684 2770 2822 2842 πρὸς
2851 2772 2950 2841 τὴν
2976 2776 3088 2824 τῶν
3134 2771 3338 2824 λοιπῶν
3392 2773 3609 2841 μορίων
3654 2774 3769 2825 δια-

2174 2863 2400 2934 τροφὴν,
2430 2864 2528 2934 οὐχ
2585 2864 2674 2917 ἵνα
2725 2864 2788 2917 σὺ
2820 2864 2957 2935 αὐτῇ
2989 2865 3294 2935 ὑπηρετῇς,
3330 2864 3432 2934 ούχ
3492 2865 3587 2918 ἵνα
3645 2866 3768 2927 τοῦς

2172 2955 2333 3026 ὄρους
2361 2956 2638 3029 ἐκϐαίνῃς.
2674 2956 2749 3008 Οὐ
2781 2955 3022 3009 τοσαῦτα
3046 2957 3196 3009 κακά
3231 2956 3539 3025 ἐργάζεται
3576 2959 3616 3025 ἡ
3675 2955 3767 3009 θά-

2169 3045 2346 3098 λασσα
2394 3046 2520 3108 τοὺς
2562 3046 2721 3116 ὄρους
2762 3043 3184 3115 ὑπερϐαίνουσα,
3233 3045 3333 3098 ὅσα
3365 3047 3398 3113 ἡ
3445 3045 3679 3113 γαστὴρ
3711 3044 3767 3096 τὸ

2172 3136 2333 3207 σῶμα
2351 3137 2413 3191 τὸ
2443 3137 2711 3208 ἡμέτερον
2753 3136 2891 3207 μετὰ
2930 3138 3027 3208 τῆς
3052 3136 3264 3206 ψυχῆς·
3299 3139 3491 3190 πᾶσαν
3530 3135 3763 3189 ἐπικλύ-

2171 3225 2253 3290 ζει
2284 3226 2384 3297 τὴν
2426 3226 2749 3296 οἰκουμένην
2775 3225 2979 3296 ἐκείνη,
3010 3226 3106 3279 καὶ
3133 3224 3274 3295 αῦτη
3302 3227 3448 3278 ἅπαν
3482 3225 3549 3277 τὸ
3574 3226 3759 3294 σῶμα.

2169 3318 2269 3382 Θὲς
2298 3318 2433 3389 αὐτῇ
2468 3319 2592 3390 ὅρον
2625 3318 2719 3390 τὴν
2749 3318 3099 3389 αὐτάρκειαν,
3123 3318 3303 3382 καθὼς
3327 3317 3464 3380 Θεὸς
3495 3316 3661 3369 ἔθετο
3696 3320 3757 3385 τῇ

2170 3407 2411 3480 θαλάσσῃ
2463 3410 2561 3480 τὴν
2612 3410 2795 3482 ἄμμον
2818 3429 2831 3443 ο
2868 3411 2972 3464 κᾶν
3011 3411 3271 3481 κυμαίνῃ,
3323 3412 3430 3463 κᾶν
3469 3410 3760 3481 ἀγριαίνῃ,

2168 3502 2398 3570 ἐπιτίμα
2426 3503 2564 3573 αὐτῇ
2596 3506 2660 3574 τῇ
2690 3503 2918 3573 δυνάμει
2944 3505 3012 3573 τῇ
3044 3500 3260 3577 οῦσῃθέν
3295 3502 3401 3555 σοί.
3436 3502 3592 3571 ὐρα
3646 3501 3761 3559 πῶς

2165 3592 2311 3666 λόγῳ
2338 3612 2396 3648 σε
2437 3595 2700 3667 ἐτίμησεν
2724 3596 2752 3648 6
2779 3595 2932 3660 Θεὸς,
2970 3596 3059 3649 ἴνα
3092 3596 3252 3649 αὐτὸν
3291 3596 3433 3665 μιμῇ
3461 3612 3477 3623 ·
3512 3596 3578 3647 σὺ
3610 3594 3671 3646 δὲ
3700 3594 3760 3644 οὐ

2167 3684 2364 3751 θέλεις,
2392 3684 2507 3739 ἀλλ’
2534 3686 2675 3756 ὀρῶν
2719 3686 2890 3757 αὐτὴν
2927 3685 3395 3755 ύπερϐλύζουσαν,
3431 3684 3535 3735 καὶ
3569 3686 3761 3736 irim:

2166 3776 2583 3848 διαφθείρουσαν
2614 3776 2713 3848 τὴν
2745 3776 2928 3845 φύσιν,
2966 3776 3062 3830 καὶ
3090 3774 3483 3843 λιμνάζουσαν,
3517 3775 3581 3826 ού
3635 3774 3760 3826 τολ-

2169 3870 2274 3939 μᾷς
2315 3870 2610 3938 κατασχεῖν
2638 3867 2757 3921 οὐδὲ
2786 3867 3139 3939 σωφρονίσαι.
3168 3862 3283 3920 ’Ὧν
3305 3870 3338 3920 ὁ
3368 3866 3531 3931 θεὸς,
3564 3868 3752 3935 φησὶν,

2164 3962 2203 4028 ἡ
2240 3944 2456 4014 κοιλία.
2480 3960 2711 4031 Ἰδωμεν
2749 3960 2866 4023 πῶς
2899 3958 3110 4023 Παῦλος
3141 3958 3425 4012 ἐδούλευσε
3460 3960 3544 4029 τῷ
3589 3960 3712 4027 Θεῷ
3736 3976 3751 3987 ·

2167 4054 2362 4124 ἴδωμεν
2417 4054 2534 4118 πῶς
2581 4055 2675 4107 καὶ
2720 4056 2769 4106 οἱ
2809 4053 3213 4123 γαστρίμαργοι
3259 4054 3324 4123 τῇ
3375 4052 3580 4122 κοιλία.
3617 4053 3754 4121 Οὐχὶ

2168 4145 2398 4217 μυρίους
2429 4144 2791 4214 ὑπομένουσιν
2817 4138 2960 4199 οὗτοι
2994 4144 3255 4207 θανάτους
3279 4160 3294 4208 ;
3321 4146 3445 4214 οὐχ,
3489 4147 3635 4215 ᾰπερ
3684 4146 3753 4197 ἂν

2163 4237 2496 4308 προστάττῃ,
2529 4236 2797 4290 δεδοίκασι
2826 4235 3171 4308 παρακοῦσαι
3198 4253 3211 4301 ;
3252 4237 3375 4306 οὐχὶ
3402 4236 3476 4289 τά
3512 4236 3751 4290 ἀδύνατα

2161 4329 2530 4382 διακονοῦνται
2566 4329 2740 4400 αὐτῇς
2772 4329 2906 4398 Ούχὶ
2943 4328 3289 4399 ἀνδραπόδων
3313 4329 3539 4399 χείρους
3570 4328 3747 4387 εἰπίνς

2175 4420 2313 4473 Ἀλλ’
2343 4421 2442 4492 οὐχ
2468 4422 2496 4474 6
2517 4419 2728 4484 Παῦλος
2751 4420 2992 4484 τοιοῦτος
3015 4437 3030 4452 ·
3060 4419 3141 4474 διὸ
3174 4420 3267 4475 καὶ
3300 4421 3518 4489 ἔλεγεν,
3559 4420 3751 4489 Ὴμίῖιν

2161 4511 2230 4565 δὲ
2257 4511 2324 4565 τὸ
2360 4513 2692 4581 πολίτευμα
2720 4512 2789 4565 ἐν
2816 4510 3051 4580 οὐρανῷ
3090 4511 3367 4581 ὑπάρχει.
3419 4514 3520 4582 Μὴ
3566 4513 3751 4565 τοῖν-ον

2164 4604 2299 4675 μηδὲ
2345 4606 2504 4674 ἡμεῖς
2534 4604 2768 4658 ἐνταῦθα
2795 4603 3047 4675 ζητῶμεν
3079 4605 3263 4659 ἀνεσιν
3286 4622 3299 4635 ·
3347 4607 3471 4658 ἐκεῖ
3504 4606 3751 4674 θελήςω-

2163 4714 2263 4767 μεν
2290 4696 2542 4766 γενέσθαι
2593 4697 2856 4768 λαμπροὶ,
2885 4697 3014 4750 ἔνθα
3054 4699 3149 4751 καὶ
3182 4697 3604 4767 πολιτευόμεθα.
3650 4698 3747 4757 ἐξ

2159 4784 2231 4843 οὗ
2288 4788 2385 4841 καὶ
2439 4786 2681 4856 Σωτῆρα
2704 4829 2719 4852 ,
2780 4789 2966 4857 φησιν,
3019 4788 3473 4858 ἀπεκδεχόμεθα
3523 4790 3751 4856 Kr:th

2167 4880 2425 4949 Ἰησοῦν,
2459 4881 2525 4946 ὃς
2547 4883 3055 4951 μετασχηματίσει
3095 4880 3163 4935 τὸ
3192 4880 3365 4949 σῶμα
3398 4880 3513 4950 τῆς
3540 4897 3750 4933 ταπει-

2156 4974 2396 5039 νώσεως
2433 4972 2600 5042 ἡμῶν
2641 4975 2729 5037 εὶς
2757 4973 2825 5026 τὸ
2855 4973 3136 5044 γενέσθαι
3182 4973 3329 5027 αὐτὸ
3376 4976 3751 5043 σύμμορφον

2156 5065 2237 5132 τῷ
2263 5066 2489 5134 σώματι
2516 5065 2627 5133 τῆς
2671 5066 2860 5133 δόξης
2894 5064 3042 5137 [500]
3072 5065 3282 5119 αὑτοῦ.
3345 5065 3507 5118 Κατά
3537 5065 3749 5134 μικρὸν

2157 5158 2429 5227 ἀνήγαγεν
2466 5159 2646 5227 ἡμᾶς’
2708 5157 2803 5211 ἀπ’
2841 5156 3097 5228 ούρανοῦ,
3148 5156 3334 5226 φησὶν,
3384 5158 3414 5209 ό
3464 5156 3747 5225 ἡμέτερος

2154 5252 2346 5322 Σωτήρ
2367 5267 2381 5282 ο
2412 5251 2521 5305 ἀπὸ
2544 5250 2640 5304 τοῦ
2659 5251 2847 5315 τόπου,
2878 5251 2986 5305 ἀπὸ
3011 5249 3104 5304 τοῦ
3130 5249 3427 5320 προσώπου
3451 5250 3510 5302 τὸ
3532 5264 3593 5300 σε
3604 5250 3749 5318 Enn-5v

2152 5344 2385 5409 δεικνύς.
2418 5348 2523 5412 ’⁸ος
2544 5346 3058 5415 μετασχηματίσει
3089 5346 3158 5397 τὸ
3187 5343 3385 5413 σῶμα,
3416 5342 3568 5413 φησὶ.
3628 5344 3748 5407 τῆς

2151 5436 2563 5503 ταπεινώσεως
2584 5435 2773 5507 ἡμῶν.
2809 5435 2985 5489 Πολλά
3012 5436 3210 5507 πάσχει
3238 5435 3334 5488 νῦν
3362 5436 3423 5488 τὸ
3446 5433 3741 5504 ἡμέτερον

2155 5532 2335 5601 σῶμα,
2362 5531 2660 5601 δεσμείται,
2697 5529 3037 5601 μαστίζεται,
3090 5529 3259 5599 μυρία
3294 5528 3483 5595 πάσχει
3528 5526 3741 5579 δεινά*

2153 5619 2414 5680 ἀλλὰκαὶ
2448 5626 2507 5677 τὸ
2560 5624 2653 5678 τοῦ
2711 5622 2948 5695 Χριστοῦ
2997 5621 3233 5676 τοσαῦτα
3299 5621 3483 5674 ἔπαθε.
3541 5620 3747 5672 τοῦτο

2150 5717 2281 5787 γοῦν
2310 5719 2529 5790 ᾐνίξατο
2565 5716 2756 5781 εἰπὼν,
2819 5718 2926 5783 Εἰς
2975 5714 3042 5768 τὸ
3078 5714 3353 5784 γενέσθαι
3386 5711 3519 5765 αὐτὸ
3561 5715 3747 5781 σύμ⁸

2146 5828 2379 5880 μορφον
2433 5809 2513 5875 τῷ
2563 5808 2783 5878 σώματι
2841 5805 2951 5876 τῆς
3002 5805 3187 5874 δόξης
3235 5805 3433 5860 αὐτοῦ.
3474 5802 3639 5871 Ἄρα
3682 5805 3752 5858 τὸ
