3898 6500
113 441 201 495 επ
930 422 995 477 IN
1036 420 1251 477 EPIST.
1295 422 1386 476 AD
1429 418 1710 475 PIIILIPP.
1754 418 1902 472 CAP.
1947 420 2032 475 III.
2077 419 2303 476 HOMIL.
2346 419 2484 475 XIII.

114 553 304 614 modum
353 560 458 601 non
509 551 695 613 potes,
746 537 957 594 imitare
996 536 1099 590 alia
1138 536 1343 589 ratione
1372 534 1653 587 Dominum

110 660 241 703 ιιιιιιη
271 660 283 694 :
312 640 422 708 ipse
448 646 499 689 te
529 630 778 699 cruciﬁge
799 672 813 692 ,
843 629 1050 683 etiamsi
1084 642 1242 679 nemo
1270 638 1320 678 te
1350 625 1652 691 rruciligat;

107 733 330 801 cmcinge
359 739 428 789 te,
454 727 691 793 inquam,
716 735 820 773 non
851 728 907 771 ut
937 720 1049 785 ipse
1081 727 1132 770 te
1164 718 1460 778 interimas,
1493 715 1652 775 absit;

107 825 303 895 impium
350 816 488 871 enim
530 820 646 874 est;
698 810 790 865 sed
841 816 997 877 prout
1023 806 1217 861 Paulus
1247 806 1473 869 dicebat,
1523 804 1654 857 Mihi

104 923 255 979 enim,
288 916 485 983 inquit,
532 911 751 965 mundus
791 909 1061 976 cruciﬁxus
1106 916 1177 959 est
1202 945 1215 969 ,
1246 916 1291 958 ct
1320 921 1410 973 ego
1439 901 1626 956 mundo
1658 964 1663 971 ι

102 1012 226 1083 (σαι.
250 1011 297 1065 6.
330 1007 437 1078 ιι).

162 1106 322 1162 Cruci:
367 1106 563 1174 signum
612 1103 662 1154 in
712 1101 963 1167 baptismo
1003 1109 1049 1152 et
1089 1099 1139 1151 in
1172 1114 1413 1150 manuum
1444 1094 1652 1164 imposi-

98 1202 233 1255 tione.
256 1226 321 1237 --
348 1195 403 1250 Si
432 1195 713 1248 Dominum
747 1203 891 1245 tuum
925 1205 1093 1251 amas,
1139 1201 1310 1244 morte
1352 1188 1491 1241 illius
1531 1200 1649 1239 mo-

96 1309 200 1347 rere
229 1308 241 1343 :
270 1288 413 1342 disce
462 1296 657 1357 quanta
705 1288 774 1339 sit
821 1285 997 1338 crucis
1043 1282 1298 1352 potentia,
1348 1291 1479 1349 quot
1510 1280 1646 1334 bona

94 1386 204 1439 fecit
223 1425 235 1443 ,
263 1391 390 1451 quot
419 1382 573 1435 faciat
598 1423 611 1441 ,
644 1394 803 1449 quam
834 1379 886 1431 in
919 1386 1033 1431 tuto
1060 1377 1219 1429 vitam
1243 1375 1489 1428 collucet.
1547 1373 1647 1427 Per

95 1478 213 1530 hanc
264 1474 438 1527 omnia
488 1472 841 1541 perficiuntur
892 1485 907 1523 :
966 1469 1225 1537 baptisma
1281 1482 1374 1535 per
1432 1479 1643 1519 crucem

93 1572 307 1637 (oportet
329 1564 470 1616 enim
501 1562 742 1629 accipere
764 1559 1157 1629 signaculum);
1196 1572 1246 1611 m
1269 1570 1447 1607 mnum
1483 1555 1646 1623 impo-

89 1660 199 1713 sitio
222 1671 311 1725 per
330 1669 543 1707 crucem
576 1670 588 1702 :
619 1653 965 1719 omninoque,
994 1650 1110 1704 sive
1135 1650 1183 1701 in
1208 1649 1288 1701 via
1317 1647 1505 1709 simus,
1530 1646 1644 1698 sive

88 1750 239 1812 dumi,
272 1750 379 1802 sive
404 1747 487 1799 ubi
517 1746 617 1809 vis,
648 1759 895 1814 magnum
928 1743 1123 1796 bonum
1152 1752 1233 1795 cst
1258 1756 1409 1802 crux,
1441 1738 1641 1791 saluta-

87 1844 153 1894 ris
181 1848 435 1894 armatura
456 1878 472 1903 ,
504 1836 724 1906 clypeus
749 1832 1174 1902 inexpugnabilis
1203 1830 1495 1884 adversans
1524 1829 1640 1882 dia-

86 1933 217 1985 bolo.
263 1929 386 1983 Cum
422 1931 519 1980 hoc
562 1927 720 1996 igitur
758 1924 801 1978 si
847 1924 1041 1978 bellum
1082 1937 1258 1992 geras,
1298 1930 1421 1974 tunc
1464 1928 1641 1990 gestas

84 2037 301 2079 crucem,
349 2035 453 2071 non
505 2026 706 2070 tantum
749 2026 969 2083 accepto
1011 2013 1310 2084 signaculo,
1357 2012 1449 2067 Sed
1479 2012 1638 2065 etiam

86 2130 187 2181 qum
216 2111 381 2163 erucis
412 2109 623 2177 propria
652 2118 775 2162 sunt
801 2107 1020 2160 subiens
1048 2121 1109 2159 ac
1138 2108 1349 2174 patiens
1404 2105 1640 2159 Consue-

87 2204 153 2256 vit
174 2206 303 2257 enim
332 2202 579 2255 Christus
602 2200 876 2269 passiones
903 2199 1116 2251 nomine
1137 2198 1313 2251 cruris
1335 2197 1633 2265 appellare:

87 2308 135 2350 ut
159 2312 264 2349 cum
292 2294 485 2364 inquit,
520 2293 636 2347 Nisi
656 2293 767 2362 quis
798 2291 940 2344 tollat
962 2307 1159 2344 crucem
1190 2307 1357 2350 suam,
1390 2300 1434 2343 et
1455 2306 1637 2359 sequa-

82 2396 154 2439 tur
174 2403 244 2439 me
267 2385 477 2453 (Matth.
504 2385 569 2438 16
604 2383 695 2453 24)
718 2401 732 2447 ;
758 2383 808 2437 id
840 2392 939 2447 est,
965 2382 1063 2435 nisi
1094 2382 1210 2450 quis
1236 2392 1379 2435 recte
1406 2395 1465 2435 se
1491 2396 1637 2435 com-

86 2480 319 2548 paraverit
368 2477 437 2530 ad
490 2486 737 2530 mortem.
786 2475 873 2528 Isti
923 2490 1051 2529 vero
1092 2472 1408 2543 degeneres,
1440 2474 1637 2529 vitaeet

80 2571 296 2638 corporis
341 2578 606 2631 amantes,
650 2566 887 2636 profecto
927 2565 1104 2619 crucis
1146 2574 1271 2618 sunt
1302 2564 1498 2619 inimici
1539 2575 1636 2620 :et

83 2663 296 2731 quisquis
322 2661 636 2714 deliciarum
668 2658 1054 2728 mundanmque
1076 2656 1481 2726 tranquillitatis
1498 2672 1637 2710 ama-

80 2762 152 2805 tor
176 2761 267 2815 est,
296 2750 546 2805 inimicus
574 2760 656 2804 est
682 2750 879 2814 crucis,
912 2749 963 2801 in
993 2764 1095 2817 qua
1134 2747 1331 2803 Paulus
1350 2749 1631 2816 gloriatur,

79 2862 214 2913 quam
241 2845 634 2914 complectitur,
660 2843 743 2897 cui
774 2842 961 2895 nititur
991 2841 1175 2904 inseri,
1201 2840 1343 2911 quod
1386 2842 1473 2895 illa
1505 2857 1631 2896 ver-

79 2940 131 2992 Ir.)
178 2940 399 2993 indicant
420 2980 438 3003 ,
491 2938 598 3007 Ego
637 2937 911 3003 cruciﬁxus
950 2952 1059 2989 sum
1088 2936 1276 2989 mundo
1298 2976 1313 3000 ,
1343 2945 1388 2988 et
1414 2936 1633 2989 mundus

79 3034 200 3084 mihi.
228 3032 369 3085 Nunc
402 3046 533 3084 vero
562 3030 633 3082 ait
657 3071 671 3091 ,
717 3029 870 3081 Nunc
897 3038 1063 3081 autem
1088 3038 1134 3081 et
1160 3029 1287 3097 ﬂens
1320 3027 1452 3080 dico.
1484 3027 1633 3080 Cur?

76 3125 310 3192 Quoniam
341 3124 543 3176 malum
570 3124 758 3181 crevit,
806 3120 1057 3189 quoniam
1089 3120 1221 3173 tales
1248 3120 1334 3188 qui
1366 3128 1522 3185 sunt,
1578 3119 1631 3173 hi

78 3216 301 3285 laerymis
328 3215 478 3284 digni
509 3222 653 3267 sunt.
707 3211 843 3266 Vere
886 3212 1138 3282 lacrymis
1182 3211 1330 3281 digni
1380 3222 1503 3266 sunt
1540 3214 1631 3281 qui

78 3308 120 3358 iu
156 3307 344 3359 deliciis
385 3306 610 3375 degunt,
655 3315 709 3358 et
760 3302 1130 3357 indumentum
1184 3303 1419 3371 quidem,
1470 3302 1519 3356 id
1550 3312 1633 3357 est

75 3413 246 3466 corpus
268 3439 280 3461 ,
313 3396 732 3467 pinguefaciunt,
767 3396 925 3449 futuri
953 3410 1082 3449 vero
1107 3395 1246 3461 quod
1273 3394 1416 3464 ipsos
1444 3404 1629 3450 manet

77 3491 291 3556 supplicii
320 3490 521 3543 nullam
550 3489 810 3541 rationem
837 3486 1054 3542 habent.
1085 3486 1210 3541 Esto
1231 3486 1457 3543 delicate
1474 3488 1627 3554 vivis,

76 3591 176 3632 esto
212 3582 329 3633 vino
356 3579 579 3638 mades;
616 3577 795 3641 hodie,
828 3593 979 3643 cras,
1010 3576 1197 3631 decem
1238 3592 1425 3641 annos,
1460 3588 1515 3632 et
1549 3579 1630 3631 vi-

76 3671 187 3737 ginti
209 3680 258 3724 et
286 3672 500 3742 triginta
528 3679 581 3724 et
611 3669 990 3740 quinquaginta
1018 3679 1070 3723 et
1095 3678 1332 3733 centum,
1362 3669 1501 3739 quod
1523 3671 1633 3740 qui-

74 3762 179 3815 dem
220 3764 327 3816 tieri
370 3762 597 3831 nequit;
631 3776 847 3821 verum,
894 3761 937 3814 si
986 3761 1100 3820 vis,
1145 3760 1335 3814 demus
1365 3762 1433 3815 ita
1461 3777 1581 3815 esse
1614 3780 1627 3814 :

77 3855 179 3916 quis
219 3852 521 3906 terminus?
560 3868 678 3922 qua:
725 3851 969 3906 utilitas?
1017 3851 1192 3906 Nulla.
1249 3851 1431 3906 Talem
1472 3853 1632 3921 igitur

77 3944 218 3996 vitam
271 3945 472 4009 vivere,
528 3960 705 4000 nonne
751 3944 999 4014 Iacrymis
1042 3952 1095 3997 et
1134 3943 1381 3999 lamentis
1410 3944 1629 4015 dignum

76 4035 179 4087 est?
207 4036 433 4090 Adduxit
460 4052 558 4090 nos
590 4036 729 4090 Deus
760 4036 811 4089 in
843 4035 946 4091 hoc
976 4036 1210 4090 stadium
1232 4078 1248 4099 ,
1280 4047 1337 4090 ut
1367 4048 1626 4103 coronet,

76 4136 120 4178 et
155 4142 244 4181 nos
276 4128 487 4183 abimus
520 4130 667 4183 nullo
696 4130 955 4198 prmelaro
994 4130 1138 4183 edito
1191 4129 1468 4187 facinore?
1514 4132 1632 4187 Flet

75 4218 218 4285 igitur
238 4221 447 4285 Paulus,
475 4221 669 4291 quibus
696 4222 764 4275 de
789 4223 949 4275 rebus
976 4222 1066 4276 alii
1093 4222 1266 4278 rident
1296 4240 1459 4295 seque
1484 4226 1631 4279 oble-

76 4322 207 4365 ςιτιιιι
237 4332 250 4365 :
280 4323 422 4367 tanto
456 4315 751 4367 alienarum
784 4314 1142 4368 calamitatum
1172 4330 1337 4370 sensu
1363 4319 1624 4386 tangitur;

73 4403 197 4456 adeo
244 4420 419 4459 omnes
466 4406 709 4460 homines
749 4416 919 4459 curat.
977 4405 1223 4473 Quorum,
1271 4407 1460 4476 inquit,
1492 4409 1630 4465 deus

75 4503 231 4545 venter
275 4505 359 4547 est.
392 4496 616 4565 Propter
648 4498 748 4550 hoc
772 4507 855 4552 est
879 4496 1011 4551 deus
1039 4496 1168 4566 ipsis
1201 4515 1212 4550 :
1245 4497 1344 4551 hoc
1373 4498 1499 4553 illud
1525 4509 1627 4566 est,

74 4582 387 4638 tiomedamus
413 4597 459 4640 et
487 4587 715 4640 bibamus
747 4588 822 4655 (I.
856 4586 975 4641 Cor.
1010 4588 1099 4642 I5.
1125 4588 1240 4652 52).
1273 4589 1431 4644 Vides
1466 4606 1633 4660 quan-

76 4683 174 4725 tum
206 4677 389 4730 malum
414 4679 520 4732 sint
552 4679 760 4734 delicia:
782 4680 806 4732 ?
828 4680 959 4734 Aliis
988 4680 1202 4748 quidem
1235 4683 1477 4749 pecunia,
1515 4685 1633 4737 aliis

73 4781 189 4818 vero
212 4779 388 4823 venter
439 4770 574 4825 deus
613 4780 713 4825 est.
756 4771 944 4826 Nonne
974 4772 1024 4825 hi
1058 4773 1216 4825 etiam
1258 4782 1381 4828 sunt
1412 4773 1633 4828 idolola-

76 4866 176 4920 tra‘,
220 4870 269 4913 et.
307 4862 406 4916 illis
430 4863 591 4917 etiam
628 4862 926 4917 deteriores
955 4878 1017 4917 ac
1049 4864 1380 4932 nequiores?
1427 4864 1490 4917 Et
1519 4866 1631 4933 glo-

71 4951 158 5011 ria,
188 4952 367 5020 inquit,
409 4954 463 5006 in
488 4955 783 5023 confusione
819 4954 1066 5022 ipsorum.
1096 4954 1321 5021 Quidam
1350 4956 1632 5010 circumci-

74 5042 255 5093 sionem
298 5045 378 5097 his
424 5045 603 5098 verbis
629 5046 917 5113 significari
948 5046 1133 5098 volunt
1166 5064 1177 5097 :
1211 5061 1311 5115 ego
1342 5056 1520 5101 autem
1555 5051 1628 5102 ita

75 5134 395 5202 interpretor,
426 5151 489 5191 ac
518 5136 562 5191 si
602 5137 801 5191 dictum
835 5146 977 5191 esset
1004 5176 1017 5195 .
1050 5139 1107 5192 In
1134 5140 1325 5207 quibus
1353 5141 1634 5205 oportebat

74 5238 154 5276 eos
183 5227 371 5293 pudore
402 5228 634 5282 snffundi
665 5244 827 5297 seque
857 5229 1144 5294 occultare,
1190 5230 1240 5283 in
1283 5230 1364 5283 his
1406 5247 1463 5285 se
1499 5231 1632 5286 οιτο-

75 5325 198 5368 rnnt.
228 5318 333 5370 IIoc
366 5319 494 5372 illud
525 5330 623 5381 est,
656 5319 797 5389 quod
823 5320 946 5373 alibi
978 5321 1165 5387 inquit,
1202 5321 1358 5387 Quem
1386 5339 1503 5391 ergo
1526 5327 1633 5393 fru-

74 5416 189 5457 ctum
211 5408 457 5462 habuistis
483 5420 597 5462 tunc
624 5411 674 5461 in
702 5410 823 5471 illis,
870 5411 1121 5480 inquibus
1168 5428 1299 5464 nunc
1342 5412 1632 5467 erubescitis

78 5495 230 5563 (Rom.
253 5500 305 5554 6.
331 5501 473 5569 2t)?
520 5500 693 5555 Grave
715 5502 856 5555 enim
879 5504 1075 5555 malum
1108 5512 1189 5556 est
1220 5504 1392 5573 turpia
1418 5504 1627 5569 facere;

77 5589 152 5641 sed
178 5592 217 5642 si
242 5603 313 5657 te,
340 5609 471 5646 cum
496 5593 677 5656 facias,
708 5594 921 5662 pudeat,
953 5595 1103 5663 quasi
1131 5594 1409 5651 dimidium
1436 5597 1631 5650 malum

77 5690 144 5733 est
170 5699 181 5733 :
212 5683 289 5736 sin
315 5686 485 5740 etiam
513 5686 634 5740 inde
666 5695 716 5739 te
736 5685 951 5750 eﬂ‘eras,
974 5687 1336 5757 summusjam
1361 5699 1444 5743 est
1469 5690 1633 5745 animi

76 5780 258 5841 stupor.
282 5777 430 5846 Ergo
462 5777 528 5833 de
553 5780 656 5832 illis
683 5788 884 5832 tantum
920 5779 1033 5834 ha-e
1062 5779 1199 5833 dicta
1229 5792 1371 5847 sunt,
1400 5793 1455 5837 et
1478 5800 1634 5838 nemo

74 5877 237 5920 eorum
266 5869 357 5939 qui
388 5868 481 5922 hic
506 5869 736 5936 adsunt,
779 5870 1133 5939 objurgationi
1173 5872 1346 5928 locum
1376 5875 1629 5945 reliquit?

380 5973 653 6035 PATROL.
700 5972 819 6035 Gn.
866 5971 1056 6035 LXII.

3237 422 3338 477 278

1769 547 1926 585 nemo
1976 536 2048 587 illi
2073 536 2284 589 crimini
2330 546 2413 589 est
2448 536 2654 589 allinis?
2709 551 2880 605 neque
2909 536 3065 590 deum
3097 546 3343 592 ventrem

1767 620 1921 675 habet
1936 623 1959 674 ’ἶ
2001 640 2173 692 neque
2200 626 2424 694 gloriam
2468 626 2519 679 in
2550 625 2900 680 confusione?
2940 627 3129 695 Cupio,
3162 638 3217 682 ct
3248 642 3341 681 ve-

1762 710 2041 768 hementer
2087 717 2243 784 cupio
2291 716 2422 770 nihil
2465 718 2722 785 ejusmodi
2763 718 2829 771 ad
2875 734 2973 772 nos
3020 720 3338 787 pertinere:

1762 803 1952 858 vellent
2002 809 2268 862 neminem
2305 824 2484 872 nosse,
2530 812 2614 863 cui
2644 826 2702 863 ea
2732 827 2848 879 quae
2886 812 3023 864 dicta
3056 825 3200 873 sunt.
3229 814 3339 865 cri-

1761 895 1889 946 mini
1927 896 2036 950 dari
2085 910 2339 966 possent;
2388 900 2481 954 sed
2530 901 2685 955 valde
2727 910 2946 967 metuo,
3013 918 3082 958 ne
3135 904 3187 956 in
3237 918 3338 957 nos

1764 985 1953 1055 magis,
1983 1003 2143 1056 quam
2177 991 2228 1043 in
2261 990 2376 1045 illos
2400 993 2738 1046 conveniant.
2775 994 2983 1047 Etenim
3010 995 3054 1049 si
3076 995 3194 1064 quis
3217 1009 3336 1049 om-

1758 1093 1881 1132 nem
1922 1081 2082 1135 vitam
2111 1084 2162 1136 in
2198 1086 2556 1153 potationibus
2584 1094 2638 1140 et
2666 1090 3155 1141 comessatiuntltns
3193 1089 3337 1143 insn-

1757 1181 1886 1237 mat,
1915 1183 1969 1227 et
2000 1175 2051 1228 in
2080 1191 2341 1246 pauperes
2368 1178 2581 1249 quidem
2609 1195 2805 1250 paucos
2830 1181 3017 1236 obolos
3043 1182 3335 1250 impendat,

1756 1267 2014 1335 majorem
2056 1286 2184 1324 vero
2224 1287 2383 1341 opum
2430 1283 2633 1342 partem
2681 1276 2731 1328 in
2781 1286 3019 1329 ventrem
3056 1275 3339 1341 eIqudat;

1756 1377 1934 1417 nonne
1952 1365 2074 1433 jure
2101 1366 2153 1420 in
2186 1370 2345 1423 istum
2374 1375 2531 1425 etiam
2560 1371 2839 1427 dicentur?

1827 1454 1881 1507 9..
1906 1455 2047 1511 Nihil
2074 1459 2156 1513 his
2184 1460 2361 1515 verbis
2390 1463 2453 1516 ad
2487 1463 2738 1532 pudorem
2770 1466 3089 1520 eliciendum
3119 1467 3295 1535 aptius
3320 1505 3337 1529 ,

1752 1545 1884 1600 nihil
1914 1547 1980 1601 ad
2011 1548 2393 1621 objurgandum
2422 1553 2791 1609 vehementius
2818 1573 2829 1608 :
2862 1557 3108 1623 Quorum,
3141 1557 3328 1625 inquit,

1751 1637 1872 1691 deus
1909 1651 2077 1694 venter
2114 1653 2186 1696 est
2211 1686 2225 1705 ,
2256 1656 2301 1696 et
2328 1647 2491 1715 gloria
2520 1648 2571 1699 in
2597 1649 2890 1715 confusione
2917 1650 3160 1719 ipsorum.
3198 1650 3329 1716 Qui-

1750 1744 1871 1785 nam
1904 1734 1986 1786 isti
2020 1735 2181 1788 snnt?
2214 1736 2312 1800 Qui
2338 1750 2534 1791 terrena
2562 1740 2786 1807 sapiunt,
2818 1742 2905 1811 qui
2937 1742 3139 1805 dicunt,
3172 1742 3328 1796 {Edi-

1751 1822 1969 1876 Iicemus
1985 1823 2192 1879 domos.
2222 1824 2355 1883 Ubi?
2387 1826 2441 1880 In
2466 1838 2627 1893 terra,
2653 1830 2821 1899 inquit
2845 1848 2857 1885 :
2882 1846 3120 1885 emamns
3141 1848 3327 1902 agros;

1748 1912 1801 1966 in
1843 1921 1983 1968 terra
2028 1930 2240 1971 rursum
2270 1934 2283 1971 :
2311 1918 2669 1987 adipiscamur
2709 1922 2985 1990 imperium
3008 1965 3020 1983 .
3053 1939 3238 1978 rursus
3274 1926 3326 1979 in

1748 2012 1885 2059 terra
1914 2024 1926 2060 :
1958 2021 2305 2078 assequamur
2332 2012 2573 2079 gloriam,
2605 2029 2790 2069 rursus
2820 2016 2868 2068 in
2904 2026 3037 2069 terra
3069 2034 3084 2070 :
3116 2018 3327 2073 divitias

1744 2110 2145 2166 comparemus,
2173 2102 2350 2156 omnia
2380 2102 2609 2173 denique
2636 2105 2686 2159 in
2718 2116 2877 2161 terra.
2913 2107 2974 2160 Ili
3001 2119 3127 2163 sunt
3148 2153 3160 2170 ,
3193 2126 3327 2180 quo-

1746 2206 1861 2244 rum
1902 2191 2033 2246 deus
2068 2204 2254 2249 venter
2290 2208 2392 2250 est.
2434 2198 2532 2263 Qui
2565 2199 2706 2252 enim
2739 2199 2868 2253 nihil
2898 2201 3173 2270 spirituale
3202 2218 3323 2257 cum

1744 2284 1923 2337 animo
1952 2298 2049 2338 suo
2070 2287 2326 2355 cogitant,
2352 2290 2444 2342 sed
2475 2291 2651 2344 omnia
2684 2306 2777 2344 sua
2811 2292 2895 2346 hic
2924 2293 3137 2358 habent,
3164 2304 3325 2365 atque

1745 2372 1859 2428 hmc
1880 2374 1991 2429 sola
2014 2388 2222 2443 curant,
2250 2380 2437 2434 merito
2459 2390 2694 2437 ventrem
2719 2382 2877 2438 deum
2904 2382 3120 2448 habent,
3145 2386 3325 2441 dicen-

1743 2472 1824 2519 tes
1850 2482 1861 2517 :
1897 2466 2229 2523 Comedamus
2262 2479 2309 2523 et
2345 2471 2605 2537 bibamus;
2633 2490 2746 2527 cras
2776 2476 2907 2528 enim
2934 2478 3220 2531 morientur.
3258 2479 3325 2533 Et

1742 2571 1938 2626 corpus
1966 2559 2179 2628 quidem
2203 2560 2353 2616 doles
2384 2563 2474 2617 tibi
2507 2574 2777 2619 terrenum
2814 2581 2953 2630 esse,
2982 2570 3224 2636 quamvis
3254 2568 3322 2622 il-

1742 2650 1830 2704 Iud
1863 2651 1978 2715 tibi,
2001 2652 2140 2721 quod
2167 2653 2231 2707 ad
2256 2655 2501 2709 virtutem
2528 2657 2777 2726 pertinet,
2803 2658 2932 2712 nihil
2960 2668 3177 2724 noceat;
3208 2662 3324 2715 ani-

1741 2760 1882 2797 mam
1907 2761 2035 2799 vero
2062 2747 2112 2800 in
2143 2755 2338 2802 terram
2371 2749 2623 2817 deprinus
2653 2766 2750 2820 per
2774 2750 3008 2817 delicias,
3039 2763 3092 2808 et
3121 2754 3319 2807 nullam

1742 2834 1898 2903 hujus
1939 2837 2014 2890 rei
2056 2839 2316 2893 rationem
2364 2840 2586 2904 habens,
2627 2840 2791 2907 rides,
2838 2843 2924 2896 dic
2970 2844 3118 2909 mihi,
3160 2855 3322 2914 atque

1739 2928 1918 2981 animo
1962 2944 2019 2982 es
2063 2930 2324 2984 remisso?
2370 2940 2424 2984 et
2466 2934 2673 3000 qualem
2715 2935 3059 3002 consequeris
3087 2937 3316 2999 veniam,

1738 3034 1857 3071 cum
1889 3028 2036 3073 tanto
2067 3029 2117 3074 te
2146 3029 2362 3089 stupore
2391 3021 2665 3086 afTeceris;
2696 3040 2816 3077 cum
2846 3035 3119 3093 Oporteret
3146 3026 3319 3095 ipsum

1739 3096 1935 3180 corpus
1960 3112 2235 3180 spirituale
2260 3114 2525 3169 reddere?
2553 3116 2677 3170 licet
2704 3118 2844 3171 enim
2868 3160 2879 3180 ,
2913 3120 2956 3171 si
2985 3118 3138 3173 velis.
3175 3118 3319 3173 Ven-

1742 3212 1875 3259 trem
1919 3206 2169 3274 accepisti
2214 3215 2271 3259 nt
2320 3208 2542 3271 nutrias,
2583 3223 2688 3262 non
2732 3219 2790 3262 ut
2822 3209 3123 3273 diSIcndas;
3159 3221 3215 3265 ut
3244 3211 3318 3264 illi

1739 3295 2053 3362 domineris,
2080 3311 2183 3351 non
2213 3306 2271 3351 ut
2300 3297 2573 3353 dominum
2601 3301 2825 3366 habeas;
2855 3311 2908 3355 ιιι
2942 3303 3031 3357 tibi
3065 3303 3320 3357 inserviat

1738 3388 1803 3443 ad
1832 3399 2054 3443 cmteras
2095 3399 2272 3459 partes
2309 3391 2546 3453 alendas,
2590 3408 2694 3445 non
2735 3402 2792 3446 ut
2827 3401 2884 3447 tu
2927 3394 2997 3447 illi
3036 3394 3314 3456 inservias,

1739 3496 1844 3534 non
1886 3492 1943 3535 ut
1988 3480 2120 3535 fines
2159 3482 2446 3536 transilias.
2490 3483 2605 3537 Non
2650 3492 2727 3537 tot
2768 3485 3024 3539 malorum
3052 3500 3209 3540 causa
3236 3497 3321 3541 est

1739 3586 1886 3626 mare
1914 3571 2045 3625 fines
2066 3586 2489 3641 supergressum,
2509 3584 2636 3643 quot
2655 3584 2840 3628 venter
2864 3576 3075 3643 corpori
3101 3577 3320 3629 animm-

1738 3679 1841 3734 que
1864 3674 2061 3718 nostrzc
2085 3683 2099 3718 :
2124 3680 2335 3719 onmem
2361 3666 2486 3719 illud
2516 3674 2733 3732 terram,
2766 3669 2818 3722 in
2841 3684 2999 3737 quam
3027 3684 3087 3724 se
3117 3669 3319 3725 effude-

1738 3756 1825 3815 rit,
1859 3756 2069 3818 obruit;
2100 3763 2286 3809 venter
2315 3771 2441 3809 vero
2474 3758 2777 3812 universum
2806 3774 3025 3828 corpus.
3072 3760 3217 3815 Pone
3244 3760 3319 3814 illi

1740 3848 2044 3911 terminum,
2092 3847 2233 3916 quod
2284 3857 2485 3903 natura:
2528 3850 2657 3903 satis
2704 3860 2821 3913 est;
2855 3853 3319 3921 ,quemadmodum

1738 3939 1871 3992 mari
1918 3937 2055 3993 Deus
2105 3939 2278 4008 posuit
2321 3954 2572 3994 arenam:
2602 3956 2665 3997 ac
2703 3944 2748 3997 si
2787 3946 3111 4010 :t-stuaverit,
3160 3954 3319 4015 atque

1736 4030 2121 4096 excanduerit,
2161 4031 2371 4100 increpa
2415 4032 2565 4086 illum
2608 4042 2870 4101 potestate
2907 4050 3025 4105 qua:
3053 4036 3105 4090 in
3140 4046 3189 4091 te
3220 4038 3321 4093 sita

1736 4136 1837 4180 est.
1872 4126 2003 4181 Vide
2032 4134 2230 4196 quanto
2255 4126 2459 4181 honore
2488 4136 2539 4181 te
2566 4127 2803 4182 aﬂecerit
2844 4128 3012 4190 Deus,
3051 4139 3104 4184 ut
3147 4131 3319 4198 ipsum

1739 4219 1962 4272 imiteris
1994 4236 2007 4270 :
2042 4228 2093 4271 tu
2124 4233 2251 4271 vero
2279 4218 2499 4273 minime
2528 4220 2628 4283 vis,
2660 4219 2754 4273 sed
2783 4218 2931 4274 vides
2961 4221 3106 4274 illum
3135 4236 3319 4275 erum-

1741 4326 1865 4379 pere
1886 4352 1900 4374 ,
1931 4318 2201 4379 totamque
2235 4322 2476 4363 naturam
2507 4325 2848 4379 corrumpere
2877 4319 3037 4380 atque
3066 4312 3316 4376 obruere,

1739 4418 1835 4456 nec
1863 4412 2037 4455 tamen
2060 4402 2224 4456 audes
2247 4402 2499 4457 cohibere
2518 4417 2582 4456 ac
2603 4402 2891 4462 moderari.
2919 4406 3145 4468 Quorum
3173 4406 3317 4470 deus,

1739 4495 1930 4563 inquit,
1954 4504 2121 4547 venter
2140 4503 2229 4546 est.
2260 4492 2545 4547 Videamus
2566 4494 2835 4563 quomodo
2859 4494 3050 4548 Paulus
3075 4496 3324 4550 servierit

1744 4587 1851 4639 Deo
1884 4604 1895 4638 :
1925 4584 2199 4639 videamus
2223 4584 2491 4654 quomodo
2519 4595 2572 4639 et
2602 4586 2795 4640 edaces
2822 4586 2908 4639 isti
2936 4588 3171 4640 serviant
3192 4603 3320 4641 ven-

1741 4681 1825 4732 tri.
1875 4678 2062 4732 Nonne
2103 4679 2187 4731 i5ti
2231 4687 2511 4732 sescentas
2541 4678 2814 4748 perferunt
2842 4681 3078 4733 mortes?
3118 4696 3323 4745 nonne,

1738 4787 2087 4841 qnmcumque
2110 4770 2448 4839 illcjnsserit,
2469 4770 2769 4826 detrectare
2792 4771 3116 4826 formidant?
3142 4788 3321 4829 annon

1739 4866 1897 4918 etiam
1928 4865 1977 4917 in
2007 4864 2089 4926 iis,
2112 4880 2229 4933 qua:
2254 4863 2469 4918 minime
2496 4865 2607 4919 fieri
2630 4874 2870 4933 possunt.
2895 4864 3145 4919 obedinnt
3167 4867 3323 4935 eique

1740 4954 2086 5008 ministrant?
2116 4969 2295 5008 nonne
2327 4955 2605 5023 mancipiis
2624 4956 2906 5025 nequiores
2927 4958 3092 5009 sunt?
3127 4958 3191 5010 At
3215 4973 3321 5012 non

1740 5047 1936 5101 Paulus
1966 5047 2084 5099 talis
2110 5064 2122 5098 :
2146 5047 2491 5117 quamobrem
2516 5047 2762 5111 dicebat,
2799 5048 2989 5102 Nostra
3014 5051 3323 5102 conversatio

1738 5140 1790 5191 in
1820 5138 1957 5191 aclis
1978 5148 2066 5191 est.
2093 5137 2207 5191 Non
2232 5138 2390 5207 igitur
2412 5137 2495 5192 hic
2521 5154 2823 5209 qtueramus
2848 5141 3107 5209 requiem,
3130 5140 3222 5195 sed
3249 5141 3323 5194 ibi

1740 5229 1965 5282 velimus
1993 5230 2120 5281 clari
2153 5243 2293 5291 esse,
2327 5229 2414 5283 tibi
2443 5237 2496 5283 et
2522 5230 2682 5284 vitam
2709 5232 2954 5286 colimus.
2993 5230 3139 5285 Unde
3168 5231 3321 5285 etiam

1741 5319 2074 5382 Salvatorem,
2106 5320 2294 5388 inquit,
2324 5332 2670 5388 exspectamus
2700 5321 2975 5375 Dominum
3002 5322 3213 5389 Iesum,
3233 5323 3324 5389 qui

1740 5412 2118 5482 transﬁgurabit
2164 5429 2346 5483 corpus
2384 5413 2683 5466 Itumilitatis
2728 5424 2930 5475 nostrm,
2970 5423 3023 5465 ut
3061 5417 3322 5483 conformc

1740 5505 1830 5570 ﬁat
1870 5505 2069 5572 corpori
2104 5504 2353 5557 claritatis
2391 5520 2512 5558 sua}.
2560 5504 2816 5558 Paulatim
2860 5519 2955 5558 nos
2989 5504 3209 5559 evexit:
3242 5505 3323 5560 De

1740 5596 1891 5659 οωῐο,
1920 5598 2108 5666 inquit,
2142 5596 2385 5651 Salvator
2415 5606 2594 5651 noster
2627 5614 2639 5648 :
2668 5614 2694 5649 a
2726 5598 2864 5659 loco,
2895 5612 2923 5649 a
2956 5610 3183 5665 persona
3210 5613 3325 5650 ma-

1736 5688 1982 5755 jestatem
2011 5688 2404 5742 demonstrans.
2437 5689 2537 5753 Qui
2561 5688 2957 5758 trans/igurobit,
2991 5687 3177 5757 inquit,
3210 5706 3325 5742 cor-

1740 5799 1833 5850 pus
1872 5782 2173 5835 Inunilitatis
2216 5792 2421 5834 nostraz.
2451 5781 2629 5835 Multis
2655 5782 2825 5835 modis
2856 5796 2994 5836 nunc
3020 5781 3156 5836 male
3180 5783 3322 5836 acci-

1741 5875 1883 5944 pitur
1919 5890 2114 5945 corpus
2162 5884 2422 5945 nostrum,
2471 5874 2720 5942 vincitur,
2766 5874 3003 5944 vapulat,
3055 5874 3319 5929 sexcentis

2900 5967 2974 6028 18
