3974 6518
600 413 703 471 279

601 526 756 579 malis
792 524 1051 586 afﬁcitur;
1100 537 1284 577 verum
1321 531 1375 576 et
1404 520 1597 575 Christi
1626 534 1820 589 corpus
1847 518 1958 572 haec
1988 516 2175 572 eadem

602 632 817 686 passum
861 626 943 671 est
1015 614 1128 669 Hoc
1177 630 1305 684 ergo
1343 614 1696 669 subindicavit
1722 613 1926 677 dicens,
1962 610 2030 665 Ut
2058 626 2177 663 con—

603 713 766 775 ferme
802 707 892 774 ﬁat
920 705 1120 774 corpori
1150 706 1393 759 claritatis
1426 721 1549 759 sate.
1598 704 1741 773 Ergo
1781 703 1921 757 idem
1963 701 2177 771 quidem

602 813 797 866 corpus
824 805 922 860 est,
958 796 1054 851 sed
1085 796 1323 850 induitur
1363 797 1779 850 immortalitate.
1815 792 2177 864 Trans/igura-

604 889 691 948 lit,
726 887 915 957 inquit.
962 887 1102 956 Ergo
1134 898 1187 941 et
1226 886 1391 957 figura
1428 889 1563 948 alia;
1608 896 1698 939 aut
1728 886 1798 939 ita
1830 883 2179 937 mutationem

604 979 780 1031 minus
809 980 1023 1047 proprie
1051 980 1278 1034 vocavit.
1313 979 1453 1033 Dixit
1475 989 1675 1042 autem,
1700 977 1895 1045 Corpus
1921 975 2179 1028 humilita-

604 1071 665 1122 tis
691 1079 896 1133 nostrtc,
922 1071 1171 1139 quoniam
1196 1086 1335 1124 nunc
1352 1072 1494 1138 jacet
1517 1072 1566 1124 iu
1594 1070 1906 1132 humilitate,
1926 1068 2177 1137 quoniam

602 1161 840 1215 interitui
872 1176 934 1214 ac
958 1162 1130 1216 dolori
1162 1162 1450 1217 obnoxium
1482 1172 1584 1227 est,
1617 1160 1868 1231 quoniam
1898 1160 2001 1212 vile
2031 1157 2178 1211 vide-

603 1260 690 1305 tur
708 1265 828 1306 esse
852 1251 1086 1322 nihilque
1108 1254 1336 1321 amplius
1358 1253 1565 1307 caeteris
1584 1252 1801 1307 habere.
1836 1250 1904 1304 Ut
1924 1251 2180 1320 confornie

603 1345 790 1413 ipsum,
815 1344 1003 1414 inqttit,
1032 1346 1120 1412 fiat
1141 1346 1342 1415 corpori
1368 1346 1613 1399 claritatis
1636 1361 1759 1399 sure.
1786 1344 1976 1413 Papze!
2010 1342 2178 1406 illine,

604 1436 746 1505 quod
770 1437 921 1491 sedet
948 1439 1000 1490 in
1022 1437 1238 1491 dextera
1269 1438 1475 1491 Patris?
1508 1438 1617 1492 lloc
1646 1439 1815 1507 ipsum
1839 1450 2034 1505 corpus
2055 1448 2176 1489 conv

606 1528 775 1581 ferme
799 1528 870 1581 illi
900 1530 975 1589 lit,
1008 1528 1145 1597 quod
1183 1528 1436 1582 aduratur
1469 1531 1537 1583 ab
1571 1528 1795 1597 angelis,
1825 1528 1898 1581 illi
1926 1526 2010 1581 cui
2043 1523 2180 1579 assi-

605 1627 751 1671 stunt
786 1619 1114 1685 incorporece
1135 1619 1462 1681 Potestates,
1490 1619 1560 1672 illi
1592 1618 1732 1688 quod
1759 1627 1842 1672 est
1869 1631 2030 1685 supra
2062 1630 2181 1669 om-

607 1724 730 1761 nem
761 1708 1117 1777 Priucipatum
1141 1721 1192 1764 et
1223 1709 1481 1764 Virtutem
1512 1720 1565 1764 et
1597 1710 1953 1773 Potestatem;
1984 1706 2061 1760 illi
2082 1704 2183 1775 ipsi

605 1796 882 1852 confortne
922 1800 998 1851 lit.
1040 1798 1093 1853 Si
1138 1800 1418 1854 universus
1443 1799 1611 1863 orbis,
1644 1799 1872 1867 sumptis
1901 1798 2179 1867 lacrymis,

606 1905 698 1943 eos
725 1890 812 1959 qui
838 1889 905 1945 de
933 1889 1031 1945 hac
1051 1907 1146 1960 spe
1168 1892 1502 1956 deciderunt,
1528 1891 1679 1957 fleat;
1714 1906 1807 1960 pro
1829 1891 1903 1945 rei
1926 1891 2183 1959 gravitate

606 1981 770 2043 ﬂebit,
816 1982 957 2051 quod
1003 1982 1103 2037 hoc
1147 1984 1411 2052 promisso
1457 1984 1610 2037 nobis
1648 1984 1944 2053 proposito,
1976 1981 2091 2035 fore
2126 1990 2183 2035 ut

606 2090 797 2141 corpus
844 2084 1080 2127 nostrum
1129 2075 1203 2129 illi
1241 2077 1516 2131 coniorme
1557 2075 1668 2140 ﬁat,
1699 2091 1819 2129 cum
1852 2073 2183 2129 damenihus

607 2176 782 2218 tamen
826 2166 1013 2220 abeat?
1058 2166 1173 2221 Jam
1222 2169 1375 2222 mitto
1419 2168 1717 2237 gehennam
1758 2186 1770 2221 :
1810 2167 2183 2237 quodcumque

604 2258 745 2309 enim
778 2256 1015 2323 dixeris,
1057 2259 1187 2313 nihil
1215 2274 1334 2314 esse
1361 2261 1648 2325 existimo,
1678 2261 1869 2315 sicum
1904 2259 2005 2312 hoc
2032 2258 2183 2327 lapsu

596 2361 961 2418 comparetur.
1007 2350 1142 2419 Quid
1173 2352 1270 2416 ais,
1299 2352 1495 2406 Paule?
1530 2352 1602 2405 illi
1633 2352 1905 2405 conforme
1936 2351 2027 2404 lit?
2052 2350 2142 2403 Nre
2162 2389 2178 2414 ,

606 2443 792 2510 inquit.
828 2443 1029 2497 Deinde
1049 2484 1064 2506 ,
1095 2459 1161 2498 ne
1186 2443 1421 2505 difﬁdas,
1452 2454 1823 2514 argumentum
1846 2458 2057 2513 quoque
2083 2442 2183 2496 ad-

598 2532 816 2602 junxit:
849 2534 1139 2587 Secundum
1178 2536 1544 2605 operationem,
1591 2536 1782 2606 inquit,
1821 2535 2019 2587 virtutis
2052 2548 2179 2598 suat,

602 2643 700 2696 qua
736 2629 1072 2696 etiampossit
1103 2628 1349 2698 subjicere
1374 2629 1469 2683 sibi
1495 2630 1683 2682 omnia.
1718 2628 2066 2692 Potestatem,
2097 2627 2182 2680 in-

603 2718 736 2786 quit,
764 2717 924 2772 habet
951 2719 1125 2771 otnnia
1154 2719 1255 2772 sibi
1288 2718 1603 2787 subiiciendi
1633 2738 1644 2771 :
1675 2733 1803 2789 ergo
1830 2727 1886 2773 et
1913 2718 2181 2773 interitum

603 2817 658 2861 et
687 2818 949 2862 mortem:
994 2810 1167 2876 potius
1206 2820 1382 2864 autem
1422 2826 1486 2865 ex
1518 2812 1703 2865 eadem
1744 2811 1854 2880 ipsa
1898 2818 2179 2879 potestate,

603 2899 707 2953 hoc
733 2900 892 2954 etiam
916 2901 1057 2954 facit.
1084 2902 1235 2967 Quod
1260 2904 1425 2963 enim.
1446 2903 1531 2956 dic
1554 2903 1704 2966 mihi,
1734 2904 1985 2972 potentia:
2011 2903 2182 2970 majus

602 3005 741 3059 opus
766 3000 867 3050 est,
899 2992 1121 3059 angulos
1155 3002 1208 3047 et
1244 2992 1594 3061 areliaugelos
1623 3003 1676 3047 et
1700 2993 1984 3048 Cherubitn
2015 3003 2069 3047 et
2090 2994 2184 3050 Se-

604 3082 812 3151 raphiin
856 3084 1119 3151 subjicere
1147 3099 1208 3138 ac
1234 3085 1536 3145 (humanas.
1566 3100 1632 3139 an
1659 3100 1853 3155 corpus
1883 3084 2058 3140 facere
2086 3087 2183 3139 im-

604 3173 829 3227 mortale
874 3184 928 3226 et
971 3177 1288 3243 Corruptela:
1328 3191 1442 3229 non
1491 3177 1822 3231 obnoxium?
1872 3176 2005 3231 lllud
2054 3192 2184 3231 sane

606 3266 773 3319 multo
818 3268 1007 3334 majus.
1056 3266 1299 3323 Ostendit
1336 3271 1535 3338 majora
1566 3285 1729 3341 opera
1766 3272 2013 3339 potentize
2046 3286 2181 3336 sum,

604 3366 663 3410 ut
691 3356 805 3411 lucc
832 3359 989 3412 etiam
1019 3360 1227 3413 credas.
1257 3361 1613 3429 Quamobrem
1646 3367 1852 3416 tametsi
1879 3363 2183 3416 mundanus

606 3451 734 3501 istos
776 3432 1016 3504 videritis
1056 3452 1384 3506 exsultantes
1424 3454 1623 3513 la:titia.
1664 3465 1716 3508 et
1753 3454 1917 3523 gloria
1953 3470 2183 3507 Clt'Clltl-l-

601 3539 826 3593 fluentes
853 3559 863 3592 :
886 3557 979 3594 vos
1002 3542 1346 3597 nihilominus
1366 3554 1522 3607 state,
1544 3561 1649 3599 non
1675 3545 1741 3599 ab
1766 3546 1867 3600 illis
1886 3545 2181 3611 Aliedainini,

602 3647 701 3685 nec
733 3635 1014 3688 turbetnini
1043 3652 1055 3686 :
1080 3651 1204 3704 spes
1234 3637 1533 3703 liujustnodi
1558 3653 1678 3708 qua:
1705 3638 1859 3693 nobis
1881 3654 2184 3708 proponun-

604 3734 709 3789 tur,
755 3736 893 3794 aptae
941 3738 1085 3792 sunt,
1136 3745 1254 3797 quae
1298 3729 1452 3783 valde
1497 3732 1658 3785 etiam
1700 3730 1981 3786 socordem
2014 3742 2184 3802 atque

599 3817 914 3870 oscitantem
946 3820 1179 3873 excitent
1205 3832 1363 3889 atque
1390 3822 1616 3891 erigant.
1642 3822 1791 3893 (Cap.
1811 3818 1888 3888 4.)
1907 3825 1953 3878 l.
1978 3822 2179 3893 Itaque,

602 3907 787 3972 fratres
818 3907 934 3972 mei,
978 3908 1168 3976 inquit,
1210 3913 1456 3965 carissimi
1494 3924 1540 3965 ct
1579 3914 2013 3981 desideratissimi,
2052 3932 2182 3984 gau-

604 4000 744 4052 dium
769 4016 933 4054 meum
964 4011 1007 4053 et
1042 4018 1227 4055 corona
1254 4021 1381 4067 mea,
1419 4008 1491 4057 sic
1516 4016 1643 4059 state
1669 4008 1721 4060 in
1753 4006 1991 4073 Domino,
2019 4010 2182 4063 caris-

608 4090 744 4149 simi,
793 4090 917 4154 Sic,
960 4095 1267 4160 quomodo?
1310 4096 1766 4163 Quemadmodum
1818 4100 2040 4153 stetistis
2082 4101 2182 4154 im-

602 4184 754 4235 moti.
784 4182 917 4238 Vide
950 4196 1067 4253 post
1094 4186 1508 4243 admonitionem
1539 4194 1779 4245 encomia
1806 4209 1818 4243 :
1854 4193 2109 4246 Gaudiana
2134 4203 2181 4267 et

599 4289 788 4327 corona
811 4292 939 4329 mea.
968 4276 1083 4330 Non
1114 4288 1314 4333 bonum
1346 4282 1593 4350 gaudium
1616 4324 1630 4347 ,
1661 4284 1754 4337 sed
1782 4285 1941 4339 etiam
1970 4286 2136 4355 gloria
2164 4303 2179 4352 ;

602 4377 706 4415 non
752 4374 954 4421 tantum
987 4369 1205 4437 gloria,
1250 4372 1340 4424 sed
1385 4374 1543 4428 etiam
1590 4391 1787 4429 corona
1824 4378 1950 4431 :cui
1994 4378 2181 4448 gloria:

600 4454 732 4510 nihil
780 4474 873 4525 par
912 4460 1229 4523 inveniatur.
1270 4464 1463 4534 quippe
1504 4484 1625 4521 cum
1673 4469 1747 4522 illi
1796 4469 1937 4524 l’atdi
1979 4487 2179 4525 cornua

598 4549 726 4602 sint.
758 4549 847 4603 Sic
872 4561 999 4605 state
1022 4554 1072 4606 in
1098 4552 1334 4619 Domino,
1359 4559 1635 4624 carissimi;
1668 4562 1717 4614 id
1744 4572 1844 4624 est.
1869 4565 1919 4617 in
1943 4580 2037 4633 spe
2062 4567 2178 4621 Dei.

598 4636 654 4691 2.
689 4636 939 4692 Evodiam
964 4658 1107 4711 rogo,
1136 4655 1181 4696 et
1209 4646 1503 4715 Syntychen
1524 4666 1647 4719 rogo
1669 4651 1722 4702 id
1743 4652 1910 4718 ipsum
1934 4671 2110 4724 sapere
2128 4658 2182 4711 in

599 4726 840 4784 Domino.
873 4733 927 4787 5.
948 4732 1118 4786 Etiam
1144 4752 1264 4807 rogo
1284 4747 1329 4791 et
1357 4749 1424 4805 te,
1455 4756 1693 4809 germane
1730 4759 1959 4813 compar,
1988 4746 2057 4799 ad
2053 4749 2181 4818 jura

596 4822 735 4877 illas.

672 4915 731 4969 5.
760 4913 983 4981 Quidam
1008 4916 1192 4973 dicunt
1215 4919 1432 4976 Paulum
1457 4921 1539 4978 his
1554 4925 1752 4992 verbis,
1774 4925 2024 4985 Germane
2040 4948 2179 4986 com-

594 5021 710 5073 par,
754 5019 975 5060 uxorem
1009 5022 1159 5063 suam
1204 5026 1392 5082 rogare
1420 5013 1494 5087 (α)
1527 5017 1713 5086 :quod
1745 5020 1965 5078 minime
1988 5039 2175 5079 verum

596 5104 711 5160 est;
741 5096 834 5151 sed
858 5100 1140 5168 quamdam
1166 5103 1325 5159 aliam
1354 5108 1670 5175 mulierem,
1700 5110 1782 5165 vel
1810 5114 1971 5167 etiam
2001 5114 2174 5169 virum

599 5184 823 5240 alterius
854 5188 1075 5244 istarum
1112 5191 1212 5246 hoc
1238 5206 1393 5250 vocat
1423 5199 1660 5255 nomine.
1690 5200 1891 5271 Adjuva
1918 5203 2059 5271 illas,
2088 5207 2171 5259 in-

593 5277 747 5344 quit,
787 5294 900 5347 qua:
942 5298 1133 5335 mecum
1174 5284 1523 5343 laboraverunt
1550 5291 1603 5344 in
1628 5296 1884 5364 evangelio
1912 5313 2026 5350 cum
2057 5297 2172 5353 Cle-

594 5377 758 5421 mente
781 5380 826 5423 et
854 5374 1047 5427 cwtcris
1071 5374 1388 5445 adjutoribus
1412 5381 1554 5448 meis,
1577 5399 1789 5450 quorum
1816 5388 2024 5440 nomina
2052 5400 2170 5444 sunt

594 5459 648 5512 in
673 5461 800 5515 libro
837 5464 967 5518 vita).
1003 5466 1162 5523 Vides
1193 5482 1401 5539 quanta:
1431 5475 1642 5530 virtutis
1668 5479 2037 5536 testimonium
2067 5484 2169 5540 illis

592 5551 685 5604 dat
711 5551 899 5617 ?Quod
926 5558 1140 5627 quidem
1170 5565 1424 5631 apostolis
1448 5566 1657 5622 dicebat
1683 5568 1949 5637 Christus,
1978 5572 2046 5628 lu
2077 5576 2171 5630 ltoc

592 5646 742 5698 nolite.
778 5650 1031 5716 gaudere,
1063 5654 1181 5722 quia
1218 5654 1467 5711 dteatonia
1504 5661 1638 5713 vobis
1675 5660 2052 5733 subjiciuntur,
2086 5671 2175 5723 sed

645 5820 721 5883 (α)
755 5821 955 5875 Paulum
980 5841 1183 5881 uxorem
1218 5833 1441 5888 habuisse
1464 5839 1655 5901 quidam
1675 5844 1925 5907 putabant.

1330 409 1385 465 S.
1424 407 1699 466 JOANNIS
1735 402 2205 461 CIIRYSOSTOMI
2246 402 2560 459 ARCHIEP.
2600 401 3121 459 CONSTANTINOP.
3681 412 3754 470 πο

2282 516 2417 581 quod
2446 516 2648 569 nomina
2678 526 2839 570 vestra
2867 528 2984 571 sunt
3011 518 3194 587 scripta
3220 518 3269 571 in
3292 518 3408 573 libro
3429 521 3527 575 vita:
3553 522 3674 593 (Luc.
3693 530 3752 583 l0.

2281 604 2373 675 20)
2405 622 2417 668 ;
2474 607 2572 659 hoc
2612 606 2804 660 Paulus
2834 608 2993 661 etiam
3025 607 3093 662 de
3119 608 3233 664 istis
3263 611 3566 678 testiﬁcatur,
3595 616 3752 683 dicens,

2290 697 2517 763 Quorum
2546 698 2749 751 nomina
2782 709 2899 752 sunt
2936 700 2990 751 in
3024 699 3148 752 libro
3178 701 3311 753 vitta.
3361 702 3589 758 Videntur
3626 719 3755 763 autem

2286 789 2413 841 mihi
2443 788 2524 842 hae
2546 790 2797 844 mulieres
2818 801 2976 859 caput
2999 791 3160 846 fuisse
3187 791 3427 847 Ecclesia:
3452 811 3557 863 quae
3579 798 3635 851 ibi
3654 810 3756 865 erat;

2286 895 2481 948 easque
2529 882 2866 936 commendat
2900 882 3013 936 viro
3055 883 3274 937 fortasse
3324 884 3607 950 admirabili,
3647 905 3758 957 quem

2284 988 2587 1041 comparem
2637 976 2796 1029 etiam
2847 985 2999 1030 vocat
3039 993 3052 1030 :
3086 978 3167 1030 cui
3210 977 3427 1031 fortasse
3466 982 3759 1036 Commendare

2286 1065 2474 1119 solitus
2502 1076 2651 1130 erat,
2683 1077 2735 1119 ut
2763 1068 3043 1120 auxiliario
3072 1076 3124 1120 et
3153 1068 3487 1121 commilitoni
3516 1081 3561 1122 et
3585 1072 3760 1140 participi

2287 1164 2340 1208 et
2369 1153 2537 1210 fratri.
2585 1155 2638 1210 Id
2672 1172 2799 1211 vero
2825 1166 2879 1211 et
2919 1159 2969 1211 in
3008 1158 3239 1227 Epistola
3288 1158 3351 1211 ad
3392 1158 3623 1214 Romanos
3647 1162 3759 1214 facit:

2287 1244 2593 1300 Commendo
2617 1287 2631 1310 ,
2688 1248 2891 1317 inquit,
2939 1250 3074 1303 vobis
3104 1247 3322 1302 Plta'ben
3354 1267 3555 1303 sororem
3582 1264 3760 1318 nostram,

2286 1354 2400 1408 qua:
2425 1348 2493 1391 est
2529 1342 2581 1391 in
2610 1340 2889 1394 ministerio
2928 1339 3202 1405 Ecclesia,
3243 1358 3353 1410 quae
3394 1354 3461 1396 est
3492 1344 3537 1395 in
3570 1342 3762 1399 Cenchreis

2288 1429 2465 1498 (Rom.
2495 1432 2580 1485 l6.
2612 1430 2686 1498 l).
2718 1430 2954 1501 Compar.
2990 1433 3079 1487 Vel
3106 1433 3320 1488 fratrem
3348 1435 3558 1504 aliquem
3585 1437 3760 1501 istarum,

2288 1523 2373 1577 vel
2399 1524 2557 1578 etiam
2585 1525 2758 1578 virum
2785 1526 3003 1579 alterius
3045 1526 3277 1595 ipsarum
3314 1528 3381 1580 ita
3408 1538 3547 1582 vocat
3570 1546 3580 1579 :
3608 1528 3762 1597 perinde

2290 1628 2352 1666 ac
2380 1615 2423 1669 si
2455 1614 2679 1682 diceret,
2712 1616 2863 1671 Nunc
2894 1619 3059 1673 frater
3088 1634 3147 1672 es
3174 1634 3468 1687 germanus,
3504 1636 3621 1673 nunc
3643 1620 3764 1675 virle~

2286 1705 2535 1775 gitimus;
2579 1708 2774 1777 quippe
2812 1710 2899 1778 qui
2934 1710 3231 1763 membrum
3258 1710 3423 1765 factus
3458 1726 3529 1765 es.
3574 1713 3672 1777 Quir
3692 1728 3761 1764 me-

2288 1813 2403 1851 cunt
2445 1798 2798 1852 laboraverunt
2848 1800 2898 1853 ia
2941 1800 3217 1869 evangelio.
3290 1799 3420 1855 llinc
3460 1801 3703 1854 Sollicitudo
3728 1809 3763 1853 et

2288 1905 2413 1944 cura
2444 1905 2567 1963 erga
2601 1891 2735 1957 illas,
2770 1909 2875 1946 non
2905 1892 2974 1946 ob
3004 1893 3313 1955 amicitiam,
3344 1892 3433 1947 sed
3459 1893 3519 1946 ob
3545 1892 3760 1947 benefacta.

2294 1981 2488 2035 Mecum
2518 1985 2885 2040 laboraverunt.
2910 1984 3046 2050 Quid
3072 1985 3184 2038 ais?
3230 1985 3472 2039 mulieres
3500 1995 3641 2037 lerunt
3666 1984 3763 2036 labo-

2289 2076 2581 2128 raterunt?
2630 2077 2755 2142 N:e,
2799 2076 2989 2144 inquit.
3040 2074 3155 2128 Non
3194 2092 3373 2144 parum
3403 2087 3453 2129 et
3478 2077 3566 2129 illa:
3591 2076 3764 2129 tantulo-

2290 2174 2413 2218 runt
2446 2183 2458 2217 :
2488 2168 2729 2236 quamvis
2754 2169 2897 2221 enini
2930 2165 3081 2219 multi
3107 2176 3311 2232 essent,
3336 2167 3422 2236 qui
3445 2167 3587 2220 Paulo
3611 2168 3766 2219 auxilia-

2289 2259 2492 2315 rentur,
2547 2259 2721 2304 tamen
2774 2252 2912 2305 inter
2952 2250 3151 2306 multos
3194 2260 3248 2304 et
3273 2251 3386 2305 ista:
3411 2266 3523 2305 suas
3560 2252 3601 2304 in
3620 2251 3765 2316 agendo

2290 2353 2470 2414 partes
2512 2344 2855 2413 praestabant.
2904 2344 3020 2399 Non
3052 2356 3241 2415 parum
3265 2343 3417 2413 igitur
3442 2352 3551 2397 tunc
3589 2344 3766 2396 Ecclesia

2289 2438 2622 2507 angebantur
2651 2455 2663 2489 :
2695 2454 2817 2492 nam
2851 2454 2914 2491 ex
2940 2454 3039 2504 eo,
3090 2439 3234 2508 quod
3263 2436 3296 2493 ii
3342 2437 3428 2509 qui
3454 2436 3627 2506 probati
3646 2446 3763 2497 erant,

2289 2546 2409 2586 cum
2440 2530 2560 2592 viri.
2590 2539 2697 2584 tum
2728 2530 3000 2596 mulieres,
3033 2539 3187 2585 tanto
3217 2547 3248 2585 a
3285 2532 3482 2586 caeteris
3508 2528 3673 2584 honore
3690 2526 3767 2579 affi-

2289 2634 2559 2689 cerentur,
2604 2624 2769 2678 multa
2801 2624 3121 2679 eveniebant
3166 2624 3325 2679 bona.
3374 2624 3564 2680 Etenim
3602 2619 3766 2692 primum

2290 2714 2505 2784 quidem
2552 2715 2729 2769 cmteri
2777 2715 2845 2770 ad
2894 2730 3075 2784 parem
3106 2714 3765 2771 zelumadducebanturzde-

2292 2806 2415 2861 inde
2460 2808 2510 2861 in
2546 2822 2618 2862 eo
2647 2808 2834 2872 etiam,
2875 2808 3017 2877 quod
3059 2808 3320 2865 honorem
3349 2808 3639 2868 deferebant,
3665 2820 3765 2874 qure-

2290 2908 2429 2955 stum
2455 2899 2716 2956 faciebant
2746 2917 2759 2953 :
2793 2902 2950 2955 tertio
2977 2911 3031 2956 et
3050 2901 3179 2957 illos
3207 2902 3349 2971 ipsos
3388 2900 3638 2955 alacriores
3660 2907 3766 2964 atque

2291 2993 2625 3048 ardentiores
2686 2992 2969 3048 faciebant.
3030 2993 3317 3063 Propterea
3362 2994 3539 3062 ubique
3588 2989 3702 3044 vides
3734 2986 3766 3040 id

2289 3095 2562 3141 curantem
2592 3085 2811 3140 Paulum
2839 3100 2903 3139 ac
2928 3085 3059 3140 tales
3085 3084 3336 3140 homines
3363 3081 3764 3139 commendantem:

2290 3177 2432 3246 quod
2471 3178 2631 3231 etiam
2682 3178 2734 3231 in
2786 3177 3022 3245 Epistula
3067 3178 3132 3231 ad
3181 3175 3478 3231 Corinthios
3522 3169 3768 3242 inquit,0ri

2289 3280 2405 3322 sant
2446 3270 2681 3339 primitiae
2725 3268 2933 3323 Achaia:
2985 3269 3060 3341 (ί.
3091 3269 3212 3324 Cor.
3247 3268 3465 3339 16.15).
3520 3266 3699 3334 Quidam
3716 3262 3769 3315 di-

2290 3371 2412 3416 cunt
2457 3378 2650 3418 nomen
2702 3362 2977 3433 proprium
3028 3364 3151 3417 illis.
3184 3364 3365 3430 fuisse,
3418 3370 3610 3428 σὺςυγος.
3647 3357 3685 3413 id
3715 3364 3769 3409 εει

2290 3467 2511 3522 compar
2548 3472 2559 3507 :
2604 3453 2698 3508 sed
2732 3470 2916 3524 parum
2968 3455 3214 3519 interest,
3261 3457 3371 3510 sive
3415 3454 3523 3516 huc.
3565 3453 3655 3505 sive
3687 3448 3769 3501 illud

2291 3545 2357 3596 sit
2391 3561 2404 3597 :
2436 3560 2539 3598 non
2570 3546 2620 3599 id
2652 3547 2862 3601 curiose
2890 3547 3270 3617 inquirendum
3298 3557 3408 3613 est,
3438 3547 3521 3601 sed
3546 3546 3630 3599 hnc
3649 3542 3769 3594 admi‘

2291 3633 2538 3697 randum,
2569 3651 2817 3705 magnum
2849 3637 2952 3691 illis
2979 3638 3176 3693 deferri
3206 3640 3456 3693 honorem
3485 3637 3686 3707 jussisse.

2362 3728 2415 3781 4.
2456 3728 2666 3795 Omnia,
2696 3730 2882 3800 inquit,
2910 3731 3063 3787 nobis
3094 3733 3145 3787 in
3178 3734 3324 3787 cadis
3350 3744 3485 3796 sunt,
3508 3741 3553 3785 et
3594 3729 3771 3785 Salvator

2291 3829 2344 3873 et
2365 3820 2573 3884 civitas,
2602 3822 2853 3892 quicquid
2893 3822 3034 3877 aliud
3064 3825 3185 3892 quis
3213 3827 3401 3879 dixerit
3431 3842 3440 3875 :
3470 3823 3613 3885 Unde,
3638 3818 3770 3887 inquii.

2289 3921 2335 3964 et
2366 3910 2683 3967 Salvatorem
2709 3923 3057 3982 exspectamus
3087 3914 3361 3970 Dominum
3380 3917 3542 3970 Jesum
3568 3914 3770 3968 Christum.

2290 4008 2461 4072 Atque
2492 4004 2593 4058 hoc
2621 4006 2781 4060 etiam
2804 4014 2887 4060 est
2913 4007 3255 4077 benignitatis
3276 4025 3403 4064 suie.
3437 4010 3541 4074 Ipse
3564 4018 3707 4060 rursus
3725 3998 3770 4050 ad

2290 4108 2387 4149 nos
2410 4096 2571 4158 venit,
2608 4112 2711 4150 non
2744 4098 2869 4152 illuc
2886 4114 2982 4153 nos
3010 4099 3192 4165 trahit,
3224 4110 3281 4157 et
3306 4118 3419 4155 cum
3444 4116 3532 4153 nos
3565 4092 3771 4161 rcceperil.

2289 4186 2549 4244 discedit:
2579 4197 2739 4258 atque
2778 4190 2827 4243 in
2858 4189 2961 4244 hoc
2985 4208 3197 4261 quoque
3226 4208 3411 4263 magno
3439 4207 3525 4245 nos
3547 4182 3774 4243 honoreaf-

2291 4280 2415 4334 ficit.
2442 4278 2571 4333 Nam
2591 4281 2634 4334 si
2658 4282 2723 4334 ad
2748 4298 2844 4337 nos
2864 4298 2981 4337 cum
3013 4286 3212 4340 inimici
3236 4302 3462 4350 eramus,
3487 4284 3633 4338 venit:
3658 4276 3774 4331 multo

2290 4372 2458 4441 magis
2495 4387 2637 4427 nunc
2658 4388 2779 4427 cum
2802 4376 2957 4428 amici
2987 4374 3112 4430 facti
3152 4392 3359 4432 sumus.
3389 4376 3494 4431 Non
3523 4376 3608 4429 hoc
3631 4366 3773 4437 angelis

2289 4464 2593 4529 committit,
2628 4480 2798 4534 neque
2828 4466 3021 4531 servis,
3068 4468 3162 4522 sed
3214 4470 3325 4537 ipse
3352 4470 3401 4522 in
3452 4466 3646 4521 nubibus
3677 4456 3774 4511 venit

2289 4570 2486 4609 vocans
2518 4572 2614 4609 nos
2644 4556 2693 4610 in
2724 4558 2924 4626 regiam
2959 4575 3131 4613 suam.
3192 4562 3436 4616 Fortasse
3462 4569 3618 4612 autem
3638 4563 3679 4607 et
3712 4560 3775 4602 eus

2289 4648 2376 4715 qui
2410 4647 2578 4716 ipsum
2610 4647 2893 4714 coluerint,
2926 4650 3037 4719 ipse
3097 4650 3163 4704 ad
3214 4667 3273 4707 se
3316 4654 3368 4705 in
3418 4650 3616 4704 nubibus
3654 4640 3772 4696 tollel-

2288 4736 2418 4789 Nam
2445 4748 2495 4791 ct
2542 4752 2661 4799 nos,
2706 4739 2896 4806 inquit,
2930 4740 2980 4793 in
3010 4740 3242 4795 nubibus
3285 4742 3537 4812 rapientur
3564 4736 3637 4807 qui
3672 4731 3774 4785 illum

2288 4830 2543 4893 colimus;
2576 4840 2629 4884 et
2654 4830 2731 4884 sic
2761 4846 2975 4899 semper
3004 4847 3124 4886 cum
3157 4834 3380 4889 Domino
3406 4834 3603 4889 erimus.
3638 4822 3775 4889 Ecquis

2288 4935 2415 4990 ergo
2438 4921 2685 4977 inventus
2704 4921 2861 4977 fuerit
2883 4923 3054 4978 fidelis
3074 4940 3263 4980 servus
3288 4935 3341 4981 et
3363 4924 3573 4996 prudens
3586 4922 3607 4972 Υ
3620 4916 3776 4986 quinam

2290 5011 2446 5081 igitur
2465 5014 2624 5067 tantis
2648 5014 2800 5068 bonis
2825 5013 3214 5084 dignabuntur?
3232 5034 3386 5086 quam
3405 4998 3775 5070 niiserahilesdl'li

2291 5105 2411 5159 inde
2437 5106 2673 5160 cadunt?
2718 5107 2846 5160 Nam
2878 5108 2920 5161 si
2950 5122 3051 5177 per
3079 5126 3237 5163 otnne
3270 5120 3472 5179 tempus
3501 5108 3604 5159 illos
3624 5098 3692 5170 qui
3716 5106 3776 5146 re-

2288 5215 2448 5270 gnum
2480 5202 2773 5259 amiserunt
2812 5202 3108 5271 lugeamus,
3149 5204 3272 5272 quid
3306 5219 3367 5257 ea
3400 5217 3453 5256 re
3481 5201 3661 5267 dignum
3682 5188 3775 5243 lcce'

2291 5294 2492 5347 rimus?
2525 5294 2756 5357 Etenim,
2785 5294 2830 5348 si
2857 5305 3141 5350 sexcentas
3169 5295 3440 5365 gebennas
3484 5285 3698 5344 attuleris,
3722 5277 3778 5330 ni'

2296 5384 2369 5439 hil
2403 5402 2495 5455 par
2519 5385 2712 5441 afferes
2761 5385 2937 5441 dolori
2986 5387 3084 5452 illi,
3131 5402 3237 5457 quo
3284 5397 3405 5442 tunc
3430 5373 3780 5454 angituraniim.

2290 5492 2407 5531 cum
2452 5478 2728 5533 universus
2748 5480 2986 5549 quatitur
3012 5482 3159 5537 orbis
3180 5524 3194 5547 ,
3231 5483 3369 5537 tuba:
3418 5485 3607 5537 sonant,
3636 5468 3783 5541 pri!"us

2289 5572 2520 5625 accurrit
2565 5573 2875 5642 angelorum
2918 5575 3071 5639 ordo,
3103 5575 3294 5631 deinde
3344 5571 3613 5631 secundus,
3642 5558 3785 5616 deinde

2291 5663 2496 5728 tertius,
2534 5663 2727 5718 deinde
2767 5666 3003 5719 sexcenti
3037 5665 3252 5722 ordines
3295 5667 3346 5720 in
3388 5648 3785 5718 terramseelimI'

2289 5753 2442 5818 dunt,
2472 5764 2579 5809 tum
2608 5754 2896 5811 Clicrubim
2925 5757 3015 5828 qui
3059 5757 3465 5813 innumerabiles
3501 5758 3624 5812 sunt,
3650 5751 3693 5797 el

2291 5844 2529 5917 ηιιωιης
2558 5856 2829 5917 postremo
2878 5849 3101 5921 ipsemet
3156 5850 3386 5919 advenit,
3431 5844 3579 5918 gloria
3619 5836 3687 5891 illa
3708 5840 3787 5883 cit-
