3974 6542
312 476 381 532 79
1084 479 1149 534 IN
1187 480 1407 537 EPIST.
1439 483 1531 537 AD
1565 474 1830 536 PHILIPP
1886 478 2037 534 CAP.
2078 481 2164 536 Ill.
2204 482 2433 537 IIOIIIL.
2479 482 2615 537 XIII.

271 592 408 646 αὐτὸ
442 590 542 661 μέν
572 592 741 658 ἐστιν,
775 590 1018 649 ἐνδύεται
1047 595 1102 648 δὲ
1142 596 1469 666 ἀφθαρσίαν.
1525 601 1839 665 Μετασχη-

265 684 536 754 ματίσειν
566 685 749 754 φησίν.
779 687 919 757 Ἀρα
960 687 1055 740 καὶ
1086 687 1143 740 τδ
1190 688 1373 758 σχῆμα
1421 690 1628 761 ἕτερον,
1672 690 1705 761 ἢ
1744 690 1842 757 τὴν

277 773 588 843 μεταϐολὴν
616 772 757 827 οῦτω
791 777 1245 847 καταχρηστικῶς
1278 778 1524 833 ἐκάλεσε.
1581 780 1755 849 Σῶμα
1785 781 1841 833 δὲ

266 863 691 930 ταπεινώσεως
719 864 890 934 ἡμῶν
937 863 1112 934 εἶπεν,
1144 869 1227 922 ὅτι
1276 871 1670 924 τεταπείνωται
1725 870 1841 936 νῦν,

267 955 359 1009 ὅτι
386 957 454 1026 τῇ
487 956 661 1027 φθορᾷ
694 956 842 1010 ἐστιν
877 957 1209 1021 ὑπεύθυνον,
1237 961 1302 1030 τῇ
1343 960 1615 1030 ἀλγηδόνι,
1644 962 1726 1014 ὅτι
1753 962 1842 1015 δο-

266 1047 364 1098 κεῖ
397 1046 615 1109 εὐτελὲς
664 1042 825 1111 εἶναι,
876 1048 971 1102 καὶ
1000 1048 1152 1103 οὐδὲν
1196 1050 1307 1103 τῶν
1364 1050 1564 1105 λοιπῶν
1599 1052 1741 1121 ἔχειν
1789 1069 1843 1105 τι

270 1136 458 1191 πλέον.
511 1140 615 1203 Εἰς
648 1139 713 1191 τὸ
750 1140 1025 1209 γενέσθαι
1080 1142 1247 1206 αὐτὸ,
1295 1143 1449 1212 φησὶ,
1491 1145 1845 1213 σύμμορφον

268 1227 360 1292 τῷ
392 1229 619 1298 σώματι
666 1229 776 1297 τῆς
825 1231 1011 1298 δόξης
1040 1234 1247 1287 αὐτοῦ.
1281 1234 1482 1288 Βαϐαίε
1521 1235 1732 1305 ἐκείνῳ,
1767 1235 1844 1305 τῷ

270 1321 578 1392 καθημένῳ
615 1325 673 1376 ἐν
722 1323 870 1394 δεξιᾷ
900 1325 991 1378 τοῦ
1031 1325 1262 1395 Πατρὸς,
1316 1326 1637 1396 σύμμορφον
1688 1325 1844 1379 τοῦτο

266 1413 340 1466 τδ
390 1414 549 1484 σῶμα
601 1415 839 1482 γίνεται·
899 1415 1112 1487 ἐκείνῳ,
1140 1416 1218 1486 τῷ
1256 1418 1712 1487 προσκυνουμένῳ
1740 1416 1844 1469 ὑπὸ

266 1502 549 1569 ἀγγέλων,
578 1504 788 1574 ἐκείνῳ,
807 1498 853 1573 ᾧ
877 1508 1292 1576 παρεστήκεσαν
1312 1509 1368 1559 αἱ
1385 1507 1663 1577 ἀσώματοι
1686 1507 1842 1561 δυνάο

269 1610 427 1661 μεις,
460 1594 651 1664 ἐκείνῳ
684 1595 761 1665 τῷ
792 1596 975 1649 ἐπάνω
1028 1596 1208 1667 πάσης
1241 1598 1412 1668 ἀρχῆς
1458 1600 1551 1651 καὶ
1598 1598 1841 1663 ἐξουσίας

266 1685 377 1737 καί
403 1685 703 1755 δυνάμεως,
738 1687 928 1757 ἐκείνῳ
955 1688 1275 1761 σύμμορφον
1301 1689 1529 1757 γίνεται.
1553 1689 1697 1762 Ἀρα
1723 1691 1788 1743 ἂν
1809 1692 1842 1760 ἡ

262 1778 571 1848 οἰκουμένη
604 1781 753 1832 πᾶσα
811 1780 1047 1834 λαϐοῦσα
1089 1781 1320 1851 δάκρυα,
1349 1784 1474 1846 τοὺς
1521 1784 1717 1854 ταύτης
1745 1786 1844 1854 τῆς

264 1868 492 1932 ἐλπίδος
515 1871 935 1934 ἐκπεπτωκότας
964 1871 1194 1944 δακρύῃ,
1244 1872 1410 1937 ἀξίως
1450 1874 1727 1945 δακρύσει,
1762 1877 1843 1929 ὅτι

264 1962 610 2030 ἐπαγγελίας
645 1966 776 2035 ἡμῖν
805 1965 1062 2038 κειμένης
1088 1966 1280 2036 ἐκείνῳ
1324 1967 1573 2035 γενέσθαι
1599 1968 1845 2040 σύμμορ-

263 2069 398 2121 φον,
424 2053 563 2122 μετὰ
615 2054 724 2106 τῶν
756 2044 1038 2125 ’δαιμόνων
1065 2058 1386 2129 άπέρχεται;
1447 2060 1520 2113 Οὐ
1555 2060 1704 2130 μέλει
1755 2078 1845 2131 μοι

262 2143 505 2215 γεέννης
550 2145 764 2199 λοιπόν·
826 2149 926 2200 ὅσα
960 2148 1026 2202 ἂν
1055 2149 1240 2221 εἴπῃς,
1274 2151 1425 2204 οὐδὲν
1468 2153 1673 2222 νομίζω
1709 2154 1846 2224 πρὸς

262 2236 376 2305 τὴν
404 2237 677 2290 ἔκπτωσιν
704 2238 923 2310 ταύτην.
973 2241 1037 2293 Τί
1074 2240 1270 2310 λέγεις,
1306 2236 1350 2294 ὦ
1384 2243 1594 2308 Παῦλε;
1653 2245 1844 2316 ἐκείνῳ

265 2326 602 2398 σύμμορφον
633 2314 873 2395 γίνετάις
924 2330 1051 2393 Ναὶ,
1079 2334 1262 2402 φησίν.
1300 2329 1455 2400 Εῐτα,
1491 2335 1577 2389 ἵνα
1608 2337 1680 2407 μὴ
1713 2314 1844 2392 dm;

264 2417 504 2487 στήσῃς,
551 2419 646 2471 καὶ
694 2418 952 2489 λογισμὸν
1008 2423 1275 2493 ἐπήγαγε·
1316 2425 1477 2478 Κατὰ
1542 2427 1656 2494 τὴν
1691 2428 1846 2494 ἐνέρ-

267 2524 467 2576 γειαν,
493 2509 644 2578 φησὶ,
698 2509 805 2563 τοῦ
837 2510 1129 2567 δύνασθαι
1173 2514 1359 2569 αὐτὸν
1404 2516 1504 2569 καὶ
1553 2516 1845 2581 ὑποτάξαι

224 2594 472 2659 ’ἑαυτῷ
502 2598 577 2651 τὰ
606 2597 824 2652 πάντα.
872 2601 1112 2668 Δύναμιν
1158 2602 1294 2672 ἔχει,
1350 2606 1535 2673 φησὶν,
1583 2604 1723 2657 ὥστε
1778 2606 1845 2658 τὰ

264 2687 456 2741 πάντα
485 2687 770 2753 ὑποτάξαι,
796 2688 934 2742 ὥστε
965 2691 1058 2742 καὶ
1081 2691 1179 2763 τὴν
1206 2692 1410 2763 φθορὰν
1443 2695 1537 2747 καὶ
1568 2694 1658 2748 τὸν
1684 2695 1846 2749 θάνα-

260 2796 365 2832 τον
384 2797 397 2811 ·
439 2780 639 2849 μᾶλλον
667 2781 723 2833 δὲ
755 2780 863 2833 ἀπὺ
892 2784 991 2853 τῆς
1021 2784 1192 2854 αὐτῆς
1222 2785 1506 2855 δυνάμεως
1546 2788 1640 2840 καὶ
1689 2788 1845 2841 τοῦτο

264 2872 443 2922 ποιεῖ.
475 2871 633 2924 Ποῖον
665 2871 771 2944 γὰρ
804 2872 1086 2942 δυνάμεώς
1118 2877 1234 2929 ἐστι
1268 2877 1531 2946 μείζονος,
1568 2880 1691 2931 εἰπέ
1733 2897 1842 2949 μοι,

264 2962 542 3030 ἀγγέλους
580 2966 676 3017 καὶ
716 2965 1089 3034 ἀρχαγγέλους
1117 2969 1213 3021 καὶ
1238 2969 1521 3040 Χερουϐὶμ
1550 2973 1643 3025 καὶ
1674 2972 1844 3042 Σερα-

265 3051 385 3120 φὶμ
449 3054 711 3121 ὑποτάξαι
768 3057 863 3109 καὶ
931 3058 1229 3129 δαίμονας,
1292 3060 1324 3131 ἦ
1389 3060 1547 3132 σῶμα
1621 3064 1845 3130 ποιῆσαι

261 3144 551 3215 ἄφθαρτον
596 3148 687 3201 καὶ
735 3149 1029 3214 ἀθάνατον;
1068 3151 1250 3221 Πολλῷ
1272 3152 1336 3223 δὴ
1366 3154 1564 3223 μᾶλλον
1606 3155 1842 3227 τοῦτο,ἢ

263 3237 471 3291 ἐκεῖνο.
502 3238 710 3303 Ἐδειξε
761 3240 982 3309 μείζονα
1016 3241 1152 3312 ἔργα
1181 3244 1281 3313 τῆς
1333 3244 1616 3315 δυνάμεως
1656 3247 1841 3311 αὑτοῦ,

263 3328 361 3382 ἴνα
403 3330 500 3382 καὶ
529 3331 739 3394 τούτοις
768 3333 1086 3403 πιστεύσῃς.
1113 3334 1275 3387 Ὥστε
1308 3335 1409 3388 κᾶν
1437 3337 1598 3407 ὁρᾶτε
1624 3337 1845 3404 τούτους

262 3419 592 3490 χαίροντας,
620 3423 723 3475 κᾶν
744 3426 905 3494 ὁρᾶτε
936 3425 1369 3497 δεδοξασμένους,
1396 3430 1647 3499 στήκετε,
1679 3431 1845 3500 μηδὲν

262 3512 733 3583 παραόλάπτεσθε
753 3516 884 3587 παρ’
916 3517 1115 3579 αὐτῶν,
1146 3519 1308 3590 μηδὲν
1333 3520 1599 3590 πτύρεσθε
1617 3537 1632 3553 ⁸
1666 3524 1846 3576 ἱκαναὶ

261 3600 435 3659 αὗται
466 3607 520 3658 αἱ
548 3606 765 3670 ἐλπίδες
786 3608 879 3662 καὶ
909 3609 1000 3661 τὸν
1035 3610 1237 3680 σφόδρα
1264 3612 1466 3680 νωθρὸν
1493 3612 1587 3665 καὶ
1611 3614 1847 3682 ὑπνηλὸν

260 3696 604 3767 ἀνορθῶσαι.
627 3698 826 3764 Ὥστε,
857 3700 1111 3769 ἀδελφοί
1165 3718 1307 3769 μου,
1340 3704 1521 3771 φησὶν,
1554 3704 1847 3773 ἀγαπητοὶ

261 3788 373 3841 καὶ
424 3788 797 3856 ἐπιπόθητοι,
834 3791 989 3860 χαρά
1042 3810 1161 3861 μου
1221 3793 1319 3846 καὶ
1361 3794 1663 3862 στέφανός
1706 3814 1844 3864 μου,

259 3880 427 3933 οὕτω
459 3880 715 3947 στήκετε
753 3883 822 3935 ἐν
850 3884 1063 3951 Κυρίῳ,
1102 3884 1418 3954 ἀγαπητοί.
1477 3885 1652 3950 Οῦτω,
1689 3888 1843 3955 πῶς;

274 3972 373 4034 Ὠς
411 3972 679 4042 ἑστήκατε
714 3974 971 4037 ἀκλινεῖς.
995 3974 1136 4046 Ὅρα
1166 3975 1286 4038 πῶς
1337 3976 1475 4046 μετά
1502 3977 1601 4047 τὴν
1642 3979 1845 4049 παραί-

261 4078 420 4115 νεσιν
447 4062 518 4115 τά
539 4062 823 4133 ἐγκώμια·
859 4063 1024 4131 Χαρὰ
1056 4064 1153 4118 καὶ
1204 4064 1506 4135 στέφανός
1552 4085 1690 4136 μου.
1736 4070 1847 4139 οὑχ

263 4154 462 4218 ἁπλῶς
504 4156 668 4225 χαρά,
708 4156 845 4210 ἀλλὰ
873 4157 966 4209 καὶ
1006 4157 1153 4221 δόξω
1182 4159 1280 4229 οὑχ
1307 4160 1494 4224 ἁπλῶς
1539 4160 1685 4225 δόξα,
1714 4162 1848 4216 ἀλλά

261 4246 364 4298 καὶ
399 4244 666 4313 στέφανος
685 4261 700 4275 ⁸
732 4241 800 4317 ἦς
826 4246 983 4318 δόξης
1020 4250 1119 4301 οὑκ
1148 4248 1293 4302 ἐστιν
1325 4251 1458 4315 ῐσον,
1482 4252 1610 4306 ὅταν
1634 4252 1845 4305 Παύλου

264 4331 543 4400 στέφανος
585 4326 740 4386 ὦσιν.
788 4335 953 4388 Οὕτω
995 4337 1249 4403 στήκετε
1282 4339 1351 4391 ἐν
1377 4341 1595 4406 Κυρίῳ,
1621 4342 1849 4409 ἀγαπη-

259 4425 363 4478 τοί
384 4441 399 4456 ο
456 4425 757 4491 τουτέστιν,
808 4429 865 4479 ἐν
910 4430 976 4498 τῇ
1012 4429 1202 4482 ,ἐλπίδι
1235 4431 1328 4483 τοῦ
1376 4432 1530 4486 Θεοῦ.
1589 4434 1850 4488 Εὐοδίαν

260 4515 623 4584 παρακαλῶ,
692 4519 791 4570 καὶ
838 4520 1159 4588 Συντύχην
1211 4523 1538 4590 παρακαλῶ
1583 4524 1649 4576 τὸ
1699 4526 1847 4579 αὐτύ

262 4608 523 4674 φρονεῖν
556 4606 625 4660 ἓν
669 4610 883 4677 Κυρίῳ.
941 4612 1051 4665 Καὶ
1103 4611 1294 4679 ἐρωτῶ
1342 4614 1439 4667 καὶ
1487 4614 1581 4679 σὲ,
1631 4613 1849 4685 σύζυγε

150 4722 159 4729 ·
259 4698 511 4766 γνήσιε,
546 4701 1118 4770 συναηιλαμϐάνου
1146 4703 1374 4768 αὐταῖς.

340 4789 554 4863 [501]γ’
563 4790 739 4854 ,Τινὲς
752 4791 850 4861 τὴν
870 4795 1100 4859 γυναῖκα
1122 4794 1286 4847 αὑτοῦ
1310 4796 1647 4865 παρακαλεῖν
1661 4796 1849 4850 ἐνταῦο

259 4881 339 4936 θά
372 4899 563 4951 φασιν,
590 4881 810 4951 Σύζυγε
834 4882 1078 4951 γνήσιεο
1110 4884 1225 4937 ἀλλ’
1258 4886 1356 4938 οὐκ
1385 4886 1552 4952 ἔστιν,
1574 4888 1709 4941 ἀλλά
1729 4906 1847 4943 τινα

259 4977 526 5043 γυναῖκα,
559 4975 593 5045 ἢ
630 4976 723 5028 καλ⁸
753 4976 924 5047 ἄνδρα
970 4978 1099 5046 μιᾶς
1130 4977 1330 5033 αὐτῶν.
1364 4981 1846 5050 Συναντιλαμϐά-

256 5083 383 5120 νου
413 5065 645 5131 αὐταῖς,
688 5064 871 5134 φησὶν,
895 5065 1116 5129 αἵτινες
1137 5066 1209 5119 ἐν
1243 5065 1323 5131 τῷ
1352 5068 1676 5137 εὐαγγελίῳ
1696 5085 1847 5123 συν-

256 5156 559 5228 ήθλησὰν
578 5174 697 5226 μοι,
717 5156 868 5226 μετά
889 5157 985 5210 καὶ
1006 5157 1349 5226 Κλήμεντος
1369 5160 1463 5213 καί
1484 5158 1599 5213 τῶν
1617 5162 1847 5216 λοιπῶν

256 5247 590 5317 συνεργῶν
612 5265 752 5317 μου,
807 5242 896 5301 ὧν
942 5252 1015 5302 τὰ
1051 5249 1312 5317 ὀνόματα
1347 5250 1417 5302 ἐν
1448 5251 1642 5314 βίϐλῳ
1676 5251 1841 5319 ζωῆς.

269 5343 449 5412 ὐρᾷς
493 5342 626 5411 ὅσην
676 5340 860 5404 αὐτοῖς
915 5340 1115 5410 ἀρετὴν
1166 5343 1460 5411 μαρτυρεῖ;
1508 5343 1682 5412 Ὅπερ
1733 5345 1847 5405 τοῖς

255 5431 596 5494 ἀποστόλοις
628 5425 781 5483 εἶπεν
830 5432 860 5483 ό
906 5430 1158 5500 Χριστὸς,
1210 5431 1304 5498 Μὴ
1363 5432 1616 5499 χαίρετε.
1662 5432 1747 5485 ὅτι
1775 5434 1846 5487 τὰ

255 5524 553 5591 δαιμόνια
603 5521 747 5592 ὑμῖν
793 5523 1104 5585 ὑπακούει,
1143 5523 1280 5577 ἀλλ’
1320 5523 1409 5577 ὅτι
1466 5522 1537 5576 τὰ
1585 5525 1846 5595 ὀνόματα

254 5612 439 5685 ὑμῶν
468 5615 914 5684 ἐγγεγραμμένα
940 5616 1010 5669 ἐν
1034 5616 1230 5680 βίϐλῳ
1257 5613 1423 5683 ζωῆς,
1477 5615 1635 5669 τοῦτο
1663 5619 1844 5682 αὐτοῖς

260 5706 551 5775 μαρτυρεῖ
582 5706 676 5757 καὶ
701 5698 856 5767 οὗτος
890 5704 1083 5773 λέγων,
1106 5696 1219 5757 *Ων
1250 5705 1323 5757 τὰ
1350 5704 1611 5773 ὀνόματα
1645 5706 1715 5758 ὲν
1743 5706 1842 5771 ,ϐί-

256 5797 400 5860 ϐλῳ
423 5794 594 5865 ζωῆς.
627 5795 851 5849 Δοκοῦσι
878 5795 935 5849 δέ
973 5813 1063 5865 μοι
1097 5788 1257 5849 αῦται
1284 5796 1339 5849 αἱ
1366 5798 1621 5863 γυναῖκες
1661 5798 1722 5852 τὸ
1753 5816 1845 5852 κε-

256 5888 505 5959 φάλαιον
532 5886 673 5944 εἶναι
708 5892 808 5962 τῆς
837 5889 1161 5959 Ἐκκλησίας
1191 5889 1288 5960 τῆς
1325 5890 1458 5955 ἐκεῖ,
1489 5894 1581 5947 καὶ
1612 5894 1842 5964 παρατί-

1952 596 2101 649 θεται
2134 597 2301 661 αὑτὰς
2336 597 2488 669 ἀνδρὶ
2537 599 2666 660 ἴσως
2710 594 3023 666 θαυμαστῷ,
3054 584 3112 647 δν
3157 594 3248 647 καὶ
3279 594 3511 662 σύζυγον

1949 688 2103 740 καλεῖ
2119 704 2132 718 ο
2164 684 2209 755 ᾧ
2230 689 2360 751 ἴσως
2389 687 2568 740 είώθει
2606 687 3023 756 παρατίθεσθαι,
3047 686 3123 749 ὼς
3146 684 3391 755 συνεργῷ
3415 687 3512 740 καὶ

1950 779 2253 851 στρατιώτῃ
2280 783 2373 834 καὶ
2394 779 2631 848 κοινωνῷ
2662 778 2772 831 καὶ⁶
2794 777 3005 848 ἀδελφῷ
3022 795 3036 807 ’
3072 779 3207 848 ὅπερ
3237 778 3331 830 καὶ
3359 780 3416 830 ἐν
3442 778 3509 847 τῇ

1949 872 2084 942 πρὸς
2111 872 2411 942 Ῥωμαίους
2443 872 2605 933 ποιεῖ,
2631 871 2803 938 λέγων
2820 887 2831 900 ·
2857 872 3185 937 Συνίστημι
3211 868 3352 937 ὑμῖν
3376 868 3513 922 Φοι-

1946 963 2064 1029 ϐην
2116 961 2229 1027 τὴν
2271 959 2546 1029 ἀδελφὴν
2595 959 2780 1027 ἡμῶν,
2836 958 3116 1012 διάκονον
3161 955 3357 1012 οὖσαν
3400 957 3513 1026 τῆς

1961 1053 2323 1120 Ἐκκλησίας
2354 1050 2463 1118 τῆς
2501 1052 2571 1104 ἐν
2599 1050 2934 1119 Κεγχρεαῖς.
2977 1048 3213 1118 Σύζυγε.
3242 1051 3313 1103 Ἦ
3359 1050 3515 1103 ἀδελ⁸

1949 1143 2047 1211 φόν
2071 1158 2192 1195 τινα
2220 1142 2418 1203 αὐτῶν,
2445 1141 2476 1210 ἢ
2515 1139 2610 1192 καὶ
2631 1139 2797 1209 ἄνδρα
2821 1141 2948 1209 μιᾶς
2968 1138 3145 1190 αὑτῶν
3164 1137 3305 1190 οὕτω
3334 1138 3509 1191 καλεῖ·

1949 1233 2027 1297 ὡς
2057 1233 2123 1287 ἂν
2163 1234 2211 1287 εί
2242 1232 2424 1299 ἔλεγε⁸
2460 1231 2573 1284 Νῦν
2604 1230 2825 1298 ἀδελφὸς
2872 1225 2923 1282 εἴ
2950 1229 3190 1298 γνήσιος,
3232 1229 3328 1282 νῦν
3376 1228 3513 1299 ἀνὴρ

1949 1326 2190 1394 γνήσιος,
2217 1326 2298 1377 ὅτι
2336 1324 2493 1394 μέλος
2520 1323 2769 1391 γέγονας.
2804 1322 3031 1386 Αἵτινες
3071 1320 3139 1372 ὲν
3160 1318 3238 1383 τῷ
3276 1320 3515 1387 εὐαγγε-

1948 1417 2060 1482 λίῳ
2106 1414 2509 1481 συνήθλησάν
2532 1432 2652 1481 μοι.
2706 1412 2930 1466 Οἶκοθεν
2965 1413 2998 1481 ἡ
3034 1410 3338 1480 προστασία
3396 1427 3512 1473 σου,

1947 1508 2048 1559 οὐκ
2072 1508 2179 1559 ἀπὸ
2201 1505 2403 1574 φιλίας,
2430 1504 2545 1557 ἀλλ’
2580 1502 2688 1558 ἀπὸ
2716 1502 3179 1572 κατορθωμάτων.
3215 1498 3518 1566 Συνήθλη-

1947 1599 2070 1652 σάν
2103 1616 2224 1667 μοι.
2282 1599 2347 1650 Τί
2379 1598 2597 1666 λέγεις;
2649 1600 2903 1666 γυναῖκες
2956 1595 3332 1665 συνηθλησανς
3385 1593 3513 1653 Ναὶ.

1949 1691 2131 1761 φησίν.
2161 1691 2234 1744 Ού
2269 1691 2462 1761 μικρὸν
2485 1691 2577 1743 καὶ
2607 1685 2764 1742 αὗται
2792 1688 3146 1741 συνεϐάλοντο
3178 1687 3368 1757 μέροςο
3397 1686 3519 1738 καί·

1914 1810 1919 1817 ι
1948 1801 2029 1836 τοι
2060 1783 2115 1835 δέ
2145 1783 2351 1835 πολλῶν
2382 1784 2551 1836 ὄντων
2583 1782 2690 1834 τῶν
2721 1780 3126 1850 συνεργούντων
3168 1779 3334 1848 αὐτῷ,
3367 1780 3518 1848 ὅμως

1950 1876 2007 1927 ἐν
2036 1875 2250 1938 πολλοῖς
2301 1875 2395 1927 καλ⁵
2446 1868 2607 1927 αῦται
2660 1873 3046 1941 συνέπραττον,
3073 1872 3148 1923 Οὑ
3181 1871 3391 1940 μικρῶς
3424 1865 3518 1923 οῦν

1948 1967 2067 2019 τότε
2099 1964 2598 2037 συνεκροτοῦντοιαὶ
2635 1962 2952 2031 Ἐκκλησίαι
2973 1979 2986 1993 ·
3024 1963 3103 2030 τῷ
3132 1961 3240 2031 γὰρ
3267 1963 3393 2025 τοὺς
3424 1962 3520 2014 εὑ-

1949 2058 2222 2129 δοκίμους,
2248 2059 2358 2111 εῐτε
2389 2058 2607 2127 ἄνδρας,
2630 2056 2740 2109 εἴτε
2763 2060 3049 2124 γυναῖκας,
3080 2040 3346 2122 τοσαύτης
3367 2055 3519 2122 παρά

1947 2149 2055 2202 τῶν
2087 2148 2287 2202 λοιπῶν
2315 2148 2607 2202 ἀπολαύειν
2625 2147 2810 2217 τιμῆς,
2833 2146 3003 2199 πολλά
3024 2146 3231 2213 ἐγίνετο
3262 2146 3332 2198 τά
3353 2144 3515 2198 καλά.

1948 2241 2172 2312 Πρῶτον
2208 2243 2306 2311 μὲν
2329 2241 2437 2313 γάρ
2474 2242 2523 2293 οἱ
2561 2239 2736 2292 λοιποὶ
2765 2238 2900 2309 πρὸς
2934 2238 3024 2291 τὸν
3060 2239 3171 2290 ἴσον
3198 2238 3392 2306 ἤγοντο
3421 2236 3521 2305 ζῆ-

1950 2332 2041 2385 λον
2062 2348 2078 2362 ο
2117 2332 2369 2402 δεύτερον
2395 2331 2451 2384 δὲ
2479 2330 2575 2384 καὶ
2592 2330 2900 2398 ἐκέρδαινον
2930 2328 3016 2380 διὰ
3048 2327 3144 2396 τῆς
3173 2328 3338 2397 τιμῆς
3361 2343 3375 2357 ·
3404 2325 3522 2395 τρί-

1948 2441 2041 2477 τον
2066 2426 2159 2477 καὶ
2186 2424 2383 2485 αὐτοὺς
2433 2421 2671 2484 ἐκείνους
2707 2419 3145 2491 προθυμοτέρους
3179 2418 3395 2470 ἐποίουν
3424 2415 3520 2469 καὶ

1952 2515 2360 2585 σφοδροτέρους.
2385 2514 2485 2568 Διά
2511 2512 2670 2566 τοῦτο
2694 2510 2969 2580 πανταχοῦ
3002 2513 3133 2580 ὁρᾷς
3153 2509 3520 2578 ἐπιμελούμε-

1949 2623 2037 2658 νον
2058 2604 2248 2658 τούτου
2275 2605 2365 2657 τὸν
2390 2602 2623 2663 Παῦλον,
2655 2602 2749 2655 καὶ
2793 2600 3223 2672 παρατιθέμενον
3253 2600 3378 2662 τοὺς
3405 2616 3519 2652 τοι-

1949 2698 2136 2759 ούτους
2160 2713 2174 2727 ⁸
2210 2696 2349 2765 ὅπερ
2376 2696 2474 2749 καὶ
2498 2696 2559 2748 ἐν
2593 2697 2659 2765 τῇ
2691 2693 2825 2763 πρὸς
2848 2693 3167 2762 Κορινθίους
3200 2695 3387 2760 φησιν,
3421 2691 3522 2743 Οἵ-

1949 2788 2109 2853 τινές
2136 2790 2295 2841 εἰσιν
2322 2785 2567 2855 ἀπαρχὴ
2617 2785 2728 2853 τῆς
2775 2786 3036 2852 Ἀχαΐας.
3071 2782 3229 2846 Τινὲς
3263 2783 3320 2834 δέ
3357 2798 3521 2850 φασιν

1949 2878 2120 2947 ὄνομα
2160 2878 2338 2930 ἐκεῖνο
2390 2875 2580 2947 κύριον
2625 2872 2765 2929 εἶναι
2820 2874 2901 2941 τὸ,
2929 2872 3151 2941 Σύζυγε
3187 2890 3199 2902 ο
3240 2872 3381 2942 πλὴν
3412 2872 3522 2924 εἴτε

1949 2967 2128 3033 τοῦτο,
2157 2966 2265 3020 εἴτε
2314 2967 2509 3027 ἐκεῖνο.
2545 2967 2604 3019 οὑ
2659 2966 2865 3034 σφόδρα
2916 2963 3382 3034 ἀκριϐολογεῖσθαι
3420 2962 3521 3026 δεῖ,

1950 3058 2064 3110 ἀλλ’
2085 3061 2167 3110 ὅτι
2191 3057 2393 3128 πολλῆς
2420 3057 2634 3110 κελεύει
2649 3057 2819 3120 αὑτὰς
2842 3056 3176 3125 προστασίας
3197 3053 3520 3120 ἀπολαῦσαι,

1950 3149 2270 3219 θαυμάζειν.

2020 3239 2084 3294 δ’.
2120 3239 2302 3293 Πάντα
2328 3242 2461 3310 ἡμῖν
2503 3241 2561 3292 ἐν
2599 3239 2846 3310 οὐρανοῖς
2877 3241 3016 3299 ἐστι,
3045 3241 3141 3292 καὶ
3189 3239 3380 3309 Σωτὴρ
3429 3240 3525 3291 καὶ

1950 3330 2125 3393 πόλις,
2153 3332 2246 3382 καὶ
2277 3331 2306 3384 ὃ
2340 3348 2396 3383 τι
2428 3331 2495 3385 ἂν
2526 3331 2668 3383 εἴποι
2700 3348 2780 3393 τις
2802 3348 2816 3362 ο
2852 3330 2946 3394 Ἐξ
2974 3327 3069 3392 οὗ,
3101 3332 3252 3400 φησὶ,
3283 3330 3380 3382 καὶ
3407 3332 3525 3383 Σω-

1951 3422 2100 3491 τῆρα
2156 3422 2606 3491 ἀπεκδεχόμεθα
2673 3425 2895 3491 Κύριον
2935 3422 3180 3489 Ἰησοῦν
3243 3422 3520 3489 Χριστόν.

1951 3516 2063 3568 Καὶ
2121 3513 2279 3567 τοῦτο
2332 3515 2431 3585 τῆς
2476 3514 2884 3583 φιλανθρωπίας
2918 3500 3121 3567 αὑτοῦ.
3156 3513 3324 3573 Αὐτὸς
3361 3511 3527 3564 πάλιν

1953 3603 2171 3675 ἔρχεται
2200 3604 2336 3673 πρὸς
2381 3604 2548 3673 ἡμᾶς,
2598 3603 2697 3673 οὐχ
2732 3604 2880 3671 ἡμᾶς
2907 3601 3052 3654 ἕλκει
3085 3600 3220 3662 ἐκεῖ,
3243 3601 3338 3652 καὶ
3378 3599 3527 3652 οὑτω

1951 3695 2134 3749 λασὼν
2159 3699 2308 3766 ἡμᾶς
2332 3696 2545 3749 ἄπεισιο
2580 3695 2677 3749 καὶ
2703 3696 2862 3747 τοῦτο
2889 3693 3087 3763 πολλῆς
3108 3695 3206 3763 τῆς
3233 3692 3420 3761 τιμῆς.
3458 3691 3522 3743 EI

1952 3785 2062 3855 γὰρ
2106 3785 2247 3854 πρὸς
2276 3784 2505 3855 ἐχθροὺς
2534 3783 2694 3847 ὄντας
2743 3778 2895 3853 ἦλθε,
2941 3780 3121 3850 πολλῷ
3160 3780 3359 3851 μᾶλλον
3388 3778 3527 3849 πρὸς

1954 3877 2141 3946 φίλους
2193 3877 2536 3946 γενομένους.
2576 3876 2689 3928 Ούκ
2722 3875 3006 3945 ἐπιτρέπει
3059 3873 3218 3926 τοῦτο
3249 3870 3523 3940 ἀγγέλοις,

1952 3968 2072 4021 οὑδέ
2096 3968 2323 4033 δούλοις,
2357 3967 2471 4021 ἀλλ’
2517 3967 2682 4030 αὐτὸς
2733 3969 2827 4020 ἐπὶ
2880 3967 2988 4019 τῶν
3019 3964 3257 4032 νεφελῶν
3303 3962 3528 4035 ἔρχεται

1954 4060 2196 4114 καλέσων
2240 4062 2386 4133 ἡμᾶς
2434 4063 2512 4123 είς
2554 4060 2623 4114 τὰ
2668 4058 2915 4129 βασίλεια
2960 4057 3147 4111 αὑτοῦ.
3173 4057 3325 4125 Τάχα
3346 4055 3402 4108 δὲ
3429 4055 3529 4106 καὶ

1952 4155 2000 4206 οί
2033 4150 2223 4216 αὑτοῦ,
2272 4151 2571 4223 τιμώμενοι
2618 4151 2710 4205 ὑπ’
2746 4150 2901 4223 [502]
2946 4148 3131 4211 αὐτοῦ,
3194 4147 3526 4217 ἀρθήσονται

1952 4246 2042 4301 διὰ
2070 4246 2332 4317 νεφελῶν.
2393 4245 2500 4299 Καὶ
2551 4246 2713 4317 ἡμεῖς
2765 4244 2894 4313 γὰρ,
2931 4241 3117 4311 φησὶν,
3163 4242 3221 4293 ἐν
3274 4237 3527 4305 νεφέλαις

1953 4337 2387 4409 ἁρπαγησόμεθα
2415 4339 2465 4391 οί
2498 4335 2768 4406 τιμῶντες
2796 4334 2977 4395 αὑτὸν,
3003 4332 3097 4385 καὶ
3125 4330 3266 4383 οὕτω
3295 4330 3526 4382 πάντοτε

1955 4432 2051 4484 σῦν
2076 4432 2264 4502 Κυρίῳ
2290 4428 2547 4499 ἐσόμεθα.
2588 4429 2683 4489 Τίς
2712 4426 2819 4493 ἄρα
2840 4425 3037 4495 εὑρεθῇ
3064 4424 3093 4474 ὁ
3120 4422 3309 4484 πιστὸς
3337 4419 3526 4481 δοῦλος

1953 4525 2046 4576 καὶ
2074 4524 2336 4594 φρόνιμος
2360 4538 2374 4585 ;
2420 4522 2565 4583 τίνες
2589 4520 2695 4590 ἄρα
2717 4520 2765 4571 οἱ
2805 4515 3219 4585 καταξιούμενοι
3258 4512 3367 4565 τῶν
3393 4526 3524 4601 αιςοστ⁵

1953 4611 2126 4665 ούτων
2178 4611 2439 4680 ἀγαθῶν;
2510 4609 2628 4672 πῶς
2675 4607 2900 4660 ἐλεεινώ¹
2976 4609 3025 4659 οἱ
3086 4603 3523 4664 ἀποπίπτοντες;

1953 4704 2015 4756 EI
2054 4703 2163 4774 γὰρ
2189 4704 2281 4755 τὸν
2313 4701 2489 4755 πάντα
2537 4701 2727 4772 χρόνον
2771 4699 3060 4767 ἐκλαίομεν
3112 4697 3214 4765 τῆς
3250 4694 3527 4765 βασιλείας

1952 4793 2335 4864 ἀποτυχόντες,
2379 4790 2491 4863 ἆρά
2518 4811 2570 4846 τι
2612 4792 2760 4858 ἀξιον
2790 4790 3106 4860 ἐποιοῦμεν;
3148 4790 3210 4841 Εἰ
3263 4787 3372 4856 γὰρ
3425 4803 3528 4855 μυ-

1957 4885 2077 4957 ρίας
2121 4885 2342 4954 γεέννας
2401 4886 2583 4955 εἴπης,
2627 4884 2778 4937 οὐδὲν
2826 4884 2942 4936 ἴσον
2989 4883 3134 4953 ἐρεῖς
3182 4880 3281 4949 τῆς
3333 4877 3527 4945 ὀδύνης

1953 4978 2191 5049 ἐκείνης,
2230 4977 2298 5048 ἢν
2327 4978 2619 5046 ὑφίσταται
2644 4977 2767 5030 τότε
2800 4979 2833 5047 ή
2868 4974 3032 5045 ψυχὴ,
3065 4974 3165 5043 τῆς
3193 4970 3524 5040 οἰκουμένης

1953 5068 2315 5138 κλονουμένης
2389 5068 2627 5138 ἁπάσης,
2695 5067 2805 5120 τῶν
2870 5065 3185 5132 σαλπίγγων
3249 5059 3524 5130 ὴχουσῶν,

1951 5158 2059 5212 τῶν
2107 5157 2354 5227 ἀγγέλων
2429 5158 2858 5228 προτρεχόντων,
2909 5156 3018 5208 τῶν
3087 5152 3341 5225 πρώτων,
3402 5148 3524 5203 εἶτα

1950 5251 2236 5320 δευτέρων,
2263 5246 2381 5304 εἶτα
2433 5250 2651 5318 τρίτων,
2702 5244 2822 5302 εἶτα
2858 5248 3067 5319 μυρίων
3102 5245 3399 5315 ταγμάτων
3429 5245 3522 5295 ἐκ-

1951 5342 2222 5413 χεομένων
2267 5344 2348 5406 είς
2386 5343 2484 5412 τὴν
2515 5344 2639 5413 γῆν,
2686 5338 2803 5395 εἶτα
2847 5340 2958 5395 τῶν
3005 5337 3284 5409 Χερουόὶμ
3327 5335 3523 5407 (πολλὰ

1949 5436 2005 5488 δὲ
2034 5434 2207 5489 ταῦτά
2240 5437 2354 5487 ἐστι
2382 5436 2475 5488 καὶ
2506 5434 2750 5503 ἀπειρα)’
2773 5430 2891 5487 εἶτα
2907 5432 3017 5485 τῶν
3048 5430 3319 5502 Σεραφὶμ,
3354 5427 3518 5482 αὑτοῦ

1951 5525 2245 5595 ἐρχομένου
2263 5527 2356 5578 ἐπὶ
2378 5525 2478 5595 τῆς
2498 5524 2654 5594 δόξης
2669 5523 2882 5595 ἐκείνης
2903 5522 3006 5593 τῆς
3024 5522 3324 5592 ἀφράστου,
3346 5520 3521 5572 ἀπαν-

1948 5615 2185 5680 τώντων,
2202 5616 2309 5669 τῶν
2331 5616 2677 5686 ἀφικομένων
2693 5616 2820 5686 τοὺς
2840 5614 3128 5676 ἐκλεκτοὺς
3146 5613 3301 5680 ἄγειν
3326 5611 3407 5667 είς
3425 5608 3519 5675 μὲ-

1951 5726 2061 5763 σον·
2094 5704 2214 5762 εἶτα
2241 5709 2348 5761 τῶν
2379 5710 2506 5779 περὶ
2536 5708 2770 5772 Παῦλον,
2802 5708 2897 5762 καὶ
2927 5708 3144 5762 πάντων
3170 5707 3285 5758 ὅσοι
3310 5701 3519 5754 εὐδοκί-

1952 5818 2128 5871 μησαν
2144 5801 2265 5854 κατ’
2284 5801 2462 5865 αὑτὸν,
2483 5799 2951 5870 στεφανουμένων,
2968 5792 3513 5866 ἀνακηρυττομένων,

1949 5893 2268 5963 τιμωμένων
2295 5892 2446 5964 παρά
2468 5893 2562 5949 τοῦ
2588 5892 2859 5955 Βασιλέως
2882 5891 2974 5944 ἐπὶ
3013 5890 3194 5960 πάσης
3216 5886 3315 5957 τῆς
3346 5900 3511 5955 στρα-

3399 478 3509 533 εεο
3600 500 3605 509 ·
