3974 6508
527 422 623 477 εοι

522 538 644 599 τιᾶς
672 535 772 605 τῆς
803 535 1069 609 οὐρανίου.
1102 538 1161 591 Εἰ
1189 541 1296 612 γὰρ
1321 543 1393 614 μὴ
1419 545 1611 613 γέεννα
1641 544 1727 620 ἦν,
1749 549 1809 602 τὸ
1834 552 1958 613 τοὺς
1987 547 2084 618 μὲν

520 628 803 700 τιμᾶσθαι,
837 629 1075 694 ἐκείνους
1129 631 1182 684 δὲ
1240 635 1620 705 ἀτιμάζεσθαι,
1677 641 1842 693 πόσον
1895 643 2080 707 ὲστίν;

535 719 828 789 Ἀφόρητος
859 721 1125 790 ήγέεννα,
1157 724 1417 791 ὁμολογῶ.
1447 729 1540 781 καὶ
1571 729 1771 799 σφόδρα
1792 731 2080 801 ἀφόρητοςο

520 809 662 878 πλὴν
693 811 1067 883 ἁφορητοτέρα
1094 815 1281 885 αὐτῆς,
1309 819 1404 888 τῆς
1437 818 1709 886 βασιλείας
1731 821 1762 888 ή
1789 819 2079 882 ἔκπτωσις.

519 902 653 954 Εἰπὲ
687 902 794 974 γάρ
819 919 929 972 μοι’
960 905 1111 970 εἴτις
1141 906 1410 976 βασιλεὺς,
1433 910 1464 980 ἢ
1487 910 1598 973 υίὸς
1629 911 1896 980 βασιλέως
1917 911 2082 964 ἀπελ-

518 993 648 1056 θὼν,
681 995 776 1048 καὶ
807 995 1077 1065 πολέμους
1100 999 1448 1068 κατορθώσας
1480 1001 1724 1073 μυρίους,
1747 1004 1840 1056 καὶ
1870 1002 2079 1074 θαυμα-

519 1083 687 1150 σθεὶς,
729 1087 820 1138 καὶ
851 1086 988 1156 ἔχων
1029 1090 1387 1159 στρατόπεδον
1435 1093 1757 1164 ὁλόκληρον,
1813 1095 2080 1148 ὲπιϐαίνοι

517 1173 724 1238 πόλεώς
744 1193 889 1238 τινος
914 1179 1050 1247 μετά
1078 1179 1171 1232 τοῦ
1195 1181 1440 1250 ζεύγους,
1475 1184 1608 1252 μετά
1628 1187 1921 1251 τροπαίων,
1945 1187 2081 1255 μετά

517 1265 727 1336 μυρίων
747 1269 1041 1338 ταγμάτων
1061 1271 1274 1324 πάντων
1294 1276 1792 1345 χρυσοφορούντων,
1813 1280 1951 1346 μετὰ
1973 1278 2079 1329 τῶν

514 1357 827 1429 δορυφόρων
854 1360 963 1412 τῶν
991 1379 1054 1414 πε
1063 1363 1118 1433 pl
1140 1365 1300 1417 αὐτὸν
1325 1367 1578 1420 ἀπάντων
1599 1369 1827 1432 ἀσπίδας
1851 1371 2078 1440 ἐχόντων

515 1451 744 1520 χρυσᾶς,
776 1451 870 1503 καὶ
912 1453 1058 1505 πᾶσα
1096 1455 1128 1524 ή
1164 1455 1316 1518 πόλις
1361 1460 1776 1530 ἐστεφανωμένη
1834 1463 1940 1532 εἴη,
1987 1463 2078 1516 καὶ

515 1541 713 1604 πάντες
740 1544 788 1595 οἱ
808 1545 904 1615 τῆς
928 1547 1248 1616 οἰκουμένης
1268 1548 1525 1620 ἄρχοντες
1549 1555 1665 1620 μετ’
1684 1553 1868 1617 αὐτοῦ,
1895 1555 2079 1609 ἕποιτο

511 1630 569 1682 δὲ
599 1631 746 1701 αὐτῷ
779 1635 871 1692 καὶ
903 1636 1047 1689 πᾶσα
1100 1638 1302 1708 ήλικία,
1351 1640 1525 1694 όπίσω
1564 1645 1864 1713 ἀλλογενῶν
1911 1646 2077 1700 ἐθνῶν

511 1722 822 1792 δεσμωτῶν,
861 1727 1139 1797 ὑπάρχων,
1163 1733 1475 1802 σατραπῶν,
1509 1736 1748 1800 ὐπάτων,
1775 1738 2072 1808 τυράννων,

495 1813 806 1884 -ἀρχόντωψ
827 1815 942 1871 εἶτα
966 1823 1058 1874 ἐπὶ
1079 1823 1296 1894 ἀπάσης
1321 1827 1418 1896 τῆς
1435 1827 1818 1900 λαμπρότητος
1839 1833 2072 1904 ἐκείνης,

508 1909 636 1971 τοὺς
665 1909 1017 1976 ἀπαντῶντας
1059 1913 1167 1966 τῶν
1214 1916 1446 1969 πολιτῶν
1477 1918 1680 1986 δέχοιτο
1713 1920 1805 1973 καὶ
1844 1938 2076 1990 καταφι-

493 2001 648 2072 έλοίη,
675 2003 767 2055 καὶ
806 2006 962 2076 χεῖρα
990 2006 1170 2075 ὀρέγοι
1194 2048 1207 2071 ,
1240 2010 1331 2062 καὶ
1363 2010 1540 2079 πάσης
1570 2012 1839 2080 μεταδιδοῖ
1863 2017 2075 2084 παρρη-

512 2095 666 2156 σίας,
705 2095 738 2166 ἢ
793 2096 883 2149 καὶ⁵
931 2097 1146 2151 πάντων
1192 2099 1439 2153 ἑστώτων
1475 2101 1804 2170 διαλέγοιτο,
1836 2103 1910 2168 ώς
1942 2106 2075 2176 πρὸς

491 2185 716 2254 φίλους,
756 2188 847 2240 καὶ
879 2189 1021 2256 λέγοι
1051 2191 1228 2243 πᾶσαν
1261 2191 1356 2262 τὴν
1386 2192 1503 2246 όδὺν
1529 2195 1741 2266 ἐκείνην
1780 2197 1846 2248 δι’
1880 2197 2074 2261 αὐτοὺς

511 2280 858 2350 πεποιῆσθαι,
891 2282 980 2334 καὶ
1007 2283 1130 2345 τοῦς
1185 2282 1284 2352 μὲν
1331 2285 1410 2348 είς
1454 2286 1522 2338 τὰ
1576 2285 1818 2355 βασίλεια
1851 2267 1971 2356 άγοι
2009 2287 2076 2340 τὰ

491 2369 725 2434 τέαυτοῦ,
748 2371 872 2434 τοὺς
893 2371 949 2424 δὲ
971 2372 1388 2443 καταλιμπάνοι,
1417 2374 1590 2444 πόσης
1621 2375 1893 2438 κολάσεως
1919 2375 2074 2429 τοῦτο

509 2460 608 2513 οὐκ
631 2460 796 2525 ἄξιον,
821 2464 867 2514 εἰ
899 2463 990 2515 καὶ
1019 2463 1092 2534 μὴ
1123 2463 1470 2531 κολάζονταις
1499 2467 1558 2518 Εἰ
1591 2465 1648 2518 δὲ
1679 2467 1763 2520 ἐπ’
1787 2467 2072 2540 ἀνθρώπου

506 2552 652 2607 οῦτω
676 2553 872 2624 πικρὸν
905 2555 963 2608 τὸ
993 2555 1093 2625 τῆς
1118 2555 1274 2625 δόξης
1309 2556 1512 2628 ταύτης
1539 2555 1852 2626 ἀποπεσεῖν,
1898 2560 2074 2632 πολλῴ

513 2645 711 2714 μᾶλλον
741 2646 831 2698 ἐπὶ
869 2646 1031 2710 Θεοῦ,
1064 2647 1190 2701 ὅταν
1228 2650 1282 2700 αἰ
1310 2649 1422 2702 ἀνω
1449 2649 1706 2721 δυνάμεις
1738 2654 1906 2705 πᾶσαι
1928 2670 2071 2726 παρ·

515 2737 618 2790 ῶσι
657 2737 794 2808 μετὰ
833 2738 926 2790 τοῦ
957 2739 1247 2803 Βασιλέως,
1281 2741 1406 2794 ὅταν
1437 2743 1486 2794 οί
1517 2741 1772 2813 δαίμονες
1802 2743 2072 2814 δεδεμένοι

396 2888 398 2891 ι
507 2827 604 2879 καὶ
631 2828 783 2880 κάτω
810 2827 1073 2893 νεύοντες,
1133 2830 1225 2881 καὶ
1263 2831 1291 2882 6
1334 2830 1576 2894 διάϐολος
1633 2833 1797 2896 αὐτὸς
1850 2834 2071 2904 δέσμιος

489 2920 726 2989 ἄγηται,
761 2919 855 2972 καὶ
882 2921 1032 2974 πᾶσα
1065 2921 1214 2990 ἰσχῦς
1248 2921 1279 2990 ἡ
1314 2922 1684 2993 ἀντικειμένη,
1740 2926 1866 2980 ὅταν
1895 2929 1950 2980 αἱ
1979 2926 2072 2980 δυ·

505 3012 700 3080 νάμεις
723 3011 830 3064 τῶν
849 3013 1110 3082 οὐρανῶν,
1128 3013 1254 3066 ὅταν
1280 3014 1439 3076 αὐτὸς
1467 3013 1690 3084 ἔρχηται
1726 3018 1817 3070 ἐπὶ
1844 3017 1952 3070 τῶν
1987 3034 2070 3070 νε·

507 3103 702 3172 φελῶν.
737 3103 1068 3156 Πιστεύσατέ
1093 3123 1202 3174 μοι,
1223 3105 1328 3158 ὐπδ
1353 3107 1452 3174 τῆς
1475 3107 1664 3178 ὀδύνης
1691 3107 1790 3178 τῆς
1818 3108 2069 3178 κατεχού-

509 3209 608 3263 σης
643 3210 744 3262 μου
775 3193 874 3264 τὴν
906 3191 1080 3264 ψυχὴν
1109 3194 1185 3265 τῷ
1205 3195 1506 3266 διηγήματι
1531 3197 1703 3268 τούτῳ
1735 3199 1854 3253 οὐδὲ
1884 3199 2066 3265 ἐξανύ-

507 3299 598 3334 σαι
628 3284 718 3334 τὸν
751 3283 908 3340 λόγον
933 3284 1186 3355 δύναμαι.
1227 3287 1598 3357 Ἐννοήσωμεν
1631 3289 1805 3360 πόσης
1837 3292 2070 3344 ἀποστε-

511 3371 747 3442 ρούμεθα
769 3372 1072 3443 δόξης,ὲξὸν
1102 3373 1174 3445 μὴ
1197 3375 1650 3447 ἀποστερηθῆναι.
1671 3377 1742 3430 Τὸ
1765 3377 1872 3449 γάρ
1900 3378 2070 3432 δεινὸν

505 3464 663 3517 τοῦτό
699 3467 866 3524 ἐστιν.
899 3467 979 3519 ὅτι
1011 3466 1188 3538 κύριοι
1245 3468 1394 3532 ὄντες
1426 3469 1521 3522 τοῦ
1552 3471 1626 3539 μὴ
1654 3469 1828 3524 ταῦτα
1856 3469 2066 3534 παθεῖν,

506 3554 810 3624 πάσχομεν.
853 3555 1020 3610 Ὅταν
1078 3557 1185 3627 γὰρ
1218 3559 1342 3620 τοὺς
1392 3559 1489 3628 μὲν
1519 3558 1737 3628 δέχηται
1787 3559 1939 3632 [50⁸5]
1979 3562 2070 3613 καὶ

503 3643 692 3712 ἀπάγῃ
723 3643 858 3713 πρδς
891 3645 981 3696 τὸν
1014 3646 1226 3716 Πατέρα
1259 3647 1338 3709 εἰς
1393 3647 1520 3708 τοὺς
1551 3649 1832 3717 οὐρανοὺς,
1862 3650 1988 3714 τοὺς
2013 3650 2071 3703 δὲ

505 3737 663 3806 ἀφιῇ,
694 3738 787 3788 καὶ
813 3735 1065 3800 λαϐόντες
1099 3738 1319 3805 ἄγγελοί
1374 3756 1516 3800 τινες
1547 3740 1777 3794 ἕλκωσιν
1834 3742 2070 3806 ἄκοντας

504 3828 596 3879 καὶ
625 3827 1048 3896 δεδακρυμένους
1112 3831 1205 3882 καὶ
1239 3831 1387 3883 κάτω
1424 3832 1672 3896 νεύοντας
1734 3836 1825 3887 ἐπὶ
1875 3835 1934 3887 τὸ
1975 3836 2071 3906 τῆς

503 3917 728 3986 γεέννης
756 3917 886 3988 πῦρ,
939 3921 1151 3989 πρῶτον
1181 3922 1806 3993 παραδειγματισθέντας
1848 3927 1940 3980 ἐπὶ
1972 3927 2068 3995 τῆς

504 4009 823 4077 οἰκουμένης
845 4010 1078 4076 ἁπάσης,
1139 4013 1310 4082 πόσην
1348 4015 1446 4066 οἴει
1506 4016 1602 4085 τὴν
1645 4016 1836 4087 ὀδύνην
1889 4013 2064 4082 alvu;

505 4098 831 4170 Σπεύδωμεν
857 4097 947 4155 οῦν
975 4103 1074 4165 ἕως
1099 4105 1211 4156 ἐστὶ
1237 4105 1445 4174 καιρὸς,
1490 4107 1582 4159 καὶ
1609 4107 1808 4177 πολλὴν
1830 4108 1930 4179 τῆς
1953 4110 2072 4162 ὲαυ-

503 4189 612 4243 τῶν
639 4193 908 4262 σωτηρίας
936 4195 1034 4266 τὴν
1063 4197 1314 4267 φροντίδα
1340 4198 1638 4268 ποιώμεθα.
1668 4200 1815 4253 Πόσα
1845 4201 2069 4256 τοιαῦτα

504 4283 698 4357 εχομεν
720 4287 893 4342 εἰπεῖν
923 4285 1009 4343 οἷα
1047 4292 1075 4344 6
1110 4291 1374 4356 πλούσιος·
1415 4293 1481 4346 Εῖ
1509 4310 1589 4352 τις
1623 4295 1768 4363 ἡμᾶς
1801 4293 1896 4346 νῦν
1947 4311 2066 4347 συν-

504 4378 719 4450 εχώρει,
747 4381 1180 4452 ἐϐουλευσάμεθα
1208 4386 1271 4440 ἀν
1302 4403 1352 4438 τι
1374 4385 1481 4438 τῶν
1505 4386 1910 4458 συμφερόντωνο
1950 4387 2064 4439 ἀλλ’

503 4468 680 4532 οὐδεὶς
705 4471 928 4542 ἀφίησιί
995 4474 1103 4527 Καὶ
1155 4475 1236 4527 ότι
1291 4476 1544 4546 ἐροῦμεν,
1578 4476 1698 4546 οὐχὶ
1723 4477 1817 4530 ἀπ’
1855 4478 2064 4531 ἐκείνου

510 4565 668 4633 μόνου
698 4566 874 4638 δῆλον,
907 4570 1041 4622 ἀλλά
1079 4572 1169 4623 καλ⁴
1202 4571 1308 4623 ἀπὸ
1354 4572 1527 4625 ἄλλων
1561 4573 1791 4626 πολλῶν.
1837 4575 1946 4628 Καὶ
1978 4574 2064 4626 ἵνα

1189 424 1556 486 'SJOANNIS
1591 429 2075 488 CHRYSOSTOMI
2109 431 2427 492 ARCHIEP.
2460 428 3027 496 ‘CONSTANTINOPI

3649 441 3745 497 ’Ξδί

2195 550 2393 620 μάθῃς,
2430 551 2583 604 πόσοι
2634 553 2692 604 ἐν
2751 553 2968 624 πυρετῷ
2994 553 3257 622 ἐγένοντο,
3290 555 3381 608 καὶ
3425 550 3596 623 εἶπον,
3625 555 3743 611 Ἐἀν

2191 643 2621 713 ἀνακτησώμεθα
2667 646 2910 710 ἑαυιοὺς,
2948 645 3125 698 οὐκέτι
3179 648 3290 711 τοῖς
3310 648 3494 710 ἀὐτοῖς
3524 665 3740 719 περιπε-

2192 731 2454 801 σούμεθαῑ
2512 734 2686 787 Πολλά
2719 735 2942 790 τοιαῦτα
2975 737 3204 806 ἐροῦμεν
3241 738 3382 802 τότε,
3417 738 3556 791 ἀλλά
3595 741 3746 792 ἀκου-

2191 822 2394 892 σόμεθα
2419 823 2560 895 ἅπερ
2587 828 2616 878 6
2645 825 2914 890 πλούσιος.
2943 827 3021 879 ὅτι
3057 827 3242 896 χάσμα
3271 829 3416 881 ἐστὶν
3439 868 3454 890 ,
3515 830 3599 881 ὅτι
3653 830 3743 882 ἀπ·

2189 913 2450 983 ελάὸομεν
2482 921 2548 970 τά
2579 917 2758 984 ἀγαθὰ
2789 917 3038 970 ἐνταῦθα.
3057 919 3336 988 Στένωμεν
3364 915 3477 984 οῦν,
3497 937 3742 990 παρακα-

2186 1004 2281 1067 λῶ,
2312 1007 2526 1074 πικρόψ
2563 1009 2760 1077 μᾶλλον
2795 1009 2850 1062 δὲ
2883 1009 2956 1079 μὴ
2991 1009 3146 1080 μόνον
3178 1011 3473 1080 στένωμεν,
3499 1011 3635 1064 ἀλλά
3662 1013 3744 1064 καὶ

2190 1112 2255 1163 με
2271 1095 2531 1166 τέλθωμεν
2554 1099 2651 1169 τὴν
2679 1101 2894 1170 ἀρετήν.
2937 1100 3296 1170 Πενθήσωμεν
3316 1101 3412 1154 νῦν
3444 1102 3538 1153 ἐπὶ
3577 1119 3741 1172 σωτη-

2189 1183 2297 1255 ρίᾳ,
2335 1185 2420 1238 ἵνα
2452 1187 2526 1257 μὴ
2553 1187 2674 1240 τότε
2702 1187 3056 1258 πενθήσωμεν
3081 1190 3224 1259 εἰκῆ·
3251 1191 3578 1260 κλαύσωμεν
3637 1192 3740 1254 νῦν,

2186 1276 2278 1327 καὶ
2307 1275 2382 1346 μὴ
2419 1277 2538 1330 τότε
2562 1277 2867 1349 κλαύσομεν
2889 1281 2980 1331 ἐπὶ
3012 1281 3197 1351 κακία·
3233 1277 3384 1344 οὗτος
3412 1283 3442 1334 6
3476 1282 3744 1352 κλαυθμὸς

2184 1367 2402 1438 ἀρετῆς,
2457 1371 2660 1432 ἐκεῖνος
2711 1370 3016 1440 ἀνωφελοῦς
3069 1374 3351 1444 μετανοίας
3383 1387 3431 1413 δ’
3469 1374 3743 1443 θλίψωμεν

2186 1459 2407 1522 ἑαυτοὺς
2432 1459 2544 1523 νῦν,
2575 1461 2663 1512 ἵνα
2714 1461 2786 1532 μὴ
2818 1463 2938 1514 τότε
2971 1461 3262 1533 θλιϐῶμεν.
3317 1465 3430 1516 Οὐκ
3453 1464 3606 1516 ἔστιν
3642 1465 3744 1516 ἴσον

2184 1551 2430 1604 ἐνταῦθα
2473 1552 2739 1622 θλιϐἧναι,
2785 1555 2963 1608 κάκεῖ.
3009 1553 3270 1606 Ἐνταῦθα
3304 1556 3401 1625 μὲν
3447 1556 3558 1626 γὰρ
3618 1556 3742 1625 πρὸς

2185 1641 2389 1710 βραχὺν
2422 1642 2577 1714 θλίϐῃ
2605 1644 2813 1713 χρόνον,
2847 1645 3044 1713 μᾶλλον
3075 1645 3131 1698 δὲ
3169 1647 3289 1699 οὐδὲ
3324 1645 3583 1716 αἴσθησιν
3612 1646 3742 1716 λαμ-

2183 1732 2363 1796 6άνεις
2385 1734 2483 1804 τῆς
2507 1733 2757 1804 Θλίψεως,
2788 1735 2942 1798 εἰδὼς
2968 1738 3049 1789 ὅτι
3097 1738 3180 1788 ἐπ’
3209 1737 3396 1807 ἀγαθῷ
3424 1737 3608 1806 θλίόῃ·
3635 1738 3743 1788 ἐκεῖ

2180 1823 2237 1876 δὲ
2267 1824 2616 1896 χαλεπωτέρα
2645 1828 2677 1896 ὴ
2707 1825 2904 1896 θλῖψις,
2932 1829 3015 1880 ὅτι
3045 1829 3144 1880 οὐκ
3177 1830 3264 1880 ἐπ’
3292 1828 3486 1891 ἑλπίδι,
3521 1828 3644 1880 οὐδὲ
3661 1828 3742 1880 ὲπί

2177 1932 2285 1968 τινι
2346 1915 2578 1985 διεξόδῳ,
2636 1917 2769 1970 ἀλλά
2806 1918 3047 1989 ἀπείρως
3081 1919 3108 1958 b
3137 1919 3230 1971 καὶ
3280 1919 3574 1981 διαπαντός
3613 1921 3739 1971 ἐστι.

2180 2003 2393 2057 Γένοιτο
2419 2005 2473 2056 δὲ
2529 2007 2731 2070 πάντας
2763 2007 2908 2076 ἡμᾶς
2963 2007 3370 2075 ἀπαλλαγέντας
3406 2010 3594 2078 τυχεῖν
3654 2010 3745 2077 τῆς

2179 2097 2434 2161 ἀνέσεως.
2485 2098 2622 2151 Ἀλλ’
2648 2100 2770 2153 ἐπεὶ
2799 2101 2937 2171 πρὸς
2966 2099 3028 2152 τὸ
3087 2100 3162 2171 μὴ
3192 2099 3392 2169 ταύτης
3424 2100 3745 2170 διαμαρτεῖν

2180 2190 2336 2257 χρεία
2395 2191 2647 2243 συντόνου
2684 2191 2918 2262 σπουδῆς
2979 2191 3484 2245 καὶ·ἀδιαλείπτων
3545 2191 3743 2258 εὐχῶν,

2181 2281 2586 2352 σπουδάζωμεν,
2615 2283 2934 2355 παρακαλῶ·
2974 2284 3041 2338 ἀν
3070 2283 3180 2355 γὰρ
3209 2283 3623 2352 σπουδάζωμεν,
3654 2282 3748 2334 καὶ

2178 2371 2458 2442 εὐχόμενοι
2487 2374 2740 2446 ἀνύομενο
2778 2375 2872 2428 ὲάν
2899 2374 3184 2446 εὐχώμεθα
3237 2374 3492 2436 ἐκτενῶς,
3526 2373 3748 2427 δίδωσιν

2177 2463 2206 2515 ό
2233 2461 2382 2526 Θεός.
2401 2464 2500 2516 Ἀν
2540 2465 2595 2518 δὲ
2628 2467 2762 2537 μήτε
2787 2467 3026 2537 αἰτῶμεν
3051 2467 3234 2528 αὐτὸν,
3263 2467 3399 2536 μήτε
3427 2464 3745 2534 ὲνεργῶμέν

2177 2571 2230 2606 τι
2254 2555 2508 2616 τοιοῦτον,
2543 2557 2677 2627 μηδὲ
2705 2556 3086 2628 ἐργαζώμεθα,
3124 2557 3242 2621 πῶς
3290 2557 3368 2611 ενι
3397 2557 3746 2629 κατορθῶσαί

2177 2662 2307 2699 ποτε
2345 2645 2698 2710 καθεύδοντας
2725 2664 2738 2708 ;
2770 2647 3054 2718 Οὐδαμῶς.
3117 2648 3421 2718 Ἀγαπητὸν
3476 2648 3587 2718 γὰρ
3617 2647 3746 2717 τρέ-

2175 2754 2369 2807 χοντας
2419 2739 2514 2791 καὶ
2541 2739 3016 2810 ὲπεκτεινομένους
3067 2741 3160 2792 καὶ
3215 2739 3746 2810 συμμορφουμὲνους

2176 2828 2253 2898 τῷ
2281 2827 2494 2898 θανάτῳ
2521 2827 2706 2893 αὐτοῦ,
2735 2828 2811 2891 ώς
2839 2829 3046 2892 Παῦλος
3096 2824 3238 2894 εἷπε,
3275 2827 3566 2898 δυνηθῆναι
3620 2829 3748 2880 ἐπι-

2175 2923 2373 2991 τυχεῖν,
2405 2922 2535 2991 μήτι
2554 2936 2616 2988 γε
2645 2921 2708 2990 δὴ
2735 2919 3110 2982 καθεύδοντας.
3133 2920 3202 2974 ει
3224 2935 3346 2986 πως
3366 2919 3748 2985 καταντήσω,

2177 3011 2357 3082 φησίν,
2384 3013 2445 3064 Εἰ
2470 3011 2527 3064 δὲ
2553 3010 2760 3074 Παῦλος
2805 3010 2987 3077 ἔλεγεν
3011 3051 3025 3074 ,
3079 3011 3152 3064 El
3181 3024 3305 3075 πως
3348 3008 3709 3077 καταντήσω
3730 3048 3750 3072 ,

2173 3103 2225 3154 τί
2257 3104 2414 3173 ήμεῖς
2445 3102 2708 3173 ὲροῦμεν;
2772 3100 3148 3164 Καθεύδοντας
3183 3102 3296 3168 γὰρ
3331 3101 3449 3153 οὐδὲ
3489 3100 3738 3169 κοσμικά

2176 3195 2475 3265 πράγματα
2528 3195 2674 3248 ἔστιν
2704 3194 2896 3248 ἀνύσαι
2926 3193 3073 3256 ποτὲ,
3124 3193 3253 3262 μήτι
3282 3209 3344 3259 γε
3374 3192 3747 3260 πνευματικάο

2174 3287 2528 3350 καθεύδοντας
2573 3286 2692 3340 οὐδὲ
2732 3287 2882 3357 παρά
2938 3287 3045 3340 τῶν
3093 3287 3260 3354 φίλων
3315 3285 3428 3336 ἐστι
3455 3301 3505 3337 τι
3556 3283 3752 3336 λαὸεῖν

2175 3385 2326 3441 ποτε,
2363 3379 2488 3448 μήτι
2521 3393 2585 3445 γε
2608 3381 2756 3447 παρά
2784 3377 2941 3430 Θεοῦ·
2973 3375 3329 3438 καθεύδοντας
3359 3375 3477 3427 οὐδὲ
3503 3374 3752 3444 πατέρες

2172 3470 2392 3540 τιμῶσι,
2419 3470 2548 3540 μήτι
2578 3486 2641 3537 γε
2668 3470 2696 3521 ό
2729 3468 2876 3532 Θεός.
2901 3467 3113 3539 Μικρὸν
3138 3468 3480 3537 πονήσωμεν,
3505 3466 3591 3517 ἵνα
3621 3465 3749 3518 δια-

2175 3559 2372 3622 παντὸς
2403 3556 2860 3628 ἀναπαυσώμεθα.
2889 3556 3112 3618 Πάντως
3138 3555 3380 3624 θλιόἦναι
3405 3553 3501 3605 δεῖο
3531 3552 3637 3605 κᾶν
3662 3553 3750 3622 μὴ

2173 3650 2442 3720 θλιδῶμεν
2469 3647 2722 3708 ἐνταῦθα,
2755 3649 2871 3701 ἐκεῖ
2900 3646 3060 3700 τοῦτο
3114 3647 3284 3715 μένει.
3337 3645 3432 3696 Διά
3458 3643 3508 3695 τί
3544 3643 3623 3712 μὴ
3646 3645 3748 3696 αὶ-

2177 3742 2411 3813 ρούμεθα
2449 3740 2682 3794 ἐνταῦθα
2718 3739 2983 3810 θλιϐῆναι,
3011 3738 3096 3792 ἵνα
3114 3739 3229 3790 ἐκεῖ
3257 3732 3707 3803 ἀναπαυσώμεθα
3735 3752 3749 3797 ;

2173 3835 2384 3887 Γένοιτο
2403 3833 2458 3885 δὲ
2493 3832 2702 3892 πάντας
2729 3833 2875 3900 ἡμᾶς
2899 3829 3063 3893 ἀξίως
3095 3824 3582 3896 πολιτευσαμένους
3614 3826 3754 3895 Χρι-

2174 3925 2320 3989 στοῦ,
2351 3924 2545 3994 καὶτῷ
2577 3923 2788 3993 θανάτῳ
2830 3920 2992 3976 αὐτοῦ
3214 3914 3752 3986 συμμορφωθέντας,

2170 4017 2277 4070 τῶν
2334 4017 2658 4086 ἀπορρήτων
2686 4016 2867 4082 τυχεῖν
2931 4009 3148 4078 ἀγαθῶν
3182 4009 3241 4059 ὲν
3273 4004 3492 4076 Χριστῷ
3534 4004 3749 4072 Ἰησοῦ,

2175 4107 2294 4179 μεθ’
2322 4100 2383 4161 οὐ
2407 4107 2483 4177 τῷ
2517 4107 2690 4177 Πατρὶ
2711 4105 2827 4175 ἅμα
2851 4102 2929 4174 τῷ
2964 4102 3101 4172 ἀγίῳ
3127 4099 3400 4168 Πνεύματι
3432 4096 3578 4161 δόξα,
3600 4097 3749 4166 κρά-

2171 4219 2292 4266 τος,
2359 4199 2524 4271 τιμὴ,
2584 4197 2678 4251 νῦν
2731 4197 2824 4250 καὶ
2852 4195 2961 4261 ἀεὶ,
3009 4195 3101 4248 καὶ
3141 4193 3220 4255 εις
3243 4188 3368 4252 τοὺς
3395 4187 3597 4249 αἰῶνας
3629 4187 3749 4240 τῶν

2171 4293 2400 4346 αἰώνων.
2439 4293 2496 4345 ’Λ
2505 4293 2634 4362 μήν.

2234 4459 2260 4487 ⁸
2281 4454 2430 4514 Editi,
2453 4452 2718 4514 ἀνωφελοῦς
2741 4453 2960 4508 διανοίας.
2994 4447 3216 4502 Nobilius
3237 4448 3362 4511 legit
3398 4446 3670 4508 μετανοίας,
3694 4451 3750 4496 et

2170 4519 2247 4590 sic_
2261 4518 2457 4590 ogulino
2485 4516 2765 4590 legeqdqm.

2235 4582 2263 4621 Ι›
2289 4583 2500 4630 Dunaaus
2519 4582 2646 4638 conj.
2670 4582 2879 4638 ἄπειρος.

1983 4943 2220 4998 ΟΜΙΛΙΑ
2263 4945 2350 5002 ΙΔ’.

505 5105 745 5173 Χαίρετε
773 5103 842 5157 ἐν
880 5105 1070 5174 Κιιρίῳ
1093 5105 1367 5158 πάντοτε·
1409 5106 1592 5160 πάλιν
1628 5107 1766 5173 ἐρῶ,
1803 5105 2062 5171 Χαίρετε.

583 5196 650 5251 Τὸ
673 5195 930 5262 ἐπιεικὲς
955 5195 1120 5265 ὑμῶν
1151 5197 1471 5264 γνωσθήτω
1501 5195 1688 5248 πᾶσιν
1716 5195 2062 5263 ἀνθρώποις.

593 5291 657 5342 '0
699 5289 907 5357 Κύριος
949 5290 1165 5358 ἐγγύςο
1213 5289 1405 5358 μηδὲν
1446 5287 1785 5356 μεριμνᾶτε.
1830 5289 1965 5340 ἀλλ’
1999 5287 2067 5339 ἐν

579 5380 754 5433 παντὶ
789 5379 860 5446 τῇ
889 5377 1198 5447 προσευχῇ
1231 5379 1327 5432 καὶ
1361 5377 1432 5446 τῇ
1463 5377 1665 5442 δεήσει
1703 5378 1848 5444 μετὰ
1888 5383 2060 5444 εὐχα-

568 5473 807 5540 ριστίας
863 5472 932 5525 τὰ
981 5470 1272 5538 αἰτήματα
1318 5467 1484 5537 ὑμῶν
1522 5466 1881 5537 γνωριζέσθω
1920 5469 2066 5534 πρὸς

578 5564 686 5616 τὸν
715 5563 884 5624 Θεὸν,
913 5563 1011 5616 καὶ
1037 5564 1074 5630 ή
1096 5561 1298 5630 εἰρήνη
1323 5559 1425 5612 τοῦ
1453 5558 1600 5612 Θεοῦ
1625 5559 1660 5624 νὴ
1691 5557 2070 5626 ὑπερέχουσα

580 5655 776 5708 πάντα
803 5653 954 5707 γοῦν
991 5652 1318 5723 φρουρήσει
1354 5653 1461 5718 τὰς
1503 5649 1746 5718 καρδίας
1778 5649 1942 5719 ὑμῶν
1976 5651 2073 5703 καὶ

583 5748 652 5799 τὰ
686 5745 954 5813 νοήματα
987 5745 1152 5814 ὑμῶν
1175 5747 1243 5798 ἐν
1271 5742 1500 5812 Χριστῷ
1535 5742 1756 5809 Ἰησοῦ.

586 5843 656 5891 α’.
678 5837 960 5904 Μακάριοι
985 5842 1037 5890 οἱ
1056 5838 1434 5903 πενθοῦντες,
1453 5836 1565 5904 καὶ,
1587 5835 1728 5890 Οὐαί
1754 5835 1876 5900 τοῖς
1897 5833 2072 5906 γελῶ·

2169 5117 2255 5166 σι,
2275 5102 2438 5172 φησὶν
2468 5103 2496 5155 ό
2519 5099 2771 5169 Χριστός.
2808 5099 2873 5152 Τί
2899 5095 2992 5153 οῦν
3019 5101 3048 5152 6
3075 5097 3282 5161 Παῦλός
3308 5114 3458 5166 φησι,
3485 5097 3740 5166 Χαιζρετε

2169 5194 2238 5245 ἐν
2259 5193 2450 5260 Κυρίῳ
2470 5191 2724 5245 πάντοτε
2739 5209 2756 5255 ;
2771 5190 2869 5244 οὐκ
2889 5188 3291 5260 ἐναντιούμενος
3301 5187 3376 5257 τῷ
3397 5188 3640 5257 Χριστῴσ
3670 5187 3745 5259 μὴ

2169 5285 2394 5351 γένοιτο.
2425 5284 2556 5336 Οὐαὶ
2588 5282 2692 5352 γάρ
2715 5285 2824 5344 τοῖς
2848 5281 3096 5349 γελῶσιν,
3120 5275 3272 5334 εἶπεν
3303 5282 3332 5332 6
3365 5276 3623 5348 Χριστὸς,
3653 5281 3743 5331 τὸν

2170 5376 2377 5442 γέλωτα
2408 5374 2499 5426 τοῦ
2520 5374 2724 5444 κόσμου
2751 5373 2938 5427 τούτου
2968 5371 3356 5441 αἰνιττόμενος,
3386 5369 3474 5421 τὸν
3503 5369 3593 5420 ἐπὶ
3622 5374 3741 5435 τοῖς

2174 5466 2405 5534 παροῦσι
2435 5465 2715 5535 γινόμενον
2743 5464 3059 5536 πράγμασιο
3102 5461 3196 5515 καὶ
3233 5462 3356 5523 τοὺς
3403 5457 3743 5525 πενθοῦντας

2166 5557 2522 5628 ὲμακάρισεν,
2549 5557 2611 5609 οὐ
2641 5557 2766 5620 τούς
2802 5555 2990 5619 ἁπλῶς
3016 5552 3348 5616 πενθοῦντας
3369 5552 3459 5603 ἐπὶ
3482 5552 3601 5612 ταῖς
3631 5553 3745 5605 τῶν

2165 5649 2378 5706 οἰκείων
2405 5647 2726 5711 ἀποδολαῖς,
2759 5647 2893 5702 ἀλλὰ
2922 5649 3047 5712 τοὺς
3082 5644 3607 5713 κατανενυγμένους,
3644 5650 3744 5699 καὶ

2168 5743 2236 5794 τὰ
2265 5743 2442 5794 οἰκεῖα
2474 5738 2800 5803 πενθοῦντας
2823 5739 2986 5803 κακά,
3017 5741 3142 5803 τοὺς
3164 5738 3230 5791 τά
3256 5737 3462 5790 ἑαυτῶν
3480 5737 3745 5807 ἁμαρτή-

2171 5851 2314 5905 ματα
2348 5830 2852 5901 ἀναλογιζομένους,
2880 5834 2914 5902 ἢ
2946 5833 3040 5886 καὶ
3067 5833 3136 5888 τὰ
3163 5831 3436 5901 ἀλλότρια.
3468 5829 3581 5882 Οὐκ
3620 5829 3745 5884 εστι
