3974 6502
278 444 380 499 '23!

274 562 603 622 cnnitluens,
634 572 753 627 qua:
783 553 940 608 nullis
986 550 1165 606 verbis
1190 550 1414 618 exprimi
1444 556 1637 619 potest,
1681 560 1864 599 omnes

274 669 414 707 vero
436 651 692 705 festinant
718 647 984 701 adducere
1022 644 1074 697 in
1122 644 1352 697 medium
1399 642 1634 696 electos:
1667 638 1859 693 deinde

276 746 483 798 Paulus
509 752 562 797 et
594 743 626 795 ii
652 741 740 810 qui
773 739 994 793 Paulum
1022 736 1208 791 sectati
1236 744 1380 797 sunt,
1416 734 1610 802 quique
1639 733 1706 785 ita
1740 744 1862 799 pro.

276 837 391 889 bati
425 842 581 897 sunt,
624 840 970 893 coronantur,
1003 826 1379 897 praedicantur,
1404 840 1432 877 a
1484 824 1624 892 Rege
1655 824 1704 875 in
1734 838 1860 875 con~

276 936 468 995 tipectu
502 925 663 978 totius
692 921 922 976 caelestis
964 919 1235 973 exercitus
1281 916 1484 971 honore
1535 916 1853 969 afficiuntur.

276 1016 417 1072 Nam
438 1015 644 1070 etiamsi
667 1013 906 1083 gehenna
939 1026 1040 1065 non
1060 1020 1222 1075 esset,
1245 1019 1495 1078 quantum
1527 1017 1701 1060 tamen
1732 1005 1859 1058 illud

277 1120 386 1170 est,
422 1108 520 1161 hos
544 1106 754 1176 quidem
786 1106 1070 1167 honorem,
1104 1103 1222 1157 illos
1250 1117 1377 1156 vero
1404 1101 1741 1169 ignominiam
1770 1114 1860 1152 re-

278 1185 938 1272 portare?°lutolerabilis
987 1211 1076 1250 res
1104 1206 1185 1249 est
1230 1193 1508 1264 geheuna,
1566 1190 1766 1252 fateor,
1808 1198 1861 1243 et

278 1294 439 1347 valde
486 1291 698 1361 quidem
748 1288 1134 1349 intolerabilis;
1193 1294 1426 1339 attamen
1477 1280 1861 1336 intolerabilius

277 1386 416 1440 mihi
444 1384 655 1439 videtur
683 1383 750 1436 de
780 1395 945 1451 regno
984 1378 1271 1433 decidisse.
1306 1376 1452 1430 Cedo
1480 1375 1641 1435 enim,
1670 1373 1711 1425 si
1741 1370 1860 1439 quis

275 1492 375 1530 rex
402 1475 483 1528 vel
512 1474 653 1543 regis
680 1473 837 1533 (ilius,
864 1470 1025 1524 domo
1053 1467 1319 1538 profectus
1346 1464 1525 1518 multis
1543 1462 1695 1518 bellis
1712 1475 1860 1530 egre-

276 1569 368 1637 gie
406 1565 688 1631 confectis,
729 1578 1023 1633 magnaque
1066 1548 1146 1615 sui
1193 1554 1543 1613 admiratione
1571 1562 1855 1615 commota,

279 1660 537 1711 universo
562 1656 848 1710 comitatus
877 1653 1111 1707 exercitu
1153 1651 1204 1704 in
1232 1650 1495 1703 civitatem
1526 1648 1754 1716 aliquam
1782 1646 1861 1698 in-

276 1750 598 1821 grederetur
624 1764 745 1803 cum
776 1746 1043 1809 vehiculo,
1080 1759 1198 1798 cum
1231 1742 1465 1812 tropmis,
1489 1754 1607 1794 cum
1635 1752 1858 1792 sexcen-

283 1845 354 1897 tis
378 1842 607 1895 militum
630 1838 909 1893 ordinibus
938 1852 1070 1892 auro
1096 1842 1407 1889 onustorum
1431 1874 1446 1895 ,
1475 1846 1594 1885 cum
1623 1829 1861 1883 satelliti-

278 1937 388 1990 bus
432 1934 682 1988 omnibus
722 1944 916 1985 aureos
966 1929 1181 1997 clypeos
1210 1922 1570 1996 gestantibus;
1615 1921 1857 1973 universa

276 2039 465 2085 autem
495 2027 683 2082 civitas
707 2033 961 2079 coronata
993 2030 1154 2083 esset,
1187 2032 1482 2087 omnesque
1522 2015 1668 2069 orbis
1716 2012 1861 2081 priu-

276 2123 431 2192 eipes
459 2135 580 2174 cum
622 2118 771 2186 ipso;
822 2128 851 2167 a
902 2123 1049 2182 tergo
1103 2121 1283 2163 autem
1334 2109 1505 2177 ipsum
1551 2113 1863 2173 sequeretur

277 2214 461 2266 omnis
480 2224 691 2280 quoque
712 2216 843 2261 :etas
869 2214 1173 2260 exterarum
1204 2201 1477 2254 nationum
1494 2197 1721 2265 captiva,
1737 2210 1856 2247 cum

276 2301 573 2372 prmfectis,
602 2298 847 2367 satrapis,
866 2293 1191 2354 consulibus,
1210 2289 1473 2361 tyrannis,
1500 2286 1824 2372 principibus
1844 2300 1856 2335 :

276 2370 480 2448 deinde
520 2392 571 2445 in
604 2389 859 2459 praeclara
887 2387 974 2440 illa
1008 2398 1197 2454 pompa
1226 2382 1437 2435 obviam
1466 2379 1567 2433 sibi
1596 2370 1862 2447 prodeun-

277 2500 366 2542 tes
415 2488 561 2541 cives
615 2483 980 2551 amplexetur,
1010 2477 1314 2539 osculetur,
1364 2487 1576 2526 manqu
1608 2469 1857 2540 porrigat,

275 2594 499 2634 omnem
545 2576 633 2629 det
677 2571 922 2642 loquendi
956 2570 1279 2630 libertatem,
1316 2574 1475 2634 atque
1520 2564 1570 2617 in
1624 2561 1860 2616 onminm

276 2678 575 2739 conspectu
622 2680 744 2719 cum
783 2664 910 2731 ipsis
943 2670 999 2714 ut
1028 2676 1147 2713 cum
1179 2658 1365 2711 amicis
1390 2655 1743 2723 colloquatur,
1782 2660 1864 2704 to-

278 2775 499 2829 tumque
522 2756 652 2811 illud
672 2756 771 2809 iter
794 2754 1028 2823 ipsorum
1054 2751 1152 2804 sibi
1182 2764 1340 2803 causa
1365 2755 1671 2813 susceptum
1698 2742 1857 2805 dicat,

276 2867 445 2923 atque
500 2851 599 2905 hos
643 2847 857 2918 quidem
886 2847 937 2898 iu
982 2844 1178 2912 regiam
1227 2854 1379 2895 suam
1423 2837 1698 2908 perducat,
1728 2834 1867 2888 alios

277 2962 412 3001 vero
441 2942 779 3009 derelinquat
804 2955 817 2991 :
846 2944 1103 3007 quantum
1152 2932 1203 2986 id
1232 2931 1377 2985 omni
1411 2928 1672 2998 supplicio
1692 2925 1863 2995 majus

277 3048 386 3100 est,
437 3034 595 3088 etiam
631 3032 677 3085 si
706 3030 779 3084 illi
821 3026 1082 3096 supplicio
1110 3040 1215 3078 non
1247 3021 1592 3075 afficiantur?
1637 3018 1786 3085 Quod
1818 3017 1861 3070 si

279 3128 424 3198 apud
458 3126 730 3181 hominem
772 3121 909 3176 adeo
934 3133 1173 3173 amarum
1207 3126 1287 3171 est
1312 3116 1380 3169 de
1404 3113 1570 3184 gloria
1602 3112 1689 3165 illa
1720 3109 1865 3165 deci-

278 3222 448 3285 disse,
484 3218 650 3271 multo
693 3214 859 3284 magis
880 3212 1017 3281 apud
1047 3211 1231 3271 Deum,
1266 3222 1385 3263 cum
1413 3221 1619 3276 superce
1642 3212 1865 3273 potesta-

281 3325 363 3370 tes
387 3329 489 3367 una
519 3326 640 3367 cum
666 3309 812 3379 Rege
838 3306 1055 3369 adsunt,
1082 3319 1202 3359 cum
1221 3303 1496 3357 daemones
1523 3299 1682 3353 vincti
1706 3308 1867 3367 atque

279 3408 512 3471 incurvi,
542 3403 785 3458 diabolus
829 3401 944 3470 ipse
971 3397 1215 3452 manibus
1245 3394 1497 3450 revinctis
1522 3392 1713 3462 agitur,
1744 3404 1863 3442 om-

283 3515 464 3570 neque
488 3496 916 3553 adversariorum
936 3491 1132 3554 robnr;
1174 3503 1295 3543 cum
1330 3488 1563 3540 Virtutes
1588 3484 1861 3548 ctelorum,

278 3608 405 3647 cum
431 3591 542 3659 ipse
568 3590 619 3641 in
646 3584 874 3641 nubibus
921 3579 1182 3637 advenit?
1210 3578 1425 3634 Credite
1454 3576 1605 3641 mihi,
1636 3590 1743 3644 pra:
1770 3573 1866 3627 do-

279 3686 420 3750 lore,
441 3680 779 3753 quianimum
809 3691 984 3730 meum
1013 3690 1076 3729 ex
1106 3674 1203 3727 hac
1229 3670 1535 3726 narratione
1560 3666 1862 3735 occupavit,

278 3778 580 3832 orationem
611 3770 677 3825 ad
707 3770 908 3824 exitum
932 3765 1225 3836 perducere
1244 3779 1347 3816 non
1380 3774 1615 3831 possum.
1647 3757 1860 3826 Cogite-

282 3884 421 3931 mus,
454 3874 651 3936 quanta
680 3864 950 3931 privemur
975 3858 1163 3928 gloria,
1186 3871 1308 3909 cum
1338 3855 1389 3907 in
1418 3852 1570 3907 nobis
1596 3852 1754 3905 situm
1796 3848 1866 3902 sit

281 3977 391 4017 non
444 3957 661 4028 privari.
694 3955 807 4010 Hoc
835 3952 978 4007 enim
1010 3958 1094 4004 est
1116 3946 1257 4018 quod
1304 3945 1534 3999 maxime
1553 3943 1717 4011 angit,
1750 3939 1865 3995 hazc

282 4055 415 4126 pati,
446 4067 566 4107 cum
610 4052 662 4104 in
692 4057 871 4103 nostra
904 4054 1166 4115 potestate
1197 4043 1267 4095 sit
1293 4057 1398 4095 non
1425 4040 1551 4109 pati.
1581 4038 1712 4092 Nam
1741 4052 1861 4090 cum

283 4147 387 4201 hos
408 4144 619 4215 quidem
650 4138 1011 4209 amplectitur,
1029 4144 1084 4190 et
1101 4134 1328 4187 mittitin
1355 4132 1514 4186 cados
1540 4130 1605 4182 ad
1630 4129 1879 4191 Patrem,

282 4238 412 4291 illos
441 4248 569 4289 vero
594 4231 819 4294 omittit;
875 4227 1047 4297 angeli
1073 4224 1288 4295 quidam
1326 4222 1447 4276 illos
1474 4218 1866 4290 prehendentes

283 4332 338 4385 in
366 4329 627 4397 gehennae
648 4326 823 4393 ignem
844 4321 1057 4383 invitos,
1086 4317 1296 4377 flentes,
1318 4314 1563 4366 incurvos
1584 4310 1861 4371 traxerint,

285 4439 351 4477 ac
369 4432 481 4473 tum
504 4418 735 4480 demum,
757 4428 878 4468 cum
906 4411 1156 4465 universo
1167 4408 1282 4461 orbi
1307 4404 1609 4475 spectaculo
1636 4403 1862 4457 fuerint:

287 4518 548 4581 quantum
573 4517 719 4577 putas
748 4503 952 4559 doloris
978 4498 1217 4553 hauriri?
1245 4496 1488 4551 Studium
1524 4494 1681 4562 igitur
1704 4492 1862 4546 adhi-

286 4602 536 4665 beamus,
564 4597 810 4668 quamdiu
858 4603 1069 4661 tempus
1110 4599 1211 4653 est,
1244 4596 1585 4655 nostramque
1630 4586 1863 4654 ipsorum

285 4694 519 4748 salutem
548 4690 775 4744 sollicite
811 4700 1079 4739 curemus.
1110 4681 1316 4748 Quanta
1344 4679 1525 4732 dicere
1564 4690 1863 4745 possemus,

282 4786 463 4854 qualia
493 4784 641 4837 dives
673 4782 763 4834 ille
788 4777 999 4832 dicebat
1031 4793 1042 4827 :
1069 4774 1123 4828 Si
1148 4772 1267 4842 quis
1296 4786 1435 4824 nunc
1461 4785 1556 4823 nos
1577 4770 1736 4828 sinat,
1759 4777 1866 4820 sta-

285 4889 561 4933 tueremus
590 4890 679 4933 ea,
702 4888 819 4940 quae
848 4870 899 4922 in
929 4883 1041 4922 rem
1076 4875 1312 4919 nostram
1339 4870 1542 4926 essent,
1566 4860 1658 4915 sed
1688 4860 1868 4913 nullus

1128 432 1194 489 IN
1235 431 1451 487 EPIST.
1493 430 1585 485 AD
1623 426 1905 484 PillLIPP.
1940 424 2091 480 CAP.
2132 424 2221 483 ιν.
2263 430 2487 488 HOMIL.
2538 434 2676 490 XIV.

3420 436 3528 489 ειμι

1974 544 2136 597 sinit?
2166 546 2415 617 Taliaque
2442 566 2537 604 nos
2567 552 2800 606 dicturos
2828 570 2931 606 non
2979 553 3148 607 solum
3175 568 3241 606 es
3292 553 3406 621 illo,
3437 554 3530 609 sed

1966 636 2125 688 etiam
2176 653 2239 690 ex
2271 640 2449 695 multis
2477 643 2595 695 aliis
2644 644 2979 698 manifestum
3010 656 3109 699 est.
3146 644 3298 708 Nam,
3330 656 3387 699 ut
3409 646 3534 701 hinc

1965 730 2123 782 etiam
2155 730 2348 793 discas,
2381 744 2510 800 quot
2549 734 2867 805 fueruntqui
2896 752 3013 790 cum
3042 736 3170 790 febri
3208 737 3529 802 laborarent,

1967 820 2034 872 ita
2061 820 2326 884 dixerunt,
2360 823 2416 878 Si
2445 825 2719 892 pristinam
2743 826 3100 881 valetudinem
3134 843 3533 896 recnperemus,

1965 926 2252 980 numquam
2286 919 2504 981 posthac
2546 916 2597 969 in
2628 914 2741 971 hare
2780 915 2966 971 eadem
3008 918 3143 970 mala
3190 918 3535 975 deeidemus?

1963 1001 2124 1056 Multa
2166 1003 2465 1074 hnjusmodi
2498 1018 2621 1062 tunc
2650 1010 2887 1063 dicemus
2917 1026 2928 1070 ;
2962 1013 3051 1061 Sed
3082 1027 3149 1063 an
3172 1012 3385 1076 liemns,
3419 1028 3537 1082 qua:

1963 1094 2111 1150 dives
2139 1097 2223 1150 ille
2248 1097 2398 1163 (Luc.
2424 1101 2511 1154 lb‘.
2535 1100 2628 1159 26)
2646 1116 2920 1168 ,magnum
2956 1102 3151 1155 hiatum
3179 1103 3532 1167 intercedere,

1964 1183 2050 1239 hic
2073 1202 2168 1239 nos
2197 1200 2376 1242 nostra
2412 1190 2544 1243 bona
2577 1192 2868 1263 accepisse.
2898 1192 3133 1248 Obsecro
3164 1195 3538 1264 igitur,amare

1964 1276 2220 1343 ﬂeamus;
2259 1293 2350 1334 aut
2383 1295 2556 1350 pOltttS
2587 1298 2691 1337 non
2724 1294 2924 1337 tantum
2984 1290 3225 1346 tieanms,
3255 1288 3347 1341 sed
3375 1290 3535 1342 etiam

1964 1375 2210 1427 virtutem
2238 1375 2507 1429 ademnus.
2542 1376 2837 1445 Lugeamus
2884 1393 3023 1432 mmc
3048 1379 3111 1432 ad
3167 1380 3391 1434 salutem
3419 1422 3434 1448 ,
3471 1397 3538 1434 ne

1965 1474 2088 1519 tunc
2116 1467 2310 1520 frustra
2341 1469 2609 1537 lugeamus
2636 1488 2647 1522 :
2685 1470 2956 1538 ploremus
2985 1487 3147 1536 nunc,
3181 1482 3235 1526 et
3257 1482 3379 1526 tunc
3430 1489 3539 1527 non

1964 1558 2290 1626 plorabinms
2319 1576 2384 1612 ex
2431 1560 2811 1629 improbitate:
2842 1564 2998 1616 lletus
3044 1563 3129 1617 hic
3180 1564 3392 1617 virtutis
3434 1575 3535 1626 est,

1964 1650 2051 1704 ille
2096 1666 2227 1705 vero
2272 1650 2472 1705 inutilis
2504 1654 2827 1721 ptenitentim
2860 1656 3213 1709 :at’tiictemns
3260 1671 3401 1709 nunc
3440 1672 3538 1710 nos

1964 1741 2129 1808 ipsos,
2154 1759 2218 1795 ne
2244 1750 2372 1795 tunc
2399 1742 2733 1797 afﬂictemnr.
2770 1744 2989 1799 Multum
3043 1747 3263 1800 interest
3292 1747 3376 1800 hic
3401 1746 3538 1801 afﬂi-

1963 1835 2115 1901 ctari,
2150 1844 2203 1889 et
2248 1836 2339 1889 ibi.
2370 1836 2501 1889 Nam
2550 1835 2634 1891 hic
2684 1838 2897 1906 quidem
2948 1839 3012 1891 ad
3072 1840 3230 1893 breve
3267 1841 3538 1895 amictaris

1966 1937 2207 1996 tempus;
2240 1930 2411 1997 potius
2432 1939 2605 1985 autem
2640 1947 2703 1986 ne
2748 1947 2961 1986 sensum
2994 1935 3204 2001 quidem
3236 1935 3541 1991 afflictionis

1963 2021 2128 2087 capis.
2189 2022 2523 2090 exploratum
2567 2023 3038 2078 babens‘al'llictari
3072 2034 3154 2089 te,
3187 2034 3241 2079 nt
3270 2026 3404 2081 bene
3442 2028 3542 2082 tibi

1964 2112 2070 2164 sit:
2109 2112 2177 2166 ibi
2212 2129 2338 2168 vero
2369 2114 2523 2183 longe
2552 2115 2739 2168 durior
2774 2115 3024 2181 afflictio;
3071 2118 3212 2171 nulla
3255 2118 3398 2172 enim
3445 2133 3539 2187 spe

1964 2210 2256 2263 recreatur,
2292 2218 2462 2271 neque
2492 2205 2692 2258 exitum
2722 2206 2942 2265 invenit,
2976 2207 3066 2259 St'll
3099 2208 3298 2260 inlinita
3326 2223 3388 2263 ac
3416 2225 3543 2276 per-

1967 2302 2121 2363 petua
2153 2303 2254 2349 est.
2302 2295 2514 2350 Utinam
2544 2312 2671 2351 vero
2703 2296 2826 2352 hinc
2850 2299 3061 2352 liberati
3111 2301 3352 2367 requiem
3396 2301 3541 2353 illam

1964 2403 2375 2458 consequamur.
2403 2389 2508 2444 Sed
2538 2390 2808 2459 quoniam,
2868 2400 2924 2444 ut
2978 2407 3043 2444 uc
3075 2407 3383 2459 peccemus,
3417 2408 3549 2446 cum

1965 2481 2181 2535 assiduo
2209 2481 2404 2543 studio,
2436 2491 2544 2535 tum
2596 2482 2824 2536 assiduis
2855 2485 3101 2551 precibus
3125 2500 3260 2551 opus
3297 2493 3397 2547 est,
3424 2495 3539 2539 stu-

1966 2573 2209 2637 deamus,
2242 2589 2447 2640 qttzcso,
2500 2575 2738 2642 requiem
2789 2575 2931 2627 illam
2983 2577 3260 2643 consequi.
3316 2577 3446 2629 Nam
3495 2579 3540 2630 si

1966 2666 2273 2719 Studeamus
2302 2674 2355 2718 et
2385 2680 2664 2732 precemur
2687 2706 2701 2726 ,
2748 2680 3172 2732 consequemur:
3229 2666 3275 2720 si
3330 2667 3542 2722 assidue

1967 2744 2323 2825 prccabimur,
2356 2756 2500 2811 dabit
2530 2758 2686 2810 Deus.
2735 2758 2827 2812 Sin
2878 2769 3055 2811 autem
3110 2775 3282 2829 neque
3313 2760 3381 2814 ab
3423 2760 3543 2830 ipso

1967 2857 2229 2916 petamus,
2273 2863 2370 2901 nec
2396 2848 2680 2917 quidquam
2708 2848 2970 2915 ejusmodi
3008 2858 3339 2915 prtestemus,
3372 2852 3545 2904 numi-

1967 2952 2142 3006 noque
2170 2937 2300 2991 nihil
2352 2953 2614 3007 agamus:
2645 2939 2735 3007 qui
2788 2940 2900 2991 lieri
2934 2955 3182 3006 umquam
3240 2951 3434 3009 potest.
3488 2953 3561 2996 uti

1966 3028 2291 3083 dormientes
2315 3031 2750 3099 consequamur?
2803 3031 2966 3085 Plane
3020 3046 3127 3084 non
3164 3040 3358 3101 potest.
3403 3033 3546 3089 Satis

1967 3121 2107 3174 enim
2140 3120 2274 3174 bene
2318 3122 2591 3175 nobiscum
2622 3131 2809 3191 agetur
2830 3163 2845 3185 ,
2886 3122 2931 3175 si
2987 3133 3265 3178 currentes
3293 3164 3308 3189 ,
3340 3139 3549 3195 nosque

1968 3211 2112 3279 ipsos
2151 3210 2521 3277 extendentes,
2549 3223 2603 3267 et
2628 3210 3075 3267 eonformeslacti
3123 3213 3281 3268 morti
3323 3214 3459 3284 ejus,
3489 3226 3548 3269 ut

1968 3303 2161 3358 Paulus
2188 3303 2415 3367 dicebat,
2436 3303 2689 3373 consequi
2722 3304 3084 3372 potuerimus;
3110 3305 3328 3359 minime
3353 3320 3481 3360 vero
3499 3307 3545 3360 si

1967 3396 2314 3450 dormiamus.
2340 3395 2399 3449 Si
2435 3394 2707 3463 quomodo,
2729 3395 2916 3464 inquit,
2935 3412 3194 3449 occurram
3217 3396 3543 3466 (Pliilipp.3.

1969 3489 2029 3543 11
2064 3487 2107 3556 ).
2129 3486 2280 3555 Quod
2309 3486 2353 3541 si
2384 3486 2577 3541 Paulus
2621 3485 2848 3547 dicebat,
2879 3486 2941 3539 Si
2981 3486 3229 3555 quomodo
3257 3502 3541 3551 occurram,

1966 3580 2093 3649 quid
2117 3594 2215 3632 nos
2241 3578 2515 3633 dicemus?
2566 3578 2966 3631 Dormientibns
3015 3581 3156 3631 enim
3193 3594 3363 3647 neque
3393 3595 3561 3633 mune.

1967 3673 2103 3726 dana
2130 3686 2382 3739 umquam
2409 3670 2619 3739 negotia
2647 3670 3028 3733 conficiuntur,
3072 3670 3265 3724 nedum
3292 3671 3545 3739 spiritua-

1969 3763 2036 3817 lia
2067 3779 2080 3817 :
2112 3763 2536 3817 dormientesne
2562 3763 2631 3817 ab
2659 3763 2848 3817 amicis
2861 3762 3077 3832 quidem
3098 3762 3383 3833 quidquam
3406 3766 3547 3817 acci-

1968 3857 2119 3925 piunt
2144 3895 2158 3919 ,
2192 3855 2387 3908 nedum
2416 3869 2446 3908 a
2476 3855 2584 3908 Deo
2615 3874 2627 3906 :
2658 3854 2990 3909 dormientes
3019 3872 3085 3909 ne
3116 3868 3297 3924 patres
3322 3856 3542 3925 quidem

1968 3950 2021 4003 in
2042 3949 2244 4003 honore
2270 3948 2485 4013 habent,
2512 3947 2706 4003 nedum
2735 3948 3189 4002 Deus.Panlulnm
3220 3948 3543 4011 laboremus,

1968 4041 2105 4094 utin
2143 4054 2303 4094 omne
2352 4056 2526 4094 azvum
2564 4040 2984 4110 requiescamus.
3036 4041 3268 4096 Omnino
3297 4045 3548 4098 :erumnis

1967 4149 2223 4204 angamur
2249 4147 2467 4187 necesse
2483 4140 2565 4188 est
2596 4152 2607 4187 :
2637 4132 2774 4201 quod
2818 4133 2860 4186 si
2892 4133 2977 4187 hic
3017 4135 3237 4189 minime
3266 4150 3545 4205 augamur,

1969 4226 2021 4280 id
2054 4240 2151 4281 nos
2179 4225 2248 4279 ibi
2280 4234 2477 4279 manet.
2504 4223 2612 4277 Cur
2638 4241 2743 4279 non
2765 4226 3030 4279 malumus
3055 4226 3143 4281 hic
3168 4229 3370 4287 vexari,
3400 4236 3458 4280 ut
3478 4227 3547 4282 ibi

1968 4316 2397 4386 requiescamus?
2425 4314 2637 4371 Utinam
2668 4332 2796 4370 vero
2828 4331 2924 4370 nos
2940 4332 3126 4370 omnes
3147 4316 3310 4387 digne
3338 4318 3549 4370 Christo

1968 4409 2130 4463 vitam
2156 4408 2430 4477 degentes,
2450 4415 2505 4461 et
2532 4406 2835 4462 conformes
2868 4408 2987 4461 facti
3025 4407 3191 4475 ipsius
3219 4408 3395 4469 morti,
3413 4408 3553 4461 hoaa

1971 4500 2081 4559 illa,
2133 4515 2251 4568 qua:
2284 4502 2458 4553 oratio
2496 4500 2707 4568 assequi
2758 4513 2862 4551 non
2897 4506 3095 4568 potest,
3129 4513 3549 4568 consequamur,

1970 4591 2024 4644 in
2044 4588 2393 4645 ChristoJesu
2417 4590 2640 4643 Domino
2671 4599 2874 4655 nostro,
2906 4606 3027 4643 cum
3056 4606 3160 4657 quo
3190 4590 3330 4645 Patri
3362 4591 3551 4645 simul-

1970 4699 2074 4753 que
2112 4689 2298 4737 sancto
2337 4682 2554 4751 Spiritui
2590 4682 2779 4750 gloria,
2832 4691 3088 4750 potestas,
3122 4682 3314 4745 honor,
3340 4697 3479 4736 nunc
3498 4691 3553 4737 et

1972 4790 2205 4845 semper,
2236 4786 2290 4828 et
2319 4775 2370 4828 in
2401 4776 2961 4830 saecula'saeculorum.
2991 4777 3181 4830 Amen.

286 4961 3156 4992 Μ

1634 5021 1981 5081 HOMILIA
2020 5022 2189 5082 XIV.

281 5187 416 5244 CAP.
471 5185 522 5237 4.
573 5197 625 5234 v.
674 5181 724 5233 4.
768 5176 990 5230 Gaudete
1032 5173 1083 5224 in
1136 5168 1356 5223 Domino
1409 5183 1602 5235 semper
1640 5182 1653 5217 :
1687 5166 1865 5217 iterum

358 5280 472 5331 dico
497 5319 510 5340 ,
545 5272 789 5329 Gaudete.
833 5269 886 5323 5.
932 5266 1183 5319 Modestia
1210 5273 1369 5315 vestra
1399 5270 1518 5314 nota
1547 5260 1609 5313 sit
1639 5259 1866 5313 omnibus

362 5368 669 5421 hominibus.
720 5362 971 5414 Dominus
1024 5372 1181 5427 prope
1232 5364 1337 5407 est:
1384 5352 1435 5406 6.
1488 5351 1615 5404 nihil
1661 5350 1869 5403 solliciti

354 5465 465 5517 si:is
490 5503 505 5525 ,
538 5459 623 5512 sed
654 5458 706 5509 in
732 5456 866 5507 omni
899 5453 1124 5505 oratione
1166 5457 1211 5500 et
1237 5445 1574 5499 obsecratione
1603 5459 1715 5495 cum
1743 5460 1864 5513 gra-

357 5560 549 5609 tiarum
595 5551 793 5604 actione
845 5546 1106 5616 petitiones
1149 5550 1324 5595 vestra:
1382 5540 1695 5591 innotescunt
1736 5536 1874 5603 apud

360 5646 545 5699 Deum.
597 5643 653 5695 7.
696 5638 761 5692 Et
791 5653 893 5707 pax
922 5634 1015 5688 Dei
1035 5675 1047 5697 ,
1078 5648 1187 5702 qua:
1215 5638 1482 5699 exsuperat
1520 5643 1715 5680 onmem
1759 5644 1875 5680 sen-

358 5754 473 5790 sum
502 5778 513 5797 ,
543 5733 806 5786 custodiat
832 5729 986 5783 corda
1017 5737 1181 5780 vestra
1211 5734 1254 5778 et
1285 5722 1643 5793 intelligentia:
1686 5731 1872 5775 vestras

359 5834 414 5883 in
443 5828 652 5883 Christo
680 5823 714 5877 Ι
721 5841 830 5877 esu.

360 5923 411 5978 ί.
454 5918 587 5977 Cum
613 5916 853 5975 Christus
884 5909 1212 5995 dicatheati
1241 5910 1323 5979 qui
1360 5909 1545 5979 lugent,
1578 5915 1663 5974 et,
1689 5904 1773 5960 Va:
1805 5905 1876 5959 ri.

1974 5168 2209 5220 dentibus
2237 5166 2444 5235 (Matth.
2474 5168 2525 5220 5.
2558 5168 2609 5221 5.
2647 5166 2773 5219 Luc.
2801 5168 2853 5222 6.
2884 5167 2999 5239 ‘25),
3030 5169 3155 5237 quid
3187 5186 3327 5223 nunc
3354 5170 3556 5237 signiﬁ-

1975 5275 2101 5313 cans
2132 5259 2327 5312 Paulus
2356 5260 2422 5311 ita
2455 5259 2623 5327 inquit
2654 5276 2664 5309 :
2704 5256 2932 5312 Gaudete
2961 5262 3011 5312 in
3038 5258 3256 5312 Domino
3305 5277 3502 5328 semper
3533 5260 3557 5313 Ρ
3583 5287 3587 5291 -

1976 5351 2092 5406 Non
2172 5366 2300 5403 sane
2371 5350 2684 5402 adversatur
2716 5349 2966 5412 Christo,
3018 5351 3173 5405 absit.
3247 5351 3333 5403 Va:
3402 5352 3565 5413 enim,

1979 5444 2111 5498 dixit
2136 5443 2379 5497 Christus
2436 5442 2729 5496 ridentibus
2758 5443 2918 5496 risum
2960 5444 3139 5496 mundi
3170 5444 3342 5513 hujus,
3373 5444 3460 5511 Qui
3494 5459 3557 5496 ex

1980 5536 2141 5589 rebus
2170 5535 2522 5603 pra-sentibus
2548 5536 2720 5590 oritur
2746 5553 2759 5589 :
2793 5544 2847 5590 et
2876 5535 3117 5605 lugentes
3145 5543 3327 5588 beatos
3370 5536 3560 5602 praedi-

1981 5626 2156 5689 cavit,
2196 5641 2299 5680 non
2352 5631 2539 5695 quovis
2566 5627 2725 5681 modo
2758 5627 2997 5695 lugentes
3025 5642 3089 5681 ex
3121 5642 3306 5681 rerum
3339 5642 3592 5681 suarum.

1983 5718 2269 5772 amissione
2294 5760 2307 5781 ,
2352 5718 2444 5772 sed
2477 5734 2571 5773 eos
2600 5719 2687 5789 qui
2718 5728 3150 5788 compunguutur
3179 5759 3193 5784 ,
3241 5718 3330 5789 qui
3354 5734 3448 5774 sua
3479 5719 3564 5773 lu-

1985 5819 2113 5879 gent
2141 5811 2276 5865 mala
2303 5852 2315 5876 ,
2369 5811 2459 5881 qui
2503 5819 2716 5880 peccata
2765 5825 2861 5865 sua
2888 5811 3233 5881 expendunt,
3278 5819 3368 5865 aut
3405 5812 3579 5866 etiam.

1986 5902 2181 5960 aliena.
2223 5902 2338 5962 Non
2388 5913 2471 5961 est
2496 5912 2672 5961 autem
2719 5904 2983 5976 ejusmodi
3029 5904 3191 5962 luctui
3235 5906 3589 5961 contrarium»
