3898 6510
546 412 653 470 283

546 528 649 585 hoc
676 530 955 600 gaudium;
981 530 1221 602 quiuimo
1248 546 1276 586 a
1300 532 1443 586 luctu
1471 534 1565 588 illo
1583 532 1829 604 gaudium
1861 534 1963 587 hoc
1988 550 2112 603 pro-

546 631 797 677 creatur:
846 638 966 677 nam
1012 624 1099 693 qui
1132 624 1274 695 luget
1318 640 1414 678 sua
1442 627 1576 679 mala
1632 636 1685 681 et
1711 626 2030 691 conﬁtetur,
2073 626 2119 681 is

543 714 812 783 gaudebit.
853 715 1117 770 Praeterea
1153 731 1279 770 vero
1310 716 1434 771 licet
1456 717 1639 787 lugere
1663 717 1877 787 quidem
1902 728 2118 786 propter

512 806 515 809 “
544 816 755 873 peccata
779 820 872 859 sua
894 847 909 869 ,
939 806 1173 876 gaudere
1198 817 1375 863 autem
1405 806 1810 865 Christicausa.
1854 809 2115 877 Quoniam

544 896 705 964 igitur
752 898 1084 952 vexabantur
1140 916 1317 953 rerum
1348 902 1689 955 inolestarum
1733 900 2112 971 perpessione;

553 986 699 1040 Vobis
740 990 882 1042 enim
913 989 1088 1042 datum
1117 1002 1189 1043 ρει
1214 1033 1228 1055 ,
1261 992 1464 1061 inquit,
1496 1008 1597 1045 non
1648 992 1811 1046 solum
1840 1001 1895 1045 ut
1920 996 1972 1045 in
2002 1008 2117 1044 eum

541 1078 756 1133 credatis
784 1121 797 1145 ,
828 1080 917 1133 sed
945 1091 1000 1133 ut
1029 1083 1177 1135 etiam
1209 1099 1300 1151 pro
1348 1083 1437 1135 illo
1467 1083 1734 1152 patiamini
1763 1082 2024 1151 (Philipp.
2060 1083 2110 1136 1.

540 1167 675 1239 29);
710 1180 988 1240 prapterea
1015 1212 1031 1237 ,
1061 1174 1228 1241 inquit
1255 1214 1269 1232 ,
1302 1171 1368 1226 In
1403 1172 1618 1226 Domino
1674 1174 1906 1242 gaudete.
1971 1172 2113 1227 Idem

537 1260 681 1315 enim
711 1262 1007 1331 signiﬁcat,
1038 1280 1100 1318 ac
1124 1265 1166 1317 si
1199 1263 1452 1318 dixisset:
1498 1263 1676 1318 Talem
1709 1264 1829 1316 vita:
1851 1264 2110 1318 rationem

536 1355 803 1411 ostendite
827 1397 841 1419 ,
899 1366 956 1411 ut
986 1356 1320 1426 gaudendum
1365 1357 1453 1410 sit.
1493 1356 1720 1422 Quando
1773 1356 1961 1425 igitur,
1994 1370 2113 1426 quae

534 1446 604 1500 ad
635 1447 795 1502 Deum
822 1451 1082 1518 pertinenl
1107 1492 1122 1515 ,
1154 1448 1355 1527 nullum
1385 1449 1525 1518 apud
1557 1464 1649 1503 vos
1672 1449 2109 1518 impedimentum

535 1538 848 1605 habuerint,
880 1542 1125 1611 gaudete.
1167 1542 1309 1612 Ergo
1339 1542 1418 1595 vel
1473 1541 1572 1595 hoc
1603 1540 1764 1602 dicit;
1800 1541 1884 1597 vel
1924 1541 2111 1596 vocula

534 1633 622 1687 illa
646 1674 662 1697 ,
703 1634 755 1685 in
782 1673 798 1698 ,
827 1634 967 1687 valet
996 1634 1132 1687 idem
1172 1644 1330 1703 atque
1353 1675 1368 1696 ,
1398 1650 1515 1687 cum
1536 1677 1551 1696 ,
1604 1633 1654 1687 id
1679 1642 1794 1696 est,
1849 1648 1970 1687 cum
2003 1633 2110 1687 Do-

532 1728 678 1778 tnino
701 1739 936 1793 semper.
964 1725 1160 1780 Rursus
1185 1726 1318 1791 dico,
1352 1724 1597 1781 Gaudete.
1622 1724 1734 1780 lloe
1760 1724 1913 1781 valde
1940 1724 2110 1780 ﬁden-

533 1818 600 1873 tis
619 1827 718 1879 cst,
748 1827 909 1888 atque
936 1820 1269 1874 ostendentis
1292 1862 1307 1885 ,
1349 1820 1397 1873 ei
1425 1821 1513 1890 qui
1547 1821 1597 1873 iu
1630 1819 1741 1875 Deo
1764 1828 1867 1887 est,
1897 1835 2110 1889 semper

531 1910 864 1980 gaudendum
892 1926 1045 1966 esse:
1076 1913 1283 1967 etiamsi
1312 1921 1581 1981 prematur
1615 1927 1677 1966 ac
1704 1911 1913 1982 quidvis
1945 1913 2110 1982 patia-

532 2014 618 2057 tur
645 2045 660 2067 ,
690 2004 777 2058 hic
801 2018 1017 2071 semper
1046 2004 1257 2073 gaudet.
1302 2004 1435 2058 Audi
1464 2005 1605 2059 enim
1636 2004 1833 2059 Lucam
1876 2005 1943 2060 de
1980 2021 2110 2074 apo-

531 2097 685 2151 stolis
708 2097 993 2160 dieentent,
1027 2095 1178 2151 Ibant
1214 2097 1487 2167 gaudentes
1512 2116 1542 2152 ιι
1581 2108 1851 2167 conspectu
1881 2098 2104 2161 concilii,

537 2188 775 2255 quoniam
804 2188 945 2259 digni
974 2187 1130 2241 habiti
1155 2197 1268 2241 sunt
1317 2205 1407 2257 pro
1440 2190 1641 2243 nomine
1686 2190 1796 2260 ejus
1824 2191 2107 2245 verberibus

548 2280 676 2334 aedi
702 2279 835 2348 (Act.
869 2281 922 2335 5.
951 2279 1063 2351 41).
1105 2280 1158 2336 Si
1210 2282 1431 2336 verbera
1461 2292 1515 2335 et
1560 2281 1763 2336 vincula
1788 2322 1804 2347 ,
1834 2296 1954 2351 quae
1997 2296 2106 2350 pra:

528 2374 736 2428 emteris
766 2374 1013 2427 videntur
1034 2374 1279 2437 molesta,
1305 2374 1551 2444 gaudium
1567 2374 1802 2443 pariunt,
1832 2374 1959 2444 quid
1988 2384 2105 2429 tan-

527 2464 649 2519 dem
697 2465 798 2519 erit
822 2464 985 2527 aliud,
1018 2466 1158 2535 quod
1195 2466 1348 2521 nobis
1395 2467 1584 2522 afferre
1613 2467 1855 2523 dolorem
1903 2469 2103 2538 queat?

527 2557 727 2612 Rursus
755 2559 888 2624 dico,
937 2558 1182 2614 Gaudete.
1216 2560 1383 2615 Recte
1430 2562 1589 2615 verba
1619 2562 1718 2615 ista
1768 2562 2057 2631 geminavit
2086 2579 2098 2615 :

540 2652 665 2721 quia
692 2652 834 2707 enim
864 2669 1041 2708 rerum
1064 2665 1250 2709 natura
1272 2654 1512 2709 dolorem
1538 2655 1793 2723 pariebat,
1813 2670 1875 2709 ex
1901 2655 1997 2709 ista
2028 2670 2103 2711 rc-

525 2745 781 2812 petitiooe
824 2747 1055 2801 ostendit
1083 2747 1418 2816 gaudendum
1458 2749 1677 2803 omnino
1732 2764 1871 2803 esse.
1919 2749 2100 2803 Mode-

524 2837 622 2890 stia
650 2847 811 2891 vestra
836 2850 956 2892 nota
990 2840 1056 2893 sit
1095 2839 1323 2893 omnibus
1354 2839 1658 2895 hominibus.
1703 2840 1917 2894 Dixerat
1943 2842 2102 2908 paulo

525 2939 671 2991 ante,
700 2928 925 2995 Quorum
950 2931 1071 2984 deus
1101 2943 1269 2985 uenter
1299 2942 1393 2997 est,
1420 2942 1469 2985 et
1508 2932 1673 3003 gloria
1710 2935 1764 2987 in
1806 2935 2101 3004 confusione

521 3023 770 3093 ipsorum,
802 3024 886 3091 qui
913 3031 1110 3076 terrena
1144 3024 1369 3093 sapiunt.
1410 3023 1672 3091 Quoniam
1722 3025 1879 3095 igitur
1909 3027 2101 3080 verisi-

522 3112 652 3169 mile
692 3123 810 3169 erat
860 3114 995 3179 fore,
1025 3123 1083 3169 ut
1134 3115 1259 3171 hinc
1311 3114 1675 3184 I’bilippenscs
1728 3133 1852 3187 erga
1901 3119 2101 3189 impro-

520 3207 623 3264 bos
664 3206 927 3263 infensum
973 3208 1206 3262 animum
1255 3208 1607 3278 susciperent,
1646 3220 1924 3281 propterea
1956 3212 2099 3282 ipsos

518 3300 628 3369 jam
656 3310 857 3367 monet,
882 3311 939 3355 ut
963 3302 1097 3357 nihil
1120 3317 1249 3373 erga
1266 3302 1386 3358 illos
1410 3320 1695 3360 commune
1721 3305 1975 3372 habeant,
2002 3306 2097 3361 sed

521 3406 710 3460 magna
739 3408 859 3447 eum
905 3393 1169 3448 modestia
1198 3404 1420 3450 utantur
1448 3412 1553 3451 non
1601 3398 1852 3453 fratribus
1878 3398 2050 3453 Solum
2078 3441 2095 3465 ,

519 3482 613 3539 scil
646 3486 806 3538 etiam
842 3486 1076 3541 inimicis
1095 3496 1149 3541 et
1168 3487 1509 3543 adversariis.
1540 3488 1789 3544 Dominus
1816 3507 1972 3561 prapc
1987 3501 2057 3546 est
2077 3510 2098 3547 .-

518 3577 650 3629 nihil
670 3578 882 3631 solliciti
895 3578 1023 3632 sitis.
1046 3578 1184 3645 Quid
1209 3579 1351 3634 enim
1382 3596 1555 3635 causae
1581 3591 1682 3645 est,
1708 3582 1795 3637 dic
1820 3582 1971 3649 mihi,
1999 3599 2098 3637 cur

519 3670 803 3724 concidere
829 3672 1009 3725 animo
1038 3672 1316 3727 debeatis?
1342 3689 1407 3727 an
1422 3674 1561 3744 quod
1587 3674 1638 3728 in
1663 3690 1755 3727 vos
1783 3675 2089 3746 insurgunt,

516 3762 771 3832 quodque
794 3777 887 3817 eos
909 3763 961 3817 in
992 3763 1199 3818 deliciis
1225 3764 1419 3834 degere
1446 3766 1677 3821 videtis?
1712 3766 1861 3820 Nihil
1886 3768 2093 3822 solliciti

516 3854 649 3906 sitis.
675 3853 791 3907 Jam
815 3854 1057 3908 imminet
1095 3855 1374 3923 judicium,
1408 3871 1513 3911 non
1550 3858 1707 3928 longe
1730 3859 1832 3912 erit
1861 3874 1983 3913 cum
2017 3860 2095 3913 fa-

517 3955 722 3998 ctorum
750 3958 965 4000 suorum
989 3948 1245 4001 rationem
1277 3949 1519 4003 reddent.
1550 3953 1617 4003 At
1639 3966 1734 4004 vos
1758 3951 1809 4004 in
1832 3954 2092 4019 angustiis

520 4036 790 4102 laboratis,
827 4038 902 4092 illi
934 4053 1063 4092 vero
1088 4039 1297 4094 deliciis
1322 4040 1603 4095 difﬂuunt?
1637 4041 1753 4096 Ιῐειιιι
1787 4046 1901 4097 tunc
1930 4044 2087 4098 ﬁnem

522 4128 812 4186 habebunt.
847 4135 915 4185 At
944 4131 1261 4187 insidiantur
1287 4148 1349 4187 ac
1377 4136 1691 4188 minantur?
1722 4138 1789 4188 At
1833 4151 1937 4191 non
1993 4138 2090 4191 ist-

531 4224 647 4279 htec
676 4224 804 4294 ipsis
821 4233 1077 4295 perpetuo
1097 4240 1161 4280 ex
1193 4228 1455 4281 sententia
1498 4227 1789 4283 succedent
1816 4246 1827 4281 :
1855 4230 1963 4298 jam
1992 4231 2093 4285 im-

516 4317 981 4386 minetjudieium,
1003 4328 1237 4389 tuncque
1263 4320 1440 4373 omnia
1469 4330 1653 4374 contra
1706 4332 1897 4387 erunt;
1940 4322 2091 4377 Nihil

514 4411 715 4464 solliciti
740 4410 889 4466 sitis:
912 4411 1207 4481 jaminstat
1242 4422 1451 4483 tempus
1489 4412 1775 4467 reddendae
1801 4413 2087 4469 mercedis.

519 4503 671 4571 Quod
700 4505 741 4557 si
764 4519 1019 4573 ergacos,
1051 4506 1139 4573 qui
1171 4520 1266 4559 vos
1290 4506 1549 4560 molestiis
1582 4505 1841 4572 afﬁciunt,
1867 4508 2093 4578 sequitu-

519 4606 626 4650 tem
654 4597 813 4650 animi
844 4597 1214 4662 adhibueritis,
1247 4599 1422 4651 omnia
1451 4607 1793 4663 evanescent,
1816 4599 1917 4654 etsi
1962 4614 2091 4668 pau-

527 4697 728 4758 pertas,
760 4690 807 4742 si
848 4704 1014 4751 mors,
1045 4691 1087 4742 si
1116 4691 1318 4757 quasvis
1343 4689 1448 4743 alia
1473 4690 1647 4759 gravis
1695 4691 1970 4745 calamitas
1997 4706 2089 4744 ur-

522 4792 645 4852 get;
691 4782 869 4834 omnia
919 4784 1223 4837 cessabunt.
1277 4780 1425 4834 Nihil
1475 4782 1679 4835 solliciti
1719 4782 1991 4846 sitis;sed
2034 4782 2090 4835 in

514 4874 654 4927 omni
690 4874 914 4925 oratione
955 4882 1002 4926 et
1031 4872 1372 4926 obsecratione
1409 4889 1522 4925 cum
1566 4874 1847 4942 gratiarum
1892 4876 2091 4929 actione

520 4964 783 5034 petitiones
805 4973 980 5017 vestrte
1008 4965 1321 5017 innatescant
1346 4965 1485 5035 apud
1507 4964 1691 5019 Deum.
1725 4964 1838 5021 Una
1866 4966 2083 5036 quidem

512 5056 809 5113 consolatio
834 5067 935 5121 est,
962 5054 1211 5110 Dominus
1239 5073 1394 5125 prape
1412 5066 1504 5121 est,
1537 5067 1590 5111 et
1612 5056 1762 5122 illud,
1793 5056 1898 5111 Ero
1920 5059 2089 5113 vobis-

512 5166 629 5203 cum
649 5150 879 5202 omnibus
902 5148 1076 5203 diebus
1100 5148 1347 5217 usquead
1369 5150 1849 5204 consummationem
1889 5150 2085 5203 swculi.

519 5241 658 5296 Ecce
683 5241 783 5294 alia
811 5239 1138 5301 consolatio,
1182 5238 1524 5308 pharmaeum
1550 5279 1565 5303 ,
1611 5239 1752 5307 quod
1794 5253 2083 5295 mmrorem

509 5347 723 5386 omnem
742 5340 797 5385 et
820 5329 1213 5401 mgritudinem,
1237 5330 1562 5398 ntolestaque
1579 5329 1755 5382 omnia
1778 5330 2085 5397 propulsare

518 5434 711 5493 potest.
740 5423 992 5490 Qumnam
1034 5421 1148 5475 hinc
1178 5420 1297 5475 est?
1327 5420 1565 5479 Preeari.
1600 5421 1650 5473 in
1694 5420 1940 5475 omnibus
1962 5436 2084 5490 gra-

510 5518 613 5569 tias
640 5530 817 5583 agere.
869 5514 1224 5581 Quamobrem
1256 5527 1440 5582 preces
1482 5521 1693 5565 nostras
1745 5526 1849 5565 non
1882 5512 2077 5567 nudam

525 5611 830 5679 petitionem
858 5624 976 5662 esse
1006 5609 1131 5667 vult.
1154 5606 1247 5661 sed
1273 5590 1610 5675 eonjimctam
1636 5620 1755 5658 eum
1783 5606 2078 5674 gratiarum

512 5702 721 5757 actione
751 5715 845 5769 pro
872 5700 957 5763 iis,
979 5715 1097 5769 qua:
1116 5699 1439 5768 accepimus.
1458 5696 1737 5765 Quomodo
1765 5696 1905 5749 enim
1940 5706 2084 5765 petet

511 5792 631 5863 quis
656 5791 854 5856 futura,
877 5792 965 5862 qui
990 5790 1059 5846 de
1080 5789 1361 5861 prteteritis
1377 5788 1600 5860 gratiam
1620 5803 1726 5842 non
1756 5786 1952 5843 habet?
1974 5788 2081 5842 Sed

508 5888 568 5945 in
593 5886 755 5954 antni,
778 5886 965 5957 inquit,
988 5886 1041 5943 id
1060 5896 1161 5953 est,
1192 5886 1243 5942 in
1275 5886 1419 5942 mttni
1452 5900 1509 5945 rc
1539 5903 1551 5939 :
1584 5882 1811 5940 oratione
1838 5890 1885 5936 et
1925 5883 2075 5941 obse-

1247 414 1304 472 S.
1341 414 1616 472 JOANNIS
1651 415 2117 473 CHRYSOSTOMI
2146 416 2459 473 ARCIIIEP.
2490 418 3017 482 CONSTANTINOP.
3620 448 3690 508 εδδ

2226 535 2463 589 cratim.
2518 535 2697 608 Itaque
2734 539 2803 596 de
2851 542 3100 599 omnibus
3153 549 3334 615 gratia:
3358 550 3573 613 habenda
3592 577 3687 635 ςιιηι,

2224 628 2386 681 etiam
2419 628 2487 682 de
2515 629 2579 684 iis
2608 646 2727 700 quze
2766 632 3015 688 videntur
3056 637 3279 694 molesta
3329 658 3341 695 :
3380 644 3427 698 id
3461 651 3574 705 enim
3606 628 3690 717 mi

2222 719 2356 785 grati
2383 718 2613 775 hominis
2643 731 2747 776 est.
2791 724 2924 779 Illud
2953 726 3066 795 ipsa
3092 743 3267 783 rerum
3295 744 3467 790 natura
3491 746 3690 815 pastum;

2224 808 2327 864 hoe
2368 827 2495 866 vero
2524 815 2590 867 ab
2626 816 2807 871 animo
2842 828 2994 887 grato
3014 861 3029 884 ,
3061 821 3321 893 valdeque
3349 842 3459 897 erga
3497 832 3621 891 Deum
3642 808 3693 895 at:

2225 899 2362 955 feeto
2390 904 2763 971 proﬁciscitur.
2826 909 2932 962 Ilas
2960 925 3144 979 preces
3186 920 3420 985 agnoscit
3446 921 3585 988 Deus,
3607 931 3693 986 alia

2222 1009 2347 1046 vero
2376 1010 2442 1049 ne
2470 1010 2629 1052 nosse
2656 998 2868 1069 quidem
2890 1002 3020 1056 vult.
3047 1003 3355 1073 Hujusmodi
3385 1010 3601 1080 igiturres
3621 1036 3693 1089 μη.

2220 1086 2435 1151 cemini,
2459 1103 2576 1157 qua:
2613 1103 2989 1161 agnoscantur.
3027 1095 3217 1152 Omnia
3262 1101 3398 1155 enim
3426 1105 3483 1158 ad
3527 1086 3689 1169 nostram

2222 1175 2500 1231 utilitatem
2527 1179 2885 1247 administrat,
2926 1187 3137 1242 etiamsi
3186 1189 3235 1243 id
3270 1208 3366 1247 nos
3410 1178 3693 1269 percipimus.

2218 1269 2392 1337 Atque
2422 1286 2665 1341 magnam
2705 1274 2791 1328 illa
2819 1277 2973 1332 nobis
3013 1278 3206 1336 aﬂ'erre
3247 1285 3527 1353 utilitatem,
3568 1293 3603 1345 id
3636 1311 3691 1349 ar-

2216 1371 2469 1428 gumento
2493 1373 2604 1427 est,
2624 1364 2763 1433 quod
2797 1381 2899 1421 non
2932 1370 3277 1440 percipimus.
3301 1374 3365 1428 Et
3405 1394 3497 1445 pas
3524 1379 3694 1453 Deique

2217 1462 2485 1516 exsuperat
2528 1471 2722 1509 omnem
2761 1458 3107 1525 intellectum,
3136 1467 3379 1519 custodiet
3421 1472 3553 1523 corda
3590 1487 3695 1531 eam

2216 1550 2263 1592 et
2282 1541 2633 1613 intelligentias
2660 1558 2849 1603 vestras
2880 1551 2935 1604 in
2968 1551 3167 1608 Christo
3195 1554 3343 1610 Jesu.
3373 1558 3495 1623 Quid
3522 1562 3598 1618 hoc
3616 1570 3694 1621 est?

2216 1629 2322 1685 Pax
2365 1632 2479 1697 Dei,
2505 1635 2697 1705 inquit,
2731 1653 2886 1707 quam
2918 1655 3039 1695 eum
3070 1644 3373 1701 hominibus
3398 1648 3529 1715 fecit,
3552 1668 3694 1711 omnem

2214 1737 2494 1791 exsuperat
2527 1730 2929 1799 cogitationem.
2953 1732 3083 1800 Quis
3119 1738 3260 1790 enim
3289 1745 3600 1808 exspectavit,
3622 1751 3694 1816 quis

2214 1819 2449 1884 speravit
2480 1826 2625 1873 tanta
2653 1821 2951 1877 adventura
2982 1825 3169 1881 bona?
3215 1828 3504 1885 Humanam
3550 1850 3694 1893 omnem

2212 1907 2478 1962 excedunt
2508 1913 2911 1981 cogitationem,
2943 1932 3041 1971 nec
3075 1928 3280 1975 tantum
3325 1924 3604 1991 orationem,
3638 1945 3695 1996 pro

2213 1995 2442 2053 inimicis
2471 2002 2605 2068 suis,
2634 2018 2731 2072 pro
2761 2006 2826 2059 iis
2844 2006 2935 2075 qui
2963 2007 3134 2077 ipsum
3154 2010 3277 2063 odio
3300 1995 3695 2085 prosequebantur,

2210 2090 2298 2159 qui
2346 2094 2747 2159 aversabantur,
2774 2112 2870 2166 pro
2893 2098 2958 2152 iis
2997 2100 3205 2157 tradere
3236 2102 3424 2159 Filium
3454 2110 3695 2179 unigenitum

2211 2197 2317 2236 non
2363 2186 2645 2249 recusavit,
2676 2196 2729 2240 ut
2775 2203 2959 2258 pacem
2988 2190 3264 2247 nobiseum
3294 2197 3507 2264 laceret,
3527 2200 3621 2255 Hauc
3640 2220 3699 2256 au-

2210 2279 2318 2327 tem
2349 2290 2445 2342 pax
2475 2284 2575 2341 est,
2610 2276 2663 2331 id
2705 2288 2789 2333 est
2832 2279 3097 2348 Iiberatio,
3127 2284 3321 2339 caritas
3374 2287 3482 2354 Dei,
3520 2292 3699 2349 Custodit

2208 2363 2365 2415 corda
2388 2374 2547 2419 vestra
2577 2378 2622 2420 et
2642 2368 2999 2440 intelligentias
3027 2383 3236 2431 vestras.

2277 2454 2333 2509 2.
2376 2456 2486 2513 Hoc
2523 2463 2866 2530 prmeeptoris
2894 2472 2997 2529 est,
3027 2482 3131 2519 non
3175 2478 3379 2523 tantum
3410 2487 3616 2536 monere,
3637 2478 3697 2531 sed

2206 2549 2365 2603 etiam
2399 2553 2602 2619 precari
2625 2562 2679 2607 et
2705 2568 2798 2623 per
2826 2554 3251 2613 obsecrationem
3278 2577 3486 2633 quoque
3504 2567 3700 2633 auxiliari,

2206 2650 2264 2694 ut
2293 2657 2467 2711 neque
2491 2658 2519 2695 a
2550 2646 2931 2701 teutalionibus
2958 2648 3270 2715 obruantur,
3302 2669 3473 2723 neque
3494 2657 3553 2709 ab
3577 2673 3703 2714 errore

2204 2733 2647 2790 cireuinl'erautur
2670 2754 2682 2791 :
2708 2739 2926 2806 perinde
2954 2756 3018 2795 ac
3041 2742 3086 2796 si
3109 2742 3334 2810 diceret,
3358 2746 3455 2812 Qui
3473 2762 3557 2802 vos
3572 2750 3703 2805 eodem

2205 2826 2365 2880 modo
2392 2826 2659 2895 liberavit,
2688 2844 2845 2898 quem
2891 2846 3064 2903 neque
3094 2851 3247 2889 utens
3290 2839 3408 2907 ipsa
3446 2842 3701 2910 assequipo-

2206 2928 2327 2985 test,
2360 2919 2404 2973 is
2431 2934 2526 2973 vos
2552 2921 2817 2975 custodiat
2860 2931 2917 2978 et
2960 2925 3182 2990 muniat,
3216 2936 3274 2981 ut
3320 2928 3450 2983 nihil
3482 2932 3702 2999 patiamini.

2210 3008 2301 3064 Vel
2343 3010 2444 3065 hoc
2477 3010 2635 3080 igitur
2660 3013 2957 3082 signiﬁcat;
3002 3016 3083 3070 Vci
3115 3018 3275 3085 istud,
3308 3019 3416 3074 Pax
3458 3021 3537 3075 illa
3562 3022 3614 3077 de
3637 3041 3703 3093 qui

2202 3102 2337 3157 dixit
2362 3105 2623 3173 Christus,
2657 3105 2845 3161 Pacem
2872 3109 3104 3179 relinquo
3131 3111 3288 3177 vobis,
3324 3130 3493 3183 pacem
3520 3132 3644 3168 meum
3663 3118 3704 3168 iis

2202 3196 2337 3250 vobis
2369 3196 2548 3265 (Joon.
2580 3200 2666 3254 14.
2708 3200 2826 3271 27),
2861 3203 2970 3273 ipsa
3002 3220 3096 3258 vos
3144 3206 3429 3262 custodiet.
3472 3207 3579 3263 Ila-c
3609 3212 3703 3263 enim

2202 3302 2304 3357 pax
2348 3300 2566 3359 superat
2617 3307 2831 3347 omnem
2884 3297 3165 3351 humanam
3223 3309 3479 3354 tuentem.
3523 3299 3642 3367 Quod
3676 3303 3705 3354 si

2200 3394 2429 3449 quaeras,
2459 3383 2766 3451 quomodo?
2786 3386 2930 3440 audi.
2963 3387 3187 3454 Quando
3208 3389 3363 3459 jubet
3402 3408 3515 3447 cum
3544 3392 3705 3445 inimicis

2202 3489 2387 3543 pacem
2430 3475 2651 3541 habere,
2700 3493 2823 3533 cum
2870 3481 2935 3534 iis
2963 3483 3052 3550 qui
3096 3482 3346 3552 injuriam
3392 3484 3621 3549 referunt,
3646 3486 3704 3553 qui

2200 3581 2300 3622 nos
2327 3568 2468 3623 bello
2496 3583 2905 3645 persequuntur,
2943 3575 3033 3643 qui
3064 3575 3312 3631 infestum
3348 3593 3473 3648 erga
3518 3594 3599 3632 nos
3627 3578 3706 3631 ani-

2200 3676 2345 3715 mum
2385 3673 2607 3732 gerunt;
2640 3666 2909 3735 quomodo
2938 3667 3039 3722 hoc
3087 3684 3193 3723 non
3232 3681 3454 3739 superat
3491 3670 3705 3725 humanam

2200 3755 2474 3809 mentem?
2496 3756 2606 3810 Iino
2635 3772 2781 3823 vero,
2806 3759 2849 3812 si
2882 3759 3075 3828 placet,
3107 3761 3207 3816 hoc
3228 3763 3379 3831 prius
3408 3762 3705 3817 attendamus:

2199 3844 2319 3900 Pax
2345 3846 2457 3911 Dei,
2488 3865 2602 3919 qua:
2644 3860 2913 3920 exsuperat
2954 3868 3152 3906 omnem
3181 3865 3417 3909 mentem.
3459 3854 3510 3911 Si
3534 3870 3617 3926 pax
3644 3870 3706 3908 suo

2198 3949 2348 4007 perat
2376 3954 2588 3994 onmem
2633 3950 2887 4006 mentem,
2941 3944 3111 3997 multo
3140 3945 3308 4014 magis
3342 3946 3481 4001 Deus
3522 3947 3617 4015 ipse
3647 3945 3707 4012 qui

2198 4043 2381 4098 pacem
2430 4030 2555 4098 dat,
2615 4046 2827 4089 onmem
2880 4034 3156 4105 superabit
3198 4037 3594 4106 cogitationem,
3637 4050 3705 4087 non

2196 4122 2366 4176 solum
2400 4135 2656 4191 nostram,
2682 4125 2779 4179 sed
2804 4128 2963 4179 etiam
2993 4127 3332 4196 angelorum,
3367 4139 3424 4185 et
3462 4142 3707 4198 superarum

2198 4224 2539 4284 potestatum.
2569 4217 2710 4283 Quid-
2727 4228 2904 4272 autem
2935 4230 3037 4283 est,
3065 4218 3128 4273 In
3160 4220 3362 4277 Christo
3385 4222 3544 4277 Iesu?
3567 4221 3611 4275 Iu
3632 4222 3707 4290 ipso

2196 4307 2482 4369 custodiet,
2518 4317 2573 4361 ut
2595 4311 2969 4377 perseveretis,
3003 4326 3103 4365 nec
3133 4311 3200 4366 de
3227 4313 3399 4382 ipsius
3434 4315 3533 4371 lidc
3549 4314 3708 4370 decidi.

2196 4399 2285 4452 tis.
2330 4398 2386 4454 8.
2431 4398 2509 4453 De
2548 4410 2750 4465 ca'tero,
2783 4402 2991 4468 fratres,
3036 4419 3364 4475 quiscumque
3409 4418 3523 4461 sunt
3568 4417 3704 4465 satu.

2192 4507 2516 4562 quiscumque
2540 4508 2674 4559 vera,
2697 4510 3026 4566 quiscumque
3040 4498 3206 4567 justa.
3233 4500 3372 4565 Quid
3395 4501 3643 4571 signiﬁcat,
3660 4499 3711 4553 De

2196 4588 2410 4640 cetera?
2434 4586 2488 4640 Id
2519 4596 2621 4653 est,
2665 4589 2842 4641 omnia
2867 4588 2977 4656 jam
3008 4591 3167 4644 nobis
3191 4603 3316 4647 sunt
3342 4593 3503 4649 dicta.
3537 4593 3705 4649 Veri-un

2196 4684 2280 4731 est
2304 4679 2661 4747 properantis,
2688 4688 2743 4733 et
2767 4679 2895 4734 nihil
2923 4696 3045 4735 cum
3069 4682 3225 4736 rebus
3251 4686 3593 4753 praesentibus
3610 4700 3711 4738 com-

2195 4788 2357 4827 mune
2401 4773 2666 4829 habentis.
2698 4774 2778 4830 De
2813 4786 3012 4844 cetera,
3056 4783 3264 4849 fratres,
3292 4798 3605 4852 quercumqu
3630 4789 3709 4834 sui

2174 4881 2333 4931 aera,
2359 4881 2685 4936 quascumque
2701 4878 2894 4933 sancta,
2920 4886 3244 4942 quaecumque
3256 4875 3423 4941 justa,
3452 4886 3713 4943 quacum

2196 4957 2399 5029 pudica,
2433 4974 2757 5028 quwcumque
2786 4961 3045 5026 amabilia,
3086 4978 3418 5035 quacumque
3445 4966 3638 5018 honesta
3657 4964 3709 5029 [σ-

2192 5065 2310 5116 mte,
2339 5051 2381 5103 si
2404 5066 2503 5117 qua
2532 5052 2706 5115 virtus,
2740 5054 2782 5105 si
2810 5068 2909 5119 qua
2929 5054 3060 5120 laus,
3088 5056 3193 5109 ha’c
3222 5058 3455 5127 cogitate.
3487 5058 3536 5113 9.
3565 5056 3661 5123 Qu
3680 5062 3710 5106 α

2193 5141 2461 5206 didicistis,
2507 5152 2556 5196 et
2599 5144 2877 5213 accepistis,
2920 5156 2968 5199 et
2994 5148 3228 5213 audistis,
3271 5159 3316 5203 et
3347 5152 3537 5205 vidistis
3571 5151 3613 5203 in
3645 5164 3708 5199 nte.

2192 5232 2326 5301 Quid
2359 5233 2456 5287 sibi
2488 5235 2619 5300 vult,
2654 5236 2992 5307 Quacumque
3017 5240 3299 5292 amabilia?
3325 5240 3580 5295 Amabilia
3615 5239 3710 5293 Iide-

2192 5327 2351 5391 Iibus,
2374 5327 2617 5385 amabilia
2640 5329 2767 5383 Deo.
2800 5329 3137 5399 aurarumque
3163 5343 3281 5385 sunt
3307 5348 3443 5387 vera.
3471 5334 3585 5387 Haec
3608 5332 3708 5385 enim

2191 5419 2381 5472 merito
2409 5418 2659 5477 dicuntur
2689 5434 2850 5486 vera;
2897 5422 2947 5474 id
2990 5424 3273 5482 est,virtus
3322 5426 3471 5494 ipsa;
3508 5423 3711 5476 vitiositas

2190 5522 2365 5568 autem
2396 5513 2727 5568 mendacium
2748 5524 2831 5569 est
2854 5532 2867 5567 :
2895 5532 3015 5571 naui
3040 5528 3093 5570 et
3116 5517 3353 5587 voluptas
3374 5520 3537 5587 ipsius
3554 5528 3711 5573 comes.

2189 5614 2243 5659 et
2261 5605 2426 5675 gloria
2450 5605 2784 5660 mendacium
2807 5616 2904 5669 est,
2926 5617 2981 5661 et
2996 5606 3256 5669 mundana
3274 5610 3449 5663 omnia
3471 5608 3590 5662 nihil
3608 5602 3711 5656 aliud

2188 5705 2499 5767 suntquam
2539 5696 2894 5753 mendacium.
2925 5699 3263 5770 Quaecumque
3306 5702 3507 5772 pudica.
3539 5700 3633 5753 Hoc
3658 5696 3715 5746 illi

2187 5789 2493 5860 apponitur,
2522 5788 2662 5857 quod
2683 5798 2835 5843 antea
2862 5788 3124 5857 dixit,Qui
3144 5802 3339 5845 terrena
3356 5794 3571 5862 sapiunt.
3594 5787 3712 5853 Qu-

2189 5897 2399 5953 estuque
2424 5890 2617 5939 sancta.
2641 5880 2753 5941 Hoc
2781 5881 3035 5941 adversus
3061 5881 3212 5951 illud,
3239 5883 3460 5955 Quorum
3489 5882 3601 5941 deus.
3621 5893 3714 5935 m-
