3974 6512
453 413 560 469 285

453 525 512 580 ει
542 541 632 590 τις
660 521 926 587 ἔπαινος.
972 517 1232 572 Ἐνταῦθα
1267 518 1518 588 βούλεται
1555 520 1752 582 αὐτοὺς
1783 521 1875 572 καὶ
1916 518 2022 570 τῶν

453 615 593 686 πρὸς
623 612 942 683 ἀνθρώπους
975 612 1241 679 προνοεῖν.
1272 609 1462 662 Ταῦτα
1489 611 1816 680 λογίζεσθε,
1845 610 2025 679 φησίν.

469 704 636 773 Ὁρᾷς
680 703 761 753 ὅτι
800 701 979 752 πᾶσαν
1012 700 1219 753 ἔννοιαν
1251 699 1498 770 βούλεται
1528 701 1766 772 ἐξορίσαι
1791 703 2032 772 πονηράν

457 795 521 846 ἐκ
548 792 655 845 τῶν
695 791 979 860 ἡμετέρων
1009 788 1228 860 ψυχῶνς
1261 791 1367 842 ἀπὸ
1407 792 1514 861 γὰρ
1550 791 1768 842 ἐννοιῶν
1802 793 1856 844 αί
1895 791 2031 860 πρά-ο

458 881 568 946 gn;
599 882 654 933 αἱ
684 880 920 950 πονηραὶ
946 879 1202 947 γίνονται.
1238 881 1297 934 Ἃ
1329 881 1427 932 καὶ
1487 878 1734 948 ἐμάθετε
1761 880 1858 932 καί
1889 897 2033 948 παρα

456 971 726 1026 ελιὶϐετε.
777 971 948 1024 Τοῦτο
969 970 1314 1034 διδασκαλίας
1363 971 1608 1042 ἀρίστης,
1647 971 1706 1024 τὸ
1746 973 1801 1023 ἐν
1833 971 2033 1034 πάσαις

453 1068 574 1128 ταῖς
617 1063 1004 1134 παραινέσεσιν
1054 1064 1246 1116 ἑαυτὸν
1290 1063 1551 1133 παρέχειν
1599 1062 1788 1121 τύπον,
1849 1063 2031 1126 καθὼς

454 1157 549 1210 καὶ
582 1155 813 1226 ἀλλαχοῦ
848 1173 1000 1226 φησι,
1032 1155 1238 1221 Καθὼς
1266 1156 1435 1222 ἔχετε
1465 1156 1658 1207 τύπον
1689 1153 1846 1219 ἡμᾶς
1878 1157 1908 1181 ⁸³
1939 1155 2033 1207 καὶ

455 1250 617 1303 πάλιν
661 1249 916 1311 ἐνταῦθα,
953 1250 1021 1302 "A
1061 1247 1155 1300 καὶ
1193 1239 1461 1316 ἐμὶὶθετε,
1489 1247 1584 1299 καὶ
1628 1245 1992 1314 παρελάϐετε
2016 1264 2031 1277 ο

454 1342 750 1396 τουτέστιν,
781 1339 1126 1409 Ἐδιδάχθητε
1163 1357 1176 1369 ·
1215 1339 1312 1392 καὶ
1338 1340 1662 1407 ἠκούσατε,
1713 1339 1814 1392 καὶ
1847 1340 2034 1394 εἴδετε

454 1431 526 1484 ἐν
552 1431 703 1499 ἐμοὶ,
733 1430 826 1482 καὶ
851 1430 1111 1499 ῥημάτιον
1142 1429 1348 1492 ἕνεκεν,
1375 1429 1467 1480 καὶ
1492 1429 1760 1500 πράξεων,
1789 1432 1883 1482 καὶ
1906 1431 2034 1484 ἀνα-

462 1523 720 1594 στροφῆς.
764 1522 924 1592 Ὁρᾷς
952 1523 1034 1574 ὅτι
1067 1519 1227 1592 μέχρι
1275 1521 1474 1584 παντὸς
1510 1522 1833 1591 πράγματος
1866 1521 2036 1575 ταῦτα

460 1616 828 1678 διατάττεται;
874 1613 1089 1682 Ἐπειδὴ
1121 1612 1230 1682 γάρ
1261 1613 1363 1665 οὐκ
1401 1615 1526 1682 ἐνῆν
1564 1613 2036 1684 ἀκριϐολογεῖσθαι

461 1708 591 1778 περὶ
644 1707 882 1770 πάντων,
929 1704 1083 1776 [307]
1131 1705 1225 1758 καὶ
1277 1704 1496 1757 εἰσόδων
1540 1707 1633 1758 καὶ
1671 1706 1887 1771 ἐξόδων,
1943 1707 2038 1759 καὶ

464 1802 706 1870 ῥήματος
752 1800 842 1851 καὶ
882 1799 1158 1868 σχήματος
1189 1797 1282 1850 καὶ¹
1331 1799 1615 1861 συνουσίας
1648 1799 1892 1868 (πάντων
1925 1799 2033 1871 γάρ

467 1892 673 1945 τούτων
696 1910 729 1962 χ
737 1891 801 1962 ρή
825 1894 1073 1963 προνοεῖν
1094 1891 1184 1944 τὸν
1215 1892 1560 1961 Χριστιανόν)
1579 1910 1592 1922 ·
1623 1895 1901 1965 συντόμως
1920 1890 2039 1948 εἷπε

461 1985 555 2038 καὶ
579 1985 652 2048 ὡς
682 1987 737 2036 ἐν
769 1983 1066 2054 κεφαλαίῳ,
1111 1985 1206 2037 Ἐν
1233 1985 1360 2054 ἐμοὶ
1383 1987 1686 2052 ἠκούσατε
1704 1987 1803 2040 καὶ
1829 1987 2036 2040 εἴδετε

461 2075 726 2139 τουτέστι,
765 2074 903 2144 ΙΙαρ’
927 2074 1048 2144 ἐμοί
1071 2091 1084 2103 ο
1108 2074 1239 2127 ὡσεὶ
1261 2075 1432 2144 ἔλεγε·
1464 2077 1573 2130 Καὶ
1593 2077 1678 2130 διά
1705 2078 1812 2130 τῶν
1841 2077 2038 2149 έργων,

461 2168 556 2220 καὶ
583 2166 670 2219 διά
692 2165 798 2217 τῶν
823 2167 1081 2238 ῥημάτων
1104 2168 1245 2237 ὑμᾶς
1278 2170 1582 2238 ἀνήγαγον.
1632 2168 1822 2222 Ταῦτα
1850 2167 2043 2236 πράσ-

462 2275 602 2312 σετε
630 2275 642 2288 ·
677 2257 751 2327 μή
786 2257 971 2326 λέγετε
1018 2257 1198 2328 μόνον,
1233 2259 1368 2311 ἀλλα
1397 2261 1489 2311 καὶ
1522 2260 1826 2330 πράττετε’
1865 2258 1967 2314 καί
2009 2262 2042 2311 o'

465 2348 606 2414 Θεὸς
638 2347 745 2416 τῆς
773 2346 1014 2415 εἰρήνης
1042 2350 1210 2403 ἕσται
1224 2352 1352 2419 μεθ’
1376 2349 1560 2420 ὑμῶν.
1583 2350 1893 2413 Τουτέστιν,
1918 2349 2044 2402 Ἐάν

465 2439 605 2493 οὔτω
654 2439 958 2510 φυλάττητε
1011 2439 1206 2506 ταῦτα,
1249 2442 1517 2513 καὶπρὸς
1573 2442 1836 2514 ἀλλήλους
1889 2444 2040 2512 εἰρη-

463 2530 676 2601 νεύητε,
708 2532 765 2582 ἐν
800 2531 1008 2603 γαλήνῃ
1032 2531 1240 2595 ἔσεσθε,
1277 2536 1333 2585 ἐν
1362 2534 1632 2605 ἀσφαλείᾳ
1659 2535 1856 2607 πολλῇ*
1893 2535 2044 2588 οὐδὲν

463 2621 718 2679 πείσεσθε
749 2625 1012 2695 λυπηρὸν,
1040 2625 1160 2678 ούδέ
1205 2625 1314 2678 τῶν
1345 2625 1682 2695 ἀϐουλήτων.
1732 2627 1902 2680 Ὅταν
1936 2629 2044 2700 γάρ

461 2716 624 2784 ἡμεῖς
661 2717 1030 2788 είρηνεύωμεν
1072 2717 1208 2788 πρὸς
1255 2718 1439 2781 αὐτὸν,
1480 2719 1834 2791 είρηνεύομεν
1871 2722 1926 2774 δὲ
1955 2722 2046 2776 διὰ

463 2806 562 2875 τῆς
605 2807 828 2877 ἀρετής,
859 2806 1039 2876 πολλῴ
1075 2809 1273 2878 μᾶλλον
1324 2809 1484 2872 αὐτὸς
1525 2811 1642 2879 μεθ’
1685 2811 1841 2881 ήμῶν
1872 2812 2042 2866 ἐσται.

476 2898 534 2950 Ὅ
559 2898 667 2968 γάρ
703 2898 876 2963 οὕτως
916 2901 1063 2970 ἡμᾶς
1096 2901 1411 2972 ἀγαπήσας,
1443 2902 1519 2966 ὡς
1551 2904 1644 2956 καὶ
1677 2904 1755 2975 μὴ
1783 2904 2043 2974 βουλομέ-

463 3006 589 3052 νους
638 2991 977 3060 προσίεσθαι,
1033 2993 1100 3046 ἂν
1147 2993 1230 3064 ἴδῃ
1277 2995 1734 3064 προστρέχοντας,
1770 2997 1828 3048 οὐ
1868 2996 2047 3067 πολλῷ

463 3079 628 3132 πλέον
676 3082 840 3144 αὐτὸς
885 3081 1212 3148 ἐπιδείξεται
1263 3084 1363 3152 τήν
1392 3085 1606 3153 φιλίαν;
1667 3085 1836 3139 Οὐδὲν
1875 3087 2046 3150 οὕτως

463 3169 662 3240 ἐχθρὸν
715 3173 814 3242 τῆς
867 3174 1142 3243 ἡμετέρας
1193 3174 1428 3243 φύσεως,
1462 3176 1536 3236 ὡς
1592 3177 1776 3232 κακία.
1829 3176 1952 3240 Πῶς
1991 3178 2047 3231 δὲ

463 3261 659 3333 ἐχθρὸν
685 3263 840 3333 ήμῶν
874 3266 905 3334 ή
938 3264 1128 3324 κακία,
1163 3265 1257 3318 καὶ
1290 3265 1442 3333 φίλον
1479 3267 1512 3336 ή
1549 3267 1744 3336 ἀρετή,
1783 3267 2047 3337 πολλαχό-

465 3353 558 3406 θεν
608 3353 804 3421 δῆλονο
857 3357 974 3416 καὶ,
1019 3358 1066 3409 εἰ
1120 3355 1403 3426 βούλεσθε,
1475 3360 1837 3430 σκοπήσωμεν
1889 3359 2052 3413 τοῦτο

463 3444 682 3516 πρῶτον
738 3445 846 3499 ἀπὸ
883 3447 991 3500 τῶν
1035 3448 1297 3502 ἐναντίων
1344 3449 1483 3515 ἐνὸς,
1522 3450 1622 3520 τῆς
1658 3451 1936 3520 πορνείαςο
1985 3452 2048 3505 'H

463 3537 690 3607 πορνεία
721 3539 1122 3603 ἐπονειδίστους
1162 3539 1477 3612 καθίστησι,
1513 3541 1777 3612 πένητας,
1813 3560 2048 3612 καταγε-

463 3626 714 3692 λάστους,
742 3629 1253 3698 εὐκαταφρονήτους
1299 3631 1436 3700 πρὸς
1475 3631 1702 3696 πάντας,
1735 3629 1908 3686 ταῦτα
1936 3631 2049 3684 δια-

462 3717 697 3785 τιθεῖσα,
730 3719 872 3792 άπερ
915 3720 1126 3791 ἐχθρῶν
1159 3723 1275 3774 ἐστι
1324 3721 1655 3776 διατιθέναι’
1694 3722 1955 3787 πολλάκις
1994 3724 2048 3776 δέ

462 3812 558 3862 καὶ
601 3812 776 3874 νόσοις
811 3813 906 3866 καὶ
956 3813 1222 3877 κινδύνοις
1265 3815 1590 3885 περιέϐαλεν
1645 3815 1784 3886 αὕτη
1811 3833 1824 3845 ·
1867 3817 2050 3868 πολλοὶ

462 3899 523 3952 δὲ
555 3900 653 3953 καὶ
687 3901 828 3972 ὑπὲρ
861 3902 968 3954 τῶν
1003 3904 1216 3972 πορνῶν
1264 3905 1566 3971 ἀπώλοντο,
1613 3905 1706 3958 καὶ
1757 3905 2051 3976 τραύματα

464 3989 679 4044 ἔλαϐον,
714 3992 779 4044 Εί
816 3992 873 4045 δέ
902 3992 961 4045 τὸ
994 3992 1278 4063 πορνεύειν
1320 3992 1496 4046 ταῦτα
1533 3993 1804 4064 προξενεῖ,
1837 3994 1897 4046 τὸ
1935 4011 2050 4064 μοι·

465 4081 650 4150 χεύειν
687 4080 865 4150 πολλῷ
903 4081 1122 4153 μᾶλλον.
1161 4077 1307 4152 *Λρα
1329 4078 1423 4134 οὖν
1457 4083 1550 4135 καὶ
1584 4081 1916 4153 ἐλεημοσύνη
1957 4082 2049 4135 οὔ·

463 4187 605 4238 τως;
636 4171 900 4244 Οὐδαμῶς
923 4189 938 4202 ·
971 4172 1084 4224 ἀλλ’
1116 4171 1190 4235 ὡς
1242 4174 1426 4243 μήτηρ
1475 4173 1828 4243 φιλόστοργος
1870 4174 1927 4226 ἐν
1963 4191 2052 4226 κο-

466 4263 720 4333 σμιότητι
759 4263 931 4335 πολλῇ
976 4256 1044 4316 τὸ
1069 4262 1277 4316 παιδίον
1312 4263 1655 4335 καθίστησιν,
1699 4264 1756 4314 ἐν
1802 4263 2051 4333 εὐταξία,

463 4357 522 4408 ἐν
554 4358 764 4429 χρηστῇ
796 4355 942 4428 δόξῃ,
978 4357 1106 4426 περὶ
1137 4356 1234 4426 τήν
1273 4356 1382 4408 τῶν
1415 4357 1730 4422 ἀναγκαίων
1757 4359 1902 4410 ποιεῖ
1931 4373 2053 4426 σχο-

465 4449 648 4514 λάζειν
681 4449 984 4521 διατριϐήν,
1034 4449 1133 4500 οὐκ
1180 4448 1403 4518 ἀφίησιν
1440 4450 1610 4519 ἡμᾶς,
1659 4448 1781 4500 οὐδὲ
1844 4449 2051 4516 ἀπάγει

463 4542 572 4594 τῶν
601 4543 936 4610 ἀναγκαίων,
993 4540 1128 4593 ἀλλά
1161 4541 1256 4593 καὶ
1290 4541 1388 4611 τήν
1442 4541 1622 4611 ψυχὴν
1680 4540 2052 4610 συνετωτέραν

465 4630 780 4700 ἐργάζεται.
815 4631 980 4682 Οὐδὲν
1009 4631 1117 4700 γάρ
1148 4630 1364 4700 πορνῶν
1416 4629 1838 4700 ἀσυνετώτεροι).
1890 4629 2053 4683 Ἀλλὰ

469 4724 558 4787 τί;
587 4721 767 4791 βούλει
798 4722 898 4791 τήν
933 4722 1243 4789 πλεονεξίαν
1276 4721 1434 4787 ἰδεῖν;
1473 4722 1580 4776 Καὶ
1612 4720 1774 4791 αὕτη,
1805 4721 1947 4792 άπερ
1988 4721 2054 4773 ἂν

469 4814 666 4886 ἐχθρὸς
717 4815 868 4883 ἡμᾶς
903 4813 1144 4884 διέθηκε,
1203 4814 1495 4885 διατίθησι.
1549 4813 1708 4879 Ιῐῶς;
1759 4813 2053 4867 Μισεῖσθαι

470 4906 563 4959 καὶ
596 4903 735 4974 αὕτη
761 4907 905 4956 ποιεῖ
938 4907 1089 4974 παρα
1115 4906 1332 4958 πάντων
1360 4921 1372 4934 ·
1420 4904 1626 4967 πάντας
1667 4905 1824 4974 ήμῶν
1859 4904 2052 4957 κατεύσ

471 4997 660 5069 χεσθαι
711 4999 1140 5068 παρασκευάζει,
1195 5000 1288 5051 καὶ
1331 5001 1456 5062 τοὺς
1509 4997 1892 5067 ἠδικημένους,
1952 5002 2047 5052 καὶ

472 5090 600 5154 τοὺς
625 5091 726 5142 οὐκ
770 5090 1154 5160 ἠδικημένους,
1210 5092 1437 5154 ἐκείνοις
1485 5092 1582 5160 μὲν
1637 5091 2053 5160 συναλγοῦντας,

476 5181 615 5251 ὑπὲρ
665 5181 723 5234 δὲ
777 5182 985 5234 ἑαυτῶν
1040 5182 1384 5244 δεδοικόταςο
1438 5181 1513 5244 ὡς
1562 5181 1787 5251 ἐχθροὺς
1843 5184 2055 5244 κοινοὺς

477 5274 676 5335 πάντες
706 5272 928 5343 ὁρῶσιν,
959 5273 1035 5335 ὡς
1061 5273 1246 5344 θηρία,
1279 5274 1350 5336 ὡς
1377 5274 1633 5343 δαίμονας
1656 5291 1668 5302 ·
1701 5273 1890 5342 μυρίαι
1924 5290 2051 5324 παν-

474 5362 640 5432 ταχοῦ
682 5365 1032 5435 κατηγορίαι,
1081 5366 1406 5431 ἐπιϐουλαὶ,
1459 5353 1661 5432 φθόνοι,
1712 5366 1855 5434 άπερ
1908 5366 2054 5417 ἐστὶν

477 5455 708 5527 ἐχθρῶν.
750 5457 813 5510 'H
841 5458 897 5510 δὲ
927 5457 1240 5527 δικαιοσύνη
1259 5458 1585 5520 τούναντίον,
1616 5458 1820 5518 πάντας
1844 5456 2051 5523 φίλους,

479 5549 689 5612 πάντας
739 5549 1010 5619 συνήθεις,
1053 5551 1262 5611 πάντας
1303 5550 1560 5611 εὐνοϊκῶς
1603 5549 1870 5619 διατίθησι
1918 5551 2055 5619 πρὸς

481 5642 630 5710 ἡμᾶς
653 5658 666 5671 ·
696 5643 846 5712 παρὰ
871 5644 1086 5695 πάντων
1124 5643 1262 5713 ὑπὲρ
1290 5642 1446 5712 ήμῶν
1487 5642 1644 5710 εὐχαὶ
1670 5641 1927 5708 γίνονται.
1967 5641 2053 5694 Ἐν

483 5733 754 5804 ἀσφαλείᾳ
783 5735 948 5805 πολλῇ
980 5733 1230 5787 ἐντεῦθεν
1263 5736 1331 5787 τά
1368 5734 1488 5787 καθ’
1521 5735 1688 5804 ἡμᾶς,
1737 5733 1912 5795 οὐδεὶς
1943 5732 2056 5786 κίν-

486 5821 660 5887 δυνος,
681 5825 904 5896 οὐδεμία
927 5823 1148 5894 ὑποψία,
1173 5825 1304 5878 ἀλλά
1329 5825 1424 5879 καὶ
1442 5828 1468 5878 6
1492 5823 1657 5888 ύπνος
1681 5825 1848 5888 ἀδεῶς
1867 5824 2044 5880 ἔπεισι

1190 407 1246 466 S.
1285 405 1572 462 JOANNIS
1605 405 2088 462 CIIRYSOSTOMI
2127 409 2444 466 ARCIIIEP.
2487 405 3040 464 CONSTANTINOP.

3589 405 3695 461 286

2138 523 2275 592 μετά
2307 522 2624 590 ἀσφαλείας,
2674 522 2898 590 οὐδεμία
2943 521 3184 590 φροντὶς,
3218 521 3393 584 οὐδεὶς
3440 523 3689 584 κοπετός.

2200 621 2267 681 7'.
2285 615 2444 683 Ὀρᾷς
2470 616 2552 667 ὃτι
2581 614 2780 683 μᾶλλον
2808 612 2947 682 αὕτη
2967 612 3298 681 βελτίων;Τί
3317 613 3394 671 δὲ,
3419 612 3540 666 εἰπέ
3573 632 3693 683 μοις

2128 701 2188 753 τὸ
2216 701 2448 769 φθονεῖν,
2489 702 2520 772 ἦ
2553 701 2614 753 τὸ
2652 700 2974 770 συνήδεσθαι
3016 700 3256 769 βέλτιον;
3294 699 3480 772 Ταῦτα
3524 701 3696 754 πάντα

2130 787 2492 856 ἐξετάσωμεν,
2520 788 2612 839 καὶ
2649 787 2976 857 εὑρήσομεν,
3005 788 3085 840 ὅτι
3182 788 3279 856 μὲν
3308 787 3501 857 ἀρετὴ,
3531 788 3698 840 καθά-

2131 891 2238 946 περ
2271 878 2450 944 μήτηρ
2486 875 2652 938 ὄντως
2684 875 3130 946 φιλόστοργος,ἐν
3154 875 3422 946 ἀσφαλείᾳ
3449 875 3699 947 καθίστηο

2134 979 2216 1014 σιν
2245 963 2326 1032 σή
2378 963 2434 1015 δὲ
2481 962 2645 1015 κακία
2697 964 2753 1014 ἐν
2802 963 3084 1026 κινδύνοις,
3133 965 3360 1033 πρᾶγμα
3407 966 3699 1032 ἐπισφαλὲς

2132 1051 2284 1124 {308]
2317 1053 2557 1122 ὑπάρχον
2582 1053 2676 1105 καὶ
2705 1053 3060 1107 ἐπικίνδυνον.
3095 1053 3291 1106 ’Ἄκουε
3324 1054 3432 1123 γάρ
3456 1053 3553 1106 τοῦ
3579 1071 3701 1124 προ-

2133 1143 2302 1208 φήτου
2329 1139 2576 1206 λέγοντος
2596 1181 2610 1199 ,
2648 1141 2991 1208 Κραταίωμα
3021 1141 3232 1207 Κύριος
3261 1139 3378 1194 τῶν
3415 1141 3703 1210 φοϐουμέ-

2133 1242 2255 1277 νων
2313 1226 2518 1283 αὐτὸν.
2554 1226 2651 1278 καὶ
2699 1227 2736 1291 ἡ
2772 1226 3026 1295 διαθήκη
3073 1227 3260 1281 αὑτοῦ
3297 1228 3403 1282 τοῦ
3433 1228 3701 1294 δηλῶσαι

2133 1312 2355 1378 αὐτοῖς.
2401 1313 2607 1366 Οὐδένα
2659 1313 2947 1367 δέδοικενό
3004 1315 3170 1384 μηδὲν
3222 1315 3401 1384 ἐαυτῷ
3452 1317 3704 1380 συνειδὼς

2133 1402 2368 1472 πονηρόν
2391 1417 2406 1432 ·
2429 1401 2602 1454 οὐδενὶ
2631 1403 2794 1454 πάλιν
2814 1402 3006 1474 θαρρεῖ
3033 1405 3062 1454 6
3087 1405 3145 1456 ἐν
3193 1404 3362 1475 κακία
3414 1404 3545 1468 ζῶν,
3577 1403 3706 1457 ἀλλὰ

2134 1490 2228 1544 καὶ
2279 1493 2405 1554 τοὺς
2437 1493 2657 1555 οἰκέτας
2691 1493 2904 1564 τρέμει,
2938 1495 3030 1545 καὶ
3062 1493 3201 1562 μετά
3234 1494 3468 1563 ὑποψίας
3491 1497 3614 1564 ὁρᾷ.
3643 1495 3703 1546 Τί

2134 1580 2191 1633 δέ
2234 1579 2380 1648 λέγω
2411 1583 2537 1644 τοὺς
2582 1581 2832 1645 οίκέτας;
2875 1580 2968 1633 τοῦ
3013 1582 3309 1645 συνειδότος
3336 1582 3395 1634 οὐ
3452 1583 3606 1650 φέρει
3647 1583 3704 1634 τὸ

2135 1668 2516 1740 δικαστήριονο
2558 1670 2655 1739 οὐχ
2699 1671 2747 1723 οἱ
2805 1669 2910 1734 ἔξω
2958 1671 3118 1738 μόνον
3145 1709 3160 1734 ,
3197 1671 3330 1724 ἀλλά
3365 1673 3458 1724 καὶ
3479 1675 3528 1724 οἱ
3563 1672 3704 1724 ἔνδον

2137 1757 2300 1809 αὐτὸν
2333 1757 2594 1810 κόπτουσι
2635 1757 2907 1826 λογισμοὶ,
2947 1759 3047 1810 οὐκ
3085 1758 3335 1826 ἀφιέντες
3377 1759 3543 1811 αὐτὸν
3577 1760 3706 1828 +795-

2141 1846 2280 1912 μεῖν.
2317 1844 2382 1894 Τί
2426 1840 2737 1914 οὗν,ιφησί;
2779 1845 2915 1914 πρὸς
2966 1846 3220 1907 ἐπαίνους
3268 1845 3604 1916 προσέχοντα
3632 1847 3708 1898 δεῖ

2139 1933 2267 2002 ζῇνς
2295 1932 2406 1985 Οὐκ
2435 1926 2575 1996 εἶπε,
2603 1932 2741 2003 Πρὸς
2759 1932 2976 1985 ἔπαινον
2999 1934 3116 2003 ὅρα,
3149 1932 3302 1996 ἀλλά,
3330 1933 3438 1985 Καὶ
3459 1935 3530 1985 τά
3557 1935 3707 1985 ἐπαι-

2141 2021 2270 2071 νετά
2301 2020 2462 2083 ποίει,
2502 2021 2576 2090 μὴ
2605 2021 2744 2088 πρὸς
2793 2020 3016 2073 ἔπαινον
3060 2019 3262 2089 μέντοι.
3293 2020 3454 2073 Ὅσα
3481 2020 3705 2087 ἀληθῆ·

2139 2106 2332 2175 ψεῦδος
2362 2107 2469 2177 γάρ
2493 2106 2663 2160 ταῦτα
2697 2124 2710 2137 ·
2742 2108 2893 2161 Ὅσα
2917 2107 3131 2176 σεμνά.
3156 2108 3228 2160 Τὸ
3254 2107 3450 2176 σεμνὸν
3481 2107 3585 2176 τῆς
3609 2107 3710 2172 ἐξω

2141 2196 2258 2247 ἐστὶ
2307 2197 2624 2265 δυνάμεως,
2661 2196 2723 2248 τὸ
2751 2196 2807 2250 δὲ
2839 2196 3022 2263 ἁγνὸν,
3047 2195 3145 2264 τῆς
3171 2194 3370 2267 ψυχῆς.
3398 2194 3490 2265 Μή
3516 2195 3708 2260 δίδοτε,

2143 2285 2295 2353 φησι,
2325 2283 2678 2353 πρόσκομμα,
2707 2283 2840 2352 μηδὲ
2865 2283 3056 2352 λαϐήν.
3074 2283 3290 2353 Ἐπειδὴ
3325 2279 3479 2336 εἶπεν
3501 2323 3516 2347 ,
3557 2285 3713 2338 Ὅσα

2140 2372 2398 2441 εὔφημα,
2448 2372 2535 2426 ἵνα
2570 2371 2644 2443 μὴ
2678 2371 2925 2442 νομίσῃς,
2956 2372 3036 2424 ὃτι
3087 2373 3156 2424 τά
3206 2372 3357 2441 παρά
3400 2369 3712 2440 ἀνθρώποις

2141 2458 2328 2521 ἁπλῶς
2375 2474 2558 2528 φησιν,
2585 2459 2887 2528 ἐπήγαγεν,
2934 2458 3007 2510 El
3052 2475 3138 2524 τις
3175 2458 3380 2526 ἀρετὴ,
3409 2460 3509 2512 καὶ
3545 2459 3601 2512 ετ
3626 2477 3712 2524 τις

2143 2549 2408 2614 ἔπαινος,
2439 2547 2624 2602 ταῦτα
2665 2545 2992 2616 λογίζεσθε,
3015 2546 3202 2600 ταῦτα
3240 2545 3547 2614 πράττετε.
3589 2551 3714 2598 Aw.-

2147 2639 2344 2700 παντὸς
2368 2635 2618 2707 βούλεται
2647 2636 2794 2705 ἡμᾶς
2812 2638 2870 2688 ἐν
2912 2633 3121 2698 τούτοις
3149 2630 3308 2696 εἶναι,
3336 2634 3507 2687 ταῦτα
3563 2651 3715 2704 μερι-

2147 2726 2306 2796 μνᾷν,
2333 2724 2506 2778 ταῦτα
2543 2726 2764 2776 ἐννοεῖν.
2784 2724 2846 2776 Εἰ
2874 2721 2984 2791 γάρ
3008 2721 3294 2792 μέλλοιμεν
3322 2722 3456 2792 πρὸς
3490 2721 3717 2783 ἐαυτοκ

2145 2810 2470 2882 εἰρηνεύειν,
2505 2812 2597 2864 καὶ
2628 2813 2656 2864 6
2687 2810 2819 2873 Θεὸς
2858 2809 3011 2863 ἔσται
3044 2809 3164 2880 μεθ’
3185 2810 3365 2881 ήμῶν.
3403 2811 3502 2861 Ἂν
3541 2809 3599 2861 δέ
3621 2810 3716 2861 πό-

2143 2900 2306 2968 λεμον
2339 2900 2667 2969 ἐγείρωμεν,
2705 2901 2734 2951 6
2753 2898 2855 2968 τῆς
2879 2899 3101 2970 εἰρήνης
3132 2897 3263 2959 Θεὸς
3288 2897 3387 2949 οὐκ
3407 2896 3564 2947 ἐσται
3599 2896 3716 2965 μεθ’

2143 2987 2322 3057 ήμῶν.
2353 2986 2520 3040 Οὐδὲν
2544 2986 2652 3058 γάρ
2668 2985 2810 3038 οὕτω
2837 2985 3095 3056 πολέμιον
3119 2988 3182 3054 τῇ
3208 2983 3377 3054 ψυχῇ,
3401 2983 3478 3046 ὡς
3509 2983 3679 3035 κακία
3700 2999 3715 3010 ο

2145 3077 2239 3128 καὶ
2274 3075 2426 3128 οὐδὲν
2465 3075 2635 3145 αὐτήν
2674 3075 2732 3128 ἐν
2773 3075 3044 3146 ἀσφαλείᾳ
3079 3074 3369 3144 καθίστησι
3417 3072 3606 3136 πάλιν,
3645 3071 3718 3134 ὡς

2145 3166 2179 3234 ή
2211 3164 2402 3234 εἰρήνη
2461 3165 2556 3216 καὶ
2594 3165 2625 3234 ή
2672 3163 2880 3234 ἀρετή·
2917 3163 3056 3215 ῶστε
3090 3162 3159 3214 τά
3204 3163 3332 3231 παρ’
3363 3160 3525 3232 ήμῶν
3553 3161 3714 3232 ἄρχεο

2147 3249 2270 3304 σθαι
2301 3251 2400 3315 δεῖ,
2435 3252 2529 3304 καὶ
2557 3251 2678 3303 τότε
2700 3251 2790 3304 τὸν
2809 3249 2940 3304 Θεὸν
2972 3247 3404 3317 ἐπισπασόμεθα.
3433 3249 3548 3302 Οὐκ
3572 3249 3721 3300 ἐστιν

2144 3341 2172 3391 6
2201 3339 2352 3404 Θεὸς,
2387 3339 2624 3409 πολέμου
2656 3340 2749 3392 καὶ
2787 3340 2965 3409 μάχης
2994 3339 3134 3400 θεός.
3171 3337 3378 3389 Οὐκοῦν
3416 3337 3719 3390 κατάλυσον

2146 3429 2239 3480 καὶ
2268 3428 2359 3481 τὸν
2384 3427 2620 3498 πόλεμον
2648 3429 2740 3480 καὶ
2761 3427 2858 3496 τὴν
2891 3428 3090 3497 μάχην,
3116 3427 3209 3479 καὶ
3237 3427 3336 3496 τὴν
3361 3425 3498 3496 πρὸς
3531 3425 3714 3491 αὐτὸν,

2147 3516 2240 3569 καὶ
2271 3515 2365 3586 τὴν
2392 3516 2527 3586 πρὸς
2554 3515 2644 3566 τὸν
2671 3515 2896 3585 πλησίον
2919 3531 2933 3543 ο
2961 3514 3232 3584 εἰρηνικὸς
3263 3512 3354 3566 ἔσο
3395 3513 3533 3584 πρὸς
3591 3515 3719 3566 πάν-

2147 3622 2243 3666 τας
2267 3621 2280 3634 ·
2321 3604 2577 3673 ἐννόησον
2617 3603 2768 3664 τίνας
2814 3605 2841 3656 6
2873 3602 3004 3664 Θεὸς
3027 3601 3187 3666 σώζει
3213 3619 3226 3631 ·
3250 3601 3538 3668 Μακάριοι
3561 3605 3616 3654 οἱ
3639 3604 3718 3654 ει-

2140 3689 2478 3758 ρηνοποιοὶ,
2509 3690 2693 3760 φησὶν,
2722 3689 2808 3742 ὅτι
2840 3689 3010 3744 αὐτοὶ
3060 3691 3173 3742 υἱοὶ
3209 3688 3355 3742 Θεοῦ
3379 3688 3712 3756 κληθήσον-

2149 3797 2262 3831 ται.
2303 3778 2601 3839 Διαπαντὸς
2629 3777 2718 3828 τὸν
2759 3777 2884 3828 Υίὸν
2905 3775 2998 3828 τοῦ
3029 3775 3161 3828 Θεοῦ
3186 3775 3478 3846 μιμοῦνται
3511 3778 3560 3829 οἱ
3605 3793 3717 3829 τοιο

2149 3867 2318 3926 οὗτοι,
2373 3869 2466 3918 καὶ
2534 3866 2772 3936 μίμησαι
2820 3867 2916 3918 καὶ
2973 3867 3036 3918 σὺ
3086 3865 3302 3916 αὐτόν’
3353 3866 3668 3934 είρήνευσον
3702 3881 3718 3896 ⁰

2150 3955 2259 4025 ὅσῳ
2299 3954 2363 4007 ἄν
2409 3971 2468 4006 σε
2513 3955 2770 4024 πολεμῇό
2795 3953 3042 4021 ἀδελφὸς,
3075 3953 3312 4017 τοσούτῳ
3343 3953 3549 4024 μείζων
3570 3956 3598 4006 ό
3631 3973 3719 4022 μι-

2155 4042 2297 4105 σθός.
2331 4043 2524 4095 Ἀκουε
2555 4043 2662 4113 γάρ
2691 4042 2785 4096 τοῦ
2809 4042 3088 4112 προφήτου
3127 4041 3396 4109 λέγοντος,
3423 4044 3587 4095 Μετὰ
3610 4041 3722 4094 τῶν

2148 4135 2492 4203 μισούντων
2537 4131 2650 4200 τὴν
2677 4131 2946 4200 εἰρήνην,
2977 4129 3140 4199 ἥμην
3187 4131 3504 4198 εἰρηνικός.
3553 4131 3721 4183 Τοῦτο

2154 4221 2346 4292 ἀρετή.
2387 4219 2547 4274 τοῦτο
2601 4221 2786 4291 μεῖζον
2840 4218 3184 4288 ἀνθρωπίνου
3229 4217 3513 4287 λογισμοῦ,
3567 4219 3721 4270 τοιῖτο

2199 4309 2289 4362 εοῦ
2320 4311 2484 4376 ἐγγυς
2509 4304 2648 4362 εἶναι
2681 4310 2840 4360 ποιεῖ.

2223 4397 2390 4450 Οὐδὲν
2445 4395 2618 4460 οὕτως
2667 4396 2948 4465 εὐφραίνει
2998 4394 3090 4446 τὸν
3118 4395 3269 4457 Θεὸν,
3302 4395 3376 4458 dx;
3402 4393 3464 4447 τὸ
3488 4393 3562 4464 μή
3586 4391 3720 4447 εἶναι

2159 4483 2492 4555 μνησίκακον
2521 4499 2535 4514 ·
2561 4484 2722 4539 τοῦτο
2761 4482 2951 4552 ἀφίησί
3008 4498 3067 4534 σε
3113 4481 3220 4534 τῶν
3271 4482 3721 4552 ἁμαρτημάτων,

2153 4573 2312 4626 τοῦτό
2338 4591 2419 4626 σοι
2441 4573 2558 4627 λύει
2598 4573 2668 4626 τὰ
2709 4573 3046 4641 ἐγκλήματα,
3085 4573 3181 4622 Ἂν
3202 4571 3260 4622 δὲ
3302 4571 3604 4640 μαχώμεθα
3635 4571 3722 4622 καὶ

2157 4661 2537 4732 πυκτεύωμεν,
2584 4663 2800 4730 μακράν
2839 4660 3100 4728 γινόμεθα
3139 4658 3230 4711 τοῦ
3261 4659 3420 4712 Θεοῦ.
3463 4659 3595 4710 Ἀπὸ
3628 4659 3722 4728 μὲν

2157 4749 2264 4819 γάρ
2297 4749 2394 4816 τῆς
2423 4749 2601 4819 μάχης
2630 4748 2820 4818 ἔχθραι
2842 4748 3133 4809 τίκτον-ται,
3162 4747 3271 4800 ἀπὸ
3303 4747 3359 4799 δέ
3396 4747 3492 4815 τῆς
3529 4745 3722 4817 ἔχθρας

2160 4838 2534 4908 μνησικακίαι.
2575 4836 2846 4906 Ἐκκοψον
2895 4837 2992 4905 τὴν
3045 4836 3220 4906 ῥίζαν,
3265 4837 3356 4888 καὶ
3395 4837 3494 4888 οὐκ
3516 4836 3669 4888 ἔσται
3696 4838 3724 4890 6

2157 4927 2365 4996 καρπός
2397 4943 2410 4956 °
2438 4925 2582 4978 οὕτω
2618 4924 2976 4995 μαθησόμεθα
3017 4923 3123 4976 τῶν
3153 4922 3422 4993 βιωτικῶν
3448 4939 3722 4994 καταφροο

2158 5019 2290 5069 νεῖν.
2327 5015 2401 5067 Οὐ
2435 5016 2546 5084 γάρ
2583 5016 2760 5076 ἐστιν,
2798 5015 2896 5066 οὐκ
2927 5013 3074 5066 ἔστιν
3102 5014 3158 5064 ἐν
3181 5014 3292 5076 τοῖς
3329 5015 3720 5081 πνευματικοῖς

2159 5101 2329 5172 μάχη,
2359 5099 2471 5153 ἀλλ’
2501 5100 2636 5167 ὅπερ
2690 5097 2754 5149 ἂν
2818 5097 2931 5167 ἴδῃς
2993 5097 3302 5165 γενόμενον,
3339 5094 3372 5165 ἢ
3413 5096 3589 5165 μάχας
3618 5096 3722 5164 ι,ή

2160 5189 2371 5257 φθόνον,
2403 5187 2435 5257 ἢ
2475 5187 2612 5257 ὅπερ
2643 5185 2710 5238 ἂν
2742 5185 2884 5237 εἴποι
2914 5201 3016 5247 τις,
3051 5182 3320 5252 βιωτικῶν
3365 5183 3554 5234 ἕνεκεν
3579 5184 3720 5252 γίνε-

2157 5296 2247 5330 ται
2273 5294 2286 5306 ο
2315 5277 2347 5345 ἦ
2384 5278 2491 5346 γὰρ
2520 5273 2854 5339 πλεονεξίας,
2889 5272 2920 5342 ἢ
2955 5272 3182 5340 φθόνου,
3210 5272 3244 5342 ἢ
3278 5271 3580 5335 κενοδοξίας
3615 5271 3721 5340 ἔχει

2158 5368 2329 5436 ἀρχὴν
2358 5367 2506 5417 πᾶσα
2550 5364 2719 5435 μάχη.
2746 5365 2843 5416 Ἂν
2878 5362 3056 5415 τοίνυν
3086 5361 3512 5431 είρηνεύσωμεν,
3545 5360 3718 5430 μαθηο

2160 5456 2362 5524 σόμεθα
2386 5453 2479 5506 καὶ
2508 5453 2615 5504 τῶν
2643 5453 2700 5503 ἐν
2729 5453 2794 5522 τῇ
2838 5452 2906 5520 γῇ
2939 5452 3317 5519 καταφρονεῖν.
3351 5448 3607 5520 ’Ήρπασέ
3635 5463 3714 5508 τις

2159 5547 2226 5598 τε
2292 5547 2585 5614 χρήματα;
2637 5541 2772 5593 Ἀλλ’
2803 5541 2952 5593 οὐδὲν
3011 5540 3256 5610 ἠδίκησε,
3325 5539 3481 5609 μόνον
3528 5537 3602 5607 μὴ
3637 5537 3720 5588 τὸν

2163 5838 2195 5894 ἢ
2220 5772 2245 5800 ⁸
2265 5772 2455 5846 ,Dunaeo
2479 5771 2674 5828 videtur
2694 5767 2976 5832 legendum,
3005 5767 3105 5815 ἀλλ’
3138 5766 3256 5813 ὅπου
3279 5764 3458 5824 aviam
3478 5757 3714 5822 γενομένην

2219 5849 2386 5894 Pam».

2219 5849 2386 5896 μαχην.
