3898 6506
176 426 275 481 285

179 550 246 591 ter
268 548 337 591 est
377 537 712 606 Quacumque
728 534 894 606 justo,
914 552 1233 607 qmccumque
1259 538 1401 590 bona.t
1424 540 1593 606 (autat,
1618 535 1731 590 hmc

175 639 311 695 sunt,
340 628 527 698 inquit,
557 630 742 698 Siqua
780 630 959 691 virtus,
999 638 1045 681 et
1088 630 1129 683 si
1159 646 1258 698 qua
1298 630 1429 681 laus.
1476 628 1587 683 Hoc
1615 628 1733 682 loco

176 720 278 773 vult
314 720 457 788 ipsns
499 734 561 773 ea
593 720 777 785 etiam,
808 735 926 788 quae
952 719 1018 772 ad
1050 719 1290 774 homines
1320 721 1607 789 pertinent,
1640 734 1733 773 cu-

172 826 303 865 rare.
339 808 464 864 Ha'c
488 811 723 880 cogitate,
755 811 943 880 inquit.
974 810 1134 874 Vides
1161 810 1262 864 hoc
1292 810 1511 863 Paulum
1551 825 1728 880 agere,

172 914 222 955 ut
252 918 462 955 omnem
496 917 709 971 pravam
758 903 1135 971 cogitationem
1180 918 1249 956 ex
1299 904 1489 957 auitnis
1538 906 1732 959 nostris

168 995 378 1064 ejiciat?
406 1010 469 1050 ex
498 996 906 1065 cogitationibus
933 997 1073 1051 enim
1104 1012 1278 1066 prava:
1317 1012 1528 1067 quoque
1566 997 1732 1053 actio-

169 1103 257 1141 nes
303 1087 566 1140 oriuntur.
619 1088 742 1154 Quae
788 1098 831 1141 et
872 1088 1138 1153 didicistis,
1183 1098 1230 1141 et
1274 1090 1555 1157 accepistis.
1608 1089 1732 1143 Hinc

166 1178 358 1247 optima
378 1178 601 1232 docendi
631 1180 765 1232 ratio
789 1188 888 1242 est,
921 1194 978 1231 se
1011 1179 1179 1247 ipsum
1208 1179 1258 1231 in
1286 1180 1533 1232 onmibus
1562 1180 1732 1231 moni-

167 1271 391 1324 tionibus
418 1269 695 1324 formulam
725 1272 959 1340 praebere
988 1289 999 1321 :
1032 1270 1478 1340 quemadmodum
1522 1285 1575 1325 et
1604 1270 1729 1324 alibi

166 1363 349 1431 inquit,
384 1361 525 1415 Sicut
554 1362 743 1415 habetis
774 1380 862 1414 nos
899 1363 1114 1430 formam
1139 1362 1394 1433 (Philipp.
1434 1363 1485 1417 5.
1518 1360 1644 1430 17);
1677 1369 1731 1416 et

162 1471 344 1511 rursus
373 1456 475 1519 hic,
503 1457 629 1522 Quae
653 1466 696 1509 et
722 1456 985 1520 didicistis,
1013 1466 1059 1508 et
1089 1456 1386 1524 accepistis;
1410 1455 1459 1507 id
1485 1465 1586 1519 est,
1612 1469 1729 1523 qua:

161 1563 255 1617 ego
284 1563 381 1601 vos
419 1548 609 1608 docui;
656 1557 700 1601 et
724 1547 956 1609 audistis,
991 1555 1036 1600 et
1087 1547 1278 1601 vidistis
1322 1550 1372 1599 in
1404 1564 1515 1610 tne;
1558 1546 1609 1599 id
1647 1554 1750 1607 est,

158 1648 409 1707 quantmn
442 1639 670 1707 pertinet
696 1638 759 1691 ad
793 1639 972 1697 verba.
1003 1648 1055 1690 et
1081 1639 1341 1701 actiones,
1372 1646 1426 1690 et
1454 1636 1572 1689 vine
1602 1651 1729 1689 con-

159 1732 509 1784 suetudinem.
536 1729 694 1784 Vides
723 1730 894 1798 ipsum
920 1730 1063 1783 onmi
1087 1734 1152 1783 de
1178 1745 1235 1783 re
1264 1729 1377 1783 luce
1407 1728 1727 1798 pr;ecipere?

158 1824 380 1889 Quando
407 1822 545 1876 enim
583 1823 800 1877 minime
830 1822 907 1877 fas
946 1821 1118 1877 estde
1146 1822 1391 1874 omnibus
1420 1821 1723 1890 singillatim

157 1914 362 1966 minuta
409 1915 649 1982 quaedam
693 1925 957 1983 praecepta
1002 1913 1163 1974 dare;
1216 1913 1283 1967 de
1342 1914 1601 1980 ingressu,
1658 1911 1725 1967 de

153 2020 393 2073 egressu,
437 2005 503 2057 de
548 2005 730 2069 verbo,
772 2005 958 2074 figura,
1005 2005 1387 2059 consuetudine
1436 2003 1720 2068 familiari;

153 2097 326 2149 omnia
358 2106 532 2150 autem
560 2098 671 2151 hazc
692 2097 995 2152 Christiano
1023 2098 1253 2152 curanda
1282 2108 1437 2153 sunt:
1465 2098 1719 2165 breviter,

152 2197 203 2241 et
227 2188 379 2255 quasi
408 2191 711 2243 summatim
738 2188 890 2252 dixit,
927 2189 989 2241 In
1015 2206 1091 2242 me
1110 2190 1392 2253 audivistis,
1422 2200 1468 2242 et
1497 2190 1720 2245 vidistis:

153 2279 368 2347 perinde
391 2295 454 2334 ac
481 2281 524 2333 si
546 2280 767 2345 diceret,
790 2281 855 2333 Et
877 2280 1025 2334 factis
1054 2292 1108 2335 et
1134 2283 1309 2335 verbis
1336 2282 1487 2338 vobis
1512 2283 1716 2352 praeivi.

152 2370 273 2425 Hice
316 2374 487 2441 agite;
527 2388 632 2424 non
676 2373 838 2426 dicite
883 2374 1079 2437 solum,
1124 2373 1218 2427 sed
1261 2373 1417 2426 etiam
1450 2371 1641 2439 facite;
1675 2383 1721 2427 et

146 2464 278 2518 Deus
310 2466 454 2532 pacis
488 2466 579 2518 erit
608 2465 880 2518 vobiscum.
908 2464 961 2518 Id
991 2474 1093 2530 est,
1124 2465 1178 2520 Si
1215 2465 1327 2519 hmc
1355 2468 1717 2529 scrvaveritis,

144 2564 340 2610 etcum
384 2556 631 2609 omnibus
672 2571 852 2625 pacem
886 2556 1195 2621 habueritis,
1247 2557 1295 2609 in
1338 2558 1624 2626 tranquillo
1666 2568 1720 2612 et

144 2648 409 2702 tutissimo
436 2649 586 2702 eritis
618 2649 764 2712 loco;
811 2648 939 2701 nihil
984 2648 1192 2702 molesti
1225 2649 1472 2718 quodque
1500 2649 1718 2703 minime

141 2740 309 2795 velitis
344 2740 636 2807 patiemini.
669 2738 1120 2808 Quandocumque
1149 2739 1291 2792 enim
1322 2753 1419 2792 nos
1444 2753 1564 2792 eum
1607 2739 1717 2792 Deo

140 2849 321 2903 pacem
366 2833 728 2898 habuerimus,
777 2832 1033 2886 habemus
1082 2840 1260 2885 autem
1308 2847 1403 2901 per
1444 2832 1712 2897 virtutem,

136 2930 303 2983 multo
338 2929 506 2997 magis
552 2929 665 2997 ipse
696 2928 971 2981 nobiscum
1011 2927 1061 2979 in
1108 2941 1235 2995 pace
1279 2927 1401 2981 erit.
1433 2925 1532 2992 Qui
1571 2926 1712 2979 enim

136 3023 203 3075 ita
235 3036 336 3076 nos
378 3025 592 3084 amavit,
625 3030 677 3073 ut
724 3020 804 3074 vel
836 3018 901 3073 ad
943 3018 1267 3088 refugientes
1306 3018 1621 3082 accesserit;
1668 3016 1712 3070 si

134 3123 480 3167 accurrentes
530 3112 727 3176 videat,
777 3126 955 3164 nonne
999 3111 1168 3163 multo
1223 3109 1387 3179 magis
1432 3124 1579 3163 suam
1620 3124 1715 3177 per

133 3222 191 3259 se
223 3205 363 3258 feret
414 3203 745 3257 amicitiam?
772 3202 912 3256 Nihil
944 3214 1146 3255 natura:
1192 3212 1388 3256 nostra:
1418 3201 1585 3270 magis
1611 3200 1713 3253 ini-

134 3295 328 3347 inicum
360 3304 465 3360 est,
494 3309 649 3362 quam
682 3293 888 3346 vitium.
919 3293 1194 3356 Quomodo
1228 3303 1403 3346 autem
1437 3292 1708 3344 inimicum

130 3388 196 3439 sit
222 3387 412 3440 vitium
435 3388 669 3440 etamica
697 3386 885 3450 virtus,
917 3386 1095 3438 nmltis
1122 3386 1447 3454 argumentis
1471 3396 1708 3439 constat:

132 3495 193 3532 ac
231 3479 278 3532 si
306 3478 496 3543 vultis,
526 3482 754 3547 primum
784 3477 834 3531 id
866 3489 1169 3546 Spceteinus
1197 3479 1248 3531 in
1278 3493 1383 3530 uno
1411 3493 1473 3531 ex
1506 3479 1567 3531 iis
1594 3493 1710 3545 quia

129 3569 401 3623 contraria
444 3580 585 3634 sunt,
620 3564 671 3623 id
710 3580 811 3630 est,
836 3569 885 3621 in
934 3569 1277 3622 seortatione.
1309 3569 1575 3622 Scortatio
1614 3584 1710 3621 nos

128 3660 410 3715 dedecoris
453 3661 656 3729 plenos,
685 3644 968 3731 pauperes,
1012 3659 1266 3713 ridiculos
1296 3660 1437 3724 facit,
1486 3675 1547 3713 ac
1577 3660 1709 3714 tales

128 3752 302 3806 reddit
331 3752 425 3820 qui
466 3752 532 3805 ab
558 3752 804 3806 omnibus
851 3761 1255 3813 contemnantur
1286 3769 1297 3803 :
1331 3753 1443 3806 haec
1472 3767 1598 3806 vero
1635 3752 1709 3805 fas

127 3860 248 3898 cere
292 3844 631 3897 inimicorum
672 3854 772 3899 est.
803 3844 957 3911 Szepe
986 3854 1160 3897 autem
1193 3846 1305 3896 haec
1332 3853 1384 3897 et
1412 3844 1628 3897 morbos
1655 3852 1708 3897 et

130 3936 365 4004 pericula
395 3934 548 3989 affert
578 3952 592 3989 :
626 3936 775 3989 multi
802 3951 930 3989 vero
956 3936 1116 3990 etiam
1164 3944 1517 3989 scortatorum
1546 3950 1705 3989 causa

128 4028 423 4094 perierunt,
456 4039 505 4081 et
536 4028 749 4080 vulnera
792 4036 1131 4096 acceperunt.
1165 4026 1317 4092 Quod
1361 4028 1403 4079 si
1452 4026 1706 4081 scortatio

128 4120 240 4173 lucc
285 4118 478 4182 affert,
537 4118 702 4171 multo
754 4117 920 4187 magis
975 4117 1313 4171 adulterium.
1364 4117 1499 4172 Num
1543 4119 1705 4188 igitur

124 4212 314 4265 eodem
360 4210 521 4264 modo
560 4210 941 4281 eleemosyna?
985 4209 1319 4279 Neutiquam,
1366 4210 1457 4265 sed
1487 4211 1704 4279 perinde

123 4312 283 4371 atque
321 4316 503 4357 tenera
538 4312 707 4357 mater
754 4302 917 4356 ﬁliolo
946 4318 1189 4372 magnam
1217 4310 1571 4366 venustatem,
1600 4302 1695 4356 de-

124 4409 242 4457 cas,
275 4394 495 4462 gloriam
523 4393 794 4458 conciliat,
836 4394 1067 4462 facitque
1113 4393 1433 4449 necessariis
1464 4394 1699 4448 muneri-

128 4484 502 4540 busobeundis
530 4486 835 4539 incumbere
861 4503 873 4538 :
908 4502 1011 4539 non
1044 4486 1292 4556 relinquit
1321 4500 1438 4551 nos,
1470 4500 1641 4554 neque
1667 4500 1699 4539 a

125 4577 447 4630 necessariis
464 4576 698 4641 abducit,
731 4576 823 4630 sed
852 4579 1085 4631 animum
1114 4578 1510 4647 prudentiorem
1538 4578 1697 4632 etiam

124 4669 325 4723 reddit.
365 4670 757 4724 Scortatoribus
800 4672 941 4724 enim
974 4671 1105 4725 nihil
1153 4671 1563 4740 imprudentius.
1596 4671 1699 4726 Sed

116 4763 269 4818 visne
297 4764 575 4817 avaritiam
621 4764 1007 4842 inspiciamus?
1053 4764 1119 4818 Et
1148 4764 1263 4818 haec
1307 4765 1495 4819 eodem
1540 4765 1700 4818 modo

114 4874 240 4927 erga
288 4874 390 4912 nos
421 4857 606 4913 affecta
653 4869 753 4921 est,
787 4874 891 4927 quo
926 4858 1125 4912 inimici
1156 4858 1355 4913 solent.
1380 4859 1696 4924 Quomodo?

111 4952 308 5004 Odium
341 4962 395 5005 et
433 4952 546 5005 hinc
578 4952 730 5005 nobis
758 4952 824 5005 ab
867 4951 1116 5004 omnibus
1143 4953 1423 5015 conciliat;
1467 4951 1696 5020 facitque

110 5054 167 5095 ut
192 5059 391 5098 omnes
443 5060 540 5097 nos
583 5055 949 5110 exsecrentur,
992 5054 1043 5098 et
1071 5046 1158 5113 qui
1192 5045 1433 5113 injuriam
1475 5060 1697 5114 accepe-

105 5145 254 5202 runt,
287 5147 345 5191 et
372 5138 464 5204 qui
496 5151 600 5189 non
631 5147 947 5204 acceperunt
982 5153 1140 5190 :nam
1188 5146 1241 5190 et
1285 5138 1492 5190 illorum
1522 5138 1690 5191 vicem

106 5222 318 5291 dolent,
378 5233 435 5280 et
484 5226 582 5279 sibi
633 5227 762 5294 ipsis
810 5235 1070 5280 metuunt.
1121 5226 1476 5293 Quamobrem
1529 5228 1690 5281 veluti

101 5331 430 5371 communes
464 5318 721 5384 quosdam
753 5319 933 5372 hostes
978 5318 1248 5371 intuentur
1290 5333 1496 5384 omnes,
1526 5319 1691 5373 veluti

98 5412 267 5476 feras,
298 5413 463 5465 veluti
488 5413 758 5465 daemonas
804 5431 816 5465 :
846 5422 1110 5466 sexcenta:
1140 5412 1369 5482 undique
1393 5414 1687 5466 accusatio-

99 5522 216 5571 nes,
250 5506 491 5570 insidiae,
517 5505 750 5569 invidia},
788 5521 905 5576 qua:
936 5506 1147 5576 quidem
1177 5506 1510 5560 inimicorum
1540 5514 1685 5560 sunt.

98 5596 305 5652 Contra
363 5607 543 5652 autem
590 5598 793 5669 justitia
838 5614 1025 5653 omnes
1074 5600 1293 5663 amicos,
1346 5613 1534 5653 omnes
1588 5614 1686 5653 usu

95 5692 450 5761 conjunctos,
474 5707 658 5747 omnes
681 5694 968 5748 benevolos
996 5694 1146 5747 nobis
1168 5694 1321 5754 facit;
1346 5696 1413 5747 ab
1438 5695 1686 5750 omnibus

96 5798 292 5851 preces
323 5798 425 5854 pro
453 5785 607 5839 nobis
629 5784 921 5839 funduntur
950 5804 961 5838 :
996 5787 1067 5839 ita
1089 5796 1257 5840 status
1284 5796 1463 5841 noster
1490 5787 1540 5840 in
1571 5796 1684 5841 tuto

93 5876 445 5946 collocatur;
477 5877 679 5933 nullum
707 5876 1023 5949 periculum.
1055 5878 1195 5940 nulla
1223 5878 1477 5951 suspicio,
1508 5878 1599 5936 sed
1628 5888 1682 5936 et

1013 421 1079 478 IN
1120 423 1331 480 EPIST.
1376 424 1465 477 AD
1505 421 1786 477 PHILIPP.
1828 424 1981 481 CAP.
2027 428 2110 484 ιγ.
2155 430 2383 489 llOMlL.
2427 437 2567 494 XIV.

3311 456 3415 511 sse

1842 550 2063 596 somnus
2089 548 2391 605 securitatis
2416 553 2608 623 plenus
2633 556 2884 627 advenit;
2917 561 3058 618 nulla
3090 566 3415 631 sollicitudo.

1840 631 2018 686 nullus
2049 636 2295 704 ejulatus.

1909 722 1966 817 2i.
2008 725 2165 783 Vides
2206 730 2344 788 hanc
2388 736 2545 808 longe
2585 741 2863 799 meliorem
2918 750 3075 803 esse?
3116 750 3273 817 Quid,
3324 755 3414 811 dic

1838 813 1992 912 mihi,
2028 821 2264 878 satiusne
2291 834 2372 879 est
2402 826 2659 897 invidere,
2692 848 2759 886 an
2802 836 2993 893 aliena:
3025 813 3222 897 lmtiiise
3252 813 3411 912 parti-

1838 906 2008 974 cipem
2036 910 2191 967 fieri?
2223 915 2344 971 Hice
2380 921 2558 976 omnia
2585 926 2945 993 expendamus
2971 947 2985 995 ;
3017 948 3077 985 ac
3101 949 3230 989 sane
3260 937 3410 992 inve-

1837 999 2046 1093 niemus
2073 1005 2318 1063 virtutem
2342 1012 2579 1079 quidem,
2624 1026 2679 1069 ut
2715 1029 2936 1074 matrem
2967 1038 3092 1078 vere
3118 1039 3408 1093 amantem,

1836 1089 2027 1147 afferre
2055 1098 2395 1154 securitatem
2414 1113 2572 1173 atque
2601 1106 2653 1160 in
2688 1116 2799 1163 tuto
2827 1111 3114 1179 collocare,
3148 1089 3409 1171 vitiosita-

1838 1192 1942 1236 tem
1982 1202 2108 1241 vero
2153 1192 2419 1259 conjicere
2468 1197 2517 1249 iu
2560 1200 2795 1267 pericula
2826 1219 2839 1258 :
2874 1219 2960 1258 res
3006 1208 3148 1260 enim
3191 1212 3408 1263 ouinino
3472 1254 3479 1263 λ.

1836 1286 1918 1329 est
1955 1280 2309 1346 periculorum
2357 1288 2529 1355 plena.
2564 1292 2700 1346 Audi
2750 1295 3057 1364 pmphetam
3090 1298 3354 1355 dicentem
3389 1322 3404 1357 :

1836 1365 2235 1427 Firmamentum
2256 1387 2326 1430 est
2348 1379 2594 1434 Dominus
2618 1384 2901 1439 timentibus
2920 1403 3051 1451 eum,
3069 1399 3116 1442 et
3142 1401 3405 1445 testamen-

1835 1465 1939 1510 tum
1967 1461 2125 1528 ipsius
2146 1473 2199 1516 ut
2223 1468 2568 1537 manifestatur
2593 1473 2715 1541 ipsis
2735 1474 2850 1542 (Ps.
2875 1476 2966 1530 ‘24.
2994 1479 3103 1548 Μ).
3130 1480 3404 1537 Neminem

1836 1548 2017 1618 timet,
2064 1555 2152 1620 qui
2194 1558 2393 1612 nullius
2440 1562 2566 1615 mali
2615 1565 2716 1617 sibi
2767 1577 2844 1619 est
2887 1572 3134 1623 conscius
3166 1586 3179 1625 :
3208 1575 3403 1628 nemini

1832 1652 2015 1697 contra
2048 1644 2187 1713 fidit,
2220 1652 2306 1717 qui
2335 1666 2454 1705 cum
2500 1654 2835 1723 improbitate
2868 1660 3013 1726 vivit,
3052 1663 3145 1716 sed
3175 1662 3408 1719 famulos

1831 1732 1991 1786 etiam
2042 1738 2266 1802 metuit,
2337 1756 2537 1811 eosque
2592 1760 2711 1798 cum
2788 1749 3091 1817 susnicione
3148 1753 3401 1809 intuetur.

1833 1822 2034 1893 Ecquid
2082 1826 2202 1882 dico
2255 1828 2521 1889 famulos?
2573 1838 2914 1892 conscientiae
2965 1841 3128 1909 ipsius
3172 1845 3403 1901 tribunal

1832 1915 1969 1969 ferre
1993 1932 2094 1970 non
2129 1928 2337 1987 potest:
2374 1938 2477 1977 non
2511 1928 2680 1980 solum
2710 1945 2828 1996 qua:
2858 1939 3095 1986 externm
3130 1947 3274 2003 sunt,
3307 1941 3403 1994 sed

1830 2004 2048 2061 interna}
2094 2012 2253 2064 etiam
2305 2016 2739 2072 ratiocinationes
2782 2020 2953 2090 ipsum
3000 2023 3256 2093 fodicant,
3306 2045 3405 2084 nec

1828 2100 2101 2166 quiescere
2127 2119 2376 2171 umquam
2419 2109 2617 2162 sinunt.
2650 2111 2807 2180 Ergo,
2842 2112 3069 2182 inquies,
3095 2117 3163 2169 ita
3192 2132 3403 2187 oportet

1828 2190 2027 2254 vivere,
2080 2201 2137 2245 ut
2176 2194 2383 2249 laudem
2436 2201 2677 2266 spectes?
2724 2201 2837 2255 Non
2892 2204 3024 2258 dixit
3067 2207 3280 2272 Paulus,
3325 2215 3400 2265 Ad

1828 2279 2033 2335 laudem
2084 2296 2262 2353 specta
2286 2330 2298 2348 ,
2332 2289 2461 2354 sed,
2495 2290 2599 2344 Fac
2644 2292 2923 2348 laudabilia
2948 2338 2960 2357 ,
2996 2314 3097 2353 non
3154 2314 3401 2369 Spectans

1825 2372 1889 2425 ad
1963 2375 2189 2428 laudem.
2252 2380 2588 2449 Quwcumque
2653 2391 2803 2445 vera';
2854 2388 3184 2443 mendacium
3256 2394 3396 2447 enim

1826 2464 1921 2516 ista
1972 2478 2124 2532 stmt,
2172 2485 2498 2539 quwcumque
2548 2486 2742 2528 sancta.
2788 2475 2902 2530 Vox
2953 2479 3072 2546 ista,
3123 2495 3299 2549 σεμνόν,
3348 2486 3399 2539 id

1823 2565 1904 2610 est
1950 2560 2207 2627 gravitas,
2237 2562 2300 2614 ad
2353 2575 2629 2619 externam
2675 2571 2901 2636 pertinet
2946 2572 3231 2642 virtutem;
3269 2582 3403 2644 ἄγων

1824 2663 1982 2710 vero,
2038 2649 2088 2703 id
2145 2660 2225 2705 est
2282 2653 2561 2722 pudicitia,
2621 2660 2813 2713 anima:
2872 2664 3084 2733 propria
3142 2679 3240 2721 est.
3292 2669 3397 2723 Ne-

1823 2742 1970 2805 mini,
2004 2744 2189 2813 inquit,
2214 2744 2337 2801 dale
2372 2748 2530 2801 ullam
2559 2749 2923 2819 ofl‘eiisionem,
2955 2772 3125 2827 neque
3164 2764 3400 2816 «ccasio-

1823 2850 1967 2886 uem.
1997 2835 2255 2904 QnOuiam
2295 2837 2518 2905 dixerat,
2566 2840 2901 2911 Qumcumque
2940 2847 3083 2901 bona:
3111 2852 3283 2920 fama},
3332 2871 3399 2907 ne

1819 2926 2090 2979 existimes
2130 2927 2193 2979 ad
2243 2928 2484 2983 homines
2528 2940 2727 2986 tantum
2777 2946 3067 3004 spectasse,
3116 2944 3304 2997 addit:
3337 2945 3399 2999 Si

1818 3034 1917 3087 qua
1950 3020 2120 3083 virtus,
2166 3030 2215 3073 et
2260 3021 2303 3073 si
2344 3039 2444 3091 qua
2488 3025 2618 3088 laus,
2670 3025 2774 3079 lucc
2809 3030 3041 3097 cogitate,
3091 3033 3196 3086 Iiwc
3241 3037 3394 3104 agite.

1820 3108 2079 3178 Perpetuo
2106 3112 2216 3164 vult
2241 3126 2337 3165 nos
2370 3113 2419 3165 in
2453 3112 2533 3168 his
2563 3130 2700 3177 esse,
2730 3116 2841 3172 hsce
2868 3136 3075 3185 curare,
3109 3126 3220 3177 ha-c
3248 3130 3394 3196 Cogi-

1820 3208 1952 3253 tarc.
1984 3199 2112 3253 Nam
2155 3202 2197 3255 si
2245 3203 2516 3257 nobiscum
2564 3206 2659 3274 ipsi
2699 3224 2879 3276 pacein
2926 3225 3225 3279 servemus,
3260 3218 3395 3272 Dens

1819 3292 1976 3346 etiam
2023 3292 2295 3348 nobiscum
2345 3297 2446 3350 erit
2479 3316 2491 3349 :
2524 3298 2604 3351 sin
2652 3299 2851 3354 bellum
2896 3311 3208 3370 excitemus,
3258 3310 3397 3364 Dens

1823 3385 1969 3453 pacis
1998 3386 2217 3441 minime
2246 3388 2519 3442 nobiscum
2549 3390 2671 3444 erit.
2703 3391 2844 3446 Nihil
2875 3396 3015 3449 enim
3044 3415 3194 3466 a-qno
3228 3401 3395 3455 hosti-

1820 3474 1941 3529 liter
1967 3476 2277 3531 adversatur
2306 3480 2517 3539 animat.
2551 3496 2611 3534 ac
2638 3482 2927 3545 vitiositas;
2975 3498 3028 3541 et
3073 3490 3201 3543 nihil
3243 3492 3396 3546 vicis-

1816 3566 1915 3619 sim
1961 3582 2111 3635 aique
2157 3568 2298 3622 illam
2341 3569 2392 3621 in
2427 3580 2538 3623 tuto
2583 3573 2829 3638 collocat,
2878 3591 2939 3628 ac
2972 3594 3067 3645 pax
3113 3591 3165 3633 et
3207 3584 3389 3635 virtus.

1815 3655 2167 3721 Quamobrem
2224 3660 2534 3727 incipiamus
2584 3673 2761 3715 nostra
2809 3678 3103 3734 priestare,
3163 3684 3394 3744 tuncque

1817 3750 1981 3804 Demn
2008 3751 2069 3802 ad
2095 3766 2191 3804 nos
2218 3752 2530 3806 allicicmus.
2565 3754 2706 3809 Deus
2738 3769 2945 3812 nonest
2976 3760 3097 3815 belli
3130 3772 3179 3817 et
3202 3782 3392 3836 pugna:

1813 3841 1966 3896 deus.
2018 3842 2233 3911 Depone
2281 3845 2437 3911 igitur
2480 3846 2675 3900 bellum
2725 3858 2775 3902 et
2806 3866 3055 3920 pugnant,
3105 3871 3223 3910 cum
3264 3876 3393 3930 erga

1816 3931 2023 3994 Deum,
2082 3942 2193 3986 tum
2248 3950 2371 4003 erga
2423 3937 2721 4004 proximum
2758 3957 2771 3992 :
2805 3942 3053 4009 pacificus
3101 3957 3217 4000 esto
3266 3967 3389 4021 erga

1813 4038 1998 4077 onmes
2032 4026 2237 4095 :Cogita
2267 4028 2579 4096 quibusnam
2628 4030 2764 4085 Deus
2807 4034 3030 4089 salutem
3061 4039 3187 4093 det:
3223 4041 3388 4107 Beati,

1812 4116 2014 4182 inquit,
2070 4118 2304 4185 paciﬁci,
2356 4121 2593 4189 quoniam
2644 4124 2743 4192 ipsi
2792 4126 2888 4192 ﬁlii
2939 4128 3035 4181 Dei
3085 4133 3391 4189 vocabuntur

1812 4204 2020 4277 (Matth.
2064 4208 2114 4262 5.
2146 4209 2224 4278 9).
2253 4209 2349 4276 Qui
2384 4212 2516 4266 tales
2562 4221 2706 4279 sunt,
2760 4228 3015 4285 perpetuo
3057 4220 3248 4277 Filium
3292 4226 3388 4281 Dei

1810 4301 2101 4355 imitantur.
2126 4303 2385 4357 Eumdem
2412 4315 2463 4358 tu
2487 4321 2698 4375 qunque
2721 4309 2924 4363 imitare
2948 4331 2959 4364 :
2985 4329 3163 4379 pacem
3194 4333 3382 4373 serva:

1809 4403 2005 4459 quanto
2029 4393 2169 4447 enim
2195 4393 2363 4461 magis
2384 4398 2708 4464 oppugnabit
2740 4407 2789 4451 te
2819 4399 3003 4467 frater,
3040 4412 3186 4458 tanto
3216 4408 3387 4477 major

1808 4484 1909 4537 erit
1938 4498 2163 4538 merces.
2198 4484 2330 4537 Audi
2362 4487 2673 4554 prophetam
2703 4487 2990 4555 dicentem,
3021 4491 3145 4547 Cum
3190 4498 3270 4560 iis,
3299 4500 3386 4568 qui

1807 4573 2017 4627 oderunt
2047 4590 2242 4643 pacem,
2283 4590 2419 4627 eram
2463 4576 2704 4645 paciﬁcus
2745 4578 2931 4648 (Psal.
2984 4584 3099 4656 H9.
3135 4586 3198 4656 7)
3224 4627 3238 4641 .
3271 4589 3384 4645 Hoc

1806 4668 1975 4722 virtus
2000 4677 2101 4731 est,
2130 4666 2231 4721 hoc
2257 4666 2483 4721 humana
2509 4670 2911 4727 ratiocinatione
2940 4654 3129 4745 majtis,
3156 4654 3258 4733 hoc
3286 4697 3383 4737 nos

1806 4778 1972 4833 prope
2004 4764 2169 4817 Deum
2198 4762 2364 4831 ponit.

1875 4840 2191 4917 Iniuriarum
2210 4854 2389 4909 oblivio
2406 4855 2796 4910 conuuendatur.
2813 4887 2882 4896 —
2894 4857 3030 4913 Nihil
3047 4877 3195 4930 atque
3216 4864 3378 4919 Deum

1804 4942 2053 5011 laetificat,
2077 4955 2234 5015 atque
2263 4947 2569 5016 injuriarum
2588 4948 2952 5005 inanemorem
2971 4966 3089 5005 eSse
3116 4972 3126 5007 :
3154 4953 3255 5009 hoc
3282 4966 3379 5013 tea

1804 5042 2034 5110 peccatis
2062 5040 2271 5105 liberat,
2316 5041 2417 5095 hoc
2443 5041 2584 5095 delet
2624 5042 2846 5096 erimina
2884 5061 2896 5095 :
2930 5048 3067 5113 quod
3097 5049 3140 5100 si
3174 5065 3372 5118 pugne-

1802 5148 1920 5187 mus
1966 5147 2029 5187 ac
2067 5132 2349 5196 luctemur,
2389 5133 2543 5201 longe
2588 5149 2616 5184 a
2665 5134 2771 5187 Deo
2809 5136 3035 5189 abimus.
3081 5137 3157 5190 Ex
3203 5156 3370 5208 pugna

1800 5226 1941 5279 enim
1988 5224 2277 5278 inimicitia:
2306 5227 2581 5287 oriuntur;
2616 5224 2919 5279 inimicitias
2963 5228 3205 5295 sequitur
3234 5230 3372 5299 inju-

1799 5320 1992 5372 riarum
2012 5318 2285 5371 memoria.
2307 5316 2503 5370 Exeide
2525 5316 2778 5383 radicem,
2801 5326 2853 5371 et
2873 5333 2974 5371 non
2994 5333 3231 5388 erumpet
3256 5323 3368 5374 fru-

1798 5422 1912 5466 ctus
1945 5429 1958 5464 :
1988 5411 2058 5464 ita
2109 5410 2376 5464 discemus
2424 5424 2506 5472 ea,
2553 5426 2671 5478 qua:
2724 5410 2791 5463 ad
2838 5422 3153 5479 praesentem
3205 5412 3365 5469 vitam

1799 5486 2084 5571 pertinent,
2118 5501 2415 5571 despicere.
2440 5500 2554 5554 Non
2581 5502 2720 5553 enim
2752 5511 2854 5565 est,
2887 5516 2991 5555 non
3020 5505 3176 5557 estin
3207 5506 3370 5561 rebus

1794 5594 2158 5665 spiritualibus
2194 5609 2399 5664 pugna;
2448 5592 2541 5645 sed
2585 5591 2840 5661 quidquid
2886 5592 3147 5660 ejusmodi
3188 5597 3368 5653 videas

1794 5688 2011 5754 exoriri,
2037 5688 2119 5742 vel
2152 5702 2353 5757 pugnas
2380 5686 2461 5740 vel
2507 5684 2778 5750 invidiam,
2812 5685 2923 5741 sive
2963 5687 3173 5756 quidvis
3198 5690 3366 5758 aliud,

1795 5798 1970 5838 rerum
2000 5780 2065 5836 ad
2097 5781 2232 5835 hanc
2252 5780 2410 5834 vitam
2435 5778 2809 5849 pertinentium
2843 5794 3002 5835 causa
3028 5784 3357 5839 exoriuntur.

1793 5877 1922 5935 Nam
1952 5875 2035 5933 vel
2062 5874 2127 5932 ab
2160 5873 2317 5929 alieni
2359 5871 2668 5945 cupiditate,
2699 5871 2781 5928 vel
2825 5871 2894 5929 ab
2925 5873 3147 5945 invidia,
3185 5875 3267 5935 vel
3294 5877 3367 5939 al}
