3974 6564
471 454 577 509 881

473 571 649 625 inanis
696 572 877 642 gloriae
929 571 1104 626 studio
1156 572 1361 626 initium
1413 575 1575 627 sumit
1619 574 1791 628 omnis
1841 586 2035 641 pugna.

472 664 649 731 Quare
694 666 736 717 si
770 679 947 729 pacem
990 666 1407 729 servaverimus,
1451 676 1659 721 terrena
1705 667 1864 720 etiam
1906 679 2038 719 con-

472 762 709 807 temnere
736 752 1023 809 disccmus.
1066 755 1272 824 Eripuit
1313 758 1433 827 quis
1460 757 1747 825 pecunias?
1776 756 1880 811 Sed
1910 755 2038 808 nihil

470 842 625 908 lmsit,
674 842 905 912 inquies,
949 844 1238 899 dummodo
1277 861 1497 916 superas
1541 848 1661 901 illas
1710 846 1918 900 divitias
1972 860 2039 900 ne

364 972 383 989 η
469 934 677 1001 eripiat.
706 934 980 1004 lmpedivit
1019 937 1242 1007 gloriam
1272 938 1453 991 tuam?
1501 940 1568 991 At
1611 956 1714 992 non
1753 953 1889 1000 eam,
1918 952 2036 1005 quae

471 1024 606 1091 apud
636 1026 798 1079 Deum
831 1037 932 1091 est,
980 1028 1072 1082 sed
1104 1027 1242 1082 hanc
1290 1028 1486 1084 nullius
1514 1030 1666 1097 pretii
1702 1048 1715 1083 :
1747 1044 1849 1083 non
1896 1029 2037 1083 enim

469 1118 583 1171 lure
609 1118 773 1186 gloria
802 1129 904 1181 est,
935 1119 1029 1174 sed
1052 1135 1242 1175 nomen
1269 1123 1476 1191 glorite,
1504 1138 1564 1175 ac
1591 1124 1762 1190 potius
1793 1121 2037 1175 obscuri-

468 1217 569 1260 tas.
602 1210 809 1279 Eripuit
851 1212 942 1265 tibi
989 1212 1289 1266 honorem?
1334 1213 1444 1267 lmo
1492 1229 1596 1267 non
1642 1214 1757 1279 tibi,
1806 1214 1898 1267 sed
1937 1213 2039 1267 sibi

469 1298 587 1366 ipsi.
633 1300 764 1354 Nam
812 1302 950 1356 sicut
993 1303 1082 1371 qui
1130 1303 1373 1372 in,’uriam
1414 1303 1559 1368 facit,
1612 1321 1714 1359 non
1762 1304 1901 1367 iacit,
1943 1303 2038 1358 sed

465 1391 696 1460 accipit:
722 1393 790 1446 ita
822 1394 908 1461 qui
940 1394 1180 1460 proximo
1210 1394 1427 1449 insidias
1459 1403 1629 1466 parat,
1673 1395 1905 1462 seipsum
1929 1394 2039 1463 pri-

466 1496 612 1534 mum
663 1483 832 1549 perdit
871 1483 1058 1553 (liccli.
1095 1484 1178 1538 10.
1210 1484 1265 1553 8)
1298 1502 1310 1536 :
1349 1501 1469 1538 nam
1506 1486 1594 1553 qui
1624 1484 1755 1539 fodit
1798 1485 2039 1554 proximo

464 1588 562 1626 suo
594 1573 818 1639 foveam,
864 1577 914 1628 in
960 1578 1127 1645 ipsam
1157 1577 1358 1630 incidit.
1404 1576 1541 1645 Ergo
1586 1592 1690 1631 non
1725 1576 2038 1632 insidiemur

464 1662 642 1727 alteri,
673 1673 728 1717 ut
769 1680 836 1719 ne
866 1666 1019 1720 nobis
1050 1666 1146 1734 ipsi
1179 1681 1498 1729 noceamus;
1530 1683 1648 1722 cum
1685 1668 1903 1722 alterius
1923 1670 2038 1737 glo-

463 1754 597 1807 riam
622 1754 1039 1824 intervertimus,
1070 1758 1364 1827 cogitemus
1390 1774 1486 1813 nos
1510 1761 1651 1827 ipsos
1679 1774 1818 1822 esse,
1842 1761 2037 1829 quibus

462 1863 748 1902 noceanms
789 1860 946 1918 atque
974 1850 1193 1904 insidias
1226 1851 1523 1909 tendamus.
1555 1850 1685 1904 Nam
1718 1852 1765 1905 ei
1797 1853 2031 1921 quidem,

463 1940 507 1993 si
537 1954 634 1993 nos
663 1940 782 2008 plus
805 1942 1150 2009 potuerimus,
1174 1944 1311 2011 apud
1340 1943 1582 1998 homines
1621 1943 1845 1999 fortasse
1879 1960 2037 1998 noce-

463 2044 610 2095 mus;
655 2044 751 2084 nos
780 2042 955 2085 autem
987 2033 1127 2101 ipsos
1175 2033 1315 2103 apud
1359 2034 1522 2088 Deum
1551 2034 1811 2097 lardimus,
1862 2036 2034 2105 ipsum

1178 450 1234 507 S.
1274 452 1550 510 JOANNIS
1584 448 2054 510 CllRYSOSTOMl
2092 448 2401 504 ARCIIIEP.
2441 447 2966 505 CONSTANTINOP.

3606 458 3716 516 283

2150 567 2439 621 irritantes.
2482 567 2662 637 Itaque
2689 583 2795 621 non
2823 568 2974 623 nobis
3004 568 3135 639 ipsis
3168 585 3473 629 noceamus.
3500 572 3633 631 Nam
3660 588 3718 633 ut

2147 656 2390 725 injuriam
2409 650 2942 725 ριυιηὶιιιοίῐτιοὶεηῑεθ.
2968 660 3121 715 nobis
3146 661 3275 729 ipsis
3296 663 3519 719 iacimus
3538 684 3553 719 :
3572 668 3643 721 ita
3668 672 3717 723 ei

2146 745 2568 810 benefacientes,
2619 748 2773 802 nobis
2827 749 2957 818 ipsis
3004 751 3386 809 benefacimus.
3435 757 3569 810 Cum
3623 760 3717 814 tibi

2146 836 2396 892 damnum
2419 840 2593 893 attulit
2622 839 2887 905 inimicus,
2912 843 3150 911 cogitans
3176 842 3491 900 beneﬁcium
3522 848 3712 915 potius,

2147 930 2191 983 si
2225 930 2418 999 sapias,
2452 932 2543 985 tibi
2572 932 2880 998 contulisse,
2916 948 3020 986 non
3053 933 3210 988 modo
3232 952 3327 1005 par
3358 937 3432 991 illi
3460 938 3714 998 danutum

2147 1037 2252 1075 non
2280 1022 2493 1087 inleres,
2516 1024 2607 1079 sed
2633 1026 2789 1079 etiam
2815 1025 3130 1082 benefacies.
3156 1030 3225 1081 At
3248 1041 3448 1094 manet,
3482 1033 3712 1103 inquies,

2145 1114 2489 1170 vehementer
2540 1115 2733 1170 inﬂicta
2780 1118 2951 1187 plaga.
2992 1118 3103 1174 Hoc
3157 1119 3320 1190 igitur
3362 1124 3560 1192 cogita,
3610 1141 3717 1179 non

2147 1206 2292 1260 illum
2327 1222 2446 1261 esse
2473 1208 2556 1262 cui
2586 1208 2905 1274 benefacias,
2950 1210 3042 1265 sed
3071 1212 3246 1280 potius
3276 1212 3344 1267 de
3382 1214 3476 1268 illo
3502 1215 3717 1284 quidem

2146 1304 2198 1350 te
2224 1298 2537 1366 supplicium
2569 1313 2800 1364 sumere,
2842 1300 2936 1354 tibi
2969 1316 3095 1355 vero
3129 1302 3460 1370 benefacere,
3508 1320 3573 1361 ac
3610 1308 3717 1362 cito

2145 1386 2249 1442 huc
2294 1387 2597 1451 adduceris,
2641 1398 2699 1443 ut
2742 1389 3063 1445 benefacias.
3090 1392 3227 1460 Quid
3258 1394 3454 1463 igitur?
3484 1396 3719 1454 istumne

2144 1478 2201 1533 in
2230 1478 2609 1534 benefaciendo
2649 1494 2865 1550 scopum
2896 1496 3195 1551 proponere
3241 1484 3334 1537 tibi
3359 1484 3572 1540 debes?
3598 1486 3713 1541 Non

2145 1586 2277 1626 sane
2319 1571 2516 1635 istum;
2562 1572 2655 1627 sed
2694 1572 2909 1642 quando
2948 1588 3044 1628 cor
3072 1585 3220 1629 tuum
3253 1576 3407 1630 aliter
3432 1577 3575 1633 ﬂecti
3612 1597 3714 1635 non

2145 1672 2339 1734 potest,
2372 1663 2454 1717 vel
2486 1662 2586 1717 hac
2610 1664 2815 1719 ratione
2842 1664 3014 1733 ipsum
3039 1664 3308 1730 adducito,
3340 1682 3403 1721 ac
3436 1668 3588 1724 brevi
3618 1672 3715 1740 ipsi

2144 1756 2489 1826 persuadebis
2514 1756 2781 1825 deponere
2822 1757 3170 1825 simultatem,
3214 1767 3269 1814 et
3311 1760 3529 1817 inimico
3571 1777 3714 1833 post-

2145 1850 2267 1917 hac,
2316 1859 2584 1919 tamquam
2625 1849 2797 1903 amico
2837 1848 3161 1916 benefacies,
3206 1860 3262 1905 et
3308 1852 3481 1907 futura
3522 1871 3715 1911 conse-

2143 1944 2325 2013 queris
2364 1942 2502 1996 bona
2528 1958 2542 1994 :
2567 1940 2759 2010 quibus
2790 1941 2986 1996 utinam
3011 1956 3109 1997 nos
3155 1956 3343 1998 omnes
3370 1942 3634 2011 fruamur,
3665 1948 3714 2003 in

2142 2035 2353 2089 Christo
2378 2033 2524 2098 Jcsu,
2548 2042 2648 2086 etc.

1904 2239 2241 2301 HOMILIA
2276 2239 2416 2298 XV.

462 2363 585 2419 Car.
643 2368 694 2419 4.
745 2382 797 2419 v.
847 2367 931 2421 10.
974 2363 1184 2419 Gavisus
1210 2380 1320 2418 sum
1346 2365 1399 2416 in
1448 2362 1662 2416 Domino
1693 2363 2028 2428 vehementer,

530 2459 767 2526 quoniam
797 2457 1069 2527 aliquando
1115 2455 1314 2509 tandem
1344 2455 1643 2525 reﬂoruistis
1682 2472 1774 2524 pro
1803 2471 1882 2507 me
1920 2471 2034 2508 sen—

532 2553 657 2616 tire,
687 2553 813 2603 sicut
847 2560 893 2603 et
916 2549 1230 2611 sentiebatis,
1269 2549 1499 2615 occupati
1535 2556 1703 2599 autent
1746 2547 1912 2599 eratis.
1946 2547 2033 2599 11.

533 2641 652 2695 Νοη
676 2642 818 2709 quasi
848 2652 1051 2711 prapter
1082 2640 1340 2709 penuriam
1384 2640 1496 2692 dico
1526 2654 1543 2691 :
1568 2655 1658 2708 ego
1703 2640 1833 2691 enim
1861 2637 2033 2701 didici,

531 2735 582 2786 in
612 2734 786 2803 quibus
806 2750 937 2798 sum,
965 2733 1209 2803 sufﬁciens
1237 2747 1361 2784 esse.
1396 2730 1479 2785 1‘2.
1530 2730 1652 2784 Scio
1683 2739 1727 2783 et
1758 2729 2034 2793 humiliari,

532 2827 634 2878 scio
677 2834 723 2878 et
767 2824 1066 2888 abundare;
1115 2825 1296 2893 ubique
1323 2832 1369 2876 et
1408 2822 1459 2875 in
1508 2820 1738 2875 omnibus
1785 2821 2038 2874 institutus

534 2935 647 2972 sum
670 2957 684 2981 ,
713 2928 759 2971 et
785 2918 961 2969 satiari
986 2926 1031 2969 et
1075 2917 1295 2977 esurire,
1344 2923 1390 2965 et
1424 2913 1681 2967 abundare
1705 2923 1749 2965 et
1781 2912 2039 2981 penuriam

538 3016 691 3082 pati:
735 3013 819 3065 15.
853 3010 1022 3064 omnia
1071 3024 1274 3077 possunt
1305 3007 1356 3059 in
1400 3022 1478 3071 eo,
1507 3005 1590 3074 qui
1643 3021 1720 3057 me
1764 3006 2035 3073 confortnt,

536 3105 753 3157 Christo.
789 3104 873 3156 14.
915 3101 1261 3154 Verumtamen
1289 3097 1597 3169 benefecistis
1620 3137 1633 3161 ,
1665 3095 2038 3150 communican-

535 3204 605 3247 tes
636 3191 947 3245 tribulationi
977 3205 1122 3243 metu.

538 3288 591 3341 1.
636 3286 968 3355 Eleemosyna
993 3298 1092 3337 non
1119 3282 1489 3351 accipientium,
1520 3280 1608 3334 sed
1636 3280 1865 3334 dentium
1889 3295 2042 3333 causa

462 3380 672 3434 inducta
699 3378 901 3447 fnit.—
928 3377 1082 3445 Saepe
1130 3374 1237 3428 dixi
1268 3374 1698 3442 eleemosynam,
1745 3386 1849 3425 non
1897 3371 2040 3425 acci-

467 3472 745 3542 pientium,
772 3468 861 3523 sed
893 3467 1131 3522 dantium
1159 3480 1318 3519 causa
1349 3464 1701 3518 introductam
1733 3477 1851 3517 esse
1877 3480 1889 3514 :
1922 3477 2040 3515 nam

468 3565 543 3617 illi
592 3571 757 3626 sunt,
786 3560 876 3630 qui
922 3560 1210 3614 maximum
1259 3565 1521 3626 quieslum
1575 3555 1793 3609 faciunt.
1840 3555 1952 3609 lloc
1991 3564 2042 3609 et

471 3670 612 3709 nunc
654 3651 886 3706 ostendit
926 3650 1141 3705 Paulus.
1185 3646 1499 3715 Quomodo?
1539 3645 1789 3701 Miseram
1827 3645 1893 3700 ad
1922 3661 2043 3700 eum

468 3745 711 3815 qnmdam
760 3744 916 3811 longo
963 3740 1245 3795 intervallo
1275 3738 1677 3808 Philippenses,
1718 3752 1887 3807 eaque
1934 3737 2045 3806 ipsa

470 3836 837 3906 Epaphrodito
883 3834 949 3887 ad
1000 3832 1176 3901 ipsum
1219 3830 1532 3900 perferenda
1576 3828 1850 3883 dederant.
1884 3827 2045 3881 Istum

472 3929 636 3996 igitur
664 3941 785 3979 cum
810 3923 908 3976 hac
936 3922 1160 3991 epistola
1194 3919 1531 3981 remissurus,
1555 3918 1675 3972 vide
1699 3918 1967 3987 quomodo
1995 3927 2048 3970 et

472 4021 617 4085 ipsos
644 4013 857 4076 laudet,
895 4020 951 4065 et.
975 4010 1220 4064 ostendat
1246 4024 1349 4061 non
1396 4018 1501 4061 tam
1530 4008 1595 4061 ad
1635 4008 2007 4078 accipientium
2030 4048 2045 4071 ,

471 4122 631 4177 quam
667 4105 733 4159 ad
760 4104 997 4158 dantium
1029 4102 1307 4155 utilitatem
1336 4099 1385 4153 id
1418 4099 1765 4154 redundasse.
1800 4100 1909 4153 lloc
1950 4114 2047 4152 au-

473 4211 581 4254 tem
611 4198 753 4261 facit,
788 4206 845 4250 ut
872 4211 1043 4264 neque
1069 4194 1155 4264 qui
1182 4192 1517 4246 beneiaeiunt
1543 4192 1593 4244 in
1620 4190 1919 4259 superbiam
1952 4206 2049 4244 ex-

473 4290 751 4355 tollantur,
797 4285 891 4341 sed
940 4285 1006 4339 ad
1067 4282 1506 4337 benefaciendum
1555 4281 1838 4334 alacriores
1885 4280 2047 4343 liam,

471 4383 669 4454 quippe
696 4395 818 4435 cum
842 4394 900 4434 se
931 4378 1075 4447 ipsos
1101 4374 1269 4446 magis
1295 4374 1481 4443 juvent
1506 4390 1518 4426 :
1552 4382 1606 4427 et
1634 4372 1721 4441 qui
1747 4372 2047 4441 accipiunt,

476 4490 582 4528 non
613 4473 837 4527 licenter
866 4475 1184 4539 procurrant
1210 4465 1275 4519 ad
1305 4463 1693 4534 accipiendum,
1735 4472 1791 4517 ut
1819 4478 1886 4518 ne
1906 4463 2052 4532 judi-

475 4566 619 4620 cium
656 4563 919 4632 accipiant
952 4579 963 4613 :
999 4560 1207 4613 Beatum
1252 4557 1413 4621 enim,
1448 4555 1638 4623 inquit,
1667 4567 1738 4609 est
1767 4556 1926 4626 magis
1955 4561 2052 4608 da-

475 4676 552 4721 re,
581 4674 732 4726 quam
763 4655 991 4721 accipere
1022 4652 1154 4723 (Act.
1181 4651 1272 4705 20.
1306 4651 1417 4720 55).
1446 4649 1583 4717 Quid
1610 4665 1737 4719 ergo
1768 4650 2049 4719 significat,

478 4749 604 4802 dum
635 4746 784 4810 dicit,
815 4744 1029 4798 Gauisus
1057 4758 1168 4796 sum
1188 4751 1351 4794 autem
1373 4741 1425 4794 in
1451 4738 1669 4793 Domino
1709 4740 2055 4794 vehementer?

481 4841 596 4895 Non
628 4838 834 4904 mundi,
885 4836 1073 4905 inquit,
1097 4844 1255 4903 atque
1283 4833 1439 4901 hujus
1480 4833 1603 4885 vita:
1650 4847 1795 4886 more
1840 4832 2055 4901 gavisus

480 4948 620 4995 sum,
653 4930 746 4985 sed
776 4930 826 4983 in
855 4929 1098 4990 Domino,
1122 4941 1226 4979 non
1253 4926 1502 4994 quoniam
1532 4939 1632 4994 ego
1653 4924 1929 4993 respiravi,
1961 4924 2055 4980 sed

481 5022 731 5093 quoniam
761 5036 855 5073 vos
891 5016 1238 5088 proiecistis:
1293 5015 1406 5070 haec
1452 5000 1594 5069 enim
1638 5030 1753 5070 mea
1796 5018 2056 5070 recreatio

486 5126 588 5171 est.
620 5116 907 5185 Propterea
954 5112 1113 5165 etiam
1155 5108 1356 5178 inquit,
1396 5107 1764 5163 Vehementer:
1807 5110 2055 5179 quoniam

485 5224 591 5263 non
623 5216 739 5262 erat
764 5218 1081 5273 corporeum
1110 5202 1395 5273 gaudium,
1426 5216 1599 5270 neque
1644 5216 1741 5270 pro
1765 5216 1857 5254 sua
1889 5201 2057 5270 ipsius

484 5299 818 5356 recreatione
846 5295 1139 5367 gaudebat,
1187 5293 1281 5348 scd
1315 5309 1410 5363 pro
1444 5292 1658 5348 illorum
1689 5295 1952 5363 proiectu.
1995 5295 2060 5349 Et

486 5394 626 5456 vide,
658 5390 922 5461 quomodo
950 5404 1069 5444 cum
1104 5388 1222 5441 illos
1249 5387 1486 5440 nonnihil
1523 5386 1590 5440 de
1621 5385 1888 5454 praeterito
1920 5395 2055 5440 tem-

488 5500 619 5554 pore
648 5483 995 5552 objurgasset,
1026 5480 1277 5534 continuo
1307 5477 1359 5532 id
1389 5478 1763 5542 occultaverit,
1790 5476 2056 5532 condoce-

488 5576 688 5631 faciens
710 5573 922 5628 assidue
946 5582 1000 5627 et
1044 5581 1299 5641 perpetuo
1328 5570 1528 5624 versari
1558 5570 1608 5622 in
1653 5567 2055 5624 benefaciendo.

493 5670 743 5735 Quoniam
766 5667 968 5719 tandem
994 5663 1286 5733 aliquando,
1318 5663 1504 5732 inquit.
1536 5661 1689 5727 illud,
1708 5660 1939 5715 Tandem
1959 5662 2059 5716 ali-

490 5759 690 5829 quando
712 5800 725 5822 ,
750 5759 966 5827 longum
1008 5766 1216 5824 tempus
1252 5751 1533 5809 indicantis
1561 5762 1661 5808 est.
1708 5750 2057 5822 Reﬂoruistis,

492 5852 642 5920 quasi
670 5849 736 5903 de
762 5848 1040 5903 arboribus
1080 5845 1519 5917 germinantibus,
1561 5842 1753 5899 deinde
1793 5844 2056 5913 arefactis,

501 5959 564 6001 ac
586 5958 768 6000 rursus
797 5939 1233 6014 germinantibus.
1265 5938 1377 5997 Hoc
1404 5952 1528 5996 vero
1549 5937 1828 5998 iudicantis
1857 5949 1956 6008 est,
1989 5940 2053 5997 il-

2145 2360 2226 2415 los
2257 2375 2377 2414 cum
2404 2369 2557 2414 antea
2581 2359 2855 2425 ﬂorerent,
2886 2375 2947 2414 ac
2978 2372 3159 2431 postea
3189 2362 3577 2429 cxtabuissent,
3600 2382 3717 2419 rur-

2140 2466 2232 2506 sus
2258 2452 2438 2520 vigere
2485 2466 2548 2505 ac
2588 2451 2887 2519 germinare
2921 2453 3149 2522 cmpisse
3182 2470 3194 2504 :
3223 2456 3570 2521 quamobrem
3615 2474 3718 2513 vos

2141 2544 2258 2607 ista,
2290 2543 2635 2613 Rcﬂoruistis,
2666 2553 2720 2598 et
2740 2543 3162 2615 objurgationem
3192 2557 3245 2600 et
3272 2547 3481 2602 laudem
3513 2549 3675 2606 habet
3700 2570 3713 2604 :

2142 2652 2250 2691 non
2275 2637 2417 2690 enim
2451 2651 2635 2705 parum
2661 2646 2765 2703 est,
2796 2652 2915 2691 cum
2946 2638 3271 2704 extabueris,
3298 2640 3576 2697 reﬂorere.
3608 2643 3717 2698 To-

2142 2736 2249 2781 tum
2280 2742 2408 2782 vero
2457 2727 2510 2781 id
2536 2742 2602 2782 ex
2632 2728 2952 2798 negligentia
3002 2729 3109 2784 illis
3154 2732 3412 2787 accidisse
3457 2734 3714 2789 ostendit.

2143 2820 2249 2875 Pro
2273 2837 2350 2873 me
2390 2820 2605 2885 sentire,
2634 2821 2765 2874 sicut
2790 2829 2839 2874 et
2863 2821 3172 2878 sentiebatis.
3208 2823 3302 2877 Hic
3327 2827 3567 2880 ostendit
3591 2841 3718 2881 con-

2146 2926 2331 2965 suesse
2364 2912 2484 2964 illos
2509 2912 2558 2964 in
2583 2910 2885 2980 huiusmodi
2909 2910 3069 2966 rebus
3092 2913 3380 2969 liberaliter
3398 2932 3457 2969 se
3483 2932 3673 2987 gerere
3702 2937 3714 2970 :

2141 3011 2425 3072 propterea
2456 3001 2641 3056 addit:
2674 3000 2780 3055 Pro
2809 3018 2885 3055 me
2923 3004 3106 3058 sentire
3131 3046 3147 3070 ,
3180 3006 3307 3058 sicut
3336 3016 3384 3059 et
3409 3009 3715 3063 sentiebatis.

2142 3094 2219 3147 Ac
2242 3109 2308 3146 ne
2337 3102 2487 3162 putes
2516 3094 2658 3162 ipsos
2687 3094 2846 3147 etiam
2872 3094 3081 3147 caeteris
3104 3094 3156 3148 in
3181 3095 3363 3161 rebus,
3390 3112 3510 3151 cum
3534 3113 3716 3167 prom-

2143 3187 2349 3256 ptiores
2378 3197 2575 3253 essent,
2612 3196 2796 3257 postea
2841 3187 3178 3255 extabuisse,
3224 3191 3315 3246 sed
3346 3192 3395 3244 in
3426 3193 3525 3246 hac
3562 3193 3675 3247 sola
3698 3234 3716 3259 ,

2145 3280 2267 3334 vide
2298 3296 2453 3349 quam
2485 3289 2655 3343 cavet,
2686 3280 2756 3333 ita
2785 3279 2970 3334 dicens
3002 3297 3014 3332 :
3057 3280 3284 3335 Tandem
3326 3284 3602 3353 aliquando
3641 3302 3717 3337 re-

2144 3370 2384 3440 ﬂoruistis
2410 3387 2501 3440 pro
2531 3388 2608 3425 me
2627 3373 2832 3426 sentire.
2862 3371 3091 3427 Perinde
3114 3388 3177 3427 ac
3207 3374 3247 3427 si
3273 3374 3496 3438 diceret,
3524 3376 3603 3430 De
3623 3376 3720 3430 hac

2147 3463 2257 3515 sola
2290 3477 2347 3516 re
2379 3461 2528 3523 illttd,
2561 3462 2847 3527 Aliquando
2874 3465 3097 3531 tandem,
3142 3465 3308 3533 accipi
3337 3466 3496 3530 volo;
3530 3467 3583 3520 in
3613 3484 3719 3522 Ge-

2148 3556 2274 3609 leris
2300 3557 2443 3608 enim
2473 3555 2634 3609 rebus
2676 3571 2780 3609 non
2813 3554 2903 3610 ita.
2936 3555 3040 3610 Sed
3085 3568 3285 3625 queret
3333 3558 3418 3613 hic
3456 3560 3719 3630 quispiam

2146 3662 2243 3701 cur
2270 3647 2360 3717 qui
2391 3646 2539 3712 dicit,
2572 3644 2786 3700 Beatum
2811 3657 2883 3701 est
2908 3648 3067 3717 magis
3092 3648 3233 3716 dare,
3261 3666 3412 3720 quam
3454 3654 3721 3721 accipere;

2147 3745 2233 3799 et,
2271 3737 2520 3804 Quoniam
2564 3737 2632 3789 ad
2660 3753 2718 3791 ea
2746 3753 2861 3802 qua:
2901 3738 3025 3791 mihi
3068 3755 3195 3806 Opus
3223 3751 3401 3802 erant,
3451 3754 3499 3795 et
3527 3744 3592 3797 iis
3638 3746 3720 3811 qui

2149 3844 2342 3881 mecum
2370 3836 2503 3893 sunt,
2538 3828 2941 3880 ministraverunt
2970 3844 3149 3881 manus
3169 3845 3291 3882 mea:
3310 3828 3448 3899 (Act.
3478 3830 3572 3886 9.0.
3593 3834 3681 3895 51)
3703 3849 3735 3897 ςΔ

2150 3929 2205 3975 et
2243 3935 2429 3975 rursus
2470 3920 2535 3974 ad
2581 3919 2887 3975 Corinthios
2924 3920 3198 3986 scribens,
3236 3920 3433 3976 Bonum
3471 3935 3543 3977 est
3591 3927 3719 3979 enim

2153 4012 2277 4065 mihi
2303 4013 2462 4082 magis
2493 4013 2640 4077 mori,
2673 4029 2824 4083 quam
2852 4023 2907 4066 ut
2945 4014 3160 4083 gloriam
3186 4030 3346 4067 meam
3372 4016 3485 4087 quis
3516 4028 3719 4070 evacuet

2153 4102 2231 4169 (l.
2264 4100 2379 4155 Cor.
2411 4101 2466 4157 9.
2499 4103 2619 4170 15);
2654 4118 2793 4157 nunc
2831 4117 2937 4157 non
2964 4113 3114 4157 curet
3136 4104 3356 4174 gloriam
3389 4109 3542 4159 istam
3572 4124 3718 4161 suam

2153 4196 2418 4260 evacuari,
2449 4204 2503 4249 et
2542 4195 2606 4249 ad
2634 4195 2856 4249 nihilum
2900 4195 3159 4250 recidere.
3193 4196 3511 4263 Quomodo?
3562 4199 3721 4252 Nimi-

2155 4303 2307 4355 rum,
2340 4287 2463 4341 dum
2494 4288 2718 4357 accepit.
2751 4287 2880 4342 Nam
2909 4290 2951 4344 si
2983 4289 3411 4360 gloria,.inquit,
3461 4308 3577 4346 mea
3612 4293 3719 4345 lure

2156 4387 2258 4444 est,
2310 4378 2439 4432 nihil
2488 4380 2751 4447 accipere,
2798 4380 3065 4448 quomodo
3109 4396 3247 4434 nunc
3295 4396 3358 4435 eo
3401 4382 3719 4436 adducitur?

2156 4471 2291 4537 Quid
2311 4486 2438 4541 ergo
2465 4471 2745 4526 dicendum
2773 4471 2891 4525 est?
2919 4471 2990 4525 Ibi
3010 4470 3128 4541 jure
3154 4472 3354 4540 optimo
3375 4489 3478 4527 non
3502 4476 3721 4543 accipie-

2158 4562 2248 4617 bat
2301 4563 2828 4633 pseudapostolorum
2873 4578 3053 4627 causa,
3090 4562 3155 4617 Ut
3197 4564 3250 4616 in
3292 4581 3388 4634 quo
3424 4566 3717 4635 gloriantur,

2160 4654 2348 4723 inquit,
2372 4656 2703 4715 inveniantur,
2736 4654 2859 4707 sicut
2886 4665 2931 4707 et
2965 4671 3055 4708 nos
3089 4655 3163 4723 (2.
3197 4655 3315 4710 Cor.
3349 4658 3433 4711 11.
3469 4658 3578 4727 12).
3611 4659 3731 4713 Non,

2161 4744 2315 4804 dixit,
2342 4743 2495 4805 Sunt,
2524 4746 2637 4809 sed,
2670 4744 2986 4807 Glorientur;
3015 4747 3135 4801 hinc
3162 4748 3450 4803 ostendens
3477 4751 3597 4804 illos
3636 4768 3720 4804 ac-

2160 4837 2338 4904 cipere
2366 4836 2577 4904 quidem
2608 4837 2815 4898 solitos,
2846 4836 2940 4891 sed
2969 4840 3102 4890 clam
3134 4856 3146 4889 :
3180 4848 3458 4906 propterea
3480 4840 3634 4903 dixit,
3663 4842 3722 4893 In

2160 4944 2256 4997 quo
2277 4926 2576 4998 gloriantur.
2603 4927 2907 4995 Accipiehat
2935 4942 3107 4982 autem
3136 4938 3190 4983 et
3218 4931 3349 4999 ipse,
3385 4934 3594 4986 tametsi
3624 4950 3721 4986 non

2162 5019 2231 5073 ibi
2265 5039 2277 5072 :
2312 5030 2588 5088 prOpterca
2623 5020 2847 5087 ipsemet
2873 5020 3102 5086 dicebat,
3144 5020 3263 5074 Non
3300 5023 3602 5093 infringetur
3622 5026 3724 5094 glo-

2161 5113 2310 5165 riatio
2342 5126 2453 5164 mea
2477 5109 2637 5179 (Ibid.
2666 5126 2712 5164 υ.
2739 5111 2851 5183 10).
2884 5112 2949 5166 Ει
2977 5127 3078 5165 non
3101 5113 3271 5165 solum
3299 5113 3450 5179 dixit,
3480 5113 3602 5169 Non
3648 5118 3722 5168 iu-

2165 5207 2428 5277 fringelur,
2459 5202 2554 5258 sed
2584 5204 2799 5273 exponit
2824 5204 2983 5258 etiam
3012 5204 3121 5268 ubi,
3154 5204 3335 5259 dicens
3368 5224 3380 5258 :
3408 5203 3475 5259 In
3504 5206 3721 5278 regioni-

2163 5296 2255 5349 bus
2283 5295 2521 5361 Achaiw;
2551 5304 2605 5349 et
2622 5309 2828 5357 rursus,
2859 5294 2998 5348 Alias
3027 5294 3278 5348 Ecclesias
3305 5296 3609 5364 exspoliavi,
3637 5314 3723 5350 ac-

2163 5387 2351 5459 cipiens
2378 5386 2627 5457 stipendia
2656 5386 2723 5438 ad
2750 5385 3078 5439 ministerium
3130 5394 3344 5439 vestrum
3375 5384 3535 5456 (Ibid.
3569 5404 3617 5442 υ.
3645 5389 3718 5459 8).

2165 5478 2278 5533 lloc
2305 5479 2443 5533 enim
2474 5478 2751 5533 indicantis
2777 5489 2878 5543 est,
2908 5493 2967 5533 se
2997 5478 3235 5548 accipere
3260 5478 3495 5533 solitum.
3535 5480 3721 5535 Verum

2165 5570 2359 5626 Paulus
2386 5571 2597 5640 quidem
2630 5571 2819 5625 merito
2849 5570 3160 5640 accipiebat,
3194 5580 3394 5624 tantum
3423 5573 3603 5641 operis
3630 5574 3720 5626 ha-

2163 5663 2295 5718 bens
2328 5680 2341 5715 :
2374 5662 2467 5717 sed
2510 5664 2598 5732 qui
2643 5662 2775 5716 nihil
2798 5671 2994 5732 agunt,
3033 5662 3296 5732 quomodo
3325 5673 3551 5733 possunt
3584 5663 3720 5717 acci-

2165 5753 2329 5824 pere?
2357 5754 2427 5807 At
2458 5768 2663 5822 preces,
2697 5753 2973 5822 inquiunt,
3023 5752 3204 5808 fundo.
3234 5753 3338 5809 Sed
3370 5768 3475 5808 nou
3516 5755 3618 5808 hoc
3645 5760 3723 5808 est

2165 5863 2297 5917 opus
2328 5864 2342 5902 :
2384 5847 2508 5902 licet
2535 5846 2675 5903 enim
2708 5846 2757 5899 id
2786 5847 2947 5900 etiam
2979 5847 3134 5900 simul
3166 5863 3285 5902 cum
3329 5863 3491 5917 Opere
3530 5848 3714 5901 facere.

2165 5942 2230 5995 At
2253 5939 2454 6010 jejuno.
2480 5938 2582 5995 Sed
2610 5951 2780 6009 neque
2808 5936 2905 5993 hoc
2924 5953 3054 6009 opus
3075 5950 3173 5994 cst.
3203 5937 3331 5994 Vide
3354 5939 3565 5995 beatum
3587 5937 3721 5990 hunc
