3974 6570
523 435 628 492 εει)

526 543 794 615 πολλαχοῦ
847 543 1204 612 κηρύττοντα,
1241 540 1330 593 καὶ
1362 539 1746 611 ἐργαζόμενον.
1799 540 2078 608 Ἠκαιρεῖ-
2114 550 2116 552 '

519 639 630 689 σθε
679 632 763 694 δὲ,
795 630 944 698 φησί.
976 628 1040 679 Τί
1074 630 1221 679 ἐστιν
1246 668 1260 691 ,
1298 627 1663 694 ’Πχαιρεῖσοε
1692 645 1711 691 ;
1747 628 1820 679 Οὐ
1845 627 1944 694 τῆς
1980 628 2077 694 ρᾳ-

521 719 718 788 θυμίας
741 714 914 784 ὑμῶν,
942 713 1130 783 φησὶν,
1161 714 1294 765 ἀλλὰ
1321 713 1421 781 τῆς
1453 713 1696 781 ἀνάγκης
1722 730 1734 742 ·
1777 713 1874 764 ούκ
1904 713 2078 781 εἴχετε

517 811 575 857 ἐν
607 805 812 875 χερσὶν,
862 803 981 855 οὐδὲ
1036 805 1092 854 ἐν
1151 803 1382 873 ἀειαθονίξι⁴
1419 798 1516 872 ἦτε
1544 802 1738 854 ’τοῦτο
1776 802 1886 871 γάρ
1913 803 2076 862 ἐστιν,

529 889 886 958 Ἡκαιρεῖσθε
922 886 1008 941 δέ.
1056 889 1188 939 Ἀπὸ
1235 889 1334 957 τῆς
1383 888 1567 958 κοινῆς
1614 888 1743 941 αὐτὸ
1795 886 2078 956 συνηθείας

520 979 729 1030 ἐλαϐεν.
773 976 927 1029 Οῦτω
981 975 1086 1044 γὰρ
1129 977 1176 1026 οἱ
1205 975 1422 1038 πλείους
1446 975 1713 1043 λέγουσιν,
1744 977 1869 1027 ὅταν
1896 975 2078 1037 αὐτοῖς

517 1066 592 1134 μὴ
629 1062 764 1133 μετά
795 1061 1054 1130 ἀφθονίας
1082 1062 1318 1131 ἐπιρρέῃ
1343 1062 1411 1114 τὰ
1442 1062 1669 1132 βιωτικά
1689 1103 1702 1124 ,
1735 1061 1845 1113 ἀλλ’
1875 1063 1931 1112 ἐν
1955 1077 2076 1112 στε-

513 1149 749 1220 νοχωρία
873 1150 994 1214 Οὐχ
1033 1148 1123 1200 ὅτι
1151 1150 1280 1202 καθ’
1309 1148 1643 1214 ὑστέρησιν
1683 1147 1852 1216 λέγω.
1888 1143 2073 1211 Εἶπον,

525 1238 711 1306 φησὶν,
758 1237 900 1302 Ἤδη
933 1234 1098 1298 ποτὲ,
1135 1238 1228 1286 καὶ
1265 1235 1593 1304 ἐπετίμησα,
1623 1235 1741 1304 οὐχὶ
1791 1234 1852 1286 τὸ
1903 1236 2074 1303 ἐμαυ-

510 1323 604 1374 τοῦ
661 1320 924 1393 ζητήσας,
949 1320 1072 1374 οὐδὲ
1100 1320 1189 1373 διὰ
1209 1318 1365 1372 τοῦτο
1393 1319 1761 1390 μεμφόμενος,
1800 1320 1875 1382 ὠς
1901 1321 1956 1372 ἐν
1987 1322 2075 1372 ἐν-

507 1410 625 1479 δείᾳ
649 1409 724 1461 ὢν
751 1424 764 1437 ·
798 1409 917 1462 οὐδὲ
968 1408 1072 1478 γάρ
1104 1407 1192 1460 διὰ
1219 1407 1376 1460 τοῦτο
1404 1406 1650 1477 ἐζήτουν.
1682 1407 1852 1460 Πόθεν
1884 1407 2038 1478 δῆλον
2057 1447 2071 1471 ,

508 1497 588 1549 ὅτι
602 1497 662 1548 ού
688 1496 1004 1565 κομπάζεις,
1019 1489 1063 1546 ὦ
1081 1493 1259 1546 Παῦλε
1285 1511 1298 1560 ;
1321 1493 1627 1564 Κορινθίοις
1643 1494 1740 1564 μὲν
1760 1489 1852 1546 οὖν
1877 1511 2036 1563 φησιν
2056 1511 2071 1526 ο

503 1586 587 1638 Οὐ
608 1584 717 1654 γὰρ
756 1584 912 1636 ἄλλα
925 1583 1224 1652 γράφομεν
1240 1583 1398 1651 ὑμῖν,
1417 1583 1555 1636 ἀλλ’
1571 1583 1608 1651 ἣ
1627 1581 1663 1636 ἂ
1675 1582 2074 1652 ἀναγινώσκει

507 1687 591 1736 τε,
606 1670 642 1738 ἢ
662 1671 756 1722 καὶ
772 1672 1208 1739 ἐπιγινώσκετε.
1229 1671 1334 1722 Καὶ
1352 1671 1443 1722 ἐπὶ⁵
1458 1669 1658 1722 τούτων
1670 1670 1725 1722 δὲ
1736 1671 1832 1722 ούκ
1844 1670 2071 1734 ἂν,ὤστε

509 1759 732 1819 ἁλῶναι,
761 1757 966 1825 ἔλεγεν.
999 1758 1110 1809 Ούκ
1133 1757 1218 1820 ἂν,
1244 1757 1295 1809 εἴ
1319 1773 1382 1824 γε
1407 1755 1707 1826 ἐκόμπαζε,
1725 1755 1896 1809 ταῦτα
1917 1753 2035 1808 εἷπε
2055 1772 2069 1785 °

521 1846 670 1916 παρὰ
727 1845 832 1915 γὰρ
868 1845 1062 1896 εἰδόσιν
1105 1844 1278 1910 ἔλεγε,
1304 1845 1398 1896 καὶ
1438 1843 1634 1896 πλείων
1663 1841 1730 1914 ἦν
1766 1846 1797 1912 ἡ
1841 1844 2069 1914 αἰσχύνη

506 1934 731 1985 ἁλῶναι.
777 1931 918 2000 Ἐγὼ
956 1932 1066 2000 γὰρ
1095 1931 1318 1999 ἔμαθον
1336 1931 1406 1983 ἐν
1436 1928 1525 1996 οἷς
1552 1933 1686 1999 είμι,
1729 1933 1910 2001 φησὶν,
1933 1936 2070 1984 αὐτ-

505 2021 690 2088 άρκης
741 2015 913 2072 εἶναι.
952 2021 1091 2087 ’Ἄρα
1137 2017 1484 2079 διδασκαλίας
1547 2019 1662 2070 ἐστὶ
1711 2018 1772 2070 τὸ
1815 2021 2066 2090 πρᾶγμα,

507 2111 599 2160 καί
645 2105 950 2175 γυμνασίας
996 2105 1086 2157 καὶ
1133 2090 1382 2174 μελέτης.
1418 2105 1490 2156 Ού
1526 2104 1634 2174 γάρ
1665 2105 2069 2176 εὐκατόρθωτόν

506 2199 676 2261 ἐστιν,
706 2196 841 2249 ἀλλὰ
867 2197 959 2248 καὶ
996 2195 1199 2265 σφόδρα
1223 2195 1478 2248 δύσκολον
1506 2198 1598 2248 καὶ
1640 2197 1796 2248 πόνον
1825 2196 1946 2265 ἕχον
1969 2214 2066 2249 πο-

503 2282 617 2336 λύν.
673 2282 772 2336 Ἑν
812 2277 902 2347 οἷς
959 2283 1094 2350 ειμι,
1125 2282 1307 2348 φησὶν,
1339 2281 1640 2348 αὐτάρκης
1695 2278 1869 2334 εἶναι.
1925 2279 2069 2335 Οἶδα

503 2372 603 2423 καὶ
635 2371 1084 2434 ταπεινοῦσθαι,
1115 2365 1248 2422 οῖδα
1271 2368 1370 2421 καὶ
1394 2370 1777 2436 περισσεύειν
1798 2385 1812 2399 ·
1835 2370 1903 2421 ἐν
1922 2385 2068 2422 παν-

502 2458 556 2510 τὶ
584 2459 679 2510 καὶ
705 2459 774 2511 ἐν
815 2457 964 2511 πᾶσι
1017 2459 1337 2526 μεμύημαι.
1383 2457 1666 2521 Τουτέστι,
1715 2458 1823 2510 Καὶ
1869 2457 2068 2525 ὀλίγοις

502 2545 800 2615 κεχρῆσθαι
839 2542 974 2608 οἴδα,
1027 2546 1120 2596 καὶ
1173 2543 1330 2613 λιμὸν
1377 2544 1561 2614 φέρειν
1595 2546 1687 2596 καὶ
1708 2544 1929 2598 ἔνδειαν.
1959 2546 2065 2598 Καὶ

500 2635 904 2702 περισσεύειν,
935 2632 1033 2685 καὶ
1070 2625 1470 2700 ὑστερεῖσθαι.
1521 2633 1648 2694 Ναὶ,
1687 2634 1850 2702 φησίν
1878 2649 1889 2660 ⁸
1933 2634 2067 2688 ἀλλὰ

497 2722 657 2774 τοῦτο
697 2723 795 2775 οὐκ
827 2722 974 2774 ἐστιν
1028 2721 1363 2790 ἐπιστήμης,
1402 2719 1588 2790 ὥσπερ
1610 2722 1727 2774 οὐδὲ
1754 2721 1974 2792 ἀρετῆς,
2007 2723 2068 2774 τὸ

500 2808 862 2878 περισσεύειν.
938 2809 1048 2859 Καὶ
1117 2807 1320 2876 σφόδρα
1368 2807 1602 2878 ἀρετῆς,
1658 2809 1756 2878 οὐχ
1811 2804 1970 2879 ἦττον
2031 2809 2062 2878 ἢ

499 2899 694 2950 ἐκεῖνο.
725 2896 851 2960 Πῶς
882 2913 898 2961 ;
931 2897 1054 2948 Ὅτι
1097 2894 1286 2964 ὥσπερ
1316 2899 1349 2964 ἡ
1394 2896 1722 2964 στενοχωρία
1760 2895 1927 2948 πολλά
1962 2913 2063 2948 πα-

502 2985 831 3055 ρασκευάζει
852 2982 999 3036 κακά
1026 2984 1222 3043 ποιεῖν,
1256 2979 1398 3034 οῦτω
1419 2982 1512 3034 καὶ
1537 2984 1571 3052 ὴ
1604 2983 1909 3052 πλησμονή.

570 3093 637 3163 β’.
671 3091 860 3145 Πολλοὶ
892 3091 1000 3160 γὰρ
1017 3089 1275 3152 πολλάκις
1304 3091 1361 3141 ἐν
1382 3089 1610 3161 ἀφθονίᾳ
1642 3091 1940 3160 γενόμενοι,
1973 3094 2066 3162 ρᾳ-

500 3183 784 3255 θυμότεροι
807 3182 1071 3251 ἐγένοντο,
1101 3181 1195 3232 καὶ
1216 3181 1315 3233 οὐκ
1341 3180 1582 3248 ἔγνωσαν
1605 3183 1844 3249 ἐνεγκεῖν
1865 3181 1962 3253 τὴν
1977 3183 2067 3235 εύ-

499 3275 769 3347 πραγίαν·
803 3272 989 3326 πολλοὶ
1025 3272 1283 3336 πολλάκις
1320 3273 1571 3342 ἀφορμὴν
1609 3272 1797 3325 ἔλαϐον
1825 3273 1918 3326 τοῦ
1960 3291 2064 3344 μη-

498 3371 615 3423 κέτι
655 3367 1002 3440 ἐργάζεσθαι.
1047 3366 1184 3419 Ἀλλ’
1215 3367 1313 3437 οὐχ
1346 3368 1374 3418 ὁ
1404 3365 1610 3429 Παῦλος
1631 3383 1643 3394 ο
1674 3367 1765 3418 καὶ
1793 3367 1900 3436 γὰρ
1932 3366 2066 3435 λαμ-

500 3463 678 3518 δάνων
715 3463 795 3524 είς
824 3460 1015 3524 ἄλλους
1049 3458 1339 3529 ἀνήλισκε,
1375 3460 1470 3512 καὶ
1509 3459 1585 3520 εἰς
1625 3457 1815 3519 ἄλλους
1859 3458 2064 3510 ἐκένου.

500 3554 671 3608 Τοῦτο
709 3554 764 3607 δέ
798 3556 944 3606 ἐστιν
978 3551 1175 3604 εἰδέναι
1218 3550 1397 3613 καλῶς
1444 3548 1745 3620 κεχρῆσθαι
1787 3547 1863 3618 τῷ
1901 3548 2062 3618 ἔχειν.

499 3647 633 3718 Οὐχὶ
670 3645 914 3716 διεχεῖτο,
948 3643 1069 3696 οὐδὲ
1096 3641 1308 3712 ἔχαιρεν
1338 3641 1429 3694 ἐπὶ
1461 3644 1525 3711 τῇ
1564 3641 1848 3711 περισσεία
1879 3639 2061 3704 αύτοῦ,

499 3741 613 3794 ἀλλ’
645 3741 754 3803 ἶσος
783 3735 850 3810 ἦν
879 3739 934 3790 ἐν
962 3755 1021 3789 τε
1054 3735 1250 3806 ἐνδείᾳ,
1277 3735 1332 3787 ἐν
1361 3752 1419 3786 τε
1451 3733 1755 3803 πλησμονῇ.
1783 3732 1905 3784 οὔτε
1929 3734 2065 3784 ἐκεῖ·

418 3867 421 3871 ι
500 3834 592 3886 θεν
619 3831 960 3900 πιεζόμενος,
983 3829 1105 3882 οὔτε
1131 3826 1376 3880 ἐντεῦθεν
1396 3826 1592 3895 χαυνού
1601 3843 1779 3896 μενος.
1804 3825 1909 3880 Καὶ
1932 3843 2066 3894 χορ-

497 3919 791 3983 τάζεσθαι,
813 3920 995 3988 φησιν,
1027 3914 1159 3971 οἴδα
1179 3915 1276 3969 καὶ
1303 3913 1540 3980 πεινᾷν,
1564 3915 1658 3968 καὶ
1687 3916 2066 3982 περισσεύειν

501 4010 601 4065 καὶ
625 4009 1021 4077 ὑστερεῖσθαι.
1055 4007 1244 4062 Πολλοὶ
1263 4009 1361 4060 οὐκ
1386 4007 1532 4058 ἴσασι
1557 4005 1932 4077 χορτάζεσθαι,
1954 4000 2064 4058 οἷον

500 4104 552 4158 οἱ
591 4101 950 4172 Ἰσραηλῖταιο
979 4101 1174 4152 ἐκεῖνοι
1223 4101 1331 4169 γὰρ
1363 4099 1564 4167 ἔφαγον
1588 4138 1604 4163 ,
1642 4099 1735 4151 καὶ
1777 4097 2066 4150 ἀπελάκτι-

504 4208 622 4250 σαν.
667 4190 800 4244 Ἀλλ’
834 4191 927 4243 ἐπὶ
957 4191 1056 4260 τῆς
1089 4189 1256 4260 αὐτῆς
1282 4187 1532 4252 εὐταξίας
1589 4187 1698 4257 ἐγὼ
1735 4188 1899 4258 μένω.
1939 4189 2057 4240 Δεί-

503 4299 688 4344 κνυσιν
715 4284 796 4335 ὄτι
823 4280 946 4334 οὔτε
976 4281 1071 4334 νῦν
1096 4280 1259 4351 ἥσθη,
1293 4279 1416 4332 οὗτε
1438 4281 1697 4350 πρότερον
1717 4281 1983 4334 ἐλυπεῖτο·
2017 4283 2065 4334 εί

500 4373 558 4426 δὲ
576 4374 668 4426 καὶ
687 4373 954 4434 ἐλυπεῖτο,
982 4372 1082 4423 οὐκ
1100 4369 1264 4422 αὐτοῦ
1293 4370 1496 4430 ἕνεκεν,
1529 4369 1642 4422 ἀλλ’
1664 4369 1842 4423 αὐτῶν
1865 4386 1880 4403 ·
1905 4371 2066 4434 αὐτὸς

501 4463 609 4536 γὰρ
633 4463 832 4533 ὁμοίως
858 4461 1105 4514 διέκειτο.
1144 4461 1246 4514 Ἐν
1271 4461 1469 4525 παντὶ,
1504 4462 1654 4530 φησὶ,
1688 4460 1784 4514 καὶ
1809 4462 1880 4514 ἐν
1915 4460 2066 4517 πᾶσι

497 4556 818 4625 μεμύημαι.
852 4554 1149 4616 Τουτέστι,
1187 4553 1395 4622 Πεῖραν
1428 4551 1617 4604 ἔλαϐον
1659 4555 1716 4605 ἐν
1763 4553 1839 4622 τῷ
1872 4553 2067 4624 μακρῷ

503 4645 676 4718 τούτῳ
719 4643 869 4716 [512]
908 4645 1083 4715 χρόνῳ
1112 4645 1328 4696 πάντων
1351 4683 1366 4707 ,
1417 4645 1509 4696 καὶ
1551 4643 1724 4697 ταῦτά
1774 4662 1863 4714 μοι
1891 4646 2066 4698 πάντα

505 4736 894 4807 κατώρθωται.ο
921 4735 1058 4787 Ἀλλ’
1101 4735 1290 4804 ἐπειδὴ
1326 4734 1691 4806 μεγαληγορία
1737 4736 1797 4788 τὸ
1837 4738 2066 4807 πρᾶγμα

503 4827 590 4900 ἦν,
608 4830 709 4900 ὅρα
728 4828 843 4890 πῶς
864 4826 1281 4897 ἐπιλαμϐάνεται
1307 4827 1532 4896 ταχέως,
1555 4828 1646 4880 καί
1677 4844 1807 4897 φησι
1827 4844 1841 4858 ο
1865 4827 2067 4881 Πάντα

505 4923 695 4991 ἰσχύω
725 4922 795 4974 ἐν
818 4917 896 4984 τῷ
925 4918 1356 4988 ἐνδυναμοῦντί
1372 4937 1447 4988 με
1472 4919 1718 4987 Χριστῷ,
1745 4919 1923 4989 φησίν.
1957 4921 2068 4973 Οὐκ

507 5013 637 5083 ἐμὸν
671 5013 736 5063 τὸ
765 5010 1093 5080 κατόρθωμα
1115 5051 1128 5075 ,
1160 5010 1294 5062 ἀλλὰ
1323 5009 1417 5062 τοῦ
1453 5011 1550 5080 τὴν
1588 5011 1739 5081 ἰσχὺν
1780 5011 2070 5076 δεδωκότος

506 5103 671 5162 ἐστίν.
718 5101 857 5154 Ἀλλ’
883 5102 1067 5171 ἐπειδὴ
1101 5102 1256 5154 πάλιν
1289 5104 1336 5155 οί
1362 5099 1419 5156 εὖ
1453 5102 1746 5168 ποιοῦντες,
1777 5103 1903 5156 ὅταν
1942 5104 2068 5157 ἴδω-

509 5211 592 5247 σιν
627 5194 687 5245 οῦ
721 5192 1087 5263 διατιθέμενον
1118 5187 1175 5245 εὖ
1209 5193 1297 5246 τὸν
1326 5193 1668 5263 λαμόάνοντα
1691 5233 1705 5257 ,
1742 5193 1876 5246 ἀλλὰ
1904 5211 2069 5246 κατα-

508 5282 804 5356 φρονοῦντα
823 5283 928 5336 τῶν
941 5283 1246 5353 διδομένων,
1272 5283 1622 5354 ρᾳθυμότεροι
1643 5285 1898 5352 γίνονται⁸
1920 5285 2070 5337 αὐτοὶ

509 5377 617 5448 γάρ
648 5376 721 5440 ὡς
762 5375 1105 5446 χαριζόμενοι
1140 5376 1395 5429 διέκειντο
1421 5378 1514 5429 καὶ
1552 5376 1953 5440 ἁναπαύοντες·
1986 5377 2071 5430 ἵνα

509 5463 601 5521 οὖν
640 5468 714 5538 μὴ
737 5467 894 5520 τοῦτο
921 5468 1166 5537 γένηται,
1194 5468 1324 5538 μηδέ
1353 5485 1435 5530 τις
1455 5469 1602 5540 εἴπῃ,
1628 5469 1710 5521 ὅτι
1727 5469 1881 5522 Ἐπεὶ
1902 5486 2069 5521 κατα-

511 5563 698 5631 φρονεῖ
747 5560 844 5628 τῆς
892 5557 1249 5620 ἀναπαύσεως
1301 5557 1537 5621 Παῦλος,
1593 5558 1804 5629 ἀνάγκη
1851 5558 2070 5623 τούτους

515 5650 916 5722 ῥᾳθυμοτέρους
947 5649 1229 5718 γενέσθαι·
1275 5649 1378 5718 ὅρα
1417 5649 1532 5711 πῶς
1577 5648 1735 5702 πάλιν
1779 5650 1872 5701 καὶ
1917 5649 2072 5702 τοῦτο

518 5742 680 5794 ἰᾶται.
726 5742 824 5794 Δια
853 5741 950 5811 μὲν
989 5740 1097 5811 γὰρ
1126 5739 1233 5794 τῶν
1265 5736 1568 5810 είρημένων
1600 5738 1658 5790 τὸ
1685 5738 1937 5809 φρόνημα
1970 5739 2089 5813 αύη

516 5828 624 5891 τῶν
668 5832 970 5888 κατέσπασε
998 5849 1012 5865 ο
1067 5830 1156 5886 διὰ
1197 5829 1254 5885 δὲ
1305 5830 1414 5886 τῶν
1451 5827 1576 5900 ἑξῆς
1620 5828 1716 5900 τὴν
1770 5830 2069 5902 προθυμίαν

1253 429 1304 484 S.
1341 427 1624 483 JOANNIS
1660 424 2138 483 CHRYSOSTOMI
2177 425 2488 481 ARCIIIEP.
2527 424 3064 482 CONSTANTTNOI’.

3636 431 3742 486 290

2187 540 2364 594 αὐτῶν
2394 539 2595 610 ἀναζῇν
2639 542 2799 603 ποιεῖ,
2831 539 3002 605 λέγων
3027 555 3043 572 ο
3085 539 3260 607 Πλὴν
3299 540 3499 607 καλῶς
3539 543 3736 611 ἐποιή-

2185 646 2330 684 σατε
2357 631 2952 700 συγκοινωνήσαντές
2970 649 3087 700 μου
3110 629 3183 698 τῇ
3205 632 3420 700 θλίψει.
3460 633 3623 703 Ὁρᾷς
3651 636 3740 686 καὶ

2186 721 2302 784 πῶς
2330 722 2630 790 ἀπέστησεν
2656 723 2862 787 ἐαυτὸν,
2892 724 2984 775 καὶ
3009 722 3126 785 πῶς
3155 722 3313 775 πάλιν
3340 724 3518 792 ῆνωσε
3537 740 3554 789 ;
3576 723 3741 776 Τοῦτο

2183 812 2410 881 γνησίας
2431 813 2611 880 φιλίας
2635 815 2747 865 ἐστὶ
2771 814 2864 866 καὶ
2883 814 3274 883 πνευματικῆς.
3299 813 3388 884 Μὴ
3405 815 3514 883 γάρ
3535 815 3735 883 ἐπειδὴ.

2186 903 2369 973 φησὶν,
2407 906 2463 956 ἐν
2502 906 2659 976 χρείᾳ
2685 906 2746 957 οὐ
2777 905 3108 975 καθέστηκα,
3136 906 3390 976 νομίσητε
3429 906 3504 975 μὴ
3538 905 3741 958 δεῖσθαί

2186 1010 2252 1061 με
2291 994 2383 1046 τοῦ
2415 997 2735 1065 πράγματος
2761 1013 2772 1025 ·
2806 996 2995 1065 δέομαι
3033 998 3100 1050 δι’
3132 998 3295 1066 ὑμᾶς.
3333 997 3456 1059 Πῶς
3485 993 3579 1049 οὗν
3606 999 3742 1049 ἐκοι-

2182 1081 2426 1153 νώνησαν
2455 1085 2602 1150 αὐτῷ
2630 1086 2736 1138 τῶν
2774 1086 3036 1156 θλίψεωνς
3077 1087 3176 1140 Διά
3208 1087 3431 1140 τούτουο
3473 1089 3610 1157 ὅπερ
3652 1092 3742 1141 καὶ

2181 1175 2544 1246 δεσμούμενος
2570 1178 2740 1247 ἔλεγε,
2767 1182 3210 1248 Συγκοινωνούς
3225 1198 3344 1250 μου
3364 1180 3478 1247 τῆς
3508 1180 3741 1248 χάριτος

2181 1267 2410 1334 πάντας
2456 1268 2626 1336 ὑμᾶς.
2664 1271 2834 1342 Χάρις
2866 1271 2973 1341 γάρ
3008 1273 3121 1325 ἐστι
3153 1272 3214 1325 τὸ
3247 1272 3438 1326 παθεῖν
3472 1275 3612 1346 ὑπὲρ
3651 1273 3740 1330 τοῦ

2181 1359 2414 1429 Χριστοῦ
2437 1399 2450 1420 ,
2484 1359 2560 1423 ὣς
2589 1378 2691 1413 που
2721 1362 2814 1415 καὶ
2851 1365 3010 1428 αὐτός
3038 1382 3199 1434 φησιν
3219 1382 3232 1395 ο
3279 1366 3410 1420 Ὀτι
3439 1367 3584 1436 ὑμῖν
3609 1370 3741 1439 ἐχα-

2171 1449 2352 1518 ρίσθη
2372 1451 2489 1504 ἀπὸ
2517 1453 2681 1516 Θεοῦ,
2711 1455 2782 1507 οὐ
2793 1457 2983 1522 μόνον
3013 1456 3078 1508 τὸ
3099 1458 3185 1522 είς
3207 1456 3391 1510 αὑτὸν
3411 1459 3736 1518 πιστεύειν,

2177 1537 2338 1591 ἀλλὰ
2377 1541 2470 1592 καὶ
2515 1540 2580 1593 τὸ
2623 1542 2771 1610 ὑπὲρ
2821 1544 3005 1597 αὑτοῦ
3045 1544 3322 1614 πάσχειν.
3369 1547 3590 1618 Ἐπειδὴ
3635 1549 3739 1620 γὰρ

2177 1628 2358 1680 ἐκεῖνα
2403 1633 2708 1702 καταμόνας
2755 1634 3019 1704 λεγόμενα
3061 1636 3294 1705 ἀλγῆσαι
3343 1637 3544 1701 αὐτοὺς
3580 1640 3737 1692 ἱκανὰ

2176 1715 2265 1790 ἦν,
2301 1721 2387 1774 διὰ
2409 1721 2565 1775 τοῦτο
2599 1723 2887 1795 θεραπεύει
2925 1727 3016 1778 καὶ
3056 1728 3375 1798 ἀποδέχεται
3410 1731 3507 1781 καὶ
3532 1732 3739 1783 ἐπαινεῖ

2176 1808 2354 1872 πάλιν,
2386 1810 2480 1882 καὶ
2515 1809 2673 1863 τοῦτο
2707 1815 3155 1884 μεμετρημένως.
3186 1818 3259 1870 Οὐ
3285 1818 3394 1889 γὰρ
3421 1813 3544 1870 εἷπε
3565 1860 3582 1884 ,
3615 1821 3733 1872 Δόν-

2176 1914 2285 1959 τες,
2316 1897 2480 1962 ἀλλά,
2515 1903 3133 1972 Συγκοινωνήσαντες,
3168 1907 3379 1972 δεικνὺς
3409 1911 3607 1974 αὐτοὺς
3647 1914 3732 1965 καὶ

2176 2004 2235 2040 κε
2243 1990 2556 2059 ρδάναντας,
2581 1993 2634 2045 εῖ
2655 2011 2717 2061 γε
2738 1996 2845 2047 τῶν
2871 1996 3044 2050 ἄθλων
3063 1999 3308 2066 ἐγένοντο
3332 2002 3600 2058 κοινωνοί.
3625 2003 3734 2058 οὐκ

2175 2076 2345 2142 εἶπεν,
2379 2079 2860 2150 Ἐπικουφίσαντές
2893 2103 2993 2155 μου
3028 2087 3127 2150 τὰς
3159 2088 3382 2158 θλίψεις,
3404 2091 3734 2162 ἀλλά,Συγ--

2175 2170 2651 2239 κοινωνήσαντες
2688 2192 2808 2242 μου
2863 2175 2939 2244 τῇ
2981 2181 3210 2246 θλίψει,
3257 2182 3393 2252 ὅπερ
3428 2177 3499 2253 ἦν
3547 2183 3738 2254 σεμνό-

2173 2277 2345 2330 τερον.

2256 2357 2416 2426 ⁹Ορᾷς
2440 2356 2502 2408 τὸ
2531 2356 2778 2410 ταπεινὸν
2809 2355 3018 2410 Παύλου
3041 2375 3056 2424 ;
3085 2361 3215 2429 ὁρᾷς
3237 2361 3298 2414 τὸ
3322 2363 3578 2431 εὐγενές;
3604 2363 3733 2421 Ὅτε

2173 2445 2367 2512 ἔδειξεν
2395 2447 2547 2500 οὐδὲν
2583 2447 2836 2517 δεόμενον
2868 2448 2976 2500 τῶν
3004 2452 3131 2518 παρ’
3176 2452 3396 2505 ἐκείνων
3425 2452 3593 2506 αὑτοῦ
3623 2456 3735 2510 Evs-

2172 2554 2286 2600 κεν,
2333 2537 2451 2589 τότε
2491 2538 2674 2591 λοιπὸν
2716 2538 2884 2600 ἀδεῶς
2912 2541 3005 2592 καὶ
3031 2545 3262 2594 ταπεινὰ
3307 2543 3605 2612 φθέγγεται
3639 2549 3733 2617 ρή-

2183 2645 2346 2697 ματα,
2369 2630 2460 2680 καὶ
2492 2628 2634 2699 ἅπερ
2658 2632 2706 2682 οἱ
2739 2630 3151 2700 προσαιτοῦντες
3178 2633 3448 2701 λέγουσιν,
3494 2637 3590 2699 Ὠς
3619 2638 3735 2700 ἔθος

2172 2719 2314 2789 ἔχεις
2353 2720 2566 2774 διδόναι.
2614 2721 2777 2773 Οὐδὲν
2821 2721 2928 2792 γὰρ
2968 2728 3311 2791 παραιτεῖται
3353 2726 3479 2779 οῦτε
3521 2731 3732 2792 ποιεῖν,

2171 2809 2291 2863 οὔτε
2324 2811 2519 2879 λέγειν,
2549 2812 2684 2882 πρὸς
2713 2814 2773 2865 τὸ
2803 2815 2983 2884 μόνον,
3014 2815 3043 2868 ὃ
3070 2815 3336 2885 βούλεται,
3369 2820 3732 2890 κατορθῶσαι.

2173 2901 2236 2954 Τί
2285 2903 2342 2956 δέ
2372 2903 2530 2956 τοῦτό
2568 2906 2718 2969 ἐστι;
2750 2905 2840 2974 Μὴ
2874 2906 3130 2977 νομίσητε
3154 2948 3169 2970 ,
3202 2910 3365 2979 φησὶν
3385 2949 3401 2974 ,
3451 2913 3735 2982 ἀναισχυν-

2169 2995 2289 3058 τίας
2313 2991 2450 3047 εἶναι
2482 2995 2548 3048 τὰ
2579 2997 2815 3067 ῥήματα,
2846 2998 2908 3050 τὸ
2939 3001 3208 3066 ἐγκαλεῖν,
3237 3003 3327 3053 καὶ
3352 3001 3556 3070 λέγειν,
3588 3003 3732 3071 Ἤδη

2172 3084 2316 3138 ποτὲ
2357 3086 2711 3149 ἀνεθάλετε,
2743 3088 2835 3141 καὶ
2883 3088 2977 3143 τοῦ
3011 3092 3069 3144 ἐν
3116 3092 3274 3164 χρεία
3310 3088 3451 3148 εἶναι
3473 3111 3489 3126 ·
3526 3097 3589 3150 οὐ
3631 3099 3735 3167 γὰρ

2170 3178 2420 3246 δεόμενος
2444 3177 2616 3232 ταῦτα
2636 3179 2798 3249 λέγω,
2835 3180 2968 3236 ἀλλά
2997 3183 3050 3235 τί
3073 3201 3087 3247 ;
3129 3183 3223 3237 Ἐκ
3249 3184 3342 3238 τοῦ
3373 3187 3582 3258 σφόδρα
3607 3188 3734 3260 θαρ-

2173 3271 2286 3338 ρεῖν
2325 3271 2452 3340 ὑμῖν
2476 3287 2488 3301 ·
2525 3271 2619 3324 καὶ
2659 3273 2848 3326 τούτου
2895 3274 2951 3327 δέ
2986 3275 3142 3346 ὑμεῖς
3177 3277 3359 3334 αἴτιοι.
3403 3279 3569 3351 Ὁρᾷς
3617 3282 3732 3342 πῶς

2176 3363 2368 3424 αὐτοὺς
2399 3363 2710 3435 θεραπεύει,
2730 3367 2822 3419 καὶ
2851 3367 2966 3431 πῶς
2983 3385 3165 3439 φησιν,
3196 3370 3384 3440 Ὑμεῖς
3413 3373 3601 3437 αἴτιοι,
3632 3374 3736 3443 πρὸ

2171 3455 2277 3506 τῶν
2302 3455 2472 3508 ἄλλων
2504 3457 2939 3527 ἐπιπηδήσαντες
2964 3459 3041 3528 τῷ
3070 3461 3372 3530 πράγματι,
3408 3465 3501 3516 καὶ
3522 3466 3708 3535 παῤῥη

2173 3545 2292 3598 σίαν
2329 3547 2458 3616 ἡμῖν
2490 3547 2670 3610 δόντες
2700 3548 2839 3618 ὑπὲρ
2867 3549 2975 3602 τῶν
3008 3551 3260 3603 τοιούτων
3302 3553 3733 3624 ὑπομιμνήσκειν

2171 3637 2349 3706 ὑμᾶς;
2400 3638 2508 3690 Καὶ
2538 3637 2634 3690 θέα
2667 3638 2728 3691 τὸ
2775 3640 3004 3710 σεμνόνο
3050 3641 3124 3712 μὴ
3168 3643 3445 3712 πέμπουσι
3505 3645 3606 3714 μὲν
3638 3647 3731 3698 οῦκ

2171 3727 2419 3796 ἐγκαλεῖ,
2457 3728 2541 3781 ἵνα
2585 3729 2660 3799 μὴ
2688 3730 2810 3800 δόξῃ
2839 3730 2898 3781 τὸ
2935 3731 3128 3784 ἐαυτοῦ
3160 3733 3477 3800 θεραπεύειν
3497 3749 3512 3763 ·
3547 3735 3732 3806 ἐπειδὴ

2169 3820 2224 3872 δὲ
2253 3820 2532 3890 ἔπεμψαν,
2561 3822 2679 3874 τότε
2709 3822 3040 3893 ἐπετίμησεν
3070 3823 3209 3894 ὑπὲρ
3242 3825 3334 3876 τοῦ
3371 3827 3732 3896 παρελθόντος

2171 3911 2380 3980 χρόνου,
2422 3911 2516 3964 καὶ
2545 3912 2778 3982 ἦνεγκαν
2805 3928 2818 3941 ο
2851 3912 3033 3965 λοιπὸν
3066 3912 3215 3984 [515]
3242 3913 3350 3985 γὰρ
3371 3916 3473 3968 οὑκ
3497 3915 3564 3968 ἂν
3591 3917 3726 3983 εδοξε

2169 4002 2228 4055 τὸ
2262 4000 2424 4054 αὑτοῦ
2463 4001 2803 4072 θεραπεύειν.
2831 4003 3058 4064 Οῐδατε,
3098 4005 3250 4074 φησὶ,
3289 4005 3386 4058 καὶ
3422 4005 3610 4074 ὑμεῖς,
3642 4010 3728 4059 Φι-

2168 4093 2517 4161 λιππήσιοι,
2568 4093 2656 4147 ὅτι
2705 4095 2776 4148 ἐν
2823 4094 2981 4163 ἀρχῇ
3040 4095 3145 4149 τοῦ
3199 4097 3590 4166 εὐαγγελίου,
3638 4097 3727 4151 ὅτε

2169 4185 2431 4252 ἐξῆλθον
2445 4185 2558 4238 ἀπὸ
2582 4183 2972 4250 Μακεδονίας.
3001 4185 3248 4253 οὐδεμία
3265 4204 3368 4254 μοι
3408 4187 3727 4255 Ἐκκλησία

2171 4275 2571 4341 ἐκοινώνησεν
2594 4277 2680 4340 είς
2700 4277 2883 4344 λόγον
2903 4275 3127 4340 δόσεως
3149 4277 3246 4330 καὶ
3278 4276 3541 4345 λήψεως,
3569 4284 3620 4332 εί
3645 4280 3723 4348 μὴ

2171 4367 2338 4435 ὑμεῖς
2365 4369 2558 4436 μόνοι.
2589 4366 2777 4431 Βαϐαῖ,
2809 4367 2989 4436 ἡλίκον
3018 4368 3080 4420 τὸ
3111 4367 3418 4438 ἐγκώμιονῑ
3450 4371 3505 4421 εί
3531 4386 3596 4436 γε
3629 4372 3726 4422 Κο-

2174 4459 2362 4530 ρίνθιοι
2407 4461 2504 4529 μὲν
2536 4461 2598 4512 ἐκ
2648 4458 2738 4512 τοῦ
2776 4458 2992 4512 ἀκούειν
3040 4461 3224 4513 ἐκεῖνα
3262 4463 3390 4530 παρ’
3436 4463 3606 4514 αὑτοῦ
3639 4461 3724 4514 καὶ

2184 4552 2436 4622 Ῥωμαῖοι
2480 4552 2896 4623 προτρέπονται,
2931 4545 3074 4605 οὗτοι
3104 4552 3160 4605 δὲ
3200 4555 3453 4623 οὐδεμιᾶς
3501 4554 3724 4624 Ἐκκλη-

2174 4645 2291 4706 σίας
2330 4642 2638 4714 ἀρξαμένης
2675 4643 2958 4715 (καὶγὰρ,
3009 4645 3111 4698 Ἔν
3145 4644 3304 4713 ἀρχῇ
3334 4644 3440 4699 τοῦ
3474 4649 3722 4715 Εὐαττε-

2171 4736 2340 4797 λίου.
2381 4734 2578 4804 φησὶ),
2608 4734 2871 4805 τοσαύτην
2911 4737 3036 4806 περὶ
3084 4737 3172 4788 τὸν
3203 4736 3356 4804 ἅγιον
3391 4737 3723 4801 ἐπεδείξαντο

2174 4825 2424 4894 σπουδὴν,
2459 4825 2534 4888 ὡς
2566 4825 2700 4896 μηδέ
2732 4826 3081 4895 παράδειγμα
3121 4826 3366 4895 ἔχοντες,
3399 4828 3554 4880 αὐτοὶ
3581 4829 3721 4898 πρῶ-

2171 4937 2253 4972 τοι
2300 4917 2398 4985 τῆς
2447 4916 2821 4990 καρποφορίας
2870 4915 3136 4984 ἄρξασθαι
3185 4918 3407 4988 ταύτης.
3467 4920 3575 4971 Καὶ
3631 4921 3720 4970 οὐκ

2174 5011 2316 5065 ἐστιν
2352 5014 2556 5076 εἰπεῖν,
2598 5010 2678 5062 ὅτι
2724 5010 3090 5080 παραμένοντι
3121 5009 3268 5080 αὐτῷ
3300 5009 3420 5062 ούδέ
3451 5011 3559 5064 τῶν
3592 5012 3718 5078 πρὸς

2174 5105 2367 5167 αὐτοὺς
2403 5104 2585 5155 ἕνεκεν
2623 5099 2793 5155 ταῦτα
2824 5101 3037 5154 ἐποίουν
3059 5117 3073 5132 ’
3127 5101 3262 5154 ’Ὅτε
3295 5100 3559 5168 ἐξῆλθον
3594 5103 3717 5170 γὰρ.

2175 5198 2364 5267 φησιν,
2404 5195 2521 5249 ἀπὸ
2558 5193 2960 5258 Μακεδονίας,
2986 5193 3230 5256 οὐδεμία
3258 5210 3359 5261 μοι
3401 5193 3720 5260 Ἐκκλησία

2173 5287 2568 5354 ἐκοινώνησεν
2591 5291 2677 5349 εἰς
2702 5285 2886 5354 λόγον
2916 5285 3138 5350 δόσεως
3160 5288 3258 5336 καὶ
3280 5285 3542 5352 λήψεως,
3569 5289 3620 5339 εί
3641 5287 3717 5354 μὴ

2173 5379 2340 5450 ὑμεῖς
2360 5382 2553 5449 μόνοι.
2591 5379 2653 5430 Τί
2684 5378 2819 5436 ἐστι,
2851 5376 3211 5445 Λήψεωςςτί
3237 5376 3292 5429 δέ
3318 5379 3495 5438 ἐστιν,
3545 5379 3717 5430 Ἔκοιο

2173 5472 2441 5537 νώνησε;
2472 5469 2556 5522 διά
2584 5469 2635 5521 τί
2664 5467 2736 5538 μὴ
2767 5465 2918 5521 εἶπεν
2938 5506 2953 5530 ,
2987 5468 3068 5520 ὅτι
3104 5468 3338 5537 θύδεμία
3374 5485 3464 5535 μοι
3506 5467 3720 5536 Ἐκκλη·

2176 5565 2267 5616 σία
2299 5562 2512 5625 ἔδωκεν,
2543 5559 2676 5623 ἀλλ’,
2723 5560 3150 5626 Ἐκοινώνησεν
3185 5562 3273 5624 είς
3297 5561 3483 5627 λόγον
3505 5559 3718 5623 δόσεως

2176 5653 2274 5708 καὶ
2312 5653 2590 5722 λήψεως;
2643 5652 2908 5705 Κοινωνία
2940 5655 3047 5720 γὰρ
3083 5652 3142 5704 τὸ
3183 5652 3412 5721 πρᾶγμά
3447 5653 3611 5706 ἐστιν.
3656 5653 3719 5705 ει

2175 5745 2284 5817 γὰρ
2310 5745 2478 5814 ἡμεῖς
2512 5744 2582 5798 τὰ
2617 5741 2980 5812 πνευματικὰ
3017 5744 3188 5812 ὑμῖν,
3223 5743 3417 5812 φησὶν,
3453 5743 3718 5811 ἐσπείρα-

2172 5857 2306 5912 μεν,
2342 5837 2398 5892 τί
2424 5837 2594 5908 μέγα,
2631 5838 2681 5891 εὶ
2719 5835 2886 5906 ἡμεῖς
2912 5835 2982 5891 τὰ
3017 5837 3270 5907 σαρκικὰ
3307 5833 3473 5906 ὑμῶν
3497 5834 3716 5904 θερίσο-
