3974 6498
199 421 311 479 289

203 534 390 591 multis
420 531 549 585 locis
593 526 993 597 praedicantem,
1034 528 1089 575 et
1128 526 1434 587 operantem
1467 534 1480 570 :
1534 511 1777 581 Θεαιροιὶ

203 630 340 681 enim
378 622 532 677 eratis
555 662 571 684 ,
613 618 803 687 inquit.
836 614 973 682 Quid
1005 622 1105 676 est,
1154 610 1401 679 Occupati
1444 607 1592 661 eratis
1615 607 1639 658 ?
1666 605 1779 658 Non

203 720 280 784 id,
314 716 508 786 inquit,
537 722 729 766 vestrae
758 705 1095 776 negligentia:
1123 712 1259 766 erat,
1285 702 1377 757 sed
1406 698 1735 755 necessitatis
1767 716 1778 751 :

206 829 317 866 non
344 810 488 862 enim
539 801 818 858 habebatis
844 801 896 853 in
930 797 1208 859 manibus,
1245 810 1348 849 non
1391 791 1779 851 abundabatis;

206 908 313 957 hoc
338 901 481 955 enim
508 896 770 966 signiﬁcat
795 891 939 953 illud,
973 890 1218 959 Occupati
1241 896 1407 941 autem
1429 886 1597 939 eratis.
1622 884 1783 952 quue

202 1011 271 1051 ex
298 992 569 1047 communi
596 984 841 1056 loquendi
864 982 1247 1037 consuetudine
1270 979 1471 1047 accepit
1496 996 1508 1030 :
1540 977 1608 1029 ita
1640 976 1781 1030 enim

206 1087 450 1157 plerique
472 1082 673 1139 dicunt,
700 1093 821 1131 cum
849 1090 954 1129 non
982 1075 1079 1127 sibi
1106 1073 1235 1125 satis
1261 1070 1431 1138 ampla
1456 1084 1541 1122 res
1565 1064 1783 1157 est,sed

208 1156 261 1233 in
277 1174 540 1246 angustiis
552 1178 849 1225 versantur.
868 1164 987 1219 Non
1006 1164 1144 1233 quasi
1167 1170 1369 1231 propter
1381 1158 1636 1228 penuriam
1649 1156 1779 1209 dico.

209 1271 357 1333 Dixi,
378 1267 566 1337 inquit,
584 1260 869 1331 Aliquando
896 1259 1114 1320 tandem,
1140 1270 1339 1324 vosque
1357 1250 1657 1322 objurgavi;
1680 1264 1786 1301 non

205 1361 352 1432 quod
376 1376 490 1413 rem
515 1370 687 1410 meam
710 1365 1025 1423 quaererem,
1044 1363 1216 1418 neque
1242 1344 1381 1415 quod
1412 1357 1653 1413 egerem;
1681 1355 1785 1432 non

207 1431 353 1507 enim
374 1458 654 1520 propterea
677 1443 999 1515 quaerebam.
1024 1439 1127 1495 Sed
1146 1436 1282 1491 unde
1303 1435 1572 1498 ostendes,
1602 1431 1785 1493 Paule,

208 1556 261 1599 te
291 1561 400 1597 non
422 1539 697 1610 magniﬁce
721 1534 895 1605 loqui?
911 1531 1198 1588 Corinthiis
1216 1529 1423 1599 quidem
1443 1526 1512 1580 ita
1535 1524 1743 1578 dicebat
1772 1539 1785 1574 :

211 1634 338 1687 Non
358 1633 490 1685 enim
502 1630 604 1683 alia
617 1627 882 1682 scribimus
899 1625 1211 1692 vobis,quam
1227 1635 1338 1691 quae
1355 1619 1625 1689 legitis,aut
1640 1615 1789 1669 etiam

206 1723 515 1793 cognoscitis
541 1720 614 1789 (2.
636 1718 751 1770 Cor.
778 1718 829 1771 1.
852 1717 963 1783 15).
990 1717 1161 1782 Atque
1185 1711 1300 1765 istis
1319 1710 1476 1764 etiam
1496 1722 1599 1761 non
1624 1706 1694 1758 ita
1713 1704 1790 1757 di-

206 1815 456 1875 cebat,nt
478 1810 641 1865 refelli
660 1817 857 1878 posset.
881 1805 993 1859 Non
1011 1805 1185 1874 igitur,
1207 1801 1253 1855 si
1269 1816 1326 1855 se
1343 1799 1619 1868 magniﬁce
1634 1798 1793 1866 jacta-

210 1922 273 1960 re
302 1904 581 1965 voluisset,
623 1902 737 1954 haec
761 1898 992 1959 diceret;
1023 1893 1160 1963 apud
1188 1908 1281 1947 eos
1305 1892 1446 1946 enim
1468 1890 1557 1960 qui
1602 1895 1794 1942 norant

208 1996 451 2056 dicebat,
482 1993 568 2059 ubi
599 1992 757 2045 etiam
784 1988 932 2058 argui
963 1987 1170 2056 turpius
1201 1984 1403 2037 fuisset.
1428 1982 1538 2053 Ego
1558 1980 1689 2034 enim
1716 1979 1793 2031 di-

208 2089 341 2152 dici,
378 2086 566 2151 inquit,
594 2085 648 2136 in
678 2082 857 2151 quibus
881 2095 1015 2140 sum,
1043 2078 1287 2149 sit/ﬁciens
1315 2091 1439 2129 esse.
1472 2074 1612 2143 Ergo
1638 2070 1796 2125 disci-

215 2182 382 2249 plinae
423 2193 508 2231 res
546 2185 627 2230 est
652 2184 707 2229 et
743 2172 1136 2229 exercitationis
1177 2180 1230 2225 et
1273 2186 1457 2224 curze:
1504 2183 1609 2221 non
1654 2166 1793 2221 enim

215 2271 392 2325 facilis
422 2266 596 2321 estad
639 2261 1090 2333 consequendum,
1121 2261 1213 2315 sed
1264 2260 1416 2313 valde
1452 2257 1702 2321 difficilis,
1735 2271 1797 2312 ac

216 2367 394 2417 multo
419 2375 540 2415 cum
578 2359 760 2413 labore
788 2355 1093 2426 conjuncta.
1135 2352 1200 2406 In
1230 2354 1407 2422 quibus
1434 2368 1562 2416 sum,
1605 2350 1793 2419 inquit,

213 2456 473 2523 “(ﬁciens
497 2468 602 2505 esse
625 2466 641 2503 :
668 2449 773 2503 scio
801 2458 846 2500 et
873 2446 1155 2511 humiliari,
1180 2446 1282 2498 scio
1308 2452 1351 2496 et
1374 2442 1628 2496 abundare
1650 2460 1666 2494 :
1688 2441 1800 2493 ubi-

212 2564 315 2615 que
343 2556 389 2599 et
431 2546 485 2597 in
512 2542 740 2597 omnibus
777 2540 1033 2593 institutus
1068 2552 1202 2590 sum.
1255 2534 1309 2588 Id
1344 2542 1460 2598 est,
1504 2533 1569 2586 Et
1618 2530 1799 2602 paucis

215 2647 509 2693 contentus
534 2648 654 2689 esse
679 2633 810 2695 scio,
840 2640 892 2685 et
931 2628 1123 2683 famem
1148 2629 1284 2681 ferre
1313 2635 1366 2680 et
1394 2633 1702 2696 egestatem.
1736 2621 1802 2675 Et

216 2730 507 2791 abundare,
535 2736 581 2781 et
607 2741 769 2796 egere.
792 2723 904 2790 Nec,
930 2722 1167 2791 inquies:
1196 2720 1288 2774 sed
1312 2718 1411 2773 hoc
1431 2718 1663 2773 scicntia:
1695 2732 1798 2769 non

219 2835 308 2883 est
337 2838 513 2895 neque
541 2820 749 2877 virtutis
768 2862 782 2888 ,
810 2816 1102 2874 abundare.
1150 2813 1258 2870 lmo
1284 2828 1412 2869 vero
1439 2811 1665 2869 maxime
1695 2809 1803 2866 vir-

221 2920 360 2973 tutis
381 2928 491 2981 est,
516 2931 615 2970 nec
643 2913 820 2968 minus
839 2926 996 2981 quam
1022 2909 1169 2964 illud.
1191 2908 1501 2976 Quomodo?
1522 2906 1801 2976 Quoniam,

219 3005 677 3079 quemadmodum
705 3011 913 3073 egestas
957 3000 1023 3055 ad
1063 3001 1225 3055 multa
1268 3001 1403 3054 mala
1444 2998 1684 3054 facienda
1712 2998 1805 3053 ad-

221 3102 397 3165 ducit,
431 3100 500 3152 ita
528 3107 579 3152 et
608 3095 951 3150 abundantia.

301 3194 357 3246 ‘2.
401 3191 551 3245 Multi
595 3190 737 3244 enim
764 3203 926 3256 saepe,
958 3201 1077 3241 cum
1104 3186 1168 3240 ad
1198 3185 1335 3239 hanc
1360 3200 1539 3240 rerum
1583 3183 1808 3238 afﬂuen-

227 3288 362 3340 tiam
395 3283 795 3354 pervenissent,
824 3279 1076 3333 socordes
1118 3279 1237 3332 facti
1285 3287 1449 3346 sunt,
1485 3278 1810 3348 prosperita-

228 3391 452 3445 temque
479 3374 621 3427 ferre
655 3372 964 3426 nescierunt
996 3388 1008 3423 :
1040 3370 1219 3423 multis
1246 3385 1424 3424 rermn
1466 3370 1617 3439 copia
1660 3384 1813 3423 occa-

228 3472 442 3525 sionem
472 3465 715 3521 cessandi
744 3465 912 3519 dedit.
964 3463 1077 3518 Non
1121 3465 1188 3517 ita
1234 3462 1471 3517 Paulus:
1522 3478 1642 3516 nam
1692 3478 1813 3517 cum

230 3560 532 3628 acciperet,
566 3557 619 3610 in
655 3557 789 3609 alios
820 3555 1125 3609 insumebat
1148 3562 1201 3609 et
1226 3553 1549 3609 effundebat.
1583 3554 1694 3609 lloc
1723 3570 1816 3609 au-

232 3662 346 3707 tem
372 3658 457 3704 est
486 3648 625 3703 scire
654 3648 729 3701 uti
774 3662 833 3700 re
873 3660 985 3698 sua.
1018 3645 1132 3699 Non
1164 3645 1467 3707 remittebat
1494 3646 1815 3716 diligentiam

232 3759 415 3807 suam,
445 3756 551 3794 non
575 3739 643 3794 de
662 3738 983 3793 abundantia
1013 3753 1110 3792 sua
1132 3737 1428 3802 lretabatur,
1454 3736 1545 3790 sed
1573 3736 1816 3790 eumdem

234 3851 295 3889 se
328 3831 617 3903 praestabat
666 3830 719 3883 in
760 3838 995 3897 egestate
1023 3837 1077 3883 et
1104 3828 1453 3893 abundantia,
1496 3844 1667 3897 neque
1695 3827 1820 3881 inde

236 3939 556 3997 oppressus,
580 3937 751 3991 neque
774 3920 895 3975 hinc
916 3919 1151 3974 inflatus.
1174 3918 1312 3984 Scio,
1341 3918 1531 3988 inquit,
1560 3931 1605 3972 et
1624 3919 1818 3983 satiari,

239 4028 287 4070 et
316 4016 544 4078 esurire;
570 4022 617 4065 et
636 4011 915 4075 abundare,
943 4021 988 4065 et
1018 4011 1278 4078 penuriam
1319 4011 1444 4079 pati.
1496 4010 1638 4064 Multi
1668 4021 1813 4075 sunt,

240 4109 333 4177 qui
367 4104 617 4159 nesciunt
661 4102 910 4164 saturari,
942 4100 1384 4169 quemadmodum
1434 4100 1719 4164 lsraclitm;
1750 4101 1823 4154 illi

244 4197 391 4253 enim
420 4193 797 4255 comedebant,
825 4200 877 4245 ct
902 4192 1249 4246 calcitrabant
1270 4189 1443 4262 (Deut.
1467 4192 1555 4245 52.
1580 4191 1692 4259 15).
1718 4192 1825 4246 Sed

246 4288 519 4351 eamdem,
557 4286 745 4355 inquit,
774 4284 1195 4339 moderationem
1250 4300 1311 4338 ac
1345 4285 1600 4338 decorum
1648 4300 1823 4340 servo.

247 4381 500 4437 Ostendit
527 4394 701 4448 neque
724 4393 863 4433 nunc
891 4393 949 4434 se
978 4379 1325 4448 voluptatem,
1357 4394 1526 4448 neque
1554 4388 1707 4433 antea
1733 4379 1828 4432 do-

252 4475 426 4529 lorem
453 4473 680 4540 cepisse,
731 4479 824 4524 aut
850 4471 895 4524 si
936 4470 1160 4539 ceperit,
1208 4484 1312 4524 non
1358 4485 1451 4523 sua
1505 4470 1704 4539 ipsius,
1734 4472 1827 4524 sed

256 4566 498 4633 ipsorum
523 4576 681 4615 causa
702 4578 715 4614 :
750 4561 864 4632 ipse
888 4562 1082 4631 quippe
1108 4561 1294 4616 eodem
1317 4577 1373 4615 se
1396 4562 1621 4615 habebat
1648 4562 1825 4616 modo.

257 4658 459 4725 Ubique
494 4658 626 4711 enim
649 4697 663 4719 ,
693 4667 739 4709 et
770 4656 822 4708 in
849 4655 1077 4709 omnibus
1102 4656 1357 4709 institutus
1384 4672 1513 4709 sum.
1546 4654 1601 4709 Id
1627 4664 1709 4711 est
1728 4697 1741 4720 ,
1777 4656 1830 4710 In

236 4753 358 4817 hoc
383 4751 543 4819 longo
571 4758 811 4817 tempore
831 4748 1065 4801 omnium
1090 4762 1264 4801 rerum
1286 4747 1664 4816 experientiam
1691 4748 1828 4817 cepi,

252 4851 415 4910 atque
451 4838 569 4893 hzec
598 4838 777 4894 omnia
807 4838 936 4891 mihi
965 4837 1098 4891 bene
1130 4848 1522 4906 processerunt.
1563 4838 1667 4893 Sed
1701 4854 1833 4908 quo—

253 4934 401 4988 niam
432 4931 486 4987 id
514 4931 1017 5001 magniloquentiam
1049 4930 1347 4995 redolebat,
1382 4933 1502 4987 vide
1550 4948 1654 5001 quo
1680 4942 1833 5001 pacto

253 5039 415 5094 quam
439 5024 669 5094 primum
693 5022 925 5093 corrigat
955 5041 969 5077 :
1002 5022 1206 5088 Omnia,
1232 5024 1419 5093 inquit,
1446 5041 1645 5093 possum
1674 5028 1725 5079 in
1753 5042 1830 5091 eo,

251 5118 341 5188 qui
368 5134 447 5169 me
487 5119 763 5186 confortat,
790 5116 1006 5170 Christo.
1035 5116 1150 5171 Non
1174 5117 1294 5181 hoc,
1322 5119 1509 5187 inquit,
1538 5135 1712 5173 meum
1744 5119 1833 5173 hec

256 5209 530 5265 nefactum
559 5217 661 5271 est,
693 5209 788 5264 sed
815 5210 930 5277 eius
960 5211 1046 5278 qui
1076 5211 1214 5264 vires
1258 5210 1365 5263 dat.
1409 5211 1512 5264 Sed
1562 5212 1831 5279 quoniam,

254 5302 350 5372 qui
380 5300 743 5367 benefaciuut,
768 5303 811 5355 si
834 5302 1049 5357 videant
1075 5318 1195 5357 eum
1212 5305 1307 5374 qui
1336 5305 1526 5374 accipit
1552 5320 1655 5359 non
1685 5306 1837 5361 valde

253 5392 433 5457 afﬁci,
462 5392 557 5446 sed
608 5391 879 5461 despicere
908 5407 967 5447 ea
1007 5408 1127 5463 quae
1168 5394 1383 5461 dantur,
1433 5397 1837 5466 negligentiores

256 5486 427 5550 ﬁunt;
461 5495 586 5539 tunc
610 5486 751 5540 enim
772 5486 999 5541 libenter
1025 5488 1170 5551 dant,
1200 5503 1318 5542 cum
1341 5498 1525 5558 putant
1550 5504 1607 5543 se
1631 5500 1836 5559 gratum

258 5576 581 5646 accipiendo
608 5576 816 5642 facere,
851 5579 1102 5648 illumque
1138 5596 1380 5635 recreare
1412 5600 1422 5634 :
1457 5598 1523 5637 ne
1550 5585 1665 5652 quis
1696 5584 1838 5639 dice-

258 5677 369 5730 ret,
404 5668 459 5722 Si
492 5668 594 5724 hoc
621 5669 868 5723 solatium
894 5670 1121 5739 despicit
1151 5671 1345 5727 Paulus
1368 5713 1385 5737 ,
1416 5689 1634 5730 necesse
1662 5683 1744 5729 est
1786 5686 1841 5731 et

260 5759 366 5812 hos
406 5761 818 5830 negligentiores
866 5762 1020 5828 ﬁeri;
1052 5761 1174 5818 vide
1213 5765 1481 5834 quomodo
1509 5782 1692 5822 rursus
1716 5768 1839 5825 huic

258 5852 341 5906 rei
374 5855 671 5909 medeatur.
702 5853 833 5911 Nam
860 5869 925 5911 ex
950 5855 1014 5911 iis
1049 5871 1169 5928 qua:
1191 5856 1416 5929 dixerat,
1459 5861 1693 5932 ipsorum
1723 5866 1833 5935 Spi-

1055 403 1121 460 IN
1168 400 1383 458 EPIST.
1426 400 1515 455 AD
1556 397 1840 458 PillLlPP.

1879 394 2027 451 CAP.
2075 397 2160 454 ιν.
2205 397 2425 453 IlOMlL.
2468 398 2577 453 xv.
3332 364 3454 453 Azan

1889 514 2021 565 ritus
2046 522 2476 579 compresserat;
2508 515 2556 566 in
2594 513 2935 585 sequentibus
2963 530 3088 568 vero
3128 514 3451 571 alacritatem

1885 604 2119 672 ipsorum
2148 604 2330 657 incitat
2372 615 2529 673 atque
2558 606 2867 667 inflammat,
2918 607 3099 661 dicens
3134 626 3146 661 :
3186 607 3455 663 Verumta-

1886 713 1997 749 men
2028 695 2147 748 bene
2179 696 2365 766 fecistis
2395 700 2818 753 communicantes
2857 700 3168 755 tribulationi
3198 718 3338 756 mete.
3368 702 3460 758 Vi-

1884 786 1979 840 dcs
2008 788 2277 855 quomodo
2302 788 2534 856 seipsum
2566 792 2939 860 segregavcrit,
2971 804 3023 847 et
3046 796 3312 862 quomodo
3341 812 3459 849 rur-

1884 893 1975 931 sus
1996 880 2377 947 conjunxerit?
2407 880 2518 935 Hoc
2544 897 2810 949 germanae
2834 893 2885 935 et
2905 884 3192 953 spiritualis
3213 888 3460 939 amicitia:

1885 977 1985 1021 est.
2016 968 2131 1021 Non
2159 970 2298 1022 enim
2328 970 2448 1039 quia
2468 1012 2483 1035 ,
2520 972 2705 1040 inquit,
2736 974 3052 1028 necessitate
3083 976 3301 1030 minime
3333 991 3457 1045 pre-

1886 1061 2097 1125 mebar,
2135 1061 2253 1115 ideo
2295 1062 2491 1132 putetis
2533 1079 2617 1117 me
2647 1064 2805 1118 rebus
2833 1068 3022 1119 vestris
3066 1084 3169 1120 non
3203 1071 3411 1138 eguisse
3445 1086 3459 1122 :

1888 1169 2018 1223 egeo
2047 1165 2265 1223 pr0pter
2293 1170 2405 1209 vos.
2430 1156 2705 1222 Quomodo
2736 1158 2893 1228 igitur
2915 1176 3268 1215 :crunmarum
3300 1164 3463 1230 ipsius

1891 1246 2175 1313 participes
2216 1245 2465 1300 fuerant?
2510 1248 2609 1302 Per
2655 1248 2755 1303 hoc
2803 1250 3034 1303 officium
3070 1270 3082 1303 :
3122 1252 3262 1321 quod
3305 1253 3460 1305 etiam

1890 1352 2009 1390 cum
2056 1338 2108 1389 in
2152 1338 2377 1392 vinculis
2414 1350 2591 1406 esset,
2624 1340 2868 1405 dicebat,
2913 1341 3091 1395 Socios
3134 1343 3313 1411 gratia:
3346 1360 3468 1397 mea:

1892 1445 2062 1481 omnes
2089 1444 2174 1481 vos
2215 1446 2321 1483 esse
2347 1428 2609 1499 (Philipp.
2649 1433 2699 1485 1.
2726 1433 2805 1500 7).
2837 1431 3015 1487 Gratia
3054 1434 3194 1487 enim
3250 1443 3331 1487 est
3362 1434 3467 1501 pati

1890 1534 1987 1589 pro
2017 1520 2261 1586 Christo,
2294 1522 2739 1591 quemadmodum
2772 1532 2824 1577 et
2850 1525 3043 1579 alicubi
3092 1526 3204 1594 ipse
3254 1526 3421 1594 inquit
3449 1542 3464 1579 :

1894 1609 2024 1676 Quia
2051 1629 2082 1663 a
2107 1611 2216 1664 Deo
2247 1614 2380 1666 vobis
2401 1615 2565 1683 gratia
2594 1616 2713 1667 data
2740 1626 2831 1679 est,
2865 1634 2964 1668 non
3000 1617 3162 1670 solum
3190 1627 3245 1669 ut
3274 1619 3325 1670 in
3356 1634 3467 1670 cum

1892 1702 2129 1769 credatis,
2174 1705 2261 1757 sed
2295 1706 2443 1757 etiam
2484 1723 2575 1776 pro
2624 1707 2712 1759 illo
2762 1708 3023 1775 patiamini
3049 1708 3205 1779 (Ibid.
3259 1726 3306 1762 v.
3350 1710 3465 1779 9.9).

1893 1792 2150 1869 Quoniam
2178 1795 2318 1848 enim
2362 1796 2451 1848 illa
2486 1797 2623 1851 nude
2654 1796 2813 1859 dicta,
2844 1808 2962 1867 apta
2991 1811 3143 1853 erant
3183 1816 3300 1868 qua:
3343 1802 3472 1868 ipsis

1893 1885 2131 1940 dolorem
2162 1887 2432 1953 facerent;
2465 1899 2742 1959 propterea
2768 1890 2911 1945 fovet
2938 1903 2987 1945 et
3019 1893 3390 1962 complectitur
3414 1902 3473 1947 et

1895 1978 2094 2042 laudat,
2130 1995 2313 2033 verum
2361 1991 2415 2034 et
2467 1982 2566 2035 hoc
2615 1983 2909 2037 moderate.
2960 1984 3074 2037 Non
3122 1985 3262 2038 enim
3294 1984 3469 2047 dixit,

1899 2070 2112 2134 Dantes,
2144 2071 2259 2133 sed,
2296 2070 2735 2128 Communicantes
2760 2089 2780 2138 ;
2810 2074 3097 2129 ostendens
3142 2075 3285 2144 ipsos
3311 2076 3469 2130 etiam

1898 2159 2101 2212 lucrum
2124 2160 2332 2227 fecisse,
2360 2163 2791 2233 quandoquidem
2823 2166 3158 2233 prmmiorum
3182 2164 3304 2219 lacti
3322 2174 3475 2219 erant

1896 2254 2201 2323 participes.
2269 2254 2383 2308 Non
2435 2255 2600 2320 dixit,
2656 2257 2825 2311 Leves
2878 2258 3166 2313 reddentes
3209 2276 3473 2313 atrumnas

1901 2362 2078 2409 meas,
2111 2347 2243 2415 sed,
2301 2348 2735 2403 Communicantes
2779 2350 3087 2404 tribulatiani
3134 2368 3288 2416 meae;
3333 2351 3473 2422 quod

1898 2440 2111 2508 quidem
2137 2442 2347 2508 gravius
2375 2456 2436 2494 ac
2469 2440 2743 2496 decentius
2768 2453 2905 2498 erat.

1975 2529 2127 2583 Pauli
2152 2532 2429 2585 humilitas.
2448 2562 2518 2571 —
2540 2533 2699 2587 Vides
2726 2534 2874 2590 Pauli
2906 2534 3251 2590 humilitatem
3274 2537 3297 2588 ?
3330 2538 3476 2592 vides

1901 2624 2136 2676 animum
2185 2626 2543 2693 generosum?
2595 2626 2877 2695 Postquam
2909 2628 3141 2681 ostendit
3182 2645 3241 2684 se
3270 2630 3475 2685 illorum

1901 2717 2089 2784 opibus
2117 2730 2209 2769 sua
2237 2732 2393 2769 causa
2440 2717 2657 2772 minimc
2708 2735 2899 2788 egere,
2934 2729 3057 2774 tunc
3093 2721 3203 2786 jam
3257 2720 3479 2776 ﬁdenter

1905 2807 2120 2865 humilia
2151 2808 2309 2865 etiam
2344 2808 2547 2881 profert
2576 2810 2757 2876 verba,
2804 2822 2963 2883 atque
2995 2811 3058 2869 ad
3083 2828 3146 2868 ea
3175 2811 3475 2878 descendit,

1904 2903 2094 2975 quibus
2128 2905 2355 2959 mendici
2386 2915 2627 2971 utuntur,
2656 2906 2787 2973 Qua:
2821 2918 2906 2960 tua
2934 2917 3018 2962 est
3054 2909 3212 2962 dandi
3252 2926 3479 2965 consue-

1907 2996 2053 3051 tudo.
2077 2996 2219 3051 Nihil
2250 2998 2393 3051 enim
2424 3007 2635 3052 recusat
2662 3000 2741 3052 vel
2776 2997 2953 3055 facere
2984 3000 3065 3054 vel
3098 3000 3297 3065 dicere,
3324 3002 3482 3055 dum-

1908 3087 2070 3142 modo
2096 3088 2233 3158 quod
2265 3090 2375 3141 vult
2400 3098 2544 3142 recte
2570 3088 2835 3143 conﬁciat.
2859 3090 2995 3157 Quid
3026 3101 3201 3146 autem
3233 3091 3333 3145 hoc
3361 3103 3441 3147 est
3462 3096 3485 3142 ‘t

1910 3181 1988 3235 Ne
2020 3182 2233 3250 putetis,
2266 3182 2456 3251 inquit,
2517 3181 2860 3250 impudentiae
2907 3182 3067 3237 fuisse
3097 3184 3251 3238 verba
3279 3224 3294 3248 ,
3343 3183 3486 3254 quod

1911 3274 2233 3343 obiurgarim
2261 3288 2323 3327 ac
2347 3274 2601 3336 dixerim,
2634 3276 2918 3344 Aliquando
2947 3274 3145 3329 tandem
3170 3276 3487 3346 reﬂoruistis;

1914 3382 2085 3434 neque
2114 3367 2270 3419 etiam
2302 3367 2637 3419 necessitatis
2662 3384 2673 3417 :
2700 3383 2805 3420 non
2837 3368 2978 3421 enim
3009 3367 3147 3435 quod
3168 3384 3351 3437 egeam
3376 3369 3490 3422 haec

1914 3457 2054 3521 dico,
2091 3458 2181 3512 sed
2211 3458 2374 3528 quid?
2402 3459 2479 3512 Eo
2506 3458 2647 3528 quod
2680 3459 2826 3513 vobis
2852 3460 3005 3514 valde
3026 3460 3309 3524 conﬁdam,
3333 3471 3493 3530 atque

1918 3550 2073 3617 hujus
2129 3550 2359 3604 ﬁdenti-ae
2404 3564 2499 3603 vos
2548 3559 2797 3604 auctores
2827 3552 2975 3605 estis.
3026 3550 3184 3605 Vides
3226 3552 3494 3621 quomodo

1920 3644 2064 3712 ipsos
2104 3651 2254 3696 curet
2287 3651 2340 3696 et
2368 3642 2573 3696 leniat?
2618 3642 2673 3695 ln
2714 3642 2867 3696 vobis
2888 3684 2905 3706 ,
2936 3644 3140 3711 inquit,
3185 3658 3342 3697 causa
3373 3654 3451 3697 est
3478 3684 3491 3704 ,

1920 3734 2010 3803 qui
2038 3743 2160 3786 ante
2185 3733 2316 3786 alios
2341 3732 2406 3785 ad
2436 3732 2571 3786 hanc
2600 3748 2713 3787 rem
2742 3733 3042 3796 accurritis,
3072 3747 3133 3786 ac
3156 3733 3308 3787 nobis
3332 3733 3497 3787 ﬁden-

1888 3829 2047 3881 -tiam
2075 3826 2235 3891 datis,
2264 3835 2322 3879 ut
2349 3842 2435 3879 res
2467 3824 2771 3895 hujusmodi
2805 3826 2955 3878 vobis
2999 3826 3049 3879 in
3080 3826 3385 3879 memoriam
3416 3843 3499 3879 re—

1922 3919 2182 3987 digamus.
2214 3918 2281 3972 Et
2308 3918 2426 3973 vide
2448 3919 2761 3988 gravitatem
2796 3936 2809 3973 :
2840 3917 2965 3971 dum
2998 3934 3101 3972 non
3128 3920 3369 3981 mittmit,
3402 3920 3504 3971 mi.

1925 4014 2065 4065 nime
2086 4010 2347 4081 objurgat,
2375 4025 2439 4065 ne
2462 4010 2703 4065 videatur
2718 4026 2865 4065 suam
2885 4027 3097 4065 causam
3129 4027 3285 4081 agere
3307 4028 3321 4072 ;
3348 4022 3493 4081 post-

1925 4118 2083 4171 quam
2113 4117 2242 4157 vero
2264 4103 2538 4167 miserant,
2574 4112 2699 4156 tunc
2729 4118 2822 4156 cos
2849 4102 2915 4156 de
2955 4104 3225 4171 praeterito
3264 4112 3504 4173 tempore

1926 4196 2249 4265 objurgavit;
2286 4204 2443 4265 atque
2467 4195 2538 4248 illi
2561 4210 2714 4264 :equo
2736 4196 2912 4248 animo
2936 4196 3171 4248 tulerunt
3198 4197 3339 4263 :jam
3362 4196 3503 4249 enim

1930 4290 2145 4342 minime
2174 4289 2452 4343 videbatur
2477 4304 2630 4341 suum
2664 4290 2933 4357 negotium
2962 4304 3170 4357 gerere.
3204 4290 3290 4343 15.
3326 4290 3501 4352 Scitis,

1929 4380 2132 4449 inquit,
2164 4391 2209 4433 et
2240 4397 2323 4433 vos
2360 4378 2714 4448 Philippenses
2734 4420 2748 4444 ,
2781 4381 2914 4445 quod
2943 4380 2993 4432 in
3023 4380 3268 4449 principio
3293 4396 3507 4450 evange.

1932 4474 2019 4536 lii,
2060 4474 2263 4543 quando
2305 4476 2561 4543 profectus
2587 4489 2701 4526 sum
2742 4490 2773 4525 α
2807 4472 3148 4539 Macedonia,
3201 4476 3342 4527 nulla
3384 4476 3506 4527 mihi

1936 4567 2160 4621 Ecclesia
2193 4565 2577 4619 communicavit
2611 4565 2664 4618 in
2695 4566 2890 4618 ratione
2915 4566 3025 4617 dati
3053 4575 3099 4618 et
3137 4567 3328 4634 accepti
3355 4608 3369 4630 ,
3409 4568 3509 4620 nisi

1932 4677 2017 4714 vos
2048 4659 2163 4713 soli.
2196 4658 2382 4727 Papa}!
2416 4666 2669 4727 quantum
2717 4657 3047 4711 encomium!
3098 4657 3358 4726 siquidem
3403 4658 3508 4713 Cn-

1934 4751 2109 4806 rinthii
2134 4794 2146 4811 ,
2196 4751 2427 4817 itemque
2463 4748 2685 4801 Romani
2711 4790 2724 4808 ,
2775 4766 2839 4801 eo
2880 4748 3016 4816 quod
3058 4748 3241 4803 isthzec
3287 4750 3355 4803 ab
3396 4751 3511 4819 ipso

1934 4843 2226 4902 audissent,
2262 4842 2549 4893 invitantur
2594 4862 2605 4893 :
2638 4840 2688 4893 hi
2722 4857 2848 4893 vero
2874 4857 2994 4893 cum
3029 4842 3171 4896 nulla
3197 4842 3371 4897 adhuc
3404 4844 3507 4898 Ec-

1935 4936 2093 4991 clesia
2122 4935 2402 5003 cmpisset,
2433 4933 2601 5001 inquit
2647 4933 2786 4986 enim
2810 4972 2825 4997 ,
2855 4931 2921 4985 In
2952 4928 3201 5005 principio
3247 4936 3509 5006 evangelii,

1938 5038 2135 5083 tantam
2176 5042 2295 5097 erga
2345 5036 2584 5080 sanctmn
2615 5024 2755 5079 hunc
2784 5025 3134 5080 ostenderunt
3173 5027 3333 5079 animi
3381 5041 3510 5095 pro-

1939 5119 2246 5189 pensionem
2286 5131 2347 5170 ac
2373 5114 2638 5178 studium,
2674 5123 2730 5168 ut
2771 5131 2893 5169 cum
2952 5116 3155 5170 nullum
3204 5117 3505 5185 exemplum

1943 5209 2271 5281 propositum
2300 5207 2577 5272 baberent,
2614 5206 2712 5275 ipsi
2740 5207 2895 5276 primi
2928 5206 3050 5263 huic
3075 5207 3292 5261 ferendo
3318 5207 3511 5261 fructui
3560 5220 3569 5225 ‘

1940 5308 2144 5361 initium
2169 5306 2375 5361 darent.
2406 5306 2587 5375 Neque
2612 5305 2892 5359 dicendum
2917 5312 3000 5358 est
3023 5304 3136 5358 haec
3156 5303 3277 5357 illos
3300 5302 3508 5364 fecisse.

1940 5401 2081 5471 quod
2112 5400 2304 5455 Paulus
2347 5399 2483 5469 apud
2515 5414 2573 5453 se
2614 5408 2884 5459 maneret,
2936 5406 3092 5466 atque
3134 5396 3510 5450 beneﬁciorum

1941 5508 2097 5549 causa
2126 5507 2242 5562 qua:
2275 5490 2343 5545 ab
2370 5491 2485 5559 ipso
2512 5490 2814 5558 accipereut
2849 5506 2861 5541 :
2891 5487 3058 5556 inquit
3086 5487 3249 5551 enim,
3296 5490 3512 5554 Quando

1947 5588 2197 5658 profectus
2223 5603 2334 5639 sum
2364 5603 2396 5638 ιι
2427 5584 2747 5643 Macedonia,
2780 5584 2921 5635 nulla
2962 5582 3085 5634 mihi
3112 5580 3339 5634 Ecclesia
3378 5598 3515 5634 como

1946 5678 2217 5731 municavit
2247 5677 2299 5730 in
2324 5676 2516 5729 ratione
2541 5674 2648 5728 dati
2676 5684 2723 5726 et
2752 5675 2965 5742 accepti,
2997 5673 3095 5726 nisi
3119 5688 3204 5725 vos
3233 5674 3347 5726 soli.
3378 5673 3515 5742 Quid

1944 5781 2046 5833 est,
2075 5769 2317 5837 Accepti?
2342 5768 2467 5837 quid
2505 5781 2632 5820 vero
2672 5778 2752 5819 est
2777 5807 2791 5831 ,
2823 5762 3257 5819 Communicuvit?
3283 5781 3378 5819 cur
3407 5780 3512 5819 non

1946 5861 2097 5928 dixit,
2126 5859 2332 5915 Nullam
2362 5858 2461 5914 sibi
2492 5855 2778 5913 Ecclesiam
2804 5854 3043 5925 dedisse,
3075 5855 3164 5910 sed
3185 5897 3200 5926 ,
3227 5854 3518 5912 Communi-
