3898 6560
559 401 655 459 θυι

562 510 691 567 cavit
721 509 771 564 in
799 503 994 563 ratione
1019 505 1123 558 dati
1164 513 1211 558 et
1236 501 1467 571 accepti?
1496 499 1603 556 Res
1635 498 1779 554 enim
1829 498 1945 552 haec
1984 510 2134 551 com-

566 599 854 656 nhmieatio
882 596 1124 668 qua‘dam
1167 602 1268 649 est.
1309 593 1437 647 Nam
1470 591 1531 647 Si
1562 608 1688 657 nos,
1735 590 1951 658 inquit,
1998 586 2137 641 vobis

562 692 850 761 spiritantia
869 688 1243 750 seminavimus,
1271 684 1394 755 quid
1421 698 1678 753 magnum,
1702 683 1747 737 si
1771 697 1861 734 nos
1906 676 2139 733 carnalia

563 796 724 837 vostra
757 791 1000 835 metamus
1049 780 1125 849 (1.
1175 777 1292 832 Cor.
1322 777 1376 832 9.
1412 775 1551 845 il)?
1593 782 1647 829 et
1703 787 1922 837 rursus,
1962 768 2140 824 Vestra

565 874 896 938 abundantia,
928 883 982 925 ut
1019 872 1223 924 illorum
1260 868 1485 938 inopiam
1526 863 1756 935 suppleat
1783 863 1867 937 (2.
1913 861 2033 917 Cor.
2082 860 2139 915 8.

566 964 677 1033 H).
714 964 873 1018 Vides
913 961 1182 1032 quomodo
1232 956 1777 1018 communicaveriut,
1839 954 1890 1008 in
1934 953 2141 1007 ratione

568 1056 696 1121 dati,
751 1054 926 1107 dando
978 1052 1230 1116 carnalia,
1289 1060 1345 1105 et
1391 1049 1443 1103 in
1493 1048 1700 1102 ratione
1753 1044 1997 1114 accepti,
2047 1056 2141 1097 ac-

571 1148 816 1217 cipiendo
835 1145 1166 1217 spiritualia?
1196 1144 1404 1198 Etenim
1432 1140 1879 1211 quemadmodum
1903 1138 2139 1193 venden-

569 1250 652 1297 tes
677 1251 731 1295 et
760 1249 1001 1295 ementes
1028 1238 1162 1290 inter
1180 1251 1239 1291 se
1268 1234 1682 1297 communicant,
1714 1233 1853 1287 alter
1880 1230 1946 1286 ab
1973 1231 2143 1285 altero

570 1334 803 1388 vicissim
832 1331 1098 1400 accipiens
1125 1338 1179 1382 et
1218 1328 1389 1392 dans;
1424 1326 1523 1380 hoc
1547 1326 1687 1379 enim
1720 1333 1802 1378 est
1842 1321 2143 1376 communi-

570 1426 710 1481 catio
743 1467 754 1478 .
787 1425 853 1476 ita
884 1437 1013 1476 sane
1043 1430 1095 1475 et
1136 1418 1187 1473 in
1220 1419 1319 1474 hac
1355 1434 1433 1473 re.
1477 1419 1620 1473 Nihil
1665 1417 1828 1480 enim,
1878 1415 2004 1469 nihil
2048 1415 2147 1469 hac

574 1514 932 1585 negotiatione
976 1524 1027 1567 et
1060 1522 1357 1567 mercatura
1388 1519 1470 1565 est
1493 1510 1849 1578 qtuestnosius
1879 1524 1893 1561 :
1925 1522 2045 1559 nam
2090 1505 2148 1560 ﬁt

570 1610 782 1682 quidem
811 1610 860 1661 in
896 1617 1055 1669 terra,
1103 1606 1380 1676 perlicitur
1408 1613 1585 1657 autem
1630 1603 1680 1655 iu
1714 1602 1845 1656 caelo
1882 1619 1893 1652 :
1940 1609 1993 1654 et
2031 1614 2145 1653 em-

571 1715 749 1773 ptores
774 1700 984 1772 quidem
1006 1702 1055 1754 in
1087 1710 1222 1752 terra
1253 1708 1409 1758 sunt;
1434 1705 1617 1750 emunt
1646 1710 1775 1749 vero
1798 1703 1850 1748 et
1872 1694 2148 1763 paciscun-

568 1805 657 1849 tur
682 1811 742 1848 ea
773 1809 889 1862 qua:
924 1794 973 1845 in
994 1791 1160 1852 cmlis,
1195 1801 1408 1843 terreno
1431 1787 1676 1856 deposito
1706 1786 1895 1854 pretio.

643 1887 697 1941 5.
742 1884 938 1939 Verum
966 1898 1072 1935 non
1111 1880 1360 1949 desperet
1388 1878 1652 1948 quispiam
1681 1894 1693 1927 :
1736 1894 1840 1929 non
1888 1886 2011 1928 sunt
2036 1890 2142 1929 cte-

568 1979 726 2031 lestia
757 1974 999 2045 pecuniis
1050 1971 1315 2042 proposita
1359 1970 1607 2025 venalia:
1640 1984 1743 2022 non
1788 1969 1873 2022 illa
1912 1967 2147 2037 pecunia:

571 2079 779 2132 emunt,
822 2068 914 2121 sed
958 2067 1149 2120 electio
1180 2074 1337 2133 atque
1385 2064 1594 2116 animus
1637 2061 1867 2115 hominis
1898 2060 2147 2129 pecunias

571 2161 903 2233 projicientis
927 2201 942 2225 ,
974 2159 1064 2213 sed
1097 2156 1428 2227 philos0phia
1450 2196 1464 2221 ,
1492 2154 1823 2208 smcularium
1854 2168 2030 2206 rerum
2055 2151 2148 2206 de-

571 2268 806 2327 spectus,
842 2252 1169 2316 humanitas,
1200 2248 1585 2303 misericordia.
1616 2245 1912 2315 Creteroqui
1940 2287 1955 2311 ,
1983 2245 2027 2299 si
2062 2260 2148 2298 ar-

571 2356 734 2417 gento
783 2354 1106 2408 emerentur,
1154 2356 1269 2410 qua:
1308 2341 1415 2394 duo
1447 2340 1646 2393 minuta
1699 2339 1926 2409 projecit
1972 2336 2145 2410 (Luc.

566 2441 632 2494 Ἡ
668 2441 707 2503 ),
736 2438 868 2491 nihil
899 2451 1029 2490 sane
1058 2448 1304 2502 magnum
1331 2432 1624 2501 accepisset
1650 2450 1662 2485 :
1730 2445 1872 2484 nunc
1894 2430 2146 2499 quoniam

570 2547 677 2587 non
706 2537 1003 2600 argentum,
1032 2527 1124 2580 sed
1149 2524 1343 2580 elemio
1366 2524 1500 2578 hanc
1518 2525 1622 2578 vim
1651 2522 1899 2587 habebat,
1930 2534 2146 2576 omnem

571 2626 658 2678 illa
710 2623 869 2677 animi
920 2619 1330 2689 propensionem
1377 2616 1647 2679 alii-rens,
1690 2616 1868 2669 omnia
1916 2620 2144 2682 accepit.

570 2716 752 2784 Itaque
797 2728 866 2766 ne
910 2712 1148 2765 dicamus
1180 2708 1418 2777 pecuniis
1449 2723 1667 2777 regnum
1716 2706 1861 2769 emi;
1912 2722 2017 2759 non
2058 2721 2147 2774 pe-

568 2806 761 2870 cuniis,
789 2802 884 2857 sed
918 2802 1178 2857 electione
1200 2809 1253 2854 et
1281 2800 1554 2852 voluntate
1574 2839 1589 2863 ,
1623 2812 1741 2867 qua:
1772 2812 1864 2865 per
1894 2796 2147 2865 pecunias

566 2896 870 2951 exhibetur.
940 2894 1079 2962 Ergo
1119 2905 1253 2958 opus
1297 2898 1418 2954 est,
1468 2888 1683 2958 inquis,
1739 2887 1981 2942 divitiis?
2030 2886 2147 2941 Non

568 2986 772 3041 divitiis
807 2997 943 3052 Opus
966 2992 1083 3046 est,
1116 2980 1209 3035 sed
1238 2991 1384 3035 certa
1412 2978 1685 3033 voluntate
1731 2996 1745 3031 :
1792 2978 1836 3032 si
1884 2981 2022 3031 hanc
2052 2976 2148 3031 ha-

568 3081 736 3141 beas,
770 3077 854 3132 vel
898 3074 1105 3130 duobus
1151 3074 1369 3126 minutis
1408 3072 1607 3141 poteris
1654 3085 1873 3140 regnum
1919 3084 2145 3135 emere;

568 3174 653 3227 sin
682 3172 879 3235 minus,
917 3182 1090 3237 neque
1125 3165 1272 3220 mille
1298 3165 1413 3217 auri
1443 3165 1640 3218 talenta
1685 3162 2013 3218 tantumdem
2052 3178 2150 3234 po-

569 3272 790 3325 terunt,
820 3274 883 3313 ac
911 3259 1017 3312 duo
1048 3258 1247 3311 minuta
1291 3265 1531 3324 possunt.
1567 3253 1715 3310 Cur?
1741 3253 2000 3323 Quoniam
2025 3272 2146 3310 cum

570 3354 736 3410 multa
758 3352 957 3406 habens
980 3350 1224 3419 pauciora
1251 3347 1445 3401 dedisti
1471 3387 1485 3411 ,
1514 3346 1908 3417 eleetnOsyuam
1931 3347 2143 3415 quidem

568 3450 764 3515 fecisti,
790 3446 881 3503 sed
912 3461 1015 3501 non
1042 3452 1236 3498 tantam
1262 3451 1513 3512 quantam
1538 3440 1692 3495 vidua
1724 3441 1831 3494 illa.
1863 3440 1975 3494 Non
2004 3441 2147 3495 enim

568 3551 771 3598 tantam
823 3538 1109 3594 adhibuisti
1143 3537 1477 3590 alacritatem
1522 3544 1575 3589 et
1622 3534 1783 3587 animi
1834 3535 2149 3604 propensio-

570 3650 713 3700 nem,
736 3644 893 3703 atque
921 3631 1006 3685 illa
1033 3648 1045 3683 :
1074 3630 1161 3683 illa
1189 3629 1330 3683 enim
1360 3626 1538 3682 omnia
1568 3626 1667 3679 sibi
1689 3626 1939 3687 abstulit;
1970 3625 2150 3696 potius

571 3740 751 3786 autent
804 3742 910 3781 non
963 3725 1240 3801 abstulit,
1270 3722 1365 3777 sed
1400 3722 1578 3775 omnia
1623 3719 1725 3773 sibi
1777 3719 1878 3789 ipsi
1908 3718 2147 3773 donavit.

567 3823 684 3878 Non
725 3821 866 3876 enim
911 3819 1087 3873 aureis
1124 3817 1336 3870 talentis
1374 3830 1595 3885 regnum
1636 3823 1822 3883 pactus
1862 3822 1945 3868 est
1985 3814 2148 3881 Deus,

574 3916 667 3970 sed
697 3913 858 3967 animi
891 3911 1281 3981 propensione;
1318 3924 1422 3961 non
1470 3916 1642 3960 morte
1664 3947 1679 3971 ,
1723 3905 1815 3960 sed
1845 3905 2148 3961 electione:

575 4024 681 4063 non
723 4006 864 4061 enim
910 4002 1064 4056 valde
1114 4017 1361 4069 magnum
1408 4010 1508 4054 est.
1560 3998 1695 4066 Quid
1743 3998 1884 4053 enim
1925 4007 2009 4053 est
2038 3999 2153 4053 ani-

575 4116 716 4156 mam
760 4113 917 4151 unam
944 4094 1108 4149 dare?
1135 4093 1310 4148 Unum
1353 4092 1622 4145 hominem
1650 4089 1839 4155 dedit;
1874 4106 2013 4145 unus
2055 4106 2152 4145 au-

576 4204 682 4248 tem
716 4191 876 4244 homo
904 4206 1007 4242 non
1040 4202 1133 4256 par
1162 4185 1391 4256 pretium
1439 4193 1540 4238 est.
1590 4182 1680 4238 16.
1731 4183 1866 4250 Quia
1899 4193 1945 4237 et
1985 4183 2149 4238 Thes-

577 4282 858 4338 salonicam
898 4278 1089 4341 semel,
1123 4285 1167 4329 et
1198 4276 1271 4329 bis
1300 4276 1354 4328 in
1376 4290 1499 4327 usus
1533 4274 1657 4327 mihi
1691 4273 1914 4327 misistis.
1944 4274 2153 4329 Rursus

578 4387 827 4443 magnum
854 4367 1155 4425 encomium
1184 4383 1197 4420 :
1228 4364 1658 4435 quandoquidem
1677 4405 1690 4428 ,
1714 4380 1834 4417 cum
1869 4363 1919 4417 in
1952 4375 2153 4418 metro-

574 4466 683 4536 poli
711 4470 874 4524 esset.
900 4460 966 4513 ab
978 4459 1167 4529 exigua
1190 4466 1365 4510 tamen
1388 4455 1603 4510 civitate
1623 4453 1887 4509 alebatur.
1918 4454 1979 4507 Et
2006 4454 2148 4519 vide;

575 4572 642 4611 ne
673 4560 926 4625 perpetuo
957 4566 1013 4605 se
1042 4566 1107 4604 ex
1137 4547 1453 4602 necessitate
1478 4546 1720 4600 eximens
1740 4587 1755 4610 ,
1790 4546 1935 4615 ipsos
1960 4587 1974 4610 ,
2006 4546 2150 4616 quod

575 4657 729 4702 antea
780 4644 1062 4707 dicebam,
1113 4640 1521 4710 negligentiorcs
1572 4638 1862 4705 redderet,
1894 4655 2016 4695 cum
2071 4650 2150 4696 tot

580 4738 754 4793 modis
779 4735 1103 4813 ostendisset
1143 4747 1202 4787 se
1244 4748 1349 4786 non
1394 4747 1590 4801 egere;
1625 4746 1764 4785 nunc
1792 4747 1857 4786 ex
1900 4731 2001 4786 hoc
2031 4732 2149 4787 solo

580 4832 633 4886 id
680 4828 1018 4884 manifestum
1050 4824 1208 4890 fecit,
1260 4826 1330 4879 ita
1359 4826 1608 4878 nimirum
1641 4824 1823 4878 dicens
1846 4865 1860 4888 ,
1911 4823 1976 4879 In
2008 4842 2146 4880 usus.

577 4925 692 4981 Non
724 4922 867 4976 enim
896 4920 1063 4985 dixit,
1094 4918 1256 4983 Meos,
1291 4918 1383 4973 sed
1415 4927 1618 4971 tantum
1641 4960 1655 4982 ,
1690 4916 1758 4971 In
1786 4935 1907 4972 usus
1928 4958 1944 4983 ,
1977 4921 2151 4988 gravi-

579 5019 704 5071 tatis
730 5014 932 5068 scilicet
959 5022 1013 5066 el
1042 5010 1221 5065 decori
1253 5010 1513 5066 rationem
1543 5010 1744 5064 habens
1767 5052 1782 5073 ,
1815 5026 1923 5064 non
1952 5027 2016 5066 ex
2046 5010 2149 5067 hoc

578 5108 694 5162 solo
713 5147 728 5170 ,
760 5104 853 5159 sed
879 5106 1037 5157 etiam
1081 5117 1147 5156 ex
1176 5116 1241 5156 eo
1268 5101 1406 5170 quod
1445 5100 1712 5169 sequitur.
1743 5100 1873 5154 Nam
1900 5102 2153 5172 quoniam

581 5198 633 5253 id
662 5197 862 5251 humile
891 5194 1141 5263 quiddam
1170 5207 1290 5247 esse
1329 5206 1433 5245 non
1463 5192 1741 5262 ignorabat
1768 5233 1782 5257 ,
1813 5208 1997 5249 rursus
2029 5208 2152 5249 cor-

580 5291 816 5347 rectione
862 5287 1088 5358 quadam
1136 5286 1471 5341 communit:
1504 5284 1719 5339 t'LNon
1764 5286 1901 5354 quod
1943 5302 2149 5355 quem,

578 5382 788 5452 inquit,
820 5380 995 5433 datum
1017 5396 1036 5434 :
1080 5377 1220 5448 quod
1246 5387 1399 5432 antea
1426 5377 1656 5442 dixerat,
1684 5375 1804 5431 Non
1836 5379 1981 5447 quasi
2029 5396 2152 5448 pro-

578 5486 689 5546 pter
704 5473 965 5543 penuriam
990 5471 1123 5538 dico,
1149 5470 1286 5526 idem
1317 5470 1622 5541 signiﬁcans
1647 5488 1659 5524 :
1683 5486 2001 5542 quamquam
2024 5472 2153 5529 illud

580 5566 753 5636 majus
780 5574 901 5629 est,
950 5578 1107 5634 quam
1141 5564 1261 5617 hoc.
1293 5562 1454 5617 Aliud
1484 5563 1627 5618 enim
1657 5572 1775 5629 est,
1824 5578 1945 5619 cum
1974 5564 2152 5630 desit,

578 5673 689 5714 non
717 5670 995 5727 qtuerere;
1040 5653 1215 5719 aliud,
1246 5668 1365 5709 cum
1395 5655 1573 5720 desit,
1622 5670 1691 5710 ne
1720 5654 1908 5710 deesse
1935 5655 2153 5726 quidem

584 5759 792 5819 putare.
826 5747 946 5802 Non
972 5747 1108 5818 quod
1136 5762 1329 5817 quaero,
1361 5748 1562 5819 inquit,
1590 5748 1768 5802 datum
1792 5790 1807 5814 ,
1836 5748 1925 5804 sed
1954 5751 2151 5820 requiro

585 5848 800 5915 fructum
824 5843 1160 5896 abundantem
1190 5842 1241 5896 in
1271 5843 1514 5898 rationem
1541 5854 1753 5900 vestram
1773 5887 1787 5914 ,
1819 5860 1922 5901 non
1948 5863 2141 5905 meatu.

1307 386 1364 444 S.
1405 382 1681 441 JOANNIS
1714 380 2186 439 CHRYSOSTOMI
2225 382 2539 441 ARCHIEP.
2578 381 3106 441 CONSTANTINOP.
3660 385 3727 444 Ἐξ

2250 497 2410 554 Vides
2440 499 2670 554 fructum
2702 499 2807 554 illis
2834 499 3058 569 colligi?
3084 498 3201 554 Non
3230 515 3342 556 mea
3363 541 3381 568 ,
3411 502 3582 573 inquit,
3606 523 3728 577 causa,

2247 590 2341 645 sed
2368 601 2542 645 vestra
2574 590 2688 646 hinc
2708 591 2850 657 dico,
2883 591 2952 645 ad
2980 600 3215 647 vestram
3245 593 3463 647 salutem
3494 613 3507 647 ε
3536 613 3616 665 ego
3637 606 3729 657 enim

2245 682 2370 737 dum
2399 684 2604 753 accipio
2628 726 2642 749 ,
2673 684 2805 738 nihil
2832 684 3049 748 lucror;
3079 685 3246 754 gratia
3274 685 3507 740 dantium
3532 701 3615 746 est.
3639 695 3729 749 Dan.

2248 774 2389 829 tibus
2418 776 2564 829 enim
2608 775 2714 829 illic
2741 784 2824 830 est
2871 776 3103 845 reposita
3136 792 3341 832 merces
3370 819 3384 840 ,
3428 781 3727 846 accipientibus

2247 880 2374 920 vero
2423 866 2507 921 hic
2549 878 2941 922 consumuntur
2968 884 3087 938 quae
3116 870 3406 938 accipiunt.
3457 870 3629 928 Rursus
3652 895 3729 935 cum

2246 959 2508 1022 encomio,
2543 968 2597 1014 et
2620 959 2849 1030 quodam
2879 961 3136 1030 egestatis
3164 976 3347 1016 sensu.
3398 963 3522 1018 Nam
3547 974 3729 1036 quonam

2246 1048 2474 1117 dixerat,
2515 1050 2629 1105 Non
2654 1068 2825 1123 quarm
2850 1068 2869 1115 ,°
2898 1068 2965 1107 ne
2992 1068 3181 1108 rursus
3207 1055 3597 1125 negligentiores
3614 1060 3731 1133 iaciat,

2253 1142 2442 1213 inquit.
2494 1143 2579 1200 18.
2634 1145 2816 1215 Recepi
2844 1155 3012 1199 autem
3053 1148 3244 1211 omnia,
3272 1158 3318 1201 et
3346 1148 3555 1205 abundo.
3594 1151 3731 1222 Iden,

2250 1251 2345 1305 per
2367 1236 2467 1291 hoc
2489 1237 2686 1293 donum
2718 1254 2835 1308 qua:
2859 1234 3239 1296 etiam'omissa
3260 1241 3467 1297 fuerant
3484 1246 3730 1316 explevistis:

2248 1328 2389 1396 quod
2421 1328 2632 1383 illorum
2665 1332 3162 1398 maximejncitare
3205 1334 3532 1388 alacritatem
3568 1349 3727 1405 potent.

2249 1419 2379 1474 Nam
2401 1422 2489 1490 qui
2520 1421 2893 1489 henelaciunt,
2922 1433 3120 1493 quanto
3148 1424 3377 1493 majores
3405 1425 3455 1477 in
3482 1425 3729 1498 philosopha

2251 1526 2566 1583 progressus
2616 1513 2857 1568 fecerunt
2881 1555 2896 1579 ,
2929 1530 2994 1569 eo
3020 1516 3187 1585 magis
3217 1517 3443 1586 cupiunt
3468 1532 3553 1573 eos
3573 1560 3587 1583 ,
3611 1524 3733 1589 quibus

2250 1603 2648 1670 benefecerunt,
2681 1620 2801 1659 esse
2829 1615 3029 1675 gratos.
3064 1606 3250 1674 Recepi
3282 1609 3456 1660 omnia
3480 1648 3496 1674 ,
3525 1620 3565 1662 et
3586 1612 3730 1670 una.

2251 1693 2480 1749 Perinde
2505 1709 2567 1749 ac
2597 1696 2641 1750 si
2668 1696 2870 1751 diceret
2896 1714 2910 1749 :
2939 1712 3043 1751 non
3070 1698 3239 1752 solum
3266 1713 3391 1768 qua:
3413 1702 3734 1768 praeter-notem-

2250 1800 2381 1855 pore
2410 1787 2606 1843 omissa
2636 1787 2864 1854 fuerant,
2895 1790 3226 1858 explevistis.
3256 1791 3354 1845 sed
3383 1792 3535 1845 etiam
3561 1796 3731 1863 majore.

2252 1879 2305 1932 in
2337 1878 2552 1934 modum
2577 1881 2921 1949 explevistis,
2952 1893 3110 1951 atque
3140 1882 3496 1937 exnberastis.
3532 1886 3679 1941 Deinde
3694 1906 3731 1944 se

2252 1970 2354 2027 hoc
2380 1973 2481 2027 illis
2504 1974 2831 2043 exprobrare
2860 1976 3102 2030 videatur
3126 2016 3141 2034 .
3171 1976 3293 2031 vide
3342 1979 3593 2045 quomodo
3626 1981 3731 2035 luem

2253 2066 2474 2119 muniat.
2508 2064 2768 2133 Quoniam
2812 2066 3058 2132 dixerat,
3092 2065 3214 2120 Non
3249 2068 3391 2137 quod
3420 2085 3577 2137 quam
3608 2073 3733 2135 dun,

2251 2166 2325 2223 et,
2349 2156 2572 2209 Tandem
2590 2156 2887 2225 aliquando,
2910 2168 2964 2213 et
2982 2158 3294 2213 ostenderat
3310 2158 3542 2213 debitum
3558 2161 3599 2214 id
3618 2161 3731 2218 fuisse

2253 2249 2356 2305 hoc
2381 2251 2524 2304 enim
2547 2250 2840 2320 signiﬁcat,
2868 2252 3110 2319 o’trrizuﬂd
3139 2261 3222 2307 est
3242 2293 3257 2317 ,
3304 2254 3508 2322 recipio
3529 2255 3733 2323 quasiabs-

2252 2356 2368 2395 sum
2395 2383 2410 2408 ,
2438 2350 2493 2396 et
2518 2341 2717 2397 fructus
2747 2357 2809 2397 ex
2838 2358 2967 2412 agro
2995 2360 3008 2396 :
3044 2358 3229 2397 rursus
3257 2344 3496 2398 ostendit
3530 2346 3643 2413 ipsos
3664 2348 3733 2415 plus

2251 2449 2409 2503 quam
2438 2432 2696 2488 deberent
2724 2434 3043 2503 praestitisse
3067 2474 3084 2499 ,
3112 2446 3166 2488 et
3198 2437 3376 2504 inquit
3406 2453 3419 2488 :
3452 2435 3613 2507 Recepi
3632 2450 3732 2490 asta

2252 2527 2443 2592 omnia,
2478 2536 2525 2580 et
2550 2525 2791 2592 abundo;
2819 2527 3039 2595 repletus
3074 2544 3206 2581 sum.
3255 2528 3375 2583 Non
3410 2528 3591 2599 absque
3609 2545 3733 2596 calas,

2254 2633 2428 2687 neque
2454 2633 2519 2672 ex
2545 2618 2705 2671 animi
2738 2617 2928 2673 aﬁ'ectu
2959 2618 3075 2674 hinc
3098 2618 3252 2684 dico;
3284 2618 3386 2674 sed
3413 2621 3564 2690 quid?
3587 2622 3733 2690 Accepta

2250 2710 2311 2764 ab
2342 2710 2689 2781 Epaphrodito
2704 2726 2817 2782 qua:
2831 2712 3055 2777 misistis,
3082 2712 3288 2766 odorem
3303 2713 3575 2775 suavitatis,
3595 2715 3732 2766 bestic-

2250 2800 2626 2871 acceptabilem,
2656 2802 2935 2871 placentem
2955 2801 3082 2857 Deo.
3109 2802 3300 2871 Papae!
3327 2818 3436 2873 quo
3458 2804 3643 2857 istorum
3666 2821 3731 2858 mtt-

2252 2909 2351 2946 nus
2376 2893 2585 2948 evexit!
2633 2891 2748 2947 Non
2781 2908 2881 2963 ego
2906 2935 2921 2958 ,
2956 2893 3146 2963 inquit,
3190 2895 3414 2962 accepi,
3445 2894 3531 2949 sed
3559 2894 3662 2949 Deus
3681 2910 3732 2962 pet

2251 3001 2357 3040 me.
2400 2985 2758 3053 Quamobrem
2785 3027 2799 3051 ,
2827 2986 3034 3041 etiamsi
3064 3001 3170 3040 non
3197 3001 3391 3058 egeam
3411 3027 3427 3051 ,
3469 3002 3563 3041 non
3597 2987 3730 3041 hostio

2249 3093 2372 3132 men
2402 3085 2640 3146 spectate
2672 3092 2686 3129 :
2718 3091 2838 3130 nam
2872 3092 3045 3146 neque
3090 3076 3230 3131 Deus
3269 3077 3502 3147 egebat,
3542 3087 3588 3131 et
3620 3087 3731 3131 tam

2250 3170 2455 3238 accepit
2486 3185 2500 3222 :
2530 3168 2665 3224 adeo
2706 3176 2761 3223 ut
2787 3168 2965 3223 divina
3008 3168 3279 3239 Scriptura
3324 3184 3435 3223 non
3476 3168 3732 3223 relormidant

2250 3262 2430 3318 dicere
2449 3303 2465 3328 ,
2502 3261 2755 3315 Odoratus
2782 3270 2853 3314 est
2878 3258 3129 3314 Dominus
3152 3260 3364 3314 odorem
3390 3260 3729 3327 suaritatis(6a.

2251 3356 2303 3412 8.
2342 3356 2422 3426 ἢ.)
2450 3398 2465 3423 ,
2494 3354 2637 3426 quod
2662 3369 2790 3410 sane
2817 3354 3047 3410 lzntantis
3074 3363 3176 3410 est.
3216 3353 3401 3410 Nostis
3426 3355 3573 3420 enim,
3600 3356 3730 3416 litatis.

2250 3459 2505 3519 quantum
2533 3465 2597 3503 ex
2628 3448 2809 3503 odoris
2832 3449 3093 3503 suavitate
3122 3448 3391 3503 afﬁciatur
3422 3450 3579 3502 anima
3602 3458 3729 3504 nostra.

2250 3550 2504 3610 quantum
2527 3541 2875 3611 jucunditatis
2900 3551 2955 3595 et
2984 3541 3273 3609 voluptatis
3300 3542 3496 3610 capiat.
3539 3539 3629 3595 Non
3655 3555 3731 3608 ergo

2253 3634 2517 3687 recusavit
2541 3632 2816 3711 Scriptura
2844 3632 3063 3687 verbum
3087 3631 3223 3686 adeo
3242 3632 3528 3687 humanum
3546 3642 3664 3700 atque
3677 3631 3734 3682 lu-

2254 3726 2381 3781 mile
2410 3727 2521 3780 Deo
2551 3725 2787 3780 tribuere
2816 3742 2831 3781 :
2864 3734 2922 3779 ut
2951 3725 3257 3781 hominibus
3276 3727 3572 3781 ostenderet
3595 3736 3731 3793 accepta

2254 3820 2489 3888 ipsorum
2519 3818 2657 3873 dona
2704 3818 2866 3873 fuisse
2897 3835 2911 3872 :
2942 3832 3046 3873 non
3077 3819 3219 3873 enim
3268 3818 3429 3874 nidor
3457 3834 3605 3888 neque
3626 3819 3732 3870 fumus

2254 3923 2469 3982 accepta
2511 3911 2737 3967 faciebat
2761 3952 2775 3975 ,
2809 3911 2902 3967 sed
2945 3912 3154 3965 animus
3182 3912 3270 3982 qui
3311 3910 3732 3977 oﬂ‘erebatulioqni

2253 4007 2383 4062 Cain
2405 4006 2562 4060 etiam
2585 3990 2726 4059 dona
2751 4004 2977 4059 fuissent
3001 4013 3240 4074 accepta.
3261 4004 3407 4058 Dixit
3428 4005 3569 4074 igitur
3582 4003 3730 4056 latitia

2253 4110 2465 4166 quoque
2489 4096 2652 4150 Deum
2669 4109 2819 4159 esse;
2839 4103 2894 4149 et
2913 4094 3182 4164 quomodo
3202 4094 3445 4151 lauetur?
3465 4110 3558 4149 non
3575 4094 3733 4148 enimill-

2256 4199 2339 4246 ter
2361 4190 2602 4245 homines
2622 4187 2954 4243 didicissent.
2984 4187 3125 4257 Ergo
3150 4189 3239 4257 qui
3263 4188 3463 4242 nullius
3482 4188 3551 4242 rei
3574 4195 3635 4240 est
3652 4183 3732 4235 indi-

2254 4299 2373 4353 gus,
2389 4282 2516 4337 dicit
2540 4281 2695 4336 valde
2710 4296 2768 4335 se
2785 4280 2975 4346 lauari,
2992 4288 3132 4334 utne
3153 4294 3217 4334 ex
3231 4294 3321 4345 eo,
3340 4279 3481 4349 quod
3501 4294 3590 4333 non
3605 4282 3729 4345 egeret

2256 4376 2584 4445 negligentes
2610 4376 2756 4427 ﬁant.
2780 4372 2914 4427 Cum
2936 4387 3065 4427 vero
3085 4372 3329 4442 sequenti
3360 4383 3585 4441 tempore
3602 4378 3731 4423 cateia

2260 4466 2470 4520 virtutis
2491 4464 2664 4531 obliti,
2690 4464 2773 4519 his
2795 4465 2924 4520 solis
2951 4464 3141 4519 hostiis
3165 4463 3529 4528 conﬁderent,
3555 4461 3731 4525 vidqu

2262 4560 2422 4614 modo
2439 4573 2622 4614 rursus
2652 4559 2798 4628 ipsos
2820 4558 3061 4628 corrigit,
3079 4558 3295 4613 dicens:
3325 4557 3577 4626 Numquid
3598 4554 3731 4607 mta-

2258 4653 2380 4706 cabo
2404 4668 2583 4705 carnes
2611 4652 2917 4705 taurorum?
2936 4661 3024 4705 aut
3054 4653 3357 4722 sanguinem
3386 4652 3610 4705 hircorum
3623 4646 3730 4715 paleis
3788 4656 3793 4661 ‘

2259 4744 2430 4815 (Psal.
2448 4744 2654 4811 49.15)?
2671 4743 2783 4799 Hoc
2797 4753 2852 4799 et
2877 4744 3073 4799 Paulus
3093 4744 3284 4814 inquit,
3306 4743 3430 4798 Non
3448 4738 3729 4814 quaraﬁuquit

2258 4837 2479 4892 datumJ
2490 4835 2543 4890 9.
2564 4834 2701 4889 Deus
2719 4844 2887 4888 autem
2899 4852 3038 4889 meus
3056 4836 3263 4901 impleat
3279 4852 3478 4889 omnem
3492 4832 3732 4887 necessitati!

2260 4939 2477 4984 vestram
2497 4927 2771 4981 secundum
2793 4928 2992 4982 divitias
3015 4945 3132 4982 suas
3154 4930 3206 4981 in
3227 4929 3394 4999 gloria
3410 4930 3462 4982 in
3475 4922 3730 4982 Christum.

2328 5021 2382 5074 4.
2427 5019 2561 5073 Vide
2586 5033 2748 5089 quam
2796 5019 2956 5073 etiam
2997 5033 3289 5089 pauperum
3337 5034 3487 5074 more
3526 5018 3634 5072 bene
3664 5024 3732 5079 pa-

2258 5120 2428 5168 cetur.
2452 5112 2602 5180 Quod
2622 5113 2668 5167 si
2691 5113 2886 5167 Paulus
2922 5113 3059 5168 bene
3080 5121 3330 5183 precetur
3351 5113 3578 5168 dantibus
3597 5151 3610 5173 .
3631 5107 3731 5161 multo

2258 5204 2434 5258 minus
2464 5218 2562 5258 nos
2590 5204 2694 5259 hoc
2723 5203 2901 5259 facere
2930 5204 3335 5270 erubescamus,
3367 5220 3486 5260 cum
3515 5201 3729 5269 accipimus

2258 5294 2337 5350 Ne
2364 5310 2492 5350 vero
2515 5296 2840 5366 accipiamus
2864 5337 2879 5362 ,
2911 5305 3181 5367 tamquam
3224 5298 3323 5368 ipsi
3352 5309 3605 5369 egeamus,
3628 5302 3729 5356 ιιεηα

2261 5400 2442 5445 nostra
2469 5404 2629 5446 causa
2656 5389 2980 5460 gaudeamus
3004 5432 3021 5458 ,
3068 5390 3161 5447 sed
3192 5392 3427 5462 ipsorum
3460 5392 3667 5447 dantium.
3690 5382 3750 5441 Ιυ.

2261 5493 2315 5537 et
2362 5482 2516 5537 nobis
2556 5484 2658 5538 erit
2704 5498 2913 5540 merces
2956 5493 3012 5539 et
3051 5485 3461 5555 accipientibus,
3502 5486 3541 5539 si
3578 5484 3731 5552 ipsorum

2262 5589 2424 5630 causa
2453 5575 2695 5631 laetemur
2744 5595 2759 5630 :
2805 5576 2877 5631 ita
2916 5592 3088 5648 neque
3117 5577 3525 5648 indignabimur,
3555 5588 3648 5628 cum
3669 5581 3731 5621 Iw

2262 5666 2507 5723 dederint
2531 5709 2545 5734 ,
2577 5668 2674 5725 sed
2701 5669 2877 5739 potius
2906 5669 3119 5725 illorum
3161 5672 3331 5727 vicem
3372 5670 3662 5726 delebimus:
3690 5662 3730 5711 in

2263 5759 2422 5815 etiam
2450 5761 2735 5816 alacriores
2765 5760 3083 5827 reddemus,
3104 5763 3149 5817 si
3179 5763 3478 5829 doceamus,
3506 5777 3590 5817 non
3615 5764 3731 5811 nostra

2266 5867 2423 5908 causa
2455 5853 2567 5909 haec
2595 5868 2624 5907 a
2656 5853 2807 5911 nobis
2839 5854 2973 5909 ﬁeri.
3015 5852 3154 5909 Deus
3191 5866 3355 5910 autem
3397 5871 3551 5918 meus,
3588 5844 3728 5909 ἱιηυίίο
