3974 6498
280 377 392 432 291

282 506 440 561 μεγς
470 488 564 543 καὶ
592 487 773 549 πάλιν,
806 486 875 540 τὸ
898 486 1064 557 ὑμῶν
1093 488 1469 556 περίσσευμα
1501 488 1600 542 ἵνα
1633 487 1866 557 γίνηται

287 585 379 648 είς
410 580 478 633 τὸ
500 580 747 633 ἐκείνων
784 580 1114 648 ὑστέρημα.
1152 579 1315 650 Ὁρᾷς
1340 578 1455 641 πῶς
1479 577 1862 648 ἐκοινώνησαν,

288 674 375 736 είς
421 672 579 740 λόγον
625 672 823 733 δόσεως
865 670 972 724 τῶν
1018 671 1329 741 σαρκικῶν,
1364 672 1456 723 καὶ
1504 670 1716 740 λήψεως
1757 668 1866 722 τῶν

289 764 711 835 πνευματικῶν;
752 764 960 833 Ὠσπερ
992 762 1100 831 γάρ
1123 765 1171 815 οἱ
1211 762 1513 825 πωλοῦντες
1544 764 1635 814 καὶ
1666 760 1865 831 ἀγορά-

290 856 480 919 ζοντες
505 854 849 909 κοινωνοῦσιν
887 854 1154 925 ἀλλήλοις,
1178 854 1246 907 τὰ
1276 856 1405 924 παρ’
1440 854 1683 923 ἀλλήλων
1719 856 1867 907 ἀντι·-

290 946 531 1009 διδόντες
570 945 749 1015 (τοῦτο
802 946 907 1017 γάρ
956 949 1073 999 ἐστι
1133 946 1427 1013 κοινωνία),
1477 945 1617 998 οῦτω
1661 946 1723 1017 δὴ
1773 947 1867 999 καὶ

294 1038 560 1092 ἐνταῦθα.
593 1040 667 1091 Οὐ
700 1040 807 1109 γὰρ
838 1038 1003 1103 ἔστιν,
1038 1038 1135 1090 οὐκ
1158 1037 1267 1090 ἐστι
1294 1036 1494 1106 ταύτης
1530 1036 1629 1106 τῆς
1666 1037 1867 1106 ἀγορα-

292 1131 418 1194 σίας
451 1132 545 1184 καὶ
593 1130 863 1200 ἐμπορίας
904 1147 958 1182 τι
997 1127 1464 1200 κερδαλεώτερον·
1511 1126 1717 1193 γίνεται
1770 1126 1867 1195 μέν

287 1222 406 1293 γὰρ
433 1222 489 1274 ἐν
522 1224 588 1293 τῇ
620 1224 711 1292 γῇ.
742 1221 975 1273 τελεῖται
1000 1220 1057 1274 δέ
1079 1222 1135 1272 ἐν
1157 1218 1233 1289 τῷ
1264 1218 1475 1289 οὐρανῷ
1499 1234 1511 1247 ·
1532 1220 1583 1271 οἱ
1618 1220 1716 1287 μὲν
1742 1219 1869 1286 ἀγο-

292 1312 557 1384 ράξοντες
604 1312 661 1363 ἐν
699 1314 762 1381 τῇ
810 1314 880 1382 γῇ
922 1311 1251 1381 ἑστήκασιν⁸
1297 1308 1623 1379 ἀγοράζουσι
1668 1309 1722 1363 δέ
1774 1311 1868 1362 καὶ

291 1403 650 1472 συμφωνοῦσι
673 1402 745 1455 τά
770 1404 826 1455 ἐν
851 1405 963 1467 τοῖς
983 1403 1249 1473 οὐρανοῖς,
1276 1403 1468 1472 γηῖνην
1490 1401 1869 1465 κατατιθέντες

286 1499 397 1567 τὴν
427 1497 614 1567 τιμήν.

367 1594 442 1655 γ’.
485 1584 639 1639 Ἀλλά
668 1585 742 1656 μὴ
768 1584 1050 1655 καταγνῷς
1070 1601 1082 1613 ·
1114 1584 1174 1637 οὐ
1198 1602 1299 1654 χρη
1311 1583 1492 1653 μάτων
1515 1583 1658 1636 ἐστὶν
1686 1582 1870 1653 ώνητά

294 1677 371 1731 τά
400 1676 647 1747 οὐράνια,
680 1677 739 1729 οὐ
774 1677 844 1729 τὰ
892 1677 1147 1747 χρήματα
1185 1675 1321 1728 αὐτά
1367 1674 1657 1746 ἀγοράζει,
1694 1676 1806 1729 ἀλλ’
1838 1678 1872 1747 ὴ

291 1770 623 1841 προαίρεσις
648 1769 742 1822 τοῦ
767 1769 832 1823 τά
868 1770 1125 1839 χρήματα
1155 1768 1601 1833 καταϐάλλοντος,
1647 1770 1680 1839 ὴ
1720 1769 1871 1837 φιλο-

295 1864 489 1930 σοφία,
519 1863 578 1916 τὸ
607 1862 713 1915 τῶν
738 1861 1007 1932 βιωτικῶν
1030 1863 1285 1932 ἀνωτέρω
1314 1857 1473 1925 εἶναι,
1506 1863 1538 1931 ὴ
1571 1860 1872 1931 φιλανθρω-

292 1956 427 2018 πία,
466 1957 499 2025 ἡ
536 1954 891 2025 ἐλεημοσύνη.
942 1955 1093 2006 Ἐπεὶ
1121 1956 1169 2006 εί
1200 1953 1260 2006 τὸ
1289 1954 1547 2025 ἀργύριον
1581 1953 1869 2024 ἠγόραζεν,

292 2051 332 2119 ἡ
364 2052 437 2101 τὰ
475 2047 566 2100 δύο
593 2047 767 2101 λεπτά
798 2046 1175 2101 καταϐαλοῦσα
1212 2047 1362 2099 οὐδὲν
1401 2048 1467 2099 ἂν
1510 2047 1666 2099 ἔλαϐε
1697 2046 1835 2117 μέγα
1855 2060 1869 2075 ⁸

294 2137 492 2206 ἐπειδὴ
520 2136 575 2189 δέ
601 2136 662 2188 οὐ
684 2136 745 2188 τὸ
776 2135 1059 2207 ἀργύριον,
1085 2134 1199 2188 ἀλλ’
1223 2138 1256 2205 η
1285 2136 1601 2207 προαίρεσις
1634 2137 1871 2205 ἴσχυσεν,

294 2229 485 2299 ἐκείνη
517 2232 699 2283 πᾶσαν
715 2228 1035 2299 ’προαίρεσιν
1064 2227 1470 2298 ἐπιδειξαμένη,
1498 2227 1671 2281 πάντα
1692 2227 1871 2281 ἔλαϐε.

297 2322 393 2395 Μὴ
426 2322 607 2375 τοίνυν
661 2319 928 2389 λέγωμεν,
968 2318 1050 2372 ὅτι
1095 2317 1280 2389 ὠνητὴ
1328 2317 1624 2387 χρημάτων
1658 2318 1801 2370 ἐστὶν
1840 2319 1873 2386 ὴ

300 2412 554 2484 βασιλεία
578 2428 591 2442 ο
628 2411 690 2465 οὐ
720 2411 1017 2482 χρημάτων
1039 2450 1054 2475 ,
1085 2409 1222 2464 ἀλλά
1260 2410 1629 2481 προαιρέσεως
1658 2412 1757 2480 τῆς
1790 2410 1876 2463 διὰ

289 2503 608 2574 χρημάτων
653 2500 1121 2570 ἐπιδεικνυμένης.
1162 2499 1370 2553 Οὐκοῦν
1420 2500 1500 2553 δεῖ
1542 2501 1872 2571 χρημάτων,

301 2594 469 2665 φησίν
494 2611 508 2660 ;
538 2594 611 2646 Οὐ
630 2592 711 2645 δεῖ
738 2591 1054 2663 χρημάτων,
1076 2590 1213 2644 ἀλλά
1233 2591 1606 2661 προαιρέσεως
1628 2609 1639 2621 ’
1663 2590 1730 2645 ἂν
1747 2592 1879 2644 ταύ-

301 2703 403 2756 την
432 2684 582 2756 ἔχῃς,
617 2683 819 2753 δυνήσῃ
864 2683 956 2735 καὶ
992 2681 1078 2733 διὰ
1106 2680 1197 2733 δύο
1228 2682 1440 2735 λεπτῶν
1484 2680 1749 2751 ἀγοράσαι
1788 2681 1877 2733 τὸν

300 2775 535 2848 οὐρανόν
558 2792 571 2806 ο
609 2773 683 2845 μὴ
720 2771 887 2843 οὐσης
922 2773 978 2826 δέ
1010 2772 1233 2844 ταύτης,
1279 2773 1398 2825 οὐδὲ
1434 2773 1601 2843 μυρία
1642 2772 1877 2827 τάλαντα

302 2866 511 2939 χρυσοῦ
537 2864 693 2918 τοῦτο
716 2863 1025 2934 δυνήσεται,
1055 2864 1191 2934 ὅπερ
1222 2864 1289 2916 τά
1322 2862 1415 2916 δύο
1442 2862 1633 2917 λεπτά.
1666 2864 1763 2917 Διά
1790 2864 1875 2931 τί;

307 2961 483 3013 Ὅταν
511 2958 618 3028 γὰρ
653 2956 825 3009 πολλά
848 2954 1008 3025 ἔχων,
1035 2955 1295 3009 ἐλάττονα
1330 2955 1659 3027 καταϐάλῃς,
1696 2954 1880 3025 ἐποίη-

299 3066 411 3113 σας
444 3048 542 3120 μέν
568 3045 957 3116 ἐλεημοσύνην,
995 3045 1055 3097 οὐ
1076 3044 1343 3116 τοσαύτην
1375 3044 1430 3098 δέ
1458 3044 1588 3115 ὅσην
1626 3046 1659 3114 ἡ
1695 3044 1838 3115 χήρα
1863 3061 1875 3074 ·

306 3141 372 3194 οὐ
408 3139 518 3209 γὰρ
558 3136 695 3208 μετά
738 3136 1005 3205 τοσαύτης
1055 3134 1359 3207 προθυμίας
1398 3135 1725 3199 κατέϐαλες,
1761 3135 1878 3206 μεθ’

295 3234 445 3302 δόσης
474 3230 618 3303 [3H]
646 3229 827 3299 ἐκείνη
857 3245 872 3260 ’
904 3229 1121 3281 πάντων
1152 3226 1259 3296 γάρ
1288 3225 1483 3296 ἑαυτὴν
1514 3226 1878 3297 ἀπεστέρησε,

310 3324 515 3396 μᾶλλον
543 3323 599 3375 δέ
629 3322 732 3374 οὐκ
762 3321 1158 3390 ἀπεστέρησεν,
1194 3318 1328 3372 ἀλλὰ
1354 3318 1530 3371 πάντα
1560 3320 1725 3389 ἑαυτῇ
1750 3321 1879 3388 ἐχα-

310 3417 522 3490 ρίσατο.
558 3415 632 3467 Οὐ
657 3413 934 3468 ταλάντων
972 3411 1193 3483 χρυσοῦ,
1224 3411 1361 3464 ἀλλά
1385 3412 1643 3481 ποτηρίου
1671 3410 1878 3482 ψυχροῦ

302 3512 410 3581 τὴν
442 3507 715 3579 βασιλείαν
745 3507 1012 3576 ὑπέσχετο
1033 3508 1060 3559 6
1090 3505 1241 3568 Θεὸς,
1277 3503 1413 3557 ἀλλά
1444 3503 1750 3574 προθυμίας
1776 3521 1788 3534 ·
1816 3504 1877 3556 οὐ

306 3598 569 3659 θανάτου,
598 3596 732 3649 ἀλλά
761 3595 1133 3666 προαιρέσεως
1161 3610 1174 3623 '
1208 3594 1328 3646 ἐπεὶ
1351 3593 1467 3646 οὐδέ
1501 3593 1640 3662 μέγα
1668 3593 1717 3645 τί
1743 3595 1876 3647 ἐστι.

306 3695 380 3747 Τί
403 3693 511 3763 γάρ
541 3692 656 3743 ἐστι
680 3690 809 3760 μίαν
838 3689 1010 3759 ψυχὴν
1038 3688 1256 3751 δοῦναι;
1288 3686 1526 3740 Ἔδωκεν
1554 3686 1649 3739 ἐνα
1683 3686 1883 3757 ἄνθρω-

308 3802 416 3837 πον
438 3801 451 3814 ο
488 3779 569 3846 εἷς
600 3782 655 3835 δέ
687 3781 972 3852 ἄνθρωπος
998 3780 1095 3832 οὐκ
1123 3779 1269 3832 ἐστιν
1302 3779 1571 3845 ἀντάξιος.
1622 3779 1749 3831 Ὅτι
1780 3779 1880 3833 καὶ

304 3876 385 3930 ἐν
412 3873 834 3941 Θεσσαλονίκῃ
858 3915 872 3934 ,
902 3873 996 3925 καὶ
1019 3871 1179 3934 ἅπαξ
1204 3872 1301 3924 καί
1333 3870 1425 3937 δίς
1447 3873 1534 3935 είς
1555 3870 1658 3936 τὰς
1682 3870 1884 3939 χρείας

302 3984 413 4038 μοι
450 3966 775 4033 ἐπέμψατε.
825 3962 990 4016 Πάλιν
1027 3961 1169 4032 μέγα
1200 3961 1260 4014 τὸ
1304 3961 1578 4031 ἐγκώμιον
1600 3999 1616 4023 ,
1653 3961 1705 4013 εῖ
1729 3979 1789 4029 γε
1825 3962 1882 4014 ἐν

306 4060 381 4127 τῇ
430 4054 760 4126 μητροπόλει
797 4051 1123 4121 καθήμενος,
1165 4049 1313 4121 παρά
1353 4050 1452 4117 τῆς
1490 4050 1690 4121 μικρᾶς
1733 4048 1883 4119 ἐτρέ-

310 4164 450 4218 φετο
482 4145 708 4208 πόλεως.
757 4144 866 4196 Καὶ
896 4144 1031 4212 ὅρα·
1069 4142 1157 4195 ἵνα
1196 4140 1269 4212 μὴ
1309 4140 1598 4204 διαπαντὸς
1649 4139 1883 4204 ἐξέλκων

310 4240 511 4312 ἑαυτὸν
536 4239 643 4308 τῆς
661 4236 870 4306 χρείας,
902 4235 1038 4305 ὅπερ
1067 4230 1219 4286 εἷπον
1251 4232 1555 4305 προλαϐὼν,
1583 4233 1883 4305 ῥᾳθυμοτέ-

312 4346 447 4404 ρους
476 4329 703 4401 ποιήσῃ,
728 4326 816 4379 διὰ
849 4325 1117 4378 τοσούτων
1144 4323 1342 4391 δείξας,
1378 4325 1457 4377 ότι
1488 4325 1547 4377 οὐ
1586 4325 1771 4390 δεῖται,
1805 4324 1885 4377 ἐνὶ

318 4421 470 4492 μόνῳ
491 4417 647 4472 τοῦτο
678 4418 835 4488 δῆλον
867 4417 1144 4486 ἐποίησεν,
1175 4414 1367 4480 εἰπὼν,
1396 4418 1499 4481 Εἰς
1520 4416 1624 4479 τὰς
1646 4416 1847 4485 χρείας
1867 4431 1880 4445 ’

317 4514 415 4569 καὶ
447 4514 548 4567 οὐκ
581 4508 701 4566 εἶπε
724 4550 738 4574 ,
772 4510 883 4573 Τὰς
925 4508 1095 4579 ἐμὰς,
1131 4508 1243 4561 ἀλλ’
1282 4508 1500 4572 ἁπλῶς,
1545 4507 1638 4561 τοῦ
1687 4508 1882 4577 σεμνοῦ

317 4605 717 4677 ἐπιμελόμενος
740 4621 756 4636 ’
784 4603 843 4655 οὐ
873 4603 1030 4655 τοῦτο
1058 4601 1115 4655 δὲ
1145 4600 1322 4671 μόνον,
1361 4599 1496 4653 ἀλλά
1525 4600 1618 4653 καὶ
1646 4600 1706 4652 τὸ
1736 4599 1883 4670 ἐξῆς.

328 4699 551 4769 Ἐπειδὴ
573 4696 682 4767 γὰρ
710 4695 916 4749 συνεῖδε
946 4693 1152 4765 σφόδρα
1180 4692 1432 4745 ταπεινὸν
1452 4691 1532 4754 δν,
1563 4692 1725 4747 πάλιν
1754 4693 1886 4746 αὐτὸ

312 4794 383 4862 τῇ
416 4786 798 4860 ἐπιδιορθώσει
831 4785 1209 4855 ἀσφαλίζεται,
1238 4784 1410 4853 λέγων
1432 4801 1447 4815 ο
1482 4786 1605 4854 Οὐχ
1640 4784 1729 4838 ὅτι
1761 4786 1884 4839 ἐπι-

314 4882 489 4951 ζητῶ,
532 4881 726 4951 λέγων,
760 4880 826 4934 τὸ
862 4880 1034 4950 δόμα.
1078 4881 1255 4952 Ὅπερ
1284 4878 1433 4935 εἷπεν
1464 4882 1597 4944 ἄνω,
1644 4883 1766 4951 Οὐχ
1797 4880 1885 4935 ὅτι

313 4975 449 5029 καθ’
472 4971 804 5040 ὑστέρησιν
828 4971 1008 5041 λέγω,
1042 4970 1102 5024 τὸ
1133 4971 1262 5025 αὐτὸ
1284 4971 1477 5041 δηλῶν,
1509 4972 1556 5024 εί
1588 4972 1682 5024 καὶ
1712 4974 1885 5024 ἐκεῖνο

312 5064 510 5119 τούτου
548 5062 728 5132 μεῖζόν
755 5064 924 5116 ἐστιν.
964 5061 1188 5133 Ἕτερον
1220 5062 1326 5133 γάρ
1369 5064 1514 5115 ἐστιν
1563 5061 1885 5133 ὑστεροῦντα

321 5155 399 5226 μὴ
433 5153 688 5223 ζητῆσαι,
718 5151 814 5205 καὶ
842 5152 1026 5222 ἓτερον
1060 5151 1117 5203 ἐν
1148 5150 1434 5221 ὐστερήσει
1463 5150 1591 5203 ὄντα
1638 5148 1770 5219 μηδέ
1801 5166 1885 5201 νο-

319 5244 501 5315 μίζειν
526 5240 887 5311 ὑστερεῖσθαι.
941 5243 1065 5310 Οὐχ
1089 5237 1456 5307 ὅτι’ὲπιζητῶ
1481 5239 1547 5293 τὸ
1578 5238 1748 5309 δόμα,
1783 5258 1886 5310 φη-

318 5337 439 5401 σὶν,
476 5335 613 5390 ἀλλ’
638 5333 885 5403 ἐπιζητῶ
932 5333 1039 5386 τὸν
1071 5331 1301 5403 καρπὸν
1340 5332 1445 5385 τὸν
1486 5332 1886 5392 πλεονάζοντα

314 5432 405 5496 είς
453 5429 641 5497 λόγον
684 5426 879 5497 ὑμῶν,
930 5426 1029 5480 οὐκ
1073 5426 1227 5496 ἐμοῦ.
1285 5424 1445 5497 Ὁρᾷς
1488 5424 1568 5477 ὅτι
1602 5426 1630 5477 6
1679 5423 1886 5495 καρπὸς

315 5519 554 5582 ἐκείνοις
589 5518 872 5582 τίκτεται;
908 5517 985 5571 Δι’
1034 5518 1177 5588 ὑμᾶς
1210 5517 1391 5571 ταῦτα
1429 5516 1589 5584 λέγω,
1622 5516 1776 5586 φησὶ,
1820 5517 1882 5569 οὐ

316 5610 386 5662 δι’
416 5608 673 5679 ἐμαυτὸν,
727 5609 806 5672 εὶς
839 5607 937 5679 τὴν
970 5607 1238 5679 ὑμετέραν
1285 5608 1590 5678 σωτηρίαν·
1644 5607 1752 5676 ἐγὼ
1778 5606 1895 5679 γὰρ

320 5699 473 5753 οὐδὲν
514 5698 782 5766 κερδαίνω
837 5697 1127 5769 λαμϐάνων
1151 5714 1164 5727 ο
1217 5697 1323 5751 τῶν
1369 5697 1615 5751 διδόντων
1655 5698 1802 5750 ἐστὶν
1851 5698 1886 5767 ἡ

317 5790 500 5862 χάρις.
555 5789 682 5853 Τοῖς
731 5789 830 5860 μὲν
879 5788 988 5861 γάρ
1033 5787 1263 5845 διδοῦσιν
1308 5791 1422 5844 ἐκεῖ
1473 5788 1795 5859 φυλάττεται
1848 5793 1881 5861 ἡ

1150 370 1219 425 IN
1252 367 1472 428 EPIST.
1515 372 1605 426 AD
1630 365 1932 426 ‘PHIMPP.
1968 366 2122 425 CAP.
2166 372 2255 429 ιν.
2300 376 2530 433 IIOMIL.
2574 378 2689 435 XV.

3421 382 3523 438 292

1966 487 2165 559 ἀμοιϐή
2184 506 2198 518 ·
2224 491 2332 553 τοῖς
2360 492 2415 544 δὲ
2440 493 2804 563 λαμϐάνουσιν
2830 494 3064 550 ἐνταῦθα
3085 496 3432 554 ἀναλίσκεται
3456 506 3526 555 τά

1965 576 2236 648 διδόμενα.
2270 582 2433 636 Πάλιν
2464 586 2580 653 μετ’
2614 586 2886 656 ἐγκωμίου
2916 587 3013 641 καὶ
3047 588 3400 657 συμπαθείας,
3433 594 3528 643 καὶ

1963 670 2024 721 τὸ
2050 669 2270 741 χρῄζειν
2288 686 2338 727 ει.
2397 675 2609 747 Ἐπειδὴ
2656 678 2762 747 γάρ
2795 674 2966 742 εἶπεν,
2998 681 3080 732 Οὺ
3114 678 3278 746 ζητῶ,
3320 681 3405 734 ἵνα
3453 683 3527 752 μὴ

1967 759 2126 813 πάλιν
2179 761 2578 834 ρᾳθυμοτέρους
2629 768 2863 839 ποιήσῃ,
2915 767 3116 838 φησίνο
3192 768 3418 838 Ἀπέχω
3461 770 3530 823 δὲ

1964 851 2181 917 πάντα,
2222 855 2317 908 καὶ
2360 858 2712 923 περισσεύω.
2752 858 3033 925 Τουτέστι,
3072 860 3157 913 διά
3189 861 3391 931 ταύτης
3430 863 3529 932 τὴς

1963 943 2161 1006 δόσεως
2185 945 2277 996 καὶ
2308 945 2374 997 τὰ
2402 946 2833 1013 παραλειφθέντα
2863 948 3232 1020 ἐπληρώσατε,
3262 951 3397 1020 ὅπερ
3428 952 3531 1020 μά-

1964 1034 2121 1088 λιστα
2146 1036 2581 1109 προθυμοτέρους
2623 1034 2690 1108 ἦν
2718 1040 2961 1110 ποιῆσαι.
3003 1040 3154 1111 Ὅσῳ
3186 1042 3293 1111 γάρ
3331 1043 3396 1094 ἂν
3428 1037 3530 1095 ὦσι

1967 1127 2407 1199 φιλοσοφώτεροι,
2440 1129 2658 1199 ζητοῦσι
2680 1130 2774 1182 καὶ
2798 1130 2893 1193 τάς
2927 1132 3076 1201 παρά
3107 1132 3213 1184 τῶν
3241 1129 3298 1184 εὗ
3331 1134 3532 1187 παθόν-

1965 1237 2071 1271 των
2110 1220 2336 1291 χάριτας
2373 1223 2421 1273 οἱ
2461 1218 2518 1275 εῦ
2560 1222 2857 1285 ποιοῦντες.
2899 1224 3125 1290 Ἀπέχω
3169 1223 3385 1289 πάντα,
3432 1226 3529 1278 καὶ

1967 1312 2319 1377 περισσεύω.
2355 1312 2662 1379 Τουτέστιν,
2705 1316 2763 1366 οὐ
2808 1313 2967 1382 μόνον
3009 1314 3427 1385 ἁνεπληρώσατε
3466 1317 3533 1369 τὰ

1966 1400 2313 1471 ἐλλειφθέντα
2330 1404 2384 1455 ἐν
2404 1404 2481 1474 τῷ
2510 1405 2831 1476 παρελθόντι
2866 1407 3061 1477 χρόνῳ,
3085 1407 3219 1460 ἀλλά
3246 1411 3338 1460 καὶ
3365 1410 3464 1461 ὐπε
3476 1427 3533 1479 ρ-

1967 1489 2207 1544 εϐάλετε.
2276 1491 2407 1547 Εἶτα
2444 1496 2529 1547 ἵνα
2563 1495 2636 1566 μὴ
2669 1495 2795 1568 δόξῃ
2830 1496 2917 1550 διὰ
2945 1497 3101 1550 τοῦτο
3132 1498 3401 1565 ἐγκαλεῖν,
3434 1501 3535 1569 ὅρα

1969 1582 2087 1646 πῶς
2136 1584 2606 1654 ἐπισφραγίζεται.
2669 1587 2885 1657 Ἐπειδὴ
2915 1588 3023 1658 γὰρ
3058 1585 3230 1651 εἶπεν,
3275 1592 3397 1657 Οὐχ
3446 1589 3535 1642 ὅτι

1969 1673 2217 1742 ἐπιζητῶ
2245 1676 2309 1729 τὸ
2350 1676 2521 1745 δόμα,
2555 1680 2647 1731 καὶ
2684 1679 2786 1740 ὅτι,
2826 1678 2975 1745 Ἤδη
3016 1680 3178 1746 ποτὲ,
3216 1681 3311 1733 καὶ
3338 1681 3535 1747 ἔδειξεν

1972 1766 2055 1818 ὅτι
2109 1767 2295 1838 όφειλή
2359 1771 2473 1821 ἐστι
2526 1770 2585 1822 τὸ
2634 1772 2863 1841 πρᾶγμα
2919 1770 3118 1841 (τοῦτο
3176 1774 3284 1843 γάρ
3349 1776 3532 1833 ἐστιν,

1984 1858 2252 1926 Ἀπέχω)·
2278 1860 2437 1912 πάλιν
2459 1861 2723 1915 δείκνυσιν
2749 1863 2828 1915 ὅτι
2866 1864 3005 1934 ύπέρ
3032 1864 3247 1935 ὀφειλὴν
3269 1865 3533 1936 ἔπραξαν,

1970 1948 2065 2000 καί
2110 1966 2305 2019 φησιν·
2359 1950 2587 2020 Ἀπὲχω
2624 1952 2838 2017 πάντα,
2887 1955 2984 2006 καὶ
3036 1958 3393 2021 περισσεύω.
3435 1973 3536 2010 πε⁹

1972 2042 2303 2112 πλήρωμαι.
2333 2045 2443 2114 Οὐχ
2475 2046 2661 2108 ἁπλῶς
2681 2088 2695 2110 ,
2739 2047 2858 2098 οὐδὲ
2899 2048 3005 2100 ἀπὸ
3034 2047 3329 2111 διαθέσεως
3367 2049 3538 2103 ταῦτα

1970 2134 2134 2204 λέγω,
2174 2136 2306 2189 ἀλλά
2336 2136 2423 2201 τίς
2458 2138 2787 2207 Δεξάμενος
2812 2140 2971 2207 παρὰ
3017 2141 3441 2209 Ἐπαφροδίτου
3467 2146 3541 2195 τὰ

1977 2229 2112 2294 παρ’
2144 2227 2329 2296 ὑμῶν,
2361 2229 2561 2297 ὀσμὴν
2611 2230 2880 2297 εὐωδίας.
2916 2233 3135 2285 θυσίαν
3169 2232 3408 2300 δεκτήν,
3440 2237 3540 2288 εὐ-

1973 2317 2228 2385 άρεστον
2272 2318 2351 2384 τῷ
2388 2318 2527 2384 Θεῷ.
2568 2321 2760 2386 Βαϐαῖ,
2802 2320 2903 2374 ποῦ
2938 2322 2999 2374 τὸ
3028 2323 3199 2394 δῶρον
3230 2325 3408 2377 αὐτῶν
3439 2328 3532 2378 ἀν-

1976 2410 2214 2479 ήγαγενί
2275 2412 2386 2464 Οὐκ
2444 2410 2573 2478 ἐγὼ,
2626 2413 2826 2481 φησὶν,
2888 2412 3098 2479 ἔλαϐον,
3153 2416 3250 2467 οὐκ
3311 2415 3539 2482 ἔλαϐον,

1976 2499 2125 2572 [515]
2156 2501 2269 2554 ἀλλ’
2294 2502 2322 2553 6
2344 2501 2473 2564 Θεὸς
2493 2502 2556 2554 δι’
2587 2503 2738 2571 ἐμοῦ.
2769 2503 2952 2569 Ὥστε,
2984 2505 3087 2557 κᾶν
3103 2504 3212 2571 ἐγὼ
3238 2507 3312 2576 μὴ
3334 2506 3541 2577 χρῄζω.

1979 2594 2053 2664 μὴ
2087 2594 2293 2662 μελέτω
2322 2595 2449 2663 ὑμῖν
2474 2609 2488 2624 ⁶
2517 2595 2635 2646 ἐπεὶ
2657 2595 2775 2646 οὐδὲ
2804 2596 2832 2646 6
2853 2595 2987 2659 Θεὸς
3026 2596 3246 2669 ἔχρῃζε,
3278 2600 3371 2651 καὶ¹
3394 2600 3542 2669 ὅμως

1975 2686 2287 2756 ἀπεδέχετο,
2325 2685 2497 2749 οὕτως
2538 2687 2612 2749 ώς
2649 2688 2780 2757 μηδέ
2814 2691 3194 2757 παραιτεῖσθαι
3238 2694 3411 2745 εἰπεῖν
3443 2696 3542 2763 τὴν

1979 2774 2128 2828 θείαν
2174 2776 2428 2846 Γραφὴν,
2464 2777 2545 2828 ὅτι
2588 2777 2921 2845 Ὡσφράνθη
2964 2782 2997 2832 ὀ
3036 2782 3178 2846 Θεὸς
3214 2782 3413 2851 ὀσμὴν
3446 2786 3545 2836 εὐ-

1982 2865 2183 2931 ωδίας,
2210 2867 2343 2937 ὅπερ
2378 2862 2446 2937 ἦν
2473 2868 2919 2937 εὐφραινομένου.
2944 2871 3086 2923 Ἵστε
3118 2872 3247 2941 γὰρ,
3283 2873 3393 2925 ῖστε
3428 2874 3545 2938 πῶς

1976 2957 2269 3010 διατίθεται
2324 2957 2478 3029 ἡμῶν
2526 2960 2557 3029 ἠ
2602 2958 2747 3029 ψυχὴ
2798 2961 2890 3014 ἐπὶ
2941 2965 3062 3027 ταῖς
3110 2964 3376 3031 εὐωδίαις,
3428 2966 3547 3027 πῶς

1977 3050 2358 3120 εὐφραίνεται,
2396 3050 2510 3113 πῶς
2542 3052 2822 3119 γάννυται.
2867 3054 2942 3106 Οὐ
2977 3062 3331 3126 παρῃτήσατο
3370 3058 3547 3111 τοίνυν

1977 3145 2153 3195 εἰπεῖν
2190 3142 2316 3211 περὶ
2343 3142 2476 3194 Θεοῦ
2503 3142 2838 3214 ἀνθρώπινον
2860 3144 3001 3197 οὕτω
3044 3147 3198 3216 ῥῆμα
3232 3149 3324 3201 καὶ
3352 3166 3545 3201 ταπει-

1977 3235 2065 3288 νὸν
2087 3236 2119 3303 ή
2145 3234 2356 3305 Γραφὴ,
2387 3234 2472 3287 ἵνα
2497 3237 2605 3299 τοῖς
2639 3236 2945 3308 ἀνθρώποις
2970 3237 3137 3310 δείξῃ,
3170 3239 3250 3291 ὅτι
3288 3240 3450 3294 δεκτά
3477 3244 3546 3296 τά

1978 3326 2108 3396 παρ’
2151 3326 2327 3382 αὐτῶν
2354 3327 2499 3398 δῶρα
2527 3329 2767 3397 γέγονεν.
2800 3331 2872 3382 Οὐ
2913 3331 3019 3401 γάρ
3050 3332 3083 3401 ὴ
3127 3332 3336 3397 κνίσσα,
3370 3334 3486 3386 οὐδὲ
3519 3336 3549 3387 ό

1979 3419 2183 3483 καπνὸς
2218 3420 2381 3473 δεκτά
2418 3422 2611 3481 ἐποίει,
2645 3422 2760 3475 ἀλλ’
2791 3425 2822 3492 ή
2873 3425 3188 3494 προαίρεσις
3233 3428 3264 3496 ή
3305 3429 3543 3497 προσφέ-

1982 3526 2183 3581 ρουσα·
2210 3511 2349 3575 ἐπεὶ,
2391 3514 2437 3563 εί
2478 3512 2633 3565 τοῦτο
2662 3508 2750 3583 ἦν,
2785 3513 2881 3566 καὶ
2917 3514 2983 3567 τά
3018 3514 3168 3585 παρά
3189 3518 3278 3569 τοῦ
3311 3520 3446 3570 Κάῖν
3478 3518 3545 3570 ἂν

1979 3601 2192 3671 ἐδέχθη.
2245 3599 2408 3655 Εἶπεν
2457 3599 2568 3668 οὖν,
2612 3605 2693 3656 ὅτι
2740 3606 2831 3657 καὶ
2865 3605 3246 3676 εὐφραίνεται,
3283 3609 3375 3661 καὶ
3430 3610 3545 3673 πῶς

1978 3694 2324 3765 εὐφραίνεται
2351 3711 2363 3724 ·
2402 3696 2462 3747 οὐ
2498 3696 2603 3766 γὰρ
2625 3697 2690 3748 ἂν
2718 3696 2890 3759 ἄλλως
2918 3697 3119 3767 ἔμαθον
3158 3701 3205 3750 οἱ
3242 3699 3540 3769 ἄνθρωποι.

1991 3785 2049 3843 '0
2075 3785 2255 3838 τοίνυν
2281 3785 2352 3856 μὴ
2378 3787 2433 3837 ἐν
2462 3787 2620 3857 χρείᾳ
2649 3785 2925 3849 καθεστὼς
2949 3788 3093 3855 λέγει
3123 3788 3293 3851 οὕτως
3320 3791 3545 3861 εὐφραί-

1980 3876 2197 3941 νεσθαι,
2237 3877 2323 3929 ἵνα
2360 3878 2431 3948 μή
2469 3877 2553 3929 διὰ
2583 3879 2642 3930 τὸ
2684 3878 2926 3942 ἀνενδεές
2973 3880 3205 3950 ῥᾴθυμοι
3258 3882 3540 3949 γένωνται.

1981 3968 2090 4021 Καὶ
2120 3968 2207 4019 ὅτε
2240 3967 2424 4020 λοιπὸν
2445 3968 2544 4037 τῆς
2576 3968 2743 4038 ἄλλης
2777 3970 2975 4040 ἀρετῆς
2998 3970 3390 4042 ἀμελήσαντες,
3415 3973 3546 4027 ταύ-

1980 4076 2101 4121 ταις
2131 4059 2428 4131 ἐθάρρουν,
2463 4061 2563 4130 ὂρα
2604 4060 2718 4138 πώς
2773 4061 2934 4115 πάλιν
2968 4062 3274 4134 διορθοῦται
3313 4064 3506 4131 αὐτοὺς
3527 4106 3544 4132 ,

1980 4151 2155 4219 λέγων
2178 4168 2190 4179 ’
2223 4151 2318 4218 Μὴ
2337 4152 2602 4221 φάγωμαι
2635 4152 2777 4219 κρέα
2802 4155 3052 4221 ταύρων,
3086 4154 3123 4222 ἢ
3145 4150 3286 4223 αἷμα
3317 4156 3547 4226 τράγων

1981 4245 2234 4310 πίωμαι;
2270 4244 2440 4295 Τοῦτο
2490 4244 2584 4296 καὶ
2624 4243 2834 4307 Παῦλός
2883 4262 3083 4314 φησιν,
3144 4248 3265 4299 Οὐκ
3301 4246 3547 4314 ἐπιζητῶ

1981 4334 2048 4387 τὸ
2072 4333 2241 4401 δόμα.
2293 4332 2355 4384 '0
2382 4332 2449 4383 δὲ
2476 4333 2617 4397 Θεός
2640 4349 2758 4400 μου
2791 4332 3093 4400 πληρώσει
3116 4331 3321 4387 πᾶσαν
3342 4334 3548 4402 χρείαν

1981 4424 2148 4494 ὑμῶν
2170 4425 2317 4478 κατὰ
2332 4424 2438 4477 τὸν
2454 4424 2723 4478 πλοῦτον
2743 4423 2930 4478 αὐτοῦ
2952 4425 3020 4477 ἐν
3041 4423 3211 4493 δόξῃ,
3236 4425 3305 4478 ἐν
3320 4426 3548 4494 Χριστῷ

1994 4516 2218 4582 Ἰησοῦ.

2054 4608 2115 4661 δ’.
2152 4610 2292 4679 Ὅρα
2326 4608 2443 4672 πῶς
2469 4608 2560 4662 καὶ
2593 4608 2903 4677 ἐπεύχεται,
2945 4608 3197 4679 καθάπερ
3218 4611 3265 4662 οἱ
3294 4610 3547 4679 πένητες.

1981 4697 2044 4751 Εἰ
2073 4698 2133 4751 δέ
2173 4697 2379 4760 Παῦλος
2411 4697 2698 4767 ἐπεύχεται
2723 4698 2832 4757 τοῖς
2861 4694 3080 4760 διδοῦσι,
3135 4696 3311 4766 πολλῷ
3352 4696 3549 4765 μᾶλλον

1981 4791 2142 4861 ἡμεῖς
2172 4788 2244 4859 μὴ
2272 4786 2652 4858 αἰσχυνώμεθα
2676 4786 3041 4856 λαμϐάνοντες
3059 4787 3217 4840 τοῦτο
3238 4791 3426 4840 ποιεῖν.
3458 4788 3549 4855 Μὴ

1982 4882 2045 4952 δὴ
2074 4881 2455 4951 λαμϐάνωμεν,
2478 4880 2552 4942 ὼς
2585 4880 2735 4933 αὐτοὶ
2756 4880 3065 4951 χρῄζοντες,
3108 4880 3242 4950 μηδὲ
3271 4882 3550 4950 χαίρωμεν

1981 4974 2138 5044 ἡμῶν
2166 4974 2370 5035 ἕνεκεν,
2401 4972 2537 5026 ἀλλά
2559 4973 2666 5025 τῶν
2689 4972 2937 5026 διδόντων
2967 4972 3160 5025 αὐτῶν.
3196 4972 3381 5036 Οὕτως
3415 4976 3550 5043 ἡμῖν

1982 5067 2134 5120 ἔσται
2187 5065 2375 5135 μισθὸς
2414 5067 2505 5118 καὶ
2535 5065 2916 5136 λαμϐάνουσιν,
2963 5065 3027 5119 ἂν
3056 5065 3122 5118 δι’
3161 5066 3396 5126 ἐκείνους
3430 5064 3551 5132 χαί-

1984 5175 2165 5232 ρωμεν
2188 5175 2199 5187 ·
2231 5157 2401 5221 οὓτως
2420 5160 2517 5212 οὐκ
2537 5159 3002 5229 ἀγανακτήσομεν,
3036 5159 3108 5228 μὴ
3128 5158 3396 5220 διδόντων,
3421 5156 3549 5225 μᾶλ-

1982 5252 2072 5305 λον
2114 5250 2171 5304 δέ
2201 5249 2506 5321 ἀλγήσομεν
2538 5250 2605 5303 δι’
2641 5250 2834 5313 αὐτούς
2859 5265 2871 5277 ·
2914 5248 3056 5303 οῦτω
3089 5249 3183 5302 καὶ
3209 5249 3547 5319 προθυμοτέοι

1986 5364 2111 5417 ρους
2130 5344 2490 5416 ἐργασόμεθα,
2514 5342 2579 5397 ἂν
2599 5344 2954 5412 διδάσκωμεν,
2976 5342 3054 5395 ὅτι
3076 5342 3173 5411 οὐχ
3195 5344 3226 5411 ἡ
3235 5342 3348 5411 μῶν
3364 5341 3547 5394 ἐνεκεν

1981 5437 2151 5491 ταῦτα
2179 5436 2505 5507 πράττομεν.
2539 5434 2602 5487 '0
2635 5433 2700 5485 δὲ
2727 5434 2869 5498 Θεός
2890 5450 3031 5501 μου,
3067 5432 3220 5500 φησὶ,
3242 5428 3546 5497 πληρώσει

1983 5530 2186 5585 πᾶσαν
2206 5530 2409 5598 χρείαν
2426 5526 2608 5597 ὑμῶν,
2639 5525 2671 5596 ἢ
2695 5526 2872 5579 πᾶσαν
2886 5524 3063 5595 χάριν,
3096 5523 3128 5593 ἢ
3149 5525 3326 5576 πᾶσαν
3349 5523 3542 5592 χαράν.

1997 5621 2134 5675 Ἀλλ’
2163 5622 2228 5676 ἂν
2255 5621 2353 5693 μέν
2380 5616 2437 5694 ᾗ,
2458 5618 2665 5675 Πᾶσαν
2678 5616 2870 5686 χάριν,
2901 5616 2975 5688 μὴ
2998 5614 3200 5686 ταύτην
3222 5615 3377 5686 μόνον
3391 5614 3545 5684 φησι,

2050 5800 2071 5835 ο
2095 5795 2304 5858 lnterpr.
2334 5794 2517 5857 legisse
2540 5791 2736 5845 videtur
2761 5791 2840 5839 καὶ
2861 5788 2945 5839 τοῦ
2964 5790 3164 5852 χρῄζειν.
