3974 6502
509 374 615 428 9.93

508 486 605 555 τὴν
633 485 724 537 ἐπὶ
754 484 853 552 γῆς
879 481 1265 551 ἐλεημοσύνην.
1297 483 1429 537 ἀλλὰ
1464 485 1571 536 πᾶν
1602 483 1927 555 κατόρθωμα
1951 500 1968 516 ·
2004 485 2069 538 ἂν

506 589 586 651 δὲ,
618 587 830 643 Πᾶσαν
852 586 1080 654 χρείαν,
1116 585 1252 656 ὅπερ
1276 581 1427 656 οἶμαι
1455 587 1548 638 καὶ
1577 587 1774 656 μᾶλλον
1798 587 2071 654 λέγεσθαι,

506 686 664 741 τοῦτό
725 689 871 739 ἐστιν
926 685 954 737 ὃ
986 684 1177 755 δηλοῦν
1229 684 1505 755 βούλεται·
1541 687 1725 756 ἐπειδὴ
1770 687 2073 759 ἔμπροσθεν

506 784 677 849 εἶπεν,
710 784 1095 851 ’11καιρεῖσθε,
1117 785 1309 853 ἐπάγει
1330 786 1579 852 ἐνταῦθα,
1610 788 1745 857 ὅπερ
1772 788 1829 839 ἐν
1848 790 1912 857 τῇ
1940 786 2075 857 πρὸς

506 886 819 957 Κορινθίους
849 888 995 937 ποιεῖ
1021 885 1213 954 λέγων,
1244 889 1298 939 Ὁ
1326 886 1700 956 ἐπιχορηγῶν
1726 889 1965 955 σπέρμα
1995 886 2074 951 τῷ

412 1047 418 1053 ,
505 989 831 1056 σπείροντι,
872 986 967 1039 καί
998 986 1178 1053 ἄρτον
1208 989 1293 1052 εἷς
1310 985 1545 1055 βρῶσιν
1584 986 1934 1057 χορηγῆσαι,
1976 986 2073 1039 καὶ

503 1087 805 1154 πληθύναι
822 1086 927 1137 τὸν
942 1086 1173 1153 σπόρον
1186 1084 1368 1153 ὑμῶν,
1390 1086 1483 1138 καί
1505 1062 1620 1147 αὺξ
1629 1085 1767 1150 ἠσαι
1784 1086 1852 1139 τὰ
1870 1086 2076 1154 γεννή-

500 1208 657 1259 ματα
678 1189 785 1257 τῆς
805 1190 1196 1257 δικαιοσύνης
1213 1192 1392 1259 ὑμῶν.
1411 1191 1725 1260 Ἐπεύχεται
1744 1190 1850 1262 γάρ
1871 1191 2070 1255 αὐτοῖς,

504 1290 644 1343 ὥστε
672 1286 809 1342 εἶναι
842 1291 897 1341 ὲν
918 1290 1165 1361 ἀφθονία,
1198 1293 1290 1343 καὶ
1314 1291 1455 1361 ἔχειν
1479 1292 1721 1359 σπείρειν
1744 1307 1757 1320 ·
1792 1293 1883 1344 καὶ
1910 1291 2072 1343 ἐπεύ-

505 1408 660 1459 χεται
694 1391 791 1459 οὐχ
822 1390 1004 1453 ἁπλῶς
1039 1392 1096 1441 ἐν
1132 1391 1359 1461 ἀφθονία
1392 1387 1552 1448 εἶναι.
1589 1391 1743 1453 ἀλλὰ,
1772 1392 1932 1446 Κατὰ
1962 1392 2074 1445 τὸν

502 1488 769 1543 πλοῦτον
788 1489 991 1542 αὐτοῦ
1015 1490 1179 1568 ᾭστε
1202 1490 1296 1541 καὶ
1322 1490 1478 1542 τοῦτο
1508 1492 2072 1562 συμμεμετρημένως.

502 1589 566 1641 ΕΙ
600 1588 698 1656 μὲν
721 1587 828 1657 γὰρ
855 1590 974 1639 κατ’
999 1588 1158 1640 αὐτὸν
1182 1584 1343 1658 ἦσαν,
1371 1590 1463 1642 καὶ
1493 1589 1634 1642 οὕτω
1651 1590 1950 1659 φιλόσοφοι,
1978 1590 2073 1643 καὶ

498 1687 671 1750 οὕτως
713 1688 1134 1757 ἐσταυρωμένοι,
1184 1688 1282 1741 οὐκ
1313 1686 1379 1741 ἂν
1412 1688 1566 1741 τοῦτο
1594 1688 1877 1758 ἐποίησεν·
1922 1693 2072 1743 ἐπει-

499 1788 564 1857 δὴ
610 1789 665 1841 δὲ
695 1788 883 1859 ἄνδρες
912 1784 1071 1858 ἦσαν,
1123 1788 1476 1861 χειροτέχναι,
1508 1788 1754 1858 πένητες,
1809 1792 2074 1856 γυναῖκας

500 1889 746 1959 ἔχοντες,
786 1890 984 1954 παῖδας
1029 1890 1340 1959 τρέφοντες,
1380 1889 1552 1951 οἰκίας
1582 1890 1944 1959 προεστῶτες,
1980 1892 2073 1943 καὶ

498 1990 608 2041 ἀπὸ
636 1988 832 2055 ὀλίγων
860 1989 956 2041 καὶ
982 1988 1153 2041 ταῦτα
1187 1988 1395 2046 ἔδοσαν,
1434 1987 1528 2039 καί
1567 2003 1684 2038 τινα
1709 1981 1852 2056 εἶχον
1875 1987 2068 2040 ἐπιθυ-

502 2089 629 2157 μίαν
663 2087 807 2161 [516]
850 2089 1078 2141 καὶτῶν
1118 2088 1420 2158 παρόντων,
1466 2086 1751 2157 ἐπεύχεται
1784 2104 2066 2155 συγκατα-

498 2189 756 2251 ϐατικῶς.
799 2190 922 2253 Τοῖς
958 2189 1063 2259 γὰρ
1104 2187 1243 2241 οὕτω
1279 2187 1637 2259 κεχρημένοις
1678 2188 1829 2240 οὐδὲν
1871 2188 2072 2241 ἄτοπον

498 2286 825 2358 ἐπεύχεσθαι
861 2287 959 2358 τὴν
998 2288 1328 2358 αὐτάρκειαν
1356 2288 1445 2340 καὶ
1471 2263 1570 2355 τὴν
1612 2286 1893 2355 ἀφθονίαν.
1927 2288 2069 2355 Ὅρα

496 2387 625 2456 γοῦν
658 2388 709 2440 τί
736 2389 828 2441 καὶ
857 2386 1165 2458 ἐπεύχεται·
1201 2388 1312 2441 Οὐκ
1342 2383 1512 2450 εἶπεν,
1540 2388 1620 2441 ὅτι
1647 2387 1876 2456 Ποιήσαι
1900 2388 2069 2441 πλου-

496 2488 641 2551 σίους
674 2488 766 2541 καὶ
812 2488 1076 2559 εὐπόρους
1123 2488 1363 2557 σφόδρα,
1419 2488 1552 2542 ἀλλὰ
1590 2489 1645 2541 τί
1670 2506 1685 2554 ;
1754 2491 2074 2557 Πληρώσαι

493 2587 702 2642 πᾶσαν
755 2588 965 2656 χρείαν
1024 2587 1208 2656 ὑμῶν.
1262 2588 1423 2640 ’Ὠστε
1468 2590 1542 2660 μὴ
1583 2583 1719 2641 εἶναι
1767 2591 1825 2640 ἐν
1872 2590 2068 2661 ἐνδείᾳ,

492 2689 632 2744 ἀλλά
661 2690 725 2743 τὰ
757 2689 892 2760 πρὸς
928 2689 1116 2759 χρείαν
1151 2688 1295 2759 ἔχειν
1317 2705 1329 2717 ·
1358 2691 1479 2743 ἐπεὶ
1514 2690 1607 2743 καὶ
1631 2692 1658 2743 6
1690 2691 1919 2762 Χριστὸς
1949 2692 2072 2762 ὅρον

493 2793 659 2861 εὐχῆς
686 2792 818 2860 ἡμῖν
848 2788 1042 2853 διδοὺς,
1077 2788 1230 2843 τοῦτο
1262 2792 1327 2859 τῇ
1356 2790 1485 2861 εὐχῇ
1522 2770 1770 2862 ἐνέθηκε,
1806 2792 2071 2846 διδάσκων

493 2892 638 2960 ἡμᾶς
656 2930 671 2953 ,
704 2889 815 2942 Τὸν
844 2888 1027 2956 ἄρτον
1058 2889 1228 2958 ἡμῶν
1260 2890 1366 2943 τὸν
1392 2891 1705 2944 ἐπιούσιον
1733 2891 1929 2959 λέγειν,
1966 2893 2071 2959 δύς

491 2990 640 3059 ἡμῖν
665 2988 951 3057 σήμερον.
982 2991 1145 3043 Κατὰ
1172 2988 1281 3041 τόν
1323 2988 1591 3042 πλοῦτον
1618 2989 1823 3042 αὑτοῦ.
1853 2990 1917 3041 Τί
1948 2990 2065 3041 ἐστι

488 3085 683 3150 τοῦτο;
745 3084 899 3137 Κατά
939 3084 1039 3154 τὴν
1077 3086 1284 3156 δωρεὰν
1335 3086 1536 3138 αὐτοῦ·
1595 3082 1893 3146 τουτέστιν,
1946 3088 1973 3140 ὃ
2020 3106 2069 3140 τι

489 3184 712 3237 εὕκολον
744 3183 892 3254 αὐτῷ
932 3184 1025 3236 καὶ
1065 3184 1306 3249 δυνατὸν,
1347 3185 1441 3237 καὶ
1487 3185 1694 3255 ταχέως
1742 3190 1933 3241 ποιεῖν.
1962 3188 2070 3239 Καὶ

488 3286 673 3356 ἐπειδὴ
705 3286 919 3353 Χρείαν
953 3280 1122 3348 εἷπον,
1175 3286 1260 3338 ἵνα
1294 3286 1368 3356 μὴ
1423 3286 1737 3354 νομίσωσιν,
1772 3286 1851 3339 ὅτι
1884 3303 2067 3339 στενοο

488 3386 725 3454 χωρήσει
777 3384 1010 3445 αὐτοὺς,
1068 3383 1154 3436 διὰ.
1195 3382 1352 3436 τοῦτο
1398 3385 1676 3454 ἐπήγαγε,
1748 3388 1912 3438 Κατὰ
1966 3386 2069 3437 τὸν

486 3483 755 3537 πλοῦτον
776 3483 965 3537 αὐτοῦ
1002 3483 1073 3535 ἐν
1104 3484 1252 3551 δόξῃ
1282 3484 1352 3536 ἐν
1376 3484 1607 3551 Χριστῷ
1652 3485 1874 3551 Ἰησοῦ.
1910 3485 2065 3538 Οὕτω

488 3582 839 3654 περισσεύσει
860 3582 988 3652 ὑμῖν
1013 3582 1247 3645 ἅπαντα,
1281 3585 1463 3654 φησιν,
1495 3584 1633 3635 ὥστε
1668 3585 1725 3635 ἐν
1753 3584 1879 3657 δόξῃ
1901 3586 2063 3638 αὐτοῦ

484 3685 648 3755 ἔχειν.
706 3685 777 3736 “ll
806 3679 899 3736 οὖν
934 3683 1091 3737 τοῦτο
1117 3684 1282 3751 λέγει,
1329 3685 1409 3737 ὃτι
1450 3684 1670 3746 Οὐδενὸς
1706 3684 2015 3753 ὐστερεῖσθε
2045 3700 2059 3713 ·

484 3786 589 3838 Καὶ
608 3785 780 3852 χάρις
795 3784 1164 3854 γάρμεγιίλη,
1185 3780 1452 3853 φησὶν,ἦν
1462 3783 1559 3836 ἐπὶ
1576 3782 1805 3848 πάντας
1816 3784 2059 3847 αὐτούς·

482 3884 628 3936 οὐδὲ
656 3890 766 3953 γὰρ
814 3882 1029 3948 ἐνδεής
1050 3900 1139 3946 τις
1166 3880 1439 3950 ὑπῆρχεν
1477 3881 1547 3933 ἐν
1573 3881 1773 3948 αὐτοῖς
1800 3902 1813 3913 ·
1850 3885 1881 3951 ἢ
1930 3898 2067 3950 προ-

484 3983 674 4052 τρέπει
705 3984 784 4044 ei;
823 3981 978 4044 δόξαν
1010 3980 1172 4033 αὐτοῦ
1216 3981 1391 4032 πάντα.
1429 3983 1628 4033 ποιεῖν·
1675 3981 1806 4033 ὡσεὶ
1838 3982 2022 4049 ἔλεγεν
2044 3994 2057 4003 ‘

483 4083 603 4133 Ἵνα
628 4081 707 4145 εἰς
732 4080 887 4145 δόξαν
913 4078 1071 4130 αὐτοῦ
1096 4078 1297 4149 χρῆσθε
1319 4080 1383 4148 τῇ
1410 4080 1713 4149 περιουσίᾳ.
1739 4080 1824 4145 Τῷ
1846 4080 1913 4133 δὲ
1940 4082 2059 4147 Θεῷ

448 4184 583 4238 ’καὶ
635 4183 818 4250 IIusz
872 4179 1039 4249 ’ἡμῶν
1092 4181 1129 4248 ἡ
1182 4179 1331 4244 δόξα
1372 4182 1457 4246 εὶς
1505 4180 1647 4247 τοὺς
1679 4182 1898 4248 αἰῶνας
1941 4185 2060 4237 τῶν

478 4282 730 4338 αἰώνων.
770 4282 964 4350 Ἀμην.
992 4278 1136 4350 Αῦτη
1155 4278 1213 4331 δὲ
1242 4280 1274 4349 ὴ
1305 4277 1430 4343 δόξα
1454 4280 1575 4349 οὐχὶ
1595 4280 1688 4332 τοῦ
1713 4257 1840 4333 Ῠίοῦ
1876 4284 2053 4351 μόνον,

479 4385 617 4439 ἀλλά
659 4385 753 4438 καὶ
783 4387 874 4436 τού
903 4382 1113 4452 ΙΙατρὸς
1155 4382 1383 4450 γίνεται.
1410 4382 1577 4434 Ὅταν
1608 4381 1716 4453 γὰρ
1746 4384 1773 4434 6
1808 4382 1935 4445 Υἱὸς
1971 4384 2056 4437 δο-

482 4484 730 4553 ξάζηται,
779 4482 896 4532 τότε
919 4483 946 4533 6
978 4480 1188 4550 Πατήρ.
1236 4478 1450 4550 Ἐπειδὴ
1472 4479 1579 4550 γάρ
1607 4475 1762 4532 εἶπεν
1788 4483 1867 4545 εἰς
1899 4483 2054 4548 δόξαν

481 4581 717 4655 Χριστοῦ
763 4580 920 4634 τοῦτο
962 4580 1245 4649 γενέσθαι,
1288 4580 1374 4632 ἵνα
1418 4580 1491 4651 μή
1539 4597 1622 4643 τις
1661 4582 1854 4654 νομίσῃ
1888 4585 2050 4639 αὐτοῦ

485 4684 668 4754 μόνον,
716 4683 994 4750 ἐπήγαγε·
1049 4676 1132 4743 Τῷ
1163 4678 1231 4730 δὲ
1280 4676 1401 4743 Θεῷ
1449 4679 1548 4731 καὶ
1594 4682 1773 4748 Harp!
1816 4682 1981 4750 ἡμῶν
2012 4686 2051 4753 τ)

481 4783 650 4847 δόξα,
681 4780 820 4850 αὓτη
846 4782 879 4850 ἡ
911 4779 1172 4849 γενομένη
1204 4777 1444 4849 δηλονότι
1475 4779 1552 4851 τῷ
1580 4781 1715 4850 Υἱῴ.
1760 4782 2052 4838 Ἄσπασα-

480 4891 593 4939 σθε
634 4883 828 4936 πάντα
871 4881 1039 4949 ἅγιον
1072 4882 1143 4933 ἐν
1186 4880 1416 4948 Χριστῴ
1470 4882 1693 4948 Ἰησοῦ.
1741 4884 1813 4935 Οὐ
1856 4887 2050 4963 μικρὸν

388 5014 393 5019 -
483 4982 755 5039 καὶτοῦτο
778 4997 791 5010 ·
829 4980 1027 5051 πολλῆς
1060 4981 1169 5049 γὰρ
1206 4979 1508 5045 εὐμενείας,
1537 4983 1630 5033 καὶ
1660 4982 1717 5035 16
1751 4983 1839 5035 διὰ
1872 5002 2050 5055 γραμ-

483 5084 670 5154 μάτων
738 5082 932 5143 αὐτοὺς
968 5081 1325 5143 ἀσπάζεσθαι.
1380 5081 1755 5141 Ἀσπάζονται
1799 5085 1955 5153 ὑμᾶς
1997 5090 2050 5140 οὶ

482 5186 604 5239 σὺν
623 5183 751 5247 ἐμοὶ
775 5182 1045 5251 ἀδελφοί.
1082 5182 1189 5234 Καὶ
1219 5174 1322 5253 μὴν
1343 5182 1544 5252 ἔλεγες,
1576 5185 1655 5236 ὅτι
1684 5184 1911 5239 Οὐδένα
1932 5186 2048 5254 ἔχω

484 5287 805 5354 ἰσόψυχον,
864 5283 1031 5348 ὅστις
1082 5284 1342 5353 γνησίως
1387 5281 1458 5335 τὰ
1488 5284 1620 5351 περὶ
1672 5283 1837 5351 ὑμῶν
1884 5300 2047 5351 μερι-

480 5391 701 5462 μνήσει
720 5408 736 5422 ·
771 5390 886 5453 πῶς
917 5386 1007 5443 οὖν
1033 5389 1211 5458 λέγεις
1233 5388 1346 5449 νῦν,
1379 5391 1442 5442 Ol
1471 5389 1591 5442 σὺν
1619 5389 1743 5457 ἐμοὶ
1768 5388 2043 5457 ἀδελφοί,

484 5494 554 5545 ’Ἡ
574 5494 697 5554 τοὺς
719 5493 835 5563 μετ’
853 5491 1015 5545 αὐτοῦ
1041 5490 1300 5561 ἀδελφούς
1329 5508 1482 5561 φησι,
1510 5490 1683 5561 δηλῶν
1704 5492 1783 5544 ὅτι
1819 5491 2045 5545 Οὐδένα

484 5609 603 5645 των
620 5592 747 5661 μεθ’
777 5593 991 5647 ἑαυτοῦ
1022 5593 1145 5662 ἔχει
1180 5594 1501 5660 ἰσόψυχον,
1525 5592 1585 5644 οὐ
1614 5593 1741 5663 περὶ
1766 5591 1873 5645 τῶν
1901 5594 1957 5645 ἐν
1978 5595 2055 5667 τῇ,

485 5691 637 5743 πόλει
669 5692 841 5759 λέγων
866 5710 881 5723 ·
922 5694 1079 5747 ποίαν
1120 5694 1225 5764 γὰρ
1270 5691 1513 5762 ἀνάγκην
1556 5689 1700 5763 εἶχον
1738 5696 1934 5748 ἐκεῖνοι
1977 5692 2053 5748 τά

484 5792 592 5845 τῶν
635 5795 943 5850 ἀποστόλων
987 5795 1336 5865 ἀναδέχεσθαι
1392 5794 1720 5866 πράγματα;
1773 5796 1805 5866 ἢ
1861 5797 1940 5851 ὅτι
1980 5787 2059 5851 οὐ”

1162 366 1217 423 S.
1255 366 1538 422 JOANNIS
1571 366 2059 424 CIIRYSOSTOMI

2165 366 2417 423 acmEp.
2457 328 2995 423 εοΝετΛΝτιΝοιδ.

3626 368 3724 422 ενι

2176 486 2515 552 παραιτεῖται
2546 485 2637 537 καὶ
2664 484 2881 545 τούτους
2902 482 3161 551 ἀδελφοὺς
3185 482 3388 534 καλεῖν.
3429 480 3732 539 Ἀσπάζονο

2173 603 2265 639 ται
2292 584 2446 653 ὑμᾶς
2476 586 2696 649 πάντες
2719 589 2772 638 οἱ
2808 585 2981 655 ἅγιοι,
3029 583 3294 651 μάλιστα
3330 580 3398 634 δὲ
3431 584 3486 634 οί
3520 582 3585 633 ἐκ
3620 580 3725 647 τῆς

2174 688 2471 754 Καίσαρος
2529 687 2736 753 οίκίας.
2790 687 2849 739 Ἠ
2900 686 3067 753 χάρις
3127 683 3232 737 τοῦ
3288 681 3510 750 Κυρίου
3569 679 3730 749 ἡμῶν

2186 788 2388 854 Ἰησοῦ
2430 788 2687 855 Χριστοῦ
2713 789 2864 856 μετὰ
2905 785 3146 839 πάντων
3180 784 3361 853 ὑμῶν.
3414 782 3731 851 Ἀνέστησεν

2174 889 2368 951 αὐτοὺς
2395 890 2487 941 καὶ
2518 890 2813 957 ἀνέρρωσε,
2850 886 3058 949 δεικνὺς
3086 886 3167 938 ὅτι
3197 886 3289 938 καὶ
3315 886 3413 955 τῆς
3452 883 3733 953 βασιλικῆς

2172 990 2347 1051 οἰκίας
2384 988 2443 1040 τὸ
2490 989 2750 1059 κήρυγμα
2795 987 2989 1057 ἥψατο.
3036 987 3097 1039 Εἰ
3132 986 3239 1056 γὰρ
3270 986 3318 1037 οἱ
3349 988 3408 1037 ἐν
3458 986 3567 1044 τοῖς
3594 982 3738 1051 βασι-

2175 1085 2337 1149 λείοις
2380 1087 2593 1140 πάντων
2639 1088 3044 1158 κατεφρόνησαν
3094 1086 3181 1138 διὰ
3223 1086 3312 1138 τὸν
3369 1084 3595 1155 βασιλέα
3637 1083 3738 1134 τῶν

2173 1187 2437 1257 οὐρανῶν,
2462 1188 2639 1257 πολλῷ
2674 1188 2869 1257 μᾶλλον
2886 1188 3080 1250 αὐτοὺς
3110 1185 3214 1258 χρὴ
3239 1186 3395 1237 τοῦτο
3422 1190 3613 1237 ποιεῖν.
3638 1186 3740 1237 Καὶ

2172 1286 2329 1340 τοῦτο
2359 1287 2413 1339 δὲ
2434 1288 2732 1358 τεκμήριον
2760 1283 2827 1358 ἦν
2843 1288 2940 1356 τῆς
2970 1286 3181 1339 Παύλου
3212 1285 3454 1353 ἀγάπης,
3494 1283 3557 1336 16
3580 1283 3739 1335 πολλὰ

2176 1390 2304 1457 περὶ
2328 1387 2503 1440 αὐτῶν
2526 1387 2849 1458 διηγεῖσθαι,
2881 1387 2975 1440 καὶ
3009 1386 3221 1457 μεγάλα
3256 1386 3454 1453 λέγειν,
3487 1383 3608 1435 ὅθεν
3650 1389 3737 1439 καὶ

2174 1488 2253 1550 εἰς
2306 1488 2468 1541 πόθον
2499 1488 2671 1557 ἤγαγε
2694 1490 2818 1551 τοὺς
2843 1490 2900 1540 ἐν
2927 1490 3035 1551 τοῖς
3056 1486 3363 1557 βασιλείοις,
3394 1486 3534 1537 ὥστε
3561 1485 3736 1536 ἀσπά-

2176 1588 2367 1641 σασθαι
2388 1590 2581 1652 αὐτοὺς
2605 1591 2728 1653 τοὺς
2744 1591 2839 1660 οὐχ
2857 1590 3187 1660 ἑωρακότας.
3212 1588 3463 1642 Μάλιστα
3496 1587 3594 1656 μὲν
3617 1588 3735 1665 γάρ,

2174 1689 2358 1759 ἐπειδὴ
2406 1690 2461 1741 ἐν
2511 1690 2687 1761 θλίψει
2733 1686 2872 1760 ἦσαν
2917 1693 2965 1742 οἱ
3012 1689 3191 1743 πιστοὶ
3234 1690 3376 1751 τότε,
3413 1688 3582 1757 πολλὴ
3609 1683 3734 1758 ἧνὴ

2174 1789 2383 1858 ἀγάπη.
2419 1789 2575 1855 Πῶς;
2622 1790 2687 1841 Οἴ
2732 1807 2790 1842 τε
2844 1789 2950 1859 γὰρ
2981 1789 3223 1859 ἀλλήλων
3248 1789 3616 1855 διεστηκότες,
3657 1787 3737 1839 ἀλ-

2174 1890 2355 1959 λήλοις
2403 1887 2543 1963 ἦσαν
2584 1892 3095 1961 συγκεκολλημένοι,
3121 1893 3215 1944 καὶ
3253 1893 3302 1943 οἱ
3330 1890 3636 1961 πόρρωθεν,
3666 1890 3736 1952 ὼς

2176 1989 2325 2063 [517]
2354 1992 2519 2060 ἐγγὺς
2541 1992 2709 2057 ὄντες,
2731 1992 2992 2063 ἀλλήλους
3022 1991 3357 2063 ἠσπάσαντο,
3401 1993 3497 2045 καὶ
3518 1991 3593 2054 ὡς
3616 1991 3737 2061 περὶ

2177 2094 2311 2163 μέλη
2325 2095 2515 2157 οἰκεῖα,
2535 2094 2677 2147 οὕτω
2697 2095 2831 2167 πρὸς
2849 2096 3070 2158 ἑαυτοὺς
3086 2095 3313 2156 ἕκαστος
3328 2093 3609 2147 διετίθετο.
3634 2091 3737 2145 Καὶ

2173 2198 2201 2249 6
2232 2196 2398 2268 πένης
2423 2195 2531 2267 γὰρ
2561 2197 2697 2267 πρὸς
2740 2196 2832 2248 16v
2866 2195 3116 2249 πλούσιον
3137 2194 3336 2265 ὁμοίως
3367 2194 3619 2257 διέκειτο,
3651 2192 3738 2244 καὶ

2172 2307 2201 2357 6
2236 2304 2488 2368 πλούσιος
2524 2304 2660 2373 πρὸς
2692 2304 2783 2356 τὸν
2822 2303 3061 2373 πένητα·
3094 2302 3189 2355 καὶ⁵
3216 2300 3443 2357 οὐδεμία
3465 2296 3536 2370 ἦν
3568 2302 3735 2369 ὑπερ-

2173 2402 2290 2473 οχὴ,
2330 2402 2407 2471 τῷ
2444 2402 2653 2465 πάντας
2695 2401 2895 2471 ὁμοίως
2944 2400 3217 2470 μισεῖσθαι
3258 2400 3351 2452 καὶ
3397 2397 3735 2461 ἐλαύνεσθαι,

2173 2503 2267 2557 καλ⁸
2290 2503 2383 2555 ἐπὶ
2421 2504 2532 2565 τοῖς
2564 2501 2761 2563 αὐτοῖς.
2802 2500 3010 2569 Ὥσπερ
3045 2498 3153 2569 γάρ
3182 2500 3229 2550 οῖ
3259 2500 3323 2549 ἐκ
3349 2497 3622 2567 διαφόρων
3650 2496 3738 2546 πό·

2172 2601 2308 2654 λεων
2340 2600 2674 2671 αἱχμάλωτοί
2704 2618 2861 2663 τινες,
2889 2602 3237 2663 ἀναστάντες,
3260 2601 3351 2653 καὶ
3383 2600 3464 2662 είς
3492 2599 3623 2668 μίαν
3657 2597 3739 2649 ἐλ-

2174 2705 2357 2768 θόντες
2408 2704 2580 2771 πόλιν,
2632 2704 2833 2775 σφόδρα
2879 2702 3606 2773 ἀλλήλοιΐσνύμπλέκονται,
3647 2700 3736 2753 τοῦ

2174 2805 2353 2859 κοινοῦ
2385 2805 2484 2874 τῆς
2529 2806 2809 2874 συμφορᾶς
2837 2802 3232 2872 συγκολλῶντος
3258 2800 3453 2863 αὐτούς
3471 2818 3483 2830 ·
3518 2799 3660 2853 οὕτω
3678 2800 3736 2867 δὴ

2172 2908 2265 2961 καὶ
2294 2906 2435 2970 τότε,
2460 2905 2559 2976 τῆς
2586 2906 2867 2968 κοινωνίας
2888 2904 2996 2957 τῶν
3022 2903 3359 2973 παθημάτων
3381 2905 3475 2955 καὶ
3500 2900 3611 2952 τῶν
3633 2895 3738 2951 θλί-

2170 3008 2314 3077 ψεων
2349 3006 2719 3076 συναπτούσης
2754 3006 2968 3070 αὐτοὺς,
3001 3002 3196 3074 πολλὴν
3228 2998 3374 3073 εἶχον
3410 3004 3550 3071 πρὸς
3576 3001 3734 3070 ἀλλη-

2172 3108 2558 3176 λους’ἀγάπην.

2240 3215 2300 3261 ε’.
2320 3208 2526 3278 Δεσμὸς⁹
2549 3207 2658 3277 γάρ
2685 3206 2766 3268 τίς
2791 3207 2936 3258 ἐστιν
2962 3207 2995 3274 ἡ
3025 3204 3198 3272 θλίψις
3228 3201 3493 3273 ἀρραγὴς,
3518 3202 3731 3269 ἀγάπης

2168 3307 2415 3377 αὖξησις,
2446 3306 2789 3371 κατανύξεως
2819 3306 2912 3359 καὶ
2942 3304 3223 3369 εὐλαϐείας
3244 3303 3521 3365 ὑπόθεσις.
3544 3305 3733 3354 Ἄκουε

2167 3408 2275 3477 γὰρ
2318 3407 2410 3460 τοῦ
2461 3406 2625 3461 Δαυῖδ
2666 3406 2941 3469 λέγοντος·
2984 3406 3223 3474 Ἀγαθόν
3265 3421 3389 3473 μοι,
3428 3404 3626 3469 Κύριε,
3654 3402 3734 3454 ὅτι

2166 3506 2572 3573 ἐταπείνωσάς
2607 3524 2703 3574 με,
2747 3507 2904 3572 ὅπως
2944 3506 3019 3559 ἂν
3062 3504 3226 3575 μάθω
3258 3504 3331 3557 τὰ
3371 3500 3730 3571 δικαιώματά

2166 3622 2282 3661 σου
2308 3624 2321 3638 ·
2355 3610 2445 3660 καὶ
2472 3607 2631 3661 πάλιν
2659 3608 2845 3678 ἐτέρου
2880 3609 3154 3679 προφήτου
3179 3606 3445 3673 λέγοντος,
3490 3608 3732 3676 Ἀγαθι’ν

2164 3707 2465 3773 ἀνθρώπῳ,
2513 3706 2656 3760 ὅταν
2700 3708 2813 3775 ἄρῃ
2864 3708 3041 3776 ζυγὸν
3079 3708 3147 3761 ἐκ
3190 3710 3472 3774 νεότητος
3516 3708 3726 3762 αὐτοῦ·

2163 3808 2255 3859 καὶ
2289 3807 2471 3869 πάλιν,
2504 3807 2802 3875 Μακάριος
2823 3807 3149 3873 ἄνθρωπος,
3184 3806 3256 3858 ὃν
3282 3806 3356 3859 ἂν
3380 3807 3728 3873 παιδεύσῃς,

2162 3908 2337 3974 Κύριε
2363 3922 2376 3934 ·
2422 3908 2514 3961 καὶ
2564 3906 2747 3975 ἐτέρου
2804 3906 2943 3969 τινος
3008 3906 3277 3970 λέγοντος.
3318 3905 3414 3973 Μὴ
3455 3904 3721 3974 ὀλιγώρει

2162 4008 2429 4073 παιδείας
2452 4008 2668 4074 Κυρίου
2688 4024 2701 4039 ·
2731 4008 2823 4060 καὶ
2855 4006 3108 4076 ἀλλαχοῦ,
3153 4010 3222 4060 El
3263 4006 3565 4074 προσέρχῃ
3600 4006 3729 4061 δου-

2160 4108 2363 4160 λεύειν
2390 4107 2602 4174 Κυρίῳ,
2629 4105 2951 4173 ἐτοίμασον
2972 4106 3087 4170 τὴν
3115 4104 3323 4171 ψυχήν
3354 4121 3471 4157 σου
3500 4107 3588 4169 είς
3612 4122 3727 4158 πει-

2151 4207 2408 4275 ρασμόν.
2436 4208 2541 4259 Καὶ
2564 4207 2591 4258 6
2619 4207 2850 4277 Χριστὸς
2877 4208 2932 4260 δὲ
2960 4206 3093 4275 πρὸς
3120 4205 3245 4268 τοὺς
3264 4206 3458 4259 ἐαυτοῦ
3482 4207 3724 4277 μαθητάς

2158 4304 2359 4372 ἔλεγεν,
2377 4306 2471 4357 Ἐν
2496 4304 2573 4369 τῷ
2593 4307 2795 4374 κόσμῳ
2810 4304 3016 4372 θλῖψιν
3031 4304 3215 4368 ἕξετε,
3236 4305 3395 4358 ἀλλὰ
3419 4307 3687 4372 θαρσεῖτε
3704 4321 3717 4336 ·

2157 4405 2247 4457 καὶ
2275 4405 2456 4466 πάλιν,
2500 4407 2804 4459 Κλαύσετε
2840 4405 2936 4457 καὶ
2973 4403 3300 4471 θρηνήσετε
3340 4404 3528 4473 ὑμεῖς,
3562 4409 3596 4458 ὀ
3654 4406 3718 4457 δὲ

2156 4503 2383 4572 κόσμος
2410 4503 2735 4574 χαρήσεται
2756 4520 2767 4531 ·
2801 4504 2890 4557 καὶ
2922 4504 3100 4566 πάλιν,
3138 4504 3325 4571 Στενὴ
3363 4504 3459 4557 καὶ
3492 4508 3719 4574 τεθλιμ-

2147 4604 2308 4673 μένη
2354 4604 2390 4671 ἡ
2426 4605 2581 4669 ὁδός.
2636 4603 2795 4674 Ὁρᾷς
2825 4604 3100 4673 πανταχοῦ
3123 4605 3218 4674 τὴν
3253 4604 3429 4673 θλίψιν
3472 4605 3719 4658 ἐπαινου-

2156 4705 2357 4774 μένην;
2397 4702 2672 4773 πανταχοῦ
2707 4704 3287 4774 παραλαμϐανομένην,
3313 4703 3387 4765 ὡς
3415 4704 3714 4771 ἀναγκαίαν

2154 4798 2318 4857 οὖσαν
2374 4803 2538 4871 ἡμῖν;
2588 4800 2648 4852 Εἰ
2676 4801 2783 4870 γὰρ
2812 4803 2870 4854 ἐν
2918 4803 3030 4864 τοῖς
3073 4799 3267 4865 ἔξωθεν
3309 4802 3513 4868 ἀγῶσιν
3543 4801 3713 4865 οὐδεὶς

2151 4903 2217 4957 ἂν
2248 4902 2445 4971 ταύτης
2492 4902 2659 4973 χωρὶς
2699 4902 2959 4970 στέφανον
2992 4901 3164 4963 λάϐοι,
3207 4902 3254 4953 εἰ
3293 4899 3367 4969 μὴ
3403 4902 3495 4954 καὶ
3538 4902 3714 4965 πόνοις

2151 5006 2242 5056 καὶ
2286 5004 2467 5056 σιτίων
2506 5004 2835 5074 παραιτήσει
2886 5005 2979 5057 καὶ
3008 5004 3153 5073 νόμῳ
3194 5003 3400 5073 διαίτης
3434 5003 3530 5055 καὶ
3551 5004 3712 5073 ἀγρυ-

2150 5104 2329 5166 πνίαις
2363 5104 2455 5156 καὶ
2484 5104 2693 5176 μυρίοις
2719 5104 2921 5173 ἑτέροις
2954 5105 3141 5157 ἑαυτὸν
3181 5102 3492 5173 ὀχυρώσειε,
3532 5105 3707 5174 πολλῷ

2153 5202 2347 5272 μᾶλλον
2368 5203 2621 5257 ἐνταῦθα.
2653 5204 2785 5257 Τίνα
2802 5203 2908 5273 γὰρ
2921 5203 3097 5271 βούλει
3118 5222 3131 5270 ;
3154 5205 3245 5257 τὸν
3265 5204 3485 5274 βασιλέα
3506 5206 3709 5269 εἰπεῖν;

2126 5300 2300 5363 ἑἈλλ⁸
2346 5304 2465 5356 οὐδέ
2506 5305 2710 5367 ἐκεῖνος
2747 5304 3046 5374 ἀμέριμνον
3103 5304 3167 5375 ζῇ
3224 5304 3372 5373 βίον,
3423 5304 3564 5358 ἀλλὰ
3620 5307 3712 5359 καὶ

2131 5404 2361 5477 ,πολλῶν
2387 5404 2615 5474 θλίψεων
2639 5405 2729 5458 καὶ
2750 5404 3058 5475 φροντίδων·
3079 5405 3335 5474 γέμοντα.
3375 5407 3466 5475 Μὴ
3496 5406 3607 5477 γὰρ
3635 5408 3712 5469 είς

2126 5474 2207 5577 :16
2234 5503 2467 5573 διάδημα
2494 5503 2626 5576 ἴδῃς,
2650 5504 2765 5557 ἀλλ’
2794 5474 2880 5567 εἰς
2909 5504 2969 5557 16
2996 5503 3279 5557 κλυδώνιον
3301 5474 3615 5573 φροντίδων,
3642 5505 3707 5557 δι’

2132 5597 2210 5683 ξοῦ
2240 5603 2385 5674 αὐτῴ
2417 5605 2444 5657 ὁ
2470 5603 2694 5675 θόρυϐος
2725 5604 2991 5658 τίκτεται·
3028 5605 3161 5675 μηδέ
3196 5606 3274 5667 είς
3294 5604 3391 5673 τὴν
3420 5604 3707 5675 ἁλουργίδα

2150 5702 2332 5773 βλέπε,
2378 5701 2489 5754 ἀλλ’
2534 5703 2613 5765 εἰς
2652 5701 2751 5772 τὴν
2795 5700 2971 5772 ψυχὴν
2992 5701 3088 5772 τὴν
3133 5703 3333 5772 μᾶλλον
3356 5704 3571 5774 ἐκείνης
3609 5704 3707 5774 τῆς

2152 5802 2460 5872 άλουργίδος
2486 5803 2872 5875 μελαινομένην
2892 5819 2905 5833 ο
2935 5803 3031 5874 οὐχ
3051 5802 3221 5868 οὕτως
3243 5806 3271 5858 6
3302 5804 3557 5876 στέφανος
3583 5807 3718 5869 δίης,
