3898 6506
143 377 232 437 295

140 488 320 560 impleat
345 496 544 537 omnem
563 475 903 532 necessitatem
928 482 1163 536 vestram,
1191 470 1324 525 alias
1345 478 1499 524 πᾶσαν
1527 472 1684 538 χάριν,

145 558 215 638 vel
241 620 257 645 ,
281 582 428 630 πᾶσαν
450 569 607 642 χαράν
632 609 645 633 ,
677 565 730 621 id
750 575 832 620 est
859 604 876 629 ,
900 577 1097 618 omnem
1121 561 1370 632 gratiam,
1394 558 1479 614 vel
1504 599 1521 623 ,
1543 570 1692 612 omne

134 668 375 748 gaudium.
417 667 494 718 Ac
519 662 563 717 si
586 659 801 730 quidem
824 651 1298 725 ‘legatur,‘0mnem
1323 651 1562 720 gratiam,
1590 645 1692 703 hoc

134 739 424 836 fsignillcat,
486 770 592 811 non
642 753 780 807 hanc
821 749 989 805 solam
1026 747 1424 815 eleemosynam
1464 755 1585 811 qua)
1637 739 1691 793 in

138 833 284 919 terra,
321 849 416 906 sed
475 860 635 907 omne
660 840 1017 905 benefactum;
1052 840 1157 903 sin,
1180 835 1323 905 quod
1346 833 1517 904 magis
1541 840 1689 901 puto,

142 947 328 1003 Omnem
355 938 740 997 necessitatem;
767 932 868 986 hoc
895 940 979 986 est
1000 971 1016 995 ,
1040 927 1180 998 quod
1210 925 1511 992 signiﬁcare
1547 922 1690 975 vu'lt:

131 1036 364 1111 quoniam
411 1031 657 1092 dixerat,
705 1024 952 1094 Occupati
994 1022 1146 1076 eratis
1171 1058 1187 1085 ,
1239 1016 1512 1087 subjungit
1565 1014 1650 1067 hic
1673 1052 1690 1077 ,

130 1106 260 1202 quod
298 1125 458 1179 etiam
498 1119 624 1175 facit
660 1120 714 1173 in
747 1115 984 1187 Epistula
1012 1112 1079 1167 ad
1110 1106 1418 1166 Corinthios
1461 1106 1691 1168 dicens,

134 1197 231 1291 Qui
250 1216 567 1271 administrat
590 1228 763 1267 semen
786 1207 1075 1272 seminanti,
1104 1213 1152 1258 et
1175 1216 1358 1274 panem
1376 1200 1444 1253 ad
1469 1197 1693 1252 mandu-

137 1311 335 1367 candum
371 1312 593 1374 pra‘stet,
624 1312 669 1356 et
691 1299 989 1369 multiplicet
1027 1309 1197 1350 semen
1230 1299 1451 1346 oestrum
1474 1328 1490 1353 ,
1514 1296 1569 1342 et
1596 1302 1693 1338 au-

136 1410 241 1474 geat
261 1396 485 1470 germina
510 1394 715 1464 frugum
730 1390 949 1461 justitia:
973 1395 1151 1441 vestra:
1180 1380 1279 1474 (A2.
1309 1380 1431 1436 Cor.
1537 1376 1629 1474 .10
1653 1375 1693 1444 ).

130 1467 276 1548 illam
295 1497 348 1543 et
392 1486 473 1541 bis
502 1485 605 1539 hoc
631 1492 915 1554 precatur,
962 1485 1022 1532 ut
1050 1472 1324 1530 abundent
1367 1478 1422 1525 et
1466 1467 1699 1522 habeant

138 1582 267 1639 unde
305 1579 611 1641 seminent;
652 1583 704 1629 et
727 1579 1005 1644 precatur,
1049 1581 1157 1622 non
1202 1574 1261 1620 ut
1309 1561 1499 1634 quovis
1537 1557 1699 1613 modo

133 1670 414 1735 abundent,
457 1666 575 1735 sed,
609 1664 901 1720 Secundum
925 1659 1128 1714 divitias
1170 1671 1311 1711 suas.
1338 1650 1699 1721 Quamobrem

135 1778 185 1822 et
211 1765 308 1818 hoc
336 1761 608 1816 moderate
640 1757 785 1812 fecit.
826 1753 957 1809 Nam
988 1751 1034 1807 si
1056 1748 1225 1806 Paulo
1254 1746 1455 1803 similes
1483 1742 1700 1797 omnino

125 1858 345 1913 [fuissent
370 1894 387 1918 ,
428 1852 564 1906 adeo
593 1845 901 1920 philosophi
924 1886 941 1911 ,
983 1842 1119 1897 adeo
1146 1837 1387 1895 cruciﬁxi
1407 1875 1424 1901 ,
1454 1848 1561 1889 non
1601 1832 1703 1885 hoc

125 1964 254 2007 sane
287 1945 553 2002 ellecisset
598 1958 612 1995 :
659 1939 758 1995 sed
805 1935 1055 2008 quoniam
1096 1921 1342 1987 homines
1383 1935 1535 1980 erant
1583 1921 1702 1992 opi-

132 2043 251 2098 ﬁces
275 2081 289 2103 ,
340 2048 604 2107 pauperes
630 2074 645 2098 ,
686 2045 881 2086 uxores
912 2026 1217 2089 habebant,
1266 2021 1403 2075 ﬁlios
1448 2018 1701 2081 alebant,

126 2143 299 2202 patres
329 2127 557 2181 familias
586 2132 779 2187 erant,
813 2129 974 2190 atque
1011 2133 1075 2172 ex
1110 2114 1366 2171 tenuitate
1394 2125 1490 2165 sua
1525 2119 1703 2163 tamen

124 2200 240 2279 haec
265 2220 531 2277 dederant
556 2258 572 2281 ,
603 2216 940 2288 quatiuntque
976 2224 1153 2266 rerum
1180 2204 1519 2277 praesentium
1550 2200 1705 2269 cupi-

126 2317 291 2372 ditate
318 2313 543 2367 minimc
580 2308 873 2370 carebant;
915 2306 985 2358 ita
1020 2310 1289 2370 precatur,
1319 2306 1376 2352 ut
1402 2311 1463 2350 se
1488 2294 1555 2349 ad
1582 2293 1706 2347 illo-

124 2423 240 2463 rum
269 2414 487 2475 captum
524 2401 792 2457 demittat.
835 2398 903 2452 lis
920 2396 1074 2451 enim
1104 2392 1193 2463 qui
1236 2392 1337 2444 boc
1381 2386 1541 2443 modo
1589 2394 1707 2440 ute-

124 2474 496 2560 rentur,nihil
535 2489 749 2545 absurdi
778 2497 986 2543 tantum
1020 2481 1266 2555 precari,
1306 2488 1561 2549 quantum
1605 2474 1711 2530 illis

130 2590 259 2646 satis
295 2587 369 2642 sit
405 2596 563 2654 atque
591 2590 647 2637 ut
673 2579 964 2635 abundent.
1018 2574 1149 2629 V‘ide
1189 2572 1348 2642 igitur
1371 2610 1388 2634 ,
1428 2566 1555 2638 quid
1587 2579 1711 2635 pre-

126 2689 279 2735 cetur
311 2693 324 2730 :
358 2691 469 2731 non
498 2672 661 2735 dixit,
707 2669 887 2724 Faciat
923 2664 1117 2720 divites
1141 2703 1157 2727 ,
1196 2675 1259 2715 ac
1300 2656 1456 2713 valde
1484 2654 1712 2725 opulen-

128 2780 211 2826 tos
231 2808 249 2835 ,
294 2764 395 2821 sed
423 2762 596 2834 quid?
636 2759 857 2829 Impleat
882 2770 1083 2811 attinent
1108 2752 1710 2809 necessitatenwestram,

133 2872 190 2915 ut
230 2873 298 2913 ne
337 2853 582 2925 egentis,
632 2849 726 2907 sed
769 2846 1010 2903 habeatis
1038 2858 1159 2914 qua:
1184 2841 1334 2896 vobis
1375 2852 1513 2907 Opus
1548 2842 1712 2890 sunt:

130 2951 383 3023 quoniam
422 2955 480 3002 et
517 2944 763 3000 Christus
801 2938 1083 2995 formulam
1106 2934 1269 2990 nobis
1306 2928 1560 3001 precandi
1603 2935 1715 2982 tra-

126 3020 297 3107 dens,
341 3040 449 3094 hoc
498 3032 797 3107 precationi
846 3028 1080 3099 adjecit,
1132 3025 1333 3080 docens
1374 3022 1447 3076 ita
1492 3020 1715 3085 dicere,

133 3137 331 3191 Panem
358 3141 593 3186 nostrum
622 3123 973 3197 quotidianum
1017 3119 1086 3173 da
1130 3116 1275 3171 nobis
1304 3113 1456 3168 hodie
1480 3113 1499 3182 (
1526 3109 1717 3165 Matth.

123 3229 186 3283 6.
218 3227 278 3281 11
309 3225 353 3294 ).
398 3219 695 3279 Secundam
724 3214 926 3269 divitias
967 3226 1109 3266 suas.
1148 3205 1286 3274 Quid
1314 3206 1416 3260 hoc
1448 3201 1573 3259 est?
1616 3201 1720 3294 Pro

132 3289 504 3373 muniﬁcentia
544 3324 681 3374 sua;
726 3305 781 3361 id
822 3312 926 3371 est,
970 3299 1113 3372 quod
1144 3297 1301 3353 facile
1337 3306 1391 3349 et
1417 3294 1525 3349 cito
1552 3289 1723 3361 possit

125 3411 331 3467 facere.
379 3409 462 3462 Ac
491 3418 561 3459 ne
600 3399 951 3462 existiment,
996 3391 1247 3462 quoniam
1275 3388 1430 3452 dixi,
1479 3384 1717 3439 Necessi-

134 3510 313 3567 tatem,
344 3499 466 3553 fore
505 3504 564 3550 ut
593 3494 644 3547 in
673 3487 948 3559 angustias
973 3480 1359 3539 concludantur
1387 3494 1401 3529 :
1444 3484 1722 3545 propterea

127 3563 373 3655 addidit,
425 3582 720 3642 Secundum
743 3578 945 3634 divitias
968 3590 1089 3630 suas
1114 3573 1166 3626 in
1192 3569 1358 3641 gloria
1375 3608 1390 3634 ,
1432 3569 1483 3620 in
1508 3563 1718 3621 Christo

128 3686 279 3740 Iesu.
320 3682 407 3737 lta
439 3674 823 3736 abundabunt,
857 3667 1064 3738 inquit,
1106 3663 1257 3719 vobis
1303 3660 1481 3716 omnia
1508 3699 1524 3723 ,
1575 3664 1632 3711 ut
1672 3656 1726 3711 iu

126 3775 302 3846 gloria
336 3770 516 3842 ipsius
544 3766 660 3822 sitis
701 3759 956 3817 habituri.
1006 3754 1103 3812 Vel
1136 3754 1293 3823 igitur
1322 3750 1424 3806 hoc
1447 3747 1550 3803 sibi
1579 3745 1727 3813 vult,

131 3837 247 3924 iure
294 3837 375 3921 ut:
412 3860 617 3918 nullius
660 3857 736 3911 rei
772 3858 1006 3923 egeant;
1061 3845 1243 3901 Gratia
1288 3844 1474 3907 enim,
1519 3837 1731 3907 inquit,

126 3974 325 4029 magna
371 3961 492 4008 erat
534 3951 589 4004 in
634 3946 865 4002 omnibus
910 3942 1055 4004 illis,
1104 3951 1260 4004 neque
1296 3933 1431 3987 enim
1469 3930 1734 4001 quisquam

128 4019 282 4122 εςεῖπ
321 4055 445 4102 erat
490 4044 625 4097 inter
672 4036 790 4093 illos
837 4033 994 4105 (Act.
1032 4032 1085 4087 ι.
1118 4031 1207 4085 55.
1260 4024 1369 4096 si)
1406 4023 1535 4122 ivel
1566 4029 1625 4075 ut
1666 4019 1734 4122 ad

126 4110 304 4211 ipsius
341 4137 444 4192 Dei
475 4131 699 4204 gloriam
726 4127 907 4183 omnia
937 4124 1172 4183 iaciant;
1208 4133 1270 4171 ac
1296 4117 1340 4172 si
1371 4114 1617 4179 diceret,
1670 4110 1738 4168 Ut

127 4205 197 4286 ad
229 4230 412 4299 ipsius
445 4223 676 4296 gloriam
707 4218 878 4286 coliiis
920 4215 1034 4271 suis
1058 4209 1300 4268 utamini.
1323 4207 1417 4264 20.
1444 4205 1552 4260 Deo
1571 4212 1738 4257 autem

121 4331 175 4375 et
205 4294 368 4374 Patri
416 4294 599 4370 nostro
640 4310 808 4380 gloria
851 4307 904 4360 in
949 4302 1138 4358 swcula
1180 4299 1501 4355 sazculorum.
1556 4294 1735 4348 Amen.

126 4412 260 4467 llzuc
288 4418 488 4464 autem
521 4405 689 4475 gloria
720 4415 826 4455 non
856 4395 972 4451 Filii
1004 4394 1175 4449 solum
1204 4432 1219 4457 ,
1250 4388 1343 4445 sed
1382 4387 1543 4443 etiam
1568 4384 1741 4439 Patris

127 4514 213 4560 est
238 4521 253 4557 :
281 4516 420 4555 nam
450 4498 581 4552 dum
612 4490 863 4548 tribuitur
882 4487 1021 4543 Filio
1042 4484 1231 4555 gloria,
1259 4480 1505 4535 tribuitur
1531 4490 1744 4546 quoque

129 4593 305 4649 Patri.
354 4587 583 4643 Etenim
612 4582 862 4653 quoniam
893 4578 1102 4632 dixerat
1132 4574 1184 4627 in
1212 4569 1409 4626 Christi
1436 4566 1661 4638 gloriam
1692 4562 1745 4617 id

129 4685 289 4747 fieri,
346 4696 422 4736 ne
478 4677 600 4747 quis
646 4683 794 4743 putet
846 4670 1011 4740 ipsius
1062 4674 1302 4730 tantum,
1344 4660 1590 4725 addidit,
1635 4655 1746 4711 Deo

127 4787 309 4829 autem
341 4781 393 4827 et
428 4768 584 4823 Patri
614 4775 787 4820 nostra
816 4760 980 4832 gloria
1011 4774 1030 4812 :
1050 4756 1164 4811 haec
1192 4755 1304 4825 ipsa
1333 4751 1603 4814 nimirum,
1628 4762 1747 4818 quae

128 4870 259 4925 data
289 4875 384 4922 est
418 4863 590 4919 Filio.
611 4860 703 4915 2i.
735 4857 972 4911 Salutate
992 4865 1189 4905 omnem
1214 4858 1442 4901 sanctum
1469 4845 1522 4897 in
1548 4842 1748 4897 Christo

123 4963 282 5017 λεια.
335 4959 473 5014 Non
507 4956 629 5010 leve
652 4959 710 5006 et
746 4950 848 5003 hoc
879 4962 893 4998 :
922 4957 1127 5013 magna:
1174 4939 1318 4996 enim
1366 4934 1752 4993 benevolentiae

126 5063 219 5111 est
257 5066 366 5124 per
401 5050 601 5104 literas
628 5044 793 5099 etiam
829 5040 974 5110 ipsos
994 5036 1243 5091 salutare.
1284 5030 1527 5086 Salutant
1553 5042 1639 5081 vos
1666 5025 1753 5095 qui

130 5122 342 5200 mecum
374 5149 515 5197 sunt
549 5139 749 5209 fratres.
783 5136 1028 5187 Attamen
1072 5126 1289 5182 dicebas
1311 5163 1327 5189 ,
1360 5122 1626 5177 Neminem
1655 5122 1752 5173 ha-

127 5239 226 5291 beo
275 5232 598 5288 unanimem
619 5269 633 5293 ,
662 5225 745 5297 qui
786 5224 983 5277 sincera
1007 5216 1276 5284 aﬂ'ectione
1299 5230 1391 5284 pro
1434 5212 1571 5267 vobis
1614 5209 1758 5264 solli-

132 5333 272 5387 ritus
297 5328 375 5383 sit
408 5322 689 5394 (Philipp.
716 5318 772 5371 Ξ.
802 5313 922 5388 20);
955 5309 1224 5382 quomodo
1253 5309 1412 5379 igitur
1436 5321 1577 5361 nunc
1600 5303 1754 5370 dicis,

135 5422 243 5489 Qui
275 5393 507 5471 mecum
534 5420 647 5465 sunt
673 5413 858 5479 fratres
883 5406 909 5459 .7
937 5404 1046 5459 llos
1072 5401 1164 5472 qui
1191 5415 1311 5454 cum
1340 5399 1455 5466 ipso
1481 5405 1625 5460 sunt,
1654 5393 1762 5452 fra-

306 5513 537 5569 vocat,
579 5497 911 5561 ostendens,
966 5493 1051 5547 vel
1097 5489 1242 5561 quod
1297 5499 1453 5542 antea
1508 5485 1761 5547 dixerat,

136 5602 443 5656 Neminem
476 5592 639 5646 habeo
660 5589 949 5641 unanimem
974 5624 988 5648 ,
1021 5597 1128 5637 non
1160 5580 1224 5635 ad
1254 5592 1348 5634 eos
1375 5577 1644 5647 pertinere
1670 5575 1762 5645 qui

136 5694 191 5750 in
238 5691 390 5747 urbe
442 5690 648 5745 erant;
691 5694 809 5748 qua:
837 5674 982 5731 enim
1031 5674 1136 5727 illis
1182 5670 1473 5725 necessitas
1520 5666 1766 5737 imposita

134 5795 284 5851 erat,
321 5792 391 5838 ut
427 5772 734 5843 apostolica
778 5766 989 5837 negotia
1032 5760 1410 5833 susciperent?
1440 5759 1525 5816 vel
1567 5774 1625 5817 se
1662 5775 1768 5816 non

486 5858 764 5921 PATnOL.
812 5858 929 5919 Gn.
978 5852 1174 5917 LXll.
1240 5860 1245 5865 ’

974 356 1039 415 ΙΝ
1069 354 1294 416 EPIST.
1336 355 1426 412 AD
1456 353 1746 411 PillLlPi‘.
1786 352 1941 411 CAP.
1975 352 2071 409 ιν.
2114 348 2343 409 110311...
2383 348 2500 406 XV.

3265 348 3371 404 ειη

1800 480 2053 521 recusare
2070 505 2087 531 ,
2113 464 2238 535 quin
2266 464 2364 518 bos
2383 463 2545 520 etiam
2572 462 2765 516 fratres
2786 467 2979 525 vocet,
3006 458 3097 515 ii.
3130 458 3374 515 Salutant

1791 572 1878 612 vos
1900 572 2070 611 euntes
2098 555 2261 610 sancti
2282 596 2298 621 ,
2331 555 2551 609 maxime
2575 563 2743 607 autem
2768 553 2854 622 qui
2877 551 2942 606 de
2968 551 3183 606 Censoris
3220 550 3372 603 domo

1791 658 1926 703 sunt.
1946 648 2039 705 25.
2071 646 2249 702 Gratia
2275 646 2482 702 Domini
2514 646 2673 700 nostri
2694 644 2823 700 Iesu
2844 641 3031 699 Christi
3058 658 3171 696 cum
3200 642 3370 695 omni-

1793 742 1884 795 bus
1920 740 2077 795 vobis.
2138 739 2330 796 Erexit
2370 741 2516 809 ipsos
2560 747 2615 792 et
2654 737 3033 801 conﬁrmavit,
3083 733 3376 790 ostendens

1794 832 1861 886 ad
1890 832 2287 901 Imperatoriam
2308 830 2474 885 etiam
2504 830 2718 883 domum
2750 827 3060 897 pervenisse
3107 824 3366 895 praedica-

1795 922 2017 978 tionem.
2043 921 2174 975 Nam
2199 922 2246 976 si
2276 921 2366 991 qui
2397 922 2448 974 in
2480 920 2642 990 regiis
2668 920 2844 979 omnia
2877 926 3093 988 propter
3120 918 3374 971 czulorum

1796 1013 1993 1083 Regem
2021 1013 2399 1084 despexerunt,
2434 1013 2605 1067 multo
2632 1013 2797 1082 magis
2824 1012 2879 1067 id
2910 1010 3213 1066 faciendum
3244 1011 3375 1078 ipsis

1792 1113 1933 1158 erat.
1974 1105 2146 1174 Atque
2173 1104 2274 1160 hoc
2298 1106 2459 1159 etiam
2492 1103 2743 1158 indicium
2782 1112 2901 1158 erat
2926 1102 3075 1157 Pauli
3102 1101 3342 1157 caritatis
3363 1142 3377 1164 ,

1799 1203 1907 1249 tam
1929 1196 2092 1250 multa
2113 1205 2167 1250 et
2182 1208 2371 1266 magna
2388 1196 2454 1251 de
2479 1194 2610 1265 ipsis
2632 1210 2870 1260 narrare,
2890 1203 2947 1248 ut
2963 1193 3088 1248 hinc
3107 1194 3195 1262 qui
3224 1194 3277 1248 in
3293 1208 3380 1248 re-

1799 1285 1883 1354 gia
1899 1296 2054 1341 erant
2079 1286 2148 1341 ad
2160 1301 2254 1341 eos
2271 1287 2584 1343 salutandos
2605 1302 2789 1341 amore
2810 1285 3223 1351 adducerentur,
3241 1299 3377 1353 quos

1801 1393 2088 1447 numquam
2118 1378 2379 1433 viderant.
2427 1379 2657 1433 Maxime
2696 1378 2840 1433 enim
2864 1417 2880 1443 ,
2928 1376 3181 1446 quoniam
3211 1390 3375 1429 vexa-

1802 1466 1996 1522 bantur
2014 1467 2221 1535 ﬁdeles,
2244 1484 2434 1539 magna
2456 1478 2583 1523 tunc
2601 1467 2811 1537 vigebat
2830 1466 3045 1521 caritas.
3067 1463 3383 1533 Quomodo?

1801 1556 1934 1612 Nam
1960 1560 2049 1629 qui
2082 1559 2241 1629 longe
2278 1559 2418 1613 inter
2453 1573 2514 1613 se
2538 1558 2845 1623 distabant,
2886 1556 2989 1612 sibi
3017 1565 3196 1611 tamen
3222 1555 3383 1609 vicis-

1802 1652 1904 1706 sim
1931 1650 2201 1719 conjuncti
2228 1660 2383 1707 erant
2408 1669 2422 1717 ;
2452 1660 2507 1706 et
2530 1652 2621 1720 qui
2649 1651 2833 1720 procul
2870 1649 3093 1704 aberant
3118 1690 3134 1714 ,
3166 1648 3386 1719 perinde

1804 1756 1867 1797 ac
1886 1742 1931 1796 si
1952 1756 2120 1811 prope
2142 1752 2357 1809 essent,
2389 1743 2527 1797 inter
2546 1757 2606 1797 se
2626 1741 2949 1806 salutabant,
2970 1749 3026 1794 et
3048 1740 3239 1809 singuli
3254 1754 3384 1809 erga

1805 1836 2045 1905 singulos
2072 1835 2234 1889 veluti
2258 1849 2387 1903 erga
2417 1849 2513 1889 sua
2538 1834 2775 1889 membra
2801 1832 3194 1896 alliciebantur,
3235 1847 3389 1901 atque

1804 1940 2013 1995 pauper
2036 1940 2164 1996 erga
2187 1924 2425 1989 divitem,
2457 1939 2519 1979 ac
2539 1924 2695 1979 dives
2723 1938 2847 1993 erga
2871 1938 3178 1992 pauperem,
3212 1938 3386 1992 neque

1809 2015 1916 2070 ulla
1960 2014 2350 2086 agnoscebatur
2384 2014 2688 2083 prmstantia
2714 2053 2729 2078 ,
2772 2011 2913 2083 quod
2942 2028 3131 2067 omnes
3156 2027 3308 2081 atque
3335 2012 3387 2064 in

1809 2106 1935 2161 odio
1963 2114 2146 2161 essent
2171 2115 2334 2175 atque
2356 2106 2701 2175 ejicerentur,
2736 2102 3031 2171 iisdemque
3071 2101 3138 2155 de
3181 2100 3383 2156 causis.

1810 2196 2269 2264 Quemadmodum
2325 2197 2469 2251 enim
2495 2236 2512 2263 ,
2541 2196 2585 2250 si
2612 2210 2679 2250 ex
2706 2194 2932 2249 diversis
2956 2193 3258 2248 civitatibus
3296 2206 3388 2247 ca-

1821 2290 1951 2359 ptivi
1981 2289 2196 2359 quidam
2228 2287 2454 2359 profecti
2484 2288 2536 2343 in
2563 2287 2806 2343 eamdem
2834 2286 3048 2342 veniant
3081 2286 3348 2339 civitatem
3371 2324 3389 2350 ,

1812 2382 1967 2437 valde
1992 2396 2052 2437 se
2077 2381 2304 2436 invicem
2329 2380 2755 2451 complectuntur
2774 2418 2790 2445 ,
2823 2377 3093 2434 communi
3121 2377 3240 2431 illos
3254 2392 3392 2432 cou-

1814 2476 2051 2531 sociante
2073 2473 2374 2528 calamitate
2407 2491 2421 2527 :
2453 2473 2525 2527 ita
2552 2471 2712 2527 etiam
2742 2479 2867 2525 tunc
2894 2471 3150 2525 societate
3178 2469 3389 2523 incom-

1816 2568 2097 2622 modorum
2124 2574 2180 2622 et
2202 2565 2549 2634 aspernatum
2591 2577 2687 2619 eos
2725 2562 3085 2633 conjungetue
3107 2603 3123 2627 ,
3151 2574 3395 2630 magnam

1818 2659 1918 2712 sibi
1950 2668 2134 2713 mutuo
2174 2657 2451 2712 caritatem
2488 2654 2831 2726 praestabant.

1833 2760 1836 2763 λ
1889 2753 1945 2808 5.
1964 2752 2336 2806 xErumnarum
2362 2750 2576 2803 utilitas.
2601 2747 2923 2803 Calamitates
2947 2747 2999 2800 in
3019 2745 3137 2799 aula
3166 2744 3400 2815 Impera.

1821 2846 1969 2899 toria.
1991 2873 2063 2885 --
2081 2842 2345 2897 ᾹΞτιιιηηθ
2369 2842 2514 2897 enim
2535 2849 2591 2897 et
2616 2838 2887 2895 tribulatio
2915 2838 3186 2893 vinculum
3231 2837 3401 2907 quod-

1820 2936 1945 2992 dam
1974 2936 2341 2990 ﬁrmissimum
2372 2942 2456 2989 est
2478 2973 2495 2998 ,
2542 2932 2785 2987 caritatis
2823 2931 3088 2997 accretio,
3138 2916 3400 2998 compun-

1821 3026 2016 3081 ctionis
2040 3035 2095 3081 et
2117 3025 2327 3096 pietatis
2353 3024 2586 3079 occasio.
2615 3022 2752 3078 Audi
2780 3024 2925 3077 enim
2949 3021 3216 3077 dicentem
3247 3021 3405 3075 Davi-

1824 3118 1946 3173 dem
1980 3136 1993 3172 :
2028 3116 2223 3171 Bonum
2252 3115 2398 3181 mihi,
2427 3114 2648 3169 Domine
2668 3155 2685 3180 ,
2716 3114 2837 3185 quia
2864 3112 3144 3167 Immiliasti
3190 3129 3297 3176 me,
3348 3120 3406 3165 ut

1825 3211 2015 3265 discam
2032 3208 2425 3281 justi/icationes
2456 3216 2568 3261 tuas
2589 3208 2609 3278 (
2630 3204 2781 3259 Psal.
2810 3203 2935 3259 118.
2967 3204 3028 3257 71
3058 3201 3113 3274 );
3140 3213 3194 3257 et
3212 3202 3404 3258 iterum

1825 3305 1986 3358 alium
2012 3302 2323 3373 prophetam
2348 3300 2612 3355 dicentem
2634 3338 2650 3364 ,
2680 3297 2883 3351 Bonum
2910 3305 2982 3349 est
3011 3296 3118 3348 viro
3143 3312 3257 3349 eum
3283 3312 3407 3365 por-

1829 3393 2004 3447 taverit
2041 3398 2226 3463 jugum
2265 3391 2327 3445 ab
2375 3388 2713 3443 adolescentia
2760 3402 2853 3440 sua
2880 3383 3055 3455 (Thr.
3086 3386 3142 3440 '5.
3164 3385 3233 3439 27
3261 3387 3316 3449 );
3355 3393 3410 3441 et

1826 3497 2035 3545 rursus,
2052 3480 2238 3536 Beatus
2250 3481 2419 3546 Itonia,
2438 3494 2584 3549 quem
2605 3490 2659 3530 tu
2687 3476 2958 3542 erudieris,
2994 3472 3208 3529 Domine
3230 3472 3406 3547 (Psal.

1832 3578 1921 3633 93.
1955 3576 2021 3631 12
2042 3576 2094 3644 );
2122 3582 2178 3630 et
2206 3573 2367 3627 alium
2395 3569 2702 3641 quemdam,
2732 3567 3070 3636 Disciplinam
3099 3565 3306 3625 Domini
3350 3581 3413 3619 ne

1829 3667 2082 3738 despicias
2101 3664 2122 3736 (
2142 3664 2299 3719 Prov.
2326 3664 2381 3719 ὅ.
2416 3663 2471 3717 11
2498 3662 2515 3731 )
2540 3678 2556 3726 ;
2584 3670 2659 3727 et,
2693 3659 2980 3714 Ascendens
3018 3657 3090 3710 ad
3127 3658 3412 3711 servitutem

1836 3758 2060 3822 Domini,
2092 3771 2327 3826 prepara
2340 3754 2568 3807 animam
2594 3760 2730 3804 tuam
2754 3748 2827 3804 ad
2863 3747 3185 3803 tentationem
3209 3745 3230 3818 (
3251 3744 3411 3800 Eccli.

1835 3851 1889 3907 2,
1923 3850 2012 3920 1).
2058 3850 2122 3904 Et
2148 3848 2394 3904 Christus
2422 3858 2608 3900 rursus
2630 3842 2906 3911 discipulis
2928 3841 3041 3895 suis
3068 3840 3280 3894 dicebat
3298 3879 3313 3906 ,
3346 3839 3417 3894 In

1837 3941 2027 3995 mundo
2050 3952 2335 4010 pressurant
2362 3934 2607 3989 habebitis
2630 3972 2647 3997 ,
2690 3932 2779 3986 sed
2809 3930 3048 3999 conﬁdite
3092 3929 3284 4000 (Joan.
3328 3928 3413 3985 18.

1839 4034 1910 4090 35
1930 4031 1986 4105 );
2018 4040 2072 4087 et
2108 4045 2314 4096 rursus,
2351 4026 2626 4082 Plorabitis
2652 4034 2699 4078 et
2724 4024 2910 4094 ﬂebitis
2932 4038 3041 4088 eos,
3070 4022 3289 4076 mundus
3314 4039 3408 4077 att-

1838 4132 1939 4178 tem
1967 4120 2199 4193 gaudebit
2228 4117 2425 4191 (Joan.
2457 4117 2545 4172 16.
2569 4114 2677 4185 20)
2702 4130 2717 4179 ;
2749 4125 2804 4168 et
2830 4127 3016 4167 rursus
3038 4151 3055 4178 ,
3083 4110 3311 4183 Angusta
3361 4122 3411 4168 et

1841 4222 1981 4267 arcta
2004 4213 2084 4265 via
2110 4209 2343 4281 (Matth.
2374 4208 2427 4261 7.
2459 4207 2525 4261 14
2546 4206 2589 4276 ).
2626 4203 2786 4258 Vides
2834 4202 3032 4270 ubique
3080 4201 3280 4256 laudari
3330 4203 3423 4256 tri-

1843 4300 2204 4357 bulationem?
2232 4298 2425 4367 ubique
2450 4292 2836 4359 commendari,
2864 4301 3134 4361 tamquam
3158 4307 3274 4347 eam
3301 4308 3421 4363 qua:

1844 4392 2001 4447 nobis
2027 4391 2097 4446 sit
2122 4387 2462 4445 necessaria?
2491 4385 2624 4440 Nam
2652 4384 2696 4439 si
2724 4384 2775 4437 in
2804 4381 3089 4437 mundanis
3116 4382 3423 4438 certamini-

1846 4483 1946 4538 bus
1970 4481 2087 4536 sine
2116 4494 2177 4535 ea
2208 4491 2368 4534 nemo
2389 4489 2645 4531 coronam
2670 4473 2868 4541 accipit
2887 4514 2902 4537 ,
2947 4472 3046 4525 nisi
3073 4484 3126 4526 et
3153 4472 3424 4528 laboribus

1849 4583 1903 4627 et
1929 4572 2168 4626 ciborum
2197 4565 2517 4624 abstinentia
2542 4574 2597 4620 et
2627 4572 2736 4618 tota
2766 4563 2934 4617 victus
2958 4564 3169 4617 ratione
3191 4603 3207 4627 ,
3252 4572 3307 4617 et
3332 4562 3427 4617 vi-

1851 4662 1995 4735 giliis
2040 4670 2095 4717 et
2142 4658 2412 4717 sexcentis
2454 4656 2573 4710 aliis
2617 4652 2972 4709 incommodis
3015 4667 3075 4708 se
3134 4653 3426 4718 munierit;

1854 4755 2022 4811 multo
2052 4755 2220 4823 magis
2252 4752 2355 4806 hic.
2380 4749 2548 4816 Quem
2573 4748 2713 4801 enim
2733 4744 2861 4800 mihi
2890 4744 3079 4800 alleres
3098 4746 3123 4798 Ἰ
3140 4748 3432 4815 regemne?

1855 4849 1926 4902 At
1952 4861 2126 4916 neque
2152 4846 2242 4899 ille
2266 4845 2428 4897 vitam
2458 4840 2604 4896 curis
2634 4838 2863 4893 solutam
2891 4837 3022 4891 vivit
3041 4876 3055 4901 ,
3106 4837 3199 4891 sed
3248 4838 3433 4892 multis

1856 4937 2119 4994 molestiis
2140 4928 2304 5005 atque
2345 4930 2630 5002 angoribus
2679 4929 2955 4984 refertam.
3007 4926 3121 4983 Non
3169 4927 3312 4982 enim
3367 4927 3433 4981 ad

1857 5028 2100 5083 diadema
2127 5033 2337 5095 spectes
2357 5065 2372 5089 ,
2403 5021 2498 5077 sed
2523 5020 2591 5076 ad
2640 5018 3057 5076 sollicitudinum
3102 5018 3434 5087 procellam,

1860 5116 2001 5174 unde
2028 5114 2102 5171 illi
2134 5113 2391 5169 tumultus
2418 5111 2681 5165 maximus
2722 5109 2999 5171 exoritur;
3048 5123 3154 5163 non
3199 5107 3265 5162 ad
3312 5122 3438 5176 pur-

1864 5224 2072 5280 puram,
2102 5205 2198 5261 sed
2227 5203 2295 5259 ad
2321 5203 2553 5257 animam
2582 5200 2672 5255 illa
2698 5200 2810 5269 ipsa
2841 5213 3073 5268 purpura
3123 5197 3436 5267 nigriorem.

1863 5304 1982 5361 Non
2008 5317 2158 5373 teque
2184 5312 2383 5356 corona
2410 5297 2538 5368 ligat
2563 5304 2744 5365 caput,
2773 5300 2933 5363 atque
2961 5291 3194 5346 animam
3240 5290 3442 5345 sollici-

1868 5396 2015 5451 tudo.
2063 5393 2180 5448 Non
2229 5390 2296 5445 ad
2346 5387 2637 5445 satellitum
2687 5398 2967 5439 numerum
3005 5392 3222 5453 specta,
3253 5382 3347 5437 sed
3374 5382 3441 5437 ad

1867 5484 2243 5557 aegritudinum
2286 5477 2682 5535 multitudinem
2717 5489 2729 5525 :
2762 5474 2957 5528 nullam
2990 5468 3135 5528 enim
3185 5473 3443 5542 privatam

1870 5575 2087 5630 domum
2116 5578 2196 5629 tot
2217 5570 2361 5626 curis
2389 5566 2751 5623 abundantem
2777 5563 3036 5633 reperias,
3066 5572 3196 5632 quot
3225 5563 3447 5632 regiam.

1870 5667 2068 5724 Mortes
2095 5664 2304 5735 singulo
2326 5676 2536 5731 quoque
2561 5658 2647 5713 die
2673 5657 3014 5712 imminentes
3059 5672 3087 5707 a
3136 5656 3244 5709 suis
3291 5656 3448 5710 etiam

1878 5763 2051 5834 ipsis;
2083 5769 2137 5815 et
2162 5767 2284 5813 ante
2305 5769 2544 5811 mensam
2570 5762 2623 5809 et
2648 5760 2769 5807 ante
2798 5758 2980 5821 potum
3011 5747 3080 5801 ob
3115 5750 3299 5804 oculos
3332 5765 3452 5804 ver-

3014 5832 3090 5894 19
