4032 6506
526 462 678 506 satur
699 449 937 520 sanguis.
963 448 1134 505 Noctu
1164 464 1293 505 vero
1316 449 1420 506 dici
1449 466 1555 506 non
1582 459 1757 521 potest
1775 468 1933 519 quam
1954 466 2099 535 saepe

529 541 753 595 somniis
788 555 851 595 ac
894 540 1021 595 visis
1070 540 1287 595 excitati
1330 542 1633 610 prosiliant.
1678 543 1852 612 Atque
1886 542 2003 596 haec
2049 543 2104 598 in

529 650 660 702 pace
692 653 705 689 :
734 634 875 704 quod
927 634 972 689 si
1020 635 1216 690 bellum
1272 636 1511 706 ingruat,
1544 651 1612 692 eo
1636 636 1804 707 magis
1843 635 2103 690 sollicitu-

526 725 678 778 dines
725 725 1093 778 intenduntur.
1136 724 1272 792 Quid
1319 727 1478 796 igitur
1529 726 1618 781 tali
1670 728 1778 781 vita
1828 725 2103 781 miserabi-

526 817 626 870 lius
651 829 771 870 esse
813 816 1026 885 potest?
1050 818 1233 883 Qualia
1284 827 1460 872 autem
1498 833 1529 873 a
1566 818 1695 884 suis,
1725 817 1841 874 sive
1889 818 1956 873 iis
2008 818 2100 888 qui

522 907 625 962 sub
674 906 880 962 ditione
929 921 1023 961 sua
1080 916 1227 975 sunt,
1276 909 1582 979 patiuntur?
1636 909 1915 977 Etiamque
1954 916 2102 963 certe

522 1009 748 1070 cognato
813 1001 1071 1069 sanguine
1131 1000 1392 1055 redundat
1439 1015 1650 1070 semper
1704 999 1882 1068 regale
1948 998 2100 1068 pavi-

522 1098 779 1146 mentum.
828 1090 906 1146 Ae
954 1090 999 1143 si
1050 1090 1211 1145 vultis
1255 1091 1483 1146 narrabo
1523 1092 1683 1145 etiam
1729 1089 2004 1159 quasdam,
2045 1098 2100 1145 et

521 1182 748 1238 fortasse
782 1196 895 1237 rem
934 1183 1003 1236 ita
1049 1196 1111 1237 se
1161 1182 1358 1237 habere
1402 1182 1744 1252 intelligetis:
1772 1195 1837 1236 ac
1887 1180 2099 1250 potissi-

518 1289 663 1330 mum
690 1275 904 1345 quidem
942 1284 1121 1330 vetera
1155 1274 1353 1342 dicam,
1379 1290 1499 1345 qua:
1542 1285 1718 1329 tamen
1759 1273 1932 1328 adhuc
1978 1287 2096 1328 me-

521 1366 686 1420 moria
742 1381 848 1421 non
886 1365 1226 1431 exciderunt,
1266 1365 1462 1435 quippe
1513 1379 1633 1435 quin
1683 1362 1879 1419 nostris
1923 1361 2097 1418 conti-

517 1472 647 1526 gere
676 1455 1022 1526 temporibus.
1052 1455 1299 1524 Quidam,
1326 1466 1386 1510 ut
1404 1456 1574 1517 aiunt,
1603 1469 1824 1509 uxorem
1845 1494 1861 1519 ,
1891 1453 1960 1507 de
1990 1467 2090 1507 cu-

511 1549 600 1616 jus
626 1546 888 1602 adulterio
912 1546 1306 1615 suspicabatur,
1334 1540 1529 1601 nudam
1547 1546 1781 1616 alligavit
1800 1543 2089 1609 montibus,

472 1650 475 1651 '
514 1655 579 1695 ac
607 1639 732 1694 feris
778 1640 1058 1708 exposuit,
1096 1640 1206 1708 jam
1249 1648 1474 1694 matrem
1521 1639 1622 1694 sibi
1671 1639 1861 1693 factam
1905 1653 2089 1708 regum

514 1732 823 1788 multorum.
855 1731 1023 1799 Quam
1069 1731 1215 1785 illttm
1271 1731 1469 1801 putatis
1508 1732 1671 1786 vitam
1712 1722 1953 1785 vixisse?
1980 1746 2088 1785 non

511 1824 653 1881 enim
684 1824 786 1879 nisi
820 1824 1122 1879 vehementi
1149 1824 1313 1878 animi
1345 1831 1490 1879 motu
1517 1823 1743 1889 ductus,
1770 1823 1838 1877 ad
1882 1831 2087 1877 tantum

509 1917 829 1989 supplicium
857 1915 1174 1970 sumendum
1201 1914 1594 1970 descendisset.
1637 1914 1736 1969 Hic
1768 1929 1898 1969 vero
1944 1914 2085 1970 idem

509 2026 662 2065 suum
688 2010 855 2080 ipsius
883 2008 1047 2063 lilium
1086 2006 1351 2063 interfecit
1381 2006 1491 2080 (a);
1527 2007 1635 2062 imo
1658 2015 1712 2061 et
1740 2004 1898 2075 hujus
1923 2004 2089 2060 frater

508 2104 742 2173 seipsum
773 2118 894 2157 cum
917 2101 1040 2156 ﬁliis
1058 2102 1190 2155 suis.
1221 2100 1415 2156 Fertur
1439 2108 1617 2155 autem
1649 2099 1737 2153 hic
1762 2107 1818 2154 et
1860 2097 2083 2154 fratrem

508 2196 675 2265 ipsius
704 2210 734 2250 e
757 2194 935 2249 medio
962 2194 1265 2249 sustulisse.
1292 2195 1466 2263 Atque
1485 2191 1572 2247 hic
1590 2191 1804 2262 quidem
1838 2191 1939 2246 sibi
1969 2191 2084 2261 ipse

505 2303 697 2343 manus
722 2288 900 2343 attulit
924 2302 955 2342 a
982 2296 1212 2359 tyranno
1240 2286 1700 2356 comprehensus;
1731 2286 1823 2341 ille
1846 2300 1975 2341 vero
1994 2298 2085 2340 so-

505 2380 714 2435 brinum
764 2394 918 2435 suum
970 2394 1073 2433 una
1118 2392 1299 2433 secum
1346 2378 1658 2447 participem
1706 2377 1892 2447 regni,
1938 2377 2081 2448 quod

503 2474 618 2542 ipse
648 2470 723 2526 illi
755 2470 1069 2525 tradiderat.
1101 2470 1251 2525 Alius
1280 2478 1459 2523 autem
1486 2483 1715 2524 uxorem
1743 2468 1877 2523 vidit
1905 2468 2079 2524 medi-

500 2562 760 2619 camentis
783 2576 816 2617 e
844 2561 1022 2616 medio
1057 2560 1341 2615 sublatam.
1388 2559 1649 2626 Quoniam
1695 2559 1839 2614 enim
1890 2573 2080 2628 parere

499 2652 718 2707 minime
752 2658 1001 2721 poterat,
1034 2650 1230 2704 mulier
1267 2649 1511 2720 quasdam
1558 2647 1742 2703 infelix
1786 2657 1842 2705 et
1879 2649 2077 2704 misera

499 2741 722 2813 (infelix
744 2740 886 2795 enim
908 2750 964 2795 et
984 2740 1179 2795 misera
1208 2747 1313 2805 est,
1339 2755 1458 2810 qua:
1484 2739 1626 2808 quod
1655 2755 1686 2794 a
1717 2740 1825 2795 Deo
1865 2738 2075 2795 donan-

495 2832 623 2886 dum
665 2839 815 2895 erat,
861 2842 956 2883 sua
1003 2843 1063 2883 se
1106 2827 1334 2883 credidit
1371 2828 1629 2897 sapientia
1675 2829 2070 2901 praestitutam)

498 2923 735 2993 prasbitis
764 2920 1168 2976 medicamentis
1193 2927 1247 2974 et
1271 2920 1510 2990 reginam
1538 2921 1845 2985 interemit,
1873 2931 1928 2977 et
1958 2922 2073 2993 ipsa

492 3013 651 3067 simul
676 3010 900 3065 interiit.
931 3009 1079 3064 Alius
1106 3020 1284 3064 autem
1327 3019 1513 3080 postea
1564 3010 1866 3079 pharmacis
1906 3026 2072 3066 vene-

445 3152 449 3155 .
492 3104 633 3159 natis
651 3102 895 3158 sublatus
918 3110 1036 3167 est;
1061 3102 1416 3172 poculumque
1446 3101 1545 3171 ipsi
1576 3101 1676 3155 fuit
1706 3116 1815 3157 non
1833 3103 1941 3172 jam
1970 3119 2070 3173 po-

491 3203 598 3257 tus.
628 3192 725 3249 sed
755 3206 902 3247 mors
930 3209 946 3247 :
973 3202 1029 3247 et
1059 3193 1224 3262 ipsius
1261 3193 1421 3247 etiam
1464 3193 1575 3248 lilio
1615 3193 1805 3249 oculus
1845 3193 2072 3251 ell‘ossus

486 3292 603 3351 est,
653 3293 801 3340 metu
842 3283 1117 3353 sequentis
1171 3284 1430 3353 temporis
1455 3323 1471 3349 ,
1532 3283 1691 3353 plane
1739 3285 2064 3343 immerenti.

489 3376 641 3430 Alius
668 3390 799 3431 vero
827 3388 926 3430 nec
950 3388 1110 3444 quam
1141 3373 1213 3428 ob
1240 3388 1457 3429 causam
1475 3414 1490 3439 ,
1522 3389 1623 3430 nec
1649 3389 1809 3444 quam
1837 3376 2062 3431 misera-

486 3467 668 3524 biliter
690 3481 723 3522 e
751 3468 858 3522 vita
886 3466 1182 3523 excesserit
1212 3506 1229 3530 ,
1280 3480 1554 3535 exponere
1603 3466 1734 3521 satis
1783 3467 2066 3524 honestum

483 3570 587 3617 est.
614 3561 816 3618 Eorum
843 3575 973 3617 vero
1004 3561 1094 3632 qui
1122 3568 1515 3624 successerunt,
1544 3559 1682 3615 alter
1705 3560 1940 3630 quidem,
1973 3577 2067 3632 pe-

484 3655 639 3709 rinde
679 3663 841 3724 atque
889 3652 1133 3707 infirmus
1178 3651 1397 3722 quidam
1439 3660 1495 3707 et
1534 3666 1868 3709 aerumnosus
1902 3652 2065 3709 homo

481 3753 660 3811 esset,
700 3744 1012 3800 combustus
1054 3750 1139 3799 est
1181 3756 1304 3798 eum
1329 3742 1482 3811 equis
1510 3750 1565 3797 et
1590 3743 1863 3811 trabibus,
1903 3754 2065 3801 caete-

482 3841 668 3907 risque
698 3836 861 3891 rebus
889 3834 1176 3896 omnibus;
1207 3843 1263 3888 et
1290 3849 1514 3889 uxorem
1557 3833 1770 3889 viduam
1820 3835 2060 3905 reliquit.

481 3931 625 3997 Quas
646 3927 789 3982 enim
815 3925 1087 3981 molestias
1112 3923 1167 3978 in
1190 3923 1297 3977 vita
1318 3922 1585 3990 habuerit,
1619 3939 1686 3979 ne
1713 3924 1817 3980 dici
1844 3926 2058 3997 quidem

481 4028 677 4091 potest,
706 4032 837 4088 quas
864 4031 930 4072 ex
955 4031 1021 4073 eo
1048 4026 1308 4085 tempore,
1335 4032 1441 4086 quo
1461 4032 1612 4073 arma
1634 4021 1880 4089 sumpsit,
1907 4022 2058 4077 subi-

481 4129 542 4171 re
587 4120 809 4170 coaetus
833 4118 936 4166 est.
966 4110 1120 4165 Alter
1141 4124 1291 4175 vero,
1321 4109 1412 4180 qui
1451 4125 1593 4166 nunc
1609 4125 1789 4167 rerum
1835 4115 2055 4184 potitur,

540 4267 614 4333 (tt)
635 4273 731 4333 Hoc
749 4265 858 4315 loco
879 4262 1247 4333 Chrysostomus
1267 4264 1429 4333 cades
1450 4271 1504 4315 et
1538 4272 1732 4330 strages
1768 4270 1816 4318 in
1837 4268 2055 4333 Impera-

478 4331 599 4380 toria
612 4329 720 4379 aula
744 4333 796 4391 et
816 4339 901 4391 sua
925 4334 977 4376 et
995 4332 1181 4391 patrum
1204 4329 1436 4377 memoria
1461 4329 1681 4390 peractas
1702 4329 1951 4391 recenset,
1965 4336 2056 4385 sed

477 4400 531 4442 ut
554 4395 750 4441 rumore
773 4390 1039 4452 ferebatur,
1061 4390 1144 4451 qui
1167 4401 1332 4437 rumor
1352 4402 1487 4452 saepe
1518 4402 1553 4452 ξ
1569 4391 1643 4439 rei
1668 4394 1877 4442 veritate
1898 4390 2056 4447 delle-

477 4461 614 4503 ηωε
636 4452 784 4519 δοιαὶ
810 4451 985 4519 Tacitis
1029 4462 1173 4512 porro
1218 4451 1509 4519 nominibus,
1533 4451 1883 4519 Imperatorttm
1912 4465 2052 4519 gesta

474 4522 725 4563 memorat.
751 4512 842 4571 Qui
863 4517 1046 4574 primus
1065 4520 1230 4574 autem
1256 4512 1474 4571 affertur,
1495 4512 1700 4562 uxorem
1725 4525 1776 4565 et
1794 4512 1942 4566 lilium
1964 4534 2054 4571 ne-

477 4574 521 4643 ci
545 4576 751 4643 u-adidit,
777 4574 821 4623 is
843 4572 922 4624 est
942 4572 1067 4643 haud
1098 4573 1249 4643 dubie
1271 4574 1613 4643 Constantinus
1634 4575 1865 4643 Magnus,
1886 4583 1970 4643 qui
1993 4582 2050 4632 ﬁ.

474 4634 591 4704 lium
620 4636 857 4704 Crispum,
873 4642 929 4704 _et
950 4640 1118 4695 postea
1151 4635 1390 4704 lfaustam.
1412 4648 1616 4704 ultorem
1653 4634 1871 4704 interfici;
1886 4634 2046 4704 j'ussit.

476 4695 617 4746 Feris
641 4695 966 4760 illst—npudam
985 4697 1275 4760 exposuisse
1298 4697 1416 4760 dicit
1439 4696 1822 4760 Cltrysostomus.
1843 4695 1943 4753 sed
1966 4704 2047 4757 alii

472 4760 735 4820 scriptores
755 4755 884 4820 illam
908 4757 956 4805 in
980 4754 1279 4820 ferventiore
1300 4756 1476 4820 balneo
1496 4754 1743 4818 inclusam,
1764 4763 1898 4820 jussu
1922 4754 2047 4818 Con;

471 4815 668 4870 stantini
684 4815 966 4883 ~su_ll'ocatatu
981 4818 1128 4883 fuisse
1142 4827 1361 4883 narrant.
1380 4818 1500 4868 Rem
1513 4822 1580 4869 uti
1602 4815 1741 4883 gesta
1764 4815 1854 4875 fuit
1879 4815 2047 4883 videre

472 4886 551 4929 est
571 4881 696 4947 apud
735 4879 1008 4947 Scriptores
1028 4879 1290 4947 plurimos,
1311 4884 1583 4947 accuratius
1604 4879 1724 4934 vero
1744 4887 1868 4947 apud
1904 4879 2048 4942 'n'lle;

469 4940 721 5005 montium.
744 4940 1014 5003 Sequentia
1034 4952 1257 5005 nec_c_um
1274 4941 1473 4992 historia
1493 4957 1626 5004 vera,
1653 4948 1747 4995 imo
1764 4940 1856 4999 nec
1878 4940 2045 5005 secum

468 5006 571 5064 ipsa
593 5000 862 5076 consistere
884 5006 1101 5076 possunt:
1129 5000 1183 5073 id
1204 5017 1340 5076 vero
1381 5000 1746 5076 narrare__velle
1767 5000 2045 5076 Chrysosto:

469 5063 578 5129 mus
602 5065 824 5123 videtur;
844 5063 1023 5129 nempe
1047 5063 1219 5129 Δ(ὶι-ἰςψί
1253 5063 1691 5129 [ηιςθιηιεοὶιίοει
1713 5063 2054 5129 Constantium.

468 5126 761 5195 Anu-gmw,
782 5122 932 5195 Patris
1043 5122 1243 5195 fratrem
1261 5125 1445 5195 Julium
1465 5122 1795 5195 Constantium
1814 5171 1829 5195 ,
1851 5122 2043 5189 etii-lio;

467 5186 577 5250 ejus
905 5194 958 5238 et
978 5186 1339 5251 Annibalianum
1379 5189 1583 5240 interfici
1605 5186 1944 5247 curavisseJli
1969 5186 2044 5251 et;

467 5248 599 5324 si“!!!
620 5263 649 5300 ³
669 5249 1070 5324 ηιίίὶυδυξοςερίεξ
1094 5248 1379 5324 meracam
1401 5254 1714 5324 (ξυοτωρίέίιτη
1737 5248 2038 5324 tamadd.

462 5313 731 5378 instigante
752 5310 1031 5378 (locstantio
1040 5310 1273 5371 Augusto,
1292 5310 1769 5378 Constantinigllagni
1799 5310 1913 5368 lilio'.
1940 5310 2040 5372 Ad:

460 5374 533 5444 dit
555 5372 723 5444 postea
753 5372 955 5444 fratrem
988 5374 1107 5444 ejus.
1123 5387 1152 5421 a
1174 5380 1374 5444 tyranno
1393 5372 1797 5444 comprehcn§um
1821 5383 2039 5444 s'eipsuin

462 5430 788 5484 interfazisse.
813 5430 1051 5499 Nimirum
1074 5430 1308 5499 constans
1348 5430 1598 5499 Augustus
1617 5472 1632 5497 ,
1657 5430 1921 5494 Constantii
1934 5430 2039 5496 iis:

459 5506 558 5566 ter,
582 5508 610 5545 a
633 5502 835 5566 tyranno
872 5495 1169 5566 Magnentio,
1193 5498 1283 5566 qui
1301 5495 1925 5566 imperium‘u’surpaverat,
1953 5495 2035 5558 vel

460 5559 621 5618 potius
650 5556 679 5608 ὀ
709 5556 879 5620 legato
892 5558 1043 5619 ipsius
1073 5556 1455 5620 comprehensus
1475 5562 1664 5613 occisus
1691 5556 1780 5612 fuit
1804 5579 1819 5608 :
1843 5556 1939 5616 uno
1954 5556 2038 5619 au;

460 5624 564 5687 tein
602 5618 811 5687 excepto
824 5618 1195 5687 Qhfysostomo,
1217 5620 1379 5670 nullus
1400 5622 1516 5687 dicit
1539 5623 1694 5687 ipsum
1716 5638 1930 5687 seipsum
1957 5618 2029 5680 iu-

460 5678 747 5743 terfecisse:
777 5678 968 5743 Adjicit,
1004 5678 1383 5743 ipsumilnenipe
1420 5678 1746 5735 Oitistantiutn
1780 5678 2029 5742 sobrinum
2131 5678 2421 5739 Christianis
2443 5678 2472 5738 ὲ

457 5753 598 5805 «tuta
615 5741 867 5805 occidisse.
895 5741 943 5791 Is
965 5753 1071 5793 erat
1094 5741 1275 5800 Gallus,
1287 5741 1371 5805 qui
1392 5757 1420 5793 a
1444 5745 1718 5800 Constantio
1732 5741 2035 5805 consorle

464 5802 585 5866 perii
608 5802 778 5865 factus,
800 5804 907 5868 ejus
921 5818 1060 5867 iussu
1074 5818 1199 5856 anno
1222 5802 1320 5857 545
1334 5807 1520 5860 occisus
1539 5816 1632 5861 est.

1243 336 1302 394 8.
1339 335 1617 397 JOANNIS
1649 335 2131 397 CHRYSOSTOMI
2168 337 2485 403 ARCﬂlEP.
2511 347 3092 437 CONSTAN‘HNOP.‘\

2210 466 2389 543 nonne
2418 473 2482 513 es
2521 475 2627 531 quo
2649 464 2891 521 diadema
2924 480 3125 540 gestat,
3158 484 3413 543 perpetuo
3453 489 3700 535 Versat-3
3732 484 3782 537 in

2211 541 2503 635 laboribus,
2527 550 2580 604 in
2606 554 2877 622 periculis,
2906 560 2958 612 in
2988 541 3280 630 molestiis,
3323 567 3377 621 in
3424 571 3779 635 nmeroribus.

2210 632 2263 687 in
2291 635 2728 728 calamitatibus,
2760 644 2813 700 in
2840 648 3050 704 insidiis
3076 651 3287 724 (tum
3328 672 3434 712 non
3480 632 3782 728 ιιιάυςωοάί

2208 725 2463 819 cxclorum
2493 745 2753 800 regnum;
2781 737 2874 792 sed
2916 753 3198 814 postquam
3235 744 3410 815 ipsum
3448 725 3780 819 obtinueris,

2209 827 2330 908 pax,
2358 816 2487 908 vita,
2516 822 2787 892 gaudium,
2820 827 3021 884 laetitia.
3054 831 3319 891 Ceterum
3350 840 3494 907 quod
3515 816 3779 908 dicebam,

2206 905 2351 961 nulla
2381 905 2468 964 hic
2492 911 2598 966 vita
2646 924 2729 968 est
2768 931 3127 976 aerumnarum
3174 905 3386 995 expers.
3431 929 3586 995 Quod
3629 931 3677 985 si
3728 905 3779 987 in

2203 996 2365 1053 rebus
2381 1001 2542 1055 etiam
2569 1004 2794 1072 publicis
2809 1010 3003 1079 regalis
3024 1012 3109 1067 illa
3126 1016 3381 1079 conditio.
3399 1034 3522 1088 quae
3541 1021 3777 1076 omnium

2203 1088 2514 1147 beatissima
2548 1096 2778 1165 videtur,
2810 1106 2888 1155 tot
2907 1104 3168 1159 redundat
3191 1107 3586 1166 calamitatibus
3614 1129 3629 1165 :
3652 1114 3778 1181 quid

2202 1190 2356 1273 putas
2384 1185 2436 1239 in
2465 1186 2685 1256 privatis
2723 1205 2787 1246 ac
2830 1192 3177 1251 domesticis?
3217 1198 3465 1255 Profecto
3504 1216 3639 1273 quot
3674 1208 3779 1263 alia

2199 1272 2338 1327 mala
2364 1276 2662 1345 exsistant,
2692 1295 2761 1335 ne
2794 1281 2899 1337 dici
2936 1285 3150 1355 quidem
3193 1299 3405 1357 potest:
3438 1272 3623 1347 multa:
3654 1294 3776 1351 hinc

2198 1378 2341 1433 smpe
2384 1366 2579 1422 fabula:
2619 1374 2929 1441 composita:
2958 1387 3115 1434 sunt:
3143 1394 3331 1434 omnes
3360 1380 3475 1453 fere
3505 1387 3775 1454 tragoediae

2196 1463 2251 1508 et
2274 1454 2486 1522 fabulze,
2509 1474 2628 1528 qua:
2647 1469 2876 1531 aguntur
2889 1463 2943 1518 in
2971 1479 3151 1532 scena,
3181 1484 3250 1524 ex
3277 1472 3492 1540 regibus
3508 1485 3774 1532 contexta

2195 1556 2339 1601 sunt.
2374 1548 2633 1619 Pleraque
2662 1554 2824 1619 enim,
2858 1570 2977 1625 qua:
3003 1558 3056 1611 in
3083 1558 3276 1615 fabulis
3298 1574 3768 1632 repraesentantur,

2193 1650 2258 1690 ex
2288 1639 2428 1693 veris
2454 1640 2616 1696 rebus
2641 1654 2889 1700 constant
2917 1664 2931 1700 :
2960 1647 3030 1702 ita
3059 1653 3202 1705 enim
3228 1660 3284 1707 et
3307 1654 3631 1725 voluptatem
3680 1658 3771 1712 ha-

2193 1726 2369 1783 bent:
2404 1730 2584 1800 qualia
2636 1732 2899 1805 Tbyestea
2945 1742 3189 1795 convivia
3235 1742 3351 1815 (b),
3394 1754 3452 1800 et
3502 1751 3770 1817 quomodo

2190 1822 2366 1877 omnis
2394 1822 2483 1878 illa
2512 1823 2707 1881 domus
2730 1828 3125 1887 calamitatibus
3142 1848 3334 1890 eversa
3354 1846 3458 1892 est.

2261 1913 2315 1971 6.
2506 1917 2621 1975 ltzec
2643 1921 2858 1991 quidem
2879 1938 2944 1978 ex
2971 1925 3304 1983 ethnicorum
3338 1931 3489 1987 libris
3515 1939 3769 2007 cognovi-

2189 2018 2329 2060 mus.
2365 2005 2559 2063 Verum
2598 2011 2643 2066 si
2689 2013 2883 2081 vultis,
2923 2012 3225 2086 Scripturas
3263 2022 3450 2092 etiam,
3480 2005 3606 2096 quas
3630 2030 3765 2086 idem

2187 2096 2450 2167 doceant,
2489 2103 2842 2172 proferemus.
2891 2108 3020 2164 Sail
3059 2112 3260 2180 primus
3282 2118 3527 2185 regnavit
3557 2136 3572 2173 :
3602 2124 3768 2178 nostis

2185 2199 2363 2245 autem
2384 2200 2440 2247 et
2465 2192 2607 2249 hunc
2626 2200 2898 2253 sexcentis
2922 2215 3168 2270 pressum
3190 2207 3445 2261 aerumnis
3474 2209 3763 2268 interiisse.

2187 2279 2313 2336 Post
2341 2282 2493 2339 illum
2523 2287 2709 2353 David,
2734 2290 3013 2361 Salomon,
3045 2296 3244 2364 Abias,
3274 2297 3561 2369 Ezechias,
3594 2304 3765 2360 Josias

2184 2371 2367 2430 itidem
2397 2376 2775 2453 multislmodis
2800 2386 2998 2439 vexati.
3020 2386 3130 2443 Nec
3166 2390 3387 2447 omnino
3430 2404 3609 2462 potest
3651 2397 3764 2453 lucc

2183 2464 2290 2520 vita
2319 2467 2436 2523 sine
2455 2469 2757 2538 laboribus,
2779 2477 2897 2531 sine
2937 2481 3254 2549 aegritudine
3277 2525 3294 2551 ,
3345 2485 3464 2542 sine
3506 2494 3763 2548 aerumnis

2181 2558 2325 2615 duci.
2357 2560 2465 2617 Sed
2487 2578 2584 2618 nos
2612 2566 2773 2622 etiam
2806 2570 3069 2628 molestiis
3095 2574 3362 2631 aflicimur
3381 2618 3396 2641 ,
3430 2594 3538 2635 non
3570 2580 3757 2638 iisdem

2181 2662 2247 2703 ex
2289 2650 2449 2707 rebus
2488 2667 2554 2708 ex
2588 2657 2780 2725 quibus
2820 2675 2974 2731 reges
2996 2700 3011 2726 ,
3036 2664 3129 2718 sed
3153 2665 3293 2721 unde
3314 2682 3567 2738 maguum
3600 2675 3757 2729 etiam

2180 2739 2356 2797 facere
2372 2757 2651 2813 possumus
2667 2759 2927 2819 quiestum
2953 2771 2968 2807 :
2997 2755 3127 2821 Qua:
3144 2759 3274 2812 enim
3294 2764 3571 2817 secundum
3592 2764 3755 2821 Dem

2179 2836 2386 2890 tristitia
2412 2848 2515 2903 est,
2549 2842 2889 2913 paenitentiam
2927 2845 2980 2900 in
3016 2849 3231 2904 salutem
3249 2854 3476 2909 stabilem
3517 2872 3757 2928 operatio:

2304 2927 2426 3022 flor.
2536 2930 2662 3002 l0).
2692 2932 2795 2987 Pro
2832 2934 2915 2990 his
2941 2939 3101 2993 rebus
3125 2944 3457 3001 moerendum
3487 2925 3571 3003 est
3593 2988 3609 3013 ,
3659 2968 3757 3022 pro

2176 3016 2260 3069 his
2286 3015 2573 3074 dolendum
2599 3061 2615 3085 ,
2648 3036 2746 3092 pro
2796 3024 2879 3079 his
2923 3029 3182 3098 mgritudo
3231 3037 3571 3106 suscipienda
3620 3015 3751 3099 :-ita

2175 3108 2435 3199 mmrebat
2461 3109 2680 3180 Paulus,
2705 3114 2775 3169 ita
2803 3114 3014 3187 lugebat
3037 3135 3134 3187 pro
3157 3123 3221 3178 iis
3243 3165 3260 3191 ,
3286 3127 3374 3195 qui
3415 3132 3710 3199 peccahant
3736 3149 3755 3187 :

2174 3196 2261 3252 Ea:
2286 3203 2447 3254 multa
2473 3204 2628 3267 enim,
2653 3205 2845 3276 inquit,
2876 3209 3200 3268 tribulatione
3223 3226 3272 3270 et
3311 3196 3548 3290 angustia
3585 3227 3756 3279 cordis

2171 3292 2351 3386 scripsi
2370 3294 2504 3386 vobis
2533 3314 2625 3366 per
2651 3300 2836 3354 multas
2865 3302 3117 3373 lacrymas
3150 3306 3243 3377 (2.
3280 3308 3399 3366 Cor.
3421 3311 3477 3366 2.
3500 3314 3536 3369 4
3552 3316 3595 3386 ).
3618 3317 3749 3375 Nam

2170 3382 2385 3473 quando
2419 3385 2551 3440 nihil
2588 3397 2704 3443 erat
2728 3429 2744 3453 ,
2775 3404 2871 3445 cur
2909 3407 3007 3462 pro
3041 3396 3156 3451 suis
3179 3398 3403 3469 lugeret,
3430 3418 3529 3473 pro
3552 3382 3748 3464 alienis

2172 3470 2274 3526 hoc
2299 3472 2559 3529 faciebat:
2588 3478 2670 3533 vel
2701 3481 2878 3551 potius
2898 3493 3155 3552 quantum
3184 3489 3254 3543 ad
3276 3470 3473 3548 luctum
3496 3494 3749 3555 haurien-

2168 3560 2296 3616 dum
2328 3566 2578 3632 pertinet,
2609 3572 2819 3639 propria
2844 3572 2928 3627 illa
2954 3573 3203 3633 ducebat.
3222 3580 3415 3636 Cmteri
3438 3584 3745 3647 incidebant

2169 3648 2221 3745 in
2248 3653 2580 3745 scandalum,
2614 3666 2669 3712 et
2691 3659 2801 3729 ipse
2832 3662 3082 3720 urebatur
3108 3684 3124 3721 :
3156 3670 3336 3725 cmteri
3377 3672 3740 3745 languebant,

2168 3742 2453 3814 languebat
2477 3756 2532 3801 et
2561 3747 2697 3819 ipse.
2725 3751 2870 3807 Bona
2896 3762 2978 3809 est
3007 3754 3122 3813 haec
3144 3761 3435 3830 aegritudo;
3468 3742 3585 3823 haec
3598 3742 3741 3828 omni

2166 3836 2438 3894 mundano
2458 3841 2654 3910 gaudio
2673 3844 2871 3914 potior.
2903 3846 3037 3903 Eum
3054 3852 3143 3920 qui
3169 3853 3239 3907 ita
3268 3854 3466 3927 lugeat,
3492 3865 3740 3921 omnibus

2164 3943 2265 3998 ego
2300 3928 2607 3988 hominibus
2638 3951 2891 4006 praipono
2923 3956 2937 3993 :
2964 3948 3123 4010 atque
3145 3944 3283 4002 adeo
3308 3947 3422 4018 ipse
3443 3952 3611 4008 etiam
3640 3955 3740 4010 Do-

2163 4021 2342 4077 minus
2379 4024 2477 4079 hos
2504 4026 2688 4083 beatos
2718 4030 3004 4099 praedicat,
3052 4033 3153 4090 hos
3179 4038 3271 4107 qui
3306 4040 3544 4098 alienum
3582 4045 3735 4103 dolo—

2160 4127 2274 4170 rem
2298 4126 2354 4171 ut
2381 4117 2481 4173 sibi
2503 4132 2839 4175 communem
2864 4121 3065 4192 lugent.
3088 4125 3203 4183 Non
3228 4144 3379 4200 :eq‘ue
3397 4148 3501 4203 ego
3517 4135 3735 4195 Paulum

2160 4209 2230 4263 ob
2256 4207 2489 4278 pericula
2511 4209 2652 4265 adita
2677 4211 2874 4279 miror;
2905 4212 3014 4271 imo
3042 4231 3147 4273 non
3174 4220 3351 4277 minus
3374 4225 3545 4281 miror
3562 4230 3734 4287 obilla

2159 4299 2274 4370 ipsa
2317 4301 2590 4370 pericula,
2632 4302 2685 4357 in
2724 4302 2917 4374 quibus
2960 4308 3203 4378 quotidie
3241 4319 3731 4388 commoriebatnr,

2158 4391 2254 4447 sed
2280 4393 2381 4448 hoc
2408 4408 2497 4450 me
2523 4395 2690 4466 magis
2712 4395 2912 4452 evehit.
2932 4398 3019 4454 Ab
3036 4402 3215 4458 anima
3235 4406 3377 4461 enim
3402 4406 3501 4464 Dei
3522 4423 3733 4470 amante

2145 4569 2175 4648 ᾗ
2205 4573 2290 4648 tu.)
2313 4572 2448 4648 0°09
2474 4572 2553 4623 hic
2574 4569 2788 4648 narravit
2807 4573 3183 4648 Clima-ms.
3197 4584 3355 4634 tacitis
3375 4597 3464 4647 pro
3484 4601 3627 4642 πιοη
3649 4607 3731 4644 no-

2150 4635 2383 4706 minibus,
2402 4635 2468 4685 de
2489 4649 2657 4706 uxore
2667 4636 2871 4706 Augusti
2892 4635 3157 4706 cujusdam,
3170 4635 3291 4706 ’φατε
3318 4635 3633 4703 sterilis—cium
3649 4635 3730 4705 2;.

2149 4704 2246 4757 εθιν
2265 4698 2531 4779 Pb”???
2544 4697 3326 4779 .³1¹.Ξ⁰ἑῖιί¹ὶί1ίὲ³ιίὶίξι9υιίη’θεῖάειηι
3349 4722 3435 4779 usa.
3462 4697 3727 4779 isti};

2150 4774 2250 4832 qye
2423 4759 2504 4832 illa
2544 4761 2742 4832 pariter.
2762 4773 2877 4832 suae
2900 4762 3149 4832 manu»;
3169 4767 3392 4832 dederat,
3418 4759 3727 4829 inte'éi'it'ﬁe

2148 4824 2245 4898 alio
2267 4822 2668 4898 itetnmaugusto,
2692 4823 2775 4898 qui
2798 4822 3359 4898 venenatispharmacis
3376 4822 3602 4886 sublatum

2151 4893 2203 4933 et
2223 4887 2362 4949 cujus
2382 4884 2478 4958 ﬁlio
2495 4882 2670 4958 oculus
2693 4882 2898 4933 ell‘ossus
2918 4886 3033 4961 fuit;
3057 4882 3222 4951 deque
3243 4891 3355 4951 alio,
3391 4882 3474 4958 qui
3494 4882 3503 4883 ί
3520 4882 3726 4951 ubisit;

2151 4948 2290 5016 modo
2319 4954 2465 5016 periit
2491 4961 2504 4996 :
2528 4945 2625 5016 illa,
2649 4959 2863 5016 inquam,
2884 4950 3122 5016 omniaad
3157 4965 3281 5016 quos
3301 4959 3582 5016 pertineant
3606 4976 3723 5011 ιη.-

2491 4984 2503 4996 ο
2529 4981 2625 5005 ...α’
2649 4981 2863 5005 uulua-au,
2884 4981 3041 4998 val-Illa
3063 4981 3122 4999 συ
3157 4981 3281 5005 “HW
3303 4981 3582 5005 Wl‘llllwu
3607 4981 3723 5005 [ΙΙΙ-

2147 5008 2469 5084 dum
2492 5011 2639 5084 potui.
2656 5008 2794 5066 Quod
2809 5021 2925 5084 vero
2935 5012 3129 5084 subjicit
3144 5008 3209 5084 d'e
3229 5008 3325 5063 alio
3345 5020 3551 5084 quicum

2150 5072 2364 5137 trabibus
2385 5072 2928 5137 ueterisquegomnibus
2939 5072 3220 5124 combustus
3241 5084 3319 5126 est
3336 5112 3351 5136 ,
3364 5072 3432 5127 'ad
3464 5072 3721 5137 Valen'teui

2149 5132 2416 5203 Augustum
2439 5132 2644 5195 spectat.
2659 5134 2898 5203 Quicum,
2919 5136 2966 5183 in
2990 5150 3151 5203 mgna
3170 5132 3717 5203 lladria'nopolttauavi:

2147 5194 2271 5266 ειιιιέε
2298 5197 2347 5245 in
2368 5194 2561 5266 σουίιιιξι
2591 5194 2848 5266 quamdam
2872 5209 2942 5266 se
2974 5194 3549 5266 lietzépisset._wm'ipsa_
3576 5194 3720 5257 deuito

2147 5256 2193 5332 in
2229 5256 2426 5331 cineres
2462 5256 2688 5332 redactus
2720 5263 2817 5332 est:
2852 5259 3003 5332 Quod
3034 5256 3148 5332 dicit
3183 5256 3377 5312 tandem
3420 5256 3483 5332 de
3520 5264 3603 5316 illo
3635 5256 3716 5332 qui

2146 5325 2261 5390 tunc
2291 5318 2570 5390 imperabat;
2592 5318 2612 5379 (
2637 5320 2680 5390 is
2705 5324 2819 5390 erat
2841 5320 3116 5390 Arcadius),
3143 5336 3316 5373 verum
3349 5329 3551 5377 mnino
3586 5318 3716 5380 eoin;

2144 5378 2371 5443 moliatur
2393 5393 2460 5430 ex
2703 5378 2832 5429 illius
2850 5383 2960 5432 aevi.
3077 5378 3114 5384 "
3333 5416 3343 5425 .

2206 5442 2278 5512 (b)_
2313 5443 2450 5512 Apud
2482 5450 2652 5512 poetas
2684 5449 2736 5491 et
2767 5443 3068 5512 mythologos
3092 5444 3378 5512 celebratur
3400 5448 3709 5512 _Thyestetnu

2140 5504 2432 5555 convivium.
2449 5504 2684 5567 Thyestes
2703 5504 2837 5553 enim
2859 5504 3058 5567 Pelopis
3088 5504 3227 5565 ﬁlius.
3253 5522 3363 5558 cum
3383 5504 3521 5560 Atrei
3553 5513 3711 5565 ll-atria

2137 5579 2298 5637 uxore
2320 5566 2577 5637 concubuit
2602 5566 2822 5637 :_At_t'_ett_s
2844 5579 2963 5617 vero
2983 5566 3160 5637 proprii
3184 5570 3275 5637 lilii
3290 5584 3470 5637 ames
3488 5573 3708 5637 Thyesta:

2134 5628 2188 5692 in
2223 5628 2391 5690 epulas
2421 5627 2879 5692 apposuit._S_imiles
2900 5627 3144 5692 epulas'et
3165 5635 3406 5692 owipeos
3436 5627 3707 5689 concubitu

2546 5690 2624 5759 iici
2658 5689 2777 5759 falso
2799 5689 3095 5759 objiciebant
3113 5727 3128 5751 ,
3148 5700 3201 5759 ut
3217 5689 3391 5759 videas
3411 5698 3539 5759 apud
3561 5696 3707 5750 δαεὶς

2136 5764 2250 5800 num
2275 5752 2563 5813 Martyrem,
2596 5752 2981 5817 Athenagoram,
3013 5755 3328 5818 'l'heOphilum
3349 5752 3704 5814 Amiceheuuln

2137 5823 2189 5862 et
2208 5813 2570 5862 'rertullianum.

2137 5823 2189 5866 et
2208 5822 2570 5866 'rcrtultianum.
