3898 6514
165 457 255 514 295

168 572 243 642 μεῐ
258 565 347 635 τὴν
375 559 636 632 κεφαλὴν,
665 558 742 624 ώς
768 558 868 634 τῂν
891 557 1068 630 ψυχὴν
1088 559 1122 629 ή
1152 558 1375 629 φροντίς
1398 576 1413 590 ⁸
1448 557 1583 629 μηδέ
1620 558 1702 619 εἰς

162 662 215 716 τὸ
256 656 355 711 τῶν
385 654 701 724 δορυφόρων
753 651 960 720 πλῆθος
992 651 1145 725 ῖδῃς,
1200 646 1452 713 ἀλλ”εἰς
1486 649 1549 701 τὸ
1594 647 1706 701 τῶν

164 748 379 821 ἀθυμιῶν
411 745 615 817 πλῆθος
644 762 659 775 ⁸
705 745 827 798 οὐδὲ
854 745 963 816 7&9
1003 745 1152 798 ἐστιν
1203 743 1477 815 ἰδιωτικὴν
1526 742 1706 796 οἰκίαν

162 843 317 914 εὑρεῖν
341 837 608 892 τοσούτων
636 834 916 906 γέμουσαν
947 833 1265 904 φροντίδων,
1296 834 1435 887 ὅσων
1459 832 1528 885 τά
1561 831 1705 902 βασί-

161 937 279 989 λεια.
306 928 531 983 Θάνατοι
574 928 695 981 καθ’
740 927 978 997 ἑκάστην
1015 926 1231 997 ἡμέραν
1262 922 1702 994 προσδοκώμενον.

162 1025 274 1096 παρ’
314 1020 492 1082 αὐτοῖς
521 1016 750 1081 τούτοις,
800 1017 895 1071 καὶ
922 1016 1028 1088 πρὸ
1051 1016 1151 1086 τῆς
1177 1015 1454 1086 τραπέζης
1472 1013 1536 1068 τὸ
1563 1009 1705 1084 αἷμα

158 1117 346 1187 δρᾶται,
385 1110 480 1164 καὶ
512 1108 618 1180 πρὸ
656 1107 750 1160 τοῦ
795 1106 984 1162 ποτοῦ.
1048 1106 1137 1160 Ἐν
1162 1106 1221 1161 δὲ
1258 1108 1377 1169 ταῖς
1407 1104 1559 1172 νυξὶν
1582 1104 1704 1159 οὐδὲ

159 1206 310 1261 εἰπεῖν
354 1201 500 1254 ἐστιν
550 1198 742 1263 όσάκις
785 1197 1036 1252 ἆλλονται
1081 1196 1175 1251 καὶ
1222 1196 1540 1267 ἀναπηδῶσι
1578 1212 1705 1264 φαν-

155 1293 489 1363 τασιούμενοι.
518 1291 627 1344 Καὶ
650 1290 820 1343 ταῦτα
844 1288 909 1360 δὴ
938 1291 995 1342 ἐν
1036 1288 1261 1361 εἰρήνῃ⁸
1309 1288 1358 1341 εἰ
1381 1286 1440 1341 δὲ
1466 1286 1703 1356 πόλεμος

158 1383 461 1445 καταλάϐοι,
510 1382 591 1435 ἔτι
627 1380 698 1435 τὰ
747 1379 857 1433 τῶν
901 1379 1197 1451 φροντίδων
1234 1379 1583 1433 ἐπιτείνεται.
1636 1378 1702 1431 Τί

155 1482 311 1536 τοίνυν
346 1474 440 1530 τοῦ
485 1475 601 1546 βίου
640 1474 826 1528 τούτου
852 1472 1211 1544 ἐλεεινότερον
1240 1472 1435 1540 γένοιτ’
1475 1472 1581 1537 ἀν;
1621 1470 1703 1524 Τά

156 1568 205 1621 δὶ
242 1564 382 1636 παρά
407 1564 516 1617 τῶν
557 1562 772 1617 οἰκείων
814 1563 955 1627 ὄσα;
1012 1562 1121 1615 τῶν
1173 1561 1494 1633 ἀρχομένων
1534 1560 1698 1630 λέγω.

163 1658 359 1728 Ἀμέλει
382 1656 476 1709 καὶ
502 1654 835 1724 συγγενικῶν
854 1654 1100 1726 αἰμάτων
1137 1654 1225 1708 ἀεὶ
1246 1655 1403 1724 γέμει
1430 1654 1489 1707 τὸ
1510 1654 1702 1723 ἔδαφος

155 1752 207 1806 τὸ
236 1749 522 1823 βασιλικόν.
546 1750 677 1813 Καὶ,
704 1749 754 1802 εἰ
785 1747 1063 1820 βούλεσθε,
1089 1746 1211 1800 τινὰ
1235 1748 1329 1802 καὶ
1349 1748 1699 1818 διηγήσομαι,

153 1845 237 1898 καὶ
263 1842 395 1911 τάχα
426 1838 798 1911 ἐπιγνώσεσθε
838 1840 921 1894 ὃτι
953 1838 1127 1903 οὕτως
1155 1838 1296 1909 ἔχει·
1332 1838 1568 1909 μάλιστα
1601 1838 1701 1909 μέν

154 1934 237 1987 καὶ
269 1932 334 1986 τά
369 1930 575 1985 παλαιά
606 1929 737 2001 ἐρῶ,
780 1929 918 2001 πλὴν
944 1929 1062 1984 ἀλλ’
1099 1930 1248 1998 ὅμως
1286 1928 1365 1982 ἔτι
1403 1931 1468 2000 τῇ
1515 1929 1702 1999 μνήμῃ

151 2022 529 2095 φυλαττόμενα,
565 2021 660 2077 ἀτε
704 2022 798 2076 καὶ
842 2022 935 2075 ἐπὶ
966 2020 1075 2075 τῶν
1112 2021 1321 2092 χρόνων
1370 2018 1518 2093 [518]
1552 2020 1705 2088 γενό-

156 2132 277 2186 μενα
327 2114 433 2167 τῶν
475 2113 781 2185 ἡμετέρων.
826 2114 884 2167 '0
930 2111 1101 2179 δεῖνα,
1150 2111 1306 2182 φησί,
1340 2110 1440 2182 τὴν
1471 2113 1704 2179 γυναῖκα

152 2206 479 2269 ὑποπτεύσας
525 2206 618 2260 ἐπὶ
649 2204 881 2277 μοιχείᾳ,
918 2203 1135 2276 γυμνὴν
1161 2202 1496 2275 προσέδησεν
1527 2202 1702 2274 ῦρεσι,

152 2301 235 2353 καὶ
262 2297 464 2368 Θηρίοις
506 2296 790 2363 ἐξέδωκεν,
826 2296 927 2368 ήδη
961 2295 1173 2367 μητέρα
1209 2295 1508 2365 γενομένην
1555 2295 1706 2365 αὑτῷ

152 2388 399 2459 βασιλέων
426 2387 661 2442 πολλῶν.
705 2387 838 2441 Οἴαν
859 2386 1036 2440 οἴεσθε
1058 2385 1204 2458 ζωὴν
1234 2385 1334 2457 ζῇν
1358 2387 1564 2439 ἐκεῖνον
1589 2401 1605 2452 ;
1643 2384 1704 2439 ού

151 2482 248 2552 7&9
290 2480 386 2545 ἂν,
438 2480 490 2533 εἰ
544 2480 619 2551 μὴ
673 2479 875 2550 σφόδρα
926 2478 1204 2549 κατετάκη
1254 2476 1333 2548 τῷ
1378 2477 1574 2539 πάθει,
1624 2477 1707 2540 εἰς

150 2572 399 2643 τοσαύτην
419 2572 583 2644 ἐξέϐη
602 2571 893 2643 τιμωρίαν.
934 2571 995 2625 'U
1017 2572 1179 2635 αὐτὸς
1200 2571 1265 2643 δὴ
1291 2566 1442 2635 οὗτος
1473 2570 1565 2624 τὸν
1593 2569 1708 2623 υἱὸν

149 2662 412 2734 ἀπέσφαξε
457 2664 551 2717 τὸν
593 2662 758 2718 αὑτοῦ
782 2678 797 2692 ⁸
832 2662 1033 2734 μᾶλλον
1076 2662 1135 2716 δὲ
1184 2664 1213 2717 0
1245 2661 1436 2716 τούτου
1481 2659 1707 2728 ἀδελφὸς

150 2757 325 2812 ἑαυτὸν
362 2758 507 2828 μετά
540 2756 649 2809 τῶν
696 2755 901 2809 παίδων
926 2753 1111 2809 αὑτοῦ.
1160 2752 1472 2822 Λέγεταιδέ
1501 2751 1707 2805 καὶτὸν

148 2850 358 2919 ἀδελφὸν
373 2844 531 2909 οὗτος
550 2848 881 2920 ἀνῃρηκέναι
902 2846 993 2901 τὸν
1005 2844 1192 2899 αὑτοῦ.
1212 2846 1322 2900 Καὶ
1340 2846 1369 2898 0
1397 2845 1495 2915 μὲν
1517 2844 1707 2899 ἐαυτὸν

148 2941 362 3001 ἀνεῖλεν,
382 2939 491 2991 ὑπὸ
516 2939 778 3009 τυράννου
805 2936 1191 3006 καταληφθεὶς,
1219 2938 1249 2990 ό
1277 2935 1336 2989 δὲ
1373 2936 1463 2989 τὸν
1487 2934 1708 3003 ἀνεψιὸν

145 3030 227 3084 τὸν
246 3028 403 3083 αὑτοῦ
425 3026 789 3081 κοινωνοῦντα
814 3025 914 3097 τῆς
949 3024 1224 3097 βασιλείας
1245 3024 1417 3095 αὐτῷ,
1447 3026 1515 3096 ἢν
1546 3023 1709 3087 αὐτὸς

148 3121 480 3193 ἐνεχείρισεν.
535 3119 725 3184 Ἄλλος
761 3119 860 3190 τὴν
906 3120 1141 3188 γυναῖκα
1180 3112 1322 3171 εἶδεν
1348 3117 1455 3171 ὑπὸ
1486 3116 1707 3170 πεσσῶν

144 3213 519 3284 διαφθαρεῖσαν
542 3228 558 3245 ⁸
589 3211 664 3276 ὡς
685 3211 793 3282 7&9
812 3211 913 3265 οὐκ
936 3210 1135 3276 ἔτικτε,
1164 3210 1298 3282 γυνή
1324 3225 1409 3273 τις
1428 3208 1588 3265 ἀθλία
1615 3210 1708 3263 καὶ

144 3306 473 3377 ταλαίπωρος
522 3303 704 3375 (ἀθλία
732 3306 840 3375 7&9
880 3304 973 3358 καὶ
1019 3303 1387 3375 ταλαίπωρος,
1434 3304 1470 3374 ἢ
1520 3302 1583 3357 τὸ
1612 3302 1707 3356 τοῦ

142 3397 267 3451 θεοῦ
322 3397 500 3470 δῶρον
569 3398 763 3469 ἧλπισε
806 3395 875 3450 δι’
919 3396 1124 3459 οἰκείας
1168 3396 1426 3467 παρέξειν
1473 3393 1707 3465 σοφίας),

145 3491 363 3554 πεσσοὺς
392 3489 586 3553 δοῦσα,
628 3488 899 3560 διέφθειρε
938 3488 1040 3561 τὴν
1094 3487 1357 3558 βασιλίδα,
1408 3489 1503 3542 καὶ
1533 3485 1709 3539 συνδι-

141 3580 339 3651 εφθάρη
365 3580 459 3633 καὶ
484 3579 645 3650 αύτή.
667 3579 793 3632 Ἕτε
803 3592 891 3649 ρος
907 3578 1066 3632 πάλιν
1094 3578 1232 3650 μετά
1250 3578 1405 3632 τοῦτο
1427 3578 1533 3632 ὑπὸ
1551 3577 1711 3650 δηλη-

142 3674 331 3742 τηρίων
361 3672 608 3743 ἀνῄρητο
640 3672 966 3743 φαρμάκων,
995 3673 1087 3725 καὶ
1102 3672 1163 3726 τὸ
1191 3674 1448 3743 ποτήριον
1471 3667 1540 3743 ἦν
1559 3671 1709 3741 αὐτῷ

142 3764 312 3819 λοιπὸν
339 3765 533 3819 οὐκέτι
561 3765 736 3834 πόμα,
770 3763 905 3817 ἀλλά
946 3762 1173 3827 θάνατος
1192 3780 1207 3795 ⁸
1243 3764 1337 3817 καὶ
1363 3764 1392 3816 0
1423 3762 1538 3825 υίὸς
1561 3760 1708 3831 αύτῷ

141 3856 223 3908 τὸν
243 3856 528 3929 ὀφθαλμὸν
546 3855 877 3928 ὲξωρύττετο
899 3854 1050 3926 φόϐῳ
1071 3854 1181 3908 τῶν
1205 3854 1529 3925 μελλόντων,
1553 3853 1709 3907 οὐδὲν

141 3949 427 4020 ἠδικηκώς.
487 3949 703 4015 Ἄλλος,
752 3948 876 4002 οὐδὲ
937 3948 1109 4001 εἰπεῖν
1161 3946 1345 4012 καλὸν,
1390 3946 1539 4008 ὃπως
1580 3962 1709 3999 κατ-

142 4040 289 4095 έλυσε
330 4042 427 4095 τδν
458 4040 577 4112 βίον
616 4039 881 4103 ἐλεεινῶς.
918 4039 1039 4092 Τῶν
1063 4037 1121 4092 δὲ
1149 4037 1286 4109 μετά
1302 4037 1525 4101 τούτους
1554 4038 1582 4091 ό
1609 4035 1709 4107 μὲν

140 4132 394 4204 κατεκάη,
434 4132 694 4203 καθάπερ
716 4147 801 4194 τις
842 4128 1022 4194 ἄθλιος
1047 4128 1142 4183 καὶ
1165 4128 1531 4199 ταλαίπωρος,
1568 4126 1708 4198 μετὰ

142 4220 311 4275 ἵππων
359 4222 456 4275 καὶ
511 4220 684 4274 δοκῶν
737 4220 833 4274 καὶ
867 4218 977 4272 τῶν
1006 4217 1183 4273 ἄλλων
1225 4217 1499 4281 ἁπάντων,
1525 4218 1621 4271 καὶ
1649 4217 1709 4271 τὸ

141 4312 349 4381 γύναιον
386 4315 447 4369 ὲν
492 4313 713 4385 χηρείᾳ.
763 4312 874 4375 Τὰς
904 4311 1014 4381 7&9
1056 4313 1113 4365 ἐν
1138 4309 1217 4381 τῷ
1247 4310 1348 4381 ζῇν
1383 4309 1559 4373 λύπας
1588 4309 1709 4363 οὐδὲ

138 4410 302 4461 εἰπεῖν
326 4407 430 4473 ενι,
455 4407 549 4471 ἀς,
576 4409 666 4461 ὅτε
691 4397 844 4469 οὗτος
870 4405 1164 4476 ἐπανέστη,
1184 4403 1521 4475 ἠναγκάζετο
1540 4402 1705 4473 ἔχειν.

139 4493 295 4562 θύτος
328 4498 387 4552 δὲ
411 4499 441 4552 0
487 4496 587 4552 νῦν
608 4495 825 4569 κρατῶν
856 4495 977 4566 ούχὶ
1006 4494 1065 4559 ἐξ
1097 4490 1157 4549 οὗ
1187 4494 1246 4549 τὸ
1273 4494 1510 4565 διάδημα
1546 4512 1707 4566 περι-

137 4590 299 4655 έθετο,
320 4591 379 4645 ἐν
406 4590 616 4656 πόνοις,
635 4591 693 4643 ἐν
714 4588 993 4654 κινδύνοις,
1018 4588 1075 4641 ἐν
1101 4587 1316 4654 λύπαις,
1347 4588 1406 4641 ἐν
1428 4586 1706 4657 ἀθυμίαις,

136 4680 191 4733 ἐν
214 4684 550 4753 συμφοραῖς,
596 4682 655 4733 ἐν
698 4678 1051 4742 ἑπιϐουλαίςς
1094 4676 1233 4731 Ἀλλ’
1275 4678 1373 4747 ούχ
1404 4678 1437 4747 ἠ
1464 4675 1710 4747 βασιλεία

132 4777 350 4846 τοιαύτη
366 4776 483 4830 τῶν
506 4773 753 4845 οὐρανῶν
775 4791 789 4804 ⁸
811 4772 947 4825 ἀλλά
969 4771 1106 4843 μετά
1123 4770 1193 4838 ,τὸ
1212 4770 1396 4824 λαϐεῖν
1413 4770 1603 4841 αὐτὴν,
1627 4768 1709 4821 εί-

134 4868 287 4940 ρηνη,
310 4868 452 4939 ζωὴ,
477 4869 649 4938 χαρὰ,
671 4864 999 4936 εὐφροσύνη.
1031 4862 1194 4927 Ἀλλ’,
1220 4863 1355 4933 ὅπερ
1374 4862 1582 4931 ελεγον,
1609 4862 1710 4915 οὐκ

133 4960 208 5013 ἐνι
242 4960 357 5030 βίος
380 4946 867 5029 ἀταλαιπιῦρητος.
903 4956 965 5009 Εἰ.
1001 4954 1058 5009 δὲ
1083 4956 1142 5009 ἐν
1163 4955 1273 5018 τοῖς
1315 4952 1588 5024 βιωτικοῖς
1616 4953 1711 5006 καί

132 5051 159 5104 ό
198 5052 435 5123 μάλιστα
490 5049 927 5122 μακαριώτερος,
960 5049 988 5102 ό
1027 5048 1084 5102 ἐν
1134 5045 1403 5118 βασιλείᾳ,
1441 5044 1710 5099 τοσούτων

130 5144 284 5215 γέμει
305 5144 636 5215 συμφορῶν,
665 5142 717 5195 τί
742 5144 844 5195 οῖει
870 5142 928 5195 ἐν
948 5142 1061 5203 τοῖς
1093 5139 1410 5204 ἰδιωτικοῖςς
1442 5137 1552 5192 Καὶ
1569 5137 1712 5191 πόσα

133 5235 292 5305 ἐτερα
334 5237 515 5300 κακά,
574 5234 698 5290 ούδέ
750 5234 925 5287 εἰπεῖν
971 5231 1109 5286 εστι.
1139 5231 1305 5286 Πόσοι
1334 5228 1593 5293 πολλάκις
1616 5229 1711 5283 καὶ

132 5325 289 5396 μῦθοι
332 5328 447 5383 ἀπὸ
480 5324 691 5379 τούτων
717 5322 1086 5392 ἐπλάσθησαν,
1121 5322 1294 5375 πᾶσαι
1323 5320 1507 5392 σχεδὸν
1536 5322 1593 5375 αἰ
1618 5320 1713 5374 ἐπὶ

133 5415 278 5489 [319]
334 5418 440 5487 τῆς
490 5416 699 5487 σκηνῆς
742 5413 1039 5487 τραγῳδίαι
1106 5412 1216 5466 ἀπὸ
1286 5411 1394 5466 τῶν
1449 5410 1712 5482 βασιλέων

130 5508 471 5576 ύφαίνονται,
494 5508 595 5562 καὶ
616 5509 662 5561 οἰ
686 5505 869 5578 μῦθοι.
900 5506 981 5559 Τά
1004 5504 1113 5576 7&9
1144 5502 1366 5557 πλείονα
1394 5502 1502 5555 τῶν
1524 5503 1581 5558 ὲν
1601 5505 1713 5567 τοῖς

134 5598 315 5665 μύθοις
347 5599 464 5651 ἀπὸ
514 5598 625 5650 τῶν
686 5597 993 5668 γενομένων
1040 5596 1345 5649 πέπλασται
1368 5610 1385 5627 ⁸
1422 5594 1564 5650 οὕτω
1603 5596 1713 5666 7&9

129 5689 235 5759 ἔχει
280 5690 378 5744 καί⁵
432 5690 664 5761 ἡδονήνο
725 5684 858 5753 οἷον,
903 5688 973 5742 τὰ
1018 5689 1281 5743 Θυέστεια
1335 5688 1547 5752 δεῖπνα,
1620 5689 1713 5741 καὶ

128 5780 199 5841 ὼς
243 5784 401 5837 πάσα
442 5781 635 5852 ἐκείνη
664 5783 699 5852 η
731 5781 878 5835 οἰκία
918 5781 1009 5835 διὰ
1059 5780 1351 5852 συμφορῶν
1414 5778 1710 5854 κατέστρε-

126 5873 239 5940 ψεν.

982 444 1046 501 IN
1090 445 1304 503 EPIST.
1336 446 1427 502 AD
1466 441 1752 500 PIIILIPP.
1790 442 1946 500 CAP.
1970 444 2060 506 IV.
2088 445 2325 506 IIOMIL.
2366 449 2475 508 XV.

3270 452 3375 511 296

1882 563 1958 620 ς’.
2004 559 2166 615 Ἀλλά
2196 561 2367 615 ταῦτα
2400 563 2501 635 μὲν
2532 561 2640 616 ἀπὸ
2687 559 2795 617 τῶν
2836 561 2987 635 παρὰ
3027 564 3135 618 τῶν
3177 566 3375 632 ἔξωθεν

1805 650 2171 707 συντεθέντων
2197 654 2357 725 ίσμεν
2376 671 2392 686 ⁸
2416 656 2464 707 εἰ
2486 653 2541 708 δὲ
2565 654 2840 725 βούλεσθε,
2865 656 2959 709 καὶ
2979 657 3088 709 ἀπὸ
3108 657 3216 711 τῶν
3237 659 3378 730 Γρα-

1803 743 1922 812 φῶν
1964 744 2219 817 ἐροῦμεν.
2257 746 2319 799 '0
2367 746 2538 800 Σαοὺλ
2577 747 2794 818 πρῶτος
2856 748 3228 815 ἐϐασίλευσεν,
3265 752 3379 805 ἀλλ’

1806 836 1921 889 ῖστε
1962 836 2081 901 πῶς
2109 839 2201 890 καί
2233 830 2392 903 οὗτος
2420 837 2669 892 ἀπώλετο
2724 840 2935 911 μυρίων
2970 842 3251 913 πειραθεὶς
3287 862 3383 897 κα-

1803 927 1935 982 κῶν.
1965 929 2099 981 Μετ’
2129 930 2335 982 ἐκεῖνον
2382 932 2411 983 0
2468 931 2648 995 Δαυίδ,
2687 932 2716 984 0
2758 931 3032 1001 Σολομὼν,
3074 935 3103 987 0
3146 934 3321 997 ’Δϐιά,
3352 937 3381 987 0

1817 1017 2086 1084 Ἑζεκίας,
2113 1021 2143 1074 ό
2193 1021 2404 1086 Ἰωσίας
2457 1021 2679 1092 ὁμοίως.
2712 1023 2787 1076 Ού
2836 1022 2944 1093 7&9
2990 1022 3104 1075 ἔστι
3150 1023 3381 1092 θλίψεως

1803 1111 1996 1181 χωρὶς,
2053 1111 2155 1165 ούκ
2204 1111 2321 1165 ἔστι
2376 1112 2553 1166 πόνων
2587 1114 2773 1184 χωρὶς,
2822 1115 2923 1167 ούκ
2967 1115 3113 1168 ἔστιν
3142 1116 3379 1187 ἀθυμίας

1803 1202 1960 1265 ἐκτὸς
1992 1201 2086 1255 τὸν
2109 1202 2355 1273 παρόντα
2389 1202 2504 1273 βίον
2528 1203 2774 1258 διελθεῖν.
2808 1204 2947 1257 Ἀλλ’
2970 1206 3130 1276 ἡμεῖς
3157 1206 3380 1277 ἀθυμῶ-

1805 1309 1905 1362 μεν
1941 1293 2205 1365 μὴαὺπὲρ
2256 1293 2364 1349 τῶν
2416 1295 2695 1357 τοιούτων,
2731 1296 2874 1367 ὑπὲρ
2916 1290 2990 1350 ὧν
3022 1298 3071 1350 οἰ
3118 1297 3377 1367 βασιλεῖς,

1800 1384 1917 1438 ἀλλ’
1969 1385 2113 1457 ὑπὲρ
2163 1385 2442 1449 τοιούτων,
2482 1385 2621 1457 ὑπὲρ
2673 1379 2748 1441 ὧν
2800 1387 2892 1439 καὶ
2942 1387 3131 1459 κέρδος
3186 1387 3379 1457 ἔχομεν

1804 1477 1953 1547 μέγα
1972 1494 1987 1510 ⁸
2031 1478 2095 1534 Ἡ
2128 1478 2241 1548 γὰρ
2272 1480 2421 1533 κατὰ
2448 1480 2597 1534 Θεὸν
2616 1480 2780 1545 λύπη
2807 1478 3130 1549 μετάνοιαν
3156 1482 3242 1546 εἰς
3266 1498 3383 1534 σω-

1800 1569 2013 1636 τηρίαν
2035 1569 2481 1639 ἀμεταμέλητον
2508 1574 2936 1643 κατεργάζεται.
2976 1574 3148 1646 ’Υπὲρ
3177 1576 3381 1627 τούτων

1805 1656 1913 1727 χρὴ
1938 1656 2247 1723 λυπεῖσθαι,
2302 1659 2446 1730 ὑπὲρ
2503 1660 2710 1715 τούτων
2743 1663 2951 1733 ἀλγεῖν,
2988 1664 3126 1737 ὑπὲρ
3173 1664 3379 1718 τούτων

1800 1744 2128 1801 δάκνεσθαι·
2174 1746 2349 1813 οὕτως
2378 1748 2630 1804 ἐλυπεῖτο
2663 1750 2873 1818 Παῦλος
2900 1754 3041 1825 ὑπὲρ
3065 1754 3171 1807 τῶν
3204 1756 3379 1827 ἀμαρ-

1801 1838 2089 1904 τανόντων,
2123 1838 2298 1905 οὕτως
2329 1840 2590 1912 ἐδάκρυεν
2613 1858 2628 1875 ⁸
2688 1842 2790 1898 Ἐκ
2840 1844 2952 1914 γὰρ
2985 1846 3224 1915 πολλῆς
3255 1848 3381 1901 0.11-

1802 1932 1981 1998 ψεως,
2023 1933 2178 2002 φησί,
2224 1932 2323 1987 καί
2362 1932 2641 2005 συνοχῆς
2675 1934 2925 2004 καρδίας
2954 1936 3189 2006 ἔγραψα
3237 1938 3383 2007 ὑμῖν

1802 2025 1901 2079 διὰ
1925 2028 2175 2081 πολλῶν
2220 2026 2519 2097 δακρύων.
2562 2030 2780 2102 Ἐπειδὴ
2830 2030 2936 2102 γὰρ
2975 2031 3116 2103 ὑπὲρ
3163 2031 3381 2085 οἰκείων

1803 2115 1905 2169 οὐκ
1939 2111 2054 2187 εἶχε
2084 2116 2324 2183 πενθεῖν,
2355 2118 2496 2191 ὑπὲρ
2525 2118 2635 2172 τῶν
2662 2117 2960 2191 ἀλλοτρίων
2986 2119 3145 2173 τοῦτο
3174 2120 3376 2174 ἐποίει·

1808 2206 2013 2274 μᾶλλον
2046 2207 2103 2261 δὲ
2160 2209 2389 2264 κάκεῖνα
2411 2211 2590 2264 οἰκεῖα
2614 2210 2803 2280 ἠγεῖτο
2822 2210 2962 2265 κατά
2994 2210 3085 2264 τὸν
3112 2208 3205 2263 τοῦ
3244 2209 3380 2263 πέν-

1807 2297 1933 2360 θους
1964 2297 2141 2368 λόγον.
2165 2299 2383 2369 Ἐτεροι
2412 2299 2878 2366 ἐσκανδαλίζοντο,
2930 2302 3025 2355 καὶ
3057 2301 3219 2363 αὐτὸς
3247 2300 3381 2353 ἐπυο-

1808 2389 1971 2459 ροῦτο
1993 2408 2007 2422 ·
2039 2390 2218 2463 ἕτεροι
2244 2391 2529 2463 ἠσθένουν,
2558 2392 2652 2447 καί
2689 2393 2852 2457 αὐτὸς
2878 2392 3115 2464 ἠσθένει.
3151 2392 3381 2462 Ἀγαθὸν

1807 2484 1840 2553 ή
1865 2481 2090 2553 τοιαύτη
2119 2481 2288 2554 λύπη,
2320 2484 2500 2553 πάσης
2524 2484 2789 2558 κρείττων
2816 2485 2954 2556 αὔτη
2982 2486 3155 2556 χαρᾶς
3187 2502 3383 2548 κοσμι-

1807 2573 1935 2644 κῆς.
1968 2574 2074 2627 Τὸν
2120 2574 2263 2628 οῦτω
2295 2574 2593 2630 πενθοῦντα
2621 2574 2733 2644 ἐγὼ
2766 2576 2984 2630 πάντων
3030 2577 3139 2630 τῶν
3172 2574 3381 2648 ἀνθρώ-

1807 2682 1925 2719 πων
1958 2666 2240 2739 προκρίνω
2258 2681 2273 2695 ⁸
2313 2667 2513 2738 μᾶλλον
2539 2666 2597 2721 δὲ
2624 2668 2718 2722 καὶ
2734 2666 2895 2731 αὐτὸς
2922 2667 3051 2731 τοὺς
3077 2668 3220 2721 οὕτω
3250 2685 3381 2720 πεν-

1808 2756 2032 2821 θοῦντας
2061 2756 2355 2828 μακαρίζει
2380 2758 2409 2811 0
2457 2757 2682 2829 Κύριος,
2723 2758 2850 2821 τοὺς
2881 2758 3209 2828 συμπαθεῖς.
3268 2758 3382 2829 υύχ

1808 2846 1983 2910 οὕτως
2018 2847 2182 2901 αὐτὸν
2242 2848 2335 2901 ἐπί
2384 2851 2496 2910 τοῖς
2526 2846 2792 2913 κινδύνοις
2829 2847 3093 2918 θαυμάζω
3118 2865 3133 2880 ⁸
3181 2849 3381 2919 μᾶλλον

1806 2939 1864 2993 δὲ
1889 2939 1988 3010 οὐχ
2027 2933 2189 3012 ἦττον
2235 2939 2398 2994 αὐτὸν
2442 2939 2551 2993 τῶν
2576 2939 2837 2994 κινδύνων
2860 2938 3146 3011 θαυμάζω,
3185 2939 3275 3010 ὑφ’
3306 2932 3383 2993 ῶν

1809 3030 1933 3084 καθ’
1964 3031 2205 3101 ἑκάστην
2234 3031 2451 3103 ἡμέραν
2495 3031 2878 3103 ἀπέθνησκεν
2918 3031 3056 3087 ἀλλά
3100 3032 3259 3086 τοῦτό
3311 3050 3381 3103 με

1811 3121 2010 3192 μᾶλλον
2031 3122 2196 3193 αἰρεῖ.
2226 3121 2357 3176 Ἀπὸ
2377 3122 2487 3194 7&9
2510 3121 2689 3193 ψυχῆς
2722 3121 2971 3193 φιλοθέου
2990 3123 3084 3176 καὶ
3100 3124 3382 3195 φιλοστόρ-

1807 3231 1905 3284 γου
1936 3215 2163 3283 ἐγίνετο,
2212 3213 2320 3268 ἀπὸ
2362 3214 2605 3284 ἀγάπης,
2635 3214 2702 3285 ἢν
2730 3214 2892 3279 αὐτὸς
2926 3217 2954 3270 0
2982 3216 3216 3287 Χριστὸς
3253 3213 3383 3286 ἐζήο

1807 3324 1911 3371 τει,
1939 3307 2048 3361 ἀπὸ
2071 3306 2416 3379 συμπαθείας
2448 3307 2743 3377 ἁδελφικῆς
2789 3307 2884 3361 καί
2912 3307 3206 3378 πατρικῆς,
3242 3309 3382 3377 μᾶλ-

1807 3397 1898 3451 λον
1934 3397 1993 3451 δὲ
2023 3398 2117 3451 καὶ
2148 3398 2354 3452 τούτων
2402 3397 2731 3470 ἀμφοτέρων
2778 3398 3043 3469 μείζονος.
3081 3398 3237 3452 Οὕτω
3265 3399 3385 3452 δια-

1808 3489 2024 3545 κεῖσθαι
2078 3491 2205 3563 χρὴ,
2258 3489 2403 3546 οὕτω
2433 3488 2728 3562 δακρύειντ
2787 3490 2860 3543 τὰ
2909 3488 3133 3543 τοιαῦτα
3170 3489 3382 3557 δάκρυα

1808 3588 2011 3659 πολλῆς
2035 3587 2184 3640 ἐστιν
2210 3582 2545 3656 εὐφροσύνης
2583 3581 2758 3653 μεστά
2778 3596 2794 3613 ⁸
2830 3581 2892 3635 τὸ
2917 3581 3160 3635 τοιοῦτον
3189 3580 3384 3645 πένθος

1809 3682 2066 3744 ὑπόθεσις
2089 3679 2265 3750 χαρᾶς
2287 3679 2424 3730 ἐστι.
2456 3675 2567 3729 Καὶ
2600 3675 2675 3746 μή
2703 3692 2792 3745 μοι
2822 3677 3005 3748 εἴπῃς,
3031 3676 3083 3727 τί
3124 3674 3285 3728 πλέον
3315 3676 3382 3727 ἐκ

1807 3769 1903 3825 τοῦ
1938 3769 2177 3841 θρηνεῖν,
2204 3765 2345 3835 ὑπὲρ
2378 3757 2452 3818 ὧν
2474 3762 2634 3816 τοῦτο
2663 3760 2836 3827 ποιῶ;
2891 3762 3009 3815 Κᾶν
3058 3760 3223 3830 μηδὲν
3258 3760 3383 3829 όνή-

1810 3877 1993 3931 σωμεν
2008 3859 2136 3922 τοὺς
2163 3854 2585 3928 θρηνουμένους,
2613 3851 2750 3907 ἀλλὰ
2774 3852 2993 3915 πάντως
3014 3853 3159 3922 ἡμᾶς
3182 3852 3383 3914 αὐτοὺς

1807 3952 2183 4023 ώφελήσομεν.
2220 3947 2278 4002 '0
2306 3946 2413 4019 7&9
2440 3946 2583 4017 ὑπὲρ
2610 3946 2719 3999 τῶν
2750 3943 3045 4016 ἀλλοτρίων
3084 3942 3258 4007 οὕτως
3282 3944 3380 3998 ἀλ-

1807 4045 1942 4114 γῶν,
1973 4040 2152 4112 πολλῷ
2202 4039 2404 4111 μᾶλλον
2452 4037 2591 4107 ὑπὲρ
2628 4036 2740 4091 τῶν
2777 4035 2921 4089 ἰδίων
2955 4035 3113 4089 τοῦτο
3160 4038 3383 4108 ποιήσε-

1807 4150 1927 4190 ται·
1967 4134 1997 4187 0
2030 4134 2124 4187 ἐπὶ
2156 4134 2265 4195 τοῖς
2290 4130 2492 4201 ἐτέρων
2515 4127 2659 4183 οὔτω
2674 4127 2949 4199 δακρύων,
2983 4128 3082 4182 οὐκ
3117 4128 3383 4200 ἀδακρυτί

1806 4228 1877 4283 τὰ
1911 4228 2089 4281 οἰκεῖα
2136 4222 2532 4296 παρελεύσεται
2566 4219 3047 4291 πλημμελήματα⁸
3098 4219 3299 4289 μᾶλλον
3323 4220 3382 4273 δὲ

1808 4320 1927 4376 οὐδὲ
1955 4318 2265 4390 ἁμαρτήσει
2288 4314 2517 4385 ταχέως.
2549 4312 2622 4364 Τὸ
2651 4311 2708 4365 δὲ
2735 4309 2924 4375 δεινὸν,
2955 4309 3035 4363 ὅτι
3065 4309 3381 4365 κελευσθέν-

1806 4429 1897 4476 τες
1926 4409 2100 4474 οῦτως
2141 4408 2234 4461 ἐπὶ
2280 4408 2392 4469 τοῖς
2429 4404 2804 4475 ἁμαρτάνουσι
2838 4401 3074 4472 θρηνεῖν,
3113 4401 3231 4455 ούδέ
3287 4402 3382 4454 ἐπὶ

1806 4507 1920 4568 τοῖς
1942 4502 2166 4564 οἰκείοις
2210 4499 2336 4555 τινὰ
2389 4495 2813 4567 ἐπιδεικνύμεθα
2860 4492 3165 4565 μετάνοιαν,
3227 4494 3379 4567 [3201

1807 4597 1924 4654 ἀλλ’
1957 4594 2276 4663 ἀναλγήτως
2328 4591 2614 4653 πταίοντες
2643 4586 2994 4658 διακείμεθα.
3021 4586 3118 4640 καὶ
3160 4601 3381 4644 παντων

1812 4687 2012 4762 μᾶλλον
2050 4683 2428 4757 φροντίζομεν,
2463 4680 2558 4735 καλ⁸
2592 4679 2770 4733 πάντα
2820 4677 3146 4748 λογιζόμεθα
3180 4680 3383 4750 μᾶλλον

1808 4784 1842 4855 ἢ
1868 4782 1937 4835 τά
1965 4780 2139 4834 οἰκεῖα
2171 4776 2560 4849 ἁμαρτήματα.
2598 4773 2694 4826 Διά
2720 4771 2878 4825 τοῦτο
2917 4771 3180 4843 χαίρομεν
3208 4774 3382 4843 χαράν

1809 4874 1908 4945 τὴν
1936 4871 2217 4942 ἀνόνητον,
2272 4866 2372 4938 τὴν
2408 4864 2505 4919 τοῦ
2534 4864 2764 4935 κόσμου,
2799 4862 2900 4934 τὴν
2928 4863 3131 4926 εὐθέως
3163 4863 3375 4916 σϐεννυο

1812 4966 2005 5038 μένην,
2046 4962 2147 5033 τὴν
2199 4959 2399 5032 μυρίας
2447 4956 2738 5011 τίκτουσαν
2788 4953 2985 5020 λύπας.
3035 4953 3383 5026 Δυπηθῶμεν

1807 5056 1987 5111 τοίνυν
2013 5052 2191 5125 λύπην
2222 5052 2403 5123 χαρᾶς
2432 5048 2663 5120 μητέρα,
2691 5047 2785 5100 καὶ
2814 5046 2891 5118 μὴ
2914 5043 3170 5117 ἡσθῶμεν
3207 5044 3381 5115 χαρὰν

1810 5148 1990 5217 λύπην
2015 5145 2304 5200 τίκτουσαν
2324 5158 2339 5174 ⁸
2374 5141 2603 5211 ἀφῶμεν
2630 5138 2841 5209 δάκρυα
2866 5137 3157 5207 σπείροντα
3182 5134 3381 5203 πολλὴν

1812 5239 2025 5311 ἡδονὴν,
2062 5237 2161 5291 καὶ
2190 5234 2265 5306 μὴ
2291 5233 2542 5305 γελῶμεν
2566 5231 2778 5302 γέλωτα
2803 5229 3046 5302 βρυγμὸν
3080 5228 3211 5298 ἡμῖν
3240 5227 3383 5280 ὁδόν-

1810 5348 1920 5387 των
1944 5330 2227 5384 τίκτοντα⁸
2263 5326 2536 5407 θλιϐῶμεν
2581 5323 2782 5394 θλῖψιν,
2825 5323 2917 5390 ἀφ’
2944 5316 3013 5392 ἦς
3038 5320 3222 5382 ἀνεσις
3254 5317 3384 5388 βλα-

1814 5427 2019 5489 στάνει,
2059 5424 2154 5475 καί
2181 5420 2255 5491 μὴ
2286 5417 2537 5489 ζητῶμεν
2566 5414 2800 5488 τρυφὴν,
2826 5413 2919 5483 ἀφ’
2959 5408 3027 5487 ἦς
3072 5412 3241 5484 πολλὴ
3272 5411 3381 5464 θλῖ-

1809 5515 1903 5586 ψις
1934 5515 2030 5569 καὶ
2056 5511 2217 5581 ὀδύνη
2244 5511 2488 5563 τίκτεται
2509 5524 2523 5539 ⁸
2550 5507 2643 5561 ἐπὶ
2661 5507 2762 5576 τῆς
2787 5509 2890 5577 γῆς
2919 5505 3112 5576 μικρὸν
3134 5506 3379 5575 πονήσωο

1816 5621 1943 5677 μεν,
1969 5605 2056 5658 ῖνα
2082 5602 2451 5673 τρυφήσωμεν
2492 5597 2754 5666 διηνεκῶς
2783 5598 2838 5650 ἐν
2863 5599 2973 5661 τοῖς
3006 5596 3252 5667 οὐρανοῖς
3273 5611 3286 5624 ⁸
3322 5596 3381 5647 ἐν

1811 5696 1888 5766 τῷ
1915 5695 2079 5762 ἐπική
2090 5710 2166 5764 ρῳ
2196 5691 2296 5761 βίῳ
2321 5689 2595 5759 θλίψωμεν
2625 5689 2868 5753 ἑαυτοὺς,
2886 5689 2983 5747 ,ἵνα
3004 5690 3061 5741 ἐν
3076 5687 3151 5757 τῷ
3171 5687 3380 5756 ἀπείρῳ

1811 5785 2063 5854 τύχωμεν
2103 5782 2365 5843 ἀνέσεως·
2430 5780 2503 5849 μὴ
2551 5777 2890 5848 διαχυθῶμεν
2948 5781 3006 5831 ἐν
3057 5778 3132 5848 τῷ
3192 5779 3383 5848 βραχεῖ

1815 5877 2008 5947 τούτῳ,
2041 5874 2129 5926 ’ίνα
2157 5873 2230 5944 μὴ
2262 5871 2600 5943 στενάξωμεν
2633 5874 2688 5924 ἐν
2719 5871 2795 5941 τῷ
2821 5871 3049 5942 ἀπείρῳ.
3083 5871 3193 5941 Οὐχ
3217 5871 3376 5941 ὁρᾶτε
