4032 6560
455 419 560 480 (297
1209 419 1266 476 S.
1304 412 1588 473 JOANNIS
1627 412 2122 471 CIIRYSOSTOMI
2164 411 2479 468 ARCIIIEP.
2521 408 3064 469 CONSTANTINOP.
3597 411 3707 468 298

462 548 616 600 πόσοι
668 545 761 598 καὶ
804 541 1037 597 ἐνταῦθα
1068 541 1340 596 θλίϐονται
1373 543 1643 614 βιωτικῶν
1670 543 1857 597 ἕνεκεν
1886 559 2031 614 πρα-
2136 537 2220 590 λιν
2250 538 2562 608 ἀπαντῆσαι
2606 539 2844 607 ἐκείνην,
2888 535 2962 611 ἧς
3016 539 3216 592 ἐκεῖνοι
3267 535 3705 608 κατηξιώθησαν,

462 638 718 709 γμάτων;
765 635 1049 707 Ἐννόησον
1075 637 1158 690 ὅτι
1186 637 1280 689 καὶ
1313 638 1378 690 σὺ
1401 631 1482 699 εἷς
1510 637 1570 702 ἐξ
1591 637 1814 691 ἐκείνων
1836 633 1908 703 εἷ,
1945 636 2041 689 καὶ
2137 629 2352 701 ἐκείνην
2383 630 2562 699 βάδιζε
2586 631 2686 701 τὴν
2710 631 2826 683 ὁδὸν
2858 630 2956 700 τὴν
2986 632 3102 683 ἐκεῖ
3130 629 3419 700 φέρουσαν.
3441 628 3515 680 Οὐ
3549 627 3709 697 φέρει

463 730 596 799 φέρε
630 727 730 798 τὴν
760 726 942 795 θλῖψιν
979 725 1075 779 καὶ
1097 725 1196 796 τὴν
1219 726 1435 796 ὀδύνην,
1466 731 1534 798 τῇ
1563 728 1742 781 ἑλπίδι
1772 727 1881 782 τῶν
1908 726 2040 796 μελ-
2140 719 2174 789 ἡ
2195 718 2293 788 τῆς
2322 719 2559 782 ἀνέσεως
2591 719 2707 782 ὁδὸς
2733 720 2867 786 ἐκεῖ,
2902 719 3017 773 ἀλλ’
3044 720 3078 788 ή
3106 719 3204 788 τῆς
3226 717 3457 787 θλίψεως
3475 732 3490 746 ·
3522 715 3709 785 ὲκεὶνη

462 820 664 873 λόντων
707 817 1074 888 τρεφόμενος·
1117 819 1217 871 οὐκ
1246 812 1297 871 εἴ
1325 819 1390 872 σὺ
1419 817 1515 872 τοῦ
1555 818 1770 872 Παύλου
1815 818 2041 888 βελτίων
2141 806 2472 878 εὐρύχωρος,
2505 808 2644 878 αὕτη
2678 809 2858 878 στενή·
2894 808 3110 879 Ταύτην
3148 807 3473 877 βαδίζωμεν,
3502 808 3590 859 ἶνα
3614 806 3711 858 τύ-

463 908 704 965 οὐδὲτοῦ
751 909 982 980 Πέτρου,
1011 910 1120 962 τῶν
1149 909 1407 962 οὐδέποτε
1459 908 1700 973 ἀνέσεως
1743 909 2032 980 τυχόντων,
2144 915 2328 970 χωμεν
2365 902 2465 970 τῆς
2504 901 2724 956 αἰωνίου
2764 901 2907 971 ζωῆς
2935 901 2991 954 ὲν
3018 899 3240 972 Χριστῷ
3287 899 3462 969 ’1ησοῦ
3493 899 3571 970 τῷ
3601 899 3714 952 Κυ-

463 1001 572 1056 τῶν
595 1001 653 1054 ἐν
676 1000 822 1071 λιμῷ
853 1002 948 1054 καὶ
987 1000 1128 1070 δίψει
1152 1002 1245 1054 καὶ
1265 1001 1683 1072 γυμνότητιοτὺν
1714 1002 1894 1056 πάντα
1923 1001 2036 1073 βίον
2145 986 2245 1056 ρίῳ
2275 986 2455 1057 ili“va
2480 987 2598 1057 μεθ’
2621 980 2683 1041 οὗ
2707 988 2785 1060 τῷ
2815 990 2988 1059 Πατρῖ
3012 990 3128 1058 ἅμα
3155 988 3236 1059 τῷ
3262 989 3402 1059 ἀτίῳ
3429 990 3714 1058 Πνεύματι

465 1093 860 1160 διεξελθόντων.
903 1091 966 1146 Εἰ
1024 1093 1201 1162 βούλει
1232 1093 1338 1147 τῶν
1368 1093 1547 1147 αὐτῶν
1578 1093 1806 1157 ἐκείνοις
1835 1095 2035 1163 τυχεῖν,
2142 1075 2290 1142 δόξαν
2323 1079 2717 1150 κράτοςντιμὴν
2754 1079 2848 1134 νῦν
2871 1081 2964 1134 καὶ
2993 1081 3102 1150 ἀεὶ,
3123 1080 3218 1134 καὶ
3242 1082 3322 1145 εἰς
3339 1081 3468 1144 τοὺς
3505 1080 3715 1144 αἰῶνας

463 1188 518 1241 τί
547 1186 645 1257 τὴν
678 1187 928 1242 ἐναντίαν
957 1185 1162 1252 caecat;
1187 1186 1334 1253 686v;
1367 1188 1415 1241 ei
1445 1187 1623 1258 βούλει
1652 1187 1788 1260 πρὸς
1813 1187 1912 1258 τὴν
1939 1187 2039 1241 πό·-
2143 1166 2249 1222 τῶν
2276 1167 2507 1224 αἰῶνωνο
2539 1170 2731 1242 Ἀμήν·

486 2551 3716 2599 ηεξατ-Μ

1910 2730 2290 2796 MONITUM

540 2913 712 2972 ilasce
742 2916 1054 2974 Conciones
1080 2920 1556 2994 Constantinopoli
1592 2922 1811 2983 habitas
1837 2926 2030 2997 fuisse,
2061 2931 2211 2989 clare
2241 2931 2452 2989 indicat
2475 2930 2920 3004 Chrysostomus,
2949 2942 3072 2985 cum
3105 2926 3242 2982 dicit
3273 2925 3328 2981 in
3356 2924 3465 2980 [ine
3494 2924 3734 2979 homilia:

467 3034 647 3092 tertia:
675 3051 733 3092 se
758 3038 1078 3110 episcopum
1112 3040 1167 3095 in
1197 3041 1396 3098 throno
1419 3044 1634 3102 sedere.
1669 3047 1850 3106 Facile
1877 3065 2098 3123 quoque
2123 3052 2346 3110 videtur
2370 3069 2491 3110 esse
2517 3068 2724 3108 annum
2760 3050 3057 3122 assignare,
3093 3065 3204 3120 quo
3230 3048 3347 3104 haec
3375 3047 3734 3103 concionatus

467 3153 555 3202 est
582 3156 806 3205 sanctus
835 3150 1060 3207 Doctor.
1106 3153 1186 3208 Ex
1217 3154 1286 3210 iis
1313 3152 1483 3223 enim,
1516 3173 1638 3227 quae
1682 3160 1818 3215 dicit
1851 3162 2075 3220 homilia
2115 3166 2372 3237 septima,
2402 3181 2633 3223 numero
2671 3165 2726 3232 ὅ,
2759 3165 3000 3221 indicare
3033 3163 3258 3220 omnino
3283 3162 3503 3217 videtur
3533 3161 3734 3216 Eutro-

470 3261 623 3333 pium
654 3268 995 3336 eunuchum,
1024 3269 1155 3327 licet
1189 3273 1354 3330 tacito
1376 3277 1600 3333 nomine
1633 3278 1704 3335 de
1729 3280 1826 3336 illo
1850 3291 1995 3353 agat,
2020 3282 2127 3340 hoc
2169 3283 2288 3356 ipso
2319 3294 2568 3357 tempore
2591 3285 2660 3341 de
2689 3283 2859 3357 gradu
2883 3283 3156 3356 dejectum
3187 3291 3244 3338 et
3268 3279 3580 3350 expulsum.
3604 3274 3736 3343 Quis

468 3381 618 3437 enim
642 3384 804 3451 alius,
827 3404 1036 3459 qumso,
1063 3389 1234 3448 fuerit
1261 3408 1327 3447 ea:
1351 3409 1572 3449 numero
1601 3399 1981 3466 cunuchorum,
2012 3399 2108 3471 qui
2134 3400 2254 3457 heri
2291 3402 2346 3458 iu
2373 3401 2637 3458 tribunali
2659 3399 2905 3465 sedebat,
2933 3400 3026 3470 qui
3053 3395 3418 3454 clamantibus
3442 3402 3498 3449 et
3517 3390 3738 3463 pmviis

467 3501 819 3570 praeconibus
873 3519 973 3575 per
1009 3505 1190 3563 forum
1255 3510 1568 3579 incedebat,
1605 3513 1899 3572 ambitiose
1957 3517 2044 3573 sui
2087 3526 2356 3575 terrorem
2409 3519 2683 3575 incutiens
2715 3535 2730 3574 :
2762 3517 2968 3590 quique
3011 3514 3174 3571 hodie
3215 3527 3282 3569 ex
3319 3520 3471 3566 tanta
3515 3509 3736 3564 fortuna

469 3617 737 3690 deiectus,
771 3623 840 3679 ab
869 3627 1126 3685 omnibus
1156 3628 1429 3701 desertus,
1458 3633 1584 3691 vilis
1614 3645 1670 3692 et
1706 3635 1889 3693 nudus
1919 3647 2177 3709 tanquam
2203 3640 2388 3711 pulvis
2419 3639 2791 3696 eventilatur?
2815 3637 2972 3705 Quis,
3004 3637 3249 3707 inquam,
3285 3633 3425 3690 alius
3454 3631 3547 3687 hic
3572 3629 3739 3686 fuerit

470 3756 635 3812 quam
672 3740 972 3816 Eutropius
1015 3749 1327 3818 eunuchus,
1363 3751 1454 3808 cui
1484 3752 1675 3810 isthaec
1718 3755 1905 3811 omnia
1952 3756 2317 3814 acciderunt?
2345 3757 2484 3825 Quia
2511 3771 2645 3813 vero
2684 3757 2752 3812 de
2785 3755 3056 3826 Eutropio
3089 3754 3179 3809 ille
3208 3753 3286 3808 sic
3312 3749 3480 3807 tacito
3512 3747 3739 3802 nomine

471 3857 740 3930 loquitur,
776 3870 1034 3936 tanquam
1065 3877 1192 3936 post
1223 3884 1386 3925 suum
1429 3886 1498 3927 ex
1546 3880 1699 3928 tanta
1748 3872 1972 3930 fortuna
2018 3875 2235 3945 lapsum
2280 3875 2462 3932 adhuc
2503 3875 2560 3931 in
2597 3874 2739 3930 vivis
2768 3881 3060 3939 versante;
3110 3869 3410 3941 Eutropius
3451 3881 3586 3922 vero
3615 3873 3738 3935 post

474 3979 688 4027 tantum
724 3988 912 4030 casum
941 3977 998 4033 in
1023 3978 1265 4052 Cyprum
1307 3986 1491 4040 statim
1541 3988 1840 4059 relegatus,
1889 3988 2038 4044 haud
2072 3989 2166 4044 diu
2200 3998 2390 4061 postea
2425 3989 2553 4046 inde
2580 3989 2814 4045 eductus
2842 3996 2899 4044 et
2937 3988 3117 4057 capite
3148 3992 3431 4041 truncatus
3461 3981 3566 4037 fuit
3596 3991 3738 4035 anno

474 4101 725 4147 vertente
756 4094 859 4150 599
886 4113 899 4148 :
929 4095 1060 4152 hinc
1087 4098 1340 4170 sequitur
1369 4102 1426 4158 in
1453 4117 1659 4158 annum
1686 4104 1790 4161 399
1817 4103 2207 4163 conferendam
2237 4119 2358 4161 esse
2383 4105 2551 4177 hujus
2584 4103 2826 4160 homilia:
2849 4100 3314 4174 praedicationem.

541 4270 705 4326 Aliud
737 4272 990 4330 etiamin
1036 4275 1263 4333 homilia
1306 4279 1570 4346 secunda,
1617 4296 1774 4336 num.
1820 4280 1855 4335 4
1881 4281 2148 4349 occurrit,
2193 4281 2340 4336 unde
2387 4280 2652 4352 temporis
2680 4287 2869 4336 notam
2900 4277 3171 4350 expiscari
3200 4275 3497 4348 possimus.
3530 4273 3740 4329 Dicitur

473 4403 712 4460 namque
742 4388 906 4447 isthic
933 4408 947 4446 :
979 4389 1108 4458 Qui:
1131 4402 1478 4464 exspectasset
1514 4411 1599 4461 ea,
1626 4411 1746 4466 qua:
1775 4413 1914 4452 nunc
1939 4398 2184 4453 eveniunt
2212 4398 2267 4452 in
2300 4397 2516 4451 diversis
2551 4396 2697 4462 locis,
2726 4403 2882 4450 terra:
2910 4403 3081 4448 motus
3104 4401 3154 4447 et
3176 4392 3384 4447 urbium
3414 4391 3742 4447 eversiones?

482 4510 548 4566 lli
608 4511 749 4567 tanti
811 4519 974 4568 terrae
1037 4520 1223 4569 motus
1279 4512 1337 4568 in
1399 4528 1606 4568 annum
1668 4513 1773 4570 598
1835 4514 2176 4581 referuntur,
2239 4523 2298 4570 ut
2364 4513 2618 4586 pluribus
2673 4513 2880 4569 dicitur
2925 4511 2982 4567 in
3013 4513 3134 4568 Vita
3194 4510 3595 4583 Chrysostomi.
3634 4509 3738 4566 Ne-

471 4647 580 4700 que
614 4637 821 4702 pugnat
852 4629 991 4684 illud
1022 4643 1147 4685 cum
1204 4629 1335 4684 anni
1372 4629 1477 4686 599
1502 4639 1633 4686 nota
1675 4639 1826 4687 certa
1860 4648 2024 4702 quam
2057 4633 2220 4688 modo
2246 4631 2552 4702 posuimus.
2589 4628 2997 4685 Advertcndum
3032 4643 3269 4698 namque
3298 4636 3402 4691 est,
3433 4625 3568 4681 illud
3596 4625 3737 4696 quod

474 4743 544 4799 de
573 4744 841 4815 Eutropio
873 4745 1079 4800 dicitur
1112 4745 1167 4799 in
1214 4744 1442 4801 homilia
1487 4747 1722 4816 septima
1767 4761 2094 4816 occurrere;
2125 4748 2273 4819 quod
2304 4757 2488 4803 autem
2525 4747 2593 4802 de
2639 4756 2800 4802 terra:
2839 4744 3082 4800 motibus
3119 4744 3175 4799 in
3220 4742 3447 4798 homilia
3476 4739 3736 4797 secunda.

474 4857 661 4913 Potuit
690 4867 878 4915 autem
907 4858 1134 4916 homilia
1152 4860 1400 4935 secunda
1430 4862 1716 4933 aliquanto
1739 4873 2010 4934 tempore,
2043 4863 2154 4919 imo
2187 4864 2398 4934 aliquot
2427 4864 2716 4920 mensibus
2742 4863 3026 4918 homiliam
3056 4861 3342 4934 septimam
3371 4859 3738 4931 praecessisse,

475 4978 636 5049 cujus
671 4977 752 5033 rei
782 4979 1031 5049 exempla
1062 4995 1172 5035 non
1203 4995 1376 5051 pauca
1407 4992 1728 5054 suppetunt.
1759 4985 1841 5041 Ad
1876 4987 1992 5044 haec
2020 5002 2155 5043 vero
2193 4985 2350 5052 illud,
2378 5002 2494 5058 qua:
2524 5002 2662 5040 nunc
2691 4984 2950 5048 eveniunt,
2982 4996 3093 5037 non
3125 4980 3199 5036 ita
3230 4977 3296 5034 ad
3331 4978 3574 5033 litteram
3603 4974 3741 5030 acci-

479 5092 744 5165 piendum
771 5102 876 5150 est.
903 5084 1013 5150 Illae
1036 5094 1186 5151 enim
1208 5102 1372 5152 tanta:
1395 5097 1735 5156 calamitates
1755 5100 1924 5156 etiam
1948 5099 2221 5157 hodierno
2248 5116 2402 5157 more
2427 5100 2523 5156 diu
2549 5099 2813 5156 dicuntur
2836 5113 2985 5154 nunc
3007 5096 3262 5162 evenire;
3283 5093 3483 5149 damna
3509 5105 3740 5160 namque

475 5210 773 5284 importata
819 5222 1043 5270 manent
1091 5209 1148 5271 et
1197 5215 1392 5273 saltem
1439 5233 1539 5289 per
1583 5234 1811 5289 annum,
1842 5235 2013 5288 nunc,
2057 5236 2126 5279 ex
2159 5229 2385 5292 recepto
2423 5235 2601 5287 more,
2633 5216 2901 5274 accidisse
2934 5215 3221 5272 dicuntur.
3253 5209 3408 5267 Adde
3443 5207 3741 5265 verisimile

473 5344 597 5386 esse
629 5329 754 5400 illos
781 5337 946 5409 terrae
971 5340 1156 5387 motus
1180 5341 1236 5389 et
1260 5331 1483 5388 urbium
1509 5336 1832 5394 eversiones
1857 5335 2141 5407 aliquanto
2172 5344 2423 5410 tempore
2451 5347 2855 5408 perseverasse.

462 5497 470 5506 ’
547 5509 754 5568 Harum
787 5512 1143 5570 homiliarum
1191 5517 1368 5588 stylus
1411 5526 1576 5587 atque
1622 5517 1795 5576 dictio
1838 5519 2030 5576 multis
2060 5520 2116 5576 in
2162 5519 2301 5575 locis
2345 5518 2566 5576 concisa
2612 5524 2717 5584 est,
2747 5515 3022 5583 etiamque
3050 5511 3324 5576 intricata,
3353 5508 3443 5563 vix
3479 5515 3542 5561 ut
3571 5506 3745 5576 possit

477 5631 748 5707 intelligi;
778 5637 875 5692 sed
901 5637 1031 5709 quia
1060 5638 1128 5694 ad
1163 5639 1482 5695 auditorum
1511 5649 1732 5712 captum
1778 5642 2190 5699 accommodata
2217 5650 2356 5708 erat,
2391 5641 2528 5696 nihil
2575 5639 2803 5695 dubium
2831 5647 2936 5702 est,
2963 5651 3026 5690 ea
3062 5649 3184 5705 quae
3214 5631 3376 5687 nobis
3402 5629 3662 5684 intercisa
3687 5637 3740 5681 et

477 5757 641 5817 captu
694 5749 937 5809 diilicilia
985 5754 1266 5823 videntur,
1312 5771 1423 5812 non
1459 5755 1693 5826 perinde
1733 5754 2353 5829 Constantinopolitame
2386 5755 2554 5828 plebi,
2585 5755 2716 5811 huic
2757 5748 2976 5809 dicendi
3005 5749 3195 5822 generi
3227 5754 3476 5811 assuetae,
3509 5745 3742 5800 obscura

476 5862 667 5918 fuisse.
