4032 6558
325 429 434 486 297

325 556 384 598 et
414 557 596 599 tenera
623 539 1097 613 proficiscebantur
1117 580 1131 606 ,
1164 557 1193 596 a
1218 542 1439 597 caritate
1474 556 1635 613 quam
1673 540 1922 597 Christus

326 639 446 706 ipse
470 636 746 706 qumrcbat
764 675 778 701 ,
807 650 874 692 ex
899 634 1132 706 quodam
1162 642 1367 689 natura:
1392 648 1659 690 consensu
1685 633 1924 690 fraterno

325 738 385 782 et
416 728 612 798 patrio,
648 741 711 781 ac
736 726 914 797 p0tius
941 725 1183 795 utrisque
1210 726 1326 780 istis
1354 724 1581 795 majore.
1610 724 1723 780 Hoc
1752 723 1917 779 modo

323 819 474 875 allici
499 827 719 890 oportet
741 856 761 884 ,
791 819 896 873 hoc
916 816 1079 873 modo
1103 815 1237 872 flere
1268 834 1284 872 :
1316 814 1622 884 huiusmodi
1668 815 1922 887 lacrymac

327 926 529 981 magno
548 918 677 965 sunt
704 910 915 964 refertae
936 906 1161 979 gaudio;
1191 905 1497 977 hujusmodi
1542 905 1716 962 luctus
1760 922 1920 962 causa

326 1003 534 1058 ltetitiae
560 1011 663 1058 est.
693 1002 773 1056 Ac
798 1016 868 1056 ne
894 999 1024 1055 mihi
1050 998 1220 1065 dicas,
1248 998 1388 1066 Quid
1417 997 1665 1054 utilitatis
1692 997 1921 1054 afferunt

324 1110 468 1152 mea
496 1096 747 1168 lacrymre
769 1094 866 1161 iis,
896 1110 993 1165 pro
1037 1093 1233 1164 quibus
1273 1092 1378 1149 hoc
1417 1092 1595 1149 facio?
1641 1092 1777 1148 Nam
1817 1093 1919 1149 etsi

327 1187 435 1242 illis
458 1185 597 1241 nihil
626 1186 917 1255 prosimus,
941 1199 1005 1240 ac
1030 1194 1179 1241 certe
1203 1183 1356 1241 nobis
1390 1183 1522 1255 ipsis
1556 1183 1919 1255 proderimus.

326 1278 463 1333 Nam
494 1280 587 1348 qui
625 1278 703 1333 sic
740 1291 840 1346 pro
866 1275 1058 1332 alienis
1081 1275 1263 1343 dolet,
1287 1275 1455 1331 multo
1482 1275 1650 1346 magis
1679 1289 1777 1345 pro
1805 1274 1918 1330 suis

327 1371 570 1437 dolebit;
598 1371 686 1441 qui
713 1370 889 1424 aliena
914 1368 1096 1439 luget,
1133 1368 1179 1423 is
1198 1374 1347 1422 certe
1372 1366 1499 1421 vitia
1528 1374 1584 1422 et
1604 1365 1797 1421 delicta
1817 1379 1917 1421 sua

328 1479 436 1517 non
459 1463 579 1518 sine
604 1460 855 1532 lacrymis
877 1459 1027 1514 abire
1055 1458 1198 1515 sinet
1219 1473 1235 1523 ;
1260 1458 1368 1513 imo
1394 1472 1500 1513 non
1521 1456 1628 1513 cito
1650 1455 1913 1527 peccabit.

325 1555 438 1610 Nos
464 1569 615 1618 vero,
638 1552 781 1624 quod
802 1551 1045 1607 omnium
1062 1548 1439 1621 gravissimum
1463 1556 1566 1610 est,
1583 1546 1719 1617 jnssi
1742 1547 1916 1602 aliena

326 1655 550 1716 peccata
581 1644 733 1710 ﬂere,
758 1659 827 1698 ne
847 1643 901 1698 in
930 1643 1131 1697 nostris
1152 1640 1369 1712 quidem
1398 1653 1563 1696 unum
1590 1638 1916 1709 paenitentia:

322 1740 542 1809 signum
571 1738 799 1801 damus;
830 1734 925 1791 sed
954 1734 1072 1790 sine
1096 1733 1207 1789 ullo
1235 1730 1437 1788 doloris
1460 1745 1623 1786 sensu
1652 1730 1912 1798 caditnus,

324 1835 381 1886 e't
410 1829 591 1886 omnia
614 1841 872 1885 curamus
898 1827 1098 1898 magis,
1133 1825 1313 1882 omnia
1348 1824 1518 1895 magis
1556 1822 1915 1894 expendimus

322 1941 491 1996 quam
514 1931 731 1994 peccata
759 1929 965 1977 nostra.
1004 1920 1129 1976 ldeo
1173 1917 1466 1990 gaudemus
1507 1916 1758 1988 gaudium
1810 1916 1914 1972 hoc

322 2017 517 2071 inutile
549 2034 563 2070 :
590 2014 734 2085 quod
765 2014 873 2069 cito
897 2013 1077 2084 perit,
1101 2011 1245 2083 quod
1274 2019 1559 2067 sescentas
1586 2011 1728 2080 parit
1753 2009 1911 2080 aegri-

323 2108 561 2163 tudines.
595 2106 913 2162 Mtereamus
936 2104 1094 2176 igitur
1122 2118 1356 2159 marore
1384 2101 1565 2173 gaudii
1584 2110 1827 2166 auctore,
1854 2108 1912 2156 et

322 2216 392 2253 ne
416 2198 745 2269 gaudeamus
764 2195 960 2267 gaudio
979 2194 1309 2265 mgritudinis
1322 2201 1544 2264 parente
1567 2208 1582 2245 :
1605 2191 1911 2248 emittamus

320 2292 594 2362 lacrytnas
620 2288 847 2343 multum
872 2286 1162 2357 voluptatis
1182 2285 1512 2341 seminantes
1531 2323 1548 2349 ,
1587 2292 1642 2338 et
1679 2298 1788 2339 non
1831 2283 1909 2337 ri-

317 2383 549 2437 deamus
592 2381 705 2437 risu
726 2420 745 2449 ,
780 2380 873 2451 qui
906 2378 1193 2435 stridorem
1218 2377 1374 2434 nobis
1399 2375 1640 2433 dentium
1666 2375 1853 2447 gignat
1889 2391 1904 2430 :

1251 423 1316 481 IN
1353 422 1566 481 EPIST.
1605 423 1698 479 AD
1736 420 2023 478 PillLlPP.
2063 425 2215 481 CAP.
2259 425 2345 481 IV.
2390 426 2620 484 llOMlL.
2660 426 2776 484 XV.

3508 430 3623 487 2‘38

2029 543 2345 602 amictcmus
2366 561 2465 604 nos
2489 547 2831 606 afﬂictatione
2860 547 2947 604 illa
2969 548 3109 604 unde
3140 547 3352 619 requies
3376 549 3611 616 exsistit,

2016 643 2087 699 et
2116 650 2183 690 ne
2203 635 2424 693 delicias
2449 654 2750 709 qumramus
2773 655 2837 696 ex
2859 639 3052 711 quibus
3077 654 3315 695 rerumna
3344 648 3400 695 et
3422 639 3599 697 dolor.

2027 725 2109 780 Ad
2133 724 2298 782 breve
2319 734 2534 797 tempus
2563 728 2617 783 in
2641 739 2783 785 terra
2804 729 3131 798 laboremus,
3154 739 3215 785 ut
3238 740 3498 801 perpetuo
3512 746 3613 786 nos

2028 815 2360 873 oblectemus
2405 819 2461 874 in
2505 819 2652 875 cadis
2682 836 2696 873 :
2730 820 2785 875 in
2828 820 3030 876 caduca
3074 820 3176 877 hac
3216 820 3323 877 vita
3366 835 3465 878 nos
3510 822 3611 891 ipsi

2026 906 2373 977 afﬂictemus,
2398 918 2455 963 ut
2480 909 2532 964 in
2563 909 2771 965 inﬁnita
2791 910 2880 965 illa
2906 912 3145 983 requiem
3172 925 3568 983 consequamur
3595 931 3608 966 :

2026 1011 2135 1051 non
2155 996 2459 1054 dililuamus
2476 999 2685 1055 deliciis
2708 1001 2760 1055 in
2788 1000 2889 1057 hac
2913 1001 3085 1069 brevi,
3114 1017 3182 1057 ne
3210 1002 3263 1057 in
3294 1003 3382 1058 illa
3404 1002 3609 1059 inﬁnita

2024 1089 2376 1159 suspiremus.
2416 1092 2609 1149 Annon
2636 1093 2827 1150 videtis
2852 1103 2983 1165 quot
3028 1094 3273 1151 homines
3316 1096 3403 1152 hic
3445 1096 3607 1152 etiam

2026 1198 2207 1238 rerum
2237 1182 2305 1239 ad
2331 1182 2471 1240 hanc
2496 1185 2661 1241 vitam
2688 1186 3071 1256 pertinentium
3098 1201 3255 1243 causa
3302 1196 3565 1257 angantur
3583 1191 3608 1243 ἲ

2024 1274 2281 1331 Existima
2309 1285 2359 1332 te
2385 1292 2597 1349 quoque
2623 1294 2786 1334 unum
2812 1293 2880 1334 ex
2901 1278 3007 1333 illis
3033 1293 3176 1347 esse,
3205 1288 3260 1335 et
3302 1278 3384 1335 fer
3408 1297 3604 1336 terum-

2024 1382 2149 1423 nam
2173 1382 2238 1424 ac
2258 1368 2498 1426 dolorem
2522 1410 2537 1436 ,
2564 1385 2662 1439 spe
2690 1370 2989 1427 futurorum
3038 1370 3299 1428 bonorum
3348 1374 3602 1429 nutritus.

2021 1458 2137 1515 Non
2162 1468 2216 1515 tu
2231 1475 2292 1516 es
2319 1460 2481 1517 Paulo
2505 1462 2718 1528 melior,
2743 1477 2850 1518 non
2871 1463 3032 1519 Petro
3061 1479 3075 1516 :
3104 1463 3296 1534 quibus
3316 1480 3604 1535 numquam

2021 1551 2188 1606 otium
2215 1551 2395 1607 datum
2424 1560 2535 1619 est;
2565 1553 2657 1624 qui
2687 1554 2739 1608 in
2772 1553 2910 1609 fame
2925 1563 2981 1609 ct
3000 1554 3088 1609 siti
3113 1562 3166 1609 et
3182 1554 3422 1610 nuditate
3439 1565 3602 1611 totam

2022 1645 2185 1699 vitam
2210 1643 2575 1701 confecerunt.
2613 1644 2671 1701 Si
2698 1645 2886 1701 eadem
2916 1654 3076 1715 atque
3100 1644 3174 1701 illi
3201 1645 3283 1701 vis
3308 1647 3561 1717 consequi
3587 1689 3603 1712 ,

2020 1749 2123 1792 cur
2148 1735 2473 1791 contrariam
2506 1736 2705 1792 insistis
2733 1736 2918 1791 viam?
2945 1737 2991 1791 si
3034 1735 3102 1792 ad
3146 1737 3413 1792 civitatem
3458 1736 3603 1793 illam

2020 1827 2101 1882 vis
2128 1826 2430 1897 pervenire,
2457 1842 2561 1898 qua
2588 1827 2664 1882 illi
2694 1827 2840 1899 digni
2870 1826 2995 1883 lacti
3025 1836 3191 1896 sunt,
3225 1828 3370 1883 illam
3417 1844 3602 1899 perse-

2018 1932 2184 1989 quere
2207 1917 2348 1973 viam
2375 1933 2494 1989 quae
2522 1918 2646 1974 illuc
2673 1918 2797 1974 fert.
2828 1918 2945 1974 Non
2975 1918 3101 1974 illuc
3126 1919 3221 1975 otii
3247 1918 3354 1975 fert
3377 1921 3479 1986 via,
3505 1922 3603 1977 sed

2017 2023 2270 2065 utrumme
2298 2026 2314 2063 :
2342 2008 2431 2064 illa
2460 2008 2587 2077 lata,
2613 2008 2728 2064 hmc
2754 2018 2980 2080 angusta
3005 2018 3107 2065 est.
3140 2009 3251 2065 Hac
3294 2010 3399 2066 iter
3439 2013 3601 2067 facia-

2017 2116 2159 2167 mus,
2186 2109 2243 2155 ut
2266 2114 2660 2171 consequamur
2688 2110 2945 2161 aeternam
2976 2101 3140 2155 vitam
3167 2101 3219 2156 in
3240 2100 3455 2158 Christo
3474 2101 3602 2158 Jesu

2016 2190 2245 2247 Domino
2266 2201 2472 2258 nostro,
2502 2206 2622 2246 cum
2651 2206 2759 2262 quo
2787 2191 2932 2247 Patri
2957 2192 3223 2263 simulque
3247 2203 3435 2250 sancto
3474 2194 3600 2265 Spi-

2015 2283 2140 2338 ritui
2164 2283 2356 2353 gloria,
2385 2284 2693 2354 imperium,
2723 2282 2920 2353 honos,
2952 2299 3094 2341 nunc
3122 2294 3179 2341 et
3205 2300 3442 2356 semper,
3465 2297 3520 2342 et
3547 2287 3599 2341 in

2013 2373 2215 2429 saecula
2240 2373 2580 2430 saeculorum.
2611 2375 2806 2430 Amen.

325 2536 3563 2577 ww

448 2721 558 2780 AD
596 2720 997 2782 HOMILIAS
1040 2721 1103 2782 S.
1149 2719 1486 2783 JOANNIS
1521 2719 2093 2783 CHRYSOSTOMI
2126 2720 2209 2782 IN
2236 2719 2695 2782 EPISTOLAM
2739 2719 2848 2779 AD
2889 2715 3461 2780 COLOSSENSES.

398 2909 460 2963 ln
493 2908 645 2965 hisce
668 2924 837 2980 porro
862 2908 1222 2965 concionibus
1256 2907 1427 2963 multa
1456 2908 1719 2965 discimus
1745 2907 1815 2963 de
1848 2907 1957 2964 ritu
1981 2908 2244 2964 Ecclesiae
2272 2906 2893 2978 Constantinopolitanae
2935 2905 2991 2960 in
3020 2903 3301 2975 Liturgia;
3333 2903 3588 2972 interque

318 3026 435 3081 alia
465 3025 672 3080 dicitur
709 3039 903 3096 pacem
930 3024 1255 3095 innumeris,
1272 3040 1415 3096 pene
1454 3024 1667 3080 vicibus
1699 3024 1847 3080 inter
1869 3023 2139 3079 orandum
2170 3023 2397 3094 petitam
2443 3023 2634 3079 fuisse.
2679 3021 2937 3089 Quaedam
2965 3020 3132 3077 etiam
3173 3029 3477 3077 occurrunt
3521 3018 3591 3073 de

323 3128 594 3199 Ecclesiae
616 3139 878 3210 Opinione
913 3149 1083 3210 atque
1112 3140 1419 3208 sententia;
1452 3139 1689 3210 exempli
1732 3154 1895 3196 causa
1937 3138 2006 3195 de
2046 3138 2260 3211 angelis
2284 3138 2628 3204 custodibus,
2658 3136 2752 3209 qui
2782 3135 2985 3209 singuli
3013 3134 3247 3206 singulis
3275 3134 3593 3191 hominibus

323 3256 399 3311 ad
436 3254 666 3310 tutelam
702 3253 1074 3325 assignantur.

404 3411 473 3468 Ut
500 3417 623 3467 erat
648 3407 1078 3481 Chrysostomus
1106 3422 1294 3473 verax,
1323 3405 1467 3477 aequi
1507 3421 1718 3471 amans,
1746 3414 1803 3461 et
1824 3404 1893 3461 ad
1928 3404 2205 3478 carpenda
2246 3404 2380 3461 vitia
2422 3419 2651 3477 pronus,
2678 3420 2747 3461 ne
2773 3405 3094 3475 Imperatori
3126 3406 3352 3477 quidem
3380 3403 3592 3475 parcit;

329 3529 432 3588 sed
468 3524 848 3582 Theodosium
889 3524 1167 3595 Magnum,
1201 3522 1332 3579 licet
1375 3521 1543 3578 tacito
1565 3522 1812 3590 nomine,
1845 3521 2023 3594 carpit
2049 3522 2201 3577 hom.
2237 3522 2492 3594 septima,
2518 3540 2577 3578 n.
2603 3522 2658 3589 3,
2687 3522 2835 3593 quod
2863 3520 3263 3579 Antiochenam
3289 3521 3592 3588 civitatem,

325 3646 602 3710 oll'ensus,
624 3643 856 3714 perdere
877 3657 945 3697 ac
963 3640 1252 3697 destruere
1278 3640 1540 3697 voluerit.
1570 3640 1986 3712 lmperatricem
2008 3654 2166 3706 vero,
2188 3639 2489 3697 Eudociam
2521 3654 2741 3710 nempe,
2765 3654 2877 3693 non
2898 3638 3095 3694 leviter
3118 3638 3421 3694 insectatur
3442 3637 3592 3692 hom.

324 3757 570 3822 decima,
597 3770 752 3811 num.
782 3756 817 3810 4
840 3763 898 3810 et
932 3754 989 3819 ὅ,
1018 3753 1091 3809 ob
1121 3755 1314 3809 luxum
1345 3752 1579 3807 nimium
1620 3761 1679 3808 et
1719 3752 1976 3823 profusos
2006 3750 2062 3807 in
2087 3767 2270 3808 veStes
2297 3768 2493 3808 aureas
2520 3758 2791 3823 sumptus,
2817 3751 2912 3822 qui
2939 3750 3203 3807 membris
3224 3750 3430 3807 Christi
3462 3764 3598 3821 pau-

329 3872 565 3943 peribus
590 3870 840 3943 tegendis
877 3879 1045 3942 atque
1074 3869 1329 3926 fovendis
1355 3868 1660 3940 deputandi
1686 3877 1864 3926 erant.
1894 3870 1975 3926 Ex
2005 3868 2111 3925 hac
2142 3883 2308 3941 porro
2332 3876 2479 3924 tanta
2501 3869 2728 3925 dicendi
2758 3869 3037 3935 libertate,
3070 3868 3203 3939 quid
3226 3868 3448 3924 demum
3475 3883 3600 3923 san-

328 3996 425 4042 cto
452 3987 676 4044 Doctori
700 3987 987 4056 acciderit,
1021 3988 1239 4059 ignorat
1259 4001 1444 4056 nemo,
1468 3996 1527 4044 et
1551 4003 1655 4045 nos
1676 3987 1930 4060 pluribus
1956 3986 2338 4044 recensuimus
2360 3988 2417 4043 in
2441 3987 2692 4060 ejusdem
2715 3988 2857 4044 Vita.

400 4144 526 4201 Non
551 4144 783 4201 deerant
810 4145 1017 4200 oratori
1049 4152 1298 4212 strenuo,
1333 4145 1534 4210 dicaci,
1572 4145 1717 4217 tequi
1755 4145 2000 4217 bonique
2031 4145 2255 4217 cupido,
2299 4159 2422 4217 quae
2469 4145 2528 4201 in
2571 4142 3316 4214 Constantinopolitanorum
3354 4138 3605 4196 moribus

326 4269 592 4334 carperet
610 4270 671 4319 et
693 4262 1075 4329 insectaretur.
1101 4261 1241 4317 Nam
1264 4261 1499 4319 divitum
1521 4272 1709 4319 tantus
1734 4271 1856 4321 erat
1882 4263 2069 4331 luxus,
2096 4262 2236 4320 tanti
2266 4261 2324 4318 in
2352 4260 2558 4319 mensis
2583 4270 2883 4333 apparatus
2907 4268 3070 4330 atque
3098 4264 3370 4329 sumptus,
3401 4265 3463 4311 ιιι
3493 4271 3603 4311 non

329 4382 458 4437 sine
489 4389 721 4452 stupore
749 4382 1004 4453 legantur
1031 4397 1097 4437 ea
1123 4397 1246 4452 quae
1278 4383 1370 4439 ille
1395 4384 1453 4439 in
1482 4383 1707 4440 homilia
1733 4385 1933 4457 prima,
1967 4400 2124 4441 num.
2154 4386 2186 4440 4
2219 4391 2490 4439 recenset.
2518 4382 2741 4438 Plebem
2766 4391 2972 4445 autem,
3004 4378 3114 4433 imo
3143 4375 3604 4443 Constantinopo-

331 4498 541 4551 litanos
571 4511 766 4552 omnes
788 4497 913 4568 jure
953 4497 1210 4570 objurgat
1248 4507 1305 4553 ct
1345 4498 1604 4566 incessit;
1640 4501 1789 4570 quod
1814 4501 1975 4558 multi
2000 4500 2187 4556 omnia
2226 4499 2467 4555 humana
2496 4497 2609 4553 fato
2652 4495 2785 4552 ferri
2817 4494 3068 4550 dicerent
3106 4500 3273 4562 atque
3312 4496 3603 4561 putarent,

335 4612 580 4683 ideoque
624 4612 722 4668 Dei
765 4612 1174 4684 providentiam
1222 4613 1359 4669 nihil
1400 4624 1696 4681 curarent;
1740 4615 1885 4687 quod
1915 4616 2137 4687 plurimi
2182 4613 2646 4673 resurrectionem
2691 4618 2987 4683 negarent;
3018 4607 3167 4681 quod
3194 4607 3610 4665 observationes

336 4728 563 4784 dierum
588 4727 738 4799 apud
767 4727 893 4783 illos
920 4729 1172 4800 vigerent
1203 4745 1218 4782 :
1250 4728 1357 4783 hoc
1387 4743 1522 4784 vero
1560 4745 1735 4802 genus
1761 4731 2175 4803 superstitionis
2209 4731 2307 4787 diu
2346 4730 2693 4802 multumque
2726 4728 2784 4785 in
2811 4725 3251 4785 occidentalibus
3284 4726 3453 4783 etiam
3479 4741 3607 4796 par-

338 4847 497 4902 tibus
528 4844 783 4913 invaluit,
812 4855 875 4901 ut
903 4846 1036 4902 alibi
1069 4845 1592 4904 demonstravimus.
1627 4847 1909 4920 Ligamina
1951 4849 2142 4916 etiam,
2172 4863 2296 4921 qua:
2327 4861 2502 4920 graece
2527 4846 2805 4920 περίαπτα
2835 4845 3123 4911 dicuntur,
3150 4852 3210 4900 et
3237 4843 3372 4900 alias
3411 4841 3613 4897 multas

340 4958 777 5031 spu'erstitiones
800 4962 947 5033 apud
978 4960 1105 5016 illos
1132 4960 1420 5016 observari
1446 4961 1582 5019 dicit
1605 4962 1756 5019 hom.
1786 4972 2000 5031 octava,
2025 4979 2179 5020 num.
2212 4963 2267 5019 5.
2296 4961 2503 5019 Morem
2531 4976 2753 5033 quoque
2780 4959 3014 5016 omnino
3036 4958 3406 5016 damnandum
3436 4955 3614 5011 insec-

344 5087 524 5145 tatur,
551 5077 701 5150 quod
727 5094 927 5150 nempe
950 5077 1546 5150 Constantinopolitani
1575 5080 1930 5137 meretricum
1952 5096 2163 5137 cuneos
2189 5079 2259 5136 ad
2281 5077 2505 5150 nuptias
2528 5074 2888 5134 celebrandas
2906 5075 3261 5134 advocarent.

412 5233 708 5306 Singulare
735 5239 965 5297 omnino
990 5251 1077 5298 est
1105 5242 1161 5298 id
1192 5243 1340 5314 quod
1365 5241 1501 5299 dicit
1526 5242 1676 5298 hom.
1708 5240 1961 5312 septima,
1994 5255 2147 5295 num.
2178 5239 2230 5306 5,
2250 5255 2450 5312 nempe
2474 5252 2660 5311 regem
2682 5238 2979 5295 Persarum
2995 5235 3221 5306 illoipso
3245 5246 3357 5303 quo
3379 5227 3619 5296 Chryso-

339 5360 561 5405 stomus
594 5352 1030 5411 concionahatur
1063 5365 1331 5429 tempore,
1383 5357 1610 5413 barbam
1646 5356 1905 5411 habuisse
1934 5371 2179 5411 auream.
2222 5354 2495 5411 Prolixam
2538 5362 2709 5419 certe,
2740 5351 2967 5408 densam
3001 5355 3057 5405 et
3090 5342 3422 5418 adjectitiam
3449 5336 3618 5393 fuisse

342 5474 539 5527 regum
571 5461 868 5518 Persarum
903 5464 1131 5522 barbam
1161 5468 1429 5540 exemplis
1456 5477 1509 5525 et
1540 5467 1916 5525 schematibus
1945 5468 2304 5526 confirmatur
2334 5469 2390 5526 in
2413 5465 2753 5539 Antiquitate
2778 5462 3066 5534 explanata
3088 5457 3245 5516 Tom.
3273 5457 3337 5524 ὃς
3369 5453 3460 5509 hic
3487 5464 3616 5506 vero
3644 5466 3645 5469 ‘

343 5571 610 5643 adjicitur
642 5592 765 5633 eam
810 5577 979 5636 fuisse
1017 5595 1263 5637 auream.

419 5739 946 5813 interpretationem
974 5742 1225 5802 Latinam
1255 5742 1512 5801 Ceutiani
1548 5743 1771 5802 llcrveti
1794 5744 2050 5818 plurimis
2078 5746 2135 5802 in
2168 5743 2304 5803 locis
2336 5743 2743 5817 castigavimus.
