4032 6504
1364 1155 1774 1245 SANCTI
1849 1154 2276 1247 PATRIS
2349 1154 2787 1251 NOSTRI

465 1572 1593 1784 JOANNIS
1697 1574 3685 1844 CHRYSOSTOMI,

1372 2088 1885 2149 ARCIIIEPISCOP!
1938 2088 2775 2159 CONSTANTINOPOLITANI,

669 2433 776 2514 IN
859 2432 1427 2519 EPISTULAM
1506 2442 1641 2519 AD
1717 2440 2420 2524 COLOSSENSES
2493 2440 3308 2525 COMMENTARIUS
3368 2431 3479 2519 (⁸⁷).

1849 3068 2162 3130 IIOMILIA
2229 3072 2277 3131 Ι.

423 3349 553 3406 ειν.
586 3343 639 3401 1.
668 3358 723 3397 v.
750 3341 804 3397 1.
831 3337 1031 3395 Paulus
1054 3333 1314 3408 apostolus
1341 3331 1468 3389 Iesu
1494 3330 1682 3389 Christi
1708 3348 1797 3402 per
1823 3332 2004 3388 volun-

493 3448 645 3493 tatem
672 3432 787 3499 Dei,
822 3440 866 3485 et
887 3426 1181 3484 Timotheus
1209 3429 1385 3497 frater,
1406 3422 1462 3480 2.
1491 3424 1557 3479 iis
1580 3423 1667 3493 qui
1685 3433 1800 3478 sunt
1820 3423 2000 3479 Colos-

494 3531 564 3585 sis
593 3528 782 3583 sanctis
815 3533 859 3578 et
898 3521 1131 3591 ﬁdelibus
1158 3517 1399 3590 fratribus
1429 3517 1481 3571 in
1512 3515 1714 3571 Christo
1742 3515 1899 3582 Iesu,
1941 3517 1997 3572 3.

491 3620 656 3693 gratia
684 3619 822 3673 vobis
851 3625 898 3671 et
941 3630 1044 3686 paa:
1069 3630 1102 3668 a
1145 3610 1254 3667 Deo
1281 3609 1440 3665 Patre
1475 3617 1646 3665 nostro
1693 3618 1740 3665 et
1781 3607 2000 3709 Domino

491 3716 615 3768 Jesu
645 3710 870 3767 Christo.

490 3806 543 3859 1.
575 3802 785 3857 Sanctae
803 3795 1017 3869 quidem
1045 3804 1168 3850 sunt
1192 3806 1384 3849 omnes
1411 3790 1667 3862 Epistolte
1689 3789 1868 3856 Pauli;
1900 3789 1999 3845 ali-

417 3893 543 3965 quid
570 3902 750 3946 autem
785 3888 983 3942 habent
1006 3885 1235 3955 amplius
1259 3898 1338 3939 ea:
1360 3923 1377 3951 ,
1404 3897 1523 3953 qua:
1552 3881 1645 3937 illo
1672 3881 1849 3936 vincto
1875 3881 1999 3935 mit-

277 4010 299 4017 ο
418 3994 641 4048 ιιιιιιυιι,
686 3975 986 4048 cujusmodi
1024 3983 1150 4031 sunt
1198 3972 1451 4042 Epistula:
1486 3971 1554 4027 ad
1588 3970 1872 4041 Ephesios,
1926 3969 1995 4025 ad

414 4076 805 4137 Philemonem,
827 4069 895 4125 ad
935 4065 1296 4133 Timotheum,
1335 4072 1390 4119 et
1408 4064 1523 4119 lucc
1547 4076 1826 4133 praesens:
1869 4076 1993 4116 nam

414 4187 480 4229 ca
527 4180 739 4240 quoque
792 4165 953 4219 missa
997 4167 1080 4215 est
1105 4173 1226 4213 cum
1252 4164 1396 4213 esset
1446 4156 1500 4211 in
1549 4154 1800 4221 vinculis,
1852 4154 1992 4209 sicut

415 4262 659 4319 scribens
679 4256 892 4314 dicebat
922 4271 937 4309 :
969 4253 1191 4323 Propter
1212 4249 1348 4320 quod
1365 4249 1518 4303 etiam
1553 4247 1746 4301 vinctus
1765 4262 1878 4300 sum
1897 4285 1915 4312 ,
1938 4254 1994 4301 ut

414 4353 729 4424 ntanifestem
748 4347 879 4402 illud
906 4342 978 4398 ita
1003 4352 1059 4397 ut
1084 4349 1280 4413 oportet
1305 4355 1385 4393 me
1403 4338 1546 4409 loqui
1573 4336 1711 4407 (Col.
1742 4336 1799 4393 4.
1827 4337 1882 4393 3.
1907 4337 1988 4406 4).

414 4446 521 4503 Sed
547 4445 662 4499 haec
686 4440 893 4497 videtur
914 4451 1036 4493 esse
1059 4433 1322 4506 posterior
1347 4430 1586 4502 Epistula
1610 4428 1676 4484 ad
1697 4428 1990 4485 Romanos.

412 4538 544 4593 Nam
571 4533 717 4589 illam
742 4530 959 4601 quidem
1006 4525 1222 4596 scripsit
1270 4538 1394 4578 cum
1442 4522 1711 4577 Romanos
1755 4520 1991 4575 nondum

412 4628 656 4688 vidisset,
687 4623 823 4677 hanc
847 4631 1024 4675 autem
1046 4632 1167 4672 cum
1190 4614 1303 4685 jam
1334 4613 1572 4678 vidisset,
1619 4618 1676 4667 et
1709 4609 1819 4680 jam
1847 4618 1991 4665 esset

413 4722 467 4774 in
522 4718 625 4771 line
654 4710 1069 4784 praedicationis.
1103 4706 1254 4761 Illinc
1280 4713 1460 4759 autem
1486 4712 1569 4758 est
1598 4702 1937 4771 perspicuum
1969 4715 1986 4753 :

408 4810 539 4865 dicit
582 4806 726 4861 enim
757 4804 809 4858 in
836 4798 1072 4871 Epistola
1099 4796 1167 4852 ad
1197 4796 1583 4857 Philemonem,
1612 4790 1741 4846 Cum
1765 4791 1836 4845 sis
1871 4790 1988 4844 talis

410 4916 468 4957 ut
500 4899 696 4955 Paulus
713 4910 867 4952 senes:
891 4891 1143 4964 (Philem.
1170 4886 1251 4959 9),
1272 4895 1327 4965 et
1356 4898 1548 4955 rogans
1574 4898 1672 4953 pro
1705 4881 1983 4938 Onesimo:

412 4997 464 5050 in
486 4994 585 5047 hac
602 4998 781 5045 autem
804 4984 965 5040 mittit
987 4983 1159 5053 ipsum
1181 4978 1510 5041 Onesimum,
1531 4975 1669 5029 sicut
1693 4972 1841 5039 dicit,
1859 4970 1987 5028 Cum

413 5086 652 5141 Onesimo
680 5080 822 5152 fideli
847 5088 893 5133 et
916 5077 1096 5131 dilecto
1122 5077 1282 5146 fratre
1329 5068 1465 5141 (Col.
1493 5069 1547 5125 4.
1571 5064 1664 5138 9);
1692 5065 1901 5121 ﬁdelem
1931 5073 1988 5119 et

408 5178 684 5237 dilectum,
705 5180 762 5228 et
791 5169 1008 5225 fratrem
1037 5180 1158 5221 eum
1189 5176 1405 5217 vocans.
1432 5156 1792 5227 Quamobrem
1819 5154 1986 5210 conti-

408 5269 602 5324 denter
627 5262 758 5318 dicit
805 5261 861 5315 in
907 5258 1009 5312 hac
1057 5252 1295 5325 Epistola
1325 5268 1338 5307 :
1372 5251 1415 5303 A
1456 5265 1545 5319 spe
1584 5246 1825 5317 evangelii
1850 5243 1985 5315 quod

404 5348 638 5425 audistis,
665 5354 800 5427 quod
827 5350 1156 5423 praedicatum
1181 5355 1254 5401 est
1288 5345 1340 5398 in
1361 5342 1595 5396 universa
1623 5348 1854 5414 creatura
1873 5351 1986 5427 qum

392 5434 497 5506 ‘sub
524 5450 649 5505 etelo
692 5456 764 5503 est
794 5443 955 5515 (Ibid.
986 5444 1037 5497 1.
1066 5439 1182 5511 9.5).
1214 5436 1333 5492 iam
1374 5433 1515 5489 enim
1562 5439 1772 5500 tempus
1812 5426 1982 5482 habe-

406 5543 497 5600 bat
523 5540 853 5612 prazdiratio.
909 5535 1019 5590 llac
1043 5546 1171 5602 ergo
1199 5527 1450 5585 existimo
1475 5537 1595 5579 esse
1621 5520 1975 5592 posteriorem

472 5715 791 5778 (a)1iomilise
818 5715 867 5778 in
906 5707 1167 5778 Epistolam
1207 5704 1266 5753 ad
1288 5702 1605 5778 Clqlqsscnsesz‘
1637 5698 1826 5778 sigillata;
1845 5699 1981 5778 tst‘tgt

405 5755 1142 5834 ώιῖἱόὦῖέὶῖυιξίοἲῡέδζεὶ
1173 5780 1285 5819 cum
1317 5762 1609 5817 Colbcrtiuis
1637 5760 1731 5811 909
1764 5766 1816 5810 et
1838 5755 1978 5807 tias.

2112 3337 2407 3411 Epistolam
2431 3342 2499 3400 ad
2525 3344 2888 3416 Timotheum,
2911 3362 3032 3418 qum
3071 3347 3285 3406 circiter
3308 3350 3424 3422 ejus
3459 3362 3685 3411 mortem

2109 3432 2306 3503 scripta
2331 3432 2460 3489 fuit:
2486 3435 2595 3491 illic
2624 3439 2765 3492 enim
2787 3437 2938 3505 dicit,
2963 3437 3076 3510 Ego
3098 3440 3229 3493 enim
3250 3441 3362 3512 jam
3389 3441 3581 3496 delibor
3605 3445 3683 3513 (2.

2112 3520 2244 3576 Tim.
2270 3524 2323 3579 4.
2348 3524 2381 3579 6
2410 3526 2452 3595 ).
2495 3526 2591 3582 Est
2616 3543 2746 3582 vero
2778 3530 2892 3587 haec
2918 3531 3141 3598 epistola
3167 3532 3433 3601 antiquior
3454 3532 3539 3587 illa
3565 3550 3684 3603 qua:

2106 3615 2305 3686 scripta
2321 3626 2404 3673 est
2424 3617 2490 3673 ad
2502 3618 2636 3674 Phili
2644 3635 2900 3690 ppenscs:
2918 3621 3024 3677 illic
3043 3622 3183 3677 enim
3207 3631 3331 3678 tunc
3344 3633 3483 3692 erat,
3501 3627 3686 3682 vincu-

2106 3708 2277 3764 lorum
2309 3725 2428 3780 quze
2466 3711 2684 3768 luerunt
2722 3713 2905 3769 Roma:
2934 3714 3141 3770 habens
3166 3714 3393 3771 initium.
3424 3717 3533 3774 Cur
3554 3734 3683 3790 ergo

2103 3799 2226 3856 dico
2247 3800 2344 3856 has
2359 3803 2615 3873 epistolas
2635 3805 2753 3874 plus
2778 3804 2976 3862 habere
2996 3821 3154 3877 quam
3178 3807 3341 3862 alias?
3367 3808 3658 3879 Propterea

2103 3892 2246 3964 quod
2286 3908 2378 3947 eas
2417 3895 2681 3950 scriberet
2705 3911 2825 3950 cum
2856 3906 2999 3952 esset
3027 3896 3082 3951 in
3108 3897 3334 3953 vinculis
3378 3915 3393 3952 :
3432 3901 3563 3956 utsi
3593 3903 3676 3957 vir

2104 3986 2257 4043 fortis
2288 3986 2569 4054 scriberet,
2617 4002 2648 4042 a
2676 3987 2911 4043 caedibus
2955 3988 3168 4044 interim
3194 3989 3457 4046 desistens
3484 4002 3539 4048 et
3562 4002 3671 4049 tro-

2102 4078 2253 4148 ptuis,
2286 4078 2365 4133 sic
2392 4077 2521 4148 ipsis
2544 4094 2757 4149 quoque
2785 4077 3032 4134 faciebat.
3054 4078 3269 4136 Sciebat
3297 4082 3440 4137 enim
3465 4084 3555 4139 ille
3575 4085 3677 4139 hoc

2102 4183 2225 4224 esse
2252 4184 2499 4239 ntagnum
2524 4187 2538 4223 :
2566 4170 2634 4224 ad
2667 4170 3036 4226 Philemonem
3063 4171 3205 4227 enim
3236 4173 3496 4240 scribens,
3525 4175 3674 4243 dicit,

2106 4262 2267 4328 Quem
2296 4261 2445 4332 genui
2471 4261 2522 4315 in
2544 4262 2755 4315 vinculis
2783 4263 2904 4316 meis
2925 4260 3175 4331 (Philem.
3206 4262 3322 4334 10).
3347 4263 3471 4319 Haec
3497 4275 3675 4322 autem

2099 4353 2250 4420 dixit,
2283 4368 2352 4407 ne
2393 4352 2446 4406 in
2480 4353 2639 4408 rebus
2665 4352 2904 4409 adversis
2931 4361 2987 4408 et
3013 4354 3220 4423 asperis
3247 4353 3434 4408 dolore
3469 4355 3673 4410 at‘liciao

2100 4462 2249 4510 mur;
2277 4445 2373 4502 sed
2395 4446 2554 4500 etiam
2574 4446 2833 4500 laetemur.
2863 4444 2961 4499 llic
2977 4454 3091 4500 erat
3105 4444 3243 4515 apud
3260 4458 3354 4502 eos
3374 4445 3669 4505 Philemon:

2097 4539 2296 4595 etenim
2344 4536 2455 4592 illic
2496 4537 2739 4592 scribens
2764 4534 2913 4602 dicit,
2944 4533 3011 4589 Et
3048 4535 3308 4605 Archippo
3345 4537 3672 4591 commilitoni
3704 4528 3707 4531 ’

2096 4642 2267 4684 nostro
2291 4627 2449 4700 (Ibid.
2476 4628 2566 4700 2);
2591 4636 2644 4682 et
2674 4626 2780 4690 hic,
2812 4624 2979 4681 Dicite
3007 4626 3264 4695 Archippo
3307 4625 3443 4697 (Col.
3468 4625 3525 4681 4.
3559 4628 3665 4695 1η).

2096 4721 2322 4777 Videtur
2347 4735 2508 4791 porro
2536 4721 2658 4774 huic
2681 4718 2849 4774 fuisse
2878 4717 3184 4772 mandatum
3224 4717 3438 4787 aliquod
3476 4732 3668 4774 munus

2096 4811 2373 4869 Ecclesiae.
2403 4810 2514 4867 Nec
2539 4810 2636 4865 hos
2673 4818 2851 4865 autem
2880 4809 3106 4873 viderat,
3154 4823 3327 4878 neque
3372 4808 3663 4871 Romanos,

2096 4920 2268 4976 neque
2292 4903 2565 4971 Hebraeos,
2594 4902 2808 4973 quando
2834 4900 2901 4956 ad
2928 4916 3023 4957 eos
3061 4901 3347 4956 scribebat.
3379 4901 3554 4969 Atque
3597 4900 3666 4955 de

2096 4998 2199 5053 illis
2227 4994 2441 5067 quidem
2463 4994 2640 5048 multis
2670 4993 2720 5046 in
2747 4993 2880 5048 locis
2900 4991 2952 5046 id
2982 4989 3261 5061 signiﬁcat;
3280 4990 3349 5045 de
3375 4990 3457 5044 his
3484 5000 3661 5044 autem

2093 5089 2215 5144 audi
2247 5102 2369 5144 eum
2398 5085 2664 5141 dicentem
2686 5102 2699 5139 :
2722 5082 2784 5137 Et
2801 5084 3101 5153 quicumque
3122 5098 3219 5135 non
3242 5081 3664 5153 videruntfariem

2093 5198 2256 5236 meant
2276 5181 2330 5234 in
2353 5194 2543 5244 carne;
2572 5186 2627 5234 et
2650 5190 2858 5241 rursus,
2886 5174 2955 5229 Et
2998 5174 3043 5229 si
3081 5173 3255 5227 absum
3284 5188 3455 5237 carne,
3483 5172 3664 5242 spiritu

2095 5287 2257 5330 tamen
2282 5291 2393 5328 sum
2407 5268 2851 5342 vobiscum(Col.9..
2866 5269 2885 5322 1
2902 5267 2998 5338 .5).
3016 5267 3087 5320 Ita
3110 5275 3321 5320 noverat
3344 5264 3539 5333 ubique
3551 5279 3664 5318 rem

2092 5380 2334 5436 magnam
2365 5379 2485 5419 esse
2509 5378 2658 5417 suam
2684 5359 3038 5430 praesentiam,
3068 5363 3121 5410 ct
3161 5371 3221 5410 se
3265 5369 3476 5424 semper
3500 5355 3660 5409 etiam

2092 5463 2365 5517 absentem
2413 5466 2679 5526 tamquam
2711 5460 3027 5523 pra-sentem
3058 5449 3271 5503 exhibet
3316 5455 3371 5501 ct
3405 5446 3582 5501 sistit:
3608 5452 3661 5500 et

2091 5554 2306 5627 quando
2330 5554 2477 5624 punit
2503 5550 2905 5612 lornicatorem,
2936 5545 3057 5599 vide
3081 5542 3349 5613 quomodo
3373 5558 3434 5598 se
3458 5542 3661 5612 judicio

2092 5658 2362 5717 tamquam
2390 5650 2709 5714 praesentem
2739 5640 2881 5694 sistit
2905 5654 2918 5690 :
2940 5652 3061 5691 nam
3087 5632 3196 5705 Ego
3216 5634 3440 5704 quidem,
3470 5633 3660 5702 inquit,

2094 5753 2350 5810 tamquam
2395 5737 2574 5792 absens
2605 5748 2837 5804 corpore,
2866 5744 3087 5792 presens
3114 5736 3280 5782 autem
3307 5725 3520 5801 spiritu,
3547 5726 3661 5796 iam
