3898 6556
180 408 286 467 Ml

181 521 413 584 iudicavi
434 530 687 593 tamquam
717 532 937 592 presens
951 535 971 586 ;
996 527 1050 576 et
1071 532 1279 584 rursus,
1335 517 1542 573 Veniam
1569 516 1638 570 ad
1661 531 1773 580 vos,

179 622 229 667 et
249 629 556 684 cognoscam
580 629 683 668 non
706 627 988 667 sermonem
1014 627 1189 666 eorum
1215 610 1301 680 qui
1329 618 1448 663 sunt
1474 608 1663 678 inﬂati,
1688 606 1778 661 sed

178 706 420 760 virtutem
438 707 486 777 (ι
498 743 513 757 .
531 703 766 762 Cor.5.3.
789 714 835 760 et
846 705 929 761 ΒΑ
939 705 1020 774 9);
1038 711 1093 757 et
1107 716 1316 765 rursus,
1335 700 1456 755 Non
1475 700 1639 755 solum
1652 699 1773 753 dum

174 798 367 852 adsunt
387 797 527 868 apud
542 814 649 864 vos,
666 796 755 852 sed
771 796 928 850 multo
942 794 1102 864 magis
1117 794 1240 848 dum
1250 793 1426 847 absum
1447 790 1678 862 (CalJJ
1689 789 1771 859 8).

177 885 387 942 Paulus
404 888 671 957 apostolus
684 885 717 940 J
724 902 811 942 esu
835 885 1023 941 Christi
1046 900 1135 954 per
1160 884 1467 938 voluntatem
1488 881 1602 935 Dei.
1626 879 1773 950 Ope-

172 993 257 1032 rae
283 980 516 1047 pretium
539 987 623 1034 est
644 986 823 1033 autem
845 977 1027 1032 dicere
1046 976 1205 1031 etiam
1231 981 1601 1044 argumentum
1631 969 1772 1040 quod

173 1070 492 1126 invenimus
513 1085 581 1127 ex
609 1070 856 1141 epistola.
888 1067 1167 1135 Quodnam
1196 1077 1376 1121 autem
1398 1074 1481 1121 est
1505 1063 1641 1117 hoc?
1672 1063 1773 1117 Per

171 1162 408 1232 angelos
432 1161 502 1216 ad
519 1162 683 1216 Deum
707 1158 1054 1225 accedebant,
1071 1157 1475 1212 observationes
1503 1154 1772 1210 habebant

170 1253 382 1308 multas
408 1262 464 1308 et
485 1251 737 1308 Judaicas
758 1259 814 1307 et
840 1248 1052 1306 Graecas
1072 1262 1169 1304 seu
1197 1247 1460 1303 ethnicus.
1491 1245 1613 1300 εἰπε
1640 1260 1770 1314 ergo

170 1345 406 1412 corrigit
437 1362 451 1397 :
485 1352 769 1415 propterea
794 1351 850 1398 et
878 1343 932 1397 in
963 1342 1115 1397 initio
1147 1340 1297 1402 dicit,
1331 1338 1435 1393 Per
1460 1339 1768 1393 voluntatem

170 1432 298 1490 Dei.
323 1435 464 1491 Ecce
485 1450 670 1490 rursus
685 1434 835 1501 illud,
852 1450 963 1503 per,
975 1434 1175 1503 posuit.
1193 1430 1256 1485 Et
1273 1430 1565 1485 Timotheus
1586 1433 1766 1499 frater,

172 1528 379 1599 inquit.
423 1529 567 1599 Ergo
595 1530 710 1598 ipse
753 1542 967 1598 quoque
996 1534 1113 1581 erat
1142 1525 1441 1595 apostolus.
1466 1522 1767 1578 Consenta-

158 1637 346 1679 neum
384 1630 562 1676 autem
590 1628 708 1676 erat
732 1634 855 1675 eum
884 1631 1098 1689 quoque
1140 1615 1309 1671 fuisse
1337 1624 1522 1670 notum
1564 1612 1769 1669 Sanctis

170 1714 267 1783 qui
292 1722 412 1767 sunt
440 1710 680 1791 Colossis,
714 1725 833 1782 qua:
863 1709 1084 1781 quidem
1111 1719 1227 1763 erat
1266 1707 1455 1763 civitas
1498 1704 1764 1777 Phrygia,

171 1806 345 1875 idque
373 1814 581 1861 constat
602 1819 670 1860 ex
697 1820 761 1860 eo
787 1803 930 1873 quod
956 1803 1025 1857 sit
1050 1802 1347 1872 propinqua
1370 1799 1669 1855 Laodicea}.
1696 1798 1768 1852 Et

172 1898 416 1967 ﬁdelibus
463 1897 707 1968 fratribus
753 1896 806 1949 in
851 1893 1074 1950 Christo.
1126 1892 1426 1957 Undcuam,
1461 1890 1651 1960 inquit,
1680 1889 1788 1953 die,

170 2006 335 2061 rogo,
367 1990 536 2046 factus
574 2005 634 2045 es
672 1989 932 2044 sanctus?
972 1986 1237 2042 undenam
1292 1986 1502 2039 vocaris
1545 1980 1766 2037 ﬁdelis?

171 2097 362 2138 annon
390 2082 532 2153 quod
569 2097 665 2152 per
691 2089 920 2135 mortem
949 2077 1148 2134 Christi
1180 2076 1324 2131 fuisti
1353 2074 1719 2130 sanctiﬁcatus
1739 2076 1764 2126 ζ’

170 2191 361 2229 annon
388 2172 529 2244 quod
555 2172 731 2228 credis
760 2171 813 2226 in
839 2168 1154 2225 Christum?
1197 2166 1474 2224 Undcuam
1507 2164 1675 2221 factus
1703 2179 1765 2220 es

172 2269 385 2323 frater?
411 2283 515 2321 non
543 2265 684 2321 enim
709 2265 761 2319 in
792 2278 975 2333 opere,
1011 2276 1185 2332 neque
1208 2262 1262 2316 in
1291 2273 1559 2324 sermone,
1588 2273 1765 2328 neque

171 2361 229 2414 in
271 2370 423 2414 recta
446 2358 661 2412 actione
690 2355 985 2427 apparuisti
1010 2354 1200 2409 ﬁdelis.
1227 2351 1503 2408 Undenam
1534 2358 1660 2406 sunt
1690 2350 1762 2404 ti-

171 2451 274 2516 bi,
308 2450 637 2519 dic,qu:eso,
672 2460 777 2503 tam
806 2448 970 2502 multa
1015 2445 1215 2501 credita
1261 2445 1554 2517 mysteria?
1585 2458 1763 2499 nonne

171 2550 401 2611 propter
450 2540 764 2595 Christum?
795 2537 974 2593 Gratia
996 2537 1133 2591 vobis
1171 2545 1218 2590 et
1245 2552 1348 2607 paa:
1383 2552 1415 2589 a
1450 2534 1561 2589 Deo
1609 2534 1766 2590 Patre

170 2642 371 2685 nostra.
400 2630 679 2687 Undenam
709 2629 861 2684 vobis
875 2629 1082 2699 gratia?
1108 2626 1375 2682 undenam
1397 2627 1536 2696 pax?
1564 2626 1609 2679 Α
1629 2625 1761 2693 Deo,

171 2723 373 2792 inquit,
402 2720 556 2774 Patre
580 2731 775 2775 nostra.
806 2720 963 2789 Atqui
996 2718 1049 2773 in
1075 2718 1177 2772 hac
1205 2732 1312 2773 non
1357 2717 1535 2787 posuit
1566 2731 1763 2771 nomen

171 2812 401 2870 Christi.
456 2813 637 2867 Dicam
668 2811 749 2866 eis
778 2812 865 2880 qui
898 2809 1182 2865 calumniis
1228 2810 1555 2863 insectantur
1597 2807 1765 2878 Spiri-

172 2916 292 2960 tum
329 2924 344 2959 :
376 2906 637 2960 undenam
672 2905 811 2959 Deus
841 2904 999 2958 Pater
1016 2902 1333 2959 servorum?
1358 2901 1476 2972 quis
1502 2916 1568 2956 ex
1594 2901 1765 2955 servis

173 3007 289 3053 tam
313 3014 502 3067 magna
525 2997 691 3067 gessit
715 3007 768 3051 et
795 2995 1091 3063 prmclara?
1117 2995 1236 3064 quis
1265 3003 1316 3049 te
1344 3004 1584 3050 sanctum
1605 2989 1765 3048 fecit?

172 3091 301 3160 quis
330 3088 575 3142 ﬁdelem?
605 3087 723 3156 quis
776 3085 940 3139 ﬁlium
976 3084 1111 3140 Dei?
1148 3084 1245 3151 Qui
1286 3094 1336 3139 te
1379 3084 1503 3139 fecit
1546 3083 1651 3138 ﬁde
1681 3083 1764 3138 di-

173 3198 366 3255 gnum,
388 3183 430 3238 is
458 3196 668 3251 quoque
690 3180 783 3234 luit
804 3193 963 3233 causa
986 3186 1044 3233 ut
1070 3178 1162 3232 tibi
1188 3177 1366 3231 omnia
1390 3176 1760 3232 crederentur.

250 3274 306 3327 9..
356 3271 567 3326 Fideles
614 3272 756 3325 enim
798 3284 1087 3335 vocamur,
1124 3282 1230 3322 non
1275 3267 1446 3323 solum
1481 3276 1765 3338 propterea

174 3364 324 3437 quod
348 3363 626 3419 credamus
652 3403 666 3427 ,
695 3361 789 3416 scd
820 3362 979 3415 etiam
1011 3359 1158 3431 quod
1183 3375 1214 3414 a
1242 3359 1352 3414 Deo
1381 3359 1581 3414 credita
1612 3359 1765 3415 nobis

174 3461 289 3513 sint
319 3456 568 3528 mysteria
595 3496 611 3521 ,
640 3470 759 3524 qua:
786 3470 853 3507 ne
881 3453 1056 3525 angeli
1078 3450 1293 3522 quidem
1320 3460 1445 3505 ante
1476 3465 1572 3505 nos
1604 3466 1768 3507 nove-

174 3559 326 3605 runt.
359 3548 464 3603 Sed
498 3546 957 3603 indiscriminatim
1002 3544 1119 3599 hazc
1159 3545 1237 3599 sic
1276 3542 1504 3612 ponebat
1545 3542 1763 3600 Paulus.

178 3639 389 3695 Gratias
413 3639 610 3707 agimus
636 3637 740 3691 Deo
774 3635 921 3689 Patri
946 3633 1155 3689 Domini
1196 3635 1354 3688 nostri
1395 3634 1521 3688 Jesu
1554 3633 1763 3689 Christi.

176 3731 309 3786 Mihi
340 3730 549 3783 videtur
572 3726 750 3783 omnia
769 3727 911 3781 Patri
935 3727 1252 3791 attribuere,
1278 3727 1347 3780 ita
1372 3735 1429 3780 ut
1462 3742 1565 3780 non
1586 3728 1765 3781 statim

183 3839 286 3879 eos
318 3822 559 3880 oﬁ‘endat
591 3821 788 3876 oratio.
891 3817 1105 3887 Semper
1124 3834 1216 3888 pro
1242 3818 1378 3871 vobis
1405 3828 1626 3872 orantes.
1651 3817 1765 3873 Non

175 3916 358 3971 solum
390 3928 485 3983 per
511 3913 796 3983 gratiarum
824 3912 1109 3978 actionem,
1140 3910 1231 3966 sed
1261 3919 1316 3965 et
1342 3926 1435 3979 per
1457 3921 1767 3981 perpetuam

176 4008 481 4061 orationem
505 4004 737 4059 ostendit
755 4003 1119 4069 dilectionem,
1148 4003 1288 4073 quod
1313 4004 1471 4059 etiam
1498 4019 1632 4075 quos
1658 4018 1765 4067 non

174 4100 393 4156 viderat
415 4113 628 4165 semper
656 4097 792 4167 apud
823 4111 881 4152 se
912 4096 1161 4152 habebat.
1196 4095 1283 4169 [4.
1315 4097 1587 4152 Audientes
1614 4098 1768 4165 [idem

176 4203 398 4249 vestram
424 4193 476 4244 in
504 4190 704 4247 Christo
729 4190 1024 4245 Jesu.Cum
1048 4190 1294 4260 superius
1315 4190 1529 4257 dixerit,
1556 4189 1768 4246 Domini

177 4287 379 4351 nostri,
414 4284 533 4351 hic,
573 4283 699 4338 Jesu
725 4281 954 4347 Christi,
984 4283 1079 4337 ait.
1111 4284 1226 4352 Ipse
1265 4291 1348 4338 est
1378 4282 1653 4348 Dominus,
1687 4286 1765 4339 in-

178 4379 301 4447 quit
330 4396 344 4432 :
378 4392 548 4447 neque
574 4376 728 4441 dixit,
762 4375 915 4431 Servi
958 4374 1087 4430 Jesu
1127 4374 1323 4429 Christi
1354 4391 1367 4428 :
1396 4390 1517 4446 qum
1551 4376 1769 4446 quidem
1814 4429 1822 4435 .

179 4470 467 4524 manifesta
502 4476 628 4523 sunt
652 4467 897 4523 beneﬁcii
926 4467 1165 4538 symbola
1192 4482 1207 4521 :
1232 4465 1354 4537 Ipse
1376 4467 1509 4521 enim
1531 4508 1546 4534 ,
1575 4468 1767 4539 inquit,

178 4561 395 4617 salvabit
414 4562 656 4630 populum
678 4576 822 4613 suum
839 4575 870 4612 a
892 4558 1109 4629 peccatis
1130 4574 1302 4612 eorum
1329 4557 1539 4629 (Matth.
1570 4555 1771 4629 1.2!).1

179 4652 460 4707 Audientes
485 4652 636 4720 ﬁdem
660 4660 875 4705 vestram
898 4652 951 4705 in
980 4650 1182 4703 Christo
1208 4648 1245 4703 Ι
1248 4665 1353 4716 esu,
1382 4659 1427 4703 et
1453 4649 1769 4704 dilectionem

177 4763 341 4812 quam
366 4745 554 4799 habetis
590 4745 641 4799 in
669 4760 841 4799 omnes
865 4753 1085 4799 sanctos.
1125 4742 1242 4797 Jam
1271 4757 1365 4798 eos
1389 4740 1489 4796 sibi
1520 4741 1771 4796 conciliat

177 4847 241 4894 et
268 4847 447 4908 captat
476 4836 927 4892 benevolentiam.
961 4832 1362 4904 Epaphroditus
1408 4842 1492 4887 est
1535 4832 1626 4903 qui
1657 4832 1772 4888 hmc

180 4932 459 4987 renuntiat
498 4946 512 4996 ;
551 4929 710 4983 mittit
754 4938 930 4984 autem
965 4927 1245 4998 epiStolam
1279 4942 1376 4997 per
1428 4925 1718 4997 Tychicum
1749 4967 1767 4993 ,

181 5038 308 5079 cum
337 5022 481 5077 illum
509 5020 647 5090 apud
680 5036 739 5077 sc
759 5020 1094 5075 detinuisset.
1128 5017 1194 5071 Et
1215 5017 1550 5083 dilectionem,
1578 5016 1767 5087 inquit,

180 5131 339 5189 grant
382 5113 573 5167 habetis
618 5113 673 5167 in
719 5128 891 5166 omnes
944 5120 1145 5169 sanctos
1176 5126 1193 5163 :
1224 5124 1328 5163 non
1384 5109 1438 5163 in
1490 5108 1631 5164 hunc
1679 5116 1771 5163 aut

185 5208 341 5264 illum
366 5223 380 5259 :
402 5223 530 5277 ergo
557 5207 609 5260 in
636 5221 733 5259 nos
760 5219 995 5275 quoque.
1028 5204 1081 5258 5.
1118 5201 1340 5271 PrOpter
1364 5217 1524 5271 spem,
1553 5216 1665 5271 qua:
1692 5216 1771 5254 re-

184 5301 357 5371 posita
376 5308 448 5353 est
483 5298 621 5352 vobis
655 5298 707 5350 in
733 5297 891 5351 cazlis.
934 5296 1132 5350 Fatum
1154 5335 1171 5358 ,
1200 5294 1404 5364 inquit,
1450 5293 1611 5349 bona.
1659 5292 1771 5347 llnc

183 5393 446 5448 adversus
473 5391 811 5456 tentationes,
840 5405 907 5446 ne
933 5390 1020 5443 hic
1048 5404 1257 5459 quoque
1276 5398 1517 5459 qumrant
1538 5388 1769 5456 quietem

183 5495 244 5541 et
266 5487 456 5539 otium.
486 5483 615 5538 Nam
645 5499 712 5538 ne
735 5482 996 5553 quispiam
1022 5481 1225 5536 diceret
1250 5497 1265 5535 :
1298 5480 1365 5534 Et
1390 5480 1515 5549 quid
1549 5479 1678 5534 lucri
1703 5479 1769 5535 ad

184 5597 284 5637 eos
303 5580 443 5635 redit
467 5594 532 5635 ex
559 5578 843 5633 dilectione
874 5577 924 5631 in
953 5583 1166 5632 sanctos
1185 5617 1200 5638 ,
1229 5590 1348 5629 cum
1381 5575 1480 5643 ipsi
1507 5582 1771 5643 angantur

185 5686 244 5731 et
266 5674 453 5729 dolore
474 5671 813 5728 afﬁciantur?
835 5670 1124 5735 Ltetamur,
1153 5670 1343 5739 inquit,
1373 5667 1516 5739 quod
1546 5668 1597 5721 in
1625 5666 1771 5722 cmlis

186 5782 380 5838 magna
408 5776 464 5821 et
493 5765 747 5836 praeclara
794 5765 947 5819 vobis
985 5761 1302 5818 conciliatis.
1350 5759 1571 5826 Propter
1608 5775 1767 5826 spem,

187 5860 383 5931 inquit,
430 5859 722 5930 repositam.
753 5858 885 5919 Rem
917 5855 1150 5915 ostendit
1179 5855 1385 5913 ﬁrmam
1415 5861 1470 5911 et
1498 5853 1765 5911 stabilem.

1078 400 1147 460 IN
1184 400 1401 461 EPIST.
1443 400 1538 457 AD
1573 396 1855 457 COLOSS.
1895 395 2048 456 CAP.
2088 397 2130 453 1.
2173 396 2404 456 ιιοιιιῑις
2442 396 2487 457 1.

3358 406 3466 463 302

1886 512 2052 578 Quam
2088 516 2323 572 audiistis
2361 518 2413 571 in
2454 519 2602 576 verba
2643 522 2885 579 veritatis.
2933 522 3048 580 lloe
3094 524 3239 582 dicto
3287 531 3467 599 carpit

1882 605 2024 673 illos,
2049 607 2189 676 quod
2210 623 2331 664 cum
2358 609 2517 680 longo
2549 622 2788 685 tempore
2814 632 2933 673 eam
2961 617 3265 684 habuerint,
3288 620 3464 677 desci-

1880 697 2056 752 verint
2082 706 2136 753 et
2160 699 2268 754 sint
2288 703 2496 757 mutati.
2528 703 2695 769 Quam
2713 708 2875 778 prius,
2904 708 3113 780 inquit,
3145 711 3378 769 audiistts
3407 714 3462 769 in

1879 788 2026 842 verba
2050 790 2270 845 veritatis
2297 795 2563 863 evangelii.
2592 796 2659 851 Et
2700 797 2821 867 jure
2862 802 3029 857 verbo
3066 802 3169 859 fert
3214 805 3451 860 testimo-

1879 879 2024 933 nium
2054 882 2327 948 veritatis,
2358 885 2502 955 quod
2533 887 2585 942 in
2614 904 2680 943 eo
2709 891 2837 945 nihil
2876 892 2948 948 sit
2991 894 3131 950 falsi.
3170 896 3456 969 Evangelii.

1876 970 1993 1027 Non
2021 973 2170 1041 dicit,
2203 975 2624 1047 Prmdicationis,
2655 981 2749 1037 sed
2776 994 2926 1040 vocat
2953 988 3311 1057 evangelium,
3340 1007 3463 1060 per-

1877 1072 2041 1132 petuo
2065 1066 2146 1121 eis
2192 1066 2246 1121 in
2289 1071 2600 1125 memoriam
2631 1088 2892 1130 revocans
2920 1076 3012 1132 Dei
3055 1078 3355 1145 beneﬁcia;
3403 1092 3464 1142 et

1875 1167 1997 1208 cum
2024 1170 2118 1211 eos
2148 1158 2293 1227 prius
2322 1159 2611 1228 laudasset,
2642 1172 2768 1219 tunc
2793 1164 2910 1220 hinc
2930 1178 3147 1224 revocat
3169 1170 3221 1224 in
3251 1188 3461 1229 memo-

1874 1247 2030 1302 riam.
2060 1250 2112 1303 6.
2147 1250 2298 1316 Quod
2332 1254 2557 1321 pervenit
2601 1255 2671 1308 ad
2714 1271 2824 1322 vos,
2867 1258 2997 1312 sicut
3039 1268 3089 1313 et
3128 1261 3183 1315 in
3227 1263 3461 1321 universo

1873 1340 2081 1395 mundo.
2102 1341 2217 1397 Jam
2240 1342 2318 1397 eis
2332 1346 2678 1414 gratiﬁcatur.
2703 1348 2854 1415 Quod
2874 1352 3095 1419 pervenit
3118 1357 3461 1421 autem,dicit

1873 1431 2259 1501 metaphorice.
2279 1433 2393 1489 Non
2424 1437 2567 1491 enim
2587 1439 2815 1493 accessit
2839 1448 2893 1495 et
2919 1442 3161 1510 recessit,
3185 1444 3277 1500 sed
3308 1462 3459 1503 man-

1871 1523 1943 1579 sit
1969 1534 2023 1578 et
2048 1534 2131 1580 est
2151 1525 2280 1580 illic.
2311 1527 2513 1585 Deinde
2538 1530 2790 1600 quoniam
2818 1533 3049 1589 maxime
3075 1536 3460 1595 conﬁrmantur

1872 1615 2022 1669 multi
2052 1631 2116 1670 ex
2144 1631 2211 1672 eo
2229 1659 2246 1684 ,
2269 1619 2411 1687 quod
2448 1622 2648 1676 mullos
2676 1621 2908 1679 habeant
2928 1624 3234 1697 dogmatum
3259 1632 3459 1696 socios,

1870 1715 2154 1777 propterea
2181 1708 2455 1779 subjunxit
2482 1729 2496 1766 :
2530 1712 2681 1768 Sicut
2704 1724 2752 1768 et
2776 1715 2831 1770 in
2849 1718 3078 1773 universo
3098 1721 3306 1776 mundo.
3331 1721 3462 1779 Ubi-

1869 1813 1974 1868 que
2000 1799 2172 1861 adest.
2205 1800 2395 1870 inquit,
2421 1802 2619 1873 ubique
2643 1804 2975 1863 dominatum
3006 1810 3236 1878 obtinet,
3260 1811 3458 1884 ubique

1867 1897 1993 1943 stat.
2020 1888 2085 1944 Et
2114 1890 2390 1960 [ructi/icat
2418 1903 2464 1948 et
2490 1896 2687 1963 crescit,
2715 1898 2844 1952 sicut
2872 1900 2925 1953 in
2956 1902 3115 1958 vobis.
3148 1902 3459 1961 Fructiﬁcat

1870 1994 1966 2048 per
1987 1994 2167 2050 opera,
2194 1993 2421 2053 augetur
2443 1986 2583 2054 quod
2612 1987 2811 2043 multos
2830 2000 3090 2060 assumat,
3119 1993 3260 2063 quod
3288 1997 3457 2067 magis

1868 2073 2111 2129 ﬁrmetur
2138 2089 2203 2130 ac
2229 2076 2550 2133 stabiliatur.
2598 2079 2806 2136 Etenim
2840 2083 3035 2152 planta:
3076 2100 3289 2156 quoque
3329 2098 3455 2145 tunc

1866 2164 2048 2222 densae
2075 2167 2224 2230 ﬁunt.
2251 2170 2466 2238 quando
2493 2172 2665 2241 planta
2698 2172 2857 2230 fuerit
2883 2176 3089 2232 ﬁrmata
3113 2193 3175 2232 ac
3198 2179 3450 2236 stabilita.

1866 2257 2012 2313 Sicut
2037 2260 2091 2314 in
2119 2260 2274 2315 vobis.
2301 2261 2612 2319 Auditorem
2642 2265 2887 2323 laudibus
2916 2278 3269 2340 praeoccupat.
3297 2281 3355 2327 ut
3386 2288 3455 2328 no

1866 2351 2066 2408 invitus
2094 2353 2330 2409 recedat.
2363 2353 2449 2409 Ea:
2473 2372 2533 2409 ea
2558 2356 2641 2411 die
2659 2374 2759 2426 qua
2783 2360 3068 2417 audivistis.
3099 2363 3191 2417 Est
3210 2362 3455 2420 mirabile

1866 2440 2008 2510 quod
2034 2444 2143 2499 cito
2170 2446 2472 2501 accessistis
2498 2456 2553 2502 et
2573 2448 2877 2505 credidistis
2900 2493 2915 2516 ,
2943 2459 2999 2507 et
3026 2453 3206 2509 statim
3238 2469 3267 2508 a
3299 2456 3451 2524 prin-

1864 2533 2004 2603 cipio
2027 2534 2229 2591 fructus
2253 2537 2584 2593 ostendistis.
2604 2539 2649 2592 Α
2671 2556 2770 2609 quo
2793 2542 2876 2595 die
2895 2543 3178 2609 audivistis,
3202 2554 3250 2599 et
3269 2562 3457 2615 cogno-

1865 2626 2005 2680 vistis
2024 2628 2241 2696 gratiam
2268 2627 2364 2682 Dei
2402 2629 2456 2683 in
2493 2630 2720 2684 veritate.
2742 2631 2858 2687 Non
2883 2633 2933 2687 in
2960 2648 3232 2701 sermone,
3260 2635 3451 2706 inquit,

1867 2732 2039 2787 neque
2082 2718 2133 2772 in
2174 2719 2526 2788 deceptione,
2560 2721 2658 2776 sed
2697 2721 2748 2777 in
2792 2722 2921 2794 ipsis
2964 2723 3137 2780 factis.
3177 2726 3290 2781 lloc
3324 2743 3454 2797 ergo

1867 2810 2361 2881 dicit,Fructiﬁcat;
2400 2813 2486 2868 vel
2527 2815 2677 2884 signa
2726 2822 2783 2869 et
2829 2816 3083 2872 miracula
3111 2818 3254 2888 quod
3293 2820 3453 2873 simul

1866 2901 2165 2972 accepistis,
2196 2912 2244 2959 et
2272 2904 2493 2974 gratiam
2512 2904 2604 2962 Dei
2623 2905 2966 2977 cognovistis.
2990 2908 3120 2965 Cum
3152 2923 3281 2981 ergo
3301 2924 3452 2965 suam

1867 2994 2044 3047 statim
2087 2993 2401 3049 ostenderat
2428 2995 2676 3050 virtutem
2696 3036 2712 3060 ,
2740 2998 3012 3068 quomodo
3041 3015 3149 3054 non
3193 3009 3275 3055 est
3306 3000 3452 3056 difﬁ-

1867 3082 1969 3138 cile
2008 3092 2065 3138 ut
2087 3083 2138 3139 ei
2167 3099 2311 3139 nunc
2348 3100 2456 3140 non
2501 3085 2789 3143 credatur?
2826 3088 2879 3143 7.
2911 3088 3058 3144 Sicut
3100 3089 3349 3146 didicistis
3388 3092 3452 3147 ab

1867 3173 2118 3245 Epaphra
2137 3177 2400 3232 carissimo
2421 3194 2658 3234 conservo
2679 3188 2871 3234 nostra.
2901 3181 3033 3235 Eum
3058 3183 3351 3239 verisimile
3369 3194 3455 3241 est

1868 3267 1975 3323 illic
2002 3268 2319 3338 prmdicasse
2352 3291 2365 3325 :
2398 3268 2657 3325 didicistis
2698 3272 3050 3341 evangelium.
3102 3275 3305 3331 Deinde
3352 3290 3448 3331 os-

1871 3358 2096 3414 tendens
2122 3374 2243 3414 eum
2264 3374 2383 3415 esse
2408 3361 2512 3416 ﬁde
2531 3361 2775 3432 dignum,
2797 3362 2931 3418 dicit
2954 3382 2967 3417 :
2989 3363 3241 3421 Conserva
3258 3376 3451 3423 nostro.

1871 3450 1974 3516 Qui
1998 3460 2068 3506 est
2095 3452 2262 3521 ﬁdelis
2292 3468 2383 3522 pro
2408 3452 2545 3507 vobis
2573 3454 2800 3508 minister
2828 3455 3044 3524 Christi,
3072 3457 3126 3513 8.
3174 3458 3263 3528 qui
3301 3459 3454 3512 etiam

1869 3546 2205 3617 manifestavit
2248 3546 2391 3602 nobis
2424 3546 2743 3602 dilectionem
2772 3558 2987 3603 vestram
3031 3549 3084 3603 in
3127 3551 3328 3619 spiritu.
3376 3550 3455 3606 Ne

1869 3640 2144 3705 dubitetis,
2174 3640 2382 3710 inquit,
2413 3640 2483 3695 de
2512 3654 2608 3708 Spe
2652 3641 2823 3694 futura
2858 3658 2871 3694 :
2905 3640 3096 3695 videtis
3125 3641 3310 3697 orbem
3341 3650 3453 3697 ter-

1870 3747 2052 3787 rarum
2079 3731 2341 3786 converti.
2378 3730 2448 3785 Et
2487 3729 2613 3801 quid
2643 3746 2778 3801 opus
2807 3738 2892 3785 est
2935 3729 3118 3787 dicere
3156 3746 3276 3801 qum
3323 3731 3459 3787 ﬁunt

1871 3823 2010 3878 inter
2035 3821 2210 3877 alios?
2235 3837 2355 3891 quas
2383 3829 2509 3876 sunt
2540 3823 2677 3876 inter
2700 3834 2796 3875 vos
2827 3821 2997 3890 ipsos,
3025 3829 3149 3875 sunt
3176 3821 3289 3890 ipsa
3323 3837 3458 3891 quo-

1869 3930 1973 3984 que
1995 3914 2111 3969 sine
2142 3913 2245 3968 illis
2272 3912 2377 3969 ﬁde
2405 3911 2586 3984 digna.
2611 3912 2924 3983 Cognovistis
2949 3913 3093 3968 enim
3118 3912 3217 3966 Dei
3236 3915 3456 3984 gratiam

1870 4007 1923 4063 in
1949 4008 2187 4073 veritate;
2218 4006 2321 4062 hoc
2350 4015 2462 4073 est,
2500 4006 2553 4060 in
2596 4006 2770 4061 factis.
2803 4004 3161 4073 Quamobrem
3195 4005 3303 4061 duo
3332 4015 3460 4062 sunt

1870 4114 1990 4169 quae
2014 4097 2189 4153 futura
2214 4097 2554 4164 conﬁrment,
2586 4106 2643 4153 et
2663 4096 2806 4168 quod
2826 4111 3016 4152 omnes
3029 4096 3380 4166 crediderint,
3404 4107 3461 4153 et

1870 4191 2012 4262 quod
2042 4205 2139 4246 vos
2169 4208 2183 4243 :
2212 4199 2268 4246 et
2298 4204 2401 4244 non
2434 4190 2535 4244 alia
2564 4189 2777 4259 quidem
2807 4189 2945 4245 facta
2968 4197 3115 4253 sunt,
3146 4189 3247 4244 alia
3275 4197 3454 4269 alitem

1871 4283 2004 4339 dixit
2032 4281 2337 4352 Epaphras.
2363 4280 2463 4346 Qui
2507 4290 2621 4346 est,
2646 4280 2837 4350 inquit,
2865 4279 3074 4348 ﬁdelis;
3101 4278 3202 4347 hoc
3230 4288 3332 4343 est,
3362 4290 3458 4332 res

1871 4388 1991 4429 rax.
2015 4372 2316 4441 Quomodo,
2345 4370 2457 4426 Pro
2472 4370 2610 4427 vobis
2625 4371 2886 4425 minister?
2904 4369 3059 4437 Quod
3081 4369 3145 4423 ad
3174 4369 3346 4439 ipsum
3368 4385 3458 4431 ac-

1871 4467 2129 4532 cesserit,
2162 4475 2218 4523 et
2256 4465 2431 4533 nobis,
2479 4465 2693 4535 inquit,
2723 4464 3019 4523 ostenderit
3059 4473 3290 4519 vestram
3319 4462 3456 4516 dilep

1878 4558 2111 4614 ctionem
2140 4557 2191 4611 in
2222 4556 2449 4626 spiritu;
2477 4555 2579 4611 hoc
2600 4555 3116 4625 est,spiritualemin
3146 4569 3263 4609 nos.
3287 4552 3341 4608 Si
3370 4551 3469 4606 hie

1875 4659 1958 4707 cst
1985 4650 2182 4706 Christi
2222 4648 2496 4713 minister,
2519 4647 2789 4718 quomodo
2825 4647 3003 4703 dicitis
3044 4661 3138 4701 vos
3177 4645 3371 4700 adduci
3401 4651 3465 4701 et

1875 4742 2147 4799 conciliari
2177 4756 2273 4811 per
2296 4739 2515 4811 angelos
2531 4742 2556 4793 Υ
2587 4738 2686 4806 Qui
2712 4738 2852 4793 nobis
2872 4740 3043 4804 etiam,
3074 4738 3265 4811 inquit,
3288 4737 3454 4789 mani-

1875 4836 2073 4906 [estavit
2103 4833 2418 4888 dilectionem
2445 4841 2658 4886 vestram
2697 4831 2753 4884 in
2778 4831 2983 4899 spiritu.
3022 4829 3148 4884 Hmc
3173 4838 3255 4883 est
3278 4827 3461 4883 admi-

1875 4926 2058 4983 rabilis
2085 4926 2342 4995 ﬁrmaque
2366 4933 2420 4978 et
2438 4921 2643 4977 stabilis
2661 4921 2876 4976 dilectio
2906 4938 2918 4973 :
2952 4935 3073 4974 nam
3091 4920 3209 4974 alia:
3236 4918 3458 4989 quidem

1875 5021 2047 5076 solum
2074 5017 2273 5073 habent
2300 5030 2494 5071 nomen
2521 5013 2840 5069 dilectionis.
2881 5012 3017 5069 Sunt
3053 5020 3228 5067 autem
3260 5010 3461 5080 aliquas

1876 5128 1981 5167 non
2005 5108 2345 5181 bujusmodi;
2376 5106 2470 5161 sed
2499 5121 2603 5161 non
2630 5114 2716 5161 est
2756 5105 2861 5161 hoc
2898 5104 3168 5159 amicitia:
3190 5100 3454 5174 quamobs

1874 5219 1988 5260 rem
2009 5218 2072 5258 ea
2100 5209 2183 5256 est
2210 5199 2362 5255 facile
2380 5196 2728 5255 dissolubilis.

1946 5297 2000 5352 5.
2032 5293 2380 5348 Amicitiarum
2410 5290 2553 5343 varia
2580 5303 2782 5360 genera.
2813 5316 2885 5327 —
2912 5284 3089 5340 Multa:
3129 5291 3255 5338 sunt
3292 5296 3453 5338 occa~

1875 5390 2055 5444 siones
2078 5381 2425 5440 concilianda:
2452 5379 2703 5435 amicitia:
2732 5397 2746 5431 :
2776 5385 2831 5432 et
2856 5385 3039 5445 turpes
3065 5373 3283 5445 quidem
3309 5387 3453 5445 prte-

1878 5481 2234 5537 termittemus
2263 5492 2276 5530 :
2310 5488 2471 5529 nemo
2489 5472 2630 5527 enim
2654 5470 2807 5526 nobis
2826 5468 3039 5539 objiciet
3060 5467 3176 5522 illas
3201 5480 3309 5522 non
3333 5479 3462 5521 esse

1876 5571 2079 5634 malas;
2108 5567 2202 5623 sed
2224 5566 2268 5621 si
2284 5563 2467 5631 vultis,
2495 5563 2551 5619 in
2577 5562 2812 5617 medium
2838 5560 3163 5616 adducamus
3184 5558 3459 5612 naturales

1876 5672 1932 5719 et
1958 5676 2077 5733 quae
2109 5657 2176 5714 ad
2206 5657 2343 5711 hanc
2376 5656 2540 5709 vitam
2564 5651 2823 5724 agendam
2849 5649 3138 5721 pertinent.
3167 5649 3343 5718 Atque
3370 5647 3458 5702 hac

1876 5752 2090 5824 quidem
2118 5748 2182 5804 ad
2212 5747 2349 5802 hanc
2374 5746 2536 5801 vitam
2564 5743 2834 5816 pertinent
2858 5760 2871 5795 :
2897 5741 3044 5797 verbi
3083 5740 3253 5811 gratia
3276 5778 3292 5807 ,
3332 5752 3461 5794 cum

1883 5850 1949 5906 de
1970 5847 2146 5918 aliquo
2171 5841 2434 5916 quispiam
2463 5848 2546 5898 cst
2586 5838 2721 5896 bene
2755 5836 3012 5905 meritus,
3057 5850 3180 5892 cum
3224 5833 3454 5889 amicum
