3898 6562
385 433 493 491 303
1068 421 1127 479 S.

392 549 599 619 paravit
624 562 655 603 a
683 543 995 617 majoribus,
1022 555 1145 597 cum
1166 538 1267 596 fuit
1286 537 1465 595 socius
1486 547 1688 590 mense
1712 537 1976 599 autpereo

388 638 726 711 grinationis,
757 645 851 690 aut
875 644 961 690 est
981 632 1188 687 vicinus
1209 648 1224 687 :
1242 638 1367 685 sunt
1392 626 1476 682 ha:
1497 637 1710 696 quoque
1740 622 1980 711 pulchra

388 742 443 786 et
476 731 716 785 honesta:
747 743 762 781 :
789 735 882 780 aut
915 733 1000 779 est
1026 721 1268 793 ejusdem
1308 719 1440 774 artis
1467 734 1483 773 :
1510 725 1671 785 atque
1702 712 1819 767 hac
1860 710 1980 781 qui-

390 822 515 877 dem
569 835 675 875 non
727 826 812 873 est
858 815 1108 879 sincera;
1172 812 1335 867 habet
1384 808 1531 864 enim
1580 803 1989 885 aemulationem

388 912 678 971 unatndam
703 918 761 966 et
782 907 1063 964 invidiam.
1092 904 1375 962 Naturales
1400 910 1579 956 autem
1599 939 1615 964 ,
1648 906 1706 951 ut
1731 906 1855 965 puta
1887 907 1979 964 pa-

393 1005 493 1059 tris
522 1018 646 1073 erga
669 1001 859 1066 lilium,
880 1000 973 1055 filii
993 1012 1119 1069 erga
1142 1006 1368 1067 patrem.
1387 993 1566 1048 fratris
1584 1005 1709 1061 erga
1733 988 1979 1053 fratrem,

390 1099 476 1150 avi
505 1111 629 1166 erga
661 1102 932 1164 nepotem,
966 1090 1154 1146 matris
1181 1103 1309 1159 erga
1329 1086 1471 1141 filios
1493 1102 1510 1151 ;
1532 1083 1577 1138 si
1598 1082 1758 1137 vultis
1777 1088 1981 1144 autem,

394 1190 579 1245 uxoris
604 1202 816 1259 quoque
845 1201 970 1257 erga
995 1185 1245 1241 tnaritum
1275 1198 1288 1235 :
1321 1193 1511 1235 omnes
1535 1176 1679 1231 enim
1702 1173 1981 1228 matrimo-

396 1282 572 1337 uiales
595 1289 721 1335 sunt
756 1278 823 1334 ad
864 1279 1029 1333 vitam
1069 1275 1398 1347 pertinentes
1444 1276 1501 1325 et
1544 1273 1850 1323 terrestres.
1888 1262 1984 1316 Hae

396 1375 612 1445 quidem
654 1371 907 1428 videntur
940 1368 1044 1423 illis
1071 1381 1192 1423 esse
1221 1361 1651 1420 vehementiores
1688 1375 1703 1411 :
1736 1355 1986 1445 videntur

397 1444 603 1532 autem,
628 1464 761 1530 dixi,
792 1463 912 1533 quia
940 1474 1086 1529 saepe
1126 1474 1158 1512 a
1201 1452 1510 1512 memoratis
1533 1456 1873 1519 superantur.
1918 1444 1985 1499 Et

398 1556 684 1626 aliquando
710 1552 927 1624 quidem
958 1550 1055 1605 visi
1090 1556 1216 1603 sunt
1242 1544 1399 1601 amici
1430 1542 1618 1597 melius
1643 1549 1698 1595 et
1719 1536 1986 1593 sincerius

400 1648 577 1703 all‘ecti
598 1662 757 1718 quam
784 1646 994 1709 fratres,
1025 1650 1081 1698 et
1107 1655 1263 1712 quam
1294 1638 1388 1693 lilii
1416 1636 1468 1691 in
1498 1642 1748 1704 parentes
1774 1646 1790 1686 :
1813 1638 1870 1685 et
1894 1628 1987 1700 qul

400 1739 500 1794 fuit
523 1737 736 1808 quidem
757 1737 989 1807 genitus,
1021 1747 1129 1788 non
1158 1745 1317 1800 opem
1356 1727 1510 1792 tulit;
1537 1725 1626 1796 qui
1656 1731 1834 1779 autem
1860 1733 1986 1776 eum

403 1847 510 1884 tum
538 1828 825 1899 cognovit,
853 1824 1021 1881 adfuit
1062 1832 1118 1882 et
1154 1837 1313 1893 opem
1363 1819 1503 1874 tulit.
1546 1814 1769 1871 Dilectio
1808 1821 1988 1868 autem

401 1922 696 1991 spiritualis
720 1928 806 1975 est
833 1918 1072 1973 omnium
1102 1928 1354 1985 suprema
1378 1952 1395 1979 ,
1435 1910 1598 1966 veluti
1626 1906 1869 1980 quaadam
1903 1919 1992 1961 re-

404 2016 549 2084 gina,
567 2030 687 2085 qua:
718 2014 771 2067 itt
798 2027 924 2066 suos
950 2011 1278 2066 dominatum
1305 2005 1529 2070 obtinet,
1551 2004 1881 2071 ltonestaque
1907 2007 1989 2053 est

406 2107 588 2175 specie
630 2104 961 2175 pulchroque
990 2100 1172 2156 habitu
1201 2115 1217 2153 :
1251 2097 1382 2152 nihil
1405 2096 1549 2151 enim
1590 2100 1845 2148 terrestre
1868 2103 1991 2145 eam

412 2196 552 2266 parit
576 2197 717 2251 sicut
758 2195 903 2250 illam
924 2235 939 2259 ,
970 2208 1077 2249 non
1114 2188 1445 2247 consuetudo
1464 2228 1481 2254 ,
1514 2200 1621 2240 non
1648 2181 1986 2246 beneficium,

411 2306 519 2343 non
574 2298 784 2354 natura,
812 2302 916 2342 nou
960 2300 1170 2350 aurum,
1200 2282 1293 2338 sed
1338 2296 1370 2336 a
1420 2278 1670 2350 supernis
1716 2271 1995 2331 descendit

408 2400 443 2438 e
468 2383 623 2438 caelo.
653 2383 717 2436 Et
735 2380 862 2451 quid
891 2378 1124 2443 miraris,
1156 2377 1201 2431 si
1231 2372 1491 2445 beneficio
1518 2385 1626 2425 non
1645 2376 1767 2438 eget
1787 2375 1846 2421 ttt
1864 2380 1994 2421 con-

408 2474 597 2538 sistat,
624 2487 747 2527 cum
799 2484 867 2524 ne
908 2469 952 2523 si
1003 2467 1127 2522 mali
1171 2466 1388 2537 quidem
1436 2461 1725 2533 quidquam
1769 2457 1993 2526 accipiat

408 2562 716 2618 evertatur?
736 2559 891 2629 Quod
915 2568 1092 2614 autem
1125 2558 1240 2613 haec
1264 2558 1337 2612 sit
1364 2555 1451 2610 illa
1483 2552 1674 2622 major,
1705 2548 1830 2604 audi
1854 2547 1996 2602 Pau-

408 2657 518 2709 lum
565 2653 829 2709 dicentem
874 2669 891 2708 :
933 2650 1179 2721 Optarent
1221 2664 1314 2719 ego
1355 2648 1465 2717 ipse
1509 2659 1617 2699 esse
1653 2641 1924 2696 anathema
1965 2653 1998 2691 a

410 2746 614 2802 Christo
641 2761 734 2815 pro
763 2744 1007 2816 fratribus
1036 2743 1158 2797 meis
1181 2740 1356 2813 (Rom.
1380 2738 1435 2794 9.
1463 2738 1541 2808 5).
1567 2736 1700 2803 Quis
1722 2734 1826 2788 hoc
1849 2738 1999 2802 pater

410 2840 704 2912 optaverit,
739 2852 861 2894 esse
897 2838 949 2893 itt
986 2834 1186 2892 malis?
1214 2834 1286 2889 Et
1314 2845 1500 2887 rursus
1533 2848 1548 2885 :
1578 2825 1802 2893 Resolvi,
1832 2835 2001 2880 etesse

411 2950 529 2987 cum
555 2932 757 2987 Christo
783 2930 931 2999 longe
964 2937 1038 2983 est
1066 2926 1283 2990 melius;
1318 2938 1526 2977 manere
1556 2929 1727 2974 autem
1755 2919 1808 2972 in
1846 2931 2001 2971 carne

413 3035 488 3083 est
512 3025 674 3096 magis
699 3021 1034 3078 necessarium
1057 3027 1263 3089 propter
1283 3031 1369 3070 vos
1399 3012 1660 3083 (Philipp.
1691 3012 1741 3066 1.
1770 3008 1860 3065 25.
1882 3008 1998 3078 2i).

414 3117 671 3185 Quaenam
697 3123 868 3169 mater
895 3113 1011 3167 haec
1042 3110 1296 3166 voluisset
1322 3107 1520 3172 dicere,
1556 3112 1614 3159 ut
1639 3117 1734 3158 sua
1758 3100 2003 3170 despice-

416 3208 538 3263 ret?
573 3208 640 3263 Et
683 3221 869 3262 rursus
913 3203 1036 3259 audi
1082 3217 1208 3258 eum
1252 3200 1554 3254 dicentem:
1590 3195 1769 3251 Urbati
1811 3193 1943 3247 enim
1970 3209 2003 3246 a

414 3301 554 3355 vobis
574 3300 642 3353 ad
666 3308 864 3367 tempus
887 3296 1046 3363 Itone,
1065 3303 1295 3364 aspectu,
1328 3309 1428 3346 non
1455 3291 1608 3345 corde
1631 3289 1705 3359 (1.
1732 3287 1915 3343 Thess.
1937 3287 1999 3341 9.

417 3392 534 3462 17).
565 3390 634 3444 Et
661 3389 748 3445 hic
770 3387 983 3459 quidem
1020 3395 1171 3456 pater
1199 3383 1521 3440 cuntumelia
1552 3381 1773 3437 allectus
1797 3421 1814 3447 ,
1846 3379 2005 3435 solvit

418 3481 748 3545 amicitiam;
797 3478 907 3533 illic
953 3487 1132 3532 autem
1178 3491 1283 3531 non
1316 3474 1500 3530 itidem
1522 3515 1538 3541 ,
1568 3472 1663 3527 sed
1702 3480 1758 3528 et
1783 3470 1851 3526 ad
1882 3470 2006 3525 illos

419 3573 511 3644 qui
540 3570 806 3641 lapidibus
834 3568 1157 3640 appetebant
1181 3567 1350 3630 abiit,
1373 3580 1468 3621 eos
1494 3562 1757 3619 beneﬂcio
1785 3562 2007 3618 allectu-

420 3679 533 3720 rus.
559 3662 697 3718 Nihil
724 3670 806 3717 est
835 3662 1001 3726 enim,
1028 3657 1161 3714 nihil
1192 3672 1344 3728 aeque
1369 3655 1624 3719 validum,
1656 3661 1715 3708 ut
1732 3651 2002 3709 vinculum

422 3755 664 3825 spiritus.
695 3752 795 3821 Qui
824 3752 967 3806 enim
996 3748 1139 3820 quod
1169 3749 1237 3804 sit
1265 3748 1533 3807 beneficio.
1551 3745 1773 3801 allectus
1796 3785 1812 3811 ,
1837 3743 2007 3800 evasit

423 3848 658 3910 amicus;
690 3847 735 3899 si
768 3844 867 3899 hoc
894 3852 1151 3913 perpetuo
1178 3856 1285 3895 non
1317 3842 1426 3908 liat,
1454 3841 1557 3895 erit
1589 3839 1842 3894 inimicus
1869 3854 1882 3891 :
1916 3836 2007 3907 qtti

424 3956 489 3995 ex
517 3938 904 3995 consuetudine
927 3946 1044 3992 erat
1086 3933 1381 3990 indivulsus
1406 3974 1421 3998 ,
1452 3934 1746 4001 interrupta
1780 3944 2011 3987 consue-

427 4030 614 4085 tudine
638 4028 895 4083 exstinxit
922 4026 1236 4082 amicitiam.
1279 4024 1468 4079 Mulier
1512 4039 1695 4078 rursus
1717 4063 1734 4089 ,
1772 4023 1817 4078 si
1849 4023 2010 4078 fuerit

427 4124 495 4178 lis
521 4137 584 4176 ac
612 4120 900 4185 dissensio,
932 4118 1149 4173 dimittit
1175 4116 1425 4171 maritum
1455 4123 1510 4170 et
1536 4115 1695 4169 solvit
1722 4130 1961 4169 amorem
1991 4131 2005 4168 :

429 4215 591 4281 filius,
619 4213 664 4269 si
694 4211 787 4267 diu
809 4213 1073 4267 viventem
1104 4208 1299 4264 viderit
1324 4215 1568 4278 patrem,
1600 4220 1742 4276 aegre
1785 4206 1908 4261 fert.
1952 4207 2007 4261 In

423 4305 615 4376 Spiritu
639 4313 816 4360 autem
846 4301 1107 4374 ejusmodi
1148 4300 1278 4356 nihil
1306 4308 1390 4355 est
1419 4315 1433 4353 :
1464 4298 1613 4354 nullo
1649 4300 1791 4353 enitn
1819 4297 2008 4353 horum

424 4398 658 4453 solvitur
679 4438 696 4463 ,
738 4397 990 4466 quoniam
1019 4392 1207 4449 iisdem
1239 4408 1347 4447 non
1372 4399 1584 4448 constat
1615 4406 1631 4456 ;
1659 4405 1833 4460 neque
1876 4401 2010 4445 tem-

426 4507 527 4563 pus
550 4533 565 4557 ,
612 4505 791 4560 neque
831 4489 952 4543 vitae
983 4486 1276 4558 longitudo,
1307 4500 1406 4542 nec
1435 4486 1634 4540 malum
1662 4484 1769 4555 pati
1798 4485 1880 4539 vel
1910 4499 2011 4538 au-

428 4584 565 4647 dire,
597 4596 701 4637 non
724 4582 952 4648 ira,’non
979 4578 1321 4645 contumelia,
1352 4592 1526 4648 neque
1550 4576 1839 4647 quidquam
1865 4575 2008 4631 aliud

431 4672 631 4728 invadit
654 4714 669 4738 ,
701 4687 874 4743 neque
902 4686 1021 4727 eam
1065 4678 1243 4739 potest
1279 4669 1595 4724 dissolvere.
1629 4667 1697 4723 Et
1741 4676 1801 4722 ut
1846 4667 2006 4732 scias,

427 4764 693 4835 lapidibus
736 4763 1089 4833 appetebatur
1135 4762 1328 4826 Moses,
1382 4768 1437 4814 et
1480 4775 1578 4830 pro
1622 4759 1752 4830 ipsis
1789 4759 2009 4830 rogabat

430 4860 625 4932 (Exod.
657 4858 772 4928 l7).
800 4858 930 4926 Quis
976 4867 1125 4927 pater
1163 4856 1265 4912 hoc
1292 4855 1506 4912 fecisset
1545 4872 1640 4926 pro
1667 4871 1742 4913 eo.
1757 4856 1847 4927 qui
1879 4855 2012 4926 lapi-

429 4951 586 5007 dibus
617 4958 892 5019 appeteret
912 4990 928 5014 ,
960 4958 1141 5004 etnon
1185 4949 1355 5019 ipsum
1391 4948 1659 5003 obruisset
1698 4947 2011 5019 lapidibus?

430 5044 538 5099 llas
570 5057 950 5115 persequamur
1000 5052 1055 5098 et
1094 5056 1396 5113 quaeramus
1436 5042 1699 5097 amicitias
1727 5058 1846 5114 qua:
1883 5050 2011 5098 sunt

426 5152 490 5191 ex
519 5136 704 5205 spiritu
734 5152 747 5189 :
775 5144 901 5190 sunt
930 5134 1074 5190 enim
1116 5132 1284 5188 fortes
1310 5143 1361 5189 et
1390 5135 1568 5189 solutu
1594 5134 1873 5199 difficiles;
1903 5152 2007 5191 non

426 5245 520 5284 eas
546 5244 665 5299 qua:
705 5243 771 5284 ex
800 5229 1000 5284 mensis
1023 5228 1269 5284 oriuntur
1298 5245 1313 5282 τ
1341 5244 1461 5283 nam
1493 5229 1611 5285 illas
1654 5238 1899 5285 vetamur
1927 5231 2009 5286 in-

428 5321 648 5376 ducere.
678 5320 814 5374 Audi
838 5321 981 5375 enim
1005 5319 1281 5375 Christum
1307 5318 1573 5375 dicentem
1601 5320 1652 5375 in
1681 5321 1969 5392 Evangelia
1994 5339 2010 5379 :

431 5413 556 5468 Non
576 5413 859 5467 mvitaveris
890 5415 1079 5469 amicos
1107 5423 1237 5480 tuos,
1266 5429 1423 5484 neque
1441 5414 1629 5468 vicinos
1655 5422 1785 5479 (nos,
1814 5416 1861 5469 si
1882 5420 2014 5486 fece-

426 5506 501 5558 ris
534 5503 835 5567 convivium,
866 5503 955 5557 sed
980 5503 1188 5557 claudos
1204 5512 1251 5557 et
1275 5519 1479 5558 mancos
1507 5500 1867 5573 (Luc.14.12.
1899 5506 2008 5575 l3);

430 5606 485 5649 et
528 5595 756 5650 merito:
786 5602 870 5649 est
897 5594 1039 5649 enim
1069 5609 1256 5664 magna
1291 5608 1387 5665 pro
1419 5595 1501 5650 his
1530 5610 1758 5652 merces.
1787 5598 1858 5652 At
1905 5614 2010 5653 non

431 5696 586 5759 potes
610 5728 625 5754 ,
660 5703 765 5742 non
795 5687 1027 5742 sustines
1055 5687 1323 5741 convivari
1351 5701 1472 5742 cum
1503 5687 1708 5744 claudis
1735 5697 1788 5744 et
1812 5689 1968 5744 caecis
1994 5705 2010 5755 ;

431 5781 527 5836 sed
557 5780 830 5834 existimas
867 5779 967 5834 hoc
992 5794 1111 5834 esse
1135 5795 1295 5850 grave
1321 5790 1376 5836 et
1400 5780 1683 5837 molestum
1706 5821 1724 5849 ,
1771 5792 1825 5837 et
1854 5798 2011 5838 reru-

430 5875 561 5931 sas?
588 5873 744 5930 Certe
769 5872 820 5929 id
847 5873 1016 5931 vitare
1045 5887 1153 5929 non
1174 5882 1469 5946 oporteret,
1500 5874 1594 5933 scd
1615 5873 1668 5933 id
1695 5874 1872 5935 facere
1901 5894 2008 5935 non

1189 416 1465 480 JOANNIS
1497 406 1975 474 CIIBYSOSTOIII
2011 405 2330 466 ARCHIEP.
2367 408 2906 477 CONSTAN'I‘INOP.

3572 427 3685 486 εοι

2080 534 2166 581 est
2190 543 2431 587 necesse.
2472 532 2529 589 Si
2556 550 2664 589 non
2693 537 2884 593 feceris
2917 552 3014 595 eos
3042 546 3221 595 terum
3266 541 3552 599 considere
3580 585 3600 611 ,
3649 558 3685 603 ο

2081 634 2266 677 mensa
2295 629 2385 677 tua
2410 624 2478 679 ad
2501 640 2597 681 eos
2626 628 2781 683 mitte
2820 629 3024 685 cibum.
3056 631 3190 688 Nam
3220 634 3315 704 qui
3361 635 3571 690 amicos
3598 637 3685 690 in-

2079 709 2229 776 vitat,
2256 711 2387 767 nihil
2411 729 2663 785 magnum
2688 717 2848 785 facit;
2874 720 2961 775 hic
2975 722 3121 778 enim
3141 726 3351 795 accepit
3369 728 3683 784 mercedes:

2080 814 2234 857 suam
2262 818 2278 856 :
2304 804 2395 874 qui
2423 814 2602 862 autem
2629 808 2819 864 invitat
2848 812 3096 868 mutilum
3124 823 3181 870 et
3211 831 3505 885 pauperem
3527 858 3546 884 ,
3579 817 3683 872 ha—

2083 891 2172 948 bet
2196 893 2362 950 Deum
2389 894 2711 954 debitorem.
2746 900 2825 955 Ne
2849 917 2980 975 ergo
3008 920 3152 975 mgre
3182 907 3423 963 feramus
3463 911 3687 980 quando

2085 998 2191 1037 non
2222 983 2308 1039 hic
2336 988 2701 1056 acceperimus
2722 1031 2738 1057 ,
2770 992 2865 1047 sed
2892 995 3110 1062 quando
3139 995 3228 1051 hic
3256 999 3683 1067 acceperimus;

2084 1087 2208 1127 nam
2236 1074 2345 1130 illic
2374 1090 2479 1131 non
2506 1079 2854 1147 accipiemus.
2882 1081 3147 1141 Similiter
3166 1126 3184 1151 ,
3224 1088 3270 1142 si
3301 1088 3472 1143 homo
3495 1090 3686 1145 reddi-

2086 1161 2245 1231 derit,
2265 1163 2405 1219 Deus
2425 1180 2531 1220 non
2559 1169 2765 1228 reddit:
2784 1172 2829 1225 si
2858 1171 2943 1228 hic
2971 1188 3077 1229 non
3105 1176 3316 1243 reddet,
3336 1188 3471 1233 tunc
3490 1178 3685 1235 reddet

2088 1254 2248 1311 Deus.
2273 1255 2351 1312 Ne
2373 1273 2503 1328 ergo
2528 1260 2649 1315 illos
2673 1278 2979 1333 qumramus
3020 1266 3284 1325 beneﬁcio
3317 1270 3547 1327 afﬁcere
3593 1275 3685 1344 qui

2090 1358 2315 1417 possunt
2339 1348 2493 1405 nobis
2513 1352 2741 1409 reddere
2767 1371 2784 1420 ;
2813 1370 2989 1426 neque
3015 1358 3115 1414 hac
3142 1374 3239 1430 spe
3264 1362 3348 1417 eis
3374 1362 3687 1418 beneﬁcia—

2088 1452 2254 1493 mus:
2287 1438 2477 1510 frigida
2507 1452 2592 1498 est
2631 1442 2746 1499 haec
2787 1447 3063 1517 c0gitatio.
3103 1448 3160 1504 Si
3207 1450 3447 1507 amicum
3487 1452 3687 1508 invita-

2089 1532 2253 1599 vcris,
2284 1532 2351 1588 ad
2382 1550 2659 1605 vesperam
2691 1554 2863 1609 usque
2885 1551 2968 1595 est
2988 1542 3156 1609 gratia
3184 1560 3200 1597 :
3230 1554 3525 1615 propterea
3552 1557 3689 1601 ten-

2090 1640 2322 1695 poranea
2354 1625 2472 1683 hac
2498 1629 2729 1685 amicitia
2756 1632 2915 1687 citius
2943 1634 3169 1691 solvitur
3193 1676 3211 1702 ,
3235 1652 3397 1707 quam
3432 1652 3688 1707 expensa
3718 1672 3725 1677 -

2089 1716 2361 1773 difﬂuunt.
2392 1720 2688 1791 Pauperem
2712 1734 2893 1781 autem
2915 1736 2967 1782 et
2996 1743 3246 1784 mancum
3274 1731 3323 1786 si
3346 1731 3684 1801 inritaveris,

2091 1823 2382 1880 numquam
2432 1815 2629 1882 peribit
2665 1817 2837 1887 gratia
2879 1834 2896 1875 :
2944 1819 3111 1876 Deum
3159 1822 3307 1878 enim
3350 1825 3446 1895 qui
3474 1840 3687 1895 semper

2092 1902 2357 1971 meminit,
2384 1914 2440 1960 et
2464 1921 2753 1978 numquam
2778 1909 3142 1981 obliviscitur,
3175 1912 3346 1971 babes
3372 1917 3552 1986 ipsum
3591 1919 3687 1972 ds-

2093 1990 2346 2049 hitorem.
2375 1995 2545 2063 Quam
2576 1999 2755 2071 pusilli
2782 2010 2964 2058 autem
2997 2014 3053 2059 et
3079 2005 3259 2061 mollis
3283 2047 3300 2071 ,
3349 2007 3466 2069 die,
3485 2024 3689 2078 qua-sn,

2092 2096 2175 2140 est
2199 2088 2404 2155 animi,
2460 2104 2566 2146 non
2618 2107 2778 2163 posse
2823 2096 3108 2153 considere
3153 2115 3275 2154 cum
3323 2102 3693 2171 pauperibus?

2093 2176 2231 2244 Quid
2257 2178 2425 2237 dicis?
2444 2182 2541 2237 Est
2568 2184 2895 2256 immundus,
2922 2188 3119 2261 inquit,
3144 2201 3203 2246 et
3230 2192 3519 2248 sordidus.
3552 2195 3691 2249 Lava

2093 2286 2239 2338 eum,
2279 2281 2335 2328 et
2379 2272 2486 2330 duc
2507 2276 2574 2330 ad
2606 2284 2748 2333 tuam
2778 2294 3041 2336 mensam.
3069 2284 3139 2337 At
3164 2284 3384 2340 sordida
3411 2286 3580 2343 habet
3608 2304 3697 2344 ve-

2094 2362 2383 2419 stimenta?
2412 2366 2573 2435 Muta,
2596 2377 2651 2423 et
2675 2368 2742 2423 da
2771 2371 3022 2428 mundam
3047 2382 3274 2431 vestem.

2167 2457 2222 2511 ι.
2244 2456 2422 2513 Mensa
2450 2476 2729 2531 pauperum
2749 2463 2958 2519 divitum
3000 2482 3185 2522 mense
3205 2470 3573 2539 anteponenda
3600 2482 3692 2528 est.

2100 2545 2400 2603 Luxuriosa:
2424 2567 2611 2606 mensa:
2639 2552 3124 2624 descriptio.—Non
3156 2558 3307 2615 vides
3338 2573 3606 2631 quantum
3631 2566 3698 2619 sit

2098 2641 2613 2701 lucrum?Christus
2640 2661 2737 2717 per
2763 2646 2936 2718 ipsum
2979 2649 3207 2716 accedit,
3249 2662 3305 2706 et
3346 2664 3403 2707 tu
3454 2669 3556 2724 pro
3598 2655 3698 2709 hoc

2098 2750 2291 2805 parcus
2308 2752 2367 2793 es
2387 2738 2410 2791 τ
2430 2738 2630 2809 Regem
2650 2739 2716 2795 ad
2735 2756 2977 2798 mensam
3005 2742 3253 2809 invitans,
3272 2758 3372 2814 pro
3390 2744 3481 2800 his
3509 2746 3697 2801 times!

2101 2830 2375 2885 Ponantur
2401 2831 2521 2886 dum
2566 2847 2800 2899 mensa;
2828 2843 2883 2888 et
2914 2834 3084 2890 altera
3126 2835 3345 2906 quidem
3372 2835 3463 2892 his
3490 2840 3697 2907 replea-

2103 2930 2207 2989 tur,
2235 2931 2290 2978 et
2321 2922 2514 2979 habeat
2540 2938 2734 2988 cwcos,
2762 2926 2966 2982 debiles
2989 2935 3046 2982 et
3077 2927 3297 2982 claudos
3315 2969 3335 2995 ,
3369 2929 3625 2986 manibus
3649 2940 3700 2987 et

2104 3014 2247 3070 tibiis
2271 3016 2571 3082 mutilatos,
2601 3017 2757 3073 nudis
2780 3017 3005 3091 pedibus
3033 3031 3088 3076 et
3115 3020 3319 3090 absque
3340 3022 3565 3087 calceis,
3595 3040 3696 3077 una

2104 3107 2280 3162 tunica
2333 3108 2546 3164 indutos
2590 3125 2761 3181 eaque
2810 3110 3045 3167 detrita:
3081 3112 3249 3169 altera
3279 3125 3465 3169 autem
3510 3115 3701 3170 habeat

2105 3208 2382 3270 potentes,
2425 3201 2757 3257 exercituum
2787 3201 3040 3258 ductores
3062 3244 3079 3266 ,
3122 3205 3409 3274 toparchas
3431 3247 3449 3269 ,
3479 3221 3702 3276 magnos

2106 3292 2396 3363 principes,
2419 3292 2664 3361 pretiosis
2693 3293 2908 3350 indutos
2932 3294 3170 3350 vestibus
3194 3295 3594 3367 subtilibusque
3620 3306 3700 3352 te-

2105 3386 2170 3441 lis
2184 3386 2361 3452 lineis,
2380 3385 2636 3457 zonisque
2655 3386 2862 3443 cinctos
2881 3385 3079 3442 aureis.
3098 3387 3304 3443 Rursus
3328 3386 3419 3443 hic
3437 3389 3493 3442 in
3517 3404 3700 3444 utens:

2109 3495 2402 3551 pauperum
2431 3495 2531 3536 nec
2558 3480 2630 3536 sit
2670 3488 2987 3552 argentum,
3014 3494 3115 3536 nec
3156 3481 3263 3536 vini
3302 3482 3537 3536 multum
3601 3482 3700 3538 sed

2106 3572 2249 3644 quod
2277 3573 2406 3628 satis
2433 3572 2502 3628 sit
2530 3581 2585 3627 et
2614 3574 2783 3643 possit
2814 3572 3115 3630 exhilarare
3146 3590 3161 3627 :
3193 3573 3383 3643 pocula
3428 3582 3614 3628 autem
3648 3585 3702 3629 et

2107 3681 2233 3721 vasa
2277 3666 2465 3721 relicta
2512 3664 2756 3722 confecta
2796 3666 2904 3721 sint
2931 3682 2996 3720 ex
3039 3665 3180 3720 vitro
3208 3665 3347 3719 solo.
3380 3663 3498 3720 Illic
3522 3675 3699 3720 autem

2110 3760 2161 3814 in
2186 3774 2368 3814 mensa
2398 3758 2623 3815 divitum
2644 3772 2768 3813 vasa
2792 3757 3008 3829 quidem
3032 3757 3209 3812 omnia
3238 3757 3348 3811 sint
3379 3772 3447 3811 ex
3480 3767 3699 3826 argento

2109 3858 2164 3907 et
2206 3866 2361 3916 auro,
2394 3858 2451 3906 et
2498 3865 2566 3905 ne
2619 3865 2756 3904 unus
2806 3847 3020 3919 quidem
3068 3851 3204 3904 ferat
3241 3848 3698 3904 semicirculareu

2111 3958 2349 3998 mensam
2379 3943 2478 4014 (a),
2498 3942 2594 3998 sed
2621 3943 2727 3998 duo
2754 3941 3123 3998 adolescentes
3142 3942 3229 3997 vix
3256 3957 3377 3996 eam
3410 3952 3698 3998 moveant:

2110 4037 2181 4093 sit
2223 4044 2276 4091 et
2323 4035 2497 4105 phiala
2542 4050 2704 4091 aurea
2731 4034 2910 4106 pondo
2935 4033 3141 4090 dimidii
3169 4033 3394 4100 talenti,
3424 4050 3589 4103 quam
3615 4033 3696 4087 vix

2110 4128 2217 4183 duo
2238 4129 2466 4196 juvenes
2489 4143 2707 4181 movere
2732 4125 2973 4196 possint;
3004 4134 3060 4180 et
3086 4124 3278 4181 ordine
3311 4126 3433 4180 sita!
3451 4125 3565 4181 sint
3586 4142 3697 4179 sm-

2114 4219 2295 4289 phone
2314 4219 2470 4290 longe
2487 4218 2678 4274 melius
2702 4233 2861 4287 quam
2882 4225 3126 4289 argento,
3143 4233 3336 4288 nempe
3362 4232 3503 4272 auro
3526 4217 3698 4288 splen.

2110 4314 2301 4369 dentes
2322 4331 2337 4368 :
2356 4314 2425 4367 sit
2445 4313 2604 4368 etiam
2628 4310 3038 4367 semicircularis
3066 4325 3271 4372 mensa,
3295 4310 3442 4364 molli
3468 4310 3695 4380 stragula

2074 4428 2079 4434 ι
2113 4404 2347 4475 undique
2372 4404 2780 4460 strataJiursus
2805 4402 2892 4458 hic
2915 4402 3130 4473 quidem
3155 4402 3265 4456 sint
3290 4401 3442 4455 multi
3474 4401 3693 4456 ministri

2111 4496 2539 4553 aceumbentium
2562 4539 2577 4563 ,
2608 4512 2715 4552 non
2760 4495 2937 4551 minus
2964 4494 3137 4549 ornati
3168 4494 3409 4549 vestibus
3432 4504 3492 4549 et
3521 4495 3693 4564 splen-

2111 4592 2236 4647 dide
2276 4591 2480 4656 amicti,
2508 4598 2564 4645 et
2589 4588 2909 4659 anaxyridas
2938 4602 3031 4642 seu
3061 4602 3193 4658 quas
3236 4586 3463 4641 braccas
3515 4595 3697 4640 vocant

2111 4682 2260 4738 laxas
2288 4682 2544 4738 habentes
2571 4723 2585 4747 ,
2616 4682 2731 4737 visu
2761 4680 2976 4749 quidem
3008 4679 3216 4750 pulchri
3245 4722 3261 4747 ,
3292 4680 3347 4734 in
3379 4678 3501 4749 ipso
3528 4689 3696 4734 autem

2112 4777 2244 4831 flore
2280 4775 2455 4830 aetatis
2494 4773 2821 4829 luxuriantes
2845 4782 2900 4829 et
2926 4772 3064 4829 bene
3087 4782 3269 4827 curata
3299 4780 3443 4831 cute.
3472 4779 3531 4825 et
3554 4770 3697 4824 bona

2114 4867 2469 4933 habitudinis;
2493 4866 2601 4921 illic
2626 4876 2805 4920 autem
2830 4867 2937 4919 sint
2962 4865 3069 4919 duo
3096 4864 3195 4918 soli
3226 4863 3457 4917 ministri
3489 4877 3695 4916 omnem

2114 4962 2256 5017 hunc
2291 4960 2483 5015 fastum
2527 4959 2944 5014 conculcantes:
2973 4966 3028 5013 et
3052 4958 3159 5011 sint
3187 4956 3402 5025 quidem
3445 4955 3557 5009 illis
3596 4953 3695 5009 cibi

2114 5054 2240 5110 lauti
2271 5062 2325 5109 et
2360 5051 2596 5123 opipari;
2644 5049 2730 5104 his
2757 5058 2935 5104 autem
2960 5058 3215 5120 quantum
3245 5050 3377 5103 satis
3417 5048 3493 5103 sit
3516 5047 3581 5103 ad
3610 5062 3694 5101 sa-

2115 5146 2352 5202 tiandum
2392 5143 2686 5215 appetitum
2726 5152 2782 5198 ct
2808 5157 2867 5197 se
2894 5142 3264 5198 recreandum.
3290 5141 3509 5198 Satisne
3554 5140 3693 5195 dixi?

2176 5326 2248 5389 (α)
2273 5324 2355 5374 Hic
2377 5324 2540 5389 agitur
2560 5321 2626 5371 de
2658 5333 2828 5371 mensa
2842 5319 2942 5389 _i_lla
2968 5318 3324 5389 Δδςεςιιὶοἰνίῑιιιξιιῖὶ
3345 5356 3362 5377 ο
3386 5324 3691 5389 αξξοςὲιίε·

2113 5381 2280 5438 lunam
2315 5381 2571 5436 referente
2592 5422 2605 5443 ,
2651 5397 2796 5445 quam
2842 5381 3072 5445 Martialis
3104 5390 3156 5430 et
3187 5381 3502 5445 quidam

2116 5456 2304 5507 vetant,
2326 5450 2438 5511 quia
2465 5446 2656 5495 literam
2671 5443 2726 5511 ς.
2761 5447 2914 5511 sigma
2939 5443 3131 5511 refert;
3157 5446 3314 5511 sigma
3337 5443 3471 5511 enim
3494 5446 3565 5492 sic
3583 5443 3693 5490 Iar-

2115 5513 2246 5563 tialis
2293 5504 2522 5571 tempore
2574 5517 2627 5558 ut
2659 5504 2919 5570 plurimum
2955 5504 3692 5571 exarahatur._

2116 5576 2270 5624 forma
2301 5574 2384 5621 diu
2404 5565 2525 5631 post
2558 5565 2792 5619 Martialis
2834 5583 2991 5620 aevum
3025 5569 3085 5631 in;
3255 5565 3367 5631 fuit.
3406 5566 3692 5631 Guillelmus

2117 5638 2246 5687 enim
2264 5636 2373 5684 Dux
2400 5626 2723 5689 Nonnanuiae,
2750 5634 2831 5693 qui
2856 5645 2981 5679 anno
3004 5629 3122 5679 1066
3147 5627 3371 5688 Angliam
3396 5626 3695 5740 sum

2117 5697 2391 5740 huiusmodi
2436 5709 2654 5740 mensam
2698 5694 2988 5740 accumbens
3024 5698 3414 5740 rennesentatur
3457 5693 3507 5739 in

2116 5697 2391 5762 hujusmpdi
2436 5709 2660 5762 mensam
2698 5694 2988 5762 accumbens
3011 5698 3414 5762 lrepmsentatnr
3447 5693 3507 5762 in

2114 5751 2294 5811 mentis
2310 5758 2598 5807 Monarchina
2623 5757 2865 5805 Francia-1:
2888 5755 3024 5804 Tomi
3046 5751 3245 5818 sectutdi
3273 5751 3573 5818 initio."ide
3593 5766 3695 5818 qua

2115 5825 2179 5873 de
2213 5821 2688 5935 Ιιιρυειηιοιιὶι
2709 5818 2834 5870 theta
2866 5826 2980 5870 sunt
3013 5818 3064 5868 lu
3096 5815 3406 5879 Antiquitate
3446 5815 3696 5885 expansis

2116 5896 2245 5935 Tom.
2270 5901 2317 5935 ο.
2344 5898 2455 5935 ιέειξι.

2116 5896 2245 5939 Tom.
2270 5887 2317 5948 5,
2344 5898 2455 5949 trag.
