4032 6506
295 373 405 430 303

289 487 431 549 τέως
460 483 559 549 τάς
585 484 685 556 μὲν
711 481 945 556 αῑσχράς
968 482 1298 555 παρήσομεν
1322 499 1336 514 ·
1360 483 1537 547 οὐδεὶς
1584 484 1695 555 γὰρ
1742 485 1875 555 ἡμῖν

288 578 438 650 ὑπὲρ
465 577 692 631 ἐκείνων
724 577 961 646 ἀντερεῖ,
990 574 1069 639 ὡς
1121 574 1377 646 πονηρῶν
1404 575 1582 629 ούσῶν
1606 591 1621 607 ⁸
1657 575 1796 641 ἀλλ’,
1824 575 1875 626 εί

288 671 576 741 βούλεσθε,
605 671 705 735 τὰς
757 670 995 739 φυσικάς
1041 669 1137 723 καὶ
1171 670 1269 733 τάς
1312 669 1571 740 βιωτικάς
1596 670 1677 733 είς
1709 668 1876 740 μέσον

284 764 732 834 παραγάγωμεν.
760 763 1025 817 Βιωτικαὶ
1048 762 1148 833 μὲν
1168 757 1262 815 οὖν
1296 762 1434 815 εἰσιν
1456 755 1620 817 αὗται
1642 777 1654 791 ⁸
1674 758 1788 815 οἷον
1812 756 1872 815 εὖ

283 856 461 909 ἔπαθέ
492 873 596 919 τις,
615 853 724 908 ἀπὸ
750 854 1032 923 προγόνων
1058 855 1325 931 ἐκτήσατο
1352 854 1528 923 φίλον,
1547 853 1873 927 ἐκοινώνησε

280 946 572 1019 τραπέζης
595 948 629 1016 ἢ
688 947 1081 1019 ἀποδημίας,ἢ
1109 946 1306 1015 γείτων
1364 946 1483 1001 ἐστί
1517 960 1532 977 ⁸
1567 947 1730 1002 καλαὶ
1778 948 1875 1002 καὶ

278 1036 450 1094 αὗται
472 1056 487 1071 ·
512 1038 853 1111 ἢόμότεχνος
885 1037 1107 1108 γέγονεν
1132 1053 1148 1069 ⁸
1181 1035 1318 1109 αὕτη
1355 1037 1457 1109 μὲν
1485 1031 1579 1091 οὖν
1602 1037 1702 1094 οὐκ
1724 1038 1873 1091 ἔστιν

279 1131 594 1203 εἰλικρινής
622 1148 636 1163 ⁸
680 1130 796 1202 ἔχει
820 1130 930 1203 γάρ
961 1147 1085 1184 τινα
1106 1131 1203 1184 καὶ
1233 1130 1398 1201 ζῆλον
1426 1131 1533 1199 καὶ,
1544 1130 1868 1202 βασκανίαν.

279 1222 445 1297 [5‘26]
482 1225 551 1277 Al
598 1223 656 1278 δέ
711 1224 962 1294 φυσικαὶ,
1000 1217 1113 1278 οἷον
1172 1224 1379 1295 πατρὸς
1426 1224 1719 1297 πρδςυίὸν,
1750 1224 1870 1279 υίοῦ

278 1315 429 1387 πρὸς
477 1314 697 1385 πατέρα
718 1354 734 1379 ,
764 1313 997 1383 ἀδελφοῦ
1032 1313 1170 1385 πρὸς
1194 1314 1441 1385 ἀδελφὸν,
1477 1315 1615 1386 πρὸς
1648 1315 1872 1386 ἔγγονον

278 1410 540 1474 πάππου,
579 1409 790 1481 μητρὸς
814 1408 951 1480 πρὸς
976 1407 1140 1462 τέκνα
1168 1425 1182 1439 ⁸
1219 1410 1269 1462 εί
1300 1407 1356 1462 δέ
1394 1408 1674 1479 βούλεσθε,
1698 1426 1869 1481 προσ-

279 1501 478 1572 θῶμεν
507 1501 603 1555 καὶ
651 1500 752 1573 τὴν
776 1501 880 1571 τῆς
924 1501 1185 1570 γυναικὸς
1224 1501 1363 1571 πρὸς
1396 1501 1565 1572 ἄνδρα
1588 1516 1603 1532 ⁸
1634 1502 1729 1556 καὶ
1760 1501 1870 1573 γὰρ

278 1594 465 1648 πᾶσαι
506 1591 565 1647 al
615 1592 850 1663 γαμικαί
893 1594 1001 1647 είσι
1028 1592 1280 1663 βιωτικα)⁵
1318 1593 1414 1649 καὶ
1445 1594 1653 1663 γήϊναι.
1697 1589 1869 1649 Δῧται

282 1686 393 1758 μέν
430 1682 526 1741 οῦν
552 1686 779 1740 ἐκείνων
806 1681 945 1742 εἶναι
974 1685 1194 1741 δοκοῦσι
1220 1687 1581 1760 σφοδρότεραι
1609 1705 1625 1721 ⁸
1648 1688 1870 1743 δοκοῦσι

282 1778 371 1843 δέ,
398 1775 588 1843 εἷπον,
635 1777 726 1832 διά
779 1777 843 1832 τὸ
881 1777 1141 1843 πολλάκις
1176 1779 1268 1833 ὑπ’
1294 1780 1519 1834 ἐκείνων
1542 1781 1865 1852 ἡττηθῆναι.

282 1871 407 1924 Kal
433 1870 542 1940 7&9
574 1869 719 1939 φίλοι
747 1868 984 1939 ἀλλαχοῦ
1014 1868 1381 1941 γνησιώτερον
1401 1871 1681 1943 ἐφάνησαν
1710 1871 1867 1924 ἀδελ-

277 1962 410 2032 φῶν
464 1960 819 2031 διακείμενοι,
876 1960 971 2013 καὶ
1018 1961 1149 2014 υίῶν
1201 1960 1339 2029 πρὸς
1391 1960 1635 2031 πατέρας
1661 1977 1675 1992 ⁸
1709 1962 1804 2015 καὶ
1838 1963 1869 2017 6

279 2054 388 2125 μὲν
433 2053 716 2125 γεννηθεὶς
744 2054 845 2107 οὐκ
873 2052 1195 2123 ἐϐοήθησεν,
1218 2053 1247 2106 6
1274 2053 1331 2107 δέ
1366 2054 1442 2124 μὴ
1484 2054 1646 2122 γνοὺς
1680 2055 1863 2122 αὐτὸν,

280 2145 539 2216 παρέστη
592 2145 688 2198 καὶ
745 2144 1069 2215 ἐϐοήθησεν.
1111 2146 1173 2198 Ἦ
1203 2146 1261 2200 δὲ
1291 2148 1637 2218 πνευματικὴ
1673 2148 1863 2219 ἀγάπη

277 2235 477 2289 πασῶν
509 2236 659 2289 ἐστιν
707 2236 977 2307 ἀνωτέρα,
1002 2236 1253 2310 καθάπερ
1287 2255 1371 2302 τις
1415 2238 1705 2308 βασίλισσα
1754 2241 1866 2294 τῶν

280 2326 436 2379 ίδίων
467 2326 767 2399 κρατοῦσα,
793 2329 890 2381 καὶ
915 2328 1168 2400 λαμπρὸν
1191 2329 1303 2401 ἔχει
1340 2331 1401 2384 τὸ
1435 2335 1624 2403 σχῆμα
1658 2348 1675 2364 ⁸
1707 2332 1864 2386 οὐδὲν

272 2418 394 2489 7&9
438 2421 595 2489 γήῖον
621 2418 795 2491 αὐτὴν
834 2420 1030 2486 τίκτει,
1071 2421 1324 2493 καθάπερ
1347 2425 1583 2494 ἐκείνην,
1616 2424 1678 2477 ού
1699 2426 1859 2496 συνή-

272 2510 425 2571 θεια,
440 2512 539 2565 οὐκ
559 2510 872 2583 εὐεργεσία,
894 2514 956 2567 ού
984 2512 1166 2581 φύσις,
1193 2515 1255 2568 ού
1277 2516 1491 2587 χρόνος,
1516 2517 1631 2571 ἀλλ’
1654 2518 1862 2573 άνωθεν

274 2601 529 2654 κάτεισιν
560 2604 625 2655 ἐκ
640 2602 739 2655 τοῦ
768 2603 1023 2675 ούρανοῦ.
1062 2605 1171 2659 Kal
1194 2606 1246 2659 τί
1273 2606 1599 2676 θαυμάζεις,
1626 2610 1674 2663 εί
1705 2609 1864 2676 εὐερ-

272 2691 475 2759 γεσίας
513 2692 574 2746 ού
610 2692 781 2746 δεῖται
815 2694 952 2764 πρὸς
991 2694 1054 2748 τὸ
1086 2698 1442 2763 συνεστάναι,
1481 2699 1616 2753 ὅπου
1652 2716 1715 2767 γε
1742 2700 1864 2755 οὺδέ

270 2784 358 2855 τῷ
396 2784 583 2847 κακῶς
621 2783 817 2839 παθεῖν
857 2786 1263 2858 ἀνατρέπεται;
1296 2790 1418 2844 Ὅτι
1474 2792 1530 2844 δὲ
1563 2791 1701 2863 αὕτη
1739 2794 1862 2863 μεί-

274 2876 393 2939 ζων
412 2876 630 2946 ἐκείνης
659 2876 828 2943 ἐστὶν,
860 2879 1092 2933 ἀκουσον
1110 2881 1323 2937 Παύλου
1346 2881 1596 2951 λέγοντος
1620 2900 1635 2915 ⁸
1667 2886 1866 2954 Ιιὺχό·

272 2985 408 3036 μην
451 2967 719 3039 ἀνάθεμα
766 2966 920 3025 εἶναι
957 2973 1142 3039 αὐτὸς
1174 2974 1290 3043 ἐγὼ
1320 2975 1441 3030 ἀπὸ
1472 2976 1578 3031 τοῦ
1601 2979 1863 3046 Χριστοῦ

272 3061 433 3128 ὑπὲρ
462 3060 584 3114 τῶν
600 3061 882 3132 ἀδελφῶν
892 3081 1034 3133 μου.
1057 3065 1153 3129 Τίς
1170 3066 1237 3119 ἂν
1257 3066 1414 3120 τοῦτο
1428 3067 1635 3136 ηὔξατο
1654 3071 1860 3142 πατὴρ.

274 3149 424 3203 ὥστε
455 3151 513 3203 ἐν
539 3154 729 3215 κακοῖς
756 3148 930 3219 εἶναις
963 3155 1072 3207 Kal
1107 3154 1291 3219 πάλιν,
1328 3157 1399 3211 Τὸ
1424 3158 1733 3214 ἀναλῦσαι
1762 3162 1860 3217 καὶ

273 3243 405 3298 σὺν
462 3244 693 3314 Χριστῷ
744 3242 898 3301 εἶναι
972 3245 1183 3313 πολλῷ
1244 3246 1487 3318 μᾶλλον
1532 3253 1824 3319 κρεῖσσον
1844 3270 1860 3285 ⁸

272 3337 347 3391 τὸ
410 3335 482 3389 δέ
533 3336 829 3407 ἐπιμεῖναι
860 3337 932 3395 ἐν
963 3337 1041 3408 τῇ
1088 3340 1269 3409 σαρκί
1295 3341 1760 3413 ἀναγκαιότερον
1786 3347 1861 3400 δι’

275 3429 460 3499 ὑμᾶς.
488 3430 623 3483 Ποία
655 3432 841 3503 μήτηρ
886 3431 1061 3486 ταῦτα
1087 3432 1152 3487 ἂν
1178 3434 1352 3488 ἕλοιτο
1373 3437 1550 3491 εἰπεῖν
1579 3478 1593 3502 ,
1626 3437 1766 3493 ὥστε
1791 3442 1862 3495 τά

272 3521 450 3593 αὐτῆς
486 3522 777 3593 παριδεῖν;
826 3524 951 3580 Kal.
977 3524 1139 3580 πάλιν
1177 3526 1342 3580 ἄκουε
1386 3528 1550 3583 αὑτοῦ
1590 3530 1859 3600 λέγοντοςο

288 3612 858 3683 Ἀπορφανισθέντες
896 3614 1007 3686 r69
1047 3616 1149 3686 ἀφ’
1203 3617 1369 3687 ὑμῶν
1432 3619 1583 3687 πρὸς
1652 3625 1861 3690 καιρὸν

271 3703 454 3773 ὧρας,
472 3706 793 3773 προσώπῳ,
816 3708 888 3761 οὐ
903 3707 1135 3776 καρδίᾳ.
1162 3710 1272 3763 Kal
1282 3709 1513 3765 ἐνταῦθα
1527 3713 1626 3781 μὲν
1638 3716 1665 3767 6
1679 3715 1860 3787 πατὴρ

272 3797 559 3868 ὑϐρισθεὶς
586 3798 743 3851 ἔλυσε
768 3797 866 3870 τὴν
892 3798 1093 3868 φιλίαν,
1114 3802 1230 3854 ἐκεῖ
1250 3800 1307 3854 δὲ
1320 3802 1523 3869 οὐκέτι,
1556 3804 1693 3859 ἀλλά
1722 3806 1859 3878 πρὸς

270 3892 403 3954 τοὺς
444 3890 765 3956 λιθάζοντας
809 3891 975 3963 ἀπῄει
1016 3892 1398 3964 εὐεργετήσων
1440 3897 1661 3960 αύτούς.
1689 3900 1859 3954 Οὐδὲν

269 3983 409 4053 γάρ,
434 3984 589 4037 ούδέν
624 3982 797 4049 οὕτως
832 3985 1072 4057 ίσχυρὸν,
1103 3986 1179 4049 ὡς
1224 3988 1253 4040 6
1288 3986 1383 4041 τοῦ
1412 3989 1727 4060 Πνεύματος
1768 3994 1858 4046 δε-

272 4076 433 4144 σμός.
480 4075 540 4128 '0
573 4075 674 4146 μὲν
704 4076 813 4147 γὰρ
838 4076 927 4129 διὰ
957 4077 1018 4131 τὸ
1046 4077 1241 4131 παθεῖν
1257 4075 1316 4133 εὖ
1353 4080 1506 4148 φίλος
1534 4083 1852 4154 γενόμενος,

269 4166 344 4221 ἀν
375 4166 457 4238 μὴ
482 4167 748 4238 διηνεκῶς
784 4168 944 4223 τοῦτο
972 4170 1225 4242 γίνηται,
1253 4170 1408 4227 ἐσται
1433 4173 1628 4244 ἐχθρός
1655 4193 1668 4207 ⁸
1690 4176 1720 4229 6
1746 4177 1857 4232 ἀπὸ

272 4260 570 4330 συνηθείας
597 4261 969 4326 ἀδιάσπαστος
987 4261 1083 4326 ὣν,
1110 4264 1275 4319 πάλιν
1298 4265 1399 4335 τῆς
1432 4268 1717 4339 συνηθείας
1739 4269 1857 4324 δια-

267 4352 560 4422 κοπείσης,
614 4352 806 4407 ἔσϐεσε
877 4355 978 4427 τὴν
1034 4355 1238 4425 φιλίαν.
1279 4358 1343 4410 Ἦ
1377 4358 1515 4430 γυνὴ
1574 4360 1755 4425 πάλιν,
1788 4362 1855 4417 ἂν

270 4443 427 4514 μάχη
458 4444 685 4515 γένηται
709 4488 723 4507 ,
750 4446 930 4518 ἀφῆκε
957 4448 1050 4501 τὸν
1095 4448 1283 4520 ἀνδρα,
1309 4450 1519 4505 καὶτὸν
1544 4454 1709 4508 πόθον
1728 4453 1852 4509 έλυ-

270 4552 368 4590 σεν
389 4553 403 4568 ο
445 4538 474 4590 6
511 4538 648 4601 υίὸς,
684 4538 751 4591 ἀν
797 4540 1028 4593 ἐπιπολὺ
1056 4539 1236 4604 ζῶντα
1255 4541 1346 4595 τὸν
1368 4523 1579 4616 πατέρα
1602 4545 1724 4606 ῐδοι.
1759 4548 1853 4601 καὶ

266 4625 591 4697 βαρύνεται.
628 4627 753 4680 Ἐπὶ
784 4627 841 4681 δέ
875 4628 970 4682 τοῦ
1000 4629 1309 4701 πνεύματος
1336 4631 1542 4687 τούτων
1577 4635 1678 4690 οὐκ
1705 4636 1853 4693 ἔστιν

264 4718 447 4771 οὐδέν·
504 4718 684 4773 οὐδενὶ
728 4720 839 4791 7&9
880 4720 1087 4775 τούτων
1142 4723 1365 4788 λύεται,
1414 4726 1536 4779 ἐπεὶ
1595 4729 1730 4801 μηδὲ
1786 4732 1853 4785 ἐκ

260 4807 479 4861 τούτων
532 4808 763 4879 συνέστη
812 4827 827 4842 ⁸
876 4809 1002 4864 οὔτε
1054 4813 1265 4884 χρόνος,
1305 4813 1429 4868 οὔτε
1478 4816 1653 4887 μῆκος
1695 4819 1848 4885 ὁδοῦ,

260 4901 393 4956 οῦτε
448 4902 511 4955 τὸ
565 4902 753 4966 κακῶς
795 4903 1013 4969 παθεῖν,
1048 4903 1173 4958 οὔτε
1201 4906 1265 4960 τδ
1285 4908 1472 4973 κακῶς
1501 4910 1755 4980 ἀκοῦσαι,
1786 4912 1849 4966 οὐ

261 4993 462 5063 θυμὸς,
489 4994 588 5064 οὐχ
628 4993 806 5066 ῦϐρις,
830 4996 931 5049 ούκ
958 4996 1088 5051 ἀλλο
1117 4997 1272 5051 οὐδὲν
1294 5000 1696 5073 ἐπεισέρχεται.
1728 5005 1850 5061 οὐδὲ

258 5086 493 5139 δύναται
543 5086 715 5158 αὐτὴν
776 5085 1046 5143 διαλῦσαι.
1084 5089 1196 5143 Kal
1221 5090 1308 5144 ῖνα
1343 5092 1541 5164 μάθῃς,
1570 5094 1851 5162 ἐλιθάζετο

256 5180 285 5231 6
326 5178 598 5249 Μωῦσῆς.
631 5180 726 5233 καὶ
754 5180 897 5251 ύπέρ
918 5180 1099 5235 αὐτῶν
1131 5183 1306 5252 ἠξίου.
1330 5183 1426 5248 Τίς
1461 5184 1528 5239 ἂν
1553 5185 1712 5241 τοῦτο
1731 5191 1849 5260 είρ-

255 5271 475 5336 γάσατο
527 5272 713 5344 πατὴρ
770 5272 911 5343 ὑπὲρ
962 5273 1058 5327 τοῦ
1086 5274 1423 5340 λιθάσαντος,
1456 5276 1570 5331 ἀλλ’
1601 5279 1725 5350 οὐχὶ
1751 5281 1849 5336 καὶ

256 5360 428 5414 αὐτὸν
451 5360 520 5415 ἂν
553 5362 848 5417 κατέλευσε
881 5382 896 5430 ;
931 5364 1147 5429 Ταύτας
1189 5364 1253 5437 δὴ
1290 5366 1717 5440 μεταδιώκωμεν
1747 5370 1847 5435 τάς

256 5452 445 5521 φιλίας
477 5454 578 5517 τὰς
610 5455 720 5508 ἀπὸ
742 5455 838 5509 τοῦ
874 5457 1207 5528 πνεύματος·
1249 5461 1467 5532 ἰσχυραὶ
1487 5462 1718 5533 γάρείσι
1751 5465 1845 5519 καὶ

253 5544 625 5598 δυσδιάλυτον
650 5546 727 5616 μὴ
752 5545 850 5610 τάς
867 5547 976 5602 ἀπὸ
998 5548 1105 5601 τῶν
1126 5550 1434 5619 τραπεζῶνο
1457 5552 1575 5606 ἐκεῖ
1615 5555 1723 5625 7&9
1747 5556 1843 5611 κα)⁴

258 5636 590 5706 κωλυόμεθα
605 5636 815 5702 ταύτας
841 5638 1107 5707 εἰσάγειν.
1134 5640 1402 5694 Ἄκουσον
1427 5641 1536 5712 γάρ
1566 5644 1661 5698 τοῦ
1704 5647 1750 5699 Χ
1760 5664 1840 5718 ρι-

256 5727 389 5781 στοῦ
415 5728 672 5798 λέγοντος
695 5730 755 5782 ὲν
783 5729 862 5801 τῷ
888 5730 1205 5802 Εὐαγγελίῳ
1233 5748 1248 5765 ⁸
1273 5732 1371 5802 Μὴ
1397 5734 1667 5805 καλέσῃς
1698 5739 1841 5807 τοὺς

258 5820 485 5889 φίλους
511 5838 654 5887 σου,
678 5820 834 5892 μηδὲ
868 5822 1009 5891 τοὺς
1042 5824 1315 5893 γείτονάς
1340 5840 1479 5893 σου,
1512 5825 1620 5882 ἐὰν
1659 5828 1835 5897 ποιή-

1222 369 1291 427 IN
1330 369 1552 429 LPIST.
1592 371 1686 428 AD
1724 370 1994 429 COLOSS
2047 372 2203 429 CAP.
2241 373 2284 430 Ι.
2329 372 2565 432 110111..
2605 376 2649 433 Ι.

3452 382 3560 441 306

1983 497 2105 554 σῃς
2153 485 2368 554 δοχὴν,
2413 487 2576 542 ἀλλὰ
2630 487 2768 556 τοὺς
2818 490 3075 558 χωλοὺς,
3136 488 3277 559 τοὺς
3325 492 3557 562 ἀναπή-

1972 592 2126 643 ρους
2150 593 2165 608 ⁸
2204 567 2430 641 ε’ίκότως
2457 597 2472 611 ⁸
2507 580 2673 645 πολὺς
2701 580 2809 654 γάρ
2841 583 2871 636 6
2905 582 3046 654 ὑπὲρ
3101 582 3307 637 τούτων
3339 586 3553 656 μισθός.

1994 667 2132 721 Ἀλλ’
2163 668 2225 724 οὐ
2261 668 2511 734 δύνασαι,
2544 671 2669 725 ούδέ
2719 673 2889 745 ἀνέχῃ
2931 673 3069 746 μετά
3114 674 3302 747 χωλῶν
3331 679 3427 730 καὶ
3460 695 3557 731 τυ-

1981 759 2130 830 φλῶν
2156 761 2459 826 ἑστιᾶσθαι,
2488 763 2623 817 ἀλλά
2643 764 2783 836 βαρὺ
2812 768 2908 821 καὶ
2934 766 3194 839 φορτικόν
3234 769 3342 842 ἡγῇ
3371 769 3553 836 τοῦτο,

1979 851 2076 904 καὶ
2105 855 2348 923 παραιτῇ
2375 870 2390 918 ;
2424 852 2576 925 [527]
2604 854 2860 909 Μάλιστα
2887 856 2985 926 μὲν
3007 853 3104 911 οὗν
3135 858 3235 915 οὐκ
3256 858 3385 928 ἔδει,
3413 859 3555 929 πλὴν
3622 866 3627 873 ’

1976 940 2094 995 ἀλλ’
2119 943 2220 995 οὑκ
2266 941 2415 995 ἔστιν
2462 943 2677 1015 ἀνάγκη
2708 959 2723 975 ⁸
2762 947 2866 999 κᾶν
2888 946 2966 1017 μὴ
2989 947 3326 1020 συγκαθίσῃς
3355 948 3554 1012 αὐτοὺς

1981 1032 2121 1103 μετά
2148 1032 2266 1097 σοῦ,
2292 1033 2359 1088 τά
2389 1034 2668 1105 ἐδέσματα
2689 1034 2870 1100 αὐτοῖς
2893 1036 3214 1091 ἀπόστειλον
3237 1039 3307 1092 τὰ
3331 1039 3439 1093 ἀπὸ
3453 1041 3553 1106 τῆς

1976 1125 2277 1197 τραπέζης.
2292 1127 2401 1179 Kal
2424 1126 2532 1198 7&9
2551 1130 2579 1181 6
2606 1126 2794 1196 φίλους
2812 1127 3018 1192 καλῶν,
3041 1129 3194 1183 οὐδὲν
3223 1131 3367 1203 μέγα
3393 1131 3549 1184 ἐποί-

1976 1234 2108 1288 ησεν
2140 1234 2155 1249 ⁸
2182 1218 2425 1273 ἀπέλαϐε
2471 1221 2582 1291 7&9
2613 1220 2851 1276 ἐνταῦθα
2886 1221 2980 1275 τὸν
3011 1221 3204 1293 μισθόν
3229 1240 3244 1254 ·
3274 1224 3305 1277 6
3342 1223 3398 1276 δέ
3417 1223 3552 1277 ἀνά-

1976 1325 2153 1380 πηρον
2172 1304 2369 1364 καλῶν
2416 1311 2511 1364 καὶ
2541 1311 2773 1383 πένητα,
2812 1310 2925 1384 ἔχει
2954 1311 3046 1366 τὸν
3078 1312 3211 1365 Θεὸν
3241 1312 3551 1385 ὀφειλέτην.

1976 1400 2071 1472 Μὴ
2098 1399 2282 1453 τοίνυν
2310 1400 2692 1473 ἀσχάλλωμεν,
2723 1403 2852 1456 ὅταν
2890 1402 2966 1474 μὴ
2995 1402 3229 1457 ἐνταῦθα
3260 1404 3551 1459 ἀπολάϐω-

1979 1508 2101 1563 μεν,
2130 1491 2245 1545 ἀλλ*
2269 1492 2397 1546 ὅταν
2448 1492 2683 1548 ἐνταῦθα
2711 1493 3078 1565 ἀπολάϐωμεν
3106 1512 3121 1527 ⁸
3144 1496 3264 1549 ἐκεῖ
3292 1495 3401 1567 7&9
3424 1496 3551 1548 οὐκ-

1978 1582 2060 1636 έτι
2117 1582 2532 1654 ἀποληψόμεθα.
2599 1584 2856 1656 Ὁμοίως,
2900 1584 2968 1641 ἂν
3010 1586 3299 1658 ἄνθρωπος
3345 1588 3554 1657 ἀποδῷ,

1975 1673 2109 1740 Θεὸς
2139 1676 2241 1730 οὐκ
2286 1675 2610 1731 ἀποδίδωσιν
2637 1691 2652 1707 ⁸
2691 1676 2759 1731 ἂν
2801 1669 2960 1742 οὗτος
3030 1678 3107 1750 μὴ
3170 1678 3379 1751 ἀποδῷ,
3429 1679 3553 1733 τότε

1975 1765 2244 1819 ἀποδώσει
2274 1765 2428 1830 Θεός.
2465 1766 2558 1836 Μὴ
2587 1766 2771 1822 τοίνυν
2818 1767 3065 1833 ἐκείνους
3101 1768 3356 1840 ζητῶμεν
3401 1770 3555 1841 εὐερ-

1973 1859 2153 1926 γετεῖν
2204 1858 2332 1923 τοὺς
2388 1858 2789 1913 ἀνταποδοῦναι
2834 1860 2967 1931 ἡμῖν
3015 1861 3375 1931 δυναμένους,
3418 1862 3555 1933 μηδέ

1973 1952 2067 2004 ἐπὶ
2090 1950 2375 2016 τοιαύταις
2418 1951 2622 2016 αὐτοὺς
2656 1952 2872 2006 ἐλπίσιν
2910 1953 3295 2025 εύεργετῶμεν
3318 1971 3333 1987 ⁸
3368 1953 3555 2025 ψυχρὰ

1972 2042 2113 2115 αῦτη
2172 2045 2206 2115 η
2255 2044 2485 2099 διάνοια.
2523 2045 2628 2098 Τὸν
2688 2045 2842 2117 φίλον
2885 2046 2951 2101 ἂν
2979 2047 3238 2119 καλέσῃς,
3263 2049 3427 2119 μέχρι
3451 2049 3554 2119 τῆς

1972 2137 2209 2208 ἐσπέρας
2243 2138 2277 2208 ἡ
2331 2136 2529 2209 χάρις·
2556 2137 2645 2193 διά
2696 2138 2859 2192 τοῦτο
2897 2139 3007 2195 τῶν
3060 2140 3554 2211 καταϐαλλομένων

1970 2228 2271 2300 ταχύτερον
2310 2229 2343 2302 ἢ
2374 2229 2486 2283 τῶν
2516 2229 2725 2301 καιρῶν
2750 2230 3059 2286 δαπανᾶται
3085 2233 3238 2303 φιλία
3260 2250 3274 2264 ⁸
3298 2234 3390 2287 τὸν
3420 2234 3552 2304 μέν·

1970 2339 2052 2376 τοι
2085 2323 2291 2392 πένητα
2312 2321 2408 2376 καὶ
2433 2322 2719 2393 ἀνάπηρον
2744 2323 2811 2377 ἂν
2849 2324 3109 2396 καλέσῃς,
3134 2326 3391 2380 οὐδέποτε
3412 2328 3551 2381 ἀπο-

1970 2413 2144 2468 λεῖται
2193 2416 2226 2486 ἡ
2280 2414 2441 2487 χάρις
2474 2431 2488 2445 ⁸
2546 2416 2640 2469 τὸν
2700 2414 2811 2486 7&9
2860 2418 3092 2472 πάντοτε
3140 2420 3553 2491 μνημονεύοντα

1971 2506 2125 2571 Θεὸν,
2175 2508 2272 2560 καὶ
2316 2508 2576 2562 οὐδέποτε
2614 2507 3126 2580 ἐπιλανθανόμενον,
3190 2510 3336 2582 ἔχεις
3389 2512 3553 2566 αὑτὸν

1971 2598 2277 2670 ὀφειλέτην.
2316 2599 2500 2670 Πόσης
2563 2599 2620 2653 δέ
2683 2600 2778 2653 καὶ
2838 2600 3116 2671 βλακείας,
3172 2602 3295 2655 είπέ
3351 2604 3552 2673 μοι,τὸ

1974 2690 2050 2761 μὴ
2072 2690 2330 2744 δύνασθαι
2362 2690 2561 2760 πένησι
2590 2689 3025 2759 συγκαθέζεσθαι
3045 2710 3060 2759 ;
3080 2692 3145 2745 Τί
3170 2691 3552 2761 λέγεις;Ἀκά-

1972 2781 2170 2852 θαρτός
2188 2783 2326 2846 ἐστι,
2373 2783 2530 2852 φησὶ,
2566 2782 2659 2835 καὶ
2688 2781 2955 2853 ῥυπαρός.
2994 2784 3104 2837 Kal
3134 2783 3325 2839 λοῦσον
3363 2786 3551 2852 αὑτὸν,

1972 2874 2066 2927 καὶ
2100 2874 2345 2941 ἀνάγαγε
2391 2872 2484 2926 ἐπὶ
2536 2872 2822 2944 τράπεζαν
2869 2874 2968 2944 τὴν
3008 2875 3129 2945 σήν.
3171 2874 3314 2931 Ἀλλ’
3352 2878 3548 2949 ἱμάτια

1972 2962 2085 3033 ἔχει
2140 2962 2553 3035 ἐῤῥυπωμένα;
2589 2964 2699 3018 Καὶ
2741 2963 2995 3038 ἄμειψον,
3026 2967 3121 3020 καὶ
3173 2965 3262 3033 δὸς
3302 2968 3552 3042 καθαράν

1976 3056 2191 3126 στολήν.
2808 3122 2819 3133 ᾗ

2041 3150 2102 3204 δ’.
2145 3150 2258 3220 Ούχ
2295 3151 2426 3222 όρᾷς
2457 3150 2519 3205 τὸ
2549 3149 2740 3221 κέρδος
2772 3151 2896 3207 ὅσον
2924 3169 2942 3220 ς
2975 3152 3004 3206 6
3026 3153 3260 3225 Χριστὸς
3285 3154 3352 3210 δι’
3383 3155 3548 3211 αὐτοῦ

1970 3245 2352 3316 παραγίνεται,
2381 3246 2559 3302 καὶσὺ
2592 3247 2733 3319 ὑπὲρ
2765 3247 2956 3303 τούτου
2982 3249 3318 3323 μικρολογῇς
3341 3251 3435 3307 τόν
3457 3252 3553 3324 βαρ

1972 3340 2121 3393 σιλέα
2134 3339 2314 3393 καλῶν
2332 3340 2426 3393 ἐπὶ
2443 3339 2542 3410 τὴν
2552 3340 2857 3410 τράπεζαν,
2877 3341 3018 3412 ὑπὲρ
3042 3340 3251 3396 τούτων
3271 3343 3515 3409 δέδοικας
3532 3363 3549 3412 ;

1979 3430 2429 3484 ’Υποκείσθωσαν
2454 3430 2728 3501 τράπεζαι
2755 3430 2867 3497 δύο,
2898 3432 2993 3485 καὶ
3026 3434 3059 3503 ἡ
3097 3432 3199 3503 μέν
3235 3434 3300 3488 ἐκ
3342 3434 3552 3489 τούτων

1969 3521 2375 3593 πεπληρώσθω,
2410 3522 2506 3574 καὶ
2558 3521 2731 3591 ἐχέτω
2760 3521 2997 3591 τυφλοὺς
3018 3560 3033 3585 ,
3058 3520 3288 3593 χωλοὺς,
3317 3523 3550 3592 κυλλοὺς

1967 3614 2067 3682 τὴν
2106 3615 2287 3684 χεῖρα,
2324 3613 2384 3667 τὸ
2417 3612 2610 3677 σκέλος
2658 3614 3120 3685 πεπηρωμένους,
3153 3616 3547 3684 ἀνυποδέτους,

1966 3705 2063 3759 ἕνα
2090 3705 2510 3775 περικειμένους
2544 3704 2887 3777 χιτωνίσκον,
2913 3706 3008 3760 καὶ
3040 3707 3230 3761 τοῦτον
3258 3708 3550 3780 ἐκτετριμ-

1969 3796 2148 3867 μένον·
2176 3798 2209 3866 ή
2238 3796 2294 3850 δὲ
2327 3795 2491 3867 ἐτέρα
2517 3796 2688 3867 ἐχέτω
2709 3796 2996 3864 δυνάστας,
3025 3799 3390 3869 στρατηγοὺς,
3414 3817 3550 3854 τοπ-

1964 3886 2161 3958 άρχας,
2194 3887 2462 3956 ἄρχοντας
2503 3887 2795 3958 μεγάλους,
2818 3889 3201 3961 ἐνδεδυμένους
3224 3890 3417 3961 ἱμάτια
3450 3908 3550 3946 πο-

1964 3977 2156 4049 λυτελῆ
2176 3978 2271 4033 καὶ
2292 3979 2485 4043 όθόνας
2508 3980 2734 4045 λεπτὰς,
2752 3979 3097 4052 ἐζωσμένους
3113 3986 3322 4054 χρυσᾶς
3344 3981 3545 4049 ζώνας.

1964 4071 2135 4125 Πάλιν
2161 4072 2399 4127 ἐνταῦθα
2420 4073 2478 4127 ἐν
2500 4075 2568 4144 τῇ
2592 4072 2701 4131 τῶν
2727 4075 2982 4145 πενήτων
3006 4075 3257 4148 τραπέζῃ
3290 4076 3431 4147 μήτε
3454 4076 3549 4148 ἀρ-

1962 4183 2131 4237 γυρος
2160 4165 2322 4229 ἔστω,
2351 4167 2489 4237 μήτε
2523 4163 2665 4229 οἶνος
2700 4165 2889 4231 πολὺς,
2913 4167 3030 4221 ἀλλ’
3060 4168 3090 4220 6
3117 4168 3305 4239 ἀρκῶν
3339 4169 3434 4221 xal
3455 4170 3549 4223 εὑ-

1963 4260 2167 4330 φράναι
2216 4258 2516 4328 δυνάμενος
2549 4271 2566 4288 ⁸
2610 4258 2682 4311 τά
2711 4259 2768 4311 δέ
2818 4257 3127 4330 ἐκπώματα
3167 4260 3262 4314 καὶ
3286 4260 3356 4313 τὰ
3382 4260 3547 4315 λοιπά

1963 4350 2134 4421 σκεύη
2161 4351 2271 4405 ἀπὸ
2294 4350 2449 4405 ὑέλου
2481 4348 2907 4404 κατεσκευάσθω
2931 4350 3100 4419 μόνης
3123 4367 3138 4381 ⁸
3167 4351 3362 4405 ἐκεῖδέ
3392 4354 3451 4404 ἐν
3476 4355 3543 4423 τῇ

1959 4443 2070 4497 τῶν
2106 4442 2378 4496 πλουσίων
2394 4441 2645 4513 τραπέζῃ
2675 4442 2815 4496 ἔστω
2841 4441 2943 4511 μὲν
2973 4441 3143 4512 σκεύη
3177 4443 3245 4497 τά
3274 4443 3453 4498 πάντα
3484 4444 3546 4510 ἐξ

1961 4534 2206 4606 ἀργύρου
2259 4534 2355 4588 καὶ
2411 4532 2639 4605 χρυσοῦ,
2668 4532 2762 4586 καὶ
2809 4532 2945 4603 μηδὲ
2975 4526 3057 4597 εἷς
3087 4534 3302 4605 φερέτω
3322 4533 3383 4588 τδ
3408 4536 3541 4605 ἡμιο

1960 4626 2203 4689 κύκλιον,
2234 4624 2372 4680 ἀλλά
2417 4625 2512 4680 δύο
2543 4625 2751 4679 νεανίαι
2782 4624 2938 4695 μόλις
2988 4624 3120 4679 αὐτὸ
3168 4625 3491 4681 κινείτωσαν
3522 4639 3540 4657 ⁸

1960 4719 2101 4773 ἔστω
2130 4718 2188 4773 δέ
2220 4719 2314 4772 καὶ
2347 4717 2515 4789 φιάλη
2559 4716 2865 4789 ὑπόχρυσος
2899 4717 3143 4787 σταθμὸν
3170 4717 3543 4788 ἡμιτάλαντον

1958 4810 2193 4863 ἕλκουσα
2218 4850 2236 4877 ,
2274 4809 2351 4873 ὡς
2385 4809 2480 4864 δύο
2524 4809 2743 4873 νεανίας
2783 4808 2938 4879 μόλις
2994 4806 3167 4880 αὐτὴν
3218 4811 3411 4871 κινεῖν,
3444 4808 3543 4863 καὶ

1955 4903 2007 4956 οἱ
2038 4902 2308 4974 ἀμφορεῖς
2334 4900 2642 4956 κείσθωσαν
2670 4900 2869 4971 ἐφεξῆς
2883 4898 3065 4971 πολλῷ
3080 4901 3305 4970 ἄμεινον
3320 4898 3415 4953 τοῦ
3436 4900 3541 4971 ἀρ-

1958 4990 2128 5065 γύρου
2154 4992 2572 5063 ἀπολάμποντες
2586 4991 2664 5058 τῷ
2684 4992 2871 5065 χρυσῷ
2896 5009 2911 5023 ·
2948 4991 3093 5047 ἔστω
3122 4990 3180 5045 δέ
3203 4992 3301 5046 καὶ¹
3327 4990 3387 5044 τὸ
3403 4991 3538 5061 ἡμι-

1956 5084 2177 5139 κύκλιον
2206 5085 2391 5167 ἀπαλῇ
2418 5088 2673 5158 στρωμνῇ
2703 5084 2967 5140 πάντοθεν
2986 5085 3399 5156 ἐστορεσμένον.
3419 5084 3536 5138 Πά-

1955 5178 2038 5231 λιν
2084 5176 2317 5231 ἐνταῦθα
2354 5179 2453 5249 μὲν
2492 5178 2738 5233 ἔστωσαν
2770 5180 3007 5235 διάκονοι
3031 5177 3237 5241 πολλοὶ,
3267 5177 3377 5231 τῶν
3398 5178 3535 5231 ἀνα-

1953 5271 2223 5342 κειμένων
2234 5267 2503 5344 ούχῆττον
2519 5274 2921 5343 κεκοσμημένοι
2930 5273 3042 5334 τοῖς
3061 5270 3317 5341 ἱματίοις,
3336 5271 3432 5323 καὶ
3447 5271 3535 5324 ἐν-

1951 5364 2230 5435 δεδυμένοι
2265 5365 2557 5437 λαμπρῶς,
2588 5367 2684 5419 καὶ
2737 5364 3065 5435 ἀναξυρίδας
3109 5363 3346 5435 ἔχοντες,
3375 5362 3535 5420 καλοὶ

1954 5458 2053 5527 μὲν
2090 5457 2239 5524 ἰδεῖν,
2279 5459 2412 5512 αὐτὸ
2432 5460 2657 5528 ἀγοντες
2688 5459 2787 5529 τῆς
2813 5458 3030 5530 ἡλικίας
3059 5456 3122 5511 τὸ
3154 5456 3340 5523 ἀνθος,
3360 5474 3527 5529 σφρι-

1950 5552 2155 5622 γῶντες
2194 5552 2290 5607 καὶ
2316 5534 2765 5624 εὐσωματοῦντες
2794 5568 2808 5582 ·
2834 5553 2950 5605 ἐκεῖ
2962 5550 3021 5604 δέ
3051 5550 3146 5605 δύο
3181 5550 3333 5621 μόνοι
3355 5549 3530 5604 ἔστω.

1952 5662 2049 5699 σαν
2071 5644 2220 5716 [5281
2236 5645 2494 5709 διάκονοι,
2525 5644 2701 5699 πάντα
2720 5642 2811 5697 τὸν
2822 5642 2990 5714 τῦφον
3007 5641 3196 5697 τοῦτον
3210 5657 3427 5712 πεπατη
3434 5641 3499 5695 κό
3510 5669 3529 5683 -

1949 5753 2038 5799 τες
2056 5752 2069 5765 ⁸
2087 5736 2181 5789 καὶ
2203 5736 2344 5789 ἔστω
2372 5740 2484 5800 τοῖς
2510 5736 2607 5806 μὲν
2628 5735 2699 5789 τὰ
2720 5734 2995 5806 ἐδέσματα
3029 5734 3320 5804 πολυτελῆ,
3339 5735 3452 5797 τοῖς
3467 5733 3528 5788 δέ

1950 5828 2189 5885 τοσαῦτα
2201 5830 2303 5885 ὅσα
2323 5830 2510 5884 σϐέσαι
2532 5829 2623 5885 τὸν
2644 5828 2823 5902 λιμὸν,
2840 5828 2932 5885 καὶ
2950 5826 3285 5901 εὐφροσύνης
3314 5824 3531 5899 ἐμπλῆ-
