4032 6506
506 378 616 436 ξ’θὸ

510 487 699 546 οαιῙΑ
711 509 779 562 ρα
803 488 956 547 εἷπον
976 494 1323 567 ἀρκούντωςς
1356 499 1449 553 καὶ
1467 501 1607 572 μετὰ
1631 502 1918 573 ἀκριϐείας
1946 519 2084 556 κατ-

505 584 905 655 εσκευασμέναι
937 586 1247 659 ἀμφότεραί
1275 592 1415 645 εἰσιν
1452 594 1508 647 αἰ
1536 594 1809 665 τράπεζαι
1836 610 1852 659 ;
1915 596 1989 665 μή
2024 602 2078 647 τι

507 674 683 739 ἐνδεῖ;
738 674 880 743 Ἐγὼ
911 676 1009 747 μὲν
1036 678 1138 733 οὐκ
1156 675 1311 751 οἶμαι
1341 698 1355 712 ⁸
1388 684 1480 736 καὶ
1507 684 1617 756 γάρ
1643 684 1771 749 τοὺς
1802 684 2077 755 κεκλημέ-

506 781 632 829 νους
660 765 917 836 ἐπῆλθον,
970 770 1064 823 καὶ
1108 773 1210 841 τὴν
1241 774 1592 831 πολυτέλειαν
1623 776 1848 830 καὶτῶν
1869 775 2080 830 σκευῶν

505 856 601 909 καὶ
630 858 738 912 τῶν
766 862 1103 933 στρωμάτων
1125 866 1218 920 καὶ
1245 868 1352 922 τῶν
1377 869 1708 939 ἐδεσμάτων.
1739 870 1888 939 Πλὴν
1914 869 2073 934 ἀλλά,

502 949 600 1000 καὶ
635 949 759 1004 είτι
788 954 1186 1026 παρελίπομεν,
1209 958 1647 1030 ἐπεξαγαγόντες
1673 962 1763 1015 τὸν
1801 961 1957 1029 λόγον
1987 961 2078 1014 εὐ·

501 1041 762 1111 ρήσομεν.
793 1045 929 1114 Φέρε
962 1043 1077 1113 οὖν,
1099 1050 1286 1122 ἐπειδὴ
1318 1052 1377 1105 τὸ
1405 1052 1716 1124 πρόσφορον
1744 1052 1925 1117 καλῶς
1946 1054 2079 1123 ἡμῖν

500 1133 743 1188 ἀπέλαϐε
804 1138 991 1209 σχῆμα
1022 1142 1224 1215 ἑκάστη
1255 1145 1522 1214 τράπεζα,
1555 1146 1752 1216 ἴδωμεν
1786 1146 1889 1200 ποῦ
1916 1147 2078 1218 ὑμεῖς

501 1225 988 1299 κατακλιθήσεσθε.
1025 1232 1166 1301 Ἐγὼ
1222 1235 1321 1304 μὲν
1354 1236 1459 1308 γὰρ
1506 1238 1594 1291 ἐπ’
1621 1237 1839 1307 ἐκείνην
1874 1238 2072 1310 ἄπειμι

498 1316 597 1383 τὴν
640 1317 749 1373 τῶν
793 1323 1031 1390 τυφλῶν,
1059 1326 1157 1397 τὴν
1196 1329 1303 1382 τῶν
1334 1330 1524 1399 χωλῶν
1546 1346 1560 1360 ⁸
1594 1330 1752 1401 ὑμῶν
1772 1332 1829 1386 δὲ
1857 1332 1999 1403 τάχα
2022 1334 2072 1387 οἰ

499 1408 718 1474 πλείους
774 1412 980 1486 ταύτην
1031 1418 1373 1488 αἱρήσονται,
1406 1421 1507 1489 τὴν
1554 1422 1664 1474 τῶν
1719 1423 2069 1494 στρατηγῶν,

495 1499 596 1569 τὴν
630 1502 861 1575 φαιδρὰν
896 1507 991 1560 καὶ
1017 1507 1298 1583 λαμπράν.
1338 1513 1570 1583 Ἴδωμεν
1610 1508 1705 1569 οῦν
1736 1516 1866 1569 ποία
1887 1515 2073 1569 πλείο-

497 1606 587 1654 νος
634 1594 794 1664 γέμει
823 1596 925 1668 τῆς
949 1599 1144 1673 ἡδονῆς
1168 1619 1182 1635 ⁸
1220 1604 1387 1675 μήπω
1425 1606 1534 1676 γὰρ
1562 1606 1632 1660 τὰ
1658 1607 1922 1677 μέλλοντα
1954 1608 2014 1675 ἐξ
2045 1638 2072 1651 -

496 1682 776 1755 ετάσωμεν
804 1702 818 1717 ⁸
848 1689 906 1740 ἐν
939 1690 1167 1755 ἐκείνοις
1198 1693 1298 1763 μὲν
1333 1696 1441 1766 γάρ
1470 1696 1610 1767 αῦτη
1640 1700 1835 1769 κρατεῖ
1868 1700 1900 1769 ἡ
1936 1699 2069 1771 ἐμή.

494 1773 592 1828 Διά
616 1775 669 1828 τί
695 1794 709 1843 ;
747 1779 868 1831 Ὅτι
891 1781 1028 1852 αῦτη
1062 1785 1161 1854 μὲν
1186 1784 1297 1855 ἔχει
1321 1787 1413 1841 τὸν
1436 1789 1672 1857 Χριστὸν
1689 1791 2068 1860 ἀνακείμενον,

494 1866 675 1939 ἐκείνη
730 1870 788 1924 δὲ
844 1873 1165 1944 ἀνθρώπους
1198 1892 1215 1908 ⁸
1252 1878 1389 1950 αὕτη
1431 1880 1522 1933 τὸν
1555 1882 1852 1953 Δεσπότην,
1885 1884 2069 1955 ἐκείνη

494 1959 621 2022 τοὺς
661 1961 899 2028 δούλους.
947 1966 1107 2021 Ἀλλά
1135 1971 1303 2039 μήπω
1338 1971 1530 2037 ταῦτα,
1566 1973 1682 2027 ἀλλ’
1712 1974 1910 2045 ἴδωμεν
1942 1976 2071 2030 ποία

495 2049 713 2105 πλείονα
734 2054 847 2125 ἔχει
871 2058 971 2128 τὴν
986 2059 1178 2131 ἡδονὴν
1198 2063 1297 2133 τὴν
1327 2064 1385 2116 ἐν
1406 2064 1483 2135 τῷ
1520 2066 1766 2138 παρόντι.
1793 2067 1900 2120 Καὶ
1929 2067 2070 2122 κατὰ

493 2142 651 2195 τοῦτο
674 2145 771 2212 μὲν
789 2143 882 2201 οὖν
902 2150 1100 2205 πλείων
1121 2153 1307 2226 αὑτηὴ
1331 2156 1508 2228 ἡδονή⁸
1530 2162 1591 2211 τδ
1616 2158 1722 2230 γὰρ
1756 2160 1892 2229 μετά
1909 2160 2067 2231 βασι-

493 2230 631 2297 λέως
656 2237 969 2305 ἀναπεσεῖν,
998 2243 1216 2299 πλείονα
1251 2247 1408 2317 φέρει
1441 2250 1538 2321 τὴν
1580 2250 1770 2323 ἡδονὴν
1797 2230 2067 2323 τοῦμετὰ

492 2325 603 2380 τῶν
630 2330 875 2385 οἰκετῶν.
908 2335 1066 2389 Ἀλλά
1094 2339 1189 2392 καὶ
1216 2341 1373 2393 τοῦτο
1397 2342 1765 2415 ὑπεξέλωμεν,
1788 2346 1918 2399 αὐτὸ
1941 2345 2065 2399 καθ’

492 2418 652 2473 ἑαυτὸ
671 2422 731 2474 τὸ
755 2425 986 2494 πρᾶγμα
1012 2427 1377 2501 ἐξετάσωμεν.
1398 2434 1607 2488 Οὐκοῦν
1633 2435 1762 2505 ἐγὼ,
1787 2438 1880 2491 καὶ
1897 2439 1945 2490 οἰ
1965 2438 2062 2493 σὺν

490 2510 614 2580 ἐμοὶ
642 2514 846 2586 ταύτην
873 2518 1115 2589 ἑλόμενοι
1131 2522 1228 2593 τὴν
1257 2525 1554 2595 τράπεζαν,
1584 2528 1720 2598 μετά
1736 2529 1937 2601 πολλῆς
1964 2531 2063 2601 τῆς

490 2602 801 2676 ἐλευθερίας
830 2608 1037 2681 καὶτῆς
1053 2612 1323 2683 θυμηδίας
1352 2617 1445 2670 καὶ
1466 2619 1697 2690 ἐροῦμεν
1714 2621 1948 2687 ἅπαντα,
1966 2624 2063 2677 καὶ

488 2692 831 2764 ἀκουσόμεθα
852 2714 867 2728 ⁸
898 2697 1055 2769 ὑμεῖς
1091 2701 1147 2754 δὲ
1193 2703 1487 2773 τρέμοντες
1507 2707 1601 2760 καὶ
1621 2707 1936 2775 δεδοικότες,
1968 2711 2061 2766 καὶ

487 2782 614 2845 τούς
643 2784 1039 2857 ἀνακειμένους
1075 2791 1401 2863 αἰδούμενοι,
1457 2796 1580 2850 οὐδὲ
1635 2799 1871 2854 ἐκτεῖναι
1901 2804 2061 2873 χεῖρα

487 2874 810 2946 τολμήσετε,
848 2880 1099 2954 καθάπερ
1133 2885 1213 2947 εἰς
1264 2888 1680 2958 παιδαγωγεῖον,
1710 2892 1822 2945 ἀλλ’
1851 2894 1950 2948 οὑκ
1979 2896 2061 2959 εἰς

489 2966 710 3034 ἄριστον
738 2970 1087 3038 εἰσελθόντες,
1116 2975 1369 3047 καθάπερ
1400 2978 1665 3044 δεσπότας
1695 2982 1902 3046 δεινοὺς
1934 2985 2057 3055 τρέ-

490 3070 704 3126 μοντες.
754 3060 893 3114 Ἀλλ’
920 3064 1021 3118 οὐκ
1083 3067 1279 3120 ἐκεῖνοι
1310 3067 1505 3133 οὑτως.
1549 3071 1709 3127 ’Λλλά
1741 3075 1808 3129 τὰ
1852 3077 1950 3146 τῆς
1974 3095 2058 3131 τι-

491 3147 617 3218 μῆς,
652 3151 806 3219 φησὶ,
861 3154 1094 3222 μεγάλα.
1139 3158 1247 3212 Καὶ
1312 3162 1421 3230 μὴν
1452 3161 1561 3231 ἐγὼ
1612 3164 1671 3218 ἐν
1709 3165 1912 3219 πλείονί
1942 3170 2059 3239 εἰμι

486 3239 618 3309 τιμῇ
645 3254 658 3267 ⁸
694 3240 847 3310 ὑμῶν
895 3244 995 3313 μὲν
1035 3246 1146 3318 γάρ
1184 3251 1217 3319 ἡ
1258 3251 1502 3307 εὐτέλεια
1551 3255 1752 3324 μείζων
1782 3257 2053 3327 φαίνεται,

486 3328 615 3382 ὅταν
641 3332 736 3384 καὶ
757 3336 855 3402 τῆς
887 3336 1058 3406 αὐτῆς
1092 3342 1373 3411 τραπέζης
1423 3345 1834 3413 κοινωνοῦντες,
1856 3348 2057 3405 δούλων

486 3421 864 3512 προδάλλησθε
905 3427 1149 3499 ῥήματα.
1198 3432 1310 3485 Καὶ
1355 3434 1464 3506 γὰρ
1507 3437 1536 3489 ό
1583 3438 1770 3502 δοῦλος
1799 3440 1918 3493 τότε
1949 3440 2056 3512 μάη

484 3510 643 3602 λιστα
673 3515 940 3584 φαίνεται,
962 3520 1091 3573 ὅταν
1126 3523 1267 3593 μετὰ
1299 3525 1393 3578 τοῦ
1419 3526 1682 3582 δεσπότου
1724 3510 2058 3602 κατακείμε-

484 3598 652 3674 νος
708 3606 943 3672 Ἐκεῖνος
982 3610 1081 3680 μὲν
1112 3612 1255 3680 γάρ,
1286 3613 1416 3669 ἔνθα
1464 3618 1538 3688 μὴ
1575 3621 1850 3691 προσῆκεν
1882 3598 2053 3692 αὐτῷ,

482 3694 713 3760 γίνεται,
746 3697 807 3749 οὐ
840 3700 1110 3772 τοσαύτην
1138 3704 1246 3757 ἀπὸ
1270 3706 1368 3775 τῆς
1399 3708 1726 3773 οἰκειώσεως
1755 3711 1894 3783 ἔχων
1925 3729 2055 3783 σεμ-

481 3782 704 3853 νότητα,
727 3787 858 3856 ὅσην
877 3789 979 3859 τὴν
991 3793 1342 3848 ταπείνωσιν·
1363 3798 1569 3869 σφόδρα
1598 3801 1704 3871 γὰρ
1722 3782 1843 3855 τότε
1860 3782 2054 3858 ταπει-

481 3875 683 3965 νοῦται.
704 3878 813 3930 Καὶ
836 3879 929 3933 τὸν
960 3881 1144 3937 δοῦλον
1177 3885 1275 3939 ἴδοι
1292 3906 1375 3951 τις
1404 3888 1471 3942 ἂν
1499 3891 1752 3965 λαμπρὸν
1777 3894 1908 3949 ὄντα
1929 3897 2052 3951 καθ’

481 3964 699 4029 ἑαυτὸν,
726 3967 819 4019 καὶ
847 3968 940 4021 τὸν
972 3970 1177 4041 πένητα
1205 3974 1462 4046 λαμπρὸν
1517 3978 1647 4033 ὄντα
1680 3981 1802 4035 καθ’
1831 3983 2048 4051 ἐαυτὸν,

486 4054 562 4127 μὴ
611 4057 737 4109 ὅταν
788 4058 928 4128 μετά
988 4062 1237 4118 πλουσίου
1272 4065 1463 4141 βαδίζῃ
1497 4086 1509 4098 ⁸
1538 4071 1599 4124 τὸ
1634 4072 1742 4145 γὰρ
1768 4076 2046 4142 ταπεινὸν,

476 4146 606 4198 ὅταν
641 4149 808 4218 ἐγγὺς
912 4152 1006 4206 τοῦ
1035 4154 1260 4227 ὑψηλοῦ,
1290 4160 1410 4213 τότε
1450 4161 1703 4228 φαίνεται
1763 4168 2039 4235 ταπεινὸν,

478 4237 574 4295 καὶ
602 4240 634 4309 ἡ
658 4243 965 4313 παράθεσις
985 4246 1046 4299 τὸ
1074 4252 1330 4305 ταπεινὸν
1346 4254 1736 4328 ταπεινότερον
1751 4258 2046 4325 δείκνυσιν,

475 4331 574 4404 οὐχ
605 4332 955 4407 ὑψηλότερον.
998 4339 1156 4394 Οὕτω
1174 4343 1268 4396 καὶ
1301 4345 1448 4416 ὑμᾶς
1472 4348 1883 4423 εὐτελεστέρους
1899 4352 2049 4407 δείκ-

474 4441 596 4517 νυσι
630 4425 690 4476 τὸ
724 4427 846 4517 μετῖ
866 4429 1093 4485 ἐκείνων
1148 4435 1488 4505 ἀνακεῖσθαι,
1540 4441 1656 4494 ἀλλ’
1703 4444 1802 4515 οὐχ
1859 4447 2037 4517 ἡμᾶς.

475 4514 580 4572 Δύο
638 4518 737 4585 μέν
788 4515 883 4573 οὑν
932 4522 1143 4587 τούτοις
1169 4528 1622 4602 πλεονεκτοῦμεν,
1669 4538 1736 4607 τῇ
1772 4514 1852 4590 τε
1880 4514 2048 4593 ⁷ἐλευ-

475 4605 654 4703 θερία,
711 4612 810 4703 καλ
858 4616 923 4684 τῇ
954 4620 1110 4688 τιμῇ,
1135 4612 1211 4672 ὧν
1248 4622 1401 4674 οὐδὲν
1455 4625 1570 4679 ἴσον
1620 4605 1940 4703 είς-’ἡδονῆς
1966 4632 2048 4687 λόο

475 4712 573 4793 γον
605 4698 1125 4793 ἐστίϊΒουλήσομαι
1164 4711 1273 4782 γὰρ
1309 4713 1375 4765 ἂν
1406 4714 1583 4784 ἔγωγε
1611 4698 1778 4789 ἀρτου
1807 4698 2044 4793 μεταλα-

474 4789 591 4886 δεῖν
637 4790 767 4886 μετ’
808 4792 1142 4886 ἐλευθερίας,
1189 4800 1222 4870 ἢ
1276 4804 1487 4873 μυρίων
1533 4789 1846 4881 ἐδεσμάτων
1904 4817 2044 4886 μετά

472 4878 736 4976 δουλείας.
764 4884 1059 4951 Κρεῖσσον
1092 4891 1221 4961 γὰρ,
1254 4896 1409 4963 φησὶ,
1446 4878 1733 4969 Εενισμός
1756 4878 2043 4976 λαχάνων

472 4972 624 5070 πρός
660 4976 873 5070 φιλίαν
892 4978 991 5070 καί
1017 4979 1213 5049 χάριν,
1246 4984 1284 5053 ἢ
1329 4987 1487 5054 ,βοῦς
1515 4991 1633 5047 ἀπὸ
1664 4972 1898 5067 φάτνης
1914 5004 2041 5070 μετ’

469 5063 707 5162 ἔχθρας.
742 5068 808 5122 Ὃ
845 5068 953 5141 γάρ
981 5071 1046 5125 ἂν
1080 5072 1306 5129 εἴπωσιν
1362 5079 1562 5135 ἐκεῖνοι
1586 5124 1601 5148 ,
1641 5063 1886 5162 ἀνάγκη-
1914 5063 2044 5158 τοὺς

473 5158 748 5255 παρόντας
781 5161 1046 5255 ἐπαινεῖν,
1076 5166 1109 5237 ἢ
1139 5166 1289 5239 [529]
1318 5176 1698 5247 προσκρούειν,
1722 5158 2041 5255 παρασίτων

467 5247 623 5348 τάξιν
670 5252 1153 5348 ραδεδεγμένους,
1209 5264 1411 5333 μᾶλλον
1442 5267 1500 5321 δέ
1545 5272 1769 5328 ἐκείνων
1802 5247 2038 5348 ’χείρους

685 5343 810 5434 ’ίόῖς
855 5345 955 5415 μὲν
990 5349 1099 5419 γάρ
1137 5354 1187 5406 εί
1236 5355 1330 5408 καὶ
1366 5359 1483 5427 μετ’
1512 5361 1773 5434 αἰσχύνης
1818 5336 1924 5420 καὶ.
1946 5336 2038 5422 τοῦ

470 5428 806 5526 ὑϐρίζεσθαι,
833 5437 985 5507 ὅμως
1023 5442 1242 5510 μέτεστι
1270 5450 1578 5519 παρρησίας
1608 5428 1638 5486 ⁸⁷
1658 5428 1786 5526 ὑμῖν
1831 5458 1889 5512 δὲ
1918 5460 2041 5514 οὐδὲ

466 5518 678 5625 τούτου.
718 5525 859 5625 Ἀλλ’
886 5530 919 5601 ἡ
950 5531 1048 5601 μὲν
1067 5535 1315 5591 εὐτέλεια
1337 5542 1575 5616 τοσαύτη
1602 5561 1616 5577 ⁸
1637 5518 1911 5604 δεδοίκατε
1929 5552 2039 5625 γὰρ

471 5609 568 5717 καὶ
605 5620 987 5717 κατεπτήχατε
1017 5639 1047 5717 ⁸-
1068 5626 1102 5696 ἡ
1134 5626 1192 5679 δὲ
1218 5630 1352 5701 τιμὴ
1380 5609 1586 5691 οὐκέτι..
1622 5638 1832 5692 υὺκοῦν
1858 5609 2036 5717 πάσης

472 5700 819 5803 μένΜὴδονῇς
846 5711 1215 5787 ἀπεστέρηται
1251 5722 1285 5792 ἡ
1324 5726 1571 5797 τράπεζα
1604 5729 1817 5803 ἐκείνη,
1857 5700 2037 5803 πάστξξ

470 5791 525 5845 δὲ
553 5791 690 5867 αὕτη
721 5800 875 5869 γέμει
914 5784 1196 5879 omam
1272 5784 1285 5792 '
1358 5784 1368 5797 '
1513 5784 1531 5793 '
1773 5784 1817 5803 "

1237 381 1296 437 s.
1332 378 1619 439 JOANNIS
1656 379 2153 439 ειιιιγευετοιιι
2194 382 2517 444 ARCIIIEP.
2558 376 3121 449 CONSTA’NTINOP.

3654 392 3758 449 306

2255 514 2317 561 ε’.
2359 508 2518 562 ’Δλλά
2545 508 2639 562 καὶ
2669 509 2851 564 αὐτῶν
2874 510 2984 563 τῶν
3006 509 3316 581 ἐδεσμάτων
3346 507 3441 580 τὴν
3461 508 3621 577 φύσιν
3642 510 3758 575 ἐξε-

2183 600 2462 670 τάσωμεν.
2508 600 2657 655 Ἐκεῖ
2688 600 2787 668 μὲν
2818 601 2928 672 γὰρ
2973 600 3188 672 ἀνάγκη
3223 599 3317 654 καὶ
3345 599 3421 671 μὴ
3451 599 3756 671 βουλομένῳ

2182 691 2614 763 διαρρήγνυσθαι
2654 692 2732 762 τῷ
2772 691 2953 763 πολλῷ
2992 694 3141 762 οίνῳ,
3177 691 3409 746 ἐνταῦθα
3440 691 3499 745 δέ
3530 691 3631 745 οὐκ
3674 691 3756 743 ενι

2187 784 2261 854 μὴ
2291 782 2616 854 βουλόμενον
2659 782 2860 837 ἐσθίειν
2901 783 2997 836 καὶ
3028 782 3222 837 πίνειν.
3280 783 3444 837 Ὥστε
3485 782 3604 835 ἐκεῖ
3657 784 3755 853 μὲν

2181 874 2279 946 τὴν
2307 877 2370 928 ἐκ
2396 874 2496 944 τῆς
2528 874 2637 928 τῶν
2678 873 2862 928 σιτίων
2892 875 3178 943 ποιότητος
3209 872 3403 945 ἡδονὴν
3434 874 3469 944 ἦ
3514 890 3572 927 τε
3619 891 3754 944 προ-

2180 966 2421 1021 λαϐοῦσα
2445 966 2641 1036 ἀτιμία
2672 966 3004 1038 ἀφαιρεῖται,
3030 965 3125 1019 καὶ
3150 966 3184 1037 ἡ
3208 967 3272 1018 ἐκ
3298 965 3401 1035 τῆς
3435 965 3754 1036 πλησμονῆς

2178 1058 2362 1130 ἀηδία.
2404 1059 2477 1112 Οὐ
2511 1057 2621 1129 γάρ
2652 1053 2814 1130 ἦττον
2845 1057 3005 1129 λιμοῦ
3036 1058 3107 1112 τά
3132 1057 3359 1128 σώματα
3383 1058 3515 1128 ἡμῖν
3552 1058 3585 1127 ἡ
3610 1056 3751 1125 πλη-

2181 1152 2353 1223 σμονὴ
2370 1151 2670 1222 διαφθείρει
2693 1151 2788 1204 καὶ
2808 1150 2990 1221 ὀδυνᾷ,
3020 1148 3155 1204 ἀλλά
3182 1150 3277 1203 καὶ
3304 1148 3483 1217 πολλῷ
3508 1148 3752 1219 χαλεπώ-

2176 1261 2332 1313 τερον
2353 1258 2367 1272 ⁸
2402 1244 2497 1296 καὶ
2522 1242 2583 1296 ὃν
2613 1241 2680 1296 ἂν
2703 1242 2863 1315 θέλῃς
2891 1258 2981 1313 μοι
3012 1240 3217 1306 δοῦναι,
3250 1239 3617 1311 εὐκολώτερον
3650 1241 3748 1293 αὑ·-

2177 1336 2267 1390 τδν
2285 1334 2634 1407 διαρῤηγνύω
2655 1335 2722 1405 τῇ
2748 1332 3055 1404 πλησμονῇ,
3076 1330 3173 1385 τοῦ
3194 1330 3375 1401 λιμοῦ.
3406 1332 3614 1395 Ὄντως
3636 1332 3747 1401 γὰρ

2175 1426 2332 1482 τοῦτο
2364 1426 2572 1481 ἐκείνου
2604 1424 2967 1497 φορητότερον
2990 1440 3005 1455 ⁸
3036 1425 3120 1478 ὅτι
3147 1423 3304 1494 λιμὸν
3332 1423 3433 1493 μέν
3455 1425 3626 1486 ἄντις
3653 1424 3747 1476 καὶ

2175 1517 2380 1571 εἴκοσιν
2407 1516 2620 1587 ἡμέρας
2647 1516 2882 1584 ἐνέγκοι,
2914 1513 3231 1585 πλησμονὴν
3272 1512 3331 1566 δὲ
3361 1512 3483 1565 οὐδέ
3510 1511 3607 1566 δύο
3649 1509 3744 1579 μό-

2173 1626 2270 1673 νας
2301 1626 2315 1639 ·
2348 1608 2444 1662 καὶ
2470 1606 2644 1679 τούτῳ
2683 1606 2782 1677 μὲν
2814 1603 3283 1676 προσπαλαίοντες
3313 1603 3575 1673 διηνεκῶς
3605 1603 3657 1654 οἰ
3685 1602 3744 1652 ἐν

2171 1703 2285 1765 τοῖς
2320 1700 2531 1769 ἀγροῖς,
2564 1699 2623 1750 ἐν
2664 1696 2824 1768 ὑγείᾳ
2873 1696 2983 1749 εἰσὶ
3012 1695 3105 1750 καὶ
3134 1694 3197 1748 οὐ
3226 1694 3443 1748 δέονται
3496 1691 3697 1763 ἰατρῶν
3722 1708 3735 1721 ⁸

2172 1791 2378 1862 ταύτην
2409 1790 2488 1855 δέ,
2517 1792 2619 1860 τὴν
2648 1786 2966 1858 πλησμονὴν
3015 1785 3183 1855 λέγω,
3213 1786 3317 1839 οὐκ
3361 1784 3429 1838 ἂν
3464 1784 3738 1852 ἐνέγκοιεν

2174 1883 2250 1955 μὴ
2280 1881 2520 1952 συνεχῶς
2561 1878 2854 1942 καλοῦντες
2884 1877 3099 1949 ἰατρούς
3124 1891 3139 1906 ⁸
3184 1875 3385 1947 μᾶλλον
3415 1873 3474 1927 δὲ
3506 1874 3603 1927 καὶ
3639 1873 3737 1942 τὴν

2170 1974 2395 2030 ἐκείνων
2426 1970 2677 2043 βοήθειαν
2716 1970 2912 2042 ἤλεγξε
2941 1968 3201 2030 πολλάκις
3231 1969 3266 2037 ἡ
3299 1964 3506 2034 ταύτης
3535 1981 3755 2035 τειραν--

2169 2067 2271 2132 νίς.
2304 2066 2412 2120 Καὶ
2438 2064 2634 2135 ἡδονῆς
2668 2063 2765 2134 μὲν
2794 2058 2888 2115 οὑν
2913 2061 3099 2115 ἐνεκεν
3127 2058 3267 2128 αῦτη
3288 2057 3358 2111 τὰ
3385 2056 3579 2128 πρῶτα
3598 2054 3733 2125 ἔχει.

2169 2161 2232 2213 Εἰ
2256 2157 2364 2231 γάρ
2409 2159 2443 2227 ἡ
2475 2156 2611 2227 τιμὴ
2657 2153 2751 2209 τοῦ
2793 2150 3156 2225 ἀτιμάζεσθαι
3200 2149 3384 2221 ἡδίων,
3431 2147 3527 2201 καὶ
3570 2147 3631 2200 τδ
3678 2148 3736 2198 ἐν

2167 2252 2386 2323 ἐξουσία
2425 2244 2565 2303 εἶναι
2592 2245 2687 2301 τοῦ
2719 2242 3140 2307 ὑποτάσσεσθαι,
3172 2240 3268 2295 καὶ
3306 2240 3368 2293 τὸ
3397 2239 3619 2311 θαρρεῖν
3642 2237 3733 2290 τοῦ

2166 2341 2389 2413 τρέμειν
2422 2340 2518 2394 καὶ
2545 2337 2862 2399 δεδοικέναι,
2894 2335 2990 2388 καὶ
3016 2333 3078 2387 τὸ
3114 2332 3223 2385 τῶν
3253 2329 3569 2400 ἀρκούντων
3594 2330 3730 2381 ἀπο-

2165 2432 2344 2489 λαύειν
2375 2432 2471 2486 τοῦ
2503 2429 2645 2500 πέρα
2675 2426 2771 2483 τοῦ
2799 2426 2995 2498 μέτρου
3023 2426 3102 2487 εἰς
3124 2422 3184 2477 τὸ
3204 2421 3306 2493 τῆς
3332 2420 3548 2493 τρυφῆς
3569 2437 3733 2473 κατα,

2163 2522 2509 2586 ποντίζεσθαι
2536 2518 2846 2581 κλυδώνιον,
2883 2513 3105 2587 βελτίων
3132 2513 3242 2582 ἄρα
3266 2511 3483 2580 ἐκείνης
3513 2508 3655 2578 αῦτη
3695 2510 3727 2578 ἡ

2161 2614 2409 2689 τράπεζα
2436 2613 2531 2667 καὶ
2557 2609 2750 2683 ἡδονῆς
2784 2608 2990 2662 ἐνεκεν.
3019 2604 3129 2660 Καὶ
3162 2602 3231 2656 τὰ
3259 2602 3361 2673 τῆς
3394 2601 3647 2689 δαπάνης
3673 2599 3730 2652 δὲ

2162 2688 2394 2762 ἐνταῦθα
2425 2702 2669 2777 βελτίονα
2688 2715 2702 2730 ⁸
2737 2698 2919 2768 ἐκείνη
2963 2696 3061 2769 μὲν
3093 2694 3203 2768 γὰρ
3243 2691 3556 2763 δαπαηρά,
3586 2688 3729 2759 αὐτη

2160 2802 2216 2854 δέ
2261 2798 2464 2853 οὐκέτι.
2505 2794 2663 2849 Ἀλλά
2700 2794 2787 2859 τίς
2832 2788 2941 2863 ἄρα
2982 2791 3096 2854 τοῖς
3145 2786 3527 2858 ἀνακειμένοις
3572 2785 3730 2855 μόνον

2160 2888 2323 2961 ἡδίων
2349 2886 2489 2957 αὐτη
2529 2886 2562 2956 ἡ
2590 2882 2857 2953 τράπεζα,
2888 2881 2921 2952 ἢ
2962 2881 3058 2934 καὶ
3084 2878 3164 2950 τῷ
3208 2876 3461 2932 καλοῦντι
3507 2875 3730 2929 πλείονα

2160 2978 2301 3050 αῦτη
2335 2977 2492 3048 φέρει
2527 2975 2625 3046 τὴν
2655 2972 2847 3046 ἡδονὴν
2889 2971 3133 3043 ἐκείνης;
3174 2970 3346 3024 Τοῦτο
3381 2968 3492 3039 γάρ
3525 2969 3643 3021 ἐστι
3668 2966 3730 3020 τὸ

2163 3069 2366 3140 μᾶλλον
2412 3066 2744 3138 ζητούμενον
2811 3064 2965 3136 ἡμῖν.
3013 3059 3219 3117 Οὐκοῦν
3254 3061 3283 3113 ό
3330 3059 3431 3129 μὲν
3487 3058 3729 3119 ἐκείνους

2159 3159 2364 3222 καλῶν,
2404 3157 2513 3228 πρὸ
2547 3155 2807 3211 πλειόνων
2835 3152 3059 3226 ἡμερῶν
3100 3150 3602 3224 παρασκευάζεται,
3634 3150 3728 3203 καὶ

2159 3252 2464 3323 πράγματα
2490 3250 2637 3321 ἔχειν
2676 3245 3045 3316 ἀναγκάζεται
3073 3245 3169 3300 καὶ
3196 3243 3482 3315 φροντίδας
3513 3242 3608 3297 καὶ
3635 3258 3726 3312 μεν

2161 3346 2377 3417 ρίμνας,
2410 3342 2534 3395 οὕτε
2562 3342 2662 3405 τὰς
2690 3340 2891 3404 νύκτας
2917 3338 3214 3403 καθεύδων,
3237 3336 3360 3390 οὔτε
3391 3336 3492 3399 τὰς
3514 3336 3725 3407 ἡμέρας

2155 3436 2471 3509 ἡσυχάζων·
2503 3434 2640 3488 ἀλλά
2668 3433 3022 3488 ἀναπλάττων
3062 3433 3121 3486 ἐν
3161 3428 3339 3501 ἐαυτῷ
3387 3427 3579 3494 πολλὰ,
3620 3445 3727 3497 μα-

2154 3530 2358 3601 γείροις
2385 3527 2785 3597 διαλεγόμενος,
2808 3526 3102 3595 ὀψοποιοῖς,
3124 3523 3564 3595 τραπεζοποιοῖς.
3592 3516 3727 3572 Εἶτα

2154 3621 2327 3691 αὐτῆς
2350 3620 2455 3691 τῆς
2487 3618 2698 3691 ἡμέρας
2726 3616 3027 3686 ἐπιστάσης
3053 3614 3150 3669 ἴδοι
3182 3631 3267 3677 τις
3297 3613 3363 3667 ἂν
3402 3613 3565 3667 αὑτὸν
3592 3612 3725 3682 μᾶλ-

2153 3712 2243 3766 λον
2274 3711 2570 3776 δεδοικότα,
2619 3708 2653 3781 ἢ
2687 3710 2813 3772 τοὺς
2854 3708 3142 3779 μέλλοντας
3184 3705 3497 3770 πυκτεύειν,
3535 3706 3613 3775 μή
3640 3721 3725 3768 τις

2154 3804 2307 3875 παρά
2335 3804 2494 3874 λόγον
2529 3801 2779 3872 γένηται,
2820 3800 2893 3871 μὴ
2919 3798 3185 3870 βασκανίᾳ
3215 3796 3405 3868 βληθῇ,
3435 3797 3511 3868 μὴ
3548 3813 3721 3867 κατη-

2152 3898 2346 3969 γόρους
2365 3895 2575 3949 ἐκεῖθεν
2598 3892 2739 3965 λάϐῃ
2756 3891 3003 3955 πολλούς.
3030 3885 3195 3954 Οὗτος
3228 3889 3285 3942 δέ
3305 3888 3488 3958 πάσης
3518 3886 3723 3956 ταύτης

2152 3988 2495 4061 ἀπήλλακται
2556 3986 2656 4057 τῆς
2710 3983 2990 4056 φροντίδος
3038 3982 3134 4036 καὶ
3192 3982 3300 4034 τῶν
3356 3978 3719 4050 πραγμάτων,

2151 4078 2581 4151 αὐτοσχεδιάζων
2629 4077 2730 4147 τὴν
2758 4075 3060 4148 τράπεζαν,
3110 4074 3205 4127 καί
3249 4073 3309 4127 οὐ
3357 4071 3466 4143 πρὸ
3512 4070 3721 4125 πολλῶν

2151 4172 2373 4245 ἡμερῶν
2413 4170 2710 4243 μεριμνῶν.
2763 4170 2877 4224 Καὶ
2922 4168 3058 4241 μετά
3100 4166 3165 4238 δὴ
3195 4165 3375 4219 ταῦτα
3418 4156 3576 4227 οὗτος
3622 4163 3721 4234 μὲν

2150 4262 2353 4326 εὐθέως
2376 4261 2475 4335 τὴν
2499 4262 2659 4334 χάριν
2682 4259 2986 4315 ἀπώλεσεν⁸
3013 4259 3219 4320 ἐκεῖνος
3245 4255 3302 4308 δὲ
3328 4254 3443 4324 ἔχει
3470 4253 3561 4307 τὸν
3590 4251 3720 4305 Θεὸν

2148 4351 2452 4421 ὀφειλέτην,
2482 4351 2577 4411 καὶ
2605 4350 2871 4421 χρησταῖς
2900 4347 3160 4418 τρέφεται
3184 4347 3304 4408 ταῖς
3343 4342 3547 4404 ἐλπίσι.
3595 4340 3716 4395 καθ’

2148 4443 2386 4512 ἑκάστην
2414 4440 2631 4512 ἡμέραν
2653 4439 3029 4511 εὐωχούμενος
3072 4436 3167 4492 ἀπ’
3199 4436 3414 4505 ἐκείνης
3452 4435 3553 4504 τῆς
3586 4451 3718 4505 τρα-

2147 4534 2337 4604 πέζης.
2374 4534 2455 4588 Τὰ
2496 4534 2593 4605 μὲν
2640 4533 2749 4605 γὰρ
2792 4531 2941 4586 σιτία
2982 4530 3348 4594 ἀναλίσκεται,
3385 4529 3419 4599 ὴ
3468 4527 3527 4580 δέ
3567 4523 3719 4598 [350]

2145 4622 2305 4692 χάρις
2338 4623 2438 4676 οὐκ
2465 4622 2837 4688 ἀναλίσκεται,
2883 4621 3019 4675 ἀλλά
3064 4619 3187 4674 καθ’
3228 4620 3468 4688 ἑκάστην
3504 4618 3718 4687 ἡμέραν

2148 4712 2348 4783 μᾶλλον
2378 4714 2558 4786 χαίρει
2594 4715 2692 4769 καὶ
2730 4715 2993 4783 γάννυται
3034 4714 3259 4767 ἐκείνων
3285 4713 3396 4766 τῶν
3422 4712 3517 4765 τὸν
3550 4712 3717 4766 πολὺν

2143 4798 2284 4857 οίνον
2308 4805 2750 4876 ἐμφορηθέντων.
2786 4805 2953 4859 Οὐδὲν
2977 4803 3085 4875 γάρ
3112 4802 3256 4857 οὑτω
3284 4802 3480 4873 τρέφει
3501 4801 3600 4873 τὴν
3617 4804 3718 4871 ψυ-

2143 4892 2265 4966 χὴν,
2303 4898 2380 4961 ὡς
2428 4899 2584 4962 ἐλπὶς
2633 4896 2815 4968 ἀγαθὴ
2872 4895 3065 4950 καὶτὸ
3118 4894 3329 4966 χρηστά
3382 4894 3713 4965 προσδοκᾷν.

2155 4995 2315 5051 Ἀλλά
2337 4994 2403 5065 δὴ
2428 4993 2497 5047 τὰ
2528 4993 2667 5063 μετά
2693 4990 2867 5045 ταῦτα
2893 4989 3114 5059 ἴδωμεν.
3156 4988 3305 5041 Ἐκεῖ
3323 4986 3421 5057 μὲν
3443 4984 3601 5039 αὐλοὶ
3621 4985 3714 5039 καὶ

2142 5087 2364 5160 κιθάραι
2422 5085 2518 5139 καὶ
2570 5082 2866 5154 σύριγγες,
2907 5079 3141 5134 ἐνταῦθα
3185 5077 3243 5131 δὲ
3294 5077 3450 5131 οὐδὲν
3504 5077 3715 5146 ἀπηχὲς

2144 5180 2304 5251 μέλος
2327 5195 2343 5211 ⁸
2378 5176 2514 5232 ἀλλά
2541 5174 2594 5230 τί
2605 5192 2621 5241 ;
2654 5173 2834 5246 ὕμνοι,
2863 5170 3193 5242 ψαλμῳδίαι.
3233 5166 3381 5224 Thes?
3405 5168 3507 5240 μὲν
3525 5170 3576 5221 οἰ
3601 5167 3715 5221 δαί-

2144 5286 2304 5340 μονες
2329 5264 2711 5338 ἀνυμνοῦνται,
2744 5261 2980 5319 ἐνταῦθα
3017 5262 3075 5316 δέ
3104 5263 3133 5315 ό
3173 5261 3393 5315 πάντων
3435 5260 3712 5330 Δεσπότης

2138 5365 2291 5429 Θεός.
2348 5365 2511 5434 Ὁρᾷς
2563 5360 2737 5429 πόσης
2792 5360 2890 5430 μὲν
2931 5359 3066 5430 αὐτη
3126 5359 3383 5430 χάριτος,
3437 5356 3613 5427 πόσης
3650 5354 3709 5409 δὲ

2137 5453 2532 5525 ἀγνωμοσύνης
2575 5451 2759 5522 ἐκείνη
2802 5451 2895 5504 καὶ
2943 5449 3302 5519 ἀναισθησίας
3340 5448 3538 5518 γέμει;
3573 5446 3707 5500 Εἰπέ

2138 5549 2247 5619 γάρ
2282 5564 2372 5617 μοι
2398 5562 2411 5576 ⁸
2445 5547 2474 5599 ὁ
2503 5545 2635 5607 θεός
2664 5559 2724 5596 σε
2754 5542 2981 5615 ἔθρεψεν
3023 5544 3089 5596 ἐκ
3115 5541 3226 5595 τῶν
3251 5540 3476 5611 ἀγαθῶν
3518 5539 3704 5601 αὐτοῦ,

2139 5640 2231 5694 καὶ
2259 5638 2377 5692 δέον
2402 5635 2553 5705 αὑτῷ
2584 5636 2926 5706 εὐχαριστεῖν
2959 5634 3098 5704 μετὰ
3138 5633 3200 5687 τὸ
3228 5633 3523 5704 τραφῆναι,
3556 5632 3621 5686 σὺ
3650 5630 3707 5683 δὲ

2138 5732 2262 5792 τοὺς
2297 5729 2556 5799 δαίμονας
2580 5726 2925 5795 ἐπεισάγεις;
2960 5725 3030 5780 τὰ
3058 5725 3167 5796 γὰρ
3186 5725 3277 5779 διὰ
3299 5726 3408 5778 τῶν
3431 5724 3705 5794 πηκτίδων

2142 5824 2294 5880 οὐδὲν
2326 5822 2472 5889 ἄλλο,
2516 5821 2547 5892 ἢ
2578 5819 2849 5892 δαιμόνων
2893 5820 3133 5894 ᾄσματα.
3165 5818 3293 5875 Δέον
3318 5820 3513 5885 εἰπεῖν,
3546 5816 3703 5873 Bitia.
