3898 6506
153 393 258 451 5οἵ

144 525 219 567 an
249 517 435 564 exacte
478 516 532 565 et
579 518 830 566 accurate
873 519 1090 566 structas
1129 520 1255 567 sunt
1280 507 1728 566 ambas‘menste?

148 597 371 656 deestne
394 601 634 671 aliquid?
661 603 772 673 Ego
791 603 1005 673 quidem
1027 618 1134 658 non
1161 603 1388 672 Opinor:
1415 617 1538 657 nam
1566 611 1621 658 et
1645 601 1731 656 in-

148 691 349 748 vitatos
396 695 637 748 recensui
657 733 675 761 ,
703 696 1030 764 exposuique
1072 711 1231 766 quam
1263 695 1491 764 pretiosa
1522 703 1576 750 et
1613 710 1730 750 ma-

147 785 343 852 gniliea
387 795 568 841 essent
613 800 758 852 vasa,
809 788 1041 858 stragula
1095 798 1150 844 et
1201 788 1422 843 cibaria.
1451 787 1557 844 Sed
1587 795 1640 843 et
1685 787 1730 842 si

146 875 437 947 quidquam
473 880 946 948 praetermisimus,
983 880 1037 935 iu
1059 881 1301 936 oratione
1329 881 1734 951 progredientes

148 966 202 1020 id
231 967 583 1025 inveniemus.
602 971 713 1041 Age
739 986 868 1041 ergo
891 1011 906 1036 ,
935 973 1185 1041 quoniam
1216 972 1356 1041 quod
1401 973 1637 1042 oportuit
1678 981 1733 1026 et

145 1058 332 1114 decuit
357 1059 520 1115 decus
557 1069 610 1116 et
638 1072 1008 1117 ornamentum
1040 1063 1247 1133 accepit
1272 1073 1496 1133 utraque
1523 1077 1728 1128 mensa,

146 1148 426 1205 videamus
464 1151 675 1207 ubinam
718 1168 814 1208 vos
848 1153 1195 1210 accumbetis.
1225 1154 1357 1208 Nam
1392 1168 1492 1223 ego
1517 1152 1731 1222 quidem

146 1240 288 1296 vado
316 1241 384 1297 ad
410 1257 648 1298 mensam
671 1259 937 1298 carcerum
964 1252 1020 1300 et
1045 1244 1358 1300 claudorum
1387 1263 1400 1298 :
1431 1245 1613 1314 plures
1636 1259 1734 1298 au-

146 1342 255 1386 tem
280 1347 346 1387 ex
373 1332 526 1388 vobis
550 1334 746 1404 eligcnt
801 1335 938 1390 hanc
981 1336 1212 1391 fortasse
1248 1350 1489 1391 mensam
1539 1335 1734 1389 ducto-

147 1438 268 1478 rum
297 1426 564 1480 exercitus
603 1443 723 1497 qua:
773 1437 856 1483 est
909 1427 1186 1498 splendida
1215 1435 1269 1482 et
1311 1427 1511 1482 hilaris.
1543 1426 1738 1481 Videa-

147 1531 270 1570 mus
300 1532 427 1586 ergo
452 1527 567 1572 utra
606 1519 674 1572 sit
708 1519 895 1588 majori
932 1519 1134 1589 repleta
1165 1520 1466 1588 voluptate;
1498 1516 1734 1573 nondum

147 1607 294 1660 enim
323 1607 498 1660 futura
539 1608 871 1678 inquiramus
903 1625 916 1662 :
948 1625 1070 1664 nam
1115 1610 1167 1663 in
1213 1608 1320 1664 illis
1354 1607 1568 1678 quidem
1620 1607 1734 1662 hanc

151 1712 271 1751 mea
294 1706 377 1752 est
395 1700 656 1768 superior.
675 1699 892 1767 Quare?
913 1699 1173 1767 Quoniam
1199 1699 1317 1755 lucc
1340 1699 1554 1770 quidem
1580 1696 1734 1752 Chri-

147 1799 294 1842 stum
325 1791 482 1844 habet
506 1792 949 1858 accumbentem;
983 1793 1070 1848 illa
1101 1801 1276 1848 autem
1292 1792 1538 1848 homines
1571 1807 1584 1845 :
1620 1790 1733 1846 hmc

148 1877 457 1948 Dominum,
491 1880 574 1936 illa
596 1896 802 1937 servos.
835 1883 904 1937 At
924 1882 992 1938 de
1027 1882 1110 1937 his
1141 1882 1374 1937 nondum
1397 1883 1606 1952 agitur;
1637 1882 1732 1938 sed

147 1969 427 2025 videamus
455 1980 570 2026 utra
612 1971 869 2041 majorem
898 1972 1089 2028 habeat
1119 1974 1442 2042 voluptatem
1489 1973 1543 2027 in
1592 1988 1732 2042 pra:-

146 2061 344 2114 seutia.
372 2061 440 2116 Et
481 2061 533 2116 in
587 2059 685 2117 hac
715 2062 928 2132 quidem
976 2063 1146 2133 major
1187 2072 1269 2118 est
1299 2063 1414 2118 haec
1443 2062 1686 2132 voluptas
1715 2078 1731 2116 :

149 2167 275 2206 nam
296 2167 419 2206 cum
444 2168 570 2224 rege
596 2155 912 2210 accumbere
930 2154 1186 2225 majorem
1207 2154 1363 2210 affert
1383 2154 1731 2224 voluptatem,

147 2259 310 2312 quam
339 2258 458 2299 cum
489 2245 677 2300 servis.
709 2244 816 2301 Sed
845 2245 944 2301 hoc
965 2260 1179 2317 quoque
1221 2249 1516 2313 mittamus,
1539 2255 1594 2302 et
1619 2261 1731 2301 rem

148 2334 323 2402 ipsam
351 2350 448 2405 per
474 2350 533 2391 se
559 2341 947 2394 examinemus.
965 2337 1074 2409 Ego
1101 2338 1300 2408 itaque,
1326 2347 1381 2394 et
1404 2338 1492 2408 qui
1523 2351 1733 2394 mecum

149 2424 292 2480 hanc
319 2441 555 2490 mensam
577 2428 872 2498 elegerunt,
901 2443 1021 2484 cum
1049 2445 1238 2500 magna
1262 2430 1508 2485 libertate
1536 2438 1591 2484 et
1615 2430 1736 2484 ani-

149 2517 226 2570 mi
251 2518 632 2588 tranquillitate
657 2529 712 2574 et
737 2519 1116 2586 delectatione,
1143 2529 1198 2575 et
1240 2520 1479 2576 dicemus
1498 2561 1513 2585 ,
1543 2527 1599 2576 et
1635 2534 1733 2574 au-

146 2607 363 2662 diemus
389 2610 564 2663 omnia
594 2626 606 2667 :
635 2625 728 2665 vos
765 2618 943 2666 autem
970 2619 1258 2668 trementes
1285 2620 1339 2667 et
1366 2610 1732 2677 formidantes,

145 2708 205 2754 et
230 2715 325 2755 eos
345 2700 434 2771 qui
471 2703 795 2758 accumbunt
821 2713 1149 2769 reverentes,
1180 2719 1248 2759 ne
1275 2718 1489 2758 manum
1520 2703 1734 2773 quidem

144 2792 418 2848 audebitis
437 2794 745 2862 extendere,
777 2805 1044 2868 tamquam
1076 2797 1131 2851 iu
1161 2796 1432 2868 paadagogi
1463 2797 1648 2852 ludum
1672 2798 1736 2851 li-

144 2885 408 2940 terarium
435 2887 680 2957 ingressi,
715 2888 907 2943 nonad
935 2889 1236 2958 prandium,
1272 2880 1544 2959 tamquam
1563 2903 1736 2945 savos

142 2978 402 3035 dominos
442 2978 837 3036 horrescentes.
868 2980 973 3036 Sed
1015 2995 1124 3036 non
1172 2981 1249 3036 sic
1277 2981 1375 3036 illi.
1400 2982 1468 3035 At
1508 2996 1729 3052 magna,

142 3070 346 3140 inquit,
375 3084 463 3126 res
489 3080 573 3126 est
603 3070 795 3125 honor.
830 3071 991 3141 Atqui
1017 3086 1116 3142 ego
1141 3071 1356 3143 quidem
1385 3073 1571 3140 majori
1614 3088 1732 3128 sum

143 3163 203 3217 in
239 3163 444 3218 honore
475 3178 488 3216 :
523 3178 643 3217 nam
675 3171 848 3218 vestra
892 3163 1066 3233 major
1099 3173 1320 3236 apparet
1363 3165 1538 3221 vilitas
1562 3206 1577 3230 ,
1605 3180 1731 3221 cum

143 3255 315 3310 etiam
353 3254 596 3324 ejusdem
636 3270 838 3310 mensae
880 3255 1203 3325 participes,
1245 3255 1530 3325 proferatis
1573 3257 1733 3312 verba

140 3363 454 3406 servorum.
487 3347 695 3402 Etenim
725 3356 851 3402 tunc
873 3348 1106 3403 maxime
1127 3358 1351 3419 apparet
1373 3363 1582 3416 servus,
1610 3364 1734 3404 cum

138 3440 463 3497 accubuerit
499 3454 621 3495 cum
655 3439 875 3496 domino
905 3457 920 3494 :
950 3454 1070 3494 nam
1099 3440 1192 3494 ille
1216 3439 1430 3510 quidem
1459 3448 1542 3495 est
1569 3440 1658 3495 ubi
1683 3439 1734 3496 ei

141 3548 274 3590 esse
312 3547 418 3587 non
458 3533 830 3598 conveniebat,
857 3547 922 3587 ex
971 3531 1334 3588 familiaritate
1382 3547 1490 3588 non
1529 3543 1734 3589 tantum

143 3627 360 3682 habens
388 3625 670 3692 honorem,
719 3636 970 3696 quantam
997 3626 1352 3695 dejectionem
1377 3642 1392 3690 ;
1435 3633 1561 3681 tunc
1590 3627 1735 3682 enim

142 3717 307 3774 valde
346 3716 566 3772 humilis
593 3717 834 3774 redditur
852 3727 906 3774 et
933 3717 1193 3788 abjectus.
1218 3718 1442 3774 Servum
1472 3718 1614 3773 enim
1641 3733 1736 3789 per

140 3827 212 3867 se
235 3811 434 3867 videris
456 3825 576 3867 esse
595 3811 954 3881 splendidum,
976 3820 1031 3868 et
1056 3827 1151 3882 per
1174 3827 1233 3869 se
1256 3811 1594 3882 splendidum
1615 3826 1735 3869 esse

143 3917 445 3972 pauperem
471 3943 485 3967 ,
517 3911 572 3956 at
601 3917 705 3957 non
733 3903 946 3973 quando
975 3903 1213 3958 ambulat
1247 3918 1366 3959 cum
1394 3904 1560 3960 divite
1585 3923 1601 3961 :
1634 3905 1736 3960 hu-

143 3993 281 4049 mile
311 3995 455 4048 enim
480 3993 694 4065 quando
721 3993 880 4050 fuerit
919 4009 1088 4065 prope
1127 3994 1386 4061 sublime,
1419 4004 1544 4050 tunc
1568 4011 1733 4065 appa-

142 4096 238 4143 ret
287 4086 526 4152 humile;
566 4096 621 4141 et
655 4087 985 4157 comparatio
1025 4087 1224 4144 humile
1249 4089 1424 4144 reddit
1449 4088 1733 4156 humilius,

143 4195 262 4236 non
282 4179 464 4235 altius.
499 4180 573 4235 lta
599 4195 695 4235 vos
723 4195 938 4251 quoque
967 4180 1277 4237 humiliores
1315 4181 1490 4237 reddit
1515 4190 1569 4237 et
1589 4182 1736 4250 abje-

141 4273 354 4330 ctiores
379 4286 501 4326 cum
531 4272 633 4327 illis
660 4273 980 4327 accumbere
1008 4288 1022 4326 :
1053 4272 1146 4327 sed
1171 4287 1273 4326 non
1296 4287 1414 4326 nos.
1446 4272 1502 4327 ln
1529 4272 1737 4329 duobus

139 4363 370 4436 quidem
393 4363 515 4419 illos
532 4377 866 4434 superamus,
887 4379 1079 4434 nempe
1098 4364 1151 4419 in
1172 4364 1416 4422 libertate
1429 4373 1484 4419 et
1511 4364 1734 4432 honore,

141 4473 277 4512 eum
308 4456 500 4527 quibus
527 4456 659 4511 nihil
687 4465 863 4526 potest
889 4456 1140 4523 conferri,
1171 4457 1312 4528 quod
1340 4458 1532 4512 attinet
1557 4458 1622 4512 ad
1645 4472 1738 4513 vo-

140 4551 436 4619 luptatem.
465 4547 597 4603 Nam
637 4562 738 4618 ego
779 4547 994 4618 quidem
1019 4547 1200 4603 malim
1230 4547 1402 4604 solum
1424 4563 1614 4618 panem
1641 4564 1735 4604 su-

142 4654 308 4696 mere
338 4655 458 4694 cum
488 4638 735 4695 libertate
757 4678 774 4706 ,
807 4653 964 4709 quam
993 4638 1412 4694 innumerabiles
1439 4639 1589 4695 cibos
1612 4653 1734 4694 cum

140 4732 438 4790 servitute.
457 4729 642 4785 Melius
667 4741 738 4785 est
759 4731 925 4785 vocari
944 4732 1012 4784 ad
1040 4729 1180 4785 olera
1201 4746 1316 4784 cum
1341 4731 1569 4797 caritate,
1584 4748 1736 4802 quant

137 4823 223 4877 ad
263 4822 473 4877 uitulum
498 4825 783 4891 saginatum
811 4839 922 4876 cum
949 4822 1066 4876 odio
1093 4824 1111 4892 (
1137 4820 1298 4880 Prov.
1321 4824 1407 4879 15.
1440 4824 1504 4878 17
1534 4824 1574 4894 ).
1600 4823 1733 4880 Nam

136 4915 415 4987 quidquid
444 4915 518 4970 illi
543 4915 795 4981 dixerint,
829 4929 1051 4971 necesse
1079 4924 1162 4971 est
1187 4924 1245 4971 ut
1282 4918 1372 4986 qui
1399 4916 1590 4972 adsunt
1617 4916 1734 4972 lau-

136 5010 315 5073 dent,
347 5007 429 5062 vel
468 5007 762 5073 oll‘endant,
795 5022 854 5062 se
873 5017 1119 5078 gerentes
1152 5018 1418 5080 tamquam
1450 5010 1732 5079 parasitos,

135 5102 266 5156 imo
297 5115 428 5155 vero
458 5099 564 5154 illis
585 5099 758 5169 pejus.
785 5098 918 5154 Nam
946 5101 1025 5156 eis
1045 5101 1284 5171 quidem,
1315 5109 1370 5157 et
1393 5101 1438 5156 si
1463 5117 1582 5157 cum
1615 5117 1737 5171 pro-

136 5195 252 5248 bro
294 5201 354 5247 et
383 5192 671 5262 ignominia
716 5192 1039 5247 contumelia
1082 5193 1406 5261 afficiantur,
1437 5208 1544 5250 non
1583 5191 1736 5248 deest

137 5297 338 5341 tamen
363 5285 585 5340 libertas
613 5285 864 5354 loquendi
888 5303 903 5341 :
926 5285 1078 5350 vobis
1107 5296 1282 5340 autem
1309 5299 1378 5341 ne
1402 5286 1503 5340 hoc
1521 5284 1734 5354 quidem

133 5379 328 5435 adest.
349 5377 452 5432 Sed
479 5376 742 5447 ejusmodi
761 5377 974 5447 quidem
994 5385 1077 5433 est
1094 5378 1270 5434 vilitas
1283 5386 1338 5435 et
1360 5376 1622 5449 dejectio;
1641 5393 1736 5434 ex-

133 5469 435 5528 timescitis
478 5469 622 5525 enim
646 5479 700 5525 et
735 5468 1042 5539 trepidatis:
1074 5467 1251 5526 nullus
1292 5478 1470 5524 autem
1510 5469 1734 5526 habetur

137 5567 353 5620 honor.
384 5563 524 5633 Ergo
550 5562 640 5616 illa
667 5561 881 5632 quidem
909 5561 1056 5617 omni
1083 5562 1354 5632 voluptate
1381 5569 1465 5618 est
1505 5562 1730 5632 privata,

136 5657 267 5711 hac
294 5664 476 5709 autem
499 5654 657 5725 plena
679 5661 762 5709 est
789 5654 931 5710 omni
959 5653 1124 5710 animi
1150 5653 1522 5711 delectatione.

218 5749 276 5804 5.
320 5745 559 5817 Crapula:
600 5746 791 5800 ntalunt
814 5755 861 5801 et
889 5745 1125 5801 dedecus.
1155 5744 1348 5803 -—Sed
1396 5755 1452 5802 et
1496 5746 1730 5816 ipsarum

137 5853 398 5895 escarum
431 5845 675 5894 naturam
700 5839 1082 5895 examinemus.
1117 5838 1246 5896 Nam
1269 5839 1375 5896 illic
1402 5838 1612 5910 quidem
1635 5854 1730 5898 nc-

1040 391 1104 450 IN
1145 391 1356 450 EI‘IST.
1398 391 1489 448 AD
1526 387 1800 447 COLOSS.

1841 390 1994 449 CAP.
2037 394 2078 450 ι.
2120 393 2349 453 ιιοΜιι.
2390 397 2430 453 l.
3313 417 3421 476 δυσ

1843 519 1994 601 casse
2020 510 2214 580 cuique
2237 522 2342 579 est,
2359 514 2566 571 etiamsi
2587 510 2746 586 nolit,
2767 522 2936 580 multo
2963 525 3089 582 vino
3115 526 3372 601 disrumpi
3401 553 3418 590 :

1839 597 1928 652 hic
1957 609 2132 655 autem
2165 601 2288 657 licet
2335 619 2442 659 non
2481 609 2786 680 comedere,
2814 629 2914 670 nec
2960 618 3165 686 bibere,
3189 622 3234 675 si
3260 597 3414 680 nolit.

1838 688 2196 756 Quamobrem
2222 693 2329 748 illic
2347 709 2488 764 eam,
2511 713 2630 768 qua:
2646 716 2708 756 ex
2726 704 2964 762 ciborum
2983 710 3287 767 conditione
3311 718 3422 771 ori-

1841 783 2292 877 turvoluptatem.
2320 796 2375 843 et
2403 793 2710 858 prmeedens
2740 797 2925 854 adimit
2952 801 3204 871 dedecus,
3233 816 3420 877 etquae

1838 875 2137 968 satietatem
2171 881 2411 949 sequitur
2435 884 2700 941 molestia.
2725 888 2838 944 Non
2867 894 3044 949 minus
3074 898 3217 952 enim
3257 875 3418 968 quam

1839 965 2024 1062 faines,
2049 984 2273 1040 corpora
2291 978 2584 1048 corrumpit
2603 981 2754 1038 nobis
2771 992 2825 1038 et
2852 985 3036 1044 dolore
3059 990 3224 1046 afficit
3249 965 3421 1062 reple-

1840 1057 1992 1154 tio-et
2017 1062 2307 1154 saturitas;
2340 1065 2448 1121 imo
2489 1084 2616 1124 vero
2655 1074 2909 1140 gravius:
2942 1088 2995 1132 et
3029 1057 3420 1154 quemcumque

1840 1147 1972 1203 mihi
2019 1150 2152 1206 dare
2192 1155 2446 1222 volueris,
2491 1173 2615 1215 eum
2655 1161 2862 1219 facilius
2887 1147 3214 1240 disrumpam
3243 1147 3418 1243 reple-

1841 1242 2008 1307 tione,
2037 1260 2200 1314 quam
2227 1247 2382 1304 fame.
2411 1251 2489 1306 Rc
2519 1269 2644 1310 vera
2673 1258 2816 1313 enim
2848 1259 2963 1315 haec
2988 1272 3068 1318 est
3097 1265 3185 1320 illa
3219 1242 3420 1324 toleras

1839 1333 1998 1424 bilior
2026 1353 2038 1390 :
2072 1339 2324 1406 quoniam
2353 1342 2544 1398 famem
2572 1347 2656 1401 vel
2684 1348 2867 1418 viginti
2907 1351 3022 1407 dies
3047 1355 3311 1424 quispiam
3338 1368 3422 1414 tu-

1840 1423 1978 1490 lerit,
2013 1428 2360 1496 repletionem
2407 1443 2586 1490 autem
2627 1452 2696 1492 ne
2739 1438 2874 1495 duos
2919 1442 3135 1511 quidem
3169 1423 3266 1500 aet
3295 1462 3419 1503 cum

1839 1513 1982 1572 fame
2010 1519 2227 1586 quidem
2271 1523 2486 1579 assidue
2513 1525 2778 1584 luctantes
2798 1533 2887 1600 qui
2913 1534 3022 1588 ruri
3053 1535 3272 1606 degunt,
3303 1542 3418 1596 sani

1838 1613 1964 1696 sunt
1985 1646 2001 1669 ,
2034 1623 2135 1663 nec
2177 1621 2332 1679 egent
2369 1615 2629 1681 medicis;
2657 1617 2796 1676 banc
2821 1633 3000 1678 autem
3022 1665 3038 1691 ,
3069 1628 3419 1696 repletiouem

1839 1694 2075 1766 inquam,
2104 1714 2212 1754 non
2239 1701 2315 1756 illi
2341 1705 2556 1760 tulerint
2585 1708 2686 1763 nisi
2719 1696 2975 1781 perpetuo
3000 1694 3278 1774 accersant
3306 1737 3420 1777 me-

1838 1785 2021 1852 dicos;
2047 1788 2154 1844 imo
2181 1806 2311 1846 vero
2332 1793 2544 1850 illorum
2573 1814 2784 1868 quoque
2809 1804 3063 1860 auxilium
3089 1821 3233 1878 saepe
3260 1825 3422 1881 supe-

1838 1886 1920 1970 rat
1944 1877 2100 1948 hujus
2127 1884 2382 1951 tyrannis.
2402 1885 2564 1956 Ergo,
2593 1890 2735 1959 quod
2763 1894 2955 1950 attinet
2975 1897 3043 1952 ad
3070 1877 3416 1970 voluptatem,

1839 1966 1954 2024 haec
1982 1970 2180 2039 primas
2209 1971 2369 2029 habet
2395 1985 2595 2046 partes.
2624 1979 2757 2036 Nam
2785 1984 2830 2038 si
2860 1984 3033 2044 honor
3073 1966 3287 2059 quidem
3336 1966 3421 2051 est

1833 2059 2150 2129 jucundior,
2180 2080 2338 2136 quam
2366 2068 2563 2137 probro
2592 2082 2645 2127 et
2693 2078 3017 2134 contumelia
3044 2082 3218 2148 affici;
3245 2095 3297 2139 et
3328 2101 3420 2156 po-

1838 2160 2084 2247 testatem
2115 2156 2332 2225 habere,
2359 2175 2516 2230 quam
2546 2178 2666 2221 esse
2686 2166 3014 2237 subjectum;
3042 2181 3097 2228 et
3125 2176 3416 2247 conlidere,

1839 2259 1995 2314 quam
2025 2246 2213 2304 timere
2257 2259 2311 2305 et
2352 2259 2619 2322 tremere;
2656 2265 2711 2312 et
2737 2257 2842 2314 frui
2870 2261 2936 2316 iis
2961 2277 3080 2333 qua:
3106 2265 3375 2323 sufficiunt
3401 2310 3417 2335 ,

1839 2352 1997 2407 quam
2035 2354 2194 2410 supra
2237 2343 2453 2399 modum
2483 2345 2728 2419 immergi
2756 2351 2810 2407 in
2838 2353 3034 2411 fluctus
3058 2357 3366 2415 deliciarum
3400 2378 3416 2416 :

1841 2429 1957 2485 hinc
1979 2448 2162 2488 mensa
2195 2435 2282 2490 illa
2313 2445 2397 2492 est
2426 2440 2635 2506 melior,
2664 2445 2825 2499 etiam
2853 2446 2993 2515 quod
3020 2448 3208 2504 attinet
3233 2451 3299 2505 ad
3323 2468 3419 2506 vo-

1839 2521 2118 2594 luptatem.
2143 2526 2442 2594 Quinetiam
2476 2533 2616 2602 quod
2655 2535 2721 2590 ad
2747 2547 3018 2608 sumptum
3045 2543 3273 2611 attinet,
3304 2545 3419 2602 haze

1838 2628 2050 2685 quoque
2071 2619 2354 2675 estmelior
2371 2640 2385 2676 :
2403 2638 2524 2678 nam
2543 2625 2630 2678 illa
2651 2627 2862 2696 quidem
2885 2631 3106 2686 multum
3129 2637 3416 2704 consumit,

1839 2705 1955 2762 haec
1985 2724 2111 2763 vero
2150 2727 2503 2782 nequaquam.
2532 2717 2636 2772 Sed
2664 2720 2826 2788 quid?
2854 2738 2982 2777 num
3024 2724 3089 2779 iis
3127 2727 3297 2782 solum
3328 2731 3417 2799 qui

1838 2800 2096 2855 accubant
2115 2802 2403 2871 jucundior
2435 2817 2516 2862 est
2558 2808 2673 2864 haec
2716 2826 2922 2879 mensa,
2953 2830 3020 2869 an
3062 2817 3220 2871 etiam
3253 2821 3300 2874 ei
3327 2822 3418 2890 qui

1839 2889 2047 2957 invitat,
2075 2893 2332 2962 majorem
2380 2897 2533 2952 all'ert
2586 2915 2743 2967 quam
2789 2901 2876 2957 illa
2919 2904 3279 2974 voluptatem?
3305 2910 3419 2966 Hoc

1837 2981 1978 3036 enim
2011 2992 2113 3050 est,
2135 2986 2276 3054 quod
2302 3002 2334 3041 a
2359 2988 2513 3043 nobis
2534 2991 2698 3061 magis
2719 2994 2994 3062 qumritur.
3024 2996 3124 3065 Qui
3149 3013 3277 3069 ergo
3299 3000 3419 3057 illos

1840 3076 2048 3143 invitat,
2071 3079 2250 3134 multis
2277 3089 2401 3135 ante
2440 3081 2628 3138 diebus
2660 3099 2779 3140 sese
2807 3097 3060 3155 apparat;
3102 3099 3157 3145 et
3199 3107 3419 3150 necesse

1837 3178 1921 3224 est
1949 3178 2008 3224 ut
2048 3169 2240 3226 habeat
2264 3172 2504 3242 negotia,
2534 3187 2692 3230 curas
2718 3186 2770 3230 et
2795 3179 3179 3236 Sollicitudines
3198 3223 3214 3246 ,
3244 3194 3296 3237 ut
3325 3186 3418 3254 qui

1838 3275 2011 3330 neque
2041 3271 2197 3317 nocte
2242 3262 2507 3331 dormiat,
2535 3281 2707 3336 neque
2751 3267 2982 3324 interdiu
3021 3271 3291 3340 quiescat,
3321 3276 3417 3331 sed

1838 3351 1978 3420 apud
2004 3367 2063 3407 se
2085 3353 2247 3408 multa
2265 3355 2551 3426 confingat,
2573 3358 2796 3427 loquens
2816 3375 2935 3413 cum
2955 3362 3162 3431 coquis,
3180 3378 3299 3417 cum
3321 3367 3417 3420 oh-

1837 3445 2198 3512 sonatoribus,
2227 3461 2347 3502 cum
2393 3463 2594 3504 mensm
2639 3451 3009 3507 structoribus.
3052 3453 3253 3508 Deinde
3293 3471 3414 3512 cum

1838 3535 1952 3605 ipse
1991 3536 2106 3592 dies
2134 3537 2444 3606 advenerit,
2473 3539 2668 3595 videris
2704 3541 2879 3609 ipsum
2925 3541 3094 3612 magis
3139 3543 3414 3614 timentem

1838 3642 1996 3698 quam
2025 3642 2119 3682 eos
2145 3629 2235 3698 qui
2280 3639 2405 3684 sunt
2445 3631 2632 3700 pugnis
2674 3629 3019 3698 decertaturi,
3050 3646 3118 3686 ne
3156 3633 3280 3702 quid
3325 3635 3416 3691 fiat

1840 3726 2032 3789 praeter
2060 3719 2344 3786 rationem,
2387 3735 2454 3774 ne
2480 3720 2688 3774 invidia:
2719 3721 2917 3776 fascino
2937 3719 3180 3789 feriatur,
3205 3739 3271 3778 ne
3293 3725 3415 3780 inde

1839 3808 2035 3864 multos
2059 3820 2397 3866 accusatores
2419 3811 2518 3866 sibi
2546 3811 2738 3882 pariat.
2769 3811 2865 3867 llic
2891 3821 3066 3867 autem
3089 3823 3170 3868 est
3193 3814 3327 3869 liber
3345 3817 3414 3870 ab

1839 3904 1983 3958 omni
2009 3919 2135 3958 cura
2167 3913 2221 3960 et
2250 3905 2482 3974 negotio,
2505 3919 2744 3960 mensam
2777 3905 2888 3973 ipse
2918 3921 3011 3974 per
3035 3919 3094 3960 se
3123 3920 3340 3975 parans,
3359 3919 3416 3964 et

1839 4010 1945 4048 non
1973 3995 2155 4050 multis
2179 4005 2306 4050 ante
2333 3995 2522 4050 diebus
2546 3997 2612 4051 de
2638 4011 2703 4052 eo
2727 3996 3006 4051 sollicitus.
3030 3998 3095 4052 Et
3117 4008 3298 4066 postea
3327 3998 3414 4054 hic

1838 4086 2053 4156 quidem
2073 4088 2250 4143 statim
2273 4088 2451 4144 amisit
2469 4089 2690 4158 gratiam
2718 4103 2730 4140 :
2755 4088 2842 4142 ille
2857 4095 3032 4142 autem
3056 4088 3215 4144 habet
3247 4091 3410 4146 Deum

1838 4178 2156 4245 debitorem,
2183 4188 2238 4234 et
2279 4179 2414 4235 bona
2445 4194 2540 4248 Spc
2561 4179 2740 4243 alitur,
2773 4179 2992 4249 singulis
3021 4179 3207 4234 diebus
3234 4197 3297 4235 ex
3323 4183 3412 4237 illa

1840 4285 2020 4326 mensa
2037 4271 2343 4326 convivans.
2363 4270 2492 4325 Nam
2510 4271 2612 4324 cibi
2636 4268 2846 4339 quidem
2871 4279 3274 4337 consumuntur,
3292 4286 3416 4340 gra-

1840 4364 1908 4418 tia
1935 4374 2113 4418 autem
2143 4379 2248 4418 non
2277 4363 2636 4425 consumitur;
2668 4359 2760 4415 sed
2804 4360 3038 4430 quotidie
3065 4362 3232 4431 magis
3261 4363 3412 4416 laeta-

1840 4461 1927 4509 tur
1952 4462 2006 4508 et
2030 4455 2286 4520 exsultat,
2319 4467 2477 4521 quam
2501 4453 2590 4520 qui
2620 4450 2788 4504 multo
2817 4450 2940 4504 vino
2967 4464 3026 4504 se
3055 4452 3414 4522 ingurgitave-

1839 4556 1982 4603 runt.
1998 4547 2141 4602 Nihil
2167 4547 2307 4602 enim
2330 4544 2560 4600 animam
2583 4557 2732 4612 atque
2761 4543 2926 4597 nutrit
2954 4551 3114 4613 atque
3135 4543 3271 4599 bona
3289 4560 3413 4615 spes

1838 4649 1894 4696 et
1913 4641 2048 4697 bona
2078 4637 2424 4709 exspectatio.
2448 4635 2552 4691 Sed
2586 4634 2858 4690 videamus
2880 4649 2941 4690 ea
2968 4651 3088 4706 qua:
3113 4645 3296 4706 postea
3323 4652 3414 4693 se-

1838 4744 2090 4803 quuntur.
2112 4730 2226 4785 Illic
2243 4727 2454 4799 quidem
2475 4734 2599 4780 sunt
2621 4725 2760 4780 tibiae
2780 4733 2834 4780 et
2853 4725 3072 4781 citharae
3099 4737 3154 4782 et
3183 4727 3410 4791 fistulae;

1839 4825 1926 4880 hic
1950 4834 2127 4879 autem
2155 4821 2330 4878 nullus
2350 4818 2630 4874 dissonans
2652 4817 2838 4872 modus
2862 4830 2876 4877 ;
2905 4816 2999 4872 sed
3024 4818 3185 4888 quid?
3206 4819 3412 4891 hymni,

1840 4916 2163 4989 psalmodim.
2197 4913 2310 4968 Illic
2347 4910 2559 4981 quidem
2591 4909 2800 4980 hymnis
2840 4909 3179 4964 celebrantur
3212 4910 3414 4966 dmmo-

1840 5023 1972 5072 nes;
2009 5007 2092 5060 hic
2119 5012 2296 5058 autem
2334 5002 2473 5056 Deus
2512 5000 2748 5054 omnium
2796 4999 3071 5053 Dominus.
3103 4999 3264 5055 Vides
3289 5001 3411 5071 qui-

1837 5098 1958 5154 dem
1988 5105 2195 5165 quanta:
2224 5094 2293 5147 sit
2320 5092 2433 5146 haec
2460 5090 2675 5161 gratiae;
2707 5089 2761 5144 in
2789 5089 2932 5143 illam
2955 5099 3132 5145 autem
3153 5101 3410 5161 quantum

1837 5192 1991 5247 cadat
2021 5187 2209 5259 ingrati
2240 5186 2401 5240 animi
2429 5186 2634 5246 vitium,
2658 5191 2948 5253 stuporque
2975 5191 3032 5237 et
3054 5197 3244 5239 sensus
3282 5199 3411 5255 θερί

1836 5281 1982 5336 stas?
2004 5278 2096 5333 llic
2123 5277 2266 5334 enim
2295 5275 2445 5339 mihi,
2475 5282 2526 5328 te
2551 5273 2692 5328 Deus
2719 5271 2850 5326 aluit
2877 5271 2989 5327 suis
3012 5270 3186 5337 bonis,
3211 5280 3410 5327 etcum

1835 5379 2108 5444 oporteret
2134 5371 2243 5426 Deo
2257 5369 2453 5440 gratias
2473 5381 2632 5437 agere
2650 5380 2770 5421 cum
2792 5364 2868 5420 sis
2888 5364 3139 5431 nutritus,
3165 5373 3220 5418 tu
3245 5365 3413 5418 intro-

1836 5468 1983 5524 ducis
2003 5464 2308 5522 daemones?
2338 5477 2458 5518 nam
2489 5476 2608 5533 qua:
2645 5467 2910 5516 canuntur
2934 5457 3126 5514 ﬁdibus
3146 5472 3254 5512 non
3287 5467 3411 5512 sunt

1834 5559 1996 5624 aliud,
2024 5573 2182 5629 quam
2206 5556 2509 5612 daemonum
2549 5551 2775 5609 cantica.
2806 5551 2872 5606 Et
2903 5565 3024 5607 cum
3053 5560 3108 5605 te
3140 5559 3411 5619 oporteret

1834 5651 2033 5715 dicere,
2066 5647 2382 5706 BenediCtus
2408 5660 2489 5712 es,
2523 5643 2770 5710 Domine,
2795 5640 2920 5711 quia
2951 5655 3037 5696 me
3059 5640 3327 5696 nutrivisti
3344 5654 3410 5695 ex

1835 5745 1990 5802 bonis
2019 5744 2156 5810 tuis;
2188 5751 2454 5812 tamquam
2482 5737 2694 5794 infamis
2721 5735 2934 5807 quidam
2960 5736 3108 5790 canis
3134 5750 3201 5791 ne
3225 5736 3410 5790 memi-

1838 5838 1962 5894 nisti
1979 5836 2213 5909 quidem,
2228 5835 2320 5893 sed
2340 5831 2632 5901 introducis
2651 5827 2960 5887 dzcmones?
2981 5829 3090 5884 lmo
3106 5842 3229 5884 vero
3250 5825 3408 5882 etiam
