3898 6506
491 416 600 476 307

494 544 662 590 canes
689 537 799 586 tam
816 525 905 598 qui
929 527 1251 593 acceperunt
1269 532 1429 590 quam
1455 517 1544 587 qui
1586 531 1692 571 non
1720 518 2076 583 acceperunt,

498 623 840 680 blandiuntur
864 614 1206 678 domesticis;
1234 620 1291 666 ιιι
1319 620 1497 666 autem
1524 624 1592 663 ne
1617 608 1720 663 hoc
1754 606 1969 678 quidem
2000 604 2077 657 fa-

496 717 595 771 cis.
625 712 805 775 Canis,
836 710 998 764 etiam
1020 721 1126 762 non
1147 704 1436 774 accipiens,
1452 700 1724 756 blanditur
1741 698 1997 760 domino;
2021 705 2077 750 tu

494 816 696 867 autem,
712 804 871 859 etiam
889 814 1012 856 cum
1028 797 1322 868 acceperis,
1340 794 1595 851 adversus
1609 807 1732 848 eum
1749 792 1927 846 latras.
1943 789 2076 844 Rur-

493 912 587 952 sus
614 894 782 955 cauis.
801 891 1009 949 etiamsi
1044 891 1250 946 alienus
1278 889 1325 945 ei
1348 886 1753 951 benel‘aciat,ne
1768 884 1846 941 sic
1860 882 2074 954 quidem

492 985 689 1040 desinit
711 998 833 1041 esse
862 984 1109 1037 inimicus
1127 1021 1143 1046 ,
1173 995 1347 1051 neque
1372 978 1604 1033 allicltur
1628 973 1696 1031 ad
1738 974 2027 1029 amicitiam
2056 989 2072 1039 ;

491 1088 548 1134 tu
577 1088 757 1134 autem
784 1077 920 1131 mala
949 1073 1351 1129 innumerabilia
1383 1069 1591 1141 patiens
1634 1082 1663 1121 a
1703 1066 2035 1121 dmmonibus
2056 1104 2071 1129 ,

489 1171 652 1227 etiam
693 1169 760 1224 ad
793 1167 1008 1239 prandia
1034 1180 1131 1221 eos
1156 1164 1467 1220 introducis.
1499 1161 1856 1230 Quamobrem
1887 1175 1946 1214 es
1975 1158 2074 1212 du-

490 1266 580 1332 plo
597 1278 731 1319 cane
747 1261 997 1316 deterior.
1026 1258 1191 1313 Recte
1210 1264 1388 1311 autem
1416 1255 1467 1308 in
1496 1252 1810 1307 memoriam
1825 1248 2070 1304 revocavi

484 1370 650 1410 canes
671 1353 811 1424 apud
841 1366 935 1407 eos
959 1391 977 1417 ,
1002 1350 1092 1420 qui
1124 1359 1249 1403 tunc
1289 1346 1461 1401 solum
1496 1353 1662 1415 agunt
1686 1343 1918 1413 gratias,
1947 1354 2069 1395 cum

486 1446 664 1502 all‘ecti
710 1445 903 1500 fuerint
942 1441 1219 1497 beneﬁcio.
1252 1436 1619 1494 Revereamini
1639 1477 1655 1502 ,
1683 1449 1844 1505 rogo,
1870 1448 2067 1498 canes,

484 1538 576 1607 qui
604 1536 763 1592 etiam
803 1534 943 1589 fame
966 1532 1269 1588 laborantes
1298 1529 1581 1584 adulantur
1604 1527 1838 1582 dominis
1861 1544 1875 1580 :
1898 1535 1952 1580 tu
1976 1540 2070 1579 att-

486 1635 617 1691 tem,
645 1626 689 1681 si
719 1625 953 1679 audieris
980 1621 1122 1693 quod
1150 1620 1360 1676 dmmon
1380 1619 1585 1674 curavit
1608 1616 1935 1688 quempiam,
1961 1624 2068 1670 sta-

466 1721 582 1775 'tim
603 1717 827 1775 dimittis
849 1717 1154 1781 Dominum,
1171 1729 1206 1768 ο
1225 1712 1433 1768 ratione
1461 1711 1638 1766 minus
1665 1709 1885 1780 praedite
1907 1721 2064 1779 quam

481 1810 683 1867 canes!
714 1812 782 1864 At
814 1808 1149 1869 meretrices,
1178 1804 1408 1874 inquies,
1440 1802 1565 1856 dum
1598 1800 1946 1869 aspiciuntur,
1969 1813 2065 1852 vo-

486 1904 741 1973 luptatem
768 1899 1041 1956 exhibent.
1068 1897 1237 1965 Quam
1270 1893 1637 1963 voluptatem?
1660 1906 1817 1962 quam
1850 1905 1954 1944 non
1978 1889 2064 1942 in-

480 1990 695 2045 famiam
712 1996 764 2042 et
789 1983 1177 2057 ignominiam?
1200 1982 1445 2051 Lupanar
1466 1978 1602 2033 facta
1631 1988 1711 2033 est
1741 1985 1827 2031 tua
1848 1976 2060 2038 domus,

480 2082 735 2150 furorque
768 2087 824 2135 et
850 2089 1072 2134 oestrum
1104 2091 1119 2128 :
1160 2089 1265 2129 non
1299 2082 1351 2128 te
1378 2071 1543 2143 pudet
1582 2084 1644 2126 ea
1682 2084 1875 2124 vocare
1903 2068 2060 2122 volu-

480 2183 680 2243 ptatem
700 2173 726 2226 ?
753 2173 908 2242 Atqui
937 2172 980 2226 si
1010 2171 1164 2225 liceat
1184 2167 1329 2222 omni
1358 2165 1434 2221 uti
1460 2164 1751 2234 voluptate,
1781 2163 1954 2231 majus
1979 2169 2063 2217 est

480 2267 607 2322 illud
628 2266 901 2337 probrum,
920 2270 976 2319 et
995 2262 1164 2332 major
1184 2277 1305 2332 qua:
1329 2275 1393 2316 ex
1424 2273 1487 2313 ea
1512 2257 1768 2327 accipitur
1788 2255 2054 2310 molestia.

475 2359 793 2429 Quomodo?
821 2360 1011 2413 Annon
1035 2370 1195 2427 grave
1215 2364 1295 2410 est
1324 2360 1378 2408 te
1398 2352 1625 2422 lupanar
1646 2349 1821 2405 facere
1839 2347 2056 2402 domum

476 2464 642 2517 tuam,
663 2451 716 2505 in
740 2465 840 2520 qua
867 2448 1113 2503 homines
1132 2445 1296 2501 veluti
1316 2458 1442 2500 sues
1469 2443 1521 2498 in
1542 2457 1699 2498 emno
1714 2440 2057 2497 volutentur?

473 2544 528 2601 Si
558 2554 734 2599 autem
765 2558 869 2596 non
896 2555 1150 2611 eousque
1173 2536 1565 2610 progrediatur,
1590 2548 1718 2590 ecce
1741 2546 1929 2589 rursus
1944 2548 2056 2587 ma-

466 2634 557 2705 jor
576 2643 659 2690 est
676 2633 865 2688 dolor:
888 2642 1136 2702 aspectus
1152 2630 1292 2684 enim
1320 2643 1425 2684 non
1446 2634 1531 2682 est
1555 2626 1820 2699 voluptas,
1840 2623 2055 2695 quando

473 2741 579 2781 non
611 2724 769 2780 fuerit
797 2737 945 2789 usus,
976 2720 1070 2777 sed
1098 2720 1272 2791 majus
1294 2717 1617 2775 desiderium
1644 2727 1698 2772 et
1728 2717 1939 2771 llamma
1963 2730 2054 2771 vc-

473 2815 792 2872 hementior.
823 2815 927 2871 Sed
954 2816 1035 2869 vis
1057 2814 1195 2868 scire
1226 2811 1424 2866 ﬁnem?
1466 2810 1542 2866 llli
1569 2808 1781 2880 quidem
1812 2824 1841 2861 ιι
1866 2822 2050 2864 mensa

469 2915 753 2975 surgentes
780 2914 906 2960 sunt
935 2904 1137 2959 insanis
1161 2903 1371 2958 similes
1400 2910 1454 2956 et
1480 2900 1659 2956 lurore
1686 2899 1923 2969 percitis,
1952 2914 2049 2953 au-

468 2996 662 3062 daces,
703 2995 941 3050 iracundi
966 3036 982 3060 ,
1008 2996 1166 3051 etiam
1197 2993 1475 3063 mancipiis
1503 2992 1714 3048 ridiculi
1744 3008 1759 3045 :
1788 3000 1843 3047 et
1869 2990 2048 3046 famuli

467 3087 683 3157 quidam
700 3086 976 3141 discedunt
997 3085 1178 3147 sobrii.
1197 3086 1283 3140 isti
1302 3099 1428 3141 vero
1444 3082 1648 3139 ebrii.0
1664 3082 1916 3139 dedecus!
1938 3082 2051 3138 Illic

466 3185 645 3232 autem
670 3176 798 3231 nihil
812 3176 1093 3245 ejusmodi,
1112 3177 1204 3231 sed
1223 3175 1441 3230 domum
1462 3174 1740 3236 recedunt.
1760 3190 1880 3230 cuin
1898 3190 2047 3230 men.

466 3285 581 3325 sam
603 3269 963 3325 concluserint
980 3270 1265 3340 gratiarum
1297 3268 1526 3335 actione,
1559 3269 1665 3330 laeti
1691 3268 2042 3337 dormientes,

458 3360 572 3427 {reti
602 3361 1129 3431 expergiscentes,ab
1153 3359 1296 3416 omni
1317 3362 1514 3431 probro
1534 3376 1595 3417 ac
1623 3361 1846 3417 crimine
1874 3361 2044 3416 liberi.

533 3453 588 3508 6.
615 3452 673 3509 Si
692 3453 775 3508 vis
803 3463 981 3508 autem
1009 3453 1191 3509 videre
1218 3468 1312 3508 eos
1339 3455 1499 3508 etiam
1523 3454 1614 3524 qui
1646 3462 1771 3508 sunt
1798 3452 2041 3518 invitati,

463 3547 669 3603 videbis
700 3546 800 3602 hos
828 3547 1043 3617 quidem
1075 3547 1223 3601 intus
1251 3562 1371 3602 esse
1404 3547 1536 3602 tales
1558 3587 1573 3611 ,
1605 3547 1792 3617 quales
1824 3546 1899 3601 illi
1943 3561 2044 3601 ex-

462 3642 746 3705 trinsecus,
778 3654 970 3709 nempe
995 3654 1184 3706 cureos,
1212 3640 1452 3706 mutilos,
1480 3640 1735 3706 claudos;
1763 3650 1816 3695 et
1863 3640 2040 3712 qualia

460 3741 585 3784 sunt
616 3730 805 3786 horum
832 3745 1078 3801 corpora,
1102 3734 1240 3787 tales
1271 3741 1397 3787 sunt
1426 3733 1638 3788 illorum
1670 3733 1884 3798 animm,
1904 3748 2039 3804 aqua

461 3822 725 3876 intercute
740 3821 1043 3876 laborantes
1065 3831 1118 3877 et
1139 3821 1575 3878 inﬂammatione.
1600 3822 1872 3891 Ejusmodi
1896 3825 2039 3878 enim

460 3928 551 3968 res
576 3921 660 3968 est
687 3921 742 3967 et
768 3914 1071 3983 arrogantia
1095 3931 1110 3968 :
1130 3930 1253 3968 nam
1274 3924 1395 3983 post
1420 3915 1640 3970 delicias
1663 3916 1721 3969 ﬁt
1745 3915 2037 3970 mutilatio:

460 4019 548 4059 res
576 4003 720 4059 enim
764 4002 1025 4072 ejusmodi
1073 4013 1156 4059 est
1183 4005 1407 4075 repletio
1437 4014 1490 4061 et
1510 4006 1743 4062 ebrietas
1765 4047 1780 4071 ,
1821 4006 2041 4062 claudos

461 4095 692 4150 reddens
718 4104 773 4151 et
798 4093 1037 4149 mutilos.
1067 4097 1139 4149 At
1167 4096 1266 4150 hos
1294 4095 1501 4152 videbis
1527 4097 1660 4152 tales
1688 4097 1888 4153 habere
1923 4098 2040 4151 ani-

459 4202 608 4253 mas,
654 4186 833 4256 qualia
859 4185 944 4240 isti
977 4200 1228 4257 corpora,
1255 4186 1593 4257 splendidas,
1632 4197 1871 4244 ornatas.
1904 4188 2036 4244 Nam

458 4278 552 4350 qui
579 4278 764 4334 vivunt
792 4293 913 4333 cum
942 4278 1237 4349 gratiarum
1265 4281 1497 4347 actione,
1528 4281 1616 4351 qui
1644 4281 1779 4337 nihil
1808 4282 2038 4352 amplius

458 4370 921 4442 requirunt’quam
950 4370 1093 4442 quod
1123 4372 1254 4426 satis
1282 4372 1383 4437 sit,
1405 4374 1495 4443 qui
1525 4374 1607 4429 sic
1650 4373 2038 4444 philosophan-

454 4472 563 4528 tur,
592 4464 645 4519 in
674 4471 930 4536 perpetua
960 4474 1086 4519 sunt
1111 4463 1315 4519 lzetitia.
1348 4463 1636 4521 Videamus
1659 4476 1840 4522 autem
1870 4476 1926 4523 et
1950 4466 2037 4523 hic

456 4564 512 4611 et
538 4555 645 4609 illic
675 4554 857 4609 linem.
887 4554 999 4609 lllic
1023 4554 1238 4625 quidem
1268 4563 1353 4609 est
1374 4556 1618 4625 voluptas
1645 4558 2028 4628 intemperans,

456 4646 597 4703 risus
622 4645 844 4709 ell'usus,
872 4646 1130 4710 ebrietas,
1160 4644 1479 4712 scurrilitas,
1506 4648 1792 4704 verborum
1822 4650 2037 4706 obsca-

453 4740 627 4804 nitas;
656 4754 779 4792 nam
808 4737 930 4809 quia
956 4736 1120 4808 pudet
1157 4738 1301 4808 loqui
1333 4739 1506 4809 turpia
1530 4780 1546 4805 ,
1571 4756 1666 4809 per
1715 4742 2033 4799 meretrices

456 4828 630 4899 pudor
658 4828 903 4884 tollitur:
938 4828 1025 4884 hic
1044 4838 1223 4884 autem
1252 4837 1335 4884 est
1357 4828 1680 4897 humanitas,
1703 4833 2030 4905 benignitas,

451 4930 509 4976 et
552 4918 925 4975 mansuetudo.
956 4923 1132 4991 Atque
1170 4921 1317 4975 illum
1356 4922 1446 4991 qui
1476 4922 1767 4979 dissolutos
1806 4927 2027 4995 invitat,

448 5019 623 5065 armat
637 5010 811 5065 inanis
821 5011 990 5081 gloria
1007 5026 1022 5076 ;
1037 5011 1198 5065 alium
1212 5019 1386 5065 autem
1402 5011 2028 5086 humanitas,benignitas

447 5112 503 5157 et
525 5104 895 5157 mansuetudo.
919 5102 1053 5157 Nam
1079 5101 1223 5157 illam
1255 5101 1470 5171 quidem
1501 5119 1738 5160 mensam
1756 5109 2031 5163 constituit

334 5248 353 5258 ,
450 5194 752 5249 humanitas
779 5209 842 5249 ac
869 5193 1206 5264 benignitas;
1235 5193 1373 5249 hanc
1401 5208 1528 5248 vero
1559 5194 1732 5249 inanis
1775 5197 1943 5267 gloria
1975 5206 2028 5252 et

448 5284 739 5341 crudelitas
760 5326 775 5352 ,
803 5300 869 5341 ex
915 5283 1177 5354 injustitia
1204 5293 1258 5340 et
1298 5285 1540 5339 avaritia.
1572 5285 1639 5339 Et
1678 5287 1765 5340 illa
1810 5288 2026 5357 quidem

440 5377 643 5433 desinit
667 5377 720 5432 in
742 5392 805 5432 ea
828 5393 945 5448 quae
961 5376 1094 5445 dixi,
1117 5380 1170 5432 in
1188 5377 1565 5448 arrogantiam,
1589 5377 1641 5431 in
1664 5379 1859 5434 mentis
1880 5394 2030 5435 emo-

444 5473 679 5537 tionem,
712 5470 765 5526 in
808 5471 1103 5540 insaniam;
1159 5472 1265 5527 tale
1303 5472 1445 5526 enim
1494 5480 1578 5526 est
1624 5487 1843 5543 germen
1870 5491 2027 5533 vana:

438 5562 623 5633 gloria:
656 5580 671 5617 :
710 5563 826 5619 hzec
849 5574 1029 5619 autem
1064 5564 1117 5618 in
1165 5563 1458 5634 gratiarum
1492 5564 1757 5620 actionem
1782 5607 1797 5629 ,
1845 5577 1900 5622 et
1931 5567 2025 5624 Dei

435 5655 685 5725 gloriam.
717 5654 887 5711 Porro
910 5656 1032 5711 huic
1056 5670 1272 5726 quoque
1303 5658 1473 5724 major
1500 5654 1619 5711 laus
1641 5656 1801 5711 datur
1823 5658 1893 5713 ab
1921 5659 1993 5713 ho
2009 5689 2026 5703 -

437 5748 715 5805 minibus:
760 5763 885 5803 nam
934 5749 1007 5804 illi
1061 5750 1277 5820 quidem
1326 5748 1602 5815 invident;
1653 5750 1795 5807 hunc
1841 5761 2021 5809 autem

439 5854 629 5897 omnes
670 5841 865 5899 habent
908 5851 1174 5913 tamquam
1219 5857 1559 5903 communem
1590 5853 1814 5916 patrem,
1844 5848 2005 5904 etiam

1189 402 1250 463 S.
1289 399 1567 461 JOANNIS
1587 394 2065 458 CHRYSOSTOMI
2114 392 2429 450 ARCHIEP.
2460 392 2997 454 CONS'I‘ANTINOP.
3670 404 3755 462 sos

2186 510 2223 565 ii
2248 524 2340 581 qui
2370 523 2477 565 non
2507 520 2633 566 sunt
2656 511 2833 567 allecti
2861 510 3143 567 beneﬁcio.
3174 513 3253 569 Ac
3301 514 3444 571 sicut
3486 515 3525 571 ii
3551 518 3641 588 qui
3670 537 3756 576 nos

2180 610 2309 656 sunt
2336 600 2531 672 injuria
2576 602 2778 666 allecti,
2806 603 3098 659 condolent
3134 606 3202 660 iis
3245 608 3338 676 qui
3367 608 3565 677 injuria
3604 612 3757 669 aﬂecti

2180 703 2329 757 sunt,
2358 706 2413 750 et
2437 711 2756 752 communes
2782 697 2968 752 hostes
2996 697 3129 752 ﬁttnt
3157 715 3173 753 :
3206 699 3277 754 ita
3304 700 3470 755 etiam
3515 702 3759 763 benelirio

2179 786 2391 844 all'ectis
2412 788 2714 859 junguntur
2740 791 2774 845 ii
2796 790 2888 860 qui
2918 790 3238 846 beneﬁcium
3269 808 3380 848 non
3413 809 3757 867 acceperunt,

2179 892 2245 932 ac
2288 878 2609 935 beneﬁcium
2637 894 2742 934 una
2791 881 3013 937 laudant
3054 892 3110 937 et
3136 883 3423 941 mirantur.
3452 887 3573 943 Illic
3611 892 3755 943 multa

2177 978 2261 1025 est
2288 969 2487 1026 invidia
2512 1013 2527 1037 ,
2555 972 2642 1027 hic
2679 983 2860 1028 autem
2907 974 3070 1028 multa
3097 976 3304 1044 geritur
3343 992 3473 1033 cura
3497 1021 3515 1044 ,
3546 990 3601 1035 et
3640 982 3756 1037 bene

2179 1073 2469 1131 precantur
2483 1079 2695 1120 omnes.
2718 1067 2782 1119 Et
2807 1066 2859 1120 in
2886 1064 2990 1122 hoc
3014 1070 3217 1124 saeculo
3246 1084 3335 1124 res
3357 1070 3430 1124 ita
3455 1086 3520 1127 se
3542 1074 3724 1128 habent
3740 1095 3752 1106 -

2178 1154 2285 1209 illic
2300 1167 2481 1211 autem
2508 1172 2629 1211 cum
2649 1157 2896 1213 Christus
2918 1158 3216 1226 advenerit,
3244 1162 3333 1215 hic
3355 1163 3582 1232 quidem
3610 1170 3753 1224 stabit

2175 1259 2296 1301 cum
2328 1262 2517 1318 magna
2540 1247 2758 1311 ﬁducia,
2783 1258 2838 1303 et
2862 1249 3043 1304 audiet
3070 1261 3337 1320 przescnte
3362 1262 3476 1307 toto
3508 1256 3645 1310 orbe
3665 1268 3754 1311 ter-

2175 1349 2356 1391 rarum
2379 1378 2397 1401 ,
2429 1337 2751 1393 Esurienteut
2778 1355 2859 1394 nte
2897 1340 3067 1394 vidisti
3090 1380 3106 1407 ,
3133 1350 3183 1395 et
3203 1344 3463 1397 enutriisti
3482 1360 3508 1409 ;
3532 1350 3717 1401 nudans
3734 1391 3753 1416 ,

2174 1435 2222 1480 et
2261 1428 2518 1493 induisti;
2558 1432 2838 1499 hospitem,
2884 1440 2933 1487 et
2977 1433 3199 1500 hospitio
3242 1436 3489 1506 excepisti
3535 1440 3747 1507 (Haut.

2172 1517 2397 1590 25.35),
2426 1530 2480 1575 et
2508 1537 2630 1592 qua:
2672 1533 2797 1579 sunt
2835 1523 3139 1595 hujusmodi
3171 1543 3187 1577 :
3218 1528 3310 1584 ille
3352 1541 3539 1586 autem
3582 1546 3746 1593 multa

2172 1611 2391 1678 audiet,
2426 1613 2581 1668 serve
2630 1616 2765 1670 male
2814 1625 2863 1670 et
2907 1617 3131 1688 ignave;
3162 1628 3217 1674 et
3258 1636 3448 1677 rursus
3470 1665 3489 1686 ,
3552 1623 3643 1680 Vc
3678 1618 3755 1695 ssi

2170 1701 2391 1758 molliter
2419 1705 2722 1761 deliciautur
2739 1708 2792 1763 in
2819 1710 3063 1765 cubilibus
3092 1712 3217 1777 suis,
3244 1723 3291 1769 et
3314 1717 3403 1784 qui
3432 1716 3689 1774 domin:
3705 1726 3748 1777 is

2169 1794 2310 1849 lectis
2326 1797 2576 1861 eburneis,
2591 1801 2678 1869 qui
2691 1799 2864 1854 bibunt
2875 1803 3044 1856 viuum
3059 1804 3359 1872 defaecatius:
3386 1806 3597 1880 (Amos.
3612 1814 3662 1867 6.
3680 1816 3745 1883 4);

2169 1896 2224 1942 et
2248 1888 2526 1958 primariis
2573 1894 2861 1961 unguentis
2893 1896 3039 1951 uncti
3090 1896 3206 1953 btec
3245 1906 3529 1971 tamquam
3573 1911 3746 1963 stantia

2167 1989 2481 2050 reputarunt
2503 2022 2518 2047 ,
2548 1992 2605 2038 et
2633 1999 2737 2038 non
2768 1994 3038 2056 tamquam
3072 1987 3348 2059 fugientia.
3383 1992 3518 2049 περ
3551 2011 3583 2048 a
3612 2000 3749 2055 nobis

2167 2086 2273 2124 non
2304 2080 2509 2129 temere
2537 2072 2678 2128 dicta
2711 2085 2871 2142 sunt,
2898 2078 2990 2132 sed
3022 2088 3078 2133 ut
3104 2090 3339 2136 vestram
3368 2095 3621 2140 mentem
3664 2090 3749 2143 ini.

2166 2171 2391 2232 mutem,
2414 2172 2468 2219 et
2492 2181 2588 2220 vos
2612 2167 2744 2223 nihil
2776 2167 2983 2225 faciatis
3006 2172 3148 2243 quod
3166 2189 3272 2228 non
3306 2174 3525 2232 lucrum
3555 2180 3745 2237 εσθαι.

2162 2256 2299 2325 Quid
2332 2273 2479 2325 vero,
2508 2259 2702 2330 inquit,
2734 2262 2779 2316 si
2805 2272 2860 2317 et
2884 2262 2998 2318 haec
3019 2274 3071 2319 et
3095 2265 3183 2319 illa
3212 2266 3389 2323 facio?
3418 2269 3539 2324 Hoc
3572 2275 3745 2339 passim

2161 2358 2245 2405 est
2273 2350 2327 2405 in
2355 2364 2452 2406 ore
2476 2352 2738 2408 omnium.
2773 2353 2839 2408 Et
2865 2354 3019 2424 quid,
3043 2356 3362 2427 dic,qu:eso,
3396 2375 3640 2418 necesse
3658 2377 3742 2429 est,

2162 2454 2285 2496 cum
2324 2442 2503 2497 omnia
2560 2442 2721 2499 liceat
2766 2444 2943 2499 facere
2973 2447 3210 2513 utiliter,
3238 2447 3496 2507 dividere
3518 2494 3537 2518 ,
3567 2462 3624 2508 et
3657 2456 3744 2510 alia

2158 2531 2371 2602 quidem
2398 2548 2501 2588 non
2525 2534 2699 2589 solum
2724 2534 2790 2590 ad
2823 2535 3049 2601 inutilia,
3082 2538 3177 2593 sed
3210 2540 3375 2595 etiam
3398 2552 3613 2599 temere
3629 2561 3742 2601 eon-

2156 2636 2410 2690 sumere;
2443 2623 2546 2681 alia
2582 2634 2761 2681 autem
2792 2627 3034 2683 utiliter?
3065 2628 3158 2685 Dic
3186 2631 3316 2686 mihi
3340 2674 3355 2699 ,
3388 2633 3440 2687 si
3480 2636 3741 2692 seminans

2156 2716 2257 2771 alia
2284 2715 2501 2787 quidem
2524 2717 2732 2786 jaceres
2758 2733 2918 2788 supra
2947 2729 3171 2790 petram,
3197 2722 3298 2777 alia
3328 2733 3519 2780 autem
3551 2728 3605 2782 in
3646 2739 3739 2784 ter-

2155 2820 2271 2862 ram
2300 2808 2579 2879 optimam,
2610 2808 2783 2866 hocne
2806 2811 2898 2865 tibi
2929 2810 3224 2879 sufﬁceret,
3248 2824 3305 2869 et
3330 2814 3557 2872 diceres
3582 2836 3598 2872 :
3621 2820 3737 2888 Quid

2153 2898 2330 2963 obest,
2358 2899 2403 2953 si
2434 2899 2535 2953 alia
2566 2900 2778 2970 quidem
2811 2902 3035 2968 temere,
3059 2903 3159 2956 alia
3184 2918 3317 2959 vero
3343 2904 3398 2959 in
3430 2914 3635 2963 terram
3657 2926 3737 2978 op-

2154 2989 2336 3043 timam
2362 2988 2697 3060 jecerimus?
2723 2990 2854 3046 Nam
2892 3007 2990 3047 cur
3012 3009 3117 3048 non
3144 2995 3326 3050 omnia
3353 2996 3409 3050 in
3448 3000 3737 3069 optimam?

2151 3092 2250 3134 cur
2276 3080 2483 3135 lucrum
2514 3080 2751 3137 minuis?
2784 3082 2848 3138 Et
2872 3083 2917 3138 si
2948 3085 3201 3153 pecunias
3232 3085 3457 3156 quidem
3503 3101 3737 3161 oporteat

2150 3185 2481 3243 congerere,
2529 3189 2636 3229 non
2687 3174 2793 3230 hoc
2835 3175 3017 3241 dices,
3063 3178 3157 3233 sed
3190 3180 3432 3251 undique
3462 3188 3735 3257 congeris;

2151 3261 2262 3319 illic
2292 3273 2473 3320 autem
2521 3280 2629 3320 non
2658 3266 2738 3321 sic
2768 3283 2782 3321 :
2814 3275 2870 3322 et
2919 3268 2964 3323 si
3010 3267 3264 3325 fteuerari
3297 3282 3594 3342 oporteat,
3642 3294 3735 3332 non

2148 3355 2316 3421 dices,
2346 3356 2455 3412 Cur
2472 3356 2605 3412 alias
2634 3359 2848 3429 quidem
2881 3362 3227 3431 pauperibus,
3263 3364 3400 3419 alias
3433 3383 3572 3423 vero
3598 3370 3738 3425 dabi-

2149 3461 2268 3500 mus
2294 3447 2588 3513 divitibus;
2618 3448 2713 3504 sed
2742 3449 2847 3504 illis
2876 3466 3066 3507 omnes
3093 3469 3108 3506 :
3142 3453 3230 3509 hic
3268 3464 3455 3511 autem
3476 3498 3495 3524 ,
3544 3459 3633 3514 ubi
3664 3472 3737 3515 est

2149 3548 2354 3593 tantum
2378 3540 2605 3607 lucrum,
2634 3556 2728 3595 cur
2749 3540 2850 3597 hoc
2874 3559 2978 3598 non
3009 3552 3249 3614 reputas,
3280 3561 3383 3602 nec
3404 3563 3598 3606 cessas
3627 3561 3734 3606 tan-

2146 3629 2270 3685 dem
2325 3640 2527 3687 temere
2577 3632 2887 3703 impendere
2939 3642 2996 3688 et
3041 3639 3412 3692 consumere?
3440 3643 3512 3695 At
3544 3642 3733 3709 habet,

2148 3721 2324 3792 inquis
2343 3763 2359 3787 ,
2393 3722 2494 3778 hoc
2535 3738 2748 3794 quoque
2778 3724 3007 3779 lucrum.
3036 3725 3363 3794 Quodnam?
3389 3731 3698 3802 dic,qu.eso
3718 3774 3733 3787 .

2148 3814 2422 3870 Amicitias
2448 3825 2627 3886 auget.
2652 3815 2796 3871 Nihil
2824 3825 2907 3871 est
2944 3817 3187 3888 frigidius
3220 3819 3540 3878 hominibus
3560 3826 3648 3894 qui
3675 3843 3733 3880 ex

2146 3905 2231 3961 liis
2257 3906 2390 3961 llunt
2417 3908 2595 3973 amici,
2629 3924 2695 3963 ex
2727 3924 2909 3964 mensa
2940 3919 2993 3965 et
3020 3910 3303 3967 saturitate
3342 3917 3733 3983 parasitorum;

2146 3997 2277 4053 nihil
2307 4000 2567 4069 ingratius
2584 4001 2815 4056 amicitia
2845 4001 2970 4057 hinc
2998 4013 3134 4058 orta.
3155 4003 3231 4060 Ne
3258 4010 3597 4064 contumelia
3617 4011 3735 4065 εστι

2143 4092 2284 4147 ceris
2311 4105 2421 4147 rem
2452 4091 2588 4147 adeo
2602 4091 2994 4160 admirabilem,
3018 4110 3211 4165 nempe
3225 4099 3545 4155 caritatem:
3572 4117 3735 4171 neque

2144 4182 2347 4240 dixeris
2377 4182 2514 4239 hanc
2541 4198 2662 4238 esse
2690 4184 2807 4254 ejus
2845 4185 3105 4242 radicem.
3139 4186 3207 4243 Ut
3232 4189 3277 4242 si
3304 4190 3523 4245 arboris
3553 4207 3732 4246 auru-

2146 4275 2371 4331 ferentis
2407 4284 2464 4329 et
2504 4274 2709 4345 lapides
2753 4276 3056 4344 pretiosos,
3086 4277 3322 4334 radicem
3372 4295 3482 4335 non
3537 4282 3734 4337 diceret

2143 4366 2409 4437 quispiam
2436 4380 2559 4422 esse
2589 4366 2772 4432 talem,
2800 4368 2893 4423 sed
2925 4368 3071 4423 nasci
3096 4383 3163 4423 ex
3189 4370 3483 4439 putredine
3509 4391 3525 4428 :
3553 4374 3653 4427 hoc
3680 4385 3732 4428 tu

2142 4471 2356 4528 quoque
2387 4456 2556 4511 lacis:
2589 4472 2710 4512 nam
2738 4459 2782 4513 si
2804 4456 2932 4514 hinc
2965 4466 3088 4513 nata
3120 4461 3279 4514 fuerit
3304 4464 3573 4527 amicitia,
3607 4465 3732 4519 nihil

2140 4564 2203 4606 ea
2231 4548 2390 4604 fuerit
2416 4549 2679 4620 frigidius.
2709 4549 2816 4605 Sed
2844 4550 2950 4606 illa:
2994 4565 3196 4608 mensa:
3224 4553 3524 4609 conciliant
3548 4556 3732 4612 antici-

2144 4642 2270 4696 tiam
2296 4682 2312 4707 ,
2342 4656 2449 4696 non
2477 4641 2618 4712 apud
2645 4640 2892 4697 homines
2916 4682 2933 4708 ,
2970 4641 3067 4697 sed
3094 4641 3234 4713 apud
3265 4644 3435 4699 Deum
3460 4686 3471 4714 ε
3505 4660 3731 4717 eamque

2140 4732 2488 4801 uniformem,
2514 4747 2637 4787 cum
2669 4747 2870 4789 mensae
2900 4732 3099 4788 fuerint
3122 4732 3425 4791 uniformes
3474 4735 3617 4793 Nam
3644 4738 3729 4809 φή

2139 4826 2242 4880 alia
2270 4825 2484 4897 quidem
2538 4828 2659 4893 hic,
2688 4828 2791 4881 alia
2844 4842 2976 4884 vero
3022 4828 3133 4884 illic
3178 4832 3484 4897 consumit,
3520 4833 3725 4888 etiamsi

2139 4918 2304 4973 multa
2334 4919 2562 4984 dederit,
2597 4919 2726 4975 nihil
2747 4935 2995 4990 magnum
3023 4920 3186 4976 facit:
3212 4922 3306 4992 qui
3334 4934 3517 4979 autem
3552 4928 3726 4979 omnia

2139 5011 2226 5066 hic
2271 5013 2581 5079 consumit,
2612 5013 2822 5068 etiamsi
2857 5027 3023 5083 pauca
3069 5012 3312 5079 dederit,
3345 5023 3520 5070 totum
3546 5016 3724 5072 efﬁcit.

2136 5102 2268 5157 Nam
2296 5103 2440 5174 quod
2469 5105 2761 5174 quaeritur,
2795 5119 2903 5159 non
2952 5112 3070 5170 est,
3104 5105 3351 5161 multane
3398 5106 3613 5163 dederit
3659 5123 3723 5160 an

2136 5209 2340 5266 pauca;
2370 5195 2468 5252 sed
2496 5210 2564 5250 an
2596 5210 2704 5251 non
2736 5198 2911 5251 minus
2953 5211 3112 5267 quam
3145 5197 3288 5253 ferre
3318 5199 3532 5268 possint
3559 5202 3721 5255 vires.

2136 5287 2444 5358 Cogitemus
2484 5302 2610 5344 eum
2662 5289 2751 5359 qui
2793 5290 3028 5359 quinque
3068 5289 3302 5344 lucratus
3331 5300 3417 5345 est
3448 5291 3646 5346 talenta
3670 5298 3724 5346 et

2136 5379 2224 5447 qui
2253 5378 2362 5433 duo
2391 5396 2407 5432 :
2441 5380 2740 5450 cogitemus
2787 5395 2905 5435 eam
2956 5396 3076 5451 qua:
3120 5380 3257 5435 duos
3296 5382 3447 5437 misit
3491 5384 3720 5439 obolos:

2136 5472 2433 5540 cogitemus
2457 5471 2668 5526 viduam
2699 5487 2818 5542 qua:
2848 5470 2949 5527 fuit
2988 5483 3228 5543 tempore
3259 5475 3413 5530 Elim.
3447 5475 3565 5531 Non
3593 5476 3723 5531 dixit

2135 5563 2222 5618 illa
2247 5578 2365 5635 quae
2393 5564 2530 5620 duos
2559 5566 2702 5622 misit
2722 5566 2909 5621 obolos
2930 5566 3095 5634 :Quid
3117 5567 3259 5623 enin:
3280 5569 3461 5634 obest,
3487 5570 3534 5624 si
3562 5585 3718 5624 unum

2134 5655 2348 5723 quidem
2402 5656 2619 5711 obolum
2666 5656 2807 5727 apud
2848 5672 2935 5713 me
2977 5657 3291 5725 retinuere,
3335 5676 3499 5715 unum
3544 5671 3717 5715 autem

2134 5746 2371 5803 dedero?
2396 5748 2491 5804 sed
2524 5758 2691 5819 totas,
2710 5764 2838 5805 snas
2877 5749 3025 5805 dedit
3056 5750 3362 5807 facultates.
3391 5753 3473 5809 Tu
3498 5766 3677 5809 autem
3699 5794 3715 5817 ,

2134 5856 2256 5899 cum
2287 5851 2448 5900 tanta:
2495 5844 2589 5901 tibi
2617 5853 2900 5917 suppetant
2939 5846 3109 5919 copia:
3128 5888 3145 5915 ,
3173 5862 3234 5904 es
3261 5848 3352 5903 illa
3381 5851 3614 5919 parcior.
3641 5849 3720 5905 Ne
