4032 6508
267 379 376 434 307

266 493 441 562 γητδς
471 487 542 559 εἴ,
575 492 770 569 Κύριε,
788 495 872 550 δτι
893 495 1132 568 ἐθρεψάς
1153 516 1221 570 με
1247 502 1312 556 ἐκ
1338 504 1450 558 τῶν
1477 506 1700 576 ἀγαθῶν
1729 527 1848 576 σου,

267 585 335 636 σὺ
372 583 454 646 δὲ,
489 585 743 657 καθάπερ
788 603 874 652 τις
924 589 1073 644 κύων
1115 592 1335 664 ἀτιμος,
1379 596 1501 651 οὐδὲ
1545 599 1850 671 μέμνησαι,

263 676 407 730 ἀλλά
435 678 564 740 τοὺς
596 678 862 750 δαίμονας
904 682 1256 752 ἐπεισάγεις;
1304 687 1521 742 Μᾶλλον
1551 691 1610 744 δὲ
1665 693 1715 745 οί
1751 693 1852 764 μὲν

265 769 434 832 κύνες
495 768 752 836 λαὸόντες
822 774 920 828 καὶ
990 775 1066 847 μὴ
1123 778 1380 844 λαϐόντες
1437 783 1680 840 σαίνουσι
1725 787 1853 850 τούς

265 860 528 924 οἰκείους,
564 863 628 915 σύ
656 863 712 916 δὲ
746 865 866 918 οὐδὲ
901 865 1080 924 τοῦτο.
1120 869 1180 923 ’0
1208 871 1356 926 κύων
1399 874 1495 927 καὶ
1524 875 1601 946 μὴ
1636 876 1851 949 λαμϐά-

264 966 377 1002 νων
417 949 590 1004 σαίνει
625 953 716 1005 τὸν
740 955 1033 1028 δεσπότην,
1073 961 1138 1013 σὺ
1181 961 1239 1014 δὲ
1273 962 1367 1016 καὶ
1388 963 1570 1020 λαϐὼν
1597 967 1850 1033 ὐλακτεῖς

262 1042 390 1092 κατ’
424 1041 614 1098 αὐτοῦ.
650 1044 824 1099 Πάλιν
848 1049 877 1098 6
906 1047 1052 1103 κύων
1083 1052 1176 1105 καὶ
1203 1053 1664 1126 εὐεργετούμενος
1694 1060 1848 1132 παρά

262 1129 363 1182 τοῦ
391 1131 700 1204 ἀλλοτρίου,
739 1136 861 1190 οὐδὲ
902 1139 1046 1194 οὕτω
1076 1143 1335 1198 καταλύει
1380 1149 1483 1217 τὴν
1519 1150 1719 1221 ἔχθραν
1747 1129 1847 1224 την

261 1220 406 1291 πρὸς
439 1223 627 1290 αὐτὸν,
654 1226 774 1278 οὐδέ
805 1229 1110 1285 ἐπισπᾶται
1140 1234 1277 1305 πρὸς
1313 1236 1494 1304 φιλίαν
1519 1255 1532 1268 ·
1551 1220 1554 1221 ν
1573 1220 1641 1295 7σύ
1670 1242 1726 1295 δὲ
1756 1220 1848 1298 καὶ

261 1313 437 1382 μυρία
461 1315 688 1386 πάσχων
719 1320 864 1372 κακά
892 1323 1042 1393 παρὰ
1068 1325 1176 1376 τῶν
1207 1325 1500 1397 δαιμόνων,
1529 1332 1616 1384 ἐπ’
1650 1333 1846 1405 ἄριστα

257 1402 469 1466 αὐτοὺς
497 1406 740 1475 εἰσάγεις
767 1425 779 1438 ·
815 1410 955 1464 ὥστε
998 1414 1159 1485 διπλῇ
1202 1417 1298 1470 τοῦ
1334 1421 1495 1484 κυνὸς
1539 1421 1590 1476 εἷ
1623 1402 1842 1495 χείρων.

257 1494 464 1558 Καλῶς
491 1497 549 1550 δὲ
583 1499 931 1572 ἀνεμνήσθην
955 1503 1051 1557 νῦν
1081 1506 1187 1558 τῶν
1208 1509 1385 1561 κυνῶν
1416 1513 1551 1581 πρὸς
1575 1516 1698 1577 τοὺς
1713 1494 1844 1569 τότε

238 1586 429 1656 ,μόνον
450 1589 932 1662 εὐχαριστοῦντας,
953 1597 1080 1650 ὅταν
1106 1594 1164 1651 εὖ
1195 1602 1498 1671 πάσχωσιν.
1522 1605 1840 1676 Δίδέσθητε,

257 1680 592 1748 παρακαλῶ,
623 1686 750 1748 τοὺς
783 1686 974 1752 κύνας,
1015 1691 1065 1742 οἳ
1097 1693 1192 1745 καὶ
1215 1693 1575 1764 λιμώττοντες
1600 1701 1843 1755 σαίνουσι

251 1768 388 1832 τοὺς
427 1771 695 1837 δεσπότας
717 1792 731 1806 ·
753 1778 818 1830 σύ
841 1778 899 1832 δέ
928 1779 994 1833 ἀν
1027 1783 1292 1856 ἀκούσῃς,
1316 1788 1399 1840 ὄτι
1425 1790 1453 1841 6
1480 1788 1691 1860 δαίμων
1719 1794 1842 1848 τινὰ

254 1861 655 1933 ἐθεράπευσεν,
696 1869 865 1940 ἀφίης
897 1872 1099 1936 εὐθέως
1145 1876 1236 1929 τὸν
1269 1879 1568 1950 Δεσπότην,
1593 1876 1638 1935 ὦ
1664 1885 1842 1939 κυνῶν

253 1953 593 2028 ἀλογώτερε.
641 1961 782 2014 Ἀλλ’
827 1966 884 2018 αἰ
920 1966 1135 2037 πόρναι,
1175 1971 1361 2041 φησὶν,
1402 1973 1595 2044 ἡδονὴν
1628 1975 1842 2046 ἔχουσιν

251 2043 559 2115 ὁρώμεναι.
618 2049 785 2104 Ποίαν
829 2054 1059 2126 ἡδονήνς
1109 2059 1270 2111 ποίαν
1321 2060 1380 2113 δέ
1426 2043 1535 2116 οὐκ
1581 2043 1836 2135 ἀτιμίαν;

254 2135 522 2206 Πορνεῖον
555 2139 746 2208 γέγονέ
773 2158 865 2195 σου
893 2145 926 2215 ἠ
950 2147 1117 2213 οἰκία,
1149 2150 1315 2218 μανία
1346 2152 1440 2204 καὶ
1468 2150 1682 2225 οἶστρος
1700 2174 1715 2188 ο
1745 2159 1840 2212 καὶ

250 2226 357 2277 οὐκ
389 2227 621 2299 αἰσχύνῃ
661 2231 833 2284 ταῦτα
863 2235 1058 2308 ἡδονὴν
1089 2239 1306 2308 καλῶν;
1351 2244 1449 2297 Ἂν
1485 2246 1584 2315 μὲν
1614 2244 1708 2302 οὖν
1740 2251 1834 2322 ὲξῇ

249 2317 571 2386 χρήσασθαι
604 2323 752 2394 πάσῃ
795 2324 980 2397 ἡδονῇ,
1017 2330 1220 2399 μείζων
1254 2335 1288 2404 ἠ
1323 2337 1554 2409 αἰσχύνη
1587 2341 1681 2394 καὶ
1713 2344 1746 2412 ὴ
1773 2317 1839 2396 ἐκ

245 2410 464 2480 ταύτης
509 2412 690 2485 ἀηδία.
734 2416 858 2481 Πῶς
889 2419 1010 2486 δαί;
1045 2423 1118 2475 Οὐ
1148 2425 1385 2494 χαλεπὸν
1427 2428 1489 2482 τὸ
1532 2432 1632 2501 τὴν
1661 2410 1838 2489 οὶκίαν

248 2504 511 2572 πορνεῖον
569 2509 787 2573 ποιεῖν,
846 2510 941 2562 καὶ
987 2512 1210 2581 ἥδεσθαι
1265 2517 1516 2592 καθάπερ
1562 2523 1779 2595 χοίρους
1808 2538 1834 2567 α

245 2593 778 2667 ἐγκαλινδουμένους
807 2600 1089 2674 βορϐόρῳς
1127 2607 1226 2659 Ἂν
1248 2607 1304 2660 δὲ
1337 2610 1502 2681 μέχρι
1525 2615 1618 2666 τοῦ
1652 2593 1832 2686 φανῆ-

243 2696 341 2734 ναι
376 2683 564 2752 μόνον,
621 2686 729 2739 ἰδοὺ
768 2690 930 2743 πάλιν
976 2692 1136 2765 όδύνη
1179 2697 1423 2767 μείζων·
1474 2702 1506 2772 ἡ
1551 2683 1672 2775 γὰρ
1711 2683 1835 2774 mi;

239 2769 566 2865 aﬁx‘ﬂ6ov'h.
597 2774 727 2828 ὅταν
758 2777 790 2848 ἡ
824 2779 1020 2850 χρῆσις
1054 2782 1129 2853 μὴ
1158 2779 1214 2855 ᾖ,
1246 2785 1382 2840 ἀλλά
1421 2769 1515 2842 καί
1562 2769 1768 2860 μείζων

241 2855 524 2928 ἐπιθυμία
545 2900 561 2925 ,
598 2863 690 2916 καὶ
725 2867 1061 2940 σφοδροτέρα
1099 2871 1132 2942 ἡ
1178 2873 1328 2941 φλόξ.
1380 2875 1541 2931 ’Λλλά
1563 2855 1834 2946 *τὸτέλος

244 2946 436 3018 βούλει
480 2951 713 3021 μαθεῖν;
766 2957 830 3008 01
883 2957 983 3028 μὲν
1030 2964 1141 3024 τοῖς
1184 2966 1535 3036 μαινομένοις
1587 2969 1681 3024 καὶ
1719 2974 1832 3036 τοῖς

240 3040 609 3112 Μραπλῆξιν
639 3045 883 3101 ἐοίκασιν
903 3049 1010 3102 ἀπὸ
1029 3051 1129 3120 τῆς
1154 3055 1432 3128 τραπέζης
1457 3059 1830 3132 ἀνιστάμενοι,

243 3128 502 3201 θρασεῖς,
547 3133 777 3205 ὀργίλοι,
821 3143 1214 3209 καταγέλαστοι
1268 3150 1364 3200 καὶ
1396 3153 1508 3214 τοῖς
1561 3128 1832 3225 ιίὲινδραπόζ

239 3221 361 3286 δοις
384 3239 401 3254 °
432 3225 527 3277 καὶ
559 3227 608 3279 οἰ
634 3229 733 3298 μὲν
763 3233 973 3287 οἰκέται
998 3235 1342 3309 ἀναχωροῦσι
1373 3221 1829 3313 νήφοντεςξοῦτοι

239 3311 304 3365 δὲ
333 3313 653 3383 μεθύοντες.
699 3319 764 3371 Ὢ
799 3322 898 3390 τῆς
944 3324 1207 3396 αἰσχύνης
1239 3328 1250 3380 ἰ
1302 3311 1449 3383 Ἐκεῖ
1488 3333 1545 3386 δὲ
1588 3336 1830 3392 τοιοῦτον

239 3404 423 3469 οὐδὲν,
442 3407 557 3460 ἀλλ’
580 3409 903 3486 εὐχαριστίᾳ
921 3416 1020 3486 τὴν
1042 3418 1319 3488 τράπεζαν
1345 3425 1827 3492 κατακλείσαντες,

241 3493 425 3558 οὕτως
471 3499 848 3571 ἀναχωροῦσιν
891 3506 1094 3571 οἶκαδε,
1142 3510 1394 3581 ἡδόμενοι
1450 3515 1827 3584 καθεύδοντες,

240 3583 500 3655 ἡδόμενοι
520 3589 882 3663 ἐγειρόμενοι,
917 3597 1098 3669 πάσης
1128 3601 1386 3674 αἰσχύνης
1421 3605 1828 3680 ἀπηλλαγμένοι

243 3676 344 3728 καὶ
367 3680 724 3750 κατηγορίας.

314 3765 470 3839 1551]
511 3775 587 3834 ς’.
619 3771 683 3825 Εἰ
709 3772 893 3842 βούλει
931 3777 1027 3830 καὶ
1061 3778 1258 3845 αὐτοὺς
1299 3784 1426 3848 τοὺς
1461 3787 1829 3858 κεκλημένους

243 3856 402 3923 ἰδεῖν,
426 3860 546 3929 ὄψει
569 3862 790 3930 τούτους
822 3867 924 3938 μὲν
962 3871 1236 3936 τοιούτους
1263 3874 1452 3939 ὄντας·
1493 3878 1659 3946 ἔνδον,
1691 3882 1828 3954 ὅπερ

237 3941 393 4003 οὗτοι
413 3950 520 4016 ἔξω
539 3995 556 4019 ,
573 3956 829 4025 τυφλοὺς,
849 3961 1188 4035 ἀναπήρους,
1208 3967 1413 4036 χωλούς
1432 3985 1445 3998 '
1473 3973 1567 4024 καὶ
1587 3967 1674 4025 οἷα
1705 3941 1828 4026 1:06.-

238 4056 354 4093 των
382 4042 452 4095 τὰ
486 4043 737 4115 σώματα,
783 4051 1031 4107 τοιαῦται
1075 4056 1302 4109 ἐκείνοιν
1334 4059 1391 4112 αἰ
1420 4060 1613 4131 ψυχαὶ,
1656 4063 1829 4134 ὑδέρῳ

239 4135 341 4187 καὶ
370 4135 650 4212 φλεγμονῇ
680 4144 1066 4214 κατεχόμεναι.
1099 4148 1352 4201 Τοιοῦτον
1370 4149 1478 4222 γὰρ
1501 4155 1533 4223 ἡ
1559 4153 1788 4208 ἀπόνοια
1806 4173 1824 4189 ο

244 4229 388 4298 μετά
413 4232 524 4301 γὰρ
552 4233 652 4302 τὴν
677 4237 890 4308 τρυφὴν
918 4239 1169 4310 πήρωσις
1191 4241 1432 4309 γίνεται·
1455 4245 1696 4299 τοιοῦτον
1718 4249 1828 4321 γὰρ

241 4319 278 4387 ἡ
296 4319 590 4393 πλησμονὴ
610 4324 702 4376 καὶ
723 4326 756 4396 ἠ
787 4326 950 4398 μέθη,
973 4329 1180 4398 χωλοὺς
1203 4333 1297 4384 καὶ
1318 4332 1548 4398 κυλλούς
1574 4319 1826 4396 ποιοῦσα.

242 4407 360 4460 Kal
398 4408 518 4478 ὄψει
559 4413 654 4465 καὶ
697 4414 922 4479 τούτους
970 4417 1224 4483 τοιαύτας
1245 4421 1474 4494 ,ἔχοντας
1511 4426 1710 4497 ψυχὰς,
1739 4424 1827 4482 οἷα

239 4491 396 4553 οὗτοι
435 4501 505 4553 τά
531 4501 780 4572 σώματα,
812 4506 1096 4578 λαμπρὰς,
1135 4491 1689 4584 κεκοσμημένας.”οί
1719 4521 1828 4592 γάρ

241 4589 307 4642 ἐν
329 4590 656 4666 εὐχαριστίᾳ
677 4595 898 4661 ζῶντες,
925 4601 972 4652 οἱ
989 4601 1086 4672 τῆς
1111 4603 1443 4676 αὐταρκείας
1469 4609 1636 4678 μηδὲν
1663 4589 1826 4666 πλέον

241 4681 660 4752 ἐπιζητοῦντες,
689 4686 740 4739 οί
775 4688 1191 4761 φιλοσοφοῦντες
1217 4693 1388 4760 οὕτως
1415 4699 1554 4752 εἰσὶν
1587 4700 1644 4752 ἐν
1675 4702 1828 4776 πάσῃ

241 4773 591 4844 φαιδρότητι.
624 4777 852 4848 ’Ἱδωμεν
871 4779 927 4834 δὲ
952 4783 1045 4835 καὶ
1069 4784 1301 4840 ἐνταῦθα
1331 4788 1424 4842 καὶ
1445 4789 1561 4842 ἐκεῖ
1575 4792 1635 4845 τὸ
1649 4773 1825 4858 τέλος.

255 4865 410 4918 Ἐκεῖ
437 4866 540 4936 μὲν
568 4869 734 4942 ἡδονὴ
764 4873 1085 4940 ἀκόλαστος,
1113 4876 1283 4945 γέλως
1310 4883 1629 4953 κεχυμένος,
1662 4887 1823 4958 μέθη,

239 4955 605 5028 εὐτραπελία,
642 4963 995 5035 αἰσχρολογία
1019 4983 1033 4996 ·
1065 4970 1253 5042 ἐπειδὴ
1283 4971 1392 5043 γάρ
1423 4975 1574 5028 αὐτοὶ
1613 4955 1827 5031 αἰδοῦν-

239 5064 336 5100 ται
369 5050 573 5120 αἰσχρὰ
602 5051 957 5122 φθέγγεσθαι,
995 5057 1083 5111 διὰ
1112 5059 1218 5113 τῶν
1256 5062 1469 5134 πορνῶν
1500 5065 1658 5119 τοῦτο
1683 5066 1828 5134 γίνε-

238 5155 359 5232 ται.
401 5141 668 5198 Ἐνταῦθα
713 5146 771 5200 δέ
813 5149 1212 5224 φιλανθρωπία,
1254 5157 1551 5229 ἡμερότης.
1599 5160 1692 5232 Τῷ
1727 5161 1826 5231 μὲν

239 5225 339 5285 οὗν
383 5233 629 5298 ἐκείνους
683 5238 934 5294 καλοῦντι
984 5225 1306 5317 παρέστηκε
1353 5225 1627 5315 κενοδοξία
1662 5225 1827 5305 ⁷όιτλί-

241 5321 420 5388 ζουσα
445 5325 608 5382 αὐτόν
633 5344 649 5360 ⁸
678 5329 756 5402 τῷ
788 5332 846 5385 δέ
881 5336 1115 5391 ἐνταῦθα
1155 5339 1539 5413 φιλανθρωπία
1576 5343 1669 5396 καὶ
1698 5345 1828 5413 ἠμε-

243 5416 436 5486 ρότηςο
470 5417 722 5492 Ἐκείνην
754 5425 853 5494 μὲν
876 5426 985 5498 γὰρ
1012 5428 1108 5500 τὴν
1135 5431 1411 5502 τράπεζαν
1447 5433 1827 5505 φιλανθρωπία

244 5509 553 5580 συνίστησι,
586 5511 791 5584 ταύτην
818 5517 876 5570 δὲ
927 5521 1200 5588 κενοδοξία
1237 5524 1331 5577 καὶ
1372 5523 1594 5594 ὠμότης
1627 5525 1684 5592 ἐξ
1712 5528 1827 5580 ἀδι-

241 5601 373 5662 κίας
411 5602 510 5655 καὶ
560 5604 892 5673 πλεονεξίας.
954 5613 1197 5685 Κάκείνη
1248 5614 1348 5685 μὲν
1401 5616 1699 5689 καταλήγει
1749 5619 1828 5684 εἰς

307 5710 550 5788 ἱῐὶεεὶυξ
571 5715 644 5788 εἰς
662 5713 830 5788 habql,
853 5720 1313 5788 χρῇσασθαιςπάσςις
1350 5723 1540 5780 ἡδοναῖς
1626 5724 1826 5788 αἰσχύνη

242 5774 436 5849 μείζων,
460 5776 591 5849 κιίΙή
624 5777 679 5824 ἐκ
705 5774 1060 5840 ταύτηξάηδία.
1106 5774 1328 5849 Πορνεῐον
1372 5774 1458 5844 τήν
1483 5774 1635 5836 οἰκίαν
1679 5774 1828 5838 πῖιεῖν

241 5835 456 5897 καθάπερ
474 5838 682 5900 χοίρους.

1203 385 1272 441 IN
1312 388 1531 446 EPIST.
1573 390 1666 447 AD
1703 392 1993 455 COLOSS.
2033 398 2189 457 CAP.
2219 402 2261 458 1.
2305 402 2538 462 1105111..
2577 408 2620 464 1.

3415 420 3524 478 308

1963 514 2110 588 άπερ
2132 515 2306 581 εῐπον,
2340 521 2421 584 είς
2451 522 2735 588 ἀπόνοιαν,
2761 524 2843 589 είς
2875 524 3152 593 ἔκστασιν,
3182 526 3262 591 είς
3292 532 3523 598 μανίανο

1958 607 2180 678 τοιαύτη
2211 609 2320 678 γὰρ
2359 612 2391 680 ή
2433 612 2536 680 τῆς
2569 615 2868 680 κενοδοξίας
2904 617 3140 689 βλάστηο
3185 619 3324 691 αὐτη
3358 621 3414 675 δέ
3444 623 3528 686 εἰς

1957 696 2310 767 εὐχαριστίαν
2337 701 2609 766 καὶδόξαν
2634 705 2788 758 Θεοῦ.
2814 708 2923 761 Kal
2949 711 2978 761 6
3006 709 3224 774 ἔπαινος
3243 711 3299 765 δὲ
3323 715 3352 765 6
3375 714 3526 785 παρά

1956 787 2264 860 ἀνθρώπων
2295 792 2467 863 ταύτῃ
2499 794 2700 847 πλείων
2722 812 2736 824 '
2767 798 2959 869 ἐκείνῳ
2995 799 3092 869 μὲν
3139 801 3248 872 γὰρ
3289 804 3382 856 καὶ
3412 804 3521 873 βα-

1958 876 2256 944 σκαίνουσι,
2284 878 2473 932 τοῦτον
2497 880 2555 934 δέ
2584 881 2658 946 ὡς
2679 885 2852 937 κοινὸν
2881 886 3091 958 πατέρα
3118 890 3315 953 πάντες
3342 891 3523 961 έχουσι

1955 968 2051 1022 καὶ
2078 971 2126 1022 οί
2158 971 2232 1042 μὴ
2269 971 2535 1036 παθόντες
2565 969 2646 1028 εὖ.
2682 976 2791 1030 Kal
2820 978 3071 1050 καθάπερ
3088 982 3181 1034 ἐπὶ
3208 984 3317 1037 τῶν
3335 983 3523 1054 ⁴ἰιδικη-

1957 1058 2134 1128 μένων
2186 1061 2280 1113 καὶ
2319 1063 2371 1114 δι
2431 1064 2596 1133 μηδὲν
2649 1066 2964 1136 ἠδικημένοι
3017 1071 3373 1139 συναλγοῦσι,
3427 1075 3521 1127 καὶ

1951 1154 2108 1221 κοινῇ
2149 1153 2391 1220 γίνονται
2443 1156 2644 1219 πάντες
2694 1158 2916 1227 ἐχθροί·
2965 1160 3106 1213 οὕτω
3139 1165 3230 1215 καὶ
3273 1165 3366 1217 ἐπὶ
3411 1165 3522 1218 τῶν

1953 1243 2274 1313 πασχόντων
2323 1241 2382 1299 εὖ
2435 1247 2527 1299 καὶ
2556 1250 2604 1300 οἱ
2637 1249 2712 1318 μὴ
2759 1249 3022 1314 παθόντες
3072 1248 3154 1317 εὖ,
3199 1254 3448 1326 καθάπερ
3468 1256 3519 1308 οἱ

1951 1335 2234 1401 παθόντες,
2267 1337 2546 1392 ἐπαινοῦσι
2579 1341 2670 1394 καὶ
2686 1341 3023 1412 θαυμάζουσι
3050 1344 3140 1396 τὸν
3157 1348 3515 1416 πεποιηκότα.

1951 1426 2130 1479 Κάκεῖ
2169 1428 2267 1497 μέν
2298 1429 2466 1493 πολὺς
2492 1433 2521 1483 6
2548 1432 2760 1500 φθόνος,
2805 1434 3036 1508 ἐνταῦθα
3072 1436 3128 1487 δέ
3162 1437 3328 1505 πολλὴ
3355 1440 3389 1508 ἠ
3422 1457 3521 1510 κη-

1949 1517 2192 1586 δεμονία,
2231 1520 2423 1574 πολλαὶ
2468 1524 2619 1592 παρά
2644 1525 2880 1578 πάντων
2909 1526 3085 1596 εὐχαί.
3128 1529 3238 1581 Kal
3285 1529 3516 1584 ἐνταῦθα

1951 1609 2053 1690 μέν
2090 1611 2264 1664 ταῦτα
2292 1629 2307 1644 ο
2359 1613 2475 1666 ἐκεῖ
2503 1615 2580 1678 δὲ,
2611 1616 2739 1669 ὅταν
2777 1619 2805 1669 6
2853 1618 3088 1686 Χριστὸς
3121 1620 3516 1690 παραγένηται,

1948 1689 2102 1758 οὗτος
2137 1697 2235 1766 μὲν
2293 1701 2550 1770 στήσεται
2607 1705 2744 1772 μετά
2788 1705 2987 1775 πολλῆς
3033 1707 3132 1776 τῆς
3181 1689 3514 1780 παρρησίας,

1947 1787 2044 1840 καὶ
2067 1789 2356 1844 ἀκούσεται
2383 1793 2476 1846 ἐπὶ
2499 1796 2678 1865 πάσης
2707 1797 2806 1866 τῆς
2834 1798 3183 1868 οἰκουμένης,
3216 1801 3519 1856 Πεινῶντά

1941 1896 2019 1948 με
2047 1875 2224 1946 εἶδες,
2274 1882 2375 1936 καί
2403 1884 2698 1954 ἔθρεψας·
2735 1891 2986 1957 γυμνὸν,
3040 1890 3136 1943 καί
3179 1891 3474 1958 ἐνέδυσας
3498 1911 3514 1928 ο

1946 1968 2146 2035 ξένον,
2183 1973 2279 2026 καὶ
2307 1975 2669 2044 συνήγαγες,
2707 1977 2804 2030 καὶ
2837 1978 2953 2031 ὅσα
2983 1980 3225 2034 τοιαῦτα
3251 1996 3264 2010 °
3309 1983 3514 2046 ἐκεῖνος

1945 2063 2004 2116 δὲ
2032 2064 2100 2118 τά
2127 2067 2344 2121 ἐναντία
2363 2068 2678 2131 ἀκούσεται,
2711 2072 2940 2139 Πονηρὲ·
2957 2072 3140 2126 δοῦλε
3161 2075 3255 2127 καὶ
3276 2076 3514 2143 ὀκνηρέο

1946 2156 2039 2207 καὶ
2074 2155 2256 2222 πάλιν,
2311 2158 2457 2212 Οὐαί
2508 2161 2562 2212 οἱ
2607 2162 3192 2232 κατασπαταλῶντες
3239 2165 3338 2218 ἐπὶ
3385 2167 3516 2232 ταῖς

1945 2247 2282 2315 στρωμναῖς
2315 2247 2532 2314 αὐτῶν,
2561 2251 2656 2302 καί
2678 2253 2733 2304 οἱ
2753 2252 3145 2321 καθεύδοντες
3169 2256 3266 2307 ἐπὶ
3292 2257 3515 2310 κλινῶν

1943 2336 2373 2405 ἐλεφαντίνων,
2395 2341 2449 2392 οἱ
2471 2341 2753 2406 πίνοντες
2773 2343 2879 2395 τὸν
2906 2342 3299 2413 διυλισμένον
3321 2343 3512 2411 οἶνον,

1944 2432 2037 2482 καὶ
2078 2431 2146 2484 τά
2181 2431 2373 2501 πρῶτα
2411 2433 2558 2503 μύρα
2611 2434 2909 2504 χριόμενοι,
2966 2435 3042 2499 ὡς
3087 2437 3298 2490 ἐστῶτα
3335 2439 3512 2506 ἐλογί-

1947 2541 2129 2587 σαντο,
2172 2526 2266 2577 καὶ
2292 2524 2389 2594 οὐχ
2413 2526 2488 2588 ὡς
2515 2527 2803 2595 φεύγοντα.
2838 2528 3022 2582 Ταῦτα
3046 2531 3176 2599 ἡμῖν
3200 2530 3298 2600 οὐχ
3327 2530 3512 2595 ἁπλῶς

1943 2617 2181 2688 εἴρηται,
2211 2616 2326 2669 ἀλλ’
2375 2616 2517 2669 ὥστε
2546 2609 2879 2688 ’μεταθεῖναι
2929 2619 3084 2688 ὐμῶν
3131 2621 3229 2690 τὴν
3263 2620 3508 2691 γνώμην,

1941 2710 2034 2762 καὶ
2089 2708 2256 2779 μηδὲν
2285 2709 2428 2778 ὑμᾶς
2459 2709 2688 2780 ἀκερδὲς
2717 2713 2911 2763 ποιεῖν.
2958 2709 3022 2763 Τί
3060 2707 3174 2775 οὖν,
3219 2713 3375 2781 φησί,
3409 2714 3510 2766 κᾶν

1939 2800 2113 2853 ταῦτα
2139 2802 2366 2853 κάκεῖνα
2388 2800 2527 2854 ποιῶ
2546 2819 2560 2868 ;
2584 2801 2758 2865 Πολὺς
2782 2797 2936 2862 οὗτος
2959 2803 2986 2855 6
3007 2802 3162 2870 λόγος
3181 2803 3331 2873 παρὰ
3352 2805 3506 2858 πᾶσι.

1941 2890 2054 2943 Kal
2087 2888 2217 2942 ποία
2247 2890 2484 2958 ἀνάγκη,
2521 2889 2640 2942 εἰπέ
2694 2907 2804 2959 μοι,
2837 2888 2956 2954 ἐξὸν
3007 2889 3183 2942 πάντα
3225 2889 3509 2960 χρησίμως

1940 2980 2136 3041 ποιεῖν,
2164 2978 2414 3048 διαιρεῖν,
2435 2979 2529 3030 καὶ
2562 2979 2628 3030 τά
2660 2977 2760 3047 μὲν
2804 2979 2880 3048 μὴ
2915 2978 3076 3048 μόνον
3099 2981 3177 3041 εἰς
3197 2979 3347 3032 οὐδὲν
3365 2979 3505 3043 δέον,

1937 3068 2074 3122 ἀλλά
2120 3068 2216 3121 καὶ⁵
2265 3068 2390 3137 εἰκῆ
2418 3067 2752 3133 ἀναλίσκειν,
2804 3069 2875 3121 τὰ
2926 3069 2983 3122 δέ
3017 3069 3335 3142 χρησίμως;
3371 3070 3506 3122 Εἰπέ

1943 3177 2055 3229 μοι,
2087 3162 2134 3213 εἰ
2169 3159 2406 3230 σπείρων
2433 3160 2503 3212 τὰ
2543 3159 2640 3230 μὲν
2665 3162 2742 3223 εἰς
2788 3158 2937 3232 [552]
2972 3162 3176 3232 πέτραν
3226 3161 3506 3232 ἓρριπτες,

1937 3251 2007 3303 τὰ
2038 3251 2094 3304 δὲ
2117 3252 2196 3314 εἰς
2223 3252 2325 3321 γῆν
2355 3250 2606 3322 ἀρίστην,
2635 3247 2745 3322 ἆρα
2774 3251 2838 3304 ἀν
2872 3253 3160 3334 ἀπέχρησέ
3195 3269 3277 3304 σοι
3323 3251 3504 3315 τοῦτο,

1937 3346 2033 3398 καὶ
2058 3339 2214 3407 εἶπες
2247 3344 2312 3398 ἀν
2335 3360 2346 3373 ·
2382 3344 2447 3396 Τί
2489 3343 2599 3414 γὰρ
2632 3345 2879 3413 βλάπτει,
2921 3344 2988 3398 ἂν
3035 3344 3104 3397 τὰ
3139 3343 3239 3414 μὲν
3271 3345 3415 3414 εἰκῆ,
3439 3344 3510 3397 τά

1935 3436 1993 3489 δέ
2019 3436 2099 3500 εἰς
2129 3435 2361 3506 ἀρίστην
2395 3435 2498 3502 γῆν
2539 3434 2824 3505 ρίψωμενς
2856 3435 2954 3487 Διά
2994 3433 3047 3487 τί
3080 3435 3187 3503 γὰρ
3220 3435 3296 3504 μὴ
3331 3435 3510 3488 πάντα

1935 3528 2016 3590 εἰς
2056 3527 2320 3597 ἀρίστην;
2363 3526 2452 3579 διὰ
2492 3527 2546 3578 τί
2580 3525 2640 3578 τὸ
2691 3525 2878 3595 κέρδος
2924 3525 3202 3591 ἐλαττοῖς;
3254 3525 3374 3578 Κᾶν
3411 3525 3511 3592 μὲν

1938 3618 2194 3684 συνάγειν
2222 3617 2331 3669 δέοι
2364 3617 2646 3687 χρήματα,
2683 3616 2782 3667 οὐκ
2815 3618 2960 3685 ἐρεῖς
2992 3615 3168 3679 τοῦτο,
3205 3614 3340 3667 ἀλλά
3369 3617 3509 3668 πάν-

1933 3706 2093 3760 τοθεν
2121 3707 2397 3775 συνάγεις,
2434 3708 2551 3758 ἐκεῖ
2593 3705 2650 3758 δέ
2689 3707 2906 3759 οὐκέτι·
2939 3704 3040 3757 κᾶν
3084 3704 3348 3767 δανείζειν
3375 3704 3506 3766 δέοι,

1933 3799 2035 3852 οὐκ
2074 3800 2220 3870 ιρεῖο
2268 3775 2367 3850 Διά
2402 3797 2454 3850 τι
2501 3797 2569 3849 τὰ
2616 3797 2714 3867 μέν
2753 3800 2865 3860 τοῖς
2913 3797 3158 3868 ἀπόροις,
3189 3797 3258 3851 τὰ
3306 3797 3363 3849 δε
3393 3797 3508 3858 τοῖς

1936 3891 2194 3961 εὐπόροις
2239 3890 2504 3960 δώσομεν,
2557 3890 2693 3944 ἀλλά
2745 3890 2925 3943 πάντα
2970 3890 3199 3952 ἐκείνοις
3225 3907 3238 3920 ·
3273 3887 3507 3941 ἐνταῦθα

1935 3982 2013 4048 δὲ,
2063 3982 2194 4036 ἔνθα
2231 3981 2485 4035 τοσοῦτον
2533 3982 2744 4052 κέρδος,
2782 3982 2871 4036 διὰ
2904 3983 2956 4035 τί
2994 3983 3055 4036 οὐ
3111 3982 3299 4052 λογίζῃ
3328 3980 3508 4046 τοῦτο,

1935 4073 2031 4128 καὶ
2060 4073 2243 4145 παύση
2263 4073 2396 4127 ποτὲ
2425 4072 2518 4126 τοῦ
2547 4074 2666 4144 εἰκῇ
2699 4072 3040 4127 δαπανᾶσθαι
3059 4074 3152 4126 καὶ
3177 4069 3351 4143 μάτην
3379 4072 3512 4125 ἀνα-

1932 4167 2184 4235 λίσκειν;
2220 4165 2359 4218 Ἀλλ’
2406 4165 2519 4235 ἔχει
2554 4165 2650 4219 καὶ
2702 4167 2859 4218 τοῦτο
2890 4166 3098 4235 κέρδος.
3141 4166 3292 4235 φησί.
3324 4166 3507 4227 Ποῖον,

1935 4260 2056 4314 εἰπέ
2089 4278 2210 4332 μοι,
2237 4260 2347 4321 Τὰς
2372 4257 2554 4328 φιλίας
2581 4256 2757 4323 αὔξει.
2784 4257 2948 4309 Οὐδὲν
2977 4255 3278 4325 ἀνθρώπων
3304 4255 3507 4324 ψυχρό-

1933 4374 2092 4430 τερον
2123 4355 2231 4409 ἀπὸ
2253 4353 2458 4407 τούτων
2491 4350 2659 4420 φίλων
2689 4349 3006 4418 γινομένων,
3038 4347 3145 4400 ἀπὸ
3172 4346 3272 4413 τῆς
3299 4346 3506 4414 τραπέ-

1935 4451 2036 4519 ζης
2081 4448 2176 4502 καὶ
2224 4445 2544 4516 πλησμονῆς
2586 4442 2696 4494 τῶν
2735 4439 3090 4512 παρασίτωνο
3130 4437 3281 4490 οὐδὲν
3325 4435 3508 4506 φιλίας

1933 4540 2260 4612 ἀηδέστερον
2306 4535 2554 4590 ἐντεῦθεν
2589 4535 2688 4605 τὴν
2740 4531 2912 4604 ἀρχὴν
2955 4528 3361 4602 λαμϐανούσης.
3411 4528 3506 4598 Μὴ

1936 4631 2166 4705 ὑϐρίσῃς
2215 4631 2447 4702 πρᾶγμα
2493 4627 2640 4682 οὕτω
2703 4625 3049 4695 θαυμαστὸν,
3105 4623 3202 4692 τὴν
3260 4622 3503 4690 ἀγάπην,

1938 4723 2074 4795 μηδὲ
2117 4721 2320 4793 ταύτην
2378 4719 2548 4789 αὐτῆς
2593 4712 2731 4771 εἶναι
2764 4715 2918 4787 ῥίζαν
2963 4713 3089 4785 φῄς.
3127 4710 3425 4780 Ὠσπερᾶν
3458 4711 3506 4762 εῑ

1933 4831 2016 4876 τις
2044 4811 2262 4884 δένδρου
2287 4809 2488 4882 χρυσὸν
2518 4808 2614 4862 καὶ
2641 4806 2823 4869 λίθους
2864 4805 3078 4876 τιμίους
3122 4803 3380 4873 φέροντος
3407 4803 3506 4872 τὴν

1937 4903 2092 4976 ῥίζαν
2120 4903 2239 4972 οὐχί
2259 4899 2514 4971 τοιαύτην
2538 4899 2721 4968 ἔλεγεν
2746 4894 2904 4961 εἶναι,
2928 4897 3042 4950 ἀλλ’
3071 4896 3179 4949 ἀπὸ
3211 4895 3506 4966 σηπεδόνος

1932 4994 2258 5058 τίκτεσθαι·
2309 4993 2468 5045 τοῦτο
2518 4991 2612 5044 καὶ
2661 4991 2724 5042 σὺ
2772 4991 2944 5051 ποιεῖς
2973 5005 2986 5018 ·
3030 4987 3132 5040 κᾶν
3180 4985 3290 5056 γὰρ
3341 4984 3504 5055 τεχθῇ

1935 5085 2087 5154 φιλία
2117 5082 2386 5149 ἐντεῦθεν,
2426 5082 2576 5135 οὐδὲν
2617 5079 2788 5149 αὐτῆς
2828 5077 3161 5149 ψυχρότερον
3192 5076 3384 5144 γένοιτ’
3417 5075 3503 5127 ἄν.

1947 5175 2089 5232 Ἀλλ’
2117 5176 2323 5228 ἐκεῖναι
2350 5175 2406 5226 αἱ
2424 5171 2692 5244 τράπεζαι
2718 5170 2900 5241 φιλίαν
2927 5170 3192 5232 ποιοῦσιν,
3220 5166 3342 5236 οὐχὶ
3371 5163 3506 5235 πρὸς

1936 5267 2279 5337 ἀνθρώπους,
2311 5266 2449 5322 ἀλλὰ
2481 5266 2618 5338 πρὸς
2648 5264 2739 5319 τὸν
2772 5263 2926 5329 Θεὸν,
2961 5263 3054 5316 καὶ
3081 5260 3501 5329 ἐπιτεταμένην,

1933 5367 2064 5420 ὅταν
2116 5365 2506 5435 ἐπιτεταμέναι
2541 5364 2823 5433 γίνωνται.
2887 5363 2945 5414 ὐ
2995 5363 3099 5431 μὲν
3149 5359 3258 5429 γὰρ
3286 5359 3354 5412 τὰ
3403 5355 3504 5426 μὲν

1935 5455 2193 5521 ἐνταῦθα,
2233 5456 2304 5510 τά
2345 5456 2404 5510 δὲ
2437 5457 2554 5509 ἐκεῖ
2583 5455 3016 5518 καταναλίσκων,
3056 5453 3162 5506 κᾶν
3209 5449 3377 5504 πολλὰ
3405 5447 3504 5518 δῷ,

1936 5552 2087 5604 οὐδὲν
2123 5549 2267 5620 μέγα
2305 5548 2640 5620 πεποίηκεν
2673 5547 2702 5598 ὁ
2731 5546 2787 5600 δὲ
2833 5547 3010 5598 πάντα
3049 5542 3277 5598 ἐνταῦθα
3319 5540 3505 5594 ἀναλί-

1935 5658 2104 5705 σκων,
2133 5640 2237 5694 κᾶν
2270 5639 2425 5708 ὀλίγα
2453 5639 2699 5700 δεδωκὼς
2724 5635 2779 5709 ᾗ,
2826 5637 2886 5690 τὸ
2929 5638 3037 5690 πᾶν
3085 5634 3396 5705 εἰργάσατο.
3431 5631 3505 5683 Τὸ

1935 5733 2045 5803 γὰρ
2078 5730 2407 5802 ζητούμενον
2463 5731 2582 5800 οὐχὶ
2619 5729 2790 5783 πολλά
2831 5727 3032 5789 δοῦναι,
3078 5727 3110 5796 ἢ
3159 5725 3334 5793 όλίτα,
3367 5723 3505 5782 ἀλλά

1936 5827 2034 5898 τῆς
2057 5823 2264 5886 οἰκείας
2297 5822 2574 5894 δυνάμεως
2618 5822 2692 5894 μὴ
2733 5821 2968 5874 ἔλαττον.
3005 5816 3300 5888 Ἐννοῶμεν
3321 5817 3412 5870 τὸν
3439 5814 3508 5868 τά
