4032 6526
523 378 640 438 8ου

529 498 695 550 πέντε
726 494 985 560 τάλαντα,
1026 492 1121 547 καὶ
1147 492 1243 547 τὸν
1268 493 1341 547 τὰ
1378 493 1476 551 δύο
1500 508 1516 526 ·
1550 492 1820 563 ἐννοῶμεν
1845 492 1947 563 τὴν
1980 492 2107 553 τοὺς

526 586 624 642 δύο
654 586 874 648 ὀϐολοὺς
896 584 1313 638 καταϐαλοῦσαν
1335 601 1350 617 ·
1379 584 1650 655 ἐννοῶμεν
1681 584 1780 655 τὴν
1809 584 1984 655 χὴραν
2006 582 2106 652 τὴν

524 679 623 733 ἐπὶ
659 676 753 730 τοῦ
798 675 970 729 Ἠλία.
1001 676 1116 730 Οὐκ
1148 672 1301 729 εἶπεν
1333 677 1518 746 ἐκείνη
1545 678 1580 747 ὴ
1615 677 1737 737 τοὺς
1765 676 1858 729 δύο
1885 674 2107 737 ὀϐολοὺς

530 767 934 823 καταϐαλοῦσα·
970 767 1035 819 Τί
1062 767 1171 837 7&9
1192 767 1442 835 βλάπτει,
1460 767 1527 821 ἂν
1557 767 1650 822 τὸν
1680 768 1778 838 μέν
1803 767 1899 820 ἕνα
1919 765 2105 820 ὀϐολὸν

528 860 741 927 ἐμαυτῇ
787 856 1065 927 κατάσχω,
1111 857 1203 910 τὸν
1248 856 1307 910 δέ
1353 857 1449 910 ἕνα
1492 856 1601 924 δὼς
1636 858 1750 911 ἀλλ’
1776 856 1897 911 ὅλον
1932 856 2104 911 ἔδωκε

525 946 620 1000 τὸν
654 946 790 1016 βίον.
811 946 890 1000 Σὺ
911 946 969 1000 δέ
992 948 1051 999 ἐν
1082 947 1321 1019 τοσαύτῃ
1348 946 1581 1018 ἀφθονίᾳ
1608 947 1707 1011 ῶν,
1739 948 1957 1019 ἐκείνης
1985 964 2106 1017 φει-

518 1036 825 1107 ’δωλότερος
841 1032 913 1092 εἴ.
938 1038 1031 1107 Μὴ
1054 1037 1231 1090 τοίνυν
1253 1037 1547 1108 ἀμελῶμεν
1568 1039 1669 1109 τῆς
1688 1038 1898 1093 ἐαυτῶν
1929 1056 2105 1110 σωτη-

522 1126 677 1198 ρίας,
729 1127 845 1181 ἀλλ’
894 1127 1214 1199 ἐπιθώμεθα
1253 1131 1320 1200 τῇ
1357 1128 1717 1201 ἐλεημοσύνη.
1774 1130 1943 1184 Οὐδὲν
1992 1130 2103 1201 7&9

1250 380 1311 436 s.
1349 377 1641 437 JOANNIS
1677 376 2172 435 cmwsosmm
2209 377 2532 435 ABCHIEP.
2572 366 3117 436 consumunmt

3665 380 3779 436 310

2211 490 2417 561 ταύτης
2445 490 2685 561 βέλτιον·
2729 491 2825 545 καὶ
2870 490 3031 557 δείξει
3060 491 3090 543 ὁ
3134 490 3344 561 μέλλων
3382 490 3606 559 χρόνος·
3653 492 3797 550 τέως

2206 580 2267 634 δὲ
2297 582 2390 634 καὶ
2419 582 2449 634 ό
2486 580 2680 653 παρὼν
2714 580 2936 646 ἔδειξεν.
2982 581 3075 643 Εἰς
3106 578 3265 645 δόξαν
3305 578 3489 632 τοίνυν
3520 579 3614 632 τοῦ
3650 579 3793 631 θεοῦ

2210 672 2491 744 ζήσωμεν,
2540 673 2638 727 καὶ
2678 673 2748 728 τά
2793 672 2941 743 αὐτῷ
2990 671 3250 725 δοκοῦντα
3300 671 3665 741 πράττωμεν,
3705 670 3798 723 ἶνα

2208 763 2640 834 καταξιωθῶμεν
2675 764 2787 817 τῶν
2819 761 3247 832 ἐπηγγελμένων
3284 759 3537 828 ἀγαθῶν·
3576 752 3657 811 ὧν
3692 759 3793 826 7i-

2207 873 2354 909 νοιτο
2385 855 2593 919 πάντας
2623 855 2771 926 ἡμᾶς
2795 856 3094 923 ἐπιτυχεῖν,
3136 853 3321 923 χάριτι
3351 851 3446 904 καὶ
3484 850 3793 921 φιλανθρω-

2207 946 2309 1018 πίᾳ
2337 946 2431 1001 τοῦ
2466 946 2672 1018 Κυρίου
2706 946 2863 1017 ὴμῶν
2900 944 3074 1014 Ἰησοῦ
3104 942 3364 1015 Χριστοῦ,
3393 934 3438 1009 ᾧ
3462 942 3497 1010 ὴ
3534 941 3665 1006 δόξα
3690 941 3793 994 καὶ⁵

2206 1039 2269 1092 τὸ
2306 1038 2529 1109 κράτος,
2563 1037 2717 1110 τιμὴ,
2749 1036 2845 1091 νῦν
2887 1037 2984 1093 καὶ
3010 1036 3120 1103 ἀεὶ,
3157 1035 3252 1089 καὶ
3285 1036 3364 1098 είς
3405 1034 3534 1097 τοὺς
3578 1032 3790 1095 αἰῶνας

2211 1129 2320 1185 τῶν
2358 1130 2596 1186 αίώνων.
2639 1129 2837 1200 Ἀμήν.

2018 1396 2262 1452 ΟΜΊΔΙᾹ
2300 1394 2377 1454 B'.

524 1508 684 1583 1533]
712 1507 1144 1603 Azd'tiﬁtolxall‘
1166 1510 1336 1603 ἡμεῖς
1361 1512 1462 1603 ἀφ’
1482 1507 1562 1592 ᾗς
1589 1512 1813 1603 ῆμέρας
1832 1513 2101 1603 ἠκούσα-

595 1580 713 1651 μεν
730 1622 745 1643 .
777 1583 848 1635 οὺ
876 1582 1183 1649 παυόμεθα
1209 1580 1362 1651 ὑπὲρ
1388 1580 1557 1652 ὑμῶν
1591 1580 2063 1652 προσευχόμενοι
2080 1624 2098 1649 ,

596 1650 703 1723 «καί
733 1653 1069 1723 αἰτούμενοι
1102 1652 1203 1705 ἵνα
1240 1652 1593 1723 πληρωθῆτε
1631 1651 1744 1721 τὴν
1778 1653 2106 1723 ἐπίγνωσιν

601 1720 707 1773 τοῦ
734 1718 1277 1791 θελήματοςᾲαύτοῦ
1299 1718 1375 1774 ἐν
1393 1718 1563 1791 πόσῃ
1587 1718 1773 1791 σοφίᾳ
1794 1718 1900 1776 καί
1919 1722 2101 1777 συνέ-

593 1804 699 1843 σει
734 1788 1107 1859 πνευματικῇ
1127 1807 1140 1821 ·
1175 1788 1576 1859 περιπατῆσαι
1608 1788 1763 1860 ὑμᾶς
1792 1792 1973 1859 ἀξίως
1997 1791 2103 1846 τοῦ

600 1860 821 1932 Κυρίου
862 1860 945 1927 εὶς
985 1860 1191 1932 πᾶσαν
1228 1860 1579 1932 ἀρέσκειαν,
1606 1862 1694 1932 γὲν
1733 1863 1911 1916 παντὶ
1951 1862 2106 1932 ἔργῳ

600 1928 808 2002 ιὶγθαθῷΔ
824 1928 1363 2002 καρποφοροῦντες,
1387 1930 1487 1985 καὶ
1510 1931 1907 2002 αὐξανόμενοι
1932 1928 2002 1987 ἐν
2028 1928 2104 2002 τῇ

598 1998 916 2068 ἐπιγνώσει
947 1999 1053 2055 τοῦ
1084 2000 1252 2055 Θεοῦ.

600 2101 673 2162 α’.
695 2104 797 2159 Διὰ
818 2104 1014 2169 τοῦτο,
1034 2108 1214 2173 ποῖον;
1246 2105 1464 2179 Ἐπειδὴ
1481 2106 1789 2179 ἠκούσαμεν
1805 2107 1903 2180 τὴν
1922 2107 2103 2162 πίστιν

532 2191 683 2262 ὑμῶν
709 2191 803 2245 καὶ
825 2191 923 2262 τὴν
954 2192 1175 2264 ἀγάπην
1193 2208 1208 2224 ·
1236 2193 1422 2264 ἐπειδὴ
1454 2195 1694 2266 χρηστάς
1730 2194 1925 2266 ἔχομεν
1950 2194 2102 2247 ἐλπί-

521 2277 643 2343 δας,
674 2277 950 2343 εὐέλπιδές
977 2280 1142 2351 ἐσμεν
1170 2280 1267 2334 καὶ
1292 2279 1419 2352 περὶ
1446 2280 1554 2333 τῶν
1578 2281 1880 2352 μελλόντων
1909 2283 2100 2338 αἰτεῖν.

526 2367 795 2439 Καθάπερ
854 2369 963 2441 7&9
1001 2370 1058 2423 ἐν
1089 2371 1201 2435 τοῖς
1230 2369 1438 2440 ἀγῶσιν
1480 2370 1721 2434 ἐκείνους
1758 2370 1992 2442 μάλιστα
2024 2371 2104 2425 δι-

530 2455 822 2525 εγείρομεν
848 2457 977 2520 τοὺς
999 2456 1166 2527 ἐγγύς
1189 2457 1349 2522 ὄντας
1376 2458 1475 2525 τῆς
1500 2457 1677 2527 νίκης·
1709 2458 1851 2511 οὕτω
1868 2457 1931 2530 δὴ
1958 2459 2051 2510 καὶ
2075 2459 2104 2511 ό

528 2542 740 2605 Παῦλος
777 2542 1002 2608 τούτους
1052 2544 1290 2615 μάλιστα
1331 2545 1642 2615 παρακαλεῖ
1668 2546 1796 2608 τοὺς
1836 2545 1898 2598 τὸ
1941 2545 2102 2600 πλέον

526 2630 977 2703 κατωρθωκότας.
1017 2632 1143 2701 Ἀφ’
1165 2627 1232 2703 ῆι,
1266 2632 1490 2701 ἡμέρας
1513 2634 1884 2702 ἠκούσαμεν,
1912 2633 2098 2704 φησὶν,

526 2718 601 2773 οὐ
626 2720 931 2789 παυόμεθα
964 2719 1115 2787 ὑπὲρ
1144 2718 1313 2789 ὑμῶν
1338 2722 1832 2790 προσευχόμενοι.
1863 2722 1939 2774 Οὐ
1972 2721 2100 2792 μίαν

524 2807 740 2879 ἡμέραν
769 2807 1204 2879 ὑπερευχόμεθα,
1234 2808 1355 2862 οὐδὲ
1378 2808 1491 2873 δύο,
1527 2810 1586 2862 οὐ
1615 2813 1783 2880 τρεῖς.
1831 2809 2100 2865 Ἐνταῦθα

525 2894 624 2947 καὶ
648 2896 747 2965 τὴν
767 2894 989 2965 ἀγάπην
1015 2895 1276 2961 δείκνυσι,
1309 2897 1404 2949 καὶ
1432 2896 1617 2967 ὴρέμα
1645 2897 1843 2960 αὐτοὺς
1869 2896 2093 2951 αἰνίττε-

525 2997 616 3034 ται
653 2981 727 3045 ώς
759 2981 970 3035 οὐδέπω
1015 2980 1153 3052 πρὸς
1189 2981 1251 3034 τὸ
1293 2980 1443 3045 τέλος
1480 2982 1820 3050 ἐφθακότας·
1858 2983 1919 3035 τὸ
1956 2982 2095 3054 7&9,

527 3067 662 3122 Ἵνα
692 3066 1073 3135 πληρωθῆτε,
1103 3064 1261 3121 τοῦτο
1286 3067 1576 3138 δηλοῦντος
1602 3065 1688 3139 ἦν.
1722 3069 1832 3122 Καὶ
1869 3070 1970 3141 ὅρα
2009 3087 2098 3140 μοι

525 3153 627 3223 τὴν
652 3151 867 3206 σύνεσιν
893 3151 989 3205 τοῦ
1020 3154 1290 3224 μακαρίου
1323 3154 1515 3208 τούτου
1536 3171 1550 3187 ·
1577 3154 1817 3227 οὐδαμοῦ
1842 3156 1937 3209 τοῦ
1964 3174 2099 3210 παν-

525 3240 619 3304 τὸς
632 3241 827 3304 αὐτοὺς
841 3240 1245 3313 ἀπεστερῆσθαί
1269 3260 1453 3313 φησιν,
1477 3242 1613 3298 άλλά
1631 3242 1835 3298 λείπειν
1860 3245 2053 3308 αὐτοὺς
2069 3241 2096 3281 ἀ

526 3329 803 3400 πανταχοῦ
822 3346 837 3361 ·
877 3329 940 3383 τὸ
970 3330 1098 3400 γάρ,
1134 3330 1266 3387 Ἵνα
1296 3330 1680 3401 πληρωθῆτε,
1731 3332 1890 3386 τοῦτο
1924 3332 2095 3403 δηλοῖ.

527 3416 638 3471 Καὶ
665 3416 849 3485 πάλιν,
875 3419 977 3484 Εἰς
1016 3416 1225 3473 πᾶσαν
1258 3417 1599 3487 ἀρέσκειαν,
1626 3419 1697 3472 ὲν
1730 3419 1909 3473 παντὶ
1946 3420 2100 3490 ἔργῳ

524 3502 760 3573 ἀγαθῷ·
802 3503 899 3557 καὶ
938 3503 1132 3569 πάλιν,
1189 3504 1292 3559 Ἐν
1324 3504 1493 3573 πάσῃ
1525 3505 1775 3575 δυνάμει
1802 3506 2100 3577 δυναμού-

519 3608 692 3661 μενοι
713 3608 728 3624 ·
760 3591 852 3644 καὶ
882 3591 1063 3655 πάλιν,
1100 3592 1202 3656 Είς
1244 3589 1450 3645 πᾶσαν
1487 3592 1805 3662 ὑπομονὴν
1847 3593 1945 3647 καὶ
1981 3612 2095 3665 μα-

522 3678 871 3747 κροθυμίαν.
904 3677 979 3730 Τὸ
1005 3677 1133 3748 γὰρ,
1161 3676 1374 3732 Πᾶσαν
1392 3716 1407 3741 ,
1433 3678 1834 3751 μαρτυροῦντός
1862 3681 1979 3735 ἐστι
2003 3681 2097 3735 καί

522 3781 579 3817 τι
614 3767 727 3827 τοῖς
768 3763 1151 3834 κατορθοῦσιν,
1192 3764 1241 3817 εί
1289 3764 1385 3818 καὶ
1420 3764 1495 3836 μὴ
1537 3765 1599 3818 τὺ
1642 3766 1772 3821 πᾶν.
1823 3766 1932 3820 Καὶ
1964 3768 2099 3823 Ἵνα

525 3851 916 3919 πληρωθῆτε,
956 3851 1150 3920 φησὶν,
1190 3852 1289 3921 οὐχ
1322 3852 1409 3906 ἵνα
1441 3852 1644 3923 λάϐητε
1666 3870 1679 3884 ο
1722 3854 1913 3909 ἔλαϐον
1948 3855 2057 3927 γάρ
2079 3871 2094 3887 ·

524 3936 661 3990 ἀλλὰ
692 3936 755 3990 τὸ
790 3936 975 3991 λεῖπον
1009 3938 1098 3991 ἶνα
1125 3937 1473 4008 πληρωθῆτε.
1504 3940 1660 3994 Οῦτω
1694 3942 1790 3996 καὶ
1820 3944 1848 3995 ό
1880 3942 2098 4014 ἐλεγχος

525 4022 837 4094 ἀνεπαχθὴς
877 4024 1116 4091 ἐγένετο,
1153 4024 1249 4078 καὶ
1281 4024 1343 4077 τὸ
1378 4025 1653 4096 ἐγκώμιον
1676 4030 1775 4083 οὐκ
1807 4031 1958 4101 ὴφίει
1998 4031 2097 4085 αὐ-

524 4112 651 4175 τοὺς
679 4114 1011 4167 καταπεσεῖν
1037 4113 1134 4166 καὶ
1157 4112 1408 4181 γενέσθαι
1438 4114 1662 4179 ὑπτίους
1686 4117 1970 4190 ὁλοσχερὲς
2002 4137 2097 4189 γε-

523 4198 770 4271 νόμενον.
803 4201 868 4254 Τί
893 4201 950 4255 δέ
979 4202 1147 4265 ἐστὶν,
1180 4203 1315 4257 Ἵνα
1335 4204 1685 4273 πληρωθῆτε
1714 4207 1829 4275 τὴν
1850 4209 2099 4277 ἐπίγνω-

523 4301 631 4343 σιν
657 4288 764 4343 τοῦ
791 4288 1124 4358 θελήματος
1154 4291 1339 4345 αὐτοῦ
1360 4307 1380 4355 ;
1407 4292 1663 4346 Τουτέστι
1682 4333 1698 4358 ,
1730 4294 1818 4347 διά
1846 4294 1940 4348 τοῦ
1970 4295 2096 4350 Υἱοῦ

522 4375 896 4446 προσάγεσθαι
941 4377 1085 4447 ὑμᾶς
1129 4377 1276 4448 αὐτῷ
1313 4376 1452 4449 χρὴ,
1494 4378 1676 4433 οὐκέτι
1714 4381 1781 4434 δι’
1826 4382 2094 4451 ἀγγέλων.

527 4463 647 4516 Ὀτι
680 4464 779 4535 μὲν
803 4460 990 4518 οὖνδεῖ
1010 4465 1400 4536 προσάγεσθαι,
1427 4465 1627 4535 ἔγνωτε
1648 4483 1661 4497 ⁸
1685 4468 1862 4523 λείπει
1883 4470 1939 4524 δὲ
1968 4471 2098 4542 ὑμῖν

524 4551 606 4603 ἔτι
637 4550 793 4604 τοῦτο
837 4552 1029 4623 μαθεῖν
1058 4555 1154 4607 καὶ
1203 4553 1293 4607 διά
1330 4554 1384 4607 τί
1416 4554 1508 4608 τὸν
1548 4554 1675 4609 Υίδν
1718 4556 1981 4629 ἐπεμψεν.
2033 4559 2096 4612 Εἰ

523 4636 633 4707 7&9
668 4636 736 4690 δι’
786 4637 1033 4707 ἀγγέλων
1080 4640 1186 4692 ἔδει
1241 4640 1545 4705 σώζεσθαι,
1580 4643 1681 4695 οὐκ
1710 4644 1777 4698 ἂν
1822 4644 1915 4698 τὸν
1969 4646 2096 4699 Υίὸν

524 4722 787 4793 ἐπεμψεν,
817 4725 917 4778 οὐκ
947 4725 1015 4780 ἂν
1041 4725 1324 4793 ἐξέδωκεν.
1370 4729 1469 4783 Ἔν
1501 4729 1671 4801 πάσῃ
1698 4732 1905 4801 σοφίᾳ,
1941 4734 2093 4803 φησι,

524 4808 625 4863 καί
664 4810 913 4865 συνέσει
957 4814 1349 4883 πνευματικῇ.
1401 4815 1617 4886 Ἐπειδὴ
1660 4816 1769 4889 γάρ
1807 4820 2007 4884 αὐτοὺς
2046 4822 2096 4874 οἱ

525 4894 802 4966 φιλόσοφοι
845 4899 1103 4982 ἠπάτων,
1147 4900 1411 4973 βούλομαι
1441 4904 1585 4974 ὑμᾶς
1619 4907 1676 4958 ἐν
1718 4911 2092 4982 πνευματικῇ,

524 4984 681 5054 φησὶ,
715 4986 875 5058 σοφία
904 4981 1064 5052 εἶναι,
1098 4989 1173 5059 μὴ
1212 4989 1353 5043 κατά
1382 4990 1481 5061 τὴν
1514 4992 1705 5061 σοφίαν
1740 4993 1850 5047 τῶν
1889 4981 2099 5068 ἀνθρώ-

525 5089 662 5127 πων.
694 5073 757 5127 El
798 5073 855 5129 δέ
891 5073 1033 5129 ὥστε
1074 5074 1136 5130 τὸ
1160 5076 1373 5147 θέλημα
1397 5078 1532 5132 Θεοῦ
1565 5079 1756 5150 μαθεῖν
1791 5098 2096 5155 πνευματι-

523 5161 627 5232 κῆς
649 5163 729 5217 δεῖ
747 5164 957 5234 σοφίας,
985 5166 1126 5220 ὥστε
1148 5167 1247 5238 τὴν
1277 5168 1467 5223 οὐσίαν
1488 5169 1541 5222 τί
1573 5171 1743 5238 ἐστιν,
1775 5172 1951 5244 εὐχῶν
1977 5174 2093 5242 διη-

523 5248 718 5306 νεκῶν.
746 5252 857 5307 Καὶ
880 5252 1153 5308 δείκνυσιν
1185 5254 1439 5321 ἐνταῦθα,
1472 5256 1553 5309 ὄτι
1572 5256 1632 5321 ἐξ
1653 5257 1864 5312 ἐκείνου
1892 5260 1922 5312 ὁ
1952 5260 2095 5314 Παῦ-

521 5337 613 5403 λος
640 5339 877 5412 εὐχεται,
910 5346 1005 5397 καὶ
1028 5344 1243 5399 οὐδέπω
1270 5344 1435 5415 ῆνυσε
1453 5386 1469 5412 ,
1490 5345 1585 5401 καὶ
1614 5346 1718 5400 οὐκ
1746 5347 1956 5419 άπέστη
1980 5367 1998 5384 ο
2030 5350 2092 5404 τδ

521 5424 650 5496 7&9,
686 5425 813 5497 'Agp'
839 5423 915 5499 ἧς
940 5429 1164 5500 ἡμέρας
1192 5431 1563 5501 ἠκούσαμεν,
1590 5432 1749 5488 τοῦτο
1782 5434 1950 5506 δηλοῖ.
1976 5438 2091 5492 Κα-

520 5513 788 5583 τάγνωσιν
815 5516 872 5571 δὲ
910 5520 1094 5585 αὐτοῖς
1134 5520 1334 5592 πολλὴν
1365 5520 1557 5593 φέρει,
1588 5523 1637 5575 εἰ
1669 5522 1727 5591 ἐξ
1757 5523 1964 5579 ἐκείνου
1998 5527 2093 5581 καὶ

521 5601 705 5671 εὐχαῖς
748 5603 1099 5677 βοηθούμενοι
1144 5608 1221 5680 μὴ
1261 5610 1633 5680 ἀνεκτήσαντο
1684 5610 1930 5677 ἑαυτούς.
1980 5614 2091 5670 Καὶ

522 5690 878 5759 αἰτούμενοι,
910 5694 1063 5765 φησὶ,
1094 5696 1357 5761 τουτέστι,
1398 5696 1533 5769 μετὰ
1564 5696 1765 5770 πολλῆς
1794 5699 1894 5770 τῆς
1930 5719 2092 5757 σπουο

585 5798 612 5839 Α
638 5800 814 5853 Mmull
837 5805 997 5863 αὐτοῖς
1022 5807 1252 5857 Danaus.

2201 1514 2301 1584 δῆς
2324 1529 2338 1544 ·
2380 1513 2538 1567 τοῦτο
2566 1512 2677 1584 γὰρ
2709 1512 2949 1566 δείκνυσι
2985 1510 3065 1575 τὸ,
3107 1512 3384 1576 Ἕγνωτε.
3423 1506 3588 1560 Ἀλλά
3625 1506 3704 1560 δεῖ
3728 1522 3781 1560 τι

2203 1601 2300 1655 καὶ
2342 1599 2495 1673 [554]
2546 1598 2864 1668 ἐπιγνῶναι.
2922 1600 3028 1664 Είς
3068 1598 3133 1651 τὸ
3175 1593 3575 1663 περιπατῆσαι
3627 1594 3782 1663 ὑμᾶς

2202 1689 2387 1755 ἀξίως
2413 1688 2520 1741 τοῦ
2546 1687 2789 1755 Κυρίου.
2835 1685 3101 1740 Ἐνταῦθα
3124 1682 3253 1753 περὶ
3278 1683 3394 1752 βίου
3427 1682 3523 1735 καὶ
3548 1682 3660 1734 τῶν
3688 1682 3779 1747 ἔρ.

2203 1795 2315 1845 γων
2339 1774 2504 1847 φησί·
2533 1776 2629 1829 καὶ
2655 1776 2763 1845 γάρ
2791 1775 2888 1829 καὶ
2910 1775 3067 1828 τοῦτο
3091 1770 3366 1842 πανταχοῦ
3394 1773 3571 1825 ποιεῖ·
3602 1771 3690 1823 ἀεὶ
3711 1772 3776 1840 τῇ

2202 1866 2383 1918 πίστει
2425 1862 2750 1933 συζεύγνυσι
2798 1862 2897 1931 τὴν
2934 1862 3233 1915 πολιτείαν.
3273 1862 3376 1926 Εις
3411 1859 3625 1914 πᾶσαν
3650 1859 3778 1926 ἀρέ-

2202 1969 2436 2007 σκειαν.
2482 1953 2607 2015 Πῶς
2647 1952 2737 2016 δέ,
2782 1948 2994 2008 Πᾶσαν
3041 1948 3400 2015 ἀρέσκειαν-ς
3448 1948 3556 2001 Ἐν
3600 1946 3777 2000 παντὶ

2203 2040 2354 2111 ἔργῳ
2390 2039 2590 2110 ἀγαθῷ
2640 2035 3181 2107 καρποφοροῦντες,
3230 2036 3328 2090 καὶ
3378 2035 3778 2103 αὐξανόμενοι

2202 2129 2274 2182 ὲν
2302 2128 2377 2197 τῇ
2401 2126 2721 2197 ἐπιγνώσει
2741 2126 2848 2180 τοῦ
2884 2124 3053 2179 Θεοῦ.
3086 2124 3317 2194 Ὥσπερ,
3350 2124 3539 2192 φησιν,
3569 2123 3779 2193 ἁθρόως

2205 2218 2332 2287 ὑμῖν
2360 2215 2554 2270 ἐαυτὸν
2584 2214 2921 2281 ἀπεκάλυψε,
2962 2212 3055 2265 καὶ
3082 2210 3272 2279 ῶσπερ
3298 2210 3636 2280 τηλικαύτην
3665 2209 3780 2263 ἐλά-

2204 2303 2325 2357 ϐετε
2367 2302 2598 2373 γνῶσιν,
2638 2297 2779 2354 οὕτω
2807 2301 2897 2352 καὶ
2934 2298 3209 2351 πολιτείαν
3239 2298 3396 2364 ἀξίαν
3441 2295 3777 2360 ἐπιδείξασθε

2202 2392 2301 2461 τῆς
2337 2390 2612 2454 πίστεως·
2652 2388 2894 2459 μεγάλης
2935 2388 3041 2457 γάρ
3082 2384 3217 2457 αῦτη
3264 2386 3433 2439 δεῖται
3476 2383 3772 2446 πολιτείας,

2202 2479 2298 2533 καὶ
2347 2477 2527 2548 πολλῷ
2575 2476 2851 2548 μείζονος,
2883 2476 2916 2547 ἢ
2965 2477 2998 2545 ἡ
3028 2474 3253 2530 παλαιά.
3298 2474 3355 2526 '0
3382 2474 3489 2543 7&9
3527 2474 3621 2526 τὸν
3649 2470 3777 2525 Θεὸν

2203 2565 2377 2630 εἰδὼς,
2411 2564 2619 2619 καὶτοῦ
2658 2563 2795 2617 Θεοῦ
2826 2563 3011 2626 δοῦλος
3038 2560 3175 2615 εἶναι
3210 2560 3603 2624 καταξιωθεὶς,
3640 2562 3774 2629 pi).-

2204 2654 2294 2706 λον
2322 2653 2377 2705 δέ
2402 2652 2495 2705 καὶ
2526 2652 2660 2717 υίὸς,
2701 2652 2801 2721 ὅρα
2835 2652 2966 2721 ὅσης
2998 2651 3169 2702 δεῖται
3210 2649 3430 2720 ἀρετῆς.
3480 2649 3579 2699 Ἐν
3610 2647 3772 2716 πάσῃ

2204 2739 2451 2808 δυνάμει
2476 2738 2932 2808 δυναμούμενοι.
2986 2733 3249 2790 Ἐνταῦθα
3274 2736 3401 2806 περὶ
3435 2735 3545 2787 τῶν
3586 2751 3774 2803 πειρα-

2208 2827 2360 2897 σμῶν
2382 2825 2476 2881 καὶ
2507 2826 2615 2879 τῶν
2640 2824 2895 2894 διωγμῶν
2927 2841 3109 2894 φησιν,
3137 2823 3419 2893 Εὐχόμεθα
3447 2821 3535 2880 ἵνα
3561 2821 3776 2890 πληρωο

2205 2913 2333 2984 θῆτε
2361 2912 2775 2983 δυναμούμενοι,
2805 2910 2943 2964 ὥστε
2980 2911 3056 2983 μὴ
3089 2911 3397 2981 ἀκηδιᾶσαι,
3451 2909 3587 2979 μηδέ
3644 2909 3775 2961 ἀπο-

2203 3002 2425 3071 γνῶναι.
2469 3000 2627 3055 Κατὰ
2664 3000 2730 3054 τὸ
2776 2998 2991 3067 κράτος
3040 2996 3148 3066 τῆς
3172 2997 3355 3065 δόξης
3387 2996 3596 3051 αὐτοῦ.
3629 2995 3773 3059 Ἵνα,

2204 3091 2370 3161 φησὶ,
2400 3090 2653 3158 τοιαύτην
2702 3088 3005 3158 ὰναλάϐητε
3052 3086 3391 3157 προθυμίαν,
3438 3084 3529 3138 οἶα
3574 3086 3775 3154 πρέπει

2202 3182 2267 3250 τῇ
2301 3178 2445 3248 ίσχύῖ
2468 3181 2563 3248 τῆς
2582 3174 2739 3247 δόξης
2768 3175 2931 3230 αὐτοῦ
2962 3176 3160 3229 δοῦναι.
3193 3177 3295 3240 Ε’ίς
3314 3173 3523 3228 πᾶσαν
3552 3176 3776 3242 13.10110-

2202 3266 2322 3333 νῆν
2341 3266 2435 3319 καὶ
2458 3264 2890 3334 μακροθυμίαν.
2918 3265 2987 3316 ‘0
3011 3262 3178 3330 λέγει,
3211 3260 3450 3315 τοιοῦτόν
3465 3264 3578 3313 ἐστι
3598 3278 3613 3291 ·
3645 3261 3773 3312 Euv-

2202 3353 2386 3423 τόμως
2427 3351 2716 3423 εὐχόμεθα,
2764 3351 2954 3420 φησὶν,
3001 3348 3140 3403 ὥστε
3186 3350 3439 3419 ἐνάρετον
3484 3349 3627 3417 ὑμᾶς
3663 3348 3775 3416 βίον

2203 3443 2353 3512 σχεῖν
2390 3442 2485 3495 καὶ
2512 3440 2608 3510 τῆς
2642 3438 2914 3502 πολιτείας
2942 3438 3117 3503 ἄξιον,
3149 3437 3242 3491 καὶ
3270 3438 3458 3506 στῆναι
3500 3436 3733 3505 βεϐαίως
3754 3476 3771 3499 ,

2202 3529 2279 3593 ὡς
2319 3528 2463 3589 είκὸς
2502 3528 2628 3590 τούς
2666 3525 2774 3579 άπδ
2814 3526 2948 3578 Θεοῦ
2987 3524 3421 3595 δυναμωθέντας.
3471 3526 3570 3577 Διὰ
3618 3522 3775 3575 τοῦτο

2202 3615 2339 3678 τέως
2378 3614 2590 3668 οὐδέπω
2641 3614 2872 3667 ἅπτεται
2924 3612 3241 3682 δογμάτων,
3290 3611 3406 3665 ἀλλ’
3444 3612 3503 3664 ἐν
3546 3610 3625 3680 τῷ
3675 3610 3776 3681 βίῳ

2205 3704 2513 3774 στρέφεται.
2549 3702 2677 3755 ἔνθα
2719 3702 2872 3755 οὐδὲν
2898 3699 3040 3771 εἶχεν
3070 3701 3393 3769 ἐγκαλέσαι·
3426 3702 3521 3754 καὶ
3555 3699 3773 3754 ἐπαινέ-

2204 3807 2304 3854 σας
2349 3790 2431 3860 ἐφ“
2462 3783 2545 3854 οἷς
2590 3790 2787 3861 ἐχρῆν,
2834 3790 2955 3842 τότε
3004 3788 3257 3858 καθίησιν
3297 3789 3375 3851 είς
3415 3788 3769 3859 κατηγορίαν.

2203 3878 2373 3932 Τοῦτο
2396 3876 2489 3930 καὶ
2511 3876 2785 3947 πανταχοῦ
2812 3878 2990 3928 ποιεῖ·
3016 3876 3144 3929 ὅταν
3174 3876 3279 3946 7&9
3316 3875 3480 3947 μέλλῃ
3502 3877 3613 3929 τισὶ
3638 3876 3771 3944 γράο

2203 3981 2344 4033 φειν,
2367 3963 2505 4033 ἔχων
2532 3963 2632 4034 μέν
2649 3982 2701 4017 τι
2726 3963 2995 4031 ἐγκαλεῖν,
3024 3963 3161 4034 ἔχων
3182 3964 3238 4017 δὲ
3266 3962 3358 4016 καί
3384 3980 3437 4015 τι
3465 3964 3769 4027 ἐπαινέσαι,

2200 4052 2466 4122 πρότερον
2508 4052 2750 4114 ἐπαινεῖ,
2800 4052 2894 4104 καὶ
2928 4052 3047 4103 τότε
3081 4051 3333 4121 καθίησιν
3362 4052 3441 4114 εἰς
3486 4051 3556 4103 τά
3586 4051 3772 4120 ἐγκλή-

2202 4155 2367 4209 ματα.
2410 4137 2718 4191 Οξκειοῦται
2765 4139 2874 4208 γὰρ
2919 4138 3179 4210 πρότερον
3206 4138 3297 4191 τὸν
3326 4139 3635 4209 ἀκροατὴν,
3678 4138 3772 4190 καὶ

2197 4225 2295 4296 τὴν
2318 4224 2649 4296 κατηγορίαν
2682 4224 3013 4279 ἀπαλλάττει
3041 4227 3221 4295 πάσης
3256 4225 3513 4293 ὑποψίας,
3546 4225 3642 4279 καλ⁵
3667 4224 3775 4278 δεί-

2198 4330 2386 4367 κνυσιν
2420 4313 2503 4366 ὄτι
2541 4313 2701 4376 αὐτὸς
2734 4314 2832 4382 μὲν
2864 4313 3116 4366 ἐϐούλετο
3156 4313 3330 4367 διόλου
3371 4314 3767 4382 ἐγκωμιάζειν,

2200 4400 2303 4453 ὑπὸ
2332 4400 2387 4454 δέ
2414 4403 2511 4471 τῆς
2538 4400 2782 4470 ἀνάγκης
2803 4402 2882 4465 είς
2903 4401 3122 4464 τούτους
3151 4399 3505 4470 ἐμϐιϐάζεται
3534 4402 3660 4463 τοὺς
3685 4400 3771 4452 λό-

2198 4502 2348 4555 γους.
2402 4486 2571 4540 Τοῦτο
2625 4489 2718 4541 καὶ
2762 4489 2820 4541 ἐν
2869 4491 2935 4558 τῇ
2987 4488 3225 4559 προτέρᾳ
3273 4488 3409 4558 πρὸς
3454 4489 3767 4557 Κορινθίους

2200 4576 2361 4629 ποιεῖ.
2403 4575 2723 4638 Ἐπαινέσας
2759 4576 2865 4646 γάρ
2890 4576 3087 4640 αὐτοὺς
3122 4575 3292 4645 μυρία
3330 4575 3410 4639 ὼς
3442 4574 3769 4643 ἀγαπῶντας

2199 4661 2381 4727 αὐτὸν,
2420 4663 2514 4716 καὶ
2542 4664 2649 4717 ἀπὸ
2679 4661 2773 4716 τοῦ
2807 4663 3254 4735 πεπορνευκότος,
3281 4663 3401 4716 τότε
3430 4664 3509 4727 είς
3538 4680 3769 4731 κατηγο-

2200 4750 2321 4821 ρίαν
2348 4750 2619 4819 καθίησιν.
2664 4751 2751 4805 Ἐν
2776 4751 2833 4805 δὲ
2865 4754 2930 4822 τῇ
2966 4752 3101 4823 πρὸς
3128 4750 3372 4815 Γαλάτας
3400 4752 3603 4813 οὐκέτι,
3635 4751 3769 4804 am

2196 4840 2536 4894 τούναντίον·
2568 4841 2768 4912 μᾶλλον
2797 4840 2855 4896 δέ
2887 4840 2941 4893 εἴ
2980 4857 3063 4905 τις
3102 4840 3408 4906 ἐξετάσειε,
3439 4842 3664 4912 κάκείνη
3712 4842 3770 4907 ἐξ

2198 4927 2422 4982 ἐπαίνου
2450 4929 2482 4999 ὴ
2508 4928 2831 5000 κατηγορία.
2875 4928 3094 5000 Ἐπειδὴ
3131 4929 3240 5000 7&9
3272 4928 3449 4983 αὐτῶν
3479 4929 3630 4983 οὐδὲν
3657 4923 3769 4999 εἶχε

2198 5014 2531 5087 κατόρθωμα
2558 5017 2677 5070 τότε
2708 5018 2900 5083 εἰπεῖν,
2930 5019 3023 5070 καὶ
3051 5017 3276 5089 σφοδρὸν
3304 5019 3365 5072 τδ
3390 5016 3639 5089 ἔγκλημα
3679 5013 3766 5089 ὴν,

2199 5105 2294 5157 καὶ
2319 5105 2516 5168 πάντες
2534 5104 2925 5177 διεφθάρησαν,
2954 5106 3045 5159 καὶ
3070 5106 3256 5178 φέρειν
3272 5106 3533 5177 ἠδύναντο
3561 5107 3768 5176 ἰσχυροὶ

2198 5192 2381 5255 ὄντες,
2419 5192 2527 5247 ἀπὸ
2581 5194 2912 5264 κατηγορίας
2942 5194 3167 5263 ἄρχεται
3212 5193 3418 5263 λέγων,
3458 5192 3766 5263 Θαυμάζω·

2198 5278 2337 5332 ῶστε
2366 5280 2459 5334 καὶ¹
2484 5279 2644 5333 τοῦτο
2675 5280 2949 5351 ἐγκώμιόν
2983 5282 3149 5336 ἐστιν.
3181 5281 3445 5352 ’Ὕστερον
3475 5281 3533 5334 δέ
3572 5280 3766 5343 aia-:05;

2199 5366 2432 5432 ἐπαινεῖ,
2458 5367 2559 5421 οὐκ
2588 5367 2681 5421 ἐπὶ
2712 5370 2824 5432 τοῖς
2854 5366 3137 5439 παροῦσιν,
3166 5368 3281 5422 ἀλλ’
3305 5368 3397 5421 ἐπὶ
3421 5370 3534 5431 τοῖς
3570 5369 3767 5439 παρελ-

2198 5451 2379 5521 θοῦσι,
2410 5454 2615 5524 λέγων,
2663 5456 2745 5510 ὅτι
2789 5459 2858 5512 El
2904 5456 3196 5520 δυνατόν,
3243 5456 3385 5524 τοὺς
3419 5456 3766 5526 ὀφθαλμοὺς

2197 5542 2364 5612 ὐμῶν
2390 5543 2785 5613 ἐξορύξαντες
2818 5544 2895 5601 ἂν
2919 5545 3176 5600 ἐδώκατέ
3205 5564 3328 5616 μοι.

2268 5630 2333 5701 β’.
2370 5633 2934 5701 Καρποφοροῦντες,
2980 5633 3143 5703 φησί·
3188 5632 3345 5686 τοῦτο
3388 5632 3514 5702 περὶ
3558 5632 3757 5703 ἔργων.

2198 5719 2638 5789 Δυναμούμενοι
2662 5737 2676 5751 ·
2704 5719 2829 5791 περὶ
2862 5720 3182 5792 πειρασμῶν
3208 5719 3383 5775 τοῦτο.
3425 5722 3527 5786 Είς
3557 5718 3766 5775 πᾶσαν

2203 5806 2515 5875 ὑπομονὴν
2564 5806 2659 5862 καὶ
2700 5808 3153 5878 μακροθυμίαν·
3196 5807 3577 5880 μακροθυμίαν
3628 5806 3765 5876 πρὸς
