3898 6564
241 368 351 427 309

242 496 374 553 ergo
400 489 639 538 nostram
684 478 1016 552 negligamus
1045 480 1272 535 salutem
1290 522 1304 545 ,
1334 478 1428 535 sed
1454 476 1827 549 aggrediamur

239 574 665 644 cleemosynam.
690 572 832 627 Nihil
866 582 949 628 est
978 573 1118 628 enim
1151 587 1214 626 ea
1258 572 1449 627 melius
1478 580 1531 626 et
1559 576 1829 640 praestan-

238 664 347 717 tius
379 680 394 717 :
430 663 590 734 idque
610 665 853 719 ostendet
885 672 1094 734 tempus
1126 664 1388 727 futurum;
1419 661 1632 716 interim
1652 668 1828 713 autem

234 756 479 811 ostendit
493 757 652 812 etiam
669 773 929 828 prtesens.
957 756 1037 811 Ad
1064 758 1155 812 Dci
1175 772 1303 826 ergo
1328 759 1567 808 vivamus
1584 752 1828 823 gloriam,

234 857 291 900 et
321 863 441 917 qua:
467 849 517 904 ei
549 850 760 920 placent
788 865 849 905 ea
875 864 1113 920 agamus,
1145 857 1201 902 ut
1223 848 1366 918 digni
1396 846 1687 900 habeamur
1709 857 1833 912 pro-

1140 366 1203 423 IN
1244 367 1463 424 EPIST.
1507 366 1597 422 AD
1635 363 1913 420 COLOSS.
1956 361 2104 418 CAP.
2148 363 2190 421 l.
2235 364 2464 424 IIOMIL.
2509 368 2576 425 11.

3412 384 3519 439 310

1936 474 2115 532 missis
2144 476 2299 532 bonis
2329 496 2343 531 :
2374 495 2493 549 qua:
2533 480 2688 537 detur
2733 484 2890 541 nobis
2915 484 3179 546 'omnibns
3224 498 3522 565 consequi,

1938 569 2104 637 gratia
2133 579 2186 622 et
2207 569 2535 639 benignitate
2564 574 2774 629 Domini
2800 580 2968 633 nostri
2999 579 3126 636 Jesu
3167 582 3364 639 Christi
3386 627 3398 648 ,
3430 589 3526 642 cui

1936 659 2126 729 gloria,
2151 660 2455 731 imperium,
2476 663 2666 732 honos,
2689 683 2829 724 nunc
2852 679 2907 725 et
2926 686 3157 744 semper,
3180 684 3234 730 et
3253 676 3305 732 in
3328 680 3523 735 smnia

1937 749 2275 805 saeculorum.
2306 753 2496 808 Amen.

1977 969 3523 1014 ____________________________

1631 1043 1977 1107 HOMILIA
2020 1046 2099 1106 ll.

226 1199 379 1255 Car.
405 1201 455 1254 l.
490 1214 543 1251 v.
575 1200 629 1254 9.
659 1198 785 1253 Ideo
811 1209 859 1255 et
888 1216 977 1253 nos
1008 1216 1070 1254 ex
1112 1216 1212 1269 qua
1240 1200 1321 1253 die
1349 1197 1644 1250 audivimus
1666 1235 1682 1260 ,
1732 1208 1835 1247 non

310 1308 568 1345 cessamus
592 1308 683 1361 pro
711 1293 847 1346 vobis
870 1301 1094 1356 orantes,
1126 1302 1173 1345 et
1199 1290 1509 1360 postulantes
1536 1297 1590 1341 ut
1619 1285 1833 1355 impleo.

306 1383 440 1436 mini
476 1383 731 1454 agnitione
759 1383 1030 1436 voluntatis
1058 1383 1168 1450 ejus
1193 1423 1208 1447 ,
1235 1382 1288 1434 in
1316 1380 1453 1434 οηιηὶ
1488 1378 1741 1447 sapientia
1785 1387 1833 1429 et

306 1475 565 1528 intellectu
589 1474 845 1545 spirituali
874 1490 891 1527 :
919 1473 1003 1527 10.
1027 1483 1079 1526 nt
1098 1470 1359 1525 ambuletis
1387 1471 1540 1540 digne
1590 1468 1710 1531 Deo,
1738 1482 1827 1537 per

308 1565 487 1617 omnia
516 1564 767 1634 placentes
790 1605 805 1630 ,
836 1563 890 1617 in
922 1564 1058 1617 omni
1083 1578 1232 1633 Opere
1265 1561 1395 1615 bono
1418 1559 1783 1631 fructiﬁcantes
1806 1597 1823 1625 ,

310 1666 359 1709 et
383 1666 658 1711 crescentes
693 1656 746 1709 in
784 1656 1001 1708 scientia
1024 1654 1138 1708 Dei.

313 1754 370 1807 Ι.
394 1750 544 1818 Ideo,
579 1750 783 1821 quare?
808 1750 940 1816 Quia
973 1748 1270 1803 audivimus
1306 1745 1466 1801 ﬁdem
1496 1751 1730 1801 vestram
1772 1748 1829 1796 et

230 1845 538 1899 caritatem.
568 1843 829 1910 Quoniam
861 1843 1051 1897 bonum
1084 1856 1234 1911 spem
1254 1840 1445 1905 habet,
1476 1839 1672 1894 bonam
1694 1850 1830 1907 quo-

230 1951 351 2007 que
370 1952 517 2006 spem
546 1936 822 2003 habemus,
844 1944 901 1989 ut
921 1945 973 1989 et
1001 1934 1069 1989 de
1090 1932 1278 1987 futuris
1304 1932 1654 2002 postulemus.
1676 1927 1828 1982 Sicut

233 2030 386 2083 enim
415 2030 467 2083 in
517 2028 896 2084 certaminibus
940 2028 1061 2084 illos
1111 2027 1342 2081 maxime
1379 2024 1704 2086 excitamus,
1733 2019 1825 2091 qui

231 2133 366 2176 sunt
396 2122 677 2191 propinqui
722 2121 962 2175 victoria:
995 2139 1008 2174 :
1040 2120 1109 2173 ita
1139 2119 1298 2174 etiam
1328 2116 1523 2172 Paulus
1568 2130 1661 2169 eos
1708 2128 1825 2168 ma-

231 2214 386 2268 sime
417 2215 691 2279 hortatur,
730 2213 817 2282 qui
845 2227 903 2266 se
931 2210 1162 2277 amplius
1206 2219 1352 2263 recte
1398 2216 1699 2277 gesserunt.
1740 2204 1827 2260 Ea:

234 2322 348 2372 qua
379 2305 491 2370 die,
516 2305 724 2374 inquit,
768 2304 1087 2367 audivimus,
1118 2319 1219 2355 non
1262 2316 1516 2354 cessamus
1562 2316 1655 2369 pro
1686 2298 1824 2351 vobis

230 2406 463 2452 orantes.
486 2396 602 2451 Non
632 2410 796 2450 unum
827 2395 964 2449 diem
999 2409 1095 2464 pro
1122 2391 1273 2447 vobis
1295 2406 1534 2456 oramus,
1563 2398 1655 2443 aut
1686 2389 1823 2444 duos

230 2498 331 2541 aut
364 2496 489 2542 tres.
518 2487 613 2542 llic
661 2487 819 2541 etiam
849 2484 1082 2539 ostendit
1127 2468 1402 2539 caritatem
1423 2523 1438 2548 ,
1470 2492 1523 2537 et
1568 2480 1821 2551 paulatim

231 2581 539 2635 subindicat
590 2594 687 2634 eos
734 2578 967 2634 nondum
1014 2576 1329 2647 pervenisse
1368 2574 1436 2630 ad
1479 2574 1636 2628 finem
1675 2571 1822 2627 :hoc

227 2675 404 2737 enim,
437 2672 503 2728 Ut
526 2671 854 2742 impleamini.
885 2670 988 2726 hoc
1013 2668 1296 2740 signiﬁcat.
1325 2665 1455 2721 Vide
1478 2673 1659 2720 autem
1686 2662 1817 2717 mihi

229 2766 397 2835 hujus
447 2766 585 2820 beati
637 2762 977 2833 prudentiam
1022 2774 1329 2830 :nusquam
1376 2757 1507 2813 dicit
1563 2772 1657 2810 eos
1704 2765 1819 2809 toto

228 2875 357 2916 esse
390 2860 642 2929 privatos,
676 2856 767 2911 sed
792 2856 985 2925 ubique
1012 2868 1105 2910 eos
1124 2854 1355 2909 deﬁcere
1386 2870 1400 2906 :
1429 2851 1531 2906 hoc
1557 2849 1820 2920 signiﬁcat

229 2951 390 3019 illud,
420 2950 484 3006 Ut
510 2949 843 3019 intpleamini.
877 2948 943 3003 Et
967 2962 1171 3014 rursus,
1204 2945 1309 3000 Per
1333 2945 1504 3000 omnia
1532 2943 1811 3014 placentes,

227 3045 285 3097 in
331 3044 467 3097 omni
491 3058 641 3112 opere
670 3040 798 3095 bono
823 3057 841 3106 ;
867 3048 922 3094 et
950 3039 1172 3103 iterum,
1205 3036 1272 3091 In
1299 3037 1439 3091 omni
1475 3036 1658 3090 virtute
1691 3050 1817 3088 eon-

221 3137 412 3203 {ortati
435 3150 454 3199 ;
483 3145 537 3189 et
562 3148 766 3200 rursus,
799 3132 868 3186 In
894 3132 1033 3186 omni
1064 3130 1308 3201 patientia
1336 3137 1380 3183 et
1407 3128 1813 3199 longanimitate.

223 3227 363 3281 illud
392 3229 554 3291 enim,
592 3224 763 3292 Omni,
796 3232 878 3280 est
899 3223 1014 3294 ejus
1039 3222 1128 3294 qui
1160 3236 1258 3277 suo
1286 3220 1596 3276 testimonio
1617 3217 1814 3290 aliquid

227 3319 419 3376 tribuit
438 3321 497 3374 iis
520 3320 606 3389 qui
636 3334 695 3373 se
723 3326 866 3373 recte
892 3324 1107 3386 gerunt,
1134 3314 1341 3370 etiamsi
1371 3329 1477 3369 non
1500 3312 1812 3367 universim.

223 3412 301 3471 Ut
331 3411 661 3483 impleamini,
691 3410 879 3479 inquit,
902 3422 1031 3475 non,
1063 3406 1132 3463 Ut
1154 3406 1463 3477 accipiatis;
1491 3412 1816 3475 acceperunt

221 3506 409 3572 enim;
442 3505 535 3561 sed
576 3513 631 3559 ut
674 3500 998 3573 impleamini
1023 3516 1087 3556 eo
1110 3498 1249 3571 quod
1274 3498 1426 3554 vobis
1458 3497 1629 3553 deest.
1650 3497 1725 3552 ita
1757 3506 1816 3551 et

223 3599 579 3672 reprehensio
608 3596 837 3651 nonfuit
880 3594 1079 3666 gravis,
1114 3607 1211 3647 nec
1252 3592 1378 3645 sinit
1404 3589 1709 3645 eneomium
1754 3595 1814 3643 ut

212 3694 779 3763 dejiciantauimum,
813 3699 869 3743 et
915 3682 1205 3742 reddantur
1246 3684 1451 3754 supini,
1480 3698 1600 3738 cum
1651 3681 1811 3736 fuerit

225 3788 518 3856 integrum.
550 3784 687 3851 Quid
730 3792 812 3837 est
850 3789 1026 3834 autem
1051 3822 1065 3847 ,
1102 3777 1168 3833 Ut
1196 3777 1506 3849 impleamini
1546 3775 1804 3846 agnitione

218 3878 497 3933 voluntatis
519 3876 672 3946 ejus?
698 3875 752 3930 ω
784 3882 896 3940 est,
927 3888 1024 3944 per
1054 3872 1244 3926 Filium
1275 3885 1370 3925 vos
1396 3869 1460 3923 ad
1510 3869 1681 3938 ipsum
1708 3865 1811 3921 ad-

212 3970 349 4025 duci
396 3978 642 4039 oportet,
677 3982 781 4022 non
828 3967 1011 4035 utique
1057 3979 1154 4034 per
1183 3963 1421 4033 angelos.
1447 3962 1621 4031 Atque
1666 3957 1810 4030 quod

213 4072 468 4133 oporteat
501 4061 713 4131 quidem
736 4059 948 4125 adduci,
972 4057 1198 4113 novistis
1224 4063 1426 4111 :restat
1451 4065 1629 4109 autem
1655 4052 1811 4107 vobis

219 4163 283 4209 ut
315 4154 419 4209 hoc
447 4151 686 4217 discatis,
721 4166 815 4205 cur
841 4148 1048 4204 miserit
1072 4147 1284 4201 Filium.
1320 4145 1374 4202 Si
1405 4146 1547 4201 enim
1580 4159 1678 4215 per
1708 4158 1807 4197 an-

210 4247 375 4319 gelos
417 4261 515 4300 nos
544 4251 822 4314 oporteret
864 4257 986 4297 esse
1013 4241 1196 4296 salvos
1221 4282 1235 4304 ,
1280 4255 1387 4294 non
1438 4240 1672 4294 misisset
1710 4249 1810 4291 nec

212 4337 534 4394 tradidisset
559 4337 775 4391 Filium.
803 4333 868 4388 In
892 4334 1031 4389 omni
1058 4332 1329 4404 sapientia,
1354 4331 1560 4401 inquit,
1587 4340 1633 4384 et
1655 4329 1809 4382 intel-

217 4430 358 4484 lectu
391 4429 670 4500 spirituali.
704 4427 837 4482 Nam
861 4426 1113 4497 quoniam
1143 4424 1290 4493 ipsos
1326 4423 1663 4493 decipiebant
1693 4418 1809 4492 phi-

220 4520 457 4591 losophi,
484 4519 622 4575 Volo
649 4534 763 4585 vos,
789 4519 980 4589 inquit,
1010 4532 1131 4573 esse
1161 4519 1212 4571 in
1238 4515 1495 4585 sapientia
1519 4512 1803 4584 Spirituali,

217 4630 335 4670 non
376 4612 671 4667 secundum
720 4610 1037 4680 sapientiam
1090 4608 1390 4664 hominum.
1430 4605 1484 4661 Si
1532 4613 1708 4659 autem
1748 4610 1809 4658 nt

210 4705 493 4759 discamus
522 4702 615 4757 Dei
642 4702 992 4765 voluntatem,
1025 4699 1283 4771 spirituali
1316 4713 1451 4767 opus
1493 4704 1575 4751 est
1595 4695 1809 4764 sapien-

212 4799 295 4853 tia
322 4813 336 4851 τ
362 4807 418 4850 ut
446 4794 677 4850 essmitia
706 4793 830 4863 quid
852 4794 921 4847 sit
945 4792 1234 4857 discamus,
1258 4806 1393 4860 Opus
1423 4797 1506 4845 est
1536 4786 1807 4843 continuis

219 4888 498 4959 precibus.
526 4887 590 4941 Et
616 4885 702 4938 hic
726 4885 978 4948 ostendit,
1009 4884 1145 4955 quod
1175 4898 1241 4939 ex
1288 4883 1381 4937 illo
1410 4889 1650 4951 tempore
1690 4886 1809 4934 oret

213 4984 442 5048 Paulus,
471 4991 526 5036 et
553 4980 786 5034 nondum
820 4977 1060 5048 perfecit,
1090 4992 1191 5031 nec
1214 4976 1452 5031 destitit:
1482 4975 1612 5030 illud
1638 4974 1804 5040 enim,

214 5076 312 5131 Ea:
325 5092 425 5146 qua
452 5074 536 5127 die
555 5071 859 5137 audivimus,
888 5070 990 5124 hoc
1006 5068 1287 5138 signiﬁcat.
1317 5068 1427 5125 lllis
1447 5077 1628 5123 autem
1650 5066 1807 5122 affert

216 5166 758 5229 condemnationem,
787 5165 831 5217 si
858 5179 925 5216 ex
963 5162 1054 5214 illo
1083 5171 1325 5230 tempore
1365 5160 1523 5214 etiam
1555 5161 1806 5230 precibus

213 5260 423 5330 adjuti,
456 5273 516 5314 se
541 5272 648 5311 non
679 5254 1097 5312 emendaveriut.
1128 5252 1194 5306 Et
1216 5253 1560 5323 postulantes,
1594 5254 1799 5325 inquit,

214 5354 271 5405 id
303 5360 539 5418 est,cunt
567 5363 759 5418 magno
788 5345 966 5401 studio
997 5363 1010 5399 :
1040 5344 1139 5397 hoc
1168 5344 1311 5399 enim
1359 5343 1594 5398 ostendit
1634 5343 1761 5398 illud
1784 5385 1800 5411 ,

209 5440 553 5512 Cognosistis.
602 5438 705 5493 Sed
755 5443 966 5508 Oportet
1011 5436 1171 5491 etiam
1226 5434 1421 5505 aliquid
1488 5450 1803 5507 agnoscere.

212 5533 291 5590 Ut
323 5549 428 5599 vos,
462 5530 653 5601 inquit,
682 5527 947 5583 ambuletis
976 5527 1126 5597 digne
1154 5525 1280 5580 Deo.
1314 5526 1411 5580 Hic
1437 5526 1505 5581 de
1534 5527 1641 5581 vita
1668 5527 1800 5582 dicit

211 5638 269 5684 et
317 5625 574 5696 operibus
614 5640 627 5677 :
661 5637 785 5678 nam
836 5621 939 5676 hoc
983 5636 1195 5691 quoque
1240 5618 1365 5674 facit
1412 5619 1646 5690 ubique;
1679 5619 1800 5676 ﬁdei

210 5733 434 5788 semper
461 5715 739 5785 eonjungit
762 5712 885 5767 vita:
926 5711 1146 5781 agendae
1176 5712 1459 5766 rationem.
1500 5710 1604 5766 Per
1629 5713 1800 5767 omnia

209 5813 492 5883 placentes.
526 5807 805 5876 Quomodo
844 5816 1042 5871 autem,
1072 5803 1175 5858 Per
1213 5806 1384 5861 omnia
1413 5804 1705 5877 placentes?
1732 5803 1801 5859 In

535 5915 801 5974 ΡΑτιιοι..
844 5906 963 5967 Gn.
1011 5905 1203 5970 LXII.

1939 1188 2075 1241 onmi
2102 1204 2251 1259 opere
2275 1192 2405 1247 bono
2434 1197 2801 1266 fructiﬁcantes
2824 1241 2839 1266 ,
2871 1213 2921 1260 et
2962 1219 3236 1266 crescentes
3270 1212 3325 1268 in
3366 1218 3515 1286 agni-

1936 1278 2072 1380 tione
2117 1280 2238 1339 Dei.
2269 1284 2419 1342 Sicut
2461 1290 2603 1346 enim
2645 1308 2705 1349 se
2744 1304 2910 1351 totum
2957 1301 3111 1357 vobis
3138 1278 3438 1375 revelavit:
3467 1321 3523 1367 et

1935 1380 2074 1427 sncut
2102 1380 2300 1430 tantam
2322 1380 2602 1448 accepistis
2641 1386 2996 1454 cognitionem
3030 1407 3044 1443 :
3088 1392 3160 1448 ita
3192 1406 3241 1450 et
3281 1398 3405 1453 vita:
3422 1416 3520 1455 ve-

1935 1470 2060 1517 strae.
2076 1464 2463 1525 institutionem
2483 1476 2747 1533 ostendite
2772 1478 2877 1535 ﬁde
2904 1481 2990 1537 illa
3011 1482 3223 1554 dignam
3245 1504 3260 1553 ;
3291 1504 3353 1543 ea
3372 1493 3515 1548 enim

1933 1568 2069 1653 opus
2110 1557 2282 1653 habet
2325 1577 2515 1634 magna
2558 1568 2679 1622 vitae
2721 1571 2944 1639 agendze
2987 1576 3232 1644 ratione,
3278 1590 3332 1634 et
3361 1582 3518 1653 longe

1932 1646 2134 1742 majori
2150 1664 2308 1742 quam
2336 1663 2508 1710 vetus.
2539 1655 2671 1712 Nam
2699 1661 2788 1729 qui
2820 1662 2987 1718 Deum
3019 1668 3205 1731 novit,
3237 1678 3292 1724 et
3318 1646 3514 1742 dignus

1930 1749 2014 1793 est
2049 1739 2264 1797 habitus
2279 1743 2369 1813 qui
2393 1745 2488 1800 Dei
2509 1757 2654 1804 esset
2679 1765 2888 1819 servus,
2920 1754 3027 1810 imo
3053 1772 3182 1812 vero
3204 1757 3365 1827 ﬁlius,
3380 1739 3517 1820 vida

1930 1841 2125 1898 quanta
2160 1847 2296 1901 opus
2323 1835 2516 1893 habeat
2554 1839 2769 1897 virtute.
2801 1844 2889 1899 ll.
2920 1844 2986 1901 In
3017 1850 3154 1904 omni
3175 1851 3357 1907 virtute
3392 1870 3516 1910 con-

1929 1925 2120 1993 fortati.
2147 1925 2246 1982 Hic
2267 1926 2396 1987 dicit
2422 1929 2491 1985 de
2516 1934 2898 1995 tentationibos
2923 1949 2979 1993 et
3004 1944 3469 2009 persecutionibus
3499 1964 3512 2003 τ

1925 2015 2153 2072 Oramus
2183 2026 2243 2071 ut
2274 2019 2601 2092 intpleamini
2645 2027 3011 2095 corroborati,
3056 2047 3122 2087 ne
3154 2038 3469 2103 torpescatis
3491 2077 3509 2105 ,

1926 2124 2100 2179 neque
2137 2111 2374 2169 animum
2429 2113 2829 2185 despondeatis.
2881 2120 3178 2177 Secundum
3236 2130 3525 2198 potentiam

1925 2199 2171 2255 claritatis
2198 2202 2328 2271 ejus.
2348 2202 2419 2261 Ut
2443 2207 2737 2276 accipiatis,
2770 2211 2958 2282 inquit.
2982 2228 3100 2268 eam
3127 2215 3293 2272 animi
3318 2219 3512 2276 alacri-

1929 2299 2111 2359 tatem,
2142 2308 2302 2364 quam
2324 2295 2439 2365 ejus
2467 2298 2651 2367 gloria:
2678 2298 3046 2359 fortitudinem
3071 2305 3226 2363 decet
3265 2308 3418 2367 dare.
3440 2312 3509 2368 In

1924 2383 2063 2437 omni
2085 2385 2327 2453 patientia
2353 2396 2399 2447 et
2420 2389 2820 2461 longanimitate.
2853 2394 3007 2462 Quod
3036 2398 3186 2465 dicit,
3222 2410 3306 2455 est
3326 2402 3509 2472 hujus-

1924 2476 2068 2531 modi
2097 2494 2111 2531 :
2142 2477 2385 2536 Breviter
2403 2521 2419 2544 ,
2448 2481 2620 2551 inquit
2638 2524 2653 2545 ,
2676 2499 2892 2540 oramus
2932 2497 2991 2543 ut
3017 2504 3113 2544 vos
3140 2492 3306 2551 vitam
3331 2497 3506 2564 agatis

1923 2583 1988 2625 ex
2017 2571 2233 2639 virtute,
2262 2572 2587 2644 dignumque
2611 2587 2789 2632 vestro
2816 2580 3027 2636 vivendi
3052 2582 3315 2651 instituto,
3344 2586 3501 2644 forti-

1924 2672 2110 2735 terque
2129 2680 2194 2722 ac
2219 2667 2443 2724 ﬁrmiter
2472 2671 2626 2725 stetis
2666 2673 3023 2742 corroborati,
3042 2684 3102 2731 ut
3130 2687 3344 2748 oportet
3372 2694 3467 2737 eos
3485 2723 3502 2749 ,

1920 2759 2012 2829 qui
2041 2774 2071 2814 a
2104 2760 2213 2815 Deo
2237 2770 2363 2816 sunt
2387 2764 2741 2820 corroborati.
2765 2766 3053 2838 Propterea
3085 2771 3325 2827 nondum
3350 2774 3505 2829 auin-

1920 2853 1997 2922 git
2022 2851 2292 2924 dogmata,
2321 2862 2375 2909 et
2399 2855 2451 2910 in
2479 2856 2585 2911 vita
2614 2866 2877 2924 versatur,
2912 2861 2999 2915 ubi
3026 2862 3338 2920 nihilhabet
3356 2867 3503 2936 quod

1920 2942 2313 3012 reprehendat;
2355 2953 2411 3000 et
2449 2961 2571 3001 cum
2601 2963 2696 3003 eos
2738 2950 3009 3007 laudasset
3034 2954 3087 3008 in
3115 2969 3224 3024 quo
3249 2955 3503 3014 laudandi

1917 3043 2108 3103 erant,
2155 3045 2281 3091 tunc
2327 3038 2533 3093 accedit
2576 3039 2645 3095 ad
2681 3043 3097 3100 accusationem.
3142 3046 3256 3102 Hoc
3298 3049 3499 3119 ubique

1918 3124 2044 3181 facit
2082 3168 2097 3193 ,
2154 3128 2367 3203 quando
2412 3130 2599 3187 scribit
2639 3132 2708 3188 ad
2773 3135 3000 3206 aliquos.
3049 3137 3105 3194 Si
3154 3137 3349 3196 habeat
3405 3142 3504 3196 ali-

1916 3219 2042 3289 quid
2088 3221 2229 3291 quod
2273 3222 2632 3292 reprehendat
2669 3266 2687 3294 ,
2740 3234 2795 3283 et
2854 3228 3055 3299 aliquid
3099 3231 3241 3301 quod
3287 3233 3499 3301 laudet;

1914 3310 2063 3380 prius
2088 3312 2271 3369 laudat
2287 3323 2343 3369 et
2372 3322 2498 3370 tunc
2522 3315 2800 3373 descendit
2825 3319 2892 3374 ad
2912 3322 3156 3377 crimina.
3180 3323 3333 3379 Prius
3356 3326 3501 3381 enim

1917 3404 2015 3459 sibi
2041 3405 2292 3460 conciliat
2334 3416 2389 3461 et
2418 3408 2736 3464 benevolum
2777 3411 2953 3468 reddit
2980 3414 3311 3483 auditorem;
3341 3432 3503 3474 accu-

1917 3495 2179 3551 sationem
2212 3496 2403 3553 liberat
2431 3500 2500 3555 ab
2538 3502 2683 3556 omni
2710 3503 3013 3572 suspicione
3034 3546 3048 3571 ,
3079 3514 3135 3561 et
3166 3507 3400 3563 ostendit
3440 3524 3502 3565 se

1915 3588 2128 3659 quidem
2159 3589 2299 3645 velle
2318 3592 2540 3646 omnino
2568 3592 2803 3660 laudare,
2834 3596 2927 3650 sed
2948 3596 3016 3650 ad
3049 3612 3113 3652 ea
3137 3597 3364 3653 dicenda
3393 3601 3498 3653 im.-

1916 3682 2038 3750 pelli
2067 3696 2094 3734 a
2121 3683 2463 3739 necessitate.
2493 3684 2603 3740 Iloc
2642 3686 2802 3741 etiam
2845 3688 2968 3743 facit
3016 3689 3068 3744 in
3099 3691 3264 3759 priori
3304 3692 3370 3745 ad
3400 3692 3502 3747 Co—

1914 3773 2139 3828 rinthios
2173 3775 2248 3847 (Ι.
2277 3774 2393 3831 Cor.
2408 3777 2488 3848 5).
2508 3777 2639 3832 Nam
2662 3794 2781 3834 cum
2801 3795 2894 3835 eos
2916 3782 3201 3852 plurimum
3222 3784 3500 3842 laudasset

1916 3875 1973 3921 ut
2001 3868 2090 3938 qui
2117 3868 2289 3938 ipsum
2312 3869 2617 3939 diligerent,
2650 3880 2775 3927 tunc
2800 3875 2868 3928 ab
2897 3889 2964 3929 eo
3007 3876 3096 3944 qui
3129 3874 3301 3932 fuerat
3324 3876 3491 3934 forni-

1911 3969 2061 4014 catus
2078 3959 2353 4016 descendit
2373 3961 2440 4017 ad
2456 3964 2871 4020 accusationem.
2900 3964 2954 4019 In
2974 3966 3211 4036 Epistula
3235 3978 3410 4024 autem
3430 3969 3496 4023 ad

1912 4051 2127 4108 Galatas
2158 4052 2371 4125 (Galat.
2396 4055 2468 4126 1)
2502 4069 2607 4110 non
2653 4051 2762 4123 itd‘,
2790 4056 2885 4112 sed
2936 4070 3155 4114 contra:
3204 4060 3312 4114 imo
3362 4077 3496 4116 vero

1910 4147 1954 4202 si
1984 4146 2246 4216 quispiam
2277 4148 2659 4203 examinaverit
2681 4190 2696 4217 ,
2728 4150 2815 4205 illa
2859 4166 3070 4221 quoque
3099 4162 3184 4208 est
3220 4168 3284 4209 ex
3330 4154 3489 4209 laude

1910 4230 2200 4293 accusatio.
2230 4238 2362 4293 Nam
2407 4241 2657 4310 quoniam
2705 4241 2836 4296 nihil
2884 4252 3092 4312 poterat
3122 4244 3307 4300 dicere
3344 4246 3491 4316 quod

1911 4328 2011 4399 ipsi
2039 4338 2187 4385 recte
2214 4334 2526 4399 gessissent,
2553 4340 2610 4387 et
2628 4332 2839 4387 crimen
2869 4342 2986 4388 erat
3009 4335 3302 4391 vehemens
3327 4376 3343 4402 ,
3371 4352 3494 4393 om-

1911 4435 2112 4491 nesque
2135 4421 2377 4491 corrupti
2400 4431 2577 4489 erant,
2607 4432 2661 4477 et
2697 4422 2838 4479 ferre
2867 4433 3114 4494 poterant
3156 4441 3279 4481 cum
3311 4440 3495 4484 essent

1908 4512 2096 4578 fortes,
2116 4513 2306 4582 incipit
2321 4513 2389 4568 ab
2413 4514 2753 4571 accusatione
2772 4515 2957 4571 dicens
2980 4535 2993 4572 :
3011 4516 3176 4572 Miror
3191 4518 3239 4588 (Ι
3248 4519 3494 4591 bid.v.6).

1909 4604 2269 4672 Quamobrem
2288 4604 2389 4660 hoc
2414 4620 2627 4677 quoque
2654 4615 2737 4663 est
2756 4610 3081 4665 eneomium.
3106 4611 3296 4668 Postea
3315 4622 3495 4670 autem

1908 4710 2004 4752 eos
2047 4696 2282 4765 laudat,
2320 4712 2428 4753 non
2476 4708 2697 4769 propter
2753 4702 3067 4770 praesentia,
3133 4704 3227 4759 sed
3279 4717 3498 4776 propter

1908 4789 2179 4858 prasterita
2206 4828 2222 4855 ,
2271 4788 2456 4845 dicens
2489 4806 2503 4843 :
2536 4789 2597 4845 Si
2647 4790 2759 4859 ﬁeri
2789 4792 3062 4861 potuisset,
3086 4794 3263 4850 oculos
3305 4808 3496 4853 vestros

1907 4890 2077 4936 erutos
2115 4881 2239 4937 nti/ti
2264 4880 2526 4936 dedissetis
2550 4880 2714 4953 (Ibid.
2734 4883 2788 4938 4.
2813 4883 2923 4953 15).
3394 4932 3397 4933 ν

1976 4972 2031 5027 2.
2075 4972 2483 5042 Fructiﬁcantes,
2513 4972 2719 5043 inquit:
2744 4973 2846 5029 hoc
2868 4975 2936 5030 de
2956 4976 3234 5046 operibus.
3262 4977 3493 5050 Confer-

1910 5063 2000 5118 ιαιὶ
2030 5079 2049 5117 :
2076 5063 2180 5119 hoc
2208 5063 2275 5118 de
2294 5063 2701 5120 tentationibus.
2743 5063 2810 5119 In
2839 5066 2974 5119 omni
3022 5068 3265 5136 patientia
3299 5080 3347 5122 et
3383 5071 3497 5125 Ιοη-

1908 5157 2204 5228 ganimitate
2229 5171 2249 5211 :
2278 5155 2683 5225 longanimitate
2711 5172 2806 5213 seu
2842 5158 3065 5214 lenitate
3095 5161 3233 5214 inter
3269 5174 3327 5216 se
3346 5201 3360 5223 .
3392 5178 3492 5232 pa-

1911 5247 2092 5304 tientia
2120 5262 2244 5317 erga
2286 5250 2571 5303 externos.
2604 5248 2949 5318 Longanimis
2969 5251 3117 5305 enim
3146 5265 3208 5306 ac
3248 5251 3383 5307 lenis
3402 5264 3492 5310 est

1908 5340 2170 5411 quispiam
2202 5340 2254 5394 in
2284 5354 2381 5395 eos
2424 5354 2560 5410 quos
2603 5340 2764 5396 etiam
2813 5352 2991 5412 potest
3027 5343 3253 5408 ulcisci;
3297 5343 3494 5398 tolerat

1908 5447 2037 5488 vero
2066 5447 2160 5488 eos
2177 5446 2390 5502 quoque
2408 5446 2541 5503 quos
2568 5448 2672 5487 non
2692 5442 2868 5503 potest
2898 5434 3101 5490 ulcisci.
3123 5433 3409 5507 Propterea
3430 5437 3486 5491 in

1911 5524 2020 5580 Deo
2057 5523 2273 5595 quidem
2301 5538 2589 5593 numquam
2622 5524 2814 5578 dicitur
2835 5530 3042 5601 ὓποηονή
3072 5539 3165 5581 seu
3196 5527 3488 5598 patientia;

1909 5617 2285 5690 longanimitas
2310 5626 2485 5672 autem
2517 5627 2569 5672 et
2588 5617 2778 5671 lenitas
2803 5632 2947 5687 smpe
2967 5617 3162 5673 dicitur
3191 5638 3204 5675 :
3232 5620 3367 5675 sicut
3400 5620 3487 5674 hie

1907 5709 2021 5781 ipse
2049 5725 2259 5781 quoque
2285 5709 2473 5765 beatus
2501 5708 2688 5764 scribit
2722 5708 2847 5764 alibi
2876 5749 2892 5774 ,
2921 5708 3107 5766 dicens
3138 5729 3151 5766 :
3178 5711 3256 5766 An
3283 5712 3483 5766 divitias

1908 5803 2143 5858 bonitatis
2167 5803 2277 5872 ejus
2304 5810 2355 5858 et
2381 5800 2661 5857 tolerantia:
2686 5809 2732 5857 et
2758 5800 3157 5871 longanimitatis
3207 5803 3482 5859 contemnis

3077 5900 3158 5965 20
