3898 6512
513 304 616 365 Si!

518 422 697 494 (llam.
735 420 790 475 Ξ.
839 420 939 490 4)⁶ἓ
972 418 1037 472 Itt
1074 418 1229 472 omni.
1274 415 1385 469 Non
1427 430 1565 469 nunc
1608 413 1822 483 quidem
1854 454 1870 478 ,
1912 422 2097 489 postea

515 524 697 570 autem
725 513 964 567 minime.
997 508 1057 563 In
1085 509 1241 573 omni,
1275 506 1461 576 inquit,
1494 506 1743 575 sapientia
1769 512 1814 557 et
1842 504 2097 557 intellectu

513 607 791 677 spirituali.
842 605 1011 659 Aliter
1038 603 1180 657 enim
1224 616 1328 654 non
1379 601 1500 654 licet
1538 599 1653 667 ejus
1694 610 1984 666 agnoscere
2013 609 2098 648 vo-

516 698 801 752 luntatem.
842 695 1001 764 Atqui
1030 693 1406 749 existimabant
1448 706 1506 745 se
1532 690 1648 758 ejus
1686 688 1884 743 habere
1909 687 2097 741 volun-

516 798 678 843 tatem
700 805 713 852 ;
735 787 830 841 sed
854 802 959 841 non
984 794 1098 841 erat
1123 784 1412 856 spiritualis
1437 783 1714 852 sapientia.
1739 781 1805 836 Ut
1832 780 2096 836 antbuletis

512 878 663 948 digne
689 876 821 930 Deo.
855 877 966 932 lloc
998 878 1141 931 enim
1169 884 1252 932 est
1297 876 1378 928 via
1413 874 1600 942 Optimi
1640 875 1762 927 vitze
1789 873 2012 927 instituti
2039 880 2095 927 et

510 979 673 1025 rectae
697 970 1154 1024 conversationis:
1182 985 1303 1023 naut
1326 970 1414 1039 qui
1435 970 1523 1023 Dei
1543 968 1784 1023 didicerit
1806 968 2093 1038 benignita-

510 1072 617 1117 tem
635 1078 649 1125 ;
668 1062 841 1117 discet
859 1071 1035 1117 autem
1076 1063 1119 1116 si
1144 1061 1335 1117 viderit
1357 1061 1602 1115 traditum
1627 1060 1852 1124 Filium;
1879 1061 2093 1116 habebit

506 1155 1312 1223 majoremauimialacritatem.
1345 1154 1555 1224 Alioqui
1577 1165 1754 1209 autem
1784 1170 1887 1209 non
1916 1156 2088 1209 solum

507 1261 745 1309 oramus,
770 1255 830 1301 ut
860 1247 1079 1302 discatis
1101 1288 1115 1309 ,
1135 1246 1227 1302 sed
1248 1247 1404 1301 etiam
1435 1256 1489 1300 ιιι
1512 1247 1561 1300 itt
1581 1246 1730 1300 factis
1748 1246 2043 1302 ostendatis
2071 1263 2086 1300 :

507 1351 632 1391 nam
657 1337 747 1407 qui
772 1338 917 1391 novit
937 1352 1035 1393 nec
1062 1347 1235 1391 tamen
1276 1336 1399 1391 fecit
1421 1378 1437 1402 ,
1465 1346 1546 1392 est
1574 1338 1735 1392 etiam
1764 1337 2083 1406 puniendus.

509 1424 578 1482 Ut
607 1442 713 1492 eos,
738 1427 924 1497 inquit,
948 1428 1226 1480 ombutetis.
1249 1426 1359 1480 lloe
1380 1434 1483 1494 est,
1504 1441 1749 1495 semper;
1769 1441 1876 1481 non
1895 1428 2083 1493 semel,

505 1517 600 1573 sed
630 1527 904 1588 perpetuo.
924 1518 1075 1573 Sicut
1094 1520 1237 1573 enim
1258 1520 1532 1574 ambulare
1555 1519 1708 1575 nobis
1731 1529 1815 1576 est
1839 1535 2086 1576 necessa-

502 1610 662 1675 rium,
680 1610 749 1663 ita
766 1611 932 1665 etiam
954 1621 1099 1664 recte
1117 1612 1323 1673 vivere;
1349 1619 1406 1665 et
1427 1610 1477 1664 id
1499 1626 1714 1681 semper
1730 1622 1885 1667 vocat
1907 1614 2087 1668 ambu-

405 1686 418 1699 “
504 1698 780 1767 lationem,
810 1710 861 1755 et
890 1702 1102 1765 merito,
1131 1700 1421 1755 ostendens
1448 1704 1586 1757 hanc
1611 1716 1730 1757 esse
1762 1702 1924 1756 vitam
1964 1719 2083 1772 qua:

500 1798 585 1845 est
607 1790 760 1846 nobis
778 1792 1082 1861 proposita:
1106 1792 1201 1847 sed
1235 1791 1501 1846 mundana
1531 1802 1734 1847 nonest
1754 1793 2079 1863 bujusntodi.

498 1882 684 1953 Magna
724 1894 905 1939 autem
949 1894 1033 1941 est
1079 1886 1215 1943 laus.
1253 1885 1320 1941 Ut
1363 1886 1663 1954 ambuletis,
1700 1888 1902 1959 inquit,
1932 1890 2083 1959 digne

500 1972 744 2041 Domino,
775 1984 831 2031 et
859 1975 926 2030 In
959 1978 1097 2031 onmi
1121 1993 1271 2047 opere
1298 1977 1450 2045 bono,
1485 1989 1540 2033 ut
1564 1994 1778 2049 semper
1803 1983 2077 2050 crescatis,

483 2072 554 2119 iet
580 2080 838 2134 nusquam
866 2066 1101 2131 sistatis;
1141 2077 1195 2123 et
1220 2069 1614 2139 metapltorice,
1648 2069 1892 2125 Fructum
1921 2076 2080 2143 feren-

498 2163 588 2219 tes,
620 2165 669 2209 et
696 2166 971 2211 crescentes
999 2158 1051 2211 in
1095 2160 1354 2230 agnitione
1380 2160 1477 2215 Dei
1505 2178 1524 2225 ;
1567 2171 1625 2216 ut
1662 2163 1740 2218 sic
1762 2165 2079 2219 corrobore-

498 2248 630 2302 mini
651 2249 943 2304 secundum
969 2252 1255 2319 potentiam
1280 2253 1395 2318 Dei,
1419 2266 1671 2323 quantum
1695 2255 1856 2310 homo
1879 2265 2072 2326 potest.

500 2335 607 2391 Per
625 2340 904 2407 potentiam
929 2341 1057 2409 ejus.
1086 2339 1270 2413 Magna
1296 2344 1611 2399 consolatio.
1633 2344 1749 2400 Non
1775 2346 1931 2413 dixit,
1956 2346 2077 2403 Vir-

497 2438 663 2485 tutem
684 2441 775 2485 aut
795 2439 1140 2501 potestatem,
1163 2433 1258 2488 sed
1282 2432 1591 2499 Potentiam,
1613 2436 1753 2506 quod
1775 2447 1856 2492 est
1878 2439 2070 2507 majus.

496 2520 598 2575 Per
622 2523 930 2591 potentiam,
960 2522 1166 2593 inquit,
1198 2540 1291 2579 seu
1319 2525 1650 2583 dominatum
1672 2568 1688 2595 ,
1717 2530 1896 2600 glorise
1920 2532 2030 2601 ejus
2052 2548 2073 2598 ;

490 2616 613 2683 quia
641 2614 833 2684 ubique
852 2615 1028 2684 gloria
1070 2616 1187 2685 ejus
1229 2617 1509 2687 imperium
1537 2621 1764 2676 obtinet.
1794 2622 1912 2677 iam
1940 2638 2071 2679 con-

489 2707 692 2763 solatus
721 2716 822 2773 est,
854 2708 995 2777 quod
1022 2724 1144 2763 cum
1174 2711 1224 2764 in
1259 2712 1458 2780 probro
1482 2722 1538 2767 et
1566 2713 1833 2772 dedecore
1855 2718 2066 2785 essetis,

488 2815 674 2854 rursus
696 2801 1009 2857 ambulastis
1030 2802 1189 2872 digne
1218 2804 1465 2859 Domino.
1500 2806 1576 2861 De
1605 2807 1742 2864 Filio
1768 2810 1896 2866 dicit
1916 2812 2067 2880 illud,

489 2890 630 2960 quod
661 2890 775 2959 ipse
805 2891 1001 2961 ubique
1047 2893 1330 2961 imperium
1371 2905 1424 2950 et
1452 2894 1783 2954 dominatum
1826 2902 2070 2959 obtineat

487 2991 543 3037 et
572 2981 624 3036 in
646 2982 859 3037 ctelo-et
882 2983 933 3037 in
951 2992 1112 3041 terra.
1132 2984 1275 3053 quod
1297 2984 1415 3056 ejus
1440 2986 1606 3056 gloria
1637 2989 1830 3061 ubique
1860 3004 2066 3063 regnet.

487 3072 603 3128 Non
632 3072 765 3128 dixit
797 3082 1003 3128 tantum
1024 3115 1040 3138 ,
1060 3072 1483 3142 Confertamini,
1517 3078 1614 3134 sed
1648 3092 1701 3136 ut
1746 3098 1839 3152 par
1868 3095 1952 3140 est
1973 3101 2068 3141 eos

486 3166 579 3235 qui
607 3165 974 3219 Dominotam
1006 3165 1130 3220 Gorti
1162 3168 1425 3233 serviunt,
1455 3167 1519 3223 In
1545 3170 1640 3225 Dei
1672 3174 1943 3243 agnitione.
1979 3176 2069 3231 Si-

486 3255 599 3311 mul
617 3255 776 3311 etiam
798 3256 1009 3326 attingit
1034 3257 1296 3313 rationem
1318 3260 1639 3330 cognitionis
1662 3280 1677 3317 :
1696 3279 1853 3319 error
1872 3267 2067 3337 quippe

484 3355 588 3411 est,
626 3346 794 3402 Deum
823 3362 929 3402 non
971 3356 1029 3402 ut
1057 3358 1271 3418 oportet
1312 3366 1493 3407 nosse.
1537 3358 1643 3408 Aut
1673 3365 1730 3409 ιιι
1766 3360 2021 3412 crescatis
2046 3400 2063 3426 ,

484 3437 675 3507 inquit,
705 3438 756 3492 in
788 3437 881 3493 Dei
920 3439 1211 3509 agnitione.
1241 3441 1374 3497 Nam
1418 3444 1464 3499 si
1498 3445 1593 3514 qui
1634 3446 1826 3502 Filium
1858 3452 2061 3517 nescit,

483 3545 583 3584 nec
610 3528 821 3585 Patrem
847 3531 1065 3601 quidem
1087 3534 1224 3599 scit,
1253 3537 1446 3592 merito
1472 3551 1606 3606 opus
1634 3548 1717 3594 est
1747 3541 2017 3611 agnitione
2047 3562 2061 3598 :

480 3621 678 3675 (statim
706 3620 906 3692 absque
935 3622 1021 3676 illa
1051 3623 1125 3679 nil
1152 3625 1372 3695 prodest
1403 3628 1534 3683 vita.
1560 3628 1633 3683 .ln
1662 3632 1800 3685 ontni
1816 3635 2064 3703 patientia

480 3721 525 3765 et
547 3712 948 3781 longanimitate,
976 3715 1165 3786 inquit,
1192 3733 1304 3771 cum
1325 3718 1535 3788 gaudio,
1566 3719 1652 3775 12.
1675 3724 1875 3793 gratias
1900 3742 2061 3794 agen-

479 3813 551 3858 tes
583 3804 710 3859 Deo.
751 3804 954 3861 Deinde
980 3820 1075 3862 eos
1111 3808 1529 3875 exhortaturus,
1561 3828 1666 3868 non
1696 3817 1945 3871 meminit
1969 3832 2062 3872 eo-

481 3910 598 3949 rum
630 3910 749 3965 quae
784 3906 909 3950 sunt
935 3898 1014 3952 eis
1052 3900 1361 3957 recondita:
1391 3903 1487 3957 sed
1517 3903 1618 3960 hoc
1647 3907 1860 3975 quidem
1904 3910 2062 3966 tacite

479 3987 818 4056 significavit,
852 3988 1039 4043 dicens
1064 3991 1496 4063 initiu,’Propter
1523 4012 1663 4066 spem
1696 4016 1814 4069 gnte
1840 4004 2061 4070 reposita

478 4090 549 4134 est
581 4080 716 4135 nobis
740 4081 804 4133 in
838 4082 983 4136 cadis
1009 4098 1028 4135 :
1058 4082 1144 4137 ltic
1172 4093 1369 4140 autem
1410 4090 1667 4145 meminit
1711 4104 1897 4149 eorum
1940 4112 2061 4166 quat

472 4173 584 4242 jam
622 4171 838 4229 fuerunt
887 4192 900 4228 :
948 4175 1415 4234 baacrenitn-sunt
1458 4195 1633 4237 causa:
1670 4184 1899 4241 illorum.
1948 4190 2059 4247 lloc

476 4278 639 4333 porro
668 4262 794 4319 facit
835 4265 886 4319 in
930 4266 1108 4321 multis
1141 4267 1292 4322 locis.
1323 4268 1455 4324 Nam
1499 4287 1620 4340 quae
1653 4274 1764 4342 jam
1807 4276 2054 4347 fuerunt,

474 4355 634 4411 ﬁdem
661 4356 876 4421 faciunt,
900 4364 953 4412 et
982 4358 1150 4428 magis
1179 4360 1413 4416 excitant
1434 4362 1753 4420 auditorem.
1781 4366 1906 4423 Cum
1929 4388 2058 4441 gau-

476 4449 580 4513 dio,
613 4449 819 4518 inquit,
848 4451 1040 4520 gratias
1064 4463 1266 4522 agentes
1300 4451 1426 4511 Deo.
1457 4454 1584 4512 Hzec
1612 4467 1694 4513 est
1716 4474 2054 4533 consequen-

476 4543 547 4594 tia
582 4559 594 4593 :
626 4541 741 4595 Non
764 4557 1036 4599 cessamus
1061 4559 1219 4602 orare
1248 4561 1346 4616 pro
1375 4549 1527 4605 vobis
1546 4593 1562 4617 ,
1595 4561 1649 4608 et
1674 4556 1871 4623 gratias
1895 4574 2055 4629 agere

475 4632 543 4686 de
574 4633 859 4701 prioribus.
904 4635 1065 4691 Vides
1092 4640 1361 4707 quomodo
1400 4642 1515 4712 ipse
1541 4648 1881 4717 aggrediatur
1908 4650 2053 4722 loqui

473 4723 543 4777 de
573 4722 907 4780 Filioi'Nam
934 4728 979 4782 si
1010 4742 1127 4783 cum
1155 4745 1348 4801 magno
1373 4736 1567 4803 gaudio
1596 4739 1797 4807 gratias
1822 4743 2051 4812 agimus,

485 4828 672 4883 magna
699 4823 821 4868 sunt
849 4831 965 4885 quat
986 4817 1252 4876 dicuntur.
1280 4822 1412 4878 Nam
1435 4834 1487 4881 et
1511 4830 1696 4898 gratia:
1720 4835 1803 4903 agi
1833 4846 2056 4904 possunt

474 4916 694 4974 propter
724 4906 897 4961 solum
935 4919 1168 4975 metum;
1200 4924 1421 4980 possunt
1445 4918 1604 4973 etiam
1643 4923 1728 4993 agi
1769 4926 1955 4995 gratias
1982 4929 2050 4985 ab

473 5012 541 5051 oo
568 4996 655 5067 qui
689 5006 773 5052 est
801 4998 854 5052 in
901 5012 1132 5054 maerore
1164 5018 1178 5055 :
1213 5012 1270 5057 ut
1304 5015 1448 5074 puta,
1479 5008 1581 5066 Job
1605 5013 1820 5082 quidem
1862 5018 2053 5088 agebat

472 5088 693 5158 gratias.
726 5088 1037 5146 seddolore
1059 5091 1282 5149 affectus
1305 5114 1320 5151 :
1344 5098 1572 5171 ideoque
1601 5104 1834 5173 dicebat,
1871 5109 2052 5166 Domi-

476 5198 573 5236 nus
601 5181 773 5247 dedit,
829 5181 1081 5239 Dominus
1115 5186 1322 5244 abstulit
1346 5191 1468 5261 (Job
1492 5194 1543 5249 1.
1591 5197 1707 5268 21).
1752 5200 1831 5257 Νε
1857 5203 2005 5261 dicas
2033 5247 2050 5271 ,

471 5286 579 5332 non
600 5272 788 5369 dolore
808 5288 928 5330 eum
950 5275 1191 5335 aliecisse
1217 5295 1424 5353 eaqure
1450 5283 1589 5343 facta
1617 5289 1849 5361 fuerant,
1879 5311 2052 5369 neque

468 5378 593 5458 eum
617 5363 861 5434 injecisse
884 5367 938 5422 in
958 5369 1122 5426 animi
1146 5373 1539 5445 aegritudinem,
1562 5396 1629 5435 ne
1645 5382 1775 5452 justi
1798 5363 2045 5458 magnum

470 5453 680 5510 auferas
705 5458 1029 5513 encomium.
1066 5461 1198 5518 Cum
1230 5477 1406 5522 autem
1441 5470 1691 5527 bcecsint
1720 5453 2046 5550 ltujusmodi,

470 5559 578 5599 non
600 5559 817 5615 propter
837 5560 1042 5606 metum
1063 5594 1078 5619 ,
1109 5570 1280 5626 neque
1312 5570 1529 5629 propter
1558 5564 1887 5624 dominatum
1919 5580 2046 5627 tan-

471 5645 607 5727 tum,
640 5639 731 5692 sed
765 5642 924 5697 etiam
954 5656 1170 5715 prepter
1196 5650 1361 5719 ipsam
1394 5668 1569 5709 rerum
1609 5668 1882 5727 naturam,
1913 5662 2046 5717 Gra-

468 5726 567 5779 tias
596 5729 789 5798 agimus
828 5733 904 5798 ei,
934 5736 1019 5804 qui
1064 5737 1243 5809 dignos
1287 5758 1377 5796 nos
1410 5745 1532 5814 fecit
1572 5747 1623 5802 in
1659 5762 1853 5821 partem
1898 5757 2049 5812 sortis

1240 300 1294 355 S.
1335 297 1605 355 JOANNES
1634 290 2107 353 CllRYSOSTOMl
2148 290 2460 348 ARClllEP.
2503 294 3029 355 CONSTANTINOP.
3647 313 3721 369 512

2202 420 2486 466 sanctorum
2512 414 2563 467 in
2595 414 2806 469 lumine.
2833 416 3073 486 Magnam
3101 432 3215 474 rem
3240 417 3479 491 loquutus
3499 433 3587 480 est.
3608 427 3717 485 'Llh

2199 510 2323 557 sunt
2342 519 2460 572 qua:
2490 504 2611 557 data
2642 516 2789 571 sunt,
2834 508 3043 577 inquit,
3077 518 3133 563 ut
3180 526 3287 564 non
3329 513 3495 567 solum
3526 516 3715 587 dederit,

2198 593 2289 648 sed
2320 595 2478 649 etiam
2511 595 2676 651 fortes
2700 596 2888 653 fecerit
2908 599 2974 652 ad
3000 601 3389 671 accipiendum.
3421 605 3560 671 Quod
3578 622 3716 667 autem

2197 683 2348 747 dixit,
2384 684 2447 737 Ei
2475 686 2562 754 qui
2584 686 2764 756 dignos
2793 704 2884 741 nos
2912 689 3051 757 fecit,
3079 706 3323 761 maguum
3358 696 3555 763 pondus
3576 711 3714 755 osten-

2196 773 2290 828 dit.
2328 773 2395 830 Ut
2427 776 2472 831 si
2499 779 2761 847 quispiam
2787 779 2983 835 inl‘unae
3006 782 3328 838 conditiOnis
3353 801 3447 840 rex
3472 786 3716 848 factusfac-

2195 867 2284 934 rit,
2316 877 2492 937 potest
2514 871 2599 924 cui
2624 871 2751 925 velit
2777 872 2905 927 dare
2927 874 3295 943 praefecturam
3321 894 3335 941 ;
3365 889 3417 933 et
3444 879 3569 935 hanc
3590 886 3713 943 solam

2194 960 2243 1014 ei
2275 969 2448 1029 potest
2476 960 2605 1018 dare
2629 963 2971 1032 dignitatem,
3003 968 3098 1023 sed
3127 984 3234 1024 non
3273 971 3518 1028 idoneum
3540 978 3715 1037 reddere

2192 1050 2257 1105 ad
2285 1052 2575 1120 gerendum
2608 1057 2974 1123 magistratum
3010 1059 3175 1129 (saepe
3204 1061 3363 1115 etiam
3401 1063 3548 1118 talem
3570 1084 3713 1137 quem-

2192 1144 2331 1213 piam
2375 1145 2657 1202 ridiculum
2692 1148 2818 1203 facit
2871 1150 3121 1221 honor):
3151 1152 3196 1205 si
3237 1162 3417 1207 autem
3458 1156 3711 1225 dignitatem

2189 1234 2429 1299 dederit,
2460 1247 2515 1293 et
2543 1249 2725 1308 aptum
2767 1240 2958 1296 fecerit
2987 1242 3054 1296 ad
3091 1242 3390 1308 honorem,
3428 1255 3483 1301 et
3520 1249 3711 1306 idoneum

2188 1328 2254 1381 ad
2276 1327 2814 1397 administrationem,
2841 1342 2969 1389 tunc
2989 1349 3050 1389 ea
3080 1349 3166 1389 res
3187 1344 3270 1390 est
3294 1335 3484 1392 honor.
3509 1339 3605 1394 Hoc
3619 1358 3712 1413 ergo

2189 1418 2277 1473 hic
2304 1434 2516 1490 quoque
2538 1421 2696 1487 dicit,
2736 1424 2878 1492 quod
2906 1439 3011 1479 non
3047 1425 3220 1479 solum
3250 1427 3407 1481 nobis
3434 1428 3617 1485 dederit
3636 1433 3711 1487 ho-

2187 1524 2396 1576 norem,
2429 1512 2525 1567 sed
2551 1516 2710 1567 etiam
2740 1514 2901 1568 fortes
2934 1513 3122 1569 feCerit
3149 1515 3215 1569 ad
3245 1516 3616 1587 accipiendum.

2257 1602 2310 1656 5.
2357 1602 2555 1672 Duplex
2580 1618 2709 1674 ergo
2733 1614 2816 1658 est
2854 1605 2939 1659 hic
2967 1605 3158 1671 honor,
3186 1607 3330 1676 quod
3362 1618 3414 1661 et
3444 1607 3653 1675 dederit,
3672 1624 3710 1667 et

2183 1695 2495 1765 accipiendo
2516 1696 2659 1751 dono
2684 1696 2873 1752 fecerit
2895 1706 3070 1767 aptos.
3096 1696 3214 1752 Non
3239 1698 3378 1753 dixit
3404 1700 3705 1767 solummodo,

2187 1786 2289 1854 Qui
2316 1789 2492 1855 dedit,
2523 1789 2617 1844 sed
2644 1790 2804 1845 etiam
2829 1831 2845 1856 ,
2882 1791 2982 1859 Qui
3008 1792 3309 1862 sufﬁcientes
3335 1802 3383 1847 et
3412 1794 3603 1849 idoneos
3625 1798 3711 1867 fecit

2181 1878 2235 1933 in
2264 1890 2459 1949 partem
2494 1883 2646 1936 sortis
2685 1893 2981 1938 sanctarum
3021 1885 3073 1938 in
3119 1884 3331 1944 lumine.
3376 1886 3491 1942 Hoc
3520 1898 3625 1957 est,
3646 1894 3711 1960 qui

2181 1984 2280 2025 nos
2306 1971 2591 2028 collocavit
2612 1988 2732 2029 cum
2758 1975 2981 2031 sanctis.
3009 1975 3113 2031 Sed
3139 1992 3244 2031 non
3271 1978 3449 2033 Solum
3471 1979 3618 2047 dixit,
3638 1982 3709 2049 Qui

2179 2062 2483 2129 collocavit,
2512 2065 2607 2120 sed
2632 2067 2816 2134 etiam,
2846 2067 2947 2135 Qui
2976 2067 3207 2137 praebuit
3236 2079 3293 2124 ut
3336 2070 3523 2125 iisdem
3553 2072 3709 2130 fruere-

2180 2168 2336 2207 ntur:
2369 2169 2492 2223 pars
2521 2164 2603 2210 est
2631 2156 2773 2212 enim
2807 2158 2955 2223 illud,
2990 2158 3131 2230 quod
3158 2162 3524 2232 unusquisque
3545 2166 3709 2235 accipit.

2180 2243 2363 2298 Potest
2388 2245 2531 2299 enim
2563 2246 2681 2302 fieri
2715 2257 2771 2302 ut
2797 2249 3059 2319 quispiam
3090 2250 3159 2305 sit
3198 2252 3250 2305 in
3280 2251 3469 2306 eadem
3511 2254 3708 2317 civitate,

2178 2351 2281 2391 non
2309 2348 2486 2393 autem
2514 2338 2722 2396 fruatur
2748 2341 2937 2397 iisdem
2964 2360 2979 2397 :
3006 2351 3063 2397 ut
3089 2352 3267 2398 autem
3298 2345 3537 2399 eamdem
3561 2345 3712 2402 habeat

2176 2441 2415 2499 partem,
2446 2440 2500 2487 et
2524 2447 2630 2488 non
2658 2432 2865 2489 fruatur
2890 2433 3077 2489 iisdem
3102 2476 3119 2502 ,
3164 2436 3385 2491 minime
3413 2450 3530 2492 esse
3556 2447 3709 2507 potest.

2174 2521 2318 2576 Fieri
2359 2531 2535 2593 potest
2563 2533 2621 2579 ut
2659 2525 2731 2580 sit
2773 2525 2824 2580 in
2854 2525 3042 2581 eadem
3070 2537 3216 2582 sorte
3239 2567 3256 2593 ,
3290 2537 3346 2582 et
3380 2543 3485 2582 non
3513 2529 3708 2585 eamdem

2175 2612 2368 2671 habeat
2406 2625 2611 2687 partem
2638 2635 2651 2671 :
2675 2617 2909 2687 exempli
2940 2633 3099 2674 causa
3120 2660 3137 2686 ,
3166 2618 3221 2673 in
3248 2630 3399 2675 sorte
3429 2634 3603 2675 sumus
3618 2637 3710 2675 om-

2174 2721 2305 2774 nes,
2337 2707 2433 2763 sed
2468 2722 2573 2763 non
2613 2709 2856 2765 eamdem
2893 2709 3153 2765 habemus
3178 2721 3413 2781 partem.
3452 2712 3547 2767 llic
3568 2722 3708 2768 autem

2172 2815 2279 2856 non
2306 2801 2407 2856 hoc
2431 2801 2591 2869 dicit,
2622 2801 2718 2859 sed
2744 2802 2904 2859 etiam
2929 2813 3138 2872 partem
3157 2819 3279 2858 cum
3310 2814 3479 2860 sorte.
3507 2804 3605 2859 Cur
3620 2822 3710 2861 sor-

2173 2900 2278 2947 tem
2303 2901 2456 2948 vocat
2474 2892 2497 2946 ?
2518 2892 2819 2950 Ostendens
2847 2894 3116 2949 neminem
3141 2910 3207 2949 ex
3228 2893 3389 2950 bonis
3413 2895 3524 2950 suis
3544 2895 3710 2950 actibus

2171 2992 2226 3038 et
2248 2993 2393 3039 recte
2429 2983 2583 3040 factis
2617 3000 2840 3055 regnum
2870 2985 3086 3055 assequi
3119 3002 3133 3039 :
3166 2986 3260 3040 sed
3294 2995 3351 3039 ut
3376 3000 3497 3041 sors
3522 3002 3581 3041 ex
3603 2988 3709 3041 bono

2169 3085 2365 3133 eventu
2406 3078 2584 3148 potius
2613 3077 2838 3143 accidit,
2872 3078 2944 3133 ita
2980 3078 3065 3133 hic
3106 3093 3341 3149 quoque.
3381 3077 3566 3133 Nullus
3598 3080 3706 3133 enim

2172 3169 2278 3224 tale
2305 3169 2426 3224 vita:
2454 3185 2565 3224 sua:
2596 3169 2895 3225 institutum
2925 3167 3165 3236 exhibet,
3190 3179 3247 3223 ut
3271 3169 3473 3240 dignus
3497 3169 3709 3225 habeatur

2169 3273 2337 3329 regno
2360 3300 2375 3325 ,
2405 3258 2500 3315 sed
2529 3269 2695 3315 totum
2738 3267 2821 3315 est
2843 3275 2908 3315 ex
2944 3261 3036 3315 Dei
3066 3259 3232 3315 dono.
3263 3259 3554 3330 Propterea
3579 3259 3706 3324 dicit,

2166 3350 2293 3406 Cum
2341 3352 2556 3423 feceritis
2625 3354 2827 3419 omnia,
2876 3353 3047 3419 dicite,
3099 3353 3241 3407 Servi
3294 3353 3501 3405 inutiles
3541 3367 3710 3405 suam:

2167 3462 2287 3500 nam
2347 3462 2461 3515 qua:
2503 3446 2762 3503 debuimus
2810 3449 3013 3517 facere,
3054 3445 3261 3516 fecimus
3291 3444 3461 3516 (Luc.
3505 3444 3584 3498 17.
3614 3444 3706 3512 l0).

2167 3538 2233 3593 In
2272 3548 2466 3609 partem
2505 3539 2657 3593 sortis
2707 3547 2997 3592 sanctorum
3035 3538 3088 3590 iu
3127 3537 3363 3599 lumine;
3408 3536 3511 3591 hoc
3534 3545 3638 3599 est,
3669 3536 3706 3589 in

2165 3630 2489 3702 cognitione.
2541 3631 2761 3685 Videtur
2789 3640 2969 3687 autem
3008 3629 3138 3684 mihi
3177 3630 3337 3684 simul
3383 3630 3561 3683 dicere
3587 3639 3632 3683 et
3657 3628 3706 3681 de

2165 3724 2517 3796 praesentibus
2547 3732 2601 3781 et
2626 3724 2693 3780 de
2719 3724 2926 3778 futuris.
2961 3724 3164 3779 Deinde
3188 3723 3432 3778 ostendit
3453 3739 3533 3789 ea,
3558 3722 3708 3793 quibus

2165 3816 2309 3887 digiti
2354 3831 2539 3871 sumus
2568 3816 2755 3870 habiti.
2785 3815 2968 3885 Neque
2989 3816 3134 3870 enim
3170 3814 3271 3868 hoe
3300 3815 3479 3869 solum
3509 3813 3708 3867 mirabile

2162 3922 2276 3977 est,
2306 3910 2446 3981 quod
2475 3925 2639 3980 regno
2667 3909 2866 3979 dignati
2895 3908 3191 3973 fuerimus;
3226 3906 3323 3962 sed
3357 3908 3519 3961 etiam
3541 3905 3707 3960 adden-

2164 4005 2289 4061 dum
2316 4014 2420 4072 est,
2439 4004 2654 4074 quinam
2672 4018 2795 4058 cum
2820 4017 3062 4057 essemus
3089 4020 3102 4054 :
3130 4016 3233 4054 non
3260 4009 3391 4054 sunt
3413 4000 3552 4054 enim
3574 3998 3703 4067 paris.

2162 4095 2317 4162 Quod
2346 4095 2561 4165 quidem
2604 4093 2727 4148 facit
2764 4093 2927 4148 etiam
2972 4092 3022 4146 in
3056 4091 3294 4160 Epistola
3327 4090 3396 4145 ad
3430 4090 3703 4145 Romanas:

2173 4187 2269 4242 Via:
2295 4189 2427 4242 enim
2451 4202 2542 4257 pro
2572 4188 2719 4257 justo
2746 4186 2856 4254 quis
2885 4185 3125 4237 morietur
3156 4198 3173 4235 :
3200 4198 3294 4253 pro
3325 4182 3460 4236 bona
3480 4182 3600 4235 etum
3622 4184 3706 4249 for-

2162 4288 2294 4333 tasse
2313 4278 2425 4348 quis
2449 4277 2600 4332 audet
2628 4276 2755 4330 mori
2781 4276 2957 4346 (liam.
2982 4275 3036 4330 5.
3066 4274 3145 4343 7).
3182 4274 3266 4328 15.
3304 4273 3409 4341 Qui
3438 4273 3610 4342 eripuit
3640 4286 3707 4323 nos

2160 4371 2223 4425 de
2250 4380 2493 4441 potestate
2537 4368 2887 4432 tenebrarum,
2919 4366 3110 4437 inquit.
3158 4366 3212 4421 ln
3242 4365 3341 4421 illo
3366 4374 3538 4419 totum
3578 4365 3703 4419 situm

2159 4472 2260 4528 est,
2288 4472 2344 4518 et
2370 4460 2486 4517 haec
2519 4460 2647 4515 dare
2672 4469 2724 4515 et
2755 4460 2839 4513 illa
2866 4476 2879 4513 :
2913 4472 3173 4528 nusquam
3207 4456 3356 4512 enim
3390 4466 3620 4510 nostrum
3644 4462 3705 4507 est

2159 4554 2301 4625 quod
2338 4564 2483 4610 recte
2512 4554 2735 4623 geritur.
2768 4551 2845 4606 De
2875 4560 3117 4621 potestate
3144 4550 3468 4604 tenebrarum
3488 4590 3504 4616 ,
3536 4548 3703 4616 inquit;

2159 4646 2263 4702 hoc
2283 4647 2668 4709 est,aberrore
2692 4685 2708 4711 ,
2737 4659 2767 4697 a
2792 4642 2988 4697 diaboli
3024 4640 3325 4712 tyrannide.
3356 4638 3478 4695 Non
3503 4639 3622 4693 dixit
3640 4650 3705 4689 so-

2158 4737 2269 4793 lum
2297 4778 2311 4802 ,
2343 4735 2419 4790 De
2448 4735 2682 4791 tenebris
2703 4774 2719 4801 ,
2753 4733 2846 4789 sed
2869 4772 2888 4799 ,
2935 4731 3017 4786 De
3046 4741 3293 4802 potestate
3316 4746 3339 4784 :
3370 4732 3425 4785 in
3474 4745 3568 4784 nos
3592 4729 3703 4783 enim

2159 4843 2404 4900 magnam
2451 4827 2638 4883 habuit
2681 4833 3040 4895 potestatem,
3087 4832 3142 4878 et
3182 4822 3235 4877 itt
3282 4837 3383 4877 nos
3413 4821 3701 4876 dominatum

2156 4919 2403 4975 obtinuit.
2440 4917 2534 4971 Est
2554 4917 2694 4972 enim
2719 4930 2881 4985 grave
2902 4914 2981 4969 vel
3009 4914 3181 4968 solum
3208 4926 3331 4968 esse
3352 4912 3457 4968 sub
3480 4912 3700 4968 diabolo;

2158 5027 2279 5067 cum
2319 5018 2582 5079 potestate
2623 5018 2801 5063 autem
2826 5048 2840 5072 ,
2874 5016 2956 5061 est
3005 5005 3105 5060 hoc
3145 5020 3359 5076 quoque
3403 5004 3626 5075 gravius.
3653 4998 3702 5052 Et

2155 5104 2435 5167 transtulit,
2468 5101 2657 5171 inquit,
2686 5102 2738 5154 in
2766 5117 2977 5170 regnum
3004 5097 3130 5152 Filii
3159 5098 3447 5152 dilectionis
3473 5111 3591 5152 sua.
3614 5092 3701 5147 Non

2158 5208 2287 5265 ergo
2316 5192 2489 5248 solum
2533 5193 2586 5246 in
2631 5191 2947 5246 liberatione
2972 5206 3000 5242 a
3044 5188 3280 5243 tenebris
3320 5187 3555 5242 ostendit
3582 5197 3700 5239 suam

2156 5286 2538 5357 benignitatem
2567 5302 2580 5338 :
2612 5299 2857 5354 magnum
2890 5282 3103 5352 quidem
3133 5290 3213 5334 est
3244 5279 3503 5333 liberasse
3530 5294 3557 5331 a
3584 5286 3702 5330 tenv-

2156 5382 2289 5443 bris.
2321 5381 2377 5436 in
2404 5394 2626 5449 regnum
2655 5387 2832 5431 autem
2861 5376 3019 5430 etiam
3050 5372 3434 5439 introduxisse,
3460 5380 3540 5425 est
3568 5368 3701 5422 nmio

2157 5472 2349 5542 majus.
2383 5471 2515 5526 Vide
2542 5484 2670 5539 ergo
2714 5482 2873 5538 quam
2910 5465 3185 5535 multiplex
3230 5465 3298 5518 sit
3324 5464 3559 5525 donum;
3587 5455 3700 5526 quod

2155 5566 2211 5621 in
2234 5564 2343 5619 imo
2358 5561 2600 5632 jacentcs
2623 5574 2721 5614 nos
2741 5557 3045 5613 liberaverit
3068 5572 3082 5619 ;
3106 5554 3246 5625 quod
3276 5569 3381 5607 non
3409 5552 3578 5605 solum
3605 5550 3703 5601 libo

2155 5657 2372 5720 raverit,
2403 5654 2494 5709 sed
2524 5663 2682 5709 etiam
2711 5651 2767 5705 in
2795 5664 3018 5722 regnum
3045 5646 3395 5703 transtulerit.
3424 5645 3524 5710 Qui
3548 5640 3702 5704 eripuit

2155 5770 2265 5809 nos.
2294 5752 2407 5808 bon
2440 5755 2593 5822 dixit,
2626 5753 2796 5825 Ejecit
2817 5792 2834 5823 ,
2878 5759 2970 5815 sed
2996 5796 3012 5825 ,
3046 5751 3269 5821 Eripuit,
3295 5748 3582 5805 ostendens
3604 5746 3700 5787 uta-
