4032 6514
435 336 540 394 515

431 454 714 516 σκότους.
740 450 873 521 φησί
894 467 908 482 ο
947 451 1210 516 τουτέστι,
1245 453 1345 522 τῆς
1376 452 1604 523 πλάνης,
1632 451 1724 504 τοῦ
1759 450 2004 504 διαϐόλου

433 535 532 606 τῆς
563 536 894 607 τυραννίδος.
923 523 929 530 ’
955 536 1071 590 Οὐκ
1128 534 1280 591 εἶπεν
1319 538 1526 602 ἁπλῶς,
1577 541 1821 605 σκότους,
1867 538 2005 606 ἀλλ’,

445 621 796 688 Ἐξουσίαςο
857 621 1060 692 πολλὴν
1109 625 1218 696 γὰρ
1255 626 1414 696 ἡμῶν
1456 621 1570 695 εἶχε
1603 625 1700 697 τὴν
1731 625 2004 691 ἐξουσίαν,

432 709 527 762 καὶ
559 709 782 778 ἐκράτει
819 710 997 780 ἡμῶν.
1041 712 1290 767 Χαλεπὸν
1343 714 1442 784 μὲν
1471 714 1579 785 γάρ
1610 713 1705 767 καὶ
1733 714 1793 766 τὸ
1821 712 2007 775 ἁπλῶς

429 791 571 849 εἶναι
621 796 726 850 ὐπὸ
786 796 864 866 τῷ
915 797 1178 868 διαϐόλῳο
1234 800 1295 853 τὸ
1325 801 1381 854 δὲ
1429 801 1524 855 καὶ
1565 801 1682 880 μετ’
1731 799 2000 867 ἐξουσίας,

429 882 585 935 τοῦτο
618 882 1014 956 χαλεπώτερον.
1042 886 1153 940 Καὶ
1182 889 1541 957 μετέστησε,
1567 889 1752 960 φησὶν,
1775 890 1863 955 εις
1888 888 2001 956 τὴν

422 969 750 1032 ,βασιλείαν
785 973 892 1027 τοῦ
934 975 1071 1029 Υίοῦ
1109 975 1220 1043 τῆς
1243 975 1482 1045 ἀγάπης
1508 976 1715 1037 αὐτοῦ.
1753 977 1865 1030 Οὐκ
1894 978 2001 1047 ἄρα

420 1057 512 1117 ,είς
542 1055 642 1126 τὴν
669 1058 995 1132 ἀπαλλαγὴν
1027 1061 1120 1114 τοῦ
1155 1063 1378 1125 σκότους
1411 1065 1570 1134 μόνον
1605 1064 1804 1128 ἔδειξεν
1833 1063 1998 1117 αὐτοῦ

422 1141 524 1213 τὴν
546 1142 978 1215 φιλανθρωπίαν.
1015 1149 1178 1216 Μέγα
1208 1150 1307 1219 μὲν
1326 1145 1419 1204 οὖν
1439 1151 1532 1203 καὶ
1562 1151 1622 1204 τὸ
1653 1150 1744 1204 τοῦ
1774 1153 1999 1217 σκότους

426 1229 766 1298 ἀπαλλάξαι·
843 1233 905 1286 τὸ
949 1233 1005 1287 δὲ
1058 1235 1155 1289 καὶ
1204 1238 1285 1301 εἰς
1339 1235 1616 1307 βασιλείαν
1663 1241 1997 1310 εἰσαγαγεῖν,

429 1315 608 1389 πολλῷ
636 1320 844 1390 μεῖζον.
863 1321 1008 1393 Ὀρα
1037 1318 1131 1376 οὖν
1175 1323 1292 1388 πῶς
1321 1324 1659 1382 πολύπλοκον
1701 1327 1909 1396 γίνεται
1939 1329 2000 1383 τὸ

421 1403 618 1474 δῶρον,
673 1407 760 1459 ὃτι
815 1407 876 1462 ἐν
921 1410 999 1480 τῷ
1057 1409 1292 1482 πυθμένι
1353 1413 1638 1483 κειμένους
1688 1415 1994 1486 ἀπήλλαξεν

425 1494 594 1562 ἡμᾶς,
629 1495 712 1549 ὅτι
744 1497 845 1551 οὐκ
869 1499 1146 1570 ἀπήλλαξε
1189 1501 1368 1572 μόνον,
1407 1502 1545 1557 ἀλλά
1573 1506 1665 1560 καὶ
1693 1506 1990 1577 μετέθηκεν

416 1583 504 1642 εἰς
533 1581 828 1652 βασιλείαν.
861 1587 958 1652 ’ος
1010 1587 1305 1656 ἐρῤύσατο
1350 1589 1528 1659 ἡμᾶς.
1555 1593 1670 1646 Οὐκ
1701 1589 1872 1658 εἶπεν,
1906 1594 1993 1660 ἐξ·

425 1667 640 1734 ἔϐαλεν,
667 1671 803 1737 ἀλλ’,
839 1673 1184 1742 Ἐρῤύσατυ,
1219 1676 1318 1747 τὴν
1372 1677 1573 1751 πολλὴν
1619 1681 1994 1754 ταλαιπωρίαν

421 1756 636 1822 δεικνὺς
665 1759 845 1830 ἡμῶν,
900 1763 996 1816 καὶ
1043 1763 1265 1819 ἐκείνων
1308 1765 1407 1839 τὴν
1433 1767 1831 1840 αἰχμαλωσίαν.
1862 1767 1996 1826 Εἶτα

422 1841 604 1895 καὶτὸ
635 1841 856 1901 εὔκολον
903 1849 1005 1919 τῆς
1040 1849 1136 1903 τοῦ
1170 1851 1306 1906 Θεοῦ
1349 1854 1663 1924 δυνάμεως·
1701 1857 1807 1912 Καὶ
1853 1875 1992 1928 μετ-

420 1926 665 2016 έστησε,
718 1933 884 2004 φησίν
904 1951 919 1967 ο
977 1936 1166 2009 ῶσπερ
1199 1938 1265 1992 ἂν
1297 1939 1351 1994 εῐ
1374 1957 1460 2004 τις
1501 1926 1866 2016 στρατιώτην-
1887 1946 1994 2000 ἀπὸ

419 2014 588 2072 τόπου
620 2021 700 2084 είς
735 2023 900 2078 τόπον
945 2028 1271 2096 μεταγάγοι.
1312 2029 1420 2083 Καὶ
1444 2031 1545 2085 οὐκ
1577 2027 1718 2098 εἷπε,
1756 2014 1995 2105 μετήγα-

420 2118 536 2191 γεν,
563 2105 682 2161 οὐδὲ
710 2110 977 2180 μετέθηκε
1002 2128 1016 2143 ο
1055 2113 1117 2167 τὸ
1148 2116 1247 2185 μὲν
1275 2116 1381 2188 γὰρ
1403 2117 1521 2171 ὅλον
1541 2119 1637 2172 τοῦ
1673 2121 1993 2191 μεταθέντας

411 2185 509 2262 ἦν,
529 2192 591 2244 οὐ
617 2191 708 2246 τοῦ
739 2197 1084 2265 μετελθόντος
1108 2213 1132 2240 ι
1157 2220 1170 2233 ο
1202 2185 1362 2268 ἀλλὰ,
1387 2185 1793 2276 Μετέστησεν,
1816 2185 1990 2273 εἶπεν,

419 2277 560 2332 ὥστε
597 2280 690 2334 καὶ
724 2283 882 2353 ἡμῶν
908 2287 1003 2339 καὶ
1032 2287 1196 2341 αὐτοῦ
1227 2290 1383 2344 τοῦτο
1424 2293 1703 2362 γενέσθαι.
1740 2297 1843 2362 Είς
1877 2297 1992 2366 τὴν

413 2364 743 2456 ,ϐασιλείαν
794 2371 902 2426 τοῦ
968 2376 1011 2427 Υ
1011 2374 1104 2430 ιοῦ
1161 2375 1271 2445 τῆς
1317 2379 1557 2448 ἀγάπης
1607 2383 1814 2438 αὐτοῦ.
1876 2364 1986 2456 Οὐχ

409 2451 605 2517 ἁπλῶς
661 2452 804 2523 εἷπε,
854 2458 1130 2529 βασιλείαν
1172 2465 1437 2535 οὐρανῶν,
1479 2467 1615 2521 άλλά
1663 2451 1985 2543 σεμνότερον

410 2539 710 2610 εἰργάσατο
742 2544 835 2599 τὸν
860 2545 1040 2615 λόγον,
1087 2551 1415 2606 Βασιλείαν
1455 2555 1591 2609 Υιοῦ
1628 2539 1797 2610 εἰπών
1820 2577 1832 2590 ·
1865 2539 1981 2613 τού-

412 2644 508 2682 του
533 2629 642 2702 γὰρ
657 2631 811 2686 οὐδὲν
843 2635 1026 2705 μεῖζον
1051 2637 1358 2710 ἐγκώμιον⁴
1386 2640 1416 2695 ὃ
1440 2644 1533 2697 καὶ
1551 2643 1782 2716 ἀλλαχοῦ
1800 2665 1984 2718 φησιν’

415 2717 487 2769 ει
518 2719 918 2790 ὑπομένομεν,
959 2724 1058 2777 καὶ
1107 2729 1700 2802 συμϐασιλεύσομεν.
1733 2717 1987 2791 Τῶναύ-

413 2802 524 2857 τῶν
557 2805 788 2875 ἠξίωσεν
808 2811 976 2898 ἡμᾶς,
1012 2813 1170 2898 φησὶ,
1204 2815 1282 2884 τῷ
1313 2817 1424 2889 Υίῷ
1443 2835 1457 2850 ·
1493 2821 1586 2874 καὶ
1613 2823 1674 2875 οὐ
1703 2823 1862 2878 τοῦτο
1891 2827 1988 2898 μό-

413 2907 526 2955 νον,
565 2892 703 2948 άλλά
735 2895 830 2950 καὶ
863 2897 896 2968 ἡ
927 2897 1196 2966 ἐπίτασις,
1245 2901 1325 2972 τῷ
1371 2905 1661 2980 ἀγαπητῷ.
1715 2911 1855 2977 Τοὺς
1891 2892 1983 2986 ἐχ-

409 2978 598 3052 θροὺς,
634 2983 760 3048 τούς
793 2986 1232 3059 ἐσκοτισμένους,
1265 2991 1460 3065 ἀθρόον
1490 2978 1592 3050 που
1613 2978 1827 3068 αὐτοὺς
1853 2978 1985 3075 μετ-

409 3067 662 3138 έστησεν,
696 3069 825 3126 ἔνθα
872 3075 901 3128 6
937 3075 1085 3140 Υίὸς,
1119 3079 1199 3141 είς
1244 3078 1345 3151 τὴν
1375 3081 1543 3154 αὐτ-ἡν
1576 3085 1768 3159 ἐκείνῳ
1793 3067 1981 3163 τιμήν.

411 3153 522 3210 Καὶ
549 3156 670 3211 οὐδέ
699 3159 876 3233 τούτῳ
902 3162 1150 3235 ἠρκέσθη
1179 3165 1348 3236 μόνῳ,
1385 3153 1507 3222 ἀλλί
1527 3171 1612 3226 ἵνα
1643 3153 1789 3248 δείξῃ
1841 3153 1984 3248 μέγα

411 3241 473 3296 τὸ
499 3243 692 3316 δῶρον,
728 3247 830 3302 οὐκ
877 3250 1120 3322 ἠρκέσθη
1168 3253 1246 3325 τῷ
1281 3257 1475 3321 εἰπεῖν,
1525 3241 1821 3329 βασιλείαν,
1842 3241 1982 3321 ἀλλά

403 3331 506 3384 καὶ
531 3332 639 3387 τοῦ
676 3335 813 3390 Υίοῦ
837 3339 1149 3410 προσέθηκε
1166 3355 1179 3369 °
1229 3342 1321 3395 καὶ
1345 3342 1466 3396 οὐδέ
1499 3347 1694 3416 τούτῳ,
1725 3350 1864 3405 ἀλλὰ
1890 3355 1983 3408 καὶ

407 3417 502 3473 τῦῦ
535 3420 822 3496 ἀγαπητοῦ
845 3443 857 3456 ·
899 3428 994 3482 καὶ
1014 3429 1135 3484 οὐδὲ
1157 3430 1351 3504 τούτῳ,
1381 3435 1516 3488 ἀλλά
1551 3438 1643 3492 καὶ
1665 3440 1724 3492 τὸ
1761 3441 1858 3511 τῆς
1884 3445 1984 3511 φύ-

408 3522 548 3571 σεως
581 3509 818 3582 ἔντιμον.
849 3514 915 3567 Τί
957 3516 1064 3588 γάρ
1094 3535 1259 3588 φησιν
1279 3535 1299 3584 ς
1337 3520 1446 3587 ’⁷ος
1477 3523 1650 3576 ἐστιν
1672 3509 1850 3580 εικὼν
1874 3509 1982 3584 τοῦ

405 3596 558 3652 Θεοῦ
587 3600 694 3654 τοῦ
730 3602 1008 3671 ἀοράτου.
1053 3606 1191 3660 Ἀλλ’
1208 3609 1316 3661 οὐκ
1345 3609 1548 3673 εὐθέως
1581 3613 1672 3666 ἐπὶ
1702 3614 1860 3670 τοῦτο
1886 3614 1980 3690 ἦλο

405 3683 518 3745 θεν,
548 3685 682 3739 ἀλλά
713 3691 1050 3760 παρενέόαλε
1086 3693 1185 3766 τὴν
1230 3696 1546 3767 εὐεργεσίαν
1575 3700 1674 3770 τὴν
1699 3703 1780 3767 εἰς
1809 3683 1976 3775 ἡμάς.

405 3770 522 3866 Ἵνα
551 3775 660 3846 γὰρ
695 3777 769 3848 μὴ
803 3780 1036 3848 ἀκούων,
1069 3784 1154 3837 ότι
1182 3785 1241 3838 τὸ
1271 3789 1379 3839 πᾶν
1406 3787 1498 3866 τοῦ
1532 3791 1743 3863 Πατρός
1894 3770 1980 3850 νο-

407 3857 568 3933 μίσῃς
599 3863 692 3914 τὸν
741 3864 868 3917 Υίὸν
916 3868 1073 3930 ἐκτὸς
1125 3867 1284 3935 εἶναι,
1332 3865 1515 3928 δίδωσι
1555 3878 1616 3930 τὸ
1646 3857 1754 3933 πᾶν
1781 3857 1872 3936 καὶ
1901 3883 1978 3955 τῷ

401 3946 539 4016 Υίῷ,
570 3947 754 4002 δίδωσι
783 3952 878 4040 καὶ
915 3953 995 4022 τῷ
1046 3957 1238 4026 Πατρί.
1288 3959 1523 4025 Ἐκεῖνος
1569 3965 1666 4034 μὲν
1703 3969 1810 4040 γὰρ
1850 3946 1979 4040 μετ’·

401 4031 621 4102 έθηκεν,
649 4029 931 4101 ἀλλὀὗτος
959 4039 1057 4110 τὴν
1079 4043 1258 4096 αἰτίαν
1282 4048 1542 4118 παρέσχε.
1569 4029 1634 4105 Τί
1654 4029 1760 4124 γάρ
1781 4029 1972 4128 φησινς

406 4122 507 4188 Ὃς
535 4123 829 4192 ἐρῤὐσατο
857 4127 1014 4195 ἡμᾶς
1035 4129 1103 4186 ἐκ
1132 4130 1240 4214 τῇς
1253 4133 1540 4202 ἐξουσίας
1557 4139 1664 4193 τοῦ
1691 4122 1973 4214 σκότους.

399 4209 605 4264 Ταύτὸν
630 4211 686 4265 δὲ
710 4214 826 4268 ἐστὶ
857 4214 955 4286 τῷ,
990 4217 1094 4271 Ἐν
1138 4212 1186 4286 ᾦ
1220 4220 1438 4291 ἔχομεν
1464 4225 1580 4293 τὴν
1625 4209 1973 4301 ἀπολύτρω-

393 4313 522 4362 σιν,
565 4297 682 4368 τὴν
715 4299 940 4371 ἄφεσιν
970 4303 1088 4358 τῶν
1122 4306 1574 4378 ἁμαρτημάτων·
1629 4316 1692 4369 EE
1735 4297 1872 4390 γὰρ’
1896 4322 1973 4396 μὴ

391 4385 703 4457 ἁφείθημεν
740 4389 847 4444 τῶν
879 4391 1310 4478 ἁμαρτημάτων,
1341 4397 1440 4451 οὐκ
1488 4399 1554 4454 ἂν
1603 4385 1969 4478 μετέστημενί

409 4474 540 4527 Ἰδοὺ
569 4475 730 4530 πάλιν
764 4477 999 4533 ἐνταῦθα
1030 4479 1109 4542 τὸ,
1153 4481 1256 4536 Ἐν
1369 4485 1478 4539 Καὶ⁵
1503 4487 1600 4544 οὐκ
1625 4484 1745 4545 εἶπε
1767 4474 1973 4568 λύτρω-

395 4575 501 4620 σιν,
550 4561 664 4613 ἀλλ’
696 4564 1118 4637 Ἀπολύτρωσιν,
1164 4565 1305 4623 ὥστε
1352 4573 1486 4644 μηδὲ
1532 4581 1719 4632 πεσεῖν
1761 4561 1966 4648 λοιπον,

396 4646 531 4716 μηδὲ
565 4649 815 4715 γενέσθαι
848 4651 1095 4724 θνητούς.
1122 4656 1231 4722 ’Ὃς
1270 4657 1443 4713 ἐστιν
1466 4661 1643 4717 εἰκὼν
1669 4666 1776 4720 τοῦ
1820 4646 1969 4725 Θεοῦ

390 4734 497 4788 τοῦ
543 4735 822 4804 ἀοράτου,
873 4742 1246 4811 πρωτότοκος
1301 4746 1504 4816 πάσης
1551 4752 1821 4821 κτΙσεως.
1874 4758 1968 4823 El;

389 4820 613 4915 ζήτημα
641 4825 986 4915 ἐμπίπτομεν
1037 4826 1188 4904 [358]
1243 4835 1513 4904 αίρετικόν
1537 4855 1551 4869 ⁸
1609 4838 1689 4894 διὸ
1719 4820 1959 4915 σὴμερον

388 4908 864 4982 ἀναϐαλλομένους
889 4912 1078 4986 αὔριον
1100 4918 1256 4972 τοῦτο
1297 4922 1611 4994 προσθεῖναι
1642 4927 1744 4994 δεῖ,
1770 4908 1956 5002 ἀκμα-

385 4994 608 5062 ζούσαις
643 5000 797 5070 ὑμῶν
829 5004 949 5066 ταῖς
981 5004 1170 5070 ἀκοαῖς
1200 5007 1655 5078 προσϐάλλοντας.
1691 5017 1753 5070 Εἰ
1792 4994 1860 5072 δὲ’
1879 5020 1960 5074 δεῖ

382 5098 436 5134 τι
464 5082 625 5138 πλέον
653 5087 846 5152 εἰπεῖν,
873 5087 1059 5158 μεῖζον
1081 5092 1173 5145 τοῦ
1204 5093 1333 5148 Υἱοῦ
1352 5097 1529 5168 ἔργον.
1564 5100 1718 5170 Πῶς;
1754 5105 1958 5161 Ἐκεῖνο

384 5168 486 5239 μὲν
519 5171 627 5242 γάρ
661 5173 924 5229 ἀδύνατον
954 5177 1186 5247 γίνεται,
1230 5183 1291 5236 τὸ
1321 5187 1379 5240 ἐν
1430 5191 1542 5252 τοῖς
1597 5168 1958 5266 ἁμαρτήμασι

383 5257 605 5326 μένουσι
664 5261 847 5316 δοῦναι
895 5263 1192 5335 βασιλείαν,
1249 5272 1407 5327 τοῦτο
1450 5274 1507 5328 δὲ
1557 5278 1956 5352 εὐκολώτερον·

331 5370 334 5374 ·
377 5345 521 5400 ὥστε
555 5351 619 5420 τῇ
651 5349 829 5424 δωρεᾷ
851 5353 1172 5428 ὡδοποίησε.
1205 5357 1270 5413 Τί
1308 5359 1520 5431 λέγεις;
1553 5365 1674 5419 Τῶν
1703 5345 1958 5442 ἁμαρτη-

382 5434 568 5503 μάτων
601 5453 659 5490 σε
684 5441 844 5503 αὐτὸς
889 5443 1119 5514 ἀφῆκεν,
1156 5447 1352 5501 οὐκοῦν
1374 5452 1468 5505 καὶ
1493 5453 1656 5518 αὐτὸς
1681 5459 1955 5530 προσήγα-

378 5539 494 5591 γεν.
522 5526 659 5599 Ἤδη
691 5531 1124 5601 προκατεϐάλετο
1149 5536 1243 5591 τοῦ
1279 5537 1552 5610 δόγματος
1580 5543 1677 5615 τὴν
1707 5526 1880 5614 ῥίζαν.

439 5643 458 5668 ⁸
485 5645 634 5728 δίης.
669 5650 843 5728 ξσνίιη
874 5656 998 5728 ρῦτε
1015 5658 1446 5728 μετέθηκεῙ-Ἵὶστε
1475 5663 1539 5728 pi},
1565 5663 1652 5712 τοῦ
1679 5669 1955 5728 μεταθέντος

373 5705 485 5753 ὅλον
499 5708 554 5780 τρ
573 5705 854 5779 ἱατὸρθωμα

373 5782 653 5828 ονε-(κοντος.

401 5785 653 5827 νεγκοντος.

1107 338 1165 395 S.
1201 337 1486 397 JOANNIS
1521 334 2006 394 CIIRYSOSTOMI
2058 336 2376 393 ARCHIEP.
2411 335 2964 395 CONSTANTRNOP.

3579 337 3700 390 314

2189 451 2252 508 δ’.
2285 453 2432 518 Τέως
2460 453 2516 508 δὲ
2543 454 2719 508 ἐκεῖνο
2743 453 2988 518 εἰπόντας
3023 452 3369 507 καταπαῦσαι
3405 453 3492 508 τὸν
3524 455 3702 523 λόγον

2113 539 2348 610 ἀνάγκη.
2377 541 2536 593 Ποῖον
2567 541 2631 610 δὴ
2664 541 2854 608 τοῦτο;
2893 542 3014 594 Ὀτι
3042 541 3306 611 τοσαύτης
3337 543 3698 597 ἀπολαύσανο

2113 641 2202 688 τες
2231 625 2546 698 εὐεργεσίας
2571 629 2658 680 ἀεὶ
2678 627 2880 698 ταύτης
2914 627 3222 698 μεμνῆσθαι
3253 629 3561 698 ὀφείλομεν,
3589 632 3701 685 καί

2114 707 2365 777 στρέφειν
2393 708 2682 772 διαπαντὸς
2709 711 2766 763 ἐν
2794 712 3003 774 ἑαυτοῖς
3035 713 3132 782 τὴν
3159 711 3253 764 τοῦ
3277 712 3413 765 Θεοῦ
3443 714 3694 785 δωρεὰν,

2111 795 2205 848 καὶ
2234 795 2393 851 τίνων
2417 799 2834 870 ἀπηλλάγημεν,
2865 800 2960 853 καὶ
2978 799 3135 854 τίνων
3169 801 3432 872 ἐτύχομεν
3454 805 3693 856 ἐννοείνδ

2111 881 2207 935 καὶ
2235 880 2410 948 οὕτως
2469 885 2706 956 ἐσόμεθα
2744 886 3081 957 εὐχάριστοι,
3119 886 3260 941 οὕτω
3317 890 3414 961 τὴν
3456 891 3696 962 ἀγάπην

2107 969 2205 1040 τὴν
2254 970 2391 1044 πρὸς
2436 974 2600 1027 αὐτόν
2637 973 3008 1045 ἐπιτενοῦμεν.
3055 975 3120 1028 Τί
3151 974 3346 1044 λέγεις,
3386 977 3693 1048 ἂνθρωπες

2111 1060 2190 1122 εἰς
2223 1059 2499 1130 βασιλείαν
2526 1062 2812 1135 κέκλησαι,
2840 1067 2919 1127 είς
2947 1063 3216 1135 βασιλείαν
3245 1066 3372 1120 Υίοῦ
3390 1068 3483 1121 τοῦ
3511 1070 3691 1133 Θεοῦ,

2111 1146 2205 1200 καὶ
2237 1149 2456 1220 χάσμης
2489 1149 2816 1221 πληροῦσαι,
2849 1152 2941 1206 καὶ
2965 1154 3179 1215 κνάσαι,
3217 1154 3310 1207 καὶ
3343 1159 3596 1227 ναρκᾷς;
3629 1159 3692 1210 Εἰ

2109 1235 2218 1305 γάρ
2246 1237 2328 1300 είς
2349 1236 2576 1308 μυρίους
2603 1238 2866 1302 θανάτους
2888 1239 3122 1310 πηδῆσαι
3150 1241 3382 1312 ἐκάστης
3409 1243 3508 1314 τῆς
3543 1245 3695 1314 ὴμέ-

2111 1339 2211 1393 ρας
2242 1323 2370 1390 έδει,
2426 1324 2489 1378 οὐ
2546 1326 2725 1379 πάντα
2775 1326 2946 1397 ἐχρῆν
2988 1327 3312 1398 ὐτωμεῖναι;
3366 1332 3502 1384 Ἀλλ’
3533 1334 3692 1405 ὑπὲρ

2110 1409 2209 1478 μὲν
2237 1409 2412 1481 ἀρχῆς
2443 1412 2552 1465 πᾶν
2579 1411 2758 1466 ὁτιοῦν
2792 1415 2984 1478 ποιεῖς,
3020 1415 3116 1484 τῆς
3142 1415 3199 1469 δὲ
3229 1416 3503 1486 βασιλείας
3539 1423 3690 1491 μὲλ-

2103 1495 2212 1550 λων
2237 1501 2516 1553 κοινωνεῖν
2545 1499 2644 1569 τῆς
2663 1499 2755 1553 τοῦ
2781 1499 3137 1570 Μονογενοῦς,
3169 1503 3230 1556 οὐ
3259 1505 3497 1580 καθάλλῃ
3529 1510 3688 1564 κατά

2106 1570 2317 1655 μυρίων
2350 1583 2540 1655 ξιφῶν,
2581 1587 2682 1641 οὐκ
2736 1588 2984 1660 ἐμπηδᾷς
3019 1591 3100 1654 είς
3153 1589 3295 1663 πῦρς
3356 1570 3496 1649 Καὶ..
3513 1597 3687 1652 οὔπω

2103 1672 2262 1728 τοῦτο
2301 1675 2491 1741 δεινὸν,
2523 1675 2638 1730 ἀλλ’
2689 1677 2772 1732 ὅτι
2819 1680 2914 1733 καὶ
2945 1679 3154 1749 μέλλων
3181 1683 3398 1738 ἀπιέναι
3427 1686 3680 1758 θρηνεῖς,

2104 1761 2199 1816 καὶ
2223 1763 2619 1839 ἐμφιλοχωρεῖς
2647 1771 2759 1832 τοῖς
2801 1768 3036 1824 ἐνταῦθα
3065 1771 3441 1844 φιλοσώματος
3471 1776 3572 1831 ὢν.
3613 1781 3684 1832 ΤΞ

2099 1849 2165 1923 δὴ
2194 1852 2388 1918 τοῦτο;
2438 1854 2533 1908 καὶ
2586 1853 2679 1910 τὸν
2725 1855 2952 1910 θάνατον
2985 1859 3211 1928 φρικτόν
3259 1863 3490 1934 πρᾶγμα
3525 1862 3681 1921 εἶναι

2100 1939 2374 2010 νομίζεις
2415 1940 2483 1994 'll
2529 1941 2712 2013 τρυφὴ
2751 1943 2956 1998 τούτων
2993 1946 3163 2013 αἰτία,
3215 1949 3493 2020 ἡάνεσιςο
3545 1955 3683 2008 ἐπεὶ

2098 2027 2190 2095 ὅγε
2221 2028 2560 2091 κατάπικρον
2589 2029 2702 2099 βίον
2740 2028 2870 2096 ζῶν,
2897 2033 2992 2086 καὶ
3021 2036 3365 2107 πτερωθῆναι
3393 2039 3573 2094 ἕλοιτο
3610 2043 3683 2095 ἂν

2098 2115 2192 2169 καὶ
2224 2115 2606 2188 ἀπαλλαγῆναι
2659 2117 2928 2176 ἐντεῦθεν.
2967 2121 3079 2178 Νῦν
3117 2124 3175 2177 δὲ
3224 2127 3416 2180 ταύτὸν
3456 2129 3683 2201 πάσχο-

2101 2219 2222 2272 μεν,
2256 2197 2366 2256 οἷον
2405 2205 2455 2256 οί
2494 2205 2697 2258 νεοττοὶ
2743 2207 3188 2276 μαλακισθέντες,
3227 2214 3515 2281 διαπαντὸς
3574 2197 3682 2272 ἐστὶ

2095 2290 2194 2361 τῆς
2226 2289 2419 2354 καλιᾶς
2465 2291 2648 2362 μένειν
2693 2294 2986 2360 ἐθέλοντες.
3029 2297 3168 2351 Ἀλλ’
3203 2300 3419 2373 ὅσῳπερ
3454 2305 3516 2358 ἂν
3573 2307 3683 2376 μές-

2097 2394 2296 2447 νωμεν,
2325 2377 2564 2447 τοσούτῳ
2601 2379 2839 2450 ἐσόμεθα
2870 2383 3262 2458 ἀσθενέστεροι.

2165 2463 2344 2518 Καλιά
2381 2465 2489 2536 γὰρ
2515 2469 2542 2520 ό
2573 2466 2763 2539 παρὼν
2809 2469 2921 2541 βίος
2956 2473 3120 2538 ἐστὶν,
3167 2476 3274 2528 ἀπὸ
3317 2481 3546 2550 καρφῶν
3577 2484 3680 2536 καὶ

2099 2551 2270 2622 πηλοῦ
2311 2553 2830 2626 συγκεκολλημένος.
2881 2558 2998 2612 Κᾶν
3033 2560 3131 2625 τὰς
3162 2565 3399 2633 μεγάλας
3439 2585 3528 2636 μοι
3561 2569 3683 2622 δεί-

2099 2638 2193 2711 ξῃς
2230 2640 2426 2704 οἰκίας,
2455 2641 2557 2697 κᾶν
2585 2643 2725 2697 αὐτά
2769 2645 2837 2699 τά
2883 2645 3129 2717 βασίλεια
3165 2651 3445 2723 λάμποντα
3481 2657 3681 2729 nunc?)

2091 2727 2168 2798 τῷ
2201 2727 2385 2799 χρυσῷ
2415 2730 2508 2784 καὶ
2548 2734 2661 2796 τοῖς
2689 2731 2878 2797 λίθοις,
2918 2735 3068 2790 οὐδὲν
3092 2740 3347 2812 οἰήσομαι
3383 2727 3681 2816 διαφέρειν

2093 2815 2284 2879 καλιᾶς
2334 2815 2656 2887 χελιδόνων·
2697 2821 2791 2874 τοῦ
2847 2822 2957 2896 γάρ
3003 2826 3272 2897 χειμῶνος
3316 2815 3674 2897 ἐπιστάντος,

2092 2903 2376 2974 αὐτόματα
2401 2905 2578 2960 πάντα
2605 2911 2853 2962 πεσεῖται
2877 2927 2892 2942 ο
2940 2913 3182 2984 χειμῶνα
3211 2915 3266 2968 δὲ
3309 2915 3406 2987 τὴν
3448 2920 3678 2990 ἡμέραν

2091 2991 2306 3062 ἐκείνην
2332 2990 2495 3060 λέγω,
2527 2992 2650 3064 οὐχὶ
2689 2997 2822 3049 πᾶσι
2857 2999 3122 3069 χειμῶνα.
3171 3003 3320 3056 Ἐπεὶ
3349 3005 3442 3057 καὶ
3472 3008 3500 3059 6
3523 3006 3676 3074 Θεὸς

2089 3078 2259 3132 νύκτα
2294 3096 2354 3132 τε
2383 3079 2519 3151 ὁμοῦ
2553 3083 2648 3135 καὶ
2680 3083 2892 3155 ἡμέραν
2917 3086 3008 3140 τὸν
3035 3088 3221 3159 καιρὸν
3249 3092 3454 3146 ἐκεῖνον
3481 3096 3673 3161 καλεῖ,

2089 3165 2150 3218 τδ
2181 3166 2281 3235 μὲν
2311 3167 2446 3238 πρὸς
2487 3169 2613 3232 τούς
2663 3171 3042 3242 ἁμαρτωλοὺς,
3065 3175 3127 3229 τὸ
3147 3177 3203 3230 δὲ
3234 3179 3372 3248 πρὸς
3400 3183 3526 3246 τούς
3583 3185 3674 3238 δι-

2089 3253 2296 3319 καίους.
2338 3255 2494 3310 Οῦτω
2515 3257 2609 3309 καὶ
2642 3259 2752 3328 ἐγὼ
2783 3259 2876 3312 νῦν
2899 3263 3144 3332 χειμῶνα
3171 3265 3339 3338 αὐτὴν
3363 3267 3530 3323 καλῶ.
3561 3273 3671 3328 Ἂν

2089 3343 2146 3395 ἐν
2171 3342 2248 3412 τῷ
2270 3342 2416 3411 θέρει
2445 3343 2521 3414 μὴ
2554 3345 2915 3418 ἐκτραφῶμεν
2941 3349 2969 3388 δ
3003 3351 3205 3416 καλῶς,
3233 3351 3372 3408 ὥστε
3395 3355 3671 3414 δύνασθαι

2088 3430 2347 3485 ἵπτασθαι
2404 3433 2499 3486 τοῦ
2557 3435 2826 3506 χειμῶνος
2876 3438 3218 3508 ἐπιστάντος,
3279 3444 3340 3497 οὐ
3393 3445 3670 3518 λήψονται

2086 3520 2235 3589 ἡμᾶς
2257 3520 2313 3572 αἱ
2343 3521 2595 3591 μητέρες,
2651 3522 2766 3576 ἀλλ’
2799 3525 3019 3580 ἐάσουσι
3068 3527 3146 3598 τῷ
3190 3529 3330 3602 λιμῷ
3357 3533 3672 3609 διαφθαρῆ-

2087 3622 2194 3671 ναι,
2221 3605 2254 3676 ἢ
2279 3605 2380 3675 τῆς
2407 3608 2600 3670 καλιᾶς
2627 3611 2898 3682 πεσούσης
2921 3613 3236 3672 ἀπολέσθαι.
3257 3621 3520 3694 Καθάπερ

2087 3692 2301 3759 καλιάν,
2345 3693 2547 3763 μᾶλλον
2579 3696 2636 3759 δὲ
2666 3697 2760 3750 καὶ
2789 3699 3153 3772 εὐκολώτερον
3181 3705 3404 3777 ταύτης,
3439 3692 3668 3766 ἅπαντα

2086 3780 2341 3851 καθαιρεῖ
2359 3783 2478 3835 τότε
2505 3785 2532 3836 6
2561 3783 2712 3847 Θεὸς,
2746 3785 3130 3852 ἀνασκευάζων
3159 3792 3252 3845 καὶ
3279 3799 3667 3871 μεταρρυθμί-

2088 3866 2195 3932 ζων
2225 3869 2458 3923 ἅπαντα.
2492 3873 2554 3922 Οἱ
2582 3871 2638 3925 δὲ
2666 3873 2901 3943 άπτηνες
2933 3875 3029 3928 καὶ
3049 3877 3364 3950 ἀπαντῆσαι
3397 3887 3544 3956 αὐτῴ
3579 3890 3663 3959 μὴ

2085 3955 2372 4029 δυνάμενοι
2399 3960 2478 4022 είς
2499 3959 2589 4011 τὸν
2619 3959 2776 4030 ἀέρα,
2795 3961 2909 4014 ἀλλ’
2936 3963 3076 4018 οὕτω
3107 3965 3388 4036 βαναύσως
3419 3955 3665 4044 τραφένλ

2083 4060 2194 4108 τες,
2223 4045 2298 4108 ὡς
2326 4046 2400 4116 μὴ
2425 4046 2567 4116 ἔχειν
2587 4045 2646 4099 τὸ
2668 4064 2764 4100 πτε
2776 4048 2864 4118 ρὸν
2888 4049 3108 4120 κοῦφον,
3136 4055 3411 4112 πείσονται
3441 4063 3663 4118 ἅπαντα

2081 4131 2274 4198 ταῦτα,
2305 4133 2446 4204 άπερ
2479 4133 2623 4198 εἰκὸς
2653 4135 2777 4199 τοὺς
2815 4133 2958 4191 οὕτω
3004 4139 3377 4212 διακειμένους
3435 4149 3658 4210 παθεῖν,

2092 4219 2158 4273 Ἦ
2175 4219 2273 4292 μὲν
2292 4217 2384 4274 οὖν
2411 4220 2514 4274 τῶν
2531 4221 2809 4292 χελιδόνων
2825 4227 3058 4290 νεοττιὰ,
3081 4228 3210 4283 ὅταν
3230 4235 3534 4307 καταπέσῃ,
3557 4255 3660 4292 τα-

2079 4307 2217 4377 χέως
2235 4309 2548 4363 ἀπόλλυται·
2574 4311 2737 4381 ἡμεῖς
2754 4309 2906 4384 [559]
2921 4311 2978 4366 δὲ
3005 4315 3103 4368 οὐκ
3130 4317 3496 4390 ἀπολούμεθα,
3517 4325 3660 4380 ἀλλά

2081 4393 2418 4468 κολαζόμεθα
2450 4397 2733 4469 διηνεκῶς.
2771 4399 2992 4470 Χειμὼν
3027 4401 3178 4457 ἔσται
3205 4407 3234 4458 6
3273 4409 3394 4462 τότε
3438 4414 3654 4483 καιρὸς,

2081 4483 2282 4555 μᾶλλον
2306 4486 2362 4539 δὲ
2397 4486 2664 4556 χειμῶνος
2693 4487 3095 4560 χαλεπώτερος.
3129 4494 3203 4547 Οὐ
3229 4495 3336 4566 γὰρ
3362 4500 3655 4573 χείμαρεὶοι

2078 4573 2475 4645 κατασύρονται
2506 4573 2720 4643 ὓδατος,
2751 4576 2886 4632 ἀλλά
2920 4581 3154 4650 ποταμοὶ
3189 4584 3381 4653 πυρός·
3428 4589 3489 4640 οὐ
3524 4594 3655 4644 σκόο

2074 4675 2166 4721 τος
2188 4659 2294 4713 ἀπὸ
2319 4660 2496 4729 νεφῶν
2523 4661 2750 4730 γίνεται,
2782 4659 2920 4718 ἀλλά
2943 4668 3130 4732 σκότος
3149 4668 3340 4724 ἄλυτον
3367 4675 3460 4726 καὶ
3482 4677 3654 4746 ἀφεγο

2073 4747 2188 4815 γές,
2217 4747 2357 4800 ὥστε
2389 4749 2529 4820 μήτε
2577 4749 2669 4805 τὸν
2710 4751 2938 4824 οὐρανὸν
2969 4753 3115 4818 ἰδεῖν,
3174 4758 3314 4828 μήτε
3346 4760 3442 4815 τὸν
3484 4763 3646 4834 ἀέρα,

2073 4835 2208 4889 ἀλλὰ
2246 4834 2354 4890 τῶν
2381 4837 2462 4899 εἰς
2491 4838 2589 4910 τὴν
2620 4839 2724 4909 γῆν
2761 4843 3198 4913 κατωρυγμένων
3247 4846 3447 4915 μᾶλλον
3479 4868 3649 4905 στενο-

2075 4927 2391 4999 χωρεῖσθαι.
2439 4929 2706 4995 Πολλάκις
2735 4930 2906 4986 ταῦτα
2941 4933 3190 5005 λέγομεν,
3220 4935 3332 4990 ἀλλ’
3363 4939 3426 4992 οὐ
3459 4941 3645 4994 πείθο-

2076 5015 2176 5084 μέν
2199 5032 2371 5079 τινας.
2405 5017 2694 5072 Καὶιούδὲν
2723 5019 3051 5090 θαυμαστὸν,
3083 5025 3136 5076 εί
3159 5041 3220 5092 γε
3252 5027 3412 5096 ἡμεῖς
3435 5028 3645 5100 ἀνθρω-

2074 5119 2166 5156 ποι
2193 5103 2431 5168 εὐτελεῖς
2460 5105 2636 5160 ταῦτα
2681 5107 2963 5178 πάσχομεν
3003 5109 3143 5181 ὑπὲρ
3173 5115 3431 5168 τοιούτων
3464 5116 3642 5170 διαλε-

2070 5188 2312 5260 γόμενοι,
2351 5193 2485 5246 ὅπου
2522 5211 2584 5262 γε
2615 5195 2708 5248 καὶ
2760 5196 2810 5248 οἱ
2859 5197 3132 5268 προφῆται
3177 5200 3414 5272 ἔπασχον
3445 5205 3636 5272 ταῦτα,

2066 5278 2163 5350 οὐχ
2193 5279 2333 5351 ὑπὲρ
2359 5281 2615 5336 τοιούτων
2667 5283 2826 5354 μόνον
2861 5288 3200 5358 πραγμάτων
3241 5290 3634 5362 διαλεγόμενοι,

2065 5365 2204 5420 ἀλλά
2228 5367 2318 5421 καὶ
2347 5366 2486 5440 ὑπὲρ
2511 5369 2748 5442 πολέμου
2780 5374 2872 5428 καὶ
2913 5374 3308 5445 αἰχμαλωσίας.
3337 5381 3444 5433 Καὶ
3478 5382 3508 5434 ό
3539 5383 3634 5435 Σε-

2064 5455 2248 5520 δεκίας
2278 5457 2382 5512 ὐπὸ
2403 5458 2497 5512 τοῦ
2527 5459 2787 5531 Ἰερεμίου
2809 5462 3087 5536 ἠλέγχετο,
3110 5467 3204 5519 καὶ
3230 5469 3327 5520 οὐκ
3349 5470 3630 5540 ᾐσχύνετο.

2064 5547 2164 5600 Διά
2191 5549 2348 5602 τοῦτο
2378 5548 2561 5618 ἔλεγον
2591 5552 2640 5604 οί
2670 5552 2946 5623 προφῆται
2969 5570 2981 5585 ”
3046 5557 3187 5610 Οὐαί
3229 5560 3282 5610 οι
3323 5558 3629 5628 λέγοντες,

2063 5637 2351 5708 ἐγγισάτω
2380 5636 2446 5691 τὸ
2477 5637 2662 5707 τάχος
2687 5639 2724 5695 ἁ
2747 5642 2988 5713 ποιήσει
3015 5646 3048 5699 ὁ
3075 5644 3233 5713 Θεὸς,
3268 5645 3366 5700 ἵνα
3392 5647 3630 5718 ἴδωμεν,

2125 5791 2153 5832 ι
2178 5791 2324 5855 “03.,
2351 5793 2665 5857 ἐγτραφῶμεν.

4030 1855 4032 1996 η

4027 2201 4032 2458 ν
