4032 6502
326 484 438 539 313

322 616 491 671 gnam
523 606 764 654 nostram
797 598 1143 654 afllictioncm
1175 607 1230 654 et
1259 599 1529 655 miseriam
1555 640 1569 661 .
1611 609 1664 655 et
1704 597 1914 654 illorum

323 692 723 759 captivitatem.
776 690 981 745 Deinde
1030 690 1281 758 potentia:
1325 689 1422 745 Dei
1471 689 1823 745 facilitatem:
1854 688 1923 745 Et

333 783 626 849 transtulit,
658 784 869 851 inquit;
898 798 961 836 ac
986 783 1030 837 si
1059 782 1180 852 quis
1208 782 1432 835 militem
1460 796 1489 835 a
1520 781 1638 836 loco
1663 781 1714 835 in
1748 781 1922 835 locum

328 878 645 930 transferat.
674 874 788 928 Non
816 873 951 928 dixit
972 883 1172 940 autem,
1199 874 1478 938 Traduxit,
1511 890 1703 944 neque,
1728 873 1923 927 Trans-

326 969 551 1037 posuit;
596 977 763 1022 totum
792 970 936 1023 enim
985 968 1175 1022 fuisset
1218 967 1336 1037 ejus
1362 967 1450 1037 qui
1483 976 1882 1036 trausposuerat
1907 1008 1921 1033 ,

328 1080 442 1116 non
490 1061 609 1132 ejus
656 1062 747 1131 qui
791 1061 1077 1115 ttansierat
1116 1078 1129 1114 :
1175 1060 1307 1127 sed,
1360 1060 1680 1125 Transtulit,
1735 1060 1924 1129 inquit.

326 1152 697 1221 Quamobrem
730 1162 784 1208 et
816 1161 1057 1207 nostrum
1085 1161 1189 1217 est,
1216 1162 1269 1207 et
1297 1151 1436 1221 ejus.
1470 1150 1535 1205 In
1563 1167 1773 1222 regnum
1804 1149 1929 1203 Filii

326 1246 623 1300 dilectionis
649 1261 775 1300 suae.
808 1245 924 1299 Non
952 1245 1087 1299 dixit
1116 1245 1289 1298 solum
1311 1287 1324 1309 ,
1359 1244 1601 1313 Regnum
1633 1244 1884 1297 caelorum
1910 1283 1927 1307 ,

326 1339 434 1394 sed
463 1338 883 1409 splendidiorem
911 1350 963 1392 et
993 1336 1299 1407 graviorem
1326 1334 1563 1392 reddidit
1585 1336 1884 1390 orationem
1910 1375 1925 1398 ,

326 1431 526 1486 dicens
556 1448 569 1484 :
606 1429 837 1500 Regnum
868 1428 1039 1492 Filii;
1068 1445 1133 1484 eo
1154 1428 1296 1484 enim
1329 1443 1431 1481 non
1463 1436 1546 1482 est
1574 1426 1743 1496 majus
1763 1439 1927 1480 encoo

328 1524 509 1577 mium
537 1540 549 1575 :
578 1522 720 1593 quod
752 1523 911 1576 etiam
937 1521 1067 1576 dicit
1090 1520 1237 1586 alibi,
1272 1519 1333 1575 Si
1358 1520 1714 1581 sustineamus,
1738 1526 1783 1571 et
1804 1532 1928 1569 con-

326 1614 663 1686 regnabimus
694 1613 769 1684 (‘2.
803 1613 935 1667 Tim.
964 1612 1019 1665 2.
1060 1612 1169 1683 I2).
1209 1610 1398 1666 Iisdem
1432 1626 1530 1665 nos
1556 1610 1804 1679 dignatus
1824 1618 1923 1671 est,

330 1709 536 1780 inquit,
568 1708 765 1779 quibus
790 1708 984 1762 Filium
1017 1723 1029 1760 :
1061 1721 1161 1761 nec
1190 1706 1291 1759 hoc
1316 1704 1489 1759 solum
1516 1746 1532 1770 ,
1559 1703 1652 1757 sed
1680 1702 1926 1767 additur,

329 1804 628 1859 Dilectum.
659 1801 932 1867 Inimicos,
962 1799 1054 1869 qui
1099 1798 1433 1853 obtcncbrati
1476 1806 1666 1861 erant,
1710 1805 1932 1864 repente

334 1894 616 1950 transtulit
641 1893 729 1949 ubi
759 1902 870 1947 erat
921 1891 1090 1947 Filius
1116 1933 1130 1958 ,
1161 1900 1216 1945 et
1245 1891 1296 1944 in
1324 1888 1572 1945 eumdem
1616 1889 1667 1942 in
1709 1902 1816 1958 quo
1843 1888 1932 1943 ille

330 1997 463 2045 erat
489 1985 769 2040 honorem.
801 1983 910 2038 Nec
947 1982 1049 2037 hoc
1092 1982 1208 2036 solo
1250 1981 1346 2035 fuit
1388 1989 1708 2044 contentus;
1741 1977 1833 2034 sed
1876 1986 1933 2032 ut

335 2093 597 2148 magnum
623 2075 935 2132 ostenderet
960 2074 1191 2140 donum,
1226 2088 1330 2127 non
1359 2073 1489 2127 satis
1516 2072 1699 2126 habuit
1727 2070 1931 2126 dixisse

334 2185 569 2239 regnum
590 2210 606 2235 ,
635 2168 731 2222 sed
775 2166 982 2221 addidit
1011 2166 1169 2221 etiam
1198 2206 1214 2231 ,
1262 2163 1388 2218 Filii
1412 2179 1431 2219 :
1454 2179 1555 2218 nec
1589 2163 1689 2217 hoc
1714 2163 1886 2218 solum
1913 2203 1930 2229 ,

333 2261 441 2317 sed
471 2261 655 2325 etiam,
688 2259 877 2318 Dilecti
905 2275 918 2322 ;
948 2273 1045 2312 nec
1075 2256 1177 2310 hoc
1200 2264 1426 2322 tantum,
1453 2255 1546 2309 sed
1570 2254 1729 2309 etiam
1760 2254 1931 2307 hono-

335 2369 459 2408 rem
488 2362 544 2407 et
570 2352 733 2407 decus
763 2361 986 2404 naturae.
1015 2347 1154 2416 Quid
1180 2349 1321 2403 enim
1349 2347 1519 2401 dicit?
1552 2347 1651 2412 Qui
1676 2356 1745 2400 est
1766 2346 1933 2414 imago

338 2444 445 2498 Dei
472 2443 761 2497 invisibilis.
801 2441 904 2497 Sed
938 2454 1041 2495 non
1068 2440 1245 2494 statim
1278 2439 1342 2493 ad
1372 2438 1421 2493 id
1450 2438 1613 2504 venit,
1647 2436 1739 2491 sed
1772 2437 1935 2490 inter-

333 2536 475 2607 jecit
503 2535 756 2590 collatum
790 2534 841 2587 in
888 2547 987 2586 nos
1019 2532 1356 2587 beneﬁcium.
1389 2528 1522 2584 Nam
1557 2571 1572 2597 ,
1618 2543 1684 2583 ne
1711 2526 1935 2581 audiens

338 2627 491 2698 quod
526 2635 693 2680 totum
725 2625 793 2678 sit
836 2624 1030 2687 Patris,
1066 2623 1339 2678 existimes
1364 2631 1514 2676 extra
1536 2634 1657 2675 esse
1698 2619 1932 2684 Filium,

341 2721 439 2775 dat
473 2729 644 2773 totum
678 2717 815 2771 Filio
841 2757 855 2781 ,
890 2726 943 2769 et
975 2722 1144 2768 totum
1188 2712 1349 2768 Patri.
1396 2711 1529 2767 Nam
1582 2710 1671 2766 ille
1714 2708 1934 2780 quidem

344 2813 642 2878 transtulit,
674 2809 766 2864 sed
798 2808 881 2863 hic
908 2822 1123 2863 causam
1151 2805 1401 2877 praebuit.
1437 2803 1572 2871 Quid
1599 2803 1742 2858 enim
1766 2801 1937 2857 dicit?

348 2905 456 2969 Qui
496 2902 682 2971 eripuit
713 2916 804 2954 nos
834 2916 895 2954 ea:
935 2908 1179 2970 potestate
1203 2896 1537 2951 tenebrarum.
1571 2894 1714 2951 Idem
1759 2903 1937 2948 autem

344 3007 432 3054 est
460 2996 602 3066 quod
635 2994 765 3049 illud
794 3010 808 3047 :
839 2995 926 3049 14.
970 2993 1039 3047 In
1079 3010 1178 3058 quo
1222 2992 1461 3046 habemus
1502 2991 1939 3062 redemptionem,

345 3089 699 3142 remissionem
725 3095 1065 3156 peccatorum.
1094 3083 1150 3140 Si
1176 3085 1317 3140 enim
1360 3083 1584 3139 remissa
1614 3098 1719 3137 non
1759 3089 1941 3139 essent

348 3192 594 3253 peccata,
628 3196 734 3234 non
763 3193 1005 3234 essemus
1038 3177 1159 3232 hinc
1187 3177 1448 3232 translati.
1480 3177 1617 3231 Ecce
1645 3191 1828 3230 rursus
1854 3175 1941 3232 hic

349 3273 506 3336 illud,
533 3273 588 3327 in
613 3287 734 3343 quo.
768 3270 834 3325 Et
855 3286 959 3325 non
991 3270 1142 3337 dicit,
1190 3276 1413 3341 λύτρωσιν
1436 3311 1451 3337 ,
1477 3270 1899 3339 redemptionem
1923 3310 1938 3335 ,

350 3365 450 3420 scd
481 3368 827 3435 ἀπολύτρωσιν,
859 3361 909 3417 id
934 3372 1018 3419 est
1038 3404 1052 3426 ,
1087 3363 1295 3432 plenam
1324 3372 1378 3416 et
1408 3362 1696 3432 perfectam
1730 3362 1941 3418 redem-

355 3458 633 3528 ptionem;
680 3472 749 3510 ne
791 3456 1020 3525 amplius
1049 3469 1399 3520 corruamus,
1448 3470 1622 3521 neque
1648 3455 1945 3511 efliciamur

356 3548 639 3603 mortales.
673 3547 761 3602 I5.
799 3546 898 3613 Qui
929 3556 1002 3601 est
1040 3548 1208 3616 imago
1245 3546 1340 3600 Dei
1377 3546 1658 3613 invisibilis,
1690 3548 1945 3618 primoge-

353 3642 494 3696 nitus
517 3640 682 3694 omnis
698 3638 983 3692 creaturae?
1010 3638 1066 3693 ln
1097 3638 1446 3707 quis-stionem
1473 3636 1757 3691 incidimus
1778 3636 1947 3693 luere-

358 3735 520 3788 ticam
551 3750 567 3787 :
601 3741 885 3803 propterea
933 3730 1091 3784 hodie
1121 3730 1427 3785 dill‘eremus
1459 3771 1474 3796 ,
1515 3739 1568 3784 et
1592 3734 1823 3785 crastina
1861 3730 1950 3786 die

358 3843 475 3883 rem
515 3826 806 3881 aﬂ‘eremns
838 3824 1032 3879 vestris
1075 3822 1327 3878 audiendi
1358 3822 1565 3893 cupidis
1603 3821 1842 3879 auribus.
1891 3823 1949 3879 Si

358 3917 490 3986 quid
519 3926 701 3971 autem
732 3924 945 3985 oportet
984 3913 1215 3985 amplius
1241 3913 1420 3969 dicere
1444 3954 1458 3979 ,
1492 3913 1665 3984 majus
1695 3923 1778 3969 est
1815 3929 1951 3985 opus

360 4011 487 4066 Filii
537 4008 820 4077 Quomodo
846 4010 869 4062 τ
901 4008 1034 4063 Illud
1063 4009 1205 4063 enim
1240 4008 1355 4064 fieri
1385 4024 1493 4063 non
1526 4017 1719 4078 potest,
1746 4018 1803 4065 ut
1833 4025 1951 4065 ma-

360 4103 618 4159 nentibus
646 4102 697 4156 in
725 4100 961 4171 peccatis
987 4100 1077 4155 det
1107 4117 1364 4170 regnum;
1400 4101 1501 4154 hoc
1540 4110 1718 4157 autem
1748 4110 1832 4157 est
1869 4099 1951 4156 fa-

360 4195 521 4250 cilius
568 4193 964 4264 :qnamobrem
1006 4192 1069 4247 ad
1116 4192 1315 4247 donum
1362 4193 1501 4247 viam
1552 4195 1767 4248 muniit.
1816 4194 1954 4263 Quid

364 4286 547 4341 dicis?
578 4286 695 4355 Ipse
727 4286 817 4340 tibi
851 4295 1066 4355 peccata
1106 4285 1347 4339 remisit:
1376 4300 1504 4356 ergo
1527 4294 1579 4341 te
1603 4302 1815 4357 quoque
1860 4285 1957 4341 ad-

360 4379 539 4434 duxit.
592 4377 712 4432 .Iam
763 4387 1032 4448 tamquam
1084 4375 1484 4432 fundamentum
1527 4378 1656 4448 jecit
1720 4379 1955 4435 radicem

361 4470 655 4540 dogmatis.

439 4570 494 4623 4.
537 4568 619 4621 Ad
657 4584 868 4637 regnum
913 4565 1038 4621 Filii
1068 4564 1164 4620 Dei
1192 4565 1361 4620 vocari
1403 4575 1647 4635 quantum
1678 4566 1742 4621 sit
1768 4566 1959 4637 beneﬁ-

365 4662 525 4715 cium.
551 4659 667 4713 Vita
698 4675 920 4729 prtesens
944 4658 1089 4728 quasi
1112 4658 1283 4712 nidus.
1308 4657 1482 4712 Terra:
1508 4668 1669 4712 ntotus
1695 4669 1740 4713 et
1762 4660 1961 4715 urbium

365 4754 674 4810 eversiones.
702 4782 772 4791 —
806 4751 1018 4805 Interim
1072 4760 1250 4805 autem
1294 4764 1416 4805 cum
1468 4750 1598 4805 illud
1642 4750 1956 4819 dixerimus,

367 4850 532 4903 linem
566 4847 903 4916 imponemus
931 4842 1055 4898 huic
1074 4843 1327 4897 orationi.
1367 4843 1632 4909 Quidnam
1660 4854 1836 4898 autem
1861 4844 1962 4900 hoc

363 4942 492 4996 est?
522 4937 676 5006 Quod
708 4946 918 4992 tantum
943 4937 1213 5006 assequuti
1239 4936 1578 4999 beneﬁcium,
1604 4937 1722 5006 ejus
1744 4950 1961 5007 semper

368 5032 639 5087 debemus
671 5029 1004 5094 meminisse,
1025 5038 1078 5084 et
1099 5028 1191 5083 Dei
1217 5028 1417 5083 donum
1440 5029 1494 5083 in
1517 5029 1671 5083 nobis
1700 5039 1962 5100 perpetuo

367 5140 616 5191 versare,
664 5139 694 5178 a
742 5123 1061 5194 quibusnam
1114 5122 1359 5187 liberati,
1393 5131 1448 5178 et
1486 5138 1731 5194 quamam
1784 5122 1963 5193 adepti

367 5235 562 5277 sumus
604 5219 881 5288 cogitare;
931 5224 988 5272 et
1030 5218 1106 5271 sic
1154 5216 1293 5286 grati
1324 5217 1545 5283 erimus,
1578 5217 1655 5271 sic
1684 5216 1961 5271 caritatem

368 5318 426 5372 in
459 5330 581 5369 cum
616 5312 948 5383 augebimus.
978 5309 1115 5378 Quid
1147 5310 1304 5373 dicis,
1337 5325 1369 5363 ο
1410 5310 1608 5363 homo?
1650 5321 1868 5363 vocatus
1905 5324 1964 5364 es

367 5410 441 5465 ad
482 5400 729 5479 regnum,
762 5405 828 5459 ad
878 5419 1097 5474 regnum
1126 5398 1247 5457 Filii
1295 5402 1412 5468 Dei,
1447 5401 1669 5471 hiasque
1724 5409 1867 5456 totus
1910 5410 1965 5457 et

368 5502 591 5565 ascitas,
642 5498 911 5567 fricasque
941 5506 994 5550 et
1023 5496 1237 5565 scalpis,
1279 5505 1336 5551 et
1380 5495 1681 5564 torpescis?
1712 5494 1768 5551 Si
1817 5495 1962 5551 enim

370 5593 458 5648 vel
480 5593 535 5646 in
556 5591 701 5645 mille
718 5598 919 5644 mortes
939 5599 990 5643 te
1008 5597 1283 5659 Oporteret
1301 5588 1499 5642 insilire
1513 5586 1768 5657 quotidie,
1783 5602 1963 5643 annon

375 5697 563 5745 essent
588 5687 767 5741 omnia
810 5682 1164 5739 sustinenda?
1193 5682 1296 5739 Sed
1326 5692 1384 5737 ut
1431 5682 1796 5752 magistratum
1841 5682 1964 5752 qui-

374 5783 499 5837 dem
550 5776 877 5846 assequeris,
906 5774 1037 5829 nihil
1088 5791 1193 5828 non
1244 5773 1422 5839 facis;
1474 5772 1739 5844 Unigeuiti
1784 5782 1963 5828 autem

376 5872 530 5945 regni
574 5872 784 5927 futurus
816 5868 1103 5941 particeps,
1135 5882 1243 5921 non
1292 5867 1343 5920 in
1390 5866 1535 5921 mille
1581 5880 1739 5921 enses
1770 5865 1961 5932 insilis,

378 5985 488 6025 non
520 5968 571 6022 in
621 5966 796 6036 ignem
842 5973 892 6019 te
924 5960 1137 6032 injicis?
1188 5960 1251 6015 Et
1282 5957 1383 6015 hoc
1432 5960 1665 6015 nondum
1698 5959 1767 6014 ita
1798 5973 1960 6030 grave

1224 479 1290 537 IN
1331 480 1542 538 EPIST.
1590 480 1687 537 AD
1717 476 1996 536 COLOSS.
2038 476 2191 534 CAP.
2234 478 2267 532 l.
2316 481 2551 541 lIOMlL.
2596 485 2661 541 Il.

3506 486 3619 547 5H

2037 609 2141 669 est,
2183 602 2277 658 sed
2309 605 2451 674 quod
2498 606 2658 661 etiam
2689 622 3029 675 excessurus,
3064 608 3395 673 lamentaris,
3424 616 3480 665 et
3527 609 3616 665 hic

2031 693 2278 750 lubenter
2297 697 2546 763 versaris,
2562 713 2680 751 cum
2700 698 2773 752 sis
2794 708 3001 754 amator
3020 699 3424 769 eorporis.Quid
3447 701 3614 756 vero?

2033 788 2265 841 etiamne
2296 798 2522 842 mortem
2569 803 2759 843 censes
2808 806 2927 846 esse
2979 793 3310 847 terribilem?
3337 792 3506 863 Hujus
3534 793 3613 848 rei

2032 893 2193 933 causa
2246 888 2371 934 sunt
2413 880 2618 935 deliciae
2648 889 2703 935 et
2745 882 2911 936 otium
2947 901 2958 936 :
2991 901 3110 938 nam
3141 885 3229 955 qui
3261 885 3424 939 vitam
3468 885 3614 956 degit

2034 969 2311 1033 acerbam,
2332 969 2413 1023 vel
2444 970 2617 1025 alatus
2644 985 2764 1025 esse
2802 981 3018 1041 cuperet
3057 982 3111 1027 et
3142 973 3265 1028 hinc
3313 973 3613 1030 discedere.

2032 1058 2183 1113 Nunc
2210 1069 2386 1114 autem
2416 1059 2515 1114 lioc
2548 1060 2719 1130 ipsum
2748 1061 2902 1116 nobis
2930 1064 3175 1118 usuvenit
3200 1106 3213 1128 ,
3245 1064 3385 1135 quod
3432 1064 3614 1135 pullis,

2034 1150 2123 1222 qui
2151 1152 2342 1206 molles
2370 1151 2666 1207 redduntur
2689 1163 2742 1207 et
2779 1153 2947 1207 teneri
2977 1154 3027 1207 in
3060 1154 3186 1208 nido
3217 1155 3458 1211 volentes
3501 1171 3617 1209 ma-

2034 1257 2165 1298 nere
2192 1251 2469 1313 perpetuo.
2503 1243 2606 1298 Sed
2636 1257 2742 1314 quo
2770 1242 2971 1299 diutius
3014 1246 3390 1313 manserimus,
3416 1261 3482 1302 eo
3508 1246 3616 1300 eri-

2035 1350 2155 1389 nms
2184 1334 2582 1389 imbecilliores.

2107 1425 2278 1481 Nidus
2305 1427 2450 1481 enim
2479 1436 2563 1482 est
2594 1428 2697 1482 vita
2730 1443 2990 1497 praesens,
3021 1428 3385 1501 conglutinata
3418 1445 3483 1484 es
3526 1444 3620 1501 pa—

2035 1518 2133 1573 leis
2176 1527 2232 1574 et
2279 1519 2411 1573 luto.
2464 1520 2684 1604 Etiamsi
2718 1522 2845 1575 mihi
2874 1536 3093 1592 magnas
3123 1521 3269 1577 aedes
3294 1521 3620 1589 ostenderis,

2036 1618 2092 1666 et
2123 1612 2266 1681 ipsas
2301 1611 2475 1681 regias
2498 1612 2665 1667 multo
2694 1627 2825 1667 auro
2853 1623 2907 1668 et
2932 1613 3163 1683 gemmis
3192 1613 3475 1683 fulgentes,
3506 1612 3621 1667 exi-

2036 1709 2268 1765 stimabo
2295 1724 2385 1764 cas
2414 1708 2543 1763 nihil
2572 1708 2789 1764 diITerre
2833 1725 2859 1762 a
2893 1709 3032 1764 nidis
3085 1708 3450 1764 hirundinum.
3488 1706 3621 1762 Nam

2036 1818 2159 1858 cum
2187 1801 2358 1856 hiems
2390 1801 2686 1865 advenerit,
2708 1802 2887 1854 omnia
2920 1815 3015 1855 sua
3044 1809 3236 1872 sponte
3257 1800 3484 1855 cadent:
3509 1798 3625 1853 bic-

2038 1910 2177 1950 mem
2211 1904 2386 1949 autem
2432 1895 2645 1963 appello
2672 1894 2823 1949 illum
2854 1893 3020 1958 diem,
3049 1894 3137 1965 qui
3180 1910 3287 1948 non
3321 1904 3403 1948 est
3447 1893 3621 1947 hiems

2036 1987 2306 2044 omnibus.
2337 1987 2466 2042 Nam
2503 1987 2642 2041 Deus
2691 2002 2906 2058 quoque
2953 1996 3162 2042 noctem
3211 1996 3265 2042 et
3318 1986 3461 2042 diem
3492 1984 3621 2041 illud

2037 2091 2251 2153 tempus
2280 2082 2534 2152 appellat,
2568 2081 2697 2135 illud
2728 2081 2967 2151 quidem,
3001 2080 3298 2150 respiciens
3335 2079 3403 2134 ad
3434 2093 3623 2149 pecca-

2040 2184 2185 2232 tores
2208 2192 2222 2239 ;
2252 2176 2354 2229 hoc
2381 2190 2530 2239 vero,
2556 2173 2621 2229 ad
2646 2174 2843 2244 jnstos.
2872 2172 2947 2227 Ita
2975 2187 3073 2243 ego
3098 2188 3241 2227 nunc
3272 2186 3482 2242 quoque
3501 2185 3623 2225 eum

2038 2282 2173 2321 voco
2206 2266 2458 2322 hiemem.
2481 2266 2533 2322 Si
2564 2276 2749 2321 aestate
2778 2280 2888 2320 non
2921 2264 3180 2320 fuerimus
3210 2264 3346 2320 bene
3385 2262 3625 2321 enutriti.

2038 2369 2097 2413 ut
2129 2358 2394 2428 possimus
2425 2356 2607 2411 volare
2635 2371 2755 2410 cum
2790 2356 2961 2410 hiems
3007 2354 3308 2421 advenerit,
3340 2368 3446 2407 non
3477 2352 3621 2407 acci-

2040 2453 2188 2523 pient
2220 2465 2318 2505 nos
2368 2459 2587 2511 matres,
2620 2446 2715 2502 sed
2756 2463 2855 2502 nos
2883 2445 3025 2501 fame
3055 2448 3234 2500 sinent
3260 2445 3497 2513 enecari,
3535 2452 3629 2499 aut

2042 2544 2167 2599 nido
2194 2542 2420 2598 cadente
2454 2541 2697 2596 interire.
2726 2540 2855 2595 Nam
2886 2542 3024 2594 sicut
3046 2539 3249 2602 nidum,
3281 2539 3389 2593 imo
3411 2552 3539 2594 vero
3563 2553 3627 2592 eo

2040 2636 2264 2701 facilius,
2289 2633 2471 2689 omnia
2500 2648 2641 2687 nunc
2662 2641 2929 2703 expurgat
2952 2631 3112 2697 Deus,
3141 2633 3319 2685 omnia
3349 2629 3627 2685 destruens

2042 2742 2404 2799 reparatisque
2429 2738 2484 2781 et
2508 2740 2858 2796 componens.
2890 2725 3200 2779 Involucres
3230 2733 3431 2791 autem,
3455 2733 3509 2780 et
3536 2724 3627 2792 qui

2044 2839 2149 2878 non
2181 2831 2402 2892 possunt
2428 2820 2475 2875 ei
2505 2819 2715 2874 obviam
2749 2819 2934 2874 venire
2964 2818 3015 2873 in
3042 2833 3191 2882 acre,
3220 2817 3314 2873 sed
3343 2817 3479 2872 adeo
3505 2831 3626 2872 sor-

2043 2915 2166 2970 dide
2193 2924 2248 2970 et
2273 2913 2609 2969 illiberaliter
2648 2921 2774 2967 sunt
2800 2911 3010 2968 educati
3041 2919 3098 2966 ut
3127 2911 3274 2967 leves
3303 2926 3506 2981 pennas
3536 2911 3631 2965 Ita-

2044 3006 2173 3063 berc
2221 3021 2325 3061 non
2380 3005 2607 3077 possint,
2637 3020 2699 3060 ea
2748 3005 3020 3075 patientur
3045 3020 3165 3074 quae
3208 3012 3628 3065 consentaneum

2045 3108 2129 3155 est
2158 3112 2253 3154 eos
2294 3097 2402 3168 pati
2434 3097 2522 3167 qui
2553 3097 2631 3152 sic
2659 3104 2788 3151 sunt
2827 3095 3020 3151 allecti.
3072 3097 3244 3166 Atque
3287 3093 3629 3149 hirundinum

2046 3192 2261 3264 quidem
2296 3191 2453 3245 nidus
2477 3205 2596 3244 cum
2648 3187 2925 3256 ceciderit,
2957 3188 3065 3242 cito
3097 3188 3235 3256 perit
3263 3205 3277 3242 τ
3308 3203 3405 3242 nos
3452 3196 3628 3241 autem

2049 3301 2155 3339 non
2186 3282 2444 3355 perimus,
2469 3281 2563 3336 sed
2592 3292 2848 3351 perpetuo
2877 3283 3146 3350 punimur.
3168 3280 3350 3334 l-lients
3370 3280 3467 3334 erit
3490 3278 3630 3350 quod

2051 3385 2178 3431 tunc
2208 3375 2310 3430 erit
2332 3386 2565 3442 tempus,
2600 3374 2706 3427 imo
2738 3388 2865 3427 vero
2890 3370 3065 3426 hieme
3102 3371 3320 3441 gravius
3359 3386 3423 3425 ac
3462 3370 3633 3426 mole-

2048 3470 2205 3524 stius.
2230 3467 2345 3522 Non
2367 3467 2510 3522 enim
2545 3465 2827 3519 trahuntur
2860 3474 3126 3518 torrentes
3156 3478 3331 3532 aquze,
3363 3462 3457 3517 sed
3485 3461 3633 3516 fluvii

2051 3561 2226 3631 ignis:
2257 3574 2363 3613 non
2396 3567 2522 3611 sunt
2551 3556 2788 3611 tenebra:
2827 3571 2857 3609 e
2889 3555 3138 3618 nubibus,
3164 3554 3256 3608 sed
3292 3553 3523 3608 tenebrae
3551 3553 3633 3606 in-

2053 3652 2423 3717 dissolubiles,
2451 3662 2506 3706 et
2532 3651 2652 3704 luce
2684 3649 2894 3718 penitus
2934 3655 3215 3711 carentes;
3258 3646 3394 3701 adeo
3442 3654 3501 3701 ut
3538 3660 3637 3700 nec

2053 3748 2243 3804 caelum
2272 3746 2487 3801 videant
2528 3758 2627 3799 nec
2657 3757 2859 3805 aerem,
2893 3739 2988 3795 sed
3034 3740 3084 3794 in
3131 3738 3362 3810 majores
3390 3738 3636 3808 redigan-

2056 3850 2142 3896 tur
2187 3838 2482 3907 angnstias,
2517 3850 2676 3905 quam
2708 3833 2797 3905 qui
2843 3832 3027 3887 infossi
3070 3839 3196 3887 sunt
3237 3831 3288 3885 in
3320 3838 3484 3884 terra.
3515 3829 3641 3885 lla‘c

2056 3949 2200 4003 saepe
2226 3931 2479 3995 dicimus,
2510 3926 2604 3983 sed
2655 3942 2761 3981 non
2814 3923 3199 3995 persuademus
3224 3922 3507 3992 aliquibus.
3535 3920 3640 3977 Sed

2058 4044 2166 4084 non
2199 4035 2282 4081 est
2330 4024 2546 4087 mirum,
2577 4019 2623 4076 si
2666 4018 2842 4084 nobis,
2871 4018 2961 4089 qui
2993 4031 3176 4072 sumus
3222 4016 3352 4071 viles
3380 4015 3639 4077 homines,

2058 4115 2503 4176 concionantibus
2553 4114 2669 4167 hzec
2696 4109 2962 4173 accidunt,
2994 4123 3115 4164 cum
3164 4106 3280 4163 haec
3311 4107 3472 4162 etiam
3500 4105 3642 4161 acci-

2060 4212 2249 4267 derent
2293 4205 2592 4281 prophetis,
2624 4218 2729 4258 non
2757 4201 2823 4256 de
2865 4202 2949 4255 his
2978 4200 3151 4253 solum
3186 4197 3345 4253 rebus
3372 4197 3643 4252 disseren-

2061 4306 2229 4369 tibns,
2261 4302 2355 4358 sed
2386 4309 2440 4355 et
2477 4298 2547 4353 de
2585 4297 2725 4351 bello
2772 4302 2827 4349 et
2877 4293 3205 4361 captivitate.
3250 4290 3316 4344 Et
3359 4288 3646 4361 Sedechias

2064 4395 2385 4467 arguebatur
2407 4407 2435 4444 a
2466 4388 2722 4451 Jeremia,
2756 4399 2854 4439 nec
2882 4382 3213 4436 afﬁciebatur
3244 4379 3466 4450 pudore.
3510 4379 3644 4434 Pro-

2065 4502 2251 4561 pterea
2281 4484 2530 4540 dicebant
2557 4478 2830 4550 propheta:
2856 4493 2869 4529 :
2912 4474 2998 4528 Va:
3021 4474 3105 4544 qui
3132 4472 3326 4539 dicunt,
3354 4472 3645 4543 Appropino

2066 4588 2217 4649 quem
2244 4578 2341 4631 cito
2366 4589 2480 4645 qua:
2504 4571 2653 4641 faciet
2677 4568 2832 4630 Dens,
2864 4576 2917 4619 nt
2943 4565 3217 4629 videamus,
3250 4571 3294 4616 et
3319 4562 3484 4615 ueniat
3520 4578 3647 4617 cono

2066 4672 2239 4726 silium
2285 4666 2462 4721 Sancti
2506 4660 2691 4727 Israel,
2723 4669 2778 4712 ut
2818 4671 3181 4729 cognoscamus
3225 4652 3375 4724 (lsai.
3414 4654 3504 4709 54.
3533 4653 3646 4724 I9).

2066 4761 2276 4819 Ne-boe
2319 4758 2596 4812 miremur.
2628 4752 2759 4808 Nam
2791 4760 2843 4805 et
2885 4750 2972 4821 qui
3024 4760 3178 4802 erant
3220 4756 3459 4818 tempore
3488 4762 3647 4813 παν,

2071 4869 2175 4910 non
2203 4849 2519 4914 credebant,
2552 4845 2646 4901 sed
2675 4842 3034 4904 crediderunt,
3059 4839 3272 4911 quando
3302 4837 3508 4894 nullum
3536 4847 3652 4893 erat

2068 4949 2277 5004 lucrum
2324 4941 2445 4997 ﬁdei
2479 4956 2493 4995 :
2530 4952 2708 5010 neque
2738 4936 3011 5008 quierant
3062 4931 3332 4999 Sodomis,
3375 4938 3654 5001 exspecta-

2071 5049 2217 5104 runt,
2257 5036 2354 5093 sed
2397 5034 2497 5107 ipsi
2533 5047 2746 5102 quoque
2774 5028 3139 5092 crediderunt,
3171 5025 3384 5098 quando
3413 5023 3545 5079 nihil
3572 5024 3652 5079 eis

2072 5134 2292 5207 profuit.
2322 5131 2389 5186 Et
2433 5127 2559 5200 quid
2590 5126 2712 5182 dico
2755 5123 2822 5179 de
2852 5121 3086 5178 futuris?
3115 5120 3236 5191 quis
3290 5126 3651 5190 exspectasset

2071 5245 2133 5285 ea
2163 5242 2282 5298 qua:
2323 5238 2466 5279 nunc
2492 5221 2625 5276 Iiunt
2667 5219 2719 5272 in
2751 5217 2979 5272 diversis
3006 5215 3158 5281 locis,
3193 5224 3347 5268 terra:
3378 5220 3575 5274 motus,
3602 5215 3654 5265 et

2073 5321 2283 5377 urbium
2312 5314 2622 5373 eversiones
2643 5307 2764 5381 (a)?
2817 5306 2976 5378 Atqui
3028 5304 3146 5359 haec
3174 5313 3328 5359 erant
3356 5301 3656 5391 illismagis

2072 5410 2375 5474 credibilia,
2405 5422 2563 5477 quam
2613 5417 2759 5467 arca,
2808 5399 3046 5470 inquam.
3079 5395 3354 5453 Undenam
3402 5394 3504 5449 hoc
3528 5406 3657 5448 cono

2072 5504 2217 5561 stat?
2244 5500 2396 5570 Quod
2444 5499 2515 5553 illi
2546 5495 2759 5568 quidem
2795 5508 2898 5547 non
2956 5488 3227 5562 po’tuerint
3276 5486 3418 5541 aliud
3463 5500 3655 5541 exem-

2071 5598 2219 5668 p'um
2247 5592 2507 5662 aspicere,
2532 5601 2704 5657 neque
2724 5584 3026 5653 Seriptnras
3041 5579 3353 5635 audierunt:
3377 5576 3462 5632 hic
3477 5584 3654 5632 autem

2075 5700 2197 5746 sunt
2240 5680 2671 5747 innumerabilia,
2704 5692 2823 5750 qute
2853 5684 2908 5732 et
2952 5674 3154 5764 nostris
3195 5672 3332 5728 facta
3367 5681 3489 5727 sunt
3524 5680 3659 5726 tem-

2137 5904 2210 5964 (η)
2234 5901 2311 5952 De
2334 5906 2481 5964 terra!
2504 5878 2716 5964 motibus
2739 5901 2789 5964 et
2812 5893 3007 5964 urbium
3031 5888 3384 5964 eversionibus,
3406 5899 3517 5952 qua
3532 5892 3649 5937 tunc

2075 5953 2377 6025 acciderunt,
2394 5961 2507 6015 vide
2529 5972 2638 6024 quae
2659 5957 2871 6009 diximus
2895 5957 2941 6005 in
2965 5953 3182 6013 Muttito;
