4032 6574
341 496 445 553 215

338 613 563 683 poribus
612 613 669 662 et
716 601 1160 683 przecedentibus.
1194 599 1299 653 Sed
1350 597 1614 651 undenam
1656 592 1918 665 processit

342 712 531 756 eorum
566 694 949 753 incredulitas?
992 682 1070 748 Ex
1101 692 1246 747 molli
1290 700 1344 745 et
1370 691 1555 761 ignava
1583 687 1759 741 anima
1789 702 1801 739 :
1834 684 1917 738 bi-

343 789 547 849 hebant
588 798 644 846 et
668 788 1044 851 comedebant,
1079 795 1132 840 et
1162 794 1446 854 prepterea
1476 796 1580 836 non
1607 778 1915 834 credebam.

344 876 475 939 Nam
498 899 616 954 quae
638 879 751 936 vult
772 879 1057 951 quispiam,
1082 892 1145 933 ea
1167 886 1222 931 et
1252 884 1420 944 putat,
1444 888 1501 926 ea
1535 882 1589 929 et
1613 876 1916 939 exSpectat:

345 980 433 1048 qui
466 988 641 1030 autem
673 973 1076 1038 contradicunt,
1104 982 1337 1038 nugaees
1366 966 1645 1020 habentur.

418 1057 472 1124 5.
514 1058 619 1122 Sed
652 1082 717 1121 ne
755 1065 857 1118 hoc
886 1063 1042 1119 nobis
1067 1059 1276 1115 accidat
1307 1076 1320 1111 :
1369 1072 1475 1111 non
1502 1055 1645 1110 enim
1678 1052 1779 1107 erit
1803 1065 1921 1105 am-

346 1156 488 1230 plius
516 1157 799 1221 diluvium,
832 1170 1003 1224 neque
1029 1152 1093 1207 ad
1118 1161 1344 1206 mortem
1374 1164 1540 1219 usque
1562 1145 1798 1217 pauitio;
1828 1142 1923 1199 sed

348 1249 734 1319 suppliciorum
763 1246 972 1301 initium
1005 1254 1087 1298 est
1117 1257 1263 1296 mors
1291 1256 1395 1294 non
1427 1239 1760 1294 credentium
1781 1233 1924 1305 quod

346 1342 418 1395 sit
444 1339 725 1409 judicium.
760 1338 824 1391 Et
862 1336 1002 1405 quis,
1027 1334 1214 1405 inquit,
1248 1327 1370 1386 inde
1410 1331 1628 1385 veniens
1660 1329 1775 1382 haec
1802 1343 1928 1381 nar-

350 1432 507 1496 ravit,
535 1440 588 1485 et
616 1431 729 1484 hare
755 1426 928 1481 dixit?
974 1426 1030 1480 Si
1061 1425 1248 1479 ludens
1271 1423 1485 1494 quidem
1531 1420 1645 1475 hrec
1670 1419 1827 1484 dicis,
1859 1432 1928 1472 ne

348 1524 428 1577 sic
455 1522 669 1592 quidem
697 1528 879 1582 recte;
909 1532 1016 1572 non
1047 1526 1129 1571 est
1175 1516 1315 1570 enim
1349 1513 1637 1568 ludendum
1679 1511 1731 1565 in
1767 1508 1927 1564 rebus

355 1615 703 1688 huiusmodi;
750 1630 857 1667 non
902 1613 1043 1667 enim
1076 1610 1312 1665 ludimus
1362 1609 1413 1663 in
1447 1607 1703 1665 “ludicris.
1735 1604 1829 1659 sed
1875 1603 1927 1657 in

352 1707 515 1762 rebus
547 1704 859 1774 periculosis
890 1723 904 1757 :
938 1702 984 1757 si
1032 1710 1211 1761 autem
1242 1715 1363 1756 cum
1396 1713 1584 1754 revera
1634 1697 1706 1751 ita
1754 1706 1805 1750 te
1835 1694 1929 1749 ha-

354 1797 503 1862 beas,
541 1810 645 1849 non
672 1794 945 1849 existimas
974 1801 1093 1863 post
1136 1791 1251 1846 hare
1272 1806 1391 1845 esse
1412 1787 1636 1859 aliquid,
1662 1784 1929 1857 quomodo

354 1886 489 1941 dicis
522 1893 573 1940 te
598 1900 717 1940 esse
743 1883 1145 1939 Christianum?
1190 1881 1333 1936 nulla
1357 1881 1499 1937 enim
1528 1895 1556 1932 a
1588 1894 1673 1933 me
1703 1878 1930 1932 habetur

359 1963 496 2032 ratio
522 1989 887 2032 externorum.
919 1975 1027 2029 Cur
1058 1976 1324 2029 lavacrum
1352 1972 1592 2041 accipis?
1620 1986 1717 2025 cur
1759 1970 1932 2025 eccle-

357 2071 491 2125 siam
521 2070 854 2140 ingrederis?
886 2085 1009 2123 num
1042 2069 1356 2139 pollicemur
1395 2067 1723 2137 principatus
1745 2073 1798 2121 et
1823 2080 1934 2119 ma—

358 2157 651 2231 gistratus?
684 2171 793 2216 leta
840 2172 965 2231 spes
1011 2160 1166 2215 nobis
1208 2169 1291 2213 est
1319 2160 1370 2213 in
1404 2159 1611 2213 futuris.
1645 2158 1779 2225 Quid
1808 2172 1936 2223 ergo

358 2255 589 2315 accedis,
623 2252 668 2309 si
699 2270 803 2307 non
833 2253 1008 2308 credis
1030 2252 1341 2322 Seripturis,
1364 2252 1408 2304 si
1450 2266 1554 2305 non
1588 2249 1762 2304 credis
1782 2240 1938 2303 Chri-

360 2344 485 2400 sto?
509 2345 623 2399 Non
655 2346 881 2400 dixerim
906 2361 1026 2399 eum
1058 2359 1177 2398 esse
1201 2342 1597 2407 Christianum;
1625 2340 1797 2405 absit;
1841 2339 1935 2394 sed

361 2438 444 2493 vel
473 2438 700 2493 ethnicis
739 2439 1082 2493 deteriorem.
1129 2438 1241 2503 Qua
1268 2437 1335 2490 de
1371 2436 1464 2490 re?
1508 2435 1584 2489 Eo
1613 2434 1751 2503 quod
1781 2432 1937 2487 Chri-

359 2538 497 2583 sttun
516 2530 829 2583 existimans
851 2545 972 2583 esse
999 2528 1183 2591 Deum,
1210 2543 1313 2581 non
1338 2527 1512 2581 credis
1540 2526 1637 2596 ipsi
1671 2536 1939 2595 tamquam

366 2616 495 2676 Deo.
543 2621 675 2676 Nam
734 2620 808 2674 illi
855 2620 1069 2690 quidem
1119 2619 1355 2689 epinioui
1410 2617 1657 2688 adjuncta
1706 2627 1787 2672 est
1837 2616 1939 2670 im-

365 2714 535 2783 pietas
569 2732 581 2767 :
622 2729 743 2770 eum
772 2716 913 2768 enim
944 2713 1033 2782 qui
1056 2710 1324 2767 Christum
1370 2727 1477 2765 non
1517 2710 1788 2765 existimat
1816 2724 1939 2765 esse

366 2805 553 2871 Deum,
584 2814 803 2860 necesse
830 2807 911 2859 est
939 2820 1036 2859 nec
1065 2800 1285 2859 credere
1310 2821 1324 2857 :
1353 2803 1469 2859 hinc
1495 2814 1669 2858 autem
1700 2804 1943 2872 impietas

365 2912 434 2953 ne
465 2896 627 2951 habet
658 2896 872 2965 quidem
902 2895 1360 2964 consequentiam,
1405 2894 1570 2948 Deum
1599 2894 1863 2960 conliteri,
1892 2902 1946 2949 et

365 2988 674 3042 existimare
720 3002 842 3041 eum
899 3003 1004 3040 non
1054 3000 1174 3040 esse
1206 2986 1309 3038 iide
1357 2984 1575 3055 dignum
1629 2986 1681 3039 in
1733 2986 1798 3040 iis
1826 3001 1945 3055 qua:

367 3085 523 3138 dixit.
555 3082 842 3137 Ebrietatis
869 3089 992 3135 sunt
1044 3080 1158 3134 hzec
1183 3072 1366 3145 verba,
1399 3077 1711 3134 deliciarum
1741 3090 1794 3133 et
1822 3079 1944 3134 libi-

368 3178 572 3231 dinosac
603 3174 1029 3243 intemperantiae
1054 3190 1066 3225 :
1100 3168 1431 3226 Comedamus
1462 3182 1508 3225 et
1535 3171 1760 3226 bibamus
1785 3188 1803 3237 ;
1833 3188 1945 3228 cras

369 3268 504 3321 enim
533 3266 777 3319 morimur
803 3264 878 3334 (Ι.
902 3263 1131 3319 Cor-.15.
1162 3263 1275 3332 32).
1300 3262 1417 3317 Non
1443 3277 1584 3328 cras,
1612 3263 1706 3318 sed
1734 3265 1947 3333 quando

372 3359 487 3412 haec
515 3356 709 3421 dicitis,
738 3355 846 3425 jam
893 3356 1019 3411 estis
1047 3356 1262 3409 mortui.
1292 3353 1431 3408 Nihil
1463 3370 1590 3425 ergo
1635 3355 1947 3412 differemus

371 3466 399 3503 a
429 3450 602 3519 porcis
632 3457 686 3504 et
706 3449 891 3513 asinis,
925 3447 1262 3518 dic,qua:so?
1291 3447 1346 3503 Si
1373 3447 1516 3502 enim
1550 3462 1657 3501 non
1696 3456 1779 3502 est
1802 3447 1948 3517 judi-

371 3541 536 3607 cium,
567 3552 745 3610 neque‘
768 3553 975 3594 merces
1005 3555 1066 3594 ac
1094 3539 1475 3603 remuneratio,
1500 3554 1669 3609 neque
1697 3538 1947 3605 tribunal,

373 3646 471 3685 cur
501 3639 688 3686 sumus
715 3631 817 3685 hoc
838 3631 1010 3685 Ornati
1036 3629 1198 3695 don‘o,
1220 3644 1416 3698 nempe
1437 3630 1665 3697 ratione,
1689 3638 1742 3683 et
1771 3630 1949 3685 omnia

373 3722 631 3777 habemus
662 3722 901 3790 subjecta
921 3720 953 3776 ἵν
973 3730 1069 3775 cur
1098 3735 1198 3775 nos
1227 3721 1441 3790 quidem
1482 3721 1828 3792 imperamus,
1858 3716 1950 3777 illa

322 3850 328 3855 .
371 3820 549 3867 autem
600 3810 839 3883 parent?
883 3811 1044 3866 Vides
1090 3812 1358 3881 quomodo
1406 3812 1640 3881 undique
1698 3823 1851 3884 urget
1898 3824 1953 3868 et

376 3905 561 3959 incitat
581 3903 849 3969 diabolus,
867 3913 925 3958 ut
947 3905 1101 3975 nobis
1131 3904 1445 3975 persuadeat
1472 3906 1560 3960 Dei
1585 3906 1782 3962 donum
1806 3909 1955 3978 igno-

373 3993 533 4048 rare?
561 3993 761 4048 Servos
792 3994 979 4048 miscet
1001 4009 1120 4049 cum
1146 3995 1409 4059 dominis;
1441 3997 1576 4051 sicut
1602 3999 1813 4068 quidam
1843 4001 1954 4070 pla-

374 4084 593 4156 giarius,
647 4094 703 4139 et
751 4099 939 4139 servus
995 4087 1272 4156 ingratus,
1315 4088 1501 4143 nititur
1554 4090 1836 4159 ingenuum
1885 4091 1952 4145 ad

375 4180 619 4236 eamdem
643 4178 909 4236 deducere
930 4181 1188 4236 vilitatem
1218 4194 1270 4237 et
1296 4182 1670 4253 abjeetionem,
1703 4186 1771 4239 ad
1795 4202 1953 4257 quam

377 4268 639 4327 deductus
679 4279 762 4327 est
811 4273 856 4327 is
881 4274 970 4343 qui
1007 4272 1228 4328 odendit
1255 4292 1267 4329 :
1299 4285 1354 4329 et
1394 4275 1607 4330 videtur
1634 4276 1846 4346 quidem
1888 4278 1956 4333 de

378 4363 555 4419 medio
586 4364 773 4420 tollere
814 4363 1093 4436 judicium,
1131 4365 1268 4421 tollit
1297 4376 1475 4421 autem
1505 4366 1647 4437 quod
1696 4368 1765 4422 sit
1793 4369 1949 4423 Deus.

377 4456 600 4528 Semper
627 4459 771 4513 enim
824 4459 944 4513 talis
970 4467 1049 4514 est
1077 4458 1356 4524 diabolus;
1409 4458 1684 4514 fraudibus
1714 4459 1956 4531 dolisque

377 4557 432 4604 et
462 4549 687 4615 insidiis,
712 4562 816 4606 n0n
842 4551 1041 4607 directe
1072 4552 1322 4622 proponit
1336 4552 1536 4618 omnia,
1567 4561 1624 4606 ut
1648 4568 1952 4607 caveamus.

378 4640 434 4695 Si
465 4654 575 4695 non
599 4648 680 4696 est
702 4642 981 4710 judicium,
1012 4643 1152 4697 Deus
1183 4660 1287 4696 non
1310 4652 1393 4697 est
1415 4642 1627 4714 justus;
1660 4644 1952 4700 secundum

381 4730 650 4785 hominem
669 4732 822 4787 dico:
845 4733 1060 4791 siDeus
1092 4750 1192 4787 non
1218 4738 1301 4789 est
1325 4734 1521 4804 justus,
1547 4742 1646 4790 nec
1674 4746 1755 4791 est
1779 4736 1952 4792 Deus:

382 4823 427 4878 si
471 4820 609 4877 Deus
652 4838 757 4877 non
797 4833 898 4891 est,
929 4833 1130 4881 temere
1179 4826 1419 4881 feruntur
1466 4828 1676 4891 omnia,
1704 4827 1832 4881 nihil
1872 4832 1955 4883 est

383 4915 574 4981 virtus,
606 4915 735 4970 nihil
777 4916 984 4971 vitium.
1026 4916 1129 4972 Sed
1173 4918 1302 4971 nihil
1351 4919 1540 4973 horum
1568 4918 1697 4973 dicit
1746 4929 1953 4989 aperte.

386 5006 651 5062 Satanica:
694 5008 1032 5079 cogitationis
1074 5009 1254 5063 vidisti
1292 5011 1550 5075 animum,
1584 5012 1852 5081 qhomodo
1888 5029 1955 5067 ex

378 5097 685 5153 heminibtts
737 5099 865 5155 velit
911 5115 1009 5154 nos
1056 5100 1206 5154 bruta
1252 5099 1445 5165 facere,
1474 5103 1555 5155 vel
1590 5104 1764 5172 potius
1814 5104 1954 5158 feras

383 5203 445 5243 ac
470 5188 690 5256 bestias,
720 5191 826 5245 imo
854 5206 980 5246 vero
1006 5190 1319 5246 daemones?
1362 5191 1440 5248 Ne
1465 5205 1591 5263 ergo
1632 5194 1957 5262 persuadea-

384 5290 524 5335 mur.
574 5282 667 5337 Est
709 5283 849 5337 enim
886 5282 1164 5352 judicium,
1207 5299 1239 5335 ο
1279 5285 1442 5340 miser
1482 5296 1535 5340 et
1583 5282 1797 5342 inTelix!
1834 5288 1955 5344 Scio

384 5373 649 5429 undenam
699 5376 883 5429 venias
912 5374 979 5429 ad
1026 5374 1139 5429 haec
1168 5374 1440 5430 dicenda:
1488 5391 1517 5429 a
1560 5386 1613 5432 te
1663 5378 1826 5432 multa
1858 5378 1956 5432 ad-

386 5465 545 5520 missa
586 5475 710 5520 sunt
756 5472 991 5534 peccata,
1018 5465 1309 5531 offendisti,
1357 5483 1463 5521 non
1494 5478 1576 5521 est
1607 5468 1699 5522 tibi
1745 5468 1953 5524 dicendi

387 5554 605 5609 libertas
629 5564 680 5608 ct
708 5554 919 5622 ﬁducia,
939 5557 1212 5611 existimas
1238 5566 1416 5611 rermn
1442 5540 1683 5611 naturam
1709 5559 1812 5612 tuis
1838 5573 1956 5614 esse

383 5645 562 5700 verbis
601 5658 1036 5717 consequentem.
1084 5647 1319 5713 interim,
1354 5649 1541 5717 inquit,
1571 5664 1674 5701 non
1704 5650 1954 5704 cruciabo

384 5737 615 5791 animam
660 5738 917 5808 gehennae
946 5740 1387 5808 exspectatione;
1421 5749 1475 5792 et
1516 5740 1560 5793 si
1602 5740 1692 5805 sit,
1725 5741 1770 5794 ei
1813 5740 1955 5811 quod

379 5841 488 5880 non
526 5827 593 5881 sit
617 5831 948 5897 persuadebo
979 5850 992 5885 :
1039 5832 1250 5887 interim
1279 5829 1366 5886 hic
1391 5846 1475 5907 me
1504 5830 1697 5886 dedam
1725 5832 1946 5889 deliciis.

378 5916 484 5975 Cur
526 5924 758 5991 peccatis
779 5923 930 5979 addis
959 5925 1213 5995 peccata?
1252 5923 1311 5981 Si
1356 5939 1477 5980 cum
1508 5926 1741 5995 peccatis
1772 5926 1947 5986 credi-

1079 484 1135 543 S.
1165 485 1440 543 JOANNIS
1477 478 1945 540 CllliYSOSTOMI
1982 478 2299 536 ARCHIEP.
2336 480 2867 541 CONSTANTINOP.

3493 494 3610 549 516

2027 590 2170 647 deris
2197 609 2318 649 esse
2346 596 2669 665 gehennam,
2703 599 2874 653 abibis
2917 598 3067 655 luens
3096 616 3309 672 pinnam
3354 616 3614 672 peccato-

2028 699 2189 737 rum:
2234 687 2318 739 sin
2358 696 2536 741 autem
2582 688 2682 743 hoc
2709 705 2921 760 quoque
2953 691 3169 762 impium
3216 693 3510 756 addideris.
3554 704 3615 748 et

2030 772 2319 843 impietatis
2345 788 2398 831 et
2426 778 2584 846 hujus
2604 780 2943 848 cogitationis
2969 783 3214 837 uitimnm
3244 786 3382 839 teres
3404 787 3615 853 suppli-

2027 865 2207 931 cium;
2240 877 2296 923 et
2325 885 2443 937 qua:
2476 870 2566 923 tibi
2593 871 2770 926 brevis
2807 881 2861 926 et
2889 873 3076 943 (rigida
3105 875 3260 928 fuerit
3287 877 3609 938 consolatio,

2029 956 2132 1009 erit
2177 957 2268 1011 tibi
2316 970 2688 1027 argumentum
2723 963 2966 1030 perpetui
3007 966 3274 1033 supplicii.
3304 966 3448 1029 Esto,
3476 982 3612 1036 pec-

2030 1049 2195 1103 casti:
2221 1048 2347 1118 quid
2375 1051 2508 1104 alios
2537 1067 2749 1121 quoque
2788 1053 3019 1108 hortaris
3054 1056 3118 1109 ad
3151 1058 3496 1125 peccandum,
3521 1060 3614 1113 die

2030 1151 2157 1193 cens
2186 1155 2290 1193 non
2319 1155 2437 1195 esse
2465 1142 2806 1212 gehennam?
2835 1146 2959 1214 quid
2985 1146 3188 1217 decipis
3216 1150 3617 1219 simpliciores?

2032 1245 2128 1286 cur
2172 1233 2351 1301 populi
2403 1250 2596 1289 manus
2632 1235 2884 1290 dissolvis
2927 1247 2981 1291 et
3031 1241 3293 1295 enervas?
3340 1241 3619 1306 Quantum

2033 1322 2249 1391 quidem
2299 1324 2349 1377 in
2400 1333 2452 1379 te
2491 1335 2595 1386 est.
2629 1327 2806 1381 omnia
2855 1338 2981 1381 sunt
3028 1345 3213 1384 eversa
3249 1348 3261 1384 :
3295 1348 3467 1403 neque
3508 1336 3619 1388 viri

2035 1414 2186 1484 probi
2218 1425 2378 1469 erunt
2406 1418 2679 1483 meliores,
2712 1418 2804 1473 sed
2851 1420 3024 1489 ignavi
3052 1436 3114 1475 ac
3139 1421 3385 1488 desides;
3435 1440 3623 1495 neque

2036 1507 2161 1561 tnali
2192 1508 2454 1563 desistent
2478 1525 2508 1563 a
2541 1511 2691 1565 vitio.
2724 1510 2861 1565 Num
2909 1514 2953 1565 si
3002 1514 3140 1569 alios
3183 1531 3623 1587 corrumpamus,

2037 1596 2295 1653 habemus
2326 1601 2534 1654 veniam
2562 1604 2941 1671 peccaturum?
2981 1604 3095 1658 Non
3140 1607 3314 1661 vidisti
3341 1610 3623 1679 quomodo

2036 1688 2282 1744 diabolus
2320 1706 2602 1761 aggressus
2631 1695 2701 1747 sit
2745 1707 3083 1763 prosternere
3109 1709 3163 1753 et
3189 1699 3424 1770 dejicere
3464 1704 3627 1758 Ada—

2039 1782 2224 1836 mum?
2252 1797 2319 1836 an
2349 1783 2397 1837 ei
2427 1784 2546 1838 data
2571 1796 2650 1839 est
2668 1788 2860 1841 venia?
2885 1788 3051 1857 Major
3072 1790 3283 1860 quidem
3310 1804 3456 1849 certe
3484 1794 3627 1850 hinc

2039 1871 2139 1926 fuit
2162 1875 2374 1928 occasio
2398 1877 2663 1945 supplicii.
2697 1876 2763 1931 Ut
2804 1878 2946 1933 enim
2980 1896 3082 1933 non
3117 1897 3212 1951 pro
3256 1884 3454 1939 nostris
3491 1895 3627 1939 tan-

2041 1974 2173 2029 tum,
2198 1964 2291 2019 sed
2324 1966 2489 2020 etiam
2517 1983 2611 2036 pro
2632 1969 2821 2024 alienis
2850 1972 3078 2039 peccatis
3107 1974 3410 2040 puniamur,
3433 1980 3630 2032 omnia

2041 2057 2395 2113 machinatur.
2424 2059 2499 2114 Ne
2527 2076 2655 2130 ergo
2680 2062 3060 2121 existimemus.
3079 2067 3220 2135 quod
3242 2067 3371 2121 alios
3391 2084 3632 2124 conver-

2044 2162 2215 2206 tamus
2259 2153 2325 2207 ad
2375 2153 2621 2207 eumdem
2676 2155 2831 2209 nobis
2878 2168 3118 2225 paratum
3171 2158 3472 2224 interitum,
3522 2177 3634 2215 nos

2043 2244 2196 2299 nobis
2240 2244 2422 2300 mitius
2467 2244 2639 2301 facere
2677 2247 2934 2315 judicium
2971 2266 2985 2301 :
3037 2248 3138 2321 huc
3194 2250 3366 2319 ipsum
3400 2253 3633 2321 quidem

2044 2346 2190 2391 certe
2214 2336 2371 2391 faciet
2393 2338 2609 2407 gravius
2637 2348 2691 2392 et
2719 2340 2983 2409 asperius.
3017 2340 3154 2408 Quid
3198 2357 3297 2396 nos
3322 2344 3465 2415 ipsos
3490 2360 3637 2412 pro-

2046 2428 2310 2483 trudimus
2338 2440 2392 2483 et
2439 2430 2754 2499 perdimus?
2806 2432 2918 2487 Hoc
2965 2443 3131 2488 totum
3178 2444 3261 2489 est
3302 2439 3635 2490 satanicum.

2048 2520 2237 2585 llomo,
2268 2524 2538 2589 peccasti?
2570 2523 2863 2591 Benignum
2892 2535 2947 2580 et
2977 2527 3300 2582 clementem
3333 2528 3493 2583 habes
3514 2530 3639 2584 Do-

2049 2612 2277 2679 minum,
2330 2629 2479 2682 roga,
2532 2616 2794 2684 supplica,
2849 2616 3162 2687 lacrymare,
3214 2618 3522 2688 ingemisce,
3577 2632 3640 2675 et

2049 2704 2184 2759 alios
2229 2713 2393 2766 terre.
2426 2716 2479 2759 et
2529 2717 2651 2776 pete
2698 2724 2763 2761 ne
2798 2708 2847 2760 in
2878 2708 3063 2762 eadem
3118 2710 3371 2765 incidant.
3402 2712 3459 2767 Si
3500 2714 3641 2781 quis

2049 2812 2236 2852 servus
2278 2810 2461 2852 eorum
2509 2799 2595 2869 qui
2626 2799 2897 2854 dominum
2942 2801 3296 2867 otl'enderunt.
3327 2804 3467 2858 dicat
3512 2807 3642 2859 lilio

2049 2903 2167 2953 suo,
2216 2889 2336 2955 Fili,
2375 2906 2473 2959 ego
2515 2890 2710 2945 oll'endi
2740 2892 3012 2946 dominum
3045 2913 3057 2947 :
3093 2906 3146 2948 tu
3195 2896 3259 2948 da
3303 2913 3521 2965 operam
3576 2910 3643 2953 ut

2051 2981 2100 3035 ei
2146 2981 2379 3050 placeas,
2412 2997 2479 3037 ne
2528 2982 2715 3037 eadem
2766 2985 2860 3037 tibi
2913 2987 3193 3039 accidant:
3224 3003 3324 3040 non
3368 2989 3640 3057 aliquam,

2052 3088 2234 3144 qttznso
2261 3086 2332 3137 te,
2356 3085 2673 3144 assequetur
2702 3077 2950 3130 veniam?
2995 3093 3103 3133 non
3131 3078 3337 3149 franget
3367 3089 3421 3134 et
3447 3080 3645 3137 ﬂectet

2052 3164 2366 3220 dominum?
2415 3167 2506 3221 Sin
2554 3178 2731 3222 autem
2789 3166 2871 3222 his
2918 3169 3095 3224 missis
3139 3172 3321 3226 verbis
3348 3172 3488 3227 dicat
3515 3173 3645 3230 fere

2056 3260 2203 3326 talia,
2230 3260 2503 3314 dominum
2529 3275 2635 3314 non
2668 3275 2763 3329 pro
2792 3262 2983 3316 merito
3031 3262 3255 3333 singulis
3299 3264 3647 3323 redditurum

2056 3366 2196 3416 esse,
2228 3352 2406 3405 omnia
2440 3360 2551 3405 tum
2603 3350 2738 3405 bona
2770 3362 2878 3406 tum
2926 3354 3059 3407 mala
3090 3354 3303 3409 misceri
3330 3366 3384 3409 et
3406 3355 3644 3413 confusa

2055 3457 2194 3504 esse,
2227 3442 2534 3511 nullamque
2563 3442 2613 3496 in
2644 3441 2746 3497 hac
2783 3443 2945 3498 domo
2988 3443 3169 3498 haberi
3208 3448 3472 3515 gratiam:
3502 3450 3645 3517 quid

2057 3536 2330 3590 existimas
2352 3534 2626 3589 dominum
2651 3536 2716 3589 de
2741 3536 2834 3589 illo
2858 3536 3059 3591 sentire
3076 3536 3305 3591 ?.annon
3332 3539 3417 3593 ille
3444 3555 3648 3608 pereas

2060 3638 2233 3682 torum
2264 3642 2486 3682 suorum
2514 3628 2748 3696 majores
2791 3627 2939 3682 dabit
2965 3628 3196 3698 prunas?
3234 3630 3422 3686 Merito
3448 3643 3641 3689 certe:

2059 3735 2180 3774 nam
2214 3719 2321 3773 illic
2352 3717 2565 3789 quidem
2603 3719 2878 3774 excusabit
2905 3720 3066 3774 animi
3109 3732 3286 3776 motus
3322 3733 3379 3777 et
3420 3734 3647 3792 pertur-

2059 3811 2225 3877 batio,
2250 3812 2349 3867 etsi
2377 3810 2657 3875 debiliter;
2689 3810 2774 3865 hic
2802 3821 2977 3865 autem
3019 3813 3167 3865 nihil.
3190 3813 3245 3869 Si
3274 3829 3402 3883 ergo
3428 3815 3649 3871 nullum

2058 3906 2254 3971 alium,
2289 3921 2409 3960 eum
2465 3905 2677 3975 quidem
2726 3915 2874 3959 certe
2923 3905 3130 3959 imitare
3176 3905 3393 3962 divitem
3439 3910 3530 3979 qui
3585 3911 3649 3966 in
3690 3966 3693 3967 ν

2059 3997 2300 4067 geltenna
2331 3996 2558 4059 dicebat,
2612 3996 2769 4049 Pater
2812 3998 3086 4063 Abraham,
3119 3998 3255 4051 mitte
3281 3997 3532 4055 Lazarum
3569 4004 3648 4056 ad

2059 4099 2298 4160 cognatos
2342 4104 2497 4153 meos,
2527 4104 2588 4140 ne
2628 4088 2828 4142 veniunt
2865 4089 2915 4141 in
2957 4089 3090 4142 hunc
3136 4090 3301 4143 locum
3331 4091 3481 4161 (Luc.
3514 4094 3642 4160 l6);

2059 4183 2307 4251 quoniam
2343 4182 2456 4250 ipse
2486 4180 2635 4234 abire
2660 4195 2765 4234 non
2792 4192 3033 4249 poterat;
3067 4196 3132 4234 ne
3156 4182 3207 4235 iu
3238 4182 3327 4236 illa
3358 4184 3469 4252 ipsa
3502 4185 3645 4239 inci-

2060 4275 2207 4329 dant.
2240 4274 2618 4327 Abstineamus
2647 4272 2716 4326 ab
2747 4272 2829 4326 his
2858 4273 3033 4326 verbis
3061 4274 3335 4328 satanicis.

2131 4367 2185 4420 6.
2227 4364 2363 4430 Quid
2410 4379 2559 4434 ergo,
2612 4364 2858 4431 inquies,
2907 4363 3120 4432 quando
3166 4380 3265 4419 nos
3312 4365 3645 4436 interrogant

2061 4458 2235 4514 Graeci
2262 4472 2358 4511 seu
2400 4456 2623 4522 ethnici,
2656 4456 2771 4510 Non
2817 4456 2895 4509 vis
2928 4457 3048 4511 illos
3089 4458 3318 4513 curare?
3369 4458 3472 4514 Sed
3516 4475 3642 4514 cum

2061 4550 2423 4605 Christianum
2473 4549 2724 4617 injeeeris
2755 4548 2807 4602 in
2838 4548 3252 4613 dubitationem,
3290 4552 3507 4606 obtentu
3537 4567 3641 4605 cu-

2064 4642 2213 4696 randi
2249 4641 2444 4706 Grieci,
2473 4641 2553 4695 vis
2582 4639 2773 4709 dogma
2804 4640 3129 4695 conﬁrmare
3159 4642 3472 4697 satanicum.
3506 4643 3639 4698 Nam

2062 4734 2314 4804 quoniam
2348 4736 2461 4801 ipse
2491 4747 2555 4786 ex
2588 4731 2706 4785 solo
2739 4731 2964 4799 loquens
2994 4733 3174 4787 animo
3213 4734 3326 4788 lucc
3370 4751 3475 4790 non
3519 4751 3643 4807 per-

2062 4826 2293 4888 suades,
2337 4825 2473 4879 alios
2519 4834 2682 4879 testes
2721 4824 2803 4878 vis
2854 4824 3143 4879 adducere.
3191 4824 3248 4880 Si
3292 4836 3468 4881 autem
3515 4842 3639 4882 eum

2064 4918 2252 4974 Grzeco
2278 4929 2489 4987 oportet
2520 4917 2809 4982 disserere,
2844 4934 2948 4971 non
3004 4917 3130 4973 hinc
3172 4918 3488 4973 sumendum
3533 4921 3638 4973 ini-

2066 5011 2194 5063 tium
2220 5008 2619 5077 disputationis,
2648 5007 2742 5062 sed
2791 5022 2857 5061 an
2889 5006 3131 5062 Christus
3171 5010 3241 5062 sit
3289 5010 3426 5063 Deus
3452 5020 3507 5064 et
3546 5010 3639 5064 Dei

2065 5099 2262 5163 Filius;
2302 5116 2367 5152 an
2409 5098 2681 5153 daemones
2705 5098 2814 5152 sint
2842 5098 2931 5167 qui
2960 5110 3081 5152 sunt
3107 5099 3244 5169 apud
3272 5099 3389 5153 illos
3421 5100 3513 5153 dii.
3544 5100 3637 5155 Sin

2066 5192 2179 5247 haec
2211 5193 2430 5262 probata
2463 5191 2696 5258 fuerint,
2738 5192 2841 5245 alia
2883 5193 3061 5246 omnia
3109 5202 3422 5261 sequuntur.
3457 5192 3639 5247 Prius-

2064 5302 2220 5354 quam
2247 5296 2422 5339 aulem
2453 5285 2680 5355 positum
2710 5285 2779 5337 sit
2809 5285 3161 5353 principium,
3200 5302 3388 5339 vanum
3417 5297 3502 5341 est
3526 5286 3639 5340 dis-

2064 5392 2243 5432 serere
2274 5377 2341 5432 de
2370 5378 2472 5432 line
2498 5397 2511 5432 :
2540 5379 2848 5448 priusquam
2876 5378 3045 5448 prima
3074 5377 3337 5433 elementa
3365 5379 3633 5441 didiceris.

2065 5484 2517 5539 supervacaneum
2559 5478 2615 5525 et
2644 5469 2831 5526 inutile
2868 5480 2949 5524 est
2988 5470 3053 5525 ad
3090 5470 3247 5524 linem
3280 5474 3481 5525 venire.
3522 5472 3637 5526 Non

2065 5562 2233 5616 credit
2261 5562 2479 5618 Griecus
2505 5561 2705 5630 judicio
2725 5603 2739 5621 .
2787 5572 2840 5617 et
2871 5562 2944 5616 illi
2975 5563 3110 5617 idem
3139 5563 3279 5633 quod
3309 5565 3398 5617 tibi
3426 5565 3635 5619 accidit.

2064 5654 2194 5708 Nam
2228 5655 2341 5723 ipse
2367 5669 2580 5724 quoque
2623 5653 2816 5707 multos
2859 5653 3019 5708 habet
3062 5654 3151 5724 qui
3197 5670 3259 5708 ea
3305 5655 3373 5709 de
3418 5672 3473 5709 re
3518 5667 3640 5709 sunt

2064 5746 2458 5818 philosophati;
2491 5747 2701 5801 etiamsi
2736 5745 2837 5799 hoc
2876 5746 3100 5800 dixerint
3130 5747 3197 5801 de
3224 5762 3449 5815 corpore
3484 5765 3638 5817 sepa-

2064 5846 2180 5894 rato
2206 5839 2273 5893 ab
2301 5839 2498 5899 anima,
2532 5838 2627 5892 sed
2661 5850 2835 5892 tamen
2863 5838 3117 5907 judicium
3144 5839 3552 5894 constituerunt.
3577 5842 3642 5897 Et

2065 5946 2156 5989 res
2181 5940 2265 5989 est
2310 5940 2417 5987 tam
2449 5931 2589 5987 clara
2620 5940 2677 5986 ut
2721 5947 2877 5987 nemo
2907 5929 3021 5988 fere
3066 5929 3167 5985 hoc
3203 5932 3428 6005 ignoret,
3456 5934 3553 5990 sed
3590 5937 3643 5985 et
