3898 6496
173 479 277 539 315

175 596 270 652 καί
300 597 520 652 ἐλθέτω
542 599 580 668 ἡ
604 599 810 668 ,ϐουλὴ
833 601 938 656 τοῦ
960 602 1133 672 ἁγίου
1162 601 1434 670 Ἰσραὴλ,
1469 603 1572 656 ἵνα
1598 599 1747 672 γνῶο

167 702 301 754 μεν.
337 687 428 756 Μὴ
457 686 829 759 θαυμάζωμεν
850 688 1008 743 τοῦτο
1067 690 1204 744 Οὐδὲ
1251 689 1361 760 γάρ
1411 691 1461 745 οί
1510 689 1604 742 ἐπὶ⁸
1650 689 1752 760 τῆς

174 772 407 826 κιϐωτοῦ
439 775 744 838 ἐπίστευον,
771 776 885 828 ἀλλ’
912 777 1242 830 ἐπίστευσαν
1271 777 1362 846 ὅτε
1386 777 1481 846 τῆς
1511 778 1752 840 πίστεως

173 859 363 930 κέρδος
394 856 462 931 ἦν
501 862 652 915 ούδέν
671 879 682 892 ο
716 863 835 916 ούδέ
857 864 906 916 οί
938 865 997 916 ἐν
1027 864 1280 934 mam;
1312 862 1745 934 προσεδόκησαν,

172 945 288 998 ἀλλ’
325 947 653 1002 ἐπίστευσαν
684 950 778 1002 καὶ
829 949 1006 1015 αὐτοὶ,
1051 950 1139 1003 ὅτε
1189 949 1339 1004 οὐδὲν
1377 949 1538 1002 πλέον
1567 949 1751 1011 αὐτοῖς
1790 945 1800 953 ’

172 1034 385 1102 γέγονε.
440 1036 548 1090 Καὶ
587 1036 640 1090 τί
692 1036 839 1106 λέγω
870 1037 938 1090 τά
993 1037 1295 1109 μέλλοντα;
1344 1037 1430 1101 τίς
1475 1035 1542 1090 ἂν
1573 1034 1750 1090 ταῦτα

174 1121 544 1192 προσεδόκησε
601 1123 669 1177 τά
721 1123 819 1176 νῦν
863 1123 1126 1195 γινόμενα
1170 1124 1312 1178 κατά
1353 1123 1639 1194 διαφόρους
1661 1121 1750 1177 τός

172 1225 331 1275 πους,
361 1211 487 1274 τοὺς
535 1212 815 1282 σεισμοὺς,
851 1210 961 1265 τῶν
1003 1211 1212 1265 πόλεων
1247 1211 1347 1276 τὰς
1395 1211 1746 1282 ἀναιρέσεις;

171 1297 368 1352 Καίτοι
414 1315 476 1368 γε
507 1299 682 1354 ταῦτα
732 1300 956 1354 ἐκείνων
1002 1301 1324 1372 πιστότερα,
1361 1300 1460 1368 τῆς
1512 1298 1749 1353 κιϐωτοῦ

171 1384 342 1453 λέγω.
380 1385 550 1439 Πόθεν
596 1387 793 1458 δῆλονς
839 1388 963 1442 Ὀτι
999 1389 1195 1440 ἐκεῖνοι
1231 1387 1331 1458 μὲν
1361 1387 1460 1441 οὐκ
1502 1383 1646 1458 εἶχον
1670 1388 1750 1450 είς

170 1470 304 1528 ἀλλο
338 1475 688 1546 παράδειγμα
731 1475 878 1540 ίδεῖν,
929 1476 1051 1530 ούδέ
1073 1475 1184 1528 τῶν
1210 1474 1441 1546 Γραφῶν
1471 1476 1711 1544 ἥκουσαν
1731 1489 1745 1503 ⁸

171 1561 412 1616 ἐνταῦθα
443 1561 499 1615 δέ
533 1563 705 1634 μυρία
726 1563 826 1616 ὅσα
855 1561 1070 1631 γέγονε,
1103 1564 1198 1617 καὶ
1225 1561 1448 1616 ἐπὶτῶν
1483 1559 1618 1614 ἐτῶν
1640 1561 1748 1614 τῶν
1791 1596 1795 1599 ς

170 1647 486 1720 ἡμετέρων,
536 1651 626 1702 καὶ
668 1649 898 1704 ἐπὶτῶν
943 1650 1245 1722 προτέρων.
1291 1647 1455 1702 Ἀλλά
1504 1648 1670 1701 πόθεν
1714 1647 1748 1717 ἡ

170 1739 406 1792 ἀπιστία
433 1738 539 1790 τῶν
569 1737 857 1803 τοιούτων;
893 1739 1030 1792 Ἀπὸ
1059 1738 1308 1808 μαλακῆς
1329 1737 1506 1807 ψυχῆς
1525 1753 1538 1767 ο
1567 1735 1751 1789 ἔπινον

169 1823 274 1875 καὶ
302 1822 507 1894 ἢσθιον,
537 1824 630 1876 καὶ
652 1825 741 1878 διὰ
771 1823 928 1876 τοῦτο
955 1826 1054 1878 οὑκ
1071 1825 1372 1878 ἐπίστευον.
1402 1825 1469 1875 Ἀ
1493 1824 1601 1894 γάρ
1629 1821 1752 1892 βού-

168 1905 327 1962 λεταί
355 1928 457 1976 τις,
479 1910 650 1964 ταῦτα
674 1912 769 1964 καλ⁴
799 1911 991 1976 οἴεται,
1021 1911 1195 1966 ταῦτα
1224 1912 1318 1965 καὶ
1349 1910 1654 1981 προσδοκᾷ·
1691 1911 1741 1963 οί

173 1999 557 2067 ἀντιλέγοντες
583 1999 750 2070 λῆρός
776 2001 932 2054 είσιν.

264 2089 328 2142 ε’.
378 2088 535 2144 Ἀλλά
571 2089 644 2160 μὴ
687 2087 945 2160 πάθωμεν
985 2090 1212 2144 ταύτόν⁹
1243 2089 1304 2144 οὐ
1333 2087 1441 2160 γάρ
1487 2087 1753 2142 κατακλυ-

171 2175 314 2245 σμὸς
336 2175 485 2229 ἔσται
506 2174 711 2238 λοιπὸν,
727 2175 1029 2247 ούδέμέχρι
1045 2177 1302 2246 τελευτῆς
1322 2179 1353 2248 ἡ
1377 2176 1615 2239 κόλασις,
1637 2172 1752 2230 ἀλλ’

169 2262 322 2333 ἀρχὴ
355 2262 638 2333 τιμωριῶν
657 2264 684 2316 ό
709 2263 938 2326 θάνατος
964 2266 1339 2319 ἀπιστούντων
1365 2264 1447 2318 δτι
1487 2265 1603 2316 ἐστὶ
1630 2261 1752 2333 κρί-

169 2368 285 2415 σις.
341 2353 450 2404 Καὶ
479 2352 565 2415 τίς
615 2353 826 2406 ἐκεῖθεν
853 2349 1008 2424 ἦλθε,
1057 2355 1210 2423 φησὶ,
1241 2354 1336 2407 καὶ
1363 2353 1534 2406 ταῦτα
1563 2351 1754 2420 ἐφθέγ-

170 2437 344 2505 ξατο;
370 2439 441 2491 -Εἰ
468 2438 568 2509 μέν
604 2439 816 2504 παίζων
840 2440 1228 2508 ταύταλέγεις,
1253 2439 1374 2492 οὐδὲ
1391 2439 1532 2492 οὕτω
1552 2435 1750 2499 καλῶς’

169 2527 236 2580 οὐ
272 2527 380 2598 γάρ
407 2527 488 2580 δεῖ
509 2529 568 2580 ἐν
598 2529 710 2591 τοῖς
741 2527 1002 2591 τοιούτοις
1029 2526 1245 2591 παίζειν
1274 2545 1287 2558 ο
1331 2529 1391 2580 ού
1415 2528 1524 2598 γὰρ
1555 2527 1612 2578 ἐν
1637 2542 1755 2578 παιο

170 2613 350 2677 κτοῖς,
371 2611 486 2664 ἀλλ’
514 2611 870 2676 ἐπικινδύνως
894 2613 1186 2682 παίζομεψ
1223 2612 1275 2664 εί
1301 2611 1356 2664 δὲ
1387 2611 1556 2673 ὅντως
1584 2608 1754 2670 οὓτως

171 2699 340 2770 ἔχων,
382 2699 476 2752 καὶ
524 2700 624 2752 οὐκ
655 2701 756 2752 οίει
808 2696 947 2753 εἶναί
976 2717 1027 2752 τι
1064 2699 1200 2770 μετά
1239 2698 1428 2761 ταῦτα,
1474 2697 1589 2761 πῶς
1620 2694 1754 2752 εἶναι

170 2787 288 2857 φὴς
322 2787 676 2858 Χριστιανός
713 2787 888 2851 οὐδεὶς
920 2788 1028 2857 γάρ
1057 2805 1149 2858 μοι
1182 2787 1290 2841 τῶν
1320 2787 1424 2851 ἔξω
1453 2785 1635 2854 λόγος.
1660 2786 1759 2838 Διά

169 2876 240 2936 τί,
268 2875 492 2945 λουτρὸν
521 2875 855 2946 λαμϐάνεις;
883 2875 972 2928 διά
999 2875 1051 2927 τί
1093 2878 1191 2945 τῆς
1217 2874 1511 2945 ἐκκλησίας
1545 2874 1760 2928 ἐπιϐαί-

171 2979 326 3028 νειςς
360 2963 434 3035 μὴ
463 2965 572 3034 γάρ
607 2964 781 3033 ἀρχάς
809 2962 1255 3032 ὑπισχνούμεθα;
1287 2963 1436 3014 πάσα
1465 2959 1621 3031 ἡμῶν
1657 2960 1744 3014 ἐλ-

169 3051 278 3114 πὶς
306 3052 364 3106 ἐν
384 3053 493 3114 τοῖς
529 3050 803 3121 μέλλουσι.
846 3051 912 3103 Τί
941 3051 1119 3103 τοίνυν
1160 3048 1460 3119 προσέρχῃ,
1491 3049 1539 3100 εί
1572 3047 1632 3100 ού
1669 3064 1760 3099 πι-

172 3138 396 3202 στεύεις
418 3141 534 3203 ταῖς
560 3140 825 3210 Γραφαῖς,
866 3139 916 3191 εί
966 3137 1040 3208 μὴ
1081 3135 1358 3198 πιστεύεις
1389 3134 1466 3205 τῷ
1493 3133 1714 3206 Χριστῷ
1741 3151 1757 3202 ;

170 3227 297 3280 υύκ
330 3225 396 3280 ἂν
429 3225 644 3296 εἴποιμι
671 3225 762 3280 τὸν
787 3224 1025 3279 τοιοῦτον
1047 3222 1393 3296 Χριστιανὸν,
1427 3221 1502 3293 μὴ
1527 3221 1759 3290 γένοιτο,

167 3313 318 3368 ἀλλά
342 3315 435 3368 καὶ
461 3315 726 3384 Ἐλλήνων
749 3313 938 3385 χείρω.
961 3313 1119 3366 Κατὰ
1147 3312 1201 3366 τί
1223 3328 1237 3376 ;
1279 3311 1436 3366 Κατὰ
1467 3310 1647 3375 τοῦτο,
1676 3312 1758 3366 ὅτι

165 3404 274 3456 τὸν
310 3403 550 3474 Χριστὸν
588 3403 826 3473 νομίζων
871 3397 1011 3455 εἶναι
1059 3400 1211 3461 Θεὸν.
1243 3400 1303 3453 οὐ
1360 3397 1638 3462 πιστεύεις
1685 3399 1762 3464 ὡς

167 3490 318 3562 Θεῷ.
358 3489 570 3560 Ἐκείνη
607 3491 705 3561 μέν
730 3490 838 3560 γὰρ
866 3487 1189 3551 ἀκολουθίας
1233 3487 1419 3556 ἔχεται
1448 3487 1482 3558 ἡ
1508 3485 1758 3540 ἀσέϐειαο

167 3578 266 3632 τὸν
289 3578 403 3649 γὰρ
425 3578 500 3649 μὴ
527 3577 816 3648 νομίζοντα
843 3572 982 3628 εἶναι
1001 3575 1132 3628 Θεὸν
1154 3574 1244 3628 τὸν
1268 3573 1523 3642 Χριστὸν,
1543 3573 1759 3642 ἀνάγκη

175 3668 319 3737 μηδέ
352 3666 631 3720 πιστεύειν
653 3681 669 3697 ο
711 3665 850 3736 αὕτη
879 3665 935 3718 δέ
963 3665 998 3735 ἡ
1035 3663 1261 3716 ἀσέϐεια
1287 3662 1409 3716 ούδέ
1439 3660 1762 3714 ἀκολουθίαν

172 3757 334 3832 [540]
368 3755 503 3827 ἔχει,
529 3755 662 3808 Θεὸν
696 3755 999 3825 ὁμολογεῖν,
1043 3753 1140 3804 καὶ
1174 3751 1248 3820 μὴ
1279 3749 1524 3821 νομίζειν
1549 3749 1764 3813 ἀξιόπι-

174 3867 306 3904 στον
338 3844 482 3902 εῖναι
514 3845 657 3916 ὺπέρ
690 3839 768 3898 ὧν
801 3844 928 3915 ἐφη.
961 3844 1074 3913 Τῆς
1110 3841 1284 3912 μέθης
1341 3840 1518 3894 ταῦτα
1546 3838 1616 3892 τὰ
1661 3838 1763 3909 pi;-

175 3953 356 4009 ματα,
413 3935 514 4005 τῆς
563 3931 798 4004 τρυφῆς,
843 3932 943 4002 τῆς
995 3928 1314 3998 σπατάλης·
1350 3925 1638 3996 Φὰγωμεν
1665 3923 1764 3978 καί

172 4029 417 4096 πίωμεν
437 4042 452 4056 ο
502 4023 713 4092 αὔριον
741 4021 851 4092 γὰρ
883 4016 1370 4086 ἀποθνήσκομεν.
1405 4015 1517 4070 Οὐκ
1552 4013 1763 4086 αὔριον,

337 4115 471 4168 ὅταν
502 4110 680 4166 ταῦτα
709 4109 931 4180 λέγητε,
977 4105 1078 4178 ἤδη
1121 4104 1444 4176 τεθνήκατε.
1476 4102 1640 4157 Οὐδέν
1673 4097 1767 4155 οὖν

173 4203 290 4257 τῶν
330 4202 532 4272 χοίρων
561 4198 830 4268 διοίσομεν
869 4193 990 4248 ούδέ
1031 4193 1141 4247 τῶν
1173 4193 1332 4256 ὄνων,
1372 4191 1495 4246 εἰπέ
1535 4206 1663 4260 μοις
1704 4191 1768 4243 El

173 4291 296 4361 γὰρ
331 4289 474 4359 μήτε
499 4285 679 4356 κρίσις
705 4284 844 4347 ἐστὶ,
865 4283 1002 4354 μήτε
1026 4281 1314 4344 ἀντίδοσις,
1341 4280 1480 4350 μήτε
1513 4277 1770 4348 δικαστή-

176 4394 328 4447 ριον,
364 4375 507 4438 τίνος
555 4372 741 4425 ’ἐνεκεν
776 4369 1006 4440 τοιούτῳ
1055 4367 1404 4437 τετιμήμεθα
1457 4364 1639 4436 δώρῳ,
1691 4362 1770 4434 τῷ

175 4466 354 4534 λόγῳ,
385 4463 479 4516 καὶ
501 4461 682 4515 πάντα
717 4458 913 4529 ἔχομεν
935 4455 1383 4525 ὑποτεταγμένα;
1411 4453 1500 4506 διά
1535 4453 1585 4506 τί
1611 4455 1771 4524 ἡμεῖς

180 4554 289 4624 μὲν
313 4553 581 4622 ἄρχομεν,
613 4550 794 4602 ἐκεῖνα
831 4546 888 4599 δέ
925 4545 1217 4614 άρχονται;
1255 4542 1394 4612 Ὅρα
1425 4540 1541 4604 πῶς
1574 4541 1775 4593 πάντο-

178 4642 278 4696 θεν
311 4643 343 4695 ὁ
370 4638 616 4700 διάϐολος
643 4634 921 4702 ἐπείγεται
950 4632 1099 4702 ἡμᾶς
1146 4632 1332 4684 πεῖσαι
1372 4628 1640 4698 ἀγνοῆσαι
1667 4627 1770 4696 τὴν

175 4728 404 4797 δωρεὰν
428 4724 522 4779 τοῦ
550 4723 706 4777 Θεοῦ.
757 4722 896 4782 Τοὺς
923 4718 1144 4780 δούλους
1189 4715 1518 4784 ἀναμίγνυσι
1551 4717 1662 4777 τοῖς
1685 4714 1772 4767 δε-

177 4817 445 4878 σπόταιςο
495 4811 747 4881 καθάπερ
790 4825 877 4870 τις
932 4803 1360 4876 ἀνδραποδιστὴς
1405 4802 1501 4855 καὶ
1555 4802 1775 4871 οίκέτης

176 4903 491 4974 ἀγνώμων,
530 4899 620 4952 τὸν
653 4895 931 4966 ἐλεύθερον
957 4894 1038 4956 είς
1070 4891 1170 4962 τὴν
1207 4891 1376 4961 αὐτὴν
1414 4889 1658 4960 βιάζεται
1695 4887 1774 4959 τῷ

177 4986 671 5062 προσκεκρουκότι
713 4984 1044 5051 καταγαγεῖν
1105 4979 1402 5032 εὐτέλειαν.
1468 4978 1577 5030 Καὶ
1630 4975 1778 5030 δοκεῖ

183 5082 292 5152 μὲν
323 5079 430 5148 τὴν
471 5075 652 5145 κρίσιν
685 5073 948 5142 ἀναιρεῖν,
980 5069 1197 5140 ἀναιρεῖ
1243 5067 1300 5120 δὲ
1349 5066 1408 5119 τὸ
1436 5062 1577 5118 εἶναι
1619 5063 1774 5118 Θεόν.

180 5150 452 5228 Τοιοῦτος
490 5163 598 5233 γάρ
633 5161 719 5215 ἀεὶ
748 5163 776 5213 ὁ
818 5157 1087 5220 διάϐολος,
1139 5155 1393 5226 μεθοδεία
1438 5152 1636 5217 πάντα,
1680 5150 1777 5205 καὶ

179 5257 289 5310 οὐκ
328 5253 392 5317 ἐξ
418 5251 631 5314 εὐθείας
661 5246 973 5319 προϐάλλει,
1006 5245 1091 5298 ἵνα
1121 5241 1538 5313 φυλαττώμεθα.
1569 5241 1632 5294 Et
1655 5239 1778 5312 κρί-

181 5361 275 5407 σις
313 5343 421 5395 οὐκ
446 5341 610 5402 ἐστιν,
639 5337 740 5390 οὐκ
769 5335 882 5388 ἐστι
915 5333 1118 5395 δίκαιος
1146 5332 1175 5383 ὁ
1205 5331 1334 5393 Θεός
1357 5347 1370 5359 ο
1406 5330 1546 5383 κατὰ
1577 5329 1782 5400 ἀνθρωο

179 5447 296 5484 πον
323 5429 513 5497 λέγω⁸
551 5427 597 5479 εί
632 5425 840 5486 δίκαιος
885 5423 984 5476 οὐκ
1031 5420 1177 5474 ἐστιν
1218 5420 1246 5471 ὁ
1291 5417 1445 5482 Θεὸς,
1490 5417 1611 5470 οὐδὲ
1648 5417 1780 5478 Θεὸς

181 5521 351 5576 ἔστιν
376 5534 392 5549 ·
452 5516 501 5568 εί
533 5514 665 5578 Θεὸς
698 5512 798 5566 οὐκ
850 5510 1016 5572 ἐστιν,
1047 5507 1234 5571 ἀπλῶς
1283 5506 1498 5560 ἅπαντα
1533 5505 1778 5576 φέρεται,

183 5608 354 5660 οὐδὲν
395 5603 585 5675 ἀρετὴ,
622 5601 772 5653 οὐδὲν
809 5599 996 5652 κακία.
1039 5596 1179 5650 Ἀλλ’
1217 5594 1368 5648 οὐδὲν
1401 5593 1604 5646 τούτων
1633 5592 1780 5660 λέγει

186 5692 476 5768 φανερῶς.
505 5687 657 5750 Εἶδες
687 5688 778 5742 τοῦ
813 5685 1099 5740 σατανικοῦ
1132 5684 1512 5754 ἐνθυμήματος
1540 5682 1636 5753 τὴν
1668 5681 1782 5736 διά-

186 5799 398 5848 νοιαν;
443 5778 561 5842 πῶς
588 5777 649 5840 ἐξ
679 5774 980 5846 ἀνθρώπων
1028 5773 1198 5840 άλογα
1239 5771 1486 5842 βούλεται
1535 5772 1777 5840 ποιῆσαι,

194 5869 414 5941 μᾶλλον
446 5867 506 5920 δὲ
562 5865 747 5936 θηρία,
799 5862 999 5932 μᾶλλον
1047 5861 1102 5913 δὲ
1136 5861 1424 5931 δαίμονας;
1466 5858 1556 5930 Μὴ
1605 5858 1782 5912 τοίνυν

192 5955 550 6028 πειθώμεθα.
580 5954 735 6007 Ἔστι
758 5950 867 6020 γάρ
900 5949 1109 6020 κρίσις,
1132 5946 1282 6002 ἄθλιε
1319 5947 1412 6002 καὶ
1440 5945 1776 6017 ταλαίπωρε.

1087 482 1156 540 ΙΝ
1192 483 1414 542 EPIST.
1463 483 1553 539 AD
1589 481 1876 540 COLOSS.
1915 485 2069 541 CAP.
2111 486 2148 540 1.
2191 485 2424 543 IIOMIL.
2468 486 2532 542 ﬂ.

3317 484 3434 540 3ίῦ

1855 596 1986 656 Οἶδα
2032 602 2195 657 πόθεν
2240 601 2376 677 ἔρχῃ
2431 603 2523 656 ἐπὶ
2564 602 2784 667 τούτους
2821 602 2946 667 τοὺς
2995 600 3218 670 λόγουςο
3257 598 3428 654 πολλά

1855 709 1937 746 σοι
1959 693 2297 765 ἡμάρτηται,
2316 695 2787 766 προσκέκρουκας,
2822 691 3131 765 παρρησίαν
3147 691 3245 744 οὐκ
3261 690 3429 760 ἐχεις,

1850 780 1952 833 οῖει
1976 783 2087 844 τοῖς
2109 783 2221 841 σοῖς
2250 781 2427 850 λόγοις
2457 781 2771 835 ἀκολουθεῖν
2801 782 2895 832 καὶ
2919 778 3016 850 τὴν
3042 778 3148 831 τῶν
3173 780 3428 848 πραγμά-

1849 886 1960 922 των
1990 867 2172 938 φύσιν.
2207 868 2357 933 Τέως
2390 870 2465 940 μὴ
2498 869 2768 940 ὀδυνὴσω,
2822 869 2979 938 φησὶ,
3021 867 3120 937 τὴν
3161 866 3337 937 ψυχὴν
3360 868 3428 936 τῇ

1851 957 2149 1028 προσδοκίᾳ
2184 957 2284 1028 τῆς
2307 956 2526 1027 γεέννης
2546 976 2560 988 ο
2605 957 2706 1012 κᾶν
2806 956 3019 1024 γέεννα,
3054 954 3228 1006 πείσω
3261 950 3429 1024 αὐτὴν

1849 1045 1932 1099 ὅτι
1960 1045 2062 1099 οὐκ
2079 1045 2196 1098 ἐστι
2215 1060 2228 1074 ⁸
2258 1045 2396 1108 τέως
2424 1045 2659 1099 ἐνταῦθα
2684 1047 2969 1117 τρυφήσω.
2999 1044 3100 1096 Διά
3129 1041 3183 1095 τί
3208 1059 3429 1114 προστι‹

1852 1131 1964 1196 θεῖς
2028 1133 2404 1204 ἁμαρτήματα
2475 1135 2906 1205 ἀμαρτήμασινς
2964 1132 3062 1184 Ἂν
3106 1127 3430 1201 ἁμαρτήσας

1853 1223 2150 1292 πιστεύσῃς
2183 1215 2323 1274 εἶναι
2365 1221 2612 1289 γέενναν,
2635 1220 2915 1291 ἀπελεύσῃ
2951 1219 3060 1272 τῶν
3095 1218 3428 1288 ἁμαρτημά-

1849 1325 1958 1362 των
1985 1307 2145 1378 μόνον
2182 1307 2342 1361 τίνων
2364 1308 2553 1379 δίκην
2605 1307 2671 1361 ἂν
2705 1306 2762 1360 δέ
2793 1306 2888 1359 καὶ
2913 1305 3072 1358 τοῦτο
3107 1303 3347 1375 προσθῇς
3369 1303 3430 1356 τὸ

1852 1396 2128 1467 ἀσέϐημα.
2159 1396 2256 1450 καὶ
2287 1397 2386 1468 τῆς
2411 1395 2669 1460 ἀσεϐείας
2693 1391 2912 1450 καῖτοῦ
2952 1391 3212 1462 λογισμοῦ
3242 1390 3431 1446 τούτου

1850 1482 2043 1546 δώσεις
2075 1482 2174 1554 τὴν
2193 1484 2430 1554 ἐσχάτην
2452 1482 2675 1536 κόλασιν
2700 1497 2713 1512 ⁸
2747 1481 2842 1536 καὶ
2871 1483 2903 1551 ἡ
2951 1482 3009 1534 ἐν
3038 1480 3231 1550 βραχεῖ
3277 1495 3432 1547 γενο-

1855 1571 1988 1643 μένη
2021 1589 2104 1624 σοι
2134 1570 2460 1642 παραμυθία
2481 1569 2666 1643 ψυχρά
2695 1569 2847 1624 ἐσται
2876 1587 2958 1622 σοι
2977 1566 3259 1638 διηνεκοῦς
3280 1567 3436 1622 κολά-

1856 1675 1992 1723 σεως
2019 1658 2296 1722 ὑπόθεσις.
2321 1658 2523 1721 Ἔστω,
2549 1657 2794 1728 ἥμαρτες
2821 1672 2834 1686 ·
2869 1655 2923 1709 τί
2958 1656 3054 1709 καὶ
3088 1655 3213 1718 τοὺς
3240 1653 3433 1718 ἄλλους

1855 1746 2190 1817 ἁμαρτάνειν
2221 1744 2576 1815 προτρέπεις,
2601 1744 2777 1812 λέγων
2820 1743 2895 1813 μὴ
2928 1738 3070 1795 εἶναι
3090 1741 3352 1810 γέενναν;
3381 1740 3436 1793 τί

1853 1835 2068 1904 ἀπατᾷς
2090 1833 2216 1895 τοὺς
2263 1830 2700 1902 ἀφελεστέρουςς
2739 1829 2793 1882 τί
2845 1829 2942 1892 τὰς
2990 1829 3178 1899 χεῖρας
3223 1825 3440 1890 ἐξέλυις

1853 1921 1948 1974 τοῦ
1970 1919 2100 1973 λαοῦ
2125 1936 2140 1985 ;
2175 1919 2249 1972 Τὸ
2279 1919 2370 1971 σὺν
2398 1919 2582 1988 μέρος,
2614 1918 2830 1972 ἅπαντα
2851 1915 3282 1986 ἀνατέτραπται·
3312 1910 3436 1967 οὔτε

1853 2010 1902 2062 οῖ
1937 2008 2212 2061 σπουδαῖοι
2241 2005 2650 2076 σπουδαιότεροι
2692 2005 2928 2067 ἔσονται,
2977 2002 3114 2056 ἀλλά
3163 2002 3394 2074 ρᾴθυμοι
3419 2015 3433 2030 ·

1854 2094 1975 2148 οὔτε
2000 2095 2050 2148 οἱ
2081 2094 2240 2149 κακοὶ
2283 2094 2686 2164 ἀποστήσονται
2721 2091 2815 2162 τῆς
2851 2090 3068 2151 κακίας.
3096 2090 3187 2160 Μὴ
3215 2088 3344 2159 γὰρ,
3372 2087 3438 2142 ἂν

1856 2183 2075 2254 ἐτέρους
2099 2181 2528 2252 διαφθείρωμεν,
2557 2177 2886 2248 συγγνώμην
2912 2178 3108 2248 ἔχομεν
3133 2175 3241 2230 τῶν
3261 2177 3441 2246 ἁμαρ·

1855 2269 2154 2341 τημάτωνς
2214 2269 2326 2338 Οὐχ
2365 2267 2501 2338 δρᾷς
2549 2266 2640 2320 τὸν
2687 2264 2933 2320 διάϐολον
2965 2265 3078 2327 πῶς
3115 2262 3439 2333 ἐπεχείρησε

1858 2357 2204 2424 κατενεγκεῖν
2250 2356 2339 2409 τὸν
2369 2355 2572 2424 Ἀδάμ;
2610 2349 2721 2424 ἆρα
2774 2351 2948 2422 τούτῳ
3001 2350 3298 2420 συγγνώμη
3345 2348 3439 2416 γέο

1857 2461 2017 2514 γονε;
2046 2443 2309 2506 Μείζονος
2344 2441 2443 2513 μὲν
2471 2437 2564 2495 οὖν
2604 2441 2879 2504 κολάσεως
2909 2439 3154 2509 ἀφορμή.
3183 2437 3299 2489 ’Ίνα
3334 2435 3441 2504 γὰρ

1862 2533 1937 2604 μὴ
1971 2532 2109 2602 ὑπὲρ
2132 2531 2240 2583 τῶν
2273 2530 2512 2591 οἰκείων,
2546 2529 2682 2582 ἀλλά
2714 2527 2807 2581 καὶ
2834 2527 2974 2597 ὑπὲρ
3004 2526 3112 2579 τῶν
3143 2521 3441 2594 ἀλλοτρίων

1861 2619 2275 2691 ἁμαρτημάτων
2322 2615 2708 2688 κολαζώμεθα,
2761 2617 2939 2670 πάντα
2985 2608 3440 2684 μηχανᾶται.’Μὴ

1859 2709 2169 2778 νομίζωμεν
2192 2707 2374 2760 τοίνυν
2403 2706 2463 2759 τὸ
2494 2705 2716 2775 ἐτέρους
2749 2703 3079 2774 καταφέρειν
3109 2702 3187 2764 είς
3213 2698 3312 2770 τὴν
3344 2699 3444 2752 αὑ·-

1859 2797 1957 2868 την
1987 2799 2119 2866 ἡμῖν
2143 2793 2445 2860 ἀπώλειαν,
2477 2791 2828 2863 ἡμερώτερον
2847 2791 2978 2859 ἡμῖν
3007 2790 3066 2852 τὸ
3099 2787 3445 2857 δικαστήριον

1859 2883 2220 2956 ἐργάζεσθαι⁸
2254 2881 2414 2934 τοῦτο
2453 2880 2552 2950 μὲν
2589 2875 2680 2932 οὖν
2711 2877 3090 2947 χαλεπώτερον
3118 2875 3250 2929 αὐτὸ
3290 2873 3446 2943 ποιή-

1862 2989 1966 3026 σει.
1986 2972 2051 3024 Τί
2073 2969 2322 3038 ώθοῦμεν
2352 2968 2606 3029 ἑαυτοὺς,
2634 2966 2728 3018 καὶ
2765 2962 3115 3029 ἀπόλλυμεν;
3148 2957 3304 3033 [541]
3339 2958 3445 3010 2a-

1858 3056 2077 3110 τανικὸν
2105 3055 2266 3109 τοῦτο
2294 3055 2415 3107 ὅλον
2449 3053 2616 3107 ἐστίν.
2647 3051 2960 3120 Ἄνθρωπε,
3004 3048 3286 3118 ἧμαρτεςς
3317 3043 3444 3097 Φιλο

1861 3142 2146 3215 ἀνθρωπον
2182 3141 2323 3210 ἔχεις
2355 3139 2451 3194 τὸν
2483 3138 2761 3208 Δεσπότην
2781 3152 2796 3166 °
2851 3133 3179 3208 παρακάλει,
3211 3133 3448 3194 ἱκέτευε,

1859 3230 2086 3302 δάκρυε,
2128 3227 2380 3292 στέναζε,
2413 3226 2508 3282 καὶ
2549 3227 2675 3290 τοὺς
2706 3225 2902 3288 ἄλλους
2935 3221 3112 3292 φόϐει,
3147 3220 3244 3275 καὶ
3293 3218 3446 3287 ἀξίου

1864 3316 1940 3388 μὴ
1964 3318 2075 3380 τοῖς
2103 3316 2288 3378 αὐτοῖς
2320 3315 2662 3385 περιπεσεῖν.
2695 3314 2762 3366 Et
2790 3329 2873 3375 τις
2899 3313 2957 3366 ἐν
2986 3309 3136 3382 οίκίᾳ
3154 3307 3340 3372 δοῦλος
3371 3305 3448 3360 ὢν

1860 3403 1969 3457 τῶν
2004 3401 2530 3474 προσκεκρουκότων
2575 3400 2723 3469 λέγει
2753 3399 2891 3471 πρὸς
2919 3399 3012 3452 τὸν
3043 3395 3237 3452 ἐαυτοῦ
3262 3395 3446 3449 παῖδα·

1862 3493 2087 3557 Τέκνον,
2119 3489 2631 3559 ἐγὼπροσέκρουσα
2656 3487 2736 3558 τῷ
2755 3486 3024 3559 Δεσπότῃ,
3053 3485 3118 3537 σὺ
3151 3483 3450 3537 σπούδασον

1865 3581 2082 3648 ἀρέσαι,
2116 3579 2203 3631 ἴνα
2261 3579 2336 3647 μὴ
2373 3575 2440 3628 τά
2480 3574 2623 3628 αὐτὰ
2649 3573 2860 3647 πάθῃςο
2890 3573 2989 3642 οὐχ
3017 3570 3130 3635 ἔξει
3163 3569 3288 3624 τινὰ
3319 3583 3450 3634 συγ-

1863 3668 2114 3738 γνώμην,
2151 3665 2274 3719 είπέ
2302 3681 2422 3736 μοις
2481 3665 2582 3717 οὐκ
2631 3663 2921 3717 ἐπικλάσει
2969 3661 3064 3714 καὶ
3097 3656 3449 3726 κατακάμψει

1863 3756 1956 3809 τὸν
1988 3753 2289 3825 δεσπότην;
2318 3754 2414 3805 Ἂν
2446 3751 2502 3806 δέ
2531 3749 2706 3804 ταῦτα
2737 3748 2896 3819 ἀφεὶς
2925 3747 2997 3800 τὰ
3028 3748 3273 3818 ῥήματα,
3315 3742 3452 3815 λέγῃ
3533 3811 3536 3813 λ

1868 3845 2073 3908 ἐκεῖνα,
2097 3837 2230 3908 οἷον,
2260 3841 2342 3894 ὅτι
2369 3840 2428 3894 τὸ
2458 3837 2580 3892 κατ’
2603 3837 2760 3903 ἀξίαν
2789 3835 3006 3906 ἐκάστῳ
3031 3833 3132 3886 ούκ
3158 3829 3446 3893 ἀποδώσει,

1865 3931 1946 3985 ὅτι
1981 3929 2168 3994 ἀπλῶς
2211 3929 2392 3986 πάντα
2423 3925 2821 3997 ἀναμέμικται,
2853 3923 2948 3976 καὶ
2979 3921 3050 3974 τὰ
3089 3919 3230 3973 καλά
3260 3917 3353 3970 καὶ
3383 3917 3450 3970 τά

1866 4019 2035 4084 κακά,
2081 4021 2161 4073 ὅτι
2205 4018 2306 4071 οὑκ
2334 4015 2480 4071 ἔστιν
2509 4011 2829 4085 εὐχαριστία
2876 4012 2932 4063 ἐν
2963 4007 3043 4078 τῷ
3075 4007 3212 4078 οἴκῳ
3255 4004 3449 4073 τούτῳ,

1865 4107 1989 4162 τίνα
2032 4106 2273 4178 νομίζεις
2306 4105 2398 4158 τὸν
2428 4103 2698 4172 δεσπότην
2737 4099 2863 4153 νοῦν
2903 4098 3049 4168 ἔχειν
3081 4094 3212 4166 περὶ
3246 4091 3451 4155 αὐτοῦς

1869 4192 1979 4268 ἄρα
2017 4195 2138 4266 οὐχὶ
2181 4193 2287 4248 τῶν
2335 4191 2556 4246 οἰκείων
2587 4186 3004 4260 ἁμαρτημάτων
3033 4182 3260 4254 μείζονα
3291 4180 3456 4234 δώσει

1869 4283 2027 4353 δίκην
2051 4298 2066 4349 ;
2107 4281 2348 4344 Εἰκότως
2370 4298 2383 4312 ο
2426 4281 2545 4333 ἐκεῖ
2578 4278 2675 4348 μὲν
2702 4276 2810 4346 γάρ
2835 4273 2896 4327 τὸ
2921 4271 3091 4335 πάθος
3120 4268 3450 4337 ἀπολογήσε-

1869 4389 1982 4436 ται,
2020 4372 2068 4424 εί
2117 4369 2214 4425 καὶ
2236 4367 2505 4430 ἀσθενῶς,
2539 4363 2776 4418 ἐνταῦθα
2811 4363 2868 4415 δὲ
2905 4359 3078 4412 οὐδέν.
3134 4359 3195 4410 El
3251 4355 3454 4427 μηδένα

1871 4459 2050 4513 τοίνυν
2070 4459 2284 4528 ἐτερον,
2307 4455 2402 4508 τὸν
2444 4453 2578 4522 γοῦν
2613 4449 2868 4505 πλούσιον
2903 4448 3143 4519 μίμησαι
3170 4445 3263 4498 τὸν
3288 4446 3347 4498 ἐν
3384 4446 3452 4514 τῇ
3534 4497 3536 4500 ,

1872 4547 2092 4618 γεέννῃ,
2123 4546 2215 4598 τὸν
2255 4543 2508 4612 λέγοντα,
2543 4539 2734 4608 Πάτερ
2761 4536 3038 4606 Ἀϐραὰμ,
3071 4534 3315 4604 πέμψον
3339 4531 3457 4587 Λά-

1875 4637 2050 4705 ζαρον
2077 4635 2175 4688 ἐπὶ
2228 4632 2372 4698 τοὺς
2415 4627 2736 4700 συγγενεῖς
2773 4645 2914 4696 μου,
2947 4626 3048 4678 ἵνα
3076 4623 3162 4694 μὴ
3194 4623 3458 4676 ἔλθωσιν

1874 4728 1962 4791 είς
1997 4725 2102 4778 τὸν
2135 4723 2324 4776 τόπον
2370 4720 2608 4782 τοῦτον,
2647 4714 2838 4786 ἐπειδὴ
2875 4712 3037 4775 αὐτὸς
3071 4711 3326 4766 ἀπελθεῖν
3357 4711 3456 4762 οὐκ

1875 4813 2126 4882 ἠδύνατο,
2177 4809 2318 4862 ὥστε
2363 4807 2437 4879 μὴ
2467 4809 2581 4868 τοῖς
2629 4805 2815 4865 αὐτοῖς
2843 4800 3088 4864 ἐκείνους
3116 4800 3453 4870 περιπεσεῖν.

1889 4899 2240 4968 Ἀποστῶμεν
2274 4896 2384 4949 τῶν
2440 4893 2698 4966 ῥημάτων
2731 4889 2940 4943 τούτων
2985 4886 3093 4940 τῶν
3128 4883 3456 4939 σατανικῶν.

1947 4995 2020 5054 ς’.
2061 4987 2126 5039 Τί
2151 4981 2277 5051 οὖν,
2307 4985 2435 5038 ὅταν
2471 4980 2730 5050 Ἕλληνες
2780 4979 2926 5048 ἡμᾶς
2969 4975 3236 5043 ἐρωτῶσι,
3272 4973 3454 5042 φησὶν,

1877 5077 1978 5130 οὐκ
2021 5073 2259 5134 ἐκείνους
2295 5069 2471 5142 βούλει
2515 5066 2890 5140 θεραπεῦσαις
2941 5063 3081 5117 Ἀλλ’
3111 5063 3192 5124 εἰς
3225 5058 3460 5128 ἀπορίαν

1879 5161 2132 5234 ἐμϐαλὼν
2153 5160 2244 5214 τὸν
2264 5156 2587 5230 Χριστιανὸν
2612 5153 2963 5225 προσχήματι
2981 5149 3074 5203 τοῦ
3103 5148 3195 5228 τὸν
3219 5145 3456 5234 Ἕλληνα

1879 5245 2500 5320 θεραπεύειν.⁹κυρῶσαι
2537 5241 2717 5313 βούλει
2751 5240 2812 5292 τὸ
2837 5239 3016 5307 δόγμα
3044 5236 3106 5290 τὸ
3145 5231 3458 5288 σατανικόν.

1890 5339 2108 5409 Ἐπειδὴ
2128 5337 2236 5407 γὰρ
2268 5334 2430 5396 αὐτὸς
2468 5332 2603 5403 μόνῃ
2638 5333 2702 5399 τῇ
2733 5327 2878 5398 ψυχῇ
2904 5323 3286 5392 διαλεγόμενος
3320 5320 3460 5390 ὑπὲρ

1877 5427 2080 5481 τούτων
2093 5425 2153 5478 οὐ
2173 5421 2402 5486 πείθεις,
2421 5419 2643 5488 ἐτέρους
2663 5416 2838 5473 θέλεις
2858 5413 3131 5482 παράγειν
3156 5409 3456 5479 μάρτυρας.

1879 5515 1940 5566 Εἰ
1975 5513 2033 5566 δέ
2053 5511 2276 5580 ’Έλληνι
2314 5511 2420 5580 χρὴ
2458 5503 2823 5570 διαλέγεσθαι,
2859 5499 2958 5551 οὐκ
2981 5495 3230 5550 ἐντεῦθεν
3260 5495 3293 5565 ἡ
3319 5493 3461 5580 ἀρχὴ

1877 5601 1978 5672 τῆς
2018 5579 2320 5664 διαλέξεως,
2356 5579 2474 5648 ἀλλ’
2537 5593 2586 5644 εί
2639 5587 2772 5651 Θεὸς
2808 5589 2835 5640 ὁ
2875 5582 3129 5654 Χριστὸς,
3175 5581 3270 5635 καὶ
3326 5579 3461 5632 Θεοῦ

1879 5691 2036 5750 Παῖς,
2067 5688 2115 5739 εί
2145 5686 2392 5754 δαίμονες
2421 5681 2470 5734 οἱ
2521 5679 2645 5749 περ’
2679 5675 2907 5735 ἐκείνοις
2942 5671 3075 5724 θεοί.
3125 5671 3254 5722 Ἐάν
3283 5667 3460 5720 ταῦτα

1882 5752 2325 5840 κατασκευασθῇ,
2379 5765 2556 5819 πάντα
2607 5761 2676 5814 τά
2713 5759 2848 5813 ἄλλα
2870 5758 3057 5810 ἐπεται
3077 5771 3090 5784 ·
3129 5755 3259 5825 πρὶν
3281 5753 3336 5806 δέ
3365 5752 3464 5823 τὴν

1881 5855 2055 5927 ἀρχὴν
2102 5836 2308 5912 θέσθαι,
2356 5850 2584 5920 μάταιον
2622 5843 2749 5914 περὶ
2788 5842 2888 5910 τῆς
2918 5841 3175 5927 τελεοτῆς
3221 5836 3462 5903 διαλέγει⁸

1890 5923 2051 5994 σθαι·
2092 5937 2221 6008 πρὶν
2269 5934 2397 6007 ἦτά
2433 5933 2620 6005 πρῶτα
2683 5928 2920 5998 στοιχεῖα
2960 5923 3172 5997 μαθεῖν,
3210 5934 3464 5995 περιττον
