3898 6502
130 491 235 547 317

136 612 312 674 poeta:
356 613 411 659 et
440 618 629 660 omnes
672 603 811 659 inter
840 618 900 658 se
924 601 1261 659 consentiant
1300 608 1355 655 et
1381 598 1448 653 de
1480 594 1731 652 tribunali

134 706 187 750 ct
221 696 287 749 de
312 694 535 766 judicio.
583 696 764 764 itaque
794 709 895 750 nec
934 694 1155 750 Graecus
1183 692 1297 747 suis
1338 688 1495 743 (idem
1528 694 1728 757 negat,

137 802 240 841 nec
284 788 503 843 Judaeus
547 787 613 842 de
659 788 740 841 his
783 786 1011 852 dubitat,
1044 800 1145 840 nec
1171 784 1349 853 quivis
1380 782 1557 836 homo.
1589 778 1728 847 Quid

135 894 269 949 ergo
300 894 399 933 nos
429 879 573 948 ipsos
594 878 929 948 decipimus?
958 876 1084 932 Hmc
1113 876 1241 929 mihi
1269 875 1401 931 dicis
1431 891 1443 927 :
1469 873 1593 943 quid
1621 873 1730 927 Deo

134 969 286 1024 dices
314 970 401 1039 qui
429 970 696 1040 sigillatim
740 969 893 1022 finxit
920 968 1079 1023 corda
1110 976 1313 1030 nostra,
1342 966 1429 1036 qui
1460 980 1577 1035 quae
1604 973 1730 1019 sunt

139 1063 191 1115 in
224 1062 545 1131 Cogitatione
576 1062 723 1115 novit
762 1060 964 1125 omnia,
999 1059 1087 1130 qui
1118 1059 1246 1112 vivit
1272 1068 1326 1113 et
1351 1066 1635 1127 operatur;
1670 1062 1726 1109 et

138 1154 313 1222 magis
359 1153 544 1207 incidit
583 1168 740 1223 quam
772 1152 945 1223 quivis
988 1150 1195 1222 gladius
1223 1165 1419 1219 anceps
1450 1146 1629 1219 (Hebr.
1674 1147 1728 1201 4.

144 1245 280 1313 12)?
324 1244 481 1310 Nam,
523 1245 610 1299 dic
651 1244 778 1298 mihi
812 1260 907 1314 per
939 1246 1241 1310 veritatem,
1271 1259 1377 1297 non
1408 1250 1463 1295 tu
1506 1239 1732 1310 teipsum

147 1344 459 1404 peccantem
490 1334 863 1390 condemnas?
902 1350 968 1389 an
1000 1338 1278 1405 quisquam
1320 1333 1481 1386 homo
1526 1340 1608 1386 est
1645 1331 1735 1401 qui

148 1428 388 1495 seipsum
416 1428 651 1497 segniter
674 1436 919 1497 agentem
952 1443 1056 1481 non
1086 1424 1481 1496 reprehendat?
1510 1424 1578 1478 Et
1604 1439 1739 1494 quo-

148 1516 314 1570 modo
364 1531 490 1571 casu
539 1526 652 1571 orta
702 1527 784 1572 cst
832 1516 1131 1587 sapientia,
1163 1526 1219 1570 ut
1263 1517 1375 1586 ipse
1416 1514 1504 1585 qui
1558 1522 1742 1583 peccat

147 1609 387 1677 scipsnm
438 1608 797 1663 condemnet?
825 1607 928 1663 hoc
972 1608 1113 1662 enim
1153 1617 1235 1662 est
1279 1621 1485 1677 magna:
1524 1606 1741 1673 sapien-

154 1702 267 1755 tiae.
295 1701 374 1755 Tu
403 1702 630 1771 teipsum
661 1702 1024 1766 condemnas;
1049 1703 1135 1771 qui
1160 1713 1338 1755 autem
1368 1700 1505 1754 hanc
1534 1700 1625 1754 tibi
1655 1699 1745 1755 dat

154 1804 394 1849 mentem
425 1805 478 1848 ct
522 1796 936 1865 cogitationem,
968 1795 1107 1849 sinet
1138 1795 1311 1848 omnia
1345 1794 1467 1848 ferri
1501 1794 1747 1849 temere?

152 1884 235 1939 Sit
270 1900 398 1955 ergo
430 1887 542 1939 hcce
573 1886 751 1956 regula
794 1895 848 1940 et
892 1885 1139 1940 definitio
1179 1886 1230 1939 in
1276 1901 1493 1955 genere,
1538 1895 1591 1940 ct
1632 1887 1752 1941 uni-

159 1992 322 2031 verse
357 1995 370 2031 :
405 1977 581 2032 tmllus
610 1994 673 2031 cx
703 1978 764 2031 iis
794 1978 882 2048 qui
911 1978 1092 2031 vivunt
1120 1978 1170 2031 in
1196 1977 1410 2044 virtute,
1442 1993 1547 2032 non
1577 1978 1753 2035 credit

158 2069 399 2122 sermoni
437 2068 503 2123 de
528 2069 751 2137 judicio,
785 2070 993 2122 etiamsi
1024 2069 1093 2123 sit
1123 2067 1363 2133 Grzccus,
1398 2070 1605 2123 etiamsi
1639 2070 1751 2123 ha:-

162 2161 365 2215 reticus
395 2178 408 2213 :
438 2161 618 2215 nullus
655 2177 717 2215 ex
760 2159 825 2214 iis
861 2160 951 2229 qui
985 2161 1035 2214 in
1068 2161 1236 2215 tnulto
1266 2170 1545 2215 versantur
1576 2163 1705 2215 vitio
1734 2200 1752 2229 ,

164 2260 364 2319 prccter
395 2266 613 2322 paucos,
644 2251 879 2306 admittit
907 2268 1210 2307 sermonem
1240 2253 1667 2308 resurrectionis.
1691 2253 1761 2308 Et

164 2342 272 2397 hoc
307 2353 391 2397 est
428 2343 566 2413 quod
595 2343 722 2397 dicit
747 2342 1195 2414 psalmographus
1230 2362 1245 2399 :
1276 2345 1593 2415 Aufernnlur
1607 2344 1758 2413 judi-

1033 484 1098 541 IN
1142 481 1355 539 EPIST.
1400 481 1489 536 AD
1527 474 1800 534 COLOSS.
1841 472 1995 532 CAP.
2036 476 2079 531 1.
2122 476 2352 533 ΙΙΟΜΙῙ..
2396 476 2484 532 Ill.

167 2437 248 2489 cia
278 2446 363 2489 tua
393 2452 423 2489 a
450 2437 580 2505 facie
623 2437 731 2506 ejus
776 2434 961 2506 (Psal.
997 2436 1051 2490 9.
1083 2436 1151 2489 2'7
1177 2437 1218 2505 ).
1253 2435 1467 2503 Quare?
1496 2436 1759 2503 Quoniam

173 2531 522 2602 profanantur
558 2532 658 2585 via:
688 2531 804 2601 ejus
842 2531 894 2584 in
923 2532 1065 2585 omni
1097 2540 1337 2599 tempore
1375 2549 1387 2583 :
1429 2528 1762 2585 Comedamus

173 2625 321 2677 anim
344 2664 359 2688 ,
394 2623 596 2692 inquit,
627 2636 675 2677 et
705 2623 931 2676 bibamus
949 2638 970 2685 ;
999 2639 1112 2676 cras
1144 2624 1276 2675 enim
1306 2623 1569 2675 morimur.
1606 2622 1765 2677 Vides

174 2712 323 2781 quod
347 2713 458 2767 hmc
485 2714 666 2768 dicere
695 2712 766 2767 sit
792 2712 974 2766 vilium
1006 2721 1060 2767 et
1085 2713 1415 2782 abjectorum
1438 2713 1461 2767 ?
1488 2714 1571 2769 Ab
1593 2727 1687 2768 esu
1715 2722 1769 2769 ct

179 2816 309 2876 potu
348 2807 590 2859 oriuntur
618 2807 732 2860 haec
771 2806 935 2861 verba
970 2821 1089 2874 quae
1120 2814 1374 2860 evertunt
1412 2806 1767 2861 resurrectio-

180 2913 326 2951 nem.
358 2897 473 2951 Non
518 2896 619 2952 fert
657 2898 820 2964 enim,
863 2913 968 2952 non
998 2897 1101 2951 fert
1145 2898 1322 2952 anima
1350 2898 1617 2967 judicium.
1636 2914 1771 2953 con-

180 2990 459 3056 scientia;
493 3000 546 3045 ct
573 2991 791 3060 perinde
814 3000 895 3045 est
920 3002 1081 3060 atque
1111 2992 1155 3045 si
1186 2992 1452 3047 homicida
1476 3007 1596 3047 cum
1624 2995 1773 3062 prius

182 3081 288 3135 sibi
319 3082 645 3151 suggesscrit
667 3081 779 3136 fore
806 3092 862 3135 ut
884 3098 987 3136 non
1015 3084 1280 3151 capiatur,
1312 3084 1505 3138 deinde
1526 3085 1603 3139 sic
1630 3086 1774 3139 occi-

182 3172 281 3225 dat
310 3189 323 3226 :
353 3187 474 3226 nam
497 3214 513 3238 ,
556 3186 675 3226 eum
716 3171 991 3241 jttdicaute
1032 3174 1355 3227 conscientia
1376 3214 1392 3241 ,
1424 3189 1527 3229 non
1552 3176 1658 3231 cito
1685 3192 1775 3232 ve-

185 3265 361 3320 nisset
388 3264 451 3319 ad
480 3264 779 3319 audendum
809 3266 1085 3335 suscipere
1118 3264 1341 3321 facinus.
1377 3268 1441 3321 Et
1469 3268 1572 3323 scit
1604 3284 1735 3340 ergo
1755 3311 1771 3337 ,

183 3366 243 3413 et
276 3374 387 3429 prze
414 3375 472 3414 se
505 3358 609 3414 fert
630 3374 689 3414 se
716 3359 981 3429 ignorare,
1010 3373 1079 3413 ne
1107 3368 1416 3429 torqueatur
1440 3376 1470 3416 a
1491 3364 1777 3419 conscien-

3308 483 3416 540 3l8

1840 591 1911 647 tia
1952 601 2006 647 et
2034 603 2179 649 metu
2206 612 2220 648 :
2248 595 2484 667 alioquin
2515 596 2659 654 enim
2687 596 2948 654 evasisset
2990 598 3306 655 imbecillior
3343 603 3416 659 ad

1836 683 2059 740 caedem.
2085 684 2158 740 ita
2187 696 2332 740 certe
2357 697 2410 741 et
2436 688 2526 758 qui
2552 697 2776 756 peccant
2799 690 2974 745 sciunt
2996 702 3269 761 peccatum
3299 708 3415 750 rem

1834 790 1956 831 esse
1986 777 2215 843 malam;
2247 788 2303 833 et
2331 781 2418 849 qui
2446 780 2682 849 quotidie
2719 780 3026 837 volutantur
3053 785 3105 838 in
3134 784 3263 854 ipsis
3296 801 3415 840 ωδε

1836 867 1899 922 lis
1922 910 1935 932 ,
1966 869 2152 924 nolunt
2182 872 2320 926 scire
2341 912 2355 936 ,
2384 887 2705 942 quamquam
2730 888 2916 928 eorum
2943 875 3270 931 conscientia
3303 892 3417 932 rem

1834 951 2345 1031 comprehendente.
2373 963 2477 1019 Sed
2505 979 2574 1017 ne
2600 964 2703 1019 illis
2732 966 3104 1032 attendamus;
3140 969 3241 1023 erit
3273 970 3420 1024 enim

1835 1058 2055 1111 omnino
2090 1057 2347 1128 judicium
2394 1068 2447 1114 et
2492 1061 2839 1127 resurrectio,
2884 1076 3055 1131 neque
3104 1071 3209 1115 tam
3253 1062 3423 1117 multa

1836 1165 1997 1219 opera
2029 1150 2224 1205 frustra
2268 1152 2502 1206 dimittet
2541 1152 2702 1207 Deus.
2746 1152 3106 1220 Quamobrem
3144 1167 3310 1223 rogo,
3339 1154 3415 1209 ab

1838 1240 2099 1295 stinentes
2143 1257 2172 1295 a
2218 1242 2371 1307 vitio,
2420 1243 2671 1297 virtutem
2699 1242 3110 1310 amplectamur,
3156 1253 3215 1297 ut
3241 1259 3424 1297 verum

1840 1334 2164 1403 accipiamus
2186 1349 2491 1391 sermonem
2520 1336 2571 1389 in
2590 1335 2804 1390 Christo
2823 1334 2954 1389 Jesu
2975 1334 3201 1388 Domino
3220 1345 3425 1389 nostro.

1912 1425 2036 1480 Fati
2077 1427 2249 1495 Opinio
2290 1428 2536 1497 rejicilur.
2574 1457 2644 1467 —
2670 1427 3001 1497 Quamquam
3031 1425 3158 1495 quid
3187 1436 3270 1481 est
3296 1425 3425 1480 faci-

1842 1518 1947 1573 lius
1968 1559 1984 1582 ,
2025 1518 2379 1575 admitterene
2407 1519 2547 1589 quod
2574 1519 2771 1574 dicitur
2799 1520 2867 1573 de
2895 1518 3292 1574 resurrectione
3312 1558 3327 1583 ,
3361 1534 3430 1573 an

1846 1610 1988 1680 quod
2014 1611 2212 1665 dicitur
2238 1613 2305 1667 de
2338 1612 2483 1666 fato?
2510 1613 2622 1667 Hoc
2653 1614 2867 1682 plenum
2902 1623 2983 1667 est
3013 1612 3294 1681 injustitia,
3320 1611 3433 1680 ple-

1850 1720 1974 1756 unm
1999 1703 2302 1772 insipientia
2329 1715 2382 1758 et
2405 1714 2643 1773 egestate
2669 1704 2913 1770 rationis,
2944 1703 3158 1773 plenum
3184 1703 3437 1757 inhuma-

1850 1794 2017 1847 nitate
2046 1810 2061 1858 ;
2093 1793 2223 1847 illud
2254 1802 2336 1848 est
2367 1795 2579 1863 plenum
2600 1794 2828 1863 justitia,
2860 1793 3189 1848 distribuens
3215 1808 3313 1864 pro
3334 1808 3440 1848 tne-

1852 1887 2008 1952 ritis;
2040 1896 2095 1941 et
2133 1896 2311 1942 tamen
2354 1888 2525 1955 ipsum
2570 1903 2678 1942 non
2719 1887 3027 1941 admittunt.
3057 1886 3227 1941 Causa
3257 1894 3441 1941 autem

1852 1988 1936 2035 est
1961 1978 2215 2050 segnities
2246 1997 2259 2033 :
2291 1979 2468 2034 nullus
2494 1979 2636 2033 enim
2663 1980 2753 2049 qui
2795 1979 2968 2047 sapiat
2990 2018 3006 2042 ,
3040 1977 3143 2032 hoc
3182 1976 3437 2031 admittit.

1854 2070 1989 2126 Nam
2035 2079 2090 2125 et
2133 2071 2273 2124 inter
2315 2069 2552 2132 Graecos,
2600 2071 2689 2139 qui
2733 2069 3059 2138 voluptatem
3105 2066 3442 2132 deﬁnientes,

1860 2164 2019 2219 finem
2048 2177 2169 2219 esse
2191 2165 2397 2228 dicunt,
2429 2163 2503 2217 illi
2542 2164 2715 2232 ipsum
2748 2162 3119 2216 admiserunt:
3147 2162 3235 2231 qui
3266 2170 3445 2215 autem

1860 2257 2113 2312 virtutem
2152 2264 2487 2321 amaverunt,
2535 2269 2892 2325 nequaquam,
2945 2252 3041 2308 sed
3084 2253 3446 2323 expulerunt,

1864 2359 2135 2419 tamquam
2162 2347 2305 2418 quod
2326 2357 2506 2402 careat
2528 2346 2753 2400 ratione.
2781 2346 2836 2401 Si
2864 2345 2966 2400 hoc
2985 2355 3164 2399 autem
3193 2345 3263 2398 ita
3288 2342 3453 2398 habet

1865 2441 2005 2495 inter
2030 2439 2250 2495 Graecos
2278 2480 2293 2505 ,
2324 2437 2492 2493 multo
2521 2437 2688 2507 magis
2725 2437 2796 2490 ita
2842 2435 3003 2490 habet
3030 2436 3083 2489 in
3112 2435 3323 2489 ratione
3364 2449 3454 2488 re-

1867 2530 2234 2587 surrectionis.
2283 2530 2575 2585 Considera
2618 2537 2795 2583 autem
2844 2528 2997 2593 mihi,
3030 2525 3301 2599 quomodo
3344 2525 3454 2580 duo

1868 2624 2135 2678 contraria
2174 2621 2529 2677 introduxerit
2557 2621 2803 2676 diabolus
2845 2638 2858 2674 :
2893 2636 3086 2690 nempe
3116 2630 3172 2674 ut
3200 2620 3453 2675 virtutem

1871 2718 2224 2787 negligamus,
2269 2715 2647 2770 necessitatem
2690 2714 2926 2780 induxit;
2955 2723 3011 2769 et
3040 2724 3095 2767 ut
3124 2723 3373 2783 prompto
3401 2722 3459 2768 et

1872 2811 2033 2864 alacri
2071 2808 2252 2863 animo
2289 2809 2529 2862 colamus
2568 2805 2963 2876 daemones,pcr
2993 2806 3099 2859 duo
3135 2806 3296 2860 etiam
3323 2818 3459 2859 con-

1875 2902 2033 2955 traria
2058 2899 2338 2970 persuasit.
2363 2899 2659 2965 Quamnam
2681 2912 2810 2967 ergo
2831 2898 3025 2965 poterit
3044 2896 3172 2951 dare
3198 2896 3463 2951 rationem

1876 2994 1966 3064 qui
1998 3010 2102 3047 non
2133 2992 2302 3047 credit
2326 2992 2403 3044 rei
2434 2991 2569 3045 adeo
2601 2990 2921 3055 admirabili,
2962 2998 3017 3043 et
3055 2988 3226 3043 credit
3269 2988 3333 3043 iis
3369 2989 3463 3058 qui

1878 3088 1966 3142 illa
1994 3085 2301 3156 angantur?
2326 3084 2404 3139 Ne
2430 3098 2581 3154 ergo,
2613 3100 2679 3138 ne
2700 3082 2817 3137 haec.
2844 3093 2895 3137 te
2915 3081 3213 3137 consolatio
3242 3084 3465 3146 nutriat,

1878 3178 2020 3247 quod
2072 3178 2279 3232 veniam
2331 3176 2679 3243 consequeris
2724 3191 2737 3239 ;
2794 3173 2889 3228 sed
2943 3188 3041 3228 nos
3093 3175 3337 3229 conversi
3397 3175 3465 3228 ad

1880 3271 2131 3324 virtutem
2163 3269 2459 3324 excitemur
2482 3308 2497 3336 ,
2524 3281 2588 3321 ac
2615 3280 2741 3320 vere
2768 3265 2880 3320 Deo
2907 3265 3184 3333 vivamus;
3227 3266 3278 3320 in
3310 3265 3469 3321 Chri-

1886 3373 1992 3430 sto,
2018 3373 2123 3417 etc.

3080 3475 3468 3494 ᾗ

1474 3552 1481 3559 ’
1563 3548 1914 3612 HOMILIA
1958 3549 2069 3610 ΙΙΙ.

184 3690 327 3743 Cap.
360 3689 411 3742 l.
443 3703 493 3741 ν.
524 3688 608 3741 15.
654 3686 751 3753 Qui
793 3695 866 3741 est
903 3685 1070 3756 imago
1111 3684 1206 3739 Dei
1237 3686 1501 3742 invisibilis
1534 3689 1789 3760 primoge-

264 3783 407 3836 nitus
436 3781 597 3835 omnis
622 3788 868 3833 creatura:
897 3794 916 3833 :
947 3780 1032 3835 16.
1050 3780 1315 3849 ,quoniam
1342 3782 1396 3834 in
1434 3781 1545 3850 ipso
1586 3783 1791 3837 condita

262 3882 385 3929 sunt
434 3873 698 3937 universa,
762 3872 816 3925 in
863 3871 999 3926 cwlis
1050 3880 1098 3924 et
1149 3874 1201 3924 in
1247 3881 1414 3936 terra,
1472 3873 1687 3927 visibilia
1744 3886 1791 3929 et

266 3964 565 4028 inuisibilia,
592 3964 695 4017 sive
718 3962 913 4017 Throni
941 3963 1044 4017 sive
1075 3960 1478 4031 Dominationes,
1508 3966 1609 4019 sive
1634 3964 1791 4020 Prin-

266 4061 471 4130 tipatus
495 4059 600 4113 sive
629 4056 948 4123 Potestates;
977 4058 1149 4111 omnia
1174 4074 1265 4121 per
1287 4060 1474 4127 ipsum,
1506 4068 1554 4113 et
1600 4060 1652 4112 in
1682 4059 1794 4127 ipso

266 4163 444 4207 creata
468 4160 604 4205 sunt.
638 4152 726 4206 ΓΙ.
760 4148 826 4203 Ει
878 4152 987 4219 ipse
1015 4160 1087 4203 est
1128 4160 1247 4204 ante
1293 4153 1488 4219 omnia,
1537 4162 1585 4208 el
1626 4155 1795 4207 omnia

269 4244 331 4297 in
375 4244 488 4313 ipso
515 4251 748 4296 constant
781 4257 799 4296 :
828 4243 913 4297 18.
942 4252 989 4295 et
1016 4243 1124 4313 ipse
1152 4250 1226 4296 est
1254 4251 1404 4313 caput
1434 4245 1661 4315 corporis
1689 4242 1796 4297 Ec-

273 4336 469 4390 clrsia.

273 4429 330 4482 1.
357 4425 437 4480 De
464 4425 589 4479 Filii
617 4424 710 4479 Dei
720 4434 939 4492 natura,
962 4434 1006 4480 et
1034 4425 1168 4497 quod
1202 4441 1302 4479 non
1338 4426 1402 4480 sit
1448 4437 1696 4480 creatura.
1724 4457 1798 4469 —-

204 4517 381 4573 Hodie
402 4531 624 4572 necesse
648 4526 731 4571 est
753 4517 979 4572 reddere
1000 4517 1255 4579 debitum,
1271 4518 1413 4587 quod
1449 4517 1560 4572 heri
1588 4519 1791 4586 distuli,

203 4620 264 4664 ut
286 4608 339 4663 id
366 4608 605 4663 discendi
637 4607 843 4677 cupidis
866 4607 1062 4662 animis
1090 4610 1282 4663 vestris
1312 4617 1366 4662 et
1388 4609 1798 4679 cogitationibus

204 4700 511 4769 subjiciam.
534 4699 612 4755 De
628 4699 743 4753 Filii
761 4698 1015 4769 dignitate
1030 4699 1298 4755 disserens
1313 4700 1504 4755 Paulus
1520 4701 1633 4755 haec
1649 4701 1795 4767 dicit,

205 4797 349 4850 sicut
378 4792 542 4849 etiam
565 4792 897 4848 ostendimus
929 4809 941 4846 :
970 4792 1069 4857 Qui
1094 4803 1162 4847 est
1201 4794 1370 4865 imago
1402 4793 1495 4848 Dei
1518 4795 1798 4849 invisibilis.

204 4885 377 4954 Cujus
404 4898 535 4953 ergo
566 4884 643 4937 vis
670 4899 792 4937 eum
818 4898 937 4939 esse
966 4884 1293 4955 imaginem?
1338 4883 1391 4940 Si
1425 4884 1514 4938 Dei
1560 4883 1796 4954 quidem,

208 4975 477 5046 pulchre;
527 4975 668 5029 Deus
718 4975 860 5029 enim
890 4982 1059 5030 estet
1114 4976 1205 5030 Dei
1238 4976 1439 5041 Filius;
1493 4977 1585 5031 Dei
1625 4988 1804 5032 autem

210 5070 398 5139 imago
427 5066 711 5137 perfectam
744 5066 1147 5122 similitudinem
1169 5067 1437 5122 ostendit:
1465 5083 1594 5138 ergo
1610 5083 1804 5123 secun-

210 5162 345 5215 dum
378 5160 484 5215 hoc
511 5159 731 5230 arqualis
755 5170 838 5215 est
866 5177 880 5214 :
912 5160 957 5214 si
1000 5169 1177 5216 autem
1225 5161 1400 5232 imago
1440 5162 1691 5227 hominis,
1720 5160 1807 5216 dic

213 5253 371 5316 mihi,
406 5261 464 5306 et
508 5266 537 5304 a
570 5259 622 5306 te
650 5260 921 5321 tamquam
945 5251 1013 5306 ab
1043 5254 1233 5307 insano
1263 5253 1555 5308 discedam.
1582 5252 1691 5308 Cur
1714 5267 1808 5307 au-

212 5354 322 5399 tem
352 5358 616 5413 nusquam
635 5359 808 5413 neque
832 5344 1025 5413 imago,
1042 5359 1214 5414 neque
1242 5343 1379 5398 illius
1408 5344 1706 5415 appellatus
1726 5352 1809 5400 est

212 5438 478 5507 angelus,
539 5436 631 5491 sed
684 5438 846 5491 homo
902 5438 1223 5507 utrumque?
1274 5436 1494 5503 Quare?
1547 5437 1805 5503 Quoniam

214 5531 327 5585 illic
356 5528 578 5598 quidem
610 5536 818 5582 natura:
844 5528 1142 5583 sublimitas
1180 5528 1285 5584 cito
1314 5528 1510 5583 multos
1541 5527 1809 5596 injecisset

215 5622 270 5677 in
328 5622 470 5676 hanc
511 5620 837 5690 impietatem
870 5638 883 5674 :
915 5621 1001 5675 hic
1047 5630 1224 5675 autem
1274 5620 1450 5675 vilitas
1487 5628 1540 5674 et
1584 5618 1811 5689 abjeCIio

217 5715 452 5784 Spttlldcl
479 5730 592 5768 rem
625 5712 740 5767 fore
766 5713 817 5767 in
846 5722 981 5782 tuto,
1010 5722 1064 5768 et
1091 5729 1157 5768 ne
1182 5714 1427 5769 volentes
1443 5712 1654 5783 quidem
1686 5713 1813 5770 sinit

220 5807 332 5862 tale
371 5805 499 5876 quid
554 5804 836 5875 suspicari,
868 5813 923 5859 et
960 5820 1263 5861 sermonem
1319 5806 1638 5875 deprimere.
1680 5804 1813 5859 Pro-

224 5910 410 5971 pterea
444 5897 532 5953 ubi
567 5898 729 5953 multa
762 5896 977 5969 quidem
1004 5907 1117 5953 erat
1158 5898 1450 5967 humilitas,
1484 5896 1816 5954 confidenter

1893 3694 2166 3764 Scriptura
2200 3690 2347 3761 ponit
2373 3690 2632 3745 honorem
2664 3706 2678 3743 :
2712 3688 2801 3743 ubi
2829 3696 3006 3743 autem
3046 3686 3221 3758 major
3248 3695 3331 3744 est
3381 3703 3477 3741 na-

1895 3796 2031 3852 tura,
2063 3803 2168 3842 non
2197 3787 2345 3841 item.
2365 3783 2471 3840 Sed
2493 3783 2670 3853 Imago
2693 3792 2763 3837 est
2780 3782 3063 3846 invisibilis,
3086 3781 3276 3851 inquit.
3308 3780 3472 3851 Ergo,

1895 3881 1939 3935 si
1972 3881 2060 3935 ille
2089 3890 2174 3935 est
2214 3877 2528 3943 invisibilis,
2558 3888 2641 3929 est
2686 3875 2797 3945 ipsa
2828 3888 3038 3944 quoque
3078 3872 3395 3939 invisibilis,
3424 3884 3481 3928 et

1895 3973 2142 4027 similiter
2171 3970 2488 4036 invisibilis;
2524 3967 2759 4037 alioquin
2794 3966 2970 4036 imago
3018 3980 3124 4020 non
3155 3973 3318 4019 esset.
3344 3964 3479 4019 Nam

1898 4066 2205 4135 imaginem,
2237 4074 2497 4135 quatenus
2528 4071 2611 4118 est
2637 4062 2832 4131 imago,
2864 4060 3025 4115 etiam
3046 4058 3186 4129 apud
3206 4073 3302 4113 nos
3322 4072 3483 4128 opor-

1900 4166 1974 4211 tet
1998 4171 2117 4211 csse
2145 4154 2425 4225 aequalem,
2459 4160 2513 4208 et
2537 4167 2566 4207 a
2609 4150 3009 4207 citat-actoribus
3032 4158 3087 4204 et
3111 4147 3480 4203 similitudine.

1899 4246 2003 4302 Sed
2028 4247 2113 4301 hic
2127 4245 2341 4316 quidem
2362 4245 2464 4300 hoc
2488 4257 2823 4313 nequaquam
2847 4249 3020 4309 potest
3048 4239 3160 4294 ﬁeri
3186 4255 3202 4305 ;
3233 4254 3322 4294 ars
3340 4239 3483 4293 enim

1902 4341 2131 4396 humana
2160 4354 2304 4408 smpe
2335 4353 2440 4391 non
2489 4336 2813 4405 assequitur,
2846 4332 2956 4386 imo
3000 4346 3127 4385 vero
3158 4344 3447 4399 numquam
3466 4370 3487 4397 ,

1900 4432 1944 4486 si
1968 4439 2214 4485 accurate
2239 4410 2513 4484 examines
2539 4445 2550 4479 :
2584 4425 2669 4480 ubi
2692 4434 2869 4478 autem
2901 4432 2984 4478 est
3010 4422 3172 4488 Deus,
3197 4436 3488 4492 numquam

1902 4521 2099 4575 excidit
2151 4528 2205 4574 et
2247 4519 2481 4583 aberrat,
2512 4530 2683 4586 neque
2714 4514 2852 4569 ullus
2892 4527 3141 4583 umquam
3168 4520 3254 4568 est
3286 4513 3486 4582 lapsus.

1904 4614 1958 4669 Si
1991 4624 2168 4667 autem
2198 4618 2281 4666 est
2307 4617 2574 4672 creatura,
2615 4605 2886 4678 quomodo
2927 4614 3011 4659 est
3053 4604 3228 4674 imago
3255 4602 3374 4673 ejus
3399 4604 3495 4673 qui

1903 4707 2132 4763 creavit?
2158 4719 2329 4775 neque
2354 4703 2495 4759 enim
2523 4716 2693 4770 equus
2707 4708 2788 4755 est
2812 4698 2984 4769 imago
3016 4696 3268 4752 hominis.
3292 4696 3349 4753 Si
3376 4696 3497 4765 cjus

1906 4799 1993 4869 qui
2023 4808 2101 4853 est
2131 4793 2412 4852 invisibilis
2453 4792 2853 4863 similitudinem
2880 4804 2987 4845 non
3030 4787 3267 4845 ostendit
3292 4791 3492 4857 imago,

1906 4888 2031 4960 qttid
2056 4887 2305 4959 prohibet
2326 4886 2486 4941 etiam
2510 4883 2728 4955 angelos
2748 4896 2868 4938 esse
2896 4879 3221 4951 imaginem?
3248 4894 3370 4934 nam
3394 4880 3503 4948 ipsi

1907 4995 2119 5051 quoque
2166 4986 2293 5033 sunt
2340 4975 2658 5041 invisibiles,
2708 4972 2803 5028 sed
2858 4987 2966 5027 non
3023 4971 3281 5042 sibiipsis.
3319 4969 3384 5041 ¹[
3425 4970 3501 5023 At

1908 5073 2086 5127 anima
2112 5080 2195 5127 est
2222 5067 2541 5130 invisibilis;
2587 5064 2681 5121 sed
2708 5080 2772 5120 ex
2801 5078 2867 5119 eo
2895 5062 3036 5133 quod
3066 5072 3149 5117 est
3174 5060 3457 5116 invisibilis
3476 5099 3501 5125 ,.

1910 5174 1994 5219 est
2035 5162 2432 5234 quodammodo
2477 5160 2686 5230 imago;
2712 5168 2767 5213 at
2791 5171 2897 5212 non
2925 5156 3063 5211 sicut
3091 5154 3205 5225 ipse
3231 5160 3335 5209 est.
3375 5149 3497 5207 Prio

1911 5258 2194 5329 magenilus
2224 5255 2385 5309 omnis
2412 5248 2703 5322 mamma]

1983 5350 2038 5403 2.
2057 5347 2192 5416 Quid
2222 5350 2374 5404 vero?
2394 5346 2592 5416 inquit;
2617 5356 2741 5398 ecce
2766 5348 2847 5395 cst
2874 5337 3123 5394 creatus?
3147 5334 3299 5391 Unde
3322 5332 3371 5388 id
3396 5332 3505 5387 col-

1916 5442 2053 5513 ligis,
2082 5438 2411 5510 dic,qu:eso?
2439 5436 2699 5504 Quoniam
2730 5432 2881 5493 dixit,
2917 5420 3306 5499 Primogenitus.
3338 5419 3511 5494 Atqu!

1919 5550 2025 5590 non
2056 5532 2209 5597 dixit,
2241 5530 2653 5591 Primocreatus,
2683 5523 2777 5580 sed
2802 5519 3197 5591 Primogem'tus.
3229 5513 3429 5571 Deinde
3454 5513 3511 5569 si

1985 5718 2002 5750 ε
2038 5722 2208 5765 Locum
2243 5713 2435 5762 uncinis
2457 5710 2670 5760 clausum
2691 5708 2763 5757 sic
2785 5705 2968 5754 habent
2990 5697 3271 5752 Commelin.
3298 5702 3351 5765 et
3371 5693 3505 5765 Reg.

1924 5756 2051 5844 195.5"
2058 5756 2585 5844 ieiunaiequ
2593 5756 2922 5844 ᾇὲῖίίιτίκίινίζίδ
2939 5775 3172 5844 unus
3181 5756 3512 5844 e9.§£’_‘°.‘iiff’.ff

1921 5818 2828 5899 iii‘iin'dinitdfiéinhii}"inihiesse
2863 5822 3172 5899 nnaginegn?
3212 5832 3335 5899 “Num
3358 5818 3517 5872 etiam

1925 5884 2486 5970 Iliiaéiiitiii'g‘iiiéiium’,
2511 5884 2677 5950 eodem
2702 5895 2840 5947 modo
2862 5884 3185 5957 quo'cltristus
3208 5884 3233 5941 ?
