4032 6520
427 611 551 682 quia
581 602 963 678 primogenitus
976 604 1079 665 est,
1102 595 1250 651 illum
1276 602 1515 650 creatum
1544 589 1769 682 dixeris,
1788 584 2005 682 quid-di-

425 674 518 756 ces
545 674 755 768 quando
773 692 918 747 illum
943 686 1176 745 audieris
1199 686 1413 741 fratrem
1436 682 1613 738 vocari
1630 681 1654 734 ἲ
1671 678 1879 734 Etenim
1905 674 2010 730 t'ra-

428 802 561 847 trem
590 789 737 843 illum
761 791 915 839 vocat
934 781 1206 851 Scriptura
1229 777 1524 833 secundum
1546 774 1725 830 omnia
1744 770 2009 851 nobisas-

425 882 733 935 similatum.
762 876 975 946 Ergone
1009 850 1128 928 ideo
1155 870 1302 925 illum
1319 867 1624 923 Creatorem
1644 878 1765 945 esse
1787 850 2007 931 negabi-

426 990 567 1039 mus,
595 982 649 1029 et
678 986 777 1026 nec
800 968 1057 1040 dignitate
1083 979 1256 1036 neque
1280 964 1385 1017 alio
1415 960 1662 1031 quopiam
1681 956 1833 1011 nobis
1855 962 2009 1008 ante-

425 1081 627 1136 ponere
655 1059 1028 1133 dignahimur?
1048 1057 1229 1127 ecquis
1251 1062 1428 1110 mente
1456 1052 1640 1107 valens
1662 1050 1761 1104 hoc
1779 1044 2009 1102 dixerit?

424 1158 557 1213 Nam
588 1154 737 1219 illud,
767 1151 1161 1221 Primogenitus,
1183 1162 1287 1202 non
1309 1145 1619 1216 dignitatem
1642 1150 1694 1195 et
1724 1140 2003 1202 honorem,

422 1249 517 1304 sed
537 1258 743 1316 tempus
762 1253 963 1299 tantum
985 1238 1313 1312 exprimit.Si
1333 1252 1458 1307 ergo
1474 1233 1856 1305 pritnogenitns
1875 1230 2005 1285 nihil

423 1341 543 1409 plus
567 1338 725 1393 habet
746 1350 902 1407 quam
931 1348 1063 1397 nos;
1093 1342 1251 1401 atque
1269 1330 1367 1384 hac
1391 1329 1598 1382 ratione
1621 1321 2007 1393 primogenitus

422 1441 504 1485 cst
531 1431 794 1494 omnium,
824 1424 1293 1482 consubstantialis
1319 1423 1419 1476 erit
1448 1422 1583 1475 Deus
1608 1417 1838 1473 Verbum
1867 1413 2002 1483 lapi-

423 1523 597 1587 dibus,
626 1520 782 1592 lignis
803 1529 856 1575 et
874 1516 1096 1587 reliquis
1121 1532 1136 1570 :
1168 1530 1289 1568 nam
1314 1515 1408 1578 ait,
1443 1509 1816 1580 I’rimogenitus
1840 1504 2006 1560 omnis

421 1625 682 1668 creatum.
717 1614 785 1667 At
811 1610 1196 1681 primogenitus
1217 1649 1231 1671 ,
1279 1606 1505 1676 inquies,
1535 1602 1709 1658 dictus
1736 1608 1848 1664 est;
1874 1613 2005 1668 ergo

422 1716 633 1764 creatus
659 1714 761 1761 est.
793 1705 936 1758 Bene
973 1701 1216 1772 quidem,
1260 1700 1303 1752 si
1357 1713 1442 1751 res
1486 1696 1555 1749 ita
1587 1710 1646 1748 se
1676 1693 1917 1752 haberet,
1948 1698 2003 1744 et

424 1798 526 1853 nisi
555 1797 655 1850 alia
686 1796 875 1851 similia
904 1794 1161 1857 haberet,
1190 1787 1650 1858 ul,Primogenilus
1680 1800 1743 1838 ea:
1764 1783 1999 1845 mortuis,

421 1899 497 1956 et,
526 1887 903 1957 Primogenitus
926 1886 980 1938 in
1004 1884 1174 1937 multis
1199 1882 1438 1950 fratribus
1469 1876 1601 1948 (Col.
1626 1878 1678 1931 1.
1714 1865 1800 1930 18.
1843 1873 1996 1927 Rom.

420 1982 478 2037 8.
505 1980 575 2035 29
595 1978 639 2049 ).
676 1979 791 2039 Dic,
814 1991 1026 2046 qmcso,
1081 1972 1461 2043 primogenitus
1500 1985 1564 2024 ex
1622 1966 1846 2022 mortuis
1872 1962 2000 2034 quid

420 2072 720 2143 signiﬁcat?
744 2070 859 2125 Non
887 2068 1029 2137 quod
1076 2068 1279 2138 primus
1309 2063 1622 2127 resurrexit,
1658 2061 1805 2116 dices
1847 2078 1860 2113 :
1891 2072 1999 2112 non

420 2165 561 2219 enim
593 2162 726 2216 dixit
755 2160 1068 2229 simpliciter
1091 2154 1441 2226 quorumdam
1473 2162 1826 2214 mortuorum,
1872 2147 1995 2213 sed,

420 2254 812 2323 Primogenitus
833 2267 899 2307 ex
942 2250 1164 2305 mortuis
1197 2265 1210 2301 :
1241 2260 1412 2316 neque
1436 2244 1570 2299 dixit
1617 2257 1737 2297 eum
1770 2241 1996 2312 primum

418 2360 539 2401 esse
572 2354 861 2407 mortuum,
890 2341 983 2396 sed
1016 2338 1427 2411 primogenitum
1452 2334 1749 2390 surrexisse
1769 2348 1833 2387 ex
1856 2347 2001 2386 mor-

417 2439 544 2493 tuis.
577 2437 935 2505 Quamobrem
996 2432 1124 2487 nihil
1175 2430 1319 2484 aliud
1363 2427 1641 2498 signiﬁcat,
1685 2440 1841 2495 quam
1872 2439 1996 2479 eum

418 2530 585 2584 fuisse
633 2527 893 2597 primitias
935 2522 1348 2581 resurrectionis
1373 2536 1404 2575 a
1437 2519 1680 2574 mortuis.
1712 2518 1851 2588 Ergo
1897 2530 1998 2571 nec

418 2604 505 2676 hic
530 2620 727 2690 aliquid
753 2619 1024 2688 probatur.
1048 2615 1249 2670 Deinde
1269 2613 1571 2684 aggreditur
1594 2611 1764 2681 ipsum
1781 2610 1991 2680 dogma.

416 2715 548 2771 Nam
580 2730 648 2769 nc
678 2714 1045 2767 existimarent
1069 2724 1190 2764 eum
1232 2722 1351 2763 esse
1380 2706 1731 2761 recentiorem
1757 2718 1824 2759 eo
1852 2701 1997 2773 quod

415 2806 545 2860 olim
577 2804 790 2875 quidem
839 2801 1195 2856 adduceretur
1238 2815 1333 2867 per
1356 2798 1596 2867 angelos,
1629 2810 1771 2851 nunc
1817 2802 1997 2849 autem

415 2911 513 2966 per
535 2896 743 2963 ipsum;
772 2891 1005 2947 ostendit
1035 2891 1265 2960 primum
1293 2905 1386 2943 eos
1424 2888 1553 2941 nihil
1590 2888 1827 2957 potuisse
1849 2902 1864 2950 ;
1889 2901 1995 2940 non

414 2987 558 3042 enim
600 2986 713 3054 ipse
755 2982 1028 3039 eduxisset
1065 2997 1096 3036 e
1149 2981 1382 3035 tenebris
1414 2997 1426 3031 :
1457 2979 1746 3034 secundum
1779 2987 1992 3043 autem,

414 3077 557 3147 quod
587 3077 655 3130 sit
680 3084 801 3129 ante
846 3074 1011 3144 ipsos.
1061 3072 1211 3138 Quod
1241 3082 1419 3126 autem
1450 3072 1517 3124 sit
1541 3080 1665 3123 ante
1696 3070 1860 3139 ipsos,
1894 3068 1995 3121 hoc

414 3170 606 3239 probat
651 3177 983 3237 argumento,
1032 3164 1170 3235 quod
1202 3164 1300 3233 ipsi
1328 3179 1421 3233 per
1464 3178 1585 3217 eum
1639 3163 1747 3217 sint
1790 3161 1992 3216 creati:

417 3262 674 3328 Quoniam
699 3261 751 3314 in
774 3261 905 3331 ipso,
935 3258 1125 3328 inquit,
1147 3258 1353 3312 condita
1381 3266 1495 3310 sunt
1521 3256 1708 3309 omnia.

488 3352 687 3407 Paulus
704 3349 1298 3417 Samosalenus.——Quid
1315 3350 1397 3403 hic
1409 3348 1592 3403 dicunt
1611 3345 1828 3402 assecltc
1844 3346 1994 3401 Pauli

412 3443 790 3501 Samosateni?
824 3442 1009 3498 Omnia
1038 3442 1089 3495 in
1123 3442 1237 3510 ipso
1267 3441 1398 3496 facta
1429 3455 1548 3495 esse
1577 3456 1591 3492 :
1623 3438 1824 3494 dictum
1852 3438 1993 3494 enim

412 3537 532 3602 fuit,
549 3535 613 3590 In
641 3537 751 3605 ipso
776 3535 980 3589 condita
1004 3542 1119 3588 sunt
1145 3533 1333 3587 omnia.
1359 3532 1461 3587 Sed
1484 3546 1601 3602 qua:
1630 3541 1756 3587 sunt
1778 3531 1827 3584 in
1850 3530 1995 3584 ett-lis

411 3640 466 3684 et
490 3644 608 3698 quae
634 3637 757 3683 sunt
779 3626 830 3681 in
859 3637 995 3682 terra
1026 3626 1196 3695 primo
1223 3624 1375 3679 dixit.
1398 3624 1472 3679 De
1501 3638 1605 3694 quo
1631 3633 1743 3677 erat
1770 3624 1994 3692 qttmstio

412 3720 517 3775 hoc
541 3719 710 3789 primo
739 3719 907 3786 ponit.
942 3716 1140 3771 Deinde
1169 3715 1470 3786 subiungit,
1501 3714 1727 3768 Visibilia
1755 3723 1801 3769 et
1818 3715 1996 3767 invisi-

409 3812 555 3866 bilia.
588 3810 871 3865 invisibilia
904 3810 1138 3863 animam
1167 3809 1317 3874 dicit,
1346 3808 1592 3873 \‘isibilia,
1616 3822 1803 3863 omnes
1824 3806 1996 3861 homi-

412 3918 530 3956 nes.
561 3901 625 3956 Et
662 3900 803 3970 quod
831 3901 882 3953 in
912 3901 1158 3953 confesso
1186 3908 1291 3966 est,
1323 3899 1608 3969 relinquit;
1645 3899 1792 3969 ponit
1816 3907 1992 3953 autem

412 3993 464 4061 id
490 3991 557 4046 de
586 4006 692 4061 quo
713 3989 1004 4044 dubitatur.
1036 3989 1155 4043 Sive
1194 3988 1407 4054 Turoni,
1440 3990 1633 4058 inquit,
1664 3991 1766 4043 sive
1814 3989 1991 4043 Domi-

412 4084 664 4148 nationes,
693 4084 796 4135 sive
830 4081 1176 4151 Principatus,
1220 4081 1322 4134 sive
1349 4080 1653 4135 Potestates.
1686 4080 1836 4144 Illud,
1871 4082 1992 4146 sive,

411 4173 820 4244 comprehendit
848 4173 1179 4227 universum.
1212 4170 1439 4242 Spiritus
1467 4179 1645 4226 autem
1680 4186 1785 4226 non
1808 4188 1994 4227 nume-

410 4276 563 4321 ratur
610 4280 730 4322 cum
791 4264 1171 4329 Potestatibus,
1231 4263 1325 4319 sed
1377 4279 1405 4316 a
1438 4263 1625 4332 majori
1677 4263 1743 4317 ad
1788 4264 1992 4319 minora

409 4357 736 4414 ostendenda
766 4356 1090 4427 proceditur.
1135 4355 1339 4419 Omnia,
1387 4355 1578 4424 inquit,
1613 4371 1703 4425 per
1731 4356 1919 4424 ipsum,
1948 4365 1992 4409 et

408 4453 461 4505 in
485 4453 595 4522 ipso
620 4461 787 4504 creata
807 4460 943 4503 sunt.
974 4448 1108 4503 Ecce
1136 4446 1282 4511 illud,
1309 4445 1375 4500 In
1401 4447 1530 4515 ipso,
1552 4455 1633 4500 cst
1664 4462 1756 4516 per
1777 4446 1946 4516 ipsum
1976 4465 1991 4504 :

412 4557 534 4594 nam
568 4556 687 4594 cum
717 4540 959 4602 dixisset,
986 4537 1053 4591 In
1085 4539 1215 4606 ipso,
1244 4537 1535 4606 subjunxit,
1569 4534 1668 4590 Per
1706 4538 1892 4605 ipsum.
1927 4536 1993 4591 ll-

412 4630 503 4685 lud
526 4639 727 4695 autem,
753 4628 816 4682 In
846 4630 976 4699 ipso,
1004 4628 1130 4698 quid
1154 4628 1272 4683 est?
1299 4628 1409 4682 lloc
1432 4636 1537 4693 est,
1570 4628 1621 4682 in
1646 4626 1817 4697 ipsum
1865 4644 1993 4697 pcu-

412 4722 503 4776 det
527 4722 763 4775 omnium
791 4720 1109 4774 substantia.
1140 4719 1253 4774 Non
1283 4720 1454 4773 solum
1487 4720 1601 4789 ipse
1643 4735 1706 4774 ca
1731 4735 1795 4774 ex
1826 4720 1994 4774 nihilo

413 4812 483 4868 ad
514 4812 613 4866 hoc
639 4821 695 4865 ut
719 4821 899 4866 essent
930 4810 1173 4878 deduxit,
1224 4810 1320 4866 sed
1352 4812 1465 4881 ipse
1505 4827 1715 4882 quoque
1743 4826 1805 4866 ea
1854 4826 1996 4867 nunc

412 4909 689 4963 continet:
720 4911 1066 4977 quamobrem
1097 4908 1141 4962 si
1171 4916 1351 4963 essent
1387 4908 1590 4962 divulsa
1614 4909 1682 4962 ah
1725 4908 1839 4979 ejus
1865 4924 1994 4979 pro~

413 5000 668 5065 videntia,
698 5001 1044 5056 interiissent.
1074 5001 1180 5056 Sed
1224 5016 1327 5055 non
1370 5002 1525 5067 dixit,
1552 5001 1821 5064 Continct,
1852 5002 1994 5072 quod

411 5094 803 5159 eratcrassius;
824 5094 915 5149 sed
935 5094 1073 5164 qtmd
1102 5104 1181 5148 est
1211 5094 1476 5161 subtilius,
1498 5093 1549 5147 In
1578 5094 1747 5164 ipsmn
1776 5095 1991 5165 pendet.

414 5188 598 5243 Solum
630 5185 695 5241 ad
724 5202 844 5241 eum
887 5203 1123 5242 annncre
1152 5197 1205 5242 et
1250 5187 1515 5253 inclinari,
1548 5188 1745 5242 sufﬁcit
1767 5188 1829 5241 ad
1858 5203 1991 5242 con-

410 5282 688 5338 linendum
713 5292 766 5336 ct
808 5281 1298 5350 constringendam.
1332 5282 1419 5336 Sic
1450 5282 1631 5348 etiam,
1671 5281 1988 5353 Primogeni-

412 5387 512 5441 tus,
541 5387 809 5445 tamquam
848 5374 1246 5430 fundamentum
1287 5375 1505 5430 dicitur.
1536 5375 1647 5431 Hoc
1676 5387 1853 5431 autem
1886 5392 1990 5431 non

410 5467 673 5538 signiﬁcat
710 5475 980 5523 creaturas
1024 5482 1145 5523 esse
1183 5468 1424 5538 ejusdem
1480 5469 1748 5535 essentne,
1795 5469 1890 5525 sed
1937 5470 1990 5524 in

412 5564 528 5630 ipso
562 5575 682 5616 esse
708 5562 887 5616 omnia
910 5602 926 5627 ,
980 5570 1034 5617 et
1065 5579 1158 5633 per
1198 5564 1392 5632 ipsum.
1428 5561 1557 5615 Nam
1590 5562 1716 5616 alibi
1746 5579 1990 5633 quoque,

407 5654 620 5721 quando
645 5653 804 5717 dicit,
838 5653 1248 5708 Fundamentum
1276 5656 1424 5724 posui
1466 5654 1551 5724 (1.
1604 5654 1723 5709 Cor.
1766 5656 1820 5710 ’5.
1854 5656 1990 5728 10),

410 5758 515 5797 non
565 5743 690 5798 dicit
719 5745 785 5799 de
812 5749 1065 5811 essentia,
1101 5746 1195 5801 sed
1247 5746 1313 5801 de
1358 5747 1690 5816 operatione.
1740 5747 1871 5802 Nam
1925 5763 1992 5801 ne

408 5834 681 5887 existimes
708 5834 879 5903 ipsum
909 5850 1029 5891 esse
1052 5836 1377 5902 ministrum,
1409 5836 1542 5891 dicit
1567 5837 1738 5908 ipsum
1769 5852 1832 5894 ea
1862 5852 1991 5893 con-

408 5925 580 5981 tinere
606 5943 620 5957 ο
645 5925 785 5989 ouod
814 5941 916 5983 non
942 5937 1026 5985 est
1046 5929 1218 5985 minus
1241 5944 1397 5999 quam
1422 5928 1632 5988 fecisse.
1656 5928 2001 6002 Quamquam

1109 481 1165 538 S.
1207 476 1484 536 JOANNIS
1519 470 1996 533 CllRYSOSTOMI
2035 470 2350 528 ARClllFJ".
2392 472 2926 539 (ZONSTANHNOP.

3604 496 3721 555 εεσ

2124 583 2177 639 in
2208 585 2361 643 nobis
2390 598 2471 645 est
2501 593 2659 648 etiam
2692 596 2863 666 majus
2897 616 2911 653 :
2940 615 3060 654 nam
3104 598 3233 659 illud
3260 606 3473 676 quidem
3502 622 3592 666 ars
3620 612 3707 667 ln—

2121 676 2302 745 ducit,
2353 680 2455 738 hoc
2494 700 2622 740 vero
2651 702 3020 760 nequaquam;
3066 710 3239 766 neque
3278 700 3419 755 enim
3466 704 3708 761 continet

2120 770 2263 862 quod
2289 772 2491 833 interit.
2525 776 2591 830 Et
2619 780 2729 845 ipse
2752 792 2825 835 est
2852 793 2969 838 ante
3012 802 3204 851 omnes,
3262 791 3451 862 inquit.
3487 794 3597 850 lloc
3622 810 3707 853 est

2120 858 2232 914 Deo
2278 867 2620 922 conveniens.
2649 869 2748 925 Ubi
2797 883 2880 928 est
2926 874 3120 933 Paulus
3163 858 3585 941 Samosatenus?
3639 890 3705 945 Et

2120 955 2293 1007 omnia
2326 956 2381 1010 in
2405 958 2519 1027 ipso
2542 972 2775 1016 constant
2803 980 2823 1019 :
2847 965 2948 1022 hoc
2978 981 3083 1035 est,
3114 971 3170 1025 In
3206 974 3378 1042 ipsum
3410 988 3535 1033 sunt
3559 996 3697 1035 con-

2118 1044 2248 1099 dita.
2280 1049 2505 1105 Assidue
2530 1052 2715 1108 eadem
2746 1067 2940 1124 versat,
2967 1063 3253 1120 verborum
3275 1071 3702 1138 continuatione,

2120 1144 2389 1207 tamquam
2445 1144 2651 1199 crebris
2704 1149 3019 1216 quibusdam
3062 1156 3277 1222 ictibus,
3336 1162 3705 1231 perniciosum

2117 1229 2309 1300 dogma
2334 1244 2583 1290 evertens
2614 1238 2887 1296 radicitus.
2917 1243 3048 1299 Nam
3080 1247 3123 1301 si
3151 1259 3205 1303 et
3227 1229 3525 1308 tam‘multa
3554 1257 3700 1314 dicta

2116 1332 2261 1389 sunt,
2292 1332 2347 1378 et
2388 1335 2509 1394 post
2540 1336 2744 1411 tantum
2772 1341 2981 1403 tempus
3010 1349 3228 1395 exortus
3257 1351 3341 1396 est
3372 1343 3566 1400 Paulus
3597 1348 3697 1402 Sa-

2115 1424 2457 1508 mosatenus;
2506 1433 2706 1490 quanto
2741 1428 2924 1496 magis,
2956 1428 3001 1483 si
3032 1429 3145 1486 hinc
3174 1448 3279 1487 non
3311 1434 3532 1492 fuissent
3560 1455 3701 1508 pra:-

2114 1505 2252 1560 dicta
2272 1509 2299 1561 ‘t
2344 1508 2412 1562 Et
2468 1514 2658 1578 omnia,
2716 1515 2904 1585 inquit,
2934 1519 2986 1573 in
3028 1537 3085 1574 eo
3128 1535 3379 1581 constant.
3414 1505 3701 1594 Quomodo

2112 1603 2442 1697 constant‘in
2472 1620 2536 1658 eo
2574 1607 2662 1677 qui
2694 1625 2799 1665 non
2830 1616 2953 1669 est?
2992 1617 3347 1684 Quamobrem
3375 1633 3429 1678 et
3453 1640 3572 1695 quae
3602 1644 3694 1697 per

2112 1691 2508 1786 angelosiﬁunt,
2536 1697 2649 1766 ejus
2671 1710 2815 1756 sunt.
2846 1703 2911 1757 Et
2939 1707 3045 1777 ipse
3069 1721 3139 1765 est
3165 1725 3317 1782 caput
3343 1691 3572 1786 corporis
3599 1691 3697 1773 b3:-

2109 1782 2296 1880 elesia’.
2319 1785 2624 1880 Postquam
2652 1791 2860 1850 dixerat
2883 1797 2951 1853 de
2975 1800 3250 1871 dignitate,
3278 1782 3534 1880 deinceps
3564 1814 3693 1869 dicit

2110 1873 2178 1967 die
2211 1874 2535 1967 benignitate
2560 1899 2571 1933 :
2600 1881 2719 1953 Ipse
2745 1897 2836 1955 est,
2866 1890 3053 1961 inquit,
3084 1908 3236 1965 caput
3256 1873 3488 1967 corporis
3514 1902 3690 1959 Eccle-

2109 1966 2386 2064 siaauNon
2417 1970 2558 2025 dixit
2583 1985 2780 2043 autem,
2843 1980 3227 2055 Pleniturlinis,
3283 1966 3423 2046 idem
3476 1997 3688 2064 quidem

2108 2055 2434 2125 signiﬁcans,
2462 2062 2555 2116 sed
2581 2065 2766 2123 volens
2791 2073 3073 2130 ostendere
3098 2093 3217 2132 eum
3251 2083 3403 2138 nobis
3426 2055 3549 2141 esse
3572 2103 3690 2143 con-

2103 2144 2425 2246 junctiorem
2452 2193 2467 2217 ,
2514 2156 2654 2223 quod
2702 2160 2791 2228 qui
2829 2170 2883 2216 et
2910 2164 2990 2219 sic
3029 2178 3109 2222 est
3153 2184 3311 2239 supra
3360 2185 3414 2228 et
3443 2181 3689 2246 superior

2109 2239 2379 2307 omnibus,
2414 2244 2477 2298 iis
2502 2260 2560 2301 se
2582 2250 2858 2318 euujunxit
2883 2256 2970 2324 qui
3011 2270 3131 2313 sunt
3164 2261 3294 2316 infra
3325 2239 3526 2322 omnia:
3561 2270 3689 2326 Ubi-

2108 2344 2212 2399 que
2260 2335 2402 2388 citim
2450 2338 2653 2405 primus
2708 2353 2791 2397 est
2824 2361 2837 2398 :
2870 2363 3029 2416 supra
3076 2352 3315 2420 primus,
3356 2358 3407 2411 in
3449 2360 3686 2417 Ecclesia

2108 2421 2345 2521 primus;
2380 2436 2462 2521 est
2504 2431 2643 2484 enim
2683 2445 2874 2502 caput;
2928 2439 2978 2492 in
3023 2449 3417 2505 resurrectione
3461 2454 3685 2521 primus.
3724 2455 3729 2458 ’

2104 2509 2219 2566 lloc
2239 2515 2378 2569 enim
2409 2516 2509 2574 sibi
2543 2522 2655 2576 vult
2682 2524 2832 2594 illud,
2860 2527 2929 2583 Ut
2960 2532 3024 2585 sit
3054 2534 3161 2603 ipse
3188 2539 3402 2606 primus.

2176 2605 2227 2660 5.
2260 2607 2617 2675 Quamobrem
2650 2617 2699 2670 in
2737 2623 3079 2688 generatione
3108 2605 3318 2700 quoque
3351 2644 3432 2688 est
3463 2637 3686 2705 primus.

2107 2695 2176 2750 Et
2205 2698 2305 2753 hoc
2344 2710 2425 2757 est
2455 2705 2595 2773 quod
2652 2708 2844 2766 Paulus
2892 2695 3328 2777 maximestmlet
3378 2695 3685 2788 ostendere.

2103 2788 2236 2845 Nam
2281 2794 2323 2846 si
2356 2794 2458 2850 hoc
2486 2798 2640 2853 fuerit
2666 2803 2964 2871 probatum,
2994 2810 3133 2878 quod
3175 2826 3317 2870 esset
3347 2797 3477 2874 ante
3501 2837 3686 2879 omnes

2104 2884 2356 2954 angelos;
2385 2888 2511 2944 illud
2546 2907 2758 2964 quoque
2782 2897 2937 2953 simul
2960 2901 3204 2971 infertur,
3238 2924 3356 2976 qua:
3382 2924 3540 2968 erant
3575 2917 3687 2970 illn-

2106 2991 2427 3075 rum-Opera
2460 2983 2629 3075 ipsum
2672 2987 2863 3046 fecisse
2891 2994 3263 3064 imperantem.
3298 3003 3361 3057 Et
3412 3008 3555 3075 quod
3607 3022 3685 3066 est

2104 3067 2437 3139 admirabile,
2469 3074 2520 3128 in
2545 3080 2823 3144 posteriori
2848 3088 3194 3153 generatione
3215 3067 3491 3151 contendit
3513 3100 3684 3169 ipsum

2106 3162 2334 3255 primum
2388 3168 2691 3226 ostendere.
2734 3175 3061 3248 Quamquam
3109 3184 3233 3239 alibi
3274 3190 3503 3255 priumm
3533 3162 3687 3252 'dieil

2104 3250 2296 3355 Adam,
2330 3255 2466 3311 sicut
2503 3270 2585 3314 est
2610 3277 2668 3317 re
2696 3280 2855 3330 vera;
2881 3270 2973 3324 sed
3001 3275 3207 3344 accepit
3249 3250 3544 3339 Ecclesium
3590 3250 3686 3357 pro

2106 3353 2356 3401 universo
2405 3365 2607 3419 genere
2637 3353 2931 3414 hominum.
2980 3364 3072 3419 Est
3119 3369 3259 3423 enim
3291 3371 3548 3431 Ecclesiae
3572 3353 3684 3451 pri-

2104 3454 2256 3506 mus;
2289 3452 2344 3496 et
2393 3442 2665 3537 hominum
2697 3452 2908 3519 quidem
2937 3461 3206 3528 tamquam
3253 3467 3544 3524 crcationis
3572 3442 3685 3541 pri-

2104 3548 2221 3635 mus
2247 3546 2331 3589 est
2358 3540 2647 3595 secundmn
2680 3560 2893 3601 carnem
2926 3564 2940 3602 :
2972 3560 3022 3603 et
3072 3567 3353 3623 propterea
3404 3558 3491 3615 hic
3540 3567 3685 3632 ponit

2105 3630 2536 3698 primogenitum.
2587 3633 2722 3700 Quid
2772 3646 2855 3692 est
2881 3638 2968 3694 hie
2997 3643 3417 3714 primogenitus?
3441 3630 3551 3719 Qui
3572 3656 3683 3724 prio

2103 3733 2220 3775 mus
2241 3729 2322 3775 est
2347 3734 2577 3789 creatus,
2603 3737 2693 3781 aut
2718 3731 2806 3799 qui
2837 3735 3123 3789 resurrexit
3147 3748 3269 3793 ante
3294 3756 3515 3810 omnes;
3548 3747 3685 3803 sicut

2102 3814 2341 3909 etillic,
2393 3817 2490 3886 Qui
2531 3829 2615 3874 est
2656 3832 2781 3879 ante
2815 3840 3025 3882 onmes.
3057 3829 3123 3884 Et
3148 3831 3233 3888 hic
3261 3836 3477 3904 quidem
3508 3844 3685 3909 posuit

2102 3906 2384 3977 primitias,
2418 3910 2600 3969 dicens
2628 3916 2642 3946 ³
2676 3933 2690 3969 :
2724 3917 2825 3982 Qui
2851 3927 2925 3972 est
2964 3922 3291 3992 principium,
3324 3906 3683 4001 primogenita:

2102 4015 2164 4054 ca:
2189 4004 2421 4068 mortuis,
2452 4016 2506 4058 ut
2545 4007 2609 4061 sit
2639 4008 2692 4062 in
2739 4011 2969 4083 omnibus
2999 4013 3107 4082 ipse
3149 4017 3425 4087 primatum
3472 4032 3682 4090 tenens;

2101 4096 2391 4153 ostendens
2418 4101 2557 4170 quod
2585 4102 2674 4156 alii
2703 4118 2915 4174 quoque
2941 4116 3065 4162 sunt
3111 4110 3372 4178 ejusmodi
3404 4131 3418 4167 :
3453 4116 3559 4171 illic
3587 4133 3683 4172 au-

2102 4197 2207 4245 tem
2233 4206 2337 4245 non
2367 4200 2449 4246 est
2476 4194 2722 4263 primitia:
2750 4207 3031 4253 creatum.
3063 4199 3131 4256 Et
3180 4203 3291 4258 illic
3327 4205 3540 4277 quidem
3565 4220 3677 4277 est,

2099 4280 2283 4355 Imago
2311 4284 2407 4340 Dei
2431 4287 2715 4354 invisibilis,
2742 4300 2797 4346 et
2822 4300 2968 4375 tunc,
2995 4293 3394 4368 Primogenitus.
3428 4302 3516 4357 19.
3549 4305 3681 4371 Quia

2099 4375 2151 4429 in
2174 4376 2283 4447 ipso
2305 4380 2610 4448 complacuit
2638 4397 2837 4437 omnem
2886 4386 3249 4455 plenitudinem
3291 4392 3540 4462 habitare,
3581 4397 3675 4452 '20.

2098 4477 2145 4522 et
2172 4484 2263 4536 per
2286 4485 2398 4523 eum
2436 4473 2764 4528 reconciliare
2798 4478 2969 4530 omnia
3010 4479 3064 4533 in
3114 4481 3258 4551 ipso;
3285 4485 3564 4553 paciﬁcans
3593 4506 3682 4559 per

2099 4565 2395 4631 sanguinem
2426 4565 2589 4620 crucis
2621 4567 2753 4637 ejus,
2778 4569 2881 4624 sive
2898 4587 3011 4640 qua
3044 4573 3095 4626 in
3131 4575 3295 4640 terris,
3338 4577 3441 4632 sive
3485 4596 3600 4649 quae
3627 4584 3680 4636 in

2099 4655 2235 4741 uelis
2260 4666 2396 4709 sunt.
2426 4656 2806 4729 Quaecumque,
2834 4661 3021 4731 inquit,
3053 4674 3176 4719 sunt
3201 4666 3403 4736 Patris,
3435 4685 3497 4725 ea
3542 4688 3678 4743 quo-

2098 4762 2204 4816 que
2231 4756 2357 4802 sunt
2407 4747 2548 4815 Filii,
2601 4750 2759 4821 idque
2802 4753 2985 4823 majori
3017 4756 3212 4825 studio,
3244 4762 3383 4828 quod
3424 4772 3476 4817 et
3524 4763 3680 4820 fuerit

2099 4850 2378 4908 mortuus,
2435 4851 2490 4896 et
2537 4842 2691 4899 nobis
2720 4845 2954 4915 seipsum
3002 4849 3358 4919 conjunxerit.
3411 4854 3681 4910 Primitias

2100 4943 2275 4988 autem
2307 4933 2443 4988 dixit
2468 4941 2736 5005 tamquam
2766 4936 2833 4992 de
2880 4938 3051 4995 fructu
3095 4940 3294 5011 aliquo.
3347 4942 3466 4998 Non
3505 4946 3677 5012 dixit,

2100 5025 2476 5092 Rcsurrectio,
2533 5028 2665 5094 sed,
2721 5029 3012 5096 Primitim;
3067 5032 3356 5088 ostendens
3404 5036 3547 5105 quod
3578 5052 3679 5093 nos

2098 5134 2285 5174 omnes
2307 5121 2668 5187 sanctiﬁcarit,
2692 5131 2745 5177 et
2773 5130 3041 5192 tamquam
3062 5125 3377 5180 sacriﬁcium
3403 5128 3678 5185 obtulerit.

2102 5212 2489 5270 Plenitudinem
2518 5215 2585 5270 dc
2605 5215 2883 5271 divinitate
2909 5217 3061 5281 dixit,
3091 5219 3229 5272 sicut
3256 5219 3468 5274 dicebat
3513 5222 3678 5277 Joan-

2100 5323 2231 5364 nes:
2261 5308 2339 5362 De
2384 5308 2694 5382 plenitudine
2721 5311 2830 5378 ejus
2851 5326 2942 5363 nos
2965 5327 3135 5365 omnes
3164 5314 3449 5380 accepimus
3485 5314 3503 5383 (
3519 5313 3677 5367 .lomi.

2100 5402 2155 5456 1.
2190 5402 2316 5473 16).
2346 5401 2459 5457 lloc
2494 5412 2595 5469 est,
2623 5403 2746 5459 Sive
2774 5402 2940 5459 Filius
2965 5414 3098 5470 erat,
3123 5406 3235 5460 sive
3267 5405 3520 5475 Verbum,
3568 5408 3680 5465 illic

2166 5563 2180 5593 ¹
2206 5561 2298 5610 llic
2322 5560 2458 5609 locus
2489 5562 2557 5609 sic
2580 5560 2790 5609 habetur
2815 5560 2861 5608 in
2881 5559 3014 5609 Culh.
3038 5561 3150 5620 909,
3166 5563 3459 5611 nttm7L1..
3507 5573 3679 5615 Scam-

2099 5624 2217 5675 dnm
2240 5636 2434 5672 comem
2464 5636 2480 5672 :
2500 5630 2756 5687 propterea
2779 5628 2822 5671 ct
2840 5620 2947 5687 illic
2968 5630 3012 5671 et
3041 5622 3118 5673 hic
3143 5624 3287 5673 etiam
3336 5624 3678 5687 Primogem'tus

2098 5693 2288 5736 vocatus
2310 5692 2394 5735 est.
2423 5684 2544 5742 ()uitl
2568 5684 2635 5733 est
2653 5691 2813 5734 autem
2837 5684 3200 5745 Pritnogcnitus
3222 5688 3379 5734 omnis
3397 5684 3637 5738 creatum
3660 5690 3678 5739 ἱ

2100 5750 2187 5797 hoc
2209 5755 2283 5796 est
2306 5760 2409 5808 pro,
2437 5746 2628 5812 Primus
2650 5755 2868 5812 a‘eator;
2895 5748 3300 5806 quenutdmotlmn
3324 5787 3337 5803 .
3368 5750 3681 5812 Ριήιιιοίςειιίι

2100 5822 2177 5863 tus
2200 5822 2261 5859 ex
2288 5810 2508 5868 mortuis,
2534 5813 2602 5855 cst
2624 5822 2728 5869 pro,
2748 5808 2836 5866 Qui
2854 5818 2967 5857 ante
2992 5822 3159 5857 omnes
3183 5812 3457 5860 resurrexit
3480 5825 3490 5857 :
3516 5808 3561 5860 ct
3582 5812 3681 5861 sic-

2098 5880 2147 5923 ut
2192 5871 2294 5921 illic
2328 5871 2487 5933 ponit.
2533 5871 2626 5927 Qui
2652 5880 2728 5921 est
2752 5878 2868 5921 ante
2890 5884 3061 5922 omnes
3082 5904 3097 5931 ,
3140 5872 3210 5922 sic
3244 5872 3387 5924 etiimt
3420 5871 3496 5923 hic
3522 5876 3680 5933 possit

2097 5934 2334 6001 primitias
2358 5931 2539 5995 dicens,
2567 5941 2661 5984 etc.
