4032 6502
461 508 562 566 3‘21

451 622 648 676 πάντα
695 617 784 680 εις
825 614 1035 668 αὐτόν.
1075 609 1193 664 Ἵνα
1230 609 1307 680 μὴ
1339 609 1592 680 νομίσῃς,
1635 609 1716 662 ὅτι
1749 605 2018 676 ὑπηρέτου

445 703 600 768 τάξιν
632 696 915 761 ἀνέλαϐεν,
953 697 1042 761 εἰς
1087 693 1328 755 ἑαυτὸν,
1379 693 1533 762 φησί.
1569 691 1678 744 Καὶ¹
1715 690 1820 760 μὴν
1868 687 2032 740 ἀλλα-

447 786 545 856 χοῦ
582 797 768 852 φησιν,
805 780 887 831 ὅτι
913 776 991 846 τῷ
1033 775 1153 846 Θεῷ
1178 773 1559 838 καταλλάττει,
1595 773 1844 841 καθάπερ
1879 772 1934 822 ἐν
1962 771 2029 841 τῇ

446 853 584 940 πρὸς
614 858 1233 934 ΚορινθίουςἘπιστολῇ
1260 857 1488 929 γράφων
1520 857 1694 925 ἔλεγε.
1721 857 1830 940 Καὶ
1854 853 2033 940 καλῶς

448 934 589 1018 εἶπε,
624 950 704 1000 Δι’
751 945 941 1001 αὐτοῦ
991 941 1510 1006 ἀποκαταλλάξαι.
1547 941 1688 1011 Ἤδη
1739 939 1848 1010 γὰρ
1893 934 2034 1010 ἦσαν

451 1031 908 1103 κατηλλαγμένοι,
944 1026 1078 1081 ἀλλά
1103 1024 1328 1088 τελείως
1362 1024 1492 1086 ἔδει,
1529 1025 1625 1077 καὶ
1662 1022 1803 1076 ὥστε
1838 1020 2035 1092 μηκέτι

450 1115 757 1187 ἐχθραίνειν
781 1109 953 1180 αὐτῷ.
984 1109 1108 1172 Πῶς
1132 1109 1189 1161 δὲ
1210 1107 1418 1176 γίνεται
1441 1105 1621 1170 τοῦτο,
1643 1107 1898 1174 διασαφεῖ
1927 1103 2032 1155 λοιο

450 1199 571 1263 πὸν,
604 1198 663 1250 οὐ
698 1197 856 1268 μόνον
885 1194 983 1264 τὴν
1013 1191 1383 1262 καταλλαγὴν,
1413 1190 1552 1244 ἀλλά
1583 1192 1678 1245 καὶ
1716 1189 1810 1242 τὸν
1835 1187 2038 1258 τρόπον

449 1283 549 1351 τῆς
589 1277 936 1347 καταλλαγῆς
982 1274 1333 1343 ἀναγγέλλων
1363 1290 1375 1304 ·
1410 1269 1898 1341 Ειρηνοποιήσας
1941 1269 2038 1323 διὰ

455 1363 563 1418 τοῦ
629 1363 877 1430 αἵματος
933 1358 1041 1412 τοῦ
1091 1357 1358 1425 σταυροῦ
1404 1355 1612 1411 αὐτοῦ.
1669 1356 1742 1408 Τὸ
1788 1355 1886 1425 μὲν
1937 1353 2039 1424 τήν

451 1447 653 1518 ἔχθραν
673 1447 912 1500 δείκνυσι
934 1443 996 1496 τὸ
1027 1441 1379 1506 καταλλάξαιο
1408 1441 1470 1493 τὸ
1495 1440 1551 1494 δέ
1569 1440 1661 1493 τὸν
1688 1439 1942 1510 πόλεμον.
1976 1437 2038 1491 τὸ

453 1527 959 1598 Εἰρηνοποιήσας.
984 1525 1086 1578 Διά
1106 1525 1214 1577 τοῦ
1238 1525 1509 1594 αἵματος,
1540 1522 1695 1594 φησι,
1715 1522 1820 1576 τοῦ
1849 1537 2037 1575 σταυ-

445 1612 560 1681 ροῦ
595 1610 781 1664 αὑτοῦ
813 1609 887 1662 δι’
929 1608 1136 1671 αὐτοῦ,
1166 1607 1285 1660 εἴτε
1310 1607 1381 1660 τὰ
1410 1606 1509 1660 ἐπὶ
1535 1606 1644 1674 τῆς
1668 1603 1800 1675 γῆς,
1826 1604 1948 1658 εἴτε
1969 1602 2040 1656 τὰ

422 1687 524 1748 ¹ἐν
565 1693 689 1758 τοῖς
736 1689 1030 1759 οὐρανοῖς.
1077 1690 1235 1756 Μέγα
1279 1689 1377 1759 μέν
1407 1689 1468 1741 τὸ
1500 1687 1857 1751 καταλλάξαι,
1889 1687 1951 1738 τὸ
1982 1685 2039 1738 δὲ

454 1777 549 1830 καὶ
579 1777 645 1829 δι’
676 1776 862 1839 αὐτοῦ,
899 1773 1082 1842 μεῖζον
1109 1791 1123 1803 ⁸
1156 1773 1253 1827 καὶ
1279 1772 1340 1824 τὸ
1372 1771 1563 1824 τούτου
1603 1770 1810 1840 μεῖξον,
1859 1771 1922 1822 τὸ
1952 1769 2041 1822 διά

451 1859 548 1913 τοῦ
579 1859 808 1930 αἵματος
835 1857 999 1910 αὐτοῦ
1026 1873 1040 1887 ⁸
1078 1857 1174 1911 καὶ
1206 1856 1306 1926 οὐχ
1326 1855 1514 1918 ἁπλῶς
1548 1855 1799 1925 αἵματος,
1825 1853 1959 1906 ἀλλά
1980 1854 2039 1906 τὸ

453 1943 646 1996 τούτου
686 1943 890 2012 μεῖζον,
915 1939 1004 1993 διὰ
1035 1939 1128 1992 τοῦ
1160 1937 1417 2010 σταυροῦ.
1454 1939 1618 1990 Ὥστε
1647 1938 1808 1991 πέντε
1836 1936 1948 1990 ἐστὶ
1971 1935 2040 1989 τά

453 2025 766 2095 Θαυμαστὰ,
786 2022 862 2093 τῷ
876 2021 994 2092 Θεῷ
1014 2021 1339 2091 κατήλλαξε,
1369 2021 1436 2074 δι’
1461 2021 1648 2088 αὐτοῦ,
1676 2019 1764 2073 διὰ
1786 2020 2036 2082 θανάτου,

453 2108 542 2161 διά
566 2106 821 2178 σταυροῦ.
851 2105 1043 2170 Ba6a‘t,
1076 2105 1193 2169 πῶς
1219 2105 1442 2174 ἀνέμιξε
1470 2103 1631 2156 πάλιν
1655 2122 1669 2170 ;
1690 2103 1808 2157 Ἵνα
1828 2103 1938 2172 γάρ
1962 2102 2038 2172 μή

458 2192 686 2263 νομίσῃς
713 2191 770 2242 ἓν
795 2187 956 2255 εἶναι,
980 2189 1114 2258 μηδὲ
1127 2188 1218 2241 τὸν
1242 2187 1471 2258 σταυρὸν
1485 2183 1625 2240 εἶναί
1650 2203 1702 2240 τι
1719 2187 1841 2240 καθ’
1857 2185 2038 2249 ἑαυτὸ,

453 2274 623 2343 λέγει,
653 2275 732 2326 Δι’
763 2270 1003 2326 ἑαυτοῦ.
1042 2271 1165 2334 Πῶς
1189 2265 1297 2324 οἶδε
1333 2271 1474 2340 μέγα
1511 2269 1668 2322 τοῦτο
1705 2270 1796 2335 ὅν;
1827 2270 1948 2322 Ὀτι
1978 2269 2039 2322 οὐ

458 2359 678 2429 ῥήματα
698 2355 890 2419 εἰπὼν,
919 2355 1035 2407 ἀλλ’
1061 2353 1254 2408 ἑαυτὸν
1271 2355 1458 2416 ἐκδοὺς
1485 2354 1622 2424 ύπέρ
1649 2353 1746 2422 τῆς
1773 2353 2040 2406 καταλλα-

453 2443 579 2510 γῆς,
629 2438 805 2501 οὕτως
836 2439 1052 2491 ἅπαντα
1105 2438 1418 2506 εἰργάσατο.
1458 2437 1523 2489 Τί
1567 2437 1622 2488 δέ
1677 2439 1814 2501 ἐστι,
1873 2440 1946 2490 Τὰ
1972 2438 2042 2491 ἐν

451 2524 579 2590 τοῖς
610 2521 924 2592 οὐρανοῖς;
957 2520 1024 2574 τά
1072 2521 1170 2591 μὲν
1196 2521 1305 2592 γάρ
1347 2520 1441 2573 ἐπὶ
1483 2521 1582 2590 τῆς
1614 2520 1739 2589 γῆς,
1772 2522 1996 2586 εἰκότως
2021 2538 2037 2553 ⁸

454 2606 658 2677 ἔχθρας
693 2606 801 2677 γάρ
836 2604 1212 2674 ἐμπέπληστο,
1241 2605 1333 2657 καὶ
1365 2604 1443 2667 εἰς
1470 2603 1640 2656 πολλά
1668 2603 1922 2675 διῄρητο·
1945 2605 2042 2658 καὶ

456 2693 595 2763 πρὸς
636 2690 829 2743 ἑαυτὸν
874 2689 1107 2751 ἕκαστος
1156 2688 1313 2758 ήμῶν
1354 2687 1720 2754 διεστασίαζε,
1775 2689 1869 2742 καὶ
1904 2689 2041 2760 πρὸς

453 2777 582 2837 τοὺς
614 2771 843 2836 πολλούς
866 2789 879 2804 ο
929 2771 999 2823 τά
1047 2771 1104 2823 δέ
1138 2773 1196 2823 ἐν
1239 2772 1354 2834 τοῖς
1386 2771 1634 2838 οὐρανοῖς
1669 2771 1786 2836 πῶς
1825 2773 2040 2842 εἰρηνο-

453 2858 690 2926 ποίησε;
723 2857 818 2909 καὶ
853 2856 970 2907 ἐκεῖ
1009 2854 1250 2922 πόλεμος
1291 2849 1358 2923 ἦν
1418 2853 1510 2905 καὶ
1570 2855 1752 2923 μάχης
1789 2856 1883 2908 καὶ
1923 2855 2042 2919 πῶς

453 2939 727 3010 εὐχόμεθα
760 2939 1032 3008 λέγοντες,
1059 2935 1384 3003 Γενηθήτω
1422 2936 1488 2988 τὸ
1533 2935 1765 3004 θέλημά
1794 2954 1932 3003 σου,
1960 2939 2041 3005 ὡς

452 3023 523 3075 ἐν
543 3019 797 3089 οὐρανῷ,
833 3020 932 3073 καὶ
970 3021 1068 3072 ἐπὶ
1114 3018 1227 3086 τῆς
1267 3018 1412 3088 γῆςς
1452 3016 1505 3070 τί
1539 3015 1632 3072 οὖν
1660 3019 1808 3072 ἔστιν
1836 3022 2037 3087 εἰπεῖν;

467 3107 791 3176 Ἀπέσχισ-το
811 3105 843 3174 ή
864 3104 938 3173 γῆ
966 3103 1058 3155 τοῦ
1080 3101 1335 3172 οὐρανοῦ,
1361 3101 1883 3173 ἐκπεπολεμωμένοι
1900 3099 2040 3174 ἦσαν

452 3190 504 3242 οἱ
535 3187 759 3256 ἄγγελοι
781 3187 917 3257 πρὸς
937 3189 1061 3248 τούς
1088 3185 1184 3238 ἀνθ
1196 3183 1430 3254 ρώπους,
1452 3184 1546 3237 τὸν
1571 3185 1850 3255 Δεσπότην
1871 3186 2042 3256 όρῶν-

389 3294 394 3298 ·
451 3289 547 3334 τες
601 3271 691 3324 τὸν
741 3269 919 3323 αὐτῶν
973 3268 1354 3338 ὑϐριζόμενον.
1424 3269 2040 3338 Ἀνακεφαλαιὼσασθαί

454 3371 588 3423 φησι
621 3352 692 3406 τά
717 3353 894 3408 πάντα
933 3353 993 3405 ἐν
1028 3351 1107 3423 τῷ
1143 3351 1385 3423 Χριστῷ,
1422 3349 1490 3406 τά
1522 3353 1581 3406 ἐν
1619 3355 1735 3418 τοῖς
1769 3352 2039 3425 οὐρανοῖς,

455 3438 550 3490 καὶ
587 3438 655 3490 τά
689 3437 782 3490 ἐπὶ
817 3436 918 3505 τῆς
944 3435 1070 3505 γῆς.
1116 3433 1275 3498 Πῶς;
1311 3433 1391 3487 Τά
1421 3435 1520 3505 μὲν
1549 3436 1608 3489 ἐν
1653 3438 1766 3500 τοῖς
1793 3438 2042 3509 οὐρανοῖς

453 3519 628 3573 οὕτω·
663 3519 1000 3590 μετέστησεν
1033 3518 1150 3571 ἐκεῖ
1173 3516 1264 3570 τὸν
1296 3516 1605 3589 ἄνθρωπον,
1635 3518 1918 3590 ἀνήγαγεν
1945 3519 2039 3573 αὐ·

452 3606 566 3667 τοῖς
605 3603 696 3656 τὸν
743 3601 953 3673 ἐχθρὸν,
985 3601 1076 3655 τὸν
1125 3600 1476 3672 μισούμενον.
1508 3601 1582 3654 Οὐ
1641 3602 1800 3672 μόνον
1837 3603 1905 3658 τὰ
1947 3605 2040 3658 ἐπὶ

451 3688 554 3754 τῆς
591 3685 699 3756 γῆς
745 3684 1004 3754 ἐποίησεν
1035 3683 1362 3755 εἰρηνεύειν,
1405 3683 1521 3737 ἀλλ’
1567 3684 1845 3754 ἀνήγαγεν
1872 3687 2039 3740 αὐτὸν

455 3771 592 3837 πρὸς
620 3771 836 3833 αὐτοὺς,
863 3769 954 3822 τὸν
981 3769 1174 3839 ἐχθρὸν
1207 3769 1302 3822 καὶ
1335 3769 1614 3840 πολέμιον.
1647 3770 1819 3824 Τοῦτο
1847 3773 2035 3844 εἰρήνη

456 3852 664 3921 βαθεῖα.
699 3851 954 3919 ΙἌγγελοι
997 3852 1158 3905 πάλιν
1204 3851 1298 3904 ἐπὶ
1347 3852 1452 3922 γῆς
1508 3853 1789 3921 ἐφαίνοντο
1829 3853 2034 3918 λοιπὸν,

454 3935 644 4006 ἐπειδὴ
667 3935 762 3987 καὶ
796 3934 1082 4005 ἄνθρωπος
1109 3936 1167 3987 ἐν
1196 3935 1410 4004 οὐρανῷ
1437 3936 1632 4006 ἐφάνη.
1667 3939 1825 3990 Δοκεῖ
1855 3938 1911 3991 δέ
1948 3956 2038 4009 μοι

455 4018 550 4070 καὶ
577 4019 609 4089 ή
638 4018 865 4089 ἁρπαγὴ
899 4018 991 4069 τοῦ
1022 4017 1239 4070 Παύλου
1274 4017 1466 4071 τούτου
1504 4037 1563 4072 τε
1595 4020 1782 4073 ἐνεκεν
1813 4023 2039 4093 γεγενῆ-

458 4101 604 4165 σθαι,
636 4100 728 4154 καὶ
757 4099 853 4152 τοῦ
876 4099 1048 4165 δεῖξαι
1089 4099 1172 4152 ὃτι
1205 4101 1301 4152 καὶ
1333 4103 1360 4153 6
1407 4101 1530 4165 Υίδς
1565 4103 1684 4155 ἐκεῖ
1732 4104 2034 4174 ἀνελήφθη.

469 4183 558 4236 Ἐν
593 4183 691 4254 μὲν
725 4184 834 4256 γάρ
872 4185 941 4253 τεῇ
980 4184 1051 4252 γῇ
1101 4182 1262 4252 διπλῆ
1313 4185 1346 4254 ή
1408 4185 1622 4256 εἰρήνη,
1658 4187 1752 4240 καὶ
1801 4188 1939 4260 πρὸς
1967 4189 2038 4244 τά

455 4267 776 4338 ἐπουράνια,
832 4266 924 4320 καὶ
978 4266 1116 4334 πρὸς
1167 4268 1371 4322 ἑαυτάο
1423 4269 1482 4321 ἐν
1519 4268 1575 4321 δέ
1620 4272 1733 4332 τοίς
1789 4266 2076 4344 οὐρανοῖς’

454 4351 622 4422 ἁπλῆ.
664 4351 728 4403 El
761 4350 872 4422 γάρ
901 4350 994 4403 ἐπὶ
1040 4352 1121 4404 ἐνὶ
1167 4351 1480 4424 ἁμαρτωλῷ
1517 4354 1866 4424 μετανοοῦντι
1913 4357 2037 4428 χαί-

456 4452 641 4507 ρουσιν
665 4435 713 4487 οἱ
735 4433 980 4504 ἄγγελοι,
1005 4434 1188 4506 πολλῷ
1208 4437 1406 4507 μᾶλλον
1425 4437 1517 4491 ἐπὶ
1533 4437 1828 4503 τοσούτοις.
1848 4441 2035 4496 Ταῦτα

453 4519 633 4572 πάντα
663 4518 695 4588 ή
722 4518 816 4570 τοῦ
861 4516 1000 4570 Θεοῦ
1044 4519 1198 4588 ἰσχὺς
1231 4519 1584 4593 κατώρθωσε.
1623 4523 1688 4576 Τί
1730 4518 1823 4577 οὖν
1863 4525 2033 4594 ἀγγέη

451 4601 566 4664 λοις
597 4601 874 4670 θαρρεῖτε,
911 4602 1045 4671 φησί
1070 4619 1084 4662 ;
1117 4603 1388 4657 Τοσοῦτον
1419 4603 1571 4678 [547]
1600 4606 1709 4678 γάρ
1736 4607 2034 4678 ἀπέχουσιν

451 4685 649 4736 ἐκεῖνοι
684 4684 984 4754 προσάγειν
1036 4685 1202 4756 ὑμᾶς,
1245 4687 1330 4740 ὅτι
1381 4689 1476 4742 καὶ
1511 4689 2032 4761 ἐκπεπολεμωμένοι

450 4761 595 4836 ἦσαν
629 4766 782 4829 ποτὲ,
824 4767 939 4831 καὶ,
976 4769 1024 4820 εί
1072 4769 1146 4840 μὴ
1180 4771 1208 4823 6
1236 4769 1366 4834 Θεὸς
1411 4771 1574 4836 αὐτὸς
1625 4773 1772 4843 ὑμᾶς
1803 4775 2031 4841 ἐκείνοις

453 4848 815 4920 κατήλλαξεν,
843 4850 942 4902 οὐκ
975 4851 1040 4904 ἂν
1075 4853 1455 4922 εἰρηνεύσατε.
1496 4855 1562 4907 Τί
1591 4856 1772 4910 τοίνυν
1802 4859 2031 4925 ἐκείνοις

453 4932 852 5014 ⁸ὑςροσετρέχετες
887 4933 1076 4987 Βούλει
1110 4936 1302 5006 μαθεῖν
1334 4938 1442 4994 τῶν
1473 4939 1722 5008 ἀγγέλων
1765 4942 1827 4995 τὸ
1875 4946 2031 5014 μῖσος

450 5016 575 5068 ὅσον
608 5010 753 5085 εἶχον
789 5016 925 5087 πρὸς
961 5019 1129 5088 ἡμᾶς,
1177 5021 1270 5072 καὶ
1299 5020 1416 5085 πῶς
1465 5010 2027 5094 ἀπεστρέφοντοτάεκ

452 5099 544 5163 Εἰς
574 5099 848 5170 τιμωρίαν
889 5101 1202 5172 ἐπέμποντο
1251 5103 1345 5156 ἐπὶ
1377 5105 1487 5158 τῶν
1540 5106 1910 5179 Ἰσραηλιτῶν,
1939 5112 2030 5165 ἐπὶ

448 5181 544 5236 τοῦ
575 5183 756 5245 Δαυίδ,
790 5184 883 5236 ἐπί
908 5184 1018 5238 τῶν
1048 5185 1380 5257 Σοδομιτῶν.
1412 5188 1507 5242 ἐπὶ
1532 5190 1632 5259 τῆς
1662 5192 1906 5258 κοιλάδας
1933 5195 2027 5248 τοῦ

451 5266 834 5349 κλαυθμῶνος.
869 5267 1012 5320 Ἀλλ’
1041 5269 1101 5322 οὐ
1125 5269 1218 5323 νῦν
1241 5285 1254 5300 ’
1279 5270 1393 5324 ἀλλ’
1422 5272 1481 5337 ἐξ
1510 5274 1778 5341 ἐναντίας,
1809 5277 1904 5330 ἐπὶ
1925 5278 2029 5349 γῆς

447 5347 576 5423 ᾖδον
616 5350 820 5422 σφόδρα
847 5352 1130 5422 χαίροντες
1156 5369 1170 5384 ο
1213 5353 1305 5406 καὶ
1327 5355 1551 5419 τούτους
1577 5358 1860 5429 κατήγαγε
1890 5347 2027 5432 πρός

446 5433 665 5497 αὐτοὺς,
697 5434 794 5488 καὶ
823 5435 951 5497 τοὺς
984 5435 1305 5506 ἀνθρώπους
1331 5437 1604 5508 ἀνήγαγεν
1640 5442 1774 5495 ἐκεῖ.

517 5517 580 5573 δ’.
617 5518 726 5570 Καὶ
768 5517 868 5572 θέα
910 5535 1001 5589 μοι
1041 5518 1103 5571 τὸ
1133 5519 1457 5590 παράδοξον.
1497 5520 1732 5586 Τούτους
1773 5523 2026 5595 πρώτους

447 5602 761 5670 κατήγαγεν
791 5596 914 5665 ὦδε,
944 5603 1038 5655 καὶ
1057 5602 1176 5656 τότε
1205 5603 1296 5656 τὸν
1317 5604 1600 5674 ἄνθρωπον
1621 5607 1863 5677 ἀνήγαγε
1887 5612 2023 5682 πρὸς

448 5683 678 5747 αὐτούς’
714 5684 940 5757 οὐρανὸς
981 5686 1014 5755 ή
1048 5686 1121 5755 γῆ
1166 5686 1410 5755 γέγονεν,
1453 5689 1639 5761 ἐπειδὴ
1675 5691 1743 5745 τά
1787 5693 1886 5762 τῆς
1917 5695 2023 5764 γῆς

449 5765 676 5833 ἔμελλεν
700 5766 930 5837 οὐρανὸς
957 5767 1227 5839 δέχεσθαι.
1256 5770 1356 5824 Διά
1386 5771 1544 5826 τοῦτο
1571 5773 2022 5845 εὐχαριστοῦντες

445 5845 712 5919 λέγομεν,
761 5851 916 5915 Δόξα
968 5851 1038 5904 ἐν
1087 5853 1372 5920 ’ὑψίστοις
1405 5853 1558 5922 Θεῷ,
1615 5857 1709 5910 καὶ
1767 5857 1866 5912 ἐπὶ
1911 5858 2024 5929 γῆς

446 5932 674 6004 εἰρήνη,
727 5935 796 5989 ἐν
831 5934 1164 6005 ἀνθρώποις
1217 5938 1482 5998 εὐδοκία.
1531 5941 1679 6014 Ἰδοὺ,
1734 5942 1890 6017 φησὶ,
1927 5944 2021 6002 καὶ

1181 493 1241 550 S.
1282 489 1573 548 JOANNIS
1613 481 2110 546 CIIRYSOSTOMI
2153 479 2477 538 ARCIIIEP.
2513 474 3075 540 CONSTANTINOP.
3106 495 3137 521 ο

3614 468 3748 524 322

2141 599 2420 672 ἄνθρωποι
2448 598 2727 671 ἐφάνησαν
2759 592 3179 669 εὐαρεστοῦως
3211 585 3430 672 λοιπόν.Δ
3449 584 3525 672 Τί.
3545 585 3734 672 ἐστιν.

2144 666 2410 750 Εὐδοκία;
2479 666 3084 751 Καταλλαγήίούκέτι
3151 668 3462 744 μεσότοιχόν
3489 668 3672 751 Δέστιν

2137 747 2406 839 οὐρανός.⁷
2440 767 2516 820 Τὸ
2561 747 2959 837 πρῶτονκατά
3007 757 3241 829 ἀριθμὸν
3271 747 3638 839 ἐθνῶν-ᾖσαν

2141 834 2364 920 ἄγγελοι
2385 867 2400 884 ’
2436 851 2531 906 νῦν
2569 834 2626 904 δέ
2654 851 2714 903 οὐ
2747 848 2889 901 κατὰ
2921 843 3154 914 ἀριθμὸν
3194 839 3382 902 ἐθνῶν,
3420 835 3563 890 ἀλλά
3580 834 3742 920 κατά

2141 915 2376 1007 ἀρίθμδν
2419 935 2648 990 πιστῶν.
2689 932 2862 986 Πόθεν
2889 930 3082 1000 δῆλον;
3114 928 3314 979 ’Λκουε
3347 922 3442 976 τοῦ
3475 915 3744 1007 Χριστρῦ

2143 1001 2433 1088 λέγοντος⁹
2495 1019 2702 1088 Ὁρᾶτε
2745 1016 2830 1087 μὴ
2885 1011 3382 1082 καταφρονήσητε
3429 1006 3574 1071 ἐνὸς
3604 1001 3744 1088 τῷν

2137 1087 2368 1176 μικρῶν
2394 1087 2641 1160 τούτων.
2677 1106 2741 1156 Οἱ
2767 1101 2876 1172 γὰρ
2901 1099 3143 1168 ἄγγελοι
3165 1091 3364 1149 αὐτῶν
3390 1087 3743 1176 διαπαςτᾷς

2137 1170 2447 1254 ,ϐλέπουσι
2477 1187 2542 1241 τὸ
2576 1170 2905 1254 πρόσωπον
2945 1180 3052 1234 τοῦ
3081 1178 3312 1244 Πατρός
3339 1192 3456 1243 μου
3495 1170 3609 1226 τοῦ
3661 1170 3746 1223 ἐν

2143 1270 2270 1337 τοῖς
2294 1271 2592 1338 οὐρανοῖς.
2622 1270 2894 1329 Ἕκαστος
2933 1263 3042 1335 γὰρ
3083 1261 3274 1323 πιστὸς
3314 1256 3547 1327 ἄγγελον
3586 1255 3754 1324 ἔχει,

2148 1354 2272 1408 ἐπεὶ
2303 1354 2398 1406 καὶ
2425 1353 2486 1418 ἐξ
2507 1353 2682 1424 ἀρχῆς
2708 1351 2942 1413 ἕκαστος
2965 1349 3104 1417 ἀνὴρ
3136 1345 3247 1398 τῶν
3287 1341 3594 1411 εὐδοκίμων
3624 1339 3747 1405 ἄγ-

2144 1437 2303 1505 γελον
2335 1433 2484 1506 εἰχε’
2524 1423 2709 1498 καθώς
2753 1450 2918 1503 φησιν
2943 1433 2970 1485 6
3011 1427 3232 1492 Ἰακώϐ,
3303 1426 3365 1479 Ὀ
3401 1425 3671 1492 ἄγγελος
3694 1423 3750 1474 ’ὁ

2145 1517 2379 1588 τρέφων
2397 1536 2493 1588 με,
2541 1517 2642 1572 καὶ
2681 1520 2714 1571 ὁ
2737 1515 3038 1585 ῥυόμενος
3073 1530 3144 1584 με
3171 1512 3241 1566 ἐκ
3269 1508 3560 1572 νεότητός
3581 1522 3747 1573 μου.

2146 1603 2209 1655 Εἰ
2242 1603 2421 1655 τοίνυν
2444 1601 2709 1670 ἀγγέλους
2742 1601 2958 1668 ἔχομεν,
2988 1598 3268 1667 νήφωμεν,
3312 1591 3571 1658 καθάπερ
3601 1604 3753 1670 1:1;-

2145 1683 2408 1754 δαγωγῶν
2457 1669 2624 1737 τινων
2681 1684 2813 1752 ἡμῖν
2860 1679 3178 1751 παρόντωνο
3214 1681 3444 1746 πάρεστι
3475 1671 3591 1754 γὰρ
3636 1669 3758 1721 καὶ

2146 1769 2376 1839 δαίμων.
2413 1767 2512 1821 Διά
2540 1765 2695 1820 τοῦτο
2734 1764 3029 1836 εὐχόμεθα,
3067 1763 3160 1816 κιιί⁵
3189 1759 3421 1829 λέγομεν
3443 1753 3753 1839 αἰτοῦντες

2145 1836 2502 1919 τὸν-ἄγγελον
2526 1851 2627 1919 τῆς
2669 1849 2916 1920 εἰρήνης,
2951 1848 3044 1899 καὶ
3079 1840 3357 1913 πανταχοῦ
3383 1839 3608 1909 εἰρήνην
3647 1836 3758 1888 αἱ-

2146 1933 2372 2004 τοῦμεν.
2407 1933 2578 1987 Οὐδὲν
2606 1932 2718 2003 γάρ
2752 1932 2957 2001 ταύτης
2985 1931 3098 1983 ἰσον
3118 1946 3131 1960 ο
3163 1931 3223 1981 ὲν
3252 1928 3372 1988 ταῖς
3407 1920 3760 1992 ἐκκλησίαις

2147 2018 2400 2088 εἰρήνην,
2430 2018 2489 2070 ἐν
2511 2018 2632 2079 ταῖς
2657 2017 2865 2086 εὐχαῖς,
2899 2016 2958 2067 ἐν
2977 2015 3097 2076 ταῖς
3116 2011 3310 2077 λιταῖς,
3339 2009 3397 2087 έν
3416 2009 3538 2070 ταῖς
3561 2019 3762 2074 προσ-

2152 2103 2377 2172 ρήσεσι·
2410 2101 2506 2154 καὶ
2533 2099 2699 2165 ἅπαξ,
2743 2100 2838 2154 καὶ
2869 2099 2971 2163 δίς,
3019 2100 3114 2150 καὶ
3151 2098 3297 2166 τρὶς,
3336 2093 3432 2148 καὶ
3461 2089 3766 2151 πολλάκις

2149 2183 2323 2256 αὐτὴν
2350 2184 2565 2237 δίδωσιν
2599 2186 2627 2237 ὁ
2655 2187 2754 2254 τῆς
2798 2183 3124 2251 Ἐκκλησίας
3168 2177 3467 2251 προεστὼς,
3495 2173 3761 2241 Εἰρήνη

2148 2266 2648 2336 ὐμῖν,’ἐπιλέγων.
2683 2266 2781 2320 Διά
2819 2266 2905 2331 "cf;
2947 2264 3072 2319 ’Ὁτι
3108 2264 3247 2332 αὐτη
3277 2263 3456 2333 μήτηρ
3507 2256 3766 2311 πάντων

2147 2351 2258 2404 τῶν
2291 2351 2512 2420 ἀγαθῶν
2560 2351 2730 2413 ἐστιν,
2776 2348 2916 2418 αὐτη
2945 2348 3044 2418 τῆς
3093 2348 3270 2418 χαρᾶς
3321 2343 3598 2404 ὑπόθεσις.
3631 2339 3765 2391 Διὰ

2147 2437 2309 2490 τοῦτο
2343 2437 2438 2491 καὶ
2475 2437 2504 2490 ό
2546 2435 2783 2507 Χριστὸς
2825 2433 3084 2488 εἰσιοῦσιν
3123 2434 3203 2495 εἰς
3257 2431 3354 2496 τὰς
3398 2428 3579 2489 οἰκίας
3614 2427 3762 2488 τοῖς

2148 2521 2468 2583 ἀποστόλοις
2488 2521 2649 2572 τοῦτο
2676 2518 2857 2585 λέγειν
2874 2515 3206 2588 προσέταξεν
3233 2514 3453 2575 εὐθέως,
3472 2509 3766 2578 καθάπερ

2147 2621 2201 2657 τι
2234 2603 2504 2675 σύμϐολον
2533 2602 2644 2656 τῶν
2682 2601 2904 2672 ἀγαθῶν
2929 2620 2944 2634 ·
2974 2602 3400 2669 Εἱσερχόμενοι
3435 2595 3570 2664 γὰρ.
3619 2610 3761 2662 φη-

2150 2687 2258 2750 σὶν,
2288 2689 2375 2754 εις
2403 2687 2511 2754 τὰς
2535 2687 2750 2754 οικτας.
2776 2685 3004 2755 λέγετε,
3050 2684 3282 2752 εἰρήνη
3306 2679 3465 2750 ὑμῖν.
3505 2677 3759 2745 Ταύτης

2147 2770 2257 2841 γὰρ
2297 2771 2396 2824 οὐκ
2439 2769 2626 2842 οὐσης,
2658 2771 2837 2824 πάντα
2880 2768 3133 2840 περιττά.
3160 2767 3272 2820 Καὶ
3299 2764 3458 2819 πάλιν
3481 2764 3602 2824 τοῖς
3627 2778 3768 2830 μα-

2149 2855 2340 2925 θηταῖς
2369 2853 2577 2922 έλεγεν,
2611 2852 2876 2921 Εἰρήνην
2905 2852 3116 2921 ἀφίημι
3146 2850 3308 2919 ὑμῖν,
3338 2848 3591 2917 εἰρήνην
3617 2842 3762 2910 τὴν

2147 2935 2303 3005 ἐμὴν
2339 2936 2548 3006 δίδωμι
2595 2936 2758 3006 ὑμῖν.
2810 2934 2959 3006 Αὕτη
3003 2937 3068 3005 τῇ
3117 2935 3307 3006 ἀγάπῃ
3354 2929 3754 3002 προοδοποιεῇ

2147 3023 2257 3075 Καὶ
2271 3022 2330 3074 οὐ
2357 3021 2545 3088 λέγειὸ
2564 3021 2663 3090 τῆς
2679 3020 3005 3091 Ἐκκλησίας
3028 3017 3327 3090 προεστὼς,
3349 3017 3553 3087 Εἰρήνη
3577 3013 3733 3082 ὐμίν

2149 3106 2356 3170 ἁπλῶς,
2384 3105 2521 3168 ἀλλ’,
2563 3105 2786 3173 Εἰρήνη
2814 3103 2984 3158 πᾶσι.
3014 3102 3079 3155 Τί
3111 3101 3219 3172 γὰρ
3244 3101 3453 3169 ὄφελος,
3485 3097 3557 3151 ἂν
3591 3097 3758 3164 μετᾶ

2146 3189 2300 3242 τοῦδε
2334 3188 2431 3259 μὲν
2477 3189 2701 3260 εἰρήνην
2749 3187 2984 3258 ἔχωμεν,
3024 3184 3140 3256 μεθ’
3176 3186 3363 3254 ἐτέρου
3393 3182 3449 3236 δὲ
3488 3181 3766 3252 πόλεμον

2149 3273 2243 3326 καὶ
2278 3273 2488 3342 μάχην;
2530 3271 2583 3324 τί
2616 3272 2677 3324 τὸ
2713 3271 2934 3340 κέρδοςς
2965 3271 3098 3322 Οὐδὲ
3127 3271 3232 3341 γάρ
3269 3270 3328 3320 ἐν
3360 3266 3436 3337 τῷ
3480 3268 3758 3335 σώματι,

2149 3357 2216 3410 ἂν
2259 3355 2328 3407 τὰ
2369 3355 2468 3425 μὲν
2500 3354 2746 3424 ἡσυχάζῃ
2789 3353 2898 3406 τῶν
2944 3354 3243 3424 στοιχείων,
3287 3352 3355 3404 τά
3395 3352 3450 3404 δὲ
3494 3349 3749 3402 διαστα-

2148 3437 2345 3508 σιάζῃ,
2381 3437 2604 3491 δυνατὸν
2651 3437 2860 3504 ὐγίειαν
2892 3435 3211 3492 συνεστάναι
3259 3434 3407 3498 ποτε,
3435 3433 3582 3487 ἀλλά
3638 3434 3744 3488 διὰ

2144 3522 2242 3592 τῆς
2280 3521 2533 3575 ἀπάντων
2563 3520 2818 3585 εὐταξίας
2848 3521 2942 3574 καὶ
2976 3521 3295 3590 συμφωνίας
3320 3519 3412 3572 καὶ
3449 3518 3700 3589 εἰρήνης
3727 3536 3745 3551 ο

2145 3605 2249 3661 κᾶν
2301 3605 2376 3675 μὴ
2409 3604 2587 3658 πάντα
2618 3605 2892 3676 ἡσυχάζῃ,
2931 3604 3026 3657 καὶ
3065 3605 3159 3656 ἐπὶ
3184 3603 3294 3658 τῶν
3326 3601 3544 3654 οἰκείων
3593 3603 3756 3674 ὅρων

2148 3689 2309 3761 μένῃ,
2342 3687 2521 3742 πάντα
2554 3689 3022 3759 ἀνατραπήσεται.
3059 3687 3170 3740 Καί.
3205 3687 3264 3740 ἐν
3308 3687 3375 3756 τῇ
3421 3684 3652 3756 διανοίᾳ
3686 3687 3758 3740 δὲ

2143 3775 2210 3843 τῇ
2242 3772 2510 3844 ἡμετέρᾳ,
2541 3770 2636 3824 ἐὰν
2669 3772 2744 3843 μὴ
2771 3771 2975 3834 πάντες
3001 3769 3341 3841 ήσυχάζωσιν
3369 3769 3418 3821 οἰ
3446 3768 3750 3839 λογισμοὶ,

2144 3858 2333 3928 εἰρήνη
2367 3856 2468 3909 οὐκ
2508 3855 2685 3910 ἔσται.
2721 3853 2990 3908 Τοσοῦτον
3017 3856 3165 3907 ἐστιν
3198 3852 3460 3922 ἀγαθδνή
3501 3853 3750 3924 εἰρήνη,

2142 3939 2218 4002 ὡς
2240 3940 2390 4002 υἰούς
2428 3937 2564 3991 Θεοῦ
2609 3936 2893 3992 καλεῖσθαι
2933 3938 3062 4000 τοὺς
3101 3936 3271 4008 αὐτῆς
3305 3936 3533 4006 ποιητὰς

2145 4023 2240 4076 καὶ
2283 4021 2653 4094 δημιουργούς
2680 4037 2696 4054 ο
2745 4021 3005 4085 είκότως’
3061 4019 3186 4073 ἐπεὶ
3224 4019 3319 4073 καὶ
3363 4021 3392 4072 6
3450 4019 3579 4083 Υἱὸς
3644 4021 3756 4074 τοῦ

2144 4107 2281 4160 Θεοῦ
2337 4108 2429 4161 ἐπὶ
2470 4106 2646 4178 τούτῳ
2683 4102 2848 4178 ἦλθεν
2897 4107 2979 4169 εἰς
3004 4104 3102 4176 τὴν
3132 4107 3257 4175 γῆν,
3292 4105 3750 4175 εἰρηνοποιήσων

2141 4193 2210 4245 τὰ
2247 4193 2304 4243 ἐν
2331 4193 2396 4261 τῇ
2432 4194 2527 4262 γῇ,
2562 4191 2656 4244 καὶ
2683 4191 2754 4244 τά
2785 4193 2842 4245 έν
2871 4193 2984 4253 τοίς
3005 4189 3272 4262 οὐρανοῖς.
3310 4188 3372 4241 Εἰ
3397 4187 3454 4241 δὲ
3484 4188 3535 4240 οἱ
3569 4190 3743 4260 εἰρη-

2142 4273 2350 4327 νοποιο“ι
2370 4275 2476 4327 υἱοὶ
2510 4273 2604 4328 τοῦ
2631 4272 2790 4338 Θεοῦ,
2818 4275 2867 4326 οἰ
2907 4273 3287 4342 νεωτεροποιοὶ
3317 4272 3420 4324 υίοὶ
3443 4269 3738 4329 διαϐόλου.

2144 4356 2210 4408 Τί
2232 4357 2445 4426 λέγεις;
2474 4357 2621 4428 ἕρεις
2661 4357 2756 4411 καὶ
2785 4358 2966 4428 μάχας
2999 4355 3325 4428 ἐμδάλλεις;
3359 4356 3468 4410 Καὶ
3503 4357 3595 4420 τίς
3638 4359 3740 4412 οῦ·

2141 4458 2250 4503 τως
2285 4440 2488 4504 ἄθλιος,
2529 4441 2728 4512 φησίν;
2769 4439 2894 4495 Εἰσὶ
2921 4439 3029 4510 γὰρ
3074 4439 3262 4492 πολλοὶ
3304 4438 3594 4510 χαίροντες
3637 4442 3742 4496 ἐπὶ

2139 4526 2254 4586 τοῖς
2284 4527 2494 4589 κακοῖς,
2530 4525 2626 4578 καί⁸
2665 4525 2725 4578 τὸ
2763 4525 2923 4594 σῶμα
2959 4521 3052 4577 τοῦ
3099 4522 3335 4594 Χριστοῦ
3383 4521 3738 4589 διασπῶντες

2147 4607 2370 4679 μᾶλλον,
2403 4609 2435 4680 ἢ
2477 4609 2526 4662 οἰ
2575 4608 2902 4677 στρατιῶται
2952 4609 3018 4678 τῇ
3068 4605 3237 4677 λόγχῃ
3274 4604 3572 4676 διέτεμνον,
3613 4608 3649 4677 ἢ
3678 4609 3734 4660 οῖ

2158 4692 2403 4745 Ἰουδαῖοι
2429 4694 2541 4755 τοῖς
2563 4692 2715 4762 ἥλοις
2743 4689 3022 4760 διέκοψαν.
3057 4690 3268 4742 Ἐκεῖνο
3285 4688 3474 4742 τούτου
3497 4688 3734 4744 ἔλατ-τον

2138 4777 2200 4830 τὸ
2219 4777 2390 4830 κακόν
2415 4793 2431 4807 ’
2465 4777 2649 4829 ἐκεῖνα
2683 4773 3051 4846 διατμηθέντα
3083 4773 3150 4827 τά
3197 4772 3332 4843 μέλη
3364 4772 3522 4831 πάλιν
3557 4775 3739 4844 συνή-

2139 4858 2286 4928 φθη·
2329 4857 2504 4912 ταῦτα
2535 4859 2591 4912 δέ
2622 4857 3064 4921 ἀποσπασθέντα,
3111 4856 3180 4910 ἀν
3227 4855 3414 4909 ἐνθάδε
3458 4854 3531 4926 μή
3589 4873 3730 4909 συν-

2138 4943 2310 5016 αφθῇ,
2334 4943 2518 4997 οὐκέτι
2552 4941 2977 5012 συναφθήσεται,
3009 4939 3145 4994 ἀλλὰ
3180 4940 3332 5010 μένει
3361 4939 3456 4992 τοῦ
3493 4939 3729 5010 πληρώ-

2139 5046 2310 5101 ματος
2337 5027 2462 5092 έξω.
2506 5027 2678 5080 Ὅταν
2718 5025 2880 5096 βούλῃ
2905 5025 2984 5096 τῷ
3021 5023 3235 5095 ἀδελφῷ
3265 5023 3596 5093 πολεμῆσαι,
3627 5027 3724 5078 ἐνη

2136 5111 2327 5181 νόησον
2367 5111 2450 5164 ὅτι
2483 5113 2594 5173 τοῖς
2639 5111 2826 5180 μέλεσι
2867 5107 2961 5162 τοῦ
3007 5107 3244 5178 Χριστοῦ
3299 5107 3574 5176 πολεμεῖς.
3623 5109 3725 5161 καὶ

2136 5195 2343 5248 παῦσαι
2368 5195 2468 5264 τῆς
2502 5193 2717 5265 μανίας.
2746 5194 2809 5246 Τί
2837 5193 2965 5265 γὰρ,
3007 5194 3053 5245 εί
3091 5192 3499 5264 άπερῤιμμένος
3538 5192 3718 5257 ἐστὶν,

2134 5280 2182 5332 εἰ
2216 5278 2480 5349 εὐτελής;
2516 5279 2566 5330 τί
2591 5278 2721 5349 γὰρ,
2752 5280 2798 5332 εἰ
2829 5277 3332 5348 εὐκαταφρόνητος;
3372 5276 3571 5342 Οὕτως
3598 5278 3720 5330 οὐκ

2132 5363 2264 5416 ἔστι
2294 5359 2544 5428 θέλημα,
2581 5363 2768 5432 φησὶν,
2799 5355 3140 5430 ἔμπροσθεν
3175 5359 3281 5414 τοῦ
3311 5359 3540 5426 Πατρός
3561 5377 3716 5426 μου,

2133 5445 2233 5498 ἵνα
2270 5444 2572 5510 ἀπόληται
2601 5441 2689 5508 εἷς
2714 5443 2833 5497 τῶν
2854 5442 3082 5512 μικρῶν
3106 5443 3334 5497 τούτων
3351 5458 3367 5473 ’
3394 5442 3489 5495 καὶ
3516 5443 3707 5496 πάλιν·

2128 5529 2192 5581 οι
2221 5527 2461 5597 ἄγγελοι
2498 5525 2700 5582 αὐτῶν
2735 5527 3064 5593 διαπαντὸς
3085 5525 3394 5591 βλέπουσι
3419 5528 3484 5580 τὸ
3513 5530 3714 5594 stde-

2131 5625 2296 5664 ωπον
2335 5609 2439 5663 τοῦ
2485 5609 2714 5677 Πατρός
2750 5627 2870 5678 μου
2904 5609 3009 5664 τοῦ
3047 5609 3119 5664 ἐν
3145 5609 3270 5676 τοῖς
3294 5610 3595 5679 οὐρανοῖς.
3650 5611 3716 5665 '0

2133 5695 2264 5758 Θεὸς
2301 5694 2369 5747 δι’
2404 5693 2566 5746 αὐτὸν
2605 5695 2700 5747 καὶ
2731 5693 2915 5758 δοῦλος
2947 5695 3184 5762 ἐγένετο,
3220 5696 3317 5748 καὶ
3348 5696 3559 5765 ἐσφάγη
3591 5711 3608 5724 ⁸
3641 5698 3711 5751 σὺ

2129 5778 2185 5832 δὲ
2214 5777 2366 5831 οὐδὲν
2393 5776 2554 5831 αὐτὸν
2583 5772 2723 5831 εἶναι
2744 5778 3018 5847 νομίζεις;
3043 5778 3251 5833 Οὐκοῦν
3277 5779 3423 5850 μάχῃ
3447 5780 3540 5832 καὶ
3560 5780 3712 5834 κατά

2129 5859 2288 5916 τοῦτο
2315 5859 2393 5931 τῷ
2431 5860 2571 5930 Θεῷ,
2615 5861 2714 5925 τὰς
2756 5862 3007 5925 ἐναντίας
3048 5862 3200 5933 αὐτῷ
3238 5864 3420 5933 φέρων
3464 5861 3708 5931 ψήφους.

2133 5945 2308 6001 Ὅταν
2333 5944 2547 6018 εἰσέλθῃ
2586 5945 2615 5998 ὁ
2645 5944 2744 6014 τῆς
2797 5945 3120 6017 Ἐκκλησίας
3156 5945 3455 6017 προεστὼς,
3491 5945 3696 6008 εὐθέως
