4032 6502
254 369 365 424 3'2!

263 480 555 544 habitavit,
600 494 705 534 non
760 477 1003 548 operatio
1053 475 1248 546 aliqua,
1296 473 1390 529 sed
1437 468 1689 527 essentia.
1742 463 1858 520 Non

261 581 449 642 potest
475 570 635 625 ullam
662 568 841 624 dicere
866 582 1106 630 causam,
1129 567 1229 621 nisi
1262 564 1698 620 Deivoluntatcm
1723 575 1737 612 :
1760 556 1864 612 hoc

261 668 417 719 enim
444 673 548 726 est,
581 662 647 715 In
669 662 781 729 ipso
805 659 1136 730 complacuit,
1164 668 1211 712 et
1234 674 1323 724 per
1350 672 1462 710 eum
1491 653 1662 708 omnia
1686 664 1865 703 recon-

262 756 451 809 ciliare
476 754 529 806 in
559 753 693 822 ipso.
725 750 801 805 Ne
829 750 1106 806 existimes
1134 746 1273 818 quod
1297 746 1433 800 servi
1468 754 1645 814 partes
1681 753 1865 795 susce-

262 847 436 914 perit,
467 842 532 897 In
582 845 770 913 seipso,
803 842 993 911 inquit.
1028 840 1187 910 Atqui
1233 838 1359 892 alibi
1405 836 1535 891 dicit
1562 833 1704 904 qttod
1755 832 1865 885 Deo

264 934 612 998 reconciliet,
645 936 783 989 sicut
808 934 859 987 in
889 931 1128 1002 Epistola
1156 931 1221 985 ad
1265 928 1570 984 Corinthios
1598 924 1860 990 scribens,

263 1029 508 1084 dicebat.
573 1027 737 1082 Recte
787 1034 966 1081 autem
1009 1025 1179 1089 dixit,
1241 1022 1342 1078 Per
1390 1038 1502 1077 eum
1538 1019 1867 1075 reconciliare

264 1122 288 1189 (
312 1121 372 1175 2.
404 1119 525 1176 Cor.
558 1120 685 1187 15).
714 1118 830 1174 Jam
859 1118 1001 1173 enim
1028 1126 1180 1171 erant
1208 1113 1559 1179 reconciliati,
1602 1111 1695 1166 sed
1747 1125 1868 1179 per-

266 1212 417 1267 fectc
468 1206 771 1280 Oportebat,
817 1216 1009 1263 utnon
1053 1215 1235 1262 essent
1276 1203 1505 1273 amplius
1550 1202 1599 1257 ei
1645 1201 1864 1255 inimici.

268 1301 559 1371 Quomodo
591 1301 642 1355 id
674 1301 784 1360 ﬁat.
817 1298 1055 1354 declarat
1079 1304 1285 1367 postea.
1313 1294 1425 1349 Non
1462 1293 1603 1348 enim
1636 1292 1755 1346 data
1786 1298 1866 1343 est

268 1395 454 1449 solum
487 1393 882 1457 reconciliatio,
934 1390 1027 1445 sed
1057 1390 1217 1445 etiam
1251 1388 1440 1443 modus
1468 1385 1867 1441 reconciliatio-

270 1486 384 1539 stis.
422 1483 714 1553 Paciﬁcaus
754 1498 844 1551 per
888 1481 1186 1552 sanguinem
1212 1480 1376 1533 crucis
1405 1480 1529 1547 ejus.
1563 1475 1867 1530 Inimicitias

268 1576 499 1646 quidem
550 1574 787 1630 ostendit
833 1572 983 1637 illud,
1035 1570 1416 1633 Reconciliare;
1461 1568 1660 1622 bellum
1689 1574 1867 1620 autem

272 1668 414 1725 illud
434 1711 449 1735 ,
484 1667 795 1735 Paciﬁcans.
829 1663 934 1719 Per
962 1663 1257 1735 sanguinem
1280 1701 1296 1727 ,
1330 1660 1518 1730 inquit,
1568 1658 1730 1712 crucis
1760 1658 1869 1727 ejus

270 1761 330 1813 in
358 1760 495 1827 ipso,
524 1758 627 1812 sive
646 1772 761 1826 qua:
785 1758 838 1810 in
864 1755 1031 1817 terris,
1060 1756 1162 1807 sive
1187 1767 1301 1822 qua:
1320 1753 1372 1804 in
1406 1751 1544 1804 cwlis
1591 1758 1723 1802 sunt.
1758 1745 1869 1800 Mn-

272 1864 447 1921 gnum
478 1849 693 1920 quidem
721 1855 805 1902 est
850 1844 1235 1907 reconciliare;
1293 1856 1389 1912 per
1440 1842 1611 1910 ipsum
1652 1848 1865 1902 autem,

274 1942 487 2011 majus;
513 1949 565 1995 et
594 1954 661 1995 eo
685 1938 859 2008 majus
882 1946 986 2003 est,
1010 1949 1107 2004 per
1133 1934 1444 2003 sanguinem
1491 1930 1625 2000 ejus.
1655 1928 1724 1984 Et
1764 1942 1869 1983 non

274 2034 456 2089 solum
489 2049 585 2103 per
621 2033 958 2101 sanguinem,
1009 2026 1104 2082 sed
1136 2027 1279 2097 quod
1307 2035 1388 2081 est
1423 2038 1489 2079 eo
1518 2022 1687 2093 majus
1710 2063 1726 2088 ,
1776 2036 1873 2091 per

275 2141 522 2183 crucem.
554 2124 915 2194 Quamobrem
960 2120 1194 2191 qttiuque
1222 2126 1349 2173 sunt
1374 2115 1729 2179 admirabilia,
1762 2114 1871 2168 Deo

275 2218 667 2281 reconciliavit,
700 2231 796 2286 per
824 2214 1082 2282 seipsum,
1109 2226 1202 2280 per
1224 2219 1473 2274 mortem,
1505 2221 1600 2277 per
1627 2219 1866 2260 crucem.

279 2313 475 2384 Papae!
500 2310 777 2382 quomodo
803 2321 987 2362 rursus
1013 2303 1265 2360 miscuit?
1293 2302 1422 2357 Nam
1448 2316 1514 2355 ne
1541 2299 1874 2354 existimares

278 2419 449 2459 unum
477 2416 619 2466 esse,
665 2414 840 2469 neque
862 2412 1080 2453 crucem
1107 2410 1228 2450 esse
1253 2393 1449 2463 aliquid
1483 2407 1577 2461 per
1614 2405 1693 2452 se.
1721 2391 1871 2456 dicit,

282 2494 392 2549 Per
419 2494 666 2562 seipsum.
692 2487 974 2557 Quomodo
1004 2488 1151 2541 novit
1178 2487 1278 2539 hoc
1297 2498 1417 2538 esse
1434 2497 1679 2552 magnum
1696 2484 1719 2535 ‘l
1739 2481 1873 2534 Cum

279 2605 393 2645 non
416 2588 616 2653 verbis,
645 2586 741 2641 sed
786 2585 967 2656 seipso
989 2583 1115 2639 dato
1154 2596 1253 2653 pro
1296 2579 1748 2644 reconciliatione,
1798 2578 1877 2632 sic

280 2683 469 2739 omnia
517 2681 714 2737 eﬁecit.
765 2679 905 2747 Quid
957 2687 1040 2734 est
1080 2688 1257 2731 autem
1286 2674 1435 2741 illud,
1463 2673 1588 2740 ρυω
1611 2673 1661 2726 in
1699 2670 1877 2726 caelis?

280 2793 414 2833 nam
442 2790 563 2846 qua:
590 2776 642 2829 in
670 2784 812 2829 terra
843 2772 1056 2843 quidem
1080 2780 1221 2835 sunt,
1260 2769 1483 2833 merito;
1508 2766 1707 2836 repleta
1733 2765 1874 2820 enim

283 2877 407 2925 crat
432 2867 744 2931 inimicitiis,
777 2875 831 2920 et
857 2864 1023 2919 divisa
1058 2872 1171 2917 erat
1201 2862 1252 2915 in
1283 2859 1473 2927 multa,
1509 2867 1561 2912 et
1589 2856 1876 2927 unusquis-

283 2979 395 3035 que
416 2970 659 3016 nostrum
701 2971 884 3013 secum
934 2953 1229 3009 dissidebat
1271 2960 1321 3005 et
1349 2965 1468 3005 cum
1502 2947 1682 3003 multis
1715 2964 1727 2999 :
1757 2961 1877 3016 quae

282 3064 473 3108 autem
502 3061 625 3105 sunt
654 3049 705 3103 in
758 3046 909 3102 caelis
936 3042 1207 3115 quomodo
1236 3038 1572 3112 pacilicavit?
1611 3037 1717 3091 illic
1744 3051 1877 3108 quo-

284 3162 399 3219 que
430 3153 547 3200 erat
572 3142 773 3197 bellum
820 3148 874 3194 et
903 3136 1116 3208 pugna?
1148 3145 1202 3189 et
1255 3132 1523 3203 quomodo
1550 3145 1764 3185 oramus
1793 3129 1878 3183 di-

286 3247 515 3299 centes,
548 3233 668 3286 Fiat
711 3231 943 3285 voluntas
985 3238 1073 3280 tua
1114 3227 1240 3279 sicut
1282 3227 1334 3277 in
1372 3224 1499 3277 arto
1550 3230 1598 3275 et
1648 3223 1700 3274 in
1746 3231 1880 3275 terra

287 3328 523 3402 (Matth.
548 3324 601 3379 6.
626 3322 731 3393 10)
755 3322 778 3375 ?
799 3319 925 3391 quid
952 3332 1081 3386 ergo
1109 3316 1226 3369 est?
1256 3315 1503 3368 Abscissa
1530 3320 1643 3366 erat
1682 3319 1817 3366 terra
1849 3324 1880 3364 a

286 3422 432 3478 celo
461 3461 476 3484 ,
504 3417 702 3473 bellum
726 3412 987 3485 gerebant
1013 3408 1184 3478 angeli
1212 3407 1465 3461 adversus
1491 3404 1734 3459 homines
1758 3443 1774 3468 ,
1803 3403 1882 3455 vi-

290 3517 487 3573 dentes
512 3527 667 3568 suum
697 3508 976 3565 Dominum
997 3506 1191 3575 probro
1211 3509 1264 3555 et
1282 3498 1597 3555 contumelia
1612 3496 1880 3551 all'ectum.

295 3611 435 3666 Dicit
458 3606 636 3661 omnia
655 3601 936 3658 instaurari
955 3600 1007 3653 in
1028 3598 1259 3660 Christo,
1278 3608 1396 3664 quae
1425 3592 1618 3647 suntin
1647 3590 1809 3653 caelis,
1830 3598 1885 3645 et

291 3717 417 3774 qum
434 3707 560 3754 sunt
581 3698 632 3751 in
662 3704 801 3749 terra
824 3692 842 3763 (
862 3690 1052 3761 Ephes.
1080 3691 1129 3743 l.
1159 3687 1224 3742 l0
1245 3686 1289 3756 ).
1313 3683 1630 3750 Quomodo?
1660 3682 1735 3774 Ea
1765 3696 1884 3774 quae

293 3772 426 3849 sunt
458 3793 509 3845 in
547 3788 679 3843 ca-lo
727 3785 805 3839 sic
845 3804 858 3839 :
912 3778 1179 3836 transtulit
1222 3778 1347 3830 illuc
1375 3775 1668 3839 hominem,
1710 3772 1887 3827 inimi-

293 3902 421 3943 cum
445 3884 535 3954 qui
553 3878 993 3936 odiohabebatur
1016 3874 1120 3927 illis
1146 3869 1399 3925 reddidit.
1430 3866 1545 3921 Non
1570 3865 1742 3920 solum
1765 3878 1885 3933 quas

296 3988 424 4035 sunt
450 3978 501 4031 in
533 3985 671 4029 terra
700 3971 822 4025 fecit
853 3982 1037 4038 pacem
1068 3977 1246 4032 agere,
1272 3960 1365 4015 sed
1395 3959 1460 4013 ad
1498 3960 1644 4028 ipsos
1673 3955 1887 4011 sustulit

299 4076 512 4129 hostem
540 4076 594 4123 ct
616 4065 911 4121 inimicum.
946 4059 1055 4113 lloc
1102 4072 1201 4126 pax
1234 4052 1516 4125 profunda.
1548 4050 1734 4121 Augeli
1762 4064 1885 4103 rur'

296 4182 392 4222 sus
420 4169 712 4218 cernuntur
740 4157 790 4210 in
824 4164 984 4217 terra,
1010 4150 1257 4221 quoniam
1300 4145 1461 4200 homo
1483 4158 1699 4214 quoque
1720 4156 1887 4211 appa-

297 4257 411 4313 ruit
438 4254 491 4307 in
522 4251 675 4305 caelo.
704 4245 830 4302 Mihi
857 4251 1036 4298 autem
1061 4239 1270 4294 videtur
1315 4252 1378 4291 ea
1422 4235 1491 4291 de
1518 4249 1678 4289 causa
1725 4232 1888 4287 fuisse

300 4357 490 4415 raptus
529 4340 749 4402 Paulus,
779 4346 834 4391 et
887 4344 943 4389 ut
972 4330 1285 4387 ostenderet
1314 4326 1456 4398 quod
1487 4325 1654 4380 Filius
1678 4338 1888 4395 quoque

301 4443 431 4496 illuc
462 4438 532 4492 sit
560 4441 886 4501 assumptus.
917 4426 1047 4482 Nam
1078 4426 1132 4479 in
1162 4433 1303 4477 terra
1330 4436 1433 4491 pax
1474 4429 1556 4474 est
1586 4418 1809 4487 duplex,
1839 4427 1891 4471 et

300 4548 427 4589 cum
456 4525 782 4588 caelestibus,
812 4531 867 4577 et
888 4522 1026 4576 inter
1048 4532 1145 4583 se;
1176 4517 1228 4570 in
1260 4514 1408 4571 calis
1435 4522 1610 4567 autem
1639 4510 1887 4579 simplex.

302 4625 447 4680 Nam
471 4622 516 4675 si
548 4626 770 4690 propter
792 4628 953 4669 unum
976 4618 1314 4682 peccatorem
1338 4604 1706 4676 penitentiam
1731 4616 1894 4671 agen-

305 4726 415 4770 tem
438 4713 689 4766 laetantur
705 4705 900 4776 angeli,
920 4702 1089 4757 multo
1116 4700 1285 4769 magis
1301 4704 1518 4768 propter
1539 4703 1645 4749 tam
1673 4695 1890 4748 multos.

303 4806 434 4863 Haec
458 4802 639 4857 omnia
668 4796 843 4852 effecit
874 4794 964 4849 Dei
993 4792 1183 4847 virtus.
1214 4791 1319 4844 Cur
1346 4804 1495 4859 ergo,
1522 4786 1710 4856 inquit,
1735 4798 1895 4854 ange-

302 4898 372 4952 lis
398 4889 672 4949 conﬁditis
687 4888 710 4940 ?
727 4886 955 4941 Tantum
976 4883 1119 4939 enim
1143 4881 1315 4944 abest,
1338 4888 1397 4934 ut
1423 4879 1496 4933 illi
1517 4892 1611 4933 vos
1629 4875 1897 4932 adducant

302 4998 360 5042 et
390 4996 669 5039 accessum
701 4977 995 5047 praebeant,
1030 4984 1087 5028 ut
1110 4975 1271 5028 etiam
1296 4971 1498 5027 bellum
1524 4970 1809 5041 gesserint,
1843 4977 1897 5024 et

305 5077 410 5131 nisi
466 5086 564 5126 vos
615 5071 753 5125 Deus
801 5068 913 5139 ipse
960 5067 1065 5121 illis
1113 5063 1532 5129 reconciliasset,
1569 5077 1753 5131 pacem
1789 5075 1896 5116 non

306 5163 544 5222 habituri
560 5162 743 5217 cratis.
766 5159 903 5228 Quid
931 5158 1059 5228 ergo
1085 5158 1149 5211 ad
1177 5156 1299 5211 illos
1319 5154 1635 5210 accurritis?
1657 5154 1745 5208 Vis
1761 5154 1897 5208 scire

303 5266 571 5328 quantum
597 5253 907 5324 angelorum
934 5259 1077 5306 esset
1104 5250 1154 5304 in
1183 5262 1281 5303 nos
1320 5246 1520 5309 odium,
1551 5256 1604 5301 et
1630 5244 1896 5315 quomodo

306 5365 409 5405 nos
451 5361 668 5415 semper
705 5342 1127 5399 aversabantur?
1151 5338 1430 5393 Mittuntur
1470 5336 1538 5391 ad
1579 5335 1896 5405 supplicium

304 5441 571 5496 adversus
593 5436 885 5501 lsraelitas,
917 5434 1174 5489 adversus
1207 5429 1392 5496 David,
1441 5428 1697 5484 adversus
1726 5426 1900 5483 Sodo-

306 5537 489 5594 mitas.
527 5531 578 5585 in
610 5530 751 5584 valle
781 5530 975 5584 luctus.
1006 5527 1111 5582 Sed
1159 5541 1264 5579 non
1312 5539 1486 5587 nunc;
1534 5523 1641 5577 imo
1669 5531 1853 5577 contra
1879 5564 1895 5589 ,

308 5632 360 5681 in
396 5639 541 5681 terra
570 5622 839 5678 canebant
861 5620 1019 5675 valde
1058 5620 1335 5684 ineuntes;
1372 5626 1427 5671 et
1456 5615 1553 5670 hos
1582 5613 1803 5670 deduxit.
1830 5612 1898 5668 ad

306 5722 482 5792 ipms,
514 5727 569 5773 et
596 5716 846 5771 homines
876 5716 999 5769 illuc
1027 5714 1259 5768 sustulit.

376 5813 435 5866 4.
480 5808 547 5864 In
595 5809 810 5863 decursu
856 5808 1006 5872 huius
1047 5807 1243 5859 numeri
1269 5802 1455 5859 mentio
1480 5802 1567 5871 ﬁet
1605 5802 1666 5856 de
1693 5800 1898 5870 Angelis

1199 362 1265 417 IN
1304 358 1517 416 EPIST.
1560 355 1650 411 AD
1688 343 1957 407 COLOSS.
2005 346 2156 404 CAP.
2204 351 2241 405 Ι.
2276 349 2508 417 llOMIL.
2574 352 2663 409 Ill.

3446 357 3550 413 522

1972 463 2301 529 custodibus;
2326 481 2430 533 pax
2450 475 2497 520 et
2520 466 2793 520 concordia
2816 467 3301 522 commendabuntur
3318 510 3333 534 ,
3375 476 3556 524 redare

1971 562 2187 622 guentur
2212 554 2323 609 lites
2349 564 2395 609 et
2422 556 2655 611 dissidia.
2689 585 2761 598 -
2787 556 2856 611 Et
2882 557 3009 612 mihi
3039 559 3405 629 contemplare
3434 576 3549 617 rem

1972 644 2293 700 mirandam.
2345 647 2457 702 llos
2488 649 2688 717 primos
2716 650 2819 703 huc
2844 649 3096 717 deduxit;
3128 659 3183 706 et
3218 662 3346 707 tunc
3370 652 3546 709 homi-

1972 751 2095 791 nem
2126 737 2193 792 ad
2216 752 2311 793 eos
2340 741 2594 797 sustulit:
2625 742 2814 795 caelum
2844 741 2977 797 facta
3000 753 3084 799 est
3114 752 3277 809 terra,
3298 748 3551 815 quoniam

1971 842 2090 896 quae
2110 836 2266 883 erant
2287 837 2466 895 terras,
2496 832 2685 885 czelum
2716 842 2831 887 erat
2856 836 3550 906 suscepturum.Propterea

1971 919 2169 988 gratias
2195 929 2415 989 agentes
2439 921 2666 977 dicimus
2692 938 2707 977 :
2747 921 2923 977 Gloria
2949 924 3000 977 in
3026 926 3236 979 excelsis
3266 925 3393 990 Deo,
3426 937 3472 981 et
3497 929 3551 979 in

1975 1018 2107 1061 terra
2126 1026 2247 1079 pars,
2279 1010 2559 1066 hominibus
2581 1012 2711 1065 bona
2740 1013 3124 1086 voluntas(Luc.
3152 1015 3207 1068 2.
3239 1016 3351 1087 ll).
3386 1016 3545 1081 Ecce,

1974 1101 2145 1171 inquit
2165 1142 2181 1167 ,
2230 1113 2597 1172 apparuerunt
2622 1104 2783 1158 etiam
2822 1104 3066 1159 homines
3089 1106 3157 1160 de
3185 1117 3382 1162 caetero
3410 1108 3551 1164 bene

1974 1192 2270 1261 placentes.
2327 1194 2462 1261 Quid
2499 1203 2584 1250 est
2608 1196 2744 1250 bene
2780 1197 3075 1265 placitum?
3116 1198 3500 1255 Reconciliatio
3530 1217 3545 1253 :

1975 1299 2079 1337 non
2111 1291 2193 1338 est
2213 1286 2439 1355 amplius
2460 1286 2646 1340 caelum
2669 1288 2845 1357 paries
2870 1288 3237 1344 intermedius.
3260 1290 3438 1346 Primo
3459 1305 3551 1347 se-

1974 1372 2205 1427 cundum
2234 1389 2516 1429 numerum
2544 1378 2778 1445 gentium
2808 1387 2965 1433 erant
3007 1379 3185 1448 angeli
3233 1379 3408 1450 (Deut.
3459 1380 3550 1437 32.

1975 1465 2026 1520 8.
2053 1467 2105 1519 in
2133 1465 2373 1537 Caeco);
2432 1482 2573 1523 nunc
2597 1477 2773 1525 autem
2806 1485 2911 1524 non
2945 1471 3237 1526 secundum
3267 1488 3550 1529 numerum

1975 1556 2235 1625 gentium,
2262 1557 2355 1612 sed
2374 1559 2667 1612 secundum
2690 1576 2968 1615 numerum
2989 1561 3248 1618 ﬁdelium.
3273 1556 3428 1620 Unde
3447 1564 3550 1621 hoc

1975 1659 2188 1704 constat
2226 1650 2250 1704 ?
2276 1651 2414 1705 Audi
2443 1651 2713 1707 Christum
2743 1653 3010 1708 dicentem
3044 1673 3056 1710 :
3106 1655 3277 1709 Videte
3304 1673 3366 1710 ne
3387 1658 3557 1726 despi-

1973 1742 2119 1795 ciatis
2148 1758 2303 1795 unum
2325 1758 2388 1796 ea:
2424 1743 2533 1796 istis
2562 1744 2784 1814 pusillis.
2811 1746 2989 1815 Angeli
3016 1747 3147 1799 enim
3173 1764 3347 1802 eorum
3379 1765 3556 1819 perpe—

1979 1842 2065 1885 tuo
2086 1832 2250 1885 vident
2281 1832 2459 1903 [aciem
2482 1831 2655 1887 Patris
2674 1834 2771 1887 mei
2790 1835 2879 1902 qui
2904 1845 2975 1889 est
2990 1836 3041 1889 in
3067 1837 3203 1891 ca’lis
3224 1836 3435 1908 (Matth.
3464 1838 3555 1894 18.

1979 1925 2096 1992 10).
2126 1924 2502 1995 UnusquiSque
2545 1926 2688 1980 enim
2718 1926 2889 1981 ﬁdelis
2922 1927 3079 1982 habet
3109 1930 3356 1999 angelum
3387 1948 3400 1985 :
3431 1947 3553 1987 nam

1976 2016 2134 2070 etiam
2147 2017 2215 2072 ab
2228 2017 2376 2072 initio
2386 2020 2743 2088 unusquisque
2754 2019 2832 2074 vir
2841 2019 3036 2089 probus
3052 2019 3555 2092 babebatangelum,

1983 2107 2126 2162 sicut
2152 2109 2280 2163 dicit
2302 2109 2491 2165 Jacob:
2519 2110 2741 2180 Angelus
2759 2113 2846 2181 qui
2866 2113 3027 2182 pascit
3052 2123 3189 2167 meet
3207 2113 3386 2168 liberat
3413 2131 3492 2167 nte
3522 2132 3554 2168 a

1970 2201 2234 2271 juventttte
2247 2218 2356 2256 mea
2378 2202 2531 2272 (Gen.
2550 2204 2770 2274 £8.16).
2790 2205 2845 2260 Si
2871 2220 3001 2276 ergo
3030 2206 3287 2262 habemus
3308 2209 3550 2279 angelos,

1977 2292 2222 2347 modeste
2249 2309 2347 2348 nos
2375 2310 2624 2364 geramus
2653 2304 2921 2367 tamquam
2957 2297 3110 2353 nobis
3138 2298 3317 2354 adsint
3339 2300 3554 2369 quidam

1979 2384 2286 2456 paedagogi:
2319 2402 2439 2440 nam
2481 2387 2632 2442 adest
2658 2389 2818 2443 etiam
2845 2390 3077 2445 daemon.
3102 2391 3395 2461 Propterea
3425 2407 3553 2447 ora-

1979 2492 2120 2542 mus,
2146 2486 2203 2532 et
2257 2477 2486 2532 dicimus
2511 2487 2754 2547 petentes
2791 2480 3037 2549 angelum
3084 2483 3251 2550 pacis,
3282 2493 3338 2537 et
3363 2482 3558 2553 ubique

1980 2586 2167 2641 pacem
2196 2571 2447 2641 petimus.
2500 2571 2639 2626 Nihil
2665 2572 2807 2628 enim
2838 2583 3013 2642 potest
3040 2574 3087 2629 ei
3109 2575 3424 2645 aequiparari
3456 2593 3469 2630 :
3503 2576 3556 2630 iu

1981 2662 2238 2717 Ecclesiis
2267 2677 2473 2732 pacem,
2507 2663 2561 2716 in
2592 2663 3095 2733 supplicationibus,
3128 2664 3181 2719 in
3212 2665 3554 2721 salutationi-

1981 2751 2115 2818 bus;
2161 2763 2214 2808 et
2257 2753 2423 2808 semel
2456 2761 2511 2808 et
2536 2752 2618 2808 bis
2650 2763 2706 2808 et
2736 2762 2849 2820 ter,
2880 2762 2935 2809 et
2961 2770 3105 2825 stupe
3130 2770 3248 2810 eam
3273 2755 3368 2811 dat
3393 2755 3439 2812 is
3464 2773 3557 2827 qm

1981 2853 2177 2914 praeest
2198 2843 2473 2910 Ecclesiae,
2496 2844 2683 2900 dicens
2705 2860 2721 2896 :
2751 2843 2869 2899 Pax
2884 2845 3036 2900 vobis.
3061 2847 3273 2913 Quare?
3294 2847 3556 2917 Quoniam

1983 2939 2097 3007 ipsa
2124 2945 2206 2992 est
2227 2945 2398 2992 mater
2420 2936 2659 2991 omnium
2687 2936 2974 3003 bonorum,
3007 2938 3118 3007 ipsa
3138 2947 3221 2994 est
3244 2940 3422 3009 gaudii
3445 2957 3561 2994 ma-

1985 3030 2116 3084 teria
2158 3037 2215 3084 et
2260 3036 2655 3099 argumentum.
2709 3028 2998 3098 Propterea
3055 3029 3302 3085 Christus
3341 3046 3557 3102 quoque

1984 3120 2261 3190 apostolos
2282 3119 2473 3175 domos
2502 3118 2863 3189 ingredientes
2891 3120 2990 3175 hoc
3006 3119 3165 3189 jussit
3190 3122 3367 3176 statim
3385 3122 3563 3179 dicere

1987 3222 2253 3282 tamquam
2304 3210 2516 3281 aliquod
2568 3210 2827 3265 bonorum
2881 3212 3182 3283 symbolum
3229 3231 3243 3269 :
3304 3214 3563 3270 latrantes

1985 3303 2150 3368 enim,
2171 3301 2361 3372 inquit,
2386 3302 2582 3368 domos,
2598 3301 2786 3356 dicite:
2807 3301 2922 3356 Pax
2946 3304 3081 3357 vobis
3103 3303 3315 3375 (Matth.
3333 3306 3419 3362 10.
3449 3307 3562 3377 12).

1985 3392 2115 3447 Nam
2136 3393 2181 3447 si
2208 3407 2270 3447 ea
2288 3407 2391 3446 non
2414 3391 2503 3457 sit,
2522 3392 2696 3445 omnia
2716 3401 2840 3446 sunt
2858 3408 3274 3464 supervacanea.
3297 3396 3363 3451 Et
3378 3413 3565 3454 rursus

1986 3485 2197 3540 dicebat
2217 3484 2522 3554 discipulis:
2556 3483 2743 3538 Pacem
2771 3486 2996 3555 relinquo
3018 3487 3173 3553 vobis,
3203 3505 3377 3558 pacem
3399 3507 3563 3544 meam

1988 3579 2054 3633 do
2085 3578 2220 3633 vobis
2238 3577 2419 3647 (Joan.
2438 3578 2525 3632 14.
2551 3577 2787 3648 ‘27).lpsa
2814 3579 2952 3633 viam
2984 3580 3156 3634 munit
3176 3580 3243 3634 ad
3265 3582 3563 3638 caritatem.

1990 3668 2058 3723 Et
2087 3683 2190 3722 non
2218 3667 2349 3722 dicit
2370 3667 2459 3737 qui
2490 3675 2686 3737 praeest
2716 3667 2991 3734 Ecclesite,
3026 3669 3134 3723 l‘ax
3164 3670 3335 3736 vobis,
3364 3673 3567 3727 solum-

1989 3758 2150 3814 modo
2170 3800 2185 3824 ,
2217 3758 2311 3813 sed
2337 3801 2351 3825 ,
2399 3757 2516 3812 Pax
2563 3758 2809 3813 omnibus.
2841 3758 2976 3826 Quid
3028 3760 3193 3828 enim,
3245 3763 3289 3817 si
3319 3778 3436 3817 cum
3466 3764 3570 3821 hoc

1990 3852 2204 3922 quidem
2235 3866 2415 3921 pacem
2441 3849 2763 3915 habeamus,
2793 3865 2912 3905 cum
2941 3850 3033 3906 illo
3063 3861 3239 3908 autem
3272 3856 3472 3910 bellum
3509 3868 3567 3913 et

1992 3957 2245 4013 pugnam,
2291 3941 2418 4012 quid
2464 3940 2598 3996 lucri
2626 3940 2963 3996 referemus?
2999 3942 3181 4013 Neque
3201 3946 3343 3999 enim
3368 3947 3418 4001 in
3445 3963 3565 4004 cor-

1993 4051 2159 4106 pore,
2211 4035 2255 4089 si
2285 4052 2349 4090 ex
2379 4034 2662 4091 elementis
2704 4034 2805 4089 alia
2846 4035 3061 4105 quidem
3093 4037 3411 4107 quiescant,
3464 4044 3566 4098 alia

1992 4144 2124 4185 vero
2150 4129 2467 4184 seditionem
2493 4128 2720 4199 agitent,
2742 4128 2851 4183 ﬁeri
2881 4139 3057 4199 potest
3085 4141 3139 4186 ut
3170 4148 3418 4203 umquam
3447 4150 3576 4190 con-

1992 4223 2145 4276 sistat
2195 4221 2429 4286 sanitas,
2484 4220 2577 4275 sed
2624 4235 2721 4291 per
2749 4220 2946 4275 bonum
2978 4223 3215 4277 omnium
3246 4224 3489 4279 ordinem
3521 4236 3578 4282 et

1993 4329 2316 4368 consensum
2349 4322 2401 4368 et
2426 4328 2612 4383 pacem
2638 4331 2651 4366 :
2698 4321 2752 4366 ct
2781 4313 2823 4367 si
2854 4328 2959 4367 non
2987 4315 3163 4368 omnia
3194 4315 3488 4384 quiescant,
3520 4328 3576 4374 et

1995 4405 2048 4459 in
2079 4406 2191 4460 suis
2220 4405 2450 4474 propriis
2480 4411 2732 4457 maneant
2759 4403 3022 4465 terminis,
3047 4406 3225 4458 omnia
3242 4416 3571 4463 evertentur.

1997 4496 2053 4551 ln
2084 4506 2261 4551 nostra
2284 4509 2497 4566 quoque
2527 4502 2705 4549 mente
2734 4495 2832 4547 nisi
2857 4509 3044 4548 omnes
3068 4495 3349 4564 quiescant
3376 4499 3578 4567 cogita-

1997 4590 2193 4655 tiones,
2221 4601 2322 4657 pax
2351 4601 2456 4641 non
2502 4585 2623 4641 erit.
2657 4584 2886 4639 Tantum
2914 4586 3113 4641 bonum
3136 4597 3221 4642 est
3249 4603 3371 4659 pax,
3404 4601 3460 4645 ut
3482 4590 3575 4646 lilii

2000 4684 2093 4739 Dei
2117 4691 2374 4737 vocentur
2401 4680 2519 4750 ejus
2538 4678 2822 4734 ell‘cctores
2862 4689 2911 4735 et
2953 4680 3327 4738 conciliatores
3355 4682 3573 4754 (Matth.

1999 4777 2051 4834 5.
2082 4775 2179 4843 45)
2209 4790 2223 4827 :
2251 4782 2307 4828 et
2329 4774 2541 4827 merito.
2569 4771 2701 4827 Nam
2737 4771 2826 4825 Dei
2855 4770 3021 4826 Filius
3046 4772 3167 4828 ideo
3187 4788 3402 4845 quoque
3430 4778 3575 4831 venit

2000 4868 2053 4922 in
2073 4874 2269 4922 terram
2288 4864 2657 4935 paciﬁcaturus
2677 4878 2795 4925 quae
2824 4863 2875 4916 in
2906 4873 3071 4929 terra,
3103 4874 3158 4918 et
3187 4880 3305 4935 quae
3335 4865 3388 4921 in
3408 4868 3572 4921 czelis.

2001 4958 2058 5014 Si
2082 4968 2257 5012 autem
2287 4954 2490 5026 paciﬁci
2523 4964 2647 5007 sunt
2676 4953 2772 5007 ﬁlii
2804 4954 2927 5019 Dei,
2984 4954 3073 5025 qui
3099 4970 3185 5010 res
3210 4971 3373 5013 novas
3400 4959 3575 5011 moliri

2002 5049 2218 5106 student
2247 5055 2371 5102 sunt
2398 5046 2491 5101 lilii
2517 5044 2738 5100 diaboli.
2764 5044 2901 5113 Quid
2931 5044 3103 5102 dicis?
3146 5044 3267 5101 lites
3292 5058 3346 5103 et
3374 5063 3575 5118 pugnas

2002 5141 2281 5200 immittis?
2314 5139 2379 5194 Et
2403 5139 2522 5208 quis
2548 5146 2667 5202 est,
2720 5138 2927 5208 inquies
2951 5178 2965 5200 .
2994 5138 3129 5193 adeo
3166 5138 3388 5193 infelix?
3434 5140 3571 5195 Sunt

2001 5237 2145 5293 enim
2175 5234 2325 5289 multi
2364 5233 2605 5287 laetantes
2635 5231 2786 5285 malis
2807 5271 2822 5295 ,
2864 5242 2919 5286 et
2956 5230 3152 5285 Christi
3184 5246 3380 5301 corpus
3408 5233 3575 5301 magis

2005 5329 2397 5398 discerpentes,
2426 5339 2583 5394 quam
2614 5324 2810 5378 milites
2838 5322 2888 5376 id
2915 5322 3097 5377 lancea
3128 5321 3490 5389 dissecahant,
3522 5334 3577 5377 et

2002 5422 2171 5479 Judaei
2212 5419 2378 5475 clavis
2419 5416 2803 5471 dissolvebant.
2860 5415 2990 5469 Illud
3025 5415 3125 5469 hoc
3149 5414 3323 5468 minus
3351 5425 3433 5469 est
3461 5431 3578 5469 ma-

2004 5516 2151 5572 lum:
2201 5513 2289 5569 illa
2334 5511 2573 5567 membra
2604 5509 2832 5563 dissecta
2873 5522 3059 5562 rursus
3085 5507 3433 5574 coaluerunt;
3465 5507 3582 5562 ha-c

2006 5620 2182 5664 autem
2211 5605 2415 5671 avulsa,
2450 5603 2549 5657 nisi
2581 5600 2668 5657 hic
2700 5616 2884 5656 rursus
2914 5599 3107 5654 inierint
3136 5600 3443 5668 conjuncta,
3474 5615 3580 5655 non

2007 5702 2397 5769 conjungentur
2425 5696 2685 5765 amplius,
2738 5692 2832 5749 sed
2877 5702 3089 5747 manent
3130 5704 3282 5747 extra
3332 5692 3583 5746 Ecclesia:

2012 5793 2417 5867 plenitudinem.
2458 5789 2682 5859 Quando
2729 5788 2877 5843 voles
2904 5790 3038 5842 'cum
3069 5785 3233 5841 fratre
3263 5785 3458 5842 bellum
3485 5800 3580 5855 ge-
