4032 6516
591 339 702 393 523

606 466 750 517 rere,
778 449 950 519 cogita
976 454 1027 501 te
1057 443 1255 499 bellum
1289 454 1481 512 gerere
1505 453 1626 493 cum
1662 435 1919 491 membris
1945 432 2177 494 Christi,

597 557 654 603 et
687 543 872 601 desine
900 539 1098 593 furere.
1127 533 1265 601 Quid
1292 532 1458 596 enim,
1488 529 1530 585 si
1556 529 1599 583 is
1629 536 1712 582 est
1732 526 1993 595 abiectus,
2023 524 2067 577 si
2097 524 2176 578 vi-

598 638 687 699 lis,
719 634 762 687 si
788 626 1236 685 contemnendus?
1266 622 1386 677 Non
1411 631 1501 687 est,
1538 620 1726 690 inquit,
1752 620 1985 671 voluntas
2009 630 2182 668 coram

601 727 758 779 Patre
787 740 894 777 meo
917 763 932 788 ,
965 730 1018 773 ut
1049 730 1220 790 pereat
1260 735 1391 771 unus
1416 733 1477 770 ea:
1508 716 1585 769 Itis
1614 714 1816 784 pusillis
1840 710 2055 779 (Matth.
2092 708 2178 763 18.

602 820 688 885 Ν)
712 835 727 883 ;
761 826 813 872 et
851 830 1033 870 rursus
1058 854 1073 879 ,
1130 810 1310 882 Angeli
1337 825 1508 863 eorum
1536 820 1779 877 perpetuo
1807 804 1974 858 vident
2002 803 2179 873 {aciem

604 909 777 963 Patris
802 909 930 974 mei,
960 906 1048 975 qui
1083 906 1135 958 in
1163 904 1299 959 cwlis
1325 912 1397 956 est
1420 901 1530 969 (Ib.
1562 917 1609 954 υ.
1637 898 1746 968 10).
1798 898 1938 952 Deus
1963 905 2179 965 propter

600 1003 773 1071 ipsum
803 1008 860 1054 et
895 1013 1085 1055 servus
1113 997 1285 1052 factus
1308 1037 1323 1060 ,
1379 1004 1433 1048 et
1470 993 1679 1047 occisus
1722 998 1843 1045 est:
1905 998 1959 1042 tu
1998 999 2177 1042 autem

596 1108 719 1149 eum
763 1092 897 1146 nihil
925 1104 1046 1147 esse
1078 1088 1391 1145 existimas?
1426 1086 1565 1155 Ergo
1594 1084 1643 1137 in
1674 1082 1776 1137 hoc
1807 1094 2021 1152 quoque
2052 1093 2176 1132 cum

595 1186 707 1241 Deo
737 1199 958 1255 pugnas,
988 1183 1311 1239 contrariam
1339 1179 1387 1233 ei
1426 1180 1603 1233 ferens
1646 1174 1991 1231 sententiam.
2038 1172 2173 1227 Cutn

596 1282 868 1351 ingressus
897 1278 1058 1333 fuerit
1087 1277 1129 1329 is
1161 1276 1248 1345 qui
1276 1281 1470 1343 prmest
1497 1269 1770 1334 Ecclesiae,
1803 1266 1980 1321 statim
2008 1264 2173 1328 dicit,

596 1371 715 1426 Pax
737 1371 1009 1433 omnibus;
1064 1366 1276 1438 quando
1302 1378 1610 1420 sermonem
1636 1360 1763 1416 facit
1790 1374 1852 1414 ac
1880 1358 2173 1413 conciona-

594 1471 699 1526 tur,
735 1460 852 1515 Pas:
873 1458 1142 1523 omnibus;
1171 1455 1382 1528 quando
1422 1453 1709 1517 benedicit,
1760 1451 1877 1506 Pan:
1902 1448 2171 1511 omnibus;

592 1555 805 1625 quando
842 1554 990 1623 jubet
1029 1551 1281 1612 salutare,
1331 1547 1447 1602 Pax
1492 1546 1721 1601 omnibus
1745 1560 1764 1609 ;
1793 1542 2006 1613 quando
2046 1556 2171 1611 per-

556 1720 559 1721 ,
592 1658 768 1703 aetum
800 1646 960 1700 fuerit
986 1643 1303 1699 sacriﬁcium
1326 1682 1340 1706 ,
1375 1639 1491 1693 Pax
1515 1638 1787 1700 omnibus;
1814 1643 1870 1691 et
1907 1648 2092 1690 rursus
2117 1634 2169 1689 in

590 1739 784 1804 medio,
820 1736 996 1791 Gratia
1018 1735 1153 1789 vobis
1182 1742 1227 1789 et
1259 1748 1380 1804 pax.
1404 1728 1682 1798 Quomodo
1697 1742 1824 1798 ergo
1848 1741 1956 1781 non
1982 1724 2173 1780 absur-

586 1831 738 1894 dum,
771 1830 814 1885 si
835 1828 994 1883 toties
1022 1828 1300 1881 audientes
1328 1838 1427 1878 nos
1445 1824 1643 1878 habere
1671 1836 1879 1891 pacem,
1909 1819 2051 1875 inter
2070 1831 2170 1873 nos

586 1921 783 1976 bellum
817 1920 1107 1974 habeamus
1129 1960 1143 1981 ,
1171 1926 1227 1970 et
1255 1916 1577 1986 accipientes
1603 1923 1658 1969 et
1683 1912 1970 1968 reddentes
1990 1953 2006 1979 ,
2046 1927 2168 1967 cum

586 2029 653 2067 eo
668 2013 757 2083 qui
775 2013 871 2067 dat
893 2026 1078 2081 pacem
1110 2011 1309 2066 bellum
1336 2008 1627 2079 geramus?
1658 2008 1800 2062 Dicis
1821 2048 1837 2075 ,
1873 2006 1936 2061 Et
1964 2007 2171 2077 spiritui

587 2118 704 2171 tuo,
758 2115 814 2161 et
833 2122 953 2161 eum
985 2106 1112 2160 foris
1135 2102 1521 2159 calumniaris?
1551 2101 1649 2157 Ηθί
1676 2100 1806 2156 mihi
1825 2140 1842 2167 ,
1895 2115 2016 2171 Qua)
2041 2106 2169 2154 sunt

584 2199 842 2254 Ecclesiae
896 2198 1120 2253 honesta
1162 2212 1224 2251 ac
1256 2194 1594 2259 veneranda,
1650 2193 1785 2249 facta
1831 2201 1956 2248 sunt
1982 2191 2166 2263 ﬁgura:

584 2304 788 2348 tantum
815 2308 1017 2355 rerum,
1051 2291 1146 2346 sed
1174 2307 1278 2344 non
1307 2290 1480 2359 aliqua
1508 2289 1709 2344 veritas
1736 2288 1749 2341 Ξ
1783 2287 1867 2343 hei
1900 2285 2051 2351 mihi,
2077 2301 2168 2340 us-

588 2402 695 2456 que
739 2387 805 2441 ad
852 2387 1015 2441 verba
1068 2394 1287 2439 manent
1325 2382 1565 2455 symbola
1611 2381 1797 2435 horum
1824 2378 2163 2435 castrorum!

586 2477 740 2533 Unde
768 2478 928 2533 etiam
970 2477 1226 2548 ignoratis
1251 2492 1348 2531 cur
1376 2476 1603 2541 dicatur,
1641 2473 1755 2529 Pax
1777 2472 2026 2528 omnibus.
2059 2472 2165 2528 Sed

569 2569 758 2625 audite
786 2569 1059 2639 deinceps,
1085 2567 1209 2638 quid
1231 2566 1373 2622 dicat
1400 2564 1667 2631 Christus,
1692 2565 1747 2620 ln
1772 2579 2163 2636 quamcumque

577 2674 757 2717 autem
788 2661 1057 2716 civitatem
1090 2668 1180 2715 aut
1200 2658 1373 2713 vicum
1398 2658 1621 2727 ingressi
1646 2654 1877 2721 fueritis,
1903 2654 2162 2710 latrantes

582 2754 790 2807 domum
816 2752 1035 2806 salutate
1055 2752 1217 2817 ipsam
1250 2765 1268 2804 :
1295 2759 1339 2803 et
1370 2750 1414 2803 si
1439 2748 1619 2803 domus
1644 2745 1845 2818 quidem
1871 2747 1935 2801 sit
1965 2747 2155 2817 digna,

576 2847 741 2902 veniat
771 2861 874 2917 paa:
900 2854 1065 2899 vestra
1111 2860 1261 2913 super
1291 2844 1454 2913 ipsam
1477 2859 1495 2907 ;
1539 2842 1617 2895 sin
1661 2850 1827 2894 autem
1854 2856 1955 2893 non
1980 2841 2045 2893 sit
2070 2840 2153 2892 di-

574 2957 707 3008 gna,
741 2953 843 3007 pax
862 2946 1026 2990 vestra
1051 2935 1119 2989 ad
1148 2951 1233 2989 vos
1265 2943 1542 2988 revertatur
1562 2933 1580 3005 (
1602 2931 1785 2985 Matth.
1816 2930 1903 2986 10.
1928 2930 2014 2985 12.
2044 2929 2155 3000 13).

575 3034 863 3101 PrOpterea
886 3031 1178 3095 nescimus,
1207 3029 1328 3099 quia
1345 3028 1627 3082 verborum
1652 3024 1873 3094 ﬁguram
1897 3022 2013 3078 hinc
2038 3035 2160 3079 esse

576 3124 969 3188 existimamus,
1001 3130 1056 3178 et
1089 3135 1193 3175 non
1224 3128 1402 3175 mente
1428 3118 1769 3173 assentimur.
1800 3115 1937 3171 Num
1960 3130 2060 3187 ego
2088 3115 2158 3170 do

571 3214 798 3285 pacem?
846 3213 1092 3269 Christus
1135 3222 1239 3278 est,
1293 3211 1382 3281 qui
1414 3225 1510 3280 per
1554 3225 1652 3264 nos
1688 3209 1831 3279 loqui
1881 3208 2152 3279 dignatur.

574 3310 794 3365 Etiamsi
823 3308 968 3361 omni
997 3307 1103 3361 alio
1132 3314 1371 3373 tempore
1400 3318 1584 3358 sumus
1609 3301 1760 3357 vacui
1789 3301 1958 3372 gratia
1977 3342 1992 3367 ,
2046 3314 2153 3355 non

570 3410 747 3457 tamen
776 3414 959 3454 sumus
994 3412 1133 3451 nunc
1159 3406 1377 3467 pr0pter
1405 3411 1522 3450 vos.
1555 3394 1687 3449 Nam
1708 3395 1752 3450 si
1785 3394 1836 3449 in
1863 3395 2071 3448 asinum
2100 3398 2155 3447 ct

569 3498 622 3551 in
646 3505 820 3549 vatem
852 3501 1071 3563 operata
1096 3501 1178 3546 est
1227 3491 1316 3545 Dei
1343 3490 1512 3559 gratia
1547 3496 1766 3559 propter
1791 3486 2172 3555 dispensatim.

568 3605 689 3645 nem
719 3599 767 3642 et
802 3585 1161 3641 Israelitarum
1192 3583 1516 3645 utilitatem,
1568 3579 1829 3650 liquidum
1876 3588 1957 3633 est
2007 3574 2150 3646 quod

569 3696 667 3736 nec
698 3682 748 3734 in
771 3693 867 3732 nos
896 3676 1168 3732 recusabit
1190 3673 1424 3746 Operari,
1452 3672 1545 3727 sed
1571 3673 1673 3727 hoc
1696 3685 1911 3741 quoque
1931 3678 2151 3740 propter

568 3789 666 3828 nos
694 3769 1000 3826 sustinebit.

640 3864 693 3917 5.
728 3862 895 3916 Nemo
921 3876 1049 3931 ergo
1065 3860 1226 3923 dicat,
1243 3874 1329 3913 me
1349 3872 1468 3912 esse
1490 3856 1857 3927 imperfectum
1882 3854 2147 3923 vilemque

563 3966 621 4011 ct
647 3956 913 4025 abjectum
968 3961 1022 4006 et
1068 3951 1265 4004 nullius
1293 3949 1480 4018 pretii,
1537 3957 1591 4002 ct
1629 3948 1699 4000 ita
1729 3946 1857 4000 mihi
1885 3945 2142 4000 attendat.

562 4051 692 4106 Sum
718 4047 860 4102 enim
893 4046 1044 4111 talis;
1073 4042 1167 4098 sed
1197 4057 1407 4111 semper
1428 4041 1564 4095 solet
1590 4040 1733 4093 Deus
1759 4050 1976 4107 propter
2005 4037 2144 4091 mul-

563 4140 843 4196 titudinem
870 4138 931 4192 iis
956 4137 1118 4191 etiam
1142 4133 1330 4188 adesse
1360 4131 1450 4201 qui
1480 4139 1605 4184 sunt
1633 4128 1959 4197 hujusmodi.
1995 4127 2059 4180 Et
2087 4135 2145 4181 ut

559 4248 675 4289 rem
720 4230 901 4285 sciatis
945 4228 1013 4282 ita
1062 4240 1120 4281 se
1162 4223 1394 4288 habere;
1448 4220 1698 4291 dignatus
1740 4229 1823 4273 est
1852 4217 2138 4287 loquicqu

557 4326 689 4382 Cain
718 4332 935 4396 propter
969 4318 1139 4385 Abel,
1189 4332 1310 4373 cum
1362 4314 1576 4370 diabolo
1608 4321 1827 4382 propter
1852 4310 1983 4373 Joh,
2016 4324 2138 4365 cum

557 4420 841 4475 Pharaone
868 4423 1085 4483 pr0pter
1108 4408 1330 4479 Joscph,
1354 4423 1475 4463 cum
1503 4404 1995 4460 Nabuchodonosor
2019 4417 2138 4472 pro-

556 4520 675 4581 pter
704 4509 999 4571 Danielem,
1018 4520 1138 4559 cum
1159 4501 1444 4557 Balthasar
1464 4506 1682 4569 propter
1703 4495 1972 4551 eumdem.
1999 4494 2134 4564 Magi

554 4615 766 4669 quoque
795 4595 1064 4666 assequuti
1095 4602 1221 4648 sunt
1264 4591 1683 4654 revelationem;
1714 4596 1769 4643 et
1797 4586 2137 4657 prophetavit

551 4693 781 4762 Caiphas
810 4703 929 4743 cum
962 4696 1102 4742 esset
1123 4685 1319 4739 Christi
1350 4685 1558 4737 occisor
1577 4691 1632 4736 et
1654 4679 1926 4751 indignus,
1962 4692 2127 4748 prop-

554 4784 959 4854 terdignitatem
978 4780 1279 4833 sacerdotii.
1299 4778 1496 4832 Dicitur
1513 4778 1671 4833 etiam
1688 4775 1867 4831 Aaron
1885 4784 2127 4845 propter-

549 4891 613 4932 ea
641 4891 745 4929 non
785 4872 945 4927 fuisse
986 4872 1132 4939 lepra
1155 4868 1402 4922 infectus.
1450 4868 1580 4921 Nam
1622 4882 1751 4933 cur,
1779 4867 1887 4938 pic,
1912 4880 2126 4936 qttmso,

553 4984 676 5026 cum
704 4967 862 5021 ambo
892 4971 1348 5025 tnurmurassent,
1404 4975 1557 5014 soror
1593 4960 1706 5015 sola
1728 4959 1875 5013 dedit
1903 4958 2126 5030 ptenas?

546 5063 623 5120 Nc
653 5059 902 5117 mireris:
933 5071 1056 5112 nam
1083 5055 1127 5109 si
1164 5054 1217 5108 in
1248 5054 1485 5108 externis
1510 5051 1854 5121 d‘guitatibus
1874 5092 1889 5118 ,
1915 5050 2125 5106 etiamsi

547 5151 1015 5212 intnunerabilium
1107 5146 1392 5202 criminum
1472 5152 1751 5200 accusetur
1824 5142 2120 5213 quispiam,

544 5264 649 5304 non
686 5247 835 5318 prius
858 5243 1067 5299 ducitur
1094 5242 1143 5297 in
1171 5240 1425 5314 judicium
1447 5282 1461 5305 ,
1492 5252 1651 5308 quam
1679 5236 1986 5306 deposuerit
2010 5250 2125 5291 ma-

539 5344 845 5411 gistratum,
896 5352 962 5391 ne
989 5336 1078 5389 ille
1103 5334 1261 5389 simul
1289 5350 1409 5387 cum
1440 5332 1554 5402 ipso
1580 5331 1776 5400 probro
1802 5328 2068 5384 afﬁciatur
2103 5348 2115 5383 :

538 5434 705 5487 multo
743 5429 911 5500 magis
943 5429 996 5482 in
1026 5426 1333 5497 magistratu
1376 5422 1663 5493 spirituali,
1720 5421 2041 5491 quicumque
2074 5420 2121 5473 is

535 5528 619 5591 sit,
692 5532 945 5595 operatur
976 5522 1064 5578 Dei
1093 5520 1299 5592 gratia;
1360 5515 1596 5588 alioquin
1623 5514 1801 5571 omnia
1824 5511 2063 5587 perirent
2096 5530 2110 5567 :

2142 5731 2210 5749 φη

1302 326 1361 384 8.
1399 323 1678 382 JOANNlS
1715 314 2191 378 CIIRYSOSTOMI
2230 317 2548 379 ARCIIIEP.
2589 311 3150 388 consrsnrmor.‘

3492 393 3517 424 ,
3733 351 3811 410 ει

2293 434 2509 501 quando
2536 448 2713 493 autem
2746 456 2866 497 eum
2893 443 3204 515 deposuerit
3224 490 3240 516 ,
3286 450 3398 508 sive
3420 466 3541 508 cum
3567 470 3599 512 e
3624 455 3715 514 tita
3738 478 3807 517 ex.

2287 527 2535 622 cesserit,
2576 532 2689 585 sive
2729 532 2815 588 hic
2853 553 3086 608 quoque,
3121 550 3245 596 tunc
3280 547 3548 613 graviores
3571 549 3703 607 dabit
3722 570 3807 622 pa:-

2289 631 2405 671 nas.
2446 618 2523 673 Ne
2545 624 2743 691 putetis
2775 625 2889 682 hace
2915 644 2943 683 a
2975 630 3126 685 nobis
3151 633 3254 688 dici
3283 652 3297 689 :
3328 636 3417 691 Dei
3444 648 3525 693 est
3552 643 3697 709 gratia
3718 618 3806 714 quae

2288 722 2549 806 operatur
2572 715 2621 768 in
2651 715 2946 786 indignum.
2978 736 3083 774 non
3117 735 3332 792 propter
3353 742 3477 792 nos,
3520 732 3608 786 sed
3635 748 3805 806 prapter

2288 816 2403 859 vos.
2436 804 2629 859 Audite
2668 823 2796 878 ergo
2822 810 2947 879 quid
2988 812 3130 866 dicat
3160 815 3442 871 Christus:
3486 819 3546 874 Si
3579 804 3732 879 domus
3759 830 3808 882 sit

2286 894 2461 964 digna,
2510 899 2677 952 veniat
2716 917 2817 968 ραι
2855 914 3015 957 vestra
3053 904 3122 957 ad
3158 906 3340 974 ipsum.
3382 909 3650 978 Quomodo
3669 928 3806 975 autem

2287 986 2345 1039 ﬁt
2374 987 2570 1057 digna?
2608 990 2661 1045 Si
2688 1006 2801 1057 vos,
2845 993 3036 1064 inquit,
3068 1000 3425 1069 susceperint.
3468 1002 3561 1057 Sin
3585 1016 3806 1064 Memno:

2284 1094 2387 1132 non
2439 1085 2786 1151 susceperint,
2838 1101 2994 1154 neque
3022 1103 3302 1143 sermonem
3333 1101 3548 1146 vestrum
3572 1096 3803 1167 audierint,

2283 1185 2430 1223 amen
2458 1172 2570 1226 dico
2593 1172 2750 1240 vobis,
2794 1176 3106 1232 tolerabilius
3145 1180 3241 1233 erit
3266 1190 3416 1236 terra:
3436 1182 3743 1241 Sodomorum
3768 1202 3804 1245 et

2285 1258 2731 1317 Gomorrhworttm
2758 1265 2809 1318 in
2831 1266 3111 1337 diejudicii
3141 1286 3294 1339 quant
3322 1272 3401 1325 illi
3438 1273 3620 1328 ciuitati
3636 1275 3802 1346 (Matth.

2283 1353 2370 1408 ‘lO.
2402 1354 2469 1409 15
2486 1381 2513 1395 ο
2539 1357 2607 1412 15
2638 1358 2682 1429 ).
2714 1358 2849 1425 Quid
2874 1376 3002 1432 ergo
3023 1363 3243 1433 prodest
3274 1367 3417 1436 quod
3447 1382 3545 1423 nos
3566 1372 3804 1440 suscipitis,

2281 1454 2336 1501 et
2371 1462 2479 1504 non
2517 1449 2713 1506 auditis
2751 1467 2814 1507 ea
2853 1469 2973 1524 quae
3009 1472 3038 1509 a
3072 1457 3224 1513 nobis
3250 1459 3536 1515 dicuntur?
3562 1463 3673 1533 quid
3700 1466 3801 1521 lucri

2278 1538 2345 1593 ad
2375 1555 2467 1593 vos
2489 1541 2629 1597 redit
2657 1544 2700 1598 si
2730 1560 2835 1600 non
2860 1548 3059 1614 colitis,
3092 1559 3145 1605 et
3184 1567 3287 1606 non
3326 1555 3598 1611 attenditis
3630 1572 3684 1612 ea
3713 1574 3804 1629 qua:

2280 1633 2434 1689 vobis
2461 1635 2753 1692 dicuntur?
2794 1639 2885 1694 Ille
2913 1651 2996 1695 est
3027 1642 3179 1697 nobis
3206 1644 3398 1711 honor,
3440 1646 3527 1703 ille
3561 1649 3714 1704 cultus
3740 1658 3805 1705 cst

2281 1725 2648 1795 admirandus,
2685 1729 2779 1800 qui
2808 1732 2963 1787 vobis
2990 1742 3044 1788 et
3083 1734 3238 1792 nobis
3262 1737 3504 1806 prodest,
3543 1740 3585 1794 si
3622 1755 3704 1795 nos
3731 1756 3804 1797 su-

2286 1817 2463 1873 diatis.
2495 1820 2691 1877 Audite
2719 1832 2772 1876 et
2799 1821 3019 1877 Paulum
3047 1822 3341 1894 dicentem,
3384 1826 3691 1895 Nescisbam,
3722 1830 3803 1884 fr:-

2277 1918 2406 1977 tres,
2434 1912 2572 1981 quod
2592 1913 2656 1967 sit
2681 1914 2910 1984 pontifex
2935 1912 3069 1983 (Act.
3096 1915 3187 1972 25.
3208 1917 3244 1972 5
3268 1918 3288 1988 )
3313 1935 3328 1971 :
3360 1919 3485 1974 audi
3511 1929 3562 1974 et
3588 1919 3803 1976 Christum

2274 2004 2566 2074 dicentem,
2600 2008 2784 2063 Omnia
2809 2026 2923 2081 qua:
2940 2010 3159 2066 dixerint
3181 2012 3316 2068 vobis
3335 2023 3394 2068 ut
3415 2015 3632 2081 servetis,
3654 2025 3805 2070 servm

2273 2105 2321 2151 et
2341 2097 2718 2168 facite(Mattlt.
2744 2101 2836 2156 23.
2857 2100 2938 2171 5).
2962 2101 3076 2157 Non
3103 2118 3189 2158 me
3204 2106 3529 2169 contemnis.
3556 2106 3642 2161 sed
3663 2122 3803 2162 sacer-

2273 2185 2479 2241 dotium
2510 2206 2524 2244 :
2563 2188 2610 2243 si
2650 2204 2736 2245 me
2774 2205 2841 2245 co
2881 2190 3080 2248 videris
3118 2193 3397 2261 nudatum,
3442 2205 3566 2251 tunc
3598 2211 3675 2251 me
3703 2211 3803 2254 oon-

2273 2285 2456 2335 temne
2487 2297 2501 2335 :
2543 2289 2669 2335 tunc
2708 2297 2807 2337 nec
2844 2297 2946 2353 ego
2987 2284 3254 2355 imperare
3292 2303 3535 2358 pergam.
3584 2288 3801 2355 Quamdiu

2270 2380 2451 2427 autem
2483 2372 2538 2428 in
2570 2372 2671 2429 hac
2700 2373 2830 2431 sedc
2850 2377 3102 2433 sedemus
3125 2420 3141 2446 ,
3180 2379 3435 2449 quamdiu
3467 2380 3800 2451 praesidentes,

2272 2460 2533 2519 habemus
2558 2474 2611 2520 et
2639 2467 3010 2522 auctoritatem
3041 2476 3098 2523 et
3125 2468 3402 2536 virtutem,
3446 2472 3644 2527 etiamsi
3669 2472 3801 2527 simus

2272 2556 2495 2628 indigni.
2527 2557 2581 2612 Si
2610 2558 2808 2630 Moysis
2835 2559 3059 2616 thronus
3086 2569 3204 2618 erat
3230 2561 3368 2617 adeo
3394 2562 3735 2625 venerandus.
3756 2572 3800 2616 ut

2268 2660 2491 2727 propter
2518 2651 2669 2706 illum
2707 2652 3004 2721 audiretur,
3046 2652 3214 2709 multo
3252 2656 3423 2726 magis
3460 2654 3648 2710 Christi
3684 2653 3801 2715 thro-

2267 2759 2371 2800 nus
2403 2761 2416 2799 :
2458 2744 2611 2805 illum
2638 2760 2737 2801 nos
2760 2747 3085 2817 accepimus,
3128 2747 3180 2802 in
3219 2746 3310 2803 illo
3332 2748 3616 2818 loquimur,
3645 2762 3700 2807 es
3718 2762 3799 2817 quo

2265 2833 2514 2894 Christus
2551 2838 2604 2893 in
2647 2828 2804 2895 nobis
2840 2840 3019 2910 posuit
3056 2840 3414 2896 ministerium
3456 2841 3797 2899 reconciliatio-

2268 2928 2374 2985 nis.
2413 2928 2619 3000 Legati,
2660 2930 2984 3001 quicumque
3023 2933 3057 2987 ii
3098 2930 3317 3000 fuerint,
3361 2944 3579 3005 propter
3612 2933 3798 3004 digniu-

2268 3030 2374 3077 tem
2414 3020 2694 3092 legationis
2734 3023 2957 3077 multum
2998 3023 3254 3079 honorem
3294 3033 3662 3095 assequuntur.
3696 3022 3798 3079 Vide

2268 3115 2409 3169 enim
2441 3132 2454 3169 :
2484 3114 2703 3170 veniunt
2733 3115 2785 3169 in
2815 3115 3047 3173 mediam
3070 3116 3419 3172 barbarorum
3446 3120 3697 3187 regionem
3719 3116 3796 3175 soli

2266 3208 2407 3264 inter
2427 3217 2506 3263 tot
2535 3207 2754 3277 hostes;
2790 3218 2843 3264 et
2872 3209 3120 3279 quoniam
3152 3225 3403 3279 magnam
3430 3212 3536 3265 vim
3574 3208 3713 3266 habet
3728 3208 3796 3279 jus

2262 3301 2563 3373 legationis,
2586 3318 2773 3358 omnes
2800 3316 2893 3357 eos
2919 3303 3212 3367 intuentur,
3230 3318 3419 3360 omnes
3438 3319 3532 3361 eos
3553 3314 3657 3359 tuto
3669 3303 3795 3359 emit-

2262 3402 2399 3448 tunt.
2443 3394 2511 3448 Et
2550 3409 2648 3448 nos
2686 3408 2817 3464 ergo
2847 3394 3181 3465 suscepimus
3220 3411 3417 3451 munus
3445 3395 3723 3467 legationis,
3746 3403 3819 3449 et'

2258 3503 2291 3543 a
2315 3488 2427 3543 Deo
2454 3488 2697 3542 venimus
2725 3504 2738 3541 :
2781 3487 2896 3542 h;cc
2935 3495 3019 3543 est
3040 3488 3180 3542 enim
3209 3488 3443 3558 dignitas
3472 3490 3787 3559 episcopatus.

2265 3579 2607 3635 Venimusad
2631 3593 2725 3635 vos
2747 3580 3010 3650 legatione
3041 3578 3340 3651 fungentes,
3364 3591 3612 3651 rogantes
3630 3589 3679 3635 ut
3702 3579 3793 3634 bel-

2255 3672 2310 3728 lo
2334 3672 2496 3729 ﬁnem
2523 3672 2827 3742 imponatis,
2848 3680 2903 3728 et
2925 3671 3151 3728 dicimus
3174 3673 3492 3743 quibusnam
3516 3672 3794 3729 conditioniv

2254 3764 2375 3829 bus,
2418 3778 2524 3819 non
2568 3764 2815 3819 civitates
2852 3763 3003 3819 vobis
3033 3764 3250 3820 daturos
3278 3764 3626 3836 pollicentes,
3653 3777 3794 3833 neque

2256 3865 2335 3911 tot
2360 3864 2414 3911 et
2440 3864 2518 3910 tot
2550 3855 2801 3911 frumenti
2832 3854 3040 3910 modios
3066 3895 3082 3923 ,
3115 3870 3288 3925 neque
3313 3856 3607 3927 mancipia,
3651 3867 3791 3924 neque

2250 3967 2461 4013 aurum.
2485 3950 2579 4006 sed
2612 3965 2835 4020 regnum
2872 3950 3160 4015 cmlorum,
3204 3949 3366 4003 vitam
3389 3960 3666 4013 a-ternatn,
3692 3961 3787 4001 cum

2252 4043 2467 4100 Christo
2506 4044 2945 4101 consuetudinem
2972 4085 2988 4111 ,
3043 4053 3094 4099 et
3149 4044 3248 4098 alia
3273 4044 3411 4098 bona
3443 4058 3562 4114 quas
3598 4051 3784 4111 neque:

2252 4137 2404 4191 nobis
2450 4138 2626 4192 verbis
2680 4146 2905 4208 possunt
2957 4135 3206 4206 exprimi,
3249 4151 3425 4205 neque
3465 4150 3496 4189 a
3548 4132 3682 4189 vobis
3711 4147 3787 4185 au-

2246 4229 2372 4297 diri,
2404 4228 2657 4300 quamdiu
2711 4228 2965 4285 fuerimus
3004 4229 3055 4282 in
3112 4228 3209 4281 hac
3254 4241 3418 4281 carne
3468 4234 3522 4281 et
3558 4226 3651 4280 vita
3676 4237 3786 4294 prat-

2248 4324 2403 4379 senti.
2455 4322 2743 4393 Legatione
2802 4337 2928 4393 ergo
3003 4320 3308 4392 fungimur:
3379 4319 3580 4375 honore
3636 4324 3782 4370 autem

2248 4416 2349 4472 frui
2375 4416 2642 4481 volumus,
2684 4429 2787 4469 non
2829 4424 3049 4484 propter
3084 4426 3205 4478 nos,
3238 4410 3412 4478 absit;
3454 4410 3644 4466 scimus
3666 4405 3782 4462 enim

2242 4521 2401 4579 quam
2432 4508 2502 4563 sit
2526 4506 2679 4571 vilis;
2718 4505 2814 4560 sed
2834 4513 3051 4575 propter
3080 4518 3195 4571 vos,
3237 4511 3297 4557 ut
3334 4518 3430 4558 vos
3452 4518 3567 4573 qua:
3593 4500 3779 4557 dicimus

2241 4604 2526 4674 diligenter
2551 4600 2780 4655 audiatis
2815 4616 2829 4653 :
2869 4607 2927 4653 ut
2954 4597 3235 4653 utilitatem
3264 4596 3536 4666 accipiatis
3560 4636 3575 4659 ,
3612 4604 3662 4647 ut
3693 4604 3776 4646 non

2239 4711 2362 4752 cum
2389 4693 2632 4750 socordia
2661 4700 2715 4749 et
2740 4690 3056 4762 negligentia
3084 4704 3146 4744 ea
3184 4704 3302 4760 qua:
3338 4687 3605 4753 dicuntur,
3637 4694 3777 4738 atten-

2239 4791 2400 4846 datis.
2441 4788 2557 4845 Non
2597 4786 2792 4842 videtis
2828 4784 3097 4856 quomodo
3137 4784 3340 4854 legatos
3376 4782 3555 4838 cuncti
3582 4780 3775 4834 circum-

2239 4891 2383 4938 stant
2407 4889 2462 4938 et
2481 4878 2810 4935 observant?
2840 4878 2947 4933 Nos
2972 4884 3148 4931 autem
3178 4875 3270 4930 Dei
3302 4873 3583 4944 legationis
3610 4881 3773 4925 tnunus

2234 4976 2447 5035 obimus
2484 4971 2625 5044 apud
2676 4969 2938 5026 homines.
2979 4968 3034 5022 Si
3084 4974 3263 5023 autem
3302 4966 3404 5021 hoc
3443 4964 3589 5020 vobis
3614 4962 3772 5017 durum

2234 5067 2483 5135 videtur;
2512 5081 2621 5121 non
2653 5080 2752 5120 nos
2780 5106 2796 5132 ,
2838 5063 2930 5119 sed
2973 5062 3086 5133 ipse
3126 5060 3510 5132 episcOpatus;
3550 5071 3645 5111 non
3691 5052 3772 5105 ists

2233 5173 2326 5218 aut
2357 5166 2462 5231 ille,
2498 5162 2590 5217 sed
2621 5174 2669 5228 ei
2692 5158 2931 5228 iscopus.
2961 5154 3131 5210 Nemo
3162 5169 3248 5206 me
3277 5151 3481 5217 audiat,
3509 5147 3598 5203 sed
3623 5140 3768 5214 digni-

2233 5266 2413 5315 tatem.
2449 5254 2638 5309 Omnia
2667 5266 2792 5320 ergo
2819 5249 3093 5312 faciamus,
3116 5256 3175 5301 ut
3204 5244 3314 5299 Deo
3344 5243 3540 5313 placet,
3568 5248 3621 5293 ut
3648 5236 3768 5288 viva-

2232 5368 2351 5407 mus
2374 5350 2438 5405 ad
2469 5348 2561 5404 Dei
2592 5345 2854 5418 gloriam,
2893 5350 2950 5397 et
2986 5339 3130 5411 digni
3168 5338 3463 5393 habeamur
3498 5330 3641 5418 bonis
3664 5337 3768 5396 pro-

2230 5443 2411 5500 missis
2446 5442 2512 5497 iis
2549 5416 2639 5513 qui
2680 5439 2854 5511 ipsum
2877 5434 3122 5505 diligunt,
3164 5430 3331 5504 gratia
3354 5437 3408 5484 et
3437 5416 3766 5495 benignitate.

2228 5552 2357 5607 c:c.,
2384 5548 2487 5593 etc.
