3898 6500
208 325 341 382 .323

228 440 409 510 λέγει·
448 440 670 509 Εἰρήνη
714 441 934 496 πᾶσιν·
971 446 1100 498 ὅταν
1126 446 1311 516 ὁμιλῇ,
1343 446 1567 516 Εἰρήνη
1595 443 1799 500 πᾶσιν·

226 524 360 577 ὅταν
388 525 604 594 εὐλογῇ,
638 525 863 594 Εἰρήνη
894 527 1084 581 πᾶσιν
1108 546 1122 559 ·
1167 530 1294 581 ὅταν
1334 528 1676 592 ἀσπάζεσθαι
1715 544 1805 579 κε-

226 606 382 681 λεύῃ.
403 608 629 676 Εἰρήνη
650 608 840 662 πᾶσιν
860 627 871 640 ·
899 612 1028 664 ὅταν
1057 613 1088 680 ἡ
1114 611 1273 664 θυσία
1301 611 1550 681 τελεσθῇ,
1583 609 1802 676 Εἰρήνη

225 692 404 747 πᾶσι.
444 693 554 746 Καὶ
591 693 793 764 μεταξὺ
848 696 1032 755 πάλιν,
1070 695 1249 762 Χάρις
1283 695 1426 763 ὑμῖν
1448 696 1542 747 καὶ
1570 693 1800 761 εἰρήνη.

211 775 359 838 Πῶς
387 771 482 829 οὖν
519 776 618 828 οὐκ
652 777 873 837 ἄτοπον,
909 779 956 830 εί
989 778 1316 840 τοσαυτάκις
1341 777 1628 842 ἀκούοντες
1655 778 1803 847 είρὴ-

216 876 326 928 ¹νην
386 858 550 929 ἔχειν,
616 860 1124 930 ἐκπεπολεμώμεθα
1186 861 1322 931 πρὸς
1375 861 1656 931 ἀλλήλους.
1709 860 1802 912 καὶ

207 940 616 1011 λαμϐάνοντες,
659 943 753 995 καὶ
784 944 1162 1007 ἀντιδιδόντες,
1193 945 1272 1014 τῷ
1305 944 1500 997 διδόντι
1529 944 1625 1013 τὴν
1657 943 1798 1013 είρή-

219 1041 326 1092 νην
373 1023 756 1094 πολεμοῦμενς
794 1027 1008 1092 Λέγεις,
1062 1028 1172 1080 Καὶ
1219 1027 1298 1091 τῷ
1322 1027 1622 1095 ,πνεύματί
1659 1041 1794 1088 σου,

215 1106 322 1160 καὶ
341 1107 659 1171 διαϐάλλεις
693 1110 856 1162 αὑτὸν
908 1111 1046 1177 ἕξως
1077 1112 1256 1181 Οίμοι,
1286 1112 1370 1164 ὅτι
1398 1111 1465 1164 τά
1493 1110 1662 1179 σεμνά
1701 1111 1796 1177 τῆς

231 1190 588 1261 Ἐκκλησίας,
671 1193 926 1262 σχήματα
972 1194 1166 1262 γέγονε
1221 1193 1562 1263 πραγμάτων
1615 1193 1794 1261 μόνον,

215 1271 340 1326 ἀλλ’
368 1274 472 1327 οὐκ
503 1272 732 1342 ἀλήθειά
764 1292 844 1338 τις
875 1292 888 1305 '
929 1277 1097 1346 οἴμοι,
1133 1278 1214 1330 ὅτι
1253 1276 1414 1346 μέχρι
1445 1274 1703 1347 ῥημάτων
1728 1273 1795 1326 τὰ

219 1355 472 1426 σύμϐολα
528 1357 678 1425 μένει
718 1357 812 1410 τοῦ
859 1359 1218 1426 στρατοπέδου
1266 1358 1475 1412 τούτου.
1509 1357 1671 1409 Ὅθεν
1702 1355 1796 1408 καὶ

218 1439 472 1507 ἀγνοεῖτε
491 1438 578 1492 διά
593 1438 646 1491 τί
667 1438 906 1507 λέγεται,
933 1440 1154 1508 Εἰρήνη
1173 1439 1382 1495 πᾶσιν.
1417 1439 1553 1492 Ἀλλ’
1571 1437 1795 1492 ἀκούετε

217 1523 334 1574 τῶν
361 1522 508 1589 ἑξῆς,
557 1522 609 1575 τί
657 1540 821 1592 φησιν
870 1525 897 1576 6
937 1522 1205 1592 Χριστὸς’
1247 1525 1328 1585 εἰς
1371 1523 1438 1593 ἢν
1468 1521 1514 1574 δ’
1547 1521 1611 1574 ἂν
1642 1520 1796 1572 πόλιν

215 1606 256 1676 ἦ
295 1605 486 1675 κώμην
525 1604 1278 1675 είσέλθητε,Είσερχόμει-οι
1312 1607 1398 1670 είς
1427 1604 1542 1670 τὴν
1575 1603 1791 1666 οἰκίαν,

217 1688 589 1744 ἀσπάσασθε
625 1687 850 1754 αὑτήνν
884 1689 978 1741 καί
1013 1689 1122 1740 ἐὰν
1145 1687 1264 1755 μὲν
1290 1682 1330 1758 ᾗ
1354 1689 1388 1754 ἡ
1433 1688 1590 1739 οἰκία
1631 1685 1792 1748 ἀξία.

217 1770 444 1824 ἐλθέτω
481 1771 520 1836 ἡ
568 1769 774 1839 εἰρήνη
800 1770 969 1838 ὑμῶν
1017 1771 1111 1823 ἐπ’
1149 1770 1376 1836 αὐτήν·
1405 1768 1608 1823 ἐὰν-δὲ
1641 1767 1726 1837 μὴ
1756 1763 1798 1838 ᾖ

216 1854 389 1916 ἀξίη,
409 1855 445 1921 η
468 1855 674 1921 εἰρήνη
692 1853 1020 1922 ἰιμῶνπρὸς
1041 1852 1194 1922 ὑμᾶς
1224 1851 1681 1920 ἁποστραφήτω.
1700 1851 1798 1904 Διά

212 1935 383 1987 τοῦτο
401 1935 498 1988 οὐκ
527 1936 701 2005 ἴσμεν,
735 1936 817 1988 ὅτι
850 1935 1016 1988 τύπον
1037 1935 1298 2006 ῥημάτων
1321 1935 1612 2004 νομίζομεν
1627 1932 1796 1986 ταῦτα

215 2012 386 2081 εἶναι,
415 2018 508 2070 καλ.
536 2018 596 2070 ού
621 2017 982 2088 συντιθέμεθα
1001 2017 1080 2088 τῷ
1111 2016 1206 2087 νῷ.
1226 2017 1318 2089 Μὴ
1349 2015 1581 2088 γάρέγὼ
1606 2015 1796 2085 δίδωμι

214 2099 324 2170 τὴν
347 2101 601 2170 είρὴνηνς
644 2100 703 2154 ’0
726 2101 957 2170 Χριστὸς
994 2100 1061 2154 δι’
1089 2100 1247 2171 ἡμῶν
1304 2098 1637 2169 φθέγγεσθαι
1670 2113 1799 2150 κατ-

211 2183 417 2248 αξιῶν.
450 2182 514 2236 El
547 2185 639 2237 καὶ
661 2184 752 2238 τὸν
783 2185 940 2238 ἄλλον
955 2185 1169 2238 ἅπαντα
1191 2184 1381 2255 χρόνον
1404 2181 1551 2235 κενοὶ
1573 2181 1670 2251 τῆς
1699 2179 1799 2250 χά-

217 2271 374 2339 ριτός
409 2268 595 2337 ἐσμεν,
622 2267 738 2320 ἀλλ’
768 2268 828 2320 ού
861 2267 958 2322 νῦν
1001 2268 1070 2321 δι’
1103 2268 1267 2337 ὑμᾶς.
1308 2267 1371 2320 Et
1413 2266 1523 2336 γάρ
1559 2267 1638 2328 είς
1676 2265 1796 2317 δνον

216 2352 496 2423 ἐνήργησε
529 2351 622 2404 καὶ
651 2354 731 2416 είς
770 2351 963 2422 μάντιν
1000 2352 1034 2422 ἡ
1060 2350 1152 2404 τοῦ
1180 2349 1315 2403 Θεοῦ
1353 2351 1533 2420 χάρις,
1562 2349 1628 2401 δι’
1653 2348 1796 2401 οἰκο-

213 2435 416 2506 νομίαν
448 2435 543 2488 καὶ
568 2435 666 2504 τὴν
695 2434 805 2488 τῶν
855 2434 1208 2504 Ἰσραηλιτῶν
1251 2433 1542 2502 ὠφέλειαν,
1575 2431 1795 2500 εῦδηλον

212 2519 306 2571 ὅτι
345 2517 466 2571 οὐδὲ
507 2519 587 2582 ειίς
633 2519 781 2589 ἡμᾶς
817 2519 1219 2590 παραιτήσεται
1253 2517 1515 2588 ἐνεργεῖν,
1562 2513 1677 2568 ἀλλ’
1703 2515 1796 2568 ἀν-

215 2602 407 2666 έξεται
436 2603 532 2655 καὶ
560 2601 719 2655 τοῦτό
748 2602 816 2655 δι’
841 2603 1018 2673 ἡμᾶς.

292 2691 356 2740 ε’.
386 2685 590 2756 Μηδεὶς
611 2685 791 2738 τοίνυν
815 2685 980 2748 είποι,
999 2685 1079 2738 ὅτι
1105 2681 1328 2752 εὐτελὴς
1354 2679 1464 2750 ἐγὼ
1494 2681 1589 2735 καὶ
1613 2697 1796 2733 ταπει-

215 2769 314 2832 νὸς
341 2769 436 2821 καὶ
453 2768 666 2830 οὐδενὸς
691 2767 840 2832 ἄξιος
864 2767 1044 2836 λόγου,
1063 2768 1156 2820 καὶ
1176 2764 1317 2818 οὕτω
1341 2783 1429 2836 μοι
1453 2764 1786 2835 προσεχέτω.

211 2851 353 2921 Εἰμὶ
394 2850 503 2922 γὰρ
534 2850 775 2915 τοιοῦτος
796 2867 810 2880 ·
847 2851 962 2904 ἀλλ’
991 2851 1078 2903 ἀεὶ
1115 2848 1235 2912 ἔθος
1265 2839 1342 2918 τῷ
1382 2847 1502 2917 Θεῷ
1547 2847 1635 2900 διὰ
1667 2847 1792 2909 τοὺς

212 2933 451 2995 πολλοὺς
472 2935 564 2986 καὶ
595 2936 706 2997 τοῖς
755 2935 1020 2993 τοιούτοις
1052 2931 1394 3000 ἐφίστασθαι.
1430 2930 1542 2982 Καὶ
1572 2929 1659 2981 ἵνα
1687 2929 1791 2998 μά·-

212 3018 374 3089 θητε,
421 3016 498 3087 τῷ
549 3015 700 3088 [549]
752 3017 890 3070 Κάῖν
923 3015 1230 3085 κατηξίωσε
1267 3014 1498 3084 λαλῆσαι
1569 3011 1659 3066 διὰ
1701 3011 1792 3064 τὸν

215 3102 413 3165 Ἅϐελ,
444 3101 522 3171 τῷ
545 3099 777 3170 διαϐόλῳ
811 3099 896 3152 διὰ
930 3099 1022 3152 τὸν
1065 3097 1205 3161 Ἰὼϐ,
1237 3096 1316 3168 τῷ
1355 3096 1553 3168 Φαραὼ
1579 3097 1668 3149 διὰ
1700 3097 1792 3148 τὸν

226 3185 452 3256 Ἰωσὴφ,
488 3183 567 3254 τῷ
596 3182 1062 3253 Ναϐουχοδονόσορ
1085 3179 1174 3233 διά
1197 3179 1289 3233 τὸν
1314 3179 1532 3252 Δανιὴλ,
1548 3179 1628 3249 τῷ
1655 3179 1790 3232 Βαλ-

210 3271 399 3340 τάσαρ
447 3267 535 3320 διὰ
583 3266 674 3318 τὸν
721 3265 902 3318 αὑτὸν.
952 3265 1061 3318 Καὶ
1104 3263 1270 3334 μάγοι
1299 3263 1354 3316 δὲ
1399 3261 1793 3332 ἀποκαλύψεως

211 3353 432 3423 ἔτυχον,
464 3351 563 3406 καὶ
602 3350 860 3418 Καϊάφας
893 3349 1265 3418 προεφήτευσε
1307 3347 1684 3416 χριστοκτὸνος
1718 3343 1792 3397 ὢν

211 3443 318 3496 καὶ
343 3440 580 3505 ἀνάξιος,
611 3438 698 3492 διά
726 3439 787 3491 τὸ
822 3440 921 3507 τῆς
954 3434 1254 3505 ἱερωσύνης
1288 3434 1522 3504 ἀξίωμα.
1560 3433 1792 3500 Λέγεται

211 3525 321 3580 καὶ
367 3522 580 3593 Ἀαρὼν
613 3521 700 3574 διά
728 3520 888 3574 τοῦτο
929 3519 1002 3590 μὴ
1041 3517 1412 3590 λεπρωθῆναι.
1452 3517 1550 3569 Διά
1577 3516 1630 3568 τί
1660 3516 1790 3583 γάρ,

213 3608 347 3662 εἰπέ
387 3624 498 3677 μοι,
532 3605 859 3675 ἀμφοτέρων
903 3601 1420 3673 καταλαλησάντων,
1450 3598 1632 3669 ἐκείνη
1657 3598 1792 3668 μόνη

212 3691 321 3762 τὴν
349 3690 504 3758 δίκην
531 3688 696 3740 ἔδωκε
717 3705 732 3754 ;
755 3688 848 3757 Μὴ
876 3686 1168 3756 θαυμάσῃς
1189 3700 1204 3713 ·
1240 3687 1288 3737 εί
1309 3683 1418 3754 γάρ
1437 3685 1494 3735 ἐν
1524 3683 1635 3744 τοῖς
1667 3681 1796 3744 ἔξω⁴

215 3776 316 3827 θεν
354 3769 653 3841 ἀξιώμασι,
687 3771 788 3824 κᾶν
817 3770 986 3842 μυρία
1017 3788 1100 3834 τις
1135 3769 1529 3840 κατηγορῆται,
1563 3765 1625 3818 ού
1663 3765 1794 3836 πρό-

213 3875 384 3929 τερον
414 3858 494 3918 είς
519 3855 872 3924 δικαστήριον
897 3855 1113 3921 ἄγεται,
1152 3853 1255 3915 ἓως
1290 3852 1355 3904 ἂν
1385 3850 1657 3918 ἀπόθηται
1694 3850 1794 3917 τὴν

215 3941 423 4012 ἀρχὴν,
463 3941 550 3992 ἵνα
614 3939 688 4010 μὴ
739 3938 834 3992 καὶ
875 3939 1056 4008 ἐκείνη
1101 3937 1216 4007 μετ’
1261 3934 1426 3990 αὐτοῦ
1467 3933 1789 4005 ὑϐρίζηται·

217 4024 408 4094 πολλῷ
435 4024 636 4093 μᾶλλον
680 4023 774 4075 ἐπὶ
816 4022 918 4092 τῆς
948 4021 1121 4091 ἀρχῆς
1159 4021 1255 4090 τῆς
1291 4018 1664 4087 πνευματικῆς
1691 4017 1793 4069 κᾶν

212 4109 477 4162 ὁστισοῦν
503 4103 554 4181 ᾗ,
594 4108 808 4177 ἐνεργεῖ
841 4107 874 4175 ἡ
907 4104 1002 4158 τοῦ
1037 4102 1171 4156 Θεοῦ
1220 4103 1380 4174 χάρις
1406 4119 1418 4132 ·
1457 4101 1579 4153 ἐπεὶ
1617 4101 1793 4154 πάντα

213 4195 293 4247 ἂν
320 4205 346 4232 ι
376 4190 684 4244 ἀπόλωλεν*
717 4191 847 4242 ὅταν
907 4189 962 4241 δὲ
1000 4185 1169 4257 αὐτὴν
1203 4185 1496 4256 ἀπόθηται,
1534 4184 1643 4237 εἴτε
1684 4184 1788 4236 ἀπ-

215 4273 426 4337 ελθὼν,
455 4272 565 4325 είτε
597 4273 691 4325 καὶ
716 4270 968 4336 ἐνταῦθα,
1001 4270 1120 4324 τότε
1151 4269 1238 4340 δὴ,
1265 4269 1384 4322 τότε
1401 4267 1792 4338 χαλεπωτέραν

214 4357 388 4411 δώσει
413 4357 512 4424 τὴν
540 4355 715 4426 δίκην.
755 4356 848 4426 Μὴ
872 4355 936 4425 δὴ
967 4353 1217 4424 νομίζετε
1262 4353 1391 4423 παρ’
1417 4353 1574 4422 ἡμῶν
1620 4350 1792 4404 ταῦτα

213 4439 513 4509 λέγεσθαι’
548 4440 583 4509 ἡ
606 4439 698 4492 τοῦ
724 4439 859 4492 Θεοῦ
898 4438 1058 4509 χάρις
1089 4436 1242 4489 ἐστὶν
1272 4439 1304 4507 ἡ
1335 4436 1430 4489 καὶ
1463 4435 1544 4498 είς
1575 4434 1792 4498 ἀνάξιον

222 4523 557 4595 ὲνεργοῦσα,
581 4523 640 4575 οὐ
663 4521 730 4575 δι’
752 4523 921 4592 ἡμᾶς,
947 4521 1081 4574 ἀλλά
1095 4520 1161 4574 δι’
1190 4520 1354 4589 ὑμᾶς.
1392 4513 1686 4572 ’Δκόύσατε
1701 4512 1794 4569 οὖν

211 4609 271 4661 τί
307 4608 518 4678 φησινό
543 4605 796 4677 Χριστός·
833 4599 1023 4676 Ἐὰνῇ
1054 4606 1090 4672 τ’]
1115 4604 1273 4659 οἰκία
1301 4603 1463 4668 ἀξία,
1506 4599 1724 4655 ἐλθέτω
1754 4599 1792 4667 τι

276 4787 305 4816 ⁸
329 4782 416 4834 Sic
437 4783 753 4835 Colberli..us
778 4796 904 4832 unus
931 4788 1086 4832 recte.
1130 4781 1182 4830 In
1206 4778 1353 4830 editis
1373 4780 1429 4828 ἄν
1447 4779 1608 4828 deest.

1141 331 1205 384 IN
1248 331 1467 387 EPIST.
1509 330 1599 385 A‘D
1627 328 1914 387 CCL’OSS.
1941 330 2099 389 CAP.
2139 331 2184 389 Ι.
2218 332 2460 394 νιιοιιιι..
2492 335 2580 392 111.

3369 351 3480 412 324

1907 444 2116 528 εἰρήνη
2146 447 2302 517 ὑμῶν
2328 449 2420 502 ἐπ’
2447 451 2660 517 αὑτήν.
2694 451 2816 517 Πῶς
2833 453 2890 507 δὲ
2913 454 3036 522 ἀξία
3074 457 3320 528 γίνεται;
3351 464 3480 519 Ἐὰν

1905 527 2158 616 δέξωνται
2189 531 2351 616 ύμᾶς,
2387 535 2571 601 φησίν.
2619 536 2759 589 Ἐὰν
2787 537 2855 591 δὲ
2879 541 2966 608 μὴ
2989 540 3271 606 δέξωνται
3299 527 3478 616 ὑμᾶς,

1899 609 2054 699 μηδὲ
2073 612 2378 699 ἀκούσωσι
2407 618 2516 666 τὸν
2535 617 2720 686 λόγον
2739 620 2923 686 ὑμῶν,
2958 623 3121 691 ἀμὴν
3140 629 3294 695 λέγω

1905 693 2295 779 ἀνεκτότερον
2323 696 2492 750 ἔσται
2513 699 2591 766 γῇ
2621 702 2900 771 Σοδόμων
2926 707 3025 760 καὶ
3057 693 3369 779 Γομόῤῥαξι
3408 693 3478 773 ἐί-

1904 775 2094 862 ημέρμ
2123 779 2396 862 κρίσεως,
2422 780 2460 848 ἣ
2501 779 2576 846 τῇ
2603 784 2776 836 πόλει
2802 786 3027 856 ἐκείνῃ.
3058 791 3124 843 Τί
3141 775 3475 862 οὖν-ὄφελοκ

1901 859 1982 950 δτι
2015 859 2235 950 δέχεσθε
2275 863 2442 950 ἡμᾶς,
2491 866 2717 950 καὶ-οῦκ
2747 868 2972 923 ἀκούετε
3015 873 3123 926 τῶν
3155 877 3284 948 παρ’
3304 859 3478 950 ἡμῶν
3585 937 3588 940 ,

1901 940 2239 1012 λεγομένων;
2289 946 2340 996 τί
2391 945 2450 997 τὸ
2493 947 2698 1017 κέρδος,
2751 950 2832 1003 ὅτι
2885 940 3371 1023 θεραπεύετε,καῖ
3413 962 3476 1014 οὐ

1901 1027 2202 1114 προσέχετε
2232 1030 2343 1114 τοῖς
2373 1027 2688 1114 λεγομένοις
2726 1032 2892 1101 ὑμῖν;
2941 1036 3153 1110 Ἐκείνη
3184 1041 3302 1093 ἐστὶ
3341 1043 3476 1114 τιμὴ

1901 1107 2053 1193 ἡμῖν,
2086 1108 2268 1179 ἐκείνη
2301 1109 2566 1179 θεραπεία
2610 1112 2918 1187 θαυμαστὴ,
2957 1120 2985 1187 ἡ
3017 1121 3110 1173 καὶ
3142 1107 3290 1192 ύμᾶς
3331 1107 3476 1193 (Exi-as;

1899 1189 2064 1243 λοῦσα
2083 1193 2172 1244 καὶ
2195 1193 2363 1262 ἡμᾶς,
2387 1194 2482 1247 ἐὰν
2500 1196 2532 1265 ἠ
2542 1196 2657 1264 μῶν
2677 1198 2934 1268 ἀκούητε.
2979 1189 3233 1257 Ἀκούετε
3260 1207 3354 1260 καὶ
3378 1189 3475 1260 τοῦ

1897 1272 2112 1356 ῌαύλου
2132 1273 2400 1341 λέγοντος,
2428 1279 2548 1330 Οὐκ
2576 1278 2764 1347 ᾔδειν,
2796 1281 3034 1351 ἀδελφοὶ,
3053 1285 3141 1339 ὅτι
3167 1287 3476 1356 ἀρχιερεύς

1898 1354 2089 1408 ἐστιν.
2121 1355 2320 1410 ’Δκουε
2350 1364 2444 1412 καὶ
2468 1359 2562 1412 τοῦ
2581 1363 2819 1432 Χριστοῦ
2844 1365 3116 1433 λέγοντος,
3141 1354 3344 1423 Πάήά
3358 1370 3476 1423 ὅσα

1897 1435 1974 1488 ἂν
2009 1437 2269 1506 ,κένωσιν
2293 1441 2432 1508 ὑμῖν
2460 1444 2679 1510 τηρεῖν,
2711 1448 2938 1514 τηρεῖτε
2962 1449 3060 1503 καὶ
3088 1452 3324 1506 ποιεῖτε.
3361 1454 3476 1506 Οὐκ

1898 1517 2032 1587 ἐμοῦ
2059 1526 2442 1605 καταφρονεῖς,
2466 1525 2601 1578 ἀλλά
2626 1527 2726 1596 τῆς
2748 1530 3048 1600 ἱερωσύνης
3067 1548 3081 1561 ·
3112 1533 3181 1597 ἂν
3211 1534 3327 1605 ίδῃς
3346 1537 3474 1589 tad—

1897 1617 1996 1670 της
2025 1602 2251 1672 γυμνὸν,
2287 1604 2407 1657 τότε
2443 1609 2798 1677 καταφρόνει,
2833 1613 2954 1666 τότε
2989 1613 3109 1667 οὐδὲ
3136 1614 3246 1683 ἐγὼ
3268 1602 3472 1687 *ἀνέχο-

1902 1702 2000 1754 μαι
2037 1687 2367 1742 ἐπιτάττειν.
2409 1692 2553 1754 Ἕως
2601 1693 2644 1746 δ’
2681 1695 2747 1747 ἂν
2788 1697 2881 1748 ἐπὶ
2926 1697 3020 1751 τοῦ
3053 1698 3244 1769 θρόνου
3281 1701 3473 1755 τούτου

1897 1769 2207 1854 καθήμεθα,
2235 1771 2340 1836 ἕως
2365 1773 2430 1826 ἂν
2459 1774 2558 1845 τὴν
2584 1777 2878 1848 προεδρίαν
2902 1779 3134 1851 ἔχωμεν,
3153 1781 3360 1854 ,ἔχομεν
3379 1785 3474 1839 καὶ

1895 1853 1991 1922 τὴν
2029 1853 2187 1918 ἀξίαν
2216 1855 2311 1936 καὶ
2343 1857 2444 1928 τὴν
2477 1860 2648 1928 ίσχὺν,
2685 1862 2732 1913 εί
2766 1863 2859 1914 καὶ
2889 1864 3098 1928 ἀνάξιοί
3129 1869 3317 1936 ἐσμεν.
3352 1867 3416 1920 El
3445 1870 3475 1921 6

1896 1936 2174 1999 Μωῦσέως
2205 1935 2395 2008 θρόνος
2425 1939 2600 2004 οὕτως
2629 1938 2696 2014 ἦν
2743 1944 3043 2015 αἰδέσιμος,
3073 1947 3148 2011 ὡς
3173 1935 3240 2001 δι’
3264 1949 3474 2004 ἐκεῖνον

1895 2017 2210 2103 ἀκούεσθαι,
2262 2020 2443 2093 πολλῷ
2494 2023 2694 2094 μᾶλλον
2743 2029 2772 2080 6
2824 2027 2919 2080 τοῦ
2968 2030 3207 2100 Χριστοῦ
3260 2031 3469 2103 θρόνος.

1910 2101 2148 2185 Ἐκεῖνον
2168 2104 2330 2174 ἡμεῖς
2347 2105 2700 2176 διεδεξάμεθα
2721 2126 2735 2140 “
2761 2109 2870 2163 ἀπὸ
2889 2111 3080 2166 τούτου
3099 2101 3471 2185 φθεγγόμεθα,

1894 2184 1988 2254 ἀφ’
2025 2179 2084 2238 οὗ
2116 2187 2210 2238 καὶ
2241 2188 2270 2240 ό
2306 2188 2543 2258 Χριστὸς
2571 2190 2723 2243 ἔθετο
2769 2194 2827 2246 ἐν
2873 2195 3008 2263 ἡμῖν
3047 2179 3148 2267 τὴν
3191 2179 3473 2250 διακονίαν

1893 2269 1993 2338 τῆς
2033 2270 2403 2341 καταλλαγῆς.
2441 2266 2502 2325 Οἱ
2555 2275 2832 2345 πρέσϐεις,
2867 2272 3076 2349 οἷοίπερ
3107 2266 3190 2332 δᾶν
3223 2273 3348 2345 ὦσι,
3381 2280 3471 2334 διά

1893 2351 1955 2405 τὸ
1999 2353 2096 2422 τῆς
2124 2354 2417 2424 πρεσϐείας
2464 2355 2677 2427 ἀξίωμα
2733 2359 2935 2429 πολλῆς
2992 2361 3326 2414 ἀπολαύουσι
3363 2363 3468 2431 τῆς

1893 2436 2074 2506 τιμῆς.
2104 2437 2245 2508 Ὅρα
2273 2437 2382 2507 γάρ
2403 2455 2416 2469 ·
2440 2441 2520 2502 είς
2560 2440 2731 2509 μέσην
2767 2440 3058 2513 βαρϐάρων
3080 2443 3331 2514 ἔρχονται
3368 2445 3470 2515 τὴν

1893 2521 1997 2589 γῆν
2033 2520 2204 2588 μόνοι,
2236 2521 2438 2590 μεταξὺ
2473 2522 2745 2576 τοσούτων
2803 2525 3076 2595 πολεμίων
3103 2544 3118 2558 ο
3144 2529 3238 2581 καὶ
3281 2528 3470 2597 ἐπειδὴ

1897 2603 2112 2672 μεγάλα
2172 2604 2201 2654 ό
2256 2603 2358 2672 τῆς
2415 2605 2712 2675 πρεσϐείας
2772 2607 2945 2676 ἰσχύει
3013 2609 3209 2678 νόμος,
3267 2611 3472 2674 πάντες
3520 2625 3527 2631 ·

1893 2685 2093 2749 αὐτοὺς
2149 2687 2385 2756 τιμῶσι,
2442 2689 2642 2751 πάντες
2694 2691 2773 2751 εἰς
2829 2691 3028 2754 αὐτοὺς
3077 2693 3469 2757 ἀποϐλέπουσι,

1892 2770 2093 2834 πάντες
2154 2770 2292 2840 μετὰ
2350 2772 2653 2842 ἀσφαλείας
2713 2774 3085 2845 ἐκπέμπουσι.
3140 2779 3251 2830 Καὶ
3310 2779 3473 2849 ἡμεῖς

1891 2853 2075 2906 τοίνυν
2123 2854 2422 2923 πρεσϐείας
2474 2854 2848 2927 ἀνεδεξάμεθα
2901 2857 3080 2927 λόγον,
3134 2861 3227 2913 καὶ
3263 2862 3474 2932 ἥκομεν

1895 2937 2045 3008 παρὰ
2085 2937 2180 2990 τοῦ
2227 2938 2364 2991 Θεοῦ
2391 2955 2405 2970 ’
2430 2938 2590 2992 τοῦτο
2623 2940 2732 3011 γάρ
2772 2943 2891 2994 ἐστι
2919 2941 2982 2994 τὸ
3017 2945 3117 3014 τῆς
3165 2945 3473 3013 ἐπισκοπῆς

1893 3020 2127 3090 ἀξίωμα.
2148 3021 2394 3088 ’Ήκομεν
2426 3021 2561 3092 πρὸς
2589 3023 2732 3092 ὑμᾶς
2757 3024 3175 3094 πρεσϐεύοντες,
3195 3024 3474 3090 ἀξιοῦντες

1893 3103 2196 3158 καταλῦσαι
2223 3103 2372 3175 [550]
2400 3104 2492 3157 τὸν
2514 3105 2772 3176 πόλεμον,
2797 3109 2890 3161 καὶ
2913 3107 3144 3178 λέγομεν
3171 3110 3264 3161 ἐπὶ
3286 3109 3429 3162 τίσιν
3454 3123 3470 3138 ⁶

1892 3187 1954 3239 ού
1987 3186 2172 3249 πόλεις
2210 3187 2667 3257 ἐπαγγελλόμενοι
2699 3188 2916 3254 δώσειν,
2950 3189 3072 3244 οὐδὲ
3114 3190 3264 3244 σίτου
3297 3191 3472 3263 μέτρα

1891 3268 2022 3320 τόσα
2060 3270 2156 3322 καὶ
2184 3269 2338 3333 τόσα,
2367 3270 2489 3323 οὐδὲ
2535 3271 2861 3341 ἀνδράποδα,
2889 3273 3011 3326 οὐδὲ
3057 3273 3302 3344 χρυσίον,
3333 3274 3473 3328 ἀλλά

1895 3353 2170 3424 βασιλείαν
2219 3354 2501 3425 οὐρανῶν,
2545 3355 2693 3426 ζωὴν
2749 3357 2988 3422 αἰώνιον,
3030 3359 3321 3412 συνουσίαν
3373 3358 3472 3427 τὴν

1896 3437 2035 3507 μετά
2069 3437 2327 3508 Χριστοῦ,
2357 3438 2426 3490 τὰ
2458 3437 2593 3490 ἀλλα
2632 3439 2832 3507 ἀγαθά,
2861 3439 2896 3494 ἃ
2930 3441 3064 3511 μήτε
3095 3441 3268 3494 εἰπεῖν
3308 3440 3469 3495 δυνα-

1892 3520 1983 3573 τὸν
2032 3522 2186 3589 ἡμῖν,
2226 3523 2362 3592 μήτε
2407 3522 2535 3590 ὑμῖν
2587 3522 2840 3588 ἀκοῦσαι,
2869 3523 2974 3586 ἕως
3012 3523 3078 3576 ἂν
3115 3523 3172 3575 ὲν
3209 3526 3274 3594 τῇ
3306 3525 3471 3594 σαρκὶ

1891 3602 2065 3675 ταύτῃ
2121 3597 2272 3672 ὦμεν
2327 3603 2422 3656 καὶ
2472 3603 2550 3672 τῷ
2611 3604 2842 3675 παρόντι
2906 3605 3024 3678 βίῳ.
3086 3605 3471 3676 Πρεσϐεύομεν

1892 3687 2071 3740 τοίνυν
2096 3702 2110 3716 ο
2141 3685 2432 3758 ἀπολαύειν
2455 3687 2513 3739 δὲ
2545 3686 2849 3756 βουλόμεθα
2876 3689 3042 3756 τιμῆς
3071 3704 3084 3716 ·
3112 3689 3175 3741 ού
3202 3688 3268 3740 δι’
3298 3691 3466 3759 ἡμᾶς,

1896 3770 1971 3839 μὴ
2002 3768 2210 3836 γένοιτο
2245 3784 2258 3798 ⁸
2286 3770 2445 3838 ἴσμεν
2482 3770 2592 3840 γὰρ
2626 3771 2794 3839 αὐτῆς
2833 3770 2892 3822 τὸ
2925 3771 3140 3834 εὐτελές
3174 3784 3190 3800 ’
3228 3770 3364 3825 ἀλλὰ
3399 3772 3469 3824 δι’

1893 3853 2057 3921 ὑμᾶς,
2081 3852 2168 3905 ἵνα
2184 3852 2342 3921 ὑμεῖς
2368 3852 2505 3920 μετά
2523 3853 2758 3920 σπουδῆς
2779 3851 2846 3905 τά
2871 3853 3000 3923 παρ’
3024 3853 3184 3923 ἡμῶν
3207 3854 3466 3924 ἀκούητε,

1896 3937 1980 3990 ἵνα
2009 3937 2166 4005 ὑμεῖς
2193 3934 2498 4004 ὠφελῆσθε,
2525 3934 2610 3988 ἵνα
2636 3936 2710 4005 μὴ
2737 3935 2874 4004 μετά
2900 3935 3174 4006 ῥᾳθυμίας
3203 3935 3234 4006 ἢ
3262 3937 3469 4007 ἀπροσ-

1894 4016 2040 4083 εξίας
2085 4018 2387 4088 προσέχητε
2439 4019 2550 4080 τοῖς
2587 4017 2920 4088 λεγομένοις.
2956 4017 3067 4089 Οὐχ
3117 4020 3279 4091 ὁρᾶτε
3339 4020 3468 4084 τοὺς

1895 4102 2154 4172 πρέσϐεις
2193 4100 2306 4162 πῶς
2359 4100 2560 4162 πάντες
2595 4101 2793 4162 αὐτοὺς
2845 4099 3230 4169 περιέπουσιν;
3273 4103 3468 4172 Ἡμεῖς

1897 4185 2030 4238 Θεοῦ
2062 4185 2319 4254 πρέσϐεις
2349 4182 2514 4252 ἐσμὲν
2542 4183 2674 4253 πρὸς
2703 4181 3046 4250 ἀνθρώπους.
3074 4182 3208 4236 Εἰδέ
3236 4185 3469 4254 πρόσαν-

1896 4288 1986 4334 τες
2015 4271 2142 4339 ύμῖν
2173 4267 2347 4331 τοῦτο,
2377 4268 2475 4336 οὐχ
2499 4269 2680 4336 ἡμεῖς,
2713 4264 2830 4319 ἀλλ’
2853 4265 2993 4338 αῦτη
3056 4268 3090 4337 ἡ
3128 4267 3409 4338 ἐπισκοπὴ
3447 4283 3459 4296 θ

1896 4354 2015 4423 οὐχὶ
2039 4355 2066 4405 6
2095 4352 2260 4414 δεῖνα,
2276 4350 2388 4403 ἀλλ’
2407 4351 2434 4402 6
2462 4351 2775 4405 ἐπίσκοπος.
2793 4348 2999 4418 Μηδεὶς
3034 4348 3168 4419 ἐμοῦ
3195 4350 3461 4414 ἀκουέτω,

1895 4436 2032 4491 ἀλλά
2075 4433 2168 4486 τοῦ
2196 4432 2524 4503 ἀξιώματος.
2556 4432 2741 4484 Πάντα
2779 4429 2958 4483 τοίνυν
3016 4428 3262 4499 ποιῶμεν
3321 4433 3465 4484 κατά

1895 4519 1955 4573 τὸ
1998 4517 2076 4587 τῷ
2129 4515 2248 4585 Θεῷ
2297 4511 2505 4577 δοκοῦν,
2541 4514 2628 4566 ἴνα
2677 4514 2756 4572 είς
2813 4511 2970 4576 δόξαν
3007 4511 3142 4565 Θεοῦ
3186 4513 3462 4584 ζήσωμεν,

1896 4602 1994 4656 καὶ
2045 4597 2467 4668 καταξιωθῶμεν
2493 4597 2604 4649 τῶν
2632 4593 3056 4665 ἐπηγγελμένων
3107 4595 3324 4664 ἀγαθῶν
3352 4598 3466 4659 τοῖς

1896 4684 2182 4754 ἀγαπῶσιν
2221 4682 2404 4749 αὐτὸν,
2462 4681 2645 4752 χάριτι
2675 4678 2770 4736 καὶ
2826 4677 3221 4751 φιλανθρωπίᾳ,
3262 4679 3359 4732 καὶ
3395 4679 3466 4734 τὰ

1898 4771 2042 4841 ἑξῆς.
