4032 6510
1207 380 1271 435 111
1306 377 1525 434 ‘EPIST.
1565 375 1655 429 AD
1688 368 1965 426 COLOSS.
2003 358 2156 424 CAP.
2192 370 2240 423 ‘l.
2278 367 2501 424 1101111..
2539 366 2625 420 IV.

3217 535 3519 546 ___._————-—

2828 544 2839 547 -
2862 538 3209 552 νμφγηα-σο

1674 606 2018 668 HOMILIA
2061 604 2167 664 ιν.

280 765 424 823 Cu.
454 765 515 819 ‘l.
552 774 610 817 ν.
645 760 736 816 2|.
768 758 838 813 Et
866 770 963 813 “nos
992 772 1104 812 cum
1139 759 1308 811 essetis
1348 750 1620 819 aliquando
1655 750 1861 804 alienati

357 866 413 910 et
446 852 639 908 inimici
672 866 827 906 sensu
854 850 906 903 in
942 848 1174 915 operibus
1209 841 1375 905 malis,
1419 842 1510 895 22.
1543 857 1675 894 nunc
1701 848 1867 893 autem

344 945 705 1003 ’reconciliasit
734 944 786 996 in
810 956 1018 1011 corpore
1042 936 1206 990 carnis
1224 935 1332 1002 ejus
1352 948 1442 1003 per
1465 940 1693 996 mortem,
1720 932 1868 984 exhi-

358 1039 479 1093 bere
506 1052 592 1090 sos
623 1047 823 1089 sanctos
861 1042 910 1086 et
943 1026 1293 1082 inmaculatos
1333 1034 1382 1078 et
1408 1022 1867 1093 irrepreltensibile‘s

358 1141 537 1185 sarum
557 1140 686 1185 σου.

358 1144 537 1185 eoram
557 1144 686 1200 ipso.

354 1226 421 1278 ’1.
464 1224 565 1278 Hic
608 1218 861 1284 deinceps
900 1210 1156 1277 ostendit,
1178 1208 1323 1280 quod
1348 1208 1509 1265 etiam
1536 1216 1660 1262 eum
1680 1209 1868 1262 essent

272 1314 495 1383 indigni
518 1307 970 1370 reconciliatione,
993 1317 1088 1359 eos
1104 1301 1490 1358 reconciliavit.
1512 1300 1702 1354 Dicere
1722 1300 1867 1354 enim

280 1404 432 1477 quod
476 1410 659 1457 essent
688 1401 797 1453 ‘sub
824 1404 1083 1468 potestate
1111 1393 1474 1457 tenebrarum,
1506 1389 1741 1444 ostendit
1765 1404 1866 1442 'cah

284 1497 580 1552 lnmitatem
623 1493 674 1546 in
708 1500 818 1562 qua
844 1496 1016 1544 erant.
1044 1486 1152 1543 Sed
1181 1500 1268 1549 ne,
1288 1497 1419 1538 cum
1449 1482 1681 1549 audieris
1704 1490 1866 1550 pote-

279 1599 484 1644 statem
520 1584 873 1640 tenebrarum
901 1620 916 1645 ,
969 1578 1242 1635 existimes
1280 1588 1410 1630 esse
1449 1573 1826 1628 necessitatem
1849 1611 1864 1634 ,

274 1678 569 1747 subjunxit
602 1694 615 1731 :
650 1674 712 1727 Et
750 1689 840 1727 eos
876 1686 988 1725 cum
1029 1671 1197 1724 essetis
1232 1666 1461 1720 alienati.
1510 1664 1865 1731 ua’mobrem

275 1770 501 1824 videtur
523 1766 736 1837 quidem
778 1763 917 1817 idem
957 1761 1156 1821 dicere.
1200 1772 1304 1811 non
1345 1764 1428 1810 est
1470 1762 1647 1809 autem
1680 1753 1818 1808 idem
1851 1775 1865 1808 :

284 1875 399 1915 non
428 1868 549 1914 sunt
592 1858 734 1911 enim
767 1854 934 1923 paria,
979 1866 1099 1904 eum
1149 1849 1237 1918 qui
1282 1862 1349 1902 ex
1389 1847 1705 1901 necessitate
1746 1858 1871 1914 001·-

278 1961 482 2022 pessus
503 1956 605 2011 est,
634 1956 689 2000 et
716 1960 836 1999 eum
863 1942 951 2012 qui
982 1955 1077 1994 sua
1106 1946 1297 2007 Sponte
1337 1946 1393 1991 et
1434 1935 1869 2003 volensestpas-

280 2057 381 2099 sus
405 2082 419 2103 ,
458 2055 490 2093 11
522 2037 688 2095 malis
727 2035 1001 2091 liberasse.
1031 2030 1161 2086 Nam
1206 2029 1295 2084 ille
1324 2028 1535 2099 quidem
1562 2027 1753 2097 dignus
1786 2036 1867 2080 est

286 2130 697 2193 misericordia;
729 2128 817 2181 hic
841 2134 1019 2180 autem
1063 2123 1252 2193 dignus
1283 2131 1371 2173 est
1398 2120 1485 2188 qtti
1516 2119 1641 2173 odio
1669 2118 1866 2172 habea-

282 2235 397 2279 tur.
425 2223 532 2279 Sed
556 2232 742 2275 tamen
769 2232 886 2282 vos,
925 2216 1114 2286 ittquit,
1160 2229 1265 2267 non
1299 2214 1515 2276 invitos,
1548 2228 1647 2267 nec
1679 2226 1866 2266 neces-

280 2320 447 2372 sitate
468 2314 802 2385 compulsos,
834 2310 929 2366 sed
969 2310 1211 2363 labentes
1236 2318 1294 2361 et
1328 2305 1622 2360 voluntarie
1658 2306 1726 2360 ab
1754 2306 1868 2374 ipso

280 2411 749 2475 resilientes,'cum
771 2404 959 2461 essetis
982 2399 1203 2470 indigni,
1233 2399 1497 2453 liberavit.
1524 2398 1865 2468 Ettquoniam

281 2502 537 2557 meminit
561 2512 745 2556 eorum
773 2509 902 2565 qum
930 2502 1055 2548 sunt
1090 2494 1148 2546 in
1188 2492 1362 2557 czclis,
1411 2490 1643 2544 ostendit
1679 2503 1868 2545 clunes

281 2594 597 2649 inimicitias
624 2589 769 2653 hinc,
796 2602 902 2641 non
930 2585 1078 2639 illinc
1107 2580 1333 2638 duxisse
1363 2582 1592 2636 initium.
1620 2580 1753 2635 Nam
1793 2580 1866 2634 illi

279 2688 391 2758 jam
423 2684 552 2738 olim
578 2680 847 2745 volebant,
871 2687 926 2733 et
952 2678 1092 2731 Deus
1120 2676 1324 2737 voluit;
1356 2691 1452 2728 vos
1474 2684 1659 2729 fantem
1688 2674 1867 2729 nolui-

279 2778 404 2831 stis.
442 2776 509 2829 Et
532 2772 752 2828 omnino
775 2768 1011 2825 ostendit
1032 2768 1174 2835 'l'dre,
1210 2778 1266 2822 nt
1290 2768 1343 2820 in
1374 2767 1869 2822 inlerio‘ribus‘tem-

282 2868 510 2937 poribus
542 2864 680 2919 mihi!
703 2870 935 2932 possent
961 2862 1154 2931 angeli,
1198 2861 1242 2915 si
1266 2859 1597 2914 mansissent
1616 2858 1823 2914 ἱ1111111101
1840 2866 1864 2924 ξς

282 2970 340 3015 ct
369 2972 545 3028 neque
591 2965 809 3026 possent
838 2954 1179 3025 persuadere,
1213 2962 1385 3023 neque
1404 2960 1697 3022 persuasus
1731 2951 1866 3006 libe-

284 3066 410 3107 rare
424 3064 463 3104 a
486 3049 723 3105 diabolo.
756 3047 949 3116 ‘Nequc
968 3046 1118 3101 enim
1160 3045 1489 3115 per‘suasisSe
1517 3043 1718 3114 aliquid
1745 3053 1868 3113 pro~

287 3146 498 3211 fuisset,
544 3145 591 3198 si
630 3144 722 3213 qui
750 3140 1035 3197 detinebat
1061 3155 1170 3193 non
1218 3137 1405 3192 fuisset
1426 3137 1654 3207 ligatus;
1698 3142 1869 3205 neque

287 3251 414 3291 esse
441 3234 660 3304 ligatum
700 3232 898 3300 aliquid
931 3228 1218 3299 profuisset
1240 3268 1254 3292 ,
1302 3228 1348 3282 si
1381 3226 1865 3296 quidetinebantnr

289 3329 503 3383 nollent
531 3327 726 3382 redire.
745 3322 864 3379 Sed
890 3332 1173 3391 utrumque
1200 3318 1507 3389 Oportebat,
1539 3329 1764 3389 quorum
1791 3316 1868 3370 illi

287 3420 505 3489 quidem
536 3416 689 3477 nihil,
719 3414 965 3469 Christus
999 3424 1173 3466 autem
1203 3410 1326 3465 fecit
1357 3420 1658 3478 utrumque.
1686 3409 1870 3477 Itaque

289 3510 586 3567 mirabilius
606 3515 733 3562 terat
770 3504 1134 3575 persuadere,
1177 3516 1337 3575 quam
1380 3510 1604 3555 mortem
1635 3499 1867 3555 solvere.

289 3601 581 3661 Namillud
618 3598 830 3670 quidem
874 3606 1048 3651 totum
1094 3605 1223 3650 erat
1270 3596 1321 3648 in
1367 3593 1481 3663 ejus
1522 3593 1686 3646 solius
1716 3601 1868 3660 pote-

288 3693 596 3758 Stategihoc
621 3700 795 3744 autem
842 3705 948 3742 non
995 3688 1048 3741 in
1086 3687 1203 3755 ejus
1242 3686 1405 3739 solius
1451 3692 1734 3753 potestate,
1770 3680 1870 3735 sed

290 3788 458 3842 etiam
484 3791 603 3837 erat
628 3784 677 3836 in
707 3789 887 3836 nostra
920 3797 933 3832 :
965 3778 1171 3832 facilius
1197 3788 1372 3831 autem
1390 3775 1650 3830 ellicitnus
1666 3789 1725 3827 ea
1751 3788 1871 3841 quae

290 3877 506 3935 Snntiin
551 3883 731 3929 nostra
777 3882 1060 3943 potestate.
1107 3872 1243 3940 Ergo
1289 3878 1555 3938 tamquam
1599 3867 1785 3937 majus,
1820 3866 1871 3919 id

292 3971 446 4042 ponit
468 3970 759 4039 posterius.
821 3966 1003 4035 Neque
1043 3964 1215 4018 solum
1242 3963 1390 4027 dixit,
1419 3960 1544 4017 Cum
1573 3961 1871 4014 1111111101ος-

289 4063 428 4124 setis,
447 4059 555 4114 sed
580 4058 765 4123 etiam,
797 4056 1058 4109 Alienati:
1086 4051 1227 4123 quod
1259 4062 1503 4122 magnam
1534 4050 1748 4121 praefert
1773 4050 1873 4104 ini-

289 4150 553 4206 micitiam
579 4164 592 4199 :
622 4156 800 4216 neque
839 4146 1011 4199 solum
1050 4142 1297 4207 alienati,
1339 4140 1434 4197 sed
1466 4148 1642 4211 neque
1667 4154 1874 4209 exspe-

289 4250 507 4298 ctantes
536 4239 751 4293 reverti.
786 4236 855 4291 Et
886 4236 1133 4290 inimicos
1160 4233 1289 4288 dicit
1322 4248 1485 4287 sensu
1527 4248 1621 4288 seu
1656 4233 1870 4297 animo;

290 4336 420 4389 hinc
448 4332 729 4386 declarans
752 4343 939 4384 eorum
975 4326 1348 4382 alienationem
1381 4340 1484 4380 non
1515 4326 1570 4380 in
1594 4327 1874 4397 proposito

292 4434 503 4479 tantum
530 4422 772 4486 stetisse;
810 4419 907 4474 sed
932 4416 1102 4488 quid?
1133 4416 1208 4470 Et
1247 4418 1303 4470 in
1341 4416 1575 4486 operibus
1611 4418 1779 4470 malis.
1810 4418 1873 4471 Et

296 4515 522 4579 inimici,
571 4515 763 4583 inquit,
789 4512 982 4576 eratis;
1023 4520 1076 4565 et
1112 4510 1347 4579 agebatis
1377 4524 1495 4578 quze
1533 4518 1661 4563 sunt
1700 4509 1875 4563 inimi-
1946 4514 1953 4523 '

294 4622 504 4664 corum.
533 4605 689 4659 Nunc
712 4615 880 4657 autem
907 4602 1243 4657 reconciliavit
1264 4605 1317 4655 in
1342 4617 1552 4671 corpore
1573 4601 1740 4654 carnis
1768 4602 1877 4673 ejus

294 4709 395 4771 per
425 4709 668 4761 mortem,
714 4696 946 4750 exhibere
991 4710 1076 4749 vos
1114 4704 1313 4749 sanctos
1347 4704 1394 4747 et
1438 4694 1790 4749 imtnaoulatos
1830 4705 1878 4749 et

292 4788 763 4860 meprelteusibiles
797 4786 1113 4855 coramipso.
1157 4786 1251 4838 Hic
1274 4785 1421 4853 ponit
1463 4785 1622 4839 etiam
1662 4785 1876 4843 modum

295 4879 758 4937 reconciliationis
788 4894 805 4933 :
832 4878 973 4948 quod
1020 4880 1072 4931 in
1121 4892 1347 4946 corpore
1394 4892 1497 4931 non
1544 4878 1717 4931 solum
1756 4894 1878 4945 per-

293 4988 513 5038 ευεςυδ,
536 4971 847 5040 11118011111110
870 4980 924 5024 et
950 4971 1217 5033 venditus,
1246 4970 1337 5023 sed
1388 4970 1548 5024 etiam
1576 4971 1876 5040 turpissima

297 5075 479 5121 morte
505 5074 746 5118 111011111ιο
772 5064 858 5117 sit.
890 5062 1092 5116 Rursus
1112 5063 1358 5117 meminit
1381 5062 1584 5128 crucis;
1612 5072 1667 5116 et
1692 5078 1880 5117 rursus

300 5158 451 5213 aliud
481 5157 629 5226 ponit
675 5154 1013 5210 beneﬁcium.
1058 5154 1179 5208 Non
1227 5154 1395 5208 solum
1422 5154 1569 5208 enim
1612 5154 1874 5217 liberavit,

302 5246 407 5304 sed
450 5248 611 5302 etiam
631 5245 781 5317 quod
819 5246 1063 5314 superius
1102 5245 1254 5310 dicit,
1284 5244 1385 5309 Qui
1414 5260 1507 5297 nos
1533 5246 1649 5314 fecit
1674 5244 1881 5298 idoneos

302 5352 355 5397 et
373 5340 695 5411 suﬁcientes,
726 5338 810 5392 hic
830 5322 1043 5408 quoque
1066 5338 1223 5392 tacite
1241 5335 1521 5406 signiﬁcat.
1545 5335 1650 5390 Per
1673 5348 1883 5392 mortem

298 5436 441 5505 ejus,
470 5433 661 5502 inquit,
690 5430 920 5485 exhibere
952 5446 1035 5485 vos
1056 5440 1256 5485 sanctos
1287 5440 1333 5482 et
1357 5428 1707 5483 immaculatos
1736 5442 1781 5483 et
1806 5432 1882 5483 iro

306 5521 725 5593 repnhatsibiles
750 5536 920 5575 coram
948 5521 1080 5590 ipsa.
1119 5520 1235 5575 Non
1262 5522 1434 5575 solum
1464 5521 1611 5575 enim
1638 5520 1885 5576 liberavit

311 5632 342 5670 a
371 5616 626 5687 peccatis,
656 5613 752 5668 sed
780 5613 939 5668 etiam
983 5612 1037 5667 in
1067 5613 1355 5682 probon
1383 5627 1449 5668 ac
1491 5612 1750 5667 bonorum
1781 5628 1885 5667 nu-

317 5724 525 5764 merum
555 5707 760 5763 retulit.
797 5705 916 5761 Non
954 5707 1095 5761 enim
1118 5714 1261 5761 tanta
1282 5720 1473 5775 passus
1511 5714 1592 5760 est
1626 5705 1795 5760 solum
1829 5716 1886 5759 ut

322 5816 421 5855 nos
442 5800 704 5856 liberaret
740 5814 770 5851 11
819 5797 993 5863 malis,
1038 5796 1135 5852 sed
1175 5797 1335 5853 etiam
1380 5808 1436 5851 ut
1469 5799 1665 5867 primas
1706 5807 1888 5869 partes

324 5908 732 5965 assequercmnr
761 5908 774 5945 :
808 5899 865 5944 ut
917 5888 960 5943 si
986 5888 1103 5959 quis
1131 5901 1278 5945 reum
1309 5905 1410 5946 non
1439 5891 1607 5949 solum
1636 5893 1888 5949 liberaret

647 6008 914 6069 ΡΑτιιοι.
959 6005 1075 6067 Gtt.
1126 6000 1312 6065 LXII.

1972 763 2003 800 a
2030 748 2312 818 supplicio,
2342 748 2435 803 sed
2464 750 2623 803 etiam
2650 750 2714 803 ad
2744 751 3002 806 honorem
3053 752 3326 810 eveheret.
3358 754 3535 810 Etra-

1960 839 2093 893 *tulit
2114 840 2164 893 in
2194 848 2493 906 numerum,
2518 848 2628 894 no‘n
2665 843 2838 895 solum
2868 852 3051 897 eorum
3077 846 3167 913 qui
3195 846 3326 899 nihil
3355 856 3546 916 pecca-

1966 936 2116 995 rum,
2140 930 2233 983 sed
2258 930 2418 983 etiam
2436 940 2629 985 eorum
2646 932 2744 999 qui
2780 947 2868 988 res
2884 942 3173 1002 gesserunt
3203 936 3461 990 maximus
3482 945 3540 990 et

1968 1019 2412 1090 praeclarissimas
2442 1038 2454 1073 :
2483 1030 2538 1075 et
2578 1022 2721 1091 quod
2758 1023 2928 1091 majus
2957 1034 3061 1088 est,
3091 1026 3239 1080 dedit
3284 1028 3540 1081 sanctita-

1964 1119 2078 1163 tem
2102 1123 2221 1177 qute
2246 1120 2332 1164 est
2357 1122 2536 1166 coram
2568 1112 2704 1183 ipso.
2722 1112 2865 1166 -1111111
2894 1120 3105 1181 autem,
3154 1116 3546 1186 1110010110ηεὶ-

1970 1198 2156 1266 bilem,
2184 1201 2357 1270 majus
2395 1211 2496 1267 est,
2542 1218 2701 1272 quam
2744 1204 3114 1274 inculpatum:
3156 1206 3543 1276 irreprehensi-

1964 1290 2103 1345 ibiles
2130 1291 2271 1346 enim
2306 1290 2566 1357 dicimur,
2605 1295 2818 1364 quando
2860 1309 2961 1350 nec
2997 1296 3413 1365 reprehensione
3445 1313 3545 1355 nec

1965 1384 2344 1437 criminatioite
2369 1383 2587 1453 dignum
2627 1388 2752 1454 quid
2781 1389 3020 1443 fecimus.
3046 1389 3151 1445 Sed
3174 1393 3423 1461 quoniam
3458 1403 3545 1447 to-

1968 1485 2082 1527 tum
2102 1475 2157 1528 ei
2172 1475 2443 1541 attribuit,
2476 1476 2681 1541 diaetis,
2702 1480 2849 1547 quod
2881 1496 2975 1549 per
3013 1492 3242 1539 mortem
3275 1487 3389 1539 haec
3418 1502 3545 1556 ges-

1968 1567 2123 1632 serit,
2153 1568 2358 1637 nequis
2385 1568 2546 1631 dicat,
2580 1569 2728 1623 Nulln
2758 1585 2885 1640 ergo
2912 1587 3235 1642 re‘egemus,
3254 1587 3545 1647 propterea

1970 1658 2243 1726 subjunxit
2273 1676 2285 1710 :
2320 1659 2408 1713 2'5.
2432 1658 2498 1713 Si
2528 1668 2694 1713 tamen
2724 1664 3026 1730 permanetis
3048 1664 3102 1716 in
3125 1665 3232 1732 rﬁtle
3258 1666 3475 1735 fundati,
3502 1678 3548 1723 et

1966 1750 2190 1813 stabiles,
2216 1762 2261 1804 et
2278 1753 2566 1807 immobiles
2582 1770 2613 1806 a
2633 1770 2729 1823 spe
2740 1757 3006 1826 evangelii.
3026 1756 3224 1813 Eorum
3248 1762 3545 1815 socordiam

1972 1840 2057 1895 hic
2082 1844 2433 1913 perstringit:
2463 1854 2519 1899 et
2537 1861 2649 1898 non
2681 1846 2854 1900 solum
2881 1848 3036 1912 dixit,
3072 1848 3387 1905 Permanetis
3409 1868 3428 1906 :
3456 1868 3549 1922 po—

1970 1941 2076 1986 test
2117 1935 2264 1987 enim
2300 1942 2429 1988 esse
2468 1944 2524 1988 ut
2552 1946 2870 2004 permaneat
2920 1939 3106 1994 labans
3135 1949 3189 1994 et
3231 1941 3545 1997 seditionem

1968 2023 2215 2093 agitans;
2238 2026 2423 2095 :po'test
2450 2027 2753 2083 eti-.nn‘esse
2785 2038 2840 2083 ut
2865 2042 2973 2085 stet
2994 2041 3055 2085 et
3074 2043 3289 2087 maneat
3318 2035 3547 2089 sitcum-

1968 2124 2117 2169 actus
2149 2134 2161 2169 :
2198 2116 2259 2171 Si
2287 2127 2452 2171 tamen
2499 2123 2820 2189 permanetis,
2865 2122 3052 2192 inquit,
3104 2126 3307 2193 fundati
3348 2136 3399 2179 et
3440 2136 3548 2180 sta-

1970 2206 2112 2272 biles,
2142 2217 2187 2260 et
2209 2208 2505 2264 immobiles.
2534 2210 2721 2279 Papae!
2744 2222 2950 2279 Equanta
2975 2228 3099 2267 usus
3127 2225 3211 2269 est
3235 2216 3546 2286 metaphora

1968 2313 2031 2351 ac
2060 2300 2438 2357 translatione!
2480 2302 2595 2356 Non
2639 2304 2835 2371 solum,
2885 2305 3092 2375 inquit,
3136 2323 3240 2363 non
3283 2310 3544 2373 labantes.

1969 2389 2062 2444 scd
2090 2392 2308 2446 ne‘moti
2335 2393 2570 2462 quidem.
2594 2393 2729 2449 Vide
2752 2406 2968 2460 autem;
3001 2396 3133 2451 nihil
3159 2399 3370 2454 interim
3395 2405 3549 2470 ponit

1969 2495 2133 2548 grave
2160 2496 2259 2537 nec
2282 2483 2632 2549 laboriosum,
2675 2485 2771 2540 sed
2802 2486 2958 2540 ﬁdem
2989 2496 3044 2541 et
3077 2502 3250 2553 spem.
3291 2490 3407 2547 Hoc
3441 2505 3544 2558 est,

1969 2570 2026 2625 Si
2072 2574 2332 2627 maneatis
2362 2574 2653 2630 credentes
2704 2576 2846 2645 quod
2883 2590 3014 2631 vera
3041 2579 3114 2632 sit
3156 2594 3282 2648 spes
3325 2580 3550 2637 futuro—

1970 2680 2110 2719 rum.
2130 2664 2270 2720 ‘Nam
2299 2666 2384 2721 1110
2404 2667 2626 2738 quidem
2657 2679 2829 2738 potest
2858 2670 3013 2736 ﬁeri;
3046 2671 3099 2726 in
3136 2672 3336 2728 virtute
3369 2685 3547 2731 autem

1972 2773 2076 2812 non
2100 2758 2224 2814 licet
2248 2776 2323 2815 ne
2358 2762 2444 2816 vel
2471 2777 2654 2831 parum
2687 2762 2897 2832 quidem
2916 2767 3248 2821 commoveri
3277 2768 3395 2822 :ita
3440 2785 3551 2824 non

1971 2860 2054 2905 est
2076 2866 2264 2920 grave.
2291 2852 2335 2905 Α
2359 2868 2467 2923 spe,
2496 2853 2686 2922 inquit,
2700 2856 2972 2925 evangelii,
2993 2858 3126 2923 quod
3150 2858 3381 2922 audistis,
3412 2860 3547 2927 quod

1972 2942 2303 3011 pradicatttm
2331 2954 2404 2999 est
2428 2946 2482 2997 in
2507 2948 2739 2999 uniuersa
2756 2952 2994 3001 creatura
3033 2954 3147 3019 qua:
3172 2951 3264 3005 sub
3302 2950 3425 3006 calo
3451 2960 3546 3007 est.

1970 3033 2225 3099 Quaenam
2256 3045 2339 3090 est
2364 3045 2544 3091 autem
2570 3037 2676 3091 alia
2722 3052 2846 3109 spes
2878 3042 3167 3110 evangelii,
3197 3057 3357 3112 quam
3395 3045 3544 3099 Chri-

1970 3126 2128 3179 sms?
2157 3126 2271 3194 ipse
2294 3128 2438 3181 enim
2460 3136 2553 3182 est
2588 3140 2715 3197 spes
2753 3138 2959 3196 nostra,
3004 3141 3060 3186 et
3088 3133 3178 3202 qui
3217 3133 3332 3188 haec
3371 3149 3548 3189 omnia

1971 3226 2055 3272 est
2080 3227 2352 3286 operatus.
2379 3219 2740 3286 Quamobrem
2769 3221 2860 3290 qui
2883 3230 2999 3276 eam
3025 3224 3142 3278 aliis
3168 3224 3441 3289 adscribit,
3465 3236 3551 3283 est

1974 3321 2302 3365 transmoms
2336 3326 2399 3366 ac
2438 3319 2866 3367 transmutatus:
2898 3316 3077 3369 omnia
3106 3316 3257 3370 enim
3299 3317 3546 3386 perdidit,

1973 3401 2075 3455 nisi
2120 3402 2303 3457 credat
2345 3402 2399 3457 in
2420 3402 2723 3457 Christum.
2751 3403 3045 3469 Audivistis,
3078 3406 3266 3475 inquit.
3300 3408 3405 3463 Eos
3422 3426 3551 3464 rur-

1973 3508 2065 3548 sus
2092 3495 2221 3549 citat
2248 3503 2434 3557 testes,
2468 3495 2667 3551 deinde
2695 3505 2862 3551 totum
2891 3498 3077 3553 orbem
3109 3510 3284 3555 terrae.
3324 3501 3440 3556 Non
3465 3503 3551 3558 di-

1970 3588 2064 3652 cit,
2091 3586 2245 3652 Quod
2277 3588 2613 3657 prmdicatur,
2662 3587 2935 3655 sed,Quod
2974 3600 3047 3644 est
3069 3590 3179 3661 jam
3205 3592 3467 3649 creditum
3496 3607 3553 3650 et

1976 3680 2320 3747 prcedicatutn,
2352 3680 2495 3749 quod
2514 3681 2683 3734 etiam
2708 3680 2840 3736 iecit
2869 3682 2921 3735 111
2950 3683 3219 3752 principio
3255 3702 3270 3737 :
3298 3701 3328 3740 a
3356 3688 3554 3741 multo-

1977 3788 2092 3825 rum
2125 3773 2432 3827 teslimonio
2456 3788 2552 3827 eos
2580 3774 2762 3828 volens
2782 3773 3041 3831 stabilire.
3067 3775 3227 3847 Cujus
3254 3780 3419 3849 factus
3440 3797 3555 3835 sum

1975 3879 2066 3933 ego
2096 3861 2294 3917 Paulus
2320 3866 2565 3919 minister.
2611 3866 2677 3920 Et
2712 3865 2815 3921 hoc
2852 3879 3066 3936 quoque
3093 3869 3300 3926 confert
3339 3872 3406 3927 ad
3453 3873 3556 3930 hoc

1979 3965 2035 4009 nt
2058 3956 2127 4010 sit
2154 3956 2257 4013 lide
2295 3956 2506 4027 dignus.
2542 3956 2671 4029 Ego,
2701 3956 2889 4027 inquit,
2922 3956 3125 4014 Paulus
3153 3962 3396 4017 minister.
3428 3964 3559 4021 Erat

1975 4049 2118 4103 enim
2145 4062 2335 4117 magna
2368 4048 2487 4118 ejus
2526 4050 2837 4116 auctoritas,
2864 4060 2923 4105 ut
2944 4051 3037 4121 qui
3067 4051 3388 4123 ubiquejam
3419 4058 3557 4111 cele-

1978 4141 2222 4195 ltraretnr
2238 4151 2301 4195 et
2324 4151 2468 4196 esset
2509 4141 2698 4197 doctor
2725 4142 2874 4197 orbis
2919 4153 3097 4199 teme.
3128 4143 3217 4198 ‘24.
3250 4143 3404 4200 Nunc
3434 4166 3561 4216 gau-

1977 4233 2071 4286 deo
2096 4234 2149 4286 in
2173 4234 2487 4303 passionibus
2508 4245 2601 4302 pro
2629 4235 2784 4301 vobis,
2809 4244 2855 4288 et
2882 4235 3136 4300 adimpleo
3157 4255 3217 4290 ea
3239 4256 3354 4308 quat
3376 4241 3557 4295 desunt

1979 4326 2273 4394 passionum
2295 4323 2486 4380 Christi
2504 4327 2558 4378 in
2589 4341 2738 4380 carne
2773 4341 2883 4380 mea
2916 4338 3009 4395 pro
3034 4332 3399 4399 carporeejus,
3422 4337 3559 4403 quod

1977 4427 2052 4470 est
2080 4415 2330 4471 Ecclesia.

2050 4506 2106 4558 2.
2138 4507 2205 4560 Et
2230 4521 2475 4576 quantam
2505 4515 2589 4561 est
2604 4506 2728 4562 haec
2751 4508 3133 4576 consequentia
3157 4509 3179 4562 ?
3209 4509 3423 4567 Videtur
3440 4516 3561 4584 qui~

1981 4598 2104 4652 dem
2139 4598 2461 4667 sejunctum,
2490 4599 2585 4653 sed
2616 4612 2861 4669 magnam
2892 4599 3055 4654 liabet
3092 4607 3554 4673 consequentiam.

1986 4688 2332 4757 ELMinister,
2375 4690 2574 4759 inquit;
2594 4691 2653 4745 id
2682 4701 2785 4759 est,
2816 4691 2964 4745 [Nihil
3006 4708 3036 4746 a
3077 4708 3164 4749 me
3186 4694 3434 4758 all‘erens.
3464 4700 3559 4755 sed

1984 4798 2101 4851 qun:
2128 4791 2251 4836 sunt
2279 4782 2501 4837 alterius
2528 4785 2871 4838 annuntians.
2901 4784 2974 4838 Ita
3003 4786 3166 4842 credo
3201 4790 3344 4859 quod
3382 4800 3437 4845 et
3458 4809 3559 4861 pro

1986 4875 2100 4942 ipso
2142 4874 2346 4943 patior;
2374 4883 2429 4928 et
2460 4890 2577 4929 non
2624 4875 2798 4930 solum
2829 4880 3033 4947 patior,
3075 4878 3170 4935 sed
3198 4882 3361 4937 etiam
3405 4882 3559 4940 letor

1984 4968 2214 5035 patiens,
2243 4967 2309 5021 ad
2341 4983 2491 5037 spem
2534 4970 2764 5023 futuram
2811 4972 3115 5039 aspiciens;
3153 4984 3211 5029 et
3255 4976 3426 5044 patior
3456 4994 3560 5032 non

1988 5075 2083 5128 pro
2114 5076 2219 5126 me,
2247 5061 2341 5115 sed
2372 5078 2467 5130 pro
2494 5063 2663 5117 vobis.
2702 5062 2771 5116 Et
2798 5066 3072 5135 adimpleo,
3111 5066 3300 5136 inquit,
3330 5086 3446 5137 que
3475 5071 3564 5125 de-

1985 5163 2101 5208 sunt
2126 5156 2422 5222 passionum
2452 5155 2640 5211 Christi
2676 5158 2729 5209 in
2760 5172 2912 5211 carne
2937 5168 3068 5211 mea.
3103 5159 3320 5216 Videtur
3342 5163 3559 5232 quidem

1988 5260 2234 5316 magnum
2260 5261 2386 5301 esse
2410 5249 2663 5317 quodest
2694 5249 2963 5319 loquutus,
3012 5251 3104 5305 scd
3150 5266 3254 5306 non
3286 5264 3370 5310 est
3414 5272 3564 5310 arro-

1982 5338 2381 5408 gantia-absit,
2402 5342 2496 5395 sed
2525 5356 2730 5411 magna:
2759 5343 2809 5397 in
2839 5343 3110 5397 Christum
3134 5345 3520 5403 benevolentia:
3545 5368 3559 5404 :

1988 5445 2095 5485 non
2120 5431 2264 5485 enim
2286 5433 2394 5487 vult
2423 5444 2546 5488 esse
2569 5448 2713 5497 suas,
2733 5434 2826 5489 sed
2848 5435 2995 5489 illius
3023 5440 3314 5504 passiones.
3342 5439 3413 5494 lta
3435 5458 3563 5498 vero

1990 5520 2241 5590 loquutus
2265 5532 2368 5589 est,
2399 5536 2493 5578 eos
2526 5524 2629 5593 ipsi
2656 5525 2840 5580 volens
2866 5527 3173 5581 conciliare.
3207 5529 3270 5583 Et
3298 5545 3415 5599 qua:
3440 5548 3560 5602 ego,

1992 5614 2183 5684 inquit,
2210 5616 2406 5684 patior,
2436 5628 2655 5687 prepter
2680 5618 2827 5672 illum
2859 5620 3029 5687 patior
3050 5623 3431 5689 :qnamobrem
3452 5641 3561 5679 non

1991 5706 2140 5771 mihi,
2166 5706 2259 5761 sed
2280 5707 2358 5762 1111
2377 5708 2814 5778 11111101οςωι1θες
2837 5710 2951 5778 ipse
2968 5712 3107 5765 enim
3130 5711 3241 5766 11100
3261 5715 3477 5782 patitur.
3495 5715 3566 5771 Ut

1992 5800 2038 5854 si
2059 5800 2176 5870 quis
2192 5800 2383 5855 missus
2400 5800 2466 5854 ad
2486 5802 2714 5870 aliquem
2732 5803 2916 5870 alium,
2933 5815 3084 5870 roget
3106 5806 3311 5873 dicens,
3326 5808 3473 5881 110εο
3492 5822 3562 5873 te,

1995 5904 2093 5960 pro
2112 5905 2199 5947 me
2214 5890 2279 5947 ad
2312 5891 2458 5948 illum
2486 5892 2643 5948 vade;
2670 5893 2857 5950 110111άο
2888 5895 2977 5949 ille
2998 5897 3399 5969 dicat.Pt-opter
3427 5901 3567 5955 hunc

3157 5986 3228 6050 Ἦ
