3898 6500
587 327 692 385 3Ξ7

592 443 709 497 lucc
730 443 883 497 iacio.
900 414 1254 508 Quamobrem
1280 454 1385 493 non
1409 437 1676 493 erubescit
1696 437 1792 491 has
1813 450 2027 507 quoque
2041 435 2156 506 ejus

593 534 864 604 appellare
913 532 1206 603 passiones.
1234 529 1349 584 Non
1400 531 1571 584 solum
1611 530 1751 584 enim
1780 544 1878 599 pro
1904 529 2056 583 nobis
2078 537 2161 582 est

594 634 855 691 mortuus,
886 623 981 678 sed
1002 623 1162 678 etiam
1195 632 1474 692 postquam
1514 620 1613 675 fuit
1652 630 1913 684 mortuus,
1948 630 2161 689 paratus

588 716 683 769 fuit
712 731 808 784 pro
834 714 986 768 nobis
1012 712 1193 782 afﬂigi.
1223 711 1617 781 Contenditque
1638 721 1693 767 et
1718 712 1915 766 acriter
1936 719 2160 765 conatur

587 807 868 863 ostendere
911 807 1084 877 ipsum
1110 821 1322 876 quoque
1346 820 1489 861 nunc
1516 804 1814 875 periculum
1853 804 2034 858 subire
2063 817 2160 872 pro

585 901 823 957 Ecclesia
846 916 941 970 per
963 899 1232 969 proprium
1251 912 1478 967 corpus;
1497 905 1553 951 et
1573 897 1699 951 illuc
1718 896 1936 965 respicit
1954 895 2153 959 dicens,

587 993 703 1048 Non
729 1008 824 1063 per
844 1007 943 1047 nos
960 991 1284 1046 adducimini
1306 1000 1359 1044 ct
1383 1005 1657 1045 accessum
1688 988 1916 1053 habetis,
1939 986 2034 1042 sed
2064 1002 2161 1056 per

584 1087 781 1155 ipsum,
804 1085 1011 1140 etiamsi
1034 1100 1132 1139 nos
1158 1085 1271 1138 hazc
1298 1083 1555 1138 faciamus
1578 1099 1592 1135 :
1622 1098 1727 1136 non
1747 1082 1893 1135 enim
1918 1089 2157 1135 nostrum

582 1193 717 1249 opus
738 1179 1091 1248 suscepimus,
1114 1177 1207 1233 sed
1230 1192 1367 1246 opus
1386 1176 1546 1231 illius.
1571 1176 1636 1230 Et
1657 1175 1877 1244 perinde
1899 1182 2004 1238 est,
2035 1183 2091 1227 ut
2112 1174 2157 1228 si

579 1272 843 1341 quispiam
869 1271 1160 1334 exercitus,
1191 1271 1278 1324 cui
1322 1269 1602 1340 obtigisset
1629 1267 1739 1322 dux
1769 1267 1892 1320 belli
1918 1267 2007 1335 qui
2032 1281 2154 1320 eum

578 1365 891 1421 defenderet
909 1380 972 1420 ac
996 1372 1321 1434 protegeret,
1348 1364 1400 1417 in
1424 1362 1567 1417 bello
1586 1369 1751 1413 staret
1776 1376 1789 1423 ;
1818 1358 2010 1413 deinde
2032 1373 2156 1412 cum

579 1461 671 1516 ille
689 1461 1030 1521 excessisset,
1049 1458 1166 1525 ejus
1180 1457 1321 1508 vices
1336 1465 1531 1523 gerens
1549 1451 1756 1521 legatus
1775 1451 1917 1505 illius
1935 1450 2152 1504 vulnera

576 1553 891 1623 susciperet,
912 1550 1081 1601 donec
1100 1553 1374 1617 peractum
1398 1541 1771 1598 essetbellum.
1792 1539 1993 1595 Deinde
2011 1540 2152 1611 quod

575 1652 793 1715 propter
820 1642 992 1711 ipsum
1022 1638 1125 1692 hoc
1150 1637 1322 1699 faciat,
1358 1635 1514 1691 audi:
1542 1634 1648 1689 Bro
1674 1650 1884 1703 corpore
1910 1635 2042 1704 ejus,
2072 1634 2151 1686 in-

572 1736 707 1807 quit;
724 1733 828 1789 hoc
844 1732 1028 1786 volens
1043 1730 1244 1794 dicere,
1264 1727 1377 1782 Non
1404 1727 1552 1781 vobis
1571 1726 1862 1797 gratificor,
1881 1725 1976 1779 sed
1997 1724 2152 1779 Chri-

567 1839 654 1885 sto
674 1847 687 1883 :
710 1842 832 1883 nam
853 1842 970 1896 qua:
988 1826 1134 1879 illum
1154 1822 1434 1891 Oportebat
1453 1821 1580 1889 pati,
1596 1833 1695 1889 ego
1712 1818 1937 1887 proipso
1953 1818 2145 1886 patior.

569 1921 704 1977 Vide
739 1935 899 1993 quam
938 1918 1106 1972 multa
1135 1915 1323 1987 probet
1346 1924 1401 1969 et
1427 1914 1727 1969 confirmet.
1758 1909 2007 1966 Ostendit
2030 1925 2148 1964 ma-

565 2029 726 2083 gnum
762 2026 1033 2072 amorem;
1064 2011 1202 2064 sicut
1240 2008 1292 2062 in
1335 2005 1567 2062 secunda
1608 2003 1840 2073 Epistula
1868 2002 1934 2057 ad
1960 2003 2149 2057 Corin-

567 2106 707 2160 thios
757 2103 970 2159 diccbat
999 2120 1013 2157 :
1044 2100 1111 2155 In
1158 2101 1298 2154 nobis
1344 2100 1513 2168 posuit
1550 2097 1885 2151 ministerium
1925 2095 2147 2149 reconci-

563 2199 807 2253 liationis.
847 2197 913 2251 Et
949 2209 1134 2250 rursus
1158 2233 1173 2259 ,
1221 2208 1313 2262 pro
1356 2190 1558 2245 Christo
1593 2189 1841 2260 legatione
1883 2188 2145 2258 fungimur

563 2302 820 2353 tamquam
863 2287 972 2341 Deo
1013 2287 1245 2339 hortante
1286 2298 1376 2353 per
1416 2299 1508 2336 nos
1534 2280 1609 2352 (2.
1636 2281 1754 2336 Cor.
1788 2281 1840 2337 5.
1873 2280 1961 2335 18.
2002 2277 2139 2349 2ὓ);

560 2382 663 2436 hoc
686 2380 773 2434 hic
796 2393 1013 2449 quoque
1040 2376 1190 2442 dicit,
1220 2374 1323 2429 Pro
1352 2374 1470 2445 ipso
1502 2373 1696 2441 patior,
1724 2381 1781 2426 ut
1806 2372 1951 2440 ipsos
1975 2372 2144 2441 magis

559 2473 873 2529 attraheret.
908 2471 1021 2525 Hoc
1042 2479 1145 2537 est,
1173 2468 1382 2523 etiamsi
1415 2468 1459 2521 is
1487 2468 1576 2538 qui
1600 2464 1754 2520 vobis
1778 2464 1959 2531 debet,
1988 2464 2137 2527 abiit,

558 2582 656 2637 ego
685 2576 860 2620 tamen
909 2562 1098 2618 reddo.
1130 2562 1422 2631 Propterea
1451 2559 1592 2614 enim
1630 2556 1759 2613 dicit
1786 2557 1979 2621 etiam,
2016 2555 2144 2622 Quae

557 2660 779 2722 desunt;
812 2666 870 2711 ut
899 2655 1150 2709 ostendat
1175 2663 1360 2723 putare
1399 2666 1458 2706 se
1487 2652 1661 2719 ipsum
1696 2647 1931 2703 nondum
1972 2655 2141 2702 totum

556 2767 655 2822 pro
695 2749 849 2805 nobis
894 2761 1014 2802 esse
1045 2760 1282 2816 passum.
1312 2743 1448 2798 Dicit
1471 2742 1630 2797 etiam
1661 2755 1785 2797 eum
1837 2748 1956 2809 post
1996 2754 2142 2792 mor-

560 2851 667 2895 tem
695 2840 824 2910 pati,
842 2839 1101 2910 siquidem
1129 2835 1304 2889 adhuc
1332 2840 1643 2888 manserunt
1669 2847 1789 2902 qua:
1814 2830 2010 2886 desint.
2027 2830 2141 2886 Hoc

556 2936 611 2989 in
629 2934 863 3003 Epistula
884 2932 949 2987 ad
980 2931 1249 2985 Romanos
1271 2926 1427 2982 aliter
1453 2924 1595 2988 facit,
1621 2924 1806 2979 dicens
1830 2942 1845 2979 :
1872 2924 1973 2990 Qui
1988 2924 2139 2977 etiam

555 3023 845 3093 interpellat
888 3039 980 3091 pro
1020 3022 1161 3074 nobis
1200 3017 1377 3086 (Rom.
1424 3018 1478 3072 8.
1513 3016 1643 3087 5i);
1685 3015 1977 3071 ostendens
2016 3027 2137 3070 eum

556 3130 663 3170 non
693 3115 804 3170 sola
849 3124 1022 3168 morte
1062 3113 1224 3167 fuisse
1258 3118 1566 3165 contentum
1591 3148 1607 3175 ,
1646 3108 1740 3162 sed
1769 3108 1928 3163 etiam
1956 3117 2136 3177 postea

554 3209 729 3264 facere
772 3205 1202 3262 innumerabilia.
1252 3203 1371 3259 Non
1422 3218 1552 3272 ergo
1596 3201 1831 3271 seipsum
1876 3201 2139 3255 extollens

555 3298 670 3355 haec
695 3298 843 3363 dicit,
875 3298 967 3352 sed
994 3298 1177 3351 volens
1205 3294 1492 3351 ostendere
1519 3293 1791 3347 Christum
1824 3305 2012 3347 eorum
2040 3292 2135 3345 ad-

555 3395 660 3449 huc
682 3408 865 3449 curam
890 3406 1102 3463 gerere.
1132 3391 1198 3444 Et
1226 3406 1339 3444 rem
1370 3388 1492 3442 facit
1521 3386 1623 3441 fide
1645 3386 1882 3456 dignam,
1912 3385 2136 3453 subjun-

550 3488 745 3559 gendo,
780 3486 885 3541 Pro
909 3501 1120 3555 corpore
1144 3486 1275 3553 ejus.
1305 3482 1437 3536 Nam
1463 3479 1605 3550 quod
1635 3479 1705 3533 ita
1736 3492 1795 3533 se
1826 3477 2054 3541 habeat,
2081 3485 2137 3531 et

552 3598 661 3636 non
691 3582 761 3634 sit
790 3577 1161 3648 improbabile,
1188 3584 1269 3629 est
1302 3572 1639 3643 perspicuum
1667 3584 1736 3624 ex
1764 3584 1831 3624 eo
1855 3567 1994 3639 quod
2021 3567 2135 3622 haec

553 3676 682 3729 fiant
709 3687 807 3743 pro
833 3686 1060 3741 corpore
1098 3668 1238 3739 ejus.
1272 3667 1404 3723 Vide
1440 3662 1711 3737 quomodo
1745 3677 1844 3717 nos
1873 3661 1974 3716 sibi
1998 3676 2133 3716 con-

545 3766 748 3836 juuxit.
773 3763 881 3819 Cttr
902 3778 1030 3834 ergo
1060 3766 1111 3816 iu
1134 3760 1367 3816 medium
1391 3757 1608 3827 angelos
1632 3753 1944 3810 adducitis?
1972 3751 2133 3821 Cujus

552 3865 716 3930 foetus
744 3876 856 3912 sum
882 3875 993 3928 ego,
1028 3856 1218 3926 inquit,
1249 3854 1499 3908 minister.
1535 3849 1671 3918 Quid
1702 3849 1838 3904 alios
1858 3889 1874 3912 ,
1925 3846 2130 3916 inquit,

553 3950 892 4007 introducitis
932 3948 1151 4017 angelos
1169 3948 1194 4000 ?
1222 3960 1322 4016 ego
1347 3958 1465 3997 sum
1496 3942 1759 3996 minister.
1812 3937 2011 3993 Deinde
2038 3952 2132 3990 os-

503 4026 510 4065 ί
552 4043 723 4099 tendit
751 4059 809 4097 se
848 4041 978 4096 nihil
1021 4040 1253 4106 fecisse,
1292 4034 1551 4106 siquidem
1594 4040 1678 4088 est
1722 4031 1987 4086 minister.
2036 4029 2127 4083 9.5.

552 4136 731 4207 Cujus,
762 4136 964 4206 inquit,
998 4133 1162 4203 factus
1187 4146 1300 4185 sum
1348 4145 1439 4199 ego
1477 4126 1706 4180 minister
1745 4122 2019 4178 secundum
2053 4121 2132 4173 di-

550 4230 919 4303 spensationem
944 4226 1040 4281 Dei
1103 4240 1215 4295 qua:
1240 4223 1362 4276 data
1385 4231 1458 4276 est
1488 4220 1609 4273 mihi
1652 4219 1707 4272 in
1737 4217 1893 4281 vobis,
1936 4226 1991 4268 ut
2034 4216 2131 4268 im-

551 4325 718 4392 pleam
754 4321 958 4376 verbum
1003 4318 1119 4372 Dei.
1168 4314 1634 4383 Dispensationem.
1685 4312 1792 4366 Aut
1831 4310 1934 4363 hoc
1960 4308 2128 4375 dicit,

549 4414 690 4486 quod
719 4415 796 4469 sic
822 4411 993 4468 voluit
1019 4425 1139 4465 cum
1172 4411 1286 4479 ipse
1311 4407 1529 4461 abiisset
1553 4446 1569 4470 ,
1600 4419 1697 4459 nos
1737 4403 2010 4471 suscipere
2049 4400 2133 4455 di-

549 4508 966 4577 spensationem,
990 4519 1059 4558 ne
1086 4500 1428 4557 elﬁceremini
1460 4508 1730 4567 tamquam
1759 4494 1986 4558 deserti;
2016 4493 2130 4564 ipse

551 4601 693 4654 enim
723 4608 805 4653 est
828 4597 1018 4667 quiest
1049 4609 1257 4664 passus,
1291 4593 1404 4661 ipse
1428 4590 1519 4661 qui
1548 4590 1813 4658 legatione
1842 4586 2080 4657 fungitur
2111 4601 2126 4638 :

550 4700 644 4746 aut
670 4692 771 4744 hoc
799 4690 965 4744 dicit:
996 4688 1078 4742 Me
1113 4688 1203 4755 qui
1230 4686 1466 4738 omnium
1506 4683 1736 4736 maxime
1765 4696 1911 4736 eram
1943 4695 2131 4759 perse-

551 4791 746 4851 quutor
767 4822 780 4845 ,
810 4789 1091 4851 propterea
1130 4779 1257 4832 sivit
1285 4776 1563 4846 persequi,
1602 4784 1660 4830 ut
1690 4775 1987 4845 praedicans
2026 4773 2127 4828 sim

557 4873 660 4928 fide
688 4872 919 4942 dignus:
950 4879 1040 4923 aut
1066 4869 1190 4923 dicit
1221 4868 1674 4937 dispensationem
1695 4907 1712 4931 ,
1740 4865 1990 4936 quoniam
2022 4880 2127 4919 non

551 4966 799 5037 qttznsivit
823 4978 986 5033 opera
1007 5002 1021 5023 ,
1052 4977 1224 5031 neque
1252 4961 1488 5015 actiones
1511 5001 1527 5025 ,
1558 4973 1731 5030 neque
1768 4959 2021 5027 praeclara
2053 4956 2132 5011 fa-

552 5060 737 5115 cinora
758 5100 773 5123 ,
803 5055 897 5112 sed
929 5055 1085 5109 fidem
1114 5065 1170 5107 et
1206 5054 1486 5123 baptisma.
1515 5051 1630 5107 Non
1666 5054 1806 5107 enim
1833 5052 1987 5106 aliter
2010 5067 2131 5105 ver-

552 5153 678 5207 bum
699 5147 1094 5218 suscepissetis.
1124 5144 1189 5199 In
1216 5145 1374 5206 vobis,
1402 5144 1593 5212 inquit,
1618 5153 1671 5197 ut
1699 5143 1907 5212 impleat
1926 5143 2127 5196 verbum

554 5243 670 5298 Dei.
707 5241 849 5296 Dicit
871 5240 939 5295 de
974 5239 1220 5310 gentibus
1241 5280 1253 5297 .
1283 5236 1572 5291 ostendens
1598 5251 1695 5291 eos
1716 5236 1888 5291 adhuc
1914 5236 2096 5290 labare
2113 5275 2128 5299 ,

551 5332 800 5397 dicendo,
834 5330 904 5387 Ut
927 5331 1189 5399 impleam.
1214 5329 1347 5384 Nam
1379 5327 1519 5399 quod
1554 5338 1741 5398 gentes
1761 5327 2001 5396 disiectae
2029 5342 2128 5396 po-

554 5425 753 5480 tuerint
776 5424 1082 5495 dogmatum
1109 5431 1306 5476 tantam
1332 5420 1607 5489 suscipere
1634 5418 1992 5483 altitudinem,
2022 5433 2127 5472 non

552 5526 670 5573 erat
693 5516 864 5581 Pauli,
891 5516 985 5570 sed
1021 5515 1111 5569 Dei
1132 5512 1546 5582 dispensationis
1576 5530 1589 5566 :
1618 5510 1749 5567 Nam
1780 5525 1902 5581 ego,
1932 5510 2124 5580 inquit,

555 5624 661 5663 non
692 5607 1001 5678 potuissem.
1032 5605 1164 5661 Cum
1199 5614 1379 5660 autem
1407 5604 1750 5669 ostendisset,
1782 5601 1921 5673 quod
1954 5602 2128 5670 majus

551 5708 675 5761 est,
715 5713 840 5752 suas
884 5698 1257 5768 perpessiones
1291 5711 1413 5752 esse
1454 5694 1699 5761 Christi,
1743 5705 1869 5750 tunc
1892 5694 2129 5764 apertius

551 5790 858 5863 subjungit,
892 5793 992 5850 hoc
1034 5806 1247 5863 quoque
1271 5805 1391 5848 esse
1428 5789 1567 5861 Dei,
1616 5790 1759 5862 quod
1805 5790 2031 5848 verbum
2070 5788 2126 5847 iu

1237 327 1294 383 S.
1332 322 1608 382 JOANNIS
1640 319 2115 380 CllRYSOSTOMl
2156 323 2474 381 ABCHIEP.
2513 326 3040 391 CONSTANTINOP.
3655 362 3719 417 ω

2267 439 2347 493 eis
2374 439 2697 511 impleverit.
2726 445 2795 501 Et
2816 447 2899 502 hic
2931 448 3197 518 ostendit,
3231 451 3351 510 licet
3377 473 3467 513 non
3492 470 3698 529 manifest.

2266 529 2633 625 hoc-quoque,
2664 538 2804 607 quod
2829 539 3031 595 dictum
3056 552 3158 607 est,
3190 559 3347 614 quum
3376 551 3533 608 audire

2264 634 2330 673 ex
2360 621 2756 690 dispensatione
2788 645 2909 685 esse
2931 672 2948 697 ,
2982 648 3088 687 non
3118 643 3294 691 autem
3332 655 3393 694 ex
3437 614 3602 703 incuria
3619 614 3721 718 ,ζί

2265 720 2323 766 ut
2342 714 2464 811 sitis
2490 730 2730 811 capaces.
2760 722 2903 778 Deus
2928 726 3070 780 enim
3099 742 3209 782 non
3236 743 3446 797 repente
3468 735 3571 793 facit

2263 801 2360 857 sed
2386 805 2551 904 utitur
2585 808 2665 862 sui
2693 809 3013 871 demissione
3049 829 3264 889 propter
3290 838 3511 893 magnam
3531 845 3642 889 suam

2263 898 2593 952 manitatem.
2636 898 2706 952 Et
2736 900 2851 955 lucc
2875 912 2960 957 est
2986 921 3142 963 causa
3165 951 3181 973 ,
3228 915 3365 981 quod
3405 932 3529 972 nunc
3558 923 3721 985 Christus

2262 985 2559 1087 advenerit,
2590 1004 2694 1044 non
2722 992 2873 1047 olim.
2901 993 2989 1050 Sic
3010 997 3171 1052 etiam
3198 1005 3426 1061 ostendit
3451 1010 3496 1063 in
3520 1012 3721 1087 Evangelia

2262 1078 2404 1147 quod
2435 1094 2619 1137 servos
2647 1083 2853 1139 miserit
2889 1087 3088 1154 primos
3108 1130 3123 1155 ,
3168 1106 3236 1145 ne
3260 1094 3326 1146 ad
3344 1099 3523 1157 caedem
3545 1105 3611 1160 ﬁlii
3630 1078 3723 1166 ;eni.

2261 1181 2399 1224 rent.
2427 1171 2483 1227 Si
2500 1173 2644 1228 enim
2667 1188 2733 1228 ne
2754 1173 2944 1233 Filium
2972 1181 3187 1249 quidem
3217 1184 3307 1239 Dei
3335 1197 3451 1243 sunt
3471 1200 3721 1271 reveriti,qni

2262 1272 2381 1331 post
2409 1278 2597 1320 servos
2621 1277 2881 1335 venerat,
2912 1272 3082 1327 multo
3114 1276 3282 1345 magis
3310 1288 3458 1334 antea
3483 1299 3495 1335 :
3520 1285 3556 1337 si
3590 1292 3722 1348 ιιιὶηαη

2259 1365 2523 1423 praecepta
2565 1370 2673 1412 non
2713 1359 3033 1429 audierunt,
3064 1366 3334 1434 quomodo
3360 1371 3540 1439 majora
3561 1380 3723 1437 audiris.

2258 1446 2420 1537 sent?
2443 1447 2582 1537 Quid
2610 1463 2740 1519 ergo
2763 1450 2933 1506 dicit?
2956 1454 3152 1510 Annon
3180 1470 3305 1512 sunt
3340 1476 3475 1518 nunc
3492 1481 3653 1537 quoque
3668 1474 3725 1527 ι..

2256 1532 2356 1587 daei
2381 1545 2436 1589 et
2455 1536 2627 1593 Graeci
2654 1539 3015 1609 imperfectius
3034 1545 3206 1602 all‘ecti
3227 1548 3251 1600 ‘l
3271 1548 3349 1604 Ea
3372 1567 3491 1608 vero
3505 1532 3723 1618 est

2254 1626 2499 1682 socordia
2531 1646 2543 1681 :
2575 1645 2697 1684 nam
2723 1642 2844 1700 post
2873 1644 3076 1689 tantum
3117 1646 3324 1709 tempus
3350 1682 3367 1708 ,
3403 1656 3511 1712 post
3535 1658 3596 1701 tot
3622 1651 3725 1707 (locu.

2259 1730 2457 1784 menta,
2487 1722 2662 1777 adhuc
2688 1739 2906 1780 manere
2935 1727 3271 1797 imperfectos
3291 1773 3309 1797 ,
3332 1744 3409 1789 est
3438 1742 3723 1808 magnaebebe

2255 1809 2471 1866 tudittis.

2322 1904 2378 1957 5.
2425 1903 2650 1969 Quando
2692 1923 2821 1980 ergo
2846 1911 3081 1970 dixerint
3114 1916 3286 1973 Graeci
3313 1962 3330 1984 ,
3356 1922 3462 1978 Cur
3495 1940 3609 1980 nunc
3633 1934 3722 1985 venit

2250 1995 2541 2052 Christus?
2581 2016 2649 2056 ne
2675 2003 2914 2060 sinamus
2951 2023 3045 2063 eos
3066 2009 3168 2065 hoc
3190 2011 3371 2069 dicere
3395 2057 3412 2080 ,
3448 2017 3535 2072 sed
3555 2035 3723 2090 regem

2250 2105 2377 2143 num
2402 2100 2549 2146 recte
2575 2108 2633 2147 se
2653 2097 2903 2163 gesserit.
2940 2097 3012 2155 Ut
3038 2102 3178 2156 enim
3200 2104 3248 2158 si
3275 2108 3507 2164 venisset
3529 2111 3720 2173 abinilio.

2253 2192 2308 2238 et
2332 2197 2390 2238 se
2416 2203 2525 2241 non
2554 2196 2701 2241 recte
2729 2190 2984 2257 gessisset
3010 2233 3027 2257 ,
3058 2209 3164 2248 non
3195 2195 3488 2254 suﬂ‘ecisset
3515 2210 3725 2273 tempusad

2250 2281 2653 2335 excusationem
2687 2297 2702 2335 :
2733 2282 2804 2334 ita
2831 2285 3083 2351 quoniam
3110 2300 3168 2340 se
3198 2300 3349 2343 recte
3378 2293 3565 2359 gessit,
3589 2308 3726 2349 nonest

2248 2384 2458 2440 arquum
2503 2380 2559 2425 ut
2604 2374 2860 2443 temporis
2896 2388 2927 2427 a
2965 2375 3120 2428 nobis
3159 2380 3399 2446 exigatur
3438 2384 3575 2437 ratio.
3610 2385 3726 2456 Neque

2247 2464 2389 2516 enim
2411 2479 2440 2516 a
2470 2463 2676 2520 medico
2703 2466 2791 2534 qui
2821 2466 3065 2521 morbum
3086 2470 3309 2535 curarit,
3335 2481 3389 2524 et
3411 2476 3598 2530 sanitati
3617 2494 3726 2546 agro.

2248 2562 2359 2607 tum
2387 2555 2703 2621 restituerit,
2726 2556 2893 2626 exigit
2911 2558 3176 2627 quispiam
3205 2562 3465 2615 rationem
3492 2569 3725 2629 cantionis;

2246 2657 2419 2713 neque
2453 2644 2643 2700 ducem
2685 2647 2959 2702 exercitus
3000 2646 3220 2703 victoria
3251 2653 3477 2718 potitum
3500 2658 3723 2719 examinat,

2245 2749 2339 2789 cur
2375 2735 2428 2789 in
2457 2735 2559 2790 hoc
2586 2744 2862 2806 tempore,
2890 2747 2944 2792 et
2984 2754 3081 2793 cur
3119 2739 3172 2792 in
3220 2740 3317 2795 illo
3366 2744 3554 2799 vicerit.
3590 2745 3725 2803 Nam

2243 2841 2351 2881 non
2389 2841 2503 2881 rem
2555 2837 2700 2882 recte
2741 2828 3033 2899 gessisset,
3063 2843 3180 2885 erat
3224 2832 3726 2905 interrogandus;cna

2242 2924 2420 2972 autem
2470 2933 2585 2973 rem
2634 2930 2780 2974 recte
2829 2921 3103 2990 gesserit,
3143 2937 3267 2977 cum
3330 2924 3484 2980 laude
3526 2937 3595 2981 est
3628 2932 3725 2983 exci-

2242 3011 2487 3081 piendus.
2530 3010 2659 3078 Qua:
2697 3022 2782 3068 est
2816 3016 2957 3068 enim
2980 3056 2994 3078 ,
3036 3014 3147 3075 dic.
3174 3031 3363 3086 quaeso
3387 3059 3402 3083 ,
3434 3019 3530 3073 ﬁde
3552 3020 3725 3090 dignior.

2245 3112 2405 3157 tuane
2433 3103 2773 3158 ratiocinatio
2801 3112 2858 3159 et
2882 3105 3168 3169 calumnia,
3200 3121 3266 3159 an
3294 3107 3373 3161 rei
3404 3108 3724 3177 perfectioni-

2240 3196 2637 3261 citne,annou?
2660 3194 2761 3250 hoc
2800 3196 3023 3251 ostende
3056 3214 3069 3249 :
3102 3197 3431 3267 Superiorne
3458 3199 3546 3254 fuit
3574 3206 3725 3257 annos?

2240 3290 2308 3343 ad
2334 3289 2564 3344 linemne
2593 3289 2841 3359 perduxit
2864 3305 2985 3359 qua:
3004 3289 3157 3356 dixit,
3192 3292 3417 3345 annon?
3446 3292 3557 3347 Htec
3576 3294 3726 3349 suntdc

2239 3384 2430 3453 quibus
2458 3383 2731 3438 reddenda
2759 3391 2841 3437 est
2872 3384 3028 3438 ratio.
3070 3383 3162 3438 Die
3188 3384 3320 3438 mihi
3344 3426 3362 3451 ,
3404 3385 3556 3441 Deum
3580 3388 3727 3445 omnino

2240 3477 2423 3532 fateris
2451 3492 2590 3542 esse,
2624 3478 2669 3531 si
2696 3493 2802 3531 non
2827 3476 3097 3532 Christum
3117 3477 3140 3530 ?
3160 3494 3227 3533 ex
3251 3488 3307 3534 te
3333 3489 3506 3535 autem
3526 3480 3724 3535 sciscitor:

2239 3569 2450 3624 Deusne
2475 3578 2560 3625 est
2598 3569 2717 3623 sine
2760 3569 3063 3639 principio?
3095 3570 3249 3625 Dices
3274 3613 3291 3637 ,
3324 3571 3483 3628 Sane.
3511 3573 3589 3628 Die
3608 3585 3725 3627 auten

2237 3659 2368 3713 mihi
2395 3676 2410 3714 :
2441 3660 2551 3715 Cur
2571 3676 2676 3731 pon
2697 3670 2821 3715 ante
2840 3660 3022 3717 decies
3043 3662 3188 3715 mille
3208 3678 3382 3717 annos
3407 3665 3521 3719 fecit
3539 3665 3725 3719 homines!

2237 3752 2495 3806 vixissent
2531 3752 2672 3805 enim
2711 3750 2940 3821 longiori
2971 3762 3229 3821 tempore.
3268 3752 3405 3807 Nam
3431 3756 3473 3809 si
3498 3754 3725 3809 bonumst

2236 3856 2379 3908 esse,
2406 3842 2575 3897 umlto
2603 3843 2770 3912 magis
2795 3857 2915 3897 esse
2934 3842 3155 3899 diutius.
3174 3842 3326 3898 Nunc
3342 3855 3515 3899 autem
3528 3844 3725 3899 damnum-

2238 3948 2305 3987 ne
2327 3943 2649 4002 acceperunt
2667 3932 2785 4002 ejus
2807 3932 3064 4004 temporis
3083 3949 3190 4004 quo
3210 3949 3317 3988 non
3343 3934 3563 3995 fuerunt,
3578 3934 3724 3988 annos?

2237 4024 2343 4081 Sed
2369 4024 2623 4080 damnmn
2656 4039 2761 4078 non
2791 4035 3143 4095 acceperunt:
3169 4026 3441 4095 quomodo
3466 4036 3631 4087 autem,
3653 4026 3725 4092 ipse

2235 4118 2336 4173 scit
2359 4116 2447 4187 qui
2479 4116 2647 4172 fecit?
2676 4115 2882 4172 Rursus
2910 4131 2983 4171 ex
3010 4126 3062 4171 te
3086 4130 3272 4187 quaero
3303 4159 3319 4183 ,
3351 4132 3448 4172 cur
3476 4132 3570 4171 non
3601 4129 3723 4170 omne

2236 4219 2456 4279 repente
2498 4220 2553 4264 et
2588 4209 2745 4263 simul
2775 4207 2935 4264 fecit?
2963 4218 3018 4264 et
3046 4208 3190 4263 illius
3216 4209 3435 4280 quidem
3460 4210 3544 4279 qui
3578 4209 3716 4277 prima:~

2235 4304 2318 4357 est
2341 4312 2519 4369 natus,
2551 4303 2750 4365 anima,
2784 4310 2863 4356 tot
2886 4300 3047 4355 habet
3064 4314 3256 4366 annos,
3288 4300 3457 4356 altera
3483 4310 3721 4355 autemcul

2235 4396 2472 4451 nondum
2512 4396 2583 4451 sit
2634 4394 2771 4450 facta
2800 4434 2817 4460 ,
2852 4395 3028 4449 minus
3058 4393 3216 4449 habet
3241 4394 3266 4449 ?
3294 4410 3392 4449 cur
3420 4394 3557 4448 illum
3577 4390 3719 4461 quidem

2234 4491 2487 4562 primum,
2511 4488 2650 4551 hunc
2673 4504 2802 4543 vero
2828 4489 3178 4558 posteriorem
3203 4490 3254 4544 in
3283 4488 3425 4543 hunc
3450 4484 3721 4543 mundanis-

2234 4581 2432 4638 duxit?
2461 4581 2526 4636 Et
2556 4580 2671 4636 haec
2699 4580 2913 4650 quidem
2949 4594 3075 4635 vere
3115 4579 3276 4650 digna
3304 4590 3432 4634 sunt
3459 4620 3474 4644 ,
3503 4579 3564 4634 de
3594 4576 3720 4647 quibus

2234 4683 2524 4745 quzeratur,
2549 4681 2606 4727 at
2625 4688 2731 4727 non
2756 4687 2877 4742 qua:
2906 4672 3118 4727 curiose
3157 4671 3476 4742 indagentur
3504 4691 3517 4724 :
3545 4684 3638 4724 nata
3657 4667 3717 4719 hat

2236 4782 2306 4821 ne
2331 4777 2414 4821 est
2432 4766 2648 4835 quidem
2677 4766 3045 4835 qumrendum.
3078 4766 3187 4835 Ego
3209 4766 3353 4820 enim
3381 4765 3548 4819 dicam
3572 4772 3717 4818 ansa!

2235 4875 2394 4931 quam
2436 4861 2585 4915 dixi:
2614 4874 2751 4930 pone
2787 4858 2916 4913 mihi
2957 4858 3173 4929 quidem
3229 4860 3511 4913 humanam
3549 4864 3718 4909 natura!

2235 4967 2355 5007 esse
2380 4951 2539 5006 veluti
2563 4949 2846 5020 quamdam
2873 4957 3085 5004 aetatem
3106 4967 3122 5015 ;
3150 4960 3204 5004 et
3224 4950 3415 5019 primis
3436 4946 3620 5019 quidem
3636 4954 3721 4996 tea-

2235 5045 2453 5115 poribus
2485 5043 2843 5098 adolescentis
2881 5042 3057 5096 locum
3090 5042 3289 5097 habere
3318 5049 3551 5095 nostrum
3573 5047 3716 5107 genus;

2235 5137 2299 5191 iis
2324 5145 2503 5191 autem
2532 5137 2621 5205 qui
2648 5144 2968 5205 sequuntur,
3017 5134 3229 5203 juvenis
3255 5150 3270 5198 ;
3304 5134 3368 5186 iis
3393 5146 3517 5186 vero
3545 5130 3615 5199 qui
3640 5133 3718 5179 sunt

2233 5243 2399 5299 pr0pe
2419 5228 2829 5291 senium,senis.
2848 5226 2965 5283 Jam
2993 5240 3122 5280 vero
3146 5240 3268 5280 cum
3299 5226 3351 5278 in
3378 5224 3507 5278 flore
3529 5232 3576 5275 et
3596 5218 3718 5285 vigore

2234 5323 2391 5376 fuerit
2410 5321 2608 5386 anima,
2625 5320 2816 5374 laxatis
2840 5318 3092 5374 membris
3107 5317 3368 5387 corporis,
3393 5324 3449 5370 et
3462 5314 3586 5370 bello
3604 5308 3717 5367 ﬁni“.

2235 5424 2359 5469 tunc
2385 5413 2527 5468 ducti
2554 5428 2736 5467 sumus
2761 5411 2826 5466 ad
2853 5409 3263 5481 philosophiam.
3296 5408 3453 5477 Atqui
3477 5400 3648 5460 contra.
3670 5399 3720 5448 in-

2233 5508 2402 5577 quies,
2434 5521 2522 5561 res
2550 5522 2609 5560 se
2633 5504 2793 5559 habet
2824 5522 2839 5558 :
2868 5518 2962 5559 eos
2983 5503 3072 5573 qui
3102 5511 3228 5557 sunt
3251 5501 3596 5555 adolescentes
3613 5491 3720 5545 door-

2234 5616 2374 5667 mus,
2404 5600 2497 5655 sed
2528 5615 2634 5654 non
2662 5612 2851 5669 magna
2876 5596 3150 5667 dogmata,
3180 5609 3365 5650 verum
3393 5589 3666 5648 rhetorical!
3684 5586 3719 5628 α

2234 5693 2445 5748 dicendi
2478 5692 2785 5748 facultatem
2817 5708 2832 5756 ;
2866 5691 2978 5745 haec
3001 5705 3133 5744 vero
3157 5686 3370 5759 quando
3396 5685 3574 5740 ﬂorent
3593 5682 3717 5732 rb!-

2235 5786 2371 5845 Vitle
2396 5794 2573 5844 autem
2604 5785 2770 5843 Deum
2809 5796 3021 5855 quoque
3049 5780 3164 5839 haec
3194 5780 3365 5837 facere
3393 5775 3523 5850 apud
3546 5769 3717 5829 tum

2240 5891 2267 5924 ς
3058 5906 3061 5909 .
