3898 6530
170 409 287 465 327

172 526 313 597 πρός
355 536 474 577 τινα
495 564 507 581 ,
539 522 721 592 ἕτερον
758 517 1004 584 ἀξιώσειε
1033 516 1237 584 λέγων’
1288 511 1595 586 Παρακαλῶ
1638 527 1695 562 σε
1720 552 1735 573 ,

174 613 318 683 ὑπὲρ
347 608 481 677 ἐμοῦ
507 607 707 663 ἄπελθε
732 605 868 676 πρὸς
882 605 1028 658 τόνδε
1047 618 1062 631 ·
1093 599 1210 656 εἶτα
1240 602 1443 663 ἐκεῖνος
1465 601 1633 667 λέγοι,
1657 598 1738 649 ὅτι

181 702 282 756 Διά
314 698 461 752 τόνδε
487 696 661 750 ταῦτα
700 694 855 748 ποιῶ.
893 695 1052 746 Ὥστε
1085 692 1186 745 ούκ
1213 689 1600 759 ἐπαισχύνεται
1646 686 1741 739 καὶ

174 789 348 858 ταῦτα
370 783 534 840 αὑτοῦ
564 783 862 854 παθήματα
888 781 1086 849 λέγειν.
1114 781 1188 832 Οὐ
1211 780 1317 849 γὰρ
1347 777 1505 847 μόνον
1533 774 1743 829 ἀπέθα-

172 892 269 928 νεν
315 874 458 942 ὑπὲρ
488 871 666 943 ἡμῶν.
701 869 837 923 ἀλλά
866 870 960 923 καὶ
996 866 1132 938 μετὰ
1162 866 1223 918 τὸ
1260 864 1554 919 ἀποθανεῖν
1597 862 1741 915 ἐτοι-

179 962 281 1033 μός
302 962 417 1013 ἐστι
452 959 699 1029 θλιΰῆναι
721 956 789 1009 δι’
815 958 981 1025 ἡμᾶς.
1028 952 1431 1021 Ἑφιλονείκησε
1470 952 1564 1003 καὶ
1593 949 1742 1002 ἐϐιάο

178 1069 313 1105 σατο
351 1050 521 1115 δεῖξαι
555 1047 716 1102 αὐτὸν
762 1046 857 1098 καὶ
896 1044 991 1097 νῦν
1037 1041 1413 1096 κινδυνεύοντα
1458 1041 1596 1109 ὑπὲρ
1643 1041 1742 1108 τῆς

184 1138 513 1208 Ἐκκλησίας
546 1132 632 1185 διὰ
668 1131 762 1184 τοῦ
801 1131 928 1183 ίδίου
970 1128 1238 1200 σώματος,
1274 1129 1369 1182 καὶ
1402 1127 1538 1198 πρὸς
1568 1128 1744 1180 ἐκεῖνο

172 1226 552 1285 ἀποτείνεται,
589 1221 671 1274 ὅτι
698 1219 773 1272 Οὐ
810 1218 877 1271 δι’
917 1218 1073 1287 ἡμῶν
1103 1215 1466 1287 προσάγεσθε,
1499 1214 1635 1268 ἀλλὰ
1674 1213 1743 1266 δι’

174 1311 343 1365 αὐτοῦ
365 1352 380 1374 ,
417 1307 523 1361 κᾶν
566 1308 724 1377 ἡμεῖς
766 1303 940 1358 ταῦτα
975 1303 1217 1373 ποιῶμεν
1243 1321 1255 1335 ·
1290 1304 1351 1355 ού
1404 1301 1513 1373 γὰρ
1543 1303 1744 1355 οίκεῖον

173 1400 335 1468 ἔργον
369 1393 758 1464 ἀνεδεξάμεθα,
790 1391 926 1445 ἀλλά
950 1390 1010 1443 τὸ
1038 1390 1265 1443 ἐκείνου.
1298 1389 1407 1443 Καὶ
1430 1389 1627 1443 ταυτόν
1651 1391 1743 1441 ἐσε-

172 1504 293 1546 τιν,
332 1483 522 1553 ῶσπερ
561 1483 626 1535 ἂν
656 1480 711 1532 εί
743 1496 826 1542 τις
857 1478 1009 1542 τάξις
1045 1478 1279 1548 λαχοῦσα
1315 1475 1617 1548 στρατηγὸν
1651 1476 1743 1529 τὸν

176 1568 616 1643 ὐπερασπίζοντα
642 1565 832 1636 αὐτῆς,
859 1567 952 1618 καὶ
976 1567 1033 1619 ἐν
1051 1565 1126 1634 τῷ
1147 1565 1367 1635 πολέμῳ
1390 1566 1600 1634 στήκοι,
1624 1559 1745 1617 εἶτα

174 1659 501 1721 ἀπελθόντος
528 1655 759 1719 ἐκείνου,
787 1657 816 1707 0
838 1650 1249 1725 ὑποστράτηγος
1263 1654 1330 1706 τά
1352 1654 1559 1706 ἐκείνου
1583 1651 1746 1723 τραύ-

130 1792 141 1803 .
179 1767 333 1820 ματα
374 1746 677 1812 ἀναδέξαιτο
724 1743 887 1816 μέχρι
930 1743 1024 1796 τοῦ
1081 1742 1306 1812 λυθῆναι
1353 1741 1441 1794 τὸν
1488 1741 1739 1810 πόλεμον.

179 1836 320 1892 Εἶτα
348 1838 428 1890 ὅτι
459 1833 550 1888 καὶ
570 1833 639 1886 δι’
674 1832 835 1885 αὑτὸν
866 1830 1038 1884 ταῦτα
1068 1832 1241 1891 ποιεῖ,
1274 1830 1523 1883 ἄκουσον.
1566 1825 1744 1893 ’Υπὲρ

178 1925 292 1980 τοῦ
321 1925 587 1991 σώματος
619 1918 829 1985 αὐτοῦ,
852 1918 984 1988 φησί
1009 1933 1023 1947 ·
1056 1915 1212 1969 τοῦτο
1240 1915 1409 1967 θέλων
1444 1916 1636 1973 εἰπεῖν,
1662 1915 1744 1967 ὃτι

172 2014 294 2082 οὐχ
320 2013 446 2081 ὑμῖν
473 2005 788 2080 χαρίζομαι,
822 2005 957 2058 ἀλλά
976 2004 1054 2074 τῷ
1081 2004 1320 2075 Χριστῷ⁸
1352 2003 1387 2056 ἃ
1410 2003 1519 2072 γὰρ
1542 2003 1750 2057 ἐκεῖνον

173 2101 289 2154 ἔδει
324 2099 515 2152 παθεῖν
537 2140 553 2163 ,
584 2096 695 2165 ἐγὼ
720 2095 914 2164 πάσχω
946 2095 1058 2146 ἀντ’
1097 2092 1261 2146 αὐτοῦ
1282 2108 1295 2122 ”
1344 2092 1447 2161 ὅρα
1476 2091 1617 2145 πόσα
1649 2108 1749 2144 κα-

175 2185 523 2249 τασκευάζει.
555 2185 804 2237 Δείκνυσι
836 2182 968 2235 πολὺ
998 2181 1059 2234 τὸ
1086 2180 1305 2250 φίλτρον
1328 2194 1341 2208 ·
1377 2178 1566 2249 ὥσπερ
1594 2180 1652 2231 ἐν
1679 2180 1745 2249 τῇ

175 2276 410 2345 δευτέρᾳ⁵
436 2272 574 2344 πρὸς
601 2270 917 2342 Κορινθίους
951 2268 1237 2339 Ἐπιστολῇ
1269 2268 1495 2339 γράφων
1525 2268 1711 2336 ἔλεγεν
1728 2307 1747 2331 ,

190 2364 297 2418 Ἕν
326 2361 471 2431 ἡμῖν
497 2360 663 2413 ἔθετο
695 2358 811 2425 τὴν
843 2356 1153 2410 διακονίαν
1186 2353 1297 2423 τῆς
1324 2354 1742 2423 καταλλαγῆς’

175 2451 275 2504 καὶ
312 2447 495 2509 πάλιν,
540 2445 709 2514 Ὑπὲρ
745 2443 1001 2513 Χριστοῦ
1036 2443 1461 2511 πρεσϐεύομεν,
1489 2439 1637 2513 [355]
1665 2441 1746 2508 ώς

174 2538 287 2591 τοῦ
322 2535 470 2591 Θεοῦ
503 2532 997 2601 παρακαλοῦντος
1019 2531 1094 2583 δι’
1115 2528 1285 2599 ήμῶν
1307 2545 1322 2559 ·
1352 2529 1510 2582 τοῦτο
1532 2530 1627 2582 καὶ
1657 2530 1748 2581 ἐν·

174 2624 352 2679 ταῦθά
374 2638 558 2692 φησιν,
589 2620 758 2690 Ὑπὲρ
775 2618 940 2673 αὐτοῦ
967 2618 1183 2687 πάσχω,
1209 2617 1298 2670 ἶνα
1321 2615 1521 2687 μᾶλλον
1551 2616 1747 2678 αὐτοὺς

176 2708 569 2777 ἐπισπάσηται.
629 2706 949 2767 Τουτέστιν,
1007 2705 1069 2757 Εί
1130 2704 1225 2757 καὶ
1265 2704 1294 2756 0
1342 2702 1572 2771 ὀφείλων
1620 2702 1751 2772 ὑμίν

177 2795 421 2865 ἀπῆλθεν
446 2835 461 2858 ,
511 2792 626 2846 ἀλλ’
664 2791 774 2861 ἐγὼ
824 2791 1143 2863 ἀποδίδωμι.
1186 2791 1285 2844 Διά
1322 2790 1432 2861 γὰρ
1463 2789 1620 2843 τοῦτο
1654 2790 1749 2844 καὶ

190 2880 588 2949 Ύστερήματα
617 2875 798 2943 εἶπεν,
829 2879 916 2932 ἵνα
940 2878 1089 2951 δείξῃ
1121 2879 1202 2931 ὅτι
1227 2877 1346 2930 οὐδὲ
1375 2877 1437 2929 τὸ
1468 2878 1576 2930 πᾶν
1599 2878 1750 2946 ἡγεῖ-

176 2987 273 3023 ται
287 2968 501 3022 οὐδέπω
527 2965 872 3019 πεπονθέναι.
907 2965 1078 3035 ’Υπὲρ
1106 2964 1280 3035 ὑμῶν,
1304 2966 1458 3035 φησι,
1484 2963 1577 3016 καὶ
1610 2962 1748 3032 μετά

184 3058 414 3111 θάνατον
443 3052 674 3125 πάσχει,
702 3052 755 3106 εἴ
778 3068 842 3121 γε
868 3051 946 3105 ἔτι
980 3050 1316 3122 ἐλλείμματα
1344 3050 1547 3119 ἔμεινε.
1579 3049 1749 3102 Τοῦτο

176 3147 241 3198 ἐν
288 3147 352 3214 τῇ
405 3143 541 3214 πρὸς
600 3140 900 3211 Ῥωμαίους
943 3139 1146 3208 ἐτέρως
1193 3140 1338 3191 ποιεῖ
1382 3137 1594 3207 λέγων’
1645 3140 1750 3203 Ὃς

180 3232 283 3286 καὶ
312 3229 657 3299 ἐντυγχάνει
688 3226 838 3295 ὑπὲρ
870 3223 1039 3296 ἡμῶν
1060 3242 1074 3255 ·
1104 3226 1315 3289 δεικνὺς
1350 3225 1431 3278 ὅτι
1458 3226 1558 3277 οὐκ
1580 3225 1747 3295 ἠρκέ-

179 3320 288 3381 σθη
315 3317 392 3388 τῷ
430 3316 643 3385 θανάτῳ
676 3314 855 3385 μόνον,
898 3313 1032 3368 ἀλλά
1072 3314 1162 3366 καὶ
1194 3311 1331 3384 μετά
1374 3311 1547 3365 ταῦτα
1580 3312 1749 3383 μυρία

176 3410 345 3461 ποιεῖ.
376 3407 448 3461 Οὐ
486 3408 667 3459 τοίνυν
705 3404 895 3459 ἐαυτὸν
934 3403 1175 3474 ἐπαίρων
1208 3402 1382 3455 ταῦτα
1414 3402 1583 3470 λέγει,
1611 3400 1748 3455 ἀλλά

174 3497 274 3550 τὸν
305 3494 539 3567 Χριστὸν
569 3494 735 3559 δεῖξαι
764 3490 1083 3562 βουλόμενος
1116 3490 1196 3543 ἔτι
1229 3491 1325 3543 καὶ
1353 3490 1445 3543 νῦν
1477 3490 1615 3561 ὑπὲρ
1644 3490 1746 3542 αὑ-

174 3583 289 3637 τῶν
317 3581 689 3654 φροντίζοντα.
716 3581 825 3632 Καὶ
857 3579 946 3631 τὸν
975 3578 1132 3646 λόγον
1167 3576 1479 3642 ἀξιόπιστον
1508 3577 1748 3630 δείκνυσι

174 3669 257 3740 τῷ
299 3668 647 3736 ἐπαγαγεῖν.
704 3665 883 3733 Ὑπὲρ
928 3665 1034 3718 τοῦ
1078 3663 1353 3733 σώματος
1386 3663 1591 3717 αὐτοῦ.
1627 3665 1749 3716 ὐτι

173 3758 288 3829 γάρ
338 3755 513 3816 οὕτως
554 3753 691 3825 ἕχει,
742 3754 836 3806 καὶ
878 3751 1030 3805 οὐδὲν
1080 3750 1513 3821 ἀπεικὸς,δῆλον
1545 3752 1609 3803 ἐκ
1651 3749 1747 3804 τοῦ

175 3845 321 3915 ὑπὲρ
344 3841 442 3896 τοῦ
479 3840 726 3911 σώματος
755 3838 919 3894 αὑτοῦ
948 3836 1427 3906 ταῦτανγενέσθαι.
1462 3838 1603 3907 Ὅρα
1632 3837 1749 3902 πῶς

173 3934 327 4003 ἡμᾶς
363 3928 599 3996 συνῆψεν
632 3924 829 3996 ἐαυτῷ.
859 3924 926 3978 Τί
963 3925 1144 3978 τοίνυν
1171 3924 1495 3993 ἐπεισάγετε
1523 3924 1613 3979 διὰ
1654 3924 1749 3995 μέ-

174 4037 277 4074 σου
325 4016 628 4085 ἀγγέλους;
670 4010 780 4080 Ἦς
822 4013 936 4083 ἐγὼ
981 4013 1293 4082 ἐγενόμην,
1344 4011 1500 4083 φησὶ,
1554 4011 1748 4066 διάκο-

172 4124 306 4171 νος.
335 4105 402 4157 Τί
432 4105 653 4174 ἐτέρους
682 4101 1001 4169 ὲπεισάγετε
1030 4098 1329 4168 ἀγγέλους;
1358 4094 1468 4165 ἐγώ
1488 4097 1603 4167 εἰμι
1634 4097 1748 4152 διά-

173 4209 356 4255 κονος.
389 4186 522 4245 Εἶτα
544 4189 811 4243 δείκνυσιν
831 4189 910 4241 ὅτι
934 4186 1088 4240 οὐδὲν
1116 4184 1276 4249 αὐτὸς
1297 4184 1573 4255 ἐποίησεν,
1607 4185 1662 4238 εί
1682 4201 1747 4254 γε

170 4279 427 4341 διάκονός
460 4280 629 4331 ἐστιν.
662 4270 773 4342 τΗς
809 4276 1101 4345 ἐγενόμην
1122 4272 1254 4343 ἐγὼ,
1288 4270 1441 4341 φησὶ,
1469 4270 1747 4338 διάκονος

175 4368 337 4419 κατὰ
362 4364 475 4432 τὴν
505 4364 851 4433 οἰκονομίαν
886 4360 992 4415 τοῦ
1025 4360 1172 4415 Θεοῦ
1203 4358 1314 4426 τὴν
1341 4357 1621 4412 δοθεῖσάν
1646 4375 1748 4428 μοι

176 4455 274 4516 είς
304 4450 477 4518 ὑμᾶς,
503 4450 816 4519 πληρῶσαι
846 4448 951 4501 τὸν
977 4449 1165 4516 λόγον
1192 4445 1297 4500 τοῦ
1327 4445 1476 4499 Θεοῦ
1517 4447 1747 4500 οἰκονο-

177 4539 356 4608 μίαν.
388 4538 539 4589 Ἤτοι
560 4537 718 4590 τοῦτό
744 4553 929 4606 φησιν,
958 4536 1040 4588 ὃτι
1058 4533 1245 4595 Οὕτως
1269 4531 1550 4604 ἠθέλησεν,
1578 4530 1745 4585 αὐτοῦ

180 4625 528 4688 ἀπελθόντος,
557 4628 701 4697 ἡμᾶς
721 4624 1065 4690 διαδέξασθαι
1091 4622 1189 4694 τὴν
1210 4622 1540 4689 οίκονομίαν,
1563 4623 1647 4675 ἵνα
1672 4623 1746 4692 μὴ

175 4715 262 4775 ὡς
286 4712 830 4783 ὲγκαταλελειμμένοι
853 4710 1144 4782 δωκὲησθε
1172 4727 1187 4742 ο
1219 4709 1381 4772 αὐτὸς
1409 4709 1517 4779 γάρ
1548 4710 1691 4761 ἐστιν
1719 4712 1747 4761 0

173 4798 393 4859 παθών,
413 4799 571 4863 αὐτὸς
603 4801 632 4853 ό
658 4799 991 4869 πρεσϐεύων
1020 4798 1052 4868 ἢ
1086 4797 1245 4850 τοῦτό
1282 4813 1466 4865 φησιν,
1492 4797 1573 4849 ὅτι
1614 4796 1745 4865 Ἐμὲ

170 4883 272 4936 τὸν
298 4882 533 4953 μάλιστα
564 4884 776 4937 πάντων
796 4883 1028 4950 διώκτην
1058 4881 1147 4934 διὰ
1175 4880 1333 4934 τοῦτο
1362 4881 1509 4934 είασε
1537 4880 1741 4945 διῶξαι,

173 4970 268 5024 ἵνα
302 4970 610 5045 ἀξιόπιστος
638 4964 682 5023 ὧ
715 4969 1024 5042 κηρύσσων·
1054 4969 1087 5037 ἢ
1118 4969 1425 5039 οίκονομίαν
1451 4968 1632 5038 φησὶν,
1664 4970 1746 5021 ὅτι

168 5059 295 5111 Ούκ
322 5058 461 5127 ἔργα
489 5059 746 5130 ἐζήτησεν
779 5057 901 5110 οὐδὲ
925 5055 1149 5127 πράξεις
1175 5056 1296 5108 οὐδὲ
1324 5054 1744 5125 κατορθώματα,

171 5144 318 5197 ἀλλά
348 5146 532 5197 πίστιν
564 5147 657 5198 καὶ
686 5143 988 5215 βάπτισμα.
1036 5143 1110 5195 Οὐ
1157 5143 1266 5212 γὰρ
1295 5141 1360 5195 ἂν
1399 5141 1601 5212 ἑτέρως
1632 5142 1746 5196 ἐδέ-

174 5231 346 5296 ξασθε
371 5233 463 5286 τὸν
483 5231 660 5300 λόγον.
680 5234 782 5298 El;
804 5228 977 5298 ὑμᾶς,
1004 5231 1158 5299 φησὶ,
1177 5228 1489 5297 πληρῶσαι
1510 5227 1617 5281 τὸν
1642 5229 1745 5282 λό-

172 5336 290 5389 γον
316 5318 423 5372 τοῦ
451 5319 619 5372 Θεοῦ.
641 5319 778 5389 Περὶ
802 5317 910 5371 τῶν
929 5317 1095 5371 ἐθνῶν
1124 5317 1290 5384 λέγει,
1315 5317 1527 5379 δεικνὺς
1552 5317 1747 5379 αὐτοὺς

169 5407 259 5459 ἔτι
318 5406 711 5476 σαλευομένους
747 5406 824 5474 τῷ
877 5406 1084 5467 εἰπεῖν,
1138 5402 1477 5472 Πληρῶσαι.
1519 5403 1592 5455 Τὸ
1640 5405 1747 5475 γὰρ

168 5494 305 5564 ἔθνη
345 5493 732 5565 άπερριμμένα
773 5491 1061 5563 δυνηθῆναι
1085 5488 1335 5543 τοσοῦτον
1374 5490 1505 5559 ὕψος
1543 5489 1749 5559 δογμά-

166 5601 285 5638 των
324 5583 617 5648 δέξασθαι,
654 5583 774 5652 οὐχὶ
809 5582 1018 5635 Παύλου
1044 5577 1141 5651 ἦν,
1178 5580 1291 5633 ἀλλ’
1320 5578 1626 5650 οἰκονομίας
1651 5579 1748 5647 τῆς

166 5671 268 5724 τοῦ
300 5671 463 5725 Θεοῦσ
507 5672 658 5725 Ἐπεὶ
679 5670 787 5739 ἐγὼ
820 5671 919 5722 οὐκ
942 5669 1005 5723 ἂν
1030 5668 1246 5738 ίσχυσα,
1277 5668 1429 5738 φησί,
1460 5666 1648 5732 Δείξας
1683 5666 1747 5737 δὴ

166 5760 233 5810 τὸ
278 5760 488 5830 μεῖξον,
537 5758 605 5812 τὰ
637 5757 800 5812 αὑτοῦ
844 5757 1139 5827 παθήματα
1181 5754 1275 5808 τοῦ
1315 5755 1548 5826 Χριστοῦ
1595 5754 1743 5815 ὅντα,

167 5850 295 5901 τότε
330 5847 392 5904 τὸ
432 5846 764 5919 σαφέστερον
801 5846 1015 5917 ἐπάγει,
1056 5846 1138 5900 ὅτι
1163 5845 1272 5900 Καὶ
1306 5843 1461 5900 τοῦτο
1488 5844 1582 5899 τοῦ
1610 5843 1745 5899 Θεοῦ

1111 399 1176 453 IN
1214 397 1431 454 EPIST.
1472 395 1561 449 AI)
1593 393 1745 450 COH

1850 422 1873 448 ι.
1914 395 2065 450 CAP.
2109 397 2149 450 ι.
2194 396 2423 452 ΙΙΟΜΙΙι.
2466 396 2554 453 ιν.
3299 404 3403 455 3228

1844 512 1981 576 ἐστι,
2008 509 2069 563 τὸ
2098 510 2379 581 πληρῶσαι
2404 514 2491 566 τὸν
2520 512 2675 583 λόγον
2701 515 2779 576 εἰς
2810 514 2971 583 ὕμᾶς.
3006 515 3110 566 Καὶ
3138 514 3404 569 δείκνυσιν

1843 597 2075 651 ἐνταῦθα
2111 597 2219 671 [οὐ]
2258 601 2527 669 φανερῶς,
2545 602 2627 653 ὅτι
2656 602 2766 655 Καὶ
2803 602 2961 653 τοῦτο
2985 604 3315 671 οἰκονομίας,
3343 604 3404 655 τὸ

1842 686 1937 738 νῦν
1964 686 2237 757 λεχθῆναι.
2258 690 2340 742 ὅτι
2361 687 2591 763 δύνασθε
2605 688 2842 752 ἀκούειν,
2866 690 2979 743 ἀλλ’
3004 693 3102 745 οὐκ
3126 692 3405 759 ἀμελείας,

1843 771 1958 825 ἀλλ’
2003 773 2143 827 ὥστε
2197 774 2477 837 δεκτικοὺς
2508 775 2795 842 γενέσθαι.
2859 778 2916 830 ’0
2964 777 3072 848 γάρ
3129 779 3259 842 Θεὸς
3307 780 3407 833 οὐκ

1845 861 2057 931 ἀθρόως
2096 864 2271 917 πάντα
2315 866 2489 926 ποιεῖ,
2530 863 2668 917 ἀλλά
2696 864 2959 937 κέχρηται
3003 867 3409 932 συγκαταὸάσει

1844 947 1933 1000 διὰ
1952 948 2050 1018 τὴν
2065 950 2265 1020 πολλὴν
2287 951 2452 1004 αὐτοῦ
2472 951 2893 1020 φιλανθρωπίαν.
2927 956 3035 1009 Καὶ
3056 956 3212 1009 τοῦτο
3239 957 3413 1010 αἴτιον

1844 1035 1937 1088 τοῦ
1972 1036 2064 1088 νῦν
2098 1039 2498 1108 παραγενέσθαι
2526 1039 2619 1092 τὸν
2648 1042 2900 1111 Χριστὸν,
2940 1042 3077 1096 ἀλλά
3116 1044 3191 1114 μὴ
3219 1044 3407 1098 πάλαι.

1846 1120 2003 1174 Οὕτω
2036 1125 2131 1177 καὶ
2170 1124 2439 1179 δείκνυσιν
2470 1128 2530 1178 ἐν
2562 1124 2637 1197 τῷ
2668 1128 2982 1198 Εὑαγγελίῳ
3008 1131 3089 1182 ὅτι
3126 1131 3215 1184 διὰ
3254 1134 3410 1184 τοῦτο

1844 1210 1971 1271 τοὺς
2000 1209 2220 1274 δούλους
2254 1212 2535 1266 ἀπέστειλε
2562 1214 2828 1285 πρώτους,
2865 1217 2948 1269 ἵνα
2973 1219 3046 1287 μὴ
3080 1220 3172 1269 ἐπὶ
3201 1218 3290 1271 τὸν
3316 1220 3411 1287 φόο

1847 1313 1937 1348 νον
1978 1297 2171 1351 ἔλθωσι
2214 1299 2307 1351 τοῦ
2359 1299 2495 1352 υἱοῦ.
2544 1301 2606 1352 Εἰ
2652 1301 2759 1371 γάρ
2801 1302 2922 1355 οὐδὲ
2959 1305 3095 1373 μετᾶ
3130 1304 3253 1367 τοὺς
3292 1304 3413 1356 δού-

1846 1383 1972 1447 λους
2000 1386 2225 1441 ἐλθόντα
2252 1387 2342 1439 τὸν
2379 1389 2493 1441 υἱὸν
2522 1389 2846 1459 ᾐδέσθησαν,
2872 1391 3049 1462 πολλῴ
3080 1393 3277 1458 μᾶλλον
3306 1393 3412 1462 πρὸ

1847 1472 2071 1526 τούτουο
2108 1477 2156 1527 εί
2204 1475 2313 1527 τῶν
2342 1476 2640 1530 ἐλαττόνων
2681 1477 2777 1529 οὐκ
2828 1480 3020 1549 ἢκουον
3056 1482 3410 1549 προσταγμά-

1848 1577 1985 1624 των,
2031 1564 2147 1627 πῶς
2195 1565 2305 1617 τῶν
2365 1566 2624 1635 μειζόνων
2674 1566 2912 1635 ἤκουσαν
2946 1567 3044 1631 ἀν;
3086 1568 3151 1620 Τί
3180 1563 3271 1620 οὖν
3311 1584 3411 1638 φης

1850 1663 1971 1711 σιν;
2021 1650 2133 1702 Οὐκ
2183 1650 2322 1703 εἰσὶν
2382 1650 2623 1705 Ἰουδαῖοι
2679 1652 2774 1705 καὶ
2823 1653 2950 1717 νῦν,
3001 1655 3095 1706 καὶ
3154 1654 3413 1724 ’Έλληνες

1848 1735 2197 1805 ἀτελέστερον
2219 1738 2551 1809 διακείμενοι
2567 1758 2581 1805 ;
2606 1740 2775 1795 Τοῦτο
2803 1740 2986 1795 λοιπὸν
3013 1743 3281 1815 ὑπερϐολὴ
3314 1748 3411 1815 ρᾳ-

1849 1823 2066 1894 θυμίας.
2113 1825 2186 1878 Τὸ
2224 1826 2333 1899 γὰρ
2365 1829 2504 1898 μετά
2534 1828 2787 1883 τοσοῦτον
2820 1830 2970 1903 [554]
3008 1833 3227 1902 χρόνον,
3275 1833 3412 1903 μετὰ

1847 1912 2081 1966 τοσαῦτα
2126 1912 2425 1984 διδάγματα
2458 1915 2535 1968 ἔτι
2584 1916 2765 1985 μένειν
2807 1918 3037 1985 ἀτελεῖς,
3076 1920 3271 1990 πολλῆς
3307 1940 3410 1973 νω-

1849 1995 1999 2059 θείας
2022 1997 2185 2051 ἐστίν.

1918 2182 1989 2244 γ’.
2012 2175 2181 2230 Ὅταν
2210 2171 2303 2231 οὖν
2325 2176 2554 2245 λέγωσιν
2585 2179 2861 2251 Ἕλληνες,
2888 2182 2985 2235 Διὰ
3006 2183 3054 2234 τί
3087 2183 3181 2235 νῦν
3202 2179 3360 2252 ἦλθεν
3386 2189 3414 2237 0

1850 2263 2115 2335 Χριστόςς
2152 2264 2226 2336 μὴ
2263 2264 2418 2318 τοῦτο
2454 2266 2681 2337 ἀφῶμεν
2714 2267 2894 2336 λέγειν
2921 2271 3152 2335 αὐτοὺς,
3185 2270 3297 2324 ἀλλ’
3318 2314 3333 2335 ,
3364 2274 3414 2325 εί

1853 2351 1927 2420 μὴ
1960 2350 2341 2421 κατώρθωσεν,
2370 2351 2681 2423 ἐρωτῶμεν.
2710 2355 2917 2427 ’Ὠσπερ
2947 2357 3054 2427 γὰρ
3078 2360 3125 2411 εί
3155 2360 3246 2413 καὶ
3268 2359 3417 2429 παρὰ

1849 2438 1945 2507 τὴν
1971 2439 2145 2509 ἀρχὴν
2175 2435 2304 2510 ἦλθε
2327 2440 2422 2492 καὶ
2453 2441 2527 2511 μὴ
2562 2441 2943 2513 κατώρθωσεν,
2966 2446 3067 2498 οὐκ
3093 2448 3254 2517 ἤρκει
3284 2448 3416 2518 ἡμῖν

1851 2527 1985 2597 πρὸς
2005 2525 2299 2595 ἀπολογίαν
2312 2527 2342 2577 0
2357 2531 2545 2600 καιρός
2565 2544 2579 2557 ο
2603 2527 2797 2595 οὕτως,
2824 2531 3009 2599 ἐπειδὴ
3033 2532 3414 2603 κατώρθωσεν,

1849 2616 1948 2667 ούκ
1978 2613 2043 2667 ἂν
2082 2613 2276 2684 εἴημεν
2314 2613 2511 2668 δίκαιοι
2538 2614 2631 2668 τοῦ
2672 2616 2866 2688 καιροῦ
2900 2618 2996 2681 τὰς
3029 2618 3256 2681 εὐθύνας
3315 2620 3418 2673 ὑπ-

1849 2702 2013 2771 έχειν.
2033 2700 2167 2754 υύδὲ
2193 2701 2300 2773 γὰρ
2322 2701 2505 2772 ίατρόν
2528 2719 2612 2765 τις
2642 2704 2743 2772 τὴν
2768 2704 2924 2757 νόσον
2944 2704 3180 2759 λύσαντα
3211 2708 3303 2759 καὶ
3322 2708 3419 2761 ἐπὶ

1852 2789 2037 2855 ὑγείαν
2075 2789 2348 2857 ἀγαγόντα
2375 2791 2600 2844 ἀπαιτεί
2629 2794 2730 2861 τῆς
2762 2793 3003 2863 ἰατρείας
3034 2794 3133 2856 τὰς
3163 2794 3413 2862 εὐθύνας,

1847 2877 1966 2929 οὐδὲ
1997 2877 2302 2947 στρατηγὸν
2330 2879 2650 2948 νενικηκότα
2676 2896 2761 2941 τις
2794 2879 3064 2945 ἐξετάζει,
3091 2881 3179 2934 διὰ
3206 2882 3259 2934 τί
3282 2882 3416 2952 τῷδε

1846 2964 1925 3033 τῷ
1950 2963 2146 3035 καιρῷ,
2186 2965 2280 3017 καὶ
2307 2965 2393 3018 διὰ
2421 2966 2472 3018 τί
2500 2967 2560 3020 ἐν
2586 2967 2723 3036 τῷδε
2754 2967 2834 3037 τῷ
2870 2970 3039 3039 τόπῳ.
3069 2967 3253 3022 Ταῦτα
3284 2970 3416 3039 γάρ,

1852 3051 1925 3120 μὴ
1972 3050 2435 3120 κατορθώσαντος,
2462 3048 2531 3122 ἦν
2577 3054 2787 3125 ἐρωτᾷν
2811 3072 2825 3085 ·
2858 3055 3300 3126 κατορθώσαντος
3336 3058 3414 3120 δὲ,

1847 3140 1937 3190 κα⁹ι
1964 3139 2342 3208 ἀποδέχεσθαι.
2380 3141 2422 3193 Τ
2428 3142 2474 3201 ίς
2500 3139 2628 3211 γὰρ,
2654 3141 2777 3194 εἰπέ
2808 3159 2918 3213 μοι,
2950 3142 3413 3215 ἀξιοπιστότεροςς

1845 3224 1875 3275 0
1902 3224 1990 3287 σὸς
2005 3224 2263 3297 λογισμὸς
2290 3228 2383 3279 καὶ⁵
2407 3228 2440 3298 ἡ
2463 3228 2817 3295 συκοφαντία,
2848 3230 2882 3299 ἢ
2909 3230 2942 3300 ή
2971 3230 3065 3283 τοῦ
3092 3230 3417 3301 πράγματος

1847 3312 2158 3382 τελειότηςξ
2206 3314 2488 3383 ἐνίκησεν,
2528 3314 2561 3385 ἢ
2598 3315 2698 3369 οὐκ
2736 3315 2983 3386 ἐνίκησες
3023 3317 3182 3370 τοῦτο
3208 3316 3414 3385 δεῖξον·

1849 3399 2214 3471 ἐκράτησεν,ῆ
2242 3400 2340 3453 οὐκ
2360 3401 2663 3472 ἐκράτησεν
2681 3419 2696 3469 ;
2714 3402 2981 3474 ἐξήγαγεν
3007 3406 3086 3468 είς
3109 3404 3259 3470 τέλος
3275 3406 3417 3478 άπερ

1848 3482 2029 3551 εἶπεν,
2059 3486 2091 3556 ἢ
2125 3485 2221 3551 ού;
2264 3479 2440 3542 Λῦταί
2478 3491 2614 3542 εἰσιν
2646 3491 2699 3542 αί
2735 3490 2979 3545 εὐθῦναι.
3015 3491 3149 3547 Είπὲ
3191 3492 3254 3564 δή
3294 3511 3414 3564 μοι,

1848 3571 1979 3624 Θεὸν
2020 3570 2237 3635 πάντως
2265 3572 2544 3641 ὁμολογεῖς
2585 3568 2759 3637 εῖναι,
2799 3576 2847 3627 εί
2896 3575 2988 3628 καὶ
3031 3576 3104 3646 μὴ
3146 3578 3413 3647 Χριστόνς

1850 3657 2038 3729 ἐρωτῶ
2069 3658 2131 3729 δή
2174 3676 2233 3710 σε
2254 3673 2270 3689 ’
2308 3658 2541 3731 ἄναρχος
2572 3661 2599 3712 0
2638 3661 2800 3727 Θεόςς
2830 3663 3052 3726 Πάντως
3084 3665 3245 3734 ἐρεῖς.
3281 3666 3417 3719 Είπὲ

1849 3744 1911 3815 δή
1946 3762 2054 3814 μοι,
2084 3744 2174 3798 διὰ
2204 3745 2261 3799 τί
2291 3746 2366 3817 μὴ
2398 3745 2504 3817 πρὸ
2535 3748 2743 3821 μυρίων
2771 3748 2908 3803 ἐτῶν
2932 3751 3056 3813 τοὺς
3094 3749 3415 3821 ἀνθρώπους

1851 3831 2098 3904 ἐποίησε;
2139 3832 2362 3887 πλείονα
2396 3834 2506 3905 γάρ
2544 3834 2768 3905 ἔμελλον
2810 3836 3071 3906 ζήσεσθαι
3102 3839 3311 3908 χρόνον.
3350 3840 3415 3893 EE

1850 3920 1958 3992 γὰρ
1984 3919 2146 3973 καλὸν
2165 3920 2225 3972 τὸ
2248 3917 2406 3986 εἶναι,
2437 3921 2615 3993 πολλῷ
2648 3921 2846 3992 μᾶλλον
2863 3923 2925 3976 τὸ
2950 3923 3230 3978 ἐπιπλεῖον
3251 3922 3413 3981 εἶναι.

1849 4007 1963 4060 Νὖν
1991 4006 2048 4060 δὲ
2084 4002 2467 4078 ἐζημιώθησαν
2500 4007 2559 4062 ὃν
2593 3998 2694 4063 ούκ
2722 4010 2969 4079 ἐγένοντο
3008 4011 3225 4082 χρόνονς
3275 4013 3417 4067 Ἀλλ’

1849 4092 1948 4146 οὐκ
1978 4093 2364 4165 ἐζημιώθησαν
2386 4112 2402 4127 ι
2427 4095 2489 4147 τὸ
2516 4096 2572 4149 δὲ
2601 4097 2738 4159 πῶς.
2770 4097 2931 4160 αὐτὸς
2965 4094 3103 4151 οἶδεν
3124 4101 3152 4151 0
3185 4117 3417 4169 πεποιη-

1850 4180 1981 4246 κώς.
2007 4184 2176 4236 Πάλιν
2203 4200 2262 4237 σε
2284 4185 2492 4256 ἐρωτῶ,
2514 4186 2599 4239 διὰ
2619 4186 2671 4238 τί
2699 4186 2772 4256 μὴ
2792 4188 2997 4250 πάντας
3022 4186 3215 4257 ἀθρόον
3231 4190 3418 4256 ἐποίη-

1851 4285 1965 4333 σεν,
2003 4270 2117 4323 ἀλλ’
2148 4272 2183 4341 ἡ
2217 4272 2315 4341 μὲν
2337 4272 2432 4325 τοῦ
2462 4272 2630 4335 δεῖνος
2654 4272 2798 4343 ψυχὴ
2831 4274 2924 4326 τοῦ
2952 4274 3169 4344 πρώτου
3194 4280 3412 4346 γενομέ-

1856 4375 1939 4410 νου
1964 4358 2197 4412 τοσαῦτα
2227 4359 2321 4431 ἔτη
2367 4360 2479 4430 ἔχει
2509 4357 2663 4425 οὖσα,
2690 4362 2723 4431 ἡ
2754 4361 2809 4414 δὲ
2846 4363 3013 4431 ἑτέρα
3040 4362 3343 4431 ἠλάττωται
3379 4365 3412 4434 ἡ

1852 4445 2077 4515 μηδέπω
2091 4448 2353 4517 γενομένη
2376 4446 2494 4511 ςδιά
2508 4448 2562 4501 τί
2585 4448 2677 4501 τὸν
2703 4448 2801 4518 μὲν
2817 4448 3054 4518 πρῶτον,
3072 4449 3162 4501 τὸν
3188 4449 3242 4502 δὲ
3268 4449 3417 4504 ὓστε-

1850 4549 1943 4602 ρον
1971 4531 2225 4604 ἐποίησεν
2250 4535 2331 4597 εἰς
2360 4536 2507 4589 τόνδε
2546 4536 2890 4607 παραχθῆναι
2920 4537 3013 4590 τὸν
3050 4538 3285 4607 κόσμον;
3321 4538 3416 4592 καὶ

1850 4619 2076 4674 τοιαῦτα
2101 4622 2270 4685 ὅντως
2295 4621 2573 4694 ζητήσεως
2599 4624 2752 4689 ἀξια,
2783 4625 2895 4679 ἀλλ’
2928 4626 2987 4678 ού
3021 4625 3414 4696 πολυπραγμο-

1852 4707 2014 4779 σύνης
2034 4724 2049 4738 ·
2071 4707 2232 4762 τοῦτο
2254 4709 2360 4781 γὰρ
2373 4710 2494 4763 ούδέ
2515 4710 2811 4781 ζητήσεως.
2851 4710 2993 4780 Ἐγὼ
3008 4712 3063 4765 δὲ
3090 4712 3201 4780 ἐρῶ
3224 4713 3323 4781 τὴν
3337 4716 3415 4766 αἱ·-

1847 4793 2182 4867 τίανλῆνπερ
2218 4792 2403 4850 εἷπον·
2446 4796 2647 4850 ὑπόθου
2675 4801 2783 4868 γάρ
2815 4816 2903 4869 μοι
2939 4798 3033 4869 τὴν
3069 4798 3414 4870 ἀνθρωπίνην

1850 4881 2012 4948 φύσιν
2036 4882 2225 4955 ὥσπερ
2242 4886 2374 4954 μίαν
2391 4884 2512 4937 τινὰ
2539 4885 2773 4956 ἠλικίαν.
2788 4888 2880 4939 καὶ
2903 4887 3029 4950 τοὺς
3048 4887 3144 4956 μὲν
3168 4887 3414 4957 πρώτους

1849 4968 2073 5040 χρόνους
2109 4972 2391 5041 μειρακίου
2424 4972 2576 5038 τάξιν
2615 4972 2757 5042 ἔχειν
2778 4973 2839 5025 τὸ
2864 4974 3018 5041 γένος
3040 4974 3099 5026 τὸ
3126 4974 3411 5043 ἡμέτερον,

1846 5056 1973 5118 τοὺς
2003 5056 2059 5110 δέ
2092 5058 2209 5128 μετ’
2242 5060 2415 5112 ἐκεῖνο
2434 5060 2737 5122 νεανίσκου,
2774 5060 2993 5124 τούτους
3019 5061 3073 5114 δὲ
3106 5063 3229 5124 τοὺς
3251 5062 3414 5127 ἐγγὺς

1849 5141 1944 5195 τοῦ
1974 5144 2158 5215 γήρως
2188 5145 2513 5215 πρεσϐύτου.
2545 5147 2744 5200 Λοιπὸν
2775 5148 2901 5201 ὅταν
2934 5151 2967 5217 ἡ
2998 5146 3142 5217 ψυχὴ
3169 5148 3412 5220 ἀκμάζῃ.

1849 5230 1958 5283 τῶν
1987 5230 2079 5283 τοῦ
2110 5232 2356 5303 σώματος
2384 5233 2560 5304 μελῶν
2592 5234 2989 5304 χαλασθέντων,
3028 5237 3120 5287 καὶ
3139 5233 3233 5287 τοῦ
3261 5235 3417 5287 πολέ-

1855 5334 1956 5385 μου
1984 5316 2254 5385 λυθέντος,
2290 5321 2409 5373 τότε
2433 5320 2677 5391 ήχθημεν
2703 5323 2795 5374 ἐπὶ
2826 5321 2922 5392 τὴν
2951 5320 3417 5390 φιλοσοφίαν.Καὶ

1855 5404 1960 5475 μὴν
1984 5406 2309 5470 τούναντίον,
2343 5409 2514 5479 φησί’
2589 5409 2846 5479 μειράκια
2901 5409 3027 5461 ὄντα
3070 5408 3415 5477 διδάσκομεν,

1851 5493 1965 5545 ἀλλ’
1990 5493 2049 5546 οὐ
2074 5493 2141 5546 τὰ
2178 5495 2389 5563 μεγάλα
2434 5495 2700 5566 δόγματα,
2732 5495 2868 5548 ἀλλὰ
2923 5495 3229 5567 ῥητορείαν,
3277 5496 3415 5550 ἀλλά

1850 5580 2127 5652 δεινότητα
2152 5583 2323 5651 λόγων
2339 5601 2351 5614 ’
2387 5585 2556 5638 ταῦτα
2587 5586 2684 5655 μὲν
2712 5582 2825 5647 οὖν,
2850 5586 2973 5638 ὅταν
2998 5585 3311 5653 ἀκμάζοντα
3336 5584 3427 5650 γέ-

1852 5685 2031 5736 νηται.
2060 5670 2202 5741 Ὅρα
2239 5672 2333 5724 καὶ
2380 5670 2470 5724 τὸν
2503 5671 2635 5724 Θεὸν
2676 5670 2851 5724 ταῦτα
2882 5670 3140 5723 ποιοῦντα
3184 5671 3277 5722 ἐπὶ
3309 5671 3418 5725 τῶν

1864 5755 2149 5813 Ἰουδαίων.
2209 5759 2477 5829 Καθάπερ
2534 5758 2641 5829 γὰρ
2691 5757 2921 5821 παιδίοις
2979 5762 3088 5821 τοῖς
3146 5756 3420 5823 Ἰουδαίοις

1851 5845 2272 5917 γραμματιστὴν
2312 5846 2403 5901 τὸν
2435 5846 2674 5901 Μωῦσέα
2698 5844 2867 5911 οὕτως
2901 5845 3084 5922 αὐτοῖς
3124 5848 3415 5916 ἐπέστησε,
