4032 6534
539 401 643 455 329

540 517 634 570 καὶ
666 514 741 579 ὡς
775 511 975 575 παιδία,
1007 508 1177 571 οὑτως
1198 508 1393 571 αὑτοὺς
1425 509 1696 578 ἀνήγαγεν
1731 508 1933 569 ἐκεῖνος
1962 522 2107 559 σκια-

537 597 785 671 γραφῶν,
814 594 1062 664 καθάπερ
1091 592 1253 662 ἡμεῖς
1285 592 1356 644 τὰ
1386 594 1646 661 στοιχεῖα.
1680 593 1865 644 Σκιὰν
1888 590 1999 659 γὰρ
2030 584 2110 657 ἦν

537 682 695 751 ἔχων
715 682 747 732 ό
776 680 958 745 νόμος
986 674 1102 727 τῶν
1122 674 1475 742 μελλόντων
1492 673 1748 741 ἀγαθῶν,
1781 674 1890 727 οὐκ
1915 671 2109 739 αὐτὴν

537 764 653 831 τὴν
686 761 889 815 εἰκόνα
920 756 1039 811 τῶν
1073 755 1451 826 πραγμάτων.
1505 757 1771 828 Καθάπερ
1814 752 1906 809 οὖν
1946 757 2108 825 ἡμεῖς

535 847 647 908 τοῖς
673 844 906 905 παιδίοις
946 843 1042 894 καὶ
1088 839 1428 903 πλακοῦντας
1465 839 1771 911 ὠνούμεθα,
1806 840 1901 893 καὶ
1938 837 2108 909 ἀργύ-

540 946 629 999 ρια
654 925 891 995 δίδομεν,
945 925 1004 977 ἐν
1038 924 1197 994 μόνον
1246 923 1379 994 παρ’
1410 923 1590 976 αὑτῶν
1632 923 2011 986 ἀπαιτοῦντες,
2046 922 2106 975 τὸ

534 1014 670 1074 τέως
696 1009 931 1080 βαδίζειν
956 1008 1050 1061 ἐπὶ
1078 1007 1140 1060 τὸ
1165 1006 1535 1060 διδασκαλεῖον
1557 1021 1570 1035 ·
1625 1004 1769 1059 οὑτω
1797 1007 1891 1060 xal
1918 1008 1947 1060 6
1973 1005 2106 1068 Θεὸς

534 1096 653 1148 τότε
673 1094 775 1146 καὶ
804 1091 1032 1145 πλοῦτον
1074 1090 1242 1142 ἔδωκε
1285 1090 1379 1141 καὶ
1409 1088 1640 1159 τρυφὴν,
1671 1088 1732 1141 ἐν
1770 1090 1901 1159 παρ’
1926 1088 2106 1141 αὑτῶν

535 1177 839 1247 ώνούμενος
862 1177 1021 1246 μόνον
1050 1173 1139 1226 διὰ
1162 1172 1262 1243 τῆς
1299 1172 1446 1244 [555]
1472 1173 1672 1241 πολλῆς
1705 1176 2105 1243 συγχωρήσεως

535 1261 593 1314 τὸ
628 1260 845 1315 ἀκούειν
874 1257 1170 1320 Μωῢσέως,
1229 1258 1328 1309 Διά
1374 1256 1533 1309 τοῦτο
1576 1257 1774 1319 αὑτοὺς
1798 1254 2105 1325 διδασκάλῳ

536 1344 870 1414 παρέδωκεν,
899 1341 985 1393 ἵνα
1026 1339 1100 1411 μὴ
1128 1338 1293 1392 αὑτοῦ
1316 1339 1751 1409 καταφρονῶσιν,
1786 1338 1924 1393 ἀλλά
1949 1356 2103 1408 περι-

536 1427 765 1499 έχωνται
824 1423 1071 1492 καθάπερ
1126 1422 1332 1491 πατρὸς
1396 1421 1773 1492 φιλοστόργου.
1796 1422 1940 1491 Ὅρα
1992 1422 2102 1493 γάρ

534 1512 653 1574 πώς
679 1510 881 1563 ἐκεῖνον
935 1506 1091 1577 μόνον
1120 1504 1473 1559 ἐδεδοίκεσαν.
1514 1506 1586 1558 Οὑ
1624 1505 1733 1577 γάρ
1764 1502 1937 1569 εἶπον,
1988 1502 2098 1557 Ποῦ

534 1596 682 1648 ἐστιν
727 1594 756 1646 6
793 1589 953 1655 Θεός;
993 1587 1147 1651 ἀλλά,
1186 1586 1297 1640 Ποῦ
1328 1591 1443 1643 ἐστι
1477 1589 1752 1659 Μωὺσῆς;
1788 1588 1882 1641 xal
1910 1586 2100 1658 παρὼν

536 1678 696 1748 μόνον
748 1672 975 1744 φοϐερὸς
1006 1671 1092 1742 ἦν.
1121 1671 1250 1724 Ὅτε
1304 1671 1435 1737 γοῦν
1478 1672 1665 1735 κακῶς
1708 1670 1972 1741 ἔπραξαν,
1998 1672 2101 1740 ὅρα

534 1760 651 1823 πῶς
686 1758 879 1819 αὑτοὺς
906 1755 1185 1809 ἐκόλασεν.
1213 1755 1271 1807 Ὀ
1305 1755 1403 1825 μὲν
1429 1754 1536 1825 γάρ
1579 1753 1711 1817 Θεὸς
1735 1756 1931 1816 αὑτοὺς
1960 1755 2096 1807 ἀπο-

532 1841 766 1913 κηρῦξαι
806 1839 1076 1903 ἐϐούλετο,
1112 1837 1275 1901 αὑτὸς
1321 1838 1377 1890 δέ
1408 1838 1509 1890 οὑκ
1534 1838 1759 1906 ἀφίησι·
1801 1837 2000 1906 μᾶλλον
2040 1837 2097 1891 δὲ

528 1927 591 1980 τὸ
616 1927 732 1980 ὅλον
768 1923 863 1977 τοῦ
888 1922 1024 1976 Θεοῦ
1050 1923 1260 1990 γέγονε,
1298 1921 1550 1992 καθάπερ
1578 1921 1782 1991 πατρὸς
1809 1921 2097 1975 ἀπειλοῦν-

529 2027 642 2073 τος,
678 2008 887 2062 ἐκείνου
915 2006 972 2060 δέ
1003 2005 1164 2059 αὑτὸν
1189 2004 1350 2058 οἱονεὶ
1375 2004 1691 2058 διδασκάλου
1725 2004 2097 2075 παραιτουμέ-

530 2110 645 2157 νου,
672 2093 763 2145 καὶ
784 2090 1051 2158 λέγοντος,
1082 2090 1165 2141 δτι
1208 2087 1361 2158 Ἐμοὶ
1387 2088 1759 2159 συγχώρησον,
1790 2088 1883 2141 καὶ
1916 2089 1979 2140 ἐκ
2002 2087 2094 2141 τοῦ

530 2176 624 2229 νῦν
653 2173 1005 2243 ἀναδέχομαι.
1036 2170 1221 2235 Οῦτως
1248 2171 1467 2238 ἐγένετο
1510 2171 1878 2224 διδασκαλεῖον
1908 2172 1939 2241 ἡ
1970 2171 2095 2241 ἔρη-

534 2262 667 2329 μος.
688 2257 797 2311 Kal
824 2255 1075 2325 καθάπερ
1105 2254 1292 2306 παιδία
1313 2255 1633 2324 χρονίσαντα
1661 2256 1753 2309 ἐπὶ
1779 2257 1877 2325 τῆς
1899 2256 2097 2327 διατριο

527 2341 652 2412 ϐῆς,
679 2340 1034 2411 ἀναχωρῆσαι
1089 2336 1375 2407 βούλεται·
1412 2337 1556 2392 οὑτω
1596 2340 1691 2391 καὶ
1726 2338 1922 2392 ἐκεῖνοι
1972 2341 2092 2393 τότε

528 2423 769 2494 συνεχῶς
813 2424 913 2492 τὴν
952 2421 1228 2489 Αἴγυπτον
1257 2422 1501 2491 ἐζήτουν,
1535 2422 1629 2474 καὶ
1668 2421 1879 2475 ἔκλαιον
1909 2422 2094 2491 λέγον-

525 2524 637 2573 τες·
661 2504 1073 2576 ’Λπολώλαμεν,
1131 2503 1543 2576 ὲξανηλώμεθα,
1595 2505 2090 2577 παραπολώλαμεν.

526 2593 638 2648 Καὶ
663 2592 762 2663 τὴν
782 2590 1033 2644 πινακίδα
1072 2589 1252 2643 αὐτῶν
1305 2589 1624 2659 συνέτριψεν
1654 2592 1683 2643 6
1713 2591 1974 2662 Μωῦσῆς,
2007 2588 2095 2662 ἐφ’

523 2674 592 2746 ἧς
631 2673 846 2747 γράψας
870 2674 1054 2736 αὐτοῖς
1079 2668 1148 2743 ἦν
1190 2671 1443 2742 καθάπερ
1470 2672 1711 2742 ὀνόματά
1728 2691 1855 2729 τινα
1873 2691 1888 2706 ο
1931 2675 2093 2728 ταυτδ

526 2760 718 2821 ποιῶν,
749 2758 886 2828 ὅπερ
915 2758 1010 2811 καὶ
1039 2755 1357 2820 διδάσκαλος
1401 2757 1681 2827 ποιήσειεν
1715 2758 1803 2822 ἂν,
1836 2758 1937 2829 τὴν
1968 2760 2091 2812 δέλ-

522 2860 617 2896 τον
642 2839 845 2903 λαϐὼν,
868 2840 963 2897 καὶ
989 2839 1114 2894 ίδὼν
1144 2840 1327 2902 κακῶς
1353 2841 1766 2912 γεγραμμένην,
1801 2843 1897 2896 καὶ
1923 2843 2093 2915 αὑτὴν

526 2925 708 2996 ῥίπτει
732 2923 832 2996 τὴν
854 2923 1057 2990 δέλτον,
1082 2922 1251 2976 πολὺν
1282 2922 1375 2976 τὸν
1400 2922 1570 2993 θυμὸν
1600 2923 1932 2988 ἐνδείξασθαι
1966 2925 2091 2995 βου-

524 3008 779 3079 λόμενος·
811 3007 918 3061 κᾶν
945 3006 1208 3079 κατεάξῃ,
1239 3008 1267 3060 6
1295 3005 1479 3076 πατὴρ
1505 3007 1567 3060 οὑ
1607 3007 1760 3078 κολᾷ.
1784 3008 1955 3072 Αὐτὸς
1991 3009 2091 3079 μὲν

524 3090 635 3161 γὰρ
663 3090 903 3144 ἐνέκειτο
950 3090 1205 3160 γράφων·
1245 3090 1445 3141 ἐκεῖνοι
1490 3089 1549 3142 δέ
1595 3090 1692 3159 οὑχ
1737 3090 1974 3161 ὁρῶντες
2008 3094 2091 3159 είς

523 3175 706 3238 αὑτὸν,
739 3173 855 3228 ἀλλ’
885 3171 1111 3241 ἑτέρωθι
1146 3171 1514 3242 ἐστραμμένοι
1543 3172 1841 3242 ήτάκτουν·
1873 3178 1967 3229 καὶ
2000 3194 2093 3231 κα-

520 3257 699 3329 θάπερ
721 3257 778 3309 ἐν
805 3258 871 3327 τῇ
900 3254 1149 3325 διατριϐῇ
1180 3254 1444 3324 ἀλλήλους
1469 3254 1760 3309 τύπτουσιν
1790 3258 1839 3310 οί
1880 3259 2087 3326 παῖδες,

523 3341 666 3395 οὑτω
693 3340 788 3393 καὶ
815 3338 935 3392 τότε
983 3338 1250 3407 ἀλλήλους
1279 3336 1503 3391 τύπτειν
1532 3338 1787 3392 ἐκέλευσε
1816 3342 1909 3394 καὶ
1937 3342 2090 3396 ἀναι-

525 3425 659 3496 ρεῖν.
711 3421 823 3475 Kal
871 3421 1036 3475 πάλιν
1084 3420 1335 3494 καθάπερ
1387 3422 1683 3492 μαθήματα
1724 3422 1918 3489 διδοὺς,
1971 3421 2089 3479 εἶτα

522 3505 787 3571 ἀπαιτῶν,
818 3506 913 3559 καὶ
937 3506 1033 3575 οὑχ
1062 3505 1349 3577 εὑρίσκων,
1382 3504 1658 3570 ἐκόλαζεν.
1683 3501 1808 3560 Οἷόν
1841 3526 1892 3561 τι
1924 3507 2084 3577 λέγω·

521 3590 826 3661 γράμματα
853 3590 954 3659 τῆς
974 3591 1257 3659 δυνάμεως
1301 3590 1395 3643 τοῦ
1423 3589 1558 3642 Θεοῦ
1589 3586 1728 3660 ἦσαν
1753 3595 2089 3664 γνωριστικά

520 3677 589 3729 τὰ
623 3677 681 3729 ἐν
708 3673 985 3745 Αἰγύπτῳ.
1030 3674 1157 3738 Nal,
1210 3674 1372 3744 φησίν
1392 3689 1406 3702 ·
1450 3674 1582 3727 ἀλλά
1607 3675 1779 3729 ταῦτα
1806 3678 1874 3730 τά
1902 3681 2084 3750 γράμ-

524 3778 552 3827 μ
572 3775 672 3812 uta
699 3759 799 3816 τὰς
827 3757 1041 3827 πληγὰς
1058 3757 1266 3826 ἐδήλου,
1297 3758 1387 3813 καὶ
1415 3758 1494 3811 ὅτι
1521 3759 1647 3822 τοὺς
1676 3759 1902 3832 ἐχθροὺς
1923 3763 2086 3818 κολά-

520 3841 627 3906 ζε.,
658 3842 749 3893 καὶ
772 3841 1139 3893 διδασκαλεῖον
1168 3844 1351 3906 αὑτοῖς
1398 3837 1466 3913 ἦν
1507 3843 1753 3914 ἀκριϐές.
1780 3845 1846 3896 Τί
1874 3844 1981 3917 γάρ
2016 3843 2085 3918 ἦν

520 3922 704 3992 άλλοὴ
737 3922 957 3985 κόλασις
990 3924 1097 3975 τών
1124 3924 1354 3993 ἐχθρῶν,
1398 3924 1568 3996 ἀλλ’ἢ
1601 3926 1843 3999 ὑμετέρα
1866 3930 2086 4000 εὐεργε-

523 4004 642 4070 σίας
669 4005 878 4068 ’Δλλως
910 4005 967 4057 δὲ
997 4006 1089 4059 καὶ
1117 4007 1399 4076 εὐηργέτει
1431 4008 1603 4077 ὑμᾶς·
1638 4010 1732 4063 καὶ
1770 4012 1965 4066 ταυτὸν
1994 4014 2085 4081 γέ-

519 4104 694 4155 γονεν,
721 4084 833 4141 οἷον
862 4087 927 4141 ἂν
957 4088 1011 4141 εί
1037 4105 1120 4151 τις
1164 4087 1311 4155 λέγοι
1358 4088 1457 4159 μὲν
1500 4091 1697 4144 εἰδέναι
1726 4092 1795 4146 τά
1824 4099 2080 4165 στοιχεῖα,

520 4172 798 4244 σποράδην
818 4170 875 4224 δέ
898 4170 1256 4242 ἐρωτώμενος
1280 4171 1355 4243 μὴ
1378 4172 1643 4244 εὑρίσκοι,
1684 4176 1779 4229 καὶ
1806 4176 2079 4235 τύπτοιτο.

518 4255 677 4309 Οὕτω
733 4256 976 4310 κάκεῖνοι
1010 4255 1197 4323 ἔλεγον
1228 4256 1326 4326 μὲν
1355 4247 1552 4311 εἰδέναι
1599 4259 1699 4331 τὴν
1738 4259 1967 4332 δύναμιν
1989 4264 2082 4317 τοῦ

512 4338 676 4403 Θεοῦ,
714 4338 988 4411 σποράδην
1022 4338 1078 4391 δὲ
1125 4339 1517 4411 ἀπαιτούμενοι
1537 4340 1636 4412 τὴν
1668 4341 1889 4411 γνῶσιν,
1915 4346 2082 4417 αὑτὴν

515 4423 576 4476 οὐ
604 4423 953 4493 παρείχοντο·
986 4421 1068 4476 διὺ
1097 4424 1192 4475 καὶ
1220 4422 1533 4479 ἐτύπτοντο.
1560 4423 1711 4489 Εἶδες
1741 4425 1915 4499 ὑδωρ;
1941 4430 2084 4499 ὀφεί-

515 4506 628 4568 λεις
659 4504 1091 4584 ἀναμνησθῆναι..
1118 4505 1211 4559 τοῦ
1264 4505 1457 4571 ὕδατος
1483 4507 1578 4561 τοῦ
1608 4510 1668 4563 ἐν
1704 4510 1983 4584 Αἰγύπτῳ.
2024 4514 2082 4568 Ὀ

516 4588 623 4658 γὰρ
658 4588 764 4641 ἀπὸ
796 4586 985 4652 ὓδατος
1026 4582 1167 4659 αἷμα
1195 4591 1442 4659 ποιήσας,
1476 4591 1764 4664 δυνήσεται
1805 4582 2083 4651 καὶτοῦτο

517 4669 772 4738 ποιῆσαι·
826 4669 1015 4742 ὥσπερ
1066 4671 1161 4725 καὶ
1195 4674 1360 4742 ἡμεῖς
1408 4673 1639 4746 λέγομεν
1684 4677 1944 4742 πολλάκις
1970 4682 2081 4744 τοῖς

520 4751 770 4815 παιδίοις·
787 4749 953 4806 Ὅταν
977 4752 1091 4823 ἴδῃς
1109 4754 1166 4811 ὲν
1186 4754 1264 4825 τῷ
1280 4755 1468 4827 βιϐλίῳ
1489 4757 1571 4823 τὸ,
1586 4776 1641 4824 α,
1659 4763 1938 4830 στοιχεῖον,
1958 4762 2082 4816 ἀνα-

522 4834 787 4907 μνήσθητι
807 4836 887 4888 ὅτι
912 4836 970 4889 ἐν
991 4839 1056 4905 τῇ
1084 4839 1321 4892 πινακίδι
1344 4841 1475 4894 αὑτὸ
1502 4836 1666 4914 εἶχες.
1709 4840 1861 4908 Εἶδες
1882 4844 2038 4915 λιμόν
2062 4864 2078 4912 ;

518 4917 890 4997 ἀναμνήσθητι
911 4918 991 4971 ὅτι
1015 4919 1176 4983 αὑτὸς
1199 4916 1267 4992 ἦν
1290 4923 1319 4974 6
1343 4923 1412 4977 τὰ
1438 4927 1753 4997 γεννήματα
1788 4927 2077 4993 ἀπολέσας.

516 4996 667 5084 Είδες
698 5001 999 5071 πολέμους;
1061 5003 1438 5078 ἀναμνήσθητι
1481 4996 2074 5084 τοῦκαταποντισμοῦ.

515 5081 670 5149 Εἶδες
698 5085 779 5138 ὅτι
812 5085 1034 5157 μεγάλοι
1058 5088 1105 5139 οί
1133 5087 1232 5156 τὴν
1252 5088 1357 5156 γῆν
1384 5090 1697 5159 οίκοῦντες;
1733 5094 1849 5149 ἀλλ’
1875 5081 2080 5153 οὑντῶν

513 5168 825 5236 Αἰγυπτίων
856 5169 1093 5239 μείζους.
1130 5166 1261 5225 Εἶτα
1306 5174 1334 5225 6
1362 5174 1424 5225 ἐκ
1459 5174 1623 5244 μέσου
1664 5178 1843 5233 αὑτῶν
1880 5198 1940 5235 σε
1979 5182 2078 5236 λα-

515 5252 645 5316 ϐὼν,
667 5252 728 5306 οὑ
753 5252 930 5323 πολλῷ
953 5254 1151 5322 μᾶλλον
1175 5255 1370 5321 ἔξωθεν
1390 5248 1517 5312 ὄντα
1548 5262 1775 5317 σώσειεν
1802 5264 1899 5330 άν;
1937 5266 2077 5320 Ἀλλ’

512 5336 613 5388 οὑκ
647 5335 841 5408 ᾔδεσαν
870 5337 1173 5408 σκορπιστά
1203 5339 1505 5409 ἐρωτᾶσθαι
1543 5343 1611 5397 τά
1662 5351 1932 5417 στοιχεῖα·
1989 5349 2077 5405 διὰ

510 5420 674 5474 τοῦτο
701 5419 1011 5473 ἐτύπτοντο.
1041 5420 1282 5491 Ἔφαγον
1307 5425 1401 5477 καὶ
1433 5425 1604 5491 ἔπιον,
1639 5429 1734 5481 καὶ
1775 5432 2077 5488 ἀπελάκτι-

514 5520 633 5555 σαν.
672 5502 817 5556 Ἔδει
846 5504 903 5556 ἐν
931 5502 1008 5575 τῷ
1062 5504 1236 5575 μάννα
1270 5506 1343 5577 μή
1384 5506 1564 5578 ζητεῖν
1600 5513 1831 5583 τρυφὴν,
1871 5516 1931 5569 τὸ
1967 5512 2075 5573 ἀπὸ

511 5584 711 5654 ταύτης
743 5586 1011 5655 μαθόντας
1041 5588 1227 5640 κακόν.
1259 5590 1369 5643 Kal
1397 5590 1588 5645 ταυτὸν
1619 5594 1857 5663 ἐποίουν,
1890 5594 2002 5653 οἷον
2025 5604 2073 5655 εί

510 5667 793 5755 ἐλεύθερος
803 5672 959 5755 -παῖς
985 5672 1062 5732 είς
1082 5671 1450 5755 διδασκαλεῖον
1478 5678 1846 5747 πεμπόμενος,
1883 5670 2109 5755 ἐπιζη-’ν

508 5749 628 5821 τοίη
675 5750 736 5803 τὸ
779 5750 926 5823 [556]
969 5753 1106 5823 μετά
1147 5754 1257 5807 τῶν
1285 5755 1482 5810 δούλων
1529 5758 1777 5827 ἄγεσθαι,
1829 5766 1923 5818 καὶ
1968 5749 2071 5822 ὑπὲ-

509 5834 724 5905 ηρετετν
747 5835 944 5899 αὐτοῖς,
967 5836 1059 5889 καὶ
1087 5837 1184 5896 τὴν
1206 5838 1507 5906 ἀναγκαίαν
1533 5845 1624 5898 καὶ
1653 5844 1922 5920 ἐλευθέρῳ
1939 5853 2069 5923 πρέ-

1208 394 1268 448 S.
1317 389 1601 449 JOANNIS
1635 387 2116 445 CHRYSOSTOMI
2154 386 2466 444 ARCHIEP.
2506 389 3047 448 CONSTANTINOP.

2217 522 2422 559 πουσαν
2450 505 2655 578 τροφὴν
2707 505 2905 569 λαϐὼν,
2940 505 3033 558 καὶ
3064 506 3121 557 ἐν
3149 507 3214 576 τῇ
3261 504 3352 559 τοῦ
3396 507 3598 578 πατρὸς
3645 528 3773 580 τρα-

2214 589 2353 662 πέζῃ
2399 590 2724 661 καθήμενος,
2757 591 2857 661 τῆς
2886 590 2997 643 τῶν
3026 590 3251 642 οἰκετῶν
3294 590 3589 643 ἀπολαύειν
3632 593 3771 649 θέλοι

2212 673 2309 743 τῆς
2337 674 2623 737 δυσώδους,
2674 674 2776 743 τῆς
2804 672 3044 744 ταραχῆς
3075 672 3559 745 ἐμπεπλησμένης.
3619 674 3773 732 Οὑτω

2213 756 2307 808 καὶ
2338 749 2483 810 οὑτοι
2518 756 2789 825 Αίγυπτον
2823 756 3065 827 ἐζήτουν,
3104 757 3202 809 καὶ
3229 755 3412 823 ἔλεγον
3442 757 3522 828 τῷ
3541 759 3769 829 Μωῦδῇ.

2211 839 2347 903 Ναὶ,
2383 840 2577 908 Κύριε,
2601 838 2798 894 πάντα
2832 841 2949 893 ὅσα
2975 840 3053 893 ἂν
3077 841 3255 908 εἷπῃς
3292 839 3643 908 ποιήσομεν,
3674 844 3771 895 καὶ

2211 923 2612 992 ἀκουσόμεθα.
2642 925 2749 977 Kal
2797 925 2931 994 ὅπερ
2957 925 3049 976 ἐπὶ
3075 926 3185 978 τῶν
3223 926 3428 997 σφόδρα
3451 926 3772 995 δυσδιορθώ-

2210 1022 2319 1059 των
2348 1007 2551 1060 παίδων
2587 1007 2817 1075 γίνεται,
2848 1005 2941 1060 τοῦ
2976 1008 3182 1077 πατρὸς
3210 1010 3403 1071 αὑτοὺς
3423 1009 3632 1061 ἀνελεῖν
3655 1009 3773 1076 βου-

2210 1088 2513 1159 λομένου,ὁ
2543 1091 2863 1155 διδάσκαλος
2912 1095 3261 1162 παραιτεῖται
3306 1094 3565 1163 συνεχῶς,
3616 1095 3772 1147 τοῦτο

2210 1175 2306 1229 καὶ
2334 1174 2457 1228 τότε
2492 1174 2721 1243 ἐγίνετο.

2279 1342 2342 1398 δ’.
2379 1341 2445 1394 Τί
2470 1340 2534 1413 δὴ
2559 1341 2735 1394 ταῦτα
2778 1342 2909 1412 ἡμῖν
2955 1341 3169 1412 εἴρηται
3192 1358 3206 1405 ;
3232 1340 3353 1394 Ὀτι
3386 1340 3592 1395 παίδων
3627 1344 3772 1396 οῦδὲν

2213 1426 2562 1496 διαφέρομεν.
2599 1425 2787 1478 Βούλει
2818 1423 3044 1478 ἀκοῦσαι
3080 1426 3174 1479 καὶ
3203 1424 3270 1477 τά
3302 1425 3547 1493 δόγματα
3574 1426 3771 1487 αὑτῶν,

2208 1511 2325 1576 πῶς
2383 1510 2591 1564 παίδων
2652 1508 2801 1573 ἐστί;
2850 1508 3189 1577 Ὀφθαλμὸν
3240 1510 3373 1563 ἀντὶ
3436 1509 3771 1577 ὀφθαλμοῦ,

2208 1593 2364 1664 φησὶ,
2416 1591 2513 1646 καὶ
2548 1591 2763 1645 ὀδόντα
2796 1590 2928 1645 ἀντὶ
2972 1589 3236 1657 ὀδόντος.
3289 1591 3560 1653 Εἰκότως·
3625 1591 3772 1644 οὑδέν

2206 1678 2315 1749 γὰρ
2344 1675 2674 1747 οὑτω-πρὸς
2709 1674 2919 1745 ἄμυναν
2943 1674 3223 1746 ὥρμηται,
3269 1675 3343 1739 ὡς
3390 1675 3619 1745 παιδικὴ
3663 1676 3773 1729 διά-

2206 1780 2343 1816 νοια.
2380 1760 2599 1832 Ἐπειδὴ
2630 1760 2739 1832 γὰρ
2770 1760 2989 1829 ἀλογίας
3012 1759 3125 1811 ἐστὶ
3155 1758 3213 1811 τὺ
3243 1758 3434 1825 πάθος,
3456 1759 3635 1828 πολλὴ
3663 1758 3770 1828 δὲή

2205 1846 2417 1912 ἀλογία,
2451 1846 2544 1898 καὶ
2574 1843 2742 1913 πολλὴ
2777 1843 2870 1896 τοῦ
2920 1840 3181 1910 λογισμοῦ
3210 1843 3244 1911 ἠ
3276 1841 3479 1911 ἐρημία
3509 1843 3570 1894 ἐν
3588 1842 3771 1914 ἐκείνῃ

2204 1931 2269 1999 τῇ
2297 1928 2503 1999 ἡλικίᾳ,
2556 1926 2781 1989 εἰκότως
2822 1928 3164 1997 τυραννεῖται
3190 1924 3295 1976 ὑπὸ
3339 1924 3514 1994 θυμοῦ
3544 1926 3607 1977 τὺ
3650 1944 3771 1978 παι-

2202 2012 2315 2065 δίον
2334 2027 2349 2042 ·
2380 2014 2476 2064 καὶ
2503 2010 2739 2079 τοσαύτη
2774 2010 2807 2079 ή
2835 2009 3089 2079 τυραννὶς
3114 2007 3209 2060 τοῦ
3240 2006 3434 2077 θυμοῦ,
3470 2006 3616 2060 ὥστε
3650 2011 3771 2062 πολ·

2200 2095 2359 2158 λάκις
2396 2093 2845 2165 προσπταίσαντα
2874 2093 2967 2145 καὶ
3009 2091 3389 2152 διαναστάντα,
3428 2089 3462 2160 ἦ
3511 2092 3642 2157 γόνυ
3681 2094 3772 2146 τύ-

2201 2194 2357 2231 πτειν
2372 2176 2803 2246 ἀγανακτοῦντα,
2824 2174 2859 2246 ἢ
2882 2174 2945 2227 τὸ
2965 2173 3253 2226 ὑποπόδιον
3268 2175 3658 2246 ἀναστρέφειν,
3680 2178 3770 2229 καὶ

2200 2261 2375 2323 οὕτως
2419 2259 2719 2314 ἀναπαύειν
2745 2257 2926 2312 αὑτῶν
2966 2255 3067 2328 τὴν
3109 2256 3301 2326 ὀδύνην
3343 2260 3438 2311 καὶ
3468 2259 3572 2330 τὴν
3599 2260 3765 2330 ὀργὴν

2203 2333 2505 2398 σϐεννύναι.
2549 2341 2801 2397 Τοιοῦτόν
2832 2358 2884 2393 τι
2914 2340 3008 2394 καὶ
3040 2341 3069 2393 6
3105 2338 3235 2402 Θεὸς
3258 2339 3540 2410 ἐποίησεν,
3571 2343 3769 2413 ὀφθαλ-

2204 2428 2304 2500 μδν
2328 2429 2448 2482 ἀντὶ
2488 2426 2767 2497 ὀφθαλμοῦ
2796 2425 2919 2489 δοὺς
2962 2423 3272 2486 ἐκκόπτειν,
3314 2426 3413 2478 καὶ
3438 2425 3629 2479 ὀδόντα
3653 2428 3769 2479 ἀντὶ

2196 2513 2433 2577 ὀδόντος,
2481 2512 2577 2565 καὶ
2621 2510 2959 2579 Αἰγυπτίους
3004 2506 3241 2578 ἀναιρῶν
3274 2509 3369 2561 καί
3400 2510 3769 2581 Ἀμαληκίτας

2198 2597 2327 2660 τοὺς
2360 2594 2733 2666 λελυπηκότας
2777 2591 2995 2654 αὑτούς.
3041 2592 3151 2644 Kal
3175 2590 3400 2643 τοιαῦτα
3433 2592 3765 2660 ἐπαγγέλλε-

2197 2696 2309 2743 ται,
2338 2678 2525 2748 ὥσπερ
2555 2677 2622 2731 ἂν
2650 2677 2798 2730 εἴποι
2821 2691 2925 2737 τις·
2963 2674 3165 2744 Πάτερ,
3199 2675 3227 2726 6
3256 2673 3404 2727 δεῖνά
3431 2692 3499 2745 με
3528 2676 3767 2747 ἐτύπτη-

2199 2780 2294 2817 σεν
2314 2778 2325 2791 ³
2357 2758 2455 2815 εἶτ’
2489 2763 2603 2832 ἐρεῖ
2632 2762 2661 2812 6
2686 2760 2889 2829 πατὴρ·
2915 2758 3098 2820 Κακὸς
3118 2756 3403 2826 ἄνθρωπος
3430 2759 3458 2809 6
3480 2757 3652 2821 δεῖνα,
3679 2762 3769 2813 καὶ

2202 2846 2522 2916 μισήσωμεν
2546 2844 2727 2896 αὐτόν.
2746 2841 2900 2896 Οῦτω
2924 2842 3016 2893 καὶ
3041 2842 3070 2893 6
3096 2839 3249 2902 Θεὸς,
3279 2839 3403 2902 Τοῖς
3426 2839 3767 2911 ἐχθραίνουσί

2199 2946 2303 2990 σοι,
2336 2928 2521 2997 φησιν,
2545 2926 2845 2997 ἐχθρεύσω,
2870 2925 3106 2987 καὶτοὺς
3131 2921 3421 2992 μισοῦντάς
3444 2940 3500 2976 σε
3530 2927 3763 2994 μισήεω.

2196 3011 2311 3065 Καὶ
2341 3011 2525 3077 πάλιν,
2560 3011 2648 3065 ὅτε
2675 3012 2704 3063 6
2728 3008 2955 3079 Βαλαὰμ
2976 3006 3195 3078 ηῦχετο,
3222 3006 3445 3077 παιδικὴ
3472 3001 3542 3077 ἦν
3576 3009 3609 3077 ή
3640 3024 3767 3074 συγ-

2187 3094 2501 3157 ,κατάϐασις
2530 3096 2561 3162 ή
2590 3095 2843 3163 γεγονυῖα
2879 3093 3080 3153 αὐτοῖς.
3117 3088 3381 3160 Καθάπερ
3404 3088 3514 3159 γάρ
3540 3090 3632 3142 ἐπὶ
3662 3090 3765 3145 τῶν

2198 3178 2444 3241 παιδίων,
2464 3179 2587 3232 ὅταν
2614 3195 2665 3230 τι
2688 3179 2795 3230 τῶν
2827 3177 2885 3229 οὑ
2913 3173 3155 3244 φοϐερῶν
3182 3174 3381 3237 ἴδωσιν,
3401 3167 3511 3225 οἷον
3536 3174 3569 3243 ἢ
3599 3173 3761 3242 ἔριον,

2197 3263 2229 3335 ἦ
2256 3263 2383 3319 ἄλλο
2402 3279 2455 3315 τι
2477 3261 2738 3324 τοιοῦτον,
2770 3260 3024 3329 ἐξαίφνης
3057 3256 3376 3325 φοϐοῦνται·
3413 3256 3555 3309 ὥστε
3591 3258 3649 3310 δὲ
3690 3260 3761 3329 μὴ

2195 3351 2549 3419 ἐναπομεῖναι
2580 3348 2763 3409 αὑτοῖς
2790 3346 2878 3399 τὸν
2914 3344 3097 3412 φόϐον,
3132 3342 3338 3412 ἄγομεν
3365 3341 3468 3395 ὑπὸ
3497 3342 3599 3406 τάς
3624 3344 3762 3396 ὲκεί-

2195 3450 2301 3486 νων
2328 3434 2518 3502 χεῖρας
2545 3428 2696 3490 αὐτὸ,
2721 3430 2816 3481 καὶ
2843 3427 3030 3490 τίτθας
3067 3424 3328 3495 ποιοῦμεν
3367 3424 3758 3479 ὑποδεικνύειν·

2196 3513 2337 3567 οὑτω
2361 3515 2453 3568 καὶ
2481 3513 2509 3565 6
2537 3513 2668 3575 Θεὸς
2694 3510 2949 3582 ἐποίησεν
2972 3529 2984 3543 ·
3027 3509 3213 3581 ἐπειδὴ
3242 3508 3350 3578 γάρ
3387 3508 3619 3579 φοϐερὸς
3649 3506 3761 3579 ἦνδ

2198 3597 2411 3668 μάντις,
2449 3595 2675 3667 ἔτρεψεν
2698 3608 2722 3635 υ
2757 3596 2939 3657 αὑτοῖς
2971 3594 3061 3646 τὸν
3094 3594 3257 3662 φόϐον
3282 3594 3361 3656 είς
3387 3592 3610 3663 θάρσος,
3650 3596 3759 3648 Καὶ

2194 3679 2445 3752 καθάπερ
2470 3679 2539 3732 τὰ
2558 3677 3102 3747 ἀπογαλακτιζόμενα
3128 3678 3239 3729 τῶν
3264 3676 3491 3730 παιδίων
3515 3680 3574 3731 ἐν
3600 3680 3759 3732 καὶα-

2194 3762 2400 3828 θίσκοις
2416 3765 2594 3819 πάντα
2619 3763 2832 3834 ἔχουσιν
2848 3778 2863 3792 ⁸
2896 3760 3038 3816 οὕτω
3066 3761 3338 3822 κάκείνοις
3358 3761 3541 3815 πάντα
3565 3762 3756 3825 ἐδίδου,

2184 3849 2289 3903 καὶ
2336 3848 2538 3920 πολλὴν
2567 3848 2665 3919 τὴν
2693 3847 2902 3919 τρυφὴν
2953 3848 3225 3919 ἐχορήγει.
3262 3843 3423 3898 Ἀλλά
3456 3844 3517 3898 τὸ
3544 3848 3757 3901 παιδίον

2191 3933 2291 4005 τὴν
2319 3932 2490 4004 θηλὴν
2534 3932 2814 4013 ἐπιζητεῖ·
2854 3930 2997 3985 οὑτω
3040 3932 3142 3986 καὶ
3170 3923 3314 3983 οὗτοι
3339 3929 3440 3998 τὴν
3464 3930 3755 3998 Αἴγυπτον,

2191 4018 2286 4071 καὶ
2308 4018 2376 4071 τά
2398 4019 2516 4071 ἐκεῖ
2546 4016 2703 4089 κρέα.

2263 4182 2424 4235 Ὥστε
2457 4182 2553 4234 xal
2580 4180 2899 4234 διδάσκαλον
2930 4184 3025 4235 καὶ
3058 4183 3263 4254 τροφέα
3291 4184 3383 4236 καὶ
3410 4184 3753 4254 παιδαγωγὸν

2189 4265 2290 4319 οὑκ
2314 4266 2379 4319 ἄν
2400 4283 2487 4329 τις
2514 4266 2753 4337 ἁμάρτοι
2801 4266 2893 4319 τὸν
2922 4267 3160 4321 Μωῦσέα
3189 4268 3502 4339 προσειπών
3528 4286 3543 4301 ·
3589 4272 3750 4343 πολλή

2188 4348 2301 4417 γάρ
2328 4349 2362 4419 ἡ
2394 4350 2555 4418 σοφία
2596 4348 2690 4402 τοῦ
2724 4349 2935 4421 ἀνδρός.
2991 4350 3104 4404 Οὐκ
3132 4350 3245 4404 ἐστι
3288 4350 3347 4404 δὲ
3383 4352 3497 4404 ἴσον
3549 4354 3751 4425 ἀνδρῶν

2180 4433 2291 4504 ήδη
2328 4432 2634 4502 φιλοσοφεῖν
2658 4432 2968 4504 δυναμένων
2989 4434 3261 4503 ἡγεῖσθαι,
3291 4434 3384 4487 καὶ
3402 4436 3613 4490 παίδων
3642 4438 3752 4491 ἀλο-

2188 4517 2391 4582 γίστων
2412 4517 2624 4587 ἄρχειν.
2651 4516 2779 4582 Kal,
2807 4517 2854 4569 εί
2883 4516 3136 4587 βούλεσθε
3168 4518 3260 4571 καὶ
3293 4518 3481 4588 ἕτερόν
3509 4536 3564 4573 τι
3595 4520 3752 4573 ἀκοῦο

2190 4617 2280 4654 σαι
2295 4600 2345 4660 δ,
2365 4598 2618 4671 καθάπερ
2642 4601 2675 4670 ή
2698 4599 2895 4670 τροφὸς
2916 4600 2993 4671 τῷ
3011 4600 3205 4671 παιδίῳ
3229 4600 3399 4669 λέγει’
3430 4603 3600 4656 Ὅταν
3624 4604 3753 4659 ἀπο·

2188 4685 2387 4753 πατῇς,
2423 4682 2738 4737 ἀνάστειλόν
2769 4700 2862 4737 σου
2890 4684 2958 4737 τά
2988 4684 3200 4754 ἱμάτια,
3225 4686 3320 4738 καὶ
3352 4685 3516 4756 μέχρι
3566 4687 3750 4739 τοσού-

2184 4782 2303 4827 του,
2335 4767 2462 4819 δταν
2505 4766 2840 4838 καθιζάνῃς·
2888 4765 3029 4819 οὕτω
3062 4768 3157 4821 καὶ
3204 4769 3233 4821 6
3272 4769 3513 4839 Μωῡσῆς
3559 4770 3746 4822 ἐποίει.

2186 4849 2297 4902 Kal
2323 4847 2510 4919 ὥσπερ
2560 4852 2738 4903 πάντα
2787 4849 2858 4903 τά
2896 4850 3041 4921 πάθη
3074 4852 3328 4921 τυραννεῖ
3368 4851 3427 4903 ἐν
3457 4853 3574 4915 τοῖς
3600 4852 3751 4904 παισὶ

2188 4931 2418 5001 (οὐδέπω
2450 4932 2558 5004 γὰρ
2584 4932 2808 5004 ἔχειτὸν
2841 4933 3095 5004 ἡνίοχον),
3136 4933 3427 5001 κενοδοξία,
3464 4936 3747 5005 ἐπιθυμία,

2185 5013 2399 5083 ἀλογία,
2421 5015 2610 5085 θυμὸς,
2635 5016 2902 5087 βασκανία
2921 5034 2934 5045 ·
2974 5016 3116 5070 οὑτω
3137 5017 3233 5070 καὶ
3257 5017 3314 5070 ἐν
3337 5019 3451 5080 τοῖς
3483 5017 3749 5081 Ἰουδαίοις

2186 5096 2365 5151 πάντα
2389 5098 2561 5152 ταῦτα
2592 5100 2843 5170 ἐκράτει·
2875 5099 3155 5164 ἐνέπτυον,
3180 5099 3409 5153 ἔτυπτον
3458 5100 3548 5153 τὸν
3582 5101 3746 5154 Mani)-

2188 5180 2306 5235 σέα.
2330 5181 2440 5237 Kal
2472 5181 2723 5253 καθάπερ
2748 5183 2961 5236 παιδίον
2987 5181 3251 5252 λαμϐάνει
3290 5182 3456 5244 λίθον,
3491 5184 3587 5236 καὶ
3610 5183 3743 5237 πάν-

2184 5281 2276 5329 τες
2307 5264 2536 5337 βοῶμεν·
2567 5267 2629 5318 Ὢ
2653 5266 2727 5337 μὴ
2756 5267 2936 5339 ῥίψῃς·
2955 5266 3095 5319 οὕτω
3120 5268 3362 5319 κάκεῖνοι
3389 5264 3538 5337 [557]
3570 5265 3747 5330 λίθους

2184 5348 2487 5420 ἐλάμϐανον
2514 5349 2657 5403 κατά
2684 5350 2778 5403 τοῦ
2810 5351 3033 5419 πατρὸς,
3058 5352 3085 5402 ό
3116 5350 3172 5402 δέ
3201 5350 3417 5418 ἔφευγε.
3447 5352 3556 5403 Καὶ
3581 5353 3749 5404 καθάο

2183 5448 2291 5503 περ
2320 5434 2367 5486 εί
2410 5433 2611 5504 κόσμον
2639 5435 2761 5487 τινὰ
2792 5434 2903 5504 ἔχοι
2948 5436 2976 5487 6
3012 5434 3212 5504 πατὴρ,
3244 5434 3429 5486 τοῦτον
3453 5433 3511 5487 τὸ
3537 5435 3746 5488 παιδίον

2181 5516 2325 5569 αίτεῖ
2348 5518 2477 5587 παρ’
2506 5517 2669 5570 αὑτοῦ
2696 5517 3022 5586 φιλόκοσμον
3043 5517 3101 5569 δν
3117 5533 3129 5544 ·
3161 5515 3303 5569 οὓτω
3320 5516 3382 5586 δὴ
3407 5520 3457 5569 οί
3494 5520 3623 5586 περὶ
3645 5524 3747 5571 Δα-

2185 5598 2283 5651 θάν
2314 5600 2410 5653 καὶ
2446 5599 2708 5672 Ἀϐειρὼν
2742 5600 3075 5669 πεποιήκασι
3120 5602 3184 5669 τῇ
3236 5599 3500 5671 ἱερωσύνῃ
3540 5605 3743 5654 ἐπανα-

2185 5682 2425 5745 στάντες.
2463 5683 2572 5736 Kal
2601 5683 2861 5753 βάσκανοι
2881 5683 2938 5735 δὲ
2967 5682 3201 5753 μάλιστα
3225 5682 3441 5735 πάντων
3462 5679 3624 5753 ἦσαν,
3646 5686 3742 5738 καὶ

2244 5797 2269 5875 ς
2397 5815 2461 5849 ex
2488 5814 2584 5849 uno
2609 5801 3029 5875 90d.‘00rr.ech')m.
3052 5799 3329 5875 Leugflgatiur
3352 5800 3589 5869 ἔστρεψεν.
3605 5802 3737 5853 Enn.

2246 5857 2272 5901 δ
2297 5859 2378 5912 Sic
2400 5876 2525 5911 unus
2542 5863 2671 5924 cod.;
2693 5865 2819 5913 alius
2836 5863 3089 5913 ἀκούσατε.
3116 5857 3233 5912 Edd.
3253 5857 3501 5910 ἀκούσετε.
