4032 6502
281 493 387 549 529

272 608 480 664 Judmis
509 605 652 661 enim
698 613 964 673 tamquam
1009 601 1185 672 pueris
1225 600 1366 655 Deus
1412 598 1612 654 Mosem
1652 594 1846 666 prmfe-

275 704 363 755 cit‘
400 698 509 752 ludi
559 697 890 766 magistrum,
920 703 974 749 et
1016 703 1075 747 ut
1102 692 1279 765 pueris
1320 692 1435 747 haec
1464 690 1587 746 fecit
1616 689 1720 754 ille,
1754 687 1852 743 ad-

274 791 539 845 umbratis
564 789 701 842 sicut
727 801 825 841 nos
853 787 1116 841 elementa
1147 803 1160 838 :
1193 784 1434 839 Umbram
1458 784 1590 836 enim
1614 822 1629 843 ,
1660 783 1877 851 inquit,,

273 880 471 932 habens
489 879 571 932 lea:
598 877 887 946 futurorum
907 875 1149 929 bonorum
1173 915 1186 938 ,
1218 891 1317 927 non
1346 873 1511 943 ipsam
1539 888 1705 927 rerum
1726 872 1853 924 ima-

269 973 445 1040 ginem
485 971 514 1041 (-
534 969 691 1024 Hebr.
720 970 807 1026 10.
841 971 875 1024 1⁸
900 969 943 1040 ).
992 968 1140 1023 Sicut
1167 982 1263 1022 nos
1291 966 1470 1037 pueris
1498 977 1552 1020 et
1582 966 1853 1035 placentas

267 1067 525 1130 emimus,
558 1065 939 1120 etnummulos
968 1065 1158 1119 damus
1182 1105 1196 1128 ,
1229 1079 1390 1117 unum
1420 1063 1489 1117 ab
1518 1064 1595 1118 eis
1623 1064 1843 1132 exigen-

270 1166 359 1210 tes
379 1167 438 1209 ut
461 1171 599 1210 nunc
625 1166 748 1209 eaut
775 1155 840 1208 ad
870 1154 1049 1209 ludum
1078 1155 1369 1211 literarium
1399 1172 1413 1209 :
1444 1155 1513 1209 ita
1548 1154 1687 1208 Deus
1728 1164 1853 1209 tunc

266 1265 493 1318 quoque
533 1258 587 1303 et
638 1248 849 1303 divitias
874 1249 1028 1303 dedit”
1053 1260 1108 1304 et
1151 1249 1365 1304 delicias
1391 1290 1405 1313 ,
1448 1248 1611 1303 multa
1654 1262 1852 1302 conce-

264 1340 453 1394 dendo
474 1356 635 1393 untun
658 1341 726 1394 ab
754 1341 835 1395 eis
854 1355 1062 1403 emens,
1083 1350 1142 1395 ut
1169 1341 1414 1396 audirent
1442 1340 1697 1412 Moysem.
1721 1340 1857 1394 Pro-

264 1443 459 1503 pterea
511 1432 658 1487 dedit
702 1448 798 1487 eos
845 1432 1051 1487 doctori
1101 1448 1164 1488 ac
1212 1433 1513 1504 magistro,
1563 1449 1629 1487 ne
1678 1433 1852 1502 ipsum

261 1524 655 1590 despicerent,
689 1522 783 1576 sed
826 1532 882 1576 ut
924 1532 1128 1595 patrem
1172 1523 1488 1577 benevolum
1518 1522 1848 1591 exciperent.

264 1612 409 1667 Vide
428 1613 696 1680 quomodo
722 1613 866 1666 illum
896 1614 1065 1667 solum
1097 1612 1515 1668 limueriut.Nun
1542 1613 1682 1666 enim
1702 1612 1853 1667 dixe-

259 1714 419 1768 runt,
453 1702 549 1758 Ubi
592 1712 676 1757 est
715 1702 856 1758 Deus
880 1745 895 1769 ,
923 1702 1015 1758 sed
1042 1742 1057 1766 ,
1088 1702 1187 1759 Ubi
1235 1715 1318 1759 est
1365 1703 1619 1774 Moyses?
1645 1710 1701 1756 et
1728 1718 1849 1757 cum

258 1796 448 1850 aulum
476 1795 840 1860 adesset,erat
866 1795 1139 1850 terribilis.
1174 1795 1398 1863 Quando
1427 1795 1749 1865 igitur'male
1778 1794 1851 1849 re.

261 1897 465 1941 cerunt
488 1928 501 1950 ,
534 1885 654 1941 vide
681 1887 950 1956 quomodo
972 1902 1067 1943 eos
1091 1889 1279 1957 puniit.
1308 1887 1439 1943 Nam
1470 1887 1609 1943 Deus
1636 1887 1849 1957 quidem

259 1978 484 2033 volebat
525 1993 633 2033 eos
658 1978 908 2034 abdicare
933 2020 948 2045 ,
980 1980 1095 2048 ipse
1123 1994 1253 2035 vero
1278 1994 1385 2034 non
1414 1980 1708 2051 permittit;
1742 1981 1879 2039 imo.

258 2085 401 2123 vero
424 2079 590 2123 totum
618 2070 715 2123 fuit
738 2070 852 2137 Dei,
875 2069 964 2125 illo
986 2080 1253 2140 tamquam
1277 2078 1428 2139 patre
1453 2071 1708 2134 minante,
1733 2083 1846 2124 nta-

257 2164 440 2230 gistro
467 2170 645 2215 autem
670 2170 889 2231 rogante
915 2177 978 2216 ac
999 2162 1324 2232 deprecante
1345 2162 1686 2231 dicenteque,
1719 2164 1847 2217 Mihi

258 2252 541 2318 condona,
571 2253 715 2307 etab
743 2252 867 2308 inde
890 2254 939 2307 in
963 2269 1049 2309 me
1072 2254 1329 2323 suscipio.
1357 2253 1446 2309 Sic
1467 2255 1735 2309 desertum
1752 2255 1852 2310 fuit

257 2344 428 2399 ludus
460 2346 744 2399 literarius.
773 2344 841 2399 Et
868 2345 1007 2400 sicut
1034 2346 1177 2414 pueri
1206 2361 1325 2400 cum
1358 2346 1409 2401 in
1454 2346 1578 2400 ludo
1609 2346 1851 2401 literario

257 2435 469 2489 fuerint
498 2435 656 2505 longo
684 2444 945 2505 tempore,
976 2438 1161 2491 volunt
1188 2436 1442 2492 recedere
1472 2455 1485 2490 :
1520 2438 1590 2492 ita
1618 2438 1692 2493 illi
1719 2453 1851 2508 quo-

255 2540 372 2594 que
402 2534 529 2579 tunc
569 2526 782 2580 assidue
807 2526 1119 2595 qtlzerebant
1147 2524 1440 2599 Egyptum
1466 2537 1568 2595 ,et
1612 2528 1846 2595 flebant,

256 2617 514 2671 dicentes
545 2659 560 2681 ,
601 2618 896 2683 Periimus,
931 2622 1232 2691 consumpti
1263 2636 1448 2675 sumus
1474 2662 1491 2689 ,
1523 2622 1846 2677 interiimus.

255 2710 335 2764 Et
364 2709 809 2764 tabulam‘eorum
838 2712 1089 2765 contrivit
1112 2711 1342 2783 Moyses,
1372 2728 1492 2767 cum
1521 2714 1680 2768 veluti
1704 2730 1850 2784 quae-

253 2799 390 2855 dam
414 2805 629 2854 nomina
660 2802 738 2856 eis
769 2803 1095 2872 scripsisset.
1129 2804 1280 2872 Quod
1326 2806 1490 2859 etiam
1520 2807 1703 2861 fecerit
1730 2822 1847 2861 ma-

254 2892 457 2961 gister,
477 2906 597 2945 cum
626 2902 839 2961 accepta
865 2893 1037 2947 tabula
1060 2910 1178 2949 eam
1202 2895 1392 2950 viderit
1413 2898 1552 2952 male
1573 2898 1844 2967 scriptam,

258 2984 443 3050 ipsam
487 2998 699 3053 quoque
732 2984 864 3054 jacit
905 2987 1137 3041 tabulam
1163 3026 1179 3053 ,
1209 3002 1453 3058 magnam
1502 2989 1633 3043 iram
1664 2991 1850 3044 volens

255 3073 599 3139 ostendere;
638 3085 703 3129 et‘
732 3076 777 3130 si
816 3076 1183 3147 confregerit,
1235 3089 1385 3149 pater
1427 3095 1532 3135 non
1579 3081 1843 3137 irascitur.

255 3166 403 3222 Nam
433 3167 545 3235 ipse
571 3166 783 3236 quidem
809 3166 859 3223 ei
884 3168 1179 3224 scribendae
1202 3170 1547 3238 incubuerat;
1575 3173 1648 3227 illi
1670 3184 1847 3229 autem

258 3272 377 3313 non
403 3259 469 3312 ad
504 3274 627 3315 eum
659 3261 1000 3328 aspicientes,
1035 3261 1265 3317 sed'alio
1290 3266 1556 3328 conversi,
1579 3282 1637 3321 se
1655 3267 1848 3323 immo-

255 3352 420 3404 (leste
438 3360 489 3405 et
520 3350 817 3407 insolenter
839 3354 1118 3421 gerebant:
1139 3363 1192 3410 et
1217 3355 1353 3410 sicut
1383 3355 1435 3410 in
1465 3356 1589 3413 ludo
1610 3359 1847 3416 literario

257 3443 423 3513 pueri
450 3457 513 3498 se
540 3444 763 3498 invicem
792 3445 1033 3513 pulsant,
1062 3446 1131 3501 ita
1182 3455 1306 3501 tunc
1335 3463 1544 3520 quoque
1569 3450 1727 3520 jussit
1750 3468 1845 3509 eos

259 3550 330 3588 se
346 3545 537 3589 mutuo
554 3535 842 3591 verberare
859 3544 909 3591 et
929 3536 1249 3592 interimere.
1265 3539 1330 3594 Et
1347 3556 1529 3595 rursus
1555 3542 1693 3598 sicut
1715 3545 1847 3599 dans

256 3626 600 3694 disciplinas,
627 3626 822 3683 deinde
850 3628 1087 3698 exigens,
1117 3639 1170 3684 et
1198 3646 1300 3684 non
1330 3634 1629 3699 inveniens,
1653 3635 1722 3688 ita
1753 3652 1847 3705 pu-

259 3717 469 3769 niebat.
513 3716 583 3771 Ut
618 3717 762 3772 verbi
804 3720 977 3788 gratia
1005 3734 1018 3777 :
1064 3720 1227 3774 literae
1253 3732 1405 3777 erant
1434 3723 1525 3778 Dei
1559 3728 1843 3793 potentiam

259 3810 569 3863 indicantes
595 3826 708 3879 quae
748 3811 801 3865 in
828 3810 1059 3883 Egypto
1084 3822 1230 3882 gesta
1276 3823 1416 3868 sunt.
1452 3815 1611 3880 Sane,
1642 3818 1840 3888 inquit;

257 3899 363 3954 sed
407 3901 512 3954 illa:
552 3901 715 3955 literae
754 3903 1119 3972 signiﬁcabant
1150 3905 1347 3975 plagas.
1380 3906 1483 3961 Sed
1507 3911 1846 3982 etquod'pu-

257 3996 374 4047 niat
420 3993 783 4058 inimicos;et
809 4006 960 4050 erant
1001 3996 1077 4050 eis
1122 3997 1273 4051 ludus
1320 3999 1583 4055 literarius
1628 4017 1845 4057 accura-

257 4094 367 4139 tus.
398 4084 534 4152 Quid
562 4086 705 4140 enim
732 4097 848 4141 erat
872 4086 1014 4142 aliud
1037 4089 1240 4157 punitio
1271 4091 1607 4148 inimicorum
1630 4136 1645 4160 ,
1681 4112 1840 4166 quam

255 4184 499 4229 vestrum
529 4176 849 4232 beneficium
868 4179 893 4231 ?
914 4178 1124 4248 Alioqui
1155 4190 1331 4235 autem
1363 4197 1457 4236 vos
1487 4200 1696 4267 quoque
1720 4187 1840 4242 affi-

260 4266 437 4320 ciebat
460 4266 757 4334 beneﬁcio;
781 4278 837 4323 et
861 4269 1084 4339 perinde
1113 4269 1230 4337 fuit,
1252 4282 1311 4326 ut
1337 4273 1381 4327 si
1413 4275 1671 4344 quispiam
1698 4277 1840 4333 dicat

262 4359 475 4427 quidem
501 4375 559 4414 se
588 4375 745 4415 nosse
775 4361 975 4428 literas,
1000 4365 1224 4431 sparsim
1247 4374 1423 4418 autem
1457 4367 1837 4438 interrogatus,

262 4466 369 4503 nun
392 4450 660 4515 inveniat',
696 4461 749 4506 et
778 4452 1109 4507 verberetur.
1135 4454 1209 4509 lta
1240 4456 1316 4509 illi
1348 4472 1562 4527 quoque
1586 4458 1840 4516 dicebant

262 4542 481 4609 quidem
508 4558 568 4597 se
590 4558 748 4598 nosse
776 4545 866 4599 Dei
896 4546 1179 4614 potentiam
1203 4564 1217 4611 ;
1243 4549 1287 4601 si
1312 4551 1536 4617 Sparsim
1568 4561 1743 4607 autem
1771 4554 1839 4608 ab

234 4634 342 4684 -eis
366 4634 671 4702 exigeretur
698 4634 810 4703 ipsa
836 4638 1070 4706 cognitio
1094 4680 1107 4701 ,
1146 4654 1211 4693 ne
1238 4640 1542 4708 pramebant
1567 4642 1785 4712 quidem
1819 4686 1832 4709 ,

260 4731 314 4776 et
340 4722 465 4777 ideo
496 4725 939 4782 verberabantur.
975 4728 1165 4785 Vidisti
1205 4732 1430 4801 aquam?
1459 4732 1624 4788 debes
1656 4750 1837 4790 recor-

263 4814 373 4867 ilari
404 4831 559 4885 aqum
588 4832 705 4886 quae
730 4816 828 4873 fuit
857 4820 907 4873 in
938 4819 1193 4891 Egypto.
1226 4820 1357 4877 Nam
1382 4825 1471 4893 qui
1499 4841 1562 4879 ex
1594 4840 1728 4897 aqua
1760 4827 1838 4883 fe-

260 4906 329 4957 cit
351 4908 700 4976 sanguinem,
735 4911 927 4979 poterit
956 4913 1067 4982 ipse
1094 4930 1304 4984 quoque
1333 4917 1433 4969 hoc
1458 4917 1652 4972 facere.
1687 4919 1833 4976 Sicut

257 5015 357 5054 nos
385 5016 529 5069 saepe
560 5001 784 5058 dicimus
813 5005 988 5073 pueris
1014 5048 1027 5068 ,
1070 5005 1201 5060 Cum
1233 5007 1432 5063 videris
1463 5011 1512 5064 in
1546 5010 1683 5065 libro
1723 5013 1834 5068 ele-

256 5103 519 5157 mentum,
540 5096 605 5157 A,
629 5095 912 5151 recordare
936 5098 1075 5167 quod
1093 5098 1144 5152 id
1169 5099 1400 5153 habebas
1430 5101 1478 5154 in
1510 5101 1723 5158 tabella.
1748 5104 1834 5157 Vi-

256 5182 386 5235 disti
438 5184 667 5238 famem?
698 5185 982 5240 recordare
1030 5188 1189 5256 qnod’
1215 5190 1256 5242 is
1285 5192 1396 5257 ipse
1437 5198 1555 5245 erat
1596 5192 1683 5261 qui
1709 5208 1830 5263 ger-

238 5273 403 5325 mina
453 5274 700 5342 perdidit;
731 5275 918 5331 Vidisti
951 5278 1129 5333 bella?
1175 5281 1454 5336 recordare
1506 5282 1705 5338 diluvii.
1740 5284 1831 5338 Vi-

254 5364 381 5417 disti
411 5379 630 5434 magnos
658 5381 778 5423 esse
818 5368 903 5438 qui
932 5378 1124 5423 terram
1150 5370 1425 5425 habitant?
1460 5375 1552 5427 sed
1583 5390 1689 5427 non
1721 5391 1831 5429 ma-

250 5453 707 5526 jores‘AEgyptiis.
730 5457 829 5526 Qui
846 5474 912 5514 ex
934 5475 1117 5514 eorum
1141 5462 1317 5516 medio
1340 5473 1390 5515 te
1412 5463 1629 5527 exemit,
1650 5479 1825 5518 annon

254 5546 424 5599 multo
464 5548 645 5616 magis»
672 5557 724 5602 te
763 5563 882 5604 cum
929 5551 1003 5605 sis
1050 5560 1197 5605 extra
1226 5554 1556 5607 sanaverit?
1582 5553 1685 5609 Sed
1718 5570 1823 5610 non

255 5650 447 5694 norant
477 5657 537 5696 se
552 5642 623 5697 de
646 5644 847 5712 sparsis
877 5644 1190 5713 interrogari
1218 5646 1540 5711 elementis;
1574 5660 1825 5718 propter-

254 5748 317 5785 ea
356 5733 797 5789 verberabantur.
830 5735 1192 5792 Comederunt
1219 5747 1274 5793 et
1298 5738 1548 5794 biberunt
1576 5750 1630 5794 et
1658 5743 1827 5795 recal-

253 5826 531 5880 citrarunt.
551 5825 841 5897 Oportebat
867 5830 918 5883 in
951 5844 1142 5885 manna
1174 5845 1277 5883 non
1306 5846 1544 5899 qumrere
1579 5834 1823 5903 volupta-

254 5927 363 5973 tem
392 5959 407 5986 ,
435 5933 559 5974 cum
590 5918 712 5976 inde
752 5930 926 5977 ortum
967 5924 1164 5979 malum
1195 5924 1521 5983 didicissent.
1558 5930 1620 5984 Et
1663 5930 1801 5986 idem

1190 482 1263 539 ΙΝ
1292 480 1503 538 EPIST.
1547 479 1638 535 AD
1674 477 1951 534 COLOSS.
1992 474 2147 532 CAP.
2191 477 2230 531 l'.
2275 477 2504 533 HOMIL.
2546 480 2635 537 IV.

3432 490 3541 545 330

1978 591 2253 646 faciebant
2274 592 2422 661 quod‘
2446 606 2575 662 puer
2599 594 2860 664 ingenuus
2890 596 3085 652 missus
3111 597 3381 653 adludunt
3417 601 3535 656 lite-

1960 685 2159 738 rarium
2185 724 2200 747 ,
2225 683 2316 753 qui
2346 692 2559 753 quzcrat‘
2588 684 2782 753 degere
2819 702 2939 741 cum
2968 688 3161 757 servis,
3190 700 3243 745 et
3272 692 3350 746 eis
3377 694 3539 747 mini-

1960 783 2161 837 strare;
2185 785 2382 830 etcum
2409 779 2738 832 necessarios
2764 793 2826 833 ac
2852 780 3083 849 ingenuo
3100 781 3285 853 dignos
3306 784 3453 839 cibos
3485 785 3535 840 in

1959 880 2145 920 mensa
2176 867 2339 936 patris
2360 866 2555 920 sedens
2581 884 2794 923 sumere
2822 871 3009 939 possit,
3047 874 3196 927 malit
3225 872 3326 928 frui
3354 876 3534 930 faetida

1958 968 2011 1013 et
2038 960 2277 1013 tumultu‘
2303 974 2366 1014 ac
2408 960 2811 1029 perturbatione
2836 962 2991 1029 plena
3024 979 3298 1019 servorum
3324 983 3528 1022 mensa.

1960 1048 2034 1103 Ita
2066 1060 2119 1105 et
2150 1051 2221 1104 illi
2252 1050 2545 1121 Egyptum
2575 1053 2907 1120 qmrrebant.
2942 1055 3007 1107 Et
3050 1055 3301 1111 dicebant
3326 1058 3531 1131 Moysi,

1958 1139 2121 1207 Certe,
2144 1140 2409 1196 Domine:
2435 1144 2605 1196 omnia
2630 1160 2956 1214 quwcumque
2980 1147 3171 1201 dixeris
3200 1150 3460 1218 faciemus,
3489 1160 3537 1205 et

1956 1233 2221 1287 audiemus
2255 1237 2272 1305 (
2301 1233 2471 1289 Exod.
2503 1235 2594 1290 24.
2622 1237 2652 1289 7
2678 1238 2719 1308 ).
2754 1236 2820 1290 Et
2850 1248 2905 1291 ut
2933 1248 3084 1307 patre
3116 1239 3535 1300 inemendabiles

1959 1325 2096 1380 filios
2118 1326 2429 1381 interimere
2459 1329 2674 1383 volente
2698 1370 2712 1394 ,
2745 1330 3004 1399 magister
3030 1332 3247 1387 assidue
3269 1333 3529 1404 depreca-

1958 1427 2063 1481 tur,
2092 1419 2143 1473 id
2174 1430 2298 1475 tunc
2320 1435 2465 1490 sa-pe
2496 1420 2691 1475 factunt
2724 1418 2825 1476 est.

2028 1510 2080 1563 4.
2113 1510 2218 1563 cur
2243 1511 2357 1565 bzcc
2386 1525 2414 1563 a
2443 1512 2599 1565 nobis
2627 1512 2767 1566 dicta
2792 1514 2955 1567 sunt?
2983 1515 3133 1582 Quod
3162 1531 3207 1569 a-
3226 1519 3407 1588 pueris
3448 1519 3533 1572 ui-

1958 1597 2044 1653 ltil‘
2068 1598 2398 1655 differamus.
2435 1602 2527 1656 V'is
2563 1602 2753 1657 audire
2791 1620 2979 1658 eorum
3027 1624 3238 1677 quoque
3282 1609 3531 1681 dogmata

1957 1704 2243 1759 puerorum
2271 1706 2392 1747 esse
2407 1693 2439 1745 ?‘
2459 1690 2676 1747 Gaulum
2702 1736 2715 1757 ,
2749 1695 2962 1764 inquit,
2992 1714 3087 1765 pro
3112 1699 3259 1753 oculo
3284 1742 3299 1764 ,
3329 1711 3377 1754 et
3406 1703 3534 1756 deu—

1955 1791 2055 1835 tem
2086 1798 2178 1851 pro
2199 1783 2348 1837 dente
2388 1783 2554 1853 ('Lev.
2587 1784 2678 1839 24'.
2702 1785 2835 1856 20).
2865 1787 3054 1842 Merito
3084 1804 3097 1842 :
3123 1792 3257 1844 nihil
3287 1794 3426 1848 enim
3468 1795 3535 1850 τω

1956 1874 2211 1930 ultionem
2253 1892 2419 1946 atque
2448 1878 2706 1933 incitatur
2740 1889 2899 1948 atque
2942 1883 3093 1951 pueri
3133 1884 3364 1941 animus.
3401 1886 3535 1943 Nam

1954 1967 2206 2035 quoniam
2236 1970 2458 2024 rationis
2489 1982 2701 2040 egestas
2728 1984 2811 2026 est
2838 1982 2893 2026 et
2922 1975 3085 2029 animi
3108 1986 3285 2032 motus
3310 1992 3376 2032 ac
3402 1962 3554 2047 per-ﬁ

1955 2060 2206 2127 turbatio,
2237 2078 2426 2132 magna
2458 2074 2635 2117 autem
2661 2076 2873 2134 egestas
2901 2069 3123 2123 rationis
3153 2079 3206 2125 et
3229 2073 3534 2128 considera-

1957 2151 2117 2206 tionis
2160 2162 2242 2207 est
2291 2154 2342 2207 in
2394 2154 2481 2208 illa
2526 2165 2722 2219 actate,
2754 2157 2945 2212 merito
2990 2160 3058 2213 ab
3108 2161 3202 2215 ira:
3250 2167 3533 2233 tyrannide

1955 2243 2270 2310 opprimitur
2312 2260 2478 2314 puer‘;
2519 2256 2571 2300 et
2620 2256 2759 2301 tanta
2795 2250 3070 2319 tyrannide
3096 2293 3109 2316 ,
3139 2262 3195 2306 ut
3223 2269 3365 2324 sa-pe
3412 2272 3533 2313 cum

1956 2335 2021 2389 ad
2050 2345 2241 2390 terram
2273 2352 2330 2392 se
2356 2338 2581 2393 alliserit
2609 2348 2663 2394 et
2690 2344 3001 2407 slirrexerit,
3028 2353 3118 2399 aut
3140 2346 3374 2403 irascens
3391 2364 3528 2419 genu

1954 2428 2152 2497 pulset,
2183 2438 2274 2484 aut
2298 2431 2585 2486 scabellnm
2615 2444 2837 2496 evertat.
2870 2436 3021 2490 et'ita
3041 2437 3279 2494 dolorem
3306 2443 3457 2497 sede’t
3479 2455 3534 2498 et

1956 2520 2085 2573 iram
2119 2523 2437 2593 exstinguat.
2459 2524 2589 2580 Tale
2617 2526 2932 2596 quidetiam
2969 2528 3269 2599 Densfecit,
3309 2537 3522 2591 oculum

1956 2626 2052 2680 pro
2076 2613 2229 2667 oculo
2254 2614 2386 2670 dans
2405 2616 2843 2686 exsculpendum,
2873 2626 2927 2673 et
2956 2619 3170 2675 dentem
3199 2637 3294 2688 pro
3321 2624 3481 2681 dente
3506 2670 3522 2689 ,

1954 2712 2008 2757 et
2035 2702 2316 2775 Egyptios
2357 2707 2649 2775 perimens,
2680 2724 2887 2764 necnon
2921 2711 3242 2769 Amalecitas
3272 2718 3359 2785 qui
3388 2719 3531 2788 ipsos

1954 2793 2198 2848 molestia
2228 2794 2540 2851 affecerant.
2569 2798 2785 2854 Et‘talla
2811 2801 3176 2871 cispromittit
3203 2847 3219 2871 ,
3250 2817 3306 2861 ut
3332 2809 3375 2864 si
3406 2812 3525 2881 quis

1954 2882 2097 2938 dicat
2133 2902 2147 2939 :
2179 2886 2356 2951 l’ater,
2387 2887 2476 2943 ille
2503 2903 2589 2944 me
2620 2894 2921 2959 percussit;
2946 2895 3139 2951 deinde
3164 2898 3305 2954 dicat
3337 2913 3487 2971 pater
3510 2946 3525 2971 ,

1955 2976 2048 3032 Ille
2077 2977 2236 3033 homo
2264 2981 2436 3036 malus
2458 2992 2541 3037 est
2566 3024 2582 3049 ,
2613 2983 2759 3039 illum
2786 2984 3075 3044 habeamus
3095 2991 3239 3047 odio.
3269 2993 3342 3050 lta
3370 2998 3530 3053 etiam

1956 3068 2096 3123 Deus
2130 3088 2142 3123 :
2172 3070 2263 3125 Eis
2287 3073 2375 3143 qui
2409 3072 2503 3127 tibi
2525 3076 2875 3133 sunt'inimici
2904 3093 2997 3134 ero
3025 3081 3288 3144 inimicus.
3317 3087 3485 3158 inquit
3510 3133 3526 3156 ,

1954 3170 2009 3216 ct
2032 3178 2126 3217 eos
2156 3164 2243 3233 qui
2274 3173 2324 3219 te
2345 3165 2576 3233 oderint,
2595 3168 2760 3223 odero
2781 3168 2976 3239 (Exod.
3000 3171 3089 3228 23.
3118 3173 3230 3246 22).
3255 3176 3323 3232 Et
3347 3195 3532 3238 rursus

1952 3254 2166 3325 quando
2204 3258 2521 3326 precabatur
2550 3260 2766 3316 Balaam
2791 3305 2804 3326 ,
2839 3264 3053 3333 puerilis
3093 3277 3366 3340 erat'quae
3404 3272 3530 3343 ipsis

1955 3346 2089 3402 facta
2118 3358 2202 3403 est
2224 3349 2383 3404 animi
2408 3350 2682 3406 demissio.
2699 3354 2850 3409 Sicut
2870 3357 3013 3411 enim
3042 3361 3211 3427 pueri,
3230 3376 3349 3416 cum
3377 3365 3531 3435 quid-

1956 3438 2093 3506 piam
2123 3455 2228 3493 non
2270 3440 2602 3497 formidabile
2640 3444 2822 3501 vident
2853 3487 2869 3512 ,
2919 3457 2976 3500 ut
3006 3448 3182 3505 lanam
3200 3462 3265 3507 et
3293 3454 3525 3523 similia,

1951 3531 2129 3583 statim
2152 3531 2375 3595 timent;
2410 3541 2641 3603 tuncque
2662 3551 2729 3591 ne
2760 3542 2948 3593 timere
2978 3552 3217 3610 pergant,
3249 3544 3300 3599 id
3327 3546 3528 3602 adma-

1953 3637 2052 3674 nus
2080 3622 2295 3676 illorum‘
2317 3623 2671 3691 adducimus‘,
2719 3636 2773 3682 et
2800 3630 3031 3685 nutrices
3054 3632 3308 3700 jubemus
3336 3644 3521 3692 osten-

1952 3710 2080 3765 dere
2122 3711 2267 3781 quid'
2294 3714 2410 3766 sit:
2443 3716 2511 3769 ita
2536 3717 2695 3770 etiam
2722 3717 2849 3774 fecit
2876 3720 3016 3775 Deus
3048 3740 3061 3776 :
3089 3724 3338 3792 quoniam
3378 3739 3549 3802 vates.

1950 3812 2066 3856 erat
2097 3803 2348 3858 terribilis
2374 3848 2389 3870 ,
2423 3808 2673 3862 timorem
2705 3808 2809 3864 illis
2835 3814 3115 3868 convertit'
3142 3814 3195 3870 in
3228 3817 3522 3876 audaciam.

1952 3894 2016 3948 Et
2049 3894 2187 3949 sicut
2224 3896 2452 3953 infantes
2490 3900 2579 3969 qui
2618 3901 2954 3960 ablactantur
2981 3947 2997 3972 ,
3028 3910 3205 3964 munia
3237 3908 3434 3968 habent
3473 3914 3525 3970 in

1949 3989 2125 4055 parvis
2150 3988 2371 4044 calathis
2401 4009 2415 4045 :
2447 3992 2516 4046 ita
2544 3992 2651 4049 illis
2677 4010 2887 4067 quoque
2909 3997 3069 4053 dabat
3088 4002 3287 4070 omnia,
3311 4013 3365 4060 et
3392 4006 3527 4061 mul-

1951 4089 2030 4134 tas
2061 4081 2300 4138 delicias.
2344 4084 2451 4140 Sed
2482 4090 2620 4142 sicut
2648 4086 2822 4144 infans
2846 4093 3067 4161 requirit
3095 4108 3381 4153 mammam
3406 4139 3420 4163 ,
3452 4099 3523 4155 ita

1949 4173 2035 4228 isti
2063 4190 2277 4246 quoque
2300 4176 2615 4250 Egyptum,
2643 4190 2837 4251 etquae
2868 4184 2975 4240 illic
3000 4196 3389 4246 erant'carnes.

2017 4263 2154 4320 Laus
2195 4266 2407 4339 Μορμὼ.
2438 4269 2541 4324 Cur
2569 4271 2796 4327 Christus
2830 4276 2882 4326 in
2924 4276 3166 4330 mundum
3207 4280 3417 4335 tardius‘
3442 4292 3519 4338 νε-

1948 4360 2097 4410 nerit.’
2116 4358 2556 4426 -—Quam0brem
2589 4378 2691 4415 non
2714 4364 3060 4430 aberraverlt,
3086 4369 3173 4434 qui
3202 4368 3436 4440 Moysem
3468 4384 3521 4429 et

1945 4449 2219 4505 ductarem
2260 4460 2313 4506 et
2350 4453 2572 4507 altorem
2615 4456 3037 4526 et‘pzedagogmn
3069 4461 3435 4532 appellaverit,
3467 4477 3523 4523 et

1944 4541 2060 4610 ejus
2086 4558 2328 4612 magnam
2360 4544 2552 4601 dixerit
2578 4551 3055 4619 csse'sapientiam.
3092 4552 3357 4613 Non'sunt
3377 4561 3517 4616 enim

1947 4633 2087 4701 paria
2121 4635 2247 4689 viris
2270 4635 2380 4705 jam
2419 4637 2747 4709 philOSOphlS
2773 4657 3024 4712 praeesse,
3057 4654 3109 4700 ct
3138 4648 3315 4716 pueris
3344 4650 3518 4719 impe-

1944 4740 2082 4788 rare,
2116 4726 2320 4781 ratione
2344 4729 2517 4782 minus
2545 4731 2795 4799 prrcditis.
2824 4733 2907 4796 Et.
2938 4735 2980 4788 si
3012 4736 3154 4792 aliud
3180 4756 3389 4813 quoque
3410 4747 3517 4799 vul-

1945 4819 2012 4872 tis
2038 4818 2241 4883 audire,
2275 4820 2412 4873 sicut
2443 4823 2619 4876 nutrix
2652 4822 2782 4879 dicit
2810 4826 3018 4895 infanti,
3050 4830 3272 4897 Quando
3301 4847 3360 4888 es
3390 4851 3515 4906 ege-

1942 4922 2140 4973 srurus,
2176 4919 2348 4965 vestes
2378 4920 2496 4966 tuas
2524 4914 2714 4983 collige
2751 4924 3127 4987 etcompon‘e,‘
3171 4932 3225 4978 et
3262 4926 3515 4995 quamdiu

1940 5001 2240 5056 considebis
2266 5020 2280 5056 :
2303 5003 2373 5056 ita
2396 5007 2555 5058 etiam
2586 5004 2811 5061 faciebat
2836 5007 3064 5080 Moyses.
3086 5010 3155 5066 Et
3172 5013 3309 5069 sicut
3327 5031 3517 5072 omnes
3569 5032 3571 5034 ·

1939 5096 2102 5149 animi
2132 5106 2308 5151 motus
2336 5107 2389 5152 et
2432 5100 2860 5168 perturbationes
2902 5105 3231 5175 tyrannidem
3262 5119 3517 5165 exercent

1938 5186 1990 5239 in
2036 5187 2214 5255 pueris
2259 5187 2516 5258 (nondum
2567 5190 2708 5244 enim
2761 5191 2957 5247 habent
3004 5194 3287 5267 aurigam),
3340 5199 3515 5255 inanis

1937 5278 2124 5347 gloria,
2166 5279 2444 5348 cupiditas,
2498 5280 2720 5335 rationis
2748 5291 2978 5353 egestas,
3022 5286 3120 5350 ira,
3168 5286 3363 5342 invidia
3396 5305 3412 5343 :
3441 5286 3511 5344 ita

1937 5369 2094 5421 etiam
2126 5369 2177 5422 iu
2210 5368 2407 5424 Judzcis
2448 5370 2561 5424 inec
2588 5372 2765 5426 omnia
2793 5372 3458 5434 dominatum‘obtinebant
3493 5400 3507 5435 :

1936 5461 2301 5531 conspuebant
2330 5461 2586 5533 Moyscm,
2617 5466 2990 5521 verberabant.
3021 5467 3089 5521 Et
3112 5469 3246 5522 sicut
3267 5484 3403 5540 puer
3423 5488 3511 5527 ac-

1933 5552 2063 5621 cipit
2089 5552 2334 5621 lapidem,
2367 5564 2421 5608 et
2448 5569 2635 5610 omnes
2662 5555 2974 5619 clamamus,
3010 5558 3056 5613 Ο
3076 5574 3145 5614 ne
3174 5558 3408 5630 ieceris:
3436 5565 3506 5615 ita

1934 5646 2007 5700 illi
2045 5661 2254 5717 quoque
2300 5647 2500 5716 lapides
2529 5649 2810 5719 capiebant
2848 5648 3105 5704 adversus
3145 5663 3385 5720 patrem;
3420 5654 3507 5707 ille

1934 5754 2062 5792 vero
2091 5739 2341 5809 fugiebat.
2363 5740 2585 5795 Et‘sicut
2613 5741 2657 5795 si
2680 5752 3051 5796 ornamentum
3081 5743 3292 5813 aliquod
3316 5743 3505 5801 haheat

1934 5840 2104 5903 pater,
2134 5832 2202 5887 ab
2229 5847 2294 5887 eo
2321 5834 2449 5902 petit
2474 5850 2607 5903 puer
2626 5834 2923 5889 ornamenti
2951 5836 3172 5906 cupidus
3201 5856 3213 5889 :
3246 5836 3315 5891 ita
3343 5839 3503 5894 etiam

1936 5928 2170 5984 fecerunt
2200 5927 2402 5984 Dathau
2434 5938 2487 5984 et
2516 5928 2737 5996 Abiron,
2772 5929 3103 6000 insurgentes
3129 5930 3383 5991 adversus
3418 5946 3503 5988 sa-
