4032 6512
586 450 683 506 551

586 564 881 620 eerdotium
911 558 1099 633 (Num.
1128 560 1239 626 16).
1270 559 1437 614 Erant
1461 568 1639 613 autem
1677 558 1916 612 omnium
1946 558 2173 611 maxime

586 655 772 719 invidi,
815 655 982 707 rixosi
1022 660 1075 707 et
1108 649 1402 719 imperfecti
1448 651 1497 703 iu
1540 648 1809 704 onmibus.
1843 649 1992 702 Tunc
2019 663 2169 717 ergo,

586 748 674 802 dic
716 746 866 810 mihi,
898 760 1100 814 quzcso,
1143 743 1379 812 oportuit
1406 742 1676 798 Christum
1715 754 2008 808 apparere;
2050 748 2173 793 tunc

588 839 703 892 ha-c
750 845 1011 905 prmcepta
1053 834 1182 889 dare
1226 834 1615 904 philosophica.
1664 830 1881 901 quando
1930 829 2175 884 furebant

589 930 825 992 libidine,
874 929 1087 999 quando
1116 938 1268 983 erant
1298 929 1421 996 equi
1466 928 1518 979 in
1560 926 1785 980 feminas
1821 924 2169 985 insanientes,

586 1021 799 1091 quando
829 1021 1136 1075 serviebant
1168 1020 1405 1089 pecunia:
1434 1028 1489 1073 et
1524 1018 1694 1072 \‘entri
1716 1017 1739 1071 ?
1764 1015 1867 1071 Sed
1899 1015 2174 1069 eﬂ'udisa'et

588 1116 906 1169 documenta
940 1112 1290 1183 philosophiae
1315 1111 1587 1165 disserens
1606 1124 1728 1163 cum
1762 1106 2169 1176 insipientibus;

587 1217 640 1260 et
673 1221 843 1273 neque
872 1203 1009 1265 htcc,
1053 1219 1225 1272 neque
1261 1203 1347 1256 illa
1377 1200 1688 1255 didicissent
1716 1217 1730 1251 :
1759 1207 1815 1252 et
1840 1200 1979 1252 sicut
2009 1197 2053 1250 is
2081 1196 2170 1266 qui

588 1308 714 1353 ante
738 1298 1003 1352 elementa
1050 1296 1207 1350 docet
1249 1295 1448 1365 legere,
1494 1306 1779 1361 numquam
1813 1305 1878 1345 ue
1907 1288 2171 1343 elementa

590 1389 804 1459 quidem
836 1387 1083 1450 docebit;
1132 1389 1199 1441 ita
1244 1395 1370 1441 tunc
1412 1399 1644 1454 quoque.
1692 1381 1797 1437 Sed
1841 1396 1944 1433 non
1983 1393 2121 1433 mmc
2156 1396 2168 1430 :

593 1496 715 1534 nam
747 1497 840 1551 per
884 1478 979 1534 Dei
1022 1478 1246 1549 gratiam
1292 1477 1457 1531 multa
1506 1471 1860 1529 mansuetudo
1906 1479 1962 1527 et
2009 1470 2170 1523 multa

593 1575 758 1629 virtus
788 1572 981 1641 ubique
1005 1582 1086 1626 est
1123 1570 1378 1642 plautata.
1408 1568 1512 1623 Pro
1541 1566 1791 1621 omnibus
1820 1579 1949 1633 ergo
1973 1562 2172 1632 gratias

590 1680 829 1736 agamus,
873 1672 928 1719 et
970 1678 1036 1719 ne
1078 1663 1247 1717 simus
1290 1661 1511 1715 nimium
1540 1658 1758 1714 curiosi.
1790 1656 1923 1711 Nam
1965 1664 2173 1723 tempus

593 1775 692 1813 nos
718 1758 1004 1821 nescimus,
1046 1755 1141 1811 sed
1170 1755 1271 1809 scit
1304 1752 1551 1811 .Elfector
1581 1749 1864 1819 temporis,
1896 1757 1951 1802 et
1984 1744 2173 1814 Opilex

590 1852 927 1907 sasculorum.
950 1848 1212 1903 Omnibus
1234 1862 1365 1917 ergo
1388 1845 1460 1900 illi
1484 1843 1736 1900 cedamus
1761 1842 1901 1913 :_hoc
1927 1849 2009 1893 est
2029 1836 2170 1892 enim

1315 447 1369 501 S.
1408 445 1683 501 JOANNiS
1717 443 2193 499 CHRYSOSTOMI
2230 442 2546 499 ARCUIEP.
2568 444 3092 507 CONSTANTINOP.
3707 467 3784 522 ΞΗ

2280 555 2448 611 Deum
2496 558 2825 629 gloriﬁcare,
2866 563 2935 619 de
2978 566 3042 618 iis
3086 582 3206 635 qua:
3245 568 3391 636 facit,
3438 573 3669 631 rationem
3706 595 3782 637 non

2277 649 2512 717 exigere.
2546 651 2635 707 Sic
2676 664 2733 709 et
2770 656 3035 712 Abraham
3080 660 3223 714 dedit
3269 664 3492 730 gratiam
3523 666 3658 723 Deo:
3686 671 3784 727 Per-

2274 756 2479 795 suasum
2512 744 2720 812 habens,
2764 747 2950 816 inquit,
2993 751 3130 819 quod
3168 753 3221 805 id
3254 754 3391 823 quod
3420 760 3629 826 promisit
3652 776 3783 833 ροιαη

2278 843 2353 927 est
2381 834 2532 888 etiam
2562 840 2728 906 facere
2758 838 2935 910 (Rom.
2964 843 3019 896 4.
3045 843 3159 914 2!).
3204 845 3295 902 llle
3330 864 3399 903 ne
3425 849 3491 904 de
3518 850 3671 909 futuro
3695 860 3783 927 qui-

2275 921 2396 976 dem
2433 934 2516 978 est
2540 927 2843 984 sciscitatus
2873 947 2886 983 :
2920 947 3017 986 nos
3058 946 3234 989 autem
3274 938 3433 993 etiam
3470 939 3533 996 de
3563 921 3784 1013 praeteritis

2277 1014 2539 1117 rationem
2569 1018 2908 1087 inquirimus.
2943 1024 3074 1080 Vide
3095 1043 3288 1096 quanta
3316 1032 3388 1085 sit
3413 1036 3786 1106 amentia,quan-

2279 1114 2386 1158 tum
2416 1110 2604 1177 ingrati
2631 1112 2794 1166 animi
2825 1115 3031 1170 vitium.
3059 1117 3162 1173 Sed
3192 1120 3257 1174 de
3275 1132 3471 1178 caetero
3489 1124 3782 1186 desistamus:

2280 1197 2408 1251 nihil
2456 1201 2598 1255 enim
2645 1219 2708 1257 ex
2763 1220 2829 1260 eo
2871 1207 3004 1262 lucri
3032 1212 3309 1280 accipitur,
3340 1216 3435 1269 sed
3475 1231 3687 1287 magnum
3713 1221 3784 1276 da-

2278 1306 2458 1381 mnum
2491 1313 2502 1346 :
2534 1304 2589 1348 et
2616 1307 2766 1365 grato
2796 1301 2965 1357 simus
2993 1304 3168 1358 animo
3199 1306 3250 1359 iu
3284 1317 3518 1362 nostrum
3547 1312 3782 1381 Dominum,

2278 1391 2331 1433 ct
2360 1380 2467 1436 Deo
2496 1385 2718 1450 gloriam
2743 1391 3068 1458 emittamus,
3099 1406 3156 1449 ut
3182 1412 3277 1463 pro
3300 1399 3543 1454 omnibus
3564 1380 3785 1460 oll'erentes

2276 1472 2911 1572 gratiaruniectionem,
2961 1484 3077 1554 ejus
3126 1487 3492 1544 misericordia
3536 1491 3783 1562 dignemur,

2275 1565 2447 1630 gratia
2491 1573 2545 1619 et
2593 1565 2918 1638 benignitate
2965 1574 3170 1631 Domini
3220 1581 3388 1633 nostri
3442 1580 3561 1636 Jesu
3605 1584 3785 1651 Chrisu,

2276 1666 2397 1709 cum
2430 1672 2537 1725 quo
2581 1658 2720 1715 Patri
2753 1664 3015 1735 simulque
3045 1681 3229 1724 sancto
3271 1670 3490 1738 Spiritui
3527 1676 3690 1745 gloria,
3717 1679 3785 1733 im-

2280 1745 2509 1813 perium,
2540 1747 2732 1817 honor,
2763 1770 2905 1811 nunc
2942 1767 2999 1812 et
3038 1774 3269 1830 semper,
3301 1772 3357 1816 et
3386 1764 3438 1817 in
3462 1768 3636 1821 saecula
3659 1784 3785 1825 strea-

2280 1838 2477 1897 lorum.
2512 1844 2701 1900 Amen.

598 1972 3781 2006 Μ

1981 2046 2328 2112 HOMILIA
2364 2051 2443 2113 V.

591 2206 719 2261 CAP.
764 2206 819 2261 1.
868 2184 919 2256 v.
958 2202 1049 2258 ‘36.
1093 2202 1416 2273 Mysterium,
1457 2199 1593 2270 quod
1632 2197 1729 2267 fuit
1766 2195 2115 2250 absconditum
2145 2212 2177 2248 a

664 2298 866 2355 sarculis
891 2309 937 2353 et
965 2296 1395 2368 generationibus,
1435 2309 1569 2347 nunc
1604 2300 1771 2344 autem
1795 2289 2175 2358 manifestatum

663 2401 739 2446 est
766 2390 953 2445 sanctis
978 2389 1109 2459 ejus,
1144 2386 1239 2440 27.
1268 2386 1447 2455 quibus
1476 2383 1634 2438 voluit
1664 2380 1803 2435 Deus
1833 2389 1978 2434 notas
2011 2380 2177 2450 facere

659 2484 862 2540 divitias
888 2482 1067 2555 glarite
1090 2479 1391 2536 sacramenti
1414 2478 1566 2546 hujus
1586 2476 1640 2528 in
1665 2472 1916 2545 gentibus,
1941 2471 2077 2541 quod
2104 2480 2176 2522 est

662 2578 894 2634 Christus
920 2577 972 2630 in
1002 2574 1143 2629 nobis
1168 2588 1283 2641 spes
1312 2570 1490 2641 gloria:
1520 2584 1537 2621 :
1562 2567 1651 2623 28.
1679 2582 1826 2636 quem
1853 2580 1943 2618 nos
1971 2579 2172 2615 annuu-

661 2672 867 2735 tiamus,
913 2666 1241 2736 corripientes
1289 2678 1486 2717 onmem
1532 2659 1805 2723 hominem,
1844 2665 1889 2709 et
1942 2655 2176 2708 docentes

660 2779 857 2819 omnem
885 2762 1140 2815 hominem
1182 2757 1235 2811 in
1265 2756 1403 2810 omni
1437 2752 1707 2820 sapientia,
1752 2759 1806 2802 ut
1852 2747 2174 2801 exhibeamus

660 2872 860 2910 onmem
881 2853 1133 2907 hominem
1155 2849 1435 2921 perfectum
1463 2846 1515 2898 in
1546 2842 1748 2898 Christo
1775 2839 1807 2894 J
1816 2856 1923 2893 esu.

664 2950 717 3003 1.
756 2947 890 3001 Cum
919 2944 1144 2998 dixisset
1165 2958 1226 2995 ea
1249 2955 1368 3010 quae
1390 2950 1575 2992 sumus
1595 2932 1889 3003 assequuti,
1919 2941 1971 2985 et
1992 2939 2173 2985 osten-

590 3040 759 3095 disset
789 3037 882 3093 Dei
911 3034 1294 3105 benignitatem
1324 3039 1379 3085 et
1408 3029 1691 3093 honorem,
1718 3040 1785 3080 ex
1813 3021 2177 3094 magnitudine

591 3145 780 3184 eorum
818 3143 937 3198 qua:
975 3127 1098 3178 data
1125 3135 1269 3186 sunt,
1301 3134 1484 3175 rursus
1508 3116 1724 3172 adducit
1747 3115 1906 3169 aliam
1934 3111 2170 3181 amplifi-

590 3224 878 3285 cationem,
916 3231 1110 3286 nempe
1149 3213 1291 3285 quod
1340 3226 1439 3266 uec
1468 3219 1592 3263 ante
1621 3223 1719 3263 nos
1757 3205 2022 3275 quispiam
2051 3218 2173 3258 eum

592 3316 760 3370 novit.
792 3311 943 3379 Quod
969 3310 1131 3364 etiam
1164 3307 1288 3361 facit
1315 3305 1366 3359 iu
1404 3301 1642 3371 Epistola
1672 3298 1738 3353 ad
1776 3297 2054 3367 Ephesios.
2096 3294 2171 3347 di-

590 3420 720 3462 cens
750 3426 763 3460 ;
791 3404 974 3473 Neque
1006 3398 1202 3470 angeli,
1241 3412 1415 3466 neque
1461 3392 1817 3461 Principatus,
1858 3403 2030 3458 neque
2070 3387 2176 3440 ulla

590 3501 697 3555 alia
726 3507 904 3554 creata
933 3495 1123 3559 virtus,
1152 3491 1246 3547 sed
1274 3492 1423 3543 solus
1464 3486 1557 3541 Dei
1585 3485 1749 3540 Filius
1780 3481 1928 3537 n0\'it
1958 3478 2172 3551 (Ep/tes.

591 3594 645 3648 3.
677 3593 753 3659 5).
785 3591 908 3644 Ideo
944 3603 1049 3643 nou
1081 3586 1253 3640 solum
1292 3582 1453 3647 dixit,
1501 3578 1808 3659 Conditum,
1852 3574 1950 3630 sed
1988 3572 2172 3637 etiam,

592 3656 996 3742 Absc'onditum;
1025 3686 1080 3733 et
1108 3674 1249 3747 quod
1279 3672 1492 3729 etiamsi
1532 3656 1678 3725 nunc
1714 3668 1912 3724 factum
1956 3667 2049 3732 sit,
2093 3674 2177 3720 cst

596 3787 770 3830 tamen
798 3781 989 3834 vetus;
1033 3777 1089 3824 et
1127 3764 1270 3835 quod
1303 3765 1443 3818 Deus
1479 3761 1594 3817 haec
1632 3760 1701 3814 ab
1749 3758 1899 3814 initio
1941 3757 2174 3813 volebat.

594 3879 649 3923 et
673 3868 751 3920 sic
776 3873 891 3920 erat
914 3861 1259 3917 constitutum
1283 3876 1298 3924 ;
1323 3872 1418 3912 cur
1446 3864 1648 3918 autem,
1677 3851 1911 3906 nondum
1951 3850 2101 3905 dicit.
2134 3851 2173 3901 Α

595 3956 813 4019 swculis,
862 3954 1052 4022 inquit,
1100 3950 1164 4004 ab
1203 3949 1367 4002 initio.
1413 3947 1477 4000 Et
1514 3944 1826 4016 mysterium
1868 3942 1988 4011 jure
2022 3948 2177 3994 voeat

594 4050 733 4119 quod
763 4064 918 4103 nemo
946 4052 1167 4099 noverat
1197 4042 1298 4097 nisi
1335 4040 1499 4095 Deus.
1538 4038 1605 4092 Et
1634 4037 1724 4091 ubi
1764 4031 2175 4091 absconditum?

595 4143 663 4196 In
694 4142 891 4195 Christo
922 4155 939 4193 :
969 4138 1108 4192 sicut
1135 4136 1266 4191 dicit
1294 4133 1532 4203 Epistola
1559 4129 1624 4184 ad
1654 4128 1916 4198 Ephesios
1954 4125 2170 4197 (Ep/tes.

596 4240 650 4294 ξ.
674 4238 732 4308 9)
757 4254 773 4302 ;
803 4245 891 4290 aut
916 4236 1055 4290 sicut
1088 4229 1303 4304 quando
1331 4227 1464 4282 dicit
1504 4224 1763 4298 propheta
1795 4244 1807 4279 :
1836 4223 1879 4275 A
1918 4220 2103 4275 swculo
2128 4229 2176 4273 et

592 4347 750 4400 usque
776 4331 829 4382 in
856 4326 1096 4382 saeculum
1120 4335 1174 4376 tu
1203 4340 1254 4377 es
1284 4318 1454 4392 (Psal.
1478 4317 1567 4374 89.
1593 4316 1672 4385 2).
1701 4313 1852 4367 Nunc
1872 4323 2040 4367 autem
2061 4327 2173 4364 ma-

596 4427 886 4495 nifestatum
912 4431 986 4474 est
1006 4419 1191 4473 sanctis
1217 4417 1348 4485 ejus,
1387 4411 1575 4482 inquit.
1605 4408 1963 4478 Quamobrem
2004 4413 2174 4459 totum

596 4526 677 4572 est
707 4517 797 4570 Dei
828 4510 1258 4583 dispensationis.
1288 4506 1441 4563 Nunc
1472 4515 1640 4559 autem
1666 4502 2045 4574 manifestatum
2076 4508 2170 4562 est,

598 4606 788 4676 inquit.
823 4605 934 4658 Non
961 4604 1112 4663 dixit,
1146 4601 1368 4655 Factum
1405 4606 1508 4662 est,
1540 4594 1656 4659 sed,
1690 4594 2073 4675 Manifeslalunt
2101 4600 2174 4643 est

598 4670 786 4753 sanctis
812 4697 941 4767 ejus.
982 4695 1164 4761 Itaque
1192 4706 1333 4746 nunc
1356 4704 1569 4761 quoque
1598 4687 1774 4741 adhuc
1805 4670 2169 4745 absconditur,

599 4788 861 4859 siquidem
891 4784 1282 4840 manifestatum
1306 4782 1405 4836 fuit
1433 4781 1562 4835 solis
1587 4779 1805 4833 sanctis.
1830 4776 1908 4831 Ne
1942 4776 2014 4829 illi
2046 4788 2174 4843 ergo

580 4894 693 4933 ’νος
716 4879 983 4947 decipiant
1012 4895 1026 4930 :
1056 4876 1300 4931 nesciunt
1327 4874 1468 4929 enim
1493 4889 1589 4928 cur
1608 4872 1736 4926 solis
1758 4872 1842 4937 iis,
1868 4870 2061 4935 Quibus
2087 4886 2172 4923 vo-

596 4973 713 5037 luit,
736 4971 924 5040 inquit.
952 4968 1081 5022 Vide
1102 4964 1369 5037 quomodo
1390 4964 1584 5033 ubique
1619 4962 1862 5031 reprimit
1881 4969 2063 5015 eorum
2093 4960 2172 5014 in-

599 5064 1006 5134 terrogationes.
1027 5060 1218 5129 Quibus
1244 5058 1395 5113 uoluit
1419 5056 1578 5121 Deus,
1603 5055 1793 5125 inquit,
1814 5063 1956 5108 notas
1988 5055 2169 5123 facere.

598 5157 731 5227 Ejus
759 5166 934 5211 autem
962 5155 1205 5208 voluntas
1234 5167 1339 5205 non
1366 5158 1514 5205 caret
1541 5150 1766 5203 ratione.
1799 5147 1909 5202 lloc
1933 5162 2062 5201 vero
2088 5146 2171 5201 di-

598 5253 695 5311 xit,
714 5264 805 5305 eos
831 5247 1014 5318 gratia:
1036 5245 1204 5315 magis
1226 5242 1454 5297 reddens
1480 5242 1763 5306 obnoxios,
1785 5254 1944 5311 quam
1962 5239 2005 5292 si
2030 5239 2173 5306 ipsos

595 5342 798 5396 sineret
832 5340 901 5393 de
943 5338 1100 5393 rebus
1128 5352 1157 5389 a
1188 5350 1247 5389 se
1277 5344 1419 5389 recte
1443 5335 1607 5403 gestis
1643 5332 1880 5402 gloriari.
1916 5330 2173 5394 Quidnam

596 5435 695 5487 sint
723 5430 910 5485 divitia:
929 5429 1105 5499 gloria:
1128 5427 1350 5497 mysterii
1391 5426 1543 5496 hujus
1577 5424 1628 5476 in
1654 5423 1903 5493 gentibus.
1928 5422 2173 5476 Graviter

596 5526 732 5580 dixit
749 5533 804 5580 et
833 5523 1179 5594 pra:clare,et
1203 5537 1269 5576 ex
1298 5536 1490 5591 magno
1509 5518 1698 5573 all‘ectu
1730 5518 1936 5587 pondus
1950 5515 2170 5579 addidit,

597 5616 1067 5686 ampliﬁcationum
1114 5628 1361 5684 quaerens
1407 5610 1886 5680 amplificationes:
1917 5618 1999 5664 est
2031 5609 2173 5662 enim

598 5707 701 5762 hoc
729 5722 939 5777 quoque
963 5704 1391 5777 ampliﬁcationis
1420 5701 1691 5756 indeﬁnite
1715 5699 1897 5755 dicere
1919 5740 1935 5763 ,
1971 5697 2174 5757 Divina:

596 5800 773 5873 αισι-ἕω
798 5802 1022 5872 mysterii
1039 5801 1188 5870 hujus
1210 5800 1261 5853 in
1285 5797 1533 5869 gentibus.
1551 5796 1679 5850 Nam
1703 5795 1931 5850 maxime
1954 5803 2175 5866 apparet

600 5894 653 5947 in
688 5892 957 5961 gentibus,
990 5894 1127 5949 sicut
1166 5893 1323 5950 etiam
1364 5892 1490 5948 dicit
1517 5888 1664 5957 alibi,
1699 5888 1881 5969 Gentes
1906 5906 1999 5975 pro
2027 5891 2171 5947 mise-

2285 2198 2508 2252 ricordia
2532 2201 2823 2270 gloriﬁcare
2852 2201 3016 2257 Deum
3041 2204 3214 2273 (Rom.
3249 2208 3338 2263 15.
3368 2208 3438 2279 9)
3464 2223 3682 2281 :apparet
3699 2230 3791 2269 vero

2283 2289 2443 2389 etiam
2472 2289 2522 2345 in
2554 2292 2691 2358 aliis,
2729 2295 2899 2349 multo
2930 2297 3096 2366 magis
3122 2310 3301 2354 autem
3334 2300 3385 2354 iu
3419 2302 3498 2356 his
3525 2319 3683 2375 magna
3705 2308 3789 2375 glo-

2283 2383 2358 2432 ria
2399 2383 2660 2452 mysterii.
2710 2383 2966 2442 llotniues
3005 2389 3146 2442 enim
3188 2405 3354 2445 sensu
3402 2394 3569 2448 minus
3602 2397 3791 2464 [traditos

2283 2486 2438 2540 quam
2470 2473 2692 2543 lapides,
2724 2487 2943 2548 repente
2967 2478 3254 2537 deduxisse
3273 2483 3345 2537 ad
3373 2484 3655 2556 dignitatem
3674 2504 3790 2559 ange-

2284 2561 2481 2630 lorum,
2529 2567 2869 2623 solummodo
2911 2586 3009 2641 per
3037 2572 3176 2627 nuda
3210 2575 3377 2629 verba
3404 2588 3459 2632 et
3484 2577 3627 2633 fidem
3651 2580 3789 2642 solam.

2281 2656 2483 2727 absque
2509 2662 2652 2714 omni
2677 2664 3011 2731 operatione.
3048 2682 3231 2722 revera
3276 2678 3367 2724 est
3393 2670 3553 2740 gloria
3577 2682 3623 2728 et
3644 2673 3787 2729 divitia

2283 2750 2543 2819 mysterii.
2575 2750 2643 2806 Ut
2678 2754 2722 2806 si
2748 2754 2869 2824 quis
2895 2771 3082 2811 canem
3127 2757 3263 2814 fame
3289 2770 3350 2815 et
3376 2762 3548 2817 scabie
3570 2763 3791 2834 perditum,

2285 2849 2492 2908 turpem
2522 2851 2577 2896 et
2610 2842 2926 2913 deformem,
2953 2859 3007 2902 et
3031 2849 3118 2919 qui
3147 2866 3213 2905 ne
3248 2855 3457 2909 moveri
3493 2856 3678 2925 quidem
3702 2872 3791 2927 po:-

2281 2943 2385 2993 set.
2417 2934 2510 2990 sed
2546 2936 2773 3007 jaceret,
2819 2951 3039 3011 repente
3074 2953 3130 2999 et
3167 2943 3445 3003 hominem
3481 2951 3661 3015 fecerit,
3686 2951 3791 3005 etin

2281 3023 2407 3078 sede
2438 3027 2580 3096 regia
2611 3029 2923 3085 ostenderit.
2954 3031 3088 3088 Vide
3129 3049 3363 3105 namque
3394 3054 3408 3091 :
3440 3038 3628 3109 lapides
3654 3038 3792 3095 adon-

2282 3114 2409 3168 bant
2438 3126 2494 3171 et
2530 3124 2763 3184 terram;
2791 3120 3093 3179 didicerunt
3117 3126 3255 3195 quod
3282 3138 3343 3183 et
3376 3130 3506 3184 caelo
3531 3139 3580 3185 et
3603 3131 3697 3186 sole
3716 3136 3792 3186 sint

2282 3206 2568 3272 meliores,
2610 3220 2665 3263 et
2707 3211 2989 3270 universus
3037 3217 3266 3272 mundus
3317 3218 3400 3274 eis
3437 3221 3791 3277 serviat:erant

2282 3298 2501 3367 captivi,
2523 3308 2579 3354 et
2603 3301 2657 3355 in
2686 3302 2913 3359 vinculis
2938 3305 3133 3360 diaboli
3161 3326 3180 3373 ;
3208 3322 3434 3379 repente
3459 3313 3651 3369 luerunt
3674 3329 3789 3383 supra

2281 3396 2439 3457 caput
2482 3388 2620 3459 ejus,
2668 3392 2824 3463 eique
2864 3396 3196 3465 imperabant
3236 3409 3290 3455 et
3338 3416 3463 3457 eum
3502 3402 3788 3474 ﬂagellabant.

2278 3478 2412 3534 Cum
2434 3481 2735 3539 daemonum
2758 3497 2937 3542 essent
2956 3490 3149 3557 captivi
3172 3502 3224 3545 et
3244 3494 3412 3560 servi,
3434 3510 3613 3565 corpus
3633 3496 3790 3549 Domini

2280 3572 2592 3641 angelorum
2618 3584 2673 3629 et
2699 3576 3140 3647 archangelorum
3171 3580 3290 3636 facti
3328 3595 3453 3639 sunt
3480 3601 3493 3637 :
3521 3586 3599 3656 qui
3620 3600 3677 3640 ne
3698 3583 3790 3655 quid

2281 3674 2425 3718 esset
2453 3664 2669 3735 quidem
2701 3667 2841 3723 Deus
2866 3670 3126 3737 sciebant,
3153 3688 3276 3727 mox
3302 3674 3359 3729 in
3385 3675 3565 3732 eodem
3590 3694 3689 3732 cum
3714 3678 3790 3730 Deo

2284 3754 2476 3809 throno
2504 3756 2880 3812 consederunt.
2908 3759 3000 3814 Vis
3021 3762 3205 3817 videre
3232 3764 3631 3823 innumerabiles
3645 3766 3789 3837 gradus

2279 3864 2440 3917 supra
2484 3865 2619 3919 quos
2666 3852 3015 3907 exsilieruut?
3051 3853 3337 3925 Oportebat
3387 3859 3602 3929 primum
3636 3861 3789 3915 discere

2280 3938 2421 4008 quod
2445 3940 2649 4011 lapides
2680 3959 2785 3997 non
2816 3945 2924 3998 sint
2946 3945 3041 4010 dii,
3074 3949 3309 4003 secundo
3338 3961 3535 4015 autem,
3564 3952 3681 4023 quod
3712 3966 3788 4004 non

2279 4034 2455 4088 solum
2486 4050 2591 4089 non
2627 4034 2733 4089 sint
2774 4037 2872 4104 dii,
2908 4040 3003 4094 sed
3038 4040 3196 4095 etiam
3229 4043 3469 4100 minores
3510 4045 3785 4107 hominibus;

2281 4127 2462 4191 tertio,
2488 4127 2630 4197 quod
2657 4138 2710 4182 et
2737 4129 2905 4185 brutis
2933 4131 3167 4188 minores
3190 4151 3206 4199 ;
3227 4146 3442 4207 quarto,
3471 4137 3599 4208 quod
3620 4146 3664 4192 et
3679 4137 3787 4207 plan—

2282 4217 2349 4272 tis
2373 4235 2388 4284 ;
2410 4218 2615 4289 quinto,
2660 4219 2803 4290 quod
2834 4231 3071 4278 extrema
3110 4226 3269 4280 simul
3303 4228 3646 4298 collegerunt;
3683 4224 3785 4296 quod

2281 4326 2389 4365 non
2416 4312 2587 4365 solum
2616 4312 2837 4383 lapides,
2865 4315 2959 4370 sed
2988 4332 3086 4371 nec
3117 4328 3275 4381 terra.
3304 4336 3406 4376 nec
3433 4321 3702 4385 animantia,
3718 4334 3785 4372 ne-

2279 4418 2385 4472 que
2413 4403 2626 4473 plantze,
2656 4420 2755 4460 nec
2784 4409 2965 4473 homo,
2995 4422 3092 4464 nec
3128 4410 3313 4465 czelum
3336 4429 3355 4478 ;
3378 4414 3480 4478 vel,
3502 4411 3627 4483 quod
3649 4410 3783 4466 excel-

2278 4496 2392 4550 sius
2412 4505 2514 4560 est,
2534 4496 2672 4566 quod
2696 4514 2800 4553 non
2823 4498 3048 4568 lapides,
3080 4516 3185 4555 non
3207 4502 3480 4569 animalia,
3508 4520 3600 4559 non
3619 4503 3780 4572 planta,

2281 4602 2385 4641 non
2415 4589 2698 4655 elementa,
2723 4604 2831 4644 non
2857 4604 3107 4659 superna,
3136 4608 3241 4647 non
3262 4593 3489 4658 inferna,
3521 4610 3614 4650 non
3645 4592 3780 4655 homo,

2282 4695 2388 4733 non
2419 4678 2711 4745 daemones,
2747 4695 2861 4745 non
2890 4682 3086 4752 angeli,
3120 4699 3225 4738 non
3250 4684 3569 4756 archangeli,
3600 4698 3682 4738 non
3708 4680 3780 4733 ali-

2278 4786 2379 4840 qua
2408 4771 2509 4825 alia
2535 4787 2600 4824 ex
2626 4773 2870 4841 supernis
2900 4774 3006 4828 illis
3043 4774 3421 4842 Potestatibus,
3463 4778 3607 4833 debet
3627 4774 3704 4831 coli
3728 4769 3781 4825 ab

2281 4866 2509 4918 humana
2536 4876 2746 4920 natura.
2786 4865 3076 4936 Tamquam
3102 4884 3167 4922 ex
3208 4870 3468 4938 profundo
3501 4871 3657 4940 aliquo
3679 4865 3778 4918 hau-

2279 4958 2477 5015 rientes
2507 4959 2716 5015 discere
2743 4961 3045 5030 oportebat,
3074 4963 3214 5032 quod
3245 4966 3333 5033 qui
3370 4975 3450 5021 est
3475 4964 3678 5019 omnium
3700 4958 3777 5013 Do-

2281 5054 2475 5118 tninus,
2506 5054 2551 5108 is
2579 5064 2662 5109 est
2688 5055 2829 5111 Deus
2853 5072 2867 5121 ;
2895 5056 3035 5126 quod
3062 5072 3181 5111 eum
3213 5059 3387 5114 solum
3412 5068 3603 5130 oportet
3625 5055 3775 5113 colere.

2277 5143 2421 5213 quod
2452 5160 2535 5200 res
2566 5146 2784 5215 pulchra
2814 5155 2869 5201 et
2898 5146 3035 5201 bona
3061 5148 3131 5203 sit
3154 5149 3457 5205 admiranda
3484 5151 3591 5205 viae
3620 5144 3778 5201 institit.

2281 5239 2392 5301 tio;
2423 5239 2563 5308 quod
2595 5253 2739 5293 mors
2765 5254 2999 5309 praesens
3025 5256 3127 5295 non
3152 5242 3223 5295 sit
3242 5258 3401 5309 mors,
3433 5242 3566 5315 quod
3593 5244 3677 5293 vita
3698 5248 3773 5290 non

2279 5332 2419 5395 vita;
2443 5330 2583 5402 quod
2614 5346 2810 5400 corpus
2838 5342 3097 5402 resurgat,
3136 5335 3275 5401 quod
3306 5330 3671 5402 iucorruptibile
3692 5328 3774 5387 ﬁat.

2278 5425 2421 5493 quod
2446 5424 2701 5479 ascendat
2726 5424 2777 5477 in
2808 5425 2991 5491 caelos,
3017 5426 3156 5495 quod
3197 5437 3504 5497 assequatur
3530 5416 3777 5479 immortle

2281 5526 2461 5581 tatem,
2500 5518 2641 5586 quod
2681 5525 2788 5572 stet
2815 5532 2937 5571 cum
2966 5519 3186 5587 angelis,
3230 5520 3369 5589 quod
3395 5520 3513 5574 illuc
3549 5509 3777 5569 transiera-

2282 5617 2383 5662 tur.
2414 5608 2519 5664 Sed
2551 5610 2692 5664 hunc
2722 5609 2814 5678 qui
2842 5609 2951 5664 illic
2976 5621 3092 5665 erat
3121 5611 3173 5664 in
3204 5612 3330 5678 imo,
3360 5625 3475 5665 eum
3518 5610 3618 5662 haec
3638 5597 3775 5657 omni!

2282 5710 2586 5771 superasset
2634 5709 2691 5756 et
2742 5701 3112 5765 transiliisset,
3164 5705 3405 5771 superius
3451 5695 3696 5755 collocavit
3735 5688 3773 5740 in

2283 5796 2479 5849 throno
2512 5811 2525 5848 :
2556 5794 2704 5849 illum
2731 5794 2820 5864 qui
2847 5802 2962 5848 erat
2984 5791 3123 5848 infra
3154 5793 3373 5863 lapides,
3402 5784 3775 5853 eil‘ecitsuperim

2285 5907 2399 5948 t'cm
2427 5889 2629 5961 angelis
2658 5898 2712 5946 et
2741 5886 3072 5958 archangelis
3101 5895 3153 5942 et
3183 5884 3409 5941 Thronis
3431 5891 3484 5939 et
3507 5871 3775 5937 Domina“?
