3898 6494
158 432 251 489 351
1021 436 1090 491 IN
1129 435 1342 492 EPIST.
1384 437 1472 490 AD
1499 437 1705 493 (101.οξ

1824 441 1973 498 CAP.
2031 445 2071 500 ι.
2123 444 2355 503 ηοιιιῐ..
2400 447 2463 503 v.
2956 512 2961 517 ,
3258 406 3366 507 55:2

159 547 501 621 μικρόψυχοι,
547 548 638 602 καὶ
668 550 808 603 κατά
862 549 1036 602 πάντα
1062 550 1289 612 ἀτελεῖς.
1314 550 1444 603 Τότε
1479 547 1572 605 οῦν
1599 551 1705 605 ἔδει

154 632 383 702 φανῆναι
412 632 503 684 τὸν
537 632 790 702 Χριστὸν,
816 632 936 685 εἰπέ
961 648 1086 702 μοις
1117 632 1237 685 τότε
1266 634 1334 684 τὰ
1362 633 1707 705 διατάγματα

156 714 323 768 ταῦτα
360 715 539 768 δοῦναι
593 716 661 768 τὰ
708 716 991 784 φιλόσοφα,
1045 716 1132 768 ὅτε
1159 717 1442 786 ἐμαίνοντο
1472 719 1577 772 ὑπὸ
1607 719 1707 789 τῆς

156 796 464 865 ἐπιθυμίας,
499 798 585 850 ὅτε
626 799 781 852 ἵπποι
810 795 949 868 ἦσαν
975 799 1320 868 θηλυμανείς,
1363 801 1451 854 ὅτε
1486 802 1704 872 χρημά-

154 895 257 931 των
293 880 489 945 δοῦλοι,
514 881 605 933 ὅτε
647 881 881 951 γαστρός
912 897 927 947 ;
978 882 1117 933 Ἀλλ’
1158 881 1371 951 ἐξέχεεν
1414 885 1479 938 ἂν
1517 885 1584 938 τά
1608 887 1707 955 τῆς

156 961 465 1031 φιλοσοφίας
518 963 822 1032 διδάγματα
866 964 1112 1034 ἀνοήτοις
1137 961 1255 1018 οὖσι
1289 966 1665 1037 διαλεγόμενος
1688 984 1703 998 ο

154 1046 246 1099 καὶ
276 1045 400 1098 οὔτε
431 1046 621 1107 ταῦτα,
652 1046 775 1099 οὔτε
807 1049 989 1100 ἐκεῖνα
1016 1047 1215 1117 ἔμαθον
1255 1048 1341 1102 ἄν.
1368 1050 1479 1103 Καὶ
1522 1049 1706 1122 ὥσπερ

152 1129 182 1179 6
211 1128 317 1198 πρὸ
364 1129 475 1182 τῶν
510 1131 789 1199 στοιχείων
822 1130 1216 1197 ἀναγινώσκειν
1247 1131 1533 1196 διδάσκων,
1562 1132 1708 1186 οὐδέ-

154 1227 279 1263 ποτε
326 1212 447 1264 οὐδὲ
500 1212 569 1266 τά
626 1216 861 1282 στοιχεῖα
903 1213 1123 1280 διδάξει,
1168 1213 1310 1267 οὕτω
1342 1215 1529 1285 δήκαὶ
1561 1216 1703 1271 τότε.

166 1293 301 1345 Ἀλλ’
333 1295 394 1346 o6
449 1294 572 1347 νῦνο
637 1296 773 1349 ἀλλὰ
819 1299 885 1367 τῇ
944 1299 1125 1368 χάριτι
1153 1298 1247 1351 τοῦ
1288 1299 1422 1352 Θεοῦ
1475 1300 1703 1372 πολλὴή

152 1377 438 1440 ἐπιείκεια,
469 1377 685 1449 πολλὴηή
712 1380 879 1449 ἀρετὴ
906 1380 1179 1451 πανταχοῦ
1211 1382 1703 1450 καταπεφύτευται.

152 1459 573 1529 Εὐχάριστῶμεν
600 1457 692 1513 οῦν
725 1462 864 1532 ὑπὲρ
893 1464 1129 1523 πάντων,
1181 1465 1277 1517 καὶ
1311 1466 1384 1536 μὴ
1429 1466 1707 1536 πολυπρα-

149 1542 458 1611 γμονῶμεν.
490 1543 594 1596 Τὸν
640 1544 748 1613 γάρ
792 1545 981 1615 καιρὸν
1003 1545 1099 1616 οὐχ
1133 1546 1296 1616 ήμεῖς
1321 1548 1498 1616 ῐσμεν,
1535 1550 1649 1602 ἀλλ’
1678 1553 1708 1603 6

148 1624 241 1677 τοῦ
303 1625 490 1695 καιροῦ
533 1626 779 1697 ποιητὴς,
826 1628 919 1681 καὶ
972 1628 1083 1682 τῶν
1107 1630 1316 1682 αἰώνων
1357 1630 1704 1703 δημιουργός.

150 1707 374 1761 Πάντων
402 1707 580 1762 τοίνυν
607 1709 755 1781 αύτῴ
778 1711 1196 1782 παραχωρῶμεν
1214 1729 1229 1742 ⁶
1269 1713 1427 1766 τοῦτο
1457 1714 1565 1789 γάρ
1591 1717 1706 1769 ἐστι

1805 553 2049 620 δοξάζειν
2080 558 2171 611 τὸν
2203 559 2353 620 Θεὸν,
2388 560 2449 611 τὸ
2483 558 2556 628 μὴ
2585 560 2834 613 ἀπαιτεῖν
2860 562 3019 613 αὑτὸν
3044 563 3271 625 εὐθύνας
3288 558 3363 617 ῶν

1805 641 1964 691 ποιεῖ.
2012 639 2168 693 Οὕτω
2221 643 2315 693 καὶ
2355 641 2604 713 Ἀϐραάμ
2668 642 2825 708 δόξαν
2876 644 3043 697 ἔδωκε
3093 645 3171 716 τῷ
3220 647 3358 718 Θεῷ,

1804 724 2294 792 Πληροςρορηθείς
2340 724 2429 777 ὅτι
2469 724 2501 777 ὂ
2544 724 2922 795 ἐπήγγελται,
2954 727 3210 795 δυνατός
3232 732 3363 784 ἐστι

1803 804 1902 857 καὶ
1948 804 2218 873 ποιῆσαι.
2271 808 2507 870 Ἐκεῖνος
2547 807 2666 859 οὐδὲ
2712 808 2772 861 τὸ
2825 809 3013 878 μέλλον
3049 810 3359 881 ἠρώτησεν

1803 888 1964 955 ἡμεῖς
1998 888 2054 942 δέ
2084 890 2302 942 καὶτῶν
2323 890 2698 961 παρελθόντων
2731 891 3052 963 ἐξετάζομεν
3071 895 3163 946 τὸν
3185 895 3361 964 λόγον.

1806 969 1950 1040 Ὅρα
1975 974 2113 1042 πόση
2143 974 2371 1043 ήάνοια,
2400 975 2539 1044 πόση
2564 976 2597 1044 ἡ
2630 974 3009 1046 ἀγνωμοσύνη.
3040 977 3199 1030 Ἀλλὰ
3222 997 3363 1031 παυ-

1808 1052 2033 1122 σώμεθα
2074 1054 2259 1109 λοιπόν
2279 1071 2293 1084 ·
2328 1056 2481 1109 οὐδὲν
2506 1058 2613 1129 γὰρ
2636 1058 2742 1110 ἀπὸ
2764 1058 2953 1112 τούτου
2989 1059 3196 1129 κέρδος,
3230 1061 3364 1114 ἀλλά

1806 1138 1899 1189 καὶ
1942 1139 2110 1208 πολλὴ
2144 1142 2177 1210 ὴ
2225 1139 2424 1211 βλά6η’
2490 1141 2583 1193 καὶ
2632 1142 2989 1211 εὐγνωμόνως
3035 1143 3364 1214 διατεθῶμεν

1807 1222 1936 1290 περὶ
1967 1221 2057 1274 τὸν
2083 1223 2351 1291 ἡμέτερον
2377 1224 2674 1293 Δεσπότην,
2700 1224 2795 1275 καὶ
2838 1225 2995 1290 δόξαν
3026 1225 3363 1295 ἀναπέμψω-

1810 1319 1908 1372 μεν
1928 1303 2004 1373 τῷ
2032 1304 2172 1376 Θεῷ,
2192 1306 2280 1359 ἵνα
2310 1306 2449 1376 ὑπὲρ
2465 1308 2717 1362 ἁπάντων
2740 1308 2839 1375 τὴν
2866 1309 3212 1378 εὐχαριστίαν
3234 1312 3366 1362 άνα-

1806 1386 2086 1455 φέροντες,
2147 1388 2248 1458 τῆς
2300 1389 2428 1459 παρ’
2462 1389 2627 1442 αὐτοῦ
2675 1389 3082 1457 φιλανθρωπίας
3121 1391 3367 1457 ἀξιωθῶ-

1811 1484 1936 1536 μεν,
1968 1470 2151 1538 χάριτι
2176 1470 2271 1523 καὶ
2309 1472 2688 1544 φιλανθρωπίᾳ
2715 1473 2810 1526 τοῦ
2844 1473 3049 1544 Κυρίου
3083 1472 3240 1542 ήμῶν
3265 1474 3367 1543 ’1η-

1814 1551 1909 1604 σοῦ
1937 1551 2198 1623 Χριστοῦ,
2238 1553 2357 1625 μεθ’
2384 1548 2445 1607 οὗ
2473 1557 2552 1626 τῷ
2578 1556 2752 1625 Πατρὶ
2780 1556 2894 1625 ἅμα
2912 1557 2990 1626 τῷ
3026 1557 3163 1628 ἁγίῳ
3200 1559 3368 1611 Πνεύ-

1814 1650 1946 1703 ματι
1978 1634 2125 1701 δόξα,
2161 1636 2384 1705 κράτος,
2427 1638 2583 1707 τιμή,
2614 1639 2711 1693 νῦν
2749 1642 2843 1692 καὶ
2870 1641 2979 1704 ἀεὶ,
3021 1643 3115 1694 καὶ
3142 1643 3221 1701 είς
3243 1643 3365 1706 τοὺς

1806 1717 2009 1781 αἰῶνας
2032 1718 2138 1773 τῶν
2167 1718 2395 1774 αίώνων.
2432 1722 2620 1793 Ἀμήν.

1604 2120 1848 2179 ΟΜῐΛΙᾹ
1887 2127 1961 2181 Εν.

152 2272 220 2327 Τὸ
239 2270 580 2343 μυστήριον
616 2272 683 2343 τὸ
714 2272 1251 2343 ᾀποκεκρυμμένον
1280 2276 1397 2330 ἀπὸ
1428 2277 1547 2330 τῶν
1569 2279 1704 2331 σιώ-

213 2359 341 2417 νω-ν·
378 2341 474 2417 καί
521 2341 783 2417 ἀπὸ-τῶς
824 2341 1075 2417 γενεῶκ,
1105 2347 1237 2398 νυνί
1271 2345 1339 2399 δὲ
1367 2347 1704 2417 ἐφανερώθη

211 2411 344 2476 τοῖς
374 2412 563 2485 άγίοις
590 2410 796 2485 αὑτοῦ.
830 2408 934 2485 οἷς*
951 2413 1250 2485 ἠθέλησεν
1276 2418 1308 2468 ό
1334 2408 1477 2480 Θέὸς
1498 2408 1705 2485 γῖθωρίὶ

214 2498 327 2554 σαί
358 2482 448 2554 τίς
492 2484 534 2554 d_
573 2482 835 2554 πλοῦτος
863 2481 974 2554 τῇς
1015 2484 1200 2550 δόξης
1232 2485 1339 2538 τοῦ
1368 2481 1706 2554 μυστηρῗου

208 2550 323 2626 τοῦ
346 2551 852 2626 ένμτοῖςῌέθγεσιν,
881 2552 947 2626 (ξς
975 2554 1121 2626 ἐστι,
1150 2550 1403 2621 Χριστὸς
1436 2557 1506 2609 ἐν
1538 2550 1701 2626 ὑμῖν,

210 2622 248 2686 ἡ
296 2620 618 2695 ἐλπὶςῳτῆς
646 2621 852 2695 δόξης,
888 2622 961 2695 ὃν·
988 2623 1158 2689 ἡμεῖς
1196 2620 1705 2695 καταγγέλλομεν,

211 2690 639 2759 νουθετοῦντες
673 2690 867 2743 πάντα
907 2692 1239 2759 ἄνθρωπον,
1268 2690 1368 2747 καί
1392 2690 1707 2755 δςδάσὲιονέ

210 2778 317 2825 τες
377 2758 572 2833 πάῂτα
638 2760 951 2833 ἄνθρωπον
991 2758 1062 2814 ἐν
1114 2764 1283 2830 πάσῃ
1343 2768 1546 2833 σοφίᾳ,
1609 2767 1709 2819 ἵνα

210 2828 697 2901 παραστήσωμεγ
745 2829 939 2884 πάντα
986 2828 1299 2901 ἄνθρωπον-
1356 2828 1590 2889 τέξλεὶον
1639 2838 1709 2889 ἐν

210 2898 451 2968 Χριστῷ
492 2900 716 2966 Ἰησοῦ.

210 3078 279 3123 α’.
308 3068 491 3122 Εἰπὼν
510 3062 583 3121 ὧν
602 3068 883 3140 ἐτύχομεν,
904 3070 997 3122 καὶ
1010 3070 1186 3138 δείξας
1206 3071 1299 3126 τοῦ
1319 3072 1453 3125 Θεοῦ
1473 3073 1571 3144 τὴν
1592 3073 1707 3142 φιλ-

140 3157 462 3227 ανθρωπίαν
494 3158 588 3209 καὶ
616 3157 712 3225 τὴν
740 3156 907 3227 τιμὴν
936 3158 1016 3227 τῷ
1050 3158 1269 3227 μεγέθει
1293 3159 1402 3212 τῶν
1422 3159 1701 3226 δοθέντων,

144 3242 311 3297 πάλιν
344 3242 530 3311 ἐτέραν
548 3241 795 3294 ἐπίτασιν
817 3241 1045 3309 είσάγει,
1075 3243 1157 3295 ὅτι
1179 3243 1299 3295 ούδέ
1316 3244 1423 3314 πρὸ
1444 3245 1600 3315 ήμῶν
1625 3262 1710 3309 τις

137 3331 309 3385 αὐτὸν
325 3327 528 3396 ἔμαθεν
544 3344 557 3357 ·
583 3328 613 3381 ὃ
625 3330 718 3381 καὶ
736 3329 795 3382 ἐν
813 3330 879 3399 τῇ
901 3329 1036 3398 πρὸς
1062 3330 1336 3398 Ἐφεσίους
1355 3334 1500 3385 ποιεῖ
1513 3332 1707 3402 λέγων’

138 3412 295 3485 [558]
332 3410 469 3465 Οὔτε
510 3412 752 3480 ἄγγελοι,
779 3412 904 3465 οὔτε
934 3414 1117 3483 ἀρχαὶ,
1147 3413 1271 3467 οὔτε
1309 3416 1443 3487 άλλη
1474 3434 1559 3480 τις
1589 3435 1708 3471 κτι-

142 3497 239 3568 στὴ
266 3497 526 3565 δύναμις,
553 3493 687 3547 ἀλλά
731 3494 890 3565 μόνος
928 3497 956 3548 6
996 3495 1087 3547 τοῦ
1125 3496 1258 3549 Θεοῦ
1286 3498 1412 3561 Υίὸς
1450 3498 1586 3570 ᾔδει.
1616 3501 1707 3555 Διὸ

142 3581 234 3633 καὶ
276 3579 383 3647 οὐχ
416 3577 599 3640 ἁπλῶς
645 3577 1028 3648 κεκρυμμένον
1068 3575 1239 3645 εἶπεν,
1287 3580 1404 3633 ἀλλ’
1470 3582 1707 3636 Ἀποκο-

140 3663 505 3735 κρυμμένον’
532 3665 622 3716 καὶ
646 3664 726 3717 ὅτι
747 3665 795 3717 εί
823 3665 917 3717 καὶ
945 3664 1040 3719 νῦν
1062 3665 1305 3734 γέγονεν,
1324 3667 1457 3721 ἀλλά
1480 3670 1707 3722 παλαιόν

142 3756 280 3816 ἐστι,
319 3752 417 3805 καὶ
442 3751 646 3805 ἀνωθεν
693 3750 869 3805 ταῦτα
899 3753 929 3804 6
964 3751 1095 3814 Θεὸς
1142 3752 1413 3820 ἐϐούλετο,
1446 3757 1540 3809 καὶ
1567 3757 1708 3810 οὕτω

139 3839 541 3894 διετετύπωτο”
592 3838 681 3892 διά
735 3839 895 3904 τίδὲ,
939 3839 1124 3892 οὐκέτι
1174 3840 1343 3909 λέγει.
1400 3843 1543 3897 Ἀπὸ
1588 3842 1710 3896 τῶν

138 3929 394 3990 αἰώνων,
422 3928 608 3996 φησὶν,
645 3927 713 3991 ἐξ
743 3926 954 3996 ἀρχῆς.
1003 3929 1112 3981 Καὶ
1156 3931 1453 4002 μυστήριον
1486 3932 1709 3993 εἰκότως

140 4015 320 4080 καλεῖ,
350 4014 379 4067 ὂ
414 4014 593 4076 οὐδεὶς
624 4014 739 4084 ᾔδει
762 4014 902 4085 πλὴν
933 4016 961 4067 6
990 4016 1143 4078 Θεός.
1190 4018 1299 4070 Καὶ
1332 4018 1432 4071 ποῦ
1458 4036 1707 4089 κεκρυμ-

141 4104 344 4173 μένον;
385 4104 475 4156 Ἐν
503 4102 582 4172 τῷ
610 4103 860 4174 Χριστῷο
881 4102 1069 4175 ὥσπερ
1094 4106 1151 4158 ἐν
1178 4108 1243 4177 τῇ
1266 4106 1399 4179 πρὸς
1430 4107 1707 4175 Ἐφεσίους

141 4191 329 4259 λέγει·
376 4191 409 4263 ἢ
445 4190 633 4262 ὥσπερ
666 4193 794 4244 ὅταν
836 4190 971 4263 λέγῃ
998 4194 1026 4245 6
1057 4193 1362 4264 προφήτης.
1419 4195 1561 4247 Ἀπὸ
1599 4192 1707 4247 τοῦ

144 4277 382 4343 αἰῶνος,
409 4278 509 4331 καὶ
539 4277 651 4344 ἕως
681 4279 785 4332 τοῦ
813 4276 1027 4344 αίῶγος
1058 4279 1139 4333 σὺ
1166 4276 1241 4335 εί.
1281 4281 1434 4334 Νυνὶ
1469 4281 1537 4334 δὲ
1567 4282 1709 4350 ἐφα-

143 4366 393 4434 νερώθη,
433 4368 587 4436 φησὶ,
614 4368 738 4433 τοῖς
783 4367 973 4435 ἁγίοις
1025 4368 1233 4423 αὐτοῦ.
1281 4370 1444 4447 Ὥστε
1475 4370 1574 4440 τῆς
1610 4368 1706 4422 τοῦ

149 4454 289 4507 Θεοῦ
319 4455 618 4524 οἰκονομίας
645 4455 762 4507 ἐστ)⁵
787 4453 846 4507 τὸ
870 4455 1011 4509 ὅλον.
1044 4456 1195 4509 Νυνὶ
1221 4456 1309 4521 δὲ,
1343 4458 1529 4526 φησὶν,
1560 4458 1705 4526 ἐφα-

152 4540 405 4607 νερώθη.
465 4543 571 4595 Ούκ
622 4536 797 4605 εἶπεν,
846 4541 1113 4609 Ἐγένετο,
1141 4542 1277 4607 ἀλλ’,
1336 4547 1707 4614 Ἐφανερώθη

154 4627 285 4693 τοῖς
333 4628 518 4696 ἁγίοις
554 4628 760 4683 αὐτοῦ.
795 4628 956 4681 Ὥστε
997 4630 1092 4683 καὶ
1123 4630 1217 4684 νῦν
1253 4632 1332 4684 ἔτι
1379 4632 1703 4701 κρύπτεται,

144 4717 311 4787 εἴπερ
368 4718 480 4779 τοῖς
534 4717 710 4784 ἁγίοις
764 4715 1080 4788 ἐφανερώθη
1141 4718 1341 4787 μόνοις.
1397 4718 1488 4788 Μὴ
1531 4718 1708 4771 τοίνυν

143 4805 295 4873 ὑμᾶς
326 4805 685 4858 ἀπατάτωσαν
715 4806 909 4859 ἐκεῖνοι
930 4822 944 4836 ·
983 4806 1042 4858 οὐ
1074 4805 1181 4876 γὰρ
1213 4806 1385 4870 ἴσασι,
1420 4805 1508 4860 διά
1530 4807 1582 4860 τί
1608 4808 1706 4878 μό-

141 4910 275 4955 νοις,
317 4887 416 4957 Οἴς
434 4892 718 4959 ἠθέλησε,
751 4892 932 4964 φησίν.
965 4892 1107 4963 Ὅρα
1141 4892 1256 4955 πῶς
1283 4894 1556 4964 πανταχοῦ
1589 4897 1706 4948 ἐπι-

140 4980 393 5048 στομίζει
444 4979 544 5041 τὰς
599 4981 893 5050 ἐρωτήσεις
921 4980 1115 5032 αὐτῶν.
1176 4977 1277 5046 Οἷς
1326 4981 1629 5048 ἠθέλησεν
1671 4984 1705 5036 ὀ

142 5067 311 5132 Θεὸς,
346 5065 500 5134 φησὶ,
542 5067 841 5135 γνωρίσαι.
875 5067 949 5120 Τὸ
973 5068 1028 5120 δὲ
1063 5066 1236 5120 θέλειν
1256 5067 1438 5131 αὐτοῦ,
1463 5069 1559 5122 οὑκ
1580 5070 1703 5123 ἀλο-

139 5171 259 5220 γον.
285 5154 461 5205 Τοῦτο
474 5153 530 5204 δὲ
556 5151 698 5217 εἶπε,
714 5154 932 5223 χάριτος
950 5153 1146 5222 μᾶλλον
1169 5153 1494 5218 ὑπευθύνους
1512 5155 1700 5219 ποιῶν,

139 5241 173 5309 ἦ
207 5241 393 5308 ἀφιεὶς
450 5240 648 5300 αὐτοὺς
696 5241 791 5292 ἐπὶ
844 5240 1224 5309 κατορθώματι
1274 5242 1414 5310 μέγα
1462 5245 1700 5312 φρονεῖν.

139 5329 239 5394 Τίς
261 5331 297 5382 ό
326 5328 592 5392 πλοῦτος
632 5326 740 5395 τῆς
779 5327 962 5394 δόξης
989 5329 1095 5382 τοῦ
1124 5330 1459 5397 μυστηρίου
1490 5332 1704 5386 τούτου

133 5414 357 5479 ἐντοῖς
386 5416 614 5468 ἔθνεσι.
648 5414 867 5484 Σεμνῶς
901 5410 1041 5478 εἶπε,
1088 5416 1181 5468 καὶ
1220 5415 1381 5483 ὄγκον
1411 5417 1700 5487 ἐπέθηκεν,

133 5504 245 5557 ἀπὸ
276 5503 486 5573 πολλῆς
528 5501 818 5565 διαθέσεως
848 5505 1141 5573 ἐπιτάσεις,
1175 5504 1352 5575 ζητῶν
1381 5508 1701 5563 ἐπιτάσεων.

136 5592 247 5645 Καὶ
281 5591 397 5660 γάρ
425 5592 520 5643 καὶ
549 5588 705 5643 τοῦτο
744 5590 1066 5656 ἐπιτάσεως,
1113 5592 1174 5645 τὸ
1206 5592 1471 5663 ἀορίστως
1510 5597 1701 5661 εἰπεῖν,

146 5679 198 5727 ὐ
229 5677 507 5744 Πλοῦτος
530 5676 640 5745 τῆς
669 5677 854 5747 δόξης
882 5678 988 5732 τοῦ
1024 5681 1361 5748 μυστηρίου
1392 5683 1604 5737 τούτου
1636 5684 1706 5738 ἐν

134 5765 258 5833 τοῖς
285 5766 515 5821 ἔθνεσι.
547 5766 795 5821 Μάλιστα
835 5769 931 5835 μὲν
959 5768 1065 5839 γὰρ
1118 5770 1175 5824 ἐν
1204 5771 1315 5832 τοῖς
1354 5769 1529 5825 ἔθνεσι
1571 5774 1701 5842 φαί-

134 5874 185 5912 vs
199 5874 313 5922 ται,
343 5857 525 5923 καθώς
562 5858 652 5913 καὶ
689 5856 919 5929 ἀλλαχοῦ
964 5876 1115 5931 φησι,
1171 5858 1247 5913 Τὰ
1279 5858 1344 5912 δὲ
1379 5860 1523 5921 ἔθνη
1552 5865 1700 5928 ὑπὲρ

1808 2281 2020 2349 ἐλέους
2045 2285 2299 2348 δοξάσαι
2328 2288 2437 2340 τὸν
2461 2288 2609 2343 Θεόν·
2634 2308 2646 2319 ·
2689 2292 2937 2360 φαίνεται
2970 2297 3027 2351 δὲ
3053 2302 3148 2355 καὶ
3178 2303 3235 2356 ἐν
3256 2305 3371 2359 ἐτέ-

1810 2387 1946 2439 ροις,
1977 2371 2158 2442 πολλῷ
2177 2373 2233 2427 δέ
2259 2375 2421 2430 πλέον
2448 2378 2506 2429 ἐν
2538 2378 2805 2452 τούτοιςή
2840 2384 3006 2454 πολλή
3040 2389 3135 2441 τοῦ
3166 2408 3373 2463 μυστη-

1810 2458 1928 2528 ρίου
1948 2458 2095 2525 δόξα.
2121 2460 2193 2513 Τὸ
2222 2461 2331 2532 γὰρ
2357 2464 2568 2533 ἀθρόως
2591 2465 2912 2535 ἀνθρώπους
2933 2471 3096 2525 λίθων
3112 2458 3371 2548 ἀναισθη-

1805 2545 2060 2615 τοτέρους
2092 2548 2171 2609 είς
2217 2548 2465 2616 ἀγγέλων
2518 2552 2747 2620 ἀγαγεῖν
2794 2552 3010 2627 ἀξίωμα
3047 2561 3234 2627 ἀπλῶς
3281 2545 3371 2620 διά

1806 2630 1978 2720 ψιλῶν
2011 2635 2269 2705 ῥημάτων
2308 2638 2401 2690 καὶ
2427 2639 2664 2703 πίστεως
2705 2643 2873 2712 μόνης
2909 2649 3076 2718 χωρὶς
3107 2651 3370 2720 ἐργωδίας

1808 2719 2010 2788 πάσης,
2036 2720 2205 2782 ὄντως
2228 2721 2353 2786 δόξα
2394 2724 2489 2777 καὶ
2528 2725 2759 2791 πλοῦτος
2805 2734 3104 2805 μυστηρίου
3132 2719 3148 2767 έ
3181 2739 3372 2812 ῶσπερ

1809 2807 1877 2860 ἂν
1908 2807 2062 2871 εἴτις
2088 2808 2225 2898 κύνα
2243 2810 2396 2898 γλιμῷ
2419 2813 2512 2865 καὶ
2533 2814 2692 2885 qui,”
2720 2817 3130 2891 διεφθαρμένον,
3149 2807 3372 2898 αἰσχρόν

1806 2911 1929 2948 τινα
1962 2898 2057 2948 καὶ
2081 2896 2298 2965 δυσειδῆ
2332 2900 2425 2951 καὶ
2452 2901 2573 2954 οὐδὲ
2606 2906 2873 2959 κινεῖσθαι
2913 2896 3373 2980 δυνάμενον,νάλλ’

1808 2982 2162 3053 ἐρριμμένον,
2206 2984 2464 3055 ἐξαίφνης
2515 2989 2608 3041 καὶ
2652 2990 2938 3062 ἄνθρωπον
2973 2999 3236 3068 ποιήσειε,
3276 3007 3372 3057 καὶ

1810 3070 1902 3122 ἐπὶ
1939 3069 2033 3122 τοῦ
2090 3070 2278 3142 θρόνου
2316 3072 2507 3139 δείξειε
2548 3075 2642 3128 τοῦ
2692 3078 2993 3146 βασιλικοῦ.
3018 3085 3160 3157 Ὅρα
3212 3090 3321 3161 γάρ
3354 3107 3369 3122 ’

1808 3158 1935 3220 τοὺς
1970 3157 2151 3222 λίθους
2181 3161 2569 3230 προσεκύνουν,
2611 3168 2703 3219 καὶ
2737 3168 2834 3238 τὴν
2880 3171 3015 3241 γῆν·
3062 3174 3263 3244 ἔμαθον
3289 3157 3401 3233 ότι’

1811 3245 1903 3296 καὶ
1931 3245 2160 3316 οὐρανοῦ
2194 3248 2284 3299 καὶ
2324 3247 2475 3317 ήλίου
2517 3251 2773 3321 ἀμείνους
2810 3257 2937 3322 εἰσὶ,
2971 3260 3123 3314 καὶῑό
3170 3263 3371 3335 κόσμος

1811 3331 1958 3419 άπας
2014 3333 2196 3395 αὐτοῖς
2248 3334 2514 3389 δουλεύειο
2570 3340 2906 3409 αἰχμάλωτοι
2956 3347 3051 3398 καὶ
3098 3331 3371 3419 δεσμῶται

1810 3418 1951 3492 ἦσαν
2011 3422 2105 3476 τοῦ
2152 3422 2432 3477 διαϐόλου*
2489 3426 2682 3497 ἀθρόον
2731 3432 3020 3499 γεγόνασιν
3056 3418 3219 3491 αὐτοῦ
3274 3442 3373 3511 τῆς

1814 3508 2057 3579 κεφαλῆς
2088 3510 2292 3576 ἐπάνω,
2328 3513 2421 3565 καὶ
2468 3513 2761 3568 ἐπέταττον
2800 3519 2969 3588 αὐτῷ,
3011 3526 3105 3575 καὶ
3144 3508 3372 3594 ἐμάστι-

1814 3596 1906 3660 ζον
1939 3596 2101 3650 αὐτόν
2122 3614 2136 3630 ο
2169 3598 2437 3668 δαιμόνων
2471 3601 2623 3665 ὄντες
2658 3603 2997 3673 θεραπευταὶ
3040 3612 3134 3663 καὶ
3174 3613 3370 3682 δοῦλοι,

1811 3683 1904 3736 τοῦ
1929 3684 2037 3736 τῶν
2064 3686 2308 3754 ἀγγέλων
2346 3690 2612 3742 Δεσπότου
2637 3694 2731 3745 καὶ
2766 3695 2875 3747 τῶν
2893 3699 3247 3767 ἀρχαγγέλων
3278 3721 3373 3771 γε-

1813 3773 2004 3839 γόνασι
2038 3775 2194 3846 σῶμα
2224 3794 2237 3808 ·
2269 3778 2392 3830 οὐδὲ
2414 3778 2467 3830 τί
2504 3781 2620 3834 ἐστι
2652 3782 2785 3848 Θεὸς
2822 3786 3045 3850 εἰδότες,
3085 3792 3375 3859 γεγόνασιν

1814 3859 2216 3949 ἐξαίφνηςῗκαὶ
2256 3863 2540 3935 σύνθρονοι
2582 3866 2677 3920 τοῦ
2725 3870 2879 3924 Θεοῦ.
2918 3874 3106 3928 Βούλει
3150 3879 3373 3949 μυρίους

1817 3946 1945 4001 ἰδεῖν
1974 3948 2344 4019 ἀναὸαθμοὺς,
2390 3951 2484 4017 οὓς
2523 3955 2977 4029 ύπερεπήδησαν;
3004 3946 3157 4016 Ἔδει
3182 3946 3374 4033 μαθεῖν

1815 4035 2052 4105 πρῶτον,
2082 4036 2164 4090 ὅτι
2194 4041 2244 4091 οἱ
2283 4039 2419 4092 λίθοι
2438 4042 2500 4093 ού
2534 4041 2676 4095 θεοί’
2712 4044 2985 4117 δεύτερον,
3011 4050 3093 4103 ὃτι
3122 4052 3182 4104 ού
3214 4053 3375 4123 μόνον

1813 4122 1876 4174 o6
1908 4121 2041 4184 θεοὶ,
2075 4124 2213 4177 ἀλλά
2259 4127 2351 4180 καὶ
2398 4128 2699 4199 ἀνθρώπων
2731 4132 2986 4198 ἐλάττους
3012 4153 3025 4168 ·
3058 4121 3262 4209 τρίτον,
3291 4143 3374 4197 ὅτι

1815 4211 1911 4263 καὶ
1940 4211 2151 4279 ἀλόγων
2170 4229 2185 4241 ·
2212 4215 2492 4283 τέταρτον,
2527 4217 2610 4269 ὅτι
2632 4217 2727 4270 καὶ
2751 4222 2933 4288 φυτῶν
2950 4239 2965 4255 ο
2990 4224 3259 4294 πέμπτον,
3291 4231 3373 4284 ὃτι

1814 4296 1881 4349 τὰ
1913 4296 2059 4368 ἄκρα
2089 4301 2395 4370 συνήγαγον
2432 4304 2512 4365 είς
2542 4306 2756 4369 ταυτὸν,
2796 4307 2876 4359 ὅτι
2916 4308 2977 4361 ού
3020 4309 3178 4380 μόνον
3212 4314 3373 4380 λίθοι,

1814 4385 1931 4437 ἀλλ’
1966 4386 2087 4438 οὐδὲ
2120 4388 2212 4458 γῆ,
2240 4389 2358 4441 ούδέ
2396 4388 2530 4453 ζῶα,
2560 4392 2680 4445 ούδέ
2710 4395 2873 4463 φυτά,
2917 4398 3036 4451 ούδέ
3066 4401 3368 4473 ἅνθρωπος,

1815 4473 1932 4524 οὐδὲ
1960 4473 2208 4543 οὐρανός·
2236 4476 2267 4546 ἢ
2300 4477 2504 4529 ἀνωθεν
2543 4479 2722 4544 πάλιν,
2757 4482 2838 4535 ὅτι
2876 4486 2934 4537 o6
2968 4486 3121 4551 λίθοι,
3153 4490 3212 4542 o6
3238 4492 3370 4556 ζῶα,

1814 4559 1874 4611 o6
1902 4558 2052 4630 [559]
2085 4561 2246 4629 φυτὰ,
2277 4563 2338 4615 o6
2367 4568 2626 4634 στοιχεῖα,
2661 4568 2721 4620 o6
2750 4569 2819 4622 τά
2848 4569 2981 4639 ἄνω,
3012 4574 3073 4626 o6
3101 4576 3168 4628 τά
3198 4579 3368 4644 κάτω,

1814 4647 1914 4738 οὐκ
1941 4647 2243 4719 ἄνθρωπος,
2268 4651 2327 4703 οὐ
2352 4651 2625 4722 δαίμονες,
2650 4656 2750 4710 οὐκ
2771 4657 3014 4727 ἄγγελοι,
3041 4664 3143 4717 οὐκ
3163 4666 3375 4738 ἀρχάγ-

1815 4735 1985 4801 γελοι,
2024 4738 2123 4808 οὐχ
2158 4738 2320 4810 ἐτέρα
2369 4758 2452 4806 τις
2504 4742 2613 4796 τῶν
2657 4745 2771 4799 ἀνω
2820 4748 3103 4819 δυνάμεων
3152 4735 3376 4810 ἐκείνων

1814 4822 1923 4909 ὑπο
1945 4823 2042 4909 τῆς
2078 4824 2423 4899 ἀνθρωπίνης
2467 4829 2680 4899 φύσεως
2719 4833 3116 4904 θεραπεύεσθαι
3144 4840 3370 4909 ὀφείλει.

1812 4907 2082 4997 βαθάπερ
2104 4910 2213 4963 ἀπό
2236 4929 2378 4978 τινος
2405 4913 2566 4983 βυθοῦ
2597 4917 2975 4989 ἀνιμωμένους
3019 4923 3125 4979 ἔδει
3155 4907 3369 4997 μαθεῖν,

1811 4995 1949 5090 ὅτι-ό
1988 4996 2205 5090 πάντων
2234 5002 2509 5074 Δεσπότης
2545 4998 2699 5069 οὗτος
2732 5009 2860 5073 Θεός
2891 5013 3057 5075 ἐστιν,
3098 4995 3179 5068 ὅτι
3207 5017 3387 5090 θερα-.

1813 5081 2000 5173 πεύειν
2026 5084 2186 5137 αὑτὸν
2219 5088 2376 5156 μόνον
2413 5090 2537 5161 χρὴ,
2567 5093 2649 5146 ὅτι
2679 5096 2841 5149 καλὸν
2869 5100 2901 5167 ή
2956 5099 3245 5173 θαυμαστή

1811 5167 2008 5262 λιτεία,
2032 5173 2112 5225 ὅτι
2141 5174 2170 5225 6
2196 5174 2388 5245 παρὼν
2423 5177 2649 5241 θάνατος
2688 5183 2748 5235 οὐ
2784 5183 3028 5249 θάνατος,
3064 5167 3145 5240 δτι
3187 5167 3389 5262 ήνζωὴ-

1809 5257 1871 5311 οὐ
1901 5257 2033 5330 ζωή,
2055 5260 2218 5314 ὅτιτὸ
2248 5262 2408 5333 σῶμα
2421 5266 2723 5333 ἀνίσταται,
2752 5270 2833 5324 ὅτι
2853 5272 3125 5343 ἄφθαρτον
3140 5257 3388 5344 γίνεται,

1811 5346 1892 5398 ὅτι
1928 5347 2007 5410 είς
2034 5348 2297 5418 οὐρανοὺς
2320 5351 2547 5418 ἄνεισιν,
2568 5357 2647 5408 ὅτι
2672 5357 2966 5423 ἀθανασίας
2998 5362 3367 5434 ἐπιτυγχάνει,

1810 5433 1891 5486 ὃτι
1934 5435 2071 5503 μετὰ
2115 5437 2364 5505 ἀγγέλων
2409 5440 2658 5511 ἔστηκεν,
2697 5444 2778 5497 ὅτι
2822 5446 3161 5515 μεθίσταται.
3212 5433 3387 5507 Ἀλλά
3472 5500 3473 5503 η

1808 5518 1998 5573 τοῦτον
2018 5522 2108 5575 τὸν
2140 5525 2255 5577 ἐκεῖ
2279 5524 2449 5589 κάτω,
2477 5529 2650 5582 ταῦτα
2677 5532 2853 5585 πάντα
2887 5534 3383 5608 ὑπερπηδήσαντα,,

1810 5604 1923 5659 ἄνω
1953 5608 2200 5664 ἐκάθισεν
2231 5612 2325 5663 ἐπὶ
2351 5613 2445 5665 τοῦ
2475 5614 2683 5684 θρόνου,
2724 5618 2831 5671 τῶν
2857 5604 3102 5690 ἀγγέλων
3138 5604 3232 5678 καὶ
3259 5628 3368 5681 τῶν

1811 5695 2165 5785 ἀρχαγγέλων
2213 5701 2304 5753 καὶ
2335 5701 2445 5755 τῶν
2495 5703 2697 5774 θρόνων
2740 5708 2835 5761 καὶ
2883 5710 2991 5762 τῶν
3034 5716 3375 5785 κιιιριοτήτων¹

1810 5784 2042 5854 ποιήσας
2076 5785 2404 5856 κυριώτερον
2438 5790 2528 5843 τὸν
2557 5792 2814 5847 ὑποκάτω
2856 5796 3027 5851 λίθων.
3051 5800 3199 5855 ὄντα.
3243 5784 3369 5856 Ὄν-

1808 5885 1913 5932 τως
1945 5870 2119 5935 καλῶς
2176 5873 2316 5939 εἷπε,
2374 5877 2466 5941 Τίς
2512 5882 2544 5933 ὁ
2574 5881 2835 5948 πλοῦτος
2868 5884 2977 5951 τῆς
3030 5886 3213 5957 δόξης
3260 5894 3375 5947 τοῦ
