3898 6510
141 438 244 495 333

135 1019 186 1071 in
213 1014 456 1087 gentibus,
485 1011 620 1084 quod
647 1019 718 1065 est
741 1009 967 1065 Christus
992 1008 1044 1060 in
1073 1007 1225 1062 vobis.
1254 1006 1457 1061 Rursus
1483 1012 1699 1073 oporte-

136 1111 221 1164 bat
247 1107 405 1170 scire,
450 1103 591 1174 quod
619 1102 717 1170 qui
735 1108 817 1159 est
854 1100 1098 1169 superior
1125 1098 1373 1153 omnibus
1396 1104 1450 1151 et
1477 1096 1703 1164 imperat

134 1198 352 1270 angelis,
378 1206 434 1252 et
460 1196 514 1249 in
541 1194 674 1249 alias
700 1205 886 1247 omnes
911 1198 1209 1260 poteSIates
1224 1188 1432 1245 obtinet
1460 1186 1702 1242 domina—

136 1302 264 1357 tum,
286 1287 565 1344 descendit
601 1283 771 1347 infra,
804 1289 860 1337 et
887 1282 1055 1338 factus
1094 1291 1177 1337 est
1220 1280 1400 1345 homo,
1433 1286 1485 1331 et
1513 1290 1717 1345 passus,

134 1394 211 1438 est
240 1375 665 1441 innumerabilia,
694 1384 760 1430 et:
775 1371 1067 1429 resurrexit
1087 1379 1255 1425 etest:
1269 1380 1590 1437 assumptus.

197 1472 251 1525 2.
293 1470 420 1526 Haec
433 1469 607 1529 omnia
622 1475 777 1522 erant
792 1466 930 1520 illius
954 1463 1188 1535 mysterii
1215 1481 1228 1516 :
1249 1472 1437 1517 etcum
1455 1458 1719 1516 encomio,

132 1564 180 1618 id
199 1563 349 1632 ponit
371 1562 575 1624 dicens,
602 1558 751 1624 Quod
769 1568 841 1613 est
859 1556 1084 1611 Christus
1104 1555 1156 1608 in
1175 1553 1327 1609 vobis.
1347 1553 1402 1609 Si
1423 1560 1507 1607 est
1524 1561 1699 1606 autem

133 1656 183 1709 in
214 1654 390 1719 vobis,
413 1667 513 1706 cur
535 1651 749 1720 angelos
777 1649 1013 1719 quzeritis
1029 1646 1275 1701 doctores
1298 1644 1322 1697 ?
1346 1642 1580 1714 Μυκεήὶ
1605 1643 1711 1697 litt--

123 1749 212 1815 jus
230 1743 501 1803 :esteuim
530 1740 669 1797 aliud
686 1754 897 1810 quoque
915 1734 1365 1808 mysterium.Sed
1387 1736 1485 1789 hoc
1514 1742 1596 1789 est
1621 1747 1705 1787 re-

130 1852 256 1892 vera
272 1832 754 1908 mysterimn,’qpnd
770 1846 925 1886 nemo
940 1830 1107 1893 novit,
1121 1827 1258 1899 quod
1273 1838 1351 1883 est
1367 1825 1698 1892 admirabile,

131 1928 273 1997 quod
292 1938 375 1983 est
391 1935 580 1996 pneter
595 1937 931 1981 communem
953 1916 1584 1990 eapectationemmund
1604 1916 1701 1971 ab-

130 2019 507 2074 scondebatur.
518 2015 666 2085 Quod
677 2026 773 2081 est,
783 2014 807 2082 ⁸ἰ
817 2014 981 2085 nquit,
999 2012 1223 2067 Christus
1240 2012 1291 2064 in
1307 2011 1578 2079 uobis,spes
1592 2009 1703 2079 glo-

131 2113 234 2176 n’ar,
264 2126 535 2180 quentnos
565 2108 941 2172 annuntiamus,
972 2121 1003 2165 a
1030 2104 1237 2174 superis
1263 2118 1384 2158 eum
1416 2101 1650 2156 ferentes
1679 2119 1692 2156 :

138 2217 307 2270 quem.
342 2215 460 2266 nos,
502 2214 608 2252 non
632 2197 807 2267 angeli
837 2213 850 2249 :
883 2197 1116 2255 docentes
1139 2204 1195 2253 et
1216 2195 1560 2263 corripientes,
1595 2207 1698 2247 non

135 2294 466 2363 imperando,
495 2307 664 2361 neque
689 2306 808 2351 cum
837 2291 1152 2347 necessitate
1180 2306 1192 2343 :
1218 2304 1340 2346 nam
1367 2288 1471 2342 hoc
1490 2303 1702 2357 quoque

131 2399 217 2447 est
237 2387 337 2442 Dei
367 2385 727 2455 benignitatis,
770 2400 872 2439 non
900 2382 1407 2453 adducityraunice.
1441 2382 1700 2448 Quoniam

133 2477 276 2541 illud,
309 2476 576 2539 Docentes,
600 2486 998 2544 eratmagnum,
1021 2472 1312 2541 subiunxit,
1344 2472 1699 2542 Corripientes,

130 2568 262 2637 quod
310 2568 480 2637 magis
523 2575 639 2625 erat
677 2566 847 2636 patris.
868 2580 1025 2634 quam
1072 2564 1305 2625 doctoris
1343 2577 1398 2619 et
1440 2566 1698 2635 magistri.

132 2661 287 2723 Quem
316 2675 430 2722 nos,
478 2657 669 2726 inquit,
713 2658 1094 2721 annuntiarnus,
1137 2657 1465 2725 corripientes
1505 2675 1701 2711 omnem

130 2754 402 2813 hominem,
434 2753 731 2807 etdocentes
759 2767 955 2804 omnem
985 2750 1316 2805 hominemin
1344 2750 1702 2817 omnisapieni-

131 2852 195 2900 tia
222 2864 240 2901 :
272 2846 330 2902 id
373 2854 477 2912 est,
516 2860 635 2901 cum
674 2843 816 2901 omni
861 2843 1119 2912 sapientia
1155 2852 1209 2897 ct
1257 2842 1577 2911 prudentia;
1620 2842 1701 2895 vel

129 2938 304 2991 omnia
341 2939 394 2991 in
422 2936 679 3005 sapientia
725 2934 984 2989 dicentes.
1033 2934 1215 3000 Itaque
1254 2933 1411 2989 omni:
1444 2933 1701 3002 sapientia

128 3040 375 3098 estropus
405 3045 419 3081 :
453 3028 576 3085 talia
606 3028 747 3087 enim
779 3041 936 3097 posse
963 3025 1170 3081 discere
1200 3041 1305 3081 non
1334 3036 1429 3081 est.
1448 3041 1702 3095 quorum.

126 3126 227 3183 vis.
258 3122 303 3178 υ
309 3132 329 3175 ι
350 3119 1165 3180 exhibeamusomnem-hominem
1194 3125 1465 3191 perfectum
1485 3121 1537 3173 in
1556 3120 1704 3175 Chri~

127 3226 203 3268 sto
230 3215 381 3268 Jesu.
409 3212 542 3280 Quid
571 3212 726 3278 dicis,
760 3211 972 3267 Omnem
992 3212 1280 3267 hominem?
1307 3214 1480 3276 Certe,
1512 3213 1700 3282 inquit,

130 3306 712 3367 nostrumistudium-iu
738 3320 804 3360 eo
830 3305 1094 3375 ponimus.
1121 3304 1255 3371 Quid
1285 3306 1468 3360 enim?
1494 3306 1701 3359 etiamsi

128 3403 228 3458 hoc
255 3417 366 3456 non
390 3401 498 3467 ﬁat,
532 3399 732 3455 studuit
758 3407 941 3454 tamen
974 3398 1158 3453 beatus
1187 3397 1380 3452 Paulus
1411 3397 1700 3465 perfectum

129 3497 327 3550 facere.
367 3493 531 3564 Igitur
556 3493 659 3549 hoc
695 3502 777 3548 est
817 3491 1107 3561 perfectio;
1143 3489 1272 3545 illud
1301 3500 1478 3544 autem
1511 3505 1605 3544 res
1620 3500 1703 3542 est

128 3585 483 3655 imperfecta:
514 3598 621 3654 quo
660 3582 717 3639 ﬁt
763 3592 821 3640 ut
866 3583 913 3637 si
954 3583 1072 3653 quis
1117 3599 1222 3637 non
1253 3598 1467 3637 omnem
1511 3581 1703 3636 habeat

126 3678 467 3745 sapientiam,
511 3677 579 3729 sit
606 3690 691 3729 res
722 3672 1049 3743 imperfecta.
1082 3672 1375 3745 Perfectum
1412 3675 1467 3727 in
1504 3673 1701 3728 Christo

124 3768 272 3821 Jesu.
305 3767 426 3821 Non
456 3768 511 3821 in
537 3767 671 3835 lege.
700 3780 873 3835 neque
912 3765 965 3818 in
994 3765 1199 3834 angelis
1224 3782 1237 3817 :
1266 3765 1392 3819 illud
1422 3766 1565 3820 enim
1592 3781 1701 3819 non

127 3861 447 3930 perfectum.
479 3858 549 3919 In
564 3858 766 3915 Christo
786 3874 806 3922 ;
832 3857 937 3913 hoc
952 3867 1054 3920 εει,
1086 3860 1139 3912 in
1158 3858 1462 3927 cognitione
1480 3858 1698 3913 Christi.

125 3958 223 4023 Qui
247 3958 353 4012 scit
377 3955 504 4027 quid
526 3955 773 4011 Christus
796 3954 1003 4020 fecerit,
1029 3954 1147 4024 plus
1167 3957 1305 4025 sapit
1324 3971 1483 4025 quam
1503 3957 1698 4026 angeli.

125 4049 192 4103 In
220 4049 424 4104 Christo
466 4046 637 4113 Iesu;
672 4045 762 4103 ‘29.
789 4049 1041 4118 inquoiet
1081 4047 1254 4102 laboro
1294 4050 1551 4104 certando.
1583 4050 1719 4105 Non.

126 4141 318 4199 leviter
362 4156 465 4195 nec
509 4140 1027 4209 quomodocumque,
1078 4140 1282 4210 inquit,
1320 4140 1540 4206 studeo,
1581 4143 1697 4209 sed,

126 4233 329 4290 Laboro
352 4231 613 4296 certando,
641 4247 760 4285 cum
792 4232 959 4285 multo
988 4230 1186 4297 studio,
1220 4231 1272 4286 id
1298 4241 1399 4297 est,
1430 4234 1701 4289 cummule

128 4326 197 4383 tis
223 4324 443 4394 vigiliis.
462 4322 646 4392 Siego
671 4337 769 4391 pro
787 4323 982 4377 vestris
998 4323 1161 4377 bonis
1179 4322 1314 4377 adeo
1334 4324 1511 4392 vigilo,
1535 4324 1720 4379 multo

130 4415 306 4482 magis
342 4429 436 4468 vos
462 4413 697 4471 debetis.
729 4412 929 4467 Deinde
964 4428 1149 4467 rursus
1177 4414 1409 4468 ostendit
1434 4431 1547 4469 rem
1583 4429 1721 4470 esse

133 4503 373 4556 divinam
404 4522 419 4557 :
452 4502 733 4561 Secundum
771 4504 1278 4576 Operatimtem.ejus,
1315 4521 1427 4575 quw
1464 4516 1702 4575 operatur

130 4595 189 4647 iis
210 4610 293 4647 me
318 4595 371 4646 in
393 4595 577 4651 virtute.
605 4595 849 4651 Ostendit
876 4595 977 4649 hoc
999 4611 1117 4650 esse
1138 4612 1287 4667 opus.
1301 4598 1412 4652 Dei.
1443 4598 1541 4665 Qui
1572 4613 1700 4669 ergo

128 4703 219 4743 me
242 4687 312 4742 ad
342 4687 441 4743 hoc
463 4686 584 4745 facit
612 4688 800 4743 fortem
830 4699 884 4742 et
912 4690 1209 4755 robustum,
1240 4689 1414 4759 palam
1441 4699 1524 4745 est
1558 4692 1700 4761 quod

130 4779 235 4832 hoc
263 4779 409 4832 velit.
450 4778 517 4833 Et
557 4778 677 4833 ideo
715 4777 855 4833 dicit.
886 4777 1057 4842 initio,
1106 4777 1221 4831 Per.
1245 4778 1553 4833 uoluntatem
1579 4779 1694 4835 Dei.

124 4869 491 4936 Quamobrem
518 4885 621 4924 non
653 4869 821 4925 solum
868 4868 970 4923 hoc
1015 4870 1191 4939 posuit
1230 4879 1389 4925 utens
1417 4871 1695 4938 modeSIia,

118 4961 302 5021 sed;et
337 4961 695 5022 veredicens,
740 4958 1012 5017 Certando.
1060 4961 1171 5016 lloc
1217 4960 1422 5025 dicens,
1463 4962 1717 5017 ostendit

87 5118 91 5122 ι
118 5069 241 5113 esse
269 5055 470 5111 multos
486 5053 582 5123 .qui
612 5069 733 5107 eum
760 5068 827 5108 eo
851 5064 1106 5122 pugnant.
1139 5053 1341 5108 Deinde
1376 5070 1559 5109 rursus
1582 5071 1697 5108 ma-

85 5126 92 5143 ’
115 5163 218 5216 gna
243 5145 728 5203 estbenevolentia
759 5163 772 5198 :
809 5144 957 5216 (Cap.
991 5140 1131 5209 2M.
1157 5144 1285 5200 Volo
1308 5147 1701 5202 επὴηηυθσλδεὶνε

116 5239 743 5305 ᾳααιιηιιεοὶιίσὶικάὶηεηι
770 5237 980 5293 habeam
1017 5255 1109 5310 pro
1151 5239 1309 5303 vobis,
1337 5250 1500 5308 etpro
1524 5239 1587 5293 iis
1614 5241 1717 5310 qui»

112 5340 231 5387 sunt
256 5329 550 5387 Laodicea.
592 5329 811 5394 Deinde,
855 5345 922 5385 ne
962 5330 1067 5385 hoc
1101 5330 1353 5385 videatur:
1369 5346 1490 5386 esse
1512 5348 1717 5387 eorum.

114 5420 523 5483 imbecillitatis,
547 5420 822 5488 conjunxit
854 5421 1011 5474 etiam
1056 5421 1211 5487 alios,
1254 5430 1309 5475 et
1346 5422 1577 5477 nondum
1607 5439 1697 5478 re-

113 5510 429 5580 prehendit.
466 5510 528 5564 Et
550 5511 847 5581 quicumque
872 5528 975 5565 non
993 5511 1225 5569 viderunt
1246 5513 1615 5584 faciemmeam
1643 5517 1698 5570 in

112 5616 288 5655 carne.
326 5600 516 5656 Divine
557 5600 644 5661 hic
683 5600 912 5659 ostendit
950 5615 1008 5657 se
1048 5618 1141 5657 eos
1185 5604 1615 5661 assiduevidere
1640 5608 1717 5662 in.

110 5693 329 5762 spiritu.
362 5691 475 5749 Suo
501 5701 677 5750 autem
709 5693 1015 5749 testimonio
1043 5694 1127 5749 eis
1150 5696 1345 5751 tribuit:
1369 5697 1715 5754 multamdi-i

110 5782 701 5853 lectionem;ideoque
741 5782 902 5839 infert
932 5802 945 5838 :
974 5785 1030 5840 ‘2.
1077 5785 1144 5841 Ut
1184 5789 1500 5843 consolentur
1540 5793 1694 5847 corda

110 5874 377 5944 ipsorum,
413 5875 644 5933 instructi
668 5878 720 5933 iu
745 5878 973 5944 caritate,
1014 5886 1057 5932 et
1084 5880 1335 5937 in-omnes
1358 5882 1556 5939 divitias
1580 5884 1691 5954 ple-

946 460 947 467 γ
1046 428 1112 487 IN
1148 429 1361 488 EPIST.
1402 429 1507 487 an
1532 426 1804 487 COLOSS.
1846 428 1996 484 car.
2040 428 2102 488 Il.
2146 431 2377 493 unum.
2418 437 2484 493 v.

141 558 309 611 nibus.
358 551 564 607 Revera
601 547 742 606 bene
785 545 943 609 dixit.
997 547 1124 614 Quae
1168 547 1270 605 sint
1305 546 1494 600 divitia:
1525 542 1711 615 glorise.

140 649 284 715 hujus
327 643 571 715 mysterii.
610 643 689 697 Ac
725 639 783 695 si»
815 640 937 710 quis
978 639 1351 708 philosophum
1398 633 1715 707 quempiami

140 740 351 794 stultum
381 751 500 791 esse
536 733 725 788 statim
752 732 1062 789 ostenderet
1097 750 1110 785 :
1146 732 1255 787 imo
1291 746 1420 786 vero
1446 727 1717 800 quidquid.

137 831 346 896 dixeris,
379 828 511 883 nihil
542 827 735 889 dices:
768 826 917 885 Pauli
960 838 1190 891 namque
1231 823 1390 878 verba
1427 820 1713 876 indeﬁnite-

138 936 292 982 sunt:
330 923 456 989 Quat
482 922 581 976 sint
610 919 814 982 divitias.
854 918 1043 987 inquit,
1075 917 1251 987 gloria:
1292 914 1513 984 mysterii
1548 913 1715 981 hujus:

3273 451 3383 506 554

1808 545 2052 601 nitudinis
2078 549 2360 605 intellectus
2399 553 2450 605 in
2476 555 2732 623 agnitione
2757 558 2983 628 mysterii
3009 556 3108 615 Dei
3136 561 3307 617 Patris
3335 573 3383 619 et

1807 635 2183 697 ChristiJesui:
2213 642 2266 696 5.
2297 642 2363 697 in.
2393 659 2490 712 quo
2529 655 2647 699 sunt
2674 663 2845 702 omnes
2873 651 3096 705 thesauri
3119 656 3386 725 sapientior

1804 733 1851 782 et
1879 727 2099 783 scientite
2136 730 2432 789 absconditi.
2474 734 2593 789 .lam
2632 736 2824 807 dogma
2862 743 3076 811 aggredi
3106 749 3381 802 contendit

1804 818 2135 885 etenititur;
2166 837 2340 890 neque
2384 839 2661 888 accusans,
2709 845 2881 898 neque
2911 848 3004 888 eos
3036 835 3267 891 liberans
3312 839 3379 892 ah

1804 911 2161 967 accusatione.
2193 913 2497 981 Certamen,
2532 917 2721 987 inquit,
2755 920 2946 988 habeo,
2979 940 3075 979 seu
3113 929 3385 982 contendo

1804 1008 1857 1055 et
1887 999 2088 1056 laboro.
2137 1004 2351 1072 Quare?
2399 1006 2475 1063 Ut‘
2502 1009 2609 1065 sint
2635 1016 2921 1083 compecti.
2968 1017 3080 1073 Hec
3118 1028 3201 1075 est
3236 1023 3378 1090 quod

1803 1090 1931 1146 dicit
1965 1111 1978 1147 :
2012 1104 2068 1152 ut
2094 1097 2399 1153 steutiirmi
2432 1110 2485 1156 et
2509 1102 2727 1160 stabiles
2763 1107 2817 1160 in
2855 1107 2977 1162 ﬁde.
3025 1109 3129 1166 Sed
3169 1128 3273 1167 non
3301 1116 3379 1170 sic

1805 1187 1976 1255 ponit,
2006 1204 2189 1244 vermn
2216 1205 2419 1249 resecat
2441 1210 2560 1265 quae
2580 1208 2703 1253 sunt
2726 1203 3115 1266 accusationis;
3144 1205 3245 1262 hoe
3273 1216 3372 1272 est,

1806 1286 1865 1329 ut
1886 1278 1996 1333 sint
2036 1281 2167 1335 uniti
2194 1297 2314 1338 cum
2355 1287 2613 1353 caritate;
2659 1305 2834 1361 neque
2870 1308 2993 1348 cum
3037 1299 3375 1366 necessitate,

1807 1386 1977 1440 neque
1998 1388 2117 1428 cum
2140 1375 2410 1433 violentia.
2434 1379 2566 1436 Nam
2591 1383 2728 1439 sicut
2752 1384 2883 1449 dixi,
2908 1387 3109 1458 absque
3134 1392 3378 1450 molestia

1805 1464 1924 1521 illos
1966 1482 2179 1537 semper
2221 1469 2501 1539 hortatur;
2544 1486 2599 1530 et
2641 1487 2923 1547 propterea
2965 1480 3138 1536 dicit:
3172 1485 3375 1553 Angor,

1803 1555 1925 1624 quia
1972 1571 2096 1611 cum
2147 1559 2453 1631 dilectione,
2488 1572 2544 1619 et
2592 1565 2838 1621 lubentes
2878 1586 3037 1639 agere
3084 1574 3225 1626 volo.
3259 1574 3387 1630 Non-

1802 1661 1898 1703 ore
1940 1649 2134 1714 solum,
2174 1668 2345 1723 neque
2373 1664 2571 1712 temere
2596 1669 2651 1713 et
2680 1660 3068 1721 inconsiderate
3107 1668 3222 1722 ﬁeri
3256 1672 3377 1745 volo

1803 1741 2288 1810 congregationem,
2320 1747 2414 1799 sed
2448 1757 2504 1801 ut
2542 1750 2700 1804 corda
2736 1767 2920 1808 eorum
2955 1756 3217 1825 accipiant
3243 1741 3377 1813 con?

1803 1829 2117 1888 solutionem
2150 1849 2163 1884 :
2193 1831 2562 1891 Instructon
2615 1839 2668 1892 in
2718 1842 2929 1897 caritate
2976 1845 3031 1899 in
3077 1863 3249 1901 omnes
3292 1850 3375 1901 di-

1802 1921 1949 1979 vitias
1978 1923 2636 1992 plenitudinisintelleetus.
2664 1931 2775 1988 Hoc
2799 1942 2903 1999 est,
2946 1945 3003 1989 ut
3028 1952 3133 1991 non
3172 1938 3241 1993 de
3273 1940 3375 1993 ulla

1803 2028 1864 2068 re
1882 2014 2142 2081 dubitent,
2177 2026 2235 2072 ut
2256 2017 2324 2074 de
2352 2021 2606 2077 omnibus
2627 2023 2734 2079 sint
2772 2026 2926 2095 plene
2961 2031 3221 2097 persuasi.
3256 2030 3375 2085 Ple-

1804 2105 2098 2163 nitudinem
2138 2118 2315 2165 autem
2342 2111 2620 2169 dixiteam
2659 2131 2779 2186 quae
2815 2127 2896 2173 est
2932 2134 3027 2188 per
3065 2120 3222 2175 tidem
3250 2140 3263 2175 :
3291 2132 3393 2177 est'

1804 2199 1945 2255 enim
1976 2201 2135 2256 etiam
2179 2205 2454 2273 persuasio
2492 2221 2587 2276 per
2627 2209 2925 2277 ratiocinia,
2970 2213 3064 2267 sed
3108 2215 3197 2270 illa
3226 2216 3396 2271 nihili:

1804 2304 1887 2348 est
1916 2295 2246 2350 :estimanda.
2293 2296 2417 2353 Scio
2444 2315 2540 2354 vos
2563 2301 2807 2367 credere,
2850 2305 2943 2359 sed
2976 2306 3097 2361 volo
3136 2323 3228 2363 vos
3258 2324 3393 2365 esse

1802 2385 1959 2455 plene
1986 2402 2307 2455 persuasus;
2340 2406 2445 2445 non
2479 2392 2768 2449 in-divitias
2792 2396 2987 2463 solum,
3023 2399 3138 2464 sed,
3166 2399 3231 2454 In
3264 2419 3378 2455 om-

1804 2493 1891 2531 nes
1916 2478 2116 2533 divitias
2136 2494 2159 2545 ;
2203 2490 2258 2534 ut
2294 2483 2412 2536 silis
2452 2484 2503 2538 in
2547 2486 2795 2541 omnibus
2841 2498 2896 2543 et
2932 2490 3087 2558 plene
3118 2495 3374 2560 persuasi.

1804 2566 1940 2623 Vide
1967 2578 2140 2624 autem
2172 2571 2309 2627 beati
2345 2573 2499 2642 hujus
2526 2578 2882 2645 prudentiam.
2906 2580 3022 2635 Non
3053 2582 3207 2649 dixit,
3243 2584 3379 2641 Male

1804 2659 2280 2733 facitisqnod'non
2309 2665 2521 2737 plenam
2570 2668 2777 2725 habetis
2813 2675 3238 2741 persuasionem,
3279 2693 3379 2733 nec

1804 2765 1899 2827 eos
1926 2754 2231 2821 accusavit;
2272 2756 2389 2822 sed,
2430 2757 2658 2814 Nescitis
2705 2763 2974 2829 quomodo
3011 2765 3272 2830 studeam,
3320 2778 3379 2823 ut

1803 2841 1961 2912 plene
1986 2860 2298 2915 persuasum
2331 2847 2570 2905 habeatis
2607 2866 2727 2907 cum
2755 2853 3121 2925 intelligentia,
3151 2873 3271 2912 non-
3293 2868 3375 2913 te-

1804 2950 1953 2990 mere
1982 2952 2082 2995 nec
2106 2938 2314 2994 leviter.
2346 2939 2479 2995 Nam
2510 2944 2922 3012 quoniamldixit
2955 2946 3133 3012 ﬁdem,
3164 2949 3241 3003 Ne
3261 2950 3379 3004 exi-

1802 3029 2051 3094 stimetis,
2100 3032 2288 3102 inquit,
2319 3034 2461 3104 quod
2504 3043 2706 3092 temere
2734 3037 2961 3097 dixerim
3000 3049 3055 3095 et
3097 3040 3374 3108 inutiliter,

1804 3121 1901 3176 sed
1926 3130 2049 3177 ‘cum
2080 3124 2449 3194 intelligentia,
2483 3142 2604 3183 cum
2630 3130 2870 3185 caritate.
2898 3131 2962 3185 In
2988 3134 3243 3204 agnitione
3268 3152 3380 3206 uig-

1803 3213 1943 3266 sterii
1972 3212 2066 3267 Dei
2098 3214 2271 3271 Patris
2297 3226 2342 3270 et
2371 3216 2576 3275 Christi.
2623 3220 2981 3287 Quamobrem
3024 3223 3124 3279 hoc
3163 3234 3245 3280 est
3286 3226 3393 3280 Dei'

1804 3308 2137 3378 mysterium,
2172 3325 2265 3379 per
2291 3311 2482 3366 Filium
2512 3312 2722 3368 adduci.
2756 3314 3046 3380 EbG/tristi,
3066 3318 3117 3370 in
3141 3334 3240 3387 quo
3260 3329 3393 3373 sunt-

1803 3400 2221 3454 omnesithesauri
2259 3403 2518 3472 sapientiae
2556 3415 2603 3459 et
2628 3407 2850 3461 scientia:
2876 3407 3172 3463 absconditi.
3204 3409 3381 3464 Si-auo

1805 3497 1931 3543 tem-
1954 3500 2079 3544 sunt
2117 3491 2188 3551 in.
2210 3492 2347 3561 ipso,
2369 3494 2645 3563 sapienter
2678 3511 2888 3567 quoque
2916 3514 3054 3553 nunc
3079 3502 3239 3554 venit.
3270 3503 3391 3557 Cur'

1804 3594 1931 3649 ergo
1974 3582 2121 3637 stulti
2161 3582 2798 3653 quidam-criminantur?
2834 3587 2967 3643 Vide
2993 3591 3261 3659 quomodo
3298 3593 3377 3647 lo-

1803 3673 1991 3743 quitur
2021 3689 2143 3729 cum
2183 3676 2594 3744 simplicioribus
2629 3698 2643 3732 :
2671 3677 2738 3732 In
2771 3696 2870 3749 quo
2910 3692 3239 3738 suntomnes-
3264 3686 3377 3740 thes

1804 3769 1962 3824 sauri.
1994 3768 2109 3838 Ipse
2138 3772 2501 3826 novitomnia.
2528 3773 2838 3829 Ahsconditi.
2867 3776 2998 3831 Nam
3029 3794 3098 3833 ne
3121 3779 3227 3849 jam
3264 3782 3378 3835 exi-

1804 3862 2045 3915 stimetis
2062 3877 2155 3916 vos
2184 3862 2708 3920 habere-universum
2734 3883 2748 3921 :
2772 3870 3056 3923 sunt‘enim
3079 3870 3391 3929 absconditl2

1803 3953 1963 4007 etiam
2002 3954 2071 4007 ab
2113 3954 2344 4024 angelis,
2390 3971 2496 4010 non
2539 3971 2569 4011 a
2618 3959 2770 4013 vobis
2812 3959 2987 4015 solis:
3027 3963 3387 4030 quamobrem,

1803 4055 1930 4100 sunt
1966 4047 2035 4101 ab
2073 4062 2139 4102 eo
2178 4050 2354 4103 omnia
2391 4050 2620 4120 petenda
2651 4068 2664 4105 :
2694 4052 2809 4122 ipse
2851 4053 2944 4109 dat
2979 4056 3291 4124 sapientiam
3320 4069 3391 4113 et~

1803 4137 2179 4206 cognitionem.
2214 4140 2447 4195 Dicendo
2469 4156 2617 4212 ergo,
2647 4142 2949 4212 Thesauros,
2978 4147 3211 4203 ostendit
3234 4151 3374 4203 mul-

1803 4228 2120 4296 titudinem;
2168 4231 2395 4287 dicendo
2438 4248 2587 4297 vero,
2631 4236 2834 4301 Omnes,
2878 4252 3000 4292 eum
3046 4238 3179 4294 nihil
3228 4241 3363 4310 igno-

1802 4336 1960 4387 rare;
2002 4323 2228 4379 dicendo
2267 4335 2466 4392 autem,
2507 4328 2816 4395 Absconditi,
2859 4330 3017 4399 quod
3043 4333 3197 4386 solus.
3217 4334 3371 4388 sciat.

1801 4413 1856 4469 λιν
1893 4412 2006 4467 Hoc
2031 4424 2199 4469 autem
2224 4417 2358 4483 dico,
2385 4426 2439 4471 ut
2475 4435 2618 4473 nemo
2641 4434 2728 4474 vos
2754 4421 2972 4492 decipiat
2994 4422 3049 4476 in
3074 4423 3374 4479 sublimitate

1802 4522 2104 4561 sermonum.

1875 4599 1927 4653 5.
1974 4598 2166 4665 Vides,
2199 4599 2407 4670 inquit,
2438 4616 2525 4657 me
2571 4602 2689 4657 haec
2736 4602 2954 4669 dixisse,
2998 4619 3069 4661 ne
3120 4607 3371 4677 quaeratis

1802 4690 1873 4743 ab
1891 4690 2214 4747 hominibus.
2244 4693 2494 4763 Decipiat,
2524 4694 2713 4765 inquit,
2744 4697 2799 4749 in
2834 4697 3137 4751 sublimitate
3174 4714 3371 4752 sermo-

1804 4782 1902 4835 nis.
1932 4781 2207 4848 Quidtum
2235 4786 2398 4849 enim,
2428 4787 2472 4840 si
2511 4786 2638 4841 dicit
2662 4787 3047 4858 probabiliter?
3076 4789 3128 4843 5.
3159 4788 3296 4843 Nam
3321 4799 3371 4845 et

1802 4874 1847 4927 si
1886 4874 1937 4925 in
1964 4890 2172 4944 corpore
2213 4876 2391 4931 absens
2433 4894 2563 4941 sum,
2593 4878 2681 4932 sed
2726 4880 2911 4949 spiritu
2946 4879 3206 4934 vobiscum.
3235 4898 3373 4935 sum.

1803 4964 2146 5037 Consequens
2171 4979 2287 5023 erat
2314 4970 2537 5025 dicere:
2565 4972 2699 5026 Nam
2723 4972 2769 5027 si
2798 4988 2963 5028 came
3007 4974 3212 5037 absum,
3247 4976 3373 5031 novi

1804 5067 1982 5113 tamen
2000 5059 2352 5130 deceptores;
2384 5078 2529 5118 nunc
2562 5072 2738 5119 autem
2766 5065 2924 5120 desiit
2963 5066 3015 5120 in
3045 5068 3365 5123 encomium.

1804 5148 2111 5205 Gaudeas-et
2137 5152 2308 5207 videns
2348 5155 2573 5208 ordinem
2620 5165 2855 5223 vestrum,
2903 5166 2951 5210 et
3000 5157 3371 5225 ﬁrmamentum

1803 5243 1930 5310 ejus.
1957 5259 2071 5312 quo:
2110 5244 2162 5297 in
2191 5243 2389 5299 Christo
2415 5259 2506 5307 est,
2539 5247 2659 5316 ﬁdei
2695 5257 2889 5301 vestrm.
2927 5246 3201 5313 Ordinem,
3235 5249 3371 5303 bene

1803 5337 2150 5393 constitutum
2175 5339 2302 5393 dicit
2327 5339 2588 5394 ordinem.
2621 5340 2685 5394 Et
2704 5342 3081 5409 ﬁrmamentum
3097 5342 3235 5411 ﬁdei,
3258 5357 3372 5413 qute

1804 5428 1855 5481 in
1872 5427 2083 5483 Christo
2100 5439 2194 5485 est.
2227 5430 2352 5485 Hice
2377 5433 2545 5503 magis
2571 5440 2695 5487 sunt
2723 5433 2893 5487 laudis
2920 5451 2935 5486 :
2959 5443 3013 5488 et
3057 5449 3162 5488 non
3189 5434 3322 5489 dixit
3348 5475 3367 5502 ,

1805 5518 2010 5582 Fidem,
2044 5522 2157 5585 sed.
2187 5522 2609 5591 Firmamentum,
2634 5534 2900 5595 tamquam
2931 5527 3188 5584 militibus
3214 5529 3363 5583 ordi-

1803 5619 1926 5664 nate
1955 5610 2276 5682 iirmiterque
2307 5615 2585 5669 stantibus.
2617 5614 2766 5679 Quod
2789 5624 2870 5668 est
2910 5614 3120 5670 ﬁrmum
3150 5632 3212 5672 ac
3236 5619 3368 5673 soli-

1801 5699 1928 5754 dum
1951 5716 2054 5755 non
2083 5701 2243 5757 dolus
2266 5703 2565 5768 labefactat,-
2610 5720 2719 5759 non
2743 5707 2982 5762 tentatio.
3014 5707 3129 5762 Non
3170 5709 3365 5776 solum,

1803 5793 1991 5864 inquit,
2024 5809 2131 5849 non
2158 5795 2444 5859 cecidistis,
2476 5796 2570 5852 sed
2592 5812 2691 5853 nec
2712 5797 2953 5852 ordinem
2976 5807 3210 5854 vestrum
3240 5814 3369 5855 cou-

1806 5883 1940 5940 t‘udit
1965 5885 2172 5955 aliquis.
2204 5886 2273 5943 Se
2304 5887 2430 5957 ipsis
2458 5888 2591 5943 stitit
2615 5897 2669 5943 et
2706 5888 2987 5958 exhibuit,
3019 5900 3077 5946 ut
3115 5891 3387 5948 timerent
