3898 6524
565 442 672 502 335

571 567 836 627 tamquam
882 568 1193 627 praisentcm
1221 576 1234 610 :
1262 557 1339 614 sic
1384 558 1525 613 enim
1570 567 1811 612 servatur
1852 554 2007 608 ordo.
2056 552 2131 606 Ex

570 654 903 707 ﬁrmamento
924 652 1159 720 sequitur
1182 651 1439 706 densitas.
1473 651 1562 706 Sic
1589 650 1729 705 enim
1758 648 1815 701 ﬁt
1844 647 2134 701 ﬁrmamen-

571 751 704 803 tum,
732 740 942 810 quando
984 742 1145 794 multa
1188 750 1373 796 coacta
1420 757 1482 796 ac
1528 749 1843 809 congregata
1886 735 2051 790 dense
2078 741 2132 787 et

571 832 829 887 indivulse
855 832 1325 902 conglutinaveris,
1366 843 1426 887 ut
1457 832 1514 886 ﬁt
1537 833 1590 885 in
1616 844 1788 885 muro.
1818 827 1929 883 Hoc
1955 836 2129 880 autem

565 934 650 977 est
673 938 807 992 opus
820 924 1057 978 caritatis
1085 942 1099 978 :
1131 940 1220 980 eos
1238 926 1379 979 enim
1399 925 1488 994 qui
1514 922 1652 991 apud
1678 937 1736 975 se
1764 929 1902 981 sunt,
1923 915 2131 986 quando

568 1024 758 1070 exacte
788 1016 1163 1085 conglutinarit
1187 1030 1247 1069 ac
1275 1015 1624 1082 conjunxerit,
1657 1012 1820 1065 fortes
1863 1007 2036 1063 reddit
2069 1019 2132 1059 ac

569 1106 795 1162 solidos.
822 1106 975 1162 Fides
999 1121 1210 1177 quoque
1238 1120 1419 1160 rursus
1448 1104 1547 1158 hoc
1568 1105 1736 1172 ipsum
1760 1100 1904 1165 facit,
1922 1095 2132 1169 quando

569 1213 678 1251 non
708 1197 833 1251 sinit
861 1197 1066 1267 ingredi
1093 1196 1387 1250 ratiocinia.
1422 1194 1552 1249 Nam
1590 1193 1725 1247 sicut
1746 1189 2019 1244 ratiocinia
2045 1186 2130 1239 di-

566 1288 751 1342 vidunt
776 1298 831 1342 et
856 1289 1186 1349 concutiunt.
1221 1287 1292 1341 ita
1322 1284 1616 1341 consolidat
1644 1282 1775 1337 ﬁdes
1808 1290 1862 1334 et
1889 1277 2129 1334 conden-

564 1391 667 1437 sat.
695 1382 827 1449 Quia
856 1383 999 1438 enim
1032 1382 1169 1436 Deus
1190 1395 1288 1435 nos
1310 1377 1599 1447 majoribus
1623 1374 1798 1430 aﬁ'ecit
1836 1370 2127 1434 beneﬁciis,

563 1488 723 1542 quam
743 1489 861 1543 qua:
887 1473 1053 1541 possit
1076 1471 1299 1524 lunnana
1329 1468 1467 1522 ratio
1496 1465 1728 1535 assequi,
1755 1463 1943 1516 merito
1973 1460 2127 1515 ﬁdem

566 1564 879 1619 introduxit.
914 1564 1050 1618 Fieri
1073 1564 1214 1616 enim
1242 1575 1347 1615 non
1378 1567 1551 1628 potest
1568 1567 1626 1611 ut
1645 1555 1714 1611 sit
1750 1556 1932 1609 ﬁrmus
1956 1567 2019 1606 ac
2037 1566 2129 1605 so-

565 1655 723 1719 lidus,
755 1654 843 1725 qui
870 1655 1031 1723 exigit
1058 1652 1313 1707 rationes.
1346 1650 1482 1703 Ecce
1509 1647 1649 1701 enim
1669 1660 1787 1715 qua:
1814 1644 2051 1715 graviora
2077 1652 2133 1698 et

563 1745 765 1814 majora
792 1755 916 1799 sunt
961 1743 1099 1813 apud
1130 1757 1246 1806 nos,
1277 1737 1561 1795 ratiociniis
1608 1751 1771 1791 vacua
1799 1734 1898 1791 soli
1935 1733 2131 1789 adhae—

562 1848 683 1892 rent
732 1836 853 1891 ﬁdei
882 1854 895 1889 :
928 1835 1192 1904 Nusquam
1228 1842 1309 1887 est
1350 1833 1509 1896 Deus,
1539 1839 1594 1885 et
1630 1838 1711 1883 est
1755 1828 1967 1897 ubique.
1994 1826 2130 1893 Quid

562 1939 647 1983 est
677 1931 777 1986 hoc
804 1929 973 1998 magis
997 1943 1025 1980 a
1055 1927 1256 1980 ratione
1280 1924 1512 1979 alienum
1536 1921 1559 1975 ?
1583 1918 2004 1989 Unumquodque
2032 1932 2129 1988 per

561 2036 622 2075 se
663 2032 747 2077 est
784 2021 1091 2091 perplexum
1134 2028 1188 2070 et
1230 2016 1487 2072 refertum
1530 2012 1879 2067 haesitatione.
1906 2008 2020 2064 Non
2047 2018 2130 2065 est

561 2114 703 2168 enim
726 2114 779 2167 in
801 2114 950 2176 loco;
979 2124 1148 2180 neque
1163 2118 1244 2163 est
1262 2108 1399 2163 ullus
1426 2108 1475 2161 in
1499 2121 1605 2176 quo
1632 2105 1702 2160 sit
1727 2103 1892 2158 locus.
1913 2101 2028 2156 Non
2049 2113 2132 2158 est

562 2206 790 2276 genitus,
817 2220 922 2259 non
951 2206 1182 2273 seipsum
1210 2201 1354 2266 fecit,
1387 2216 1491 2254 non
1522 2200 1682 2268 coepit
1707 2212 1844 2253 esse.
1877 2197 2128 2263 Quaenam

563 2300 702 2354 ratio
727 2298 839 2352 haec
867 2296 1182 2365 susceperit,
1212 2295 1256 2349 si
1287 2310 1393 2351 non
1419 2294 1487 2347 sit
1511 2291 1679 2346 ﬁdes?
1718 2306 1893 2347 annon
1925 2290 2131 2344 videtur

563 2405 685 2445 esse
705 2388 1003 2452 ridiculum,
1030 2396 1084 2440 et
1128 2386 1329 2440 nullum
1361 2385 1558 2439 habere
1586 2384 1743 2436 ﬁnem
1780 2381 1947 2451 magis
1970 2396 2127 2449 quam

563 2482 825 2552 amigma?
852 2483 1021 2549 Atque
1050 2478 1190 2548 quod
1220 2478 1290 2531 sit
1323 2477 1439 2531 sine
1487 2474 1749 2546 principio
1786 2482 1841 2527 et
1869 2473 2131 2541 ingenitus

563 2586 616 2629 ct
655 2573 1141 2641 incircumscriptus
1185 2578 1239 2625 et
1281 2568 1555 2630 inﬁnitus,
1604 2566 1672 2619 ita
1702 2574 1784 2621 est
1827 2563 2043 2618 dubium
2077 2573 2133 2620 et

566 2663 1082 2737 perplexumzqnod
1127 2663 1196 2717 sit
1240 2670 1419 2715 autem
1463 2652 1827 2728 incorporeus,
1859 2655 2132 2712 videamus

565 2777 689 2815 num
704 2760 967 2830 possimus
986 2756 1235 2825 indagare
1261 2754 1486 2807 ratione.
1515 2751 1653 2807 Deus
1666 2749 2130 2817 estiucorporeus.

565 2852 702 2920 Quid
725 2861 808 2906 est
837 2848 1223 2919 incorporeus?
1260 2847 1441 2901 Solum
1466 2844 1683 2916 verbum
1710 2840 1907 2895 nudum
1939 2858 1951 2893 :
1982 2856 2133 2894 mens

565 2948 707 3000 enim
740 2944 869 2999 nihil
901 2942 1152 3011 suscepit,
1186 2954 1357 3009 neque
1407 2937 1508 2992 sibi
1554 2938 1770 3007 ﬁguram
1818 2934 2083 3003 impressit
2116 2951 2129 2984 :

569 3052 691 3091 nam
720 3036 765 3089 si
792 3034 1012 3104 ﬁguram
1044 3029 1394 3102 impresserit,
1433 3028 1579 3083 venit
1604 3026 1668 3081 ad
1696 3035 1959 3081 naturam.
1990 3035 2043 3078 et
2069 3039 2132 3078 ea

567 3145 686 3201 quae
718 3128 1050 3183 constituunt
1091 3136 1305 3190 corpus.
1353 3120 1708 3188 Quamobrem
1748 3118 1878 3174 dicit
1919 3116 2134 3186 quidem

568 3236 681 3287 ore,
710 3218 803 3275 sed
831 3217 957 3288 quid
982 3215 1126 3271 dicat
1167 3228 1273 3268 non
1322 3213 1472 3267 novit
1510 3212 1782 3282 cogitatio,
1828 3211 1928 3265 nisi
1973 3225 2134 3263 unum

569 3313 765 3373 solum,
788 3324 977 3379 nempe
1002 3305 1143 3378 quod
1166 3321 1270 3360 non
1297 3306 1367 3359 sit
1393 3319 1610 3374 corpus,
1643 3303 1744 3357 hoc
1771 3304 1939 3359 solum
1968 3302 2135 3357 novit.

572 3405 641 3460 Et
686 3402 811 3473 quid
854 3401 974 3456 dico
1005 3400 1072 3456 de
1103 3400 1251 3455 Deo?
1295 3399 1346 3452 in
1376 3398 1549 3451 anima
1583 3396 1725 3452 enim
1771 3395 1898 3466 quid
1924 3404 2006 3450 est
2051 3396 2135 3449 in-

569 3509 909 3565 corporeum,
940 3508 1058 3563 qua:
1084 3502 1165 3547 est
1196 3491 1353 3555 facta,
1380 3504 1498 3559 quae
1523 3489 1746 3553 inclusa,
1776 3503 1894 3557 qua:
1918 3487 2140 3542 circum-

570 3587 858 3641 scribitur?
895 3584 1012 3649 dic,
1049 3581 1289 3636 ostende.
1333 3579 1437 3634 Sed
1482 3595 1585 3632 non
1636 3586 1807 3648 potes.
1874 3576 1969 3632 Est
2008 3578 2138 3633 aer?

568 3677 675 3735 Sed
724 3693 815 3732 aer
854 3684 937 3729 est
984 3688 1198 3743 corpus,
1252 3670 1458 3726 etiamsi
1505 3686 1609 3724 non
1650 3668 1921 3735 solidum,
1973 3679 2030 3723 et
2071 3684 2137 3724 ex

570 3773 751 3827 multis
771 3779 977 3825 constat
1002 3769 1139 3837 quod
1164 3768 1233 3822 sit
1258 3780 1449 3837 corpus
1479 3766 1673 3819 laxum.
1718 3762 1857 3832 ignis
1881 3761 2001 3818 est?
2032 3761 2137 3817 Sed

572 3865 707 3935 ignis
746 3872 829 3918 est
879 3875 1071 3930 corpus
1095 3902 1108 3924 ,
1132 3859 1369 3928 operatio
1409 3864 1583 3911 autem
1626 3855 1815 3909 anima:
1857 3864 1938 3907 cst
1963 3853 2138 3908 incor—

573 3972 753 4026 porca.
800 3954 1008 4021 Quare?
1051 3951 1322 4021 Siquidem
1352 3949 1526 4003 omnia
1568 3945 1826 4017 pervadit.
1878 3944 1933 4001 Si
1963 3954 2139 3999 autem

576 4049 692 4118 ipsa
713 4057 793 4103 cst
821 4060 1038 4115 corpus,
1078 4045 1130 4099 in
1175 4044 1293 4097 loco
1317 4049 1399 4096 est
1440 4042 1811 4108 incorporeum
1838 4054 1853 4091 :
1884 4052 2009 4107 ergo
2033 4038 2142 4091 cir-

575 4138 984 4202 cumscribitur;
1015 4135 1156 4205 quod
1187 4144 1360 4186 autem
1398 4130 1866 4193 circumscribitur,
1887 4139 1965 4185 est
1996 4130 2047 4184 in
2076 4129 2140 4183 ﬁ-

574 4249 733 4305 gnra;
766 4231 943 4301 ﬁgnrm
972 4239 1150 4284 autem
1180 4243 1246 4282 ex
1276 4227 1451 4291 linea;
1484 4225 1637 4281 linea:
1662 4232 1838 4277 autem
1868 4232 1991 4277 sunt
2018 4238 2142 4277 cor-

576 4339 782 4397 porum.
824 4322 1028 4377 Rursus
1070 4319 1208 4390 quod
1247 4327 1333 4373 est
1373 4331 1568 4386 expers
1606 4317 1810 4385 ﬁgurae,
1857 4328 2139 4383 quamnant

576 4415 733 4469 habet
771 4412 1079 4469 notionem?
1106 4410 1219 4465 Non
1263 4409 1422 4463 habet
1466 4408 1708 4478 ﬁguram,
1749 4421 1853 4460 non
1892 4404 2140 4469 formam,

577 4524 679 4561 non
726 4508 921 4561 locum.
967 4502 1129 4558 Vides
1170 4501 1435 4573 quomodo
1471 4515 1619 4555 mens
1667 4498 1901 4569 caligat?
1940 4496 2143 4552 Rursus

578 4610 762 4661 natura
789 4597 875 4650 illa
905 4610 1009 4650 non
1032 4606 1112 4650 est
1131 4608 1294 4663 capax
1315 4593 1571 4646 malorum
1601 4608 1615 4645 :
1645 4590 1739 4646 sed
1763 4599 1817 4646 et
1843 4604 1937 4645 sua
1953 4599 2143 4659 sponte

578 4690 837 4759 quispiam
867 4698 951 4743 est
973 4691 1140 4742 bonus
1169 4706 1182 4741 :
1212 4702 1340 4756 ergo
1360 4695 1443 4741 est
1468 4700 1654 4754 capax.
1674 4683 1778 4740 Sed
1810 4682 1912 4740 dici
1937 4700 2039 4737 non
2060 4699 2146 4752 po-

580 4789 716 4843 test;
745 4780 903 4834 absit.
932 4779 1135 4833 Rursus
1159 4778 1224 4832 ad
1255 4778 1354 4831 hoc
1395 4785 1451 4830 ut
1479 4786 1640 4840 esset,
1672 4776 1857 4830 volens
1884 4775 2143 4830 deductus

576 4880 682 4935 est,
711 4885 777 4923 an
806 4869 1031 4924 nolens?
1059 4869 1162 4924 Sed
1191 4883 1289 4922 nec
1327 4868 1427 4922 hoc
1450 4867 1552 4922 dici
1582 4876 1776 4937 potest.
1809 4866 2012 4921 Rursus
2040 4866 2144 4920 cir-

580 4962 887 5017 cumscribit
906 4961 1087 5015 orbem
1112 4968 1285 5025 terrm,
1303 4961 1516 5014 annon?
1534 4960 1589 5015 Si
1608 4976 1712 5015 non
1735 4960 2142 5028 circumscribit,

582 5058 695 5125 ipse
723 5053 1177 5109 circumscribitur
1206 5072 1219 5105 :
1246 5054 1290 5108 si
1317 5062 1492 5109 autem
1522 5054 1927 5121 circumscribit,
1950 5067 2033 5111 est
2058 5056 2142 5109 in-

584 5146 761 5199 ﬁnitus
814 5152 1020 5198 natura.
1083 5143 1287 5198 Rursus
1330 5144 1719 5200 circumscribit
1769 5146 2038 5215 seipsum?
2087 5147 2142 5202 Si

580 5234 971 5292 circumscribit
996 5235 1251 5306 seipsum,
1280 5251 1384 5290 non
1413 5245 1493 5292 est
1516 5252 1642 5307 ergo
1668 5236 1765 5292 sibi
1812 5240 1928 5293 sine
1958 5239 2145 5308 princi-

582 5328 691 5398 pio,
721 5328 814 5381 sed
846 5327 996 5381 nobis
1026 5344 1038 5379 :
1072 5343 1177 5382 non
1198 5336 1283 5383 est
1330 5342 1460 5398 ergo
1507 5338 1691 5382 natura
1718 5329 1835 5383 sine
1862 5330 2140 5399 principio.

582 5418 789 5489 Ubique
823 5427 1032 5487 oportet
1061 5418 1187 5474 dare
1215 5419 1503 5473 contraria.
1541 5419 1697 5474 Vides
1722 5429 1913 5489 quanta
1943 5421 2013 5475 sit
2048 5436 2142 5474 ra-

584 5510 709 5579 ligo,
738 5519 791 5564 et
817 5510 955 5577 quod
989 5511 1181 5579 ubique
1208 5525 1339 5580 opus
1371 5511 1441 5565 sit
1478 5510 1622 5565 ﬁde?
1649 5510 1763 5581 Ipsa
1798 5519 1879 5565 est
1907 5512 2054 5566 ﬁrma
2082 5528 2146 5569 ac

583 5600 773 5655 solida.
805 5600 907 5656 Scd
931 5602 975 5655 si
998 5602 1177 5665 vultis,
1210 5603 1484 5656 veniamus
1512 5601 1575 5657 ad
1609 5603 1691 5656 his
1716 5602 1940 5657 minora.
1975 5603 2147 5659 Habet

582 5694 946 5761 operationem
970 5693 1057 5748 illa
1086 5694 1339 5749 essentia.
1364 5693 1430 5749 Et
1449 5693 1572 5764 quid
1596 5703 1679 5749 est
1706 5692 1758 5749 in
1788 5709 1853 5749 eo
1869 5696 2146 5764 operatio?

586 5793 832 5839 motusue
875 5783 1101 5853 aliquis?
1146 5783 1263 5840 Not.
1308 5794 1391 5840 est
1434 5800 1562 5855 ergo
1604 5784 1947 5842 immutabilis
1979 5804 1994 5841 :
2023 5804 2147 5844 nam

584 5876 724 5947 quod
755 5886 1015 5943 movetur,
1060 5893 1164 5934 non
1190 5888 1271 5934 est
1312 5878 1637 5937 immutabile
1666 5896 1677 5935 :
1710 5894 1833 5936 nam
1857 5896 1921 5939 ex
1953 5882 2144 5939 immo-

1265 443 1323 501 S.
1359 441 1635 501 JOANNIS
1670 438 2132 498 CIIRYSOSTOMI
2170 438 2479 494 ARCHIEP.
2516 434 3037 499 CONSTANTINOP.
3627 464 3695 523 π

2237 549 2440 606 bilitate
2482 564 2742 609 movetur.
2786 556 2889 611 Sed
2932 569 3105 614 tamen
3133 572 3382 627 movetur,
3407 576 3455 620 et
3488 586 3693 642 nam"...

2236 650 2358 695 stat.
2406 643 2643 711 Quonam
2684 656 2865 703 autem
2898 658 3068 714 motu,
3110 652 3443 721 dic,qu:eso?
3487 666 3592 730 apud
3630 686 3694 728 ηας

2234 733 2375 787 enim
2406 744 2530 788 sunt
2571 745 2796 805 septem,
2832 753 3079 805 sursum,
3119 740 3381 809 deorsum,
3422 748 3550 813 intra,
3586 757 3679 813 long

2234 824 2442 878 sinistra
2467 866 2481 888 ,
2507 826 2711 892 dextra,
2743 830 3067 886 circulariter
3090 846 3105 882 ε
3129 845 3217 890 aut
3256 837 3300 891 si
3350 854 3446 894 non
3485 842 3581 911 hoc,
3613 804 3695 923 aug:

2234 926 2468 970 mentum
2494 959 2509 981 ,
2540 917 2814 975 diminutio
2837 962 2851 986 ,
2879 934 3029 978 ortus
3048 965 3063 988 ,
3094 925 3331 982 interitus
3354 973 3367 994 ,
3396 932 3609 993 alteratio.

2234 1006 2379 1059 millo
2405 1006 2613 1071 horum,
2646 1025 2828 1065 verum
2873 1028 2937 1067 eo
2974 1024 3119 1070 motu
3160 1034 3265 1088 quo
3308 1037 3468 1089 mens,
3492 1040 3698 1092 morem?

2235 1094 2337 1149 Sed
2385 1111 2485 1151 nec
2511 1096 2610 1151 hoc
2653 1100 2903 1169 quidem;
2934 1103 3108 1159 absit:
3142 1108 3195 1162 in
3234 1111 3408 1167 multis
3448 1120 3563 1170 enim
3590 1126 3696 1179 etiam

2232 1186 2457 1242 absurde
2479 1205 2631 1244 mens
2651 1205 2911 1248 movetur.
2941 1195 3092 1251 Velle
3110 1208 3195 1254 est
3212 1206 3452 1271 operari?
3469 1223 3616 1269 omnes
3637 1234 3699 1271 ειη.

2234 1285 2339 1331 tem
2380 1280 2619 1334 homines
2648 1282 2759 1337 vult
2798 1298 2920 1340 esse
2967 1287 3135 1343 bonos
3181 1302 3236 1345 et
3274 1294 3482 1352 salvos:
3510 1311 3701 1371 quomodo

2234 1385 2338 1468 non
2365 1371 2425 1425 ﬁt
2446 1372 2471 1426 ἲ
2491 1372 2594 1428 Sed
2624 1375 2765 1430 aliud
2784 1388 2867 1433 est
2890 1380 3045 1446 velle,
3063 1382 3205 1439 aliud
3228 1392 3469 1455 operari?
3495 1395 3561 1449 Ad
3576 1412 3701 1468 opm.

2232 1460 2429 1556 tionem
2458 1479 2584 1532 ergo
2610 1482 2715 1520 non
2740 1468 2936 1523 sufﬁcit
2978 1473 3115 1527 velle
3146 1493 3161 1528 :
3191 1476 3464 1542 QuomMo
3500 1460 3701 1556 tergum

2230 1552 2522 1622 Scriptura,
2554 1556 2737 1612 Omnia
2762 1576 3082 1630 qumcumque
3106 1566 3261 1620 voluit
3289 1570 3405 1637 fecit
3432 1573 3449 1643 (
3475 1552 3593 1631 Ptol.
3624 1582 3699 1637 lli.

2233 1645 2294 1699 11
2317 1645 2372 1714 )?
2397 1655 2451 1699 et
2484 1662 2678 1742 rursus
2707 1651 2946 1720 leprosos
2972 1657 3102 1711 dicit
3127 1658 3358 1725 Christo,
3390 1664 3449 1719 Si
3479 1670 3592 1734 retis,
3614 1685 3701 1742 ροω

2231 1754 2309 1791 me
2334 1740 2578 1795 mundare
2594 1741 2799 1809 (Matth.
2828 1746 2881 1800 8.
2905 1746 2963 1814 9)
2985 1747 3007 1799 ἲ
3027 1748 3193 1805 Vultis
3211 1753 3352 1808 aliud
3372 1770 3558 1827 quoque
3571 1740 3702 1821 dicam?

2232 1826 2505 1893 Quomodo
2524 1846 2591 1885 ex
2618 1834 2681 1885 iis
2700 1849 2817 1902 qua:
2847 1851 2951 1890 non
2976 1849 3148 1905 erant,
3176 1840 3315 1897 facta
3343 1826 3458 1901 sunt
3481 1826 3579 1919 qua:
3597 1862 3702 1909 siml?

2230 1920 2498 1988 quomodo
2519 1925 2573 1979 in
2604 1924 2823 1980 nihilum
2850 1928 3212 1989 dissolvuntur
3229 1937 3254 1989 ?
3281 1935 3415 2005 Quid
3441 1954 3513 1996 est
3545 1947 3702 2003 cat-lod-

2233 2012 2500 2110 tius?uillo
2524 2025 2711 2110 autem
2755 2019 2914 2076 altius
2940 2024 3108 2093 quid?
3132 2035 3186 2080 et
3232 2028 3329 2083 illo
3357 2033 3515 2099 quid?
3550 2046 3593 2091 et
3625 2046 3701 2110 quid

2232 2113 2349 2174 post
2370 2105 2538 2161 illud?
2563 2119 2617 2163 et
2636 2108 2738 2164 hoc
2758 2112 2810 2165 in
2842 2113 3125 2169 inﬁnitum.
3149 2118 3285 2185 Quid
3304 2121 3436 2176 infra
3463 2136 3617 2180 terram
3632 2105 3705 2184 est?

2232 2211 2379 2252 mare
2407 2214 2423 2252 :
2446 2206 2502 2252 et
2523 2211 2639 2267 post
2662 2202 2831 2272 ipsum
2861 2205 3031 2274 quid?
3068 2219 3122 2263 et
3150 2225 3334 2265 rursus
3361 2225 3472 2282 post
3496 2217 3703 2277 illttd?Sed

2231 2288 2285 2342 in
2325 2290 2557 2347 dexteris
2586 2302 2641 2346 et
2685 2295 2915 2351 sinistris
2943 2313 3121 2355 nonne
3168 2304 3356 2359 eadem
3394 2317 3471 2362 est
3492 2310 3705 2368 dubilatio?

2300 2387 2351 2437 4.
2394 2383 2497 2438 Sed
2542 2384 2655 2441 bzec
2702 2388 2915 2458 quidem
2966 2393 3065 2447 sub
3112 2408 3387 2466 aspectum
3435 2416 3527 2457 non
3561 2406 3703 2464 cadunt.

2232 2473 2403 2528 Vultis
2428 2476 2479 2528 in
2509 2478 2573 2530 iis
2617 2493 2735 2548 qua:
2769 2492 3062 2537 cernuntur
3084 2486 3413 2547 deducamus
3450 2495 3707 2551 orationem?

2232 2565 2284 2620 in
2311 2566 2375 2620 iis
2393 2583 2511 2639 qua:
2532 2569 2640 2638 jam
2668 2576 3004 2628 evenerunt?
3031 2576 3124 2632 Dic
3162 2581 3568 2653 mibi,quomodo
3596 2588 3706 2645 bellua

2232 2657 2416 2712 Jonam
2442 2660 2667 2716 habebat
2709 2664 2760 2717 in
2791 2674 2999 2731 ventre,
3025 2676 3081 2723 et
3127 2670 3170 2723 is
3209 2687 3323 2727 non
3353 2675 3573 2743 peribat?
3594 2695 3708 2734 annua

2236 2749 2287 2804 id
2317 2766 2507 2822 expers
2533 2762 2613 2808 est
2642 2756 2901 2810 rationis?
2931 2774 3107 2813 annon
3139 2769 3344 2818 temere
3364 2770 3607 2823 movetur?
3628 2787 3709 2838 qua

2235 2842 2393 2895 modo
2418 2843 2562 2913 justo
2586 2849 2860 2915 pepercit?
2888 2851 3162 2918 quomodo
3184 2855 3333 2907 calor
3354 2870 3454 2909 non
3478 2873 3579 2911 eum
3601 2861 3709 2914 δυσο-

2234 2936 2411 2988 cavit?
2438 2938 2705 3005 quomodo
2738 2954 2842 2994 non
2880 2942 3195 3009 putrefecit?
3227 2945 3364 3000 Nam
3393 2949 3435 3001 si
3463 2950 3509 3003 in
3531 2950 3710 3019 profundo

2237 3026 2405 3081 solum
2444 3043 2582 3089 esse,
2612 3031 2969 3098 periculosum
3017 3043 3136 3100 est;
3167 3051 3290 3093 esse
3320 3039 3473 3093 etiam
3497 3041 3543 3095 in
3566 3043 3711 3096 visceri.

2236 3118 2356 3183 bus,
2384 3129 2439 3174 et
2464 3119 2515 3173 in
2555 3120 2646 3174 illo
2685 3123 2887 3190 calore,
2919 3124 3074 3194 longe
3115 3128 3486 3195 periculosius.
3514 3131 3712 3199 Quomodo

2238 3207 2385 3263 illinc
2410 3211 2639 3280 spirabat
2667 3215 2892 3268 aerem?
2925 3216 3195 3285 quomodo
3218 3219 3429 3275 duobus
3449 3224 3713 3277 animantibus

2237 3300 2533 3356 sufﬁciebat
2567 3304 2847 3372 reSpiratio
2866 3304 2889 3358 ?
2910 3308 3178 3375 quomodo
3203 3317 3385 3364 autem
3424 3326 3533 3365 eum
3556 3316 3713 3367 eruunt

2240 3391 2460 3445 illa-sum
2482 3394 2505 3446 ?
2530 3395 2798 3461 quomodo
2829 3408 2882 3451 et
2912 3396 3271 3467 loquebatur?
3300 3404 3552 3470 quomodo
3572 3415 3611 3458 et
3628 3408 3713 3473 apud

2239 3498 2297 3537 se
2322 3494 2435 3538 erat
2461 3494 2515 3539 et
2540 3486 2893 3554 precabatur?
2912 3505 3089 3545 annon
3126 3503 3247 3546 sunt
3295 3493 3410 3549 haec
3436 3496 3714 3551 incredibilia?

2240 3577 2593 3642 Incredibilia,
2622 3580 2667 3634 si
2711 3582 2912 3635 ratione
2957 3584 3337 3653 exquiramus;
3379 3588 3422 3640 si
3454 3596 3600 3641 autem
3636 3588 3713 3645 ἥδε.

2239 3670 2393 3726 valde
2434 3670 2733 3726 credibilia.
2787 3672 2968 3728 Dicam
2999 3685 3054 3730 et
3100 3676 3241 3744 quod
3289 3689 3374 3732 est
3412 3679 3505 3733 hoc
3540 3678 3716 3749 amplius?

2243 3762 2587 3817 Frumentum
2617 3766 2667 3818 in
2698 3766 2819 3821 sinu
2848 3776 3005 3822 terrae
3049 3771 3415 3840 corrumpitur
3455 3782 3505 3826 et
3543 3773 3712 3839 resurgit

2244 3854 2372 3910 Vide
2405 3858 2653 3913 miracula
2698 3854 2982 3926 contraria,
3024 3870 3079 3916 et
3112 3877 3230 3931 qua:
3271 3864 3493 3918 alterum
3528 3865 3584 3918 ab
3610 3865 3716 3917 altera

2243 3948 2525 4004 vincuntur
2550 3968 2563 4004 :
2593 3960 2676 4005 est
2716 3951 3014 4007 mirandum
3057 3954 3198 4023 quod
3229 3971 3339 4009 non
3366 3958 3647 4025 putrueriut;
3668 3966 3716 4009 est

2246 4039 2544 4094 mirandum
2569 4042 2710 4109 quod
2739 4041 3029 4110 putrefacta
3059 4048 3471 4102 resurrexerint.

2311 4128 2498 4185 Contra
2522 4148 2606 4185 eos
2631 4133 2716 4202 qui
2737 4135 3147 4188 resurrectionem
3174 4138 3441 4207 negabant.
3471 4169 3532 4179 —
3553 4139 3627 4194 Ubi
3643 4147 3716 4191 suat

2244 4224 2330 4292 qui
2377 4238 2482 4277 non
2525 4222 2749 4278 credunt
2794 4227 3192 4294 resurrectioni,
3240 4243 3298 4284 et
3345 4230 3714 4286 dicuntzﬂucos

2245 4316 2509 4384 quomodo
2550 4316 2671 4371 huic
2709 4317 3141 4387 conglutinatur?
3183 4330 3236 4375 et
3275 4322 3528 4390 ejusmodi
3560 4321 3712 4376 fabulosa

2247 4405 2609 4460 introducunt.
2646 4406 2738 4461 Dic
2779 4407 2931 4473 mihi,
2975 4408 3122 4465 Elias
3160 4414 3433 4481 quomodo
3471 4414 3655 4469 ascendit
3683 4412 3711 4463 ir

2245 4514 2403 4552 curru
2445 4498 2579 4567 ignis
2608 4498 2702 4567 (ι.
2725 4498 2854 4567 Reg.
2892 4499 2947 4553 2.
2979 4501 3041 4554 ll
3074 4499 3140 4571 )‘i
3169 4502 3309 4571 Ignis
3332 4507 3468 4559 solet
3494 4520 3631 4568 urere,
3651 4516 3711 4553 nua

2246 4605 2455 4643 sursum
2492 4581 2696 4644 tollere.
2736 4591 3016 4658 Quomodo
3059 4594 3183 4648 vivit
3222 4604 3426 4650 tantum
3456 4596 3655 4665 tempus?
3681 4594 3710 4644 ir

2246 4695 2351 4749 quo
2390 4688 2474 4734 est
2509 4680 2667 4734 loco?
2695 4694 2858 4750 quare
2907 4682 3008 4736 hoc
3047 4682 3245 4737 factum
3283 4686 3411 4739 est?
3463 4685 3565 4753 Quo
3600 4692 3703 4737 autalt

2250 4773 2531 4828 translatus
2555 4782 2638 4828 est.
2664 4772 2892 4828 Enoch?
2936 4790 3069 4830 eone
3110 4777 3229 4831 cibo
3263 4780 3493 4832 vescitur
3517 4793 3601 4847 quo
3624 4771 3711 4827 nos?

2249 4876 2302 4921 et
2325 4866 2449 4936 quid
2479 4876 2620 4922 vetat
2642 4868 2928 4937 quominus
2957 4870 3025 4922 sit
3051 4869 3173 4924 hic?
3222 4872 3292 4924 At
3337 4887 3441 4924 non
3470 4863 3713 4924 vesciturlet

2249 4974 2345 5011 cur
2372 4957 2471 5012 fuit
2516 4959 2847 5013 translatus?
2886 4959 3016 5015 Vide
3048 4960 3211 5015 Deum
3256 4962 3503 5031 paulatim
3538 4974 3611 5013 nos
3640 4968 3713 5007 ατε

2250 5052 2503 5106 dientem.
2539 5051 2832 5106 Transtulit
2872 5051 3052 5107 Enoch
3080 5070 3092 5104 :
3122 5051 3222 5107 hoc
3264 5069 3369 5106 non
3414 5061 3493 5106 est
3530 5058 3710 5118 magici-

2250 5143 2362 5197 lloc
2385 5156 2482 5196 nos
2510 5140 2691 5197 docuit
2724 5143 2777 5196 in
2820 5143 2947 5196 Elia:
2979 5143 3032 5197 in
3062 5143 3226 5197 altum
3254 5143 3538 5197 evectione.
3562 5138 3711 5193 Rat-sun

2251 5237 2461 5292 inclusit
2488 5237 2599 5291 Noe
2622 5238 2675 5291 in
2704 5253 2826 5292 arca
2857 5255 2870 5293 :
2892 5254 3064 5308 neque
3085 5240 3185 5292 hoc
3211 5248 3292 5294 est
3315 5240 3384 5293 ita
3407 5246 3631 5307 magnum-
3648 5225 3713 5280 δα

2250 5344 2347 5383 nos
2374 5328 2550 5384 docuit
2578 5330 2629 5382 in
2652 5331 2925 5399 propheta:
2949 5330 3242 5385 inclusione
3268 5331 3319 5384 in
3346 5339 3480 5385 ceto.
3507 5328 3579 5382 Sic
3598 5330 3712 5374 veleﬂ

2250 5435 2460 5490 quoque
2508 5420 2928 5489 praecursoribus
2969 5436 3104 5490 opus
3154 5421 3448 5474 habuerunt
3491 5428 3541 5471 et
3580 5409 3713 5479 ﬁguris.

2250 5512 2397 5566 Sicut
2417 5511 2558 5566 enim
2589 5511 2639 5565 in
2662 5511 2820 5565 scalis
2852 5512 3055 5580 primus
3073 5510 3270 5581 gradus
3295 5505 3577 5564 transmittit
3594 5500 3642 5555 ad
3660 5513 3715 5551 ςεο

2251 5605 2513 5669 cundum;
2541 5620 2570 5657 a
2601 5605 2771 5674 primo
2808 5614 2984 5659 autem
3014 5618 3120 5658 non
3162 5603 3286 5658 licet
3331 5602 3503 5658 venire
3530 5596 3584 5651 ad
3614 5605 3715 5664 quac

2251 5707 2387 5764 tum,
2410 5706 2466 5752 et
2489 5698 2587 5752 iste
2612 5697 2677 5751 ad
2710 5698 2882 5761 illum,
2917 5704 2977 5750 ut
3004 5696 3092 5750 ille
3118 5695 3184 5749 ad
3213 5696 3369 5750 istum
3401 5696 3468 5748 sit
3487 5692 3717 5751 viamqu

2253 5798 2376 5846 ante
2405 5789 2629 5860 primum
2671 5790 2782 5844 ﬁeri
2826 5798 3002 5858 potest
3030 5798 3089 5843 ut
3110 5788 3351 5843 veniatur
3374 5786 3440 5843 ad
3463 5779 3714 5840 secundum:

2255 5884 2324 5938 ita
2346 5882 2430 5939 hic
2457 5897 2684 5953 quoque.
2718 5882 2784 5938 Et
2821 5882 2942 5937 vide
2986 5881 3133 5954 signa
3173 5883 3433 5955 signorum
3464 5888 3548 5935 :et
3578 5868 3716 5926 τὶάοῑκε
