4032 6508
242 416 352 476 357

248 530 354 584 hoc
383 528 434 582 in
459 525 598 580 scala
627 538 784 595 quam
809 519 940 575 vidit
967 519 1130 575 Iacob
1155 537 1168 571 :
1201 517 1455 587 Superius
1476 517 1711 588 quidem,
1737 516 1818 570 in-

245 621 388 690 quit,
415 619 604 671 ﬁrmus
631 613 914 670 et-stabilis
935 611 1108 665 stabat
1128 610 1430 675 Dominus;
1451 608 1683 663 inferius
1724 623 1822 662 au-

249 722 359 765 tem
390 707 565 777 angeli
593 703 953 760 ascendebant
977 711 1031 756 et
1069 700 1481 756 descendebant.
1509 698 1825 769 PrOphetice

250 800 602 856 nuntiabatur
625 796 765 867 quod
815 795 1009 850 Filium
1053 793 1276 846 haberet
1325 791 1518 845 Pater:
1550 789 1828 858 Oportebat

248 895 355 949 hoc
385 890 556 946 credi.
593 889 866 944 Undenam
912 887 993 941 vis
1029 885 1308 940 ostendam
1354 884 1494 938 illius
1536 883 1720 952 signa?
1758 881 1827 938 ab

246 983 358 1038 alto
394 982 555 1043 infra,
584 982 652 1034 ab
691 981 798 1033 imo
851 977 1044 1047 supra?
1083 973 1483 1030 Ostendendum
1527 981 1643 1032 erat
1686 970 1826 1041 quod

242 1079 432 1143 gignat
461 1071 826 1140 impatibiliter
860 1087 872 1122 :
899 1076 1180 1138 propterea
1205 1065 1386 1135 genuit
1412 1065 1639 1132 primum
1669 1061 1828 1118 steri-

248 1167 334 1219 lis.
367 1164 480 1219 lmo
509 1179 636 1218 vero
673 1164 744 1218 ab
782 1162 889 1216 alto
931 1161 1148 1230 petitum
1199 1159 1454 1212 ducamus
1482 1171 1785 1211 sermonem
1807 1172 1828 1212 ξ

244 1258 395 1312 credi
426 1258 734 1327 oportebat,
766 1253 906 1325 quod
937 1269 1001 1308 ex
1032 1255 1146 1322 ipso
1180 1270 1192 1306 :
1222 1251 1346 1320 quid
1391 1249 1557 1320 ergo?
1603 1249 1713 1303 lloc
1749 1249 1827 1312 ﬁt,

246 1349 343 1403 sed
373 1348 627 1412 obscure,
657 1357 840 1416 utpote
885 1345 935 1398 in
965 1344 1149 1398 umbra
1191 1351 1246 1396 et
1284 1341 1446 1412 figura
1471 1357 1485 1405 ;
1521 1339 1616 1394 sed
1647 1340 1705 1393 ﬁt
1735 1357 1748 1393 :
1777 1349 1832 1393 et

246 1441 596 1510 procedendo
627 1439 682 1493 fit
709 1436 1100 1508 quodammodo
1127 1435 1477 1490 manifestius.
1510 1433 1584 1488 Es
1619 1433 1833 1487 homine

245 1533 370 1588 solo
395 1543 480 1588 est
521 1532 733 1596 mulier,
765 1540 818 1585 et
845 1530 932 1584 ille
978 1538 1156 1582 uianet
1195 1529 1418 1597 integer.
1451 1513 1653 1580 Rursus
1699 1540 1832 1579 con-

247 1625 524 1695 ceptionis
549 1641 615 1678 ex
643 1623 861 1694 Virgine
887 1622 1169 1691 Oportebat
1209 1635 1328 1675 esse
1359 1619 1571 1689 aliquod
1599 1619 1827 1688 signum.

249 1717 403 1771 Parit
425 1717 645 1781 sterilis,
676 1731 780 1769 non
811 1715 997 1778 semel,
1033 1714 1126 1768 sed
1168 1713 1247 1767 bis
1268 1721 1323 1768 et
1347 1721 1427 1766 ter
1454 1722 1506 1766 et
1530 1726 1692 1780 saepe.
1724 1709 1832 1764 Ge-

245 1810 549 1863 neratiouis
572 1823 702 1878 ergo
727 1823 792 1863 ex
824 1807 1040 1876 Virgine
1064 1805 1261 1860 sterilis
1288 1805 1386 1858 fuit
1411 1803 1627 1874 quidem
1651 1812 1830 1872 typus,

246 1910 308 1955 et
359 1901 449 1955 illa
501 1910 732 1955 menth
789 1898 1100 1953 transmittit
1143 1896 1209 1950 ad
1265 1896 1445 1951 ﬁdem.
1502 1895 1610 1948 Iloc
1647 1909 1833 1948 rursus

246 1991 356 2046 fuit
411 2001 568 2061 typus
617 1989 758 2060 quod
798 1990 944 2043 solus
982 1989 1116 2043 Deus
1146 1987 1319 2057 possit
1347 1988 1581 2056 gignere.
1607 1985 1661 2040 Si
1691 1987 1832 2039 enim

244 2082 395 2153 quod
421 2092 511 2137 est
540 2081 875 2150 praestantius
907 2081 1083 2142 homo,
1109 2079 1268 2133 etiam
1293 2079 1491 2146 absque
1507 2093 1571 2131 eo
1597 2077 1830 2146 paritur;

248 2173 427 2229 multo
464 2173 633 2241 magis
659 2179 942 2240 generatur
968 2185 1128 2223 exeo
1166 2168 1307 2238 quod
1337 2178 1416 2222 est
1444 2167 1536 2220 illo
1575 2177 1837 2237 praestan-

256 2265 391 2317 tius.
448 2263 547 2318 Est
599 2263 700 2315 alia
763 2276 972 2331 quoque
1034 2261 1307 2330 generatio
1355 2269 1510 2330 typus
1559 2257 1833 2320 veritatis;

249 2369 452 2425 nempe
493 2363 673 2407 nostra
727 2368 792 2406 ex
836 2353 1056 2421 Spiritu.
1107 2351 1269 2419 Hujus
1318 2365 1502 2404 rursus
1554 2360 1708 2420 typus
1757 2357 1837 2402 est

249 2450 476 2512 sterilis,
505 2448 756 2517 quoniam
785 2462 888 2500 non
921 2462 985 2500 ex
1019 2444 1362 2513 sanguiuibus
1395 2460 1407 2496 :
1439 2442 1551 2496 lt:er
1589 2455 1836 2510 superna:

248 2541 620 2616 generationis
665 2552 820 2611 typus
859 2549 962 2595 est.
1005 2540 1176 2608 Atque
1220 2537 1305 2591 illa
1344 2535 1557 2604 quidem
1604 2534 1839 2590 ostendit

251 2637 376 2704 ejus
405 2633 895 2702 impatibilitatem;
924 2630 1038 2684 btec
1065 2643 1193 2684 vero
1221 2644 1284 2682 ex
1320 2627 1436 2681 solo
1479 2641 1634 2696 posse
1675 2642 1838 2695 gene-

247 2728 387 2783 rari.
441 2725 538 2780 Est
587 2725 830 2779 Christus
879 2738 1110 2792 superne
1167 2722 1217 2775 in
1265 2735 1454 2774 omnes
1511 2719 1838 2773 dominatum

255 2823 509 2875 obtinens
542 2819 868 2888 :oportebat
915 2816 1018 2870 hoc
1059 2816 1224 2870 credi.
1255 2813 1340 2868 Fit
1383 2813 1484 2868 hoc
1529 2813 1581 2866 in
1616 2823 1754 2866 terra
1785 2811 1838 2865 in

255 2913 478 2969 homine
507 2929 520 2968 :
549 2911 830 2965 Faciamus
855 2909 1128 2973 hominem,
1163 2907 1352 2977 inquit,
1392 2905 1459 2958 ad
1492 2905 1757 2975 imaginem
1793 2913 1840 2958 et

256 3009 638 3065 similitudinem
666 3015 886 3059 nostram
911 3002 1060 3074 (Gen.
1097 3003 1146 3056 1.
1169 3002 1288 3071 26),
1311 3009 1367 3054 ut
1396 3000 1569 3055 brutis
1593 2999 1838 3055 omnibus

257 3106 512 3175 imperet.
534 3100 614 3155 'lta
643 3113 747 3152 non
775 3095 973 3158 verbis,
1004 3093 1094 3148 sed
1120 3093 1280 3148 rebus
1306 3092 1465 3148 etiam
1506 3107 1602 3145 nos
1629 3091 1830 3145 docuit.

253 3196 477 3249 Natura:
503 3193 894 3261 scpa-rationem
926 3185 1185 3256 signiﬁcat
1209 3185 1507 3255 paradisus,
1533 3194 1586 3239 et
1603 3182 1837 3237 omnium

1131 403 1196 458 IN
1235 401 1446 458 EPIST.
1488 402 1577 457 AD
1612 401 1884 459 COLOSS.
1923 402 2075 459 CAP.
2116 401 2180 460 ll.
2211 403 2446 458 1101111..
2493 403 2572 458 Vl.

1933 2539 2103 2595 bilem
2156 2538 2443 2593 habeamus
2503 2537 2661 2592 ﬁdem

3383 409 3487 466 338

1923 518 2178 587 optimum
2206 527 2257 572 et
2281 505 2768 588 prmatantissimum
2784 521 3213 578 esse-hominem.
3247 522 3490 581 Christus

1924 620 2042 666 erat
2085 621 2502 666 resurrecturus.
2553 611 2684 667 Vide
2726 613 2832 682 jam
2880 623 3008 683 quot
3027 615 3175 684 signa
3203 633 3231 670 ~:
3282 616 3484 681 Enoch,

1925 703 2088 763 Elias.
2114 703 2298 764 Jonas,
2321 720 2439 773 quae
2468 704 2598 758 facta
2626 707 2815 759 suntin
2844 703 3075 771 fornace,
3110 723 3228 777 quae
3252 717 3491 777 tempore

1927 795 2038 850 Noe
2079 794 2214 848 facta
2242 803 2324 848 est
2367 794 2659 857 inundatio.
2692 796 2916 860 semina,
2946 798 3156 864 planae.
3185 811 3386 864 n05tra,
3437 809 3492 854 et

1927 887 2162 940 omnium
2191 886 2494 940 animalium
2528 887 2820 954 generatio.
2854 887 2983 940 Nam
3009 889 3258 957 quoniam
3304 891 3356 942 in
3391 889 3492 945 huc

1927 980 2105 1033 omnia
2135 977 2606 1048 periclitabantur,
2641 979 2740 1032 hoc
2767 979 2995 1032 maxime
3033 979 3268 1032 omnium
3301 982 3493 1036 multas

1931 1072 2111 1126 habuit
2136 1071 2351 1142 ﬁguras.
2375 1068 2726 1134 Quod-omnia
2751 1085 2858 1123 non
2887 1070 3001 1122 sine
3025 1071 3356 1138 providentia
3397 1088 3491 1142 ge—

1929 1171 2134 1226 rantur,
2163 1177 2228 1215 es
2260 1162 2322 1215 iis
2342 1177 2553 1232 quoque
2574 1176 2691 1229 quae
2716 1159 2853 1229 apud
2883 1175 2979 1215 nos
3007 1161 3137 1214 ﬁunt
3163 1171 3338 1230 potest
3363 1179 3494 1217 cou-

1927 1255 2018 1323 jici
2043 1271 2056 1306 :
2087 1254 2286 1308 nullum
2309 1254 2448 1307 enim
2477 1267 2658 1307 eorum
2689 1251 2806 1307 sine
2821 1252 3148 1322 providentia
3176 1263 3370 1306 manet.
3390 1253 3495 1308 Sed

1929 1355 1985 1401 et
2009 1361 2216 1417 greges,
2244 1355 2296 1400 et
2321 1345 2424 1398 alia
2449 1345 2626 1398 omnia
2659 1359 2794 1412 Opus
2825 1343 3021 1397 habent
3045 1354 3098 1398 ut
3124 1355 3396 1412 regantur.
3434 1345 3498 1398 Et

1931 1438 2072 1508 quod
2103 1453 2229 1492 casu
2274 1451 2380 1492 non
2419 1438 2553 1492 facta
2601 1438 2705 1491 sint
2735 1437 2932 1501 omnia,
2955 1437 3187 1492 ostendit
3232 1438 3497 1506 gelienna,

1932 1527 2163 1583 ostendit
2183 1529 2340 1581 etiam
2359 1527 2612 1581 diluvium
2639 1527 2778 1597 quod
2809 1528 2904 1581 fuit
2929 1538 3168 1597 tempore
3189 1529 3318 1592 Noe,
3343 1530 3496 1597 ignis,

1933 1621 2201 1676 demersio
2228 1621 2622 1692 Egyptiorum,
2653 1638 2771 1690 quae
2820 1619 2957 1675 facta
3000 1629 3122 1674 sunt
3165 1622 3215 1675 in
3264 1621 3496 1675 deserto.

1933 1710 2220 1780 Oportebat
2246 1720 2297 1764 et
2314 1711 2630 1779 baptismum
2653 1711 2824 1764 multa
2844 1711 3148 1780 prmcedere
3182 1729 3194 1763 :
3229 1711 3357 1763 facta
3377 1720 3503 1764 sunt

1934 1805 2046 1870 illa,
2087 1819 2430 1875 quaecumque
2477 1805 2526 1856 in
2553 1819 2684 1873 aqua
2707 1846 2720 1867 ,
2751 1813 2908 1872 atque
2934 1804 3037 1856 alia
3069 1804 3498 1870 innumerabilia,

1937 1908 1993 1952 ut
2022 1913 2140 1965 qum
2165 1898 2300 1952 facta
2318 1907 2440 1951 sunt
2459 1898 2511 1950 in
2538 1896 2737 1963 Veteri,
2767 1913 2886 1967 qua:
2910 1898 2958 1950 in
2985 1880 3216 1967 piscina;
3247 1898 3385 1964 quod
3413 1899 3502 1967 qui

1935 2004 2097 2043 sanus
2113 2005 2215 2043 non
2241 1999 2355 2043 erat
2377 1988 2741 2056 nmndarctur,
2759 1990 2926 2058 ipsum
2950 1989 3223 2055 diluvium,
3245 1990 3500 2059 baptisma

1934 2081 2176 2136 Joannis.
2208 2082 2499 2150 Oportebat
2545 2081 2710 2144 credi,
2751 2081 2888 2150 quod
2936 2080 3123 2134 Filium
3155 2096 3308 2135 suum
3335 2083 3506 2135 tradat

1931 2173 2078 2227 Deus
2107 2189 2121 2225 :
2152 2172 2250 2225 hoc
2280 2172 2426 2242 prius
2452 2171 2578 2226 fecit
2608 2171 2788 2225 homo.
2813 2171 2941 2238 Quis
2967 2172 3094 2226 ille?
3121 2173 3386 2226 Abraham
3415 2189 3506 2242 pa-

1939 2263 2192 2317 triarcha.
2217 2263 2423 2316 Horum
2455 2278 2584 2332 ergo
2607 2264 2844 2316 omnium
2876 2275 3052 2334 typos,
3085 2265 3126 2316 si
3155 2265 3396 2327 velimus,
3427 2267 3509 2317 in-

1937 2357 2231 2418 veniemus,
2255 2356 2298 2408 si
2331 2371 2627 2423 quaaramus
2650 2356 2700 2409 in
2723 2356 3012 2424 Scriptura.
3035 2356 3138 2411 Sed
3166 2373 3231 2410 ne
3253 2357 3507 2426 defatige-

1941 2463 2081 2511 niur,
2106 2463 2286 2500 verum
2315 2447 2366 2500 in
2399 2447 2480 2500 bis
2507 2463 2604 2500 nos
2630 2461 3030 2515 componamus.
3062 2446 3290 2500 Firmam
3321 2459 3374 2501 et
3393 2457 3508 2501 sta-

2712 2553 2724 2590 :
2775 2550 3013 2592 exuetam
3087 2547 3140 2591 et
3205 2547 3507 2592 accuratam

1943 2629 2284 2684 ostendamus
2311 2629 2432 2682 vita:
2481 2638 2676 2682 nostrze
2725 2628 3113 2682 institutionem
3141 2645 3154 2692 ;
3181 2637 3246 2681 ut
3274 2643 3391 2682 cum
3420 2645 3512 2697 per

1944 2722 2123 2774 omnia
2153 2722 2259 2776 Deo
2296 2721 2490 2790 gratias
2516 2722 2802 2790 egerimus,
2833 2722 3108 2790 promissis
3138 2724 3297 2775 etiam
3331 2722 3394 2774 iis
3421 2723 3509 2789 qui

1943 2816 2166 2884 diligunt
2212 2831 2330 2869 eum
2371 2814 2651 2884 dignemur
2679 2815 2849 2878 bonis,
2891 2815 3056 2883 gratia
3098 2823 3150 2867 et
3191 2815 3513 2884 benignitate

1947 2909 2156 2964 Domini
2178 2908 2346 2962 nostri
2367 2908 2493 2962 Jesu
2513 2906 2732 2971 Christi,
2763 2922 2885 2961 cum
2915 2921 3018 2976 quo
3059 2905 3221 2973 Patri,
3251 2906 3514 2974 simulque

1945 3013 2128 3058 sancto
2153 3001 2368 3071 Spiritui
2390 3002 2576 3070 gloria,
2601 3011 2854 3069 potestas,
2887 2999 3078 3068 honor,
3112 3015 3250 3055 nunc
3288 3009 3342 3054 et
3370 3013 3514 3053 sem-

1946 3107 2062 3164 per,
2094 3094 2217 3148 etin
2244 3094 2434 3148 saacula
2461 3092 2796 3146 saeculorum.
2818 3094 3009 3148 Amen.

261 3309 2500 3340 Μ

1583 3407 1925 3470 HOMILIA
1969 3410 2074 3474 VI.

257 3567 390 3623 CAP.
420 3564 474 3618 9..
505 3579 556 3616 v.
580 3563 632 3616 6.
664 3561 814 3616 Sicut
835 3575 951 3630 ergo
978 3556 1237 3626 accepistis
1257 3555 1431 3609 Iesum
1453 3552 1708 3608 Christum
1729 3551 1840 3606 Do-

333 3659 531 3710 minum
576 3666 823 3716 nostrum,
871 3653 922 3704 in
966 3651 1074 3720 ipso
1118 3647 1388 3711 ambulate,
1439 3646 1492 3699 7.
1543 3643 1755 3696 radicati
1795 3653 1840 3696 et

337 3747 730 3815 supercrdiﬁcati
773 3746 824 3797 in
857 3744 986 3812 ipso,
1020 3752 1064 3794 et
1095 3739 1382 3807 confirmati
1408 3739 1460 3790 in
1487 3736 1608 3805 ﬁde,
1641 3737 1767 3789 sicut
1795 3744 1841 3789 et

340 3839 611 3902 didicistis,
638 3837 945 3890 abundantes
975 3833 1026 3886 in
1057 3831 1148 3885 illa
1173 3833 1224 3885 in
1250 3830 1524 3900 gratiarum
1552 3832 1768 3881 actione.

341 3933 392 3986 1.
439 3930 592 3985 Prius
612 3929 729 3982 illos
753 3927 966 3997 proprio
992 3923 1253 3995 przevenit
1283 3921 1609 3993 testimonio,
1634 3920 1839 3987 dicens,

261 4025 416 4080 Sicut
441 4023 725 4092 accepistis.
749 4020 892 4075 Nihil
918 4019 1169 4082 alienmn,
1201 4018 1388 4086 inquit,
1421 4014 1839 4079 introducimus;

258 4136 395 4190 ergo
435 4133 607 4184 neque
648 4131 763 4168 vos.
805 4113 873 4166 In
902 4129 958 4166 eo
983 4112 1277 4164 ambulate:
1309 4110 1419 4178 ipse
1446 4109 1587 4164 enim
1637 4117 1719 4162 est
1758 4107 1843 4160 via

260 4227 381 4281 qua:
410 4209 629 4263 adducit
657 4205 722 4260 ad
770 4206 977 4259 Patrem
1012 4219 1152 4258 :nou
1197 4203 1248 4256 in
1291 4202 1520 4272 angelis;
1563 4216 1668 4254 non
1718 4199 1844 4254 illuc

262 4307 413 4359 ducit
444 4303 558 4357 haec
580 4301 684 4355 via.
715 4299 982 4359 Radicati;
1008 4296 1108 4350 hoc
1137 4306 1237 4359 est,
1270 4296 1355 4349 fixi
1377 4309 1438 4349 ac
1465 4295 1703 4359 stabiles,
1737 4310 1842 4348 non

263 4391 553 4464 aliquando
599 4390 814 4461 quidem
863 4387 1019 4454 hanc,
1066 4385 1348 4454 aliquando
1386 4401 1512 4438 veru
1548 4383 1714 4450 illam,
1746 4383 1840 4438 sed

266 4484 488 4540 radicati
513 4501 525 4536 :
555 4480 700 4551 quod
727 4489 811 4536 est
839 4488 1015 4533 autem
1043 4478 1334 4532 radicatum
1358 4491 1451 4530 seu
1479 4475 1617 4545 quod
1642 4474 1846 4529 radices

267 4577 399 4645 egit,
423 4589 529 4627 non
553 4570 749 4642 poterit
771 4568 1143 4623 transmoveri.
1184 4565 1313 4620 Vide
1342 4581 1499 4634 quam
1525 4565 1768 4634 proprias
1793 4573 1848 4618 et

265 4665 543 4735 appositas
573 4661 724 4731 ponit
767 4659 1050 4714 dictiones.
1083 4657 1150 4710 Et
1177 4655 1586 4725 supersedi/irati,
1643 4653 1844 4724 inquit;

266 4759 371 4813 hoc
399 4763 504 4818 est,
537 4761 718 4808 mente
737 4751 804 4806 ad
831 4751 1004 4820 ipsum
1037 4750 1419 4819 pertingentes.
1461 4747 1530 4801 Et
1561 4749 1847 4816 con/innati

262 4851 322 4904 in
351 4849 502 4915 ipso;
533 4845 637 4900 hoc
681 4855 783 4910 est,
830 4844 1001 4912 ipsum
1055 4851 1314 4905 tenentes,
1373 4851 1640 4909 tamquam
1689 4854 1850 4909 super

268 4939 681 4994 fundamentum
719 4935 984 4990 aediﬁcati.
1016 4933 1260 4988 Ostendit
1285 4949 1378 4987 eos
1403 4933 1660 4988 cecidisse
1693 4950 1705 4986 :
1751 4933 1851 4987 hoc

269 5034 416 5088 enim
451 5029 652 5084 indicat
677 5027 824 5092 illud,
850 5025 1142 5094 zEdi/icati.
1169 5025 1373 5080 Revera
1400 5025 1538 5078 enim
1570 5023 1849 5079 aediﬁcium

273 5131 359 5176 cst
388 5121 556 5176 ﬁdes:
589 5129 643 5174 et
662 5134 796 5188 Opus
827 5127 908 5172 est
935 5117 1056 5170 forti
1097 5115 1464 5181 fundamento,
1491 5115 1770 5186 suibilique
1799 5124 1852 5170 et

277 5227 394 5268 tuta
423 5213 796 5268 :ediﬁcatione.
821 5211 950 5265 Nam
982 5210 1026 5263 si
1053 5208 1171 5280 quis
1197 5209 1248 5262 in
1278 5218 1390 5263 tuto
1420 5223 1523 5262 non
1552 5207 1853 5262 :ediﬁcave-

274 5308 367 5370 rit,
401 5305 650 5369 labascit;
677 5313 731 5360 et
774 5304 818 5357 si
858 5303 909 5354 in
951 5310 1082 5366 tuto,
1111 5310 1165 5354 et
1191 5316 1294 5354 non
1322 5301 1581 5362 lirmetur,
1615 5313 1719 5352 non
1750 5305 1854 5352 stat

275 5397 534 5467 amplius.
568 5393 714 5449 Sicut
755 5402 799 5447 et
826 5391 1092 5446 didicistis.
1126 5390 1350 5456 Rursus,
1394 5388 1559 5454 Sicut,
1594 5387 1854 5458 signiﬁcat

278 5489 411 5542 nihil
437 5502 633 5542 novum
662 5484 787 5539 dici.
815 5484 1160 5548 Abundantes,
1191 5482 1377 5553 inquit,
1407 5483 1459 5535 in
1485 5481 1574 5534 illa
1594 5481 1647 5534 in
1667 5481 1855 5552 gratia-

278 5600 396 5636 rum
424 5582 640 5635 actione.
686 5579 797 5633 iloc
824 5585 905 5633 est
931 5576 1070 5630 enim
1101 5590 1286 5629 eorum
1324 5575 1411 5643 qui
1439 5582 1563 5628 sunt
1592 5587 1857 5628 memores

283 5674 530 5730 beneﬁcii
568 5695 582 5726 :
616 5686 720 5726 non
763 5671 960 5737 solum,
1008 5669 1243 5736 inquam,
1289 5667 1484 5737 gratias
1531 5680 1708 5735 agere,
1764 5664 1858 5718 sed

285 5783 406 5822 cum
435 5781 627 5836 magna
657 5762 996 5829 abundantia,
1028 5760 1147 5832 plus
1184 5775 1340 5830 quam
1365 5759 1644 5826 didicistis,
1672 5759 1714 5812 si
1746 5757 1859 5811 ﬁeri

288 5868 486 5930 potest,
519 5873 643 5912 cum
674 5871 862 5926 magna
902 5855 1062 5909 animi
1107 5853 1467 5909 contentione.
1502 5850 1553 5907 8.
1592 5850 1766 5906 Videte
1799 5866 1857 5904 ue

1949 3558 2060 3623 quis
2089 3575 2173 3612 vos
2202 3560 2439 3628 decipiat.
2471 3559 2630 3614 Vides
2660 3559 2928 3628 quomodo
2956 3556 3248 3612 ostenderit
3285 3570 3403 3610 e~se
3431 3554 3515 3608 fn-

1948 3665 2081 3713 rem,
2118 3661 2170 3703 et
2193 3651 2443 3716 alienum,
2473 3660 2526 3704 et
2552 3652 2747 3705 sensim
2794 3649 3214 3720 ingredientem?
3238 3650 3343 3716 jam
3373 3649 3514 3702 enini

1947 3741 2129 3794 statuit
2146 3742 2313 3810 ipsum
2343 3741 2742 3812 ingredientem.
2765 3739 2825 3794 Et
2847 3741 3066 3811 pulchre
3084 3740 3514 3802 άῘΧῘισυὶανωγῶν,

1949 3834 2315 3888 sulfurantem.
2339 3833 2411 3889 Ut
2438 3835 2483 3888 si
2513 3835 2772 3904 quispiam
2815 3849 3060 3904 aggerem
3112 3831 3318 3886 inferne
3349 3830 3516 3884 sulfu-

1948 3925 2121 3990 diens,
2152 3925 2230 3979 sui
2253 3940 2468 3980 sensum
2509 3942 2611 3979 non
2646 3927 2896 3995 praibeat,
2951 3925 3076 3979 illud
3119 3940 3245 3979 vero
3274 3923 3514 3977 labatur:

1949 4019 2027 4073 sic
2048 4018 2134 4073 ille
2166 4017 2308 4073 facit.
2339 4017 2522 4072 Videte
2548 4033 2709 4089 ergo:
2742 4017 2824 4072 hm
2858 4027 2976 4071 sunt
3008 4017 3148 4070 enim
3175 4016 3314 4069 illius
3344 4028 3518 4083 partes

1949 4129 2016 4167 ne
2044 4127 2258 4168 sensum
2287 4113 2498 4182 quidem
2544 4113 2624 4167 sui
2676 4113 2934 4181 prteberc.
2972 4109 3074 4164 Per
3117 4109 3515 4180 philosophiam.

1952 4205 2174 4270 Deinde,
2191 4206 2439 4274 quoniam
2468 4202 2768 4259 veneranda
2797 4203 3005 4256 videtur
3021 4217 3139 4255 esse
3161 4200 3516 4270 philoSupliia,

1951 4298 2187 4357 addidit;
2218 4296 2282 4351 Et
2308 4299 2509 4351 inanem
2531 4296 2809 4367 fallaciam.
2841 4293 2937 4348 Est
2967 4295 3108 4347 enim
3143 4293 3276 4344 bona
3310 4305 3519 4359 quoque

1951 4389 2195 4458 deceptio
2216 4395 2270 4443 et
2295 4387 2468 4442 bonus
2487 4387 2657 4452 dolus,
2678 4401 2783 4456 quo
2801 4384 2947 4437 multi
2971 4392 3092 4436 sunt
3111 4381 3340 4450 decepti,
3360 4395 3519 4449 quem

1953 4499 2058 4535 non
2087 4481 2345 4535 fallaciam
2376 4479 2588 4550 quidem
2634 4485 2725 4532 aut
2772 4476 3144 4544 deceptiouem
3175 4481 3385 4542 oportet
3422 4487 3519 4523 vu-

1953 4589 2109 4628 care:
2139 4572 2204 4627 de
2242 4586 2343 4641 qua
2395 4570 2523 4625 dicit
2567 4568 2846 4631 Jeremias,
2879 4565 3126 4634 Decepisti
3155 4581 3251 4628 me,
3281 4563 3518 4628 Domine,

1954 4677 1998 4721 et
2023 4668 2257 4737 deceptus
2285 4682 2392 4720 sum
2428 4661 2559 4734 (Jer.
2591 4661 2681 4717 20.
2709 4661 2787 4732 7).
2811 4660 2940 4714 Nam
2969 4659 3110 4730 quod
3137 4670 3218 4714 est
3245 4658 3521 4726 liujusmo-

1954 4760 2029 4823 di,
2052 4776 2119 4816 ne
2146 4759 2389 4828 deceptio
2414 4757 2624 4828 quidem
2651 4755 2930 4810 dicendum
2955 4762 3056 4809 est.
3077 4752 3206 4807 Nam
3235 4763 3288 4807 et
3319 4761 3521 4822 patrem

1955 4866 2107 4905 suum
2135 4848 2346 4920 decepit
2383 4847 2568 4911 Jacoh,
2603 4847 2695 4902 sed
2728 4861 2830 4901 non
2865 4853 2978 4900 crat
3021 4844 3285 4914 deceptio,
3334 4859 3520 4897 verum

1956 4942 2300 5012 dispensatio.
2335 4940 2437 4994 Per
2458 4939 2849 5010 pliilosOphiam,
2877 4938 3066 5008 inquit,
3085 4946 3129 4990 et
3151 4937 3351 4990 inanem
3373 4934 3527 5006 falla-

1956 5036 2106 5097 ciam,
2134 5033 2407 5086 secundum
2437 5032 2759 5085 traditionem
2804 5031 3083 5092 hominum,
3124 5028 3397 5082 secundum
3427 5025 3527 5079 ele-

1959 5136 2124 5179 menta
2144 5123 2340 5189 mundi,
2366 5134 2410 5176 et
2434 5141 2534 5176 non
2560 5122 2834 5175 secundum
2861 5121 3131 5175 Christum.

2032 5217 2409 5270 Observationes
2436 5215 2646 5267 dierum.
2675 5243 2745 5253 —-
2767 5213 2884 5267 Jain
2915 5213 3126 5281 attingit
3155 5208 3525 5280 reprehensio-

1961 5325 2085 5364 nem
2111 5309 2315 5364 dierum
2342 5305 2728 5376 observationis
2749 5305 2844 5373 (α),
2866 5303 3128 5358 elementa
3148 5300 3327 5355 mundi
3347 5299 3531 5352 dicens

1961 5403 2130 5457 solem
2161 5411 2215 5456 et
2242 5400 2420 5454 lunam
2445 5417 2456 5451 :
2500 5399 2637 5452 sicut
2679 5397 2836 5451 etiam
2879 5394 3089 5449 dicebat
3116 5394 3169 5447 in
3199 5391 3433 5464 Epistola
3461 5391 3530 5444 ad

1964 5491 2204 5548 Galatas:
2233 5489 2493 5555 Quomodo
2541 5486 2889 5542 convertimini
2930 5485 2998 5538 ad
3045 5484 3249 5552 inﬁrma
3284 5493 3331 5536 et
3373 5498 3527 5552 egena

2028 5673 2099 5733 (α)
2122 5670 2198 5720 De
2220 5670 2406 5719 dierum
2429 5665 2863 5733 observationibus,
2882 5678 2998 5733 _qu:e
3020 5675 3192 5733 magna
3217 5659 3438 5733 fuitgolim
3462 5669 3540 5733 suo

1965 5720 2201 5797 perstitio,
2225 5733 2354 5797 etrad
2377 5731 2540 5797 inﬁma
2565 5743 2719 5790 usque
2753 5720 2939 5797 saecula
2959 5720 3194 5797 proter
3241 5725 3347 5797 fuit,
3389 5720 3540 5797 multa

1961 5786 2088 5844 ilicta
2128 5786 2240 5844 sunt
2275 5796 2324 5842 in
2369 5786 2717 5855 Supplementa
2741 5793 2797 5838 ad
2833 5786 3174 5853 Antiquitatom
3203 5786 3535 5849 explanatam:

1965 5810 2088 5844 meta
2128 5810 2240 5844 sunt
2275 5810 2324 5842 tn
2369 5810 2596 5855 .‘Hllplelll

1965 5869 2073 5921 qua:
2095 5858 2234 5906 adeat
2267 5858 2350 5919 qui
2376 5810 2596 5903 vohterit.
