4032 6520
633 381 740 439 339

637 500 811 552 mundi
832 500 1071 553 elementa
1094 498 1232 569 (Gal.
1257 501 1310 554 ι.
1339 499 1435 566 9)?
1465 501 1532 554 Et
1554 517 1658 554 non
1685 501 1834 562 dixit,
1868 501 2075 554 Dierum
2101 501 2196 552 ob.

637 591 984 655 sei-vationes,
1011 591 1104 644 sed
1130 591 1348 643 omnino
1377 591 1557 644 mundi
1598 592 1890 659 praesentis,
1925 598 1982 643 ut
2010 600 2193 643 osten-

634 684 728 737 dat
752 697 908 752 quam
937 683 1006 734 sit
1031 696 1115 735 res
1143 682 1292 735 vilis:
1313 699 1431 734 nam
1452 684 1494 736 si
1515 683 1741 747 mundus
1762 682 1886 734 nihil
1905 691 2006 746 est,
2033 682 2198 735 multo

635 775 812 843 magis
827 775 1108 828 elementa.
1140 773 1270 828 Cum
1301 788 1428 842 ergo
1466 773 1784 827 ostendisset
1825 789 1978 842 quam
2021 772 2198 826 multis

634 866 806 920 allecti
851 865 1047 919 fuerint
1085 866 1391 930 beneﬁciis,
1437 876 1560 918 tunc
1603 865 1756 918 aﬂ'ert
1783 863 2195 927 accusationem,

637 964 696 1008 ut
725 955 976 1024 majorem
1003 957 1268 1016 ostendat,
1303 966 1356 1010 et
1385 965 1567 1024 arguat
1591 955 1879 1009 auditores.
1910 955 2019 1009 Hoc
2038 957 2197 1008 etiam

634 1063 849 1115 semper
875 1047 1074 1102 faciunt
1106 1048 1410 1116 prophetae:
1439 1049 1583 1116 prius
1609 1046 1895 1101 ostendunt
1921 1046 2194 1109 benelicia,

633 1148 688 1191 ct
711 1147 834 1192 tunc
861 1149 1057 1208 augent
1081 1141 1450 1202 accusatione;
1484 1140 1622 1192 sicut
1663 1138 1790 1192 dicit
1822 1137 2000 1203 Isaias,
2034 1136 2200 1190 Filios

633 1231 782 1299 genui
811 1239 855 1282 et
881 1231 1121 1294 exaltavi,
1149 1231 1246 1298 ipsi
1277 1246 1390 1282 vero
1423 1246 1499 1282 me
1526 1239 1817 1295 spreverunt
1846 1228 1997 1300 (lsai.
2030 1230 2081 1282 1.
2100 1228 2156 1296 Ξ)
2181 1247 2196 1292 ;

633 1330 689 1375 et
714 1337 917 1386 rursus,
967 1321 1162 1389 Popule
1193 1338 1351 1385 meus,
1392 1321 1513 1390 quid
1552 1321 1646 1388 feci
1691 1322 1799 1385 tibi,
1831 1330 1917 1373 aut
1947 1321 2000 1373 in
2027 1337 2124 1388 quo
2154 1331 2200 1373 te

633 1413 807 1466 dolore
824 1412 992 1478 n/feci,
1025 1423 1069 1465 et
1097 1415 1184 1466 tibi
1213 1414 1448 1466 molestus
1473 1414 1548 1482 [ui
1575 1411 1756 1482 (Mich.
1790 1413 1840 1466 6.
1874 1411 1974 1483 5)?
2009 1422 2063 1466 et
2091 1413 2196 1465 Da-

635 1502 719 1556 vid
749 1513 802 1555 ut
836 1503 1046 1570 quando
1071 1502 1222 1566 dicit,
1251 1503 1502 1556 Exaudivi
1527 1503 1646 1555 tein
1685 1502 1975 1556 abscondito
2006 1511 2197 1571 tempe-

634 1593 776 1645 statis
806 1591 975 1658 (Psal.
1007 1593 1096 1647 80.
1129 1593 1215 1661 8);
1245 1602 1297 1646 et
1329 1608 1530 1656 rursus,
1574 1592 1722 1658 Aperi
1751 1609 1804 1645 os
1839 1603 1996 1657 tuum,
2025 1603 2071 1644 et
2099 1593 2196 1643 im-

639 1685 782 1752 plebo
803 1684 948 1736 illud.
984 1683 1051 1737 Et
1080 1683 1270 1753 ubique
1313 1683 1392 1737 sic
1419 1684 1677 1737 invenies.
1709 1683 1848 1752 Ergo
1879 1683 2081 1737 etiamsi
2111 1681 2189 1734 illi

635 1775 922 1844 quidquam
953 1775 1208 1838 dicerent,
1246 1790 1350 1828 non
1386 1774 1692 1842 persuaderi
1728 1783 2026 1842 oporteret;
2059 1786 2198 1825 nunc

633 1877 831 1930 autem,
880 1867 1038 1920 etiam
1081 1867 1281 1934 abSque
1329 1866 1618 1930 beneficiis,
1653 1866 1735 1918 illa
1763 1875 1970 1933 oportet
1997 1864 2195 1932 fugere.

637 1959 700 2011 Et
730 1977 829 2012 non
857 1959 1131 2014 secundum
1151 1958 1424 2013 Christum.
1457 1957 1586 2012 Nam
1618 1959 1716 2012 etsi
1741 1959 1808 2011 ita
1834 1972 1918 2011 res
1944 1973 2002 2011 se
2032 1957 2198 2010 habe-

633 2061 716 2106 ret
737 2063 792 2104 ut
820 2053 1046 2121 possetis
1070 2061 1119 2107 et
1152 2052 1273 2106 huic
1312 2063 1366 2106 et
1406 2051 1479 2104 illi
1519 2051 1741 2115 servire,
1785 2067 1850 2104 ne
1879 2051 1954 2103 sic
1982 2049 2194 2119 quidem

633 2153 937 2211 oporteret:
965 2159 1101 2197 nunc
1143 2153 1320 2197 autem
1353 2160 1456 2196 non
1501 2144 1681 2196 sinunt
1716 2142 1804 2195 illa
1839 2157 1934 2195 vos
1961 2156 2081 2194 esse
2107 2156 2196 2195 se-

632 2235 864 2288 cundum
895 2235 1157 2288 Christum
1184 2252 1196 2287 :
1228 2251 1288 2288 ea
1317 2249 1409 2286 vos
1439 2233 1560 2288 inde
1586 2233 2021 2288 abducunt.Cnm
2053 2233 2199 2299 prius

633 2328 846 2382 Cra~cas
873 2327 1237 2382 labefactasset
1256 2327 1673 2386 observationes,
1707 2335 1830 2377 tunc
1855 2323 2013 2377 etiam
2044 2338 2200 2376 ever-

636 2421 698 2473 tit
726 2418 986 2473 Judaicas.
1018 2418 1146 2471 Nam
1179 2428 1232 2471 et
1259 2417 1432 2472 Graeci
1463 2426 1515 2469 et
1540 2416 1706 2470 Judazi
1753 2416 1896 2483 plura
1939 2415 2196 2468 observa-

633 2509 790 2573 bant;
823 2509 914 2563 sed
945 2509 1018 2562 illi
1045 2507 1257 2576 quidem
1285 2523 1349 2560 ex
1382 2506 1732 2576 philosophia,
1756 2506 1956 2559 hivero
1973 2521 2034 2559 ex
2057 2505 2196 2574 lege.

635 2601 790 2656 Prius
819 2616 944 2671 ergo
984 2600 1189 2654 accedit
1227 2598 1292 2653 ad
1331 2614 1444 2660 eos,
1488 2598 1624 2666 apud
1663 2612 1794 2666 quos
1823 2597 2019 2664 majora
2046 2604 2198 2649 erant

633 2693 950 2747 accusanda.
1002 2691 1300 2759 Quomodo,
1352 2689 1471 2743 Non
1517 2691 1784 2742 secundum
1827 2687 2115 2741 Christum?
2142 2688 2196 2741 9.

637 2782 772 2848 Quia
799 2785 851 2837 in
878 2785 985 2850 ipso
1015 2783 1201 2835 habitat
1229 2782 1390 2834 onmis
1421 2781 1672 2849 plenitudo
1717 2779 1986 2832 divinitatis
2023 2795 2200 2847 corpo-

635 2877 848 2940 raliter;
878 2875 966 2928 10.
1007 2884 1053 2927 et
1089 2875 1203 2926 estis
1231 2874 1282 2926 in
1309 2873 1396 2926 illo
1420 2871 1614 2940 repleti,
1659 2873 1743 2938 qui
1772 2879 1840 2924 est
1863 2881 2011 2939 caput
2040 2870 2200 2922 omnis

638 2969 953 3039 principatus
983 2976 1029 3021 et
1057 2965 1330 3034 potestatis.

707 3061 762 3113 2.
804 3058 938 3113 Vide
959 3057 1231 3127 quomodo
1253 3057 1303 3110 in
1334 3070 1518 3110 eorum
1548 3054 1889 3108 accusatione
1917 3052 2044 3106 illud
2069 3066 2201 3107 con-

640 3151 789 3216 l'odit,
827 3150 971 3219 prius
1013 3162 1214 3218 ponens
1240 3147 1578 3210 solutionem,
1601 3156 1651 3200 et
1677 3155 1796 3199 tunc
1827 3144 2197 3212 objectionem.

640 3239 856 3296 Minime
886 3239 1025 3292 enim
1058 3245 1300 3306 suspecta
1331 3244 1413 3290 est
1439 3236 1552 3288 haec
1585 3235 1797 3296 solutio,
1830 3243 1881 3288 et
1912 3234 2077 3303 magis
2104 3233 2198 3286 ad-

641 3333 800 3386 mittit
823 3329 1052 3392 auditor,
1082 3337 1261 3396 utpote
1303 3341 1423 3381 cum
1465 3327 1552 3396 qui
1597 3326 1747 3388 dicit,
1783 3341 1885 3379 non
1917 3325 1981 3378 ad
2015 3325 2064 3377 id
2092 3334 2202 3377 stu-

641 3423 786 3476 dium
815 3419 1072 3475 conl‘erat.
1102 3418 1230 3472 Nam
1259 3418 1364 3472 illic
1386 3417 1596 3486 quidem
1628 3417 1789 3470 etiam
1824 3415 2095 3469 contendit
2136 3429 2202 3468 ne

643 3514 915 3576 vincatur;
948 3511 1030 3564 hic
1055 3519 1229 3563 autem
1261 3509 1496 3561 minime.
1519 3507 1648 3572 Quia
1666 3508 1714 3559 in
1735 3508 1841 3575 ipso
1865 3507 2070 3558 habitat.
2093 3504 2203 3558 Hoc

640 3614 743 3669 est,
769 3603 889 3674 quia
922 3603 1057 3656 Deus
1085 3602 1134 3656 in
1167 3601 1280 3670 ipso
1309 3600 1531 3653 habitat.
1561 3598 1664 3653 Sed
1690 3614 1754 3652 ne
1783 3597 2057 3651 existimes
2079 3612 2200 3650 eum

641 3711 761 3751 esse
804 3694 1111 3749 conclusum
1142 3703 1407 3762 tamquam
1456 3692 1508 3745 in
1555 3705 1796 3760 corpore,
1826 3689 1989 3743 dicit:
2024 3689 2200 3744 Unirzis

643 3787 901 3856 plenitudo
930 3784 1200 3838 divinitatis
1223 3783 1580 3851 corporaliter;
1603 3790 1647 3833 et
1673 3782 1788 3834 estis
1813 3782 1865 3833 in
1886 3779 1975 3834 illo
2004 3781 2202 3850 repleti.

643 3877 748 3932 Alii
774 3878 918 3929 aiunt
939 3891 1058 3928 eum
1081 3874 1258 3928 dicere
1288 3872 1577 3926 Ecclesiam
1596 3871 1661 3924 ab
1677 3871 1790 3939 ejus
1819 3871 2096 3926 divinitate
2120 3887 2206 3926 re-

646 3970 862 4038 pletam,
893 3966 1031 4020 sicut
1058 3964 1180 4018 alibi
1210 3963 1357 4028 dicit,
1390 3964 1486 4028 Qui
1507 3963 1674 4016 omnia
1702 3963 1870 4031 implet
1898 3962 1950 4014 in
1979 3962 2204 4015 omnibus

645 4061 862 4130 (Ephes.
893 4059 944 4113 1.
973 4057 1098 4126 25);
1122 4055 1470 4126 corporaliter
1497 4063 1694 4118 autem,
1722 4064 1985 4122 tamquam
2009 4069 2203 4122 corpus

647 4153 699 4207 in
720 4153 911 4220 capite.
945 4146 1221 4216 Quomodo
1251 4160 1376 4216 ergo
1399 4160 1503 4198 non
1529 4145 1818 4213 subjunxit,
1843 4143 1970 4211 Qua:
1999 4155 2081 4198 est
2101 4144 2208 4199 Ec-

643 4241 839 4297 clesia?
865 4238 1090 4307 Quidam
1118 4237 1267 4290 aiunt
1293 4251 1413 4290 eum
1443 4235 1507 4290 de
1527 4234 1682 4289 Patre
1697 4233 1896 4300 dicere,
1920 4233 2206 4290 divinitatis

646 4333 1027 4404 plenitudinem
1050 4331 1101 4383 in
1120 4328 1234 4397 ipso
1257 4327 1519 4392 habitare;
1543 4325 1635 4380 sed
1658 4340 1952 4395 perperam.
1976 4326 2205 4380 Primum

645 4427 878 4498 quidem,
913 4423 1033 4493 quia
1066 4421 1307 4474 habitare
1337 4435 1439 4473 non
1473 4419 1686 4488 proprie
1715 4419 1908 4472 dicitur
1945 4418 2014 4473 de
2059 4421 2203 4473 Deo:

647 4518 882 4574 secundo
908 4516 1027 4586 quia
1058 4513 1327 4584 plenitudo
1355 4528 1456 4566 non
1487 4521 1567 4566 est
1593 4527 1710 4581 qua:
1748 4512 2060 4580 suscipitur;
2087 4528 2206 4566 nam

651 4609 853 4662 Domini
881 4616 950 4661 est
983 4617 1136 4671 terra,
1178 4614 1223 4658 et
1265 4605 1520 4668 plenitudo
1559 4605 1666 4672 ejus
1697 4602 1863 4673 (Psal.
1905 4605 1995 4659 25.
2033 4606 2120 4672 1);
2154 4615 2208 4658 et

649 4712 834 4752 rursus
868 4696 1170 4765 Apostolus,
1202 4693 1372 4748 Donec
1402 4695 1659 4764 plenitudo
1700 4689 1924 4764 gentium
1961 4697 2212 4750 advenerit

649 4789 821 4858 (Rom.
855 4790 943 4843 11.
973 4788 1090 4857 25).
1119 4787 1307 4842 Totum
1337 4785 1532 4839 dicitur
1554 4787 1844 4855 plenitudo.
1868 4787 2064 4841 Deinde
2082 4788 2208 4857 quid

649 4882 750 4935 sibi
777 4881 890 4935 vult
919 4881 1067 4945 illud,
1098 4879 1472 4950 Corporaliter?
1497 4879 1642 4932 Sicut
1673 4881 1722 4932 in
1753 4880 1944 4948 capite.
1983 4881 2088 4934 Cur
2114 4898 2209 4935 au-

652 4981 758 5025 tem
785 4986 967 5025 rursus
998 4971 1134 5024 idem
1185 4969 1330 5034 dicit,
1363 4968 1428 5021 Et
1467 4969 1580 5022 estis
1618 4969 1668 5021 in
1698 4969 1784 5022 illo
1816 4970 2029 5038 repleti?
2072 4970 2209 5038 Quid

648 5078 778 5133 ergo
809 5061 934 5117 illud
977 5061 1090 5116 eSt?
1119 5061 1249 5128 Quia
1277 5060 1406 5114 nihil
1436 5060 1608 5112 minus
1643 5060 1846 5114 habetis
1885 5077 2039 5131 quam
2082 5065 2206 5119 ille:

649 5156 786 5210 sicut
821 5153 872 5206 in
905 5153 995 5206 illo
1042 5150 1320 5215 habitavit,
1369 5151 1439 5204 ita
1490 5150 1646 5205 etiam
1693 5150 1742 5203 in
1785 5150 1954 5206 vobis.
1987 5152 2209 5222 Semper

649 5244 791 5299 enim
821 5239 1095 5297 contendit
1124 5240 1318 5295 Paulus
1348 5249 1404 5293 ut
1448 5254 1543 5293 nos
1573 5239 1799 5294 adducat
1841 5255 2008 5311 prOpe
2048 5243 2207 5297 Chri-

649 5345 824 5388 stum:
856 5343 910 5387 ut
935 5332 1146 5401 quando
1183 5331 1328 5398 dicit,
1375 5330 1810 5396 Conresuscitavit,
1857 5342 1904 5385 et
1943 5335 2208 5388 consedere

651 5427 766 5498 fecit
795 5426 1002 5498 (Ephes.
1027 5426 1080 5479 2.
1107 5428 1191 5497 ti);
1223 5434 1298 5490 et,
1344 5425 1402 5478 Si
1433 5425 1835 5488 sustinuerimus,
1865 5432 1911 5476 et
1936 5440 2209 5494 conregna-

651 5519 812 5571 bimus
850 5515 923 5588 (ἓ.
978 5515 1106 5570 Tim.
1151 5517 1205 5569 2.
1238 5515 1354 5584 12);
1385 5526 1456 5579 et,
1493 5515 1755 5582 Quomodo
1801 5531 1900 5568 non
1928 5515 2076 5569 etiam
2100 5533 2211 5570 cum

654 5611 761 5677 ipso
791 5610 956 5660 omnia
985 5607 1125 5660 nobis
1153 5606 1355 5658 donabit
1381 5605 1553 5674 (Rom.
1579 5606 1630 5659 8.
1677 5605 1802 5674 52);
1832 5619 2024 5659 vocans
2047 5606 2207 5662 etiam

654 5699 964 5752 coheredes.
994 5697 1190 5752 Deinde
1209 5696 1276 5752 de
1300 5696 1583 5765 dignitate:
1609 5695 1678 5750 Et
1698 5698 1802 5765 ipse
1830 5706 1900 5750 est
1929 5708 2078 5766 caput
2101 5715 2207 5752 om-

656 5790 733 5843 nis
752 5793 1059 5860 principatus
1078 5801 1127 5845 et
1147 5792 1398 5862 potestatis
1421 5789 1468 5863 (l
1475 5791 1575 5844 bid.
1612 5807 1658 5845 υ.
1690 5792 1798 5864 17).
1820 5790 1918 5860 Qui
1939 5801 2020 5848 est
2045 5806 2202 5864 supc-

1369 385 1425 440 S.
1458 384 1729 441 JOAN-NIS
1754 383 2218 442 CHRYSOSTOMI
2255 382 2564 440 ARCHIEP.
2606 383 3127 443 CONSTANTINOP.
3709 405 3782 461 δίο

2305 499 2414 551 rior
2432 498 2696 561 omnibus,
2715 508 2766 553 et
2781 515 2939 555 causa
2958 502 3132 555 omnis
3153 503 3470 572 principatus
3486 518 3536 562 et
3551 519 3780 584 potestatis,

2301 601 2476 640 annon
2534 599 2616 641 est
2655 589 3173 644 consubstantialis?
3226 593 3426 648 Deinde
3475 598 3782 666 admirabiliter

2303 677 2572 744 subjunin
2599 678 2936 741 beneficium.
2969 690 3024 734 et
3049 682 3213 736 multo
3235 683 3584 744 admirabilius
3608 709 3730 762 quam
3747 702 3784 755 in

2304 768 2534 836 Epistula
2563 770 2627 824 ad
2657 771 2943 826 Romanos.
2975 773 3105 827 Nam
3157 775 3264 829 illic
3316 778 3520 846 quidem
3564 783 3686 848 dicit,
3706 789 3783 842 Cir-

2303 864 2540 916 cumcisio
2568 864 2732 916 cordis
2778 865 2832 917 in
2877 866 3080 934 spiritu,
3127 884 3224 920 non
3270 869 3415 921 litera
3443 869 3599 940 (Rom.
3625 875 3784 945 2.29);

2304 952 2389 1006 hic
2413 963 2608 1015 autem,
2651 954 2717 1008 ln
2760 955 2977 1010 Christo.
3025 959 3111 1012 11.
3153 957 3218 1011 In
3246 977 3346 1028 quo
3371 971 3416 1013 et
3443 963 3684 1020 circumcisi
3705 977 3786 1026 estis

2301 1044 2672 1098 circumcisione
2697 1063 2795 1099 non
2822 1062 2972 1100 manu
2997 1049 3150 1115 facta,
3183 1050 3234 1102 in
3258 1053 3604 1118 exspoliatione
3622 1063 3788 1125 corporis

2305 1145 2617 1199 peccatorum
2641 1138 2827 1200 carnis,
2857 1140 2943 1192 sed
2980 1141 3034 1191 in
3074 1141 3448 1196 circumcisione
3483 1145 3659 1200 Christi.
3696 1153 3786 1209 \"ide

2303 1226 2566 1293 quomodo
2590 1226 2826 1295 proxime
2848 1228 2912 1281 ad
2939 1244 3049 1282 rem
3077 1231 3300 1285 accedit.
3337 1233 3488 1296 Dicit,
3513 1234 3569 1288 In
3592 1241 3785 1305 exspolia-

2303 1317 2469 1380 tione,’
2502 1332 2603 1370 non
2631 1317 2780 1378 dixit,
2808 1319 2862 1372 ln
2894 1321 3230 1388 spoliatione.
3258 1322 3494 1392 Corporis
3519 1341 3785 1395 peccatorum:

2305 1418 2534 1462 veterem
2557 1408 2686 1461 dicit
2714 1409 2893 1462 vitam.
2929 1410 3123 1464 Eadem
3167 1411 3380 1468 assidue
3408 1424 3461 1467 et
3487 1418 3616 1471 varie
3637 1432 3783 1485 versat,

2302 1499 2436 1550 sicut
2459 1501 2699 1568 superius
2723 1499 2963 1554 dicebat:
2991 1501 3087 1565 Qui
3113 1504 3294 1570 eripuit
3327 1521 3416 1558 nos
3443 1522 3472 1558 a
3508 1517 3705 1575 potestate
3724 1523 3778 1564 te-

2302 1590 2586 1654 nebrarum,
2613 1601 2659 1644 et
2683 1592 2990 1645 abalienatos
3019 1595 3356 1647 reconciliavit
3383 1606 3434 1647 ut
3463 1615 3652 1654 essemus
3672 1607 3784 1656 sancti

2301 1691 2346 1732 et
2372 1681 2610 1748 inculpati
2640 1681 2773 1748 (Col.
2808 1684 2858 1735 1.
2889 1684 3000 1750 15).
3029 1681 3142 1737 Non
3173 1687 3422 1754 amplius,
3453 1689 3622 1758 inquit,
3647 1695 3687 1745 in
3705 1695 3784 1762 gis.

2302 1771 2389 1826 dio
2415 1782 2494 1826 est
2517 1774 2866 1837 circumcisio,
2915 1775 3008 1828 sed
3055 1777 3106 1828 in
3149 1776 3264 1843 ipso
3297 1777 3545 1832 Christo:
3576 1797 3662 1834 non
3685 1787 3784 1838 enim

2302 1881 2486 1918 manus
2513 1865 2692 1930 infert,
2733 1867 2869 1919 sicut
2897 1865 3024 1931 illic,
3073 1866 3212 1920 hanc
3257 1869 3699 1938 circumcisiunem,
3720 1876 3782 1929 scil

2301 1956 2546 2024 spiritus:
2581 1971 2682 2008 non
2711 1965 2937 2022 partem,
2965 1956 3057 2010 sed
3087 1967 3254 2010 totum
3287 1958 3546 2013 hominem
3570 1963 3783 2017 circumci-

2300 2049 2398 2100 dit.
2427 2047 2627 2115 Corpus
2655 2055 2737 2102 est
2764 2057 2817 2100 et
2847 2047 2970 2113 hoc,
3005 2061 3060 2102 et
3086 2063 3283 2117 corpus
3309 2060 3394 2102 est
3422 2051 3568 2115 illud;
3597 2055 3671 2109 sed
3697 2055 3783 2108 illud

2301 2138 2510 2207 quidem
2537 2153 2718 2201 carne,
2759 2137 2859 2192 hoc
2887 2154 3014 2192 vero
3058 2140 3410 2207 spiritualiter
3445 2143 3783 2211 circumciditur,

2301 2229 2394 2282 sed
2422 2244 2526 2282 non
2556 2229 2692 2282 sicut
2716 2228 2880 2282 Judaii
2911 2244 3049 2283 :non
3082 2231 3222 2283 enim
3255 2247 3492 2296 carnem,
3515 2233 3599 2288 sed
3626 2247 3784 2303 peccata

2300 2319 2542 2372 exuistis.
2567 2319 2786 2385 Quando
2806 2327 2860 2373 et
2879 2321 3177 2388 quomodo?
3197 2321 3254 2374 In
3279 2322 3599 2390 baptismate.
3623 2325 3784 2390 Elquod

2301 2420 2456 2462 vocat
2483 2410 2963 2473 circumcisiouem,
2992 2421 3143 2465 vocat
3184 2414 3346 2466 etiam
3389 2415 3786 2481 sepulcruni.\"ide

2303 2502 2566 2571 quomodo
2593 2517 2776 2556 rursus
2807 2504 2997 2556 transit
3038 2504 3102 2556 ad
3141 2504 3558 2571 justiticationes.
3605 2506 3786 2561 l’cccato-

2303 2613 2433 2662 rum,
2460 2596 2646 2664 inquit,
2671 2597 2859 2660 carnis,
2881 2612 2999 2666 qua:
3027 2596 3264 2650 fecerunt
3298 2599 3348 2650 in
3378 2614 3551 2653 carne.
3579 2599 3691 2653 Dicit
3710 2616 3787 2653 nis-

2299 2688 2386 2758 jus
2413 2687 2847 2742 circumcisione:
2881 2702 2986 2740 non
3028 2688 3167 2742 enim
3207 2688 3456 2756 jeceruut
3500 2690 3546 2744 id
3587 2691 3699 2759 quod
3730 2701 3786 2744 est

2302 2782 2712 2842 circumcisum,
2771 2779 2864 2834 sed
2917 2781 3299 2849 perdiderunt,
3352 2783 3443 2837 sed
3491 2797 3784 2852 corruperunt.

2306 2872 2392 2924 i2.
2449 2871 2736 2939 Consepulti
2783 2871 2850 2936 ei,
2897 2873 3085 2939 inquit,
3135 2873 3185 2924 in
3231 2875 3508 2943 baptismo,
3555 2875 3601 2927 in
3647 2892 3720 2942 quo
3755 2885 3785 2927 et

2307 2962 2686 3018 consurrexistis
2734 2979 2823 3030 per
2872 2961 3025 3027 ﬁdem
3065 2964 3372 3032 operationis
3409 2964 3514 3030 Dei,
3540 2967 3612 3034 qui
3633 2967 3786 3019 suscita-

2303 3055 2369 3108 vit
2410 3055 2603 3107 illuma
2631 3055 2856 3106 mortuis.
2901 3054 3005 3109 Sed
3032 3071 3135 3108 non
3179 3065 3262 3109 est
3306 3059 3476 3111 solum
3512 3058 3782 3127 sepulcrum:

2303 3146 2422 3200 vide
2451 3146 2590 3199 enim
2618 3144 2742 3214 quid
2783 3145 2944 3210 dicat,
2977 3145 3043 3197 1η
3069 3163 3166 3211 quo
3195 3156 3238 3200 et
3265 3149 3627 3202 consurrexistis
3652 3165 3720 3215 per
3740 3149 3784 3209 h-

2304 3238 2413 3290 dem
2441 3238 2739 3306 operationis
2767 3236 2879 3300 Dei,
2911 3239 3266 3308 quisuscitavit
3294 3241 3442 3292 illum
3460 3239 3782 3293 amortuis.Re-

2305 3340 2388 3384 cte
2409 3330 2570 3392 dixit;
2602 3340 2765 3382 totum
2790 3332 2929 3383 enim
2951 3341 3036 3384 est
3061 3331 3200 3384 lidci.
3225 3331 3533 3386 Credidistis
3553 3334 3668 3401 quod
3690 3333 3785 3384 Deus

2308 3430 2478 3489 potest
2508 3421 2797 3484 suscitare;
2827 3432 2874 3472 et
2905 3421 2974 3473 ita
3001 3423 3239 3476 suscitati
3257 3424 3410 3476 estis.
3434 3423 3614 3478 Deinde
3635 3422 3782 3490 etquod

2305 3523 2387 3565 est
2413 3511 2515 3564 fide
2541 3509 2755 3580 dignum
2781 3526 2796 3568 ;
2827 3510 2924 3574 Qui
2949 3512 3223 3574 suscitavit,
3272 3513 3462 3583 inquit,
3504 3515 3669 3566 illuma
3690 3528 3783 3564 mor-

2307 3606 2422 3656 tuis.
2447 3602 2561 3657 Jam
2606 3602 2834 3654 ostendit
2877 3604 3319 3658 resurrectionem
3356 3624 3370 3659 :
3404 3606 3484 3660 15.
3517 3604 3576 3657 Et
3615 3620 3682 3656 vos
3706 3618 3783 3655 cum

2307 3695 2490 3747 mortui
2522 3692 2692 3746 essetis
2718 3695 2770 3745 in
2795 3694 2987 3746 delictis
3012 3704 3057 3746 et
3081 3697 3334 3764 pratputio
3354 3698 3515 3750 carnis
3536 3705 3784 3758 vestrtr,con-

2307 3785 2568 3852 uiviﬁcavit
2597 3799 2708 3835 cum
2734 3783 2842 3836 illo.
2869 3782 3043 3837 Eratis
3079 3785 3220 3838 enim
3253 3788 3411 3840 morti
3437 3786 3644 3840 obnoxii.
3681 3781 3784 3850 Quod

2307 3875 2352 3930 si
2379 3876 2535 3928 etiam
2567 3875 2759 3928 mortui
2810 3877 3022 3940 essetis,
3054 3891 3158 3929 non
3188 3876 3403 3943 frustra,
3433 3876 3520 3931 sed
3545 3877 3639 3930 utili
3661 3883 3784 3927 morte

2307 3966 2495 4052 essentis
2525 3967 2737 4019 mortui.
2785 3963 2917 4019 Vide
2943 3966 3208 4034 quomodo
3247 3983 3435 4022 russus
3461 3966 3784 4032 osmnditqua-

2310 4075 2428 4113 nam
2455 4068 2605 4112 erant
2635 4058 2830 4122 meriti,
2859 4073 2954 4127 per
2980 4074 3039 4112 ea
3068 4075 3187 4128 qua:
3207 4059 3505 4128 subjunxit:
3531 4059 3700 4112 Danaus
3721 4070 3783 4105 nov

2311 4151 2383 4204 bis
2434 4150 2601 4204 omnia
2629 4150 2829 4214 delicta,
2876 4151 2964 4203 1-1.
3003 4151 3170 4203 delens
3198 4151 3334 4219 quod
3374 4151 3592 4202 adversus
3625 4162 3694 4199 nos
3713 4151 3784 4195 erat

2310 4245 2693 4313 chirographum
2731 4242 2932 4305 decreti,
2966 4243 3099 4310 quod
3124 4253 3234 4295 erat
3275 4244 3568 4296 contrarium
3602 4237 3781 4295 nobis;rt

2310 4335 2472 4404 ipsum
2496 4334 2607 4386 tulit
2633 4333 2694 4386 de
2718 4333 2900 4394 medio,
2924 4333 3125 4401 a/figens
3155 4333 3284 4386 illud
3308 4335 3474 4394 cruci;
3497 4332 3573 4386 15.
3595 4339 3634 4384 et
3653 4339 3781 4394 exspo-

2313 4429 2440 4480 lians
2466 4426 2776 4495 principatus
2796 4434 2842 4477 et
2865 4435 3149 4492 potestates,
3183 4426 3404 4479 traduxit
3441 4426 3697 4489 confidenter
3715 4433 3778 4486 pa-

2313 4519 2435 4582 lam,
2460 4517 2774 4582 triumphans
2805 4515 2918 4567 illos
2941 4516 2990 4567 in
3015 4516 3297 4584 semetipso.
3343 4514 3542 4568 Donans
3575 4512 3700 4571 nobis,
3723 4507 3780 4558 iu-

2312 4607 2442 4675 quit,
2472 4606 2637 4658 omnia
2684 4604 2885 4657 delicta.
2917 4603 3204 4670 Qumnam?
3231 4606 3360 4670 Quae
3398 4604 3777 4659 efﬁciebantmor-

2315 4698 2588 4750 talitatem.
2622 4696 2684 4748 Et
2710 4696 2865 4763 quid?
2907 4694 3100 4748 sivitue
3125 4712 3184 4749 ea
3218 4695 3464 4749 manere?
3490 4692 3771 4758 Nequaquam.

2315 4790 2408 4845 sed
2437 4789 2646 4851 delevit,
2678 4805 2781 4841 non
2815 4787 2987 4840 solum
3016 4788 3289 4855 expunxit,
3321 4787 3412 4841 sed
3441 4782 3628 4844 delevit,
3665 4777 3715 4830 ila
3736 4781 3777 4825 ut

2316 4899 2418 4938 non
2447 4890 2784 4951 apparerent.
2816 4881 2868 4934 In
2902 4881 3150 4940 decretis,
3183 4880 3370 4949 inquit,
3394 4894 3481 4937 seu
3505 4866 3776 4944 dogmatibus-

2315 4976 2370 5029 lti
2423 4972 2768 5043 quibusnam?
2801 4971 2854 5025 In
2908 4971 3027 5024 fide.
3062 4969 3265 5024 Sufficit
3308 4986 3433 5040 ergo
3461 4966 3658 5022 credere.
3694 4953 3774 5009 N0"

2315 5063 2561 5133 Operibus
2589 5077 2771 5131 opera,
2804 5061 2897 5115 sed
2927 5075 3087 5129 Opera
3125 5060 3245 5114 fidei
3276 5059 3486 5114 addidit.
3517 5056 3570 5110 Et
3593 5047 3688 5121 quid
3710 5058 3774 5133 P‘lj

2315 5131 2461 5210 stea?
2509 5153 2830 5208 Remissioni
2876 5167 3059 5205 rursus
3101 5151 3369 5221 subjungit
3409 5149 3693 5204 deletionem.
3731 5131 3775 5185 Et

2313 5248 2498 5315 ipsum,
2516 5244 2698 5313 inquit,
2723 5243 2835 5296 tulit
2861 5243 2922 5295 de
2948 5243 3128 5296 medio.
3159 5242 3221 5295 Et
3250 5257 3314 5295 ne
3340 5243 3413 5295 sic
3436 5239 3616 5309 quidem
3642 5242 3774 5284 serva-

2315 5340 2406 5398 vit,
2433 5337 2523 5391 scd
2551 5345 2604 5391 et
2633 5335 2681 5389 id
2708 5337 2953 5404 disrupit,
2982 5335 3194 5405 Aﬂ‘igens
3216 5337 3369 5387 cruci.
3403 5330 3660 5400 Eupalium
3678 5319 3772 5391 prin-

2315 5435 2506 5500 cipatus
2522 5439 2569 5482 et
2595 5439 2876 5498 potestates,
2903 5428 3123 5480 traduxit
3150 5427 3446 5493 conﬁdenter
3465 5425 3624 5495 palam,
3645 5417 3772 5468 trium-

2315 5525 2475 5592 phans
2504 5521 2619 5574 illos
2657 5522 2708 5573 in
2748 5520 3031 5590 semetipso.
3064 5517 3331 5587 Nusquam
3375 5519 3592 5585 loquutus
3611 5513 3769 5562 esttam

2317 5612 2611 5680 magniﬁce.

2387 5704 2438 5756 5.
2482 5701 2639 5755 Vides
2667 5710 2914 5770 quantum
2965 5699 3196 5771 posuerit
3225 5701 3445 5756 studium
3483 5707 3533 5752 ut
3570 5691 3768 5748 deleretur

2318 5793 2756 5865 chirographum?
2779 5791 2975 5865 Nempe
3015 5807 3228 5850 eramus
3278 5805 3452 5848 omnes
3476 5780 3651 5843 obnoxii
3673 5785 3761 5847 pec:
