3898 6488
136 419 235 474 5M

130 546 254 591 cato
283 543 337 591 et
363 545 565 605 ponite;
611 531 724 598 ipse
775 527 991 598 punitus
1039 524 1202 576 solvit
1244 531 1297 576 et
1342 528 1616 590 peccatum
1661 525 1716 570 et

134 642 380 697 pmoam;
406 623 618 693 punitus
637 627 812 673 autem
835 618 928 671 fuit
955 617 1008 670 in
1034 631 1215 669 cruce.
1247 611 1358 666 lllic
1383 625 1512 679 ergo
1538 609 1711 677 ipsum

129 719 304 775 aflixit
327 738 340 772 :
366 715 558 772 deinde
586 723 644 768 ut
667 711 753 782 qui
785 709 1003 764 haberet
1027 715 1363 775 potestatein,
1398 704 1570 770 ipsum
1603 697 1715 751 dis-

142 811 310 880 rupit.
339 807 614 875 Quodnam
662 799 1110 872 chirographum?
1157 801 1260 851 Aut
1300 794 1352 848 id
1391 793 1541 855 dicit,
1569 788 1712 860 quod

127 905 382 959 dicebant
407 899 598 970 Moysi,
639 897 980 964 Qtiwcumque
1022 891 1150 944 dixit
1194 887 1332 941 Deus
1380 885 1622 956 faciemus
1664 889 1712 934 et

131 995 403 1050 audiemus
433 989 628 1064 (Exod.
658 987 746 1042 24.
779 986 834 1054 '5)
864 1003 876 1036 :
905 993 997 1037 aut
1040 982 1085 1035 si
1135 994 1241 1034 non
1272 979 1394 1040 hoc,
1427 975 1568 1045 quod
1602 973 1711 1026 Deo

126 1090 426 1143 debeamus
452 1081 808 1139 obedientiam
836 1096 848 1131 :
879 1086 970 1130 aut
995 1077 1038 1130 si
1068 1091 1172 1128 non
1201 1072 1324 1135 hoc,
1360 1069 1409 1124 id
1440 1067 1581 1139 quod
1632 1076 1709 1120 te-

125 1182 294 1237 nebat
308 1177 571 1240 diabolus,
591 1171 999 1242 chirographum
1017 1167 1157 1238 quod
1182 1166 1320 1220 Deus
1339 1163 1461 1216 fecit
1481 1160 1707 1222 Adaino,

122 1275 334 1337 dicens,
368 1271 481 1338 Quo
528 1269 610 1322 die
646 1283 673 1320 e
700 1267 836 1336 ligno
867 1260 1162 1325 comederis,
1216 1255 1444 1309 morieris
1474 1251 1624 1321 (Gen.
1651 1249 1706 1304 2.

121 1369 241 1438 17).
270 1365 384 1420 Hoc
411 1377 539 1433 ergo
567 1357 987 1429 chirographum
1036 1353 1250 1408 tenebat
1287 1347 1549 1404 diabolus.
1602 1343 1710 1438 Nec

127 1459 184 1511 id
201 1433 371 1512 nobis
397 1454 543 1509 dedit
563 1451 829 1512 Christus,
862 1447 955 1502 sed
983 1445 1097 1516 ipse
1128 1443 1179 1497 id
1208 1441 1399 1496 scidit:
1423 1435 1564 1508 quod
1591 1433 1710 1504 qni-

119 1555 251 1609 detn
279 1543 360 1608 est
385 1545 500 1619 ejus
526 1550 614 1619 qui
637 1547 790 1600 lietus
812 1542 1051 1597 remittit.
1073 1538 1378 1608 Exspolians
1397 1530 1708 1600 principatus

114 1660 166 1702 et
207 1657 491 1718 potestates.
526 1641 822 1697 Diabolicas
845 1636 975 1691 dicit
998 1642 1323 1705 potestates:
1355 1628 1436 1684 vel
1465 1627 1588 1696 quia
1616 1640 1706 1680 eas

116 1717 377 1796 induerat
404 1738 630 1791 humana
660 1741 871 1795 natura,
920 1738 1012 1782 aut
1055 1724 1306 1796 quoniam
1351 1735 1442 1777 eas
1475 1717 1708 1774 habebat

114 1842 398 1903 tamquam
428 1842 630 1889 ansam,
678 1823 839 1877 homo
884 1819 1055 1874 factus
1093 1814 1292 1870 amovit
1335 1826 1540 1866 ansam.
1593 1807 1706 1862 Hoc

113 1927 229 1981 sibi
264 1925 373 1979 vult
400 1919 544 1984 illud,
569 1917 844 1973 Traduxit.
870 1914 1038 1968 Recte
1059 1910 1210 1973 dixit,
1241 1905 1493 1960 Traduxit
1514 1919 1531 1956 :
1550 1917 1706 1956 num—

111 2035 283 2088 quam
312 2016 452 2070 enim
484 2024 590 2068 tam
617 2010 845 2079 turpiter
870 2017 924 2061 et
948 2005 1198 2060 indecore
1240 2016 1299 2056 se
1327 1999 1494 2070 gessit
1519 1995 1705 2052 diabo-

113 2113 224 2165 lus.
254 2108 388 2164 Nam
415 2122 533 2162 cum
563 2119 684 2158 eum
711 2117 770 2156 se
799 2098 1102 2153 habiturum
1147 2099 1499 2163 exspectaret,
1542 2089 1704 2144 etiam

111 2210 382 2274 quotquot
404 2199 587 2254 habuit
609 2194 838 2267 perdidit
861 2210 874 2247 :
905 2201 959 2247 et
978 2203 1204 2259 corpore
1221 2185 1382 2242 afﬁxo
1405 2182 1598 2238 mortui
1623 2197 1700 2236 re-

110 2296 428 2366 surgebant.
445 2293 556 2348 lllic
575 2291 763 2344 vulnus
781 2287 988 2356 accepit
1009 2282 1271 2346 diabolus,
1289 2294 1408 2333 cum
1431 2277 1485 2332 id
1505 2274 1700 2330 lethale

109 2387 418 2456 accepisset
445 2400 474 2438 a
506 2396 730 2451 corpore
762 2387 992 2433 mortuo.
1018 2375 1086 2430 Et
1113 2374 1251 2428 sicut
1277 2371 1474 2425 athleta
1517 2368 1702 2423 existi-

108 2493 272 2533 mans
301 2458 360 2532 se
385 2475 710 2547 percussisse
736 2470 1122 2532 adversarium,
1156 2463 1315 2520 letale
1342 2461 1536 2515 vulnus
1561 2459 1701 2513 acci-

110 2573 225 2641 pit:
261 2571 335 2624 ita
357 2569 518 2624 etiam
547 2565 635 2620 hic
659 2559 1051 2632 ostenditquod
1079 2573 1266 2612 secure
1288 2566 1342 2611 et
1365 2553 1703 2641 conﬁdenter

109 2629 274 2727 inori,
305 2669 387 2716 est
405 2659 662 2730 probrum
680 2665 734 2711 et
748 2629 984 2708 dedecus
1004 2649 1224 2706 diaboli.
1245 2648 1339 2703 llle
1360 2629 1501 2702 enim
1519 2646 1698 2700 omnia

111 2756 360 2818 fecisset,
391 2752 439 2806 si
465 2751 748 2823 potuisset,
780 2756 839 2802 ut
863 2743 1212 2816 persuaderet
1242 2740 1547 2796 hominibus
1577 2753 1699 2792 eum

107 2865 224 2903 non
252 2861 374 2902 esse
402 2854 690 2899 mortuum.
720 2840 852 2896 Nam
882 2838 1134 2909 quoniam
1155 2845 1324 2890 totum
1348 2832 1502 2904 quod’
1515 2842 1699 2900 postea

108 2941 355 2994 futurum
377 2945 494 2993 erat
519 2945 749 3004 tempus,
779 2941 894 2987 erat
923 2931 1132 3002 signum
1160 2937 1214 2983 et
1241 2928 1492 2982 indicium
1515 2939 1700 2980 resur-

105 3033 403 3096 rectionis;
438 3029 624 3084 mortis
647 3035 854 3091 autem,
879 3025 923 3079 si
954 3039 1059 3078 non
1093 3021 1225 3076 illud
1253 3019 1460 3082 fuisset,
1487 3033 1590 3071 non
1619 3017 1698 3070 fn-

103 3137 294 3180 turum
323 3131 440 3179 erat
461 3119 604 3176 aliud
637 3129 880 3188 tempus:
910 3125 1195 3186 propterea
1227 3120 1469 3167 mortuus
1483 3111 1698 3182 quidem

103 3227 195 3272 est
231 3215 459 3285 publice,
482 3211 738 3267 omnibus
760 3208 1098 3269 videntibus;
1129 3219 1233 3260 non
1260 3201 1553 3259 resurrexit
1599 3217 1698 3255 au-

101 3319 221 3363 tem
254 3306 489 3376 publice,
521 3313 580 3358 ut
607 3303 696 3374 qui
727 3303 891 3356 sciret
931 3308 1144 3367 tempus
1184 3294 1326 3366 quod
1370 3303 1553 3365 postea
1583 3302 1700 3347 erat

104 3402 376 3465 futurum,
417 3397 631 3452 veritati
670 3396 899 3451 laturum
947 3389 1330 3446 testimonium.
1377 3387 1509 3442 Nam
1553 3385 1698 3456 quod

103 3492 314 3548 mundo
354 3491 570 3546 vidente
615 3504 774 3558 supra
806 3488 858 3541 in
908 3486 1053 3555 ligno
1095 3484 1302 3539 occisus
1341 3484 1410 3537 sit
1450 3496 1694 3551 serpens,

100 3587 208 3642 hoc
237 3594 327 3640 est
357 3581 692 3638 admirabile.
722 3577 857 3648 Quid
896 3579 1038 3632 enim
1065 3592 1172 3631 non
1204 3575 1331 3630 fecit
1367 3573 1612 3627 diabolus
1641 3581 1699 3626 ut

98 3680 242 3732 clam
303 3671 637 3728 moreretur?
693 3669 830 3724 Audi
881 3668 1104 3722 Pilatum
1147 3665 1411 3720 d':centem
1452 3682 1465 3720 :
1511 3662 1700 3716 To‘llit'e

99 3772 276 3838 ipsum
298 3783 411 3829 vos,
441 3776 486 3818 ct
511 3762 825 3833 cruciﬁgite:
851 3775 940 3830 ego
967 3761 1099 3813 enim
1121 3757 1316 3811 nullam
1345 3753 1540 3808 invenio
1564 3755 1616 3806 in
1642 3769 1698 3807 co

99 3876 317 3913 causam
351 3856 533 3931 (Joan.
567 3853 655 3909 19.
683 3852 760 3924 6).
784 3852 854 3907 Ει
883 3864 1070 3906 rursus
1101 3849 1200 3918 ipsi
1229 3848 1480 3902 dicebant
1503 3845 1692 3900 Judiei:

100 3953 161 4006 Si
192 3951 373 4005 Filius
402 3947 499 4002 Dei
527 3963 599 4008 es,
645 3944 889 4000 descende
916 3943 980 3997 de
1009 3959 1156 3996 cruce
1183 3941 1394 4013 (Matth.
1438 3940 1532 3994 27.
1577 3938 1694 4010 40).

95 4045 220 4098 .lam
251 4057 387 4097 vero
410 4039 660 4109 quoniam
703 4037 862 4092 letale
889 4036 1080 4091 vulnus
1121 4034 1349 4104 accepit,
1381 4043 1434 4086 ct
1465 4049 1569 4086 non
1597 4032 1696 4087 de-

98 4135 352 4198 scendit;
396 4143 680 4203 prapterea
721 4129 880 4185 etiam
922 4127 1207 4182 mandatus
1246 4139 1330 4181 est
1357 4126 1692 4196 sepulturie:

98 4226 368 4296 quoniam
399 4223 511 4278 fieri
536 4223 745 4292 poterat
772 4230 831 4277 ut
850 4221 1030 4276 statim
1061 4226 1394 4289 resurgeret;
1423 4218 1517 4273 sed
1538 4227 1698 4272 utres

99 4318 448 4373 crederetur.
477 4316 638 4386 Atqui
682 4315 736 4368 in
767 4323 941 4368 morte
970 4311 1185 4382 quidem
1212 4311 1542 4383 privatorum
1571 4309 1699 4364 licet

99 4426 236 4464 eam
262 4409 523 4477 imputare
543 4406 706 4461 animi
733 4405 996 4475 deliquio;
1023 4404 1108 4460 hic
1123 4414 1300 4458 autem
1316 4402 1429 4457 'non
1455 4403 1545 4456 ita.
1564 4402 1695 4456 Nam

105 4501 288 4553 etiam
331 4499 521 4553 milites
566 4513 673 4553 non
729 4497 1000 4567 fregerunt
1044 4495 1160 4566 ejus
1188 4510 1363 4560 crura,
1392 4496 1531 4549 sicut
1557 4494 1695 4548 alio-

103 4609 266 4655 rum,
297 4601 357 4647 ut
381 4589 712 4648 manifestum
761 4601 904 4646 esset
947 4605 1070 4645 eum
1118 4604 1239 4644 esse
1285 4599 1574 4642 mortuum.
1629 4587 1700 4642 Et

97 4684 390 4741 manifesti
437 4694 560 4739 sunt
603 4685 768 4740 etiam
796 4684 887 4754 qui
918 4684 1034 4749 ejus
1081 4697 1279 4752 corpus
1321 4682 1693 4752 sepelierunt:

97 4788 402 4850 propterea
421 4778 518 4847 ipsi
541 4777 712 4832 Judaei
733 4793 854 4831 cum
873 4776 1129 4830 militibus
1147 4776 1427 4845 obsignant
1443 4774 1693 4845 lapidem.

96 4872 222 4926 lloc
258 4869 405 4925 enim
433 4880 567 4933 erat,
613 4871 666 4923 in
709 4883 816 4938 quo
848 4871 1081 4922 maxime
1111 4868 1352 4922 omnium
1400 4867 1699 4936 ponebatur

90 4964 372 5026 studium,
399 4979 468 5018 ne
495 4962 548 5016 id
577 4961 988 5016 adumbraretur
1023 4976 1086 5014 ac
1116 4971 1404 5031 tegeretur.
1435 4960 1505 5014 Et
1532 4967 1699 5014 testes

89 5060 163 5112 ah
195 5057 462 5120 inimicis,
512 5071 540 5109 a
584 5055 806 5110 Judieis.
853 5055 986 5109 Audi
1032 5054 1177 5124 ipsos
1206 5054 1445 5109 dicentes
1486 5054 1695 5108 Pilato:

91 5151 252 5204 Dixit
281 5149 518 5202 seductor
560 5148 646 5201 ille
683 5147 849 5200 adhuc
875 5146 1058 5209 vivens,
1102 5145 1228 5200 Post
1267 5155 1364 5199 tres
1393 5145 1500 5198 dies
1525 5161 1697 5198 resur-

87 5260 241 5312 gum.
263 5239 404 5294 lube
427 5254 548 5312 ergo
575 5257 606 5293 a
629 5240 868 5293 militibus
897 5238 1140 5292 custodiri
1168 5238 1454 5308 sepulcrum
1480 5236 1692 5307 (Matth.

84 5335 182 5388 27.
239 5334 340 5388 65.
387 5331 502 5397 64)
537 5351 549 5386 :
583 5331 724 5400 quod
756 5331 854 5400 ipsi
887 5331 1144 5385 fecerunt.
1187 5329 1322 5383 Audi
1371 5331 1516 5397 ipsos
1564 5344 1696 5398 quo-

85 5445 196 5500 que
242 5437 442 5498 postea
489 5427 729 5482 dicentes
774 5424 1070 5494 apostolis,
1118 5423 1282 5476 Vultis
1327 5423 1563 5476 inducere
1607 5439 1697 5476 su-

85 5540 182 5594 per
231 5537 339 5574 nos
384 5520 681 5590 sanguinem
728 5518 824 5570 viri
873 5517 1027 5582 huius
1079 5515 1216 5588 (Act.
1265 5516 1318 5570 5.
1367 5514 1484 5582 28).
1528 5513 1699 5583 lpsius

82 5617 280 5670 crucis
309 5612 532 5668 modum
564 5626 671 5666 non
700 5611 827 5666 sivit
861 5609 1180 5664 contumelia
1218 5607 1380 5662 affici.
1410 5607 1541 5662 Nam
1564 5621 1698 5676 quo-

83 5711 244 5780 niam
270 5707 456 5780 angeli
485 5704 617 5759 nihil
643 5703 748 5758 tale
772 5713 896 5757 sunt
923 5702 1086 5770 passi,
1117 5711 1398 5770 propterea
1426 5698 1552 5754 facit
1575 5713 1696 5753 om-

79 5805 176 5857 nia
205 5817 223 5865 ;
247 5796 556 5856 ostendens
577 5797 718 5866 quod
742 5809 852 5849 rem
874 5807 1119 5863 magnam
1143 5801 1198 5846 et
1215 5791 1524 5861 prarclaram
1552 5804 1700 5844 mors

77 5895 338 5967 gesserit
366 5907 382 5946 :
412 5905 474 5946 ea
501 5891 646 5946 enim
675 5888 774 5944 luit
803 5897 1070 5959 tamquam
1107 5885 1374 5960 singulare
1403 5893 1695 5960 certamen.

369 6043 372 6052 .
432 5985 703 6046 ΡΑΤιιοι.
751 5979 868 6041 (in.
923 5979 1110 6039 ιλιι.

987 408 1050 462 IN
1095 405 1310 462 EI‘IST.
1351 406 1439 459 AD
1478 400 1757 457 COLOSS.
1799 401 1948 456 CAP.
1995 403 2053 457 ll.
2100 405 2328 462 llOMlL.
2377 408 2463 464 Vl.

3302 413 3406 471 512

1822 513 2090 570 Percussit
2135 519 2408 574 Christum
2449 535 2626 587 mors;
2676 521 2768 576 sed
2822 522 3066 577 Christus
3116 538 3404 590 percussus

1821 623 1938 661 eam
1972 621 2150 677 postea
2183 611 2396 665 sustulit
2423 627 2436 663 :
2472 622 2684 667 mortuo
2712 629 2939 684 corpore
2970 617 3177 670 solutus
3196 627 3279 671 est
3312 618 3403 689 qui

1822 699 2104 756 videbatur
2130 717 2250 757 esse
2280 698 2596 758 immortalis
2626 723 2640 759 :
2667 715 2722 760 et
2751 705 2853 761 hoc
2884 707 3013 762 vidit
3037 709 3183 764 orbis
3221 719 3401 764 terra).

1821 791 1888 846 Et
1919 794 2059 863 quod
2104 804 2187 850 est
2230 796 2564 863 admirabile,
2607 796 2710 852 hoc
2750 799 2905 854 alteri
2945 815 3050 854 non
3093 801 3402 866 commisit;

1819 885 1912 940 sed
1947 887 2142 942 factum
2167 897 2250 945 est
2278 905 2466 945 rursus
2502 890 2646 945 aliud
2691 891 3128 962 chirographum,
3167 911 3270 950 non
3301 897 3405 950 tale

1819 977 1974 1047 quale
2001 981 2165 1048 prius.

1890 1070 1940 1125 4.
1982 1071 2170 1128 Videte
2221 1089 2349 1144 ergo
2391 1090 2458 1129 ne
2497 1090 2564 1130 ex
2601 1090 2667 1130 eo
2702 1091 2987 1145 arguamur
3024 1085 3078 1132 et
3115 1080 3401 1134 Convincao

1817 1177 1972 1230 mur,
2002 1173 2280 1234 postquam
2308 1165 2603 1221 dixerimus
2625 1184 2638 1197 ·
2675 1168 3136 1222 Abrcnuntiamus
3179 1182 3398 1234 sataniu,

1816 1264 1870 1308 ct
1909 1263 2082 1311 tecum
2120 1258 2494 1329 conjungimur
2517 1299 2534 1325 ,
2576 1260 2809 1314 Christe.
2852 1259 2946 1314 Vel
2978 1262 3152 1330 potius
3180 1279 3285 1316 non
3319 1273 3403 1317 est

1817 1345 1919 1400 hoc
1945 1348 2242 1402 vocandum
2280 1349 2718 1419 chirographum,
2761 1349 2853 1404 sed
2897 1351 3069 1405 fmdus
3105 1361 3157 1406 et
3185 1363 3399 1422 pactum

1815 1451 2157 1494 conventuin.
2178 1441 2271 1496 Est
2297 1443 2438 1496 enim
2465 1441 2875 1512 chirographum
2902 1443 3114 1512 quando
3135 1447 3396 1515 quispiam

1815 1542 1896 1586 est
1918 1532 2099 1587 debito
2121 1533 2422 1587 obnoxius:
2450 1535 2550 1588 hoc
2579 1546 2756 1587 autem
2781 1546 2861 1590 est
2889 1535 3062 1590 fmdus
3081 1546 3133 1590 et
3153 1547 3395 1603 pactum:

1815 1639 1920 1677 non
1939 1627 2176 1679 continet
2204 1641 2435 1694 primum,
2467 1642 2639 1697 neque
2664 1627 2811 1693 dicit,
2838 1628 2893 1681 Si
2915 1628 3034 1693 hoc,
3058 1629 3100 1681 si
3123 1645 3225 1682 non
3258 1629 3394 1683 hoc:

1812 1715 1952 1784 quod
1997 1715 2130 1770 dixit
2158 1717 2366 1788 Moyses
2396 1733 2688 1789 aSpergens
2716 1721 3027 1790 sanguinem
3061 1723 3394 1785 testamenti,

1811 1821 1864 1865 et
1888 1812 2026 1866 Deus
2053 1827 2265 1882 quoque
2291 1814 2450 1866 vitam
2484 1813 2731 1882 promisit
2758 1824 3038 1869 :eternam.
3069 1815 3195 1870 ihec
3217 1817 3394 1871 omnia

1813 1915 1935 1960 sunt
1963 1917 2170 1974 pactum
2202 1917 2550 1962 conventum.
2579 1907 2695 1962 Illic
2733 1923 2922 1962 servus
2947 1910 3056 1978 agit
3077 1924 3196 1963 cum
3224 1909 3398 1963 domi-

1811 2016 1900 2066 n0,
1932 2001 2016 2055 hic
2045 2001 2246 2056 amicus
2275 2016 2394 2056 cum
2430 2002 2623 2056 amico.
2660 2000 2770 2066 Quo
2796 2001 2896 2066 die,
2921 2001 3110 2071 inquit,
3134 2001 3378 2061 comedes,

1810 2093 2039 2146 morieris
2069 2092 2220 2164 (Gen.
2244 2091 2299 2145 ’2.
2339 2093 2454 2161 17).
2486 2091 2675 2148 Statim
2709 2093 2887 2146 mina}.
2925 2092 3018 2146 llic
3044 2102 3222 2146 autem
3264 2093 3394 2146 nihil

1811 2187 2135 2257 hujusmodi.
2183 2187 2280 2242 llic
2333 2187 2586 2253 nuditas,
2630 2197 2685 2241 et
2720 2187 2828 2241 illic
2857 2186 3107 2251 nuditas;
3150 2187 3243 2240 sed
3282 2187 3394 2241 illic

1807 2279 2020 2348 quidem
2063 2294 2184 2332 cum
2222 2287 2519 2348 peccasset,
2566 2278 2795 2332 nudatus
2826 2277 2944 2343 fuit,
2982 2278 3232 2348 quoniam
3264 2292 3389 2346 pee-

1807 2370 1986 2432 cavit;
2024 2370 2108 2423 hic
2143 2379 2321 2423 autem
2372 2370 2602 2424 nudatur
2633 2379 2690 2424 ut
2740 2370 3015 2423 liberetur.
3063 2369 3224 2422 Exuit
3269 2379 3394 2423 tunc

1809 2461 1898 2515 ille
1925 2461 2152 2530 gloriam
2194 2477 2352 2532 quam
2403 2460 2691 2530 aliquando
2721 2459 2939 2524 habuit;
2986 2475 3127 2514 nunc
3169 2460 3255 2515 hic
3295 2476 3391 2512 ve-

1809 2563 1976 2609 terem
2008 2551 2154 2608 exuit
2193 2553 2504 2619 hominem,
2537 2564 2592 2606 et
2619 2553 2932 2622 priusquam
2961 2551 3253 2614 ascendat,
3279 2560 3388 2604 tam

1809 2644 1962 2699 facile
1996 2644 2145 2698 exuit
2179 2644 2327 2713 quasi
2356 2643 2698 2698 vestimenta.
2727 2642 2955 2712 Ungitur
2994 2644 3134 2696 sicut
3171 2641 3388 2695 athleta:

1806 2738 2034 2793 stadium
2087 2737 2399 2806 ingressuri.
2456 2736 2625 2791 Simul
2681 2736 2824 2790 enim
2862 2735 3137 2800 nascitur,
3179 2743 3229 2788 et
3281 2748 3385 2787 non

1804 2831 1945 2882 sicut
1977 2828 2178 2898 primus
2209 2828 2298 2882 ille
2325 2827 2416 2897 qui
2448 2827 2726 2896 paulatim,
2750 2825 2845 2881 sed
2871 2827 3073 2888 statim;
3107 2841 3211 2878 non
3245 2827 3385 2880 sicut
3435 2831 3454 2860 θ’

1803 2921 1931 2975 olim
1981 2919 2289 2975 sacerdotes
2337 2920 2457 2975 salo
2541 2918 2754 2987 capite,
2811 2919 2917 2972 imo
2949 2933 3074 2971 vero
3123 2918 3372 2986 amplius.

1804 3014 1935 3069 Nam
1966 3014 2056 3069 ille
2083 3012 2298 3082 quidem
2329 3013 2503 3080 capite
2527 3051 2543 3076 ,
2575 3026 2706 3065 aure
2730 3010 2983 3073 dextera,
3015 3026 3172 3064 manu
3195 3051 3209 3072 ,
3243 3020 3300 3063 ut
3329 3019 3386 3064 et

1805 3104 1870 3158 ad
1911 3103 2268 3158 obedientiam
2315 3112 2369 3156 et
2414 3103 2552 3156 bona
2599 3115 2761 3169 opera
2807 3116 2928 3155 cum
2979 3101 3234 3156 excitaret
3261 3120 3274 3156 :
3302 3101 3388 3156 hic

1803 3206 1983 3251 autem
2009 3204 2148 3250 totus
2179 3195 2408 3264 ungitur.
2433 3193 2548 3247 Non
2571 3194 2741 3248 solum
2767 3193 2908 3246 enim
2933 3194 3074 3247 venit
3098 3201 3161 3246 ut
3183 3193 3347 3248 docea
3363 3223 3386 3233 -

1804 3300 1910 3354 tur,
1942 3290 2034 3345 sed
2080 3290 2239 3344 etiam
2269 3297 2326 3342 ut
2349 3289 2587 3342 decertet
2615 3294 2670 3341 et
2694 3295 3025 3340 exerceatur.
3059 3286 3138 3340 Ad
3163 3287 3384 3341 alteram

1803 3385 2077 3438 reducitur
2105 3391 2428 3437 creaturam.
2465 3379 2598 3434 Nam
2648 3379 2864 3448 quando
2909 3378 3189 3433 confessus
3229 3378 3389 3434 fuerit

1803 3477 1966 3530 vitam
2012 3484 2311 3536 aeternam,
2367 3471 2644 3526 confessus
2697 3484 2780 3524 est
2847 3471 3004 3524 aliam
3061 3479 3383 3526 creaturam.

1803 3567 2024 3636 Accepit
2051 3565 2322 3634 pulverem
2350 3579 2379 3617 e
2409 3573 2569 3624 terra,
2602 3572 2654 3616 et
2678 3561 2823 3614 linxit
2858 3560 3150 3614 hominem.
3179 3560 3254 3614 De
3278 3576 3383 3614 ca:-

1803 3670 1920 3713 tero
1969 3667 2146 3710 autem
2187 3671 2292 3709 non
2327 3654 2643 3722 pulverem,
2677 3651 2770 3706 sed
2801 3650 3058 3719 Spiritum
3089 3660 3330 3703 sanctum
3368 3667 3382 3702 :

1804 3749 1906 3802 hoc
1935 3747 2181 3818 ﬁngitur,
2215 3745 2314 3799 hoc
2343 3744 2702 3812 componitur,
2751 3742 2888 3796 sicut
2917 3751 2972 3796 et
2999 3742 3114 3810 ipse
3150 3742 3200 3794 in
3229 3750 3386 3796 utero

1806 3843 2054 3913 Virginis.
2115 3840 2228 3895 Non
2288 3838 2458 3903 dixit,
2496 3837 2550 3890 lu
2607 3835 2893 3908 paradiso,
2949 3835 3065 3900 sed,
3125 3833 3177 3887 lu
3229 3833 3381 3888 cazlo.

1801 3935 1915 3989 Non
1972 3931 2424 4000 cnim,quoniam
2481 3927 2718 3996 subjecta
2770 3936 2851 3981 cst
2893 3935 3054 3991 terra,
3107 3925 3386 3980 existimes

1801 4042 1921 4081 esse
1959 4026 2010 4079 in
2063 4033 2239 4078 terra:
2291 4022 2416 4075 illuc
2469 4019 2760 4074 translatus
2804 4033 2863 4072 es
2916 4017 2968 4070 in
3018 4017 3229 4081 (uelum;
3275 4017 3383 4070 illic.

1803 4122 1917 4177 haec
1970 4122 2104 4173 fiunt
2154 4115 2550 4184 interangelos.
2624 4112 2848 4167 Sursum
2929 4112 3160 4164 animam
3239 4119 3381 4162 tuam

1799 4215 1959 4270 sumit
1988 4213 2150 4274 Deus,
2183 4225 2396 4264 sursum
2421 4222 2538 4262 eam
2567 4217 2895 4272 componens
2923 4213 2978 4257 et
2997 4204 3329 4256 eoncinnans
3357 4217 3369 4253 :

1801 4314 1854 4361 te
1893 4303 2034 4359 sistit
2073 4302 2138 4356 ad
2182 4301 2366 4356 sedem
2397 4298 2618 4368 regiam.
2668 4295 2913 4364 Fingitur
2937 4309 2998 4348 ac
3040 4293 3297 4347 formatur
3326 4294 3378 4347 in

1799 4413 1955 4468 aqua,
1999 4396 2190 4450 animae
2221 4391 2630 4462 respondentem
2653 4387 2845 4456 accipit
2903 4387 3166 4456 spiritum.
3219 4385 3378 4440 Post-

1799 4505 1958 4561 quam
2013 4498 2190 4541 autem
2242 4485 2404 4538 homo
2449 4482 2609 4535 fuerit
2660 4479 2940 4542 formatus,
2969 4493 3075 4532 non
3128 4476 3276 4531 ducit
3312 4476 3378 4530 ad

1799 4597 1922 4638 eum
1953 4579 2174 4644 bestias,
2203 4575 2297 4630 sed
2328 4575 2624 4635 daemones,
2655 4577 2709 4624 ct
2734 4584 2920 4624 eorum
2958 4569 3254 4638 principem
3283 4588 3294 4622 :
3337 4580 3390 4621 ιιι

1799 4675 1948 4738 dicit,
1979 4672 2184 4728 Calcate
2228 4685 2379 4738 super
2405 4675 2656 4732 serpentes
2681 4671 2726 4716 et
2755 4663 3044 4732 scorpiones
3089 4659 3241 4730 (Luc.
3297 4661 3384 4715 10.
3428 4687 3441 4738 ἓι

1802 4768 1914 4836 19).
1963 4765 2080 4820 Non
2126 4762 2294 4826 dicit,
2325 4759 2598 4813 Faciamus
2629 4755 2883 4807 hominem
2910 4751 2978 4804 ad
3019 4753 3290 4822 imaginem
3341 4761 3388 4804 ct

1800 4862 2180 4920 similitudinem
2208 4855 2609 4925 aostram((.‘en.
2639 4855 2689 4908 1.
2722 4851 2838 4921 26);
2871 4848 2964 4904 sed
2991 4848 3142 4921 quid?
3175 4847 3274 4900 Dat
3309 4846 3388 4899 eis

1801 4958 1940 5012 ﬁlios
1973 4955 2064 5009 Dei
2117 4952 2261 5006 ﬁeri:
2293 4949 2396 5017 Qui
2423 4963 2526 5003 non
2547 4962 2611 5001 ex
2634 4941 3000 5014 sanguinilms,
3021 4939 3113 4995 sed
3147 4955 3212 4994 ex
3248 4939 3378 5004 Deo,

1802 5047 2014 5116 inquit,
2062 5043 2170 5098 nati
2220 5050 2363 5095 sunt.
2422 5037 2621 5092 Deinde
2671 5050 2738 5089 ne
2794 5032 2980 5087 audias
3023 5037 3378 5099 serpentem,

1801 5140 1979 5195 Statim
2040 5135 2250 5191 doceris
2294 5132 2521 5188 dicere:
2574 5126 2908 5183 Abrenuntio
2957 5123 3046 5178 tibi
3085 5139 3102 5186 ;
3150 5120 3200 5175 id
3243 5129 3326 5173 est
3357 5161 3374 5184 ,

1800 5228 2065 5299 Quidquid
2094 5226 2315 5290 dixeris,
2338 5234 2388 5278 te
2420 5238 2526 5276 non
2555 5219 2789 5278 audiam.
2809 5215 3009 5270 Deinde
3032 5227 3097 5267 ne
3126 5227 3224 5282 per
3247 5210 3382 5264 alios
3415 5209 3420 5218 ⁷

1802 5332 1855 5378 te
1885 5330 2190 5390 expugnet.
2223 5317 2390 5379 dicit,
2427 5315 2494 5368 Et
2525 5327 2731 5381 pompm
2762 5318 2865 5363 tum
2910 5318 2964 5361 et
2999 5304 3162 5357 cultui
3197 5311 3286 5355 tuo
3328 5313 3382 5354 ut

1803 5415 2005 5486 angelis
2035 5413 2156 5466 tuis.
2189 5409 2374 5465 Posuit
2399 5423 2520 5461 cum
2555 5448 2569 5468 ,
2616 5419 2722 5458 non
2756 5410 2811 5454 nt
2841 5397 3136 5452 custodiret
3167 5392 3391 5464 paradi—

1803 5523 1944 5569 sum,
1978 5505 2072 5559 scd
2099 5513 2156 5558 ut
2181 5510 2485 5556 versaretur
2514 5499 2564 5551 iu
2629 5495 2782 5550 czclo.
2810 5492 2950 5547 Cum
2979 5489 3208 5559 primum
3237 5487 3379 5540 enim

1803 5599 2126 5660 ascenderit,
2160 5596 2273 5649 haec
2303 5593 2461 5648 verba
2506 5590 2773 5657 loquitur:
2807 5584 2964 5639 Pater
3009 5591 3176 5636 noster
3215 5580 3304 5650 qui
3333 5597 3384 5633 es

1801 5694 1854 5747 in
1884 5691 2055 5752 caelis,
2105 5689 2194 5756 ﬁat
2251 5684 2481 5740 voluntas
2523 5692 2610 5733 tua
2665 5679 2792 5733 sicut
2821 5677 2872 5730 in
2908 5675 3032 5728 cmlo
3067 5683 3113 5726 et
3152 5673 3204 5725 in
3249 5684 3385 5723 terra

1805 5785 2020 5856 (Matth.
2054 5783 2108 5837 6.
2139 5781 2194 5835 9.
2230 5778 2342 5850 10).
2372 5777 2487 5831 Νοη
2539 5777 2590 5829 in
2623 5772 2814 5828 faciem
2860 5769 3003 5823 cadit
3051 5782 3183 5836 puer
3207 5807 3220 5825 .
3276 5780 3383 5818 non

1805 5880 2008 5951 lignum
2039 5875 2187 5932 vides
2214 5914 2225 5943 ,
2260 5886 2432 5942 neque
2475 5867 2674 5925 fontem
2706 5881 2722 5933 ;
2773 5862 2863 5919 scd
2898 5863 3070 5933 ipsum
3105 5859 3387 5916 Dominum

2959 5972 3036 6031 2‘2

3526 4704 3554 4715 δ.
