  <div class='ocr_page' id='page_1' title='image "/cluster/home/n/w/nwhite01/storage/ocr_20150623/62/hvd.32044019207836/349.png"; bbox 0 0 4032 6516; ppageno 0'>
   <div class='ocr_carea' id='block_1_1' title="bbox 510 334 701 427">
    <p class='ocr_par' dir='ltr' id='par_1_1' title="bbox 510 334 701 427">
     <span class='ocr_line' id='line_1_1' title="bbox 510 334 701 427; baseline 0.005 -1"><span class='ocrx_word' id='word_1_1' title='bbox 510 334 521 347; x_wconf 66' lang='grc'>’</span> <span class='ocrx_word' id='word_1_2' title='bbox 594 371 701 427; x_wconf 70' lang='lat' dir='ltr'><strong>sis</strong></span> 
     </span>
    </p>
   </div>
   <div class='ocr_carea' id='block_1_2' title="bbox 590 481 2169 554">
    <p class='ocr_par' dir='ltr' id='par_1_2' title="bbox 590 481 2169 554">
     <span class='ocr_line' id='line_1_2' title="bbox 590 481 2169 554; baseline -0.004 -17"><span class='ocrx_word' id='word_1_3' title='bbox 590 486 773 539; x_wconf 93' lang='lat' dir='ltr'><strong>statim</strong></span> <span class='ocrx_word' id='word_1_4' title='bbox 819 481 1177 554; x_wconf 85' lang='lat' dir='ltr'><strong>amplecteris,</strong></span> <span class='ocrx_word' id='word_1_5' title='bbox 1208 481 1576 535; x_wconf 79' lang='lat' dir='ltr'><strong>commisceris</strong></span> <span class='ocrx_word' id='word_1_6' title='bbox 1617 494 1739 533; x_wconf 90' lang='lat' dir='ltr'><strong>cum</strong></span> <span class='ocrx_word' id='word_1_7' title='bbox 1760 492 2011 547; x_wconf 89' lang='lat' dir='ltr'><strong>corpore,</strong></span> <span class='ocrx_word' id='word_1_8' title='bbox 2037 491 2169 531; x_wconf 88' lang='lat' dir='ltr'><strong>con-</strong></span> 
     </span>
    </p>
   </div>
   <div class='ocr_carea' id='block_1_3' title="bbox 591 571 2170 645">
    <p class='ocr_par' dir='ltr' id='par_1_3' title="bbox 591 571 2170 645">
     <span class='ocr_line' id='line_1_3' title="bbox 591 571 2170 645; baseline -0.005 -16"><span class='ocrx_word' id='word_1_9' title='bbox 591 579 861 645; x_wconf 86' lang='lat' dir='ltr'><strong>spergeris</strong></span> <span class='ocrx_word' id='word_1_10' title='bbox 901 589 1023 628; x_wconf 93' lang='lat' dir='ltr'><strong>cum</strong></span> <span class='ocrx_word' id='word_1_11' title='bbox 1063 585 1310 641; x_wconf 91' lang='lat' dir='ltr'><strong>corpore,</strong></span> <span class='ocrx_word' id='word_1_12' title='bbox 1347 571 1489 641; x_wconf 89' lang='lat' dir='ltr'><strong>quod</strong></span> <span class='ocrx_word' id='word_1_13' title='bbox 1530 585 1690 640; x_wconf 85' lang='lat' dir='ltr'><strong>supra</strong></span> <span class='ocrx_word' id='word_1_14' title='bbox 1736 572 1899 623; x_wconf 91' lang='lat' dir='ltr'><strong>situm</strong></span> <span class='ocrx_word' id='word_1_15' title='bbox 1939 578 2170 638; x_wconf 89' lang='lat' dir='ltr'><strong>est,quo</strong></span> 
     </span>
    </p>
   </div>
   <div class='ocr_carea' id='block_1_4' title="bbox 592 660 2185 721">
    <p class='ocr_par' dir='ltr' id='par_1_4' title="bbox 592 660 2185 721">
     <span class='ocr_line' id='line_1_4' title="bbox 592 660 2185 721; baseline -0.006 -1"><span class='ocrx_word' id='word_1_16' title='bbox 592 666 808 720; x_wconf 82' lang='lat' dir='ltr'><strong>diabolo</strong></span> <span class='ocrx_word' id='word_1_17' title='bbox 832 680 937 719; x_wconf 91' lang='lat' dir='ltr'><strong>non</strong></span> <span class='ocrx_word' id='word_1_18' title='bbox 956 665 1078 718; x_wconf 90' lang='lat' dir='ltr'><strong>licet</strong></span> <span class='ocrx_word' id='word_1_19' title='bbox 1097 662 1375 718; x_wconf 80' lang='lat' dir='ltr'><strong>accedere.</strong></span> <span class='ocrx_word' id='word_1_20' title='bbox 1408 662 1523 717; x_wconf 89' lang='lat' dir='ltr'><strong>Non</strong></span> <span class='ocrx_word' id='word_1_21' title='bbox 1544 672 1625 716; x_wconf 91' lang='lat' dir='ltr'><strong>est</strong></span> <span class='ocrx_word' id='word_1_22' title='bbox 1643 662 1836 715; x_wconf 88' lang='lat' dir='ltr'><strong>mulier</strong></span> <span class='ocrx_word' id='word_1_23' title='bbox 1852 670 1909 714; x_wconf 91' lang='lat' dir='ltr'><strong>ut</strong></span> <span class='ocrx_word' id='word_1_24' title='bbox 1930 660 2185 721; x_wconf 49' lang='lat' dir='ltr'><strong>accedat,</strong></span> 
     </span>
    </p>
   </div>
   <div class='ocr_carea' id='block_1_5' title="bbox 590 751 2165 825">
    <p class='ocr_par' dir='ltr' id='par_1_5' title="bbox 590 751 2165 825">
     <span class='ocr_line' id='line_1_5' title="bbox 590 751 2165 825; baseline -0.006 -14"><span class='ocrx_word' id='word_1_25' title='bbox 590 766 650 811; x_wconf 86' lang='lat' dir='ltr'><strong>et</strong></span> <span class='ocrx_word' id='word_1_26' title='bbox 678 756 909 825; x_wconf 83' lang='lat' dir='ltr'><strong>decipiat</strong></span> <span class='ocrx_word' id='word_1_27' title='bbox 957 764 1224 824; x_wconf 80' lang='lat' dir='ltr'><strong>tamquam</strong></span> <span class='ocrx_word' id='word_1_28' title='bbox 1254 754 1657 809; x_wconf 79' lang='lat' dir='ltr'><strong>imbecilliorem</strong></span> <span class='ocrx_word' id='word_1_29' title='bbox 1685 769 1699 807; x_wconf 91' lang='lat'>:</span> <span class='ocrx_word' id='word_1_30' title='bbox 1736 751 1857 806; x_wconf 91' lang='lat' dir='ltr'><strong>Non</strong></span> <span class='ocrx_word' id='word_1_31' title='bbox 1903 762 1973 805; x_wconf 84' lang='lat' dir='ltr'><strong>est</strong></span> <span class='ocrx_word' id='word_1_32' title='bbox 2003 751 2165 813; x_wconf 90' lang='lat' dir='ltr'><strong>enim,</strong></span> 
     </span>
    </p>
   </div>
   <div class='ocr_carea' id='block_1_6' title="bbox 591 841 2170 917">
    <p class='ocr_par' dir='ltr' id='par_1_6' title="bbox 591 841 2170 917">
     <span class='ocr_line' id='line_1_6' title="bbox 591 841 2170 917; baseline -0.003 -18"><span class='ocrx_word' id='word_1_33' title='bbox 591 848 785 916; x_wconf 87' lang='lat' dir='ltr'><strong>inquit,</strong></span> <span class='ocrx_word' id='word_1_34' title='bbox 815 846 1027 914; x_wconf 80' lang='lat' dir='ltr'><strong>femina,</strong></span> <span class='ocrx_word' id='word_1_35' title='bbox 1060 862 1151 899; x_wconf 86' lang='lat' dir='ltr'><strong>nec</strong></span> <span class='ocrx_word' id='word_1_36' title='bbox 1180 846 1434 900; x_wconf 73' lang='lat' dir='ltr'><strong>masculus</strong></span> <span class='ocrx_word' id='word_1_37' title='bbox 1457 844 1599 917; x_wconf 78' lang='lat' dir='ltr'><strong>(Cal.</strong></span> <span class='ocrx_word' id='word_1_38' title='bbox 1635 844 1687 898; x_wconf 79' lang='grc'><strong>5.</strong></span> <span class='ocrx_word' id='word_1_39' title='bbox 1715 842 1833 915; x_wconf 74' lang='grc'><strong>28).</strong></span> <span class='ocrx_word' id='word_1_40' title='bbox 1875 842 1986 897; x_wconf 85' lang='lat' dir='ltr'><strong>Nisi</strong></span> <span class='ocrx_word' id='word_1_41' title='bbox 2017 851 2071 897; x_wconf 91' lang='lat' dir='ltr'><strong>tu</strong></span> <span class='ocrx_word' id='word_1_42' title='bbox 2103 841 2170 895; x_wconf 89' lang='lat' dir='ltr'><strong>ad</strong></span> 
     </span>
    </p>
   </div>
   <div class='ocr_carea' id='block_1_7' title="bbox 592 933 2173 1006">
    <p class='ocr_par' dir='ltr' id='par_1_7' title="bbox 592 933 2173 1006">
     <span class='ocr_line' id='line_1_7' title="bbox 592 933 2173 1006; baseline -0.004 -15"><span class='ocrx_word' id='word_1_43' title='bbox 592 939 764 1006; x_wconf 89' lang='lat' dir='ltr'><strong>ipsum</strong></span> <span class='ocrx_word' id='word_1_44' title='bbox 788 935 1153 1002; x_wconf 86' lang='lat' dir='ltr'><strong>descenderis,</strong></span> <span class='ocrx_word' id='word_1_45' title='bbox 1179 952 1283 991; x_wconf 92' lang='lat' dir='ltr'><strong>non</strong></span> <span class='ocrx_word' id='word_1_46' title='bbox 1315 937 1509 1006; x_wconf 90' lang='lat' dir='ltr'><strong>poterit</strong></span> <span class='ocrx_word' id='word_1_47' title='bbox 1534 935 1623 990; x_wconf 93' lang='lat' dir='ltr'><strong>ubi</strong></span> <span class='ocrx_word' id='word_1_48' title='bbox 1646 949 1707 989; x_wconf 92' lang='lat' dir='ltr'><strong>es</strong></span> <span class='ocrx_word' id='word_1_49' title='bbox 1747 933 2042 989; x_wconf 86' lang='lat' dir='ltr'><strong>ascendere</strong></span> <span class='ocrx_word' id='word_1_50' title='bbox 2071 949 2085 985; x_wconf 91' lang='lat'><strong>:</strong></span> <span class='ocrx_word' id='word_1_51' title='bbox 2116 941 2173 985; x_wconf 91' lang='lat' dir='ltr'><strong>tu</strong></span> 
     </span>
    </p>
   </div>
   <div class='ocr_carea' id='block_1_8' title="bbox 589 1022 2172 1097">
    <p class='ocr_par' dir='ltr' id='par_1_8' title="bbox 589 1022 2172 1097">
     <span class='ocr_line' id='line_1_8' title="bbox 589 1022 2172 1097; baseline -0.004 -14"><span class='ocrx_word' id='word_1_52' title='bbox 589 1031 731 1084; x_wconf 91' lang='lat' dir='ltr'><strong>enim</strong></span> <span class='ocrx_word' id='word_1_53' title='bbox 753 1045 811 1083; x_wconf 90' lang='lat' dir='ltr'><strong>es</strong></span> <span class='ocrx_word' id='word_1_54' title='bbox 827 1030 877 1083; x_wconf 94' lang='lat' dir='ltr'><strong>in</strong></span> <span class='ocrx_word' id='word_1_55' title='bbox 906 1029 1067 1097; x_wconf 60' lang='lat' dir='ltr'><strong>caelo;</strong></span> <span class='ocrx_word' id='word_1_56' title='bbox 1101 1029 1288 1084; x_wconf 60' lang='lat' dir='ltr'><strong>caelum</strong></span> <span class='ocrx_word' id='word_1_57' title='bbox 1310 1036 1487 1082; x_wconf 91' lang='lat' dir='ltr'><strong>autem</strong></span> <span class='ocrx_word' id='word_1_58' title='bbox 1507 1042 1615 1081; x_wconf 92' lang='lat' dir='ltr'><strong>non</strong></span> <span class='ocrx_word' id='word_1_59' title='bbox 1635 1033 1781 1096; x_wconf 89' lang='lat' dir='ltr'><strong>patet</strong></span> <span class='ocrx_word' id='word_1_60' title='bbox 1799 1025 2031 1080; x_wconf 83' lang='lat' dir='ltr'><strong>diabolo.</strong></span> <span class='ocrx_word' id='word_1_61' title='bbox 2056 1022 2172 1078; x_wconf 90' lang='lat' dir='ltr'><strong>Non</strong></span> 
     </span>
    </p>
   </div>
   <div class='ocr_carea' id='block_1_9' title="bbox 589 1115 2169 1189">
    <p class='ocr_par' dir='ltr' id='par_1_9' title="bbox 589 1115 2169 1189">
     <span class='ocr_line' id='line_1_9' title="bbox 589 1115 2169 1189; baseline -0.003 -18"><span class='ocrx_word' id='word_1_62' title='bbox 589 1120 749 1174; x_wconf 84' lang='lat' dir='ltr'><strong>habet</strong></span> <span class='ocrx_word' id='word_1_63' title='bbox 775 1120 993 1189; x_wconf 82' lang='lat' dir='ltr'><strong>lignum,</strong></span> <span class='ocrx_word' id='word_1_64' title='bbox 1023 1135 1129 1189; x_wconf 88' lang='lat' dir='ltr'><strong>quo</strong></span> <span class='ocrx_word' id='word_1_65' title='bbox 1159 1119 1409 1189; x_wconf 82' lang='lat' dir='ltr'><strong>cognosci</strong></span> <span class='ocrx_word' id='word_1_66' title='bbox 1440 1127 1615 1187; x_wconf 85' lang='lat' dir='ltr'><strong>potest</strong></span> <span class='ocrx_word' id='word_1_67' title='bbox 1639 1117 1837 1171; x_wconf 89' lang='lat' dir='ltr'><strong>bonum</strong></span> <span class='ocrx_word' id='word_1_68' title='bbox 1864 1126 1919 1171; x_wconf 94' lang='lat' dir='ltr'><strong>et</strong></span> <span class='ocrx_word' id='word_1_69' title='bbox 1944 1115 2169 1181; x_wconf 90' lang='lat' dir='ltr'><strong>malum,</strong></span> 
     </span>
    </p>
   </div>
   <div class='ocr_carea' id='block_1_10' title="bbox 590 1207 2173 1281">
    <p class='ocr_par' dir='ltr' id='par_1_10' title="bbox 590 1207 2173 1281">
     <span class='ocr_line' id='line_1_10' title="bbox 590 1207 2173 1281; baseline -0.004 -18"><span class='ocrx_word' id='word_1_70' title='bbox 590 1209 686 1264; x_wconf 88' lang='lat' dir='ltr'><strong>sed</strong></span> <span class='ocrx_word' id='word_1_71' title='bbox 735 1211 907 1265; x_wconf 90' lang='lat' dir='ltr'><strong>solum</strong></span> <span class='ocrx_word' id='word_1_72' title='bbox 951 1211 1151 1281; x_wconf 91' lang='lat' dir='ltr'><strong>lignum</strong></span> <span class='ocrx_word' id='word_1_73' title='bbox 1200 1212 1342 1265; x_wconf 73' lang='lat' dir='ltr'><strong>vitae.</strong></span> <span class='ocrx_word' id='word_1_74' title='bbox 1378 1209 1493 1264; x_wconf 85' lang='lat' dir='ltr'><strong>Non</strong></span> <span class='ocrx_word' id='word_1_75' title='bbox 1524 1208 1753 1279; x_wconf 89' lang='lat' dir='ltr'><strong>amplius</strong></span> <span class='ocrx_word' id='word_1_76' title='bbox 1802 1223 1830 1259; x_wconf 92' lang='lat' dir='ltr'><strong>a</strong></span> <span class='ocrx_word' id='word_1_77' title='bbox 1884 1207 2055 1261; x_wconf 85' lang='lat' dir='ltr'><strong>latere</strong></span> <span class='ocrx_word' id='word_1_78' title='bbox 2080 1217 2173 1260; x_wconf 91' lang='lat' dir='ltr'><strong>tuo</strong></span> 
     </span>
    </p>
   </div>
   <div class='ocr_carea' id='block_1_11' title="bbox 591 1296 2164 1366">
    <p class='ocr_par' dir='ltr' id='par_1_11' title="bbox 591 1296 2164 1366">
     <span class='ocr_line' id='line_1_11' title="bbox 591 1296 2164 1366; baseline -0.002 -13"><span class='ocrx_word' id='word_1_79' title='bbox 591 1301 805 1366; x_wconf 88' lang='lat' dir='ltr'><strong>mulier,</strong></span> <span class='ocrx_word' id='word_1_80' title='bbox 840 1301 933 1356; x_wconf 88' lang='lat' dir='ltr'><strong>sed</strong></span> <span class='ocrx_word' id='word_1_81' title='bbox 986 1318 1174 1358; x_wconf 88' lang='lat' dir='ltr'><strong>omnes</strong></span> <span class='ocrx_word' id='word_1_82' title='bbox 1203 1316 1368 1355; x_wconf 91' lang='lat' dir='ltr'><strong>unum</strong></span> <span class='ocrx_word' id='word_1_83' title='bbox 1418 1313 1603 1354; x_wconf 89' lang='lat' dir='ltr'><strong>sumus</strong></span> <span class='ocrx_word' id='word_1_84' title='bbox 1654 1314 1686 1352; x_wconf 90' lang='lat' dir='ltr'><strong>a</strong></span> <span class='ocrx_word' id='word_1_85' title='bbox 1740 1298 1907 1353; x_wconf 89' lang='lat' dir='ltr'><strong>latere</strong></span> <span class='ocrx_word' id='word_1_86' title='bbox 1953 1296 2164 1351; x_wconf 90' lang='lat' dir='ltr'><strong>Christi.</strong></span> 
     </span>
    </p>
   </div>
   <div class='ocr_carea' id='block_1_12' title="bbox 589 1389 2175 1464">
    <p class='ocr_par' dir='ltr' id='par_1_12' title="bbox 589 1389 2175 1464">
     <span class='ocr_line' id='line_1_12' title="bbox 589 1389 2175 1464; baseline -0.003 -17"><span class='ocrx_word' id='word_1_87' title='bbox 589 1394 722 1448; x_wconf 89' lang='lat' dir='ltr'><strong>Nam</strong></span> <span class='ocrx_word' id='word_1_88' title='bbox 750 1394 793 1449; x_wconf 91' lang='lat' dir='ltr'><strong>si</strong></span> <span class='ocrx_word' id='word_1_89' title='bbox 822 1395 913 1464; x_wconf 88' lang='lat' dir='ltr'><strong>qui</strong></span> <span class='ocrx_word' id='word_1_90' title='bbox 943 1405 1071 1451; x_wconf 85' lang='lat' dir='ltr'><strong>sunt</strong></span> <span class='ocrx_word' id='word_1_91' title='bbox 1102 1394 1249 1449; x_wconf 91' lang='lat' dir='ltr'><strong>uncti</strong></span> <span class='ocrx_word' id='word_1_92' title='bbox 1280 1396 1347 1448; x_wconf 92' lang='lat' dir='ltr'><strong>ab</strong></span> <span class='ocrx_word' id='word_1_93' title='bbox 1375 1391 1703 1454; x_wconf 88' lang='lat' dir='ltr'><strong>hominibus,</strong></span> <span class='ocrx_word' id='word_1_94' title='bbox 1745 1389 1873 1443; x_wconf 88' lang='lat' dir='ltr'><strong>nihil</strong></span> <span class='ocrx_word' id='word_1_95' title='bbox 1903 1389 2175 1459; x_wconf 88' lang='lat' dir='ltr'><strong>patiuntur</strong></span> 
     </span>
    </p>
   </div>
   <div class='ocr_carea' id='block_1_13' title="bbox 589 1482 2175 1559">
    <p class='ocr_par' dir='ltr' id='par_1_13' title="bbox 589 1482 2175 1559">
     <span class='ocr_line' id='line_1_13' title="bbox 589 1482 2175 1559; baseline -0.003 -18"><span class='ocrx_word' id='word_1_96' title='bbox 589 1502 619 1540; x_wconf 88' lang='lat' dir='ltr'><strong>a</strong></span> <span class='ocrx_word' id='word_1_97' title='bbox 665 1488 1008 1559; x_wconf 90' lang='lat' dir='ltr'><strong>serpentibus</strong></span> <span class='ocrx_word' id='word_1_98' title='bbox 1037 1504 1050 1552; x_wconf 92' lang='lat'><strong>;</strong></span> <span class='ocrx_word' id='word_1_99' title='bbox 1084 1502 1259 1557; x_wconf 89' lang='lat' dir='ltr'><strong>neque</strong></span> <span class='ocrx_word' id='word_1_100' title='bbox 1289 1495 1344 1541; x_wconf 92' lang='lat' dir='ltr'><strong>tu</strong></span> <span class='ocrx_word' id='word_1_101' title='bbox 1378 1486 1596 1555; x_wconf 84' lang='lat' dir='ltr'><strong>patieris</strong></span> <span class='ocrx_word' id='word_1_102' title='bbox 1647 1483 1844 1553; x_wconf 90' lang='lat' dir='ltr'><strong>aliquid</strong></span> <span class='ocrx_word' id='word_1_103' title='bbox 1871 1522 1888 1549; x_wconf 94' lang='lat'><strong>,</strong></span> <span class='ocrx_word' id='word_1_104' title='bbox 1920 1482 2175 1552; x_wconf 86' lang='lat' dir='ltr'><strong>quamdiu</strong></span> 
     </span>
    </p>
   </div>
   <div class='ocr_carea' id='block_1_14' title="bbox 591 1573 2173 1648">
    <p class='ocr_par' dir='ltr' id='par_1_14' title="bbox 591 1573 2173 1648">
     <span class='ocr_line' id='line_1_14' title="bbox 591 1573 2173 1648; baseline -0.003 -18"><span class='ocrx_word' id='word_1_105' title='bbox 591 1575 753 1633; x_wconf 82' lang='lat' dir='ltr'><strong>lueris</strong></span> <span class='ocrx_word' id='word_1_106' title='bbox 800 1591 987 1634; x_wconf 90' lang='lat' dir='ltr'><strong>unctus</strong></span> <span class='ocrx_word' id='word_1_107' title='bbox 1012 1622 1025 1643; x_wconf 96' lang='lat'><strong>,</strong></span> <span class='ocrx_word' id='word_1_108' title='bbox 1053 1589 1109 1633; x_wconf 92' lang='lat' dir='ltr'><strong>ut</strong></span> <span class='ocrx_word' id='word_1_109' title='bbox 1139 1580 1313 1648; x_wconf 89' lang='lat' dir='ltr'><strong>possis</strong></span> <span class='ocrx_word' id='word_1_110' title='bbox 1352 1586 1662 1646; x_wconf 86' lang='lat' dir='ltr'><strong>serpentem</strong></span> <span class='ocrx_word' id='word_1_111' title='bbox 1693 1585 1876 1630; x_wconf 84' lang='lat' dir='ltr'><strong>tenere</strong></span> <span class='ocrx_word' id='word_1_112' title='bbox 1926 1584 1982 1629; x_wconf 89' lang='lat' dir='ltr'><strong>et</strong></span> <span class='ocrx_word' id='word_1_113' title='bbox 2008 1573 2173 1628; x_wconf 75' lang='lat' dir='ltr'><strong>sull’o-</strong></span> 
     </span>
    </p>
   </div>
   <div class='ocr_carea' id='block_1_15' title="bbox 1293 363 3093 432">
    <p class='ocr_par' dir='ltr' id='par_1_15' title="bbox 1293 363 3093 432">
     <span class='ocr_line' id='line_1_15' title="bbox 1293 363 3093 432; baseline 0.004 -8"><span class='ocrx_word' id='word_1_114' title='bbox 1293 368 1349 424; x_wconf 83' lang='lat' dir='ltr'><strong>S.</strong></span> <span class='ocrx_word' id='word_1_115' title='bbox 1391 367 1665 424; x_wconf 73' lang='lat' dir='ltr'><strong>JOANNIS</strong></span> <span class='ocrx_word' id='word_1_116' title='bbox 1700 364 2175 422; x_wconf 78' lang='lat' dir='ltr'><strong>CHRYSOSTOMI</strong></span> <span class='ocrx_word' id='word_1_117' title='bbox 2212 363 2525 421; x_wconf 78' lang='lat' dir='ltr'><strong>ARCHIEP.</strong></span> <span class='ocrx_word' id='word_1_118' title='bbox 2565 366 3093 432; x_wconf 73' lang='lat' dir='ltr'><strong>CONSTANTINOP.</strong></span> 
     </span>
    </p>
   </div>
   <div class='ocr_carea' id='block_1_16' title="bbox 3690 400 3765 459">
    <p class='ocr_par' dir='ltr' id='par_1_16' title="bbox 3690 400 3765 459">
     <span class='ocr_line' id='line_1_16' title="bbox 3690 400 3765 459; baseline 0.067 -5"><span class='ocrx_word' id='word_1_119' title='bbox 3690 400 3765 459; x_wconf 65' lang='grc'><strong>541</strong></span> 
     </span>
    </p>
   </div>
   <div class='ocr_carea' id='block_1_17' title="bbox 2281 478 3763 566">
    <p class='ocr_par' dir='ltr' id='par_1_17' title="bbox 2281 478 3763 566">
     <span class='ocr_line' id='line_1_17' title="bbox 2281 478 3763 566; baseline 0.023 -38"><span class='ocrx_word' id='word_1_120' title='bbox 2281 491 2426 543; x_wconf 87' lang='lat' dir='ltr'><strong>care,</strong></span> <span class='ocrx_word' id='word_1_121' title='bbox 2484 478 2693 533; x_wconf 89' lang='lat' dir='ltr'><strong>calcare</strong></span> <span class='ocrx_word' id='word_1_122' title='bbox 2738 495 2900 550; x_wconf 87' lang='lat' dir='ltr'><strong>super</strong></span> <span class='ocrx_word' id='word_1_123' title='bbox 2934 495 3217 555; x_wconf 84' lang='lat' dir='ltr'><strong>serpentes</strong></span> <span class='ocrx_word' id='word_1_124' title='bbox 3269 498 3323 545; x_wconf 89' lang='lat' dir='ltr'><strong>et</strong></span> <span class='ocrx_word' id='word_1_125' title='bbox 3367 497 3649 566; x_wconf 83' lang='lat' dir='ltr'><strong>scorpiones.</strong></span> <span class='ocrx_word' id='word_1_126' title='bbox 3689 512 3763 562; x_wconf 73' lang='lat' dir='ltr'><strong>Sed</strong></span> 
     </span>
    </p>
   </div>
   <div class='ocr_carea' id='block_1_18' title="bbox 2277 568 3763 665">
    <p class='ocr_par' dir='ltr' id='par_1_18' title="bbox 2277 568 3763 665">
     <span class='ocr_line' id='line_1_18' title="bbox 2277 568 3763 665; baseline 0.02 -44"><span class='ocrx_word' id='word_1_127' title='bbox 2277 568 2414 665; x_wconf 78' lang='lat' dir='ltr'><strong>sicut</strong></span> <span class='ocrx_word' id='word_1_128' title='bbox 2435 584 2620 640; x_wconf 86' lang='lat' dir='ltr'><strong>magna</strong></span> <span class='ocrx_word' id='word_1_129' title='bbox 2651 583 2774 627; x_wconf 91' lang='lat' dir='ltr'><strong>sunt</strong></span> <span class='ocrx_word' id='word_1_130' title='bbox 2800 576 2939 629; x_wconf 90' lang='lat' dir='ltr'><strong>dona</strong></span> <span class='ocrx_word' id='word_1_131' title='bbox 2957 619 2974 641; x_wconf 90' lang='lat'><strong>,</strong></span> <span class='ocrx_word' id='word_1_132' title='bbox 3007 579 3076 632; x_wconf 88' lang='lat' dir='ltr'><strong>ita</strong></span> <span class='ocrx_word' id='word_1_133' title='bbox 3103 595 3309 652; x_wconf 92' lang='lat' dir='ltr'><strong>quoque</strong></span> <span class='ocrx_word' id='word_1_134' title='bbox 3337 600 3564 657; x_wconf 88' lang='lat' dir='ltr'><strong>magnum</strong></span> <span class='ocrx_word' id='word_1_135' title='bbox 3586 604 3653 648; x_wconf 87' lang='lat' dir='ltr'><strong>est</strong></span> <span class='ocrx_word' id='word_1_136' title='bbox 3671 611 3763 665; x_wconf 83' lang='lat' dir='ltr'><strong>sup-</strong></span> 
     </span>
    </p>
   </div>
   <div class='ocr_carea' id='block_1_19' title="bbox 2278 659 3764 747">
    <p class='ocr_par' dir='ltr' id='par_1_19' title="bbox 2278 659 3764 747">
     <span class='ocr_line' id='line_1_19' title="bbox 2278 659 3764 747; baseline 0.02 -35"><span class='ocrx_word' id='word_1_137' title='bbox 2278 659 2492 729; x_wconf 90' lang='lat' dir='ltr'><strong>plicium</strong></span> <span class='ocrx_word' id='word_1_138' title='bbox 2520 681 2534 716; x_wconf 91' lang='lat'>:</span> <span class='ocrx_word' id='word_1_139' title='bbox 2567 678 2671 718; x_wconf 91' lang='lat' dir='ltr'><strong>non</strong></span> <span class='ocrx_word' id='word_1_140' title='bbox 2699 666 2825 721; x_wconf 90' lang='lat' dir='ltr'><strong>licet</strong></span> <span class='ocrx_word' id='word_1_141' title='bbox 2849 668 2897 721; x_wconf 90' lang='lat' dir='ltr'><strong>ei</strong></span> <span class='ocrx_word' id='word_1_142' title='bbox 2919 670 3009 738; x_wconf 89' lang='lat' dir='ltr'><strong>qui</strong></span> <span class='ocrx_word' id='word_1_143' title='bbox 3034 673 3227 727; x_wconf 82' lang='lat' dir='ltr'><strong>cecidit</strong></span> <span class='ocrx_word' id='word_1_144' title='bbox 3254 690 3284 728; x_wconf 91' lang='lat' dir='ltr'><strong>e</strong></span> <span class='ocrx_word' id='word_1_145' title='bbox 3310 680 3558 747; x_wconf 89' lang='lat' dir='ltr'><strong>paradiso,</strong></span> <span class='ocrx_word' id='word_1_146' title='bbox 3584 659 3764 743; x_wconf 67' lang='lat' dir='ltr'><strong>habitare</strong></span> 
     </span>
    </p>
   </div>
   <div class='ocr_carea' id='block_1_20' title="bbox 2276 752 3763 833">
    <p class='ocr_par' dir='ltr' id='par_1_20' title="bbox 2276 752 3763 833">
     <span class='ocr_line' id='line_1_20' title="bbox 2276 752 3763 833; baseline 0.019 -28"><span class='ocrx_word' id='word_1_147' title='bbox 2276 763 2345 805; x_wconf 86' lang='lat' dir='ltr'><strong>ex</strong></span> <span class='ocrx_word' id='word_1_148' title='bbox 2387 752 2615 809; x_wconf 87' lang='lat' dir='ltr'><strong>adverso</strong></span> <span class='ocrx_word' id='word_1_149' title='bbox 2666 758 2899 828; x_wconf 89' lang='lat' dir='ltr'><strong>paradisi</strong></span> <span class='ocrx_word' id='word_1_150' title='bbox 2928 801 2944 824; x_wconf 95' lang='lat'><strong>,</strong></span> <span class='ocrx_word' id='word_1_151' title='bbox 2987 777 3161 833; x_wconf 89' lang='lat' dir='ltr'><strong>neque</strong></span> <span class='ocrx_word' id='word_1_152' title='bbox 3190 768 3381 821; x_wconf 86' lang='lat' dir='ltr'><strong>reverti</strong></span> <span class='ocrx_word' id='word_1_153' title='bbox 3412 784 3473 825; x_wconf 90' lang='lat' dir='ltr'><strong>eo</strong></span> <span class='ocrx_word' id='word_1_154' title='bbox 3508 774 3626 831; x_wconf 88' lang='lat' dir='ltr'><strong>unde</strong></span> <span class='ocrx_word' id='word_1_155' title='bbox 3657 781 3763 833; x_wconf 56' lang='lat' dir='ltr'><strong>extio</strong></span> 
     </span>
    </p>
   </div>
   <div class='ocr_carea' id='block_1_21' title="bbox 2278 845 3765 925">
    <p class='ocr_par' dir='ltr' id='par_1_21' title="bbox 2278 845 3765 925">
     <span class='ocr_line' id='line_1_21' title="bbox 2278 845 3765 925; baseline 0.018 -28"><span class='ocrx_word' id='word_1_156' title='bbox 2278 845 2474 900; x_wconf 93' lang='lat' dir='ltr'><strong>dimus.</strong></span> <span class='ocrx_word' id='word_1_157' title='bbox 2527 848 2633 902; x_wconf 89' lang='lat' dir='ltr'><strong>Sed</strong></span> <span class='ocrx_word' id='word_1_158' title='bbox 2658 850 2785 918; x_wconf 88' lang='lat' dir='ltr'><strong>quid</strong></span> <span class='ocrx_word' id='word_1_159' title='bbox 2840 855 3065 921; x_wconf 78' lang='lat' dir='ltr'><strong>postea?</strong></span> <span class='ocrx_word' id='word_1_160' title='bbox 3106 854 3355 913; x_wconf 85' lang='lat' dir='ltr'><strong>Cebenna</strong></span> <span class='ocrx_word' id='word_1_161' title='bbox 3404 871 3455 916; x_wconf 89' lang='lat' dir='ltr'><strong>et</strong></span> <span class='ocrx_word' id='word_1_162' title='bbox 3494 868 3659 921; x_wconf 79' lang='lat' dir='ltr'><strong>vermis</strong></span> <span class='ocrx_word' id='word_1_163' title='bbox 3691 887 3765 925; x_wconf 80' lang='lat' dir='ltr'><strong>una</strong></span> 
     </span>
    </p>
   </div>
   <div class='ocr_carea' id='block_1_22' title="bbox 2277 934 3767 1017">
    <p class='ocr_par' dir='ltr' id='par_1_22' title="bbox 2277 934 3767 1017">
     <span class='ocr_line' id='line_1_22' title="bbox 2277 934 3767 1017; baseline 0.017 -27"><span class='ocrx_word' id='word_1_164' title='bbox 2277 934 2551 992; x_wconf 87' lang='lat' dir='ltr'><strong>desinens.</strong></span> <span class='ocrx_word' id='word_1_165' title='bbox 2580 938 2685 993; x_wconf 87' lang='lat' dir='ltr'><strong>Sed</strong></span> <span class='ocrx_word' id='word_1_166' title='bbox 2714 940 2873 1008; x_wconf 89' lang='lat' dir='ltr'><strong>absit,</strong></span> <span class='ocrx_word' id='word_1_167' title='bbox 2920 952 2979 998; x_wconf 88' lang='lat' dir='ltr'><strong>ut</strong></span> <span class='ocrx_word' id='word_1_168' title='bbox 3020 944 3285 1017; x_wconf 85' lang='lat' dir='ltr'><strong>quispiam</strong></span> <span class='ocrx_word' id='word_1_169' title='bbox 3326 964 3389 1004; x_wconf 82' lang='lat' dir='ltr'><strong>ex</strong></span> <span class='ocrx_word' id='word_1_170' title='bbox 3438 953 3574 1009; x_wconf 90' lang='lat' dir='ltr'><strong>nobis</strong></span> <span class='ocrx_word' id='word_1_171' title='bbox 3610 957 3666 1011; x_wconf 88' lang='lat' dir='ltr'><strong>sit</strong></span> <span class='ocrx_word' id='word_1_172' title='bbox 3697 961 3767 1015; x_wconf 87' lang='lat' dir='ltr'><strong>ob-</strong></span> 
     </span>
    </p>
   </div>
   <div class='ocr_carea' id='block_1_23' title="bbox 2277 1027 3769 1113">
    <p class='ocr_par' dir='ltr' id='par_1_23' title="bbox 2277 1027 3769 1113">
     <span class='ocr_line' id='line_1_23' title="bbox 2277 1027 3769 1113; baseline 0.017 -34"><span class='ocrx_word' id='word_1_173' title='bbox 2277 1028 2469 1081; x_wconf 85' lang='lat' dir='ltr'><strong>noxius</strong></span> <span class='ocrx_word' id='word_1_174' title='bbox 2514 1027 2639 1084; x_wconf 87' lang='lat' dir='ltr'><strong>huic</strong></span> <span class='ocrx_word' id='word_1_175' title='bbox 2674 1032 2971 1101; x_wconf 87' lang='lat' dir='ltr'><strong>supplicio;</strong></span> <span class='ocrx_word' id='word_1_176' title='bbox 3001 1035 3097 1089; x_wconf 89' lang='lat' dir='ltr'><strong>sed</strong></span> <span class='ocrx_word' id='word_1_177' title='bbox 3125 1051 3192 1091; x_wconf 80' lang='lat' dir='ltr'><strong>ex</strong></span> <span class='ocrx_word' id='word_1_178' title='bbox 3219 1038 3411 1096; x_wconf 83' lang='lat' dir='ltr'><strong>virtute</strong></span> <span class='ocrx_word' id='word_1_179' title='bbox 3439 1044 3661 1113; x_wconf 79' lang='lat' dir='ltr'><strong>viventes,</strong></span> <span class='ocrx_word' id='word_1_180' title='bbox 3692 1060 3769 1104; x_wconf 82' lang='lat' dir='ltr'><strong>stu-</strong></span> 
     </span>
    </p>
   </div>
   <div class='ocr_carea' id='block_1_24' title="bbox 2277 1120 3769 1211">
    <p class='ocr_par' dir='ltr' id='par_1_24' title="bbox 2277 1120 3769 1211">
     <span class='ocr_line' id='line_1_24' title="bbox 2277 1120 3769 1211; baseline 0.014 -37"><span class='ocrx_word' id='word_1_181' title='bbox 2277 1120 2501 1211; x_wconf 81' lang='lat' dir='ltr'><strong>deamus</strong></span> <span class='ocrx_word' id='word_1_182' title='bbox 2550 1137 2613 1178; x_wconf 90' lang='lat' dir='ltr'><strong>ea</strong></span> <span class='ocrx_word' id='word_1_183' title='bbox 2663 1139 2825 1194; x_wconf 88' lang='lat' dir='ltr'><strong>agere</strong></span> <span class='ocrx_word' id='word_1_184' title='bbox 2878 1142 2999 1197; x_wconf 70' lang='lat' dir='ltr'><strong>quae</strong></span> <span class='ocrx_word' id='word_1_185' title='bbox 3047 1129 3097 1185; x_wconf 91' lang='lat' dir='ltr'><strong>ei</strong></span> <span class='ocrx_word' id='word_1_186' title='bbox 3145 1141 3292 1187; x_wconf 87' lang='lat' dir='ltr'><strong>recta</strong></span> <span class='ocrx_word' id='word_1_187' title='bbox 3337 1133 3565 1191; x_wconf 89' lang='lat' dir='ltr'><strong>videntur</strong></span> <span class='ocrx_word' id='word_1_188' title='bbox 3603 1148 3647 1193; x_wconf 89' lang='lat' dir='ltr'><strong>et</strong></span> <span class='ocrx_word' id='word_1_189' title='bbox 3682 1152 3769 1196; x_wconf 87' lang='lat' dir='ltr'><strong>sunt</strong></span> 
     </span>
    </p>
   </div>
   <div class='ocr_carea' id='block_1_25' title="bbox 2276 1212 3770 1299">
    <p class='ocr_par' dir='ltr' id='par_1_25' title="bbox 2276 1212 3770 1299">
     <span class='ocr_line' id='line_1_25' title="bbox 2276 1212 3770 1299; baseline 0.013 -35"><span class='ocrx_word' id='word_1_190' title='bbox 2276 1220 2425 1280; x_wconf 84' lang='lat' dir='ltr'><strong>grata</strong></span> <span class='ocrx_word' id='word_1_191' title='bbox 2451 1228 2466 1266; x_wconf 90' lang='lat'><strong>:</strong></span> <span class='ocrx_word' id='word_1_192' title='bbox 2518 1212 2627 1267; x_wconf 90' lang='lat' dir='ltr'><strong>Deo</strong></span> <span class='ocrx_word' id='word_1_193' title='bbox 2656 1215 2960 1285; x_wconf 81' lang='lat' dir='ltr'><strong>placeamus</strong></span> <span class='ocrx_word' id='word_1_194' title='bbox 2992 1260 3008 1285; x_wconf 93' lang='lat'><strong>,</strong></span> <span class='ocrx_word' id='word_1_195' title='bbox 3040 1230 3097 1274; x_wconf 92' lang='lat' dir='ltr'><strong>ut</strong></span> <span class='ocrx_word' id='word_1_196' title='bbox 3125 1222 3388 1290; x_wconf 89' lang='lat' dir='ltr'><strong>possimus</strong></span> <span class='ocrx_word' id='word_1_197' title='bbox 3420 1233 3469 1279; x_wconf 91' lang='lat' dir='ltr'><strong>et</strong></span> <span class='ocrx_word' id='word_1_198' title='bbox 3493 1242 3522 1281; x_wconf 87' lang='lat' dir='ltr'><strong>a</strong></span> <span class='ocrx_word' id='word_1_199' title='bbox 3561 1231 3770 1299; x_wconf 78' lang='lat' dir='ltr'><strong>suppliciis</strong></span> 
     </span>
    </p>
   </div>
   <div class='ocr_carea' id='block_1_26' title="bbox 2278 1302 3769 1392">
    <p class='ocr_par' dir='ltr' id='par_1_26' title="bbox 2278 1302 3769 1392">
     <span class='ocr_line' id='line_1_26' title="bbox 2278 1302 3769 1392; baseline 0.011 -35"><span class='ocrx_word' id='word_1_200' title='bbox 2278 1302 2517 1371; x_wconf 88' lang='lat' dir='ltr'><strong>liberari,</strong></span> <span class='ocrx_word' id='word_1_201' title='bbox 2565 1316 2621 1360; x_wconf 89' lang='lat' dir='ltr'><strong>et</strong></span> <span class='ocrx_word' id='word_1_202' title='bbox 2662 1309 2878 1363; x_wconf 79' lang='lat' dir='ltr'><strong>:eteruis</strong></span> <span class='ocrx_word' id='word_1_203' title='bbox 2921 1310 3075 1364; x_wconf 91' lang='lat' dir='ltr'><strong>bonis</strong></span> <span class='ocrx_word' id='word_1_204' title='bbox 3107 1313 3326 1381; x_wconf 78' lang='lat' dir='ltr'><strong>perfrui,</strong></span> <span class='ocrx_word' id='word_1_205' title='bbox 3370 1317 3526 1385; x_wconf 88' lang='lat' dir='ltr'><strong>gratia</strong></span> <span class='ocrx_word' id='word_1_206' title='bbox 3565 1328 3612 1373; x_wconf 89' lang='lat' dir='ltr'><strong>et</strong></span> <span class='ocrx_word' id='word_1_207' title='bbox 3634 1321 3769 1392; x_wconf 72' lang='lat' dir='ltr'><strong>benig-</strong></span> 
     </span>
    </p>
   </div>
   <div class='ocr_carea' id='block_1_27' title="bbox 2276 1395 3772 1478">
    <p class='ocr_par' dir='ltr' id='par_1_27' title="bbox 2276 1395 3772 1478">
     <span class='ocr_line' id='line_1_27' title="bbox 2276 1395 3772 1478; baseline 0.012 -29"><span class='ocrx_word' id='word_1_208' title='bbox 2276 1395 2442 1451; x_wconf 90' lang='lat' dir='ltr'><strong>nitate</strong></span> <span class='ocrx_word' id='word_1_209' title='bbox 2470 1398 2679 1453; x_wconf 89' lang='lat' dir='ltr'><strong>Domini</strong></span> <span class='ocrx_word' id='word_1_210' title='bbox 2709 1402 2879 1455; x_wconf 85' lang='lat' dir='ltr'><strong>nostri</strong></span> <span class='ocrx_word' id='word_1_211' title='bbox 2916 1401 3043 1457; x_wconf 83' lang='lat' dir='ltr'><strong>Jesu</strong></span> <span class='ocrx_word' id='word_1_212' title='bbox 3082 1403 3302 1472; x_wconf 83' lang='lat' dir='ltr'><strong>Christi,</strong></span> <span class='ocrx_word' id='word_1_213' title='bbox 3346 1421 3465 1477; x_wconf 25' lang='lat' dir='ltr'><strong>cum,</strong></span> <span class='ocrx_word' id='word_1_214' title='bbox 3492 1424 3585 1478; x_wconf 90' lang='lat' dir='ltr'><strong>quo</strong></span> <span class='ocrx_word' id='word_1_215' title='bbox 3608 1410 3716 1465; x_wconf 88' lang='lat' dir='ltr'><strong>Patri</strong></span> <span class='ocrx_word' id='word_1_216' title='bbox 3734 1426 3772 1467; x_wconf 84' lang='lat' dir='ltr'><strong>et</strong></span> 
     </span>
    </p>
   </div>
   <div class='ocr_carea' id='block_1_28' title="bbox 2280 1486 3772 1569">
    <p class='ocr_par' dir='ltr' id='par_1_28' title="bbox 2280 1486 3772 1569">
     <span class='ocr_line' id='line_1_28' title="bbox 2280 1486 3772 1569; baseline 0.013 -28"><span class='ocrx_word' id='word_1_217' title='bbox 2280 1486 2499 1557; x_wconf 90' lang='lat' dir='ltr'><strong>Spiritui</strong></span> <span class='ocrx_word' id='word_1_218' title='bbox 2529 1501 2715 1546; x_wconf 87' lang='lat' dir='ltr'><strong>sancto</strong></span> <span class='ocrx_word' id='word_1_219' title='bbox 2754 1493 2925 1563; x_wconf 78' lang='lat' dir='ltr'><strong>gloria</strong></span> <span class='ocrx_word' id='word_1_220' title='bbox 2955 1535 2970 1558; x_wconf 92' lang='lat'><strong>,</strong></span> <span class='ocrx_word' id='word_1_221' title='bbox 3020 1496 3301 1565; x_wconf 90' lang='lat' dir='ltr'><strong>imperium</strong></span> <span class='ocrx_word' id='word_1_222' title='bbox 3328 1539 3345 1564; x_wconf 92' lang='lat'><strong>,</strong></span> <span class='ocrx_word' id='word_1_223' title='bbox 3378 1499 3569 1569; x_wconf 87' lang='lat' dir='ltr'><strong>honor,</strong></span> <span class='ocrx_word' id='word_1_224' title='bbox 3612 1518 3718 1559; x_wconf 85' lang='lat' dir='ltr'><strong>nunc</strong></span> <span class='ocrx_word' id='word_1_225' title='bbox 3734 1516 3772 1561; x_wconf 83' lang='lat' dir='ltr'><strong>et</strong></span> 
     </span>
    </p>
   </div>
   <div class='ocr_carea' id='block_1_29' title="bbox 2280 1582 3481 1649">
    <p class='ocr_par' dir='ltr' id='par_1_29' title="bbox 2280 1582 3481 1649">
     <span class='ocr_line' id='line_1_29' title="bbox 2280 1582 3481 1649; baseline 0.011 -16"><span class='ocrx_word' id='word_1_226' title='bbox 2280 1592 2516 1649; x_wconf 82' lang='lat' dir='ltr'><strong>semper,</strong></span> <span class='ocrx_word' id='word_1_227' title='bbox 2545 1590 2601 1636; x_wconf 92' lang='lat' dir='ltr'><strong>et</strong></span> <span class='ocrx_word' id='word_1_228' title='bbox 2630 1582 2681 1636; x_wconf 91' lang='lat' dir='ltr'><strong>in</strong></span> <span class='ocrx_word' id='word_1_229' title='bbox 2708 1584 2900 1639; x_wconf 75' lang='lat' dir='ltr'><strong>saecula</strong></span> <span class='ocrx_word' id='word_1_230' title='bbox 2928 1587 3269 1643; x_wconf 72' lang='lat' dir='ltr'><strong>saeculorum.</strong></span> <span class='ocrx_word' id='word_1_231' title='bbox 3296 1591 3481 1647; x_wconf 85' lang='lat' dir='ltr'><strong>Amen.</strong></span> 
     </span>
    </p>
   </div>
   <div class='ocr_carea' id='block_1_30' title="bbox 589 1710 3773 1743">
    <p class='ocr_par' dir='ltr' id='par_1_30' title="bbox 589 1710 3773 1743">
     <span class='ocr_line' id='line_1_30' title="bbox 589 1710 3773 1743; baseline 0.001 -19"><span class='ocrx_word' id='word_1_232' title='bbox 589 1710 3773 1743; x_wconf 65' lang='lat'><strong>.________________._._.________________________</strong></span> 
     </span>
    </p>
   </div>
   <div class='ocr_carea' id='block_1_31' title="bbox 1956 1784 2484 1851">
    <p class='ocr_par' dir='ltr' id='par_1_31' title="bbox 1956 1784 2484 1851">
     <span class='ocr_line' id='line_1_31' title="bbox 1956 1784 2484 1851; baseline 0.006 -3"><span class='ocrx_word' id='word_1_233' title='bbox 1956 1784 2303 1848; x_wconf 84' lang='lat' dir='ltr'><strong>HOMILIA</strong></span> <span class='ocrx_word' id='word_1_234' title='bbox 2346 1788 2484 1851; x_wconf 82' lang='lat' dir='ltr'><strong>VII.</strong></span> 
     </span>
    </p>
   </div>
   <div class='ocr_carea' id='block_1_32' title="bbox 594 1928 2174 2001">
    <p class='ocr_par' dir='ltr' id='par_1_32' title="bbox 594 1928 2174 2001">
     <span class='ocr_line' id='line_1_32' title="bbox 594 1928 2174 2001; baseline -0.001 -17"><span class='ocrx_word' id='word_1_235' title='bbox 594 1929 722 1984; x_wconf 80' lang='lat' dir='ltr'><strong>CAP.</strong></span> <span class='ocrx_word' id='word_1_236' title='bbox 752 1930 806 1984; x_wconf 74' lang='lat'><strong>9..</strong></span> <span class='ocrx_word' id='word_1_237' title='bbox 836 1946 889 1985; x_wconf 82' lang='grc' dir='ltr'><strong>ν.</strong></span> <span class='ocrx_word' id='word_1_238' title='bbox 930 1930 1016 1986; x_wconf 83' lang='grc'><strong>16.</strong></span> <span class='ocrx_word' id='word_1_239' title='bbox 1071 1928 1237 1984; x_wconf 82' lang='lat' dir='ltr'><strong>Nemo</strong></span> <span class='ocrx_word' id='word_1_240' title='bbox 1263 1947 1381 2001; x_wconf 90' lang='lat' dir='ltr'><strong>ergo</strong></span> <span class='ocrx_word' id='word_1_241' title='bbox 1416 1946 1501 1983; x_wconf 85' lang='lat' dir='ltr'><strong>vos</strong></span> <span class='ocrx_word' id='word_1_242' title='bbox 1517 1928 1718 2000; x_wconf 88' lang='lat' dir='ltr'><strong>judicet</strong></span> <span class='ocrx_word' id='word_1_243' title='bbox 1748 1931 1801 1982; x_wconf 89' lang='lat' dir='ltr'><strong>in</strong></span> <span class='ocrx_word' id='word_1_244' title='bbox 1832 1928 1962 1994; x_wconf 86' lang='lat' dir='ltr'><strong>cibo,</strong></span> <span class='ocrx_word' id='word_1_245' title='bbox 1996 1938 2085 1981; x_wconf 88' lang='lat' dir='ltr'><strong>aut</strong></span> <span class='ocrx_word' id='word_1_246' title='bbox 2121 1928 2174 1982; x_wconf 89' lang='lat' dir='ltr'><strong>in</strong></span> 
     </span>
    </p>
   </div>
   <div class='ocr_carea' id='block_1_33' title="bbox 663 2020 2174 2093">
    <p class='ocr_par' dir='ltr' id='par_1_33' title="bbox 663 2020 2174 2093">
     <span class='ocr_line' id='line_1_33' title="bbox 663 2020 2174 2093; baseline -0.001 -18"><span class='ocrx_word' id='word_1_247' title='bbox 663 2033 816 2093; x_wconf 87' lang='lat' dir='ltr'><strong>potu,</strong></span> <span class='ocrx_word' id='word_1_248' title='bbox 845 2033 933 2076; x_wconf 89' lang='lat' dir='ltr'><strong>aut</strong></span> <span class='ocrx_word' id='word_1_249' title='bbox 976 2025 1028 2076; x_wconf 87' lang='lat' dir='ltr'><strong>in</strong></span> <span class='ocrx_word' id='word_1_250' title='bbox 1065 2034 1208 2092; x_wconf 85' lang='lat' dir='ltr'><strong>parte</strong></span> <span class='ocrx_word' id='word_1_251' title='bbox 1228 2023 1326 2075; x_wconf 89' lang='lat' dir='ltr'><strong>diei</strong></span> <span class='ocrx_word' id='word_1_252' title='bbox 1357 2023 1469 2093; x_wconf 80' lang='lat' dir='ltr'><strong>{esti</strong></span> <span class='ocrx_word' id='word_1_253' title='bbox 1497 2031 1585 2075; x_wconf 88' lang='lat' dir='ltr'><strong>aut</strong></span> <span class='ocrx_word' id='word_1_254' title='bbox 1623 2022 1897 2074; x_wconf 71' lang='lat' dir='ltr'><strong>neomenia:</strong></span> <span class='ocrx_word' id='word_1_255' title='bbox 1942 2030 2029 2073; x_wconf 87' lang='lat' dir='ltr'><strong>aut</strong></span> <span class='ocrx_word' id='word_1_256' title='bbox 2054 2020 2174 2073; x_wconf 88' lang='lat' dir='ltr'><strong>sab-</strong></span> 
     </span>
    </p>
   </div>
   <div class='ocr_carea' id='block_1_34' title="bbox 665 2113 2175 2183">
    <p class='ocr_par' dir='ltr' id='par_1_34' title="bbox 665 2113 2175 2183">
     <span class='ocr_line' id='line_1_34' title="bbox 665 2113 2175 2183; baseline -0.001 -16"><span class='ocrx_word' id='word_1_257' title='bbox 665 2115 936 2168; x_wconf 89' lang='lat' dir='ltr'><strong>batorum:</strong></span> <span class='ocrx_word' id='word_1_258' title='bbox 988 2116 1075 2170; x_wconf 87' lang='grc'><strong>17.</strong></span> <span class='ocrx_word' id='word_1_259' title='bbox 1123 2130 1237 2182; x_wconf 71' lang='lat' dir='ltr'><strong>quae</strong></span> <span class='ocrx_word' id='word_1_260' title='bbox 1260 2124 1377 2168; x_wconf 86' lang='lat' dir='ltr'><strong>sunt</strong></span> <span class='ocrx_word' id='word_1_261' title='bbox 1402 2113 1581 2166; x_wconf 88' lang='lat' dir='ltr'><strong>umbra</strong></span> <span class='ocrx_word' id='word_1_262' title='bbox 1626 2113 1915 2182; x_wconf 76' lang='lat' dir='ltr'><strong>futurorum</strong></span> <span class='ocrx_word' id='word_1_263' title='bbox 1942 2153 1957 2176; x_wconf 96' lang='lat'><strong>,</strong></span> <span class='ocrx_word' id='word_1_264' title='bbox 1989 2128 2175 2183; x_wconf 85' lang='lat' dir='ltr'><strong>corpus</strong></span> 
     </span>
    </p>
   </div>
   <div class='ocr_carea' id='block_1_35' title="bbox 662 2202 2174 2261">
    <p class='ocr_par' dir='ltr' id='par_1_35' title="bbox 662 2202 2174 2261">
     <span class='ocr_line' id='line_1_35' title="bbox 662 2202 2174 2261; baseline -0.001 -3"><span class='ocrx_word' id='word_1_265' title='bbox 662 2217 829 2259; x_wconf 78' lang='lat' dir='ltr'><strong>autem</strong></span> <span class='ocrx_word' id='word_1_266' title='bbox 888 2204 1098 2261; x_wconf 78' lang='lat' dir='ltr'><strong>Christi.</strong></span> <span class='ocrx_word' id='word_1_267' title='bbox 1145 2206 1232 2260; x_wconf 90' lang='grc'><strong>18.</strong></span> <span class='ocrx_word' id='word_1_268' title='bbox 1296 2203 1463 2259; x_wconf 78' lang='grc' dir='ltr'><strong>Νειηο</strong></span> <span class='ocrx_word' id='word_1_269' title='bbox 1506 2221 1593 2258; x_wconf 82' lang='lat' dir='ltr'><strong>vos</strong></span> <span class='ocrx_word' id='word_1_270' title='bbox 1640 2203 1846 2257; x_wconf 82' lang='lat' dir='ltr'><strong>sedueat</strong></span> <span class='ocrx_word' id='word_1_271' title='bbox 1902 2202 2074 2257; x_wconf 80' lang='lat' dir='ltr'><strong>volens</strong></span> <span class='ocrx_word' id='word_1_272' title='bbox 2122 2204 2174 2256; x_wconf 89' lang='lat' dir='ltr'><strong>in</strong></span> 
     </span>
    </p>
   </div>
   <div class='ocr_carea' id='block_1_36' title="bbox 662 2292 2177 2366">
    <p class='ocr_par' dir='ltr' id='par_1_36' title="bbox 662 2292 2177 2366">
     <span class='ocr_line' id='line_1_36' title="bbox 662 2292 2177 2366; baseline -0.003 -17"><span class='ocrx_word' id='word_1_273' title='bbox 662 2298 945 2351; x_wconf 88' lang='lat' dir='ltr'><strong>humilitate</strong></span> <span class='ocrx_word' id='word_1_274' title='bbox 990 2306 1037 2350; x_wconf 90' lang='lat' dir='ltr'><strong>et</strong></span> <span class='ocrx_word' id='word_1_275' title='bbox 1092 2296 1333 2365; x_wconf 80' lang='lat' dir='ltr'><strong>religione</strong></span> <span class='ocrx_word' id='word_1_276' title='bbox 1388 2296 1705 2366; x_wconf 85' lang='lat' dir='ltr'><strong>angelorum,</strong></span> <span class='ocrx_word' id='word_1_277' title='bbox 1761 2310 1873 2364; x_wconf 78' lang='lat' dir='ltr'><strong>qua:</strong></span> <span class='ocrx_word' id='word_1_278' title='bbox 1917 2310 2018 2347; x_wconf 87' lang='lat' dir='ltr'><strong>non</strong></span> <span class='ocrx_word' id='word_1_279' title='bbox 2051 2292 2177 2346; x_wconf 83' lang='lat' dir='ltr'><strong>vidit</strong></span> 
     </span>
    </p>
   </div>
   <div class='ocr_carea' id='block_1_37' title="bbox 662 2385 2176 2458">
    <p class='ocr_par' dir='ltr' id='par_1_37' title="bbox 662 2385 2176 2458">
     <span class='ocr_line' id='line_1_37' title="bbox 662 2385 2176 2458; baseline -0.002 -17"><span class='ocrx_word' id='word_1_280' title='bbox 662 2390 948 2455; x_wconf 77' lang='lat' dir='ltr'><strong>ambulans,</strong></span> <span class='ocrx_word' id='word_1_281' title='bbox 984 2392 1175 2458; x_wconf 82' lang='lat' dir='ltr'><strong>frustra</strong></span> <span class='ocrx_word' id='word_1_282' title='bbox 1200 2389 1408 2457; x_wconf 82' lang='lat' dir='ltr'><strong>inﬂatus</strong></span> <span class='ocrx_word' id='word_1_283' title='bbox 1438 2404 1587 2442; x_wconf 80' lang='lat' dir='ltr'><strong>sensu</strong></span> <span class='ocrx_word' id='word_1_284' title='bbox 1617 2386 1785 2440; x_wconf 85' lang='lat' dir='ltr'><strong>carnis</strong></span> <span class='ocrx_word' id='word_1_285' title='bbox 1829 2401 1935 2441; x_wconf 65' lang='lat' dir='ltr'><strong>suae</strong></span> <span class='ocrx_word' id='word_1_286' title='bbox 1957 2402 1975 2438; x_wconf 89' lang='lat'><strong><em>:</em></strong></span> <span class='ocrx_word' id='word_1_287' title='bbox 2006 2385 2093 2439; x_wconf 81' lang='grc'><strong>19.</strong></span> <span class='ocrx_word' id='word_1_288' title='bbox 2129 2394 2176 2439; x_wconf 90' lang='lat' dir='ltr'><strong>et</strong></span> 
     </span>
    </p>
   </div>
   <div class='ocr_carea' id='block_1_38' title="bbox 665 2488 2178 2555">
    <p class='ocr_par' dir='ltr' id='par_1_38' title="bbox 665 2488 2178 2555">
     <span class='ocr_line' id='line_1_38' title="bbox 665 2488 2178 2555; baseline -0.005 -16"><span class='ocrx_word' id='word_1_289' title='bbox 665 2504 764 2539; x_wconf 90' lang='lat' dir='ltr'><strong>non</strong></span> <span class='ocrx_word' id='word_1_290' title='bbox 796 2495 966 2540; x_wconf 86' lang='lat' dir='ltr'><strong>tenens</strong></span> <span class='ocrx_word' id='word_1_291' title='bbox 996 2493 1170 2555; x_wconf 83' lang='lat' dir='ltr'><strong>caput:</strong></span> <span class='ocrx_word' id='word_1_292' title='bbox 1196 2501 1258 2537; x_wconf 78' lang='lat' dir='ltr'><strong>ex</strong></span> <span class='ocrx_word' id='word_1_293' title='bbox 1286 2499 1382 2549; x_wconf 81' lang='lat' dir='ltr'><strong>quo</strong></span> <span class='ocrx_word' id='word_1_294' title='bbox 1409 2492 1565 2535; x_wconf 89' lang='lat' dir='ltr'><strong>totum</strong></span> <span class='ocrx_word' id='word_1_295' title='bbox 1607 2498 1789 2551; x_wconf 70' lang='lat' dir='ltr'><strong>corpus</strong></span> <span class='ocrx_word' id='word_1_296' title='bbox 1820 2498 1907 2549; x_wconf 83' lang='lat' dir='ltr'><strong>per</strong></span> <span class='ocrx_word' id='word_1_297' title='bbox 1936 2496 2093 2533; x_wconf 78' lang='lat' dir='ltr'><strong>nexus</strong></span> <span class='ocrx_word' id='word_1_298' title='bbox 2129 2488 2178 2532; x_wconf 90' lang='lat' dir='ltr'><strong>et</strong></span> 
     </span>
    </p>
   </div>
   <div class='ocr_carea' id='block_1_39' title="bbox 665 2572 2178 2647">
    <p class='ocr_par' dir='ltr' id='par_1_39' title="bbox 665 2572 2178 2647">
     <span class='ocr_line' id='line_1_39' title="bbox 665 2572 2178 2647; baseline -0.004 -17"><span class='ocrx_word' id='word_1_299' title='bbox 665 2578 1046 2647; x_wconf 87' lang='lat' dir='ltr'><strong>conjunctiones</strong></span> <span class='ocrx_word' id='word_1_300' title='bbox 1082 2576 1516 2629; x_wconf 86' lang='lat' dir='ltr'><strong>subministratum</strong></span> <span class='ocrx_word' id='word_1_301' title='bbox 1545 2583 1591 2629; x_wconf 88' lang='lat' dir='ltr'><strong>et</strong></span> <span class='ocrx_word' id='word_1_302' title='bbox 1635 2582 1972 2627; x_wconf 87' lang='lat' dir='ltr'><strong>constructum</strong></span> <span class='ocrx_word' id='word_1_303' title='bbox 2002 2572 2178 2625; x_wconf 76' lang='lat' dir='ltr'><strong>crescit</strong></span> 
     </span>
    </p>
   </div>
   <div class='ocr_carea' id='block_1_40' title="bbox 661 2668 1206 2741">
    <p class='ocr_par' dir='ltr' id='par_1_40' title="bbox 661 2668 1206 2741">
     <span class='ocr_line' id='line_1_40' title="bbox 661 2668 1206 2741; baseline -0.006 -17"><span class='ocrx_word' id='word_1_304' title='bbox 661 2674 714 2725; x_wconf 87' lang='lat' dir='ltr'><strong>in</strong></span> <span class='ocrx_word' id='word_1_305' title='bbox 737 2681 1063 2741; x_wconf 76' lang='lat' dir='ltr'><strong>augmentum</strong></span> <span class='ocrx_word' id='word_1_306' title='bbox 1092 2668 1186 2722; x_wconf 88' lang='lat' dir='ltr'><strong>Dei</strong></span> <span class='ocrx_word' id='word_1_307' title='bbox 1193 2709 1206 2721; x_wconf 95' lang='lat'><strong>.</strong></span> 
     </span>
    </p>
   </div>
   <div class='ocr_carea' id='block_1_41' title="bbox 666 2841 2179 2918">
    <p class='ocr_par' dir='ltr' id='par_1_41' title="bbox 666 2841 2179 2918">
     <span class='ocr_line' id='line_1_41' title="bbox 666 2841 2179 2918; baseline -0.005 -16"><span class='ocrx_word' id='word_1_308' title='bbox 666 2850 718 2904; x_wconf 81' lang='grc'><strong>1.</strong></span> <span class='ocrx_word' id='word_1_309' title='bbox 748 2849 882 2901; x_wconf 87' lang='lat' dir='ltr'><strong>Cum</strong></span> <span class='ocrx_word' id='word_1_310' title='bbox 928 2848 1078 2918; x_wconf 89' lang='lat' dir='ltr'><strong>prius</strong></span> <span class='ocrx_word' id='word_1_311' title='bbox 1116 2845 1340 2900; x_wconf 84' lang='lat' dir='ltr'><strong>dixisset</strong></span> <span class='ocrx_word' id='word_1_312' title='bbox 1383 2843 1733 2913; x_wconf 81' lang='lat' dir='ltr'><strong>:cnigmatice,</strong></span> <span class='ocrx_word' id='word_1_313' title='bbox 1776 2841 1953 2896; x_wconf 84' lang='lat' dir='ltr'><strong>Videte</strong></span> <span class='ocrx_word' id='word_1_314' title='bbox 1979 2858 2043 2897; x_wconf 86' lang='lat' dir='ltr'><strong>ne</strong></span> <span class='ocrx_word' id='word_1_315' title='bbox 2066 2843 2179 2911; x_wconf 85' lang='lat' dir='ltr'><strong>quis</strong></span> 
     </span>
    </p>
   </div>
   <div class='ocr_carea' id='block_1_42' title="bbox 595 2936 2179 3010">
    <p class='ocr_par' dir='ltr' id='par_1_42' title="bbox 595 2936 2179 3010">
     <span class='ocr_line' id='line_1_42' title="bbox 595 2936 2179 3010; baseline -0.003 -16"><span class='ocrx_word' id='word_1_316' title='bbox 595 2957 682 2994; x_wconf 78' lang='lat' dir='ltr'><strong>vos</strong></span> <span class='ocrx_word' id='word_1_317' title='bbox 754 2940 979 3010; x_wconf 84' lang='lat' dir='ltr'><strong>decipiat</strong></span> <span class='ocrx_word' id='word_1_318' title='bbox 1034 2938 1315 2993; x_wconf 86' lang='lat' dir='ltr'><strong>secundum</strong></span> <span class='ocrx_word' id='word_1_319' title='bbox 1368 2937 1692 2989; x_wconf 85' lang='lat' dir='ltr'><strong>traditionem</strong></span> <span class='ocrx_word' id='word_1_320' title='bbox 1755 2936 2071 2999; x_wconf 88' lang='lat' dir='ltr'><strong>hominum;</strong></span> <span class='ocrx_word' id='word_1_321' title='bbox 2124 2944 2179 2989; x_wconf 87' lang='lat' dir='ltr'><strong>et</strong></span> 
     </span>
    </p>
   </div>
   <div class='ocr_carea' id='block_1_43' title="bbox 598 3028 2179 3101">
    <p class='ocr_par' dir='ltr' id='par_1_43' title="bbox 598 3028 2179 3101">
     <span class='ocr_line' id='line_1_43' title="bbox 598 3028 2179 3101; baseline -0.004 -15"><span class='ocrx_word' id='word_1_322' title='bbox 598 3046 783 3086; x_wconf 89' lang='lat' dir='ltr'><strong>rursus</strong></span> <span class='ocrx_word' id='word_1_323' title='bbox 840 3032 1089 3101; x_wconf 85' lang='lat' dir='ltr'><strong>superius</strong></span> <span class='ocrx_word' id='word_1_324' title='bbox 1124 3071 1138 3093; x_wconf 96' lang='lat'><strong>,</strong></span> <span class='ocrx_word' id='word_1_325' title='bbox 1197 3029 1309 3082; x_wconf 82' lang='lat' dir='ltr'><strong>Hoc</strong></span> <span class='ocrx_word' id='word_1_326' title='bbox 1354 3040 1520 3082; x_wconf 88' lang='lat' dir='ltr'><strong>autem</strong></span> <span class='ocrx_word' id='word_1_327' title='bbox 1577 3028 1723 3091; x_wconf 86' lang='lat' dir='ltr'><strong>dico,</strong></span> <span class='ocrx_word' id='word_1_328' title='bbox 1775 3037 1831 3081; x_wconf 88' lang='lat' dir='ltr'><strong>ut</strong></span> <span class='ocrx_word' id='word_1_329' title='bbox 1898 3043 2041 3081; x_wconf 87' lang='lat' dir='ltr'><strong>nemo</strong></span> <span class='ocrx_word' id='word_1_330' title='bbox 2091 3042 2179 3082; x_wconf 78' lang='lat' dir='ltr'><strong>vos</strong></span> 
     </span>
    </p>
   </div>
   <div class='ocr_carea' id='block_1_44' title="bbox 594 3121 2179 3192">
    <p class='ocr_par' dir='ltr' id='par_1_44' title="bbox 594 3121 2179 3192">
     <span class='ocr_line' id='line_1_44' title="bbox 594 3121 2179 3192; baseline -0.001 -15"><span class='ocrx_word' id='word_1_331' title='bbox 594 3125 813 3191; x_wconf 80' lang='lat' dir='ltr'><strong>decipiat</strong></span> <span class='ocrx_word' id='word_1_332' title='bbox 863 3125 916 3176; x_wconf 88' lang='lat' dir='ltr'><strong>in</strong></span> <span class='ocrx_word' id='word_1_333' title='bbox 980 3121 1233 3192; x_wconf 70' lang='lat' dir='ltr'><strong>probabili</strong></span> <span class='ocrx_word' id='word_1_334' title='bbox 1283 3135 1564 3184; x_wconf 87' lang='lat' dir='ltr'><strong>sermone;</strong></span> <span class='ocrx_word' id='word_1_335' title='bbox 1632 3130 1686 3174; x_wconf 89' lang='lat' dir='ltr'><strong>et</strong></span> <span class='ocrx_word' id='word_1_336' title='bbox 1752 3131 2179 3190; x_wconf 68' lang='lat' dir='ltr'><strong>prmoccnpasset</strong></span> 
     </span>
    </p>
   </div>
   <div class='ocr_carea' id='block_1_45' title="bbox 595 3210 2176 3278">
    <p class='ocr_par' dir='ltr' id='par_1_45' title="bbox 595 3210 2176 3278">
     <span class='ocr_line' id='line_1_45' title="bbox 595 3210 2176 3278; baseline -0.001 -10"><span class='ocrx_word' id='word_1_337' title='bbox 595 3214 832 3268; x_wconf 89' lang='lat' dir='ltr'><strong>animum</strong></span> <span class='ocrx_word' id='word_1_338' title='bbox 866 3254 881 3278; x_wconf 95' lang='lat'><strong>,</strong></span> <span class='ocrx_word' id='word_1_339' title='bbox 937 3223 993 3268; x_wconf 90' lang='lat' dir='ltr'><strong>et</strong></span> <span class='ocrx_word' id='word_1_340' title='bbox 1045 3212 1312 3268; x_wconf 75' lang='lat' dir='ltr'><strong>ellecisset</strong></span> <span class='ocrx_word' id='word_1_341' title='bbox 1360 3212 1695 3275; x_wconf 90' lang='lat' dir='ltr'><strong>sollicitum;</strong></span> <span class='ocrx_word' id='word_1_342' title='bbox 1752 3210 1947 3267; x_wconf 84' lang='lat' dir='ltr'><strong>deinde</strong></span> <span class='ocrx_word' id='word_1_343' title='bbox 2010 3213 2176 3267; x_wconf 86' lang='lat' dir='ltr'><strong>inter-</strong></span> 
     </span>
    </p>
   </div>
   <div class='ocr_carea' id='block_1_46' title="bbox 595 3305 2178 3377">
    <p class='ocr_par' dir='ltr' id='par_1_46' title="bbox 595 3305 2178 3377">
     <span class='ocr_line' id='line_1_46' title="bbox 595 3305 2178 3377; baseline -0.001 -16"><span class='ocrx_word' id='word_1_344' title='bbox 595 3307 865 3377; x_wconf 86' lang='lat' dir='ltr'><strong>posuisset</strong></span> <span class='ocrx_word' id='word_1_345' title='bbox 910 3307 1189 3371; x_wconf 78' lang='lat' dir='ltr'><strong>beneficia,</strong></span> <span class='ocrx_word' id='word_1_346' title='bbox 1233 3317 1286 3361; x_wconf 89' lang='lat' dir='ltr'><strong>et</strong></span> <span class='ocrx_word' id='word_1_347' title='bbox 1332 3305 1382 3360; x_wconf 93' lang='lat' dir='ltr'><strong>id</strong></span> <span class='ocrx_word' id='word_1_348' title='bbox 1427 3306 1836 3374; x_wconf 80' lang='lat' dir='ltr'><strong>amplificasset:</strong></span> <span class='ocrx_word' id='word_1_349' title='bbox 1894 3316 2017 3360; x_wconf 90' lang='lat' dir='ltr'><strong>tunc</strong></span> <span class='ocrx_word' id='word_1_350' title='bbox 2054 3307 2178 3360; x_wconf 86' lang='lat' dir='ltr'><strong>sub-</strong></span> 
     </span>
    </p>
   </div>
   <div class='ocr_carea' id='block_1_47' title="bbox 591 3399 2178 3470">
    <p class='ocr_par' dir='ltr' id='par_1_47' title="bbox 591 3399 2178 3470">
     <span class='ocr_line' id='line_1_47' title="bbox 591 3399 2178 3470; baseline 0.001 -18"><span class='ocrx_word' id='word_1_351' title='bbox 591 3402 766 3470; x_wconf 84' lang='lat' dir='ltr'><strong>jungit</strong></span> <span class='ocrx_word' id='word_1_352' title='bbox 815 3401 1330 3469; x_wconf 89' lang='lat' dir='ltr'><strong>reprehensionem,</strong></span> <span class='ocrx_word' id='word_1_353' title='bbox 1384 3409 1438 3454; x_wconf 86' lang='lat' dir='ltr'><strong>et</strong></span> <span class='ocrx_word' id='word_1_354' title='bbox 1482 3399 1654 3467; x_wconf 92' lang='lat' dir='ltr'><strong>dicit,</strong></span> <span class='ocrx_word' id='word_1_355' title='bbox 1706 3399 1871 3454; x_wconf 88' lang='lat' dir='ltr'><strong>Nemo</strong></span> <span class='ocrx_word' id='word_1_356' title='bbox 1924 3417 2044 3470; x_wconf 85' lang='lat' dir='ltr'><strong>ergo</strong></span> <span class='ocrx_word' id='word_1_357' title='bbox 2092 3416 2178 3455; x_wconf 80' lang='lat' dir='ltr'><strong>vos</strong></span> 
     </span>
    </p>
   </div>
   <div class='ocr_carea' id='block_1_48' title="bbox 588 3492 2177 3563">
    <p class='ocr_par' dir='ltr' id='par_1_48' title="bbox 588 3492 2177 3563">
     <span class='ocr_line' id='line_1_48' title="bbox 588 3492 2177 3563; baseline 0 -19"><span class='ocrx_word' id='word_1_358' title='bbox 588 3492 787 3563; x_wconf 85' lang='lat' dir='ltr'><strong>judieet</strong></span> <span class='ocrx_word' id='word_1_359' title='bbox 828 3492 883 3545; x_wconf 89' lang='lat' dir='ltr'><strong>in</strong></span> <span class='ocrx_word' id='word_1_360' title='bbox 909 3492 1038 3558; x_wconf 87' lang='lat' dir='ltr'><strong>cibo,</strong></span> <span class='ocrx_word' id='word_1_361' title='bbox 1065 3502 1151 3545; x_wconf 89' lang='lat' dir='ltr'><strong>aut</strong></span> <span class='ocrx_word' id='word_1_362' title='bbox 1190 3493 1244 3545; x_wconf 91' lang='lat' dir='ltr'><strong>in</strong></span> <span class='ocrx_word' id='word_1_363' title='bbox 1287 3501 1429 3562; x_wconf 88' lang='lat' dir='ltr'><strong>potu,</strong></span> <span class='ocrx_word' id='word_1_364' title='bbox 1456 3502 1544 3545; x_wconf 91' lang='lat' dir='ltr'><strong>aut</strong></span> <span class='ocrx_word' id='word_1_365' title='bbox 1570 3492 1623 3545; x_wconf 86' lang='lat' dir='ltr'><strong>in</strong></span> <span class='ocrx_word' id='word_1_366' title='bbox 1649 3500 1790 3562; x_wconf 84' lang='lat' dir='ltr'><strong>parte</strong></span> <span class='ocrx_word' id='word_1_367' title='bbox 1818 3492 1917 3545; x_wconf 91' lang='lat' dir='ltr'><strong>diei</strong></span> <span class='ocrx_word' id='word_1_368' title='bbox 1950 3492 2063 3563; x_wconf 78' lang='lat' dir='ltr'><strong>festi</strong></span> <span class='ocrx_word' id='word_1_369' title='bbox 2092 3501 2177 3544; x_wconf 88' lang='lat' dir='ltr'><strong>aut</strong></span> 
     </span>
    </p>
   </div>
   <div class='ocr_carea' id='block_1_49' title="bbox 598 3583 2179 3653">
    <p class='ocr_par' dir='ltr' id='par_1_49' title="bbox 598 3583 2179 3653">
     <span class='ocr_line' id='line_1_49' title="bbox 598 3583 2179 3653; baseline 0.002 -18"><span class='ocrx_word' id='word_1_370' title='bbox 598 3584 877 3637; x_wconf 71' lang='lat' dir='ltr'><strong>neomeniw</strong></span> <span class='ocrx_word' id='word_1_371' title='bbox 890 3595 974 3637; x_wconf 88' lang='lat' dir='ltr'><strong>aut</strong></span> <span class='ocrx_word' id='word_1_372' title='bbox 994 3584 1332 3638; x_wconf 86' lang='lat' dir='ltr'><strong>sabbatorum.</strong></span> <span class='ocrx_word' id='word_1_373' title='bbox 1356 3583 1519 3638; x_wconf 88' lang='lat' dir='ltr'><strong>Vides</strong></span> <span class='ocrx_word' id='word_1_374' title='bbox 1540 3583 1807 3653; x_wconf 91' lang='lat' dir='ltr'><strong>quomodo</strong></span> <span class='ocrx_word' id='word_1_375' title='bbox 1818 3598 1878 3637; x_wconf 90' lang='lat' dir='ltr'><strong>ea</strong></span> <span class='ocrx_word' id='word_1_376' title='bbox 1897 3583 2179 3652; x_wconf 83' lang='lat' dir='ltr'><strong>deprimit?</strong></span> 
     </span>
    </p>
   </div>
   <div class='ocr_carea' id='block_1_50' title="bbox 596 3673 2181 3746">
    <p class='ocr_par' dir='ltr' id='par_1_50' title="bbox 596 3673 2181 3746">
     <span class='ocr_line' id='line_1_50' title="bbox 596 3673 2181 3746; baseline 0.001 -17"><span class='ocrx_word' id='word_1_377' title='bbox 596 3674 649 3729; x_wconf 89' lang='lat' dir='ltr'><strong>Si</strong></span> <span class='ocrx_word' id='word_1_378' title='bbox 680 3690 766 3740; x_wconf 90' lang='lat' dir='ltr'><strong>ea,</strong></span> <span class='ocrx_word' id='word_1_379' title='bbox 800 3676 990 3746; x_wconf 87' lang='lat' dir='ltr'><strong>inquit,</strong></span> <span class='ocrx_word' id='word_1_380' title='bbox 1020 3674 1293 3745; x_wconf 89' lang='lat' dir='ltr'><strong>assequuti</strong></span> <span class='ocrx_word' id='word_1_381' title='bbox 1321 3675 1471 3739; x_wconf 88' lang='lat' dir='ltr'><strong>estis,</strong></span> <span class='ocrx_word' id='word_1_382' title='bbox 1505 3691 1601 3729; x_wconf 90' lang='lat' dir='ltr'><strong>cur</strong></span> <span class='ocrx_word' id='word_1_383' title='bbox 1626 3690 1721 3730; x_wconf 90' lang='lat' dir='ltr'><strong>vos</strong></span> <span class='ocrx_word' id='word_1_384' title='bbox 1748 3674 1926 3743; x_wconf 87' lang='lat' dir='ltr'><strong>parvis</strong></span> <span class='ocrx_word' id='word_1_385' title='bbox 1956 3673 2181 3730; x_wconf 87' lang='lat' dir='ltr'><strong>redditis</strong></span> 
     </span>
    </p>
   </div>
   <div class='ocr_carea' id='block_1_51' title="bbox 601 3766 2182 3837">
    <p class='ocr_par' dir='ltr' id='par_1_51' title="bbox 601 3766 2182 3837">
     <span class='ocr_line' id='line_1_51' title="bbox 601 3766 2182 3837; baseline 0.001 -18"><span class='ocrx_word' id='word_1_386' title='bbox 601 3766 863 3821; x_wconf 84' lang='lat' dir='ltr'><strong>obnoxios</strong></span> <span class='ocrx_word' id='word_1_387' title='bbox 885 3769 908 3818; x_wconf 61' lang='grc' dir='ltr'><strong>Υ</strong></span> <span class='ocrx_word' id='word_1_388' title='bbox 940 3767 1007 3820; x_wconf 87' lang='lat' dir='ltr'><strong>Et</strong></span> <span class='ocrx_word' id='word_1_389' title='bbox 1032 3775 1284 3820; x_wconf 81' lang='lat' dir='ltr'><strong>extenuat</strong></span> <span class='ocrx_word' id='word_1_390' title='bbox 1307 3766 1511 3831; x_wconf 87' lang='lat' dir='ltr'><strong>dicens,</strong></span> <span class='ocrx_word' id='word_1_391' title='bbox 1546 3768 1645 3820; x_wconf 83' lang='lat' dir='ltr'><strong>Aut</strong></span> <span class='ocrx_word' id='word_1_392' title='bbox 1674 3766 1728 3820; x_wconf 89' lang='lat' dir='ltr'><strong>in</strong></span> <span class='ocrx_word' id='word_1_393' title='bbox 1747 3776 1890 3837; x_wconf 87' lang='lat' dir='ltr'><strong>parte</strong></span> <span class='ocrx_word' id='word_1_394' title='bbox 1906 3766 2006 3819; x_wconf 88' lang='lat' dir='ltr'><strong>diei</strong></span> <span class='ocrx_word' id='word_1_395' title='bbox 2026 3767 2182 3837; x_wconf 82' lang='lat' dir='ltr'><strong>festi:</strong></span> 
     </span>
    </p>
   </div>
   <div class='ocr_carea' id='block_1_52' title="bbox 598 3858 2182 3928">
    <p class='ocr_par' dir='ltr' id='par_1_52' title="bbox 598 3858 2182 3928">
     <span class='ocr_line' id='line_1_52' title="bbox 598 3858 2182 3928; baseline 0.001 -18"><span class='ocrx_word' id='word_1_396' title='bbox 598 3873 703 3910; x_wconf 88' lang='lat' dir='ltr'><strong>non</strong></span> <span class='ocrx_word' id='word_1_397' title='bbox 735 3860 877 3912; x_wconf 91' lang='lat' dir='ltr'><strong>enim</strong></span> <span class='ocrx_word' id='word_1_398' title='bbox 910 3859 1162 3912; x_wconf 89' lang='lat' dir='ltr'><strong>tenebant</strong></span> <span class='ocrx_word' id='word_1_399' title='bbox 1205 3859 1383 3913; x_wconf 90' lang='lat' dir='ltr'><strong>omnia</strong></span> <span class='ocrx_word' id='word_1_400' title='bbox 1408 3858 1609 3928; x_wconf 87' lang='lat' dir='ltr'><strong>priora.</strong></span> <span class='ocrx_word' id='word_1_401' title='bbox 1658 3858 1758 3911; x_wconf 79' lang='lat' dir='ltr'><strong>Aut</strong></span> <span class='ocrx_word' id='word_1_402' title='bbox 1794 3858 2068 3912; x_wconf 75' lang='lat' dir='ltr'><strong>neomenite</strong></span> <span class='ocrx_word' id='word_1_403' title='bbox 2092 3866 2182 3912; x_wconf 80' lang='lat' dir='ltr'><strong>aut</strong></span> 
     </span>
    </p>
   </div>
   <div class='ocr_carea' id='block_1_53' title="bbox 597 3949 2183 4020">
    <p class='ocr_par' dir='ltr' id='par_1_53' title="bbox 597 3949 2183 4020">
     <span class='ocr_line' id='line_1_53' title="bbox 597 3949 2183 4020; baseline 0.001 -18"><span class='ocrx_word' id='word_1_404' title='bbox 597 3950 937 4003; x_wconf 85' lang='lat' dir='ltr'><strong>sabbatorum.</strong></span> <span class='ocrx_word' id='word_1_405' title='bbox 992 3950 1107 4004; x_wconf 85' lang='lat' dir='ltr'><strong>Non</strong></span> <span class='ocrx_word' id='word_1_406' title='bbox 1137 3950 1297 4014; x_wconf 84' lang='lat' dir='ltr'><strong>dixit,</strong></span> <span class='ocrx_word' id='word_1_407' title='bbox 1351 3950 1429 4005; x_wconf 86' lang='lat' dir='ltr'><strong>Ne</strong></span> <span class='ocrx_word' id='word_1_408' title='bbox 1474 3965 1605 4020; x_wconf 87' lang='lat' dir='ltr'><strong>ergo</strong></span> <span class='ocrx_word' id='word_1_409' title='bbox 1635 3951 1896 4015; x_wconf 86' lang='lat' dir='ltr'><strong>servetis;</strong></span> <span class='ocrx_word' id='word_1_410' title='bbox 1949 3949 2065 4016; x_wconf 91' lang='lat' dir='ltr'><strong>sed,</strong></span> <span class='ocrx_word' id='word_1_411' title='bbox 2100 3949 2183 4004; x_wconf 88' lang='lat' dir='ltr'><strong>Ne</strong></span> 
     </span>
    </p>
   </div>
   <div class='ocr_carea' id='block_1_54' title="bbox 600 4039 2180 4111">
    <p class='ocr_par' dir='ltr' id='par_1_54' title="bbox 600 4039 2180 4111">
     <span class='ocr_line' id='line_1_54' title="bbox 600 4039 2180 4111; baseline 0.001 -17"><span class='ocrx_word' id='word_1_412' title='bbox 600 4043 713 4110; x_wconf 84' lang='lat' dir='ltr'><strong>quis</strong></span> <span class='ocrx_word' id='word_1_413' title='bbox 740 4057 827 4094; x_wconf 84' lang='lat' dir='ltr'><strong>vos</strong></span> <span class='ocrx_word' id='word_1_414' title='bbox 842 4040 1058 4110; x_wconf 81' lang='lat' dir='ltr'><strong>judicet.</strong></span> <span class='ocrx_word' id='word_1_415' title='bbox 1086 4041 1332 4095; x_wconf 76' lang='lat' dir='ltr'><strong>Ostendit</strong></span> <span class='ocrx_word' id='word_1_416' title='bbox 1351 4041 1501 4111; x_wconf 89' lang='lat' dir='ltr'><strong>ipsos</strong></span> <span class='ocrx_word' id='word_1_417' title='bbox 1529 4039 1825 4109; x_wconf 79' lang='lat' dir='ltr'><strong>transgredi</strong></span> <span class='ocrx_word' id='word_1_418' title='bbox 1852 4050 1907 4095; x_wconf 90' lang='lat' dir='ltr'><strong>et</strong></span> <span class='ocrx_word' id='word_1_419' title='bbox 1930 4041 2180 4105; x_wconf 88' lang='lat' dir='ltr'><strong>solvere;</strong></span> 
     </span>
    </p>
   </div>
   <div class='ocr_carea' id='block_1_55' title="bbox 600 4130 2180 4204">
    <p class='ocr_par' dir='ltr' id='par_1_55' title="bbox 600 4130 2180 4204">
     <span class='ocr_line' id='line_1_55' title="bbox 600 4130 2180 4204; baseline 0.001 -18"><span class='ocrx_word' id='word_1_420' title='bbox 600 4135 655 4187; x_wconf 91' lang='lat' dir='ltr'><strong>in</strong></span> <span class='ocrx_word' id='word_1_421' title='bbox 674 4134 810 4187; x_wconf 88' lang='lat' dir='ltr'><strong>alios</strong></span> <span class='ocrx_word' id='word_1_422' title='bbox 825 4142 1001 4187; x_wconf 90' lang='lat' dir='ltr'><strong>autem</strong></span> <span class='ocrx_word' id='word_1_423' title='bbox 1025 4132 1228 4187; x_wconf 91' lang='lat' dir='ltr'><strong>crimen</strong></span> <span class='ocrx_word' id='word_1_424' title='bbox 1247 4133 1534 4187; x_wconf 84' lang='lat' dir='ltr'><strong>transtulit.</strong></span> <span class='ocrx_word' id='word_1_425' title='bbox 1550 4130 1628 4187; x_wconf 85' lang='lat' dir='ltr'><strong>Ne</strong></span> <span class='ocrx_word' id='word_1_426' title='bbox 1640 4132 1970 4198; x_wconf 88' lang='lat' dir='ltr'><strong>sustineatis,</strong></span> <span class='ocrx_word' id='word_1_427' title='bbox 1988 4132 2180 4204; x_wconf 90' lang='lat' dir='ltr'><strong>inquit,</strong></span> 
     </span>
    </p>
   </div>
   <div class='ocr_carea' id='block_1_56' title="bbox 608 4222 2183 4295">
    <p class='ocr_par' dir='ltr' id='par_1_56' title="bbox 608 4222 2183 4295">
     <span class='ocr_line' id='line_1_56' title="bbox 608 4222 2183 4295; baseline 0.001 -16"><span class='ocrx_word' id='word_1_428' title='bbox 608 4239 706 4279; x_wconf 90' lang='lat' dir='ltr'><strong>eos</strong></span> <span class='ocrx_word' id='word_1_429' title='bbox 728 4222 816 4295; x_wconf 88' lang='lat' dir='ltr'><strong>qui</strong></span> <span class='ocrx_word' id='word_1_430' title='bbox 839 4224 1099 4294; x_wconf 83' lang='lat' dir='ltr'><strong>judicant.</strong></span> <span class='ocrx_word' id='word_1_431' title='bbox 1128 4225 1235 4281; x_wconf 89' lang='lat' dir='ltr'><strong>Sed</strong></span> <span class='ocrx_word' id='word_1_432' title='bbox 1260 4241 1327 4281; x_wconf 90' lang='lat' dir='ltr'><strong>ne</strong></span> <span class='ocrx_word' id='word_1_433' title='bbox 1342 4225 1441 4280; x_wconf 88' lang='lat' dir='ltr'><strong>hoc</strong></span> <span class='ocrx_word' id='word_1_434' title='bbox 1464 4224 1678 4295; x_wconf 87' lang='lat' dir='ltr'><strong>quidem</strong></span> <span class='ocrx_word' id='word_1_435' title='bbox 1706 4242 1720 4290; x_wconf 93' lang='lat'><strong>;</strong></span> <span class='ocrx_word' id='word_1_436' title='bbox 1744 4240 1928 4280; x_wconf 91' lang='lat' dir='ltr'><strong>verum</strong></span> <span class='ocrx_word' id='word_1_437' title='bbox 1952 4240 2075 4280; x_wconf 93' lang='lat' dir='ltr'><strong>cum</strong></span> <span class='ocrx_word' id='word_1_438' title='bbox 2103 4226 2183 4281; x_wconf 89' lang='lat' dir='ltr'><strong>eis</strong></span> 
     </span>
    </p>
   </div>
   <div class='ocr_carea' id='block_1_57' title="bbox 604 4316 2180 4382">
    <p class='ocr_par' dir='ltr' id='par_1_57' title="bbox 604 4316 2180 4382">
     <span class='ocr_line' id='line_1_57' title="bbox 604 4316 2180 4382; baseline 0 -11"><span class='ocrx_word' id='word_1_439' title='bbox 604 4318 777 4372; x_wconf 89' lang='lat' dir='ltr'><strong>solum</strong></span> <span class='ocrx_word' id='word_1_440' title='bbox 834 4318 1094 4382; x_wconf 89' lang='lat' dir='ltr'><strong>disserit,</strong></span> <span class='ocrx_word' id='word_1_441' title='bbox 1152 4333 1258 4372; x_wconf 91' lang='lat' dir='ltr'><strong>non</strong></span> <span class='ocrx_word' id='word_1_442' title='bbox 1304 4319 1381 4372; x_wconf 91' lang='lat' dir='ltr'><strong>eis</strong></span> <span class='ocrx_word' id='word_1_443' title='bbox 1434 4332 1496 4371; x_wconf 92' lang='lat' dir='ltr'><strong>os</strong></span> <span class='ocrx_word' id='word_1_444' title='bbox 1525 4316 1810 4371; x_wconf 91' lang='lat' dir='ltr'><strong>obstrucns</strong></span> <span class='ocrx_word' id='word_1_445' title='bbox 1856 4332 1919 4372; x_wconf 86' lang='lat' dir='ltr'><strong>ac</strong></span> <span class='ocrx_word' id='word_1_446' title='bbox 1969 4332 2063 4372; x_wconf 90' lang='lat' dir='ltr'><strong>eos</strong></span> <span class='ocrx_word' id='word_1_447' title='bbox 2089 4332 2180 4371; x_wconf 87' lang='lat' dir='ltr'><strong>re-</strong></span> 
     </span>
    </p>
   </div>
   <div class='ocr_carea' id='block_1_58' title="bbox 604 4409 2182 4479">
    <p class='ocr_par' dir='ltr' id='par_1_58' title="bbox 604 4409 2182 4479">
     <span class='ocr_line' id='line_1_58' title="bbox 604 4409 2182 4479; baseline 0 -14"><span class='ocrx_word' id='word_1_448' title='bbox 604 4410 844 4479; x_wconf 88' lang='lat' dir='ltr'><strong>primens</strong></span> <span class='ocrx_word' id='word_1_449' title='bbox 872 4453 887 4477; x_wconf 96' lang='lat'><strong>,</strong></span> <span class='ocrx_word' id='word_1_450' title='bbox 919 4411 1150 4467; x_wconf 90' lang='lat' dir='ltr'><strong>dicendo</strong></span> <span class='ocrx_word' id='word_1_451' title='bbox 1173 4454 1189 4477; x_wconf 93' lang='lat'><strong>,</strong></span> <span class='ocrx_word' id='word_1_452' title='bbox 1217 4411 1330 4466; x_wconf 86' lang='lat' dir='ltr'><strong>Non</strong></span> <span class='ocrx_word' id='word_1_453' title='bbox 1362 4410 1570 4465; x_wconf 88' lang='lat' dir='ltr'><strong>debetis</strong></span> <span class='ocrx_word' id='word_1_454' title='bbox 1596 4410 1908 4479; x_wconf 85' lang='lat' dir='ltr'><strong>dijudicare.</strong></span> <span class='ocrx_word' id='word_1_455' title='bbox 1946 4409 2053 4466; x_wconf 89' lang='lat' dir='ltr'><strong>Sed</strong></span> <span class='ocrx_word' id='word_1_456' title='bbox 2083 4410 2182 4465; x_wconf 90' lang='lat' dir='ltr'><strong>bos</strong></span> 
     </span>
    </p>
   </div>
   <div class='ocr_carea' id='block_1_59' title="bbox 601 4501 2184 4570">
    <p class='ocr_par' dir='ltr' id='par_1_59' title="bbox 601 4501 2184 4570">
     <span class='ocr_line' id='line_1_59' title="bbox 601 4501 2184 4570; baseline 0.002 -17"><span class='ocrx_word' id='word_1_457' title='bbox 601 4516 707 4554; x_wconf 88' lang='lat' dir='ltr'><strong>non</strong></span> <span class='ocrx_word' id='word_1_458' title='bbox 764 4501 1191 4570; x_wconf 84' lang='lat' dir='ltr'><strong>reprehensurus</strong></span> <span class='ocrx_word' id='word_1_459' title='bbox 1216 4511 1351 4557; x_wconf 85' lang='lat' dir='ltr'><strong>erat.</strong></span> <span class='ocrx_word' id='word_1_460' title='bbox 1400 4503 1514 4555; x_wconf 80' lang='lat' dir='ltr'><strong>Non</strong></span> <span class='ocrx_word' id='word_1_461' title='bbox 1563 4502 1717 4567; x_wconf 84' lang='lat' dir='ltr'><strong>dixit,</strong></span> <span class='ocrx_word' id='word_1_462' title='bbox 1770 4501 1824 4555; x_wconf 91' lang='lat' dir='ltr'><strong>In</strong></span> <span class='ocrx_word' id='word_1_463' title='bbox 1873 4502 2085 4556; x_wconf 87' lang='lat' dir='ltr'><strong>mundis</strong></span> <span class='ocrx_word' id='word_1_464' title='bbox 2130 4513 2184 4556; x_wconf 91' lang='lat' dir='ltr'><strong>et</strong></span> 
     </span>
    </p>
   </div>
   <div class='ocr_carea' id='block_1_60' title="bbox 603 4592 2185 4664">
    <p class='ocr_par' dir='ltr' id='par_1_60' title="bbox 603 4592 2185 4664">
     <span class='ocr_line' id='line_1_60' title="bbox 603 4592 2185 4664; baseline 0.003 -21"><span class='ocrx_word' id='word_1_465' title='bbox 603 4592 933 4657; x_wconf 89' lang='lat' dir='ltr'><strong>immundis;</strong></span> <span class='ocrx_word' id='word_1_466' title='bbox 962 4607 1133 4661; x_wconf 89' lang='lat' dir='ltr'><strong>neque</strong></span> <span class='ocrx_word' id='word_1_467' title='bbox 1178 4592 1333 4657; x_wconf 82' lang='lat' dir='ltr'><strong>dixit,</strong></span> <span class='ocrx_word' id='word_1_468' title='bbox 1367 4593 1422 4646; x_wconf 95' lang='lat' dir='ltr'><strong>ln</strong></span> <span class='ocrx_word' id='word_1_469' title='bbox 1466 4593 1803 4663; x_wconf 83' lang='lat' dir='ltr'><strong>scenOpegiis</strong></span> <span class='ocrx_word' id='word_1_470' title='bbox 1827 4601 1884 4646; x_wconf 88' lang='lat' dir='ltr'><strong>et</strong></span> <span class='ocrx_word' id='word_1_471' title='bbox 1903 4594 2104 4664; x_wconf 84' lang='lat' dir='ltr'><strong>azymis</strong></span> <span class='ocrx_word' id='word_1_472' title='bbox 2131 4602 2185 4647; x_wconf 92' lang='lat' dir='ltr'><strong>et</strong></span> 
     </span>
    </p>
   </div>
   <div class='ocr_carea' id='block_1_61' title="bbox 604 4682 2183 4754">
    <p class='ocr_par' dir='ltr' id='par_1_61' title="bbox 604 4682 2183 4754">
     <span class='ocr_line' id='line_1_61' title="bbox 604 4682 2183 4754; baseline 0.001 -19"><span class='ocrx_word' id='word_1_473' title='bbox 604 4693 948 4751; x_wconf 88' lang='lat' dir='ltr'><strong>pentecoste;</strong></span> <span class='ocrx_word' id='word_1_474' title='bbox 1026 4682 1121 4737; x_wconf 90' lang='lat' dir='ltr'><strong>sed</strong></span> <span class='ocrx_word' id='word_1_475' title='bbox 1151 4723 1166 4748; x_wconf 94' lang='lat'><strong>,</strong></span> <span class='ocrx_word' id='word_1_476' title='bbox 1224 4682 1291 4736; x_wconf 88' lang='lat' dir='ltr'><strong>In</strong></span> <span class='ocrx_word' id='word_1_477' title='bbox 1341 4693 1484 4751; x_wconf 87' lang='lat' dir='ltr'><strong>parte</strong></span> <span class='ocrx_word' id='word_1_478' title='bbox 1531 4685 1630 4736; x_wconf 87' lang='lat' dir='ltr'><strong>diei</strong></span> <span class='ocrx_word' id='word_1_479' title='bbox 1682 4685 1815 4754; x_wconf 79' lang='lat' dir='ltr'><strong>festi.</strong></span> <span class='ocrx_word' id='word_1_480' title='bbox 1871 4682 1987 4737; x_wconf 88' lang='lat' dir='ltr'><strong>Non</strong></span> <span class='ocrx_word' id='word_1_481' title='bbox 2041 4682 2183 4738; x_wconf 89' lang='lat' dir='ltr'><strong>enim</strong></span> 
     </span>
    </p>
   </div>
   <div class='ocr_carea' id='block_1_62' title="bbox 525 4774 2185 4858">
    <p class='ocr_par' dir='ltr' id='par_1_62' title="bbox 525 4774 2185 4858">
     <span class='ocr_line' id='line_1_62' title="bbox 525 4774 2185 4858; baseline 0.002 -33"><span class='ocrx_word' id='word_1_482' title='bbox 525 4844 546 4858; x_wconf 30' lang='grc' dir='ltr'><strong>ι</strong></span> <span class='ocrx_word' id='word_1_483' title='bbox 601 4774 869 4828; x_wconf 83' lang='lat' dir='ltr'><strong>audebant</strong></span> <span class='ocrx_word' id='word_1_484' title='bbox 896 4780 1068 4828; x_wconf 89' lang='lat' dir='ltr'><strong>totum</strong></span> <span class='ocrx_word' id='word_1_485' title='bbox 1118 4790 1337 4830; x_wconf 90' lang='lat' dir='ltr'><strong>servare</strong></span> <span class='ocrx_word' id='word_1_486' title='bbox 1364 4795 1377 4839; x_wconf 90' lang='lat'><strong>;</strong></span> <span class='ocrx_word' id='word_1_487' title='bbox 1406 4777 1523 4829; x_wconf 90' lang='lat' dir='ltr'><strong>etsi</strong></span> <span class='ocrx_word' id='word_1_488' title='bbox 1546 4776 1854 4839; x_wconf 90' lang='lat' dir='ltr'><strong>servabant,</strong></span> <span class='ocrx_word' id='word_1_489' title='bbox 1885 4774 2095 4828; x_wconf 32' lang='lat' dir='ltr'><strong>non‘ita</strong></span> <span class='ocrx_word' id='word_1_490' title='bbox 2126 4782 2185 4828; x_wconf 88' lang='lat' dir='ltr'><strong>ut</strong></span> 
     </span>
    </p>
   </div>
   <div class='ocr_carea' id='block_1_63' title="bbox 532 4860 2185 4940">
    <p class='ocr_par' dir='ltr' id='par_1_63' title="bbox 532 4860 2185 4940">
     <span class='ocr_line' id='line_1_63' title="bbox 532 4860 2185 4940; baseline 0.004 -23"><span class='ocrx_word' id='word_1_491' title='bbox 532 4860 541 4879; x_wconf 44' lang='grc' dir='ltr'>δ</span> <span class='ocrx_word' id='word_1_492' title='bbox 602 4865 797 4921; x_wconf 77' lang='lat' dir='ltr'><strong>festum</strong></span> <span class='ocrx_word' id='word_1_493' title='bbox 846 4876 1085 4936; x_wconf 86' lang='lat' dir='ltr'><strong>agerent.</strong></span> <span class='ocrx_word' id='word_1_494' title='bbox 1140 4866 1208 4922; x_wconf 83' lang='lat' dir='ltr'><strong>In</strong></span> <span class='ocrx_word' id='word_1_495' title='bbox 1264 4879 1425 4938; x_wconf 85' lang='lat' dir='ltr'><strong>parte,</strong></span> <span class='ocrx_word' id='word_1_496' title='bbox 1484 4869 2008 4938; x_wconf 87' lang='lat' dir='ltr'><strong>inquit;ostendens</strong></span> <span class='ocrx_word' id='word_1_497' title='bbox 2042 4869 2185 4940; x_wconf 87' lang='lat' dir='ltr'><strong>quod</strong></span> 
     </span>
    </p>
   </div>
   <div class='ocr_carea' id='block_1_64' title="bbox 607 4960 2185 5031">
    <p class='ocr_par' dir='ltr' id='par_1_64' title="bbox 607 4960 2185 5031">
     <span class='ocr_line' id='line_1_64' title="bbox 607 4960 2185 5031; baseline 0.002 -18"><span class='ocrx_word' id='word_1_498' title='bbox 607 4974 796 5029; x_wconf 86' lang='lat' dir='ltr'><strong>magna</strong></span> <span class='ocrx_word' id='word_1_499' title='bbox 841 4974 907 5014; x_wconf 90' lang='lat' dir='ltr'><strong>ex</strong></span> <span class='ocrx_word' id='word_1_500' title='bbox 950 4969 1101 5028; x_wconf 89' lang='lat' dir='ltr'><strong>parte</strong></span> <span class='ocrx_word' id='word_1_501' title='bbox 1126 4960 1195 5014; x_wconf 88' lang='lat' dir='ltr'><strong>sit</strong></span> <span class='ocrx_word' id='word_1_502' title='bbox 1224 4961 1395 5014; x_wconf 91' lang='lat' dir='ltr'><strong>solum</strong></span> <span class='ocrx_word' id='word_1_503' title='bbox 1423 4979 1435 5013; x_wconf 91' lang='lat'><strong>:</strong></span> <span class='ocrx_word' id='word_1_504' title='bbox 1467 4976 1589 5014; x_wconf 89' lang='lat' dir='ltr'><strong>nam</strong></span> <span class='ocrx_word' id='word_1_505' title='bbox 1620 4961 1718 5015; x_wconf 87' lang='lat' dir='ltr'><strong>etsi</strong></span> <span class='ocrx_word' id='word_1_506' title='bbox 1750 4961 2029 5015; x_wconf 86' lang='lat' dir='ltr'><strong>sabbatum</strong></span> <span class='ocrx_word' id='word_1_507' title='bbox 2056 4976 2185 5031; x_wconf 90' lang='lat' dir='ltr'><strong>age-</strong></span> 
     </span>
    </p>
   </div>
   <div class='ocr_carea' id='block_1_65' title="bbox 601 5052 2185 5119">
    <p class='ocr_par' dir='ltr' id='par_1_65' title="bbox 601 5052 2185 5119">
     <span class='ocr_line' id='line_1_65' title="bbox 601 5052 2185 5119; baseline 0.001 -13"><span class='ocrx_word' id='word_1_508' title='bbox 601 5054 753 5116; x_wconf 84' lang='lat' dir='ltr'><strong>bant,</strong></span> <span class='ocrx_word' id='word_1_509' title='bbox 784 5068 888 5105; x_wconf 87' lang='lat' dir='ltr'><strong>non</strong></span> <span class='ocrx_word' id='word_1_510' title='bbox 915 5062 1091 5107; x_wconf 90' lang='lat' dir='ltr'><strong>tamen</strong></span> <span class='ocrx_word' id='word_1_511' title='bbox 1119 5061 1306 5108; x_wconf 84' lang='lat' dir='ltr'><strong>exacte</strong></span> <span class='ocrx_word' id='word_1_512' title='bbox 1330 5062 1384 5107; x_wconf 92' lang='lat' dir='ltr'><strong>et</strong></span> <span class='ocrx_word' id='word_1_513' title='bbox 1409 5062 1675 5108; x_wconf 89' lang='lat' dir='ltr'><strong>accurate.</strong></span> <span class='ocrx_word' id='word_1_514' title='bbox 1706 5052 1835 5119; x_wconf 65' lang='lat' dir='ltr'><strong>Quae</strong></span> <span class='ocrx_word' id='word_1_515' title='bbox 1861 5064 1977 5108; x_wconf 88' lang='lat' dir='ltr'><strong>sunt</strong></span> <span class='ocrx_word' id='word_1_516' title='bbox 2008 5055 2185 5108; x_wconf 79' lang='lat' dir='ltr'><strong>umbra‘</strong></span> 
     </span>
    </p>
   </div>
   <div class='ocr_carea' id='block_1_66' title="bbox 606 5144 2187 5216">
    <p class='ocr_par' dir='ltr' id='par_1_66' title="bbox 606 5144 2187 5216">
     <span class='ocr_line' id='line_1_66' title="bbox 606 5144 2187 5216; baseline 0.001 -19"><span class='ocrx_word' id='word_1_517' title='bbox 606 5147 916 5215; x_wconf 81' lang='lat' dir='ltr'><strong>futurorum.</strong></span> <span class='ocrx_word' id='word_1_518' title='bbox 963 5145 1120 5211; x_wconf 86' lang='lat' dir='ltr'><strong>Novi,</strong></span> <span class='ocrx_word' id='word_1_519' title='bbox 1168 5145 1361 5216; x_wconf 89' lang='lat' dir='ltr'><strong>inquit,</strong></span> <span class='ocrx_word' id='word_1_520' title='bbox 1395 5145 1738 5200; x_wconf 88' lang='lat' dir='ltr'><strong>Testamenti.</strong></span> <span class='ocrx_word' id='word_1_521' title='bbox 1772 5144 1969 5214; x_wconf 84' lang='lat' dir='ltr'><strong>Corpus</strong></span> <span class='ocrx_word' id='word_1_522' title='bbox 2020 5154 2187 5199; x_wconf 89' lang='lat' dir='ltr'><strong>autem</strong></span> 
     </span>
    </p>
   </div>
   <div class='ocr_carea' id='block_1_67' title="bbox 612 5234 2188 5307">
    <p class='ocr_par' dir='ltr' id='par_1_67' title="bbox 612 5234 2188 5307">
     <span class='ocr_line' id='line_1_67' title="bbox 612 5234 2188 5307; baseline -0.001 -16"><span class='ocrx_word' id='word_1_523' title='bbox 612 5234 825 5291; x_wconf 80' lang='lat' dir='ltr'><strong>Christi.</strong></span> <span class='ocrx_word' id='word_1_524' title='bbox 856 5236 956 5290; x_wconf 84' lang='lat' dir='ltr'><strong>Alii</strong></span> <span class='ocrx_word' id='word_1_525' title='bbox 989 5236 1203 5307; x_wconf 87' lang='lat' dir='ltr'><strong>quidem</strong></span> <span class='ocrx_word' id='word_1_526' title='bbox 1235 5237 1312 5291; x_wconf 90' lang='lat' dir='ltr'><strong>sic</strong></span> <span class='ocrx_word' id='word_1_527' title='bbox 1359 5244 1557 5306; x_wconf 92' lang='lat' dir='ltr'><strong>puncto</strong></span> <span class='ocrx_word' id='word_1_528' title='bbox 1581 5236 1914 5305; x_wconf 86' lang='lat' dir='ltr'><strong>distinguunt</strong></span> <span class='ocrx_word' id='word_1_529' title='bbox 1948 5254 1962 5289; x_wconf 87' lang='lat'><strong>:</strong></span> <span class='ocrx_word' id='word_1_530' title='bbox 1991 5235 2188 5300; x_wconf 83' lang='lat' dir='ltr'><strong>Corpus</strong></span> 
     </span>
    </p>
   </div>
   <div class='ocr_carea' id='block_1_68' title="bbox 603 5324 2186 5393">
    <p class='ocr_par' dir='ltr' id='par_1_68' title="bbox 603 5324 2186 5393">
     <span class='ocr_line' id='line_1_68' title="bbox 603 5324 2186 5393; baseline -0.001 -12"><span class='ocrx_word' id='word_1_531' title='bbox 603 5338 794 5393; x_wconf 85' lang='lat' dir='ltr'><strong>autem,</strong></span> <span class='ocrx_word' id='word_1_532' title='bbox 820 5328 1043 5393; x_wconf 83' lang='lat' dir='ltr'><strong>Christi;</strong></span> <span class='ocrx_word' id='word_1_533' title='bbox 1067 5328 1265 5382; x_wconf 86' lang='lat' dir='ltr'><strong>veritas</strong></span> <span class='ocrx_word' id='word_1_534' title='bbox 1288 5335 1465 5382; x_wconf 86' lang='lat' dir='ltr'><strong>autem</strong></span> <span class='ocrx_word' id='word_1_535' title='bbox 1494 5327 1547 5380; x_wconf 94' lang='lat' dir='ltr'><strong>in</strong></span> <span class='ocrx_word' id='word_1_536' title='bbox 1568 5324 1783 5381; x_wconf 89' lang='lat' dir='ltr'><strong>Christo</strong></span> <span class='ocrx_word' id='word_1_537' title='bbox 1815 5325 1911 5380; x_wconf 80' lang='lat' dir='ltr'><strong>fuit</strong></span> <span class='ocrx_word' id='word_1_538' title='bbox 1935 5343 1947 5379; x_wconf 92' lang='lat'>:</span> <span class='ocrx_word' id='word_1_539' title='bbox 1972 5326 2064 5380; x_wconf 88' lang='lat' dir='ltr'><strong>alii</strong></span> <span class='ocrx_word' id='word_1_540' title='bbox 2091 5340 2186 5380; x_wconf 87' lang='lat' dir='ltr'><strong>ve-</strong></span> 
     </span>
    </p>
   </div>
   <div class='ocr_carea' id='block_1_69' title="bbox 612 5417 2186 5489">
    <p class='ocr_par' dir='ltr' id='par_1_69' title="bbox 612 5417 2186 5489">
     <span class='ocr_line' id='line_1_69' title="bbox 612 5417 2186 5489; baseline -0.001 -15"><span class='ocrx_word' id='word_1_541' title='bbox 612 5436 694 5485; x_wconf 86' lang='lat' dir='ltr'><strong>ro,</strong></span> <span class='ocrx_word' id='word_1_542' title='bbox 716 5419 910 5489; x_wconf 84' lang='lat' dir='ltr'><strong>Corpus</strong></span> <span class='ocrx_word' id='word_1_543' title='bbox 932 5419 1117 5473; x_wconf 85' lang='lat' dir='ltr'><strong>Christi</strong></span> <span class='ocrx_word' id='word_1_544' title='bbox 1142 5419 1369 5472; x_wconf 88' lang='lat' dir='ltr'><strong>bravium</strong></span> <span class='ocrx_word' id='word_1_545' title='bbox 1400 5434 1545 5472; x_wconf 89' lang='lat' dir='ltr'><strong>nemo</strong></span> <span class='ocrx_word' id='word_1_546' title='bbox 1579 5417 1717 5470; x_wconf 84' lang='lat' dir='ltr'><strong>vobis</strong></span> <span class='ocrx_word' id='word_1_547' title='bbox 1744 5418 2053 5479; x_wconf 84' lang='lat' dir='ltr'><strong>intervertat,</strong></span> <span class='ocrx_word' id='word_1_548' title='bbox 2089 5432 2186 5472; x_wconf 89' lang='lat' dir='ltr'><strong>seu</strong></span> 
     </span>
    </p>
   </div>
   <div class='ocr_carea' id='block_1_70' title="bbox 608 5509 2186 5582">
    <p class='ocr_par' dir='ltr' id='par_1_70' title="bbox 608 5509 2186 5582">
     <span class='ocr_line' id='line_1_70' title="bbox 608 5509 2186 5582; baseline -0.001 -17"><span class='ocrx_word' id='word_1_549' title='bbox 608 5512 929 5582; x_wconf 86' lang='lat' dir='ltr'><strong>intercipiat.</strong></span> <span class='ocrx_word' id='word_1_550' title='bbox 961 5519 1415 5582; x_wconf 74' lang='grc' dir='ltr'><strong>Καταϐραϐευθῆναι</strong></span> <span class='ocrx_word' id='word_1_551' title='bbox 1445 5510 1588 5565; x_wconf 90' lang='lat' dir='ltr'><strong>enim</strong></span> <span class='ocrx_word' id='word_1_552' title='bbox 1619 5510 1637 5581; x_wconf 95' lang='lat'>(</span> <span class='ocrx_word' id='word_1_553' title='bbox 1664 5525 1768 5579; x_wconf 87' lang='lat' dir='ltr'><strong>quo</strong></span> <span class='ocrx_word' id='word_1_554' title='bbox 1796 5510 1959 5563; x_wconf 81' lang='lat' dir='ltr'><strong>verbo</strong></span> <span class='ocrx_word' id='word_1_555' title='bbox 1989 5509 2186 5565; x_wconf 85' lang='lat' dir='ltr'><strong>Paulus</strong></span> 
     </span>
    </p>
   </div>
   <div class='ocr_carea' id='block_1_71' title="bbox 608 5600 2186 5674">
    <p class='ocr_par' dir='ltr' id='par_1_71' title="bbox 608 5600 2186 5674">
     <span class='ocr_line' id='line_1_71' title="bbox 608 5600 2186 5674; baseline -0.001 -18"><span class='ocrx_word' id='word_1_556' title='bbox 608 5602 795 5663; x_wconf 75' lang='lat' dir='ltr'><strong>utitur)</strong></span> <span class='ocrx_word' id='word_1_557' title='bbox 811 5612 891 5659; x_wconf 89' lang='lat' dir='ltr'><strong>cst</strong></span> <span class='ocrx_word' id='word_1_558' title='bbox 907 5603 1120 5674; x_wconf 85' lang='lat' dir='ltr'><strong>quando</strong></span> <span class='ocrx_word' id='word_1_559' title='bbox 1136 5604 1362 5657; x_wconf 89' lang='lat' dir='ltr'><strong>aliorum</strong></span> <span class='ocrx_word' id='word_1_560' title='bbox 1376 5601 1588 5671; x_wconf 91' lang='lat' dir='ltr'><strong>quidem</strong></span> <span class='ocrx_word' id='word_1_561' title='bbox 1606 5609 1689 5656; x_wconf 90' lang='lat' dir='ltr'><strong>est</strong></span> <span class='ocrx_word' id='word_1_562' title='bbox 1703 5601 1940 5665; x_wconf 89' lang='lat' dir='ltr'><strong>victoria,</strong></span> <span class='ocrx_word' id='word_1_563' title='bbox 1961 5600 2186 5655; x_wconf 90' lang='lat' dir='ltr'><strong>aliorum</strong></span> 
     </span>
    </p>
   </div>
   <div class='ocr_carea' id='block_1_72' title="bbox 606 5695 2186 5768">
    <p class='ocr_par' dir='ltr' id='par_1_72' title="bbox 606 5695 2186 5768">
     <span class='ocr_line' id='line_1_72' title="bbox 606 5695 2186 5768; baseline -0.001 -17"><span class='ocrx_word' id='word_1_564' title='bbox 606 5714 738 5753; x_wconf 90' lang='lat' dir='ltr'><strong>vero</strong></span> <span class='ocrx_word' id='word_1_565' title='bbox 767 5700 1004 5754; x_wconf 85' lang='lat' dir='ltr'><strong>hravium</strong></span> <span class='ocrx_word' id='word_1_566' title='bbox 1033 5714 1125 5754; x_wconf 86' lang='lat' dir='ltr'><strong>seu</strong></span> <span class='ocrx_word' id='word_1_567' title='bbox 1157 5697 1434 5768; x_wconf 64' lang='lat' dir='ltr'><strong>praemium</strong></span> <span class='ocrx_word' id='word_1_568' title='bbox 1460 5713 1474 5760; x_wconf 85' lang='lat'><strong>;</strong></span> <span class='ocrx_word' id='word_1_569' title='bbox 1500 5695 1712 5767; x_wconf 91' lang='lat' dir='ltr'><strong>quando</strong></span> <span class='ocrx_word' id='word_1_570' title='bbox 1742 5695 2017 5749; x_wconf 87' lang='lat' dir='ltr'><strong>victoriam</strong></span> <span class='ocrx_word' id='word_1_571' title='bbox 2041 5710 2186 5750; x_wconf 88' lang='lat' dir='ltr'><strong>asse—</strong></span> 
     </span>
    </p>
   </div>
   <div class='ocr_carea' id='block_1_73' title="bbox 602 5786 2182 5861">
    <p class='ocr_par' dir='ltr' id='par_1_73' title="bbox 602 5786 2182 5861">
     <span class='ocr_line' id='line_1_73' title="bbox 602 5786 2182 5861; baseline 0.001 -18"><span class='ocrx_word' id='word_1_572' title='bbox 602 5799 767 5860; x_wconf 85' lang='lat' dir='ltr'><strong>quuto</strong></span> <span class='ocrx_word' id='word_1_573' title='bbox 804 5790 1133 5861; x_wconf 87' lang='lat' dir='ltr'><strong>intercipitur</strong></span> <span class='ocrx_word' id='word_1_574' title='bbox 1175 5788 1472 5861; x_wconf 76' lang='lat' dir='ltr'><strong>prtemium.</strong></span> <span class='ocrx_word' id='word_1_575' title='bbox 1500 5788 1620 5847; x_wconf 82' lang='lat' dir='ltr'><strong>Stas</strong></span> <span class='ocrx_word' id='word_1_576' title='bbox 1646 5802 1805 5859; x_wconf 85' lang='lat' dir='ltr'><strong>supra</strong></span> <span class='ocrx_word' id='word_1_577' title='bbox 1830 5786 2103 5844; x_wconf 84' lang='lat' dir='ltr'><strong>diabolum</strong></span> <span class='ocrx_word' id='word_1_578' title='bbox 2131 5796 2182 5845; x_wconf 89' lang='lat' dir='ltr'><strong>et</strong></span> 
     </span>
    </p>
   </div>
   <div class='ocr_carea' id='block_1_74' title="bbox 2284 1937 3772 2021">
    <p class='ocr_par' dir='ltr' id='par_1_74' title="bbox 2284 1937 3772 2021">
     <span class='ocr_line' id='line_1_74' title="bbox 2284 1937 3772 2021; baseline 0.013 -34"><span class='ocrx_word' id='word_1_579' title='bbox 2284 1943 2588 2003; x_wconf 85' lang='lat' dir='ltr'><strong>peccatum;</strong></span> <span class='ocrx_word' id='word_1_580' title='bbox 2612 1937 2737 2007; x_wconf 91' lang='lat' dir='ltr'><strong>quid</strong></span> <span class='ocrx_word' id='word_1_581' title='bbox 2766 1948 2985 2009; x_wconf 89' lang='lat' dir='ltr'><strong>peccato</strong></span> <span class='ocrx_word' id='word_1_582' title='bbox 3007 1951 3058 1997; x_wconf 91' lang='lat' dir='ltr'><strong>te</strong></span> <span class='ocrx_word' id='word_1_583' title='bbox 3078 1959 3267 2000; x_wconf 89' lang='lat' dir='ltr'><strong>rursus</strong></span> <span class='ocrx_word' id='word_1_584' title='bbox 3295 1946 3540 2017; x_wconf 87' lang='lat' dir='ltr'><strong>subjicis?</strong></span> <span class='ocrx_word' id='word_1_585' title='bbox 3557 1950 3772 2021; x_wconf 78' lang='lat' dir='ltr'><strong>Propterea</strong></span> 
     </span>
    </p>
   </div>
   <div class='ocr_carea' id='block_1_75' title="bbox 2281 2023 3775 2110">
    <p class='ocr_par' dir='ltr' id='par_1_75' title="bbox 2281 2023 3775 2110">
     <span class='ocr_line' id='line_1_75' title="bbox 2281 2023 3775 2110; baseline 0.014 -33"><span class='ocrx_word' id='word_1_586' title='bbox 2281 2023 2511 2094; x_wconf 89' lang='lat' dir='ltr'><strong>dicebat,</strong></span> <span class='ocrx_word' id='word_1_587' title='bbox 2548 2028 2799 2094; x_wconf 82' lang='lat' dir='ltr'><strong>Quoniam</strong></span> <span class='ocrx_word' id='word_1_588' title='bbox 2827 2031 3017 2086; x_wconf 88' lang='lat' dir='ltr'><strong>debitor</strong></span> <span class='ocrx_word' id='word_1_589' title='bbox 3037 2046 3110 2087; x_wconf 86' lang='lat' dir='ltr'><strong>est</strong></span> <span class='ocrx_word' id='word_1_590' title='bbox 3138 2036 3291 2090; x_wconf 75' lang='lat' dir='ltr'><strong>latius</strong></span> <span class='ocrx_word' id='word_1_591' title='bbox 3320 2038 3441 2109; x_wconf 84' lang='lat' dir='ltr'><strong>legis</strong></span> <span class='ocrx_word' id='word_1_592' title='bbox 3464 2041 3717 2110; x_wconf 77' lang='lat' dir='ltr'><strong>implenda:</strong></span> <span class='ocrx_word' id='word_1_593' title='bbox 3738 2052 3775 2097; x_wconf 84' lang='lat' dir='ltr'><strong>et</strong></span> 
     </span>
    </p>
   </div>
   <div class='ocr_carea' id='block_1_76' title="bbox 2280 2118 3773 2203">
    <p class='ocr_par' dir='ltr' id='par_1_76' title="bbox 2280 2118 3773 2203">
     <span class='ocr_line' id='line_1_76' title="bbox 2280 2118 3773 2203; baseline 0.013 -34"><span class='ocrx_word' id='word_1_594' title='bbox 2280 2130 2485 2181; x_wconf 86' lang='lat' dir='ltr'><strong>rursus,</strong></span> <span class='ocrx_word' id='word_1_595' title='bbox 2536 2118 2678 2173; x_wconf 85' lang='lat' dir='ltr'><strong>Num</strong></span> <span class='ocrx_word' id='word_1_596' title='bbox 2717 2121 2944 2176; x_wconf 84' lang='lat' dir='ltr'><strong>inventus</strong></span> <span class='ocrx_word' id='word_1_597' title='bbox 2988 2134 3065 2178; x_wconf 89' lang='lat' dir='ltr'><strong>est</strong></span> <span class='ocrx_word' id='word_1_598' title='bbox 3101 2123 3335 2181; x_wconf 84' lang='lat' dir='ltr'><strong>Christus</strong></span> <span class='ocrx_word' id='word_1_599' title='bbox 3388 2133 3597 2186; x_wconf 85' lang='lat' dir='ltr'><strong>minister</strong></span> <span class='ocrx_word' id='word_1_600' title='bbox 3637 2138 3773 2203; x_wconf 74' lang='lat' dir='ltr'><strong>petenti</strong></span> 
     </span>
    </p>
   </div>
   <div class='ocr_carea' id='block_1_77' title="bbox 2282 2206 3775 2286">
    <p class='ocr_par' dir='ltr' id='par_1_77' title="bbox 2282 2206 3775 2286">
     <span class='ocr_line' id='line_1_77' title="bbox 2282 2206 3775 2286; baseline 0.013 -26"><span class='ocrx_word' id='word_1_601' title='bbox 2282 2206 2421 2276; x_wconf 82' lang='lat' dir='ltr'><strong>(Gal.</strong></span> <span class='ocrx_word' id='word_1_602' title='bbox 2450 2209 2503 2263; x_wconf 87' lang='lat'><strong>5.</strong></span> <span class='ocrx_word' id='word_1_603' title='bbox 2532 2210 2584 2263; x_wconf 82' lang='grc'><strong>5.</strong></span> <span class='ocrx_word' id='word_1_604' title='bbox 2619 2221 2665 2264; x_wconf 89' lang='lat' dir='ltr'><strong>et</strong></span> <span class='ocrx_word' id='word_1_605' title='bbox 2691 2210 2747 2265; x_wconf 72' lang='grc'><strong>2.</strong></span> <span class='ocrx_word' id='word_1_606' title='bbox 2778 2213 2907 2284; x_wconf 79' lang='lat' dir='ltr'><strong>l7)?</strong></span> <span class='ocrx_word' id='word_1_607' title='bbox 2935 2215 3074 2286; x_wconf 90' lang='lat' dir='ltr'><strong>quod</strong></span> <span class='ocrx_word' id='word_1_608' title='bbox 3101 2216 3315 2274; x_wconf 79' lang='lat' dir='ltr'><strong>dicebat</strong></span> <span class='ocrx_word' id='word_1_609' title='bbox 3343 2223 3567 2278; x_wconf 86' lang='lat' dir='ltr'><strong>scribens</strong></span> <span class='ocrx_word' id='word_1_610' title='bbox 3591 2226 3647 2279; x_wconf 88' lang='lat' dir='ltr'><strong>ad</strong></span> <span class='ocrx_word' id='word_1_611' title='bbox 3666 2225 3775 2280; x_wconf 82' lang='lat' dir='ltr'><strong>Gala-</strong></span> 
     </span>
    </p>
   </div>
   <div class='ocr_carea' id='block_1_78' title="bbox 2282 2304 3773 2387">
    <p class='ocr_par' dir='ltr' id='par_1_78' title="bbox 2282 2304 3773 2387">
     <span class='ocr_line' id='line_1_78' title="bbox 2282 2304 3773 2387; baseline 0.011 -31"><span class='ocrx_word' id='word_1_612' title='bbox 2282 2310 2382 2358; x_wconf 87' lang='lat' dir='ltr'><strong>tas.</strong></span> <span class='ocrx_word' id='word_1_613' title='bbox 2421 2304 2646 2371; x_wconf 90' lang='lat' dir='ltr'><strong>Quando</strong></span> <span class='ocrx_word' id='word_1_614' title='bbox 2686 2308 2843 2377; x_wconf 87' lang='lat' dir='ltr'><strong>igitur</strong></span> <span class='ocrx_word' id='word_1_615' title='bbox 2867 2311 2943 2365; x_wconf 91' lang='lat' dir='ltr'><strong>eis</strong></span> <span class='ocrx_word' id='word_1_616' title='bbox 2974 2312 3107 2366; x_wconf 90' lang='lat' dir='ltr'><strong>iram</strong></span> <span class='ocrx_word' id='word_1_617' title='bbox 3146 2327 3387 2369; x_wconf 89' lang='lat' dir='ltr'><strong>moverat</strong></span> <span class='ocrx_word' id='word_1_618' title='bbox 3413 2317 3644 2387; x_wconf 84' lang='lat' dir='ltr'><strong>dicendo,</strong></span> <span class='ocrx_word' id='word_1_619' title='bbox 3670 2318 3773 2373; x_wconf 78' lang='lat' dir='ltr'><strong>Prc-</strong></span> 
     </span>
    </p>
   </div>
   <div class='ocr_carea' id='block_1_79' title="bbox 2281 2395 3775 2480">
    <p class='ocr_par' dir='ltr' id='par_1_79' title="bbox 2281 2395 3775 2480">
     <span class='ocr_line' id='line_1_79' title="bbox 2281 2395 3775 2480; baseline 0.013 -34"><span class='ocrx_word' id='word_1_620' title='bbox 2281 2395 2435 2448; x_wconf 89' lang='lat' dir='ltr'><strong>mium</strong></span> <span class='ocrx_word' id='word_1_621' title='bbox 2460 2396 2777 2460; x_wconf 80' lang='lat' dir='ltr'><strong>intervertat,</strong></span> <span class='ocrx_word' id='word_1_622' title='bbox 2809 2409 2933 2456; x_wconf 92' lang='lat' dir='ltr'><strong>tunc</strong></span> <span class='ocrx_word' id='word_1_623' title='bbox 2957 2402 3142 2473; x_wconf 90' lang='lat' dir='ltr'><strong>incipit</strong></span> <span class='ocrx_word' id='word_1_624' title='bbox 3166 2420 3187 2458; x_wconf 84' lang='lat'><strong><em>:</em></strong></span> <span class='ocrx_word' id='word_1_625' title='bbox 3223 2404 3428 2474; x_wconf 74' lang='lat' dir='ltr'><strong>Valens,</strong></span> <span class='ocrx_word' id='word_1_626' title='bbox 3461 2410 3627 2480; x_wconf 89' lang='lat' dir='ltr'><strong>inquit,</strong></span> <span class='ocrx_word' id='word_1_627' title='bbox 3650 2412 3775 2465; x_wconf 71' lang='lat' dir='ltr'><strong>inhu-</strong></span> 
     </span>
    </p>
   </div>
   <div class='ocr_carea' id='block_1_80' title="bbox 2282 2486 3772 2566">
    <p class='ocr_par' dir='ltr' id='par_1_80' title="bbox 2282 2486 3772 2566">
     <span class='ocr_line' id='line_1_80' title="bbox 2282 2486 3772 2566; baseline 0.012 -29"><span class='ocrx_word' id='word_1_628' title='bbox 2282 2486 2495 2540; x_wconf 85' lang='lat' dir='ltr'><strong>militate</strong></span> <span class='ocrx_word' id='word_1_629' title='bbox 2521 2498 2566 2541; x_wconf 87' lang='lat' dir='ltr'><strong>et</strong></span> <span class='ocrx_word' id='word_1_630' title='bbox 2588 2489 2832 2560; x_wconf 82' lang='lat' dir='ltr'><strong>religione</strong></span> <span class='ocrx_word' id='word_1_631' title='bbox 2845 2494 3158 2563; x_wconf 87' lang='lat' dir='ltr'><strong>angelorum,</strong></span> <span class='ocrx_word' id='word_1_632' title='bbox 3177 2513 3293 2565; x_wconf 65' lang='lat' dir='ltr'><strong>quae</strong></span> <span class='ocrx_word' id='word_1_633' title='bbox 3310 2514 3408 2552; x_wconf 88' lang='lat' dir='ltr'><strong>non</strong></span> <span class='ocrx_word' id='word_1_634' title='bbox 3429 2500 3542 2553; x_wconf 79' lang='lat' dir='ltr'><strong>vidit</strong></span> <span class='ocrx_word' id='word_1_635' title='bbox 3557 2501 3772 2566; x_wconf 74' lang='lat' dir='ltr'><strong>ambulans,</strong></span> 
     </span>
    </p>
   </div>
   <div class='ocr_carea' id='block_1_81' title="bbox 2282 2580 3777 2657">
    <p class='ocr_par' dir='ltr' id='par_1_81' title="bbox 2282 2580 3777 2657">
     <span class='ocr_line' id='line_1_81' title="bbox 2282 2580 3777 2657; baseline 0.011 -27"><span class='ocrx_word' id='word_1_636' title='bbox 2282 2581 2473 2649; x_wconf 77' lang='lat' dir='ltr'><strong>frustra</strong></span> <span class='ocrx_word' id='word_1_637' title='bbox 2501 2580 2711 2650; x_wconf 83' lang='lat' dir='ltr'><strong>inﬂatus</strong></span> <span class='ocrx_word' id='word_1_638' title='bbox 2738 2598 2887 2636; x_wconf 88' lang='lat' dir='ltr'><strong>sensu</strong></span> <span class='ocrx_word' id='word_1_639' title='bbox 2917 2586 3083 2639; x_wconf 82' lang='lat' dir='ltr'><strong>carnis</strong></span> <span class='ocrx_word' id='word_1_640' title='bbox 3108 2604 3233 2642; x_wconf 68' lang='lat' dir='ltr'><strong>suos.</strong></span> <span class='ocrx_word' id='word_1_641' title='bbox 3271 2589 3553 2657; x_wconf 87' lang='lat' dir='ltr'><strong>Quomodo,</strong></span> <span class='ocrx_word' id='word_1_642' title='bbox 3582 2591 3637 2645; x_wconf 84' lang='lat' dir='ltr'><strong>lu</strong></span> <span class='ocrx_word' id='word_1_643' title='bbox 3660 2594 3777 2645; x_wconf 78' lang='lat' dir='ltr'><strong>hami-</strong></span> 
     </span>
    </p>
   </div>
   <div class='ocr_carea' id='block_1_82' title="bbox 2281 2668 3777 2747">
    <p class='ocr_par' dir='ltr' id='par_1_82' title="bbox 2281 2668 3777 2747">
     <span class='ocr_line' id='line_1_82' title="bbox 2281 2668 3777 2747; baseline 0.012 -26"><span class='ocrx_word' id='word_1_644' title='bbox 2281 2668 2464 2723; x_wconf 81' lang='lat' dir='ltr'><strong>litate?</strong></span> <span class='ocrx_word' id='word_1_645' title='bbox 2490 2682 2580 2725; x_wconf 89' lang='lat' dir='ltr'><strong>aut</strong></span> <span class='ocrx_word' id='word_1_646' title='bbox 2609 2673 2905 2742; x_wconf 90' lang='lat' dir='ltr'><strong>quomodo,</strong></span> <span class='ocrx_word' id='word_1_647' title='bbox 2937 2674 3200 2747; x_wconf 74' lang='lat' dir='ltr'><strong>Iit/latus?</strong></span> <span class='ocrx_word' id='word_1_648' title='bbox 3244 2680 3484 2736; x_wconf 86' lang='lat' dir='ltr'><strong>Ostendit</strong></span> <span class='ocrx_word' id='word_1_649' title='bbox 3523 2691 3663 2739; x_wconf 86' lang='lat' dir='ltr'><strong>totum</strong></span> <span class='ocrx_word' id='word_1_650' title='bbox 3696 2700 3777 2738; x_wconf 76' lang='lat' dir='ltr'><strong>esse</strong></span> 
     </span>
    </p>
   </div>
   <div class='ocr_carea' id='block_1_83' title="bbox 2282 2762 3778 2846">
    <p class='ocr_par' dir='ltr' id='par_1_83' title="bbox 2282 2762 3778 2846">
     <span class='ocr_line' id='line_1_83' title="bbox 2282 2762 3778 2846; baseline 0.009 -31"><span class='ocrx_word' id='word_1_651' title='bbox 2282 2762 2455 2817; x_wconf 88' lang='lat' dir='ltr'><strong>inanis</strong></span> <span class='ocrx_word' id='word_1_652' title='bbox 2492 2764 2695 2834; x_wconf 70' lang='lat' dir='ltr'><strong>glorite.</strong></span> <span class='ocrx_word' id='word_1_653' title='bbox 2728 2766 2865 2833; x_wconf 84' lang='lat' dir='ltr'><strong>Quid</strong></span> <span class='ocrx_word' id='word_1_654' title='bbox 2895 2779 2975 2823; x_wconf 89' lang='lat' dir='ltr'><strong>est</strong></span> <span class='ocrx_word' id='word_1_655' title='bbox 3003 2779 3179 2825; x_wconf 89' lang='lat' dir='ltr'><strong>autem</strong></span> <span class='ocrx_word' id='word_1_656' title='bbox 3206 2776 3425 2829; x_wconf 90' lang='lat' dir='ltr'><strong>omnino</strong></span> <span class='ocrx_word' id='word_1_657' title='bbox 3452 2776 3578 2846; x_wconf 89' lang='lat' dir='ltr'><strong>quod</strong></span> <span class='ocrx_word' id='word_1_658' title='bbox 3603 2778 3778 2831; x_wconf 81' lang='lat' dir='ltr'><strong>dicitur?</strong></span> 
     </span>
    </p>
   </div>
   <div class='ocr_carea' id='block_1_84' title="bbox 2284 2852 3778 2939">
    <p class='ocr_par' dir='ltr' id='par_1_84' title="bbox 2284 2852 3778 2939">
     <span class='ocr_line' id='line_1_84' title="bbox 2284 2852 3778 2939; baseline 0.011 -33"><span class='ocrx_word' id='word_1_659' title='bbox 2284 2852 2451 2909; x_wconf 88' lang='lat' dir='ltr'><strong>Erant</strong></span> <span class='ocrx_word' id='word_1_660' title='bbox 2496 2856 2708 2925; x_wconf 91' lang='lat' dir='ltr'><strong>quidam</strong></span> <span class='ocrx_word' id='word_1_661' title='bbox 2758 2858 2845 2928; x_wconf 94' lang='lat' dir='ltr'><strong>qui</strong></span> <span class='ocrx_word' id='word_1_662' title='bbox 2873 2859 3112 2917; x_wconf 88' lang='lat' dir='ltr'><strong>dicerent</strong></span> <span class='ocrx_word' id='word_1_663' title='bbox 3162 2879 3267 2919; x_wconf 91' lang='lat' dir='ltr'><strong>non</strong></span> <span class='ocrx_word' id='word_1_664' title='bbox 3325 2878 3557 2939; x_wconf 90' lang='lat' dir='ltr'><strong>oportere</strong></span> <span class='ocrx_word' id='word_1_665' title='bbox 3598 2883 3677 2922; x_wconf 89' lang='lat' dir='ltr'><strong>nos</strong></span> <span class='ocrx_word' id='word_1_666' title='bbox 3716 2884 3778 2936; x_wconf 79' lang='lat' dir='ltr'><strong>per</strong></span> 
     </span>
    </p>
   </div>
   <div class='ocr_carea' id='block_1_85' title="bbox 2282 2944 3776 3025">
    <p class='ocr_par' dir='ltr' id='par_1_85' title="bbox 2282 2944 3776 3025">
     <span class='ocr_line' id='line_1_85' title="bbox 2282 2944 3776 3025; baseline 0.008 -28"><span class='ocrx_word' id='word_1_667' title='bbox 2282 2944 2550 2999; x_wconf 89' lang='lat' dir='ltr'><strong>Christum</strong></span> <span class='ocrx_word' id='word_1_668' title='bbox 2580 2947 2769 3002; x_wconf 89' lang='lat' dir='ltr'><strong>adduci</strong></span> <span class='ocrx_word' id='word_1_669' title='bbox 2794 2991 2809 3015; x_wconf 97' lang='lat'><strong>,</strong></span> <span class='ocrx_word' id='word_1_670' title='bbox 2856 2949 2949 3004; x_wconf 88' lang='lat' dir='ltr'><strong>sed</strong></span> <span class='ocrx_word' id='word_1_671' title='bbox 2991 2965 3085 3021; x_wconf 91' lang='lat' dir='ltr'><strong>per</strong></span> <span class='ocrx_word' id='word_1_672' title='bbox 3123 2956 3346 3025; x_wconf 84' lang='lat' dir='ltr'><strong>angelos</strong></span> <span class='ocrx_word' id='word_1_673' title='bbox 3375 2973 3388 3010; x_wconf 94' lang='lat'><strong>:</strong></span> <span class='ocrx_word' id='word_1_674' title='bbox 3417 2958 3532 3012; x_wconf 89' lang='lat' dir='ltr'><strong>illud</strong></span> <span class='ocrx_word' id='word_1_675' title='bbox 3558 2959 3675 3012; x_wconf 87' lang='lat' dir='ltr'><strong>enim</strong></span> <span class='ocrx_word' id='word_1_676' title='bbox 3701 2968 3776 3019; x_wconf 60' lang='lat' dir='ltr'><strong>est,</strong></span> 
     </span>
    </p>
   </div>
   <div class='ocr_carea' id='block_1_86' title="bbox 2284 3036 3776 3119">
    <p class='ocr_par' dir='ltr' id='par_1_86' title="bbox 2284 3036 3776 3119">
     <span class='ocr_line' id='line_1_86' title="bbox 2284 3036 3776 3119; baseline 0.008 -29"><span class='ocrx_word' id='word_1_677' title='bbox 2284 3036 2549 3107; x_wconf 90' lang='lat' dir='ltr'><strong>inquiunt,</strong></span> <span class='ocrx_word' id='word_1_678' title='bbox 2584 3040 2754 3110; x_wconf 86' lang='lat' dir='ltr'><strong>majus</strong></span> <span class='ocrx_word' id='word_1_679' title='bbox 2783 3057 2941 3112; x_wconf 89' lang='lat' dir='ltr'><strong>quam</strong></span> <span class='ocrx_word' id='word_1_680' title='bbox 2968 3053 3026 3098; x_wconf 80' lang='grc' dir='ltr'><strong>ιιι</strong></span> <span class='ocrx_word' id='word_1_681' title='bbox 3049 3047 3320 3115; x_wconf 90' lang='lat' dir='ltr'><strong>possimus</strong></span> <span class='ocrx_word' id='word_1_682' title='bbox 3348 3051 3564 3119; x_wconf 89' lang='lat' dir='ltr'><strong>assequi.</strong></span> <span class='ocrx_word' id='word_1_683' title='bbox 3586 3050 3776 3119; x_wconf 81' lang='lat' dir='ltr'><strong>PrOpter-</strong></span> 
     </span>
    </p>
   </div>
   <div class='ocr_carea' id='block_1_87' title="bbox 2282 3131 3776 3206">
    <p class='ocr_par' dir='ltr' id='par_1_87' title="bbox 2282 3131 3776 3206">
     <span class='ocr_line' id='line_1_87' title="bbox 2282 3131 3776 3206; baseline 0.005 -23"><span class='ocrx_word' id='word_1_684' title='bbox 2282 3144 2344 3183; x_wconf 89' lang='lat' dir='ltr'><strong>ea</strong></span> <span class='ocrx_word' id='word_1_685' title='bbox 2377 3145 2573 3200; x_wconf 90' lang='lat' dir='ltr'><strong>susque</strong></span> <span class='ocrx_word' id='word_1_686' title='bbox 2611 3131 2783 3201; x_wconf 89' lang='lat' dir='ltr'><strong>deque</strong></span> <span class='ocrx_word' id='word_1_687' title='bbox 2809 3144 2985 3190; x_wconf 85' lang='lat' dir='ltr'><strong>versat</strong></span> <span class='ocrx_word' id='word_1_688' title='bbox 3013 3151 3130 3206; x_wconf 82' lang='lat' dir='ltr'><strong>quae</strong></span> <span class='ocrx_word' id='word_1_689' title='bbox 3166 3138 3309 3195; x_wconf 90' lang='lat' dir='ltr'><strong>dicta</strong></span> <span class='ocrx_word' id='word_1_690' title='bbox 3340 3151 3458 3196; x_wconf 90' lang='lat' dir='ltr'><strong>sunt</strong></span> <span class='ocrx_word' id='word_1_691' title='bbox 3496 3145 3555 3197; x_wconf 90' lang='lat' dir='ltr'><strong>de</strong></span> <span class='ocrx_word' id='word_1_692' title='bbox 3584 3141 3776 3197; x_wconf 86' lang='lat' dir='ltr'><strong>Christo:</strong></span> 
     </span>
    </p>
   </div>
   <div class='ocr_carea' id='block_1_88' title="bbox 2287 3219 3775 3300">
    <p class='ocr_par' dir='ltr' id='par_1_88' title="bbox 2287 3219 3775 3300">
     <span class='ocr_line' id='line_1_88' title="bbox 2287 3219 3775 3300; baseline 0.007 -28"><span class='ocrx_word' id='word_1_693' title='bbox 2287 3219 2389 3273; x_wconf 87' lang='lat' dir='ltr'><strong>Per</strong></span> <span class='ocrx_word' id='word_1_694' title='bbox 2416 3223 2709 3293; x_wconf 87' lang='lat' dir='ltr'><strong>sanguinem</strong></span> <span class='ocrx_word' id='word_1_695' title='bbox 2738 3226 2899 3279; x_wconf 84' lang='lat' dir='ltr'><strong>erucis</strong></span> <span class='ocrx_word' id='word_1_696' title='bbox 2927 3228 3037 3295; x_wconf 79' lang='lat' dir='ltr'><strong>ejus</strong></span> <span class='ocrx_word' id='word_1_697' title='bbox 3066 3231 3393 3286; x_wconf 85' lang='lat' dir='ltr'><strong>reconciliati</strong></span> <span class='ocrx_word' id='word_1_698' title='bbox 3423 3247 3589 3286; x_wconf 89' lang='lat' dir='ltr'><strong>sumus</strong></span> <span class='ocrx_word' id='word_1_699' title='bbox 3612 3231 3775 3300; x_wconf 66' lang='lat' dir='ltr'><strong>(Colon.</strong></span> 
     </span>
    </p>
   </div>
   <div class='ocr_carea' id='block_1_89' title="bbox 2285 3308 3776 3391">
    <p class='ocr_par' dir='ltr' id='par_1_89' title="bbox 2285 3308 3776 3391">
     <span class='ocr_line' id='line_1_89' title="bbox 2285 3308 3776 3391; baseline 0.011 -24"><span class='ocrx_word' id='word_1_700' title='bbox 2285 3314 2336 3367; x_wconf 94' lang='grc'><strong>1.</strong></span> <span class='ocrx_word' id='word_1_701' title='bbox 2364 3313 2491 3385; x_wconf 73' lang='lat'><strong>20);</strong></span> <span class='ocrx_word' id='word_1_702' title='bbox 2542 3316 2676 3382; x_wconf 85' lang='lat' dir='ltr'><strong>Quia</strong></span> <span class='ocrx_word' id='word_1_703' title='bbox 2716 3334 2808 3386; x_wconf 87' lang='lat' dir='ltr'><strong>pro</strong></span> <span class='ocrx_word' id='word_1_704' title='bbox 2849 3308 2989 3372; x_wconf 74' lang='lat' dir='ltr'><strong>nobis</strong></span> <span class='ocrx_word' id='word_1_705' title='bbox 3019 3337 3196 3389; x_wconf 87' lang='lat' dir='ltr'><strong>passus</strong></span> <span class='ocrx_word' id='word_1_706' title='bbox 3224 3335 3298 3376; x_wconf 88' lang='lat' dir='ltr'><strong>est</strong></span> <span class='ocrx_word' id='word_1_707' title='bbox 3326 3326 3403 3391; x_wconf 84' lang='lat' dir='ltr'><strong>(l.</strong></span> <span class='ocrx_word' id='word_1_708' title='bbox 3446 3324 3574 3378; x_wconf 83' lang='lat' dir='ltr'><strong>Petr.</strong></span> <span class='ocrx_word' id='word_1_709' title='bbox 3609 3325 3652 3377; x_wconf 73' lang='lat'><strong>2.</strong></span> <span class='ocrx_word' id='word_1_710' title='bbox 3684 3324 3776 3390; x_wconf 46' lang='grc' dir='ltr'><strong>ειη</strong></span> 
     </span>
    </p>
   </div>
   <div class='ocr_carea' id='block_1_90' title="bbox 2288 3406 3779 3486">
    <p class='ocr_par' dir='ltr' id='par_1_90' title="bbox 2288 3406 3779 3486">
     <span class='ocr_line' id='line_1_90' title="bbox 2288 3406 3779 3486; baseline 0.007 -29"><span class='ocrx_word' id='word_1_711' title='bbox 2288 3406 2421 3472; x_wconf 84' lang='lat' dir='ltr'><strong>Quia</strong></span> <span class='ocrx_word' id='word_1_712' title='bbox 2451 3422 2542 3460; x_wconf 89' lang='lat' dir='ltr'><strong>nos</strong></span> <span class='ocrx_word' id='word_1_713' title='bbox 2569 3407 2746 3462; x_wconf 74' lang='lat' dir='ltr'><strong>dilexit</strong></span> <span class='ocrx_word' id='word_1_714' title='bbox 2774 3408 2987 3479; x_wconf 84' lang='lat' dir='ltr'><strong>(Ephes.</strong></span> <span class='ocrx_word' id='word_1_715' title='bbox 3019 3411 3072 3465; x_wconf 69' lang='grc' dir='ltr'><strong>Ξ.</strong></span> <span class='ocrx_word' id='word_1_716' title='bbox 3115 3414 3191 3481; x_wconf 76' lang='grc'><strong>4).</strong></span> <span class='ocrx_word' id='word_1_717' title='bbox 3224 3414 3293 3468; x_wconf 85' lang='grc' dir='ltr'><strong>Ει</strong></span> <span class='ocrx_word' id='word_1_718' title='bbox 3323 3415 3376 3469; x_wconf 87' lang='lat' dir='ltr'><strong>in</strong></span> <span class='ocrx_word' id='word_1_719' title='bbox 3407 3420 3501 3471; x_wconf 89' lang='lat' dir='ltr'><strong>hoc</strong></span> <span class='ocrx_word' id='word_1_720' title='bbox 3527 3418 3625 3486; x_wconf 88' lang='lat' dir='ltr'><strong>ipso</strong></span> <span class='ocrx_word' id='word_1_721' title='bbox 3649 3429 3779 3469; x_wconf 78' lang='lat' dir='ltr'><strong>rursus</strong></span> 
     </span>
    </p>
   </div>
   <div class='ocr_carea' id='block_1_91' title="bbox 2284 3498 3778 3575">
    <p class='ocr_par' dir='ltr' id='par_1_91' title="bbox 2284 3498 3778 3575">
     <span class='ocr_line' id='line_1_91' title="bbox 2284 3498 3778 3575; baseline 0.003 -22"><span class='ocrx_word' id='word_1_722' title='bbox 2284 3498 2478 3553; x_wconf 86' lang='lat' dir='ltr'><strong>conlixi</strong></span> <span class='ocrx_word' id='word_1_723' title='bbox 2506 3508 2679 3553; x_wconf 88' lang='lat' dir='ltr'><strong>erant.</strong></span> <span class='ocrx_word' id='word_1_724' title='bbox 2708 3500 2817 3555; x_wconf 86' lang='lat' dir='ltr'><strong>Nec</strong></span> <span class='ocrx_word' id='word_1_725' title='bbox 2847 3502 2999 3568; x_wconf 81' lang='lat' dir='ltr'><strong>dixit,</strong></span> <span class='ocrx_word' id='word_1_726' title='bbox 3035 3503 3445 3573; x_wconf 83' lang='lat' dir='ltr'><strong>Adductionem,</strong></span> <span class='ocrx_word' id='word_1_727' title='bbox 3475 3507 3578 3573; x_wconf 87' lang='lat' dir='ltr'><strong>sed,</strong></span> <span class='ocrx_word' id='word_1_728' title='bbox 3604 3507 3778 3575; x_wconf 83' lang='lat' dir='ltr'><strong>Religio-</strong></span> 
     </span>
    </p>
   </div>
   <div class='ocr_carea' id='block_1_92' title="bbox 2284 3588 3779 3664">
    <p class='ocr_par' dir='ltr' id='par_1_92' title="bbox 2284 3588 3779 3664">
     <span class='ocr_line' id='line_1_92' title="bbox 2284 3588 3779 3664; baseline 0.004 -23"><span class='ocrx_word' id='word_1_729' title='bbox 2284 3603 2428 3642; x_wconf 86' lang='lat' dir='ltr'><strong>nem.</strong></span> <span class='ocrx_word' id='word_1_730' title='bbox 2464 3588 2592 3653; x_wconf 71' lang='lat' dir='ltr'><strong>Quaz</strong></span> <span class='ocrx_word' id='word_1_731' title='bbox 2627 3607 2728 3644; x_wconf 91' lang='lat' dir='ltr'><strong>non</strong></span> <span class='ocrx_word' id='word_1_732' title='bbox 2750 3593 2873 3645; x_wconf 83' lang='lat' dir='ltr'><strong>vidit</strong></span> <span class='ocrx_word' id='word_1_733' title='bbox 2902 3593 3185 3651; x_wconf 86' lang='lat' dir='ltr'><strong>ambulans.</strong></span> <span class='ocrx_word' id='word_1_734' title='bbox 3217 3595 3334 3652; x_wconf 84' lang='lat' dir='ltr'><strong>Non</strong></span> <span class='ocrx_word' id='word_1_735' title='bbox 3362 3599 3498 3653; x_wconf 89' lang='lat' dir='ltr'><strong>enim</strong></span> <span class='ocrx_word' id='word_1_736' title='bbox 3524 3597 3638 3652; x_wconf 87' lang='lat' dir='ltr'><strong>vidit</strong></span> <span class='ocrx_word' id='word_1_737' title='bbox 3664 3610 3779 3664; x_wconf 80' lang='lat' dir='ltr'><strong>ange-</strong></span> 
     </span>
    </p>
   </div>
   <div class='ocr_carea' id='block_1_93' title="bbox 2285 3680 3779 3758">
    <p class='ocr_par' dir='ltr' id='par_1_93' title="bbox 2285 3680 3779 3758">
     <span class='ocr_line' id='line_1_93' title="bbox 2285 3680 3779 3758; baseline 0.005 -24"><span class='ocrx_word' id='word_1_738' title='bbox 2285 3680 2385 3746; x_wconf 91' lang='lat' dir='ltr'><strong>los,</strong></span> <span class='ocrx_word' id='word_1_739' title='bbox 2416 3683 2509 3737; x_wconf 92' lang='lat' dir='ltr'><strong>scd</strong></span> <span class='ocrx_word' id='word_1_740' title='bbox 2542 3683 2611 3737; x_wconf 86' lang='lat' dir='ltr'><strong>ita</strong></span> <span class='ocrx_word' id='word_1_741' title='bbox 2638 3694 2722 3739; x_wconf 88' lang='lat' dir='ltr'><strong>est</strong></span> <span class='ocrx_word' id='word_1_742' title='bbox 2748 3684 2971 3741; x_wconf 69' lang='lat' dir='ltr'><strong>allectus</strong></span> <span class='ocrx_word' id='word_1_743' title='bbox 2995 3696 3264 3758; x_wconf 88' lang='lat' dir='ltr'><strong>tamquam</strong></span> <span class='ocrx_word' id='word_1_744' title='bbox 3292 3691 3336 3745; x_wconf 89' lang='lat' dir='ltr'><strong>si</strong></span> <span class='ocrx_word' id='word_1_745' title='bbox 3358 3690 3579 3746; x_wconf 88' lang='lat' dir='ltr'><strong>vidisset.</strong></span> <span class='ocrx_word' id='word_1_746' title='bbox 3601 3691 3779 3758; x_wconf 86' lang='lat' dir='ltr'><strong>Propter-</strong></span> 
     </span>
    </p>
   </div>
   <div class='ocr_carea' id='block_1_94' title="bbox 2285 3773 3779 3847">
    <p class='ocr_par' dir='ltr' id='par_1_94' title="bbox 2285 3773 3779 3847">
     <span class='ocr_line' id='line_1_94' title="bbox 2285 3773 3779 3847; baseline 0.004 -21"><span class='ocrx_word' id='word_1_747' title='bbox 2285 3786 2347 3826; x_wconf 88' lang='lat' dir='ltr'><strong>ea</strong></span> <span class='ocrx_word' id='word_1_748' title='bbox 2400 3773 2560 3840; x_wconf 88' lang='lat' dir='ltr'><strong>dicit,</strong></span> <span class='ocrx_word' id='word_1_749' title='bbox 2618 3773 2840 3846; x_wconf 80' lang='lat' dir='ltr'><strong>lnﬂatus</strong></span> <span class='ocrx_word' id='word_1_750' title='bbox 2882 3794 3029 3830; x_wconf 79' lang='lat' dir='ltr'><strong>sensu</strong></span> <span class='ocrx_word' id='word_1_751' title='bbox 3076 3781 3243 3833; x_wconf 86' lang='lat' dir='ltr'><strong>carnis</strong></span> <span class='ocrx_word' id='word_1_752' title='bbox 3290 3798 3395 3837; x_wconf 67' lang='lat' dir='ltr'><strong>sum</strong></span> <span class='ocrx_word' id='word_1_753' title='bbox 3439 3792 3617 3837; x_wconf 82' lang='lat' dir='ltr'><strong>temere.</strong></span> <span class='ocrx_word' id='word_1_754' title='bbox 3652 3779 3779 3847; x_wconf 81' lang='lat' dir='ltr'><strong>Neque</strong></span> 
     </span>
    </p>
   </div>
   <div class='ocr_carea' id='block_1_95' title="bbox 2285 3865 3778 3944">
    <p class='ocr_par' dir='ltr' id='par_1_95' title="bbox 2285 3865 3778 3944">
     <span class='ocr_line' id='line_1_95' title="bbox 2285 3865 3778 3944; baseline 0.002 -24"><span class='ocrx_word' id='word_1_755' title='bbox 2285 3865 2427 3920; x_wconf 89' lang='lat' dir='ltr'><strong>enim</strong></span> <span class='ocrx_word' id='word_1_756' title='bbox 2456 3876 2675 3936; x_wconf 90' lang='lat' dir='ltr'><strong>propter</strong></span> <span class='ocrx_word' id='word_1_757' title='bbox 2695 3884 2805 3923; x_wconf 92' lang='lat' dir='ltr'><strong>rem</strong></span> <span class='ocrx_word' id='word_1_758' title='bbox 2835 3868 3065 3939; x_wconf 88' lang='lat' dir='ltr'><strong>aliquam</strong></span> <span class='ocrx_word' id='word_1_759' title='bbox 3090 3886 3295 3937; x_wconf 87' lang='lat' dir='ltr'><strong>veram,</strong></span> <span class='ocrx_word' id='word_1_760' title='bbox 3323 3873 3413 3928; x_wconf 89' lang='lat' dir='ltr'><strong>sed</strong></span> <span class='ocrx_word' id='word_1_761' title='bbox 3436 3884 3628 3944; x_wconf 87' lang='lat' dir='ltr'><strong>propter</strong></span> <span class='ocrx_word' id='word_1_762' title='bbox 3643 3872 3778 3940; x_wconf 77' lang='lat' dir='ltr'><strong>dogma</strong></span> 
     </span>
    </p>
   </div>
   <div class='ocr_carea' id='block_1_96' title="bbox 2286 3956 3779 4033">
    <p class='ocr_par' dir='ltr' id='par_1_96' title="bbox 2286 3956 3779 4033">
     <span class='ocr_line' id='line_1_96' title="bbox 2286 3956 3779 4033; baseline 0.001 -23"><span class='ocrx_word' id='word_1_763' title='bbox 2286 3956 2387 4011; x_wconf 84' lang='lat' dir='ltr'><strong>fuit</strong></span> <span class='ocrx_word' id='word_1_764' title='bbox 2414 3958 2645 4011; x_wconf 83' lang='lat' dir='ltr'><strong>inﬂatus.</strong></span> <span class='ocrx_word' id='word_1_765' title='bbox 2680 3958 2747 4013; x_wconf 86' lang='lat' dir='ltr'><strong>Et</strong></span> <span class='ocrx_word' id='word_1_766' title='bbox 2787 3960 3095 4017; x_wconf 89' lang='lat' dir='ltr'><strong>humilitatis</strong></span> <span class='ocrx_word' id='word_1_767' title='bbox 3121 3979 3231 4032; x_wconf 68' lang='lat' dir='ltr'><strong>pra:</strong></span> <span class='ocrx_word' id='word_1_768' title='bbox 3270 3979 3331 4019; x_wconf 90' lang='lat' dir='ltr'><strong>se</strong></span> <span class='ocrx_word' id='word_1_769' title='bbox 3370 3964 3470 4019; x_wconf 83' lang='lat' dir='ltr'><strong>l‘ert</strong></span> <span class='ocrx_word' id='word_1_770' title='bbox 3496 3966 3705 4033; x_wconf 88' lang='lat' dir='ltr'><strong>speciem.</strong></span> <span class='ocrx_word' id='word_1_771' title='bbox 3728 3963 3779 4013; x_wconf 76' lang='lat' dir='ltr'><strong>Ac</strong></span> 
     </span>
    </p>
   </div>
   <div class='ocr_carea' id='block_1_97' title="bbox 2285 4047 3749 4126">
    <p class='ocr_par' dir='ltr' id='par_1_97' title="bbox 2285 4047 3749 4126">
     <span class='ocr_line' id='line_1_97' title="bbox 2285 4047 3749 4126; baseline 0.001 -25"><span class='ocrx_word' id='word_1_772' title='bbox 2285 4050 2329 4101; x_wconf 88' lang='lat' dir='ltr'><strong>si</strong></span> <span class='ocrx_word' id='word_1_773' title='bbox 2369 4047 2571 4103; x_wconf 90' lang='lat' dir='ltr'><strong>diceret</strong></span> <span class='ocrx_word' id='word_1_774' title='bbox 2597 4091 2613 4113; x_wconf 96' lang='lat'><strong>,</strong></span> <span class='ocrx_word' id='word_1_775' title='bbox 2643 4047 2724 4104; x_wconf 89' lang='lat' dir='ltr'><strong>0b</strong></span> <span class='ocrx_word' id='word_1_776' title='bbox 2753 4059 2985 4105; x_wconf 87' lang='lat' dir='ltr'><strong>mentem</strong></span> <span class='ocrx_word' id='word_1_777' title='bbox 3014 4053 3285 4109; x_wconf 84' lang='lat' dir='ltr'><strong>carnalem</strong></span> <span class='ocrx_word' id='word_1_778' title='bbox 3310 4095 3327 4121; x_wconf 94' lang='lat'><strong>,</strong></span> <span class='ocrx_word' id='word_1_779' title='bbox 3359 4070 3462 4112; x_wconf 92' lang='lat' dir='ltr'><strong>non</strong></span> <span class='ocrx_word' id='word_1_780' title='bbox 3489 4053 3749 4126; x_wconf 82' lang='lat' dir='ltr'><strong>spiritualcm</strong></span> 
     </span>
    </p>
   </div>
   <div class='ocr_carea' id='block_1_98' title="bbox 2287 4140 3781 4219">
    <p class='ocr_par' dir='ltr' id='par_1_98' title="bbox 2287 4140 3781 4219">
     <span class='ocr_line' id='line_1_98' title="bbox 2287 4140 3781 4219; baseline 0 -25"><span class='ocrx_word' id='word_1_781' title='bbox 2287 4140 2520 4196; x_wconf 86' lang='lat' dir='ltr'><strong>humana</strong></span> <span class='ocrx_word' id='word_1_782' title='bbox 2549 4150 2631 4197; x_wconf 88' lang='lat' dir='ltr'><strong>est</strong></span> <span class='ocrx_word' id='word_1_783' title='bbox 2656 4143 2926 4213; x_wconf 83' lang='lat' dir='ltr'><strong>cogitatio.</strong></span> <span class='ocrx_word' id='word_1_784' title='bbox 2961 4144 3030 4198; x_wconf 83' lang='lat' dir='ltr'><strong>Et</strong></span> <span class='ocrx_word' id='word_1_785' title='bbox 3055 4161 3154 4199; x_wconf 89' lang='lat' dir='ltr'><strong>non</strong></span> <span class='ocrx_word' id='word_1_786' title='bbox 3185 4156 3356 4202; x_wconf 84' lang='lat' dir='ltr'><strong>tenens</strong></span> <span class='ocrx_word' id='word_1_787' title='bbox 3381 4158 3544 4219; x_wconf 80' lang='lat' dir='ltr'><strong>caput,</strong></span> <span class='ocrx_word' id='word_1_788' title='bbox 3568 4144 3717 4215; x_wconf 88' lang='lat' dir='ltr'><strong>inquit,</strong></span> <span class='ocrx_word' id='word_1_789' title='bbox 3742 4158 3781 4195; x_wconf 71' lang='lat' dir='ltr'><strong>et</strong></span> 
     </span>
    </p>
   </div>
   <div class='ocr_carea' id='block_1_99' title="bbox 2285 4234 3780 4305">
    <p class='ocr_par' dir='ltr' id='par_1_99' title="bbox 2285 4234 3780 4305">
     <span class='ocr_line' id='line_1_99' title="bbox 2285 4234 3780 4305; baseline 0.001 -20"><span class='ocrx_word' id='word_1_790' title='bbox 2285 4249 2383 4302; x_wconf 89' lang='lat' dir='ltr'><strong>quo</strong></span> <span class='ocrx_word' id='word_1_791' title='bbox 2410 4242 2566 4286; x_wconf 85' lang='lat' dir='ltr'><strong>totum</strong></span> <span class='ocrx_word' id='word_1_792' title='bbox 2592 4249 2794 4303; x_wconf 82' lang='lat' dir='ltr'><strong>corpus.</strong></span> <span class='ocrx_word' id='word_1_793' title='bbox 2834 4234 2888 4289; x_wconf 81' lang='grc' dir='ltr'><strong>ω</strong></span> <span class='ocrx_word' id='word_1_794' title='bbox 2915 4244 3017 4298; x_wconf 88' lang='lat' dir='ltr'><strong>est.</strong></span> <span class='ocrx_word' id='word_1_795' title='bbox 3051 4235 3174 4292; x_wconf 92' lang='lat' dir='ltr'><strong>hinc</strong></span> <span class='ocrx_word' id='word_1_796' title='bbox 3211 4237 3372 4295; x_wconf 85' lang='lat' dir='ltr'><strong>habet</strong></span> <span class='ocrx_word' id='word_1_797' title='bbox 3398 4248 3454 4294; x_wconf 89' lang='lat' dir='ltr'><strong>ut</strong></span> <span class='ocrx_word' id='word_1_798' title='bbox 3480 4239 3563 4305; x_wconf 89' lang='lat' dir='ltr'><strong>sit,</strong></span> <span class='ocrx_word' id='word_1_799' title='bbox 3589 4246 3634 4292; x_wconf 85' lang='lat' dir='ltr'><strong>et</strong></span> <span class='ocrx_word' id='word_1_800' title='bbox 3657 4246 3697 4288; x_wconf 89' lang='lat' dir='ltr'><strong>ut</strong></span> <span class='ocrx_word' id='word_1_801' title='bbox 3720 4249 3780 4287; x_wconf 89' lang='lat' dir='ltr'><strong>re-</strong></span> 
     </span>
    </p>
   </div>
   <div class='ocr_carea' id='block_1_100' title="bbox 2287 4322 3781 4399">
    <p class='ocr_par' dir='ltr' id='par_1_100' title="bbox 2287 4322 3781 4399">
     <span class='ocr_line' id='line_1_100' title="bbox 2287 4322 3781 4399; baseline -0.001 -22"><span class='ocrx_word' id='word_1_802' title='bbox 2287 4331 2372 4377; x_wconf 89' lang='lat' dir='ltr'><strong>cte</strong></span> <span class='ocrx_word' id='word_1_803' title='bbox 2405 4324 2491 4377; x_wconf 87' lang='lat' dir='ltr'><strong>sit.</strong></span> <span class='ocrx_word' id='word_1_804' title='bbox 2525 4325 2660 4390; x_wconf 88' lang='lat' dir='ltr'><strong>Quid</strong></span> <span class='ocrx_word' id='word_1_805' title='bbox 2693 4340 2821 4395; x_wconf 84' lang='lat' dir='ltr'><strong>ergo</strong></span> <span class='ocrx_word' id='word_1_806' title='bbox 2849 4325 3070 4381; x_wconf 91' lang='lat' dir='ltr'><strong>dimisso</strong></span> <span class='ocrx_word' id='word_1_807' title='bbox 3097 4330 3272 4399; x_wconf 87' lang='lat' dir='ltr'><strong>capite</strong></span> <span class='ocrx_word' id='word_1_808' title='bbox 3300 4332 3468 4384; x_wconf 71' lang='lat' dir='ltr'><strong>haeres</strong></span> <span class='ocrx_word' id='word_1_809' title='bbox 3493 4324 3731 4384; x_wconf 82' lang='lat' dir='ltr'><strong>membris?</strong></span> <span class='ocrx_word' id='word_1_810' title='bbox 3752 4322 3781 4370; x_wconf 79' lang='lat' dir='ltr'><strong>si</strong></span> 
     </span>
    </p>
   </div>
   <div class='ocr_carea' id='block_1_101' title="bbox 2288 4406 3777 4490">
    <p class='ocr_par' dir='ltr' id='par_1_101' title="bbox 2288 4406 3777 4490">
     <span class='ocr_line' id='line_1_101' title="bbox 2288 4406 3777 4490; baseline 0.008 -24"><span class='ocrx_word' id='word_1_811' title='bbox 2288 4413 2434 4468; x_wconf 89' lang='lat' dir='ltr'><strong>illinc</strong></span> <span class='ocrx_word' id='word_1_812' title='bbox 2460 4406 2723 4469; x_wconf 86' lang='lat' dir='ltr'><strong>excideris</strong></span> <span class='ocrx_word' id='word_1_813' title='bbox 2743 4458 2757 4481; x_wconf 93' lang='lat'><strong>,</strong></span> <span class='ocrx_word' id='word_1_814' title='bbox 2792 4417 3015 4485; x_wconf 90' lang='lat' dir='ltr'><strong>periisti.</strong></span> <span class='ocrx_word' id='word_1_815' title='bbox 3046 4417 3128 4471; x_wconf 70' lang='lat' dir='ltr'><strong>Ex</strong></span> <span class='ocrx_word' id='word_1_816' title='bbox 3164 4436 3261 4488; x_wconf 87' lang='lat' dir='ltr'><strong>quo</strong></span> <span class='ocrx_word' id='word_1_817' title='bbox 3292 4430 3449 4473; x_wconf 87' lang='lat' dir='ltr'><strong>totum</strong></span> <span class='ocrx_word' id='word_1_818' title='bbox 3485 4434 3656 4490; x_wconf 48' lang='lat' dir='ltr'><strong>corpus</strong></span> <span class='ocrx_word' id='word_1_819' title='bbox 3688 4413 3777 4479; x_wconf 72' lang='grc' dir='ltr'><strong>Οιιί·</strong></span> 
     </span>
    </p>
   </div>
   <div class='ocr_carea' id='block_1_102' title="bbox 2287 4505 3776 4575">
    <p class='ocr_par' dir='ltr' id='par_1_102' title="bbox 2287 4505 3776 4575">
     <span class='ocr_line' id='line_1_102' title="bbox 2287 4505 3776 4575; baseline 0.002 -18"><span class='ocrx_word' id='word_1_820' title='bbox 2287 4519 2514 4575; x_wconf 89' lang='lat' dir='ltr'><strong>cumque</strong></span> <span class='ocrx_word' id='word_1_821' title='bbox 2540 4506 2627 4572; x_wconf 90' lang='lat' dir='ltr'><strong>sit,</strong></span> <span class='ocrx_word' id='word_1_822' title='bbox 2658 4522 2764 4560; x_wconf 92' lang='lat' dir='ltr'><strong>non</strong></span> <span class='ocrx_word' id='word_1_823' title='bbox 2795 4509 2965 4561; x_wconf 88' lang='lat' dir='ltr'><strong>solum</strong></span> <span class='ocrx_word' id='word_1_824' title='bbox 2996 4508 3115 4563; x_wconf 88' lang='lat' dir='ltr'><strong>inde</strong></span> <span class='ocrx_word' id='word_1_825' title='bbox 3142 4509 3301 4565; x_wconf 91' lang='lat' dir='ltr'><strong>habet</strong></span> <span class='ocrx_word' id='word_1_826' title='bbox 3323 4521 3377 4565; x_wconf 91' lang='lat' dir='ltr'><strong>ut</strong></span> <span class='ocrx_word' id='word_1_827' title='bbox 3400 4512 3547 4575; x_wconf 76' lang='lat' dir='ltr'><strong>vivat,</strong></span> <span class='ocrx_word' id='word_1_828' title='bbox 3570 4507 3646 4563; x_wconf 86' lang='lat' dir='ltr'><strong>sed</strong></span> <span class='ocrx_word' id='word_1_829' title='bbox 3666 4505 3776 4557; x_wconf 80' lang='lat' dir='ltr'><strong>etiam</strong></span> 
     </span>
    </p>
   </div>
   <div class='ocr_carea' id='block_1_103' title="bbox 2289 4596 3777 4673">
    <p class='ocr_par' dir='ltr' id='par_1_103' title="bbox 2289 4596 3777 4673">
     <span class='ocr_line' id='line_1_103' title="bbox 2289 4596 3777 4673; baseline 0.002 -24"><span class='ocrx_word' id='word_1_830' title='bbox 2289 4606 2347 4649; x_wconf 92' lang='lat' dir='ltr'><strong>ut</strong></span> <span class='ocrx_word' id='word_1_831' title='bbox 2388 4598 2462 4650; x_wconf 93' lang='lat' dir='ltr'><strong>illi</strong></span> <span class='ocrx_word' id='word_1_832' title='bbox 2504 4597 2877 4667; x_wconf 87' lang='lat' dir='ltr'><strong>conjungatur.</strong></span> <span class='ocrx_word' id='word_1_833' title='bbox 2912 4600 3168 4655; x_wconf 88' lang='lat' dir='ltr'><strong>Universa</strong></span> <span class='ocrx_word' id='word_1_834' title='bbox 3213 4602 3446 4658; x_wconf 87' lang='lat' dir='ltr'><strong>Ecclesia</strong></span> <span class='ocrx_word' id='word_1_835' title='bbox 3475 4598 3685 4673; x_wconf 87' lang='lat' dir='ltr'><strong>quamdiu</strong></span> <span class='ocrx_word' id='word_1_836' title='bbox 3715 4596 3777 4647; x_wconf 78' lang='lat' dir='ltr'><strong>ha-</strong></span> 
     </span>
    </p>
   </div>
   <div class='ocr_carea' id='block_1_104' title="bbox 2289 4687 3774 4763">
    <p class='ocr_par' dir='ltr' id='par_1_104' title="bbox 2289 4687 3774 4763">
     <span class='ocr_line' id='line_1_104' title="bbox 2289 4687 3774 4763; baseline 0.001 -21"><span class='ocrx_word' id='word_1_837' title='bbox 2289 4687 2464 4742; x_wconf 89' lang='lat' dir='ltr'><strong>buerit</strong></span> <span class='ocrx_word' id='word_1_838' title='bbox 2492 4700 2671 4758; x_wconf 90' lang='lat' dir='ltr'><strong>caput,</strong></span> <span class='ocrx_word' id='word_1_839' title='bbox 2702 4701 2943 4759; x_wconf 82' lang='lat' dir='ltr'><strong>augetur.</strong></span> <span class='ocrx_word' id='word_1_840' title='bbox 2978 4691 3092 4745; x_wconf 90' lang='lat' dir='ltr'><strong>Non</strong></span> <span class='ocrx_word' id='word_1_841' title='bbox 3124 4696 3264 4747; x_wconf 91' lang='lat' dir='ltr'><strong>enim</strong></span> <span class='ocrx_word' id='word_1_842' title='bbox 3299 4693 3596 4763; x_wconf 68' lang='lat' dir='ltr'><strong>arrogantia:</strong></span> <span class='ocrx_word' id='word_1_843' title='bbox 3613 4699 3655 4745; x_wconf 89' lang='lat' dir='ltr'><strong>et</strong></span> <span class='ocrx_word' id='word_1_844' title='bbox 3673 4698 3774 4738; x_wconf 70' lang='lat' dir='ltr'><strong>vanfe</strong></span> 
     </span>
    </p>
   </div>
   <div class='ocr_carea' id='block_1_105' title="bbox 2289 4776 3774 4847">
    <p class='ocr_par' dir='ltr' id='par_1_105' title="bbox 2289 4776 3774 4847">
     <span class='ocr_line' id='line_1_105' title="bbox 2289 4776 3774 4847; baseline -0.002 -16"><span class='ocrx_word' id='word_1_845' title='bbox 2289 4778 2474 4847; x_wconf 71' lang='lat' dir='ltr'><strong>glorim</strong></span> <span class='ocrx_word' id='word_1_846' title='bbox 2513 4788 2596 4832; x_wconf 90' lang='lat' dir='ltr'><strong>est</strong></span> <span class='ocrx_word' id='word_1_847' title='bbox 2628 4780 2859 4847; x_wconf 71' lang='lat' dir='ltr'><strong>affectio,</strong></span> <span class='ocrx_word' id='word_1_848' title='bbox 2890 4783 3161 4836; x_wconf 77' lang='lat' dir='ltr'><strong>inventum</strong></span> <span class='ocrx_word' id='word_1_849' title='bbox 3192 4782 3435 4839; x_wconf 76' lang='lat' dir='ltr'><strong>humana:</strong></span> <span class='ocrx_word' id='word_1_850' title='bbox 3470 4782 3653 4839; x_wconf 89' lang='lat' dir='ltr'><strong>mentis.</strong></span> <span class='ocrx_word' id='word_1_851' title='bbox 3681 4776 3774 4831; x_wconf 82' lang='lat' dir='ltr'><strong>Ecce</strong></span> 
     </span>
    </p>
   </div>
   <div class='ocr_carea' id='block_1_106' title="bbox 2291 4866 3774 4937">
    <p class='ocr_par' dir='ltr' id='par_1_106' title="bbox 2291 4866 3774 4937">
     <span class='ocr_line' id='line_1_106' title="bbox 2291 4866 3774 4937; baseline -0.003 -14"><span class='ocrx_word' id='word_1_852' title='bbox 2291 4867 2418 4923; x_wconf 87' lang='lat' dir='ltr'><strong>illud</strong></span> <span class='ocrx_word' id='word_1_853' title='bbox 2440 4909 2454 4931; x_wconf 92' lang='lat'><strong>,</strong></span> <span class='ocrx_word' id='word_1_854' title='bbox 2489 4866 2572 4921; x_wconf 80' lang='lat' dir='ltr'><strong>Ea:</strong></span> <span class='ocrx_word' id='word_1_855' title='bbox 2605 4886 2722 4937; x_wconf 89' lang='lat' dir='ltr'><strong>quo,</strong></span> <span class='ocrx_word' id='word_1_856' title='bbox 2753 4869 2946 4925; x_wconf 90' lang='lat' dir='ltr'><strong>dicitur</strong></span> <span class='ocrx_word' id='word_1_857' title='bbox 2973 4870 3041 4926; x_wconf 91' lang='lat' dir='ltr'><strong>de</strong></span> <span class='ocrx_word' id='word_1_858' title='bbox 3067 4872 3221 4927; x_wconf 87' lang='lat' dir='ltr'><strong>Filio.</strong></span> <span class='ocrx_word' id='word_1_859' title='bbox 3254 4873 3355 4928; x_wconf 87' lang='lat' dir='ltr'><strong>Per</strong></span> <span class='ocrx_word' id='word_1_860' title='bbox 3380 4891 3529 4927; x_wconf 71' lang='lat' dir='ltr'><strong>nexus</strong></span> <span class='ocrx_word' id='word_1_861' title='bbox 3551 4884 3590 4925; x_wconf 87' lang='lat' dir='ltr'><strong>et</strong></span> <span class='ocrx_word' id='word_1_862' title='bbox 3620 4868 3774 4934; x_wconf 68' lang='lat' dir='ltr'><strong>conjun-</strong></span> 
     </span>
    </p>
   </div>
   <div class='ocr_carea' id='block_1_107' title="bbox 2291 4953 3775 5030">
    <p class='ocr_par' dir='ltr' id='par_1_107' title="bbox 2291 4953 3775 5030">
     <span class='ocr_line' id='line_1_107' title="bbox 2291 4953 3775 5030; baseline -0.002 -19"><span class='ocrx_word' id='word_1_863' title='bbox 2291 4960 2498 5023; x_wconf 86' lang='lat' dir='ltr'><strong>ctiones,</strong></span> <span class='ocrx_word' id='word_1_864' title='bbox 2532 4960 2722 5030; x_wconf 88' lang='lat' dir='ltr'><strong>inquit,</strong></span> <span class='ocrx_word' id='word_1_865' title='bbox 2754 4962 3184 5016; x_wconf 85' lang='lat' dir='ltr'><strong>submmistratum</strong></span> <span class='ocrx_word' id='word_1_866' title='bbox 3210 4974 3256 5018; x_wconf 92' lang='lat' dir='ltr'><strong>et</strong></span> <span class='ocrx_word' id='word_1_867' title='bbox 3294 4974 3633 5025; x_wconf 87' lang='lat' dir='ltr'><strong>constructum,</strong></span> <span class='ocrx_word' id='word_1_868' title='bbox 3654 4953 3775 5010; x_wconf 67' lang='lat' dir='ltr'><strong>mut!</strong></span> 
     </span>
    </p>
   </div>
   <div class='ocr_carea' id='block_1_108' title="bbox 2291 5044 3771 5119">
    <p class='ocr_par' dir='ltr' id='par_1_108' title="bbox 2291 5044 3771 5119">
     <span class='ocr_line' id='line_1_108' title="bbox 2291 5044 3771 5119; baseline -0.007 -15"><span class='ocrx_word' id='word_1_869' title='bbox 2291 5051 2343 5104; x_wconf 88' lang='lat' dir='ltr'><strong>in</strong></span> <span class='ocrx_word' id='word_1_870' title='bbox 2363 5061 2685 5119; x_wconf 86' lang='lat' dir='ltr'><strong>augmentum</strong></span> <span class='ocrx_word' id='word_1_871' title='bbox 2712 5050 2826 5106; x_wconf 86' lang='lat' dir='ltr'><strong>Dei.</strong></span> <span class='ocrx_word' id='word_1_872' title='bbox 2852 5052 3003 5118; x_wconf 83' lang='lat' dir='ltr'><strong>Quod</strong></span> <span class='ocrx_word' id='word_1_873' title='bbox 3030 5065 3113 5108; x_wconf 87' lang='lat' dir='ltr'><strong>est</strong></span> <span class='ocrx_word' id='word_1_874' title='bbox 3139 5056 3424 5110; x_wconf 87' lang='lat' dir='ltr'><strong>secundum</strong></span> <span class='ocrx_word' id='word_1_875' title='bbox 3453 5057 3616 5117; x_wconf 91' lang='lat' dir='ltr'><strong>Deum,</strong></span> <span class='ocrx_word' id='word_1_876' title='bbox 3638 5044 3771 5115; x_wconf 86' lang='lat' dir='ltr'><strong>inquit.</strong></span> 
     </span>
    </p>
   </div>
   <div class='ocr_carea' id='block_1_109' title="bbox 2291 5135 3772 5219">
    <p class='ocr_par' dir='ltr' id='par_1_109' title="bbox 2291 5135 3772 5219">
     <span class='ocr_line' id='line_1_109' title="bbox 2291 5135 3772 5219; baseline -0.005 -22"><span class='ocrx_word' id='word_1_877' title='bbox 2291 5153 2346 5197; x_wconf 91' lang='lat' dir='ltr'><strong>et</strong></span> <span class='ocrx_word' id='word_1_878' title='bbox 2373 5158 2438 5197; x_wconf 84' lang='lat' dir='ltr'><strong>ex</strong></span> <span class='ocrx_word' id='word_1_879' title='bbox 2466 5145 2667 5213; x_wconf 91' lang='lat' dir='ltr'><strong>optimo</strong></span> <span class='ocrx_word' id='word_1_880' title='bbox 2694 5145 2815 5197; x_wconf 54' lang='lat' dir='ltr'><strong>vitae</strong></span> <span class='ocrx_word' id='word_1_881' title='bbox 2848 5146 3107 5200; x_wconf 89' lang='lat' dir='ltr'><strong>instituto.</strong></span> <span class='ocrx_word' id='word_1_882' title='bbox 3140 5148 3232 5202; x_wconf 72' lang='lat'><strong>20.</strong></span> <span class='ocrx_word' id='word_1_883' title='bbox 3267 5149 3327 5203; x_wconf 85' lang='lat' dir='ltr'><strong>Si</strong></span> <span class='ocrx_word' id='word_1_884' title='bbox 3361 5166 3473 5219; x_wconf 88' lang='lat' dir='ltr'><strong>ergo</strong></span> <span class='ocrx_word' id='word_1_885' title='bbox 3513 5141 3663 5200; x_wconf 83' lang='lat' dir='ltr'><strong>mortui</strong></span> <span class='ocrx_word' id='word_1_886' title='bbox 3692 5135 3772 5190; x_wconf 67' lang='lat' dir='ltr'><strong>estis</strong></span> 
     </span>
    </p>
   </div>
   <div class='ocr_carea' id='block_1_110' title="bbox 2292 5230 3772 5310">
    <p class='ocr_par' dir='ltr' id='par_1_110' title="bbox 2292 5230 3772 5310">
     <span class='ocr_line' id='line_1_110' title="bbox 2292 5230 3772 5310; baseline -0.003 -23"><span class='ocrx_word' id='word_1_887' title='bbox 2292 5252 2405 5289; x_wconf 83' lang='lat' dir='ltr'><strong>cum</strong></span> <span class='ocrx_word' id='word_1_888' title='bbox 2445 5235 2663 5290; x_wconf 85' lang='lat' dir='ltr'><strong>Christo.</strong></span> <span class='ocrx_word' id='word_1_889' title='bbox 2706 5236 2932 5292; x_wconf 87' lang='lat' dir='ltr'><strong>Medium</strong></span> <span class='ocrx_word' id='word_1_890' title='bbox 2965 5237 3091 5292; x_wconf 90' lang='lat' dir='ltr'><strong>illud</strong></span> <span class='ocrx_word' id='word_1_891' title='bbox 3124 5242 3307 5309; x_wconf 89' lang='lat' dir='ltr'><strong>ponit,</strong></span> <span class='ocrx_word' id='word_1_892' title='bbox 3338 5250 3392 5296; x_wconf 91' lang='lat' dir='ltr'><strong>et</strong></span> <span class='ocrx_word' id='word_1_893' title='bbox 3417 5239 3544 5310; x_wconf 91' lang='lat' dir='ltr'><strong>quod</strong></span> <span class='ocrx_word' id='word_1_894' title='bbox 3569 5246 3636 5292; x_wconf 87' lang='lat' dir='ltr'><strong>est</strong></span> <span class='ocrx_word' id='word_1_895' title='bbox 3658 5230 3772 5285; x_wconf 79' lang='lat' dir='ltr'><strong>velte-</strong></span> 
     </span>
    </p>
   </div>
   <div class='ocr_carea' id='block_1_111' title="bbox 2294 5318 3775 5397">
    <p class='ocr_par' dir='ltr' id='par_1_111' title="bbox 2294 5318 3775 5397">
     <span class='ocr_line' id='line_1_111' title="bbox 2294 5318 3775 5397; baseline -0.006 -16"><span class='ocrx_word' id='word_1_896' title='bbox 2294 5328 2525 5382; x_wconf 89' lang='lat' dir='ltr'><strong>mentius</strong></span> <span class='ocrx_word' id='word_1_897' title='bbox 2552 5328 2834 5397; x_wconf 89' lang='lat' dir='ltr'><strong>utrimque.</strong></span> <span class='ocrx_word' id='word_1_898' title='bbox 2870 5330 2930 5384; x_wconf 92' lang='lat' dir='ltr'><strong>Si</strong></span> <span class='ocrx_word' id='word_1_899' title='bbox 2955 5332 3139 5383; x_wconf 87' lang='lat' dir='ltr'><strong>mortui</strong></span> <span class='ocrx_word' id='word_1_900' title='bbox 3165 5334 3283 5385; x_wconf 84' lang='lat' dir='ltr'><strong>estis</strong></span> <span class='ocrx_word' id='word_1_901' title='bbox 3316 5348 3425 5385; x_wconf 84' lang='lat' dir='ltr'><strong>cum</strong></span> <span class='ocrx_word' id='word_1_902' title='bbox 3449 5330 3621 5385; x_wconf 80' lang='lat' dir='ltr'><strong>Christo</strong></span> <span class='ocrx_word' id='word_1_903' title='bbox 3642 5322 3688 5375; x_wconf 86' lang='lat' dir='ltr'><strong>ab</strong></span> <span class='ocrx_word' id='word_1_904' title='bbox 3706 5318 3775 5372; x_wconf 57' lang='lat' dir='ltr'><strong>cleo</strong></span> 
     </span>
    </p>
   </div>
   <div class='ocr_carea' id='block_1_112' title="bbox 2296 5409 3773 5489">
    <p class='ocr_par' dir='ltr' id='par_1_112' title="bbox 2296 5409 3773 5489">
     <span class='ocr_line' id='line_1_112' title="bbox 2296 5409 3773 5489; baseline -0.004 -19"><span class='ocrx_word' id='word_1_905' title='bbox 2296 5419 2474 5471; x_wconf 84' lang='lat' dir='ltr'><strong>mentis</strong></span> <span class='ocrx_word' id='word_1_906' title='bbox 2500 5418 2650 5489; x_wconf 86' lang='lat' dir='ltr'><strong>hujus</strong></span> <span class='ocrx_word' id='word_1_907' title='bbox 2680 5421 2873 5482; x_wconf 88' lang='lat' dir='ltr'><strong>mundi,</strong></span> <span class='ocrx_word' id='word_1_908' title='bbox 2906 5421 3026 5489; x_wconf 83' lang='lat' dir='ltr'><strong>quid</strong></span> <span class='ocrx_word' id='word_1_909' title='bbox 3056 5430 3310 5489; x_wconf 83' lang='lat' dir='ltr'><strong>tamquam</strong></span> <span class='ocrx_word' id='word_1_910' title='bbox 3349 5424 3546 5477; x_wconf 73' lang='lat' dir='ltr'><strong>viventes</strong></span> <span class='ocrx_word' id='word_1_911' title='bbox 3578 5419 3619 5469; x_wconf 86' lang='lat' dir='ltr'><strong>in</strong></span> <span class='ocrx_word' id='word_1_912' title='bbox 3639 5409 3773 5467; x_wconf 76' lang='lat' dir='ltr'><strong>mundo</strong></span> 
     </span>
    </p>
   </div>
   <div class='ocr_carea' id='block_1_113' title="bbox 2295 5500 3773 5581">
    <p class='ocr_par' dir='ltr' id='par_1_113' title="bbox 2295 5500 3773 5581">
     <span class='ocr_line' id='line_1_113' title="bbox 2295 5500 3773 5581; baseline -0.002 -21"><span class='ocrx_word' id='word_1_913' title='bbox 2295 5509 2557 5562; x_wconf 85' lang='lat' dir='ltr'><strong>decernitis</strong></span> <span class='ocrx_word' id='word_1_914' title='bbox 2579 5509 2604 5561; x_wconf 73' lang='grc' dir='ltr'><strong>ἰ)</strong></span> <span class='ocrx_word' id='word_1_915' title='bbox 2621 5507 2735 5563; x_wconf 90' lang='lat' dir='ltr'><strong>Non</strong></span> <span class='ocrx_word' id='word_1_916' title='bbox 2759 5510 2915 5563; x_wconf 90' lang='lat' dir='ltr'><strong>habet</strong></span> <span class='ocrx_word' id='word_1_917' title='bbox 2936 5515 3367 5581; x_wconf 82' lang='lat' dir='ltr'><strong>consequentiam</strong></span> <span class='ocrx_word' id='word_1_918' title='bbox 3389 5532 3401 5566; x_wconf 89' lang='lat'><strong><em>:</em></strong></span> <span class='ocrx_word' id='word_1_919' title='bbox 3422 5508 3659 5581; x_wconf 81' lang='lat' dir='ltr'><strong>Oportebat</strong></span> <span class='ocrx_word' id='word_1_920' title='bbox 3674 5500 3773 5555; x_wconf 79' lang='lat' dir='ltr'><strong>enim</strong></span> 
     </span>
    </p>
   </div>
   <div class='ocr_carea' id='block_1_114' title="bbox 2295 5592 3778 5673">
    <p class='ocr_par' dir='ltr' id='par_1_114' title="bbox 2295 5592 3778 5673">
     <span class='ocr_line' id='line_1_114' title="bbox 2295 5592 3778 5673; baseline -0.004 -19"><span class='ocrx_word' id='word_1_921' title='bbox 2295 5601 2493 5665; x_wconf 88' lang='lat' dir='ltr'><strong>dicere,</strong></span> <span class='ocrx_word' id='word_1_922' title='bbox 2536 5602 2813 5668; x_wconf 90' lang='lat' dir='ltr'><strong>Quomodo</strong></span> <span class='ocrx_word' id='word_1_923' title='bbox 2840 5612 3109 5673; x_wconf 90' lang='lat' dir='ltr'><strong>tamquam</strong></span> <span class='ocrx_word' id='word_1_924' title='bbox 3139 5607 3371 5660; x_wconf 87' lang='lat' dir='ltr'><strong>viventes</strong></span> <span class='ocrx_word' id='word_1_925' title='bbox 3396 5596 3670 5672; x_wconf 88' lang='lat' dir='ltr'><strong>subjicimini</strong></span> <span class='ocrx_word' id='word_1_926' title='bbox 3698 5592 3778 5645; x_wconf 59' lang='lat' dir='ltr'><strong>ele&#39;</strong></span> 
     </span>
    </p>
   </div>
   <div class='ocr_carea' id='block_1_115' title="bbox 2297 5684 3776 5766">
    <p class='ocr_par' dir='ltr' id='par_1_115' title="bbox 2297 5684 3776 5766">
     <span class='ocr_line' id='line_1_115' title="bbox 2297 5684 3776 5766; baseline 0.003 -18"><span class='ocrx_word' id='word_1_927' title='bbox 2297 5694 2528 5748; x_wconf 85' lang='lat' dir='ltr'><strong>mentis?</strong></span> <span class='ocrx_word' id='word_1_928' title='bbox 2564 5693 2668 5748; x_wconf 88' lang='lat' dir='ltr'><strong>Sed</strong></span> <span class='ocrx_word' id='word_1_929' title='bbox 2699 5695 2799 5749; x_wconf 90' lang='lat' dir='ltr'><strong>hoc</strong></span> <span class='ocrx_word' id='word_1_930' title='bbox 2823 5694 3073 5762; x_wconf 89' lang='lat' dir='ltr'><strong>dimisso,</strong></span> <span class='ocrx_word' id='word_1_931' title='bbox 3103 5697 3228 5766; x_wconf 90' lang='lat' dir='ltr'><strong>quid</strong></span> <span class='ocrx_word' id='word_1_932' title='bbox 3259 5698 3419 5753; x_wconf 83' lang='lat' dir='ltr'><strong>dicit?</strong></span> <span class='ocrx_word' id='word_1_933' title='bbox 3446 5696 3529 5751; x_wconf 69' lang='grc'><strong>21.</strong></span> <span class='ocrx_word' id='word_1_934' title='bbox 3559 5690 3627 5747; x_wconf 72' lang='grc' dir='ltr'><em>Νι</em></span> <span class='ocrx_word' id='word_1_935' title='bbox 3652 5684 3776 5763; x_wconf 68' lang='grc' dir='ltr'><strong>ιςιίθισ</strong></span> 
     </span>
    </p>
   </div>
   <div class='ocr_carea' id='block_1_116' title="bbox 2295 5779 3776 5859">
    <p class='ocr_par' dir='ltr' id='par_1_116' title="bbox 2295 5779 3776 5859">
     <span class='ocr_line' id='line_1_116' title="bbox 2295 5779 3776 5859; baseline 0.003 -20"><span class='ocrx_word' id='word_1_936' title='bbox 2295 5786 2425 5855; x_wconf 83' lang='lat' dir='ltr'><strong>ritis,</strong></span> <span class='ocrx_word' id='word_1_937' title='bbox 2458 5802 2610 5858; x_wconf 86' lang='lat' dir='ltr'><strong>neque</strong></span> <span class='ocrx_word' id='word_1_938' title='bbox 2627 5788 2960 5857; x_wconf 82' lang='lat' dir='ltr'><strong>gustaveritis,</strong></span> <span class='ocrx_word' id='word_1_939' title='bbox 2990 5804 3147 5859; x_wconf 85' lang='lat' dir='ltr'><strong>neque</strong></span> <span class='ocrx_word' id='word_1_940' title='bbox 3163 5788 3554 5846; x_wconf 76' lang='lat' dir='ltr'><strong>contrectaveritis</strong></span> <span class='ocrx_word' id='word_1_941' title='bbox 3573 5779 3675 5839; x_wconf 64' lang='lat'><strong>:21</strong></span> <span class='ocrx_word' id='word_1_942' title='bbox 3697 5783 3776 5843; x_wconf 65' lang='grc'><strong>(1⁸⁸</strong></span> 
     </span>
    </p>
   </div>
  </div>
