4032 6506
298 601 421 646 sunt
451 591 622 645 omnia
658 590 713 643 in
738 588 943 641 interitu
985 586 1097 654 ipso
1122 601 1216 637 usu
1253 581 1527 637 secundum
1557 583 1805 648 praecepta
1832 580 1879 626 et

298 684 564 737 doctrinas
589 681 869 734 hominum.

372 774 431 829 2.
465 773 578 829 Non
604 773 756 836 estis,
789 770 977 839 inquit,
1008 772 1062 823 in
1092 766 1293 822 mundo
1324 785 1338 820 :
1366 762 1634 836 quomodo
1660 761 1880 831 subjici-

298 864 435 919 inini
462 863 783 919 elementis?
809 860 1073 931 quomodo
1096 860 1368 913 hominum
1396 853 1882 911 observationibus?

298 957 371 1011 Et
400 956 524 1011 vide
550 970 706 1025 quam
741 955 859 1009 illos
886 952 1190 1007 ludificetur
1222 970 1237 1006 :
1268 950 1345 1004 Ne
1372 959 1577 1019 tangas,
1602 947 1792 1015 inquit,
1817 959 1884 999 ne

295 1056 645 1111 eontrectes,
683 1062 749 1101 ne
786 1056 1003 1116 gustes;
1034 1044 1183 1115 quasi
1227 1043 1302 1097 illi
1331 1040 1646 1112 quibusdam
1677 1036 1883 1107 magnis

294 1141 655 1195 abstinerent.
712 1137 841 1203 Qua:
884 1148 1003 1191 sunt
1043 1137 1214 1190 omnia
1261 1137 1314 1188 in
1356 1134 1561 1187 interitu
1608 1133 1719 1201 ipso
1764 1146 1878 1183 usu.

295 1232 593 1285 Multorum
623 1230 817 1299 dejecit
843 1237 1128 1292 tumorem,
1160 1237 1213 1283 et
1238 1226 1510 1295 subjunxit
1543 1242 1557 1279 :
1589 1222 1883 1279 Secundum

294 1333 557 1393 prtecepta
595 1333 642 1376 et
686 1322 943 1376 doctrinas
985 1322 1262 1375 hominum.
1293 1319 1429 1385 Quid
1469 1318 1644 1372 dicis?
1671 1314 1879 1370 etiamsi

295 1415 477 1485 legem
499 1415 666 1480 dicas,
690 1429 754 1469 ea
778 1414 887 1481 jam
916 1421 999 1468 est
1020 1411 1261 1467 doctrina
1289 1410 1564 1465 hominum
1597 1418 1713 1477 post
1739 1416 1881 1461 tem-

291 1522 420 1574 pus.
450 1506 559 1560 Aut
586 1506 655 1557 ita
684 1504 850 1568 dixit,
880 1503 1001 1579 quia
1029 1518 1145 1559 eam
1174 1501 1545 1557 adulterabant
1583 1515 1646 1554 ac
1679 1498 1877 1568 depra-

288 1598 534 1660 vabant;
562 1604 653 1650 aut
676 1596 833 1651 tacite
857 1594 1121 1664 signiﬁcat
1148 1610 1210 1650 ea
1239 1610 1359 1663 quae
1385 1603 1510 1648 sunt
1537 1592 1870 1648 Grmcorum.

289 1688 515 1752 Totum,
532 1688 819 1759 inquit,est
838 1686 1028 1757 dogma
1047 1702 1141 1743 seu
1164 1686 1438 1741 decretum
1458 1684 1766 1738 humanum.
1784 1682 1875 1736 25.

295 1781 436 1847 Qua:
452 1788 569 1834 sunt
589 1780 834 1833 rationem
859 1778 1062 1849 quidem
1089 1777 1321 1831 habentia
1346 1777 1606 1847 sapientiae
1622 1777 1675 1828 in
1694 1791 1876 1844 super-

290 1872 503 1925 stitione
528 1879 575 1923 et
599 1870 898 1933 humilitate,
925 1878 973 1923 et
998 1886 1097 1923 non
1123 1868 1191 1922 ad
1216 1869 1521 1939 parcendum
1543 1866 1764 1937 corpori,
1788 1882 1879 1918 nec

291 1963 353 2015 in
384 1962 571 2015 honore
593 1961 815 2031 quodam
838 1960 907 2013 ad
928 1961 1244 2013 saturitate»:
1268 1959 1455 2012 carnis.
1479 1958 1766 2022 Rationem,
1792 1958 1879 2012 in-

287 2056 432 2120 quit,
452 2070 557 2109 non
576 2055 716 2119 vim;
734 2070 862 2123 ergo
884 2068 984 2109 nec
1004 2052 1299 2108 veritatem.
1319 2050 1674 2121 Quamobrem
1699 2051 1879 2105 etiam-

288 2148 338 2200 si
356 2147 621 2202 rationem
642 2146 841 2201 habeas
861 2145 1155 2215 sapientiae,
1169 2159 1499 2199 aversamur.
1513 2143 1644 2197 Nam
1670 2142 1880 2198 videtur

286 2238 493 2309 aliquis
508 2254 628 2294 esse
648 2240 765 2308 pius
785 2248 837 2293 et
856 2238 1149 2303 modestus,
1168 2247 1221 2292 ct
1236 2252 1429 2306 corpus
1452 2236 1753 2304 deSpicere;
1779 2251 1877 2290 ne-

286 2349 398 2401 que
427 2341 606 2386 tamen
631 2332 750 2387 talis
770 2339 870 2385 est.
889 2330 1009 2385 Non
1026 2330 1077 2383 in
1094 2331 1283 2384 honore
1296 2330 1464 2400 aliqua
1480 2330 1547 2382 ad
1563 2330 1877 2382 saturitatem

285 2426 483 2478 carnis.
508 2423 647 2478 Deus
677 2423 817 2478 enim
843 2422 991 2477 dedit
1015 2422 1305 2486 honorem;
1339 2421 1439 2492 ipsi
1466 2430 1643 2476 autem
1667 2436 1770 2474 non
1796 2421 1875 2475 usi

285 2524 419 2570 sunt
458 2530 578 2569 cum
623 2514 845 2569 honore.
878 2515 968 2569 Sic
1007 2513 1221 2584 quando
1249 2514 1406 2568 fuerit
1433 2513 1624 2583 dogma
1655 2529 1747 2568 seu
1777 2512 1877 2567 de-

284 2617 523 2671 cretum,
556 2606 611 2660 id
644 2607 746 2662 scit
776 2621 968 2662 vocare
995 2606 1274 2660 honorem.
1318 2606 1588 2661 Dedecore
1610 2647 1625 2669 ,
1673 2606 1875 2675 inquit,

283 2699 535 2752 afficiunt
584 2712 799 2753 carnem
820 2740 835 2760 ,
868 2714 985 2753 eam
1018 2699 1287 2767 privantes
1314 2708 1370 2753 ct
1398 2707 1710 2767 potestatem
1754 2698 1873 2752 adi-

286 2800 539 2854 uuentcs;
574 2805 679 2843 non
722 2791 1033 2859 permittens
1074 2801 1132 2844 ut
1181 2789 1490 2851 voluntaria;
1534 2788 1874 2844 dominetur:

291 2884 440 2937 Deus
476 2897 691 2937 carnem
747 2883 1043 2938 honoravit.
1096 2882 1245 2951 (Cap.
1276 2877 1353 2946 ὅ.)
1376 2882 1427 2936 l.
1456 2881 1655 2953 Igitur,
1684 2883 1727 2936 si
1753 2899 1878 2936 con-

284 2975 583 3030 surrexistis
614 2991 730 3027 cum
756 2973 978 3038 Christo,
1005 2990 1118 3044 qua:
1141 2991 1344 3028 sursum
1370 2986 1486 3029 sunt
1512 2978 1737 3045 quwrite.
1770 2976 1881 3031 Eos

287 3066 570 3129 conciliat,
598 3080 721 3119 cum
742 3065 988 3133 superius
1014 3065 1291 3135 probasset
1307 3081 1430 3120 eum
1448 3080 1568 3121 esse
1589 3077 1877 3121 mortuum.

288 3159 585 3227 Propterea
612 3157 742 3211 dicit
775 3174 788 3209 :
820 3156 1006 3228 Igitur,
1030 3159 1075 3211 si
1101 3158 1489 3212 consurrexistis
1515 3175 1629 3212 cum
1655 3158 1875 3226 Christo,

288 3268 411 3321 qua:
453 3268 655 3305 sursum
697 3261 813 3305 sunt
856 3253 1081 3321 quazrite.
1129 3252 1244 3308 Non
1284 3262 1367 3308 est
1409 3254 1515 3309 illic
1555 3255 1878 3310 observatio.

296 3343 434 3409 Quae
466 3358 667 3395 sursum
704 3351 822 3395 sunt
851 3343 1105 3412 quaerite;-
1128 3342 1214 3396 ubi
1238 3341 1469 3398 Christus
1495 3355 1565 3399 est
1595 3348 1648 3399 in
1677 3347 1883 3401 dextera

290 3437 398 3487 Dei
440 3433 640 3488 sedens.
686 3432 844 3502 Papze
883 3434 896 3488 !
940 3449 1047 3503 quo
1088 3442 1323 3490 mentem
1372 3447 1606 3490 nostram
1655 3438 1883 3493 evexit?

292 3527 571 3597 quomodo
600 3540 696 3581 eos
733 3541 930 3597 magno
961 3526 1203 3597 implevit
1228 3527 1452 3596 spiritu!
1480 3528 1595 3582 Non
1622 3530 1752 3584 satis
1782 3529 1880 3583 ha-

292 3619 418 3672 buit
462 3618 661 3672 dixisse
702 3632 823 3686 quae
866 3631 1077 3671 sursum
1105 3628 1261 3684 sunt,
1307 3635 1479 3689 neque
1508 3621 1596 3674 ubi
1636 3619 1885 3677 Christus

294 3724 421 3775 est;
450 3711 542 3765 sed
572 3710 729 3780 quid?
757 3709 822 3764 In
843 3711 1047 3765 dextera
1076 3710 1173 3763 Dei
1200 3711 1397 3765 sedens.
1430 3712 1576 3766 lllinc
1600 3713 1667 3768 de
1686 3724 1887 3768 eartcro

299 3804 487 3859 rtl‘ecit
528 3812 583 3858 ut
628 3805 678 3858 in
712 3813 907 3859 terram
950 3819 1054 3858 non
1106 3805 1416 3873 aspiciatur.
1444 3806 1498 3859 Ξ.
1532 3806 1657 3873 Quae
1683 3824 1883 3862 sursum

298 3908 425 3951 sunt
467 3897 644 3965 sapite,
690 3915 790 3951 non
827 3913 938 3967 qua:
967 3914 1119 3964 super
1163 3908 1347 3951 terram
1380 3915 1399 3952 :
1430 3900 1482 3954 5.
1528 3901 1714 3953 mortui
1754 3902 1886 3955 enim

298 3993 425 4046 estis
443 4030 460 4054 ,
493 4000 539 4044 et
564 3992 664 4043 vita
694 4002 855 4044 vestra
882 3991 1175 4044 abscondita
1210 4001 1281 4046 est
1306 4007 1420 4045 cum
1450 3991 1646 4047 Christo
1673 3995 1726 4048 in
1750 3992 1886 4049 Deo.

298 4085 354 4138 4.
397 4082 527 4137 Cum
555 4093 721 4137 autem
757 4082 985 4136 Christus
1011 4085 1324 4153 apparuerit,
1348 4086 1451 4138 vita
1481 4098 1662 4150 vestra,
1696 4097 1815 4141 tunc
1840 4097 1886 4141 et

298 4191 388 4228 vos
414 4174 727 4245 apparebitis
756 4191 867 4227 cum
893 4176 1002 4243 ipso
1031 4175 1085 4228 in
1123 4175 1305 4245 gloria.
1340 4174 1455 4229 Vita
1476 4217 1491 4242 ,
1533 4178 1737 4247 inquit,
1773 4177 1889 4233 haec

298 4284 409 4323 nor.
431 4276 513 4322 est
545 4276 721 4321 vestra
745 4284 759 4330 ;
784 4275 866 4320 est
894 4266 1137 4337 quzcdam
1164 4268 1264 4321 alia
1295 4269 1402 4322 vita
1430 4277 1626 4323 vestra.
1652 4269 1769 4324 Jam
1793 4286 1885 4323 ur-

298 4371 391 4430 get
420 4368 480 4413 ut
506 4374 601 4413 eos
627 4357 942 4423 transferat,
970 4368 1025 4413 et
1052 4359 1326 4414 contendit
1364 4360 1650 4414 ostendere
1674 4375 1767 4415 eos
1795 4376 1884 4416 se-

301 4454 433 4507 dere
463 4460 698 4521 superne
718 4492 732 4512 ,
765 4451 973 4505 etiamsi
1004 4451 1112 4505 sint
1137 4452 1364 4515 mortui,
1394 4467 1461 4507 ex
1494 4453 1735 4521 utrisque
1763 4468 1888 4521 pro-

306 4545 439 4598 bans
488 4558 597 4597 non
641 4556 762 4597 esse
806 4542 1092 4611 quaerenda
1122 4559 1242 4613 quae
1287 4543 1374 4597 hic
1418 4553 1562 4597 sunt.
1592 4544 1724 4598 Nam
1770 4546 1889 4601 sive

303 4635 504 4689 mortui
557 4636 709 4698 estis,
760 4651 864 4687 non
906 4635 1112 4690 debetis
1164 4652 1435 4705 quaarere;
1490 4638 1604 4692 sive
1660 4653 1889 4707 superne

301 4728 458 4792 esus,
488 4742 594 4781 non
624 4726 830 4781 debetis
858 4742 1124 4797 quaerere.
1156 4727 1337 4798 Neque
1360 4738 1580 4799 apparet
1607 4730 1887 4796 Christus;

300 4834 434 4888 ergo
480 4834 653 4888 neque
698 4819 802 4872 vita
856 4830 1030 4874 vestra
1062 4836 1074 4872 :
1110 4821 1160 4873 in
1194 4820 1303 4874 Deo
1343 4830 1426 4875 est
1460 4822 1598 4890 apud
1645 4838 1887 4893 superos.

305 4912 445 4977 Quid
494 4912 662 4981 ergo?
708 4912 922 4982 quando
951 4913 1230 4968 vivemus?
1267 4915 1399 4969 Cum
1428 4916 1674 4972 Christus
1730 4933 1891 4988 appa-

303 5006 503 5069 ruerit,
525 5004 632 5059 vita
660 5014 859 5071 vestra,
884 5014 1011 5059 tunc
1036 5005 1259 5075 gloriam
1286 5007 1527 5076 qurerite.
1554 5018 1678 5063 tunc
1702 5012 1889 5073 vitam.

306 5108 435 5153 tunc
456 5098 699 5155 delicias.
728 5098 854 5151 llam
878 5107 1003 5153 sunt
1031 5099 1220 5168 quibus
1247 5100 1348 5155 iter
1376 5102 1577 5167 munit,
1609 5110 1663 5156 ut
1683 5118 1778 5158 eos
1798 5105 1893 5159 ab-

309 5193 475 5242 ducat
498 5204 528 5242 a
558 5188 763 5242 deliciis
789 5189 1008 5258 otioque
1034 5199 1091 5243 et
1118 5190 1321 5260 requie.
1352 5190 1448 5244 llic
1473 5201 1555 5247 est
1581 5208 1696 5247 mos
1733 5195 1847 5262 ejus
1872 5236 1888 5259 ,

309 5291 370 5332 ut
390 5280 492 5331 alia
525 5280 754 5348 probans
781 5289 835 5334 et
863 5282 1222 5342 confirmans.
1261 5282 1327 5336 ad
1365 5283 1467 5337 alia
1499 5286 1762 5340 transiliat
1789 5304 1804 5341 :
1834 5298 1893 5342 ut

313 5372 385 5426 de
413 5370 480 5424 iis
508 5370 732 5439 loquens
756 5372 843 5440 qui
872 5386 1079 5428 caenam
1119 5374 1497 5442 anticipabant,
1540 5387 1759 5447 repente
1797 5379 1890 5435 de-

308 5462 497 5531 lapsus
525 5472 611 5518 est
642 5462 707 5516 ad
734 5463 1162 5519 observationem
1206 5467 1603 5536 mysteriorum.
1638 5470 1887 5541 Magnum

306 5554 453 5609 enim
480 5552 751 5623 quidpiam
793 5554 1138 5624 reprehensio
1162 5598 1176 5620 ,
1209 5571 1331 5610 cum
1369 5558 1500 5612 facta
1545 5557 1708 5614 fuerit
1752 5561 1886 5617 citra

304 5645 696 5715 suspicionem.
744 5645 1049 5698 Abscondita
1092 5656 1185 5713 est,
1229 5646 1419 5717 inquit,
1461 5664 1489 5701 a
1535 5650 1703 5704 vobis.
1743 5650 1886 5707 Tunc

307 5751 394 5789 vos
417 5751 615 5806 quoque
638 5752 752 5788 cum
782 5752 838 5789 eo
862 5736 1186 5806 apparebitis.
1219 5738 1571 5805 Quamobrem
1604 5758 1741 5798 nunc
1776 5761 1881 5799 non

306 5827 600 5895 apparetis.
631 5826 765 5881 Vide
796 5829 1064 5896 quomodo
1092 5844 1188 5884 eos
1218 5831 1465 5884 transfert
1496 5833 1545 5885 in
1574 5834 1741 5901 ipsum
1772 5850 1881 5891 cte-

307 5919 437 5974 lum.
465 5917 597 5973 Nam
631 5920 766 5974 sicut
790 5920 921 5988 dixi,
950 5936 1160 5992 semper
1187 5924 1457 5979 contendit
1483 5926 1763 5983 ostendere
1787 5944 1881 5987 eos

1161 469 1226 524 IN
1266 467 1475 524 lil’lS'i‘.
1517 466 1608 521 AD
1644 458 1918 517 conoss.
1960 455 2113 514 CAP.
2155 458 2243 514 tu.
2285 461 2513 517 llOMtL.
2550 443 2669 517 'vu.

3457 471 3562 528 346

1990 570 2177 627 eadem
2208 575 2404 632 habere
2429 596 2547 649 qua:
2574 582 2849 646 Christus;
2879 593 2933 638 et
2959 599 3053 652 per
3073 601 3257 642 omnes
3291 604 3415 644 snas
3440 594 3562 661 epi-

1986 673 2154 727 stolas
2175 671 2277 726 hoc
2301 680 2427 741 agit,
2452 682 2509 727 ut
2529 676 2777 730 ostendat
2796 691 2890 731 eos
2916 679 3226 735 societatem
3246 693 3299 735 et
3320 698 3560 739 commu-

1988 764 2201 820 nionem
2229 780 2347 819 cum
2375 780 2440 818 eo
2467 765 2664 821 habere
2690 767 2743 821 in
2772 768 3040 823 omnibus.
3071 770 3361 842 Propterea
3383 784 3437 828 et
3470 790 3563 829 ca-

1986 868 2079 926 put
2106 857 2236 912 dicit
2263 865 2320 912 et
2360 871 2584 925 corpus,
2618 868 2671 912 et
2701 857 2877 914 omnia
2920 860 3063 930 facit,
3111 874 3170 918 ut
3219 865 3319 921 hoc
3359 882 3563 937 reprae—

1983 958 2161 1003 sentet
2199 957 2253 1003 et
2295 949 2566 1004 exhibeat.
2610 948 2666 1005 Si
2711 965 2841 1021 ergo
2884 962 3010 1008 tunc
3052 957 3460 1024 apparebimus,
3493 976 3561 1014 ne

1985 1040 2259 1096 doleamus
2284 1041 2497 1111 quando
2528 1041 2785 1097 honorem
2825 1058 2929 1098 non
2958 1048 3292 1116 asscquimur
3322 1066 3337 1104 :
3371 1051 3417 1106 si
3446 1052 3562 1109 lucc

1983 1133 2086 1187 vita
2111 1147 2218 1187 non
2244 1143 2330 1207 est
2351 1134 2478 1197 vita,
2502 1134 2595 1188 sed
2627 1143 2711 1189 est
2737 1134 2995 1191 absconsa
3016 1179 3031 1204 ,
3064 1149 3333 1210 tamquam
3363 1154 3561 1199 mortui

1983 1225 2241 1280 debemus
2268 1226 2404 1282 hanc
2433 1227 2594 1281 vitam
2622 1228 2823 1283 vivere.
2854 1228 2996 1307 Tunc
3020 1240 3069 1284 et
3092 1247 3196 1297 vos,
3226 1233 3415 1304 inquit,
3443 1252 3560 1291 cum

1982 1319 2093 1388 ipso
2117 1320 2423 1390 apparebitis
2453 1322 2505 1374 in
2534 1322 2719 1392 gloria.
2752 1321 2819 1376 In
2846 1322 3012 1393 gloria
3041 1323 3175 1379 dixit
3196 1340 3307 1401 (non
3336 1328 3432 1384 abs
3456 1344 3519 1385 re
3540 1371 3559 1397 ,

1983 1426 2083 1467 nec
2123 1412 2534 1467 inconsiderate.
2570 1413 2700 1467 Nam
2729 1427 2784 1469 et
2810 1417 3095 1486 margarita
3139 1426 3222 1472 est
3250 1417 3513 1475 absconsa
3540 1465 3557 1487 ,

1981 1501 2235 1570 quamdiu
2272 1501 2434 1557 fuerit
2470 1504 2523 1557 in
2547 1514 2746 1559 ostreo.
2777 1505 2900 1561 Sive
2942 1522 3070 1578 ergo
3095 1511 3415 1566 contumelia
3441 1512 3559 1566 afﬁr

1980 1592 2206 1655 ciamur.
2249 1609 2316 1649 ne
2353 1594 2666 1661 doleamus;
2709 1597 2824 1652 sive
2863 1599 3088 1667 quodvis
3115 1604 3378 1670 patiamur
3406 1620 3420 1657 :
3448 1621 3555 1661 non

1980 1694 2063 1739 est
2086 1685 2228 1740 enim
2256 1695 2439 1742 nostra
2466 1690 2570 1743 vita
2600 1688 2713 1744 haec
2744 1690 2851 1744 vita
2886 1710 2902 1745 :
2936 1692 3173 1762 hospites
3200 1697 3344 1750 enim
3371 1705 3427 1751 et
3453 1712 3554 1768 pe-

1983 1776 2177 1846 regrini
2207 1792 2393 1832 sumus
2417 1793 2433 1843 ;
2461 1778 2657 1834 Mortui
2681 1782 2835 1847 mint,
2868 1782 3072 1853 inquit,
3098 1786 3236 1839 estis.
3265 1786 3395 1854 Quis
3421 1787 3557 1844 adeo

1981 1866 2175 1937 desipit
2204 1876 2262 1922 ut
2300 1878 2514 1925 mortuo
2541 1871 2755 1941 corpori
2796 1874 3008 1943 sepulto
3033 1884 3127 1930 aut
3165 1890 3350 1933 servos
3374 1889 3555 1945 emat,

1984 1969 2075 2014 aut
2105 1960 2295 2015 domos
2322 1962 2550 2019 :edificet
2568 2004 2585 2030 ,
2613 1973 2705 2019 aut
2733 1968 2996 2035 pretiosas
3024 1979 3203 2024 vestes
3243 1976 3560 2041 comparet?

1980 2052 2187 2129 Nullus.
2230 2054 2340 2109 Nec
2369 2070 2469 2110 nos
2495 2071 2663 2126 ergo;
2691 2058 2785 2113 sed
2813 2060 2950 2115 sicut
2974 2076 3136 2115 unum
3166 2061 3339 2118 solum
3368 2066 3559 2134 quarri-

1981 2161 2118 2210 mus,
2154 2161 2220 2200 ne
2249 2148 2421 2201 simus
2450 2149 2632 2202 nudati
2664 2165 2679 2202 :
2711 2149 2780 2203 ita
2810 2150 2895 2205 hic
2920 2166 3134 2222 quoque
3160 2168 3322 2207 unum
3348 2171 3558 2224 quana-

1978 2252 2120 2293 mus.
2147 2237 2397 2307 Sepultus
2431 2249 2515 2295 est
2555 2250 2738 2295 noster
2762 2243 2966 2311 primus
2992 2243 3176 2310 homo,
3208 2246 3449 2316 sepultus
3475 2260 3559 2303 est

1980 2344 2086 2384 non
2114 2331 2167 2384 in
2196 2339 2358 2395 terra,
2388 2331 2483 2385 sed
2509 2333 2560 2385 in
2603 2348 2775 2402 aqua;
2807 2350 2913 2389 non
2950 2346 3123 2392 morte
3162 2337 3334 2407 ipsum
3366 2340 3559 2395 dissol-

1979 2431 2156 2487 vente,
2188 2422 2279 2476 sed
2302 2437 2368 2477 eo
2392 2423 2481 2492 qui
2504 2434 2727 2478 mortem
2749 2424 3011 2490 dissolvit,
3041 2428 3212 2497 ipsum
3235 2431 3554 2498 sepeliente;

1981 2530 2089 2570 non
2116 2516 2232 2584 lege
2263 2525 2487 2580 naturae,
2524 2517 2618 2571 sed
2645 2518 2797 2586 jussu
2824 2519 3045 2574 fortiore
3076 2536 3235 2591 quam
3276 2523 3345 2577 sit
3367 2534 3422 2578 et
3459 2540 3557 2579 na.

1986 2616 2101 2661 tura
2153 2616 2209 2660 et
2252 2607 2567 2661 dominium.
2599 2608 2730 2662 Nam
2761 2625 2880 2679 qua:
2920 2610 3055 2665 facta
3098 2622 3221 2665 sunt
3264 2628 3294 2666 a
3343 2623 3553 2673 natura.

1981 2698 2288 2755 dissolverit
2307 2701 2467 2754 etiam
2485 2701 2746 2771 quispiam
2768 2718 2783 2764 ;
2807 2718 2924 2772 qua:
2950 2714 3128 2759 autem
3156 2705 3225 2759 ab
3244 2706 3359 2775 ejus
3381 2706 3556 2777 jussu,

1982 2808 2341 2863 nequaquam.
2389 2794 2498 2848 Hac
2545 2796 2818 2865 sepultura
2863 2796 2993 2850 nihil
3044 2805 3125 2851 est
3164 2797 3370 2853 beatius
3396 2842 3412 2866 ,
3455 2816 3560 2871 qua

1980 2898 2167 2941 omnes
2207 2888 2473 2952 laetantur,
2503 2896 2559 2943 et
2592 2888 2769 2957 angeli
2812 2896 2869 2943 et
2915 2888 3160 2945 homines
3202 2899 3256 2945 et
3302 2883 3560 2948 Dominus

1981 2978 2295 3049 angelorum
2325 2994 2340 3033 :
2370 2978 2495 3034 huic
2523 2979 2814 3048 sepultura:
2855 2994 2960 3034 non
2990 2995 3124 3049 opus
3162 2990 3245 3035 est
3288 2983 3522 3037 vestibus
3544 3024 3560 3046 ,

1983 3087 2089 3127 non
2137 3071 2334 3138 loculo,
2381 3086 2481 3126 nec
2528 3071 2635 3126 ulla
2678 3088 2737 3127 re
2781 3073 2885 3127 alia
2930 3074 3218 3141 ejusmodi.
3258 3075 3351 3129 Vis
3380 3076 3564 3132 videre

1982 3163 2285 3235 symbolum
2314 3179 2410 3218 seu
2449 3164 2704 3235 signum?
2729 3163 3018 3219 Ostendam
3062 3166 3155 3220 tibi
3196 3167 3474 3236 piscinam,
3510 3169 3563 3223 in

1981 3271 2084 3326 qua
2109 3256 2247 3311 alius
2273 3254 2486 3325 quidem
2514 3264 2596 3311 est
2628 3256 2891 3325 sepultus,
2922 3255 3056 3309 alius
3077 3271 3205 3310 vero
3233 3258 3562 3313 resurrexit:

1986 3350 2038 3405 in
2063 3349 2197 3405 mari
2223 3349 2406 3403 Rubro
2432 3349 2663 3405 demersi
2689 3358 2814 3403 sunt
2839 3348 3099 3420 Egyptii.
3132 3350 3492 3406 ascenderunt
3511 3362 3568 3405 et

1984 3450 2339 3512 pervaserunt
2373 3439 2650 3495 lsraelitae.
2684 3441 2791 3496 Res
2816 3440 3005 3495 eadem
3042 3441 3202 3495 alium
3231 3441 3563 3511 quidemse-

1985 3533 2136 3603 pelit,
2157 3533 2323 3587 alium
2346 3548 2474 3587 vero
2502 3542 2741 3602 generat.

2056 3628 2110 3681 5.
2129 3625 2205 3679 Ne
2226 3624 2459 3689 mireris,
2481 3623 2526 3679 si
2548 3633 2698 3677 ortus
2718 3633 2771 3677 et
2797 3623 3040 3677 interitus
3058 3623 3126 3676 sit
3151 3623 3200 3676 in
3223 3622 3562 3692 baptismate.

1986 3715 2119 3771 Nam
2144 3755 2160 3781 ,
2188 3716 2274 3771 dic
2301 3715 2429 3769 mihi
2455 3757 2470 3779 ,
2512 3715 2723 3769 solvere
2763 3723 2817 3769 et
2845 3715 3212 3784 conglutinare
3241 3729 3418 3770 nonne
3443 3724 3568 3770 sunt

1986 3807 2288 3864 contraria?
2330 3807 2515 3862 Cuivis
2540 3816 2626 3862 est
2654 3806 3015 3876 perspicuum.
3061 3806 3173 3861 lloc
3219 3806 3342 3861 facit
3381 3806 3563 3878 ignis:

1987 3915 2112 3954 nam
2139 3914 2318 3954 ceram
2342 3899 2557 3969 quidem
2590 3898 2830 3954 dissolvit
2855 3906 2911 3953 et
2937 3898 3135 3968 perdit,
3170 3908 3364 3953 terram
3390 3909 3571 3957 autem

1987 3992 2305 4047 metallicam
2332 3990 2661 4060 conglutinat
2680 4032 2697 4056 ,
2740 4000 2795 4045 et
2824 4005 3012 4046 aurum
3045 3990 3189 4045 facit.
3220 3990 3294 4045 lta
3324 3990 3411 4047 hic
3436 4007 3570 4062 quo-

1986 4098 2113 4153 que,
2145 4098 2353 4138 ceream
2391 4092 2617 4137 statuam
2644 4097 2764 4137 cum
2797 4081 2875 4135 vis
2906 4081 3041 4152 ignis
3067 4082 3349 4148 deieverit,
3379 4098 3477 4151 pro
3501 4098 3565 4138 ea

1989 4193 2176 4233 aurum
2206 4178 2383 4233 reddit
2415 4195 2428 4232 :
2462 4193 2677 4232 eramus
2706 4178 2850 4233 enim
2891 4177 3050 4247 plane
3091 4177 3220 4232 lutei
3267 4188 3391 4233 ante
3422 4179 3571 4233 lava-

1989 4268 2161 4336 crum,
2204 4270 2351 4324 aurci
2378 4278 2556 4325 autem
2590 4278 2796 4339 postea.
2828 4268 2983 4324 Unde
3014 4268 3114 4323 hoc
3156 4256 3407 4323 consiat?
3434 4269 3569 4323 Audi

1990 4362 2163 4432 ipsum
2190 4362 2457 4416 dicentem
2493 4379 2505 4414 :
2542 4360 2748 4414 Primus
2776 4361 2925 4414 homo
2956 4376 2983 4413 e
3011 4369 3166 4425 terra,
3199 4369 3455 4427 terrenus;
3489 4378 3569 4413 se-

1991 4456 2185 4507 cundus
2229 4458 2380 4507 homo
2423 4470 2451 4507 e
2491 4454 2632 4517 caelo,
2682 4453 2895 4506 cwlestis
2939 4452 3014 4520 (i.
3054 4451 3288 4506 Cor-.15.
3317 4452 3431 4521 47).
3460 4452 3572 4523 Ego

1991 4544 2205 4615 quidem
2238 4544 2346 4599 dixi
2371 4553 2627 4614 quantum
2657 4543 2871 4597 intersit
2899 4544 3040 4597 inter
3063 4542 3232 4597 lutum
3257 4553 3311 4597 et
3337 4558 3524 4597 aurum
3553 4559 3566 4607 ;

1992 4635 2168 4691 inveni
2198 4644 2377 4690 autem
2404 4634 2663 4705 majorem
2685 4633 3040 4689 differentiam
3067 4634 3298 4689 caelestis
3319 4645 3375 4689 et
3396 4644 3567 4689 terre-

1994 4732 2046 4784 ni
2074 4746 2087 4782 :
2113 4744 2219 4783 non
2248 4737 2451 4782 tantum
2478 4740 2654 4783 autem
2682 4727 2907 4782 interest
2928 4726 3067 4780 inter
3094 4724 3261 4780 lutum
3284 4737 3337 4780 et
3357 4741 3570 4788 aurum,

1993 4831 2245 4893 quantum
2276 4822 2417 4877 inter
2449 4831 2657 4877 terrena
2684 4830 2738 4876 et
2780 4820 3031 4876 cazlestia.
3074 4819 3226 4875 Cerei
3264 4834 3479 4873 eramus
3520 4826 3575 4873 et

1996 4914 2124 4968 lutei
2158 4931 2170 4967 :
2203 4928 2303 4968 nos
2331 4914 2471 4968 enim
2501 4912 2770 4982 liquefecit
2807 4912 3019 4965 ﬂamma
3046 4910 3367 4981 cupiditatis.
3400 4909 3569 4963 multo

1994 5006 2162 5076 magis
2206 5020 2361 5075 quam
2393 5020 2570 5060 ceram
2615 5006 2789 5076 ignis;
2838 5012 2893 5059 et
2933 5008 3132 5074 quaevis
3175 5018 3272 5058 nos
3309 5002 3573 5072 confregit

1996 5099 2235 5162 tcutatio,
2273 5100 2438 5153 multo
2460 5100 2625 5169 magis
2647 5114 2804 5168 quam
2828 5098 3001 5153 luteos
3028 5098 3188 5169 lapis.
3212 5098 3296 5159 Et.
3323 5099 3366 5151 si
3386 5097 3570 5163 vultis,

1994 5192 2359 5248 describamus
2383 5193 2546 5245 vitam
2571 5193 2825 5263 priorem,
2858 5200 2917 5245 nt
2942 5190 3219 5246 videamus
3245 5207 3368 5244 num
3391 5190 3571 5243 omnia

1993 5294 2174 5340 essent
2207 5295 2344 5339 terra
2373 5294 2429 5340 et
2452 5300 2586 5354 aqua
2612 5327 2628 5351 ,
2656 5295 2711 5340 et
2748 5285 3054 5355 hujusmodi
3092 5293 3151 5339 ut
3191 5285 3357 5339 inatar
3388 5284 3571 5353 Euripi

1994 5377 2220 5433 fluerent
2245 5386 2295 5431 et
2324 5376 2629 5440 refluerent,
2663 5387 2950 5448 essentque
2976 5376 3139 5431 veluti
3171 5376 3343 5446 pulvis
3365 5418 3380 5441 ,
3412 5377 3570 5447 plano

1995 5469 2256 5524 instabilia
2301 5477 2355 5523 et
2397 5468 2707 5523 difﬂuentia.
2759 5468 2847 5533 Et,
2896 5469 2940 5522 si
2990 5462 3166 5531 vultis,
3200 5468 3571 5523 examincmus

1993 5579 2099 5618 non
2130 5566 2325 5633 priora,
2356 5562 2451 5617 sed
2479 5562 2777 5631 prresentia,
2812 5576 2937 5616 num
2967 5563 3145 5615 omnia
3186 5561 3352 5615 instar
3379 5561 3570 5632 pulve-

1994 5658 2070 5712 ris
2111 5667 2163 5712 ct
2201 5673 2354 5727 aqua“:
2382 5671 2502 5711 esse
2528 5658 2879 5726 reperiamus.
2908 5656 3046 5724 Quid
3074 5658 3216 5711 enim
3244 5658 3324 5711 vis
3363 5672 3461 5713 nos
3490 5656 3576 5712 di-

1994 5750 2160 5804 cere?
2189 5750 2531 5819 magistratus
2557 5758 2612 5803 et
2641 5747 3013 5817 principatus?
3038 5748 3173 5801 nihil
3204 5749 3343 5803 enim
3371 5749 3424 5803 in
3468 5749 3569 5804 hac

1992 5843 2096 5895 vita
2139 5841 2344 5894 videtur
2375 5855 2494 5894 esse
2527 5840 2694 5909 magis
2726 5838 3109 5893 mandandum.
3149 5838 3252 5893 Sed
3294 5840 3461 5910 magis
3489 5840 3569 5894 in-

1994 5932 2200 5987 veneris
2228 5931 2499 6001 pulverem
2528 5932 2580 5987 in
2607 5946 2730 5987 acre
2759 5938 2988 5987 stantem
3008 5970 3025 5999 ,
3054 5946 3211 6002 quam
3240 5930 3353 5987 haec
3377 5973 3391 5999 ,
3426 5948 3564 5987 unite
