4032 6524
488 446 595 503 διτ

485 564 735 619 maxime.
763 563 860 619 Cui
898 563 1042 619 enim
1082 579 1189 618 non
1221 574 1347 620 sunt
1373 568 1642 636 subjecti?
1686 569 1756 624 lis
1799 571 1889 640 qui
1920 573 2065 640 ipsos

487 664 688 721 amant,
718 655 975 710 eunuchis
994 698 1009 721 ,
1044 656 1108 711 iis
1137 658 1225 727 qui
1257 660 1496 727 pecunia:
1524 661 1693 730 gratia
1725 660 1928 716 faciunt
1952 677 2067 716 om-

483 750 591 812 nia,
628 748 719 801 iraa
747 748 923 815 populi
949 789 964 814 ,
999 750 1359 817 potentiorum
1410 750 1784 821 indignationi.
1815 752 1917 820 Qui
1948 753 2064 809 heri

482 838 728 893 sublimis
771 839 822 894 in
871 840 1156 903 tribunali,
1204 843 1433 898 habebat
1478 860 1754 914 praecones
1796 847 1904 901 alta
1934 862 2065 902 voce

479 932 809 994 clamantes,
854 942 909 986 et
952 935 1148 988 multos
1175 947 1596 1005 praecurrentes,
1629 948 1683 993 et
1721 941 1775 994 in
1811 939 1928 994 foro
1969 957 2063 995 su-

480 1022 645 1091 perbe
672 1033 726 1077 et
755 1023 986 1093 gloriose
1015 1024 1343 1092 incedentes,
1374 1038 1457 1083 est
1478 1028 1637 1085 hodie
1657 1031 1795 1095 vilis,
1824 1031 2060 1099 humilis,

426 1144 433 1177 ;
478 1117 741 1184 abjectus,
787 1117 855 1172 ab
893 1119 1142 1174 omnibus
1188 1119 1292 1176 illis
1332 1121 1577 1177 desertus
1611 1132 1667 1177 et
1707 1124 1899 1189 nudus,
1930 1135 2063 1180 tam-

418 1192 435 1224 “
477 1221 637 1276 quam
672 1207 844 1276 pulvis
879 1210 1217 1279 eventilatus,
1248 1220 1516 1281 tamquam
1548 1214 1687 1269 unda
1714 1232 1832 1286 qua:
1869 1226 2061 1285 praeteé

410 1296 411 1299 “
475 1297 570 1352 riit
596 1297 700 1369 (a).
731 1298 880 1353 Sicut
916 1310 1093 1355 autem
1135 1303 1311 1371 pulvis
1338 1305 1600 1359 excitatur
1626 1321 1655 1360 a
1685 1308 1879 1377 nostris
1913 1308 2062 1377 pedi-

476 1389 605 1456 bus,
656 1390 726 1444 ita
756 1390 918 1445 etiam
956 1392 1231 1460 pariuntur
1257 1395 1601 1464 magistratus
1626 1397 1694 1450 ab
1730 1397 1795 1452 iis
1828 1400 1916 1468 qui
1939 1416 2059 1454 ver-

476 1491 663 1535 santur
689 1480 744 1536 in
773 1483 1037 1552 pecuniis,
1079 1493 1133 1538 et
1161 1484 1215 1539 in
1246 1494 1355 1539 tota
1387 1486 1487 1540 vita
1530 1486 1705 1542 locum
1736 1498 1789 1542 et
1814 1488 2058 1544 ordinem

474 1574 676 1630 habent
719 1577 913 1646 pedum
946 1592 962 1630 :
990 1587 1045 1632 et
1073 1578 1211 1632 sicut
1239 1579 1413 1648 pulvis
1457 1581 1668 1650 quidem
1696 1597 1816 1636 cum
1848 1584 2057 1638 extolli—

474 1680 581 1730 tur,
610 1683 857 1739 magnam
890 1680 1095 1740 partem
1126 1679 1273 1726 teuet
1298 1673 1459 1738 aeris,
1489 1674 1603 1743 ipse
1630 1685 1809 1730 autem
1833 1685 1916 1731 est
1942 1691 2057 1730 mo-

473 1758 626 1813 dicus
654 1776 668 1812 :
701 1759 770 1813 ita
797 1759 957 1814 etiam
986 1761 1329 1831 magistratus
1356 1781 1370 1817 :
1401 1772 1456 1819 et
1498 1766 1637 1819 sicut
1679 1766 1856 1834 pulvis
1879 1782 2056 1821 excrc-

472 1860 560 1905 cat
585 1850 788 1918 oculos,
822 1852 893 1907 ita
919 1852 1081 1908 etiam
1114 1852 1281 1909 fastus
1314 1856 1640 1926 principatus
1673 1858 1829 1912 orbat
1863 1860 2057 1914 mentis

471 1945 679 1998 oculos.

551 2035 817 2101 Quomodo
843 2037 1035 2091 divitia:
1074 2054 1219 2093 vana
1256 2040 1425 2094 sititet
1454 2058 1546 2095 nos
1587 2042 1861 2111 aliquando
1906 2044 2055 2113 igno-

476 2129 637 2183 minia
674 2129 912 2201 alliciant.
947 2130 1221 2187 Theodosii
1265 2134 1580 2202 imperatoris
1625 2137 1678 2189 in
1718 2138 2055 2193 Antiocltenos

475 2224 577 2277 ira.
608 2252 680 2262 ——
703 2222 809 2277 Sed
839 2223 1010 2293 quid?
1055 2225 1137 2279 vis
1166 2226 1497 2280 excutiamus
1541 2242 1652 2282 rem
1684 2228 1838 2283 valde
1863 2239 2053 2298 optan-

473 2312 623 2381 dam,
657 2328 851 2383 nempe
900 2315 1161 2370 divitias?
1191 2316 1325 2385 Age,
1353 2332 1445 2372 eas
1473 2317 1741 2387 sigillatim
1785 2322 2054 2375 examine-

473 2421 614 2461 mus.
642 2405 851 2462 llabent
880 2407 1133 2472 delicias,
1167 2409 1364 2463 habent
1421 2412 1651 2467 honores
1675 2454 1689 2477 ,
1725 2412 1921 2468 habent
1960 2429 2053 2484 po-

477 2499 719 2555 tentiam.
750 2500 923 2569 Atque
978 2502 1206 2570 primum
1261 2502 1509 2571 quidem,
1542 2504 1585 2558 si
1623 2506 1737 2570 vis,
1781 2507 2054 2561 examine-

470 2606 591 2645 mus
620 2591 841 2647 delicias
867 2609 882 2647 :
912 2607 1091 2648 annon
1118 2610 1196 2650 eae
1222 2605 1350 2651 sunt
1374 2597 1587 2667 pulvis?
1616 2599 1724 2653 imo
1743 2614 1871 2655 vero
1895 2602 2053 2656 citius

468 2684 689 2752 pulvere
736 2694 1016 2741 transeunt
1067 2705 1081 2741 :
1136 2703 1259 2742 nam
1309 2688 1375 2743 ad
1424 2690 1655 2761 linguam
1703 2706 1873 2761 usque
1922 2707 2051 2762 per-

469 2776 625 2845 tingit
680 2779 924 2846 voluptas
979 2778 1333 2846 deliciarum;
1387 2772 1517 2836 cum
1566 2792 1744 2837 autem
1803 2785 2051 2854 impletus

468 2868 633 2924 fuerit
676 2881 885 2935 venter,
916 2887 984 2926 ne
1012 2871 1079 2926 ad
1128 2872 1363 2942 linguam
1390 2874 1602 2942 quidem
1634 2890 1823 2947 usque.
1852 2878 1922 2932 At
1951 2879 2051 2949 ipsi

468 2962 726 3023 honores,
764 2954 956 3031 inquit,
987 2973 1113 3020 sunt
1140 2980 1230 3021 res
1259 2967 1439 3021 suavis
1471 2974 1527 3022 et
1547 2967 1799 3035 jucunda.
1832 2970 1897 3025 Et
1925 2970 2050 3041 quid

470 3061 554 3106 est
579 3053 671 3107 illo
695 3053 900 3109 honore
921 3055 1214 3122 insuavius,
1234 3072 1353 3110 cum
1383 3056 1642 3115 habeatur
1662 3069 1877 3131 propter
1897 3078 2049 3116 usum

472 3145 755 3211 pecuniae?
796 3145 928 3201 Cum
973 3162 1078 3200 non
1126 3148 1387 3204 habeatur
1427 3165 1493 3205 ex
1540 3151 1705 3205 libera
1751 3153 2049 3221 electione,

472 3249 647 3301 neque
673 3250 738 3291 ex
782 3236 959 3306 aliqua
990 3237 1153 3292 animi
1176 3238 1471 3306 alacritate,
1504 3256 1609 3298 non
1638 3252 1693 3297 tu
1735 3243 1927 3301 frueris
1956 3245 2052 3302 ho-

472 3343 626 3393 nore,
657 3328 748 3383 sed
778 3329 997 3386 divitia).
1031 3331 1387 3399 Quamobrem
1419 3334 1520 3390 hoc
1548 3338 1721 3405 ipsum
1761 3337 1887 3393 facit
1912 3338 2051 3394 divi-

471 3432 581 3475 tem
614 3422 844 3477 maxime
872 3424 1110 3477 omnium
1140 3423 1535 3480 inhonoratum.
1561 3425 1718 3495 Nam,
1739 3427 2050 3500 dic,qu:eso,

468 3513 513 3566 si
545 3522 594 3567 te
621 3511 906 3569 habentem
932 3515 1165 3570 amicum
1187 3531 1375 3572 omnes
1397 3516 1743 3587 honorarent,
1762 3520 2067 3589 faterentur

469 3614 647 3660 autem
679 3614 732 3661 te
773 3605 990 3677 quidem
1021 3608 1219 3662 nullius
1261 3623 1381 3664 esse
1406 3610 1585 3679 pretii,
1616 3626 1835 3668 necesse
1872 3622 2051 3670 autem

470 3709 591 3751 esse
617 3706 673 3750 ut
700 3706 919 3767 propter
946 3697 1099 3753 illum
1129 3709 1179 3752 te
1209 3698 1496 3764 honorent,
1527 3703 1797 3770 quomodo
1825 3714 1875 3761 te
1903 3707 2049 3776 igno-

470 3789 633 3845 minia
685 3789 843 3845 aliter
890 3792 1061 3860 magis
1116 3791 1466 3848 aﬂ'ecissent?
1518 3794 1701 3866 Itaque
1750 3797 2054 3867 ignominia:

470 3896 630 3936 eausa
660 3891 793 3936 sunt
824 3882 980 3936 nobis
1004 3882 1227 3949 divitiae,
1259 3894 1317 3938 ut
1342 3900 1462 3955 qua:
1502 3886 1632 3955 ipsis
1659 3891 2054 3957 possessoribus

471 3973 582 4026 sint
613 3972 782 4041 magis
830 3972 1127 4037 houoratze,
1161 3982 1215 4028 et
1256 3975 1642 4032 imbecillitatis
1670 3978 1923 4034 indicium
1954 3995 2052 4050 po-

472 4064 581 4117 tius
606 4078 764 4132 quam
796 4064 1068 4132 potentiae.
1114 4064 1398 4130 Quomodo
1440 4082 1569 4138 ergo
1596 4084 1701 4123 non
1741 4080 1825 4124 est
1862 4071 2053 4127 absur-

474 4157 625 4219 dum,
660 4164 799 4209 terra
844 4164 898 4210 et
926 4156 1108 4212 cinere
1138 4157 1267 4226 (hoc
1291 4159 1434 4214 enim
1474 4169 1556 4215 est
1580 4163 1919 4231 aurum)-nos
1945 4181 2050 4219 non

469 4246 761 4303 existimari
778 4261 898 4302 esse
912 4246 1120 4317 dignos,
1153 4247 1245 4303 sed
1263 4263 1359 4302 nos
1379 4260 1596 4318 propter
1612 4250 1737 4306 illud
1765 4252 2054 4310 honorari?

469 4339 535 4393 Et
553 4339 761 4394 merito.
780 4338 895 4393 Non
915 4339 985 4394 ita
1010 4354 1136 4394 vero
1156 4338 1379 4395 allectus
1402 4349 1485 4396 est
1503 4341 1803 4399 divitiarum
1822 4355 2055 4402 contem-

469 4442 620 4495 ptor;
640 4430 829 4484 melius
845 4440 927 4485 est
949 4429 1088 4485 enim
1112 4445 1219 4485 non
1238 4430 1486 4487 honorari
1507 4450 1664 4505 quam
1683 4436 1759 4491 sic
1779 4437 2050 4495 honorari.

468 4521 732 4587 Natn,dic,
759 4536 960 4592 qumso,
996 4522 1042 4576 si
1063 4523 1185 4592 quis
1218 4522 1311 4577 tibi
1339 4523 1562 4592 diceret,
1589 4524 1745 4583 Nullo
1772 4538 1822 4584 te
1851 4529 2055 4586 honore

470 4615 690 4683 dignum
715 4628 835 4668 esse
858 4614 1124 4681 existimo,
1145 4615 1237 4670 sed
1258 4626 1476 4686 propter
1496 4616 1728 4675 famulos
1748 4630 1867 4676 tuos
1885 4630 1938 4677 te
1959 4623 2055 4678 ho-

471 4719 605 4757 noro
629 4719 643 4768 ;
675 4720 742 4757 an
771 4703 869 4757 hac
903 4705 1189 4774 ignominia
1211 4716 1387 4774 potest
1409 4708 1697 4779 quidquam
1720 4725 1839 4767 esse
1864 4713 2053 4783 pejus?

469 4799 524 4853 Si
548 4808 724 4853 autem
750 4807 966 4868 propter
1009 4814 1193 4855 servos
1222 4810 1375 4871 turpe
1400 4813 1483 4857 est
1509 4803 1782 4871 honorari,
1814 4809 1902 4873 qui
1931 4817 2055 4861 sunt

470 4891 756 4960 participes
782 4889 1020 4959 ejusdem
1046 4892 1197 4962 cujus
1218 4908 1314 4948 nos
1340 4894 1533 4948 animae
1555 4904 1610 4949 et
1631 4904 1865 4953 naturae:
1885 4898 2055 4953 multo

469 4982 641 5053 magis
669 4992 888 5053 propter
913 4999 972 5038 ea
1001 5000 1119 5054 quas
1150 4994 1275 5039 sunt
1302 4985 1385 5040 his
1405 4986 1613 5052 viliora,
1642 4988 1944 5052 domorum,
1969 4991 2054 5044 in—

470 5090 654 5144 quam,
685 5076 917 5145 parietes
946 5085 1001 5129 et
1026 5076 1182 5143 atria,
1213 5085 1267 5131 et
1288 5092 1414 5132 vasa
1445 5093 1605 5133 aurea
1634 5090 1689 5135 et
1708 5088 1905 5135 vestes.
1932 5081 2057 5136 H1110

469 5184 597 5224 vere
623 5178 748 5223 sunt
775 5168 997 5223 ridicula
1024 5178 1073 5223 et
1106 5169 1351 5238 pudenda
1376 5189 1390 5224 :
1414 5172 1607 5225 melius
1629 5182 1714 5227 est
1737 5174 1873 5228 mori
1898 5190 2055 5244 quam

470 5263 549 5314 sic
578 5260 850 5316 honorari.
894 5261 985 5315 Dic
1022 5262 1163 5317 enim
1192 5262 1345 5329 mihi,
1377 5263 1420 5317 si
1448 5271 1501 5317 te
1528 5264 1579 5317 in
1608 5263 1708 5318 hoc
1748 5265 1885 5318 [astu
1925 5266 2057 5335 peri-

470 5353 748 5411 clitantem
774 5354 895 5407 vilis
920 5353 1182 5423 quispiam
1235 5364 1289 5407 et
1326 5352 1669 5421 despuendus
1695 5356 1761 5408 ab
1791 5355 1893 5409 hoc
1920 5356 2056 5423 peri-

475 5446 596 5497 cuio
626 5446 788 5499 vellet
818 5445 1072 5509 liberare,
1104 5445 1357 5514 quidnam
1389 5445 1492 5499 hoc
1516 5455 1658 5500 esset
1691 5445 1876 5515 pejus?
1905 5446 2055 5513 Quod

471 5548 653 5592 autem
697 5536 762 5591 de
804 5537 1018 5593 civitate
1049 5539 1185 5591 inter
1234 5553 1329 5591 vos
1385 5538 1583 5602 dicitis,
1616 5538 1741 5591 volo
1785 5538 1934 5592 vobis
1979 5540 2056 5593 di.

473 5645 617 5686 cere.
646 5631 721 5700 (b)
751 5629 889 5684 Eunt
912 5630 1002 5700 qui
1035 5645 1210 5684 rerutn
1242 5630 1545 5699 potiebatur
1569 5628 1858 5699 aliquando
1887 5628 2055 5685 offen-

537 5787 611 5847 (α)
636 5786 711 5836 De
724 5786 950 5849 Eutropio
962 5788 1194 5836 Eunucho
1216 5795 1372 5836 actum
1400 5786 1550 5836 fuitin
1571 5787 1743 5834 Monito
1766 5798 1926 5849 supra.
1948 5794 2055 5835 Nam

476 5848 1023 5917 de__eo_pt'orsus’loqni
1056 5850 1266 5897 videtur.
1375 5913 1381 5917 _
1456 5911 1468 5917 _
1812 5848 1835 5917 ,ν
1898 5912 1905 5917 _

540 5910 611 5975 (b)
638 5909 694 5961 lii
736 5909 1059 5974 aequantibus
1081 5920 1281 5974 carptim
1307 5913 1409 5974 agit
1439 5911 1503 5963 de
1536 5910 1778 5961 seditione
1796 5909 2055 5963 Antioche-

1250 445 1307 504 S.
1350 449 1625 508 JOANNIS
1662 452 2129 513 CHRYSOSTOMI
2168 459 2484 518 ARCHIEP.
2525 466 3051 526 CONSTANTINOP.

3648 478 3749 533 548

2177 575 2254 630 dit
2293 590 2473 634 nostra
2500 584 2709 649 civitas,
2737 593 2793 638 et
2814 587 2972 654 jussit
2996 602 3115 642 eam
3141 589 3309 644 everti
3340 589 3596 656 funditus,
3628 609 3745 648 cum

2173 674 2318 738 viris,
2342 676 2520 743 pueris
2546 686 2599 731 et
2614 677 2879 733 domibus.
2900 679 3056 735 Tales
3090 684 3230 736 enim
3272 694 3396 737 sunt
3421 685 3515 739 irae
3541 703 3742 756 regum:

2173 767 2420 834 potestati
2450 777 2705 836 quantum
2737 771 2919 825 volunt
2971 772 3244 843 indulgent
3276 792 3290 823 :
3320 785 3525 830 tantum
3551 780 3746 833 malum

2171 864 2252 910 est
2270 866 2526 926 potestas.
2555 861 2821 933 Eratergo
2847 864 2898 917 in
2930 867 3185 919 extremis
3206 868 3478 936 periculis.
3504 870 3630 924 Hec
3654 887 3742 925 au-

2173 961 2278 1005 tem
2296 952 2467 1008 vicina
2485 955 2672 1009 civitas
2689 957 2950 1011 maritima
2970 959 3174 1027 rogavit
3192 975 3288 1028 pro
3302 961 3453 1016 nobis
3467 963 3744 1032 Imperatr»

2170 1058 2281 1098 rem
2303 1062 2317 1098 :
2336 1046 2424 1115 qui
2443 1056 2619 1100 autem
2639 1056 2873 1103 nostram
2890 1049 3745 1119 habitabantcivitatem,dicebant

2168 1134 2273 1190 hoc
2298 1152 2420 1192 esse
2448 1138 2599 1208 pejus
2622 1154 2781 1209 quam
2809 1141 2947 1195 dirui
2979 1142 3269 1197 civitatem.
3306 1143 3450 1198 Adeo
3476 1146 3554 1199 sic
3580 1146 3746 1199 hono-

2167 1231 2271 1282 rari
2303 1230 2455 1300 pejus
2480 1240 2579 1297 est,
2611 1247 2768 1301 quam
2809 1233 3097 1302 ignominia
3124 1234 3282 1290 afﬁci.
3311 1237 3445 1292 Vide
3481 1238 3624 1292 enim
3657 1255 3744 1292 un-

2167 1319 2358 1374 denam
2382 1322 2593 1378 radices
2620 1332 2743 1393 agat
2768 1323 2958 1379 honor.
2991 1323 3292 1396 Coquorum
3332 1342 3523 1383 manus
3549 1329 3739 1384 faciunt

2165 1421 2225 1463 ut
2250 1427 2347 1465 nos
2378 1410 2703 1468 honoremnr
2727 1431 2740 1479 ;
2774 1416 3118 1487 quamobrem
3145 1418 3251 1472 illis
3273 1418 3525 1473 debemus
3546 1419 3743 1475 habere

2164 1503 2389 1571 gratiam
2419 1521 2432 1557 :
2461 1512 2516 1559 et
2555 1505 2761 1560 subulci
2803 1508 2998 1561 lautam
3044 1509 3340 1577 praebentes
3386 1524 3649 1577 mensam,
3690 1522 3743 1566 et

2167 1608 2402 1653 textores
2438 1607 2493 1652 et
2538 1598 2755 1665 lanifici,
2789 1611 2842 1654 et
2876 1601 2964 1670 qui
2998 1601 3210 1655 metalla
3238 1612 3548 1671 operantur,
3574 1613 3630 1658 et
3655 1605 3740 1674 qui

2165 1689 2432 1758 placentas
2457 1690 2729 1759 condiunt,
2757 1696 2845 1762 qui
2873 1701 2928 1747 et
2953 1707 3163 1747 mensas
3192 1702 3455 1747 sternunt.

2235 1782 2288 1836 4.
2324 1782 2513 1836 Annon
2559 1797 2687 1852 ergo
2734 1783 2925 1837 melius
2973 1792 3055 1838 est
3101 1799 3208 1839 non
3265 1784 3535 1848 honorari,
3581 1802 3737 1856 quam

2169 1875 2289 1928 talis
2316 1875 2538 1929 honoris
2570 1875 2676 1930 illis
2704 1874 2901 1932 habere
2924 1878 3169 1947 gratiam.
3208 1878 3409 1932 Praeter
3427 1879 3544 1933 haec
3563 1889 3737 1933 autem

2132 1967 2304 2035 quod
2357 1966 2623 2023 ditescere
2674 1969 2891 2038 plenum
2938 1969 3008 2023 sit
3054 1970 3362 2039 ignominia,
3411 1986 3513 2040 ego
3557 1984 3738 2039 aperte

2162 2061 2396 2115 conabor
2443 2062 2748 2117 ostendere.
2778 2062 3010 2132 Turpem
3039 2062 3163 2118 facit
3206 2064 3433 2118 animam
3466 2084 3481 2119 :
3510 2065 3639 2132 quid
3662 2075 3739 2120 est

2160 2164 2335 2208 autem
2369 2154 2470 2209 hoc
2498 2156 2944 2225 iguominiosius?
2970 2156 3121 2217 Nam.
3140 2156 3455 2227 dic,qu:cso.
3481 2158 3526 2210 si
3548 2172 3739 2226 corpus

2160 2260 2301 2302 esset
2326 2249 2648 2319 speciosum,
2697 2260 2751 2304 et
2780 2265 2969 2305 omnes
3007 2265 3264 2320 superans
3306 2252 3734 2321 pulchritudine;

2160 2341 2476 2396 accedentes
2519 2350 2696 2397 autem
2725 2342 2921 2398 divitire
2961 2344 3341 2414 pollicerentur
3387 2360 3447 2399 se
3492 2345 3545 2399 id
3588 2355 3737 2413 turpe

2162 2434 2413 2494 facturas.
2445 2443 2499 2489 et
2543 2450 2638 2503 pro
2668 2451 2798 2490 sano
2840 2445 3121 2505 a‘grotum,
3155 2450 3252 2506 pro
3281 2436 3416 2492 bene
3442 2440 3738 2507 composito

2160 2525 2421 2580 tumidum
2474 2534 2529 2579 et
2586 2525 3011 2591 inﬂammatum;
3062 2537 3116 2583 et
3168 2529 3413 2583 omnibus
3486 2530 3737 2584 membris

2160 2617 2422 2673 intercute
2448 2618 2666 2687 repletis
2715 2617 2988 2673 inflassent
3016 2620 3227 2689 quidem
3258 2620 3444 2675 faciem
3467 2662 3483 2686 ,
3510 2632 3566 2676 et
3594 2624 3737 2676 omni

2158 2724 2222 2764 cx
2258 2720 2411 2780 parte
2432 2710 2688 2764 tumidam
2713 2711 3017 2776 redderent,
3046 2712 3207 2781 pedes
3226 2728 3437 2782 quoque
3463 2713 3738 2769 inﬂassent

2159 2810 2211 2855 et
2245 2801 2484 2855 trabibus
2512 2802 2767 2857 fecissent
2792 2803 3083 2872 graviores,
3109 2803 3379 2858 inﬂasseut
3402 2814 3455 2858 et
3474 2817 3732 2867 ventrem,

2158 2904 2213 2949 et
2238 2894 2541 2949 effecissent
2582 2894 2839 2963 majorem
2879 2896 3066 2965 quovis
3094 2895 3275 2960 dolio;
3308 2907 3490 2965 postea
3518 2912 3646 2951 vero
3672 2914 3735 2953 ne

2159 2988 2224 3041 iis
2254 2986 2492 3056 quidem,
2524 2987 2611 3056 qui
2640 2987 2840 3041 vellent
2862 3001 3073 3052 curare,
3100 3003 3158 3042 se
3190 2990 3545 3057 permissuros
3574 2988 3733 3058 proﬁ-

2159 3080 2440 3149 terentur(
2468 3094 2533 3135 ea
2557 3081 2698 3134 enim
2723 3089 2806 3134 est
2831 3080 2991 3135 nimia
3021 3080 3300 3151 potestas),
3329 3081 3423 3136 sed
3448 3098 3507 3137 se
3539 3091 3733 3137 tantam

2158 3174 2375 3229 daturas
2417 3189 2537 3230 esse
2586 3174 2911 3239 libertatem,
2962 3184 3021 3229 ut
3075 3175 3119 3229 si
3167 3175 3287 3242 quis
3334 3174 3622 3232 accederet
3670 3177 3733 3231 ad

2159 3271 2331 3340 ipsum
2363 3268 2695 3325 liberandum
2739 3284 2769 3323 a
2801 3267 2998 3332 noxiis,
3039 3282 3159 3321 eum
3207 3278 3389 3323 essent
3430 3270 3729 3337 punitum:

2158 3378 2224 3417 an
2256 3361 2386 3433 quid
2414 3361 2719 3423 immanius,
2747 3376 2949 3432 quzcso,
2981 3359 3167 3415 esset?
3191 3359 3323 3415 Cum
3366 3374 3495 3430 ergo
3536 3360 3732 3415 divitia:

2157 3458 2234 3512 sic
2258 3457 2491 3511 animam
2536 3454 2789 3519 alliciant,
2817 3454 3084 3523 quomodo
3122 3468 3209 3509 res
3236 3452 3458 3523 pulchra
3501 3454 3731 3508 fuerint?

2157 3548 2263 3605 Sed
2292 3547 2453 3603 nimia
2483 3555 2717 3617 potestas
2744 3557 2826 3603 est
2852 3548 2967 3615 ipso
2994 3545 3180 3601 morbo
3203 3545 3417 3616 gravior
3441 3563 3455 3600 :
3484 3557 3730 3618 regrotan-

2159 3652 2267 3695 tem
2294 3640 2435 3696 enim
2466 3656 2532 3696 ne
2562 3639 2889 3694 medicorum
2918 3639 3129 3709 quidem
3172 3654 3363 3710 parere
3404 3639 3629 3708 legibus,
3655 3649 3727 3693 est

2158 3735 2376 3803 gravius
2401 3748 2561 3804 quam
2587 3742 2864 3803 aegrotare.
2896 3731 3049 3799 Quod
3092 3732 3288 3788 habent
3317 3741 3372 3788 et
3416 3732 3634 3797 divitias,
3660 3733 3728 3787 fac

2160 3827 2366 3882 cientes
2412 3825 2558 3881 omni
2609 3841 2675 3881 ex
2725 3835 2875 3896 parte
2924 3826 3278 3881 intumescere
3322 3836 3377 3881 et
3422 3826 3725 3882 inflammati

2159 3920 2415 3985 animam,
2441 3929 2495 3974 et
2521 3910 2864 3989 prohibentes
2891 3920 3126 3975 medicos
3164 3918 3441 3975 accedere.
3466 3919 3723 3987 Quamob«

2163 4027 2275 4068 rem
2317 4022 2539 4082 propter
2565 4013 2780 4067 nimiam
2812 4021 3127 4082 potestatem
3158 4028 3224 4068 ne
3266 4028 3360 4069 eos
3402 4012 3587 4068 beatos
3614 4026 3723 4080 pro-

2159 4107 2483 4171 nuntiemus,
2518 4108 2609 4162 sed
2656 4121 2838 4161 eorum
2872 4108 3238 4162 misereamnr.
3282 4106 3463 4177 Neque
3501 4110 3659 4170 enim,
3683 4106 3722 4161 si

2160 4212 2293 4267 aqua
2322 4197 2585 4253 intercute
2607 4198 2872 4267 jacentem
2902 4198 3149 4263 viderim,
3179 4208 3231 4254 et
3259 4201 3527 4254 neminem
3550 4207 3721 4254 vetan-

2160 4296 2265 4341 tem
2291 4287 2575 4357 quominus
2599 4299 2723 4357 potu
2752 4288 3037 4357 impleatur
3056 4298 3309 4359 quantum
3338 4289 3465 4344 velit
3490 4298 3544 4344 et
3565 4289 3721 4346 noxiis

2159 4378 2429 4436 carnibus.
2462 4395 2583 4432 eum
2616 4379 2828 4433 beatum
2858 4379 3082 4435 dixerim
3116 4390 3329 4449 propter
3359 4396 3478 4435 eam
3506 4391 3723 4450 potesta-

2162 4484 2287 4528 tem.
2318 4472 2562 4527 Potestas
2606 4473 2745 4526 enim
2798 4489 2902 4527 non
2941 4482 3026 4527 est
3050 4488 3261 4542 semper
3291 4473 3449 4539 bona,
3481 4475 3617 4529 sicut
3638 4489 3725 4529 nec

2160 4566 2393 4621 honores
2423 4584 2435 4618 :
2464 4581 2587 4620 nam
2617 4581 2695 4620 ea)
2725 4566 2969 4635 superbia
3003 4566 3221 4635 implent
3244 4574 3296 4620 et
3322 4568 3644 4635 arrogantia.
3677 4567 3723 4621 Si

2160 4670 2335 4713 autem
2365 4659 2538 4713 nolles
2565 4673 2760 4726 corpus
2790 4658 3032 4713 morbum
3060 4658 3330 4726 suscipere
3353 4673 3474 4712 cum
3500 4658 3690 4712 divitiis
3710 4698 3723 4719 ,

2158 4753 2424 4824 quomodo
2477 4752 2705 4822 despicis
2760 4753 3010 4816 animam,
3055 4767 3157 4807 non
3212 4751 3347 4806 hanc
3396 4752 3592 4817 solum,
3642 4750 3727 4805 sed

2161 4847 2317 4901 aliam
2362 4861 2575 4916 quoque
2632 4845 3007 4913 suscipientem
3072 4844 3446 4914 puuitioncm?
3498 4845 3729 4913 Undique

2160 4942 2301 4996 enim
2355 4948 2545 4994 a'stuat
2587 4937 2825 4992 febribus
2867 4946 2923 4992 et
2960 4935 3502 5001 inﬂammationibus;
3536 4936 3729 4991 febrem

2162 5032 2307 5086 illam
2364 5045 2521 5084 nemo
2576 5038 2751 5098 potest
2807 5029 3145 5097 exstinguere
3175 5046 3187 5079 :
3222 5044 3326 5081 non
3375 5029 3559 5082 sinunt
3594 5030 3727 5082 enim

2160 5124 2402 5185 divitia),
2460 5132 2642 5193 utpote
2690 5138 2810 5191 qua:
2860 5122 3173 5176 detrimenta
3235 5121 3559 5189 persuadent
3621 5136 3733 5176 esse

2161 5214 2437 5271 commoda
2471 5215 2687 5279 :velut,
2720 5215 2985 5269 neminem
3028 5214 3309 5281 sustinere,
3358 5223 3412 5267 et
3457 5230 3552 5283 per
3596 5219 3765 5283 sum-I‘

2166 5264 2481 5271 -ρ--.------η
2526 5264 2687 5279 ._-_-,
2722 5264 2984 5269 ----
3368 5264 3409 5267 --
3457 5264 3537 5283 Γ-
3597 5264 3706 5268 νη

2162 5324 2301 5361 mam
2347 5306 2612 5360 licentiam
2661 5307 2837 5360 omnia
2878 5320 3053 5375 agere.
3105 5304 3219 5358 Non
3262 5306 3402 5359 enim
3449 5306 3611 5359 aliam
3654 5264 3766 5374 ill‘!

2163 5431 2361 5473 norum,
2388 5419 2470 5479 qui
2513 5417 2838 5479 Imperatricis
2882 5424 3062 5466 statuas
3105 5423 3409 5479 everterunt.
3446 5418 3550 5477 Qua
3586 5419 3649 5467 de
3682 5432 3736 5466 re

2162 5477 2437 5539 indignatus
2468 5477 2765 5528 Theudosius
2782 5517 2794 5533 ,
2819 5479 3062 5542 civitatem
3086 5477 3209 5527 male
3235 5479 3487 5542 mulctare,
3515 5482 3613 5529 imo
3630 5494 3736 5542 per-

2161 5541 2283 5605 dere
2304 5544 2526 5602 parabat;
2551 5542 2638 5590 sed
2664 5541 2857 5605 tandem
2879 5543 2952 5605 ira
2967 5540 3143 5605 sedata
3160 5540 3466 5605 Antiochenis
3493 5540 3735 5605 pepercit.

2161 5603 2251 5652 Hic
2277 5600 2509 5664 quaeritur
2532 5614 2640 5665 qua:
2672 5605 2734 5651 sit
2766 5600 2846 5650 ilia
2884 5603 3001 5651 urbs
3035 5601 3304 5651 Antiochiae
3342 5600 3581 5652 vicina-ad
3605 5618 3736 5653 oram

2163 5663 2308 5713 maris
2330 5666 2439 5727 sita,
2460 5663 2573 5727 quae
2598 5663 2955 5727 Imperatorem
2984 5666 3190 5727 rogavit,
3216 5672 3271 5713 ut
3292 5665 3611 5727 Antiocheuis
3635 5678 3737 5726 par-

2165 5732 2320 5775 ceret.
2350 5724 2549 5787 Quidam
2570 5724 2739 5787 putant
2761 5724 3037 5787 Seleuciam
3060 5724 3241 5775 fuisse:
3268 5726 3354 5775 sed
3378 5738 3462 5775 res
3482 5728 3529 5775 in
3552 5724 3738 5776 incerto

2162 5796 2399 5835 versatur.
2429 5786 2747 5844 Quodautem
2770 5786 3016 5847 singulare
3034 5788 3227 5835 omnino
3251 5788 3735 5844 videtur;malebant,

2163 5851 2317 5909 inquit
2340 5847 2718 5913 CJuysostomus,
2740 5848 3021 5913 μυήσει]εηὶ
3057 5850 3245 5911 perire,
3270 5862 3412 5913 quam
3445 5852 3583 5901 istius
3606 5852 3737 5902 urbi:

2166 5908 2335 5973 rogatu
2359 5924 2386 5959 a
2404 5908 2538 5961 tanto
2567 5908 2785 5974 periculo
2810 5911 2950 5976 eripi.
