4032 6502
303 433 418 491 367

299 549 380 602 τά
410 550 560 603 ὄντα.
597 550 660 602 Τί
694 549 800 620 γὰρ
835 550 1012 621 βούλει
1045 552 1252 616 εἰπεῖν;
1291 552 1392 614 τὰς
1439 551 1614 623 ἀρχάς
1655 552 1748 605 καὶ
1775 551 1873 614 τάς

299 637 660 700 δυναστείαςς
718 639 908 692 τούτου
964 639 1072 709 γάρ
1127 639 1282 692 οὐδὲν
1318 640 1465 692 δοκεῖ
1512 639 1878 708 ζηλωτότερον

300 723 448 778 εἶναι
478 728 535 778 ἐν
563 726 641 796 τῷ
669 728 898 798 παρόντι
932 728 1052 797 βίῳ.
1096 729 1258 782 Ἀλλά
1298 729 1389 782 τὸν
1421 728 1700 798 κονιορτὸν
1725 726 1876 796 εὕροι

300 830 391 874 τις
435 812 504 866 ἀν
545 814 742 884 μᾶλλον
780 815 872 867 ἐπὶ
918 815 1012 866 τοῦ
1051 815 1212 886 ἀέρος
1263 815 1573 882 ἱστάμενον,
1609 815 1641 885 ἢ
1681 814 1873 877 ταῦτα,

305 899 546 969 μάλιστα
573 902 688 955 νῦν.
723 903 840 955 Τίνι
871 903 978 972 γάρ
1007 904 1103 972 οὑχ
1143 903 1488 969 ὑπόκεινται;
1521 903 1646 964 Τοῖς
1676 901 1876 972 ἐρῶσιν

301 987 513 1048 αὐτῶν,
545 991 653 1052 τοῖς
703 989 997 1060 εὐνούχοις,
1033 993 1145 1053 τοῖς
1181 982 1304 1043 ’τῶν
1352 990 1648 1061 χρημάτων
1690 991 1876 1042 ἕνεκεν

301 1075 525 1128 ἃπαντα
564 1076 884 1146 πράττουσι,
929 1077 1085 1148 θυμῷ
1113 1078 1310 1146 δήμου,
1347 1079 1537 1146 ὀργαῖς
1564 1079 1671 1131 τῶν
1717 1077 1876 1130 δυνα-

299 1163 583 1232 τωτέρων.
629 1165 688 1216 Ὀ
722 1164 849 1233 χθὲς
877 1166 971 1218 ἐπί⁵
996 1166 1088 1217 τοῦ
1122 1165 1366 1236 βήματος
1397 1166 1620 1237 ὑψηλὸς,
1649 1167 1678 1218 6
1707 1167 1878 1236 κήρυ-

297 1245 405 1316 κάς
445 1252 586 1322 ἔχων
626 1253 854 1324 λαμπρᾷ
891 1257 956 1324 τῇ
1007 1257 1158 1324 φωνῇ
1208 1255 1466 1324 βοῶντας,
1515 1258 1608 1308 καὶ
1650 1256 1877 1320 πολλοὺς

297 1341 431 1399 τοὺς
467 1341 865 1412 προτρέχοντας
900 1342 994 1393 καὶ
1024 1340 1316 1405 σοϐοῦντας
1349 1342 1490 1395 κατά
1523 1342 1621 1413 τήν
1645 1343 1872 1412 ἀγοράν,

297 1426 460 1499 [575]
514 1430 752 1498 σήμερον
803 1427 1028 1499 εὐτελής
1084 1431 1178 1482 καὶ
1233 1428 1482 1492 ταπεινὸς
1517 1431 1611 1482 καὶ
1656 1429 1876 1483 πάντων

295 1516 541 1568 ἐκείνων.
583 1515 786 1586 ἔρημος
842 1515 936 1568 καὶ
987 1516 1226 1586 γυμνὸς,
1277 1516 1528 1587 καθάπερ
1601 1517 1872 1588 κονιορτὸς

296 1602 745 1673 ἀναῤῥιπισθεὶς,
779 1601 1032 1672 καθάπερ
1063 1602 1240 1673 ῥεῦμα
1276 1603 1565 1673 παρελθόν.
1607 1603 1875 1674 Καθάπερ

293 1690 356 1742 δὲ
392 1691 427 1758 ἡ
452 1689 603 1752 κόνις
641 1690 749 1742 ἀπὸ
781 1688 891 1741 τῶν
921 1689 1098 1741 ποδῶν
1125 1690 1400 1760 ἐγείρεται
1427 1690 1536 1743 τῶν
1558 1691 1871 1762 ήμετέρωνο

293 1777 448 1829 οὕτω
476 1777 541 1847 δὴ
559 1777 652 1830 καὶ
685 1778 739 1829 αί
758 1776 926 1846 ἀρχαὶ
956 1777 1063 1829 ἀπὸ
1089 1777 1295 1830 τούτων
1315 1777 1584 1831 τίκτονται
1611 1778 1718 1831 τῶν
1745 1781 1873 1849 περὶ

296 1864 373 1916 τά
402 1866 664 1934 χρήματα
697 1862 1100 1934 στρεφομένων,
1131 1864 1224 1917 καὶ
1256 1864 1428 1917 ποδῶν
1457 1865 1610 1929 τάξιν
1638 1865 1870 1935 ἐχόντων

293 1952 360 2004 ἐν
384 1952 546 2004 παντὶ
582 1949 662 2020 τῷ
713 1949 812 2021 βίῳ
837 1968 851 1981 ο
899 1951 991 2003 καὶ
1021 1951 1276 2021 καθάπερ
1309 1954 1342 2022 ἡ
1383 1951 1552 2015 κόνις,
1589 1952 1718 2005 ὃταν
1769 1952 1873 2022 μὲν

289 2041 544 2110 ατρηται,
576 2038 710 2091 πολὺ
731 2038 896 2110 μέρος
921 2038 1140 2109 κατέχει
1160 2037 1254 2092 τοῦ
1283 2038 1619 2110 ἀέρος,αὑτὴ
1636 2038 1694 2093 δέ
1722 2041 1871 2094 ἐστιν

288 2126 478 2196 ὀλίγη,
508 2125 650 2179 οὑτω
678 2126 773 2179 καὶ
803 2127 837 2196 ή
877 2126 1053 2196 ἀρχήο
1088 2127 1182 2179 καὶ
1219 2124 1470 2196 καθάπερ
1513 2127 1547 2196 ή
1590 2128 1735 2190 κόνις
1783 2145 1874 2180 τυο

288 2214 420 2283 φλοῖ
455 2216 585 2278 τοὺς
614 2215 949 2284 ὀφθαλμοὺς,
981 2210 1123 2267 οὑτω
1163 2215 1255 2267 καὶ
1291 2215 1391 2284 τῆς
1426 2215 1603 2286 ἀρχῆς
1646 2217 1675 2268 6
1701 2215 1870 2285 τῦφος

289 2305 467 2374 πηροῖ
494 2303 621 2365 τοὺς
651 2301 964 2372 ὀφθαλμοὺς
991 2302 1091 2373 τῆς
1119 2301 1373 2364 διανοίας.

370 2499 538 2552 Ἀλλά
561 2500 647 2564 τί;
683 2499 860 2569 βούλει
884 2503 946 2554 τὸ
976 2500 1306 2554 πολύευκτον
1333 2503 1562 2572 πρᾶγμα
1591 2502 1857 2567 ἐξετάσω-

285 2604 427 2659 μεν,
463 2587 556 2640 τὸν
589 2587 850 2651 πλοῦτον;
881 2588 1017 2659 Φέρε
1055 2589 1367 2660 καταμέρος
1405 2589 1566 2642 αὑτὸν
1600 2588 1864 2654 ἐξετάσω-

281 2691 410 2744 μεν.
454 2675 609 2745 Ἐχει
653 2675 899 2746 τρυφήν,
945 2674 1057 2745 ἔχει
1102 2676 1296 2745 τιμάς,
1332 2676 1443 2746 ἔχει
1483 2677 1544 2729 τὸ
1579 2677 1859 2732 δύνασθαι.

277 2761 515 2831 Πρῶτον
545 2758 659 2824 οὖν,
685 2763 734 2814 εί
759 2762 958 2832 βούλει,
987 2762 1087 2832 τὴν
1109 2763 1319 2833 τρυφὴν
1342 2763 1684 2833 ἐξετάσωμεν
1705 2804 1720 2826 ,
1742 2765 1865 2834 οὐχὶ

277 2849 566 2920 κονιορτός
596 2851 747 2914 ἐστι;
776 2849 977 2918 μᾶλλον
1009 2849 1064 2902 δέ
1086 2849 1181 2902 καὶ
1205 2849 1394 2903 τούτου
1427 2851 1722 2920 ταχύτερον
1754 2867 1861 2904 πα-

282 2937 546 3007 ρατρέχει
570 2954 584 2966 ·
631 2937 792 3008 μέχρι
821 2936 927 3008 γάρ
949 2937 1048 3005 τῆς
1079 2937 1324 3007 γλώττης
1355 2939 1388 3008 ή
1423 2939 1580 3011 ήδονὴ
1608 2940 1705 3009 τῆς
1727 2956 1859 3008 τρυ-

277 3025 394 3093 φῆς
418 3041 434 3054 ·
469 3025 598 3077 ὅταν
633 3025 690 3077 δέ
737 3025 1024 3095 ἐμπλησθῇ
1059 3027 1092 3096 ή
1142 3027 1374 3094 γαστὴρ,
1410 3026 1530 3079 οὑδέ
1567 3026 1726 3096 μέχρι
1760 3027 1860 3096 τῆς

276 3110 553 3180 γλώττης.
609 3112 747 3165 Ἀλλ’
783 3113 945 3166 αὑταὶ
977 3113 1034 3164 αἱ
1076 3115 1236 3182 τιμαὶ
1273 3115 1506 3183 πρᾶγμα
1537 3114 1666 3184 ήδὺ,
1701 3115 1855 3186 φησί.

279 3200 400 3253 Καὶ
426 3199 476 3251 τί
497 3199 594 3269 τῆς
614 3201 780 3271 τιμῆς
806 3200 1020 3270 ἐκείνης
1044 3201 1332 3271 ἁηδέστερο
1345 3220 1384 3265 ν,
1409 3203 1536 3255 ὅταν
1561 3201 1648 3255 διά
1669 3203 1862 3273 χρείαν

277 3288 496 3356 γίνεται
531 3291 867 3359 χρημάτωνς
906 3288 1077 3342 Ὅταν
1103 3289 1176 3358 μὴ
1210 3290 1273 3340 ἐκ
1297 3289 1693 3358 προαιρέσεως,
1725 3291 1862 3360 μηδὲ

277 3377 396 3428 ἀπὸ
436 3377 742 3447 προθυμίας
770 3376 932 3438 τινὸς,
966 3375 1028 3428 οὑ
1065 3377 1128 3428 σὺ
1170 3376 1482 3444 καρποῦσαι
1519 3377 1621 3446 τήν
1654 3377 1817 3448 τιμὴν
1841 3421 1855 3440 ,

275 3465 402 3519 ἀλλ’
437 3466 465 3517 6
498 3465 747 3524 πλοῦτος.
787 3465 948 3516 Ὥστε
978 3462 1212 3534 μάλιστα
1249 3464 1467 3518 πάντων
1494 3467 1687 3536 ἄτιμον
1715 3469 1863 3520 ποιεῖ

277 3555 376 3606 τὸν
407 3549 735 3605 πλουτοῦντα
765 3551 923 3604 τοῦτο
945 3551 1097 3604 αὑτό.
1131 3552 1264 3604 Εἰπέ
1286 3552 1394 3622 γάρ
1421 3571 1530 3623 μοι,
1553 3552 1607 3605 εῖ
1624 3571 1681 3606 σε
1706 3555 1858 3624 φίλον

276 3643 478 3710 ἔχοντα
509 3641 706 3702 πάντες
735 3638 968 3708 ἐτίμων,
998 3637 1308 3707 ὡμολόγουν
1340 3640 1396 3691 δὲ
1427 3640 1486 3691 σέ
1513 3640 1610 3709 μὲν
1645 3641 1858 3704 οὐδενὸς

277 3726 440 3792 ἀξιον
487 3723 625 3779 εἶναι
644 3768 656 3789 ,
701 3724 1111 3794 ἀναγκάζεσθαι
1140 3725 1197 3778 δέ
1225 3724 1294 3777 δι’
1319 3726 1528 3779 ἐκεῖνον
1558 3729 1723 3798 τιμᾷν
1744 3769 1758 3792 ,
1789 3724 1858 3800 ἦν

279 3818 438 3876 ὅπως
478 3815 543 3868 ἄν
577 3831 633 3866 σε
663 3814 861 3885 ἑτέρως
895 3813 1205 3882 ήτίμασαν;
1247 3814 1408 3866 Ὥστε
1433 3814 1657 3884 ἀτιμίας
1686 3815 1855 3879 αῖτιος

276 3906 311 3956 6
347 3900 578 3963 πλοῦτος
599 3901 729 3970 ἡμῖν
750 3939 765 3962 ,
801 3899 981 3953 αὐτῶν
1006 3899 1113 3952 τῶν
1149 3901 1500 3970 κεκτημένων
1531 3901 1856 3972 τιμιώτερος

273 3990 391 4054 ῶν,
438 3991 532 4043 καὶ
577 3988 890 4052 ἀσθενείας,
937 3988 970 4059 ἢ
1007 3988 1326 4051 δυναστείας
1368 3993 1689 4061 τεκμήριον.
1731 3991 1856 4055 Πῶς

272 4073 374 4132 οὖν
404 4077 507 4130 ούκ
539 4076 738 4130 ἄτοπον
760 4075 864 4144 γῆς
890 4075 983 4128 καὶ
1015 4075 1210 4128 σποδοῦ
1233 4075 1543 4146 (τοῦτογάρ
1559 4079 1587 4130 6
1616 4077 1854 4149 χρυσὸς)

277 4165 359 4238 μὴ
386 4164 704 4234 νομίζεσθαι
739 4165 886 4232 ήμάς
911 4161 1096 4226 ἀξίους
1115 4159 1276 4228 εῖναι,
1303 4163 1417 4215 ἀλλ’
1443 4165 1589 4233 ἡμᾶς
1619 4165 1685 4217 δι’
1710 4167 1854 4219 ἐκεῖ·

275 4271 369 4308 νον
397 4251 703 4323 τιμᾶσθαις
736 4250 974 4312 Εἰκότως
997 4266 1011 4280 ·
1041 4249 1156 4302 ἀλλ’
1186 4251 1285 4320 οὑχ
1313 4251 1342 4302 6
1370 4250 1465 4303 τοῦ
1493 4250 1723 4305 πλούτου
1760 4271 1857 4308 κα·-

275 4339 591 4412 ταφρονῶν,Ι
628 4339 771 4390 οὓτω
791 4354 805 4367 ·
842 4339 1088 4408 κρεῖττον
1113 4337 1222 4407 γάρ
1258 4338 1332 4409 μὴ
1358 4338 1624 4408 τιμᾶσθαι
1652 4339 1684 4410 ἢ
1714 4339 1857 4394 οὕτω

275 4430 568 4502 τιμᾶσθαι.
598 4427 732 4481 Εἰπέ
764 4427 873 4498 γάρ
914 4445 1025 4497 μοι,
1057 4429 1108 4482 εῖ
1136 4446 1220 4492 τις
1245 4426 1368 4480 εἶπέ
1403 4445 1503 4494 σοι,
1539 4429 1620 4481 ὅτι
1667 4431 1734 4482 Σὲ
1761 4431 1853 4482 ού-

277 4521 474 4590 δεμιᾶς
504 4516 749 4588 ήγοῦμαι
771 4517 921 4582 ἄξιον
946 4517 1135 4585 τιμῆς,
1168 4515 1256 4570 διά
1286 4516 1342 4569 δέ
1368 4517 1495 4578 τοὺς
1520 4517 1736 4581 οἰκέτας
1762 4535 1854 4572 σου

279 4606 428 4677 τιμῶ
459 4623 554 4668 σε,
591 4600 700 4675 ἄρα
732 4603 783 4656 τί
808 4604 1012 4674 ταύτης
1039 4603 1139 4672 τῆς
1170 4603 1393 4675 ἀτιμίας
1422 4605 1630 4672 γένοιτο
1659 4605 1725 4658 ἂν
1747 4608 1856 4676 χεῖ-

279 4712 408 4766 ρον;
446 4694 510 4746 Εί
534 4692 593 4746 δέ
618 4691 680 4744 τὸ
705 4692 772 4744 δι’
808 4691 1022 4754 οἰκέτας
1053 4690 1314 4760 τιμᾶσθαι
1347 4691 1572 4762 αἰσχρὸν
1604 4693 1730 4755 τοὺς
1757 4693 1856 4758 τῆς

278 4784 456 4852 αὑτῆς
486 4781 664 4850 ψυχῆς
696 4781 827 4850 ἡμῖν
862 4779 1250 4843 κοινωνοῦντας
1288 4780 1384 4833 καὶ
1411 4779 1646 4849 φύσεως,
1678 4781 1858 4853 πολλῷ

282 4872 510 4943 μᾶλλον,
558 4869 646 4922 διὰ
682 4869 914 4934 τούτων,
961 4867 1104 4936 ἅπερ
1137 4868 1284 4921 ἐστὶν
1317 4868 1702 4939 εὐτελέστερα,
1741 4871 1856 4924 τοί-

278 4978 414 5032 χους
459 4958 604 5026 λέγω
639 4957 824 5010 οἰκιῶν
866 4958 960 5011 καὶ
988 4957 1156 5022 αὑλάς
1198 4959 1292 5010 καὶ
1331 4957 1498 5030 σκεύη
1542 4961 1719 5029 χρυσᾶ
1762 4963 1856 5014 καὶ

281 5050 501 5120 ἱμάτια.
549 5044 728 5108 Γέλως
769 5045 937 5108 ὅντως
975 5045 1070 5098 καὶ
1120 5043 1348 5116 αἰσχύνη
1399 5044 1573 5099 ταῦτα
1598 5065 1610 5077 ο
1649 5047 1856 5114 βέλτιον

282 5135 578 5190 ἀποθανεῖν
598 5175 613 5196 ,
644 5132 677 5201 ἦ
717 5132 860 5186 οὕτω
893 5132 1210 5202 τιμηθῆναι.
1252 5133 1387 5186 Εἰπὲ
1417 5135 1525 5204 γάρ
1556 5153 1666 5205 μοι,
1695 5137 1750 5189 εἴ
1773 5137 1858 5200 τίς

285 5241 349 5277 σε
382 5219 758 5275 κινδυνεύοντα
783 5220 841 5272 ἐν
862 5219 940 5289 τῷ
964 5219 1117 5290 τύφῳ
1138 5220 1311 5290 τούτῳ
1331 5221 1550 5292 εὐτελὴς
1575 5223 1670 5274 καὶ
1688 5224 1857 5276 κατά-

281 5329 522 5373 πτυστος
543 5308 818 5374 ἐξελέσθαι
843 5308 1073 5378 ἠθέλησε
1097 5308 1189 5361 τοῦ
1216 5309 1484 5371 κινδύνου,
1503 5311 1557 5363 τί
1577 5311 1642 5363 ἂν
1663 5311 1854 5367 τούτου

281 5405 467 5475 χεῖρον
496 5393 602 5469 ἦν;
637 5397 813 5465 Ὅπερ
832 5396 888 5449 δὲ
913 5397 1038 5466 περὶ
1069 5399 1169 5467 τῆς
1200 5398 1406 5462 πόλεως
1429 5397 1564 5468 πρὸς
1595 5399 1854 5470 ἀλλήλους

281 5489 505 5556 λέγετε,
559 5482 816 5554 βούλομαι
867 5483 1001 5552 πρὸς
1043 5485 1186 5552 ὑμᾶς
1233 5485 1425 5538 εἰπεῖν.
1480 5486 1853 5554 Πῳσὲκρουσέ

282 5591 415 5628 ποτε
455 5572 535 5643 τῷ
566 5569 853 5640 κρατοῦντι
896 5571 929 5640 ὴ
966 5568 1116 5632 πόλις
1155 5571 1187 5639 ἡ
1221 5571 1498 5642 ήμετέρα,
1545 5572 1635 5624 καὶ
1674 5574 1853 5626 πᾶσαν

283 5661 457 5729 αὑτὴν
496 5658 783 5711 ἐκέλευσεν
823 5656 992 5726 ἄρδην
1023 5657 1317 5710 ἀπολέσθαι
1356 5657 1494 5725 μετά
1522 5658 1730 5729 ἀνδρῶν
1760 5661 1854 5713 καὶ

285 5748 496 5801 παίδων
521 5748 616 5800 καὶ
647 5744 980 5814 οἰκημάτων.
1011 5743 1250 5796 Τοιοῦτοι
1284 5745 1392 5816 γὰρ
1418 5748 1465 5799 οἰ
1492 5745 1651 5814 θυμοὶ
1679 5747 1728 5798 οί
1757 5747 1851 5816 βα-

287 5835 485 5894 σιλικοί
506 5854 517 5865 ·
556 5836 622 5905 τῇ
654 5832 867 5904 ἐξουσίᾳ
899 5833 1020 5886 ὅσον
1048 5831 1109 5887 ἂν
1141 5832 1354 5899 θέλωσι,
1384 5834 1694 5908 χαρίζονται
1721 5852 1732 5862 '
1768 5853 1854 5890 το-

1179 434 1244 489 IN
1284 435 1499 492 EPIST.
1540 435 1633 490 AD
1662 431 1948 491 COLOSS.
1990 431 2139 493 CAP.
2158 437 2244 496 111.
2283 439 2518 496 HOMIL.
2564 443 2670 498 VII.

3444 434 3552 489 548

1993 552 2178 606 σοῦτον
2213 554 2362 628 [⁸576]
2397 559 2429 626 ή
2480 556 2696 622 ἐξουσία
2724 556 2908 608 κακόν.
2943 547 3052 604 Ἦν
3081 546 3174 604 οῦν
3207 551 3263 603 ἐν
3291 547 3552 610 κινδύνοις

1985 641 2096 702 τοῖς
2123 641 2390 711 ἐσχάτοις.
2429 643 2490 694 Ἦ
2516 643 2572 696 δέ
2593 643 2785 711 γείτων
2815 642 2989 704 πόλις,
3024 638 3162 708 αῦτη
3185 640 3218 707 ὴ
3253 634 3551 688 ἐπιθαλάσοο

1988 743 2120 792 σιος,
2150 728 2376 783 ἐλθοῦσα
2402 731 2739 800 παρεκάλεσε
2759 729 2851 782 τὸν
2879 727 3099 798 βασιλέα
3123 725 3262 795 ὑπὲρ
3284 723 3460 794 ήμῶν·
3499 723 3550 774 οἱ

1983 813 2041 868 δὲ
2070 816 2168 888 τὴν
2213 819 2367 870 πόλιν
2407 817 2680 880 οἰκοῦντες
2714 819 2813 887 τὴν
2849 815 3123 888 ἡμετέραν
3171 814 3356 881 ἔλεγον
3392 808 3553 864 τοῦτο

1985 905 2164 974 χεῖρον
2192 901 2330 958 εἶναι
2357 905 2451 958 τοῦ
2482 906 2894 974 κατασκαφῆναι
2926 904 3024 972 τὴν
3056 903 3228 956 πόλιν.
3261 899 3418 953 υῦτω
3453 896 3550 949 τοῦ

1983 992 2344 1064 ἀτιμασθῆναι
2370 994 2430 1046 τὸ
2453 993 2594 1047 οὕτω
2625 992 2886 1064 τιμᾶσθαι
2908 991 3086 1061 χεῖρόν
3112 992 3247 1043 ἐστι.
3274 988 3416 1058 Ὅρα
3439 985 3550 1053 γὰρ

1986 1078 2147 1132 πόθεν
2173 1079 2286 1150 ἔχει
2305 1080 2402 1151 τὴν
2426 1082 2580 1151 ῥίζαν
2602 1083 2634 1150 ή
2656 1079 2810 1149 τιμή.
2846 1077 3138 1145 Μαγείρων
3160 1078 3336 1146 χεῖρες
3365 1070 3549 1125 ποιοῦ-

1985 1182 2069 1218 σιν
2114 1169 2261 1237 ἡμᾶς
2294 1167 2594 1238 τιμᾶσθαι,
2631 1167 2771 1219 ὥστε
2806 1165 3034 1226 ἐκείνοις
3076 1163 3360 1231 ὀφείλομεν
3389 1160 3550 1229 χάριν

1983 1253 2126 1324 ἔχειν
2145 1269 2159 1283 °
2191 1255 2285 1309 καὶ
2309 1255 2545 1308 συδῶται
2568 1255 2900 1325 παρέχοντες
2933 1251 3192 1305 πλουσίαν
3221 1249 3318 1319 τὴν
3347 1247 3550 1318 τράπε-

1983 1345 2104 1409 ζαν,
2134 1349 2227 1400 καὶ
2255 1348 2486 1417 ὑφάνται
2515 1348 2609 1400 καὶ
2631 1347 2800 1416 ἔριθοι
2835 1345 2928 1398 καὶ
2955 1346 3003 1397 οί
3055 1341 3293 1414 μέταλλα
3323 1337 3552 1410 ἐργαζό-

1985 1449 2134 1502 μενοι
2159 1434 2255 1487 καὶ
2282 1433 2726 1488 πλακουντοποιοὶ
2755 1433 2847 1487 καὶ
2872 1431 3280 1504 τραπεζοποιοί.

2048 1625 2110 1678 δ’.
2146 1624 2250 1678 Τοῦ
2282 1626 2459 1678 τοίνυν
2484 1625 2691 1688 τούτοις
2721 1624 2917 1678 εἰδέναι
2955 1624 3115 1693 χάριν
3145 1621 3245 1692 τῆς
3284 1621 3448 1691 τιμῆς
3471 1619 3535 1672 οὑ

1981 1715 2187 1783 βέλτιον
2209 1713 2267 1766 τὸ
2290 1714 2364 1784 μὴ
2381 1714 2641 1784 τιμᾶσθαι
2657 1731 2670 1778 ;
2689 1713 2798 1767 Καὶ
2823 1712 2992 1782 χωρὶς
3016 1711 3071 1764 δέ
3090 1710 3302 1774 τούτου,
3319 1711 3401 1762 ὅτι
3430 1710 3548 1761 ἀτι-

1981 1801 2111 1871 μίας
2143 1800 2302 1870 γέμει
2330 1801 2390 1853 τὸ
2416 1800 2684 1864 πλουτεῖν,
2709 1799 2820 1868 ἐγὼ
2843 1798 3026 1866 σαφῶς
3050 1797 3326 1860 ἀποδεῖξαι
3353 1795 3546 1865 πειρά-

1979 1907 2164 1960 σομαι.
2201 1888 2312 1959 Τὴν
2343 1889 2520 1959 ψυχὴν
2550 1877 2780 1959 αίσχράν
2819 1887 3110 1958 ἐργάζεται
3135 1902 3148 1916 ·
3178 1887 3230 1939 τί
3264 1885 3328 1938 δέί
3358 1883 3547 1938 τούτου

1975 1977 2336 2048 ἀτιμότερον;
2373 1978 2507 2030 Είπέ
2547 1978 2655 2047 γάρ
2697 1993 2788 2046 μοι
2815 2019 2828 2041 ,
2864 1976 2912 2029 εἰ
2939 1973 3002 2029 τὸ
3033 1975 3191 2044 σῶμα
3218 1973 3416 2043 ὡραῖον
3444 1969 3546 2044 ἦν,

1977 2067 2070 2120 καὶ
2101 2065 2310 2128 πάντας
2347 2064 2514 2118 νικῶν
2557 2064 2635 2135 τῷ
2680 2064 2888 2125 κάλλει,
2918 2064 2948 2116 6
2980 2061 3038 2116 δέ
3061 2060 3291 2124 πλοῦτος
3325 2059 3548 2131 προσελ⁸

1975 2154 2084 2208 θὼν
2130 2153 2498 2225 ἐπηγγέλλετο
2541 2152 2786 2222 ποιήσειν
2836 2150 3090 2222 αἰσχρὸν,
3141 2151 3235 2204 καὶ
3271 2151 3395 2203 ἀντὶ
3447 2147 3566 2218 μὲν.

1975 2240 2159 2309 ὑγιοῦς
2192 2239 2441 2302 νοσῶδες,
2474 2240 2596 2292 ἀντὶ
2631 2239 2690 2292 δὲ
2721 2237 3160 2308 κατεσταλμένου
3192 2237 3564 2308 φλεγμαῖνον,

1973 2329 2068 2382 καὶ
2109 2327 2284 2380 πάντα
2309 2325 2377 2378 τὰ
2412 2326 2546 2395 μέλη
2580 2325 2770 2398 ὑδέρου
2804 2325 3098 2396 πληρώσας
3127 2323 3417 2392 ἐξώγκωσε
3446 2323 3548 2394 μὲν

1970 2417 2070 2488 τὴν
2092 2415 2233 2484 ὄψιν,
2265 2416 2359 2468 καὶ
2385 2415 2647 2467 πάντοθεν
2675 2415 2931 2485 ἐποίησεν
2953 2413 3224 2474 οἰδαίνειν,
3253 2411 3542 2480 ἐξώγκωσε

1969 2505 2027 2558 δὲ
2057 2503 2222 2565 πόδας
2250 2503 2344 2555 καὶ
2369 2501 2476 2554 τῶν
2500 2501 2675 2554 δοκῶν
2707 2501 3037 2573 βαρυτέρους
3073 2500 3347 2570 ἐποίησεν,
3376 2498 3544 2566 ἐξώγο

1971 2609 2116 2646 κωσε
2153 2593 2210 2644 δὲ
2248 2591 2490 2660 γαστέρα
2545 2591 2638 2642 καὶ
2667 2590 2866 2653 παντὸς
2905 2590 3064 2643 πίθου
3101 2588 3325 2658 μείζονα
3357 2588 3544 2658 εἰργά-

1971 2697 2140 2744 σατο,
2186 2679 2280 2732 καὶ
2324 2678 2462 2748 μετά
2491 2677 2653 2734 τοῦτο
2681 2678 2801 2732 οὑδὲ
2845 2680 2958 2740 τοῖς
3003 2676 3345 2746 βουλομένοις
3386 2675 3545 2745 θερα-

1969 2766 2156 2821 πεύειν
2183 2766 2550 2837 ἐπηγγέλλετο
2577 2764 2954 2834 συγχωρήσειν
2985 2762 3173 2834 (τοῦτο
3197 2761 3305 2832 γάρ
3333 2764 3366 2831 ή
3393 2761 3543 2825 ἐξουο

1970 2855 2117 2917 σία),
2150 2853 2285 2907 ἀλλὰ
2311 2852 2576 2923 τοσαύτην
2601 2851 2793 2918 δώσειν
2826 2849 3162 2921 ἐλευθερίαν,
3191 2849 3331 2902 ὥστε
3363 2849 3428 2903 ἄν
3460 2866 3544 2911 τις

1969 2941 2196 3012 προσείη
2236 2940 2467 3008 ἀπάγων
2511 2939 2619 2992 τῶν
2666 2937 3013 3008 βλαπτόντων
3053 2936 3301 2990 κολάσειν
3344 2936 3538 2988 αὑτόν·

1967 3024 2076 3099 ἆρα
2101 3024 2168 3099 ἦν
2198 3030 2262 3082 ἄν
2281 3047 2334 3082 τι
2361 3028 2552 3080 τούτου
2587 3026 2864 3096 ὠμότερον
2882 3065 2897 3089 ,
2935 3023 3057 3078 εἰπέ
3090 3042 3212 3093 μοι;
3246 3021 3456 3075 Οὐκοῦν
3483 3023 3545 3074 τὸ

1967 3116 2236 3176 πλουτεῖν,
2269 3117 2398 3169 ὅταν
2425 3115 2523 3185 τὴν
2558 3113 2736 3183 ψυχὴν
2763 3112 2936 3166 ταῦτα
2970 3109 3306 3181 ἐργάζηται,
3333 3109 3449 3171 πῶς
3476 3110 3544 3162 ἂν

1967 3204 2050 3274 εἴη
2083 3203 2274 3269 καλόν;
2315 3202 2457 3254 Ἀλλ’
2488 3203 2520 3272 ἡ
2549 3199 2768 3267 ἐξουσία
2790 3200 2959 3269 αὐτῆς
2981 3198 3082 3268 τῆς
3111 3199 3268 3251 νόσου
3298 3197 3540 3268 χαλεπω-

1963 3292 2131 3362 τέρα·
2166 3291 2226 3343 τὸ
2273 3291 2380 3360 γάρ
2419 3288 2677 3342 νοσοῦντα
2718 3287 2853 3357 μηδέ
2893 3287 3080 3355 νόμοις
3120 3284 3320 3356 ἰατρῶν
3355 3283 3538 3336 πείθε-

1967 3379 2120 3440 σθαι,
2147 3377 2240 3430 τοῦ
2269 3379 2444 3430 νοσεῖν
2471 3374 2852 3446 χαλεπώτερον
2877 3391 2890 3405 ο
2925 3375 3061 3443 ὅπερ
3092 3374 3119 3425 6
3147 3373 3375 3435 πλοῦτος
3401 3373 3535 3441 ἔχει,

1964 3464 2298 3534 πανταχόθεν
2329 3462 2682 3532 φλεγμαίνειν
2714 3461 2883 3514 ποιῶν
2915 3455 3013 3530 τὴν
3041 3457 3228 3529 ’ψυχήν
3247 3499 3262 3522 ,
3300 3459 3539 3518 καὶτοὺς

1967 3553 2184 3624 ἰατροὺς
2216 3551 2496 3623 προσιέναι
2538 3550 2781 3604 κωλύων.
2832 3550 2993 3600 Ὥστε
3034 3548 3122 3600 διὰ
3154 3547 3252 3618 τὴν
3291 3547 3538 3611 ἐξουσίαν

1966 3642 2040 3712 μὴ
2085 3641 2478 3712 μακαρίζωμεν
2519 3639 2764 3702 τούτους,
2805 3637 2921 3691 ἀλλ’
2959 3637 3218 3705 ἐλεῶμεν,
3252 3636 3385 3688 Οὑδέ
3429 3636 3538 3704 γάρ

1963 3729 2210 3801 ὑδερικὸν
2257 3727 2384 3781 ἰδὼν
2421 3743 2850 3797 κατακειμενον,
2891 3726 2984 3778 καὶ
3021 3723 3222 3792 μηδένα
3261 3721 3538 3776 κωλύοντα

1961 3815 2318 3886 ἐμφορεῖσθαι
2360 3815 2656 3884 πομάτων,
2702 3814 2951 3880 ὅσωνπερ
3003 3811 3182 3882 ἤθελε,
3229 3811 3323 3862 καὶ
3360 3810 3538 3880 κρεῶν

1959 3904 2070 3957 τῶν
2098 3903 2440 3974 βλαπτόντων
2460 3942 2474 3964 ,
2507 3901 2819 3972 ἐμακάρισα
2853 3889 2919 3952 ἂν
2950 3898 3114 3952 αὑτὸν
3140 3897 3228 3950 διά
3254 3898 3352 3968 τὴν
3385 3897 3536 3962 ἐξου-

1963 3992 2105 4046 σίαν.
2157 3991 2232 4042 Οὑ
2283 3991 2391 4060 γὰρ
2429 3987 2704 4057 πανταχοῦ
2743 3991 2776 4058 ή
2830 3985 3048 4050 ἐξουσία
3099 3985 3294 4045 καλὸν,
3346 3984 3536 4052 ῶσπερ

1959 4077 2055 4135 οῦν
2097 4080 2218 4133 οὑδέ
2251 4081 2308 4134 αί
2337 4077 2530 4149 τιμαί·
2569 4077 2663 4130 καὶ
2707 4076 2815 4146 γὰρ
2855 4075 2947 4128 καὶ
2981 4069 3142 4128 αὗται
3190 4074 3536 4143 φρονήματος

1963 4169 2230 4239 πληροῦσι
2259 4166 2474 4221 πολλοῦ.
2513 4166 2573 4218 El
2613 4165 2668 4217 δέ
2695 4165 2757 4216 τὸ
2797 4163 2958 4232 σῶμα
2985 4163 3084 4215 οὑκ
3114 4163 3180 4215 ἂν
3209 4161 3352 4215 εἵλου
3398 4162 3535 4230 μετά

1961 4258 2193 4312 πλούτου
2225 4256 2430 4326 ταύτην
2473 4253 2726 4318 δέξασθαι
2755 4251 2853 4322 τὴν
2881 4252 3056 4312 νόσον,
3090 4251 3205 4314 πῶς
3233 4251 3332 4320 τὴν
3357 4249 3538 4319 ψυχὴν

1963 4347 2242 4417 περιορᾷς,
2273 4345 2394 4414 οὐχὶ
2419 4342 2576 4396 τοῦτο
2604 4342 2783 4412 μόνον,
2811 4339 2948 4392 ἀλλά
2975 4340 3068 4391 καὶ
3091 4339 3288 4408 ἐτέραν
3315 4339 3537 4391 κόλασιν

1961 4433 2289 4502 δεχομένηνς
2327 4432 2435 4483 Καὶ
2493 4430 2603 4498 γὰρ
2653 4429 2911 4497 πυρετοῖς
2962 4426 3224 4480 πάντοθεν
3277 4425 3535 4494 φλέγεται

1961 4521 2056 4572 καί
2083 4519 2410 4588 φλεγμοναῖς
2429 4557 2442 4578 ,
2477 4515 2571 4568 καὶ
2596 4515 2686 4566 τὸν
2717 4511 2949 4584 πυρετόν
2978 4514 3183 4564 ἐκεῖνον
3209 4511 3382 4574 οὐδεὶς
3412 4513 3536 4564 σϐέ-

1964 4624 2052 4660 σαι
2084 4606 2341 4660 δύναται·
2375 4605 2436 4656 οῦ
2467 4603 2574 4674 γάρ
2609 4601 2834 4671 ἀφίησιν
2870 4601 2898 4652 6
2936 4597 3184 4663 πλοῦτος,
3218 4599 3358 4669 ἅπερ
3388 4599 3535 4652 ἐστὶν

1961 4693 2349 4765 ἐλαττώματα,
2389 4693 2562 4747 ταῦτα
2619 4691 2812 4752 πείσας
2852 4685 2992 4742 εἶναι
3049 4688 3531 4758 πλεονεκτήματαο

1962 4779 2094 4846 οἷον,
2113 4782 2172 4835 τὸ
2197 4781 2424 4853 μηδενὸς
2446 4779 2602 4849 ἀνέχε
2612 4779 2756 4842 σθαι,
2781 4780 2875 4830 καὶ
2895 4776 3112 4848 ἐξουσία
3144 4777 3322 4830 πάντα
3338 4779 3531 4831 ποιεῖν.

1963 4873 2038 4924 Ού
2067 4874 2175 4942 γάρ
2198 4871 2418 4942 εὑρήσει
2447 4885 2533 4931 τις
2555 4865 2723 4937 ἀλλην
2757 4864 2934 4935 ψυχὴν
2958 4863 3227 4918 τοσούτων
3257 4865 3534 4934 γέμουσαν

1963 4957 2267 5028 ἐπιθυμιῶν
2301 4956 2394 5010 καὶ
2419 4955 2590 5018 οὕτως
2622 4954 2867 5014 ἀτόπων,
2899 4952 2976 5016 ὡς
3001 4952 3102 5015 τὰς
3137 4951 3244 5005 τῶν
3276 4952 3534 5022 βουλομέ-

1961 5062 2068 5099 νων
2096 5045 2362 5098 πλουτεῖν.
2396 5042 2576 5104 Ιῐόσας
2611 5041 2720 5113 γὰρ
2750 5039 3018 5110 ληρωδίας
3045 5039 3144 5110 οὐχ
3184 5039 3533 5109 ὑπογράφου-

1963 5151 2047 5186 σιν
2075 5133 2316 5195 ἐαυτοῖς;
2352 5129 2568 5184 Μᾶλλον
2597 5126 2704 5180 τῶν
2740 5127 2869 5190 τοὺς
2897 5126 3363 5196 ἱπποκενταύρους
3395 5126 3531 5178 ἀνα-

1962 5218 2308 5274 πλαττόντων
2344 5217 2438 5269 καὶ
2464 5214 2562 5278 τάς
2590 5214 2853 5283 χιμαίρας
2883 5213 2978 5265 καὶ
3007 5213 3135 5275 τοὺς
3168 5212 3528 5283 δρακοντόπο-

1960 5309 2054 5372 δας
2073 5304 2224 5377 [577]
2251 5305 2346 5359 καὶ
2367 5303 2466 5366 τὰς
2497 5300 2738 5363 Σκύλλας
2764 5301 2859 5354 καὶ
2885 5301 2956 5352 τά
2980 5299 3204 5370 τέρατα,
3236 5300 3332 5352 ῖδοι
3353 5317 3434 5362 τις
3463 5301 3531 5352 ἂν

1959 5395 2152 5458 αὑτοὺς
2210 5391 2665 5451 ἀναπλάττοντας.
2715 5386 2833 5440 Κᾶν
2890 5386 3120 5456 θελήσῃς
3166 5385 3366 5438 αὐτῶν
3401 5386 3531 5455 μίαν

1959 5483 2254 5551 ἐπιθυμίαν
2272 5477 2598 5538 ἀναπλάσαι,
2621 5474 2774 5527 οὐδὲν
2789 5471 2912 5525 οὕτε
2935 5473 3135 5526 σκύλλα
3156 5472 3278 5526 οὕτε
3297 5474 3529 5545 χίμαιρα

1959 5571 2082 5625 οὔτε
2113 5567 2542 5636 ἱπποκένταυρος
2562 5564 2888 5633 φανήσονται
2918 5559 3168 5632 πρδςτήν
3195 5562 3530 5630 τερατωδίαν

1959 5657 2196 5727 ἐκείνην,
2227 5655 2340 5708 ἀλλ’
2366 5653 2620 5722 εὑρήσεις
2650 5650 2825 5703 πάντα
2847 5647 2982 5718 ὁμοῦ
3008 5648 3320 5718 ἔχουσαντά
3341 5648 3524 5718 θηρία.

1960 5745 2070 5798 Καὶ
2089 5744 2226 5814 τάχα
2249 5742 2313 5812 μέ
2331 5759 2414 5804 τις
2440 5742 2680 5809 οἰήσεται
2700 5739 2756 5790 ἐν
2768 5736 2982 5807 πλούτῳ
3001 5735 3326 5805 γεγενῆσθαι
3352 5736 3528 5806 πολλῷ

1959 5833 2128 5894 οὑτως
2179 5827 2581 5900 ἐπαληθεύοντα
2614 5827 2725 5888 τοῖς
2765 5824 3085 5894 γινομένοις.
3126 5824 3356 5893 Λέγεταί
3405 5840 3525 5889 zz,"
