4032 6514
506 414 615 472 διο

506 532 773 603 πρότερον
798 532 906 601 γὰρ
928 532 1035 584 ἀπὸ
1060 532 1168 585 τῶν
1197 536 1346 604 παρά
1370 539 1483 600 τοῖς
1510 536 1771 608 Ἕλλησιν
1799 538 2073 610 ᾀδομένων

503 621 598 673 τὸν
629 621 785 687 λόγον
816 619 1160 685 πιστώσομαι
1184 636 1198 649 ⁸
1232 622 1447 691 λέγεταί
1485 643 1569 688 τις
1609 627 1739 696 παρ’
1769 628 1953 689 αὐτοῖς
1982 626 2079 697 βα-

505 707 685 769 σιλεὺς
714 705 967 759 τοσοῦτον
995 708 1274 779 ἐνυϐρίσαι
1305 714 1372 782 τῇ
1402 716 1606 785 τρυφῇ,
1633 712 1774 767 ὥστε
1807 714 2081 770 πλάτανον

501 796 728 862 ποιῆσαι
756 793 987 865 χρυσῆν,
1020 796 1114 849 καὶ
1139 798 1368 868 οὐρανὸν
1398 802 1639 867 ἀνωθεν,
1671 804 1765 856 καὶ
1790 802 1935 857 οὕτω
1976 822 2079 858 κα-

499 882 668 945 θίσαι,
701 883 797 935 καὶ
822 882 996 937 ταῦτα
1028 884 1437 956 ὲπιστρατεύων
1478 889 1782 960 ἀνθρώποις
1821 892 2078 961 πολεμεῖν

501 968 902 1040 μεμαθηκόσιν.
935 965 1081 1041 ’Λρα
1113 972 1213 1042 οὐχ
1246 975 1697 1047 ίπποκενταύρων
1722 977 1863 1048 αῦτη
1897 982 1931 1048 ἡ
1960 981 2077 1032 ἐπι-

499 1054 706 1126 θυμία;
739 1054 850 1126 ἆρα
871 1057 934 1110 06
963 1058 1246 1129 Σκύλλης;
1277 1060 1502 1130 Ἕτερος
1531 1064 1693 1117 πάλιν
1723 1067 1803 1127 είς
1830 1065 1958 1134 βοῦν
1986 1066 2079 1131 ξύ-

497 1141 640 1196 λινον
660 1143 879 1197 ἐνέϐαλε
893 1146 1019 1210 τοὺς
1037 1146 1378 1217 ἀνθρώπους.
1402 1145 1549 1222 *Αρα
1574 1152 1635 1205 06
1656 1151 1866 1206 Σκύλλα
1884 1153 2073 1215 τοῦτος

496 1228 649 1294 Τέως
673 1230 730 1284 δὲ
753 1231 864 1284 τῶν
888 1233 1155 1305 πρότερον
1183 1234 1243 1299 ἐξ
1270 1236 1458 1306 ἀνδρὸς
1479 1241 1712 1305 γυναῖκα
1739 1240 1962 1310 ἐποίησε
1982 1240 2075 1294 τὸν

497 1317 756 1387 βασιλέα,
788 1319 882 1373 τὸν
931 1319 1269 1393 στρατιῶτηί
1291 1338 1305 1356 ·
1341 1324 1449 1377 ἀπὸ
1479 1327 1758 1393 γυναικὸς,
1799 1327 1856 1380 τί
1892 1329 2072 1396 sint»;

496 1406 684 1477 θηρίον
710 1408 925 1473 ἄλογον,
964 1408 1059 1493 καὶ
1091 1409 1170 1463 ἔτι
1199 1409 1388 1466 τούτου
1422 1416 1621 1484 χεῖρον.
1658 1416 1738 1469 Ti
1765 1414 1876 1486 γὰρ
1906 1416 2075 1493 θηρία

493 1493 601 1547 ὑπὸ
631 1493 864 1565 δένδρων
893 1496 960 1549 ἂν
989 1490 1043 1570 ᾖ,
1081 1496 1362 1567 ἀνέχονται
1395 1499 1495 1571 τῆς
1524 1502 1760 1569 φύσεως,
1792 1502 1884 1556 καὶ
1904 1490 2073 1556 πλέον

490 1581 646 1636 οὐδὲν
668 1582 1012 1651 ἐπιζητοῦσιν
1034 1601 1048 1614 ·
1066 1578 1220 1649 οὗτος
1240 1585 1297 1638 δὲ
1319 1586 1413 1641 καὶ
1434 1588 1541 1640 τῶν
1565 1589 1768 1661 θηρίων
1788 1590 1889 1662 τὴν
1909 1590 2072 1660 φύσιν

493 1669 935 1740 ὑπερηκόντισεν.
968 1666 1114 1740 τΔρα
1150 1673 1203 1725 τί
1240 1674 1438 1740 γένοιτ’
1463 1675 1531 1727 ἂν
1558 1676 1668 1728 τῶν
1698 1678 2071 1733 πλουτούντων

491 1757 879 1829 ἀνοητότερονς
911 1757 1084 1812 Τοῦτο
1111 1758 1169 1813 δὲ
1194 1760 1302 1813 ἀπὸ
1335 1760 1435 1831 τῆς
1463 1761 1778 1831 πλεονεξίας
1803 1765 1915 1819 τῶν
1945 1768 2069 1822 ἑπι-

492 1844 707 1914 θυμιῶν
722 1845 951 1913 γίνεται.
970 1841 1117 1918 Ἀρα
1130 1848 1252 1919 ούχὶ
1268 1849 1454 1903 πολλοὶ
1476 1850 1846 1921 θαυμάζουσιν
1869 1853 2031 1908 αὐτόν
2048 1872 2066 1921 ;

491 1933 779 2004 Τοιγάρτοι
814 1935 910 1989 τοῦ
947 1935 1184 2004 γέλωτος
1225 1938 1570 1993 κοινωνοῦσιν
1599 1940 1768 2011 αὐτῷ.
1805 1942 1975 1996 Τοῦτο
2004 1944 2066 1997 οῦ

488 2020 582 2074 τὸν
632 2022 861 2076 πλοῦτον
910 2024 1157 2087 ἐδείκνυ,
1212 2026 1349 2079 ἀλλά
1386 2029 1486 2097 τὴν
1516 2027 1721 2084 ἄνοιαν.
1774 2030 1931 2100 Πόσῳ
1966 2031 2067 2099 τῆς

490 2109 701 2179 χρυσῆς
728 2110 941 2180 ἐκείνης
969 2111 1239 2166 πλατάνου
1274 2114 1308 2182 ἡ
1329 2113 1431 2184 τῆς
1452 2114 1557 2183 γῆς
1585 2115 1843 2185 βελτίων;
1868 2118 1935 2171 τὰ
1958 2119 2065 2189 γάρ

488 2197 631 2252 κατά
665 2199 826 2267 φύσιν
848 2200 956 2252 τῶν
990 2200 1140 2271 παρὰ
1178 2202 1339 2270 φύσιν
1376 2204 1530 2274 ἡδίω.
1568 2204 1716 2258 Τίδέ
1754 2222 1837 2259 σοι
1870 2207 1900 2257 6
1932 2224 2063 2277 χρυ-

491 2284 617 2346 σοῦς
641 2285 869 2358 οὐρανὸς
900 2286 1172 2351 ἐϐούλετο,
1196 2290 1429 2360 ἀνόητε;
1466 2292 1627 2364 Ὁρᾷς
1661 2293 1779 2355 πῶς
1804 2294 2065 2363 μαινομέ-

488 2389 613 2435 νους
642 2375 671 2426 6
709 2373 937 2437 πλοῦτος
968 2379 1113 2430 ποιεῖ
1135 2380 1163 2432 6
1188 2378 1388 2444 πολύςς
1424 2378 1542 2444 πῶς
1575 2380 1933 2449 φλεγμαίνεις
1968 2378 2063 2435 Οἷ-

491 2477 590 2530 μαι
619 2460 781 2513 αὑτὸν
821 2462 917 2514 καὶ
961 2462 1057 2534 τὴν
1084 2464 1352 2519 θάλατταν
1382 2467 1595 2536 ἀγνοεῖν
1615 2509 1630 2530 ,
1666 2469 1760 2521 καὶ
1790 2469 1932 2537 τάχα
1975 2469 2066 2537 βα-

484 2546 651 2611 δίζειν
679 2547 964 2616 βούλεσθαι
994 2550 1082 2603 ἐπ’
1113 2552 1303 2623 αὐτῆς.
1335 2547 1481 2624 *Δρα
1501 2555 1560 2607 ού
1593 2554 1823 2627 χίμαιρα
1850 2556 2060 2619 ταῦτα;

486 2629 596 2705 ἆρα
634 2635 732 2705 ούχ
766 2636 1230 2708 ἱπποκένταυρος;
1279 2640 1420 2694 Ἀλλ’
1454 2641 1560 2695 είσὶ
1591 2643 1685 2695 καὶ
1712 2640 1807 2694 νῦν
1841 2661 1983 2706 τινες
2010 2643 2061 2696 οἳ

483 2721 604 2775 ούδὲ
646 2721 855 2775 ἐκείνου
895 2722 1247 2789 ἀποδέουσιν,
1305 2726 1441 2780 ἀλλά
1484 2728 1663 2799 πολλῷ
1712 2728 2058 2802 ἀνοητότεροι

481 2810 843 2879 τυγχάνουσιν
891 2810 1063 2875 ὄντες.
1098 2813 1163 2865 Τί
1210 2812 1353 2886 γὰρ,
1390 2816 1513 2870 είπέ
1549 2834 1670 2887 μοι,
1722 2818 1821 2887 τῆς
1851 2818 2060 2890 χρυσῆς

483 2897 757 2951 πλατάνου
786 2898 1105 2971 διαφέρουσι
1135 2904 1276 2956 κατά
1301 2903 1488 2958 ἄνοιαν
1505 2906 1556 2957 οἱ
1585 2905 1827 2975 κεράμια
1852 2905 2062 2962 ποιοῦνσ

480 3001 574 3048 τες
603 2986 781 3056 χρυσᾶ
819 2987 913 3039 καὶ
943 2986 1151 3059 χύτρας
1186 2990 1282 3043 καὶ
1305 2990 1659 3063 ἀλάϐαστρας
1699 2991 1764 3045 Τί
1793 2993 1851 3047 δὲ
1882 2995 1937 3047 αί
1967 3011 2060 3061 γυ-

481 3074 667 3134 ναῖκες
696 3071 1055 3144 (αἰσχύνομαι
1083 3075 1183 3145 μὲν
1206 3073 1319 3142 οῦν,
1343 3078 1481 3149 πλὴν
1502 3080 1799 3148 ἀναγκαῖον
1820 3080 2055 3153 εἰπεῖν),

479 3158 678 3227 ἀμίδας
722 3158 970 3231 ἀργυρᾶς
1017 3161 1306 3227 ποιοῦσαις
1354 3164 1529 3236 ’Υμᾶς
1573 3166 1924 3236 αἰσχύνεσθαι
1958 3170 2057 3232 τάς

478 3245 652 3299 ταῦτα
696 3246 956 3311 ποιούσας
994 3247 1123 3304 ἔδει.
1160 3250 1264 3303 Τοῦ
1295 3252 1532 3323 Χριστοῦ
1570 3252 1958 3323 λιμῶττοντος,
1990 3257 2054 3309 σὺ

478 3334 621 3388 οῦτω
660 3337 906 3406 τρυφᾷςς
949 3336 1151 3407 μᾶλλον
1181 3337 1238 3392 δὲ
1281 3340 1658 3410 ἀνοηταίνεις;
1704 3342 1862 3397 ποίαν
1896 3336 2056 3397 αὗται

479 3421 701 3474 κόλασιν
727 3423 788 3475 06
816 3423 1087 3489 τίσουσιν;
1118 3425 1239 3480 Ἔτι
1267 3421 1359 3480 οῦν
1390 3429 1621 3500 ἐρωτᾷς,
1644 3428 1733 3482 διὰ
1754 3431 1807 3483 τί
1836 3429 2054 3502 λῃσταὶ,

476 3508 565 3562 διὰ
596 3510 650 3561 τί
684 3509 1026 3581 ἀνδροφόνοι,
1059 3511 1148 3565 διά
1183 3512 1234 3565 τί
1268 3516 1338 3568 τὰ
1365 3516 1530 3577 κακὰ,
1568 3514 1741 3580 οὕτως
1785 3518 1930 3588 ὑμᾶς
1961 3519 2056 3572 τοῦ

476 3599 733 3652 διαϐόλου
760 3600 1211 3671 παρασύραντος;
1243 3604 1317 3656 T6
1354 3606 1452 3675 μὲν
1496 3606 1606 3679 γὰρ
1637 3608 1866 3662 πινάκια
1912 3608 2057 3680 ἔχειν

475 3687 696 3757 ἀργυρᾶ
714 3726 727 3749 ,
755 3687 878 3742 οὐδὲ
907 3687 1065 3741 τοῦτο
1092 3690 1191 3759 μὲν
1217 3691 1357 3744 κατά
1384 3693 1892 3772 φιλόσοφονιψυχὴν,
1920 3697 2057 3752 ἀλλά

475 3775 687 3843 τρυφῆς
719 3775 779 3828 τὸ
810 3778 951 3829 πρὶν⁸
990 3776 1052 3829 τὸ
1073 3777 1130 3828 δὲ
1158 3779 1253 3831 καὶ
1284 3779 1451 3851 σκεύη
1481 3781 1764 3853 ἀκάθαρτα
1793 3787 1964 3837 ποιεῖν
1997 3785 2060 3850 ἐξ

476 3860 745 3931 ἀργύρου.
776 3857 887 3930 ἆρα
924 3863 1169 3933 τρυφῆς;
1206 3864 1323 3916 ἀλλ’
1356 3864 1457 3918 οὐκ
1484 3866 1549 3919 ἂν
1585 3868 1794 3939 εἴποιμι
1818 3871 2054 3941 τρυφῆς,

475 3947 593 4000 ἀλλ’
627 3946 813 4009 ἀνοίας
834 3964 847 3976 ·
878 3949 995 4002 ἀλλ’
1033 3949 1155 4002 οὐδὲ
1187 3950 1367 4018 τοῦτο,
1404 3952 1541 4006 ἀλλά
1584 3955 1800 4023 μανίας.
1854 3957 2057 4027 μᾶλλον

474 4034 532 4088 δὲ
565 4034 659 4087 καὶ
694 4035 889 4102 μανίας
921 4036 1125 4106 χεῖρον.

546 4115 758 4172 ε’.Οἷδα
782 4121 865 4173 ὃτι
897 4121 1080 4174 πολλοί
1111 4140 1178 4191 με
1208 4124 1560 4194 κωμῳδοῦσιν
1589 4129 1680 4180 ἐπὶ
1717 4130 1912 4201 τούτῳ,
1938 4132 2053 4186 ἀλλ’

474 4210 575 4263 οὐκ
604 4210 1024 4280 ἐπιστρέφομαι,
1063 4212 1222 4282 μόνον
1261 4213 1501 4280 γενέσθω
1532 4234 1585 4269 τι
1620 4217 1801 4272 πλέον.
1847 4222 2054 4288 Ὄντως

473 4299 734 4369 ἀνοήτους
769 4302 916 4353 ποιεῖ
948 4301 1008 4355 τὸ
1038 4301 1291 4356 πλουτεῖν
1328 4304 1423 4358 καὶ
1463 4307 1845 4376 μαινομένους.
1880 4312 1940 4365 Εἰ
1974 4330 2061 4366 το-

475 4388 649 4461 σαύτη
675 4383 827 4461 [573]
851 4386 970 4463 ἧνή
999 4393 1308 4463 περιουσία,
1341 4394 1718 4467 ἐϐουλήθησαν
1734 4398 1800 4451 ἂν
1831 4403 1925 4454 καὶ
1952 4403 2055 4473 τὴν

473 4479 577 4550 γῆν
594 4476 733 4533 εἶναι
762 4481 993 4550 χρυσῆν,
1018 4484 1113 4536 καὶ
1145 4482 1357 4552 τοίχους
1390 4486 1645 4559 χρυσοῦς,
1670 4486 1811 4559 τάχα
1844 4491 2055 4545 καὶτὸν

470 4566 697 4636 οὐρανὸν
726 4567 817 4618 καὶ
847 4567 937 4619 τὸν
960 4568 1099 4639 ἀέρα
1120 4569 1227 4622 ἀπὸ
1254 4571 1480 4640 χρυσοῦ.
1510 4556 1605 4637 Τίς
1634 4578 1667 4643 ἡ
1695 4556 1881 4645 μανία,
1910 4579 1995 4643 τίς
2018 4581 2055 4650 ή

473 4653 864 4722 παρανομίαη
894 4655 976 4717 τίς
995 4657 1024 4707 6
1055 4656 1323 4726 πυρετός;
1354 4659 1579 4731 Ἕτερος
1604 4661 1681 4731 τῷ
1712 4664 1911 4734 κρυμῷ
1942 4665 2054 4719 δια-

471 4736 751 4809 φθείρεται
784 4739 813 4790 6
850 4742 975 4793 κατ’
1010 4740 1192 4795 εἰκόνα
1234 4742 1393 4809 Θεοῦ,
1424 4746 1488 4797 σὺ
1534 4746 1591 4798 δὲ
1623 4747 1851 4803 τοιαῦτα
1879 4767 2052 4817 κατα-

473 4826 792 4893 σκευάζεις;
830 4829 893 4881 Ὢ
934 4828 1030 4881 τοῦ
1068 4829 1239 4899 τύφου
1263 4851 1277 4863 ’
1309 4832 1361 4886 τί
1405 4833 1470 4886 ἂν
1518 4834 1678 4889 πλέον
1728 4838 2051 4910 μαινόμενος

470 4914 729 4985 ἐποίησε;
758 4915 827 4969 τὰ
844 4916 1257 4987 ἀποπατήματα
1284 4920 1427 4973 οῦτω
1447 4924 1631 4993 τιμᾷς,
1658 4924 1799 4979 ὥστε
1824 4926 2053 5000 ἀργύρῳ

470 5001 862 5071 ὑποδέχεσθαις
905 4998 1038 5058 Οἶδα
1082 5005 1164 5059 ὅτι
1218 5010 1456 5078 ναρκάτε
1496 5010 1810 5079 ἀκούοντες,
1839 4998 2049 5070 ἀλλ’ναὶ

472 5089 726 5144 ποιοῦσαι
760 5094 968 5164 ναρκᾷν
996 5094 1294 5163 ὀφείλουσι,
1335 5098 1430 5150 καὶ
1455 5098 1505 5149 οἱ
1534 5102 1646 5162 τοῖς
1674 5101 1939 5168 τοιούτοις
1972 5122 2054 5158 νο-

471 5178 708 5248 σήμασιν
743 5180 937 5251 ἄνδρες
975 5180 1445 5252 ύπηρετούμενοιί
1480 5185 1750 5241 ἀκολασία
1793 5190 1904 5260 γάρ
1931 5192 2049 5243 ἐστι

470 5268 564 5318 καὶ
592 5266 811 5336 ὠμότης
846 5267 940 5319 καὶ
968 5268 1334 5339 ἀπανθρωπία
1368 5272 1461 5323 καὶ
1491 5269 1753 5344 θηριωδία
1778 5278 1873 5330 καὶ
1900 5278 2055 5331 ἀσέλ-

471 5370 595 5419 γεια
619 5355 795 5408 τοῦτο.
831 5356 967 5407 Ποία
1012 5357 1245 5421 Σκύλλα,
1285 5359 1415 5412 ποία
1458 5360 1714 5433 χίμαιρα,
1747 5367 1896 5427 ποῖος
1920 5365 2050 5436 δρά-

472 5458 583 5495 κων
602 5482 619 5503 ,
663 5443 863 5513 μᾶλλον
892 5444 949 5495 δὲ
990 5447 1142 5508 ποῖος
1164 5445 1394 5515 δαίμων,
1422 5450 1572 5513 ποῖος
1604 5449 1849 5516 διάϐολος
1878 5453 2051 5510 ταῦτα

473 5528 539 5581 ἂν
583 5531 845 5601 ἐποίησε;
879 5531 944 5583 Τί
979 5533 1071 5585 τοῦ
1116 5533 1354 5604 Χριστοῦ
1398 5537 1625 5603 δφελοςς
1657 5539 1708 5591 τί
1733 5539 1791 5592 δὲ
1829 5541 1929 5609 τῆς
1957 5542 2050 5595 πί-

475 5632 664 5681 στεως,
687 5620 815 5671 ὃταν
835 5619 1137 5690 ἀνθρώπων
1154 5623 1413 5693 ἀνέχηταί
1434 5625 1459 5663 b
1478 5642 1563 5687 τις
1595 5626 1882 5697 Ἑλλήνων,
1915 5630 2051 5699 μᾶλ-

535 5787 572 5855 ⁶¹“
588 5786 841 5860 Ιηιρςριιιε
862 5793 1075 5860 ΙΑιιὶιιιις,
1097 5793 1181 5858 qui
1207 5804 1563 5860 verterat,qu
1580 5798 1831 5852 (amentia?
1854 5803 2050 5857 videtur

472 5847 656 5912 legisse
679 5847 747 5907 τίς
768 5856 797 5911 ἡ
818 5856 1067 5916 παράνοια.

1194 413 1273 470 ’8.
1311 415 1599 475 JOANNIS
1634 418 2126 478 CIIRYSOSTOEI
2175 420 2499 482 ARCHIEP.
2537 421 3086 481 CONSTANTINUP.

2189 537 2280 591 λον
2302 539 2361 592 δὲ
2387 541 2488 610 οὐχ
2533 538 2800 610 Ἑλλήνιον
2819 576 2837 601 ,
2866 535 3001 590 ἀλλά
3029 524 3335 605 δαιμόνώνς
3371 536 3434 588 Εἰ
3464 536 3648 605 χρυσῷ
3672 538 3761 593 καὶ

2188 627 2555 698 μαργαρίταις
2584 627 2684 696 τὴν
2715 623 2955 695 κεφαλὴν
2997 625 3222 692 κοσμεῖν
3249 623 3310 675 06
3335 622 3452 682 δεῖ,
3496 625 3527 675 ὀ
3557 624 3636 693 τῷ
3660 627 3758 696 άρο

2184 712 2337 784 γύρῳ
2374 715 2454 776 είς
2494 712 2803 783 ἀκάθαρτον
2831 710 3003 773 οῦτως
3036 709 3340 779 ὑπηρεσίαν
3386 710 3757 780 κεχρημένος,

2184 800 2346 863 ποίας
2366 798 2696 870 συγγνώμης
2724 798 3007 865 τεύξεται;
3031 798 3132 850 οὑκ
3152 797 3314 866 ἀρκεῖ
3337 796 3406 849 τά
3429 796 3613 862 λοιπὰ,
3642 801 3757 851 καί·

2183 904 2264 942 τοι
2294 905 2358 954 γε
2386 888 2507 942 οὐδὲ
2535 889 2718 940 ἐκεῖνα
2748 887 2972 949 ἀνεκτὰ,
2996 885 3256 955 καθέδραι
3285 886 3379 938 καὶ
3408 885 3678 939 ύποπόδια
3702 887 3757 953 ἐξ

2182 976 2426 1047 ἀργύρου
2450 978 2660 1040 πάντας
2684 977 2863 1030 καίτοι
2886 976 2980 1029 καὶ
3003 974 3180 1028 ταῦτα
3203 974 3408 1038 ἀνοίας.
3449 974 3616 1028 ’Λλλά
3633 992 3761 1029 παν-

2180 1066 2348 1136 ταχοῦ
2371 1068 2402 1120 6
2424 1066 2589 1137 τῦφος
2611 1069 2641 1120 6
2662 1066 2939 1139 περισσὸς,
2969 1063 3245 1132 πανταχοῦ
3267 1064 3302 1133 ἡ
3328 1064 3606 1131 κενοδοξία
3628 1067 3758 1128 ’,ού-

2181 1152 2358 1223 δαμοῦ
2391 1154 2492 1225 τῆς
2535 1153 2726 1223 χρείας
2750 1194 2765 1215 ,
2807 1151 2946 1206 ἀλλά
2996 1150 3276 1221 πανταχοῦ
3311 1145 3753 1222 τῶνθπεριττῶν.

2193 1238 2337 1308 Ἐγὼ
2364 1240 2582 1295 δέδοικα
2629 1240 2704 1312 μὴ
2738 1239 2845 1294 ὑπὸ
2872 1239 2973 1308 τῆς
3004 1238 3199 1305 μανίας
3229 1237 3433 1309 ταύτης
3466 1240 3757 1309 προϐαῖνον

2180 1326 2241 1381 τὸ
2263 1330 2571 1396 γυναικεῖον
2594 1327 2750 1396 γένος
2787 1328 3031 1396 τεράτων
3061 1326 3308 1397 ἀναλάϐῃ
3334 1327 3551 1397 μορφήν
3569 1344 3584 1359 ’
3609 1327 3757 1392 εξκδς

2180 1415 2289 1486 γάρ
2317 1415 2484 1480 αύτάς
2513 1416 2847 1487 ἐπιθυμῆσαι
2890 1414 2986 1469 καὶ
3009 1413 3201 1485 τρίχας
3239 1414 3383 1483 ἔχειν
3408 1416 3638 1485 χρυσᾶς.
3685 1415 3754 1468 Ἣ

2178 1502 2547 1573 ὁμολογήσατε
2584 1504 2666 1556 δτι
2701 1503 2802 1556 οὐκ
2834 1500 3069 1555 ἐπάθετέ
3101 1518 3154 1554 τι
3186 1501 3325 1572 πρὸς
3360 1501 3423 1554 τὸ
3447 1501 3639 1571 λεχθὲν
3663 1504 3754 1555 καὶ

2176 1589 2490 1659 διανέστητε
2513 1589 2609 1643 καὶ
2631 1590 2712 1653 είς
2729 1588 3025 1659 ἐπιθυμίαν
3049 1587 3352 1655 ὲνεπέσετε,
3384 1589 3480 1642 καὶ
3504 1590 3555 1641 εί
3586 1590 3666 1660 μή
3691 1606 3753 1657 γε

2179 1678 2213 1747 ή
2247 1676 2474 1748 αἰσχύνη
2505 1680 2779 1747 κατεῖχεν.
2823 1676 2926 1730 οὐκ
2973 1675 3041 1729 ἂν
3092 1674 3503 1748 παρῃτήσασθε.
3548 1677 3614 1730 Εἰ
3648 1677 3755 1748 γὰρ

2178 1764 2274 1816 καὶ
2297 1763 2365 1816 τά
2385 1763 2591 1818 τούτων
2611 1762 2937 1833 ἀτοπώτερα
2955 1762 3213 1832 τολμᾶτε,
3238 1761 3416 1832 πολλῴ
3433 1762 3641 1831 μᾶλλον
3660 1767 3755 1818 καὶ

2175 1852 2366 1922 τρίχας
2394 1851 2539 1921 ἔχειν
2562 1848 2716 1922 οἶμαι
2748 1851 2951 1913 ταύτας
2996 1849 3337 1920 ἐπιθυμῆσαι
3385 1852 3616 1921 χρυσᾶς,
3663 1853 3755 1905 καὶ

2175 1942 2243 1995 τά
2270 1939 2444 2011 χείλη,
2473 1941 2569 1994 καὶ
2594 1942 2694 2003 τάς
2716 1938 2912 2011 ὀφρῦς,
2943 1938 3037 1993 καὶ
3067 1938 3247 1992 πάντα
3273 1940 3476 2009 χρυσὸν
3508 1957 3752 2011 κατατη-

2176 2026 2376 2091 κούσας
2405 2025 2550 2080 οῦτω
2592 2026 2919 2098 περιχρίειν.
2956 2026 3018 2078 Et
3060 2024 3118 2078 δὲ
3148 2026 3427 2078 ἀπιστεῖτε
3471 2027 3570 2079 καὶ
3594 2027 3747 2097 νομί-

2175 2116 2295 2180 ζετε
2316 2114 2559 2183 γελῶντά
2575 2131 2641 2185 με
2665 2115 2863 2183 λέγειν,
2882 2111 2993 2181 ἐγὼ
3016 2111 3346 2183 διηγήσομαι
3359 2112 3509 2183 ὅπερν
3522 2112 3752 2183 ἤκουσα,

2176 2203 2373 2272 μᾶλλον
2425 2202 2484 2256 δὲ
2531 2203 2626 2256 καὶ
2670 2200 2787 2255 ἔστι
2818 2200 2931 2254 νῦν.
2977 2200 3039 2253 '0
3079 2199 3189 2253 τῶν
3219 2200 3447 2270 Περσῶν
3494 2198 3751 2270 βασιλεῦς

2174 2290 2407 2361 χρυσοῦν
2452 2290 2565 2360 ἔχει
2606 2289 2668 2343 τὸ
2713 2288 2944 2357 γένειον,
2988 2287 3097 2341 τῶν
3144 2288 3275 2360 περὶ⁵
3316 2287 3495 2341 ταῦτα
3538 2286 3748 2355 δεινῶν,

2171 2375 2423 2446 καθάπερ
2450 2379 2518 2447 τῇ
2556 2375 2755 2447 κρόκῃ,
2812 2375 2954 2428 οῦτω
3000 2375 3096 2428 καὶ
3142 2375 3266 2437 ταῖς
3314 2375 3528 2429 ἐκείνου
3576 2376 3751 2446 θριξὶν

2172 2460 2555 2513 ὲνελισσόντων
2582 2459 2652 2512 τὰ
2680 2458 2891 2512 πέταλα
2918 2458 3012 2512 τοῦ
3052 2458 3255 2530 χρυσοῦ
3276 2476 3293 2491 ο
3344 2459 3441 2514 καὶ
3463 2459 3752 2514 ἀνάκειται

2172 2548 2425 2616 καθάπερ
2454 2547 2639 2618 τέρας.
2678 2546 2815 2613 Δόξα
2848 2565 2952 2613 σοι,
2986 2547 3207 2619 Χριστὲ,
3236 2548 3417 2601 πόσων
3448 2549 3752 2620 ἐνέπλησας

2172 2634 2397 2705 ἀγαθῶν
2424 2637 2573 2709 ἡμᾶς
2592 2678 2607 2703 ,
2643 2635 2761 2700 πῶς
2809 2635 2958 2705 ἡμᾶς
2986 2635 3254 2704 ὑγιαίνειν
3283 2637 3748 2706 παρεσκεύασαςς

2171 2725 2344 2796 πόσης
2374 2742 2430 2778 τε
2441 2724 2728 2799 ρατωδίας,
2765 2724 2938 2796 πόσης
2966 2722 3191 2792 ἀλογίας
3218 2725 3365 2795 ἡμᾶς
3394 2725 3748 2796 ἀπήλλαξαςς

2184 2811 2315 2867 Ἰδοὺ
2342 2812 2596 2883 προλέγω
2620 2828 2633 2841 ·
2678 2812 2864 2865 οὐκέτι
2896 2811 3176 2883 παραινῶ,
3200 2811 3316 2866 ἀλλ’
3347 2812 3626 2866 ὲπιτάττω
3658 2815 3749 2867 καὶ

2170 2900 2562 2971 παραγγέλλω⁸
2597 2900 2627 2953 6
2660 2899 2980 2971 βουλόμενος
3006 2899 3270 2965 ἀκουέτω,
3301 2900 3330 2952 6
3360 2900 3418 2953 δὲ
3453 2900 3529 2971 μὴ
3569 2901 3750 2971 βουλό-

2172 3006 2333 3059 μενος
2362 2987 2692 3043 ἀπειθείτω’
2726 2989 2808 3042 ὅτι
2829 2987 2894 3041 ἂν
2926 2987 3226 3058 ἐπιμένητε
3271 2987 3447 3041 ταῦτα
3475 2987 3748 3054 ποιοῦσαι,

2168 3079 2269 3132 οὐκ
2296 3076 2556 3148 ἀνέξομαι
2582 3075 2704 3130 οὐδὲ
2725 3075 2951 3147 δέξομαι
2976 3075 3120 3145 ὑμᾶς
3145 3075 3266 3129 οὐδὲ
3296 3076 3493 3146 ἀφήσω
3522 3075 3634 3129 τῶν
3663 3077 3749 3129 ού-

2167 3166 2274 3220 δῶν
2304 3165 2612 3238 ὑπερϐῆναι
2650 3163 2881 3219 τούτων.
2914 3164 2978 3216 Τί
3016 3163 3126 3234 γάρ
3159 3180 3249 3234 μοι
3273 3161 3354 3216 δεῖ
3397 3164 3643 3234 πλήθους
3667 3180 3751 3217 νο-

2169 3253 2437 3319 σούντων;
2470 3254 2524 3307 τί
2558 3252 2636 3320 δὲ,
2682 3254 2732 3305 εἰ
2767 3250 3135 3322 παιδοτριϐῶν
3174 3251 3317 3321 ὑμᾶς
3348 3250 3409 3303 06
3453 3250 3652 3304 κωλύω
3682 3251 3749 3305 τὰ

2170 3343 2247 3415 μὴ
2277 3360 2341 3395 πε
2351 3341 2536 3414 puti;
2563 3340 2755 3397 Καίτοι
2780 3356 2842 3409 γε
2861 3342 2889 3395 6
2909 3337 3119 3401 Παῦλος
3142 3338 3401 3403 ἐκώλυσε,
3426 3340 3523 3392 καὶ
3550 3340 3749 3410 χρυσὺν

2166 3433 2261 3484 καὶ
2296 3430 2661 3502 μαργαρίτας.
2728 3425 3024 3498 Γελώμεθα
3076 3425 3230 3496 παρά
3288 3426 3398 3479 τῶν
3452 3425 3746 3499 Ἑλλήνων,

2170 3520 2336 3593 μῦθος
2362 3516 2502 3573 εἶναι
2528 3518 2760 3572 δοκεῖτά
2781 3516 3045 3587 ἡμέτερα.
3071 3517 3182 3569 Καὶ
3210 3518 3323 3579 τοῖς
3344 3516 3574 3588 ἀνδράσι
3602 3535 3744 3589 παρ-

2164 3609 2297 3664 αινῶ
2346 3608 2556 3661 ταῦτα·
2602 3609 2685 3669 είς
2725 3605 3097 3659 διδασκαλεῖον
3140 3606 3439 3677 παραγίνῃ,
3491 3607 3744 3659 παιδευόο

2168 3712 2330 3766 μενος
2363 3694 2682 3764 φιλοσοφίαν
2714 3693 3133 3763 πνευματικήν;
3188 3692 3406 3763 περίελε
3458 3693 3555 3746 τὸν
3581 3694 3747 3761 τῦφον

2165 3783 2394 3837 ἐκεῖνον.
2426 3781 2600 3834 Τοῦτο
2658 3780 2753 3833 καὶ
2804 3778 3032 3849 ἀνδράσι
3060 3778 3312 3851 παραινῶ
3356 3783 3455 3833 καὶ
3494 3782 3730 3849 γυναιξί⁸

2165 3872 2270 3924 κᾶν
2294 3870 2496 3941 ἑτέρως
2525 3885 2608 3932 τις
2653 3870 2805 3938 ποιῇ,
2840 3867 3024 3921 λοιπὸν
3051 3867 3154 3920 οῦκ
3192 3867 3482 3938 ἀνέχομαι.
3530 3868 3743 3922 Δώδεκα

2162 3956 2303 4032 ἦσαν
2335 3960 2385 4011 οἱ
2429 3956 2691 4029 μαθηταὶ,
2745 3956 2841 4009 καὶ
2889 3955 3121 4009 ἄκουσον
3152 3955 3204 4008 τί
3249 3948 3481 4025 φησινδ
3511 3958 3738 4029 Χριστος

2166 4048 2304 4118 πρὸς
2331 4045 2528 4108 αύτούς
2549 4061 2564 4075 ι
2601 4043 2698 4113 Μὴ
2739 4043 2838 4098 καί
2884 4042 3053 4113 ὑμεῖς
3081 4042 3284 4098 θέλετε
3311 4043 3612 4114 ὐπάγειτος
3645 4047 3739 4100 ‘Av

2163 4137 2273 4207 γὰρ
2296 4135 2470 4188 διόλου
2502 4133 2912 4202 κολακεύωμεν,
2943 4131 3094 4203 [579]
3126 4131 3259 4185 πότε
3296 4132 3736 4204 ἀνακτησόμεθα;

2164 4225 2294 4277 πότε
2322 4223 2708 4294 ῶφελήσομεν;
2758 4221 2900 4275 Ἀλλ’
2938 4221 3070 4286 εἰσὶ,
3119 4221 3304 4291 φησὶν,
3340 4222 3587 4291 αἱρέσεις
3621 4222 3737 4276 ἔτεσ-

2168 4329 2276 4383 ραι,
2302 4312 2397 4364 καὶ
2418 4310 2814 4381 μετατίθενται.
2851 4309 3071 4380 Ψυχρδς
3093 4303 3297 4372 οῦτοςὸ
3322 4309 3507 4377 λόγος·
3540 4309 3739 4378 [ipsia-

2162 4417 2278 4454 σον
2302 4393 2389 4465 εἷς
2418 4396 2606 4452 ποιῶν
2632 4397 2699 4449 τὸ
2725 4398 2955 4465 θέλημα
2979 4397 3223 4465 Κυρίου,
3254 4396 3291 4465 ἣ
3319 4399 3523 4466 μυρίοι
3559 4398 3739 4466 παρά·

2161 4506 2350 4559 νομοί.
2383 4487 2535 4539 Ἐπεὶ⁸
2592 4484 2686 4539 καὶ
2718 4486 2782 4539 σὺ
2828 4485 2881 4538 τί
2932 4484 3134 4554 βούλει,
3168 4485 3290 4537 εἰπέ
3330 4502 3476 4554 μοις
3517 4488 3736 4556 μυρίους

2160 4576 2437 4648 δραπέτας
2481 4574 2626 4645 ἔχειν
2664 4574 2758 4627 καὶ
2785 4573 3021 4638 κλέπτας
3056 4575 3294 4637 οἰκέτας,
3328 4574 3363 4642 ἢ
3387 4574 3486 4627 ἕνα
3511 4575 3737 4641 εὖνουν;

2175 4666 2303 4719 Ἰδοὺ
2339 4662 2591 4735 παραινῶ
2624 4662 2719 4716 καὶ
2754 4660 3056 4732 παρεγγυῶ
3109 4662 3203 4714 καὶ
3235 4662 3322 4714 τὸν
3350 4661 3738 4734 καλλωπισμὸν

2160 4753 2252 4806 τὸν
2282 4753 2410 4822 περὶ
2438 4751 2539 4822 τὴν
2564 4750 2710 4821 ὀψιν,
2744 4754 2837 4804 καὶ
2864 4750 2934 4803 τά
2978 4750 3148 4820 σκεύη
3175 4749 3242 4803 τὰ
3266 4749 3495 4804 τοιαῦτα
3525 4752 3737 4821 συντρί-

2161 4842 2301 4906 ϐειν,
2353 4841 2448 4894 καὶ
2500 4840 2693 4910 πένησι
2729 4839 2954 4904 διδόναι,
3002 4840 3096 4892 καὶ
3128 4837 3202 4909 μὴ
3229 4837 3373 4892 οῦτω
3413 4840 3734 4910 μεμηνέναι.

2173 4930 2231 4982 Ὀ
2261 4929 2581 4999 βουλόμενος
2613 4928 2970 4999 ἀποπηδάτω,
2999 4929 3027 4980 6
3061 4926 3384 4997 βουλόμενος
3414 4926 3733 4995 ἐγκαλείτω·

2160 5021 2261 5072 ούκ
2314 5019 2577 5090 ἀνέχομαι
2611 5018 2846 5081 οὐδενός.
2876 5018 3044 5070 Ὅταν
3087 5016 3265 5085 μέλλω
3310 5015 3598 5085 κρίνεσθαι
3648 5016 3737 5070 ἐπὶ

2158 5106 2253 5161 τοῦ
2288 5106 2529 5179 βήματος
2574 5105 2669 5160 τοῦ
2714 5103 2978 5176 Χριστοῦ,
3012 5102 3230 5175 μακράν
3261 5103 3420 5173 ὑμεῖς
3449 5105 3732 5173 ἑστήκατε,

2160 5197 2256 5249 καὶ
2288 5197 2322 5266 ἡ
2349 5196 2479 5266 παρ’
2514 5193 2670 5264 ὑμῶν
2695 5193 2857 5264 χάρις
2892 5196 2973 5255 είς
3012 5190 3184 5256 οὐδὲν,
3217 5190 3353 5261 ἐμοῦ
3378 5190 3482 5253 τὰς
3507 5191 3737 5254 εὐθύνας

2162 5284 2513 5354 παρέχοντος.
2543 5281 2730 5335 Ταῦτα
2754 5281 2827 5335 τά
2858 5281 3076 5352 ῥήματα
3103 5279 3171 5332 τά
3206 5280 3384 5333 πάντα
3407 5279 3733 5350 διέφθειρεν·

2159 5369 2248 5423 ἵνα
2282 5368 2493 5441 ἀπέλθῃ
2529 5380 2579 5431 ο,
2613 5369 2798 5439 φησιν,
2830 5368 2925 5421 καὶ
2967 5366 3236 5438 μετατεθῇ
3266 5365 3404 5438 πρὸς
3428 5366 3625 5437 ἑτέραν
3652 5365 3736 5419 αῖ·

2160 5475 2349 5530 ρεσιν·
2405 5456 2639 5526 ἀσθενής
2695 5458 2832 5517 ἐστι,
2883 5454 3283 5524 συγκατάϐηθι.
3336 5453 3520 5523 Μέχρι
3553 5453 3730 5519 τίνοςς

2161 5548 2321 5619 μέχρι
2350 5548 2509 5613 πότε;
2542 5544 2709 5609 ἆπαξ,
2741 5546 2834 5596 καὶ
2861 5542 2963 5610 δὶς,
2998 5534 3092 5595 καὶ
3122 5541 3263 5611 τρὶς,
3319 5540 3395 5611 μὴ
3419 5540 3730 5603 διαπαντός.

2222 5746 2250 5781 ι’
2278 5741 2504 5805 Profecto
2542 5739 2796 5807 legendum
2836 5740 3106 5803 ἇντέχηται,
3152 5735 3385 5795 inculatur,
3428 5733 3591 5798 inquit
3630 5733 3732 5785 Du-

2159 5820 2381 5920 Μὲιὲίηο
2408 5863 2553 5916 dubio
2574 5861 2828 5929 legendum
2848 5864 2922 5912 ἵνα
2952 5864 3015 5924 μή
3038 5863 3231 5923 ἀπέλθῃ,
3260 5866 3395 5912 uolat
3415 5858 3649 5910 Danaus.
