4032 6514
212 444 322 500 3&9

215 562 410 614 venies
460 557 691 611 animam
742 561 819 607 tot
860 561 912 607 et
952 559 1059 605 tam
1107 547 1323 602 nefariis
1352 545 1563 615 plenam
1592 541 1806 597 deside-

212 653 336 713 riis,
375 661 431 703 ut
459 663 643 703 eorum
673 645 761 714 qui
789 644 972 697 volunt
999 642 1281 695 ditescere.
1310 639 1451 704 Quas
1472 635 1614 691 enim
1640 649 1805 703 nugas

213 759 324 795 non
359 740 463 793 sibi
491 733 826 806 depingunt?
855 733 1017 802 Magis
1042 747 1198 801 quam
1238 729 1325 798 qui
1356 727 1803 797 hippocentauros

211 834 483 901 effingunt
507 838 560 883 et
583 828 863 881 chimzcras
880 833 935 878 et
958 820 1382 891 serpentipedes,
1410 827 1465 873 et
1493 816 1715 887 Scyllas,
1748 821 1804 869 et

212 934 482 985 monstra,
535 919 731 975 videris
777 933 871 972 eos
915 915 1249 984 effingentes.
1294 910 1362 965 Et
1407 910 1453 964 si
1499 909 1618 978 quis
1673 905 1802 960 velit

207 1035 404 1075 eorum
433 1031 593 1071 unant
622 1014 876 1081 effingere
907 1008 1272 1080 cupiditatem,
1301 1004 1435 1059 nihil
1461 1003 1796 1065 videbuntur,

1080 432 1146 489 IN
1186 431 1396 489 EPIST.
1438 430 1529 486 AD
1567 426 1839 485 COLOSS.
1879 426 2031 482 CAP.
2075 425 2161 482 lll.
2206 426 2434 483 llOMlL.
2478 427 2584 486 νη.

3376 423 3481 481 350

1912 540 2034 595 Scio
2062 542 2255 595 multos
2277 558 2361 595 me
2384 524 2721 611 pr0ptcr'ltoc
2748 542 2945 598 habere
2971 541 3231 605 ludibrio;
3257 538 3350 594 sed
3376 553 3481 592 non

1910 649 2042 689 curo
2062 677 2077 699 ,
2106 633 2265 688 modo
2312 635 2507 703 aliquid
2540 636 2758 704 prosim.
2800 635 3003 691 Revera
3046 643 3285 690 amentes
3313 643 3367 688 et
3395 632 3482 686 fu-

1905 736 2085 781 rentes
2112 724 2314 779 faciunt
2339 724 2555 779 divitim.
2584 726 2638 781 Si
2668 741 2829 797 penes
2858 727 3000 797 ipsos
3026 734 3187 791 esset,
3213 726 3408 781 vellent
3427 735 3484 783 et

1903 825 2097 870 terram
2127 832 2247 871 esse
2275 832 2489 872 auream
2514 859 2528 882 ,
2558 828 2613 872 et
2649 818 2878 887 parietes
2918 833 3144 885 aureos,
3176 818 3399 873 fortasse
3428 829 3485 872 et

1901 910 2088 966 caelum
2121 917 2174 965 et
2202 925 2382 964 aerem
2412 925 2475 965 ex
2503 924 2653 964 auro.
2685 910 2814 977 Quis
2844 909 3029 965 furor?
3054 926 3169 980 qua:
3197 910 3482 981 iniquitas?

1902 1014 2019 1069 qua:
2045 999 2245 1054 febris?
2270 1000 2421 1054 Alius
2448 1001 2587 1070 perit
2617 1000 2830 1069 frigore.
2863 1000 2950 1069 qui
2978 1011 3058 1055 est
3094 999 3263 1055 factus
3289 1000 3357 1055 ad
3387 1001 3479 1055 Dei

1902 1092 2184 1162 imaginem
2212 1110 2226 1157 ;
2258 1100 2310 1146 tu
2336 1103 2512 1148 autem
2542 1092 2657 1148 lucc
2684 1092 3002 1148 fabricaris?
3026 1092 3070 1149 Ο
3099 1093 3290 1148 fastum
3313 1104 3368 1150 et
3394 1109 3479 1149 ar-

1900 1186 2195 1257 rogantiam
2214 1188 2227 1241 !
2248 1185 2373 1256 quid
2391 1187 2620 1256 amplius
2643 1186 2854 1243 fecisset
2873 1188 3125 1242 insanus?
3141 1198 3478 1244 excrementa

1902 1277 2032 1331 tanti
2060 1278 2187 1331 facis
2208 1287 2264 1331 ut
2288 1292 2347 1332 ea
2374 1288 2594 1347 argento
2633 1276 2909 1347 excipias?
2933 1276 3056 1331 Scio
3080 1293 3178 1332 vos
3203 1277 3479 1334 audientes

1900 1369 2310 1439 obtorpescere;
2350 1370 2444 1425 sed
2484 1370 2861 1440 obtorpescere
2888 1369 3087 1425 debent
3112 1386 3230 1441 qua:
3256 1369 3370 1425 haec
3399 1371 3479 1426 fa-

1900 1461 2080 1528 ciunt,
2108 1472 2163 1517 et
2199 1462 2298 1516 viri
2333 1462 2422 1532 qui
2455 1461 2654 1516 morbis
2681 1460 2983 1530 hujttsmodi
3004 1460 3323 1516 deserviunt
3353 1480 3366 1515 :
3399 1472 3480 1517 est

1899 1554 2040 1608 enim
2071 1552 2171 1606 hoc
2197 1551 2600 1622 intemperantia
2632 1561 2686 1606 et
2725 1551 3010 1606 crudelitas
3038 1562 3092 1606 et
3121 1551 3480 1607 inhumanitas

1898 1655 1953 1698 et
1984 1644 2165 1699 feritas
2192 1652 2244 1697 et
2272 1643 2507 1697 lascivia.
2532 1645 2660 1710 Qua:
2685 1642 2882 1713 Scylla,
2915 1659 3033 1712 qua:
3058 1642 3328 1709 chimarra,
3362 1644 3480 1713 quis

1899 1736 2061 1791 draco
2086 1778 2101 1802 ,
2129 1737 2211 1791 vel
2240 1736 2409 1806 potius
2435 1736 2554 1806 quis
2581 1735 2789 1789 darmon
2810 1777 2825 1801 ,
2857 1735 2976 1803 quis
3004 1734 3247 1790 diabolus
3272 1735 3373 1790 hoc
3398 1736 3480 1790 fe-

1897 1828 2065 1883 cerit?
2086 1828 2211 1898 quid
2240 1827 2455 1898 prodest
2476 1827 2759 1881 Chrisuts?
2784 1826 2908 1895 qttid
2937 1826 3153 1896 prodest
3180 1827 3329 1891 fides,
3357 1843 3478 1883 cum

1899 1919 2157 1975 toleratur
2182 1918 2373 1988 aliquis
2398 1934 2461 1973 ex
2499 1917 2764 1988 gentibus,
2795 1917 2901 1971 imo
2930 1933 3056 1971 vero
3085 1933 3188 1973 non
3216 1934 3280 1973 ex
3309 1919 3480 1989 genti-

1898 2010 1997 2064 bus
2020 2052 2034 2075 ,
2062 2009 2155 2065 sed
2186 2026 2253 2064 ex
2277 2009 2643 2064 dtemonibus?
2673 2008 2728 2064 Si
2754 2018 2914 2079 caput
2939 2025 3046 2063 non
3074 2020 3152 2065 est
3180 2011 3479 2066 ornandum

1896 2118 2028 2157 auro
2065 2110 2120 2157 et
2160 2102 2461 2171 margaritis
2492 2118 2507 2164 ;
2540 2102 2627 2171 qui
2668 2110 2889 2171 argento
2933 2103 3099 2157 utitur
3126 2102 3193 2157 ad
3223 2112 3326 2158 tam
3373 2105 3476 2159 im;

1898 2192 2151 2247 mundum
2178 2192 2550 2259 ministerium,
2582 2208 2867 2263 quamnam
2897 2204 3210 2264 assequctur
3232 2194 3478 2251 veniam?

1898 2300 2002 2338 non
2029 2283 2298 2339 sufficiunt
2325 2283 2549 2353 reliqua,
2581 2284 2821 2353 quamvis
2851 2299 2950 2338 nec
2979 2284 3062 2338 illa
3095 2293 3221 2339 sunt
3249 2286 3480 2341 toleran-

1897 2372 1966 2430 da
1996 2393 2009 2428 2
2042 2374 2309 2429 cathedra:
2337 2384 2389 2429 et
2409 2374 2637 2428 scabella
2667 2389 2731 2428 ex
2764 2384 2987 2444 argento
3020 2384 3127 2429 tota
3150 2377 3172 2428 ?
3193 2377 3336 2447 atqui
3364 2377 3480 2433 lucc

1896 2482 2105 2537 quoque
2129 2477 2252 2521 sunt
2280 2466 2547 2522 amentim.
2576 2466 2680 2521 Sed
2709 2468 2904 2537 ubique
2931 2476 3013 2521 est
3038 2468 3202 2522 faStus
3228 2484 3479 2538 superva-

1896 2574 2126 2625 caneus;
2161 2558 2355 2628 ubique
2383 2559 2553 2613 inanis
2579 2559 2747 2628 gloria
2773 2577 2786 2612 :
2816 2574 3075 2629 nusquam
3100 2576 3225 2615 usus
3252 2561 3480 2616 habetur

1897 2654 2033 2705 ratio
2056 2692 2072 2717 ,
2102 2649 2197 2705 sed
2225 2650 2419 2720 ubique
2446 2659 2569 2704 sunt
2611 2665 3024 2719 supervacanea.
3058 2651 3167 2721 Ego
3194 2668 3383 2706 vereor
3411 2667 3479 2708 ne

1896 2743 1963 2797 ab
1992 2742 2089 2798 hac
2120 2743 2323 2798 insania
2354 2741 2652 2813 procedens
2690 2758 2851 2797 sexus
2894 2743 3170 2799 muliebris
3205 2754 3477 2802 monstro-

1897 2850 2013 2889 rum
2041 2834 2263 2889 formam
2289 2833 2541 2902 suscipiat
2566 2850 2578 2887 :
2606 2834 2895 2888 verisimile
2914 2843 2996 2888 est
3015 2850 3105 2889 eas
3126 2850 3323 2904 cupere
3345 2837 3479 2905 pilos

1895 2941 2107 2997 quoque
2142 2924 2337 2979 habere
2379 2939 2591 2979 aureos.
2638 2926 2744 2978 Aut
2790 2923 3060 2979 fateamini
3099 2942 3194 2979 vos
3236 2941 3300 2980 eo
3335 2928 3478 2997 quod

1896 3018 2095 3072 dictum
2116 3029 2199 3071 est
2229 3016 2358 3070 nihil
2386 3030 2503 3071 esse
2528 3015 2749 3071 affectos
2771 3025 2825 3071 et
2845 3018 3126 3083 excitatos,
3156 3027 3209 3073 et
3229 3020 3480 3077 incidisse

1898 3110 1952 3166 in
1991 3110 2518 3179 concupiscentiam;
2561 3116 2615 3164 et
2652 3108 2752 3162 nisi
2797 3107 2966 3178 pudor
3000 3110 3339 3179 retinuisset,
3371 3128 3480 3170 non

1896 3202 2318 3257 recusavissetis.
2342 3200 2471 3255 Nam
2502 3201 2547 3255 si
2575 3199 2786 3255 audetis
2812 3216 2874 3256 ea
2900 3218 3017 3271 qua:
3041 3212 3166 3256 sunt
3189 3202 3269 3259 his
3291 3203 3478 3259 absur-

208 1130 315 1170 nec
366 1111 543 1181 Scylla
577 1123 675 1169 nec
722 1105 973 1159 chimmra
1016 1117 1189 1166 neque
1237 1099 1717 1168 hippocentaurus.
1753 1092 1801 1148 sl

209 1220 339 1258 eum
372 1188 623 1273 portento
652 1197 745 1253 illo
786 1195 1146 1255 conferantur,
1172 1190 1267 1246 sed
1293 1188 1496 1243 videbis
1537 1187 1678 1240 illam
1702 1184 1799 1238 ha-

208 1296 348 1350 bere
386 1308 574 1347 omnes
602 1288 759 1344 simul
782 1287 1006 1344 belluas.
1038 1285 1107 1339 Et
1132 1282 1268 1337 forte
1296 1279 1618 1337 existimabit
1655 1276 1800 1347 quis.

210 1389 358 1458 piam
389 1400 474 1439 me
502 1384 666 1437 fuisse
707 1382 758 1434 in
796 1380 960 1434 multa
990 1376 1290 1431 divitiarum
1317 1372 1487 1440 copia,
1518 1380 1576 1424 ttt
1615 1368 1704 1439 qui
1746 1367 1799 1421 in

211 1482 284 1536 iis
328 1494 449 1550 qua:
498 1477 748 1532 dicuntur
797 1483 902 1528 tam
948 1472 1048 1527 sim
1094 1484 1274 1525 verax.
1302 1466 1495 1522 Fertur
1537 1462 1795 1534 quidam:

206 1576 365 1646 prius
406 1573 549 1628 enim
577 1568 908 1625 confirmabo
934 1566 1230 1621 orationem
1262 1578 1325 1617 ex
1356 1562 1421 1616 iis
1463 1575 1581 1630 qua:
1604 1556 1801 1611 decan-

205 1676 395 1721 tantnr
438 1662 577 1734 apud
623 1660 838 1716 Grzccos
871 1675 885 1711 :
916 1657 1107 1722 fertur,
1149 1656 1361 1724 inquam
1386 1691 1402 1715 ,
1447 1648 1658 1720 quidam
1705 1662 1797 1700 rex

204 1757 356 1830 apud
384 1771 480 1812 eos
507 1754 763 1809 delicians
792 1766 857 1805 eo
894 1749 1107 1804 venisse
1136 1746 1311 1811 luxus,
1342 1753 1399 1797 ut
1439 1754 1652 1796 auream
1696 1736 1797 1793 sibi

203 1850 404 1905 fecerit
433 1848 722 1916 platanum,
752 1842 1047 1911 caelumque
1088 1851 1340 1909 superne,
1369 1844 1422 1889 et
1451 1833 1521 1888 ita
1555 1830 1756 1887 sedisse
1779 1870 1795 1896 ,

206 1942 379 2011 idque
423 1954 541 1993 cum
592 1936 792 1991 bellum
843 1940 1055 2004 gereret
1102 1931 1356 1983 adversus
1407 1925 1531 1980 belli
1577 1922 1795 1994 peritos.

208 2036 410 2090 Annon
445 2042 525 2087 est
550 2030 666 2085 haec
710 2027 973 2098 cupiditas
1000 2020 1580 2095 hippocentaurornm?
1618 2033 1797 2072 annon

206 2125 449 2197 Scytha?
479 2123 631 2176 Alius
676 2134 861 2174 rursus
902 2117 1086 2188 injecit
1127 2115 1370 2170 homines
1397 2112 1449 2168 in
1494 2112 1681 2167 bovem
1730 2108 1795 2162 li-

205 2231 427 2288 gneum.
457 2214 650 2268 Annon
679 2220 759 2267 est
784 2209 1004 2280 Scylla?
1033 2206 1327 2275 Quemdam
1353 2214 1530 2257 autem
1561 2217 1625 2257 cx
1658 2200 1799 2270 prio-

209 2310 357 2363 ribus
418 2321 622 2376 regem,
672 2304 985 2358 bellatorem
1037 2316 1104 2355 ex
1156 2300 1269 2352 viro
1315 2297 1513 2351 divitia:
1557 2294 1798 2349 fecerunt

205 2398 495 2454 mulierem
526 2397 601 2468 (α)
630 2413 645 2459 ;
673 2411 735 2449 ex
769 2395 1012 2458 muliere,
1044 2392 1168 2463 quid
1204 2390 1419 2445 dicam?
1460 2388 1682 2443 bestiam
1710 2402 1799 2442 ra-

206 2492 367 2547 tionis
416 2501 715 2560 expertem,
748 2498 801 2543 et
828 2487 910 2541 his
940 2486 1113 2541 adhuc
1143 2484 1311 2554 pejus.
1342 2483 1536 2537 Bestiae
1581 2480 1722 2537 enim
1749 2479 1798 2535 si

205 2586 313 2641 sint
340 2582 447 2638 sub
476 2581 780 2645 arboribus,
810 2593 959 2634 suam
988 2578 1252 2632 sustinent
1296 2583 1558 2637 naturam,
1586 2581 1639 2628 et
1664 2571 1797 2626 nihil

204 2685 461 2747 quaerunt
485 2671 714 2742 amplius
738 2691 751 2725 :
778 2671 879 2725 iste
906 2678 1083 2724 autem
1110 2654 1267 2722 etiam
1296 2665 1527 2720 ferarum
1553 2672 1797 2719 naturam

204 2770 366 2839 longe
396 2766 695 2837 superavit.
724 2763 863 2832 Quid
903 2778 1032 2833 ergo
1072 2761 1322 2815 divitibus
1361 2758 1523 2815 fuerit
1546 2756 1798 2827 insipien-

205 2864 355 2917 tius'!
400 2860 514 2914 lloc
554 2867 735 2913 autem
783 2857 840 2910 fit
884 2871 949 2910 ex
995 2854 1153 2937 nimia
1200 2851 1584 2907 desideriorum
1612 2848 1683 2903 vi.
1728 2850 1798 2904 At

204 2968 389 3009 nonne
419 2951 569 3004 multi
597 2965 717 3004 eum
746 2946 1116 3002 admirantur?
1144 2944 1305 2999 Fiunt
1331 2943 1507 3012 itaque
1531 2940 1668 2995 sicut
1686 2940 1799 3009 ipse

202 3046 443 3102 ridiculi.
477 3043 589 3097 [loc
618 3057 725 3095 non
752 3038 1068 3095 ostendebat
1091 3036 1323 3101 divitias,
1355 3033 1449 3089 sed
1486 3032 1794 3087 amentiam.

204 3140 390 3195 Aurea
411 3136 497 3189 illa
530 3133 749 3204 platano
775 3140 975 3203 quanto
1005 3138 1087 3183 est
1119 3128 1385 3182 terrestris
1416 3125 1656 3196 platanus
1685 3139 1799 3178 me-

205 3231 312 3285 lior
352 3237 408 3283 et
435 3223 821 3298 praestantior?
868 3238 987 3276 nam
1039 3235 1156 3291 quae
1204 3228 1326 3274 sunt
1366 3216 1658 3272 secundum
1699 3229 1797 3269 na-

207 3333 386 3379 turam
410 3362 427 3387 ,
473 3327 599 3373 sunt
638 3316 957 3386 jucundiora
991 3315 1053 3369 iis
1081 3329 1199 3383 qua:
1242 3321 1367 3365 sunt
1417 3320 1610 3379 praeter
1647 3316 1801 3363 natu-

206 3431 348 3471 ram.
373 3412 511 3484 Quid
536 3411 629 3465 tibi
655 3409 868 3464 volebat
891 3407 1080 3461 cazlutn
1105 3420 1346 3467 aureum,
1370 3418 1403 3457 ο
1431 3400 1613 3455 fatue?
1640 3399 1799 3455 Vides

211 3503 489 3577 quomodo
518 3502 847 3556 insanientes
875 3498 1070 3552 faciant
1111 3496 1344 3550 divitiaz?
1372 3494 1640 3563 quomodo
1661 3493 1803 3546 intu-

208 3576 458 3654 mescant
494 3604 549 3650 et
569 3593 836 3649 :estuent?
862 3591 1120 3647 Existimo
1146 3590 1286 3659 ipsas
1316 3576 1476 3643 etiam
1508 3601 1654 3641 mare
1692 3600 1801 3640 non

208 3708 401 3753 nosse.
433 3699 488 3743 et
514 3689 739 3743 fortasse
768 3685 908 3741 velle
932 3686 1090 3740 etiam
1122 3683 1173 3736 in
1212 3682 1327 3750 ipso
1355 3679 1577 3750 ingredi.
1606 3678 1801 3733 Annon

209 3787 338 3840 bare
362 3791 491 3839 sunt
510 3780 800 3837 chimara?
825 3794 1004 3833 annon
1033 3774 1521 3845 hippocentattrus?
1547 3771 1651 3828 Sed
1676 3779 1801 3826 sunt

211 3891 367 3934 nunc
411 3890 625 3944 quoque
650 3874 737 3944 qui
760 3873 827 3925 ab
872 3872 988 3941 ipso
1032 3867 1166 3922 nihil
1205 3867 1437 3930 distant;
1478 3873 1602 3918 sunt
1639 3863 1801 3918 etiam

210 3971 393 4027 multo
418 3966 830 4037 insipientiores.
858 3963 995 4029 Quid
1021 3962 1181 4027 enim,
1213 3960 1525 4029 dic,qttazso,
1553 3956 1621 4011 ab
1640 3971 1799 4011 aurea

114 4062 131 4074 ‘
212 4063 441 4130 platano
483 4056 770 4119 differunt,
818 4053 960 4124 quod
1003 4053 1195 4107 attinet
1240 4049 1308 4104 ad
1351 4049 1657 4113 amentiam,
1712 4046 1801 4117 qui

212 4152 512 4222 amphoras
559 4148 760 4202 faciunt
785 4158 975 4200 aureas
1015 4151 1070 4198 et
1104 4141 1237 4196 ollas
1263 4148 1317 4196 et
1344 4138 1649 4194 alabastra?
1678 4132 1803 4208 quid

213 4258 347 4297 vero
386 4239 644 4294 mulieres
672 4236 852 4307 (pudet
881 4233 1119 4305 quidem,
1149 4232 1242 4287 sed
1270 4241 1447 4285 tamen
1474 4243 1693 4285 necesse
1722 4236 1806 4282 cst

214 4330 449 4405 dicere),
480 4330 713 4386 matulas
744 4328 999 4382 facientes
1046 4323 1369 4393 argenteas?
1397 4322 1682 4390 Oporteret
1708 4334 1806 4374 vos

217 4424 422 4494 pudere
451 4436 575 4490 qua:
606 4419 723 4473 haec
751 4416 944 4472 facitis.
971 4415 1184 4469 Christo
1227 4413 1496 4468 esuriente
1541 4420 1596 4465 tu
1625 4411 1693 4463 ita
1722 4410 1805 4463 itt-

220 4516 412 4584 dulges
439 4511 671 4574 deliciis,
720 4511 828 4562 imo
852 4522 982 4563 vero
1007 4505 1248 4575 desipis?
1291 4516 1547 4573 quasnam
1592 4499 1674 4554 hae
1700 4514 1809 4554 non

224 4608 377 4662 luent
418 4619 611 4676 ptenas
632 4604 657 4656 ?
688 4601 892 4657 Deinde
929 4614 1086 4671 rogas
1114 4614 1213 4653 cur
1237 4598 1491 4661 latrones,
1519 4609 1614 4649 cur
1641 4593 1810 4663 parri-

221 4699 381 4760 citlm,
412 4713 512 4751 cur
537 4696 697 4756 mala,
720 4708 839 4748 ctttn
867 4692 1110 4746 diabolus
1134 4702 1226 4743 vos
1254 4689 1323 4742 ita
1346 4688 1509 4757 agitet
1524 4701 1589 4740 ac
1612 4686 1813 4739 discer-

222 4790 349 4858 p.11?
380 4787 515 4841 Nam
560 4787 738 4839 discos
781 4783 980 4838 habere
1028 4788 1308 4851 argenteos
1330 4818 1345 4844 ,
1379 4792 1448 4833 ne
1474 4779 1575 4833 hoc
1598 4776 1810 4846 quidem

222 4885 410 4936 animo
438 4879 693 4934 convenit
739 4873 1133 4947 philosophico,
1177 4872 1269 4927 sed
1321 4880 1486 4926 totum
1534 4878 1616 4924 est
1658 4868 1814 4937 plane

224 4976 570 5035 deliciarum,
590 4968 862 5023 immunda
900 4978 1076 5021 autem
1105 4980 1229 5019 vasa
1258 4964 1433 5017 facere
1454 4969 1723 5031 argentea,
1747 4974 1814 5012 an

225 5063 436 5134 aliquid
484 5062 644 5116 habet
671 5056 1025 5114 deliciarum?
1057 5070 1160 5109 non
1191 5054 1415 5108 dixerim
1464 5050 1815 5116 deliciarum,

230 5156 331 5211 sed
364 5155 605 5217 insanim,
635 5156 742 5205 into
766 5165 895 5205 vero
923 5148 1075 5218 pejus
1107 5144 1334 5199 insania.

308 5249 366 5303 5.
395 5246 578 5301 Contra
606 5246 781 5298 luxum
804 5244 1113 5296 vehementer
1137 5236 1404 5290 invehitur.
1438 5233 1573 5287 Vasa
1602 5233 1822 5285 immun-

232 5346 304 5397 da
344 5358 408 5396 ea:
450 5348 658 5409 argento
699 5340 854 5407 facta.
886 5333 1055 5387 Barba
1083 5347 1238 5385 aurea
1271 5329 1548 5384 Persarum
1577 5326 1728 5397 regis.
1752 5353 1824 5365 ——

300 5474 375 5535 (a)
393 5468 638 5535 Exempla
656 5467 1046 5535 istbzeccarptim
1073 5459 1467 5535 enarrata-haud
1491 5467 1716 5535 accurate
1741 5470 1824 5520 po-

236 5520 505 5586 sita—sunt.
553 5520 673 5589 Quis
704 5534 767 5581 sit
799 5530 884 5580 ille
916 5520 1007 5578 rex
1039 5527 1123 5589 qui
1156 5525 1248 5572 sibi
1284 5520 1526 5589 platanum
1570 5520 1689 5570 fecit
1731 5534 1821 5589 au-

239 5583 397 5654 iam}
427 5583 484 5646 ut
505 5583 598 5645 sub
633 5596 739 5655 ejus
769 5593 937 5655 umbra
961 5583 1191 5655 sederet,
1217 5583 1623 5655 neScioJ‘nequAe
1639 5583 1823 5655 uspiam

240 5644 529 5720 intellegere
554 5644 778 5720 men'tini.
796 5653 899 5720 (De
918 5654 1006 5720 hac
1027 5663 1084 5697 re
1111 5644 1468 5720 videberodot.
1494 5644 1826 5720 7,n27..)lAlins

349 5706 578 5769 ho‘irtines
598 5706 851 5783 injiciebat
882 5715 937 5783 _in
960 5714 1136 5783 bovem
1162 5713 1239 5780 est
1276 5708 1511 5783 Phalaris.
1538 5707 1636 5783 Sed
1670 5707 1745 5755 hic
1778 5706 1827 5753 in

242 5767 423 5831 bovem
438 5767 982 5849 aeneum'conjiciebat.
1018 5772 1279 5849 Antiquio‘r
1300 5784 1421 5820 vero
1445 5768 1532 5849 ille
1556 5767 1680 5849 alios
1702 5781 1789 5849 re‘v
1809 5804 1822 5826 ,

242 5858 396 5905 quem
444 5857 504 5893 ex
544 5843 650 5893 viro
685 5830 864 5889 divitia:
908 5840 1127 5889 fecerant
1153 5830 1453 5893 ’mulicrem,
1479 5830 1828 5894 Sardanapaltts

240 5906 346 5956 t'uit.

1896 3295 2082 3359 diora,
2114 3296 2280 3349 multo
2323 3293 2491 3362 magis
2531 3292 2780 3347 existimo
2820 3308 2912 3347 eas
2957 3292 3092 3363 pilos
3128 3309 3322 3350 aureos
3361 3311 3481 3351 esse

1897 3388 2291 3443 desideraturas
2311 3429 2324 3450 ,
2358 3397 2412 3441 et
2442 3386 2584 3441 labra
2611 3427 2626 3452 ,
2658 3395 2713 3440 et
2741 3386 3025 3455 supercilia
3047 3427 3062 3452 ,
3094 3397 3148 3442 et
3185 3397 3322 3443 totas
3349 3404 3483 3445 auro

1897 3482 2185 3554 liquefacto
2230 3496 2288 3536 se
2319 3481 2458 3536 velle
2489 3480 2703 3535 illinire.
2735 3480 2789 3534 Si
2822 3490 2998 3535 autem
3027 3497 3131 3537 non
3161 3484 3399 3548 creditis,
3429 3495 3484 3541 et

1899 3575 2218 3631 existimatis
2255 3590 2340 3628 me
2384 3573 2646 3627 ridentem
2688 3572 2868 3627 dicere
2892 3614 2907 3639 ,
2937 3588 3038 3643 ego
3083 3576 3313 3630 narrabo
3340 3576 3483 3646 quod

1900 3668 2105 3733 audivi;
2138 3668 2244 3721 imo
2284 3681 2411 3720 vero
2450 3681 2590 3720 nunc
2629 3680 2843 3735 quoque
2889 3676 2990 3720 est.
3036 3666 3154 3720 Rex
3202 3668 3482 3724 Persarum

1903 3759 2117 3813 barbam
2151 3758 2310 3812 habet
2339 3772 2576 3823 auream,
2607 3757 2670 3810 iis
2697 3758 2785 3826 qui
2818 3756 3004 3811 harum
3037 3774 3212 3812 rerum
3243 3768 3367 3812 sunt
3392 3776 3485 3831 pe-

1902 3852 1988 3907 riti
2009 3893 2023 3917 ,
2051 3851 2214 3904 veluti
2243 3850 2576 3919 subtegmine
2597 3890 2613 3917 ,
2643 3848 2782 3903 illius
2822 3849 2943 3918 pilis
2984 3851 3099 3905 auri
3146 3851 3368 3907 laminas
3400 3853 3485 3907 in-

1901 3942 2237 3997 volventibus
2262 3959 2274 3994 :
2298 3953 2351 3995 et
2367 3941 2508 4009 jacet
2526 3949 2795 4009 tamquam
2819 3953 3137 3995 monsmun.
3162 3941 3342 3998 Gloria
3369 3942 3486 4007 tibi,

1900 4032 2141 4089 Christe!
2173 4047 2330 4102 quam
2379 4032 2560 4086 multis
2608 4046 2705 4085 nos
2752 4032 3040 4101 implevisti
3072 4033 3258 4102 bonis,
3290 4043 3345 4089 ut
3374 4036 3490 4090 sani

1903 4140 2144 4181 essemus
2168 4127 2180 4178 l
2210 4141 2238 4177 a
2267 4139 2425 4195 quam
2459 4123 2638 4178 multis
2666 4124 2920 4178 monstris
2945 4134 2999 4179 et
3023 4127 3270 4182 amentiis
3298 4126 3492 4183 libera-

1906 4220 2054 4274 visti!
2087 4219 2225 4273 Ecce
2249 4218 2501 4288 przedico,
2531 4234 2636 4273 non
2663 4218 2890 4288 amplius
2917 4218 3139 4284 suadeo,
3164 4221 3257 4275 sed
3287 4225 3493 4290 impero

1906 4322 1961 4367 et
1988 4312 2242 4367 denuntio
2276 4328 2288 4363 :
2323 4310 2501 4364 audiat
2535 4310 2625 4379 qui
2666 4310 2831 4372 velit;
2862 4310 2948 4377 qtti
2992 4325 3097 4363 non
3129 4311 3243 4363 vult
3278 4312 3490 4375 autem,

1910 4419 2015 4456 non
2044 4410 2225 4471 pareat
2257 4419 2269 4453 :
2299 4401 2438 4469 quod
2468 4401 2511 4453 si
2545 4401 2774 4468 pergatis
2802 4398 2917 4453 ha-c
2942 4400 3137 4467 facere,
3168 4415 3275 4455 non
3302 4401 3495 4456 tolera-

1909 4494 1978 4549 bo
2000 4508 2173 4561 neque
2198 4507 2291 4546 vos
2318 4491 2577 4560 excipiam
2600 4532 2614 4555 ,
2649 4506 2821 4560 neque
2861 4490 3033 4544 sinam
3075 4501 3131 4545 ttt
3160 4490 3275 4545 haec
3314 4492 3499 4547 limina

1912 4584 2213 4640 transeatis.
2234 4583 2369 4650 Quid
2395 4582 2537 4637 enim
2560 4581 2689 4635 mihi
2712 4597 2844 4651 opus
2866 4591 2947 4635 est
2966 4584 3339 4652 :egrotantinm
3363 4584 3501 4639 mnl-

1913 4679 2176 4735 titudine?
2203 4677 2327 4746 qttid
2366 4690 2525 4742 vero,
2569 4677 2612 4729 si
2652 4690 2748 4729 vos
2790 4675 3043 4729 erudiens
3088 4690 3193 4729 nou
3241 4676 3504 4745 prohibeo

1912 4789 2033 4843 quae
2061 4788 2166 4827 non
2195 4778 2319 4824 sunt
2345 4766 2774 4840 supervacanea?
2800 4768 2957 4835 Atqui
3003 4768 3200 4822 Paulus
3228 4767 3505 4836 prohibuit

1908 4873 1969 4939 et
1996 4880 2181 4919 aurum
2208 4872 2263 4918 et
2288 4854 2636 4931 margaritas.
2667 4860 2926 4915 Ridemur
2955 4877 2981 4911 a
3016 4860 3217 4915 Grarcis
3244 4876 3258 4913 :
3286 4873 3373 4914 res
3402 4873 3503 4912 no-

1918 4968 2043 5013 stra:
2069 4958 2316 5012 videntur
2341 4971 2461 5011 esse
2492 4953 2703 5008 fabulm.
2739 4954 2802 5007 Et
2830 4952 2958 5006 viris
2988 4952 3101 5006 ham
3139 4951 3340 5007 suadeo
3372 4967 3385 5004 :
3415 4965 3503 5004 ach

1919 5051 2065 5107 cedis
2091 5048 2157 5104 ad
2186 5049 2367 5102 ludtun
2395 5046 2709 5110 literarium,
2741 5044 3131 5114 philosOphiam
3158 5044 3371 5097 discens
3397 5044 3505 5111 spi-

1922 5141 2210 5198 ritualetn?
2237 5140 2385 5195 aufer
2412 5138 2557 5193 illum
2589 5138 2803 5191 fastum.
2836 5135 2947 5190 Hoc
2972 5145 3026 5189 et
3058 5136 3188 5189 viris
3226 5134 3425 5188 suadeo
3453 5142 3504 5189 cl

1925 5235 2171 5297 fetninis;
2202 5241 2256 5289 et
2281 5236 2324 5286 si
2351 5232 2613 5301 quiSpiam
2643 5230 2799 5284 aliter
2828 5229 3003 5290 faciat,
3037 5243 3143 5281 non
3168 5225 3396 5295 amplius
3427 5240 3507 5295 pa-

1928 5328 2049 5382 tior.
2079 5324 2368 5381 Duodecim
2392 5333 2545 5379 erant
2573 5322 2819 5392 discipuli
2846 5337 2860 5373 :
2886 5330 2943 5374 et
2966 5319 3087 5373 audi
3115 5318 3240 5389 qttid
3265 5317 3507 5371 Christus

1928 5420 2006 5474 eis
2031 5418 2169 5473 dicat
2201 5435 2213 5471 :
2246 5416 2384 5470 Num
2415 5426 2459 5471 et
2486 5432 2569 5469 vos
2598 5414 2747 5468 vultis
2771 5412 2909 5466 abire
2935 5410 3111 5483 (Joan.
3146 5410 3196 5463 6.
3226 5408 3350 5475 68)?
3379 5408 3512 5463 Nam

1933 5514 1976 5569 si
2001 5527 2213 5581 semper
2238 5510 2535 5573 adulcmur,
2563 5504 2774 5578 quando
2802 5520 2895 5559 vos
2923 5502 3321 5557 recreabimtts?
3346 5516 3516 5570 quan-

1931 5606 2003 5661 do
2042 5602 2418 5674 proficiemus?
2461 5602 2525 5654 At
2554 5607 2712 5661 sunt,
2760 5596 2964 5667 inquit,
3002 5593 3122 5649 alia:
3164 5594 3433 5659 luercses,
3460 5599 3517 5646 et

1936 5702 2370 5752 transmtttantut'.
2415 5691 2625 5762 Frigida
2668 5700 2752 5744 est
2796 5688 2909 5743 hate
2952 5687 3123 5742 oratio
3158 5705 3171 5740 :
3216 5684 3401 5739 Melior
3445 5690 3519 5737 est

1934 5805 2067 5843 unus
2093 5787 2281 5857 faciens
2300 5786 2602 5839 voluntatem
2625 5782 2829 5837 Domini
2852 5796 3003 5850 quam
3033 5777 3170 5831 mille
3195 5775 3351 5846 iniqui
3377 5772 3511 5842 (Ec-

1935 5882 2053 5935 cles.
2084 5878 2167 5935 16.
2198 5878 2285 5947 5).
2316 5876 2447 5932 Nam
2476 5885 2531 5932 tu
2558 5890 2788 5946 quoque,
2822 5872 2908 5928 dic
2944 5870 3093 5937 mihi,
3121 5878 3299 5924 utrum
3329 5866 3495 5922 malis
