3874 6512
622 485 723 541 351

625 598 933 649 innumeros
956 589 1153 661 habere
1181 602 1366 643 servos
1394 588 1640 657 fugitivos
1665 594 1720 641 et
1746 585 1910 650 fures,
1937 599 2004 637 an
2031 597 2193 637 unum

625 680 970 739 benevolum?
1001 681 1140 735 Ecce
1177 679 1377 734 suadeo
1410 689 1463 733 et
1500 678 1663 747 jubeo
1692 687 1748 730 ut
1775 686 1829 731 ct
1856 675 2007 729 faciei
2034 688 2194 727 orna-

624 787 858 831 mentum
875 782 929 829 et
948 773 1211 843 ejusmodi
1232 787 1353 827 vasa
1374 782 1641 833 conteras,
1660 780 1714 824 et
1734 770 1827 824 des
1850 756 2202 838 pauperibus,

621 877 675 920 et
710 882 776 920 ne
816 866 893 919 sic
930 864 1182 918 insanias.
1211 864 1312 928 Qui
1339 863 1451 917 vult
1477 862 1704 922 resiliat.
1734 860 1822 929 qui
1851 859 1960 911 vult
1982 864 2196 910 accuset

620 968 675 1010 et
701 956 1054 1025 reprehendat
1082 973 1095 1008 :
1127 955 1331 1008 nullum
1358 954 1545 1023 patior.
1571 951 1790 1019 Quando
1815 965 1931 1003 sum
1953 948 2195 1018 judican-

622 1050 723 1103 dus
761 1060 908 1102 stans
954 1048 1021 1100 ad
1067 1046 1298 1100 tribunal
1339 1044 1563 1107 Christi,
1597 1042 1782 1112 procul
1808 1056 1902 1095 vos
1926 1038 2111 1103 statis,
2141 1045 2197 1091 et

618 1140 787 1209 gratia
811 1148 986 1193 vestra
1013 1139 1063 1191 in
1092 1138 1311 1191 nihilum
1337 1135 1499 1199 cedit,
1522 1149 1607 1189 me
1632 1132 1887 1189 reddente
1908 1132 2189 1184 rationem.

620 1233 746 1288 llaec
763 1232 922 1287 verba
949 1232 1125 1286 omnia
1145 1238 1491 1298 corrumpunt
1517 1229 1810 1296 :Discedet,
1837 1226 2024 1296 inquit,
2052 1234 2104 1278 et
2125 1223 2193 1278 ad

619 1324 777 1378 aliant
818 1323 1063 1377 haeresim
1094 1321 1304 1376 deﬁciet
1332 1338 1346 1373 :
1375 1328 1457 1374 est
1492 1318 1786 1373 imbecillus
1816 1334 1829 1371 :
1859 1327 1909 1370 te
1939 1315 2190 1377 demitte,

619 1424 676 1471 et
701 1426 751 1469 te
779 1416 827 1471 ei
851 1414 1230 1485 aliquantisper
1253 1409 1615 1466 accommoda.
1638 1409 1755 1476 Quo
1776 1410 1978 1476 usque?
1999 1406 2189 1472 semel,

618 1520 674 1564 et
702 1509 782 1563 bis
802 1548 817 1572 ,
849 1515 904 1562 et
935 1517 1013 1560 ter
1033 1547 1049 1571 ,
1079 1521 1183 1559 non
1214 1513 1488 1573 perpetuo.
1521 1501 1661 1555 Ecce
1684 1514 1868 1554 rursus
1895 1496 2150 1552 denuntio
2170 1536 2186 1563 ,

616 1608 672 1653 et
699 1614 820 1653 cum
851 1598 1005 1652 beato
1043 1596 1205 1650 Paulo
1232 1601 1497 1663 protestor
1524 1611 1536 1645 :
1570 1590 1718 1659 Quod
1748 1591 1793 1644 si
1820 1603 2000 1643 rursus
2028 1602 2191 1642 vene-

620 1703 683 1743 ro
707 1730 724 1755 ,
758 1704 862 1744 non
892 1702 1102 1758 parcam
1134 1686 1218 1757 (2.
1248 1685 1365 1739 Cor.
1394 1686 1479 1739 l5.
1511 1683 1580 1754 2)
1611 1702 1623 1737 :
1653 1681 1862 1752 quando
1890 1689 2066 1735 autem
2096 1692 2191 1732 vos

615 1789 760 1835 recte
784 1780 1075 1850 gesseritis,
1106 1787 1230 1832 tunc
1254 1777 1434 1832 scietis
1459 1784 1713 1845 quantum
1742 1775 1966 1839 lucrum,
1994 1779 2191 1842 quanta

615 1870 685 1926 sit
713 1870 930 1925 utilitas.
962 1870 1118 1926 Certe
1148 1884 1277 1939 rogo
1304 1878 1359 1924 et
1384 1867 1629 1934 obsecro,
1660 1881 1835 1937 neque
1873 1880 2040 1936 genua
2066 1863 2188 1933 qui-

1320 477 1376 533 S.
1416 475 1691 532 JOANNIS
1727 469 2199 530 CllRYSOSTOMl
2241 458 2558 525 ARCHlEP.
2596 466 3128 525 CONSTANTINOP.
3669 492 3728 549 3”

2302 578 2424 635 dem
2449 591 2619 636 vestra
2651 582 2884 637 dubitem
2914 584 3307 653 apprchendere
3328 632 3347 654 ,
3369 601 3415 645 et
3440 610 3517 661 pro
3539 616 3586 653 eo
3606 614 3716 675 Supij

2300 688 2442 728 care.
2475 675 2605 742 Quae
2635 685 2716 730 est
2745 676 2860 731 lucc
2888 678 3156 742 mollities,
3186 696 3300 749 quac
3335 683 3526 753 deliciae,
3551 711 3634 760 qua:
3653 718 3713 756 ραι,

2256 833 2261 837 _
2302 764 2550 818 tumelia?
2592 768 2909 821 contumelia
2958 768 3100 821 enim
3146 780 3264 837 est,
3316 788 3411 827 non
3454 778 3624 838 deliciae.
3653 794 3725 853 Qu,

2297 858 2563 910 amentia?
2591 874 2708 927 quae
2749 859 2991 914 insania?
3031 860 3135 915 Tot
3176 877 3421 932 pauperes
3461 872 3730 937 circumsistunt

2299 946 2609 1017 ecclesiam;
2639 956 2693 1001 et
2720 958 2822 1002 tam
2854 950 3048 1004 multos
3073 951 3208 1005 ﬁlios
3236 953 3425 1010 habens
3462 958 3651 1029 Ecclesia,
3671 983 3731 1027 ιλω

2298 1034 2529 1102 divites,
2570 1039 2697 1092 nulli
2741 1040 2955 1109 pauperi
3002 1048 3175 1110 potest
3203 1058 3353 1113 opem
3392 1046 3735 1119 ferre;sedal'm

2298 1129 2511 1197 quidem
2540 1132 2725 1197 esurit,
2754 1132 2888 1187 alius
2912 1148 3037 1188 vero
3062 1144 3143 1189 est
3172 1136 3368 1201 ebrius,
3397 1141 3515 1196 alius
3538 1146 3577 1199 in
3598 1164 3733 1217 argent.

2297 1220 2495 1289 egerit,
2526 1220 2659 1275 alius
2703 1237 2769 1276 ne
2812 1238 3001 1291 panem
3038 1224 3251 1296 quidem
3285 1227 3435 1284 habet
3457 1249 3545 1301 quo
3565 1252 3732 1299 vescatur.

2297 1311 2549 1378 Quaanam
2575 1322 2655 1367 est
2681 1312 2795 1368 haec
2818 1315 3044 1382 insania,
3074 1332 3314 1387 quaenam
3340 1329 3471 1375 tanta
3498 1324 3735 1387 feritastll»

2295 1403 2365 1455 sit
2393 1411 2448 1455 ut
2473 1403 2542 1456 sit
2578 1403 2731 1457 nobis
2769 1403 3066 1459 iaciendum
3112 1408 3399 1477 periculum
3436 1412 3655 1473 ulciscendi
3682 1440 3733 1479 eos

2294 1497 2384 1563 qui
2414 1508 2518 1547 non
2545 1495 2833 1560 obediunt,
2868 1497 2940 1551 ita
2970 1506 3030 1552 ut
3056 1498 3415 1570 indignatione
3439 1508 3548 1559 moti
3572 1510 3654 1564 illos
3671 1518 3733 1581 pie-

2294 1595 2533 1651 ctamus;
2564 1588 2656 1641 sed
2689 1588 2930 1644 lubentes
2957 1600 3010 1645 et
3040 1593 3301 1660 patientes
3331 1594 3403 1649 illi
3436 1596 3533 1652 luet:
3553 1605 3734 1661 omniin»

2294 1689 2419 1733 eant
2445 1694 2459 1731 :
2491 1689 2548 1734 ut
2572 1680 2621 1734 in
2648 1681 2874 1750 gloriam
2900 1683 2993 1738 Dei
3022 1686 3286 1751 vivamus,
3313 1696 3368 1740 ut
3391 1704 3419 1741 a
3442 1692 3643 1761 supplicio
3657 1702 3734 1766 quod

2292 1770 2400 1825 illic
2424 1780 2507 1825 est
2535 1771 2821 1826 liberemur
2838 1815 2852 1838 ,
2886 1783 2940 1828 et
2980 1774 3115 1828 bona
3144 1791 3481 1845 assequamur
3506 1785 3733 1849 promissis

2292 1862 2381 1934 qui
2412 1864 2583 1933 ipsum
2607 1864 2851 1936 diligunt,
2881 1868 3049 1937 gratia
3072 1877 3128 1924 et
3149 1869 3482 1941 benignitate,
3503 1885 3587 1931 etc.

1919 2071 2266 2134 HOMILIA
2307 2072 2475 2133 VIII.

613 2220 741 2277 CAP.
768 2221 822 2276 ὅ.
852 2237 902 2273 v.
931 2220 985 2276 5.
1015 2219 1068 2272 Μ
1075 2220 1320 2289 ortiﬁcate
1343 2234 1461 2291 ergo
1482 2218 1701 2273 membra
1726 2227 1905 2283 vestra,
1933 2233 2046 2288 qua:
2068 2226 2185 2272 sunt

681 2329 832 2381 super
849 2322 1053 2373 terram,
1078 2311 1478 2383 fornicationem,
1496 2309 1885 2375 immunditiam,
1905 2307 2180 2373 libidinem,

680 2403 1131 2472 concupiscentiam
1160 2401 1366 2465 malam,
1395 2410 1441 2454 et
1466 2400 1749 2465 avaritiam,
1776 2416 1889 2468 qua!
1913 2409 1984 2453 est
2016 2400 2185 2453 idolo-

680 2511 794 2547 rum
816 2495 1024 2548 servitus
1048 2493 1134 2548 :6.
1162 2502 1365 2563 prapter
1387 2508 1500 2563 qua:
1522 2492 1651 2545 venit
1670 2492 1749 2545 ira
1769 2489 1866 2544 Dei
1884 2507 2033 2561 super
2050 2491 2184 2559 ﬁlios

678 2585 1037 2639 incredulitatis
1066 2600 1085 2638 :
1104 2585 1156 2638 7.
1184 2584 1237 2637 in
1260 2582 1438 2653 quibus
1461 2582 1751 2637 ambulastis
1772 2582 2045 2653 aliquando
2069 2599 2182 2637 cum

678 2679 899 2733 viveretis
924 2679 977 2732 in
1006 2677 1127 2732 illis.

680 2771 733 2824 l.
765 2770 888 2824 Scio
913 2769 1108 2823 multos
1128 2783 1247 2823 esse
1273 2767 1504 2822 oll'ensos
1523 2784 1584 2821 ea
1607 2783 1726 2837 quae
1750 2768 1886 2823 hanc
1912 2768 2183 2838 praecessit

606 2860 1024 2929 disceptatione;
1052 2858 1145 2913 sed
1173 2858 1297 2928 quid
1320 2862 1505 2929 agam?
1521 2859 1793 2913 audivistis
1811 2860 1935 2929 quid
1960 2861 2182 2929 jusserit

610 2952 881 3005 Dominus.
901 2951 1034 3004 Num
1052 2966 1149 3019 ego
1168 2966 1283 3005 sum
1304 2951 1495 3004 causa?
1512 2950 1637 3020 quid
1656 2950 1843 3006 faciant
1857 2952 1880 3004 ?
1894 2951 2007 3005 Non
2034 2951 2182 3006 vidc-

607 3045 674 3097 tis
701 3042 966 3111 quomodo
994 3043 1082 3112 qui
1110 3041 1347 3097 debitum
1376 3044 1613 3113 exigunt,
1632 3045 1676 3097 si
1698 3044 1904 3099 solvere
1930 3054 2182 3101 recusent

604 3134 877 3189 debitores
896 3175 911 3197 ,
943 3148 1035 3187 eos
1064 3134 1113 3201 in
1142 3134 1350 3187 vincula
1389 3133 1716 3203 conjiciunt?
1742 3135 2031 3190 Audivistis
2056 3135 2181 3206 quid

605 3223 764 3278 hodie
792 3224 1101 3278 exclamarit
1124 3224 1316 3279 Paulus
1342 3242 1354 3278 :
1392 3223 1709 3293 Mortiﬁcate,
1742 3226 1931 3296 inquit,
1962 3229 2182 3281 membra

604 3328 785 3381 vestra,
816 3332 929 3385 qua:
953 3327 1070 3369 sunt
1112 3333 1266 3386 super
1294 3326 1500 3382 terram,
1528 3316 1927 3387 fornicationem,
1958 3319 2179 3372 immun-

604 3407 799 3472 ditiam,
829 3405 1102 3471 libidinem,
1127 3407 1581 3477 concupiscentiam
1602 3407 1809 3473 malam,
1833 3418 1877 3462 et
1898 3411 2176 3476 avaritiam,

601 3515 714 3567 qua:
747 3508 816 3552 est
843 3499 1091 3552 idolorum
1126 3502 1353 3552 servitus.
1382 3498 1521 3566 Quid
1546 3509 1628 3553 est
1665 3499 1750 3553 illa
1781 3501 1998 3554 avaritia
2027 3500 2178 3555 dete-

602 3591 754 3645 rius?
787 3590 896 3645 [loc
922 3600 1006 3645 est
1047 3590 1260 3659 gravius
1305 3606 1465 3659 quam
1508 3590 1649 3661 quod
1678 3590 1917 3646 dicebam
1943 3634 1958 3659 ,
1989 3608 2179 3661 nempe

600 3681 863 3736 stoliditas
894 3681 978 3735 illa
1006 3681 1144 3735 circa
1186 3689 1487 3751 argentum,
1532 3679 1596 3734 Et
1638 3683 1931 3746 avaritiam,
1966 3683 2174 3753 inquit,

599 3790 712 3843 quae
730 3784 801 3829 est
826 3774 1077 3827 idolorum
1098 3774 1326 3827 servitus.
1357 3772 1559 3829 Videtis
1578 3773 1788 3829 ubinam
1818 3775 2010 3828 malum
2037 3775 2181 3829 desi-

602 3864 831 3920 nathe
851 3879 992 3935 aegre
1015 3864 1197 3919 feratis
1223 3882 1235 3917 :
1266 3879 1369 3919 non
1398 3865 1538 3919 enim
1570 3865 1756 3920 lubens
1777 3881 1946 3933 neque
1975 3874 2178 3921 temere

600 3957 722 4011 volo
750 3956 944 4011 habere
973 3955 1255 4019 inimicos;
1285 3955 1379 4011 scd
1409 3956 1568 4011 velim
1597 3972 1691 4011 vos
1714 3973 1779 4012 eo
1802 3959 1983 4014 venire
2009 3960 2177 4013 virtu-

602 4048 690 4113 tis,
722 4055 779 4101 ut
803 4061 902 4116 ego
927 4045 994 4100 de
1021 4045 1170 4100 vobis
1197 4046 1406 4100 audiam
1428 4062 1546 4116 qua:
1570 4056 1798 4117 oportet.
1818 4048 2175 4117 Quamobrem

601 4153 709 4192 non
753 4146 879 4192 sunt
918 4152 1037 4207 quae
1078 4137 1184 4191 dixi
1226 4138 1555 4193 auctoritatis
1596 4154 1769 4209 neque
1812 4140 2050 4210 imperii,
2080 4142 2175 4198 sed

601 4228 830 4284 tristitia:
855 4238 908 4284 ct
934 4227 1153 4283 doloris.
1188 4227 1465 4299 Ignoscite,
1500 4229 1755 4301 ignoscite
1787 4249 1800 4286 :
1833 4234 1956 4287 nolo
1981 4249 2066 4288 me
2096 4234 2175 4288 in-

598 4322 791 4377 decore
825 4337 1011 4393 gerere
1053 4320 1121 4376 de
1166 4322 1229 4375 iis
1261 4321 1530 4377 disserens
1550 4364 1565 4390 ,
1594 4322 1688 4378 sed
1722 4338 1901 4394 cogor.
1932 4323 2046 4379 Non
2080 4341 2174 4395 pro

598 4415 785 4469 dolore
815 4429 1103 4485 pauperum
1147 4412 1259 4468 haec
1285 4414 1439 4477 dico,
1476 4414 1568 4468 sed
1608 4430 1705 4485 pro
1746 4424 1919 4471 vestra
1958 4418 2127 4472 salute
2158 4440 2171 4475 :

600 4505 843 4573 peribunt
869 4505 1010 4559 enim
1031 4546 1044 4565 .
1074 4503 1319 4572 peribunt
1345 4504 1431 4574 qui
1458 4503 1729 4560 Christum
1768 4521 1872 4560 non
1904 4507 2168 4563 aluerunt.

599 4594 733 4662 Quid
756 4596 897 4648 enim
918 4636 931 4659 ,
962 4595 1006 4647 si
1044 4594 1142 4648 alis
1177 4594 1503 4663 pauperem?
1524 4594 1619 4650 sed
1645 4597 1895 4666 quamdiu
1922 4598 2000 4653 sic
2025 4599 2170 4653 luxui

597 4696 653 4741 et
685 4686 887 4740 deliciis
929 4685 1198 4754 indulges,
1229 4695 1349 4739 sunt
1385 4687 1564 4741 omnia
1608 4702 2023 4756 supervacanea.
2051 4690 2170 4745 Non

598 4778 740 4832 enim
766 4778 1019 4847 qumritt‘tr
1048 4779 1280 4832 multane
1309 4778 1519 4839 dederis
1542 4819 1555 4842 ,
1589 4780 1684 4835 sed
1719 4797 1844 4836 num
1876 4783 2051 4838 minus
2078 4783 2174 4838 de-

598 4870 741 4924 deris
769 4884 925 4939 quam
962 4868 1133 4923 lerant
1162 4868 1438 4925 facultates
1463 4888 1475 4923 :
1504 4870 1606 4926 hoc
1640 4872 1780 4927 enim
1810 4884 1892 4928 est
1917 4860 2169 4929 ludentis.

602 4960 904 5029 Mortiﬁcate
926 4976 1064 5029 ergo,
1095 4960 1282 5029 inquit,
1306 4960 1526 5013 membra
1550 4972 1730 5029 vestra,
1752 4979 1863 5032 qua:
1878 4974 1993 5019 sunt
2017 4982 2174 5036 supra

597 5062 801 5105 terram.
831 5049 965 5115 Quid
996 5048 1160 5102 dicis?
1198 5062 1376 5103 nonne
1413 5059 1465 5103 tu
1505 5050 1679 5104 dixisti
1711 5070 1723 5105 :
1756 5052 1958 5121 Sepulti
2000 5056 2131 5110 estis
2153 5096 2168 5121 ,

595 5140 891 5209 consepulti
914 5140 1061 5204 estis,
1086 5140 1384 5195 cirCumcisi
1408 5141 1554 5207 estis,
1579 5143 1819 5197 exuimus
1841 5159 2032 5212 corpus
2058 5161 2174 5214 pec-

593 5242 832 5287 catorum
854 5231 1029 5286 carnis
1056 5230 1230 5301 (Rom.
1261 5231 1313 5284 6.
1341 5232 1396 5285 4.
1437 5230 1549 5286 Col.
1576 5233 1631 5286 2.
1660 5234 1746 5287 ll.
1776 5243 1821 5287 et
1843 5236 1893 5289 '5.
1922 5235 2018 5304 9)?
2042 5251 2173 5305 quo-

596 5324 755 5379 modo
785 5338 913 5393 ergo
950 5337 1137 5377 rursus
1160 5322 1324 5387 dicis,
1356 5322 1662 5392 Mortiﬁcate
1682 5326 1707 5378 .7
1731 5324 1807 5379 Ne
1837 5325 1987 5379 ludas
2017 5343 2028 5378 :
2057 5326 2171 5382 haec

595 5418 728 5471 dicis
754 5432 817 5471 ac
856 5416 899 5471 si
942 5418 1055 5471 haec
1083 5416 1190 5471 sint
1227 5416 1279 5471 in
1309 5416 1502 5471 nobis?
1530 5417 1643 5471 Non
1680 5428 1762 5472 est
1787 5418 2133 5474 contradictio
2152 5459 2169 5485 ,

591 5510 687 5565 sed
718 5508 859 5563 velut
881 5508 925 5561 si
951 5509 1068 5578 quis
1087 5523 1208 5561 cum
1233 5523 1263 5561 a
1286 5507 1534 5562 sordibus
1556 5509 1895 5565 abstersisset
1919 5520 2167 5576 statuam,

594 5602 674 5654 vel
717 5601 889 5669 potius
916 5614 1034 5653 eam
1063 5599 1239 5653 denuo
1270 5600 1488 5655 fudisset
1514 5610 1567 5654 ct
1592 5600 1914 5667 conﬂasset,
1945 5617 2170 5671 eantque

593 5690 660 5744 de
705 5690 908 5760 integro
950 5690 1235 5760 fulgentem
1276 5691 1594 5747 reddidisset
1630 5702 1684 5747 ct
1723 5693 1941 5747 nitidam
1966 5736 1981 5760 ,
2028 5693 2170 5749 dicat

594 5780 806 5850 quidem
846 5797 965 5838 esse
1000 5797 1211 5837 exesam
1242 5792 1294 5837 et
1325 5783 1544 5851 periisse
1583 5784 1912 5853 rubiginem,
1946 5786 2167 5841 suadeat

592 5881 767 5926 autem
797 5888 979 5928 rursus
1002 5887 1215 5941 operam
1243 5872 1389 5942 dare,
1418 5884 1475 5929 ut
1504 5874 1796 5945 deponatur
1824 5876 2023 5948 rubigo,
2058 5894 2162 5935 non

2292 2216 2461 2271 utitur
2488 2219 2907 2279 contradictione
2940 2241 2954 2278 :
2984 2240 3089 2281 non
3118 2228 3261 2283 enim
3302 2245 3454 2301 quam
3490 2235 3737 2296 absterritu-

2290 2308 2543 2401 biginem,
2574 2311 2668 2367 sed
2697 2329 2817 2384 qua:
2854 2327 3036 2386 postea
3067 2320 3394 2391 adnascitur,
3422 2328 3583 2383 suadet
3600 2332 3737 2401 depone-

2290 2414 2368 2453 re.
2401 2399 2493 2455 Sic
2521 2417 2694 2473 neque
2731 2406 3127 2474 priorem'dicit
3163 2415 3622 2484 mortiﬁcationem,

2291 2490 2406 2545 illas
2426 2491 2823 2563 fornicationes,
2845 2500 2939 2555 sed
2956 2517 3075 2571 quae
3096 2514 3278 2573 postea
3301 2508 3554 2563 accedunt.
3570 2511 3644 2567 Sed

2289 2583 2532 2653 inquiunt
2566 2586 2804 2644 haeretici
2827 2631 2841 2655 ,
2869 2607 2954 2647 res
2993 2604 3203 2651 creatas
3243 2597 3439 2655 Paulus
3464 2603 3736 2660 calumniam:

2287 2674 2421 2730 dixit
2445 2678 2586 2732 enim
2614 2682 2876 2750 superius,
2910 2684 3039 2751 Qua:
3060 2704 3257 2743 sursum
3287 2702 3405 2745 sunt
3428 2697 3582 2764 sapite,
3602 2715 3738 2764 mea

2287 2782 2438 2837 super
2468 2777 2689 2835 terram;
2717 2788 2900 2828 rursus
2928 2775 3093 2843 dicit,
3122 2776 3432 2848 Mortiﬁcate
3456 2787 3631 2839 mmbra
3650 2802 3738 2842 tam

2286 2875 2399 2929 qua
2437 2872 2555 2915 sunt
2590 2880 2743 2933 super
2776 2875 2977 2922 terram.
3008 2868 3112 2926 Sed
3142 2872 3273 2928 illud
3296 2918 3309 2941 ,
3342 2876 3737 2945 51111671!”ka

2286 2950 2547 3021 signiﬁcat
2570 2966 2867 3023 peccatum,
2901 2974 2999 3015 nec
3029 2976 3115 3017 res
3139 2975 3355 3021 creatas
3381 2968 3737 3026 calumniantes:

2286 3042 2428 3097 enim
2458 3059 2520 3098 ea
2547 3061 2664 3115 qua:
2692 3062 2856 3118 super
2882 3058 3079 3108 terram
3120 3067 3244 3111 sunt
3279 3070 3430 3114 vocat
3468 3070 3737 3130 peccata,sive

2285 3134 2426 3203 quod
2448 3151 2512 3190 ex
2539 3146 2745 3193 terrena
2768 3143 3090 3212 cogitatione
3109 3158 3162 3202 et
3184 3148 3234 3203 in
3265 3160 3410 3207 terra
3436 3158 3736 3223 pauentum

2284 3226 2426 3294 quod
2456 3237 2763 3297 peccatores
2791 3241 3034 3290 terrenos
3063 3252 3182 3293 esse
3212 3243 3509 3300 ostendant.
3535 3244 3736 3299 Ponite:-

2285 3332 2396 3369 nem
2420 3357 2435 3383 ,
2470 3318 2879 3390 immunditiam,
2921 3326 3109 3397 inquit.
3140 3330 3244 3386 Res
3275 3336 3591 3401 praetermisit
3608 3351 3735 3405 quasve

2284 3407 2563 3466 honestum
2602 3413 2813 3482 quidem
2861 3426 2943 3472 est
2982 3419 3195 3486 dicere,
3239 3433 3299 3477 et
3340 3440 3435 3494 per
3475 3427 3735 3480 immunditiis

2282 3501 2460 3555 omnia
2499 3503 2750 3559 ostendit.
2797 3504 3115 3577 Libidinem,
3162 3512 3376 3581 inqttit,
3417 3517 3738 3585 concupiscatis

2282 3589 2490 3645 malam.
2519 3592 2654 3648 Ecce
2681 3603 2847 3651 totum
2874 3597 3007 3653 dixit
3032 3601 3082 3654 in
3107 3618 3306 3671 genere
3336 3624 3350 3659 :
3375 3608 3539 3659 omnia
3558 3608 3659 3661 enim
3674 3619 3738 3658 stat

2281 3681 2421 3735 mala
2449 3684 2711 3753 cupiditas
2735 3728 2748 3750 ,
2783 3688 2974 3743 invidia
2996 3731 3011 3755 ,
3049 3691 3124 3746 ira
3146 3734 3160 3753 .
3194 3694 3429 3749 tristitia.
3461 3696 3522 3750 Et
3550 3699 3737 3755 mea.

2282 3769 2472 3840 inquit,
2500 3789 2615 3843 qua:
2638 3785 2712 3830 est
2736 3776 2987 3833 idolorum
3006 3782 3235 3837 servitus.
3272 3784 3488 3857 Propter
3504 3804 3595 3856 qua
3609 3789 3738 3841 vetiti:

2281 3860 2379 3917 Dei
2407 3880 2560 3935 super
2583 3868 2718 3936 ﬁlios
2744 3870 3131 3928 incredulitatis.
3162 3875 3266 3931 Per
3293 3880 3458 3933 multa
3482 3895 3564 3934 eos
3583 3878 3735 3933 abduxit:

2280 3968 2376 4023 per
2401 3969 2462 4009 ea
2492 3971 2611 4026 quae
2640 3958 2851 4015 luerunt
2876 3961 3171 4031 beneficia;
3202 3982 3302 4036 per
3328 3970 3465 4024 mala
3492 3970 3739 4037 tutumqu-

2278 4045 2381 4100 bus
2408 4061 2593 4103 sumus
2621 4049 2830 4106 liberati
2854 4069 2870 4117 ;
2898 4055 3113 4122 quinam
3141 4072 3262 4113 cum
3291 4076 3541 4127 essemus,
3563 4072 3735 4130 etqaat't:

2278 4147 2334 4192 et
2358 4141 2533 4195 omnia
2562 4142 2685 4208 illa;
2716 4154 2803 4209 ut,
2829 4147 3045 4216 quinam
3073 4148 3364 4219 fuerimus,
3396 4163 3449 4209 et
3474 4155 3520 4209 in
3545 4155 3737 4225 quibusw

2277 4231 2417 4298 quod
2444 4231 2513 4286 ab
2539 4233 2616 4287 eis
2642 4234 2808 4290 simus
2833 4237 3062 4307 liberati,
3094 4256 3199 4312 quo
3228 4255 3389 4313 pacto
3411 4256 3464 4302 et
3489 4243 3737 4317 quomoda!l

2280 4332 2495 4393 propter
2517 4339 2656 4393 qum.
2688 4325 2813 4382 Haec
2842 4328 3110 4385 sufﬁciunt
3133 4332 3198 4387 ad
3224 4336 3562 4393 avertendum
3582 4336 3668 4391 :sed
3684 4338 3735 4386 δα

2278 4422 2360 4468 est
2400 4416 2637 4471 omnium
2685 4418 3209 4478 vehementissimum
3235 4466 3250 4489 ,
3291 4427 3440 4482 dictu
3478 4426 3643 4498 quidem
3662 4426 3733 4490 in}?

2277 4504 2528 4573 cundum,
2560 4522 2662 4561 non
2696 4518 2872 4565 tamen
2907 4512 3113 4579 inutile,
3144 4514 3238 4570 sed
3268 4518 3433 4572 etiam
3459 4518 3587 4572 utile.
3610 4513 3734 4581 Protin

2277 4613 2407 4667 quia,
2436 4599 2624 4669 inquit,
2647 4603 2777 4655 venit
2798 4603 2875 4656 ira
2895 4603 2992 4658 Dei
3009 4623 3158 4676 super
3176 4609 3314 4677 ﬁlios
3336 4611 3651 4665 incredulitatis
3670 4606 3733 4660 Nan

2276 4688 2446 4756 dixit,
2469 4690 2639 4761 Super
2668 4708 2762 4747 vos
2781 4734 2794 4757 ,
2824 4695 2916 4749 sed
2938 4737 2953 4761 ,
2984 4696 3152 4767 Super
3193 4700 3331 4767 ﬁlios
3374 4693 3733 4756 incredulitatis!!!

2277 4781 2453 4852 quibus
2479 4784 2769 4840 ambulastis
2796 4787 3091 4857 aliquando,
3121 4807 3232 4843 cum
3262 4793 3491 4847 viveretis
3516 4796 3558 4846 in
3576 4792 3647 4843 ῑιβί.
3667 4786 3733 4839 Pu-

2277 4873 2459 4928 dorem
2491 4874 2755 4932 incutiens
2779 4877 2926 4944 dicit,
2958 4878 3083 4934 Cum
3109 4882 3337 4937 viveretis
3367 4886 3419 4938 in
3448 4878 3734 4946 illiusmlel

2276 4982 2395 5021 cum
2427 4967 2599 5035 laude,
2630 4979 2687 5023 ut
2711 4971 2797 5040 qui
2829 4987 2968 5027 nunc
2997 4988 3103 5027 non
3129 4974 3307 5030 vivant
3336 4978 3389 5031 in
3419 4978 3515 5031 illis
3536 4996 3546 5027 :
3567 4971 3734 5028 tundier-

2277 5058 2366 5112 bat
2392 5060 2461 5113 ita
2490 5060 2654 5131 loqui.
2679 5062 2731 5116 8.
2764 5062 2916 5117 Nunc
2943 5077 3109 5119 autem
3129 5068 3366 5137 deponite
3389 5082 3437 5123 et
3463 5086 3539 5123 vos
3561 5060 3733 5121 omnii-El

2278 5150 2523 5206 universe
2566 5167 2779 5222 semper
2807 5154 2934 5209 dicit
2959 5166 3012 5211 et
3039 5157 3306 5227 sigillatim
3341 5178 3355 5213 :
3388 5161 3497 5214 haec
3521 5166 3731 5213 summa

2277 5256 2344 5296 ex
2370 5241 2583 5297 ali'ectn.
2625 5241 2768 5296 Iram
2788 5287 2803 5311 ,
2840 5246 3231 5317 indignationem
3250 5292 3265 5316 ,
3298 5250 3562 5311 malitiam,
3588 5245 3732 5305 blame"

2276 5335 2449 5399 miam,
2479 5344 2673 5404 turpem
2699 5353 2975 5393 sermonem
3004 5340 3065 5394 de
3099 5358 3183 5395 ore
3210 5353 3395 5398 vestro.
3428 5344 3477 5398 9.
3509 5342 3643 5396 Nolite
3660 5352 3736 5385 ωτι·

2277 5424 2360 5476 tiri
2383 5424 2607 5478 invicem.
2638 5424 2861 5497 Turpem
2886 5446 3195 5498 sermonem,
3223 5433 3429 5503 inquit,
3454 5450 3512 5487 ex
3532 5448 3600 5485 ore
3619 5438 3735 5483 tam.

2275 5531 2395 5570 cum
2425 5517 2687 5587 emphasi,
2715 5522 2961 5590 quoniam
2993 5523 3041 5576 id
3071 5526 3299 5579 maculat
3324 5535 3382 5579 et
3406 5527 3587 5595 polluit.
3614 5519 3739 5579 Em?

2275 5608 2454 5663 liantes
2494 5626 2579 5663 vos
2622 5622 2833 5665 veterem
2882 5614 3128 5667 hominem
3162 5633 3272 5668 cum
3299 5616 3490 5668 actibus
3512 5615 3622 5675 suis,
3645 5608 3737 5660 NW-

2274 5700 2535 5754 induentes
2561 5719 2764 5768 novum,
2793 5721 2904 5757 eum
2929 5707 3015 5774 qui
3037 5718 3298 5761 renovatur
3320 5708 3373 5761 in
3402 5708 3656 5778 agnitionem
3672 5698 3739 5755 θεν

2275 5792 2549 5844 secundum
2591 5794 2857 5865 imaginem
2894 5800 3001 5865 ejus
3025 5798 3111 5865 qui
3136 5800 3317 5853 creavit
3344 5815 3471 5852 cum.
3501 5798 3648 5865 Operi?
3667 5802 3739 5858 Pii“

2274 5880 2402 5937 tium
2432 5892 2513 5938 est
2551 5883 2635 5939 hic
2674 5902 2910 5956 qumrerc
2939 5904 3035 5944 cur
3069 5891 3298 5947 membra
3322 5933 3337 5960 ,
3367 5902 3420 5947 et
3456 5892 3694 5946 hominem.
3714 5888 3742 5931 tl
