3874 6514
126 544 266 597 Ἰδοὺ
294 545 590 614 παρεγγυῶ
616 545 798 611 πάλιν,
833 547 927 601 καὶ
954 548 1392 622 διαμαρτύρομαι
1430 555 1571 610 κατά
1602 555 1694 610 τὸν

115 633 393 701 μακάριον
409 633 638 701 Παῦλον,
661 635 742 687 δτι
769 635 836 688 ἂν
856 635 996 691 ἔλθω
1023 640 1102 702 εἰς
1128 638 1188 691 τὸ
1217 640 1399 703 πάλιν,
1421 641 1482 694 ού
1513 644 1695 711 φείσο-

113 737 249 787 μαι·
286 720 415 772 ὅταν
436 721 492 773 δὲ
523 721 930 793 κατορθώσητε,
955 724 1073 776 τότε
1111 726 1321 779 είσεσθε
1349 728 1472 781 ὅσον
1489 730 1548 783 τὺ
1576 730 1695 801 κέρ-

108 807 225 873 δος,
250 810 353 880 ὅση
384 812 418 881 ή
458 810 715 879 ὠφέλεια.
764 812 893 876 Ναὶ,
944 815 1250 884 παρακαλῶ
1277 818 1372 869 καὶ
1405 819 1691 887 ἀντιϐολῶ,

108 900 210 952 καὶ
242 901 349 953 τῶν
372 902 615 967 γονάτων
636 902 734 954 οὐκ
754 902 819 955 ἂν
844 904 1291 975 παραιτησαίμην
1313 905 1576 975 ἅψασθαι,
1599 910 1694 963 καὶ

110 987 403 1057 ἱκετηρίαν
436 988 609 1042 θεῖναι
644 988 785 1060 ὑπὲρ
818 989 1030 1044 τούτου,
1069 991 1166 1054 Τίς
1197 993 1230 1060 ή
1258 992 1514 1062 βλακεία;
1543 996 1626 1059 τίς
1655 998 1689 1068 ἠ

51 1120 69 1155 ι
104 1076 335 1147 τρυφή;
369 1076 455 1139 τίς
497 1076 531 1146 ἠ
566 1075 759 1146 ῦ6ρις;
816 1078 878 1130 ού
930 1078 1109 1149 τρυφὴ
1140 1079 1319 1144 τοῦτο,
1366 1080 1480 1133 ἀλλ’
1511 1081 1686 1155 ὕϐρις.

102 1164 210 1227 Τίς
254 1166 287 1234 ή
350 1164 545 1229 ἄνοιας
610 1164 694 1227 τίς
742 1166 774 1235 ἡ
814 1165 1016 1236 μανία;
1056 1167 1296 1238 Πένητες
1321 1169 1563 1223 τοσοῦτοι
1590 1172 1691 1243 τὴν

103 1252 407 1323 ἐκκλησίαν
440 1254 855 1328 περιεστήκασι,
909 1255 1004 1308 καὶ
1030 1256 1197 1309 τέκνα
1222 1256 1420 1327 ἔχουσα
1447 1259 1691 1314 τοσαῦτα

102 1342 138 1409 ἡ
164 1340 484 1413 Ἐκκλησία,
507 1340 651 1395 οὕτω
675 1341 1027 1405 πλουτοῦντα,
1051 1343 1222 1396 οὐδενὶ
1252 1344 1444 1415 πένητι
1475 1346 1691 1416 ἐπαμῦ-

101 1444 199 1480 ναι
218 1428 471 1484 δύναταιο
502 1430 616 1483 ἀλλ’
665 1430 693 1482 6
740 1428 840 1499 μὲν
870 1431 1051 1501 πεινᾷ,
1083 1430 1112 1482 6
1152 1431 1210 1484 δὲ
1237 1430 1454 1502 μεθύει·
1503 1434 1533 1486 ὁ
1587 1432 1689 1504 μὲν

1029 436 1095 491 ΙΝ
1127 436 1342 494 EPIST.
1364 440 1457 494 AD
1475 439 1763 501 COLOSS.
1803 446 1954 503 CAP.
1988 448 2074 525 ΙΙΙτ
2103 449 2338 504 ΠΟΜΙΙ..
2366 451 2501 507 VIII.

3256 464 3361 520 552

1796 563 1888 615 καὶ
1911 564 1968 615 ἐν
1991 563 2218 636 ἀργύρῳ
2260 566 2547 631 ἀποπατεῖ,
2582 567 2611 619 6
2659 568 2718 622 δὲ
2761 568 2883 623 οὐδὲ
2915 570 3080 642 ἄρτου
3126 574 3357 645 μετέχει.

1796 650 1892 713 Τίς
1924 652 1958 720 ἡ
2013 652 2215 720 μανίας
2250 652 2332 717 τίς
2380 655 2413 724 ἡ
2451 654 2776 726 θηριωδίαή
2828 659 3100 728 τοσαύτη;
3152 661 3363 715 Γένοιτο

1796 734 1875 805 μὴ
1907 736 2080 789 ἐλθεῖν
2107 739 2256 807 ἡμᾶς
2295 740 2375 801 είς
2416 739 2514 809 τὴν
2544 744 2739 813 πεῖραν
2766 744 2861 796 τοῦ
2901 745 3207 813 ἐπεξελθεῖν
3249 753 3361 812 τοῖς

1794 823 2101 889 ἀπειθοῦσι,
2130 826 2262 897 μηδέ
2302 828 2381 891 είς
2421 829 2797 900 ἀγανάκτησιν
2818 833 2913 886 τοῦ
2943 835 3119 889 ταῦτα
3144 838 3364 907 ἐπιτρέ⁴

1794 911 1894 982 ψαι
1912 924 1961 979 ει,
1983 914 2097 967 ἀλλ’
2114 914 2337 978 ἑκόντας
2354 916 2450 969 καὶ
2476 917 2832 988 ἀνεχομένους
2857 922 3028 975 ταῦτα
3058 925 3235 978 πάντα
3261 942 3361 977 πε-

1796 999 2088 1069 ριστεῖλαιο
2128 1002 2215 1054 ἴνα
2244 1002 2321 1065 είς
2346 1002 2503 1067 δόξαν
2538 1003 2633 1056 τοῦ
2668 1006 2803 1059 Θεοῦ
2834 1008 3109 1080 ζήσωμεν,
3146 1012 3360 1082 καὶτῆς

1791 1090 1909 1143 ἐκεῖ
1937 1090 2210 1155 κολάσεως
2238 1091 2664 1163 ἀπαλλαγῶμεν,
2685 1096 2904 1151 καὶτῶν
2933 1100 3360 1171 ἐπηγγελμένων

1790 1177 2012 1246 ἀγαθῶν
2060 1181 2173 1243 τοῖς
2206 1179 2493 1246 ἀγαπῶσιν
2548 1181 2713 1235 αὐτὸν
2767 1182 3136 1257 ἐπιτύχωμεν,
3175 1188 3360 1261 χάριτι

1791 1266 1885 1320 καὶ
1908 1266 2306 1339 φιλανθρωπίᾳ.

1855 1438 1883 1467 ⁸
1907 1436 2047 1487 Idem
2069 1434 2244 1497 legere
2258 1432 2404 1497 jubet
2427 1434 2490 1495 μή
2514 1434 2775 1499 ἐπιτρέψαι.

1549 1817 1793 1873 ΟΜΙΛΙΔ
1830 1817 1914 1874 δ’.

91 1992 456 2062 Νεκρὼσατε
501 1993 575 2048 τὰ
604 1993 763 2063 μέλη
802 1992 970 2064 ὑμῶν
995 1995 1067 2049 τὰ
1092 1993 1193 2049 ἐπὶ
1216 1994 1326 2062 τῆς
1355 1993 1491 2063 τῆς,
1536 2008 1679 2064 πορο

168 2064 367 2133 νείαν,
418 2062 817 2131 ἀκαθαρσίαν,
839 2062 850 2064 ἡ
869 2063 1080 2130 πάθος,
1112 2062 1435 2133 ἐπιθυμίαν
1460 2062 1675 2130 κακὴν,

166 2133 270 2187 καὶ
299 2132 414 2200 τὴν
436 2133 816 2198 πλεονεξίαν,
848 2134 983 2201 ἥτις
1008 2135 1183 2188 ἐστίν
1199 2132 1675 2202 εἰδωλολατρεία,

166 2204 245 2273 δι’
270 2202 312 2257 ἆ
334 2204 569 2271 ἔρχεται
612 2204 651 2270 ἡ
702 2203 998 2273 ὀργὴλτοῦ
1027 2204 1175 2258 Θεοῦ
1204 2204 1304 2258 ἐπὶ
1330 2204 1473 2270 τοὺς
1507 2203 1677 2273 υίοὺς

164 2272 283 2342 τῆς
308 2342 317 2345 Α
345 2269 789 2345 ἇέέειθεζαφέν
817 2269 909 2345 οἷς
955 2275 1054 2327 καὶ
1109 2274 1280 2345 ὑμεῖς
1322 2269 1675 2345 περιεπατή-

163 2342 320 2398 σατέ
353 2359 518 2411 ποτε,
544 2342 642 2397 ὅτε
674 2342 841 2412 ἐζῆτε
871 2344 941 2398 ἐν
973 2342 1195 2411 αὐτοῖς.

169 2496 242 2544 α’.
266 2486 399 2543 Οἶδα
426 2488 651 2553 πολλοὺς
671 2489 1143 2559 ἀπεχθανομένους
1165 2491 1223 2544 ἐν
1250 2494 1317 2563 τῇ
1344 2490 1449 2562 πρὸ
1471 2490 1676 2561 ταύτης

85 2572 361 2638 διαλέξει·
422 2572 557 2626 ἀλλά
611 2574 665 2627 τί
716 2573 912 2637 πάθω;
960 2574 1233 2645 ἠκούσατε
1268 2574 1322 2626 τί
1356 2572 1616 2637 ἐπέταξεν
1645 2575 1674 2626 6

84 2658 393 2728 Δεσπότης.
430 2658 520 2727 Μὴ
569 2657 679 2726 γὰρ
726 2656 837 2725 ἐγὼ
889 2657 1100 2722 αἷτιος;
1147 2658 1200 2710 τί
1254 2659 1503 2727 ποιήσω;
1562 2658 1673 2729 Οὐχ

81 2742 253 2809 ὁρᾶτε
276 2741 408 2803 τοὺς
439 2739 824 2803 ἀπαιτοῦντας,
847 2740 975 2794 ὅταν
1006 2740 1394 2809 άγνωμονῶσιν
1426 2742 1476 2794 οί
1509 2740 1674 2794 ὑπεύ-

83 2824 263 2888 θυνοι,
305 2822 424 2886 πῶς
456 2821 613 2875 κλοιὰ
646 2821 859 2887 τούτοις
911 2823 1326 2893 περιτιθέασιν;
1372 2823 1671 2877 Ἠκούσατε

78 2909 136 2959 τί
168 2908 418 2978 σήμερον
462 2908 491 2959 6
541 2905 751 2971 Παῦλος
785 2907 947 2972 ἐ66α;
1002 2905 1375 2974 Νεκρὼσατε,
1409 2909 1562 2978 φησὶ,
1600 2909 1672 2963 td

80 2990 250 3059 μέλη
296 2989 461 3059 ὑμῶν
492 2989 563 3043 τὰ
585 2987 732 3062 [580]
767 2990 863 3043 ἐπὶ
899 2990 1009 3057 τῆς
1038 2989 1170 3059 γῆς,
1202 2993 1505 3059 πορνείαν,
1529 2993 1672 3047 ἀκα-

78 3074 371 3140 θαρσίαν,
399 3072 608 3139 πάθος,
628 3074 947 3143 ἐπιθυμίαν
968 3069 1302 3139 κακὴν,’καί
1321 3074 1436 3139 τὴν
1460 3078 1671 3129 πλεονο

88 3157 301 3220 εξίαν,
351 3156 480 3224 ἣτις
510 3157 685 3210 ἐστὶν
720 3156 1196 3224 είδωλολατρεία.
1238 3156 1303 3208 Τί
1351 3156 1450 3227 τῆς
1482 3159 1667 3210 τοιαύ-

74 3256 193 3310 της
224 3238 535 3303 πλεονεξίας
558 3242 771 3311 χεῖρον;
805 3239 974 3292 Τοῦτο
1005 3238 1305 3313 βαρύτερον
1341 3233 1514 3310 οῦπερ
1546 3241 1667 3294 ἕλε-

74 3340 206 3390 γον,
247 3325 283 3392 ἠ
316 3324 481 3392 μανία
510 3324 662 3394 καὶὴ
714 3322 941 3393 βλακεία
988 3324 1020 3393 ἡ
1078 3323 1205 3393 περὶ
1251 3323 1509 3393 ἄργυρον.
1557 3324 1666 3378 Καὶ

73 3406 201 3473 τὴν
216 3406 601 3469 πλεονεξίαν,
630 3405 817 3477 φησὶν,
842 3406 975 3473 ἥτις
995 3405 1167 3460 ἐστίν
1187 3406 1661 3475 εὶδωλολατρείαο

72 3490 250 3560 ὁρᾶτε
290 3489 394 3542 ποῦ
436 3489 498 3543 τὸ
530 3489 699 3543 κακὸν
726 3489 985 3558 τελευτᾷ;
1022 3489 1113 3561 Μὴ
1156 3490 1219 3561 δὴ
1256 3490 1621 3562 δυσχεράνητε
1647 3510 1660 3523 ·

70 3573 139 3625 οὐ
173 3572 292 3641 γὰρ
322 3572 465 3625 ἑκὼν
497 3572 616 3626 οὐδὲ
651 3571 838 3635 ἁπλῶς
870 3573 1098 3643 ἐχθροὺς
1145 3572 1288 3643 ἔχειν
1334 3573 1491 3638 θέλω,
1547 3574 1662 3627 ἀλλ’

70 3655 389 3725 ἐϐουλόμην
417 3656 561 3726 ὑμᾶς
589 3658 670 3718 εἰς
701 3656 857 3709 τοῦτο
881 3656 1079 3726 ἀρετῆς
1103 3657 1278 3727 ήκειν,
1304 3657 1379 3719 ὡς
1403 3658 1503 3726 ἐμὲ
1532 3657 1662 3729 παρ’

72 3740 239 3811 ὑμῶν
268 3740 490 3793 ἀκούειν
520 3740 588 3793 τά
609 3740 816 3792 δέοντα.
846 3740 1009 3793 ’Ὢστε
1047 3740 1146 3793 ούκ
1179 3740 1466 3805 αύθεντίας
1515 3744 1661 3795 ἐστὶν

68 3825 201 3879 οὐδὲ
230 3824 567 3895 ἀξιώματος,
600 3823 715 3877 ἀλλ’
768 3823 962 3894 ὀδύνης
1016 3824 1113 3877 καὶ
1156 3824 1469 3893 ἀλγηδόνος.
1524 3826 1662 3895 Σύγ-

68 3908 257 3977 γνωτέ
291 3926 410 3985 μοι,
466 3906 778 3976 σύγγνωτε*
834 3906 897 3959 οὐ
946 3906 1084 3960 θέλω
1136 3908 1466 3978 ἀσχημονεῖν
1519 3909 1660 3981 ὑπὲρ

66 3992 340 4047 τοιούτων
371 3991 775 4062 διαλεγόμενος,
801 3990 914 4044 ἀλλ’
947 3990 1348 4062 ἀναγκάζομαι.
1378 3993 1489 4062 Οὐχ
1516 3992 1659 4065 ὑπὲρ

66 4078 177 4147 τῆς
215 4075 327 4128 τῶν
356 4075 606 4145 πενήτων
635 4073 825 4142 ὀδύνης
852 4074 1025 4128 ταῦτα
1050 4075 1211 4142 λέγω,
1243 4075 1359 4128 ἀλλ’
1393 4076 1532 4146 ὑπὲρ
1558 4079 1659 4147 τῆς

68 4157 355 4229 ὑμετέρας
388 4157 662 4225 σωτηρίας
683 4173 697 4188 ·
734 4156 1060 4210 ἀπολοῦνται
1101 4158 1230 4228 γὰρ,
1257 4158 1580 4212 ἀπολοῦνται
1605 4160 1662 4219 οἱ,

71 4242 156 4313 μὴ
185 4241 489 4312 θρέψαντες
514 4240 606 4294 τὸν
637 4242 890 4311 Χριστόν.
918 4240 983 4292 Τί
1013 4240 1142 4312 γάρ,
1169 4242 1218 4293 εί
1242 4241 1461 4312 τρέφεις
1489 4242 1657 4312 πένη-

64 4342 183 4390 τας
216 4324 335 4377 ἀλλ’
364 4323 467 4387 ἓως
500 4322 568 4375 ἂν
595 4323 738 4377 οῦτω
778 4324 1056 4395 σπαταλᾷς
1094 4325 1189 4377 καὶ
1237 4325 1378 4379 οὕτω
1419 4329 1651 4397 τρυφᾷς,

70 4407 269 4459 πάντα
301 4407 543 4476 περιττά.
596 4407 671 4459 Ού
722 4407 830 4477 γὰρ
859 4407 918 4459 τὸ
966 4405 1150 4460 δοῦναι
1176 4410 1418 4477 ζητεῖται
1458 4409 1649 4472 πολλὰ,

74 4490 228 4543 ἀλλά
254 4489 314 4540 τὸ
347 4490 421 4558 μὴ
471 4489 685 4543 ἔλαττον
711 4490 809 4559 τῆς
848 4489 1056 4552 οἰκείας
1089 4490 1276 4553 οὐσίας
1297 4507 1310 4521 ’
1341 4490 1500 4544 τοῦτο
1544 4495 1651 4564 γὰρ

72 4572 377 4636 παίζοντός
412 4573 542 4627 ἐστι.
592 4572 943 4641 Νεκρώσατε
994 4569 1109 4628 οὖν
1161 4573 1232 4627 td
1274 4574 1433 4643 μέλη
1466 4574 1649 4643 ὑμῶν,

68 4658 271 4727 φησὶν,
306 4656 377 4710 τὰ
403 4657 499 4711 ἐπὶ
522 4656 631 4725 τῆς
662 4644 794 4727 γῆςξ
831 4658 896 4710 Τί
922 4658 1103 4723 λέγεις
1129 4674 1143 4722 ;
1172 4658 1232 4711 οὐ
1260 4660 1324 4712 σὺ
1359 4653 1541 4727 εἶπας,
1566 4661 1651 4714 ὅτι

79 4743 398 4810 Ἒτάφητε;
443 4742 522 4793 ὃτι
558 4741 927 4813 Συνετάφητε;
958 4742 1040 4794 ὃτι
1079 4742 1518 4815 Περιετμήθητε;
1568 4745 1649 4797 ὅτι

77 4822 563 4893 Ἀπέξεδυσάμεθα
582 4824 644 4875 τὸ
664 4824 824 4893 σῶμα
854 4824 957 4877 τῶν
992 4822 1271 4895 ἁμαρτιῶν
1298 4824 1395 4893 τῆς
1423 4826 1647 4896 σαρκός;

59 4910 192 4972 πῶς
219 4904 313 4961 οῦν
336 4908 497 4959 πάλιν
522 4906 721 4975 λέγεις,
747 4907 1132 4973 Λ⁷εκρὼσατε;
1180 4903 1274 4975 Μὴ
1309 4907 1506 4977 παίζῃς
1530 4925 1543 4938 ’
1574 4908 1649 4971 ὡς

55 4996 243 5048 ὄντων
279 4992 459 5044 αὐτῶν
496 4992 554 5042 ἐν
575 4992 709 5060 ἡμῖν
730 4990 871 5042 οῦτω
896 4990 1118 5061 διαλέγῃ
1141 5007 1154 5055 ;
1194 4990 1307 5042 Ούκ
1328 4990 1472 5043 ἔστιν
1492 4993 1647 5043 ἐναν-

55 5078 322 5144 τιολογία
341 5091 355 5105 ’
392 5075 507 5128 ἀλλ’
539 5074 727 5144 ὥσπερ
761 5076 917 5136 εἴτις
939 5074 1327 5146 ἐρῤυπωμένον
1358 5074 1647 5145 ἀνδριάντα

55 5161 421 5230 ἀποσμήξας,
462 5158 663 5227 μᾶλλον
709 5156 764 5209 δὲ
798 5156 1231 5227 ἀναχαλκεύσας,
1264 5156 1356 5208 καὶ
1396 5156 1646 5228 λαμπρὸν

54 5245 254 5308 δείξας
282 5242 506 5307 ἀνωθεν,
532 5242 677 5309 λέγοι
711 5242 804 5309 μὲν
824 5242 903 5293 ὅτι
938 5240 1209 5309 κατεπόθη
1247 5242 1274 5291 6
1313 5241 1388 5304 ίδς
1425 5242 1517 5293 καὶ
1544 5243 1646 5293 ἁπ-

46 5329 267 5386 ώλετο,
298 5328 553 5395 παραινοῖ
579 5324 634 5376 δὲ
664 5323 824 5376 πάλιν
858 5322 1177 5386 σπουδάζειν
1194 5322 1541 5376 ἀποτίθεσθαι
1556 5324 1645 5375 τὸν

50 5415 169 5473 ἰὸν,
195 5412 299 5463 οὐκ
320 5409 681 5475 ἐναντιολογεῖ
704 5426 715 5438 ·
748 5408 808 5460 ού
840 5408 946 5475 γὰρ
968 5407 1026 5460 ὃν
1044 5406 1359 5476 ἀπέσμηξεν
1380 5408 1477 5468 ἰὸν,
1510 5407 1647 5460 ἀλλά

45 5496 159 5547 τὸν
194 5493 580 5562 ἐπιγινόμενον
616 5490 754 5561 μετὰ
797 5490 967 5543 ταῦτα
1007 5493 1267 5560 παραινεῖ
1302 5490 1638 5543 ἀποθέσθαι·

44 5578 243 5637 οὓτως
304 5575 365 5627 οὐ
417 5574 516 5644 τὴν
550 5574 821 5645 προτέραν
850 5574 1115 5643 νέκρωσιν
1160 5572 1325 5640 λέγει,
1374 5573 1494 5626 οὐδὲ
1546 5573 1641 5636 τὰς

46 5660 331 5729 πορνείας
381 5658 614 5720 ὲκείνας,
654 5656 790 5708 ἀλλά
821 5656 919 5719 τάς
958 5656 1340 5725 ὲπιγινομένας
1393 5654 1638 5725 ὕστερον.

60 5742 223 5795 Ἀλλ’
262 5741 395 5797 ἰδοὺ,
422 5741 585 5808 φασὶν
614 5738 904 5809 αἱρετικοὶ,
934 5738 1032 5807 τὴν
1094 5738 1453 5808 δημιουργίαν
1494 5739 1637 5793 Παῦ-

46 5829 153 5891 λος
193 5824 502 5879 διαϐάλλειο
558 5817 677 5877 εἶπε
724 5824 828 5894 γάρ
878 5822 1200 5894 ἔμπροσθεν,
1248 5825 1320 5879 Td
1353 5824 1472 5879 ἀνω
1503 5842 1640 5894 φρο-

1782 1989 1958 2056 νεῖτε,
1991 1988 2078 2060 μὴ
2136 1991 2210 2045 τὰ
2253 1990 2352 2044 ἐπὶ
2401 1990 2547 2061 γῆς’
2607 1992 2769 2046 πάλιν
2811 1996 2967 2066 φησὶ,
3002 1997 3353 2067 Νεκρώσατε

1776 2072 1946 2143 ὑμῶν
1972 2073 2045 2128 τὰ
2070 2073 2228 2143 μέλη
2258 2073 2328 2128 τὰ
2345 2075 2443 2128 ἐπὶ
2470 2074 2579 2144 τῆς
2601 2074 2732 2145 τῆς.
2751 2077 2911 2132 Ἀλλά
2936 2080 3020 2143 τὸ,
3045 2081 3142 2135 ἐπὶ
3172 2084 3285 2153 γῆς
3307 2099 3347 2151 ι,

1778 2155 2016 2211 ἐνταῦθα
2043 2156 2342 2226 δηλωτικόν
2384 2159 2533 2212 ἐστιν
2572 2158 2864 2229 ἁμαρτίας,
2899 2161 2960 2213 ού
2992 2161 3352 2238 δημιουργίας

1776 2238 2017 2313 διαϐολή.
2050 2242 2205 2323 Οῦτω
2236 2241 2345 2311 γὰρ
2369 2240 2556 2323 τάἐπὶ
2585 2240 2689 2310 γῆς
2714 2242 2853 2296 αύτά
2891 2245 3045 2298 καλεῖ
3069 2248 3137 2301 τὰ
3168 2251 3349 2323 ἀμαρ-

1775 2323 2015 2393 τήματα,
2049 2322 2084 2393 ἢ
2117 2323 2196 2393 τῷ
2227 2323 2333 2377 ἀπὸ
2360 2322 2593 2393 γεώδους
2644 2323 2908 2395 λογισμοῦ
2962 2328 3057 2381 καὶ
3102 2331 3196 2384 ἐπὶ
3246 2322 3348 2405 γῆς

1778 2405 2142 2477 ἐνεργεῖσθαι,
2174 2406 2207 2476 ἢ
2237 2406 2316 2477 τῷ
2363 2407 2584 2476 γηῒνους
2633 2407 2905 2462 δεικνύναι
2934 2411 3062 2474 τοὺς
3094 2414 3347 2486 ἁμαρτά..

1775 2503 1983 2551 νοντας.
2036 2490 2349 2557 Πορνείαν,
2390 2491 2785 2557 ἀκαθαρσίαν,
2827 2492 2979 2561 φησί.
3027 2496 3249 2567 Παρῆκε
3280 2502 3349 2555 τὰ

1775 2570 2096 2642 πράγματα,
2132 2574 2167 2625 ἃ
2200 2572 2320 2625 οὐδὲ
2344 2574 2517 2624 εἰπεῖν
2538 2572 2721 2636 καλὸν,
2750 2574 2843 2626 καὶ
2864 2574 2950 2629 διὰ
2976 2577 3074 2647 τῆς
3104 2580 3347 2653 ἀκαθαρο

1776 2655 1895 2718 σίας
1940 2655 2155 2709 ἅπαντα
2218 2657 2463 2727 ἐνέφηνε.
2517 2656 2732 2723 Πάθος,
2786 2660 2970 2728 φησὶν,
3025 2663 3347 2735 ἐπιθυμίαν

1777 2739 1992 2806 κακήν.
2014 2740 2159 2794 Ἰδοὺ
2194 2742 2429 2809 γενικῶς
2461 2742 2520 2794 τὸ
2545 2744 2651 2794 πᾶν
2684 2737 2804 2795 εἶπε
2824 2761 2837 2773 ·
2872 2745 3047 2799 πάντα
3082 2750 3188 2820 γὰρ
3228 2753 3345 2806 ἐπι-

1774 2821 1940 2890 θυμία
1965 2823 2131 2895 κακὴ,
2164 2823 2449 2894 βασκανία,
2471 2825 2629 2894 ὀργὴ,
2661 2824 2826 2895 λύπη.
2848 2828 2957 2881 Καὶ
2988 2829 3101 2897 τὴν
3124 2837 3343 2889 πλεον-

1770 2906 1984 2970 εξίαν,
2052 2908 2251 2975 φησὶν,
2303 2908 2434 2974 ἥτις
2482 2908 2655 2961 ἐστὶν
2712 2909 3185 2980 είδωλολατρεία.
3238 2920 3344 2974 Διά

1770 2987 1958 3041 ταῦτα
2008 2992 2118 3058 γὰρ
2154 2990 2389 3057 ἔρχεται
2439 2991 2477 3057 ἡ
2533 2990 2676 3059 ὀργὴ
2728 2991 2834 3045 τοῦ
2882 2994 3030 3048 Θεοῦ
3068 2998 3165 3051 ἐπὶ
3198 3002 3342 3069 τοὺς

1768 3070 1937 3137 υἱοὺς
1962 3070 2071 3139 τῆς
2106 3072 2428 3138 ἀπειθείας.
2458 3072 2555 3126 Διά
2578 3073 2787 3125 πολλῶν
2810 3074 3093 3147 ἀπήγαγεν
3123 3082 3338 3149 αύτούς·

1770 3154 1858 3207 διὰ
1889 3155 1998 3207 τῶν
2026 3156 2357 3225 εὐεργεσιῶν
2403 3157 2510 3209 τῶν
2560 3158 2913 3226 ύπαρξασῶν,
2944 3161 3031 3215 διά
3070 3164 3177 3218 τῶν
3209 3169 3340 3237 μελ-

1768 3239 1966 3293 λόντων
1992 3240 2051 3304 ἐξ
2076 3233 2149 3292 ὧν
2182 3240 2577 3312 ἀπηλλάγημεν
2606 3241 2812 3304 κακῶν,
2844 3244 2985 3309 τίνες
3038 3233 3220 3315 ὄντες,
3244 3256 3340 3308 καὶ

1764 3324 1852 3377 διὰ
1883 3323 1957 3389 τί,
1991 3326 2084 3377 καὶ
2113 3324 2207 3378 ὅλα
2228 3325 2430 3389 ἐκεῖνα,
2460 3320 2588 3387 οἷον,
2615 3327 2755 3389 τίνες
2793 3322 2936 3398 ἦμεν
2966 3332 3061 3382 καὶ
3090 3334 3147 3385 ἐν
3173 3335 3336 3401 τίσιν,

1766 3407 1861 3460 καὶ
1904 3407 1987 3459 ὃτι
2026 3406 2420 3478 ἀπηλλάγημεν
2451 3407 2651 3470 αὐτῶν,
2698 3409 2815 3472 πῶς
2846 3411 2941 3463 καὶ
2990 3414 3097 3466 τίνι
3148 3418 3338 3491 τρόπῳ

1768 3491 1861 3544 καὶ
1898 3490 1991 3543 ἐπὶ
2017 3490 2145 3543 τίσι.
2195 3489 2380 3543 Ταῦτα
2415 3490 2574 3544 ίκανὰ
2606 3491 2940 3563 ἀποστρέψαι
2961 3510 2973 3522 ·
3033 3497 3168 3551 ἀλλά
3199 3489 3335 3555 πάν.

1762 3589 1873 3625 των
1908 3572 2277 3655 ,σφοδρότερον
2319 3572 2498 3637 τοῦτο,
2545 3573 2708 3641 ἀηδὲς
2766 3574 2863 3644 μὲν
2903 3578 3096 3639 είπεῖν,
3132 3582 3191 3634 ού
3230 3584 3336 3655 μὴν

1766 3654 1914 3727 [581]
1948 3656 2240 3724 ἀνωφελὲς,
2277 3656 2414 3710 ἀλλὰ
2441 3658 2535 3710 καὶ
2568 3657 2868 3727 ὠφέλιμονο
2904 3661 2985 3713 Δι’
3015 3661 3052 3714 ἃ
3080 3654 3332 3735 ἔρχεται,

1763 3740 1951 3809 φησὶν,
1984 3741 2022 3806 ἡ
2062 3740 2208 3807 ὀργὴ
2236 3738 2343 3792 τοῦ
2373 3740 2521 3794 Θεοῦ
2540 3740 2639 3793 ἐπὶ
2669 3741 2808 3805 τοὺς
2838 3744 3007 3809 υἱοὺς
3034 3745 3145 3814 τῆς
3171 3749 3336 3804 ἀπει-

1761 3821 1943 3887 θείας.
1985 3821 2099 3875 υύκ
2124 3819 2293 3885 εἶπεν,
2328 3823 2442 3891 Ἐφ’
2464 3823 2628 3891 ὑμᾶς,
2662 3822 2798 3888 ἀλλ’,
2839 3827 2969 3878 Ἐπί
2999 3828 3141 3895 τοὺς
3164 3833 3335 3899 υἱοὺς

1760 3903 1871 3971 τῆς
1908 3905 2230 3969 ἀπειθείας.
2273 3907 2370 3959 Ἐν
2398 3900 2489 3970 οἷς
2519 3906 2619 3958 καί
2650 3906 2818 3975 ὑμεῖς
2856 3912 3333 3980 περιεπατήσατέ

1758 4002 1924 4049 ποτε,
1972 3987 2069 4041 ὅτε
2117 3985 2284 4055 ἐζῆτε
2334 3988 2404 4041 ἐν
2455 3988 2678 4055 αὐτοῖς.
2718 3990 3137 4062 Ἐντρεπτικῶς,
3193 3997 3333 4053 Ὀτε

1755 4068 1942 4137 ἐζῆτε,
1968 4070 2151 4141 φησὶν,
2185 4070 2256 4123 ἐν
2282 4071 2504 4137 αὐτοῖς,
2534 4072 2626 4124 καὶ
2663 4074 2778 4141 μετ’
2806 4074 3099 4142 ἐγκωμίου,
3132 4078 3208 4142 ὡς
3235 4080 3330 4135 νῦν

1755 4154 1815 4206 ού
1848 4152 2064 4218 ζώντων
2086 4169 2100 4184 ο
2129 4154 2250 4207 τότε
2276 4153 2422 4225 ἐξῆν.
2448 4156 2597 4208 Νυνὶ
2619 4154 2688 4208 δὲ
2715 4156 3012 4211 ἀπόθεσθε
3034 4161 3129 4213 καὶ
3160 4160 3331 4231 ὑμεῖς

1755 4238 1829 4291 τὰ
1863 4236 2077 4291 πάντα.
2116 4238 2227 4289 Καὶ
2265 4237 2567 4300 καθολικῶς
2599 4238 2684 4290 ἀεὶ
2736 4237 2904 4306 λέγει,
2963 4242 3056 4293 καὶ
3112 4243 3325 4310 ίδικῶςο

1754 4319 1912 4374 τοῦτο
1940 4320 1995 4373 δέ
2028 4321 2143 4373 ἐστι
2190 4321 2503 4383 διαθέσεως.
2543 4320 2769 4389 Ὀργὴν,
2822 4322 3038 4390 θυμὸν,
3086 4330 3324 4393 κακίαν,

1748 4404 2171 4473 βλασφημίαν,
2240 4404 2673 4472 αίσχρολογίαν
2726 4404 2794 4457 ἐκ
2871 4404 2975 4458 τοῦ
3032 4410 3327 4478 στόματος

1753 4485 1939 4555 ὑμῶν.
1988 4486 2086 4552 Μὴ
2140 4486 2440 4554 ψεύδεσθε
2476 4490 2564 4551 εις
2612 4486 2948 4553 ἀλλήλους.
2992 4492 3325 4559 Αἰσχρολο-

1752 4570 1912 4637 τίαν,
1949 4569 2135 4638 φησὶν,
2172 4570 2241 4622 ἐκ
2276 4568 2381 4623 τοῦ
2407 4569 2707 4638 στόματος
2739 4568 2926 4638 ὑμῶν,
2952 4571 3320 4641 ἐμφαντικῶς,

1750 4650 1831 4705 ὃτι
1863 4652 1993 4705 αὐτὸ
2036 4653 2215 4722 ῥυποῖ.
2248 4650 2747 4720 Ἀπεκδυσάμενοι
2797 4651 2902 4705 τόν
2931 4656 3192 4710 παλαιὸν
3223 4660 3324 4711 ἆν-

1752 4738 1986 4803 θρωπον
2007 4734 2129 4789 σὺν
2157 4733 2286 4801 ταῖς
2316 4735 2609 4803 πράξεσιν
2630 4736 2838 4799 αὑτοῦ,
2865 4738 2963 4790 καὶ
2993 4739 3323 4810 ἐνδυσάμε-

1754 4835 1847 4872 νοι
1884 4818 1989 4871 τὸν
2030 4818 2171 4871 νέον
2206 4818 2313 4872 τὸν
2344 4819 2855 4887 ἀνακαινούμενον
2881 4825 2969 4886 εις
2998 4822 3325 4892 ἐπίγνωσιν

1752 4903 1881 4955 κατ’
1914 4904 2119 4956 εἰκόνα
2156 4902 2262 4956 τοῦ
2292 4904 2614 4967 κτίσαντος
2649 4903 2855 4956 αὐτόν.
2888 4904 3069 4968 ’Ἄξιον
3092 4908 3322 4963 ἐνταῦθα

1750 4982 2002 5055 ζητῆσαι,
2036 4984 2089 5038 τί
2146 4986 2342 5057 δήποτε
2401 4985 2533 5055 μέλη
2582 4985 2677 5039 καὶ
2706 4986 3113 5056 ἄνθρωπονκαὶ
3160 4992 3319 5061 σῶμα

1750 5068 1903 5120 καλεῖ
1933 5069 2024 5121 τὸν
2052 5069 2450 5139 διεφθαρμένον
2478 5068 2610 5138 βίον,
2643 5069 2737 5121 καὶ
2762 5070 2854 5123 τὸν
2880 5073 3132 5141 ἐνάρετον
3160 5076 3322 5129 πάλιν

1747 5151 1808 5203 τὸ
1842 5152 1991 5205 αύτὸ.
2029 5152 2138 5204 Καὶ
2166 5153 2215 5204 εί
2244 5154 2272 5205 6
2316 5151 2599 5222 ἄνθρωπός
2636 5154 2774 5205 εἰσιν
2798 5156 2853 5206 αἱ
2892 5156 3176 5224 ἁμαρτίαι,
3203 5159 3320 5223 πῶς

1748 5252 1902 5303 φησι.
1936 5235 2059 5287 Σὺν
2088 5234 2218 5299 ταῖς
2247 5234 2544 5302 πράξεσιν
2572 5236 2799 5298 αὑτοῦ;
2826 5237 3004 5300 ’Ἄπαξ
3046 5238 3154 5308 γὰρ
3198 5237 3319 5295 εἷπε

1746 5317 1972 5371 παλαιὸν
1993 5318 2296 5387 ἄνθρωπον.
2326 5316 2507 5382 δείξας
2544 5318 2626 5370 ὅτι
2656 5319 2717 5371 ού
2746 5318 2902 5372 τοῦτό
2928 5321 3074 5371 ἐστιν
3108 5321 3320 5393 ἄνθρω-

1746 5418 1865 5464 πος,
1898 5402 2009 5455 ἀλλ’
2035 5403 2230 5467 ἐκεῖνο,
2252 5402 2363 5470 Τῆς
2390 5403 2495 5471 γάρ
2519 5402 2753 5470 ούσίαςὴ
2781 5403 3099 5471 προαίρεσις
3122 5424 3321 5475 κυριω-

1742 5485 1897 5555 τέρα,
1932 5485 2206 5539 καὶτοῦτο
2229 5486 2426 5557 μᾶλλον
2451 5485 2755 5556 ἅνθρωπος,
2790 5485 2821 5555 ἢ
2855 5488 3052 5543 ἐκεῖνο.
3082 5489 3157 5541 Οὐ
3208 5491 3317 5562 γὰρ

1747 5834 1787 5885 Ε
1817 5773 1833 5793 ⁸
1859 5774 2037 5833 Verba,
2072 5775 2213 5823 Ἀ))ἀ
2241 5776 2311 5833 τὸ,
2354 5773 2458 5822 Ἐπὶ
2492 5780 2592 5833 γῆς,
2635 5786 2694 5821 ex
2722 5774 2859 5822 codd.
2908 5776 3130 5837 suppleta
3174 5782 3307 5827 sunt.

1790 5849 1884 5884 οη.

1790 5849 1884 5884 οη.
