  <div class='ocr_page' id='page_1' title='image "/cluster/home/n/w/nwhite01/storage/ocr_20150623/62/hvd.32044019207836/359.png"; bbox 0 0 4032 6514; ppageno 0'>
   <div class='ocr_carea' id='block_1_1' title="bbox 661 427 774 483">
    <p class='ocr_par' dir='ltr' id='par_1_1' title="bbox 661 427 774 483">
     <span class='ocr_line' id='line_1_1' title="bbox 661 427 774 483; baseline 0.009 -1"><span class='ocrx_word' id='word_1_1' title='bbox 661 427 774 483; x_wconf 63' lang='grc' dir='ltr'>’ἐδτι</span> 
     </span>
    </p>
   </div>
   <div class='ocr_carea' id='block_1_2' title="bbox 666 532 2231 608">
    <p class='ocr_par' dir='ltr' id='par_1_2' title="bbox 666 532 2231 608">
     <span class='ocr_line' id='line_1_2' title="bbox 666 532 2231 608; baseline -0.001 -21"><span class='ocrx_word' id='word_1_2' title='bbox 666 541 701 608; x_wconf 79' lang='grc' dir='ltr'>ἠ</span> <span class='ocrx_word' id='word_1_3' title='bbox 752 536 907 590; x_wconf 78' lang='grc' dir='ltr'>οὐσία</span> <span class='ocrx_word' id='word_1_4' title='bbox 962 534 1217 604; x_wconf 77' lang='grc' dir='ltr'>ἐμϐάλλει</span> <span class='ocrx_word' id='word_1_5' title='bbox 1268 535 1349 596; x_wconf 86' lang='grc' dir='ltr'>εἰς</span> <span class='ocrx_word' id='word_1_6' title='bbox 1394 534 1637 601; x_wconf 76' lang='grc' dir='ltr'>γέενναν,</span> <span class='ocrx_word' id='word_1_7' title='bbox 1673 535 1795 587; x_wconf 83' lang='grc' dir='ltr'>ούδέ</span> <span class='ocrx_word' id='word_1_8' title='bbox 1829 536 1908 596; x_wconf 88' lang='grc' dir='ltr'>εἰς</span> <span class='ocrx_word' id='word_1_9' title='bbox 1959 532 2231 599; x_wconf 72' lang='grc' dir='ltr'>βασιλείαν</span> 
     </span>
    </p>
   </div>
   <div class='ocr_carea' id='block_1_3' title="bbox 665 620 2232 693">
    <p class='ocr_par' dir='ltr' id='par_1_3' title="bbox 665 620 2232 693">
     <span class='ocr_line' id='line_1_3' title="bbox 665 620 2232 693; baseline -0.003 -16"><span class='ocrx_word' id='word_1_10' title='bbox 665 627 894 693; x_wconf 78' lang='grc' dir='ltr'>εἰσάγει,</span> <span class='ocrx_word' id='word_1_11' title='bbox 948 623 1063 675; x_wconf 80' lang='grc' dir='ltr'>ἀλλ’</span> <span class='ocrx_word' id='word_1_12' title='bbox 1117 622 1255 691; x_wconf 80' lang='grc' dir='ltr'>αὑτὴ</span> <span class='ocrx_word' id='word_1_13' title='bbox 1295 624 1327 693; x_wconf 85' lang='grc' dir='ltr'>ὴ</span> <span class='ocrx_word' id='word_1_14' title='bbox 1384 624 1718 693; x_wconf 87' lang='grc' dir='ltr'>προαίρεσις,</span> <span class='ocrx_word' id='word_1_15' title='bbox 1750 625 1844 676; x_wconf 69' lang='grc' dir='ltr'>καὶ</span> <span class='ocrx_word' id='word_1_16' title='bbox 1880 624 2067 675; x_wconf 79' lang='grc' dir='ltr'>οὐδένα</span> <span class='ocrx_word' id='word_1_17' title='bbox 2111 620 2232 673; x_wconf 73' lang='grc' dir='ltr'>οὔτε</span> 
     </span>
    </p>
   </div>
   <div class='ocr_carea' id='block_1_4' title="bbox 668 705 2234 784">
    <p class='ocr_par' dir='ltr' id='par_1_4' title="bbox 668 705 2234 784">
     <span class='ocr_line' id='line_1_4' title="bbox 668 705 2234 784; baseline -0.001 -20"><span class='ocrx_word' id='word_1_18' title='bbox 668 712 947 782; x_wconf 84' lang='grc' dir='ltr'>φιλοῦμεν,</span> <span class='ocrx_word' id='word_1_19' title='bbox 997 709 1121 763; x_wconf 71' lang='grc' dir='ltr'>οὔτε</span> <span class='ocrx_word' id='word_1_20' title='bbox 1160 710 1426 779; x_wconf 81' lang='grc' dir='ltr'>μισοῦμεν</span> <span class='ocrx_word' id='word_1_21' title='bbox 1559 710 1863 781; x_wconf 84' lang='grc' dir='ltr'>ἄνθρωπος,</span> <span class='ocrx_word' id='word_1_22' title='bbox 1908 711 2021 763; x_wconf 86' lang='grc' dir='ltr'>ἀλλ’</span> <span class='ocrx_word' id='word_1_23' title='bbox 2123 728 2234 763; x_wconf 85' lang='grc' dir='ltr'>τοι·</span> 
     </span>
    </p>
   </div>
   <div class='ocr_carea' id='block_1_5' title="bbox 665 803 2231 873">
    <p class='ocr_par' dir='ltr' id='par_1_5' title="bbox 665 803 2231 873">
     <span class='ocr_line' id='line_1_5' title="bbox 665 803 2231 873; baseline 0 -18"><span class='ocrx_word' id='word_1_24' title='bbox 665 803 786 856; x_wconf 83' lang='grc' dir='ltr'>όσδε</span> <span class='ocrx_word' id='word_1_25' title='bbox 812 804 1113 871; x_wconf 80' lang='grc' dir='ltr'>ἄνθρωπος.</span> <span class='ocrx_word' id='word_1_26' title='bbox 1141 805 1203 855; x_wconf 81' lang='grc' dir='ltr'>Εἰ</span> <span class='ocrx_word' id='word_1_27' title='bbox 1230 803 1454 873; x_wconf 84' lang='grc' dir='ltr'>τοίνυνή</span> <span class='ocrx_word' id='word_1_28' title='bbox 1483 804 1580 873; x_wconf 81' lang='grc' dir='ltr'>μὲν</span> <span class='ocrx_word' id='word_1_29' title='bbox 1604 804 1763 857; x_wconf 89' lang='grc' dir='ltr'>οὑσία</span> <span class='ocrx_word' id='word_1_30' title='bbox 1784 805 1844 856; x_wconf 83' lang='grc' dir='ltr'>τὸ</span> <span class='ocrx_word' id='word_1_31' title='bbox 1876 804 2035 873; x_wconf 82' lang='grc' dir='ltr'>σῶμά</span> <span class='ocrx_word' id='word_1_32' title='bbox 2063 806 2231 867; x_wconf 88' lang='grc' dir='ltr'>ἐστιν,</span> 
     </span>
    </p>
   </div>
   <div class='ocr_carea' id='block_1_6' title="bbox 666 890 2233 961">
    <p class='ocr_par' dir='ltr' id='par_1_6' title="bbox 666 890 2233 961">
     <span class='ocr_line' id='line_1_6' title="bbox 666 890 2233 961; baseline 0.002 -19"><span class='ocrx_word' id='word_1_33' title='bbox 666 890 804 959; x_wconf 85' lang='grc' dir='ltr'>αῦτη</span> <span class='ocrx_word' id='word_1_34' title='bbox 835 890 892 943; x_wconf 84' lang='grc' dir='ltr'>δὲ</span> <span class='ocrx_word' id='word_1_35' title='bbox 925 890 1295 953; x_wconf 86' lang='grc' dir='ltr'>ἀνυπεύθυνος</span> <span class='ocrx_word' id='word_1_36' title='bbox 1325 892 1382 944; x_wconf 84' lang='grc' dir='ltr'>ἐν</span> <span class='ocrx_word' id='word_1_37' title='bbox 1408 891 1709 961; x_wconf 79' lang='grc' dir='ltr'>ἑκατέροις,</span> <span class='ocrx_word' id='word_1_38' title='bbox 1752 891 1867 955; x_wconf 88' lang='grc' dir='ltr'>πῶς</span> <span class='ocrx_word' id='word_1_39' title='bbox 1903 891 2038 945; x_wconf 80' lang='grc' dir='ltr'>αὐτὸ</span> <span class='ocrx_word' id='word_1_40' title='bbox 2064 893 2233 947; x_wconf 85' lang='grc' dir='ltr'>κακὸν</span> 
     </span>
    </p>
   </div>
   <div class='ocr_carea' id='block_1_7' title="bbox 664 974 1003 1048">
    <p class='ocr_par' dir='ltr' id='par_1_7' title="bbox 664 974 1003 1048">
     <span class='ocr_line' id='line_1_7' title="bbox 664 974 1003 1048; baseline -0.006 -17"><span class='ocrx_word' id='word_1_41' title='bbox 664 974 803 1032; x_wconf 78' lang='grc' dir='ltr'>εἷναί</span> <span class='ocrx_word' id='word_1_42' title='bbox 836 995 971 1048; x_wconf 85' lang='grc' dir='ltr'>φησι</span> <span class='ocrx_word' id='word_1_43' title='bbox 988 996 1003 1044; x_wconf 92' lang='grc'><strong>;</strong></span> 
     </span>
    </p>
   </div>
   <div class='ocr_carea' id='block_1_8' title="bbox 739 1156 2232 1232">
    <p class='ocr_par' dir='ltr' id='par_1_8' title="bbox 739 1156 2232 1232">
     <span class='ocr_line' id='line_1_8' title="bbox 739 1156 2232 1232; baseline 0.004 -22"><span class='ocrx_word' id='word_1_44' title='bbox 739 1156 805 1226; x_wconf 81' lang='grc' dir='ltr'>β’.</span> <span class='ocrx_word' id='word_1_45' title='bbox 831 1158 895 1211; x_wconf 86' lang='grc' dir='ltr'>Τί</span> <span class='ocrx_word' id='word_1_46' title='bbox 917 1158 973 1211; x_wconf 88' lang='grc' dir='ltr'>δέ</span> <span class='ocrx_word' id='word_1_47' title='bbox 1000 1176 1154 1229; x_wconf 89' lang='grc' dir='ltr'>φησι,</span> <span class='ocrx_word' id='word_1_48' title='bbox 1176 1159 1301 1212; x_wconf 84' lang='grc' dir='ltr'>Σὺν</span> <span class='ocrx_word' id='word_1_49' title='bbox 1326 1159 1453 1225; x_wconf 84' lang='grc' dir='ltr'>ταῖς</span> <span class='ocrx_word' id='word_1_50' title='bbox 1476 1159 1730 1229; x_wconf 80' lang='grc' dir='ltr'>πράξεσι</span> <span class='ocrx_word' id='word_1_51' title='bbox 1748 1175 1767 1223; x_wconf 85' lang='lat'><strong><em>;</em></strong></span> <span class='ocrx_word' id='word_1_52' title='bbox 1784 1160 1894 1231; x_wconf 84' lang='grc' dir='ltr'>Τὴν</span> <span class='ocrx_word' id='word_1_53' title='bbox 1912 1163 2232 1232; x_wconf 84' lang='grc' dir='ltr'>προαίρεσιν</span> 
     </span>
    </p>
   </div>
   <div class='ocr_carea' id='block_1_9' title="bbox 667 1248 2231 1324">
    <p class='ocr_par' dir='ltr' id='par_1_9' title="bbox 667 1248 2231 1324">
     <span class='ocr_line' id='line_1_9' title="bbox 667 1248 2231 1324; baseline 0.003 -23"><span class='ocrx_word' id='word_1_54' title='bbox 667 1248 807 1321; x_wconf 84' lang='grc' dir='ltr'>μετά</span> <span class='ocrx_word' id='word_1_55' title='bbox 827 1250 936 1302; x_wconf 84' lang='grc' dir='ltr'>τῶν</span> <span class='ocrx_word' id='word_1_56' title='bbox 962 1249 1158 1319; x_wconf 81' lang='grc' dir='ltr'>ἔργων.</span> <span class='ocrx_word' id='word_1_57' title='bbox 1188 1249 1421 1302; x_wconf 76' lang='grc' dir='ltr'>Παλαιὸν</span> <span class='ocrx_word' id='word_1_58' title='bbox 1450 1250 1507 1303; x_wconf 80' lang='grc' dir='ltr'>δὲ</span> <span class='ocrx_word' id='word_1_59' title='bbox 1529 1250 1690 1303; x_wconf 78' lang='grc' dir='ltr'>αὑτὸν</span> <span class='ocrx_word' id='word_1_60' title='bbox 1723 1250 1897 1316; x_wconf 88' lang='grc' dir='ltr'>καλεῖ,</span> <span class='ocrx_word' id='word_1_61' title='bbox 1921 1252 1983 1304; x_wconf 86' lang='grc' dir='ltr'>τὸ</span> <span class='ocrx_word' id='word_1_62' title='bbox 2007 1254 2231 1324; x_wconf 84' lang='grc' dir='ltr'>αἰσχρὸν</span> 
     </span>
    </p>
   </div>
   <div class='ocr_carea' id='block_1_10' title="bbox 662 1335 2231 1406">
    <p class='ocr_par' dir='ltr' id='par_1_10' title="bbox 662 1335 2231 1406">
     <span class='ocr_line' id='line_1_10' title="bbox 662 1335 2231 1406; baseline 0.003 -17"><span class='ocrx_word' id='word_1_63' title='bbox 662 1335 829 1389; x_wconf 79' lang='grc' dir='ltr'>αὑτοῦ</span> <span class='ocrx_word' id='word_1_64' title='bbox 886 1336 1207 1406; x_wconf 87' lang='grc' dir='ltr'>βουλόμενος</span> <span class='ocrx_word' id='word_1_65' title='bbox 1269 1337 1439 1401; x_wconf 83' lang='grc' dir='ltr'>δεῖξαι</span> <span class='ocrx_word' id='word_1_66' title='bbox 1490 1339 1582 1390; x_wconf 75' lang='grc' dir='ltr'>καὶ</span> <span class='ocrx_word' id='word_1_67' title='bbox 1635 1338 1695 1389; x_wconf 77' lang='grc' dir='ltr'>τὸ</span> <span class='ocrx_word' id='word_1_68' title='bbox 1750 1339 1989 1403; x_wconf 82' lang='grc' dir='ltr'>δυσειδὲς</span> <span class='ocrx_word' id='word_1_69' title='bbox 2032 1341 2127 1392; x_wconf 73' lang='grc' dir='ltr'>καὶ</span> <span class='ocrx_word' id='word_1_70' title='bbox 2170 1340 2231 1393; x_wconf 85' lang='grc' dir='ltr'>τὸ</span> 
     </span>
    </p>
   </div>
   <div class='ocr_carea' id='block_1_11' title="bbox 663 1423 2229 1505">
    <p class='ocr_par' dir='ltr' id='par_1_11' title="bbox 663 1423 2229 1505">
     <span class='ocr_line' id='line_1_11' title="bbox 663 1423 2229 1505; baseline 0.003 -29"><span class='ocrx_word' id='word_1_71' title='bbox 663 1423 993 1505; x_wconf 47' lang='grc' dir='ltr'>ἠσθενηκός·</span> <span class='ocrx_word' id='word_1_72' title='bbox 1038 1426 1134 1477; x_wconf 77' lang='grc' dir='ltr'>καὶ</span> <span class='ocrx_word' id='word_1_73' title='bbox 1177 1424 1317 1485; x_wconf 87' lang='grc' dir='ltr'>νέον,</span> <span class='ocrx_word' id='word_1_74' title='bbox 1357 1425 1478 1477; x_wconf 70' lang='grc' dir='ltr'>ἀντὶ</span> <span class='ocrx_word' id='word_1_75' title='bbox 1508 1425 1626 1489; x_wconf 87' lang='grc' dir='ltr'>τοῦ,</span> <span class='ocrx_word' id='word_1_76' title='bbox 1659 1426 1750 1495; x_wconf 79' lang='grc' dir='ltr'>Μὴ</span> <span class='ocrx_word' id='word_1_77' title='bbox 1800 1428 2229 1499; x_wconf 87' lang='grc' dir='ltr'>προσδοκήσητε,</span> 
     </span>
    </p>
   </div>
   <div class='ocr_carea' id='block_1_12' title="bbox 664 1506 2231 1580">
    <p class='ocr_par' dir='ltr' id='par_1_12' title="bbox 664 1506 2231 1580">
     <span class='ocr_line' id='line_1_12' title="bbox 664 1506 2231 1580; baseline 0.004 -17"><span class='ocrx_word' id='word_1_78' title='bbox 664 1510 850 1580; x_wconf 73' lang='grc' dir='ltr'>φησὶν,</span> <span class='ocrx_word' id='word_1_79' title='bbox 881 1511 962 1563; x_wconf 82' lang='grc' dir='ltr'>ὅτι</span> <span class='ocrx_word' id='word_1_80' title='bbox 991 1511 1084 1564; x_wconf 70' lang='grc' dir='ltr'>καὶ</span> <span class='ocrx_word' id='word_1_81' title='bbox 1110 1506 1261 1574; x_wconf 73' lang='grc' dir='ltr'>οὗτος</span> <span class='ocrx_word' id='word_1_82' title='bbox 1292 1512 1353 1564; x_wconf 77' lang='grc' dir='ltr'>τὸ</span> <span class='ocrx_word' id='word_1_83' title='bbox 1379 1512 1509 1564; x_wconf 81' lang='grc' dir='ltr'>αὑτὸ</span> <span class='ocrx_word' id='word_1_84' title='bbox 1541 1512 1808 1577; x_wconf 83' lang='grc' dir='ltr'>πείσεται,</span> <span class='ocrx_word' id='word_1_85' title='bbox 1846 1513 1983 1567; x_wconf 88' lang='grc' dir='ltr'>ἀλλά</span> <span class='ocrx_word' id='word_1_86' title='bbox 2009 1516 2231 1570; x_wconf 82' lang='grc' dir='ltr'>τούναν-</span> 
     </span>
    </p>
   </div>
   <div class='ocr_carea' id='block_1_13' title="bbox 662 1598 2231 1673">
    <p class='ocr_par' dir='ltr' id='par_1_13' title="bbox 662 1598 2231 1673">
     <span class='ocr_line' id='line_1_13' title="bbox 662 1598 2231 1673; baseline 0.004 -22"><span class='ocrx_word' id='word_1_87' title='bbox 662 1599 807 1652; x_wconf 84' lang='grc' dir='ltr'>τίον⁶</span> <span class='ocrx_word' id='word_1_88' title='bbox 848 1599 957 1668; x_wconf 80' lang='grc' dir='ltr'>ὅσῳ</span> <span class='ocrx_word' id='word_1_89' title='bbox 980 1598 1088 1669; x_wconf 82' lang='grc' dir='ltr'>γὰρ</span> <span class='ocrx_word' id='word_1_90' title='bbox 1118 1598 1183 1656; x_wconf 81' lang='grc' dir='ltr'>ἂν</span> <span class='ocrx_word' id='word_1_91' title='bbox 1211 1600 1396 1673; x_wconf 75' lang='grc' dir='ltr'>προΐῃ,</span> <span class='ocrx_word' id='word_1_92' title='bbox 1430 1600 1492 1651; x_wconf 86' lang='grc' dir='ltr'>οὑ</span> <span class='ocrx_word' id='word_1_93' title='bbox 1543 1599 1678 1669; x_wconf 80' lang='grc' dir='ltr'>πρὸς</span> <span class='ocrx_word' id='word_1_94' title='bbox 1721 1601 1897 1671; x_wconf 87' lang='grc' dir='ltr'>γῆρας</span> <span class='ocrx_word' id='word_1_95' title='bbox 1926 1602 2231 1671; x_wconf 82' lang='grc' dir='ltr'>ἐπείγεται,</span> 
     </span>
    </p>
   </div>
   <div class='ocr_carea' id='block_1_14' title="bbox 663 1685 2229 1762">
    <p class='ocr_par' dir='ltr' id='par_1_14' title="bbox 663 1685 2229 1762">
     <span class='ocr_line' id='line_1_14' title="bbox 663 1685 2229 1762; baseline 0.003 -23"><span class='ocrx_word' id='word_1_96' title='bbox 663 1686 798 1739; x_wconf 86' lang='grc' dir='ltr'>ἀλλά</span> <span class='ocrx_word' id='word_1_97' title='bbox 834 1685 966 1755; x_wconf 78' lang='grc' dir='ltr'>πρὸς</span> <span class='ocrx_word' id='word_1_98' title='bbox 992 1686 1217 1755; x_wconf 87' lang='grc' dir='ltr'>νεότητα</span> <span class='ocrx_word' id='word_1_99' title='bbox 1254 1686 1472 1756; x_wconf 72' lang='grc' dir='ltr'>μείζονα</span> <span class='ocrx_word' id='word_1_100' title='bbox 1496 1686 1594 1755; x_wconf 82' lang='grc' dir='ltr'>τῆς</span> <span class='ocrx_word' id='word_1_101' title='bbox 1615 1688 1905 1757; x_wconf 79' lang='grc' dir='ltr'>προτέρας.</span> <span class='ocrx_word' id='word_1_102' title='bbox 1931 1689 2096 1743; x_wconf 85' lang='grc' dir='ltr'>Ὅταν</span> <span class='ocrx_word' id='word_1_103' title='bbox 2120 1691 2229 1762; x_wconf 83' lang='grc' dir='ltr'>γὰρ</span> 
     </span>
    </p>
   </div>
   <div class='ocr_carea' id='block_1_15' title="bbox 663 1774 2235 1845">
    <p class='ocr_par' dir='ltr' id='par_1_15' title="bbox 663 1774 2235 1845">
     <span class='ocr_line' id='line_1_15' title="bbox 663 1774 2235 1845; baseline 0.003 -18"><span class='ocrx_word' id='word_1_104' title='bbox 663 1776 880 1827; x_wconf 80' lang='grc' dir='ltr'>πλείονα</span> <span class='ocrx_word' id='word_1_105' title='bbox 917 1774 1056 1845; x_wconf 74' lang='grc' dir='ltr'>λάθῃ</span> <span class='ocrx_word' id='word_1_106' title='bbox 1108 1774 1205 1843; x_wconf 84' lang='grc' dir='ltr'>τὴν</span> <span class='ocrx_word' id='word_1_107' title='bbox 1254 1774 1477 1841; x_wconf 83' lang='grc' dir='ltr'>γνῶσιν,</span> <span class='ocrx_word' id='word_1_108' title='bbox 1526 1776 1618 1827; x_wconf 79' lang='grc' dir='ltr'>καὶ</span> <span class='ocrx_word' id='word_1_109' title='bbox 1666 1774 1925 1844; x_wconf 74' lang='grc' dir='ltr'>μειζόνων</span> <span class='ocrx_word' id='word_1_110' title='bbox 1961 1776 2235 1843; x_wconf 78' lang='grc' dir='ltr'>ἀξιοῦται,</span> 
     </span>
    </p>
   </div>
   <div class='ocr_carea' id='block_1_16' title="bbox 660 1860 2228 1933">
    <p class='ocr_par' dir='ltr' id='par_1_16' title="bbox 660 1860 2228 1933">
     <span class='ocr_line' id='line_1_16' title="bbox 660 1860 2228 1933; baseline 0.004 -20"><span class='ocrx_word' id='word_1_111' title='bbox 660 1862 759 1913; x_wconf 76' lang='grc' dir='ltr'>καὶ</span> <span class='ocrx_word' id='word_1_112' title='bbox 813 1861 1010 1932; x_wconf 79' lang='grc' dir='ltr'>μᾶλλον</span> <span class='ocrx_word' id='word_1_113' title='bbox 1041 1860 1300 1930; x_wconf 76' lang='grc' dir='ltr'>ἀκμάζει,</span> <span class='ocrx_word' id='word_1_114' title='bbox 1355 1861 1449 1914; x_wconf 79' lang='grc' dir='ltr'>καὶ</span> <span class='ocrx_word' id='word_1_115' title='bbox 1501 1862 1701 1931; x_wconf 82' lang='grc' dir='ltr'>μᾶλλον</span> <span class='ocrx_word' id='word_1_116' title='bbox 1754 1863 1949 1933; x_wconf 90' lang='grc' dir='ltr'>ἰσχύει,</span> <span class='ocrx_word' id='word_1_117' title='bbox 1994 1865 2096 1917; x_wconf 88' lang='grc' dir='ltr'>οὑκ</span> <span class='ocrx_word' id='word_1_118' title='bbox 2119 1866 2228 1919; x_wconf 86' lang='grc' dir='ltr'>ἀπὸ</span> 
     </span>
    </p>
   </div>
   <div class='ocr_carea' id='block_1_17' title="bbox 661 1949 2226 2020">
    <p class='ocr_par' dir='ltr' id='par_1_17' title="bbox 661 1949 2226 2020">
     <span class='ocr_line' id='line_1_17' title="bbox 661 1949 2226 2020; baseline 0.004 -19"><span class='ocrx_word' id='word_1_119' title='bbox 661 1950 759 2017; x_wconf 85' lang='grc' dir='ltr'>τῆς</span> <span class='ocrx_word' id='word_1_120' title='bbox 782 1950 1029 2018; x_wconf 80' lang='grc' dir='ltr'>νεότητος</span> <span class='ocrx_word' id='word_1_121' title='bbox 1058 1950 1238 2019; x_wconf 85' lang='grc' dir='ltr'>μόνον,</span> <span class='ocrx_word' id='word_1_122' title='bbox 1267 1949 1402 2002; x_wconf 86' lang='grc' dir='ltr'>ἀλλά</span> <span class='ocrx_word' id='word_1_123' title='bbox 1425 1951 1517 2001; x_wconf 77' lang='grc' dir='ltr'>καὶ</span> <span class='ocrx_word' id='word_1_124' title='bbox 1539 1949 1631 2002; x_wconf 87' lang='grc' dir='ltr'>τοῦ</span> <span class='ocrx_word' id='word_1_125' title='bbox 1654 1950 1824 2013; x_wconf 77' lang='grc' dir='ltr'>εἴδους</span> <span class='ocrx_word' id='word_1_126' title='bbox 1847 1952 1985 2020; x_wconf 82' lang='grc' dir='ltr'>πρὸς</span> <span class='ocrx_word' id='word_1_127' title='bbox 2010 1952 2037 2004; x_wconf 88' lang='grc' dir='ltr'><strong>ὃ</strong></span> <span class='ocrx_word' id='word_1_128' title='bbox 2058 1954 2226 2008; x_wconf 88' lang='grc' dir='ltr'>ἐστιν.</span> 
     </span>
    </p>
   </div>
   <div class='ocr_carea' id='block_1_18' title="bbox 675 2036 2228 2108">
    <p class='ocr_par' dir='ltr' id='par_1_18' title="bbox 675 2036 2228 2108">
     <span class='ocr_line' id='line_1_18' title="bbox 675 2036 2228 2108; baseline 0.004 -19"><span class='ocrx_word' id='word_1_129' title='bbox 675 2038 804 2089; x_wconf 78' lang='grc' dir='ltr'>Ἰδοὺ</span> <span class='ocrx_word' id='word_1_130' title='bbox 838 2037 1011 2100; x_wconf 80' lang='grc' dir='ltr'>κτίσις</span> <span class='ocrx_word' id='word_1_131' title='bbox 1034 2039 1067 2106; x_wconf 86' lang='grc' dir='ltr'>ή</span> <span class='ocrx_word' id='word_1_132' title='bbox 1096 2037 1291 2108; x_wconf 81' lang='grc' dir='ltr'>ἀρίστη</span> <span class='ocrx_word' id='word_1_133' title='bbox 1327 2036 1572 2091; x_wconf 81' lang='grc' dir='ltr'>πολιτεία</span> <span class='ocrx_word' id='word_1_134' title='bbox 1603 2037 1839 2107; x_wconf 87' lang='grc' dir='ltr'>λέγεται.</span> <span class='ocrx_word' id='word_1_135' title='bbox 1874 2039 2010 2093; x_wconf 77' lang='grc' dir='ltr'>Κατ’</span> <span class='ocrx_word' id='word_1_136' title='bbox 2043 2040 2228 2095; x_wconf 81' lang='grc' dir='ltr'>εἰκόνα</span> 
     </span>
    </p>
   </div>
   <div class='ocr_carea' id='block_1_19' title="bbox 659 2124 2227 2196">
    <p class='ocr_par' dir='ltr' id='par_1_19' title="bbox 659 2124 2227 2196">
     <span class='ocr_line' id='line_1_19' title="bbox 659 2124 2227 2196; baseline 0.003 -19"><span class='ocrx_word' id='word_1_137' title='bbox 659 2125 896 2194; x_wconf 85' lang='grc' dir='ltr'>Χριστοῦ</span> <span class='ocrx_word' id='word_1_138' title='bbox 921 2140 932 2153; x_wconf 75' lang='grc'><strong><em>⁸</em></strong></span> <span class='ocrx_word' id='word_1_139' title='bbox 991 2124 1150 2178; x_wconf 86' lang='grc' dir='ltr'>τοῦτο</span> <span class='ocrx_word' id='word_1_140' title='bbox 1200 2125 1308 2196; x_wconf 89' lang='grc' dir='ltr'>γάρ</span> <span class='ocrx_word' id='word_1_141' title='bbox 1366 2127 1503 2187; x_wconf 83' lang='grc' dir='ltr'>ἐστι,</span> <span class='ocrx_word' id='word_1_142' title='bbox 1536 2127 1674 2180; x_wconf 87' lang='grc' dir='ltr'>Κατ’</span> <span class='ocrx_word' id='word_1_143' title='bbox 1715 2129 1922 2183; x_wconf 80' lang='grc' dir='ltr'>εἰκόνα</span> <span class='ocrx_word' id='word_1_144' title='bbox 1957 2129 2064 2183; x_wconf 85' lang='grc' dir='ltr'>τοῦ</span> <span class='ocrx_word' id='word_1_145' title='bbox 2101 2130 2227 2183; x_wconf 83' lang='grc' dir='ltr'>κτί-</span> 
     </span>
    </p>
   </div>
   <div class='ocr_carea' id='block_1_20' title="bbox 657 2214 2229 2287">
    <p class='ocr_par' dir='ltr' id='par_1_20' title="bbox 657 2214 2229 2287">
     <span class='ocr_line' id='line_1_20' title="bbox 657 2214 2229 2287; baseline 0.003 -20"><span class='ocrx_word' id='word_1_146' title='bbox 657 2228 887 2277; x_wconf 86' lang='grc' dir='ltr'>σαντος</span> <span class='ocrx_word' id='word_1_147' title='bbox 911 2216 1125 2267; x_wconf 81' lang='grc' dir='ltr'>αὐτόν·</span> <span class='ocrx_word' id='word_1_148' title='bbox 1186 2214 1306 2267; x_wconf 77' lang='grc' dir='ltr'>ἐπεὶ</span> <span class='ocrx_word' id='word_1_149' title='bbox 1332 2216 1426 2268; x_wconf 78' lang='grc' dir='ltr'>καὶ</span> <span class='ocrx_word' id='word_1_150' title='bbox 1471 2217 1499 2268; x_wconf 92' lang='grc' dir='ltr'>ό</span> <span class='ocrx_word' id='word_1_151' title='bbox 1542 2215 1774 2285; x_wconf 84' lang='grc' dir='ltr'>Χριστὸς</span> <span class='ocrx_word' id='word_1_152' title='bbox 1799 2215 1859 2268; x_wconf 86' lang='grc' dir='ltr'>οὑ</span> <span class='ocrx_word' id='word_1_153' title='bbox 1892 2216 2028 2285; x_wconf 84' lang='grc' dir='ltr'>πρὸς</span> <span class='ocrx_word' id='word_1_154' title='bbox 2051 2216 2229 2287; x_wconf 87' lang='grc' dir='ltr'>γῆρας</span> 
     </span>
    </p>
   </div>
   <div class='ocr_carea' id='block_1_21' title="bbox 659 2298 2230 2373">
    <p class='ocr_par' dir='ltr' id='par_1_21' title="bbox 659 2298 2230 2373">
     <span class='ocr_line' id='line_1_21' title="bbox 659 2298 2230 2373; baseline 0.003 -20"><span class='ocrx_word' id='word_1_155' title='bbox 659 2301 1029 2371; x_wconf 88' lang='grc' dir='ltr'>ἐτελεύτησεν,</span> <span class='ocrx_word' id='word_1_156' title='bbox 1059 2301 1173 2354; x_wconf 78' lang='grc' dir='ltr'>ἀλλ’</span> <span class='ocrx_word' id='word_1_157' title='bbox 1199 2300 1372 2364; x_wconf 76' lang='grc' dir='ltr'>οὕτως</span> <span class='ocrx_word' id='word_1_158' title='bbox 1398 2298 1466 2372; x_wconf 81' lang='grc' dir='ltr'>ἦν</span> <span class='ocrx_word' id='word_1_159' title='bbox 1496 2303 1679 2368; x_wconf 84' lang='grc' dir='ltr'>καλὸς,</span> <span class='ocrx_word' id='word_1_160' title='bbox 1719 2304 1794 2365; x_wconf 82' lang='grc' dir='ltr'>ὡς</span> <span class='ocrx_word' id='word_1_161' title='bbox 1830 2305 1965 2373; x_wconf 86' lang='grc' dir='ltr'>μηδέ</span> <span class='ocrx_word' id='word_1_162' title='bbox 1991 2299 2127 2357; x_wconf 70' lang='grc' dir='ltr'>εἶναι</span> <span class='ocrx_word' id='word_1_163' title='bbox 2151 2306 2230 2359; x_wconf 83' lang='grc' dir='ltr'>εί-</span> 
     </span>
    </p>
   </div>
   <div class='ocr_carea' id='block_1_22' title="bbox 659 2390 2230 2459">
    <p class='ocr_par' dir='ltr' id='par_1_22' title="bbox 659 2390 2230 2459">
     <span class='ocr_line' id='line_1_22' title="bbox 659 2390 2230 2459; baseline 0.003 -17"><span class='ocrx_word' id='word_1_164' title='bbox 659 2393 801 2442; x_wconf 88' lang='grc' dir='ltr'>πεῖν.</span> <span class='ocrx_word' id='word_1_165' title='bbox 828 2390 1018 2443; x_wconf 79' lang='grc' dir='ltr'>Ὅπου</span> <span class='ocrx_word' id='word_1_166' title='bbox 1043 2392 1153 2443; x_wconf 79' lang='grc' dir='ltr'>οὐκ</span> <span class='ocrx_word' id='word_1_167' title='bbox 1179 2390 1270 2443; x_wconf 80' lang='grc' dir='ltr'>ἔνι</span> <span class='ocrx_word' id='word_1_168' title='bbox 1292 2391 1529 2457; x_wconf 77' lang='grc' dir='ltr'>’Ἕλλην</span> <span class='ocrx_word' id='word_1_169' title='bbox 1565 2391 1663 2444; x_wconf 78' lang='grc' dir='ltr'>καὶ</span> <span class='ocrx_word' id='word_1_170' title='bbox 1726 2391 2034 2457; x_wconf 81' lang='grc' dir='ltr'>Ἰουδαῖος,</span> <span class='ocrx_word' id='word_1_171' title='bbox 2068 2408 2230 2459; x_wconf 82' lang='grc' dir='ltr'>περι·-</span> 
     </span>
    </p>
   </div>
   <div class='ocr_carea' id='block_1_23' title="bbox 658 2477 2226 2546">
    <p class='ocr_par' dir='ltr' id='par_1_23' title="bbox 658 2477 2226 2546">
     <span class='ocr_line' id='line_1_23' title="bbox 658 2477 2226 2546; baseline 0.003 -17"><span class='ocrx_word' id='word_1_172' title='bbox 658 2477 808 2545; x_wconf 75' lang='grc' dir='ltr'>τομὴ</span> <span class='ocrx_word' id='word_1_173' title='bbox 845 2477 943 2530; x_wconf 78' lang='grc' dir='ltr'>καί</span> <span class='ocrx_word' id='word_1_174' title='bbox 995 2477 1385 2544; x_wconf 76' lang='grc' dir='ltr'>ἀκροϐυστία,</span> <span class='ocrx_word' id='word_1_175' title='bbox 1432 2477 1758 2546; x_wconf 76' lang='grc' dir='ltr'>βάρϐαρος,</span> <span class='ocrx_word' id='word_1_176' title='bbox 1800 2480 2055 2545; x_wconf 85' lang='grc' dir='ltr'>Σκύθης,</span> <span class='ocrx_word' id='word_1_177' title='bbox 2086 2479 2226 2535; x_wconf 80' lang='grc' dir='ltr'>δοῦ-</span> 
     </span>
    </p>
   </div>
   <div class='ocr_carea' id='block_1_24' title="bbox 659 2566 2228 2634">
    <p class='ocr_par' dir='ltr' id='par_1_24' title="bbox 659 2566 2228 2634">
     <span class='ocr_line' id='line_1_24' title="bbox 659 2566 2228 2634; baseline 0.002 -14"><span class='ocrx_word' id='word_1_178' title='bbox 659 2569 789 2631; x_wconf 73' lang='grc' dir='ltr'>λος,</span> <span class='ocrx_word' id='word_1_179' title='bbox 822 2566 1158 2634; x_wconf 72' lang='grc' dir='ltr'>ἐλεύθερος,</span> <span class='ocrx_word' id='word_1_180' title='bbox 1191 2566 1353 2620; x_wconf 74' lang='grc' dir='ltr'><em>ἀλλὰ</em></span> <span class='ocrx_word' id='word_1_181' title='bbox 1404 2567 1477 2620; x_wconf 83' lang='grc' dir='ltr'>τὰ</span> <span class='ocrx_word' id='word_1_182' title='bbox 1529 2566 1747 2629; x_wconf 77' lang='grc' dir='ltr'>πάντα,</span> <span class='ocrx_word' id='word_1_183' title='bbox 1806 2568 1907 2620; x_wconf 82' lang='grc' dir='ltr'>καί</span> <span class='ocrx_word' id='word_1_184' title='bbox 1962 2568 2033 2622; x_wconf 84' lang='grc' dir='ltr'>ἐν</span> <span class='ocrx_word' id='word_1_185' title='bbox 2078 2568 2228 2623; x_wconf 79' lang='grc' dir='ltr'>πᾶσι</span> 
     </span>
    </p>
   </div>
   <div class='ocr_carea' id='block_1_25' title="bbox 658 2653 2225 2726">
    <p class='ocr_par' dir='ltr' id='par_1_25' title="bbox 658 2653 2225 2726">
     <span class='ocr_line' id='line_1_25' title="bbox 658 2653 2225 2726; baseline 0.001 -19"><span class='ocrx_word' id='word_1_186' title='bbox 658 2656 931 2721; x_wconf 82' lang='grc' dir='ltr'>Χριστός.</span> <span class='ocrx_word' id='word_1_187' title='bbox 968 2655 1100 2708; x_wconf 75' lang='grc' dir='ltr'>Ἰδοὺ</span> <span class='ocrx_word' id='word_1_188' title='bbox 1144 2655 1325 2725; x_wconf 82' lang='grc' dir='ltr'>τρίτον</span> <span class='ocrx_word' id='word_1_189' title='bbox 1358 2653 1632 2724; x_wconf 85' lang='grc' dir='ltr'>ἐγκώμιον</span> <span class='ocrx_word' id='word_1_190' title='bbox 1663 2654 1758 2708; x_wconf 88' lang='grc' dir='ltr'>τοῦ</span> <span class='ocrx_word' id='word_1_191' title='bbox 1787 2655 1978 2726; x_wconf 80' lang='grc' dir='ltr'>ἀνδρὸς</span> <span class='ocrx_word' id='word_1_192' title='bbox 2009 2655 2225 2721; x_wconf 90' lang='grc' dir='ltr'>τούτου,</span> 
     </span>
    </p>
   </div>
   <div class='ocr_carea' id='block_1_26' title="bbox 652 2742 2227 2816">
    <p class='ocr_par' dir='ltr' id='par_1_26' title="bbox 652 2742 2227 2816">
     <span class='ocr_line' id='line_1_26' title="bbox 652 2742 2227 2816; baseline 0.003 -22"><span class='ocrx_word' id='word_1_193' title='bbox 652 2742 785 2795; x_wconf 81' lang='grc' dir='ltr'>ὅταν</span> <span class='ocrx_word' id='word_1_194' title='bbox 818 2744 955 2813; x_wconf 86' lang='grc' dir='ltr'>μήτε</span> <span class='ocrx_word' id='word_1_195' title='bbox 986 2742 1189 2806; x_wconf 78' lang='grc' dir='ltr'>ἔθνους,</span> <span class='ocrx_word' id='word_1_196' title='bbox 1229 2744 1366 2813; x_wconf 90' lang='grc' dir='ltr'>μήτε</span> <span class='ocrx_word' id='word_1_197' title='bbox 1409 2743 1737 2812; x_wconf 79' lang='grc' dir='ltr'>ἀξιώματος,</span> <span class='ocrx_word' id='word_1_198' title='bbox 1778 2745 1916 2813; x_wconf 88' lang='grc' dir='ltr'>μήτε</span> <span class='ocrx_word' id='word_1_199' title='bbox 1944 2744 2227 2816; x_wconf 90' lang='grc' dir='ltr'>προγόνων</span> 
     </span>
    </p>
   </div>
   <div class='ocr_carea' id='block_1_27' title="bbox 653 2831 2222 2904">
    <p class='ocr_par' dir='ltr' id='par_1_27' title="bbox 653 2831 2222 2904">
     <span class='ocr_line' id='line_1_27' title="bbox 653 2831 2222 2904; baseline 0.002 -21"><span class='ocrx_word' id='word_1_200' title='bbox 653 2831 887 2901; x_wconf 86' lang='grc' dir='ltr'>διαφορά</span> <span class='ocrx_word' id='word_1_201' title='bbox 918 2831 1323 2901; x_wconf 81' lang='grc' dir='ltr'>ἐπεισέρχηται,</span> <span class='ocrx_word' id='word_1_202' title='bbox 1355 2832 1484 2884; x_wconf 83' lang='grc' dir='ltr'>ὅταν</span> <span class='ocrx_word' id='word_1_203' title='bbox 1512 2832 1610 2904; x_wconf 81' lang='grc' dir='ltr'>ἔχῃ</span> <span class='ocrx_word' id='word_1_204' title='bbox 1657 2831 1768 2884; x_wconf 82' lang='grc' dir='ltr'>τῶν</span> <span class='ocrx_word' id='word_1_205' title='bbox 1806 2831 2002 2896; x_wconf 79' lang='grc' dir='ltr'>ἔξωθεν</span> <span class='ocrx_word' id='word_1_206' title='bbox 2037 2833 2222 2903; x_wconf 83' lang='grc' dir='ltr'>μηδὲν,</span> 
     </span>
    </p>
   </div>
   <div class='ocr_carea' id='block_1_28' title="bbox 659 2917 2222 2989">
    <p class='ocr_par' dir='ltr' id='par_1_28' title="bbox 659 2917 2222 2989">
     <span class='ocr_line' id='line_1_28' title="bbox 659 2917 2222 2989; baseline 0.002 -18"><span class='ocrx_word' id='word_1_207' title='bbox 659 2919 792 2989; x_wconf 82' lang='grc' dir='ltr'>μηδὲ</span> <span class='ocrx_word' id='word_1_208' title='bbox 820 2919 1004 2983; x_wconf 85' lang='grc' dir='ltr'>δέηται</span> <span class='ocrx_word' id='word_1_209' title='bbox 1034 2918 1237 2971; x_wconf 88' lang='grc' dir='ltr'>τούτων</span> <span class='ocrx_word' id='word_1_210' title='bbox 1259 2935 1272 2947; x_wconf 76' lang='grc'><strong>⁸</strong></span> <span class='ocrx_word' id='word_1_211' title='bbox 1302 2919 1528 2972; x_wconf 86' lang='grc' dir='ltr'>τοιαῦτα</span> <span class='ocrx_word' id='word_1_212' title='bbox 1560 2919 1667 2989; x_wconf 80' lang='grc' dir='ltr'>γάρ</span> <span class='ocrx_word' id='word_1_213' title='bbox 1696 2919 1870 2973; x_wconf 89' lang='grc' dir='ltr'>πάντα</span> <span class='ocrx_word' id='word_1_214' title='bbox 1897 2918 1965 2972; x_wconf 79' lang='grc' dir='ltr'>τὰ</span> <span class='ocrx_word' id='word_1_215' title='bbox 2004 2917 2222 2984; x_wconf 79' lang='grc' dir='ltr'>ἔξωθεν.</span> 
     </span>
    </p>
   </div>
   <div class='ocr_carea' id='block_1_29' title="bbox 656 3004 2226 3077">
    <p class='ocr_par' dir='ltr' id='par_1_29' title="bbox 656 3004 2226 3077">
     <span class='ocr_line' id='line_1_29' title="bbox 656 3004 2226 3077; baseline 0.001 -19"><span class='ocrx_word' id='word_1_216' title='bbox 656 3004 932 3076; x_wconf 85' lang='grc' dir='ltr'>Περιτομὴ</span> <span class='ocrx_word' id='word_1_217' title='bbox 962 3006 1056 3059; x_wconf 74' lang='grc' dir='ltr'>καὶ</span> <span class='ocrx_word' id='word_1_218' title='bbox 1101 3006 1467 3076; x_wconf 81' lang='grc' dir='ltr'>ἀκροϐυστία’</span> <span class='ocrx_word' id='word_1_219' title='bbox 1524 3006 1730 3069; x_wconf 88' lang='grc' dir='ltr'>δοῦλος,</span> <span class='ocrx_word' id='word_1_220' title='bbox 1770 3006 2073 3077; x_wconf 85' lang='grc' dir='ltr'>ἐλεύθερος,</span> <span class='ocrx_word' id='word_1_221' title='bbox 2100 3007 2226 3060; x_wconf 83' lang='grc' dir='ltr'>Ἐλ-</span> 
     </span>
    </p>
   </div>
   <div class='ocr_carea' id='block_1_30' title="bbox 654 3092 2222 3164">
    <p class='ocr_par' dir='ltr' id='par_1_30' title="bbox 654 3092 2222 3164">
     <span class='ocr_line' id='line_1_30' title="bbox 654 3092 2222 3164; baseline 0.001 -19"><span class='ocrx_word' id='word_1_222' title='bbox 654 3094 771 3164; x_wconf 80' lang='grc' dir='ltr'>λην,</span> <span class='ocrx_word' id='word_1_223' title='bbox 799 3094 1066 3158; x_wconf 76' lang='grc' dir='ltr'>τουτέστι,</span> <span class='ocrx_word' id='word_1_224' title='bbox 1098 3093 1466 3163; x_wconf 83' lang='grc' dir='ltr'>προσήλυτος’</span> <span class='ocrx_word' id='word_1_225' title='bbox 1500 3095 1595 3147; x_wconf 70' lang='grc' dir='ltr'>καὶ</span> <span class='ocrx_word' id='word_1_226' title='bbox 1626 3093 1893 3155; x_wconf 86' lang='grc' dir='ltr'>Ἰουδαῖος,</span> <span class='ocrx_word' id='word_1_227' title='bbox 1922 3092 2222 3159; x_wconf 83' lang='grc' dir='ltr'>τουτέστιν,</span> 
     </span>
    </p>
   </div>
   <div class='ocr_carea' id='block_1_31' title="bbox 653 3179 2226 3254">
    <p class='ocr_par' dir='ltr' id='par_1_31' title="bbox 653 3179 2226 3254">
     <span class='ocr_line' id='line_1_31' title="bbox 653 3179 2226 3254; baseline 0 -19"><span class='ocrx_word' id='word_1_228' title='bbox 653 3183 718 3235; x_wconf 88' lang='grc' dir='ltr'>ἐκ</span> <span class='ocrx_word' id='word_1_229' title='bbox 753 3181 1050 3252; x_wconf 88' lang='grc' dir='ltr'>προγόνων.</span> <span class='ocrx_word' id='word_1_230' title='bbox 1079 3183 1175 3235; x_wconf 78' lang='grc' dir='ltr'>Ἂν</span> <span class='ocrx_word' id='word_1_231' title='bbox 1214 3179 1400 3235; x_wconf 87' lang='grc' dir='ltr'>τοῦτον</span> <span class='ocrx_word' id='word_1_232' title='bbox 1429 3180 1557 3254; x_wconf 75' lang='grc' dir='ltr'>ἔχῃς</span> <span class='ocrx_word' id='word_1_233' title='bbox 1589 3180 1738 3253; x_wconf 71' lang='grc'>[582]</span> <span class='ocrx_word' id='word_1_234' title='bbox 1768 3181 1946 3251; x_wconf 88' lang='grc' dir='ltr'>μόνον,</span> <span class='ocrx_word' id='word_1_235' title='bbox 1973 3181 2082 3234; x_wconf 87' lang='grc' dir='ltr'>τῶν</span> <span class='ocrx_word' id='word_1_236' title='bbox 2126 3183 2226 3237; x_wconf 86' lang='grc' dir='ltr'>αὑ-</span> 
     </span>
    </p>
   </div>
   <div class='ocr_carea' id='block_1_32' title="bbox 644 3270 2226 3343">
    <p class='ocr_par' dir='ltr' id='par_1_32' title="bbox 644 3270 2226 3343">
     <span class='ocr_line' id='line_1_32' title="bbox 644 3270 2226 3343; baseline 0.001 -18"><span class='ocrx_word' id='word_1_237' title='bbox 644 3273 760 3325; x_wconf 78' lang='grc' dir='ltr'>τῶν</span> <span class='ocrx_word' id='word_1_238' title='bbox 813 3271 1063 3343; x_wconf 75' lang='grc' dir='ltr'>ἐπιτεύξῃ</span> <span class='ocrx_word' id='word_1_239' title='bbox 1098 3274 1211 3334; x_wconf 89' lang='grc' dir='ltr'>τοῖς</span> <span class='ocrx_word' id='word_1_240' title='bbox 1248 3271 1444 3334; x_wconf 83' lang='grc' dir='ltr'>ἄλλοις,</span> <span class='ocrx_word' id='word_1_241' title='bbox 1496 3274 1608 3334; x_wconf 88' lang='grc' dir='ltr'>τοῖς</span> <span class='ocrx_word' id='word_1_242' title='bbox 1648 3270 1879 3341; x_wconf 79' lang='grc' dir='ltr'>ἔχουσιν.</span> <span class='ocrx_word' id='word_1_243' title='bbox 1918 3270 2103 3326; x_wconf 79' lang='grc' dir='ltr'>Ἀλλὰ</span> <span class='ocrx_word' id='word_1_244' title='bbox 2152 3274 2226 3327; x_wconf 83' lang='grc' dir='ltr'>τὰ</span> 
     </span>
    </p>
   </div>
   <div class='ocr_carea' id='block_1_33' title="bbox 656 3358 2219 3428">
    <p class='ocr_par' dir='ltr' id='par_1_33' title="bbox 656 3358 2219 3428">
     <span class='ocr_line' id='line_1_33' title="bbox 656 3358 2219 3428; baseline 0.002 -17"><span class='ocrx_word' id='word_1_245' title='bbox 656 3361 871 3418; x_wconf 69' lang='grc' dir='ltr'>πάντα.</span> <span class='ocrx_word' id='word_1_246' title='bbox 913 3360 1010 3412; x_wconf 78' lang='grc' dir='ltr'>καὶ</span> <span class='ocrx_word' id='word_1_247' title='bbox 1057 3360 1126 3411; x_wconf 88' lang='grc' dir='ltr'>ἐν</span> <span class='ocrx_word' id='word_1_248' title='bbox 1158 3358 1329 3419; x_wconf 83' lang='grc' dir='ltr'>πᾶσι,</span> <span class='ocrx_word' id='word_1_249' title='bbox 1379 3360 1563 3428; x_wconf 64' lang='grc' dir='ltr'>φησιν,</span> <span class='ocrx_word' id='word_1_250' title='bbox 1616 3360 1903 3428; x_wconf 86' lang='grc' dir='ltr'>Χριστός⁶</span> <span class='ocrx_word' id='word_1_251' title='bbox 1952 3361 2219 3422; x_wconf 86' lang='grc' dir='ltr'>τουτέστι.</span> 
     </span>
    </p>
   </div>
   <div class='ocr_carea' id='block_1_34' title="bbox 650 3446 2221 3517">
    <p class='ocr_par' dir='ltr' id='par_1_34' title="bbox 650 3446 2221 3517">
     <span class='ocr_line' id='line_1_34' title="bbox 650 3446 2221 3517; baseline 0.003 -20"><span class='ocrx_word' id='word_1_252' title='bbox 650 3446 835 3500; x_wconf 77' lang='grc' dir='ltr'>Πάντα</span> <span class='ocrx_word' id='word_1_253' title='bbox 860 3446 986 3515; x_wconf 88' lang='grc' dir='ltr'>ὑμῖν</span> <span class='ocrx_word' id='word_1_254' title='bbox 1012 3447 1041 3499; x_wconf 87' lang='grc' dir='ltr'>ό</span> <span class='ocrx_word' id='word_1_255' title='bbox 1076 3447 1307 3516; x_wconf 84' lang='grc' dir='ltr'>Χριστὸς</span> <span class='ocrx_word' id='word_1_256' title='bbox 1336 3446 1509 3505; x_wconf 78' lang='grc' dir='ltr'>ἔσται,</span> <span class='ocrx_word' id='word_1_257' title='bbox 1544 3446 1636 3500; x_wconf 77' lang='grc' dir='ltr'>καὶ</span> <span class='ocrx_word' id='word_1_258' title='bbox 1666 3446 1879 3517; x_wconf 80' lang='grc' dir='ltr'>ἀξίωμα</span> <span class='ocrx_word' id='word_1_259' title='bbox 1917 3450 2012 3501; x_wconf 75' lang='grc' dir='ltr'>καὶ</span> <span class='ocrx_word' id='word_1_260' title='bbox 2044 3450 2221 3517; x_wconf 86' lang='grc' dir='ltr'>γένος,</span> 
     </span>
    </p>
   </div>
   <div class='ocr_carea' id='block_1_35' title="bbox 652 3534 2222 3605">
    <p class='ocr_par' dir='ltr' id='par_1_35' title="bbox 652 3534 2222 3605">
     <span class='ocr_line' id='line_1_35' title="bbox 652 3534 2222 3605; baseline 0.002 -18"><span class='ocrx_word' id='word_1_261' title='bbox 652 3534 748 3587; x_wconf 75' lang='grc' dir='ltr'>καὶ</span> <span class='ocrx_word' id='word_1_262' title='bbox 782 3536 840 3586; x_wconf 87' lang='grc' dir='ltr'>ἐν</span> <span class='ocrx_word' id='word_1_263' title='bbox 862 3536 1029 3586; x_wconf 85' lang='grc' dir='ltr'>πᾶσιν</span> <span class='ocrx_word' id='word_1_264' title='bbox 1085 3536 1213 3605; x_wconf 91' lang='grc' dir='ltr'>ὑμῖν</span> <span class='ocrx_word' id='word_1_265' title='bbox 1239 3535 1420 3597; x_wconf 88' lang='grc' dir='ltr'>αὑτός.</span> <span class='ocrx_word' id='word_1_266' title='bbox 1442 3536 1511 3587; x_wconf 86' lang='grc' dir='ltr'><em>Ἢ</em></span> <span class='ocrx_word' id='word_1_267' title='bbox 1560 3534 1744 3603; x_wconf 78' lang='grc' dir='ltr'>ἕτερόν</span> <span class='ocrx_word' id='word_1_268' title='bbox 1794 3534 1846 3588; x_wconf 82' lang='grc' dir='ltr'>τί</span> <span class='ocrx_word' id='word_1_269' title='bbox 1903 3552 2086 3604; x_wconf 83' lang='grc' dir='ltr'>φησιν,</span> <span class='ocrx_word' id='word_1_270' title='bbox 2139 3538 2222 3591; x_wconf 78' lang='grc' dir='ltr'>ὅτι</span> 
     </span>
    </p>
   </div>
   <div class='ocr_carea' id='block_1_36' title="bbox 648 3617 2219 3692">
    <p class='ocr_par' dir='ltr' id='par_1_36' title="bbox 648 3617 2219 3692">
     <span class='ocr_line' id='line_1_36' title="bbox 648 3617 2219 3692; baseline 0.001 -16"><span class='ocrx_word' id='word_1_271' title='bbox 648 3622 860 3685; x_wconf 80' lang='grc' dir='ltr'>Πάντες</span> <span class='ocrx_word' id='word_1_272' title='bbox 892 3623 1123 3692; x_wconf 83' lang='grc' dir='ltr'>Χριστὸς</span> <span class='ocrx_word' id='word_1_273' title='bbox 1176 3617 1257 3686; x_wconf 74' lang='grc' dir='ltr'>εἷς</span> <span class='ocrx_word' id='word_1_274' title='bbox 1306 3622 1576 3691; x_wconf 86' lang='grc' dir='ltr'>ἐγένεσθε,</span> <span class='ocrx_word' id='word_1_275' title='bbox 1635 3622 1793 3691; x_wconf 82' lang='grc' dir='ltr'>σῶμα.</span> <span class='ocrx_word' id='word_1_276' title='bbox 1838 3623 2001 3676; x_wconf 85' lang='grc' dir='ltr'>αὑτοῦ</span> <span class='ocrx_word' id='word_1_277' title='bbox 2048 3624 2219 3687; x_wconf 80' lang='grc' dir='ltr'>ὄντες.</span> 
     </span>
    </p>
   </div>
   <div class='ocr_carea' id='block_1_37' title="bbox 663 3707 2220 3779">
    <p class='ocr_par' dir='ltr' id='par_1_37' title="bbox 663 3707 2220 3779">
     <span class='ocr_line' id='line_1_37' title="bbox 663 3707 2220 3779; baseline 0 -14"><span class='ocrx_word' id='word_1_278' title='bbox 663 3712 1034 3765; x_wconf 79' lang='grc' dir='ltr'>Ἐνδύσασθε</span> <span class='ocrx_word' id='word_1_279' title='bbox 1087 3707 1221 3774; x_wconf 83' lang='grc' dir='ltr'>οὖν,</span> <span class='ocrx_word' id='word_1_280' title='bbox 1255 3710 1336 3773; x_wconf 84' lang='grc' dir='ltr'>ὡς</span> <span class='ocrx_word' id='word_1_281' title='bbox 1387 3709 1657 3763; x_wconf 74' lang='grc' dir='ltr'>ἐκλεκτοὶ</span> <span class='ocrx_word' id='word_1_282' title='bbox 1689 3710 1794 3764; x_wconf 85' lang='grc' dir='ltr'>τοῦ</span> <span class='ocrx_word' id='word_1_283' title='bbox 1837 3710 2007 3773; x_wconf 82' lang='grc' dir='ltr'>Θεοῦ,</span> <span class='ocrx_word' id='word_1_284' title='bbox 2065 3711 2220 3779; x_wconf 81' lang='grc' dir='ltr'>ἅγιοι</span> 
     </span>
    </p>
   </div>
   <div class='ocr_carea' id='block_1_38' title="bbox 648 3797 2219 3870">
    <p class='ocr_par' dir='ltr' id='par_1_38' title="bbox 648 3797 2219 3870">
     <span class='ocr_line' id='line_1_38' title="bbox 648 3797 2219 3870; baseline 0 -19"><span class='ocrx_word' id='word_1_285' title='bbox 648 3798 750 3851; x_wconf 72' lang='grc' dir='ltr'>καὶ</span> <span class='ocrx_word' id='word_1_286' title='bbox 777 3797 1175 3866; x_wconf 73' lang='grc' dir='ltr'>ἠγαπημένοι.</span> <span class='ocrx_word' id='word_1_287' title='bbox 1228 3797 1301 3851; x_wconf 86' lang='grc' dir='ltr'>Τὸ</span> <span class='ocrx_word' id='word_1_288' title='bbox 1334 3797 1551 3851; x_wconf 73' lang='grc' dir='ltr'>εὔκολον</span> <span class='ocrx_word' id='word_1_289' title='bbox 1592 3798 1829 3851; x_wconf 87' lang='grc' dir='ltr'>δείκνυσι</span> <span class='ocrx_word' id='word_1_290' title='bbox 1867 3797 1967 3866; x_wconf 77' lang='grc' dir='ltr'>τῆς</span> <span class='ocrx_word' id='word_1_291' title='bbox 1995 3799 2219 3870; x_wconf 85' lang='grc' dir='ltr'>ἀρετῆς,</span> 
     </span>
    </p>
   </div>
   <div class='ocr_carea' id='block_1_39' title="bbox 651 3886 2221 3959">
    <p class='ocr_par' dir='ltr' id='par_1_39' title="bbox 651 3886 2221 3959">
     <span class='ocr_line' id='line_1_39' title="bbox 651 3886 2221 3959; baseline 0.001 -20"><span class='ocrx_word' id='word_1_292' title='bbox 651 3886 788 3939; x_wconf 73' lang='grc' dir='ltr'>ὥστε</span> <span class='ocrx_word' id='word_1_293' title='bbox 816 3888 909 3940; x_wconf 76' lang='grc' dir='ltr'>καὶ</span> <span class='ocrx_word' id='word_1_294' title='bbox 939 3888 1199 3957; x_wconf 84' lang='grc' dir='ltr'>διηνεκῶς</span> <span class='ocrx_word' id='word_1_295' title='bbox 1232 3888 1402 3957; x_wconf 80' lang='grc' dir='ltr'>αὑτὴν</span> <span class='ocrx_word' id='word_1_296' title='bbox 1443 3886 1609 3957; x_wconf 83' lang='grc' dir='ltr'>ἔχειν,</span> <span class='ocrx_word' id='word_1_297' title='bbox 1644 3888 1735 3940; x_wconf 68' lang='grc' dir='ltr'>καὶ</span> <span class='ocrx_word' id='word_1_298' title='bbox 1760 3887 1900 3940; x_wconf 83' lang='grc' dir='ltr'>ὥστε</span> <span class='ocrx_word' id='word_1_299' title='bbox 1936 3888 2011 3951; x_wconf 85' lang='grc' dir='ltr'>ὼς</span> <span class='ocrx_word' id='word_1_300' title='bbox 2067 3889 2221 3959; x_wconf 89' lang='grc' dir='ltr'>μεγί-</span> 
     </span>
    </p>
   </div>
   <div class='ocr_carea' id='block_1_40' title="bbox 653 3972 2220 4047">
    <p class='ocr_par' dir='ltr' id='par_1_40' title="bbox 653 3972 2220 4047">
     <span class='ocr_line' id='line_1_40' title="bbox 653 3972 2220 4047; baseline 0.003 -24"><span class='ocrx_word' id='word_1_301' title='bbox 653 3992 762 4043; x_wconf 80' lang='grc' dir='ltr'>στῳ</span> <span class='ocrx_word' id='word_1_302' title='bbox 792 3974 981 4042; x_wconf 85' lang='grc' dir='ltr'>κόσμῳ</span> <span class='ocrx_word' id='word_1_303' title='bbox 1011 3972 1330 4043; x_wconf 79' lang='grc' dir='ltr'>κεχρῆσθαι.</span> <span class='ocrx_word' id='word_1_304' title='bbox 1364 3975 1472 4025; x_wconf 83' lang='lat' dir='ltr'><strong><em>Kal</em></strong></span> <span class='ocrx_word' id='word_1_305' title='bbox 1500 3974 1616 4043; x_wconf 84' lang='grc' dir='ltr'>μετ’</span> <span class='ocrx_word' id='word_1_306' title='bbox 1644 3976 1919 4044; x_wconf 85' lang='grc' dir='ltr'>ἐγκωμίου</span> <span class='ocrx_word' id='word_1_307' title='bbox 1948 3978 1982 4047; x_wconf 84' lang='grc' dir='ltr'><strong>ἡ</strong></span> <span class='ocrx_word' id='word_1_308' title='bbox 2018 3976 2220 4047; x_wconf 88' lang='grc' dir='ltr'>παραί-</span> 
     </span>
    </p>
   </div>
   <div class='ocr_carea' id='block_1_41' title="bbox 654 4060 2218 4135">
    <p class='ocr_par' dir='ltr' id='par_1_41' title="bbox 654 4060 2218 4135">
     <span class='ocr_line' id='line_1_41' title="bbox 654 4060 2218 4135; baseline 0.003 -23"><span class='ocrx_word' id='word_1_309' title='bbox 654 4077 796 4122; x_wconf 87' lang='grc' dir='ltr'>νεσις</span> <span class='ocrx_word' id='word_1_310' title='bbox 817 4076 830 4089; x_wconf 89' lang='grc'><strong>·</strong></span> <span class='ocrx_word' id='word_1_311' title='bbox 871 4060 992 4112; x_wconf 88' lang='grc' dir='ltr'>τότε</span> <span class='ocrx_word' id='word_1_312' title='bbox 1014 4061 1119 4129; x_wconf 77' lang='grc' dir='ltr'>γάρ</span> <span class='ocrx_word' id='word_1_313' title='bbox 1146 4060 1377 4129; x_wconf 86' lang='grc' dir='ltr'>μάλιστα</span> <span class='ocrx_word' id='word_1_314' title='bbox 1402 4060 1595 4130; x_wconf 86' lang='grc' dir='ltr'>ἰσχύει.</span> <span class='ocrx_word' id='word_1_315' title='bbox 1614 4060 1889 4128; x_wconf 83' lang='grc' dir='ltr'>Ἐγένοντο</span> <span class='ocrx_word' id='word_1_316' title='bbox 1919 4063 2025 4135; x_wconf 79' lang='grc' dir='ltr'>γὰρ</span> <span class='ocrx_word' id='word_1_317' title='bbox 2050 4062 2218 4130; x_wconf 83' lang='grc' dir='ltr'>ἆγιοι,</span> 
     </span>
    </p>
   </div>
   <div class='ocr_carea' id='block_1_42' title="bbox 649 4146 2218 4218">
    <p class='ocr_par' dir='ltr' id='par_1_42' title="bbox 649 4146 2218 4218">
     <span class='ocr_line' id='line_1_42' title="bbox 649 4146 2218 4218; baseline 0.002 -18"><span class='ocrx_word' id='word_1_318' title='bbox 649 4147 763 4200; x_wconf 80' lang='grc' dir='ltr'>ἀλλ’</span> <span class='ocrx_word' id='word_1_319' title='bbox 791 4148 890 4199; x_wconf 83' lang='grc' dir='ltr'>οὑκ</span> <span class='ocrx_word' id='word_1_320' title='bbox 918 4146 1196 4199; x_wconf 79' lang='grc' dir='ltr'>ἐκλεκτοί’</span> <span class='ocrx_word' id='word_1_321' title='bbox 1233 4148 1351 4199; x_wconf 75' lang='grc' dir='ltr'>νυνὶ</span> <span class='ocrx_word' id='word_1_322' title='bbox 1398 4148 1456 4200; x_wconf 76' lang='grc' dir='ltr'>δὲ</span> <span class='ocrx_word' id='word_1_323' title='bbox 1505 4149 1602 4201; x_wconf 75' lang='grc' dir='ltr'>καὶ</span> <span class='ocrx_word' id='word_1_324' title='bbox 1632 4149 1880 4201; x_wconf 81' lang='grc' dir='ltr'>ἐκλεκτοὶ</span> <span class='ocrx_word' id='word_1_325' title='bbox 1926 4150 2022 4202; x_wconf 71' lang='grc' dir='ltr'>καὶ</span> <span class='ocrx_word' id='word_1_326' title='bbox 2074 4151 2218 4218; x_wconf 83' lang='grc' dir='ltr'>ἆγιοι</span> 
     </span>
    </p>
   </div>
   <div class='ocr_carea' id='block_1_43' title="bbox 540 4224 2219 4305">
    <p class='ocr_par' dir='ltr' id='par_1_43' title="bbox 540 4224 2219 4305">
     <span class='ocr_line' id='line_1_43' title="bbox 540 4224 2219 4305; baseline 0.002 -19"><span class='ocrx_word' id='word_1_327' title='bbox 540 4224 547 4235; x_wconf 79' lang='grc'><em>’</em></span> <span class='ocrx_word' id='word_1_328' title='bbox 649 4235 743 4287; x_wconf 74' lang='grc' dir='ltr'>καὶ</span> <span class='ocrx_word' id='word_1_329' title='bbox 786 4233 1154 4303; x_wconf 73' lang='grc' dir='ltr'>ἠγαπημένοι.</span> <span class='ocrx_word' id='word_1_330' title='bbox 1190 4233 1877 4305; x_wconf 76' lang='grc' dir='ltr'>Σπλιίγχναόίκτιρμοῦ.</span> <span class='ocrx_word' id='word_1_331' title='bbox 1914 4238 2029 4289; x_wconf 85' lang='grc' dir='ltr'>Οὑκ</span> <span class='ocrx_word' id='word_1_332' title='bbox 2066 4234 2219 4291; x_wconf 82' lang='grc' dir='ltr'>εἶπεν</span> 
     </span>
    </p>
   </div>
   <div class='ocr_carea' id='block_1_44' title="bbox 649 4320 2216 4393">
    <p class='ocr_par' dir='ltr' id='par_1_44' title="bbox 649 4320 2216 4393">
     <span class='ocr_line' id='line_1_44' title="bbox 649 4320 2216 4393; baseline 0.004 -20"><span class='ocrx_word' id='word_1_333' title='bbox 649 4322 815 4384; x_wconf 79' lang='grc' dir='ltr'>ἔλεον,</span> <span class='ocrx_word' id='word_1_334' title='bbox 844 4321 958 4373; x_wconf 80' lang='grc' dir='ltr'>ἀλλ’</span> <span class='ocrx_word' id='word_1_335' title='bbox 1011 4320 1485 4393; x_wconf 67' lang='grc' dir='ltr'>ἐμφαντικώτερον</span> <span class='ocrx_word' id='word_1_336' title='bbox 1515 4323 1603 4377; x_wconf 76' lang='grc' dir='ltr'>διὰ</span> <span class='ocrx_word' id='word_1_337' title='bbox 1647 4324 1757 4376; x_wconf 84' lang='grc' dir='ltr'>τῶν</span> <span class='ocrx_word' id='word_1_338' title='bbox 1805 4325 1915 4379; x_wconf 91' lang='grc' dir='ltr'>δύο.</span> <span class='ocrx_word' id='word_1_339' title='bbox 1960 4326 2071 4378; x_wconf 84' lang='lat' dir='ltr'><strong><em>Kal</em></strong></span> <span class='ocrx_word' id='word_1_340' title='bbox 2116 4326 2216 4379; x_wconf 87' lang='grc' dir='ltr'>οὑκ</span> 
     </span>
    </p>
   </div>
   <div class='ocr_carea' id='block_1_45' title="bbox 647 4406 2215 4477">
    <p class='ocr_par' dir='ltr' id='par_1_45' title="bbox 647 4406 2215 4477">
     <span class='ocr_line' id='line_1_45' title="bbox 647 4406 2215 4477; baseline 0.002 -16"><span class='ocrx_word' id='word_1_341' title='bbox 647 4406 817 4474; x_wconf 80' lang='grc' dir='ltr'>εἶπεν,</span> <span class='ocrx_word' id='word_1_342' title='bbox 850 4410 930 4462; x_wconf 82' lang='grc' dir='ltr'>ὅτι</span> <span class='ocrx_word' id='word_1_343' title='bbox 956 4410 1031 4472; x_wconf 87' lang='grc' dir='ltr'>ὡς</span> <span class='ocrx_word' id='word_1_344' title='bbox 1058 4410 1303 4477; x_wconf 81' lang='grc' dir='ltr'>ἀδελφοῖς</span> <span class='ocrx_word' id='word_1_345' title='bbox 1334 4408 1475 4467; x_wconf 78' lang='grc' dir='ltr'>οὑτω</span> <span class='ocrx_word' id='word_1_346' title='bbox 1499 4410 1827 4465; x_wconf 80' lang='grc' dir='ltr'>διατίθεσθαι</span> <span class='ocrx_word' id='word_1_347' title='bbox 1860 4411 1960 4473; x_wconf 85' lang='grc' dir='ltr'>δεῖ,</span> <span class='ocrx_word' id='word_1_348' title='bbox 1991 4411 2108 4464; x_wconf 82' lang='grc' dir='ltr'>ἀλλ’</span> <span class='ocrx_word' id='word_1_349' title='bbox 2140 4411 2215 4474; x_wconf 86' lang='grc' dir='ltr'>ὡς</span> 
     </span>
    </p>
   </div>
   <div class='ocr_carea' id='block_1_46' title="bbox 648 4498 2213 4569">
    <p class='ocr_par' dir='ltr' id='par_1_46' title="bbox 648 4498 2213 4569">
     <span class='ocr_line' id='line_1_46' title="bbox 648 4498 2213 4569; baseline 0.001 -20"><span class='ocrx_word' id='word_1_350' title='bbox 648 4498 806 4549; x_wconf 75' lang='grc' dir='ltr'>παισὶ</span> <span class='ocrx_word' id='word_1_351' title='bbox 849 4498 1101 4567; x_wconf 80' lang='grc' dir='ltr'>πατέρες.</span> <span class='ocrx_word' id='word_1_352' title='bbox 1133 4498 1223 4568; x_wconf 84' lang='grc' dir='ltr'><strong>Μὴ</strong></span> <span class='ocrx_word' id='word_1_353' title='bbox 1249 4498 1356 4568; x_wconf 88' lang='grc' dir='ltr'>γάρ</span> <span class='ocrx_word' id='word_1_354' title='bbox 1384 4515 1472 4567; x_wconf 88' lang='grc' dir='ltr'>μοι</span> <span class='ocrx_word' id='word_1_355' title='bbox 1504 4499 1683 4569; x_wconf 81' lang='grc' dir='ltr'>εἴπῃς,</span> <span class='ocrx_word' id='word_1_356' title='bbox 1710 4498 1791 4551; x_wconf 85' lang='grc' dir='ltr'>ὅτι</span> <span class='ocrx_word' id='word_1_357' title='bbox 1811 4499 2026 4569; x_wconf 78' lang='grc' dir='ltr'>ἥμαρτε</span> <span class='ocrx_word' id='word_1_358' title='bbox 2052 4514 2067 4529; x_wconf 78' lang='grc' dir='ltr'><strong><em>ο</em></strong></span> <span class='ocrx_word' id='word_1_359' title='bbox 2125 4498 2213 4551; x_wconf 78' lang='grc' dir='ltr'>διὰ</span> 
     </span>
    </p>
   </div>
   <div class='ocr_carea' id='block_1_47' title="bbox 646 4580 2212 4657">
    <p class='ocr_par' dir='ltr' id='par_1_47' title="bbox 646 4580 2212 4657">
     <span class='ocr_line' id='line_1_47' title="bbox 646 4580 2212 4657; baseline 0.001 -22"><span class='ocrx_word' id='word_1_360' title='bbox 646 4584 803 4637; x_wconf 88' lang='grc' dir='ltr'>τοῦτο</span> <span class='ocrx_word' id='word_1_361' title='bbox 837 4580 957 4636; x_wconf 76' lang='grc' dir='ltr'>εἷπε</span> <span class='ocrx_word' id='word_1_362' title='bbox 989 4584 1331 4652; x_wconf 71' lang='grc' dir='ltr'>σπλάγχνα.</span> <span class='ocrx_word' id='word_1_363' title='bbox 1392 4585 1501 4637; x_wconf 81' lang='lat' dir='ltr'><strong><em>Kal</em></strong></span> <span class='ocrx_word' id='word_1_364' title='bbox 1555 4587 1656 4639; x_wconf 90' lang='grc' dir='ltr'>οὑκ</span> <span class='ocrx_word' id='word_1_365' title='bbox 1687 4582 1860 4648; x_wconf 73' lang='grc' dir='ltr'>εἶπεν,</span> <span class='ocrx_word' id='word_1_366' title='bbox 1910 4587 2212 4657; x_wconf 76' lang='grc' dir='ltr'>οἰκτιρμὸν,</span> 
     </span>
    </p>
   </div>
   <div class='ocr_carea' id='block_1_48' title="bbox 650 4672 2215 4743">
    <p class='ocr_par' dir='ltr' id='par_1_48' title="bbox 650 4672 2215 4743">
     <span class='ocr_line' id='line_1_48' title="bbox 650 4672 2215 4743; baseline 0.003 -21"><span class='ocrx_word' id='word_1_367' title='bbox 650 4672 734 4724; x_wconf 81' lang='grc' dir='ltr'>ἵνα</span> <span class='ocrx_word' id='word_1_368' title='bbox 758 4672 832 4741; x_wconf 77' lang='grc' dir='ltr'>μὴ</span> <span class='ocrx_word' id='word_1_369' title='bbox 855 4672 1092 4735; x_wconf 75' lang='grc' dir='ltr'>ἐκείνους</span> <span class='ocrx_word' id='word_1_370' title='bbox 1112 4672 1438 4743; x_wconf 74' lang='grc' dir='ltr'>ἐξευτελίσῃ,</span> <span class='ocrx_word' id='word_1_371' title='bbox 1468 4672 1621 4737; x_wconf 79' lang='grc' dir='ltr'>ἀλλὰ,</span> <span class='ocrx_word' id='word_1_372' title='bbox 1646 4675 1973 4743; x_wconf 82' lang='grc' dir='ltr'>Σπλάγχνα</span> <span class='ocrx_word' id='word_1_373' title='bbox 2002 4678 2215 4741; x_wconf 76' lang='grc' dir='ltr'>οἰκτιρ-</span> 
     </span>
    </p>
   </div>
   <div class='ocr_carea' id='block_1_49' title="bbox 642 4759 2211 4830">
    <p class='ocr_par' dir='ltr' id='par_1_49' title="bbox 642 4759 2211 4830">
     <span class='ocr_line' id='line_1_49' title="bbox 642 4759 2211 4830; baseline 0.001 -17"><span class='ocrx_word' id='word_1_374' title='bbox 642 4759 780 4829; x_wconf 82' lang='grc' dir='ltr'>μοῦ.</span> <span class='ocrx_word' id='word_1_375' title='bbox 816 4762 1220 4827; x_wconf 78' lang='grc' dir='ltr'>Χρηστότητα,</span> <span class='ocrx_word' id='word_1_376' title='bbox 1274 4763 1851 4830; x_wconf 56' lang='grc' dir='ltr'>ταπεινοφροσύνην,</span> <span class='ocrx_word' id='word_1_377' title='bbox 1889 4762 2211 4830; x_wconf 80' lang='grc' dir='ltr'>πραότητα,</span> 
     </span>
    </p>
   </div>
   <div class='ocr_carea' id='block_1_50' title="bbox 641 4846 2208 4918">
    <p class='ocr_par' dir='ltr' id='par_1_50' title="bbox 641 4846 2208 4918">
     <span class='ocr_line' id='line_1_50' title="bbox 641 4846 2208 4918; baseline 0.003 -20"><span class='ocrx_word' id='word_1_378' title='bbox 641 4847 1056 4915; x_wconf 72' lang='grc' dir='ltr'>μακροθυμίαν</span> <span class='ocrx_word' id='word_1_379' title='bbox 1078 4862 1090 4874; x_wconf 88' lang='grc'>·</span> <span class='ocrx_word' id='word_1_380' title='bbox 1126 4846 1474 4916; x_wconf 79' lang='grc' dir='ltr'>ἀνεχόμενοι</span> <span class='ocrx_word' id='word_1_381' title='bbox 1502 4848 1809 4914; x_wconf 71' lang='grc' dir='ltr'>ἀλλήλων,</span> <span class='ocrx_word' id='word_1_382' title='bbox 1843 4851 1939 4902; x_wconf 81' lang='grc' dir='ltr'>καί</span> <span class='ocrx_word' id='word_1_383' title='bbox 1977 4850 2208 4918; x_wconf 77' lang='grc' dir='ltr'>χαριζό-</span> 
     </span>
    </p>
   </div>
   <div class='ocr_carea' id='block_1_51' title="bbox 640 4934 2206 5009">
    <p class='ocr_par' dir='ltr' id='par_1_51' title="bbox 640 4934 2206 5009">
     <span class='ocr_line' id='line_1_51' title="bbox 640 4934 2206 5009; baseline 0.003 -22"><span class='ocrx_word' id='word_1_384' title='bbox 640 4952 810 5003; x_wconf 83' lang='grc' dir='ltr'>μενοι</span> <span class='ocrx_word' id='word_1_385' title='bbox 842 4934 1097 4999; x_wconf 85' lang='grc' dir='ltr'>ἐιιυτοῒς,</span> <span class='ocrx_word' id='word_1_386' title='bbox 1138 4934 1245 4987; x_wconf 84' lang='grc' dir='ltr'>ἐάν</span> <span class='ocrx_word' id='word_1_387' title='bbox 1275 4953 1365 5000; x_wconf 89' lang='grc' dir='ltr'>τις</span> <span class='ocrx_word' id='word_1_388' title='bbox 1420 4938 1569 5003; x_wconf 81' lang='grc' dir='ltr'>πρός</span> <span class='ocrx_word' id='word_1_389' title='bbox 1604 4954 1736 4991; x_wconf 83' lang='grc' dir='ltr'>τινα</span> <span class='ocrx_word' id='word_1_390' title='bbox 1775 4938 1885 5006; x_wconf 79' lang='grc' dir='ltr'>ἔχῃ</span> <span class='ocrx_word' id='word_1_391' title='bbox 1928 4939 2206 5009; x_wconf 64' lang='grc' dir='ltr'>μομφήν·</span> 
     </span>
    </p>
   </div>
   <div class='ocr_carea' id='block_1_52' title="bbox 644 5024 2212 5097">
    <p class='ocr_par' dir='ltr' id='par_1_52' title="bbox 644 5024 2212 5097">
     <span class='ocr_line' id='line_1_52' title="bbox 644 5024 2212 5097; baseline 0.004 -20"><span class='ocrx_word' id='word_1_392' title='bbox 644 5024 835 5089; x_wconf 70' lang='grc' dir='ltr'>καθὼς</span> <span class='ocrx_word' id='word_1_393' title='bbox 866 5024 963 5076; x_wconf 81' lang='grc' dir='ltr'>καὶ</span> <span class='ocrx_word' id='word_1_394' title='bbox 990 5026 1021 5077; x_wconf 90' lang='grc' dir='ltr'>ό</span> <span class='ocrx_word' id='word_1_395' title='bbox 1051 5026 1306 5093; x_wconf 83' lang='grc' dir='ltr'>Χριστὸς</span> <span class='ocrx_word' id='word_1_396' title='bbox 1332 5028 1657 5095; x_wconf 81' lang='grc' dir='ltr'>ἐχαρίσατο</span> <span class='ocrx_word' id='word_1_397' title='bbox 1692 5028 1852 5097; x_wconf 81' lang='grc' dir='ltr'>ὑμῖν,</span> <span class='ocrx_word' id='word_1_398' title='bbox 1904 5029 2056 5082; x_wconf 76' lang='grc' dir='ltr'>οὕτω</span> <span class='ocrx_word' id='word_1_399' title='bbox 2111 5029 2212 5083; x_wconf 77' lang='grc' dir='ltr'>καὶ</span> 
     </span>
    </p>
   </div>
   <div class='ocr_carea' id='block_1_53' title="bbox 643 5112 2211 5187">
    <p class='ocr_par' dir='ltr' id='par_1_53' title="bbox 643 5112 2211 5187">
     <span class='ocr_line' id='line_1_53' title="bbox 643 5112 2211 5187; baseline 0.001 -19"><span class='ocrx_word' id='word_1_400' title='bbox 643 5112 831 5183; x_wconf 73' lang='grc' dir='ltr'>ὑμεῖς.</span> <span class='ocrx_word' id='word_1_401' title='bbox 861 5113 1025 5166; x_wconf 82' lang='grc' dir='ltr'>Πάλιν</span> <span class='ocrx_word' id='word_1_402' title='bbox 1056 5117 1175 5169; x_wconf 79' lang='grc' dir='ltr'>κατ’</span> <span class='ocrx_word' id='word_1_403' title='bbox 1203 5114 1339 5182; x_wconf 79' lang='grc' dir='ltr'>εἶδος</span> <span class='ocrx_word' id='word_1_404' title='bbox 1370 5117 1515 5184; x_wconf 84' lang='grc' dir='ltr'>λέγει</span> <span class='ocrx_word' id='word_1_405' title='bbox 1534 5132 1548 5146; x_wconf 76' lang='grc'><strong><em>⁸</em></strong></span> <span class='ocrx_word' id='word_1_406' title='bbox 1580 5116 1688 5168; x_wconf 84' lang='grc' dir='ltr'>ἀπὸ</span> <span class='ocrx_word' id='word_1_407' title='bbox 1713 5117 2075 5186; x_wconf 85' lang='grc' dir='ltr'>χρηστότητος</span> <span class='ocrx_word' id='word_1_408' title='bbox 2102 5118 2211 5187; x_wconf 86' lang='lat'>7&amp;9</span> 
     </span>
    </p>
   </div>
   <div class='ocr_carea' id='block_1_54' title="bbox 641 5203 2212 5275">
    <p class='ocr_par' dir='ltr' id='par_1_54' title="bbox 641 5203 2212 5275">
     <span class='ocr_line' id='line_1_54' title="bbox 641 5203 2212 5275; baseline 0.002 -22"><span class='ocrx_word' id='word_1_409' title='bbox 641 5203 1127 5273; x_wconf 82' lang='grc' dir='ltr'>ταπεινοφροσύνη,</span> <span class='ocrx_word' id='word_1_410' title='bbox 1181 5207 1275 5259; x_wconf 73' lang='grc' dir='ltr'>καὶ</span> <span class='ocrx_word' id='word_1_411' title='bbox 1307 5206 1414 5258; x_wconf 83' lang='grc' dir='ltr'>ἀπὸ</span> <span class='ocrx_word' id='word_1_412' title='bbox 1446 5205 1645 5275; x_wconf 85' lang='grc' dir='ltr'>ταύτης</span> <span class='ocrx_word' id='word_1_413' title='bbox 1695 5205 2059 5275; x_wconf 82' lang='grc' dir='ltr'>μακροθυμία.</span> <span class='ocrx_word' id='word_1_414' title='bbox 2095 5204 2212 5257; x_wconf 72' lang='grc' dir='ltr'>Ἀν-</span> 
     </span>
    </p>
   </div>
   <div class='ocr_carea' id='block_1_55' title="bbox 642 5292 2206 5363">
    <p class='ocr_par' dir='ltr' id='par_1_55' title="bbox 642 5292 2206 5363">
     <span class='ocr_line' id='line_1_55' title="bbox 642 5292 2206 5363; baseline -0.003 -16"><span class='ocrx_word' id='word_1_415' title='bbox 642 5295 936 5361; x_wconf 81' lang='grc' dir='ltr'>εχόμενοι,</span> <span class='ocrx_word' id='word_1_416' title='bbox 968 5294 1152 5363; x_wconf 70' lang='grc' dir='ltr'>φησὶν,</span> <span class='ocrx_word' id='word_1_417' title='bbox 1200 5294 1510 5360; x_wconf 67' lang='grc' dir='ltr'>ἀλλήλων,</span> <span class='ocrx_word' id='word_1_418' title='bbox 1540 5292 1807 5355; x_wconf 80' lang='grc' dir='ltr'>τουτέστι,</span> <span class='ocrx_word' id='word_1_419' title='bbox 1839 5292 2206 5362; x_wconf 78' lang='grc' dir='ltr'>παραπεμπόο</span> 
     </span>
    </p>
   </div>
   <div class='ocr_carea' id='block_1_56' title="bbox 645 5381 2210 5455">
    <p class='ocr_par' dir='ltr' id='par_1_56' title="bbox 645 5381 2210 5455">
     <span class='ocr_line' id='line_1_56' title="bbox 645 5381 2210 5455; baseline -0.001 -19"><span class='ocrx_word' id='word_1_420' title='bbox 645 5403 814 5453; x_wconf 85' lang='grc' dir='ltr'>μενοι.</span> <span class='ocrx_word' id='word_1_421' title='bbox 845 5384 956 5437; x_wconf 80' lang='lat' dir='ltr'><strong><em>Kal</em></strong></span> <span class='ocrx_word' id='word_1_422' title='bbox 985 5384 1085 5455; x_wconf 81' lang='grc' dir='ltr'>ὅρα</span> <span class='ocrx_word' id='word_1_423' title='bbox 1121 5384 1237 5445; x_wconf 82' lang='grc' dir='ltr'>πῶς</span> <span class='ocrx_word' id='word_1_424' title='bbox 1265 5383 1397 5436; x_wconf 83' lang='grc' dir='ltr'>αὑτὸ</span> <span class='ocrx_word' id='word_1_425' title='bbox 1446 5383 1595 5435; x_wconf 86' lang='grc' dir='ltr'>οὑδέν</span> <span class='ocrx_word' id='word_1_426' title='bbox 1626 5381 1813 5447; x_wconf 76' lang='grc' dir='ltr'>ἔδειξε,</span> <span class='ocrx_word' id='word_1_427' title='bbox 1864 5382 2083 5452; x_wconf 81' lang='grc' dir='ltr'>μομφὴν</span> <span class='ocrx_word' id='word_1_428' title='bbox 2112 5399 2210 5434; x_wconf 84' lang='grc' dir='ltr'>κα·-</span> 
     </span>
    </p>
   </div>
   <div class='ocr_carea' id='block_1_57' title="bbox 640 5467 2209 5539">
    <p class='ocr_par' dir='ltr' id='par_1_57' title="bbox 640 5467 2209 5539">
     <span class='ocr_line' id='line_1_57' title="bbox 640 5467 2209 5539; baseline -0.001 -15"><span class='ocrx_word' id='word_1_429' title='bbox 640 5473 819 5534; x_wconf 84' lang='grc' dir='ltr'>λέσας.</span> <span class='ocrx_word' id='word_1_430' title='bbox 857 5467 987 5524; x_wconf 79' lang='grc' dir='ltr'>Εἶτα</span> <span class='ocrx_word' id='word_1_431' title='bbox 1018 5472 1239 5539; x_wconf 84' lang='grc' dir='ltr'>ἐπάγει·</span> <span class='ocrx_word' id='word_1_432' title='bbox 1294 5469 1493 5535; x_wconf 86' lang='grc' dir='ltr'>Καθὼς</span> <span class='ocrx_word' id='word_1_433' title='bbox 1526 5469 1625 5522; x_wconf 76' lang='grc' dir='ltr'>καὶ</span> <span class='ocrx_word' id='word_1_434' title='bbox 1658 5472 1689 5522; x_wconf 81' lang='grc' dir='ltr'>ό</span> <span class='ocrx_word' id='word_1_435' title='bbox 1720 5469 1967 5536; x_wconf 78' lang='grc' dir='ltr'>Χριστὸς</span> <span class='ocrx_word' id='word_1_436' title='bbox 2013 5468 2209 5537; x_wconf 82' lang='grc' dir='ltr'>ἐχαρί-</span> 
     </span>
    </p>
   </div>
   <div class='ocr_carea' id='block_1_58' title="bbox 640 5558 2205 5629">
    <p class='ocr_par' dir='ltr' id='par_1_58' title="bbox 640 5558 2205 5629">
     <span class='ocr_line' id='line_1_58' title="bbox 640 5558 2205 5629; baseline -0.003 -16"><span class='ocrx_word' id='word_1_437' title='bbox 640 5578 791 5614; x_wconf 86' lang='grc' dir='ltr'>σατο</span> <span class='ocrx_word' id='word_1_438' title='bbox 826 5560 985 5629; x_wconf 80' lang='grc' dir='ltr'>ὑμῖν.</span> <span class='ocrx_word' id='word_1_439' title='bbox 1038 5560 1194 5627; x_wconf 83' lang='grc' dir='ltr'>Μέγα</span> <span class='ocrx_word' id='word_1_440' title='bbox 1228 5560 1287 5612; x_wconf 76' lang='grc' dir='ltr'>τὸ</span> <span class='ocrx_word' id='word_1_441' title='bbox 1337 5558 1669 5627; x_wconf 71' lang='grc' dir='ltr'>ὑπόδειγμαο</span> <span class='ocrx_word' id='word_1_442' title='bbox 1722 5558 1858 5624; x_wconf 81' lang='grc' dir='ltr'>ὅπερ</span> <span class='ocrx_word' id='word_1_443' title='bbox 1914 5558 2001 5609; x_wconf 74' lang='grc' dir='ltr'>ἀεὶ</span> <span class='ocrx_word' id='word_1_444' title='bbox 2044 5559 2205 5622; x_wconf 88' lang='grc' dir='ltr'>ποιεῖ,</span> 
     </span>
    </p>
   </div>
   <div class='ocr_carea' id='block_1_59' title="bbox 640 5644 2204 5725">
    <p class='ocr_par' dir='ltr' id='par_1_59' title="bbox 640 5644 2204 5725">
     <span class='ocr_line' id='line_1_59' title="bbox 640 5644 2204 5725; baseline -0.001 -24"><span class='ocrx_word' id='word_1_445' title='bbox 640 5650 747 5701; x_wconf 84' lang='grc' dir='ltr'>ἀπὸ</span> <span class='ocrx_word' id='word_1_446' title='bbox 775 5648 865 5701; x_wconf 83' lang='grc' dir='ltr'>τοῦ</span> <span class='ocrx_word' id='word_1_447' title='bbox 897 5647 1129 5717; x_wconf 75' lang='grc' dir='ltr'>Χριστοῦ</span> <span class='ocrx_word' id='word_1_448' title='bbox 1158 5646 1478 5725; x_wconf 77' lang='grc' dir='ltr'>προτρέπων</span> <span class='ocrx_word' id='word_1_449' title='bbox 1496 5644 1714 5707; x_wconf 84' lang='grc' dir='ltr'>αὑτούς.</span> <span class='ocrx_word' id='word_1_450' title='bbox 1742 5644 2020 5713; x_wconf 61' lang='grc' dir='ltr'>Μομφὴν,</span> <span class='ocrx_word' id='word_1_451' title='bbox 2050 5646 2204 5715; x_wconf 85' lang='grc' dir='ltr'>φησί.</span> 
     </span>
    </p>
   </div>
   <div class='ocr_carea' id='block_1_60' title="bbox 656 5731 2203 5808">
    <p class='ocr_par' dir='ltr' id='par_1_60' title="bbox 656 5731 2203 5808">
     <span class='ocr_line' id='line_1_60' title="bbox 656 5731 2203 5808; baseline -0.005 -17"><span class='ocrx_word' id='word_1_452' title='bbox 656 5740 803 5791; x_wconf 82' lang='grc' dir='ltr'>Ἐκεῖ</span> <span class='ocrx_word' id='word_1_453' title='bbox 833 5739 931 5808; x_wconf 83' lang='grc' dir='ltr'>μὲν</span> <span class='ocrx_word' id='word_1_454' title='bbox 961 5738 1150 5807; x_wconf 82' lang='grc' dir='ltr'>μικρὸν</span> <span class='ocrx_word' id='word_1_455' title='bbox 1172 5737 1307 5790; x_wconf 74' lang='grc' dir='ltr'>αὐτὸ</span> <span class='ocrx_word' id='word_1_456' title='bbox 1336 5734 1532 5797; x_wconf 76' lang='grc' dir='ltr'>ἔδειξεν</span> <span class='ocrx_word' id='word_1_457' title='bbox 1559 5748 1572 5759; x_wconf 85' lang='grc'><strong>’</strong></span> <span class='ocrx_word' id='word_1_458' title='bbox 1609 5735 1697 5785; x_wconf 83' lang='grc' dir='ltr'>ὅτε</span> <span class='ocrx_word' id='word_1_459' title='bbox 1727 5731 1863 5784; x_wconf 79' lang='grc' dir='ltr'>δὲτὸ</span> <span class='ocrx_word' id='word_1_460' title='bbox 1897 5732 2203 5801; x_wconf 80' lang='grc' dir='ltr'>ὑπόδειγμα</span> 
     </span>
    </p>
   </div>
   <div class='ocr_carea' id='block_1_61' title="bbox 641 5820 2205 5899">
    <p class='ocr_par' dir='ltr' id='par_1_61' title="bbox 641 5820 2205 5899">
     <span class='ocr_line' id='line_1_61' title="bbox 641 5820 2205 5899; baseline -0.006 -16"><span class='ocrx_word' id='word_1_461' title='bbox 641 5829 982 5899; x_wconf 79' lang='grc' dir='ltr'>παρήγαγεν,</span> <span class='ocrx_word' id='word_1_462' title='bbox 1018 5828 1229 5879; x_wconf 75' lang='grc' dir='ltr'>ἔπεισεν</span> <span class='ocrx_word' id='word_1_463' title='bbox 1260 5827 1339 5878; x_wconf 70' lang='grc' dir='ltr'>ὅτι</span> <span class='ocrx_word' id='word_1_464' title='bbox 1384 5822 1484 5876; x_wconf 68' lang='grc' dir='ltr'>κᾶν</span> <span class='ocrx_word' id='word_1_465' title='bbox 1521 5822 1729 5892; x_wconf 87' lang='grc' dir='ltr'>μεγάλα</span> <span class='ocrx_word' id='word_1_466' title='bbox 1782 5820 1993 5893; x_wconf 76' lang='grc' dir='ltr'>ἔχωμεν</span> <span class='ocrx_word' id='word_1_467' title='bbox 2038 5820 2205 5889; x_wconf 78' lang='grc' dir='ltr'>ἐγκα-</span> 
     </span>
    </p>
   </div>
   <div class='ocr_carea' id='block_1_62' title="bbox 1335 415 3789 489">
    <p class='ocr_par' dir='ltr' id='par_1_62' title="bbox 1335 415 3789 489">
     <span class='ocr_line' id='line_1_62' title="bbox 1335 415 3789 489; baseline -0.002 -13"><span class='ocrx_word' id='word_1_468' title='bbox 1335 423 1393 476; x_wconf 88' lang='lat' dir='ltr'>S.</span> <span class='ocrx_word' id='word_1_469' title='bbox 1431 420 1712 477; x_wconf 70' lang='lat' dir='ltr'>JOANNIS</span> <span class='ocrx_word' id='word_1_470' title='bbox 1746 415 2226 474; x_wconf 80' lang='lat' dir='ltr'>CHRYSOSTOMI</span> <span class='ocrx_word' id='word_1_471' title='bbox 2264 416 2581 471; x_wconf 76' lang='lat' dir='ltr'>ARCIHEP.</span> <span class='ocrx_word' id='word_1_472' title='bbox 2618 418 3163 477; x_wconf 59' lang='lat' dir='ltr'>CONSTANTINOP.</span> <span class='ocrx_word' id='word_1_473' title='bbox 3719 436 3789 489; x_wconf 49' lang='grc' dir='ltr'>δτι</span> 
     </span>
    </p>
   </div>
   <div class='ocr_carea' id='block_1_63' title="bbox 2337 531 3790 613">
    <p class='ocr_par' dir='ltr' id='par_1_63' title="bbox 2337 531 3790 613">
     <span class='ocr_line' id='line_1_63' title="bbox 2337 531 3790 613; baseline 0.011 -31"><span class='ocrx_word' id='word_1_474' title='bbox 2337 531 2465 593; x_wconf 74' lang='grc' dir='ltr'>λεῖν,</span> <span class='ocrx_word' id='word_1_475' title='bbox 2516 532 2598 584; x_wconf 85' lang='grc' dir='ltr'>δεῖ</span> <span class='ocrx_word' id='word_1_476' title='bbox 2632 533 2967 603; x_wconf 78' lang='grc' dir='ltr'>χαρίζεσθαι.</span> <span class='ocrx_word' id='word_1_477' title='bbox 3002 534 3075 585; x_wconf 73' lang='grc' dir='ltr'>Τὸ</span> <span class='ocrx_word' id='word_1_478' title='bbox 3106 536 3231 605; x_wconf 73' lang='grc' dir='ltr'>γὰρ,</span> <span class='ocrx_word' id='word_1_479' title='bbox 3287 536 3476 601; x_wconf 85' lang='grc' dir='ltr'>Καθὼς</span> <span class='ocrx_word' id='word_1_480' title='bbox 3521 544 3549 593; x_wconf 87' lang='grc' dir='ltr'>ό</span> <span class='ocrx_word' id='word_1_481' title='bbox 3590 543 3790 613; x_wconf 67' lang='grc' dir='ltr'>Χριστὸς,</span> 
     </span>
    </p>
   </div>
   <div class='ocr_carea' id='block_1_64' title="bbox 2334 620 3794 698">
    <p class='ocr_par' dir='ltr' id='par_1_64' title="bbox 2334 620 3794 698">
     <span class='ocr_line' id='line_1_64' title="bbox 2334 620 3794 698; baseline 0.008 -25"><span class='ocrx_word' id='word_1_482' title='bbox 2334 620 2489 673; x_wconf 82' lang='grc' dir='ltr'>τοῦτο</span> <span class='ocrx_word' id='word_1_483' title='bbox 2520 622 2803 690; x_wconf 78' lang='grc' dir='ltr'>σημαίνει’</span> <span class='ocrx_word' id='word_1_484' title='bbox 2842 622 2935 674; x_wconf 70' lang='grc' dir='ltr'>καί¹</span> <span class='ocrx_word' id='word_1_485' title='bbox 2961 624 3020 674; x_wconf 87' lang='grc' dir='ltr'>οὑ</span> <span class='ocrx_word' id='word_1_486' title='bbox 3056 622 3208 675; x_wconf 85' lang='grc' dir='ltr'>τοῦτο</span> <span class='ocrx_word' id='word_1_487' title='bbox 3245 624 3420 693; x_wconf 88' lang='grc' dir='ltr'>μόνον,</span> <span class='ocrx_word' id='word_1_488' title='bbox 3448 626 3549 677; x_wconf 84' lang='grc' dir='ltr'>ἀλλ’</span> <span class='ocrx_word' id='word_1_489' title='bbox 3574 629 3641 680; x_wconf 82' lang='grc' dir='ltr'>ὅτι</span> <span class='ocrx_word' id='word_1_490' title='bbox 3669 635 3735 684; x_wconf 70' lang='lat'>7.1&quot;.</span> <span class='ocrx_word' id='word_1_491' title='bbox 3754 635 3794 698; x_wconf 75' lang='grc' dir='ltr'>ἐξ</span> 
     </span>
    </p>
   </div>
   <div class='ocr_carea' id='block_1_65' title="bbox 2334 710 3794 790">
    <p class='ocr_par' dir='ltr' id='par_1_65' title="bbox 2334 710 3794 790">
     <span class='ocr_line' id='line_1_65' title="bbox 2334 710 3794 790; baseline 0.01 -29"><span class='ocrx_word' id='word_1_492' title='bbox 2334 710 2461 779; x_wconf 80' lang='grc' dir='ltr'>ὅλης</span> <span class='ocrx_word' id='word_1_493' title='bbox 2495 711 2746 779; x_wconf 85' lang='grc' dir='ltr'>καρδίας·</span> <span class='ocrx_word' id='word_1_494' title='bbox 2782 713 2875 764; x_wconf 72' lang='grc' dir='ltr'>καὶ</span> <span class='ocrx_word' id='word_1_495' title='bbox 2898 713 2958 765; x_wconf 86' lang='grc' dir='ltr'>οὑ</span> <span class='ocrx_word' id='word_1_496' title='bbox 3002 712 3160 765; x_wconf 85' lang='grc' dir='ltr'>τοῦτο</span> <span class='ocrx_word' id='word_1_497' title='bbox 3194 715 3369 783; x_wconf 83' lang='grc' dir='ltr'>μόνον,</span> <span class='ocrx_word' id='word_1_498' title='bbox 3409 715 3511 767; x_wconf 85' lang='grc' dir='ltr'>ἀλλ’</span> <span class='ocrx_word' id='word_1_499' title='bbox 3538 718 3607 771; x_wconf 79' lang='grc' dir='ltr'>ὅτι</span> <span class='ocrx_word' id='word_1_500' title='bbox 3632 721 3704 772; x_wconf 68' lang='grc' dir='ltr'>καὶ</span> <span class='ocrx_word' id='word_1_501' title='bbox 3733 741 3794 790; x_wconf 70' lang='grc' dir='ltr'>φι-</span> 
     </span>
    </p>
   </div>
   <div class='ocr_carea' id='block_1_66' title="bbox 2336 797 3789 875">
    <p class='ocr_par' dir='ltr' id='par_1_66' title="bbox 2336 797 3789 875">
     <span class='ocr_line' id='line_1_66' title="bbox 2336 797 3789 875; baseline 0.008 -26"><span class='ocrx_word' id='word_1_502' title='bbox 2336 797 2449 850; x_wconf 88' lang='grc' dir='ltr'>λεῖν</span> <span class='ocrx_word' id='word_1_503' title='bbox 2478 798 2576 851; x_wconf 87' lang='grc' dir='ltr'>δεῖ.</span> <span class='ocrx_word' id='word_1_504' title='bbox 2609 800 2667 850; x_wconf 85' lang='grc' dir='ltr'>ὐ</span> <span class='ocrx_word' id='word_1_505' title='bbox 2721 800 2828 870; x_wconf 77' lang='grc' dir='ltr'>γάρ</span> <span class='ocrx_word' id='word_1_506' title='bbox 2878 801 3111 871; x_wconf 85' lang='grc' dir='ltr'>Χριστὸς</span> <span class='ocrx_word' id='word_1_507' title='bbox 3153 802 3421 872; x_wconf 73' lang='grc' dir='ltr'>εἰσαχθεὶς</span> <span class='ocrx_word' id='word_1_508' title='bbox 3467 807 3538 867; x_wconf 86' lang='grc' dir='ltr'>εἰς</span> <span class='ocrx_word' id='word_1_509' title='bbox 3578 808 3627 858; x_wconf 76' lang='grc' dir='ltr'>τὸ</span> <span class='ocrx_word' id='word_1_510' title='bbox 3666 810 3789 875; x_wconf 17' lang='grc' dir='ltr'>μέσον,</span> 
     </span>
    </p>
   </div>
   <div class='ocr_carea' id='block_1_67' title="bbox 2332 891 3796 970">
    <p class='ocr_par' dir='ltr' id='par_1_67' title="bbox 2332 891 3796 970">
     <span class='ocr_line' id='line_1_67' title="bbox 2332 891 3796 970; baseline 0.006 -28"><span class='ocrx_word' id='word_1_511' title='bbox 2332 892 2512 945; x_wconf 89' lang='grc' dir='ltr'>πάντα</span> <span class='ocrx_word' id='word_1_512' title='bbox 2535 891 2743 959; x_wconf 85' lang='grc' dir='ltr'>εἰσάγει</span> <span class='ocrx_word' id='word_1_513' title='bbox 2766 892 2966 945; x_wconf 77' lang='grc' dir='ltr'>ταῦτα’</span> <span class='ocrx_word' id='word_1_514' title='bbox 3006 895 3099 947; x_wconf 84' lang='grc' dir='ltr'>καὶ</span> <span class='ocrx_word' id='word_1_515' title='bbox 3129 896 3210 949; x_wconf 87' lang='grc' dir='ltr'>ὅτι</span> <span class='ocrx_word' id='word_1_516' title='bbox 3237 897 3341 950; x_wconf 77' lang='grc' dir='ltr'>κᾶν</span> <span class='ocrx_word' id='word_1_517' title='bbox 3374 898 3563 965; x_wconf 82' lang='grc' dir='ltr'>μεγάλα</span> <span class='ocrx_word' id='word_1_518' title='bbox 3586 893 3632 970; x_wconf 78' lang='grc' dir='ltr'>ᾖ,</span> <span class='ocrx_word' id='word_1_519' title='bbox 3651 898 3725 951; x_wconf 71' lang='grc' dir='ltr'>κᾶν</span> <span class='ocrx_word' id='word_1_520' title='bbox 3746 901 3796 970; x_wconf 76' lang='grc' dir='ltr'>μὴ</span> 
     </span>
    </p>
   </div>
   <div class='ocr_carea' id='block_1_68' title="bbox 2333 979 3796 1055">
    <p class='ocr_par' dir='ltr' id='par_1_68' title="bbox 2333 979 3796 1055">
     <span class='ocr_line' id='line_1_68' title="bbox 2333 979 3796 1055; baseline 0.005 -23"><span class='ocrx_word' id='word_1_521' title='bbox 2333 979 2762 1049; x_wconf 77' lang='grc' dir='ltr'>προηδικηκότες</span> <span class='ocrx_word' id='word_1_522' title='bbox 2810 980 3085 1052; x_wconf 86' lang='grc' dir='ltr'>τύχωμεν,</span> <span class='ocrx_word' id='word_1_523' title='bbox 3139 982 3239 1037; x_wconf 82' lang='grc' dir='ltr'>κᾶν</span> <span class='ocrx_word' id='word_1_524' title='bbox 3290 986 3447 1055; x_wconf 78' lang='grc' dir='ltr'>ἡμεῖς</span> <span class='ocrx_word' id='word_1_525' title='bbox 3494 986 3578 1055; x_wconf 80' lang='grc' dir='ltr'>μὲν</span> <span class='ocrx_word' id='word_1_526' title='bbox 3619 988 3796 1055; x_wconf 73' lang='grc' dir='ltr'>μεγάλοι,</span> 
     </span>
    </p>
   </div>
   <div class='ocr_carea' id='block_1_69' title="bbox 2331 1068 3799 1143">
    <p class='ocr_par' dir='ltr' id='par_1_69' title="bbox 2331 1068 3799 1143">
     <span class='ocr_line' id='line_1_69' title="bbox 2331 1068 3799 1143; baseline 0.006 -24"><span class='ocrx_word' id='word_1_527' title='bbox 2331 1068 2527 1120; x_wconf 89' lang='grc' dir='ltr'>ἐκεῖνοι</span> <span class='ocrx_word' id='word_1_528' title='bbox 2560 1068 2617 1119; x_wconf 84' lang='grc' dir='ltr'>δὲ</span> <span class='ocrx_word' id='word_1_529' title='bbox 2666 1069 2870 1138; x_wconf 75' lang='grc' dir='ltr'>μικροὶ,</span> <span class='ocrx_word' id='word_1_530' title='bbox 2912 1071 3016 1126; x_wconf 82' lang='grc' dir='ltr'>κᾶν</span> <span class='ocrx_word' id='word_1_531' title='bbox 3052 1070 3318 1140; x_wconf 84' lang='grc' dir='ltr'>μέλλωσιν</span> <span class='ocrx_word' id='word_1_532' title='bbox 3352 1072 3579 1140; x_wconf 79' lang='grc' dir='ltr'>ὑϐρίζειν</span> <span class='ocrx_word' id='word_1_533' title='bbox 3601 1075 3799 1143; x_wconf 71' lang='grc' dir='ltr'>ἡμᾶςκαὶ</span> 
     </span>
    </p>
   </div>
   <div class='ocr_carea' id='block_1_70' title="bbox 2333 1156 3799 1230">
    <p class='ocr_par' dir='ltr' id='par_1_70' title="bbox 2333 1156 3799 1230">
     <span class='ocr_line' id='line_1_70' title="bbox 2333 1156 3799 1230; baseline 0.005 -23"><span class='ocrx_word' id='word_1_534' title='bbox 2333 1156 2470 1225; x_wconf 87' lang='grc' dir='ltr'>μετά</span> <span class='ocrx_word' id='word_1_535' title='bbox 2495 1156 2689 1220; x_wconf 84' lang='grc' dir='ltr'>ταῦτα,</span> <span class='ocrx_word' id='word_1_536' title='bbox 2731 1159 2825 1211; x_wconf 78' lang='grc' dir='ltr'>καὶ</span> <span class='ocrx_word' id='word_1_537' title='bbox 2869 1159 2952 1211; x_wconf 84' lang='grc' dir='ltr'>ὅτι</span> <span class='ocrx_word' id='word_1_538' title='bbox 2980 1158 3080 1229; x_wconf 83' lang='grc' dir='ltr'>τὴν</span> <span class='ocrx_word' id='word_1_539' title='bbox 3106 1158 3283 1229; x_wconf 77' lang='grc' dir='ltr'>ψυχὴν</span> <span class='ocrx_word' id='word_1_540' title='bbox 3300 1158 3381 1212; x_wconf 87' lang='grc' dir='ltr'>δεῖ</span> <span class='ocrx_word' id='word_1_541' title='bbox 3404 1159 3537 1230; x_wconf 83' lang='grc' dir='ltr'>ὑπὲρ</span> <span class='ocrx_word' id='word_1_542' title='bbox 3559 1161 3701 1213; x_wconf 79' lang='grc' dir='ltr'>αὐτῶν</span> <span class='ocrx_word' id='word_1_543' title='bbox 3722 1163 3799 1215; x_wconf 65' lang='grc' dir='ltr'>θεῖς</span> 
     </span>
    </p>
   </div>
   <div class='ocr_carea' id='block_1_71' title="bbox 2328 1246 3798 1318">
    <p class='ocr_par' dir='ltr' id='par_1_71' title="bbox 2328 1246 3798 1318">
     <span class='ocr_line' id='line_1_71' title="bbox 2328 1246 3798 1318; baseline 0.003 -19"><span class='ocrx_word' id='word_1_544' title='bbox 2328 1260 2454 1299; x_wconf 85' lang='grc' dir='ltr'>ναι·</span> <span class='ocrx_word' id='word_1_545' title='bbox 2500 1246 2561 1300; x_wconf 83' lang='grc' dir='ltr'>τὸ</span> <span class='ocrx_word' id='word_1_546' title='bbox 2604 1246 2733 1318; x_wconf 92' lang='grc' dir='ltr'>γάρ,</span> <span class='ocrx_word' id='word_1_547' title='bbox 2784 1247 3009 1313; x_wconf 83' lang='grc' dir='ltr'>Καθὼς,</span> <span class='ocrx_word' id='word_1_548' title='bbox 3036 1247 3207 1301; x_wconf 85' lang='grc' dir='ltr'>ταῦτα</span> <span class='ocrx_word' id='word_1_549' title='bbox 3238 1248 3481 1300; x_wconf 88' lang='grc' dir='ltr'>ἀπαιτεῖ·</span> <span class='ocrx_word' id='word_1_550' title='bbox 3522 1247 3605 1300; x_wconf 68' lang='grc' dir='ltr'>καὶ</span> <span class='ocrx_word' id='word_1_551' title='bbox 3635 1251 3798 1304; x_wconf 63' lang='grc' dir='ltr'>ὅτιονέ</span> 
     </span>
    </p>
   </div>
   <div class='ocr_carea' id='block_1_72' title="bbox 2332 1334 3798 1406">
    <p class='ocr_par' dir='ltr' id='par_1_72' title="bbox 2332 1334 3798 1406">
     <span class='ocr_line' id='line_1_72' title="bbox 2332 1334 3798 1406; baseline 0.004 -21"><span class='ocrx_word' id='word_1_552' title='bbox 2332 1334 2491 1404; x_wconf 85' lang='grc' dir='ltr'>μέχρι</span> <span class='ocrx_word' id='word_1_553' title='bbox 2526 1334 2755 1387; x_wconf 86' lang='grc' dir='ltr'>θανάτου</span> <span class='ocrx_word' id='word_1_554' title='bbox 2809 1336 2968 1405; x_wconf 88' lang='grc' dir='ltr'>μόνον</span> <span class='ocrx_word' id='word_1_555' title='bbox 3001 1337 3191 1406; x_wconf 75' lang='grc' dir='ltr'>στῆναι</span> <span class='ocrx_word' id='word_1_556' title='bbox 3222 1335 3324 1400; x_wconf 87' lang='grc' dir='ltr'>δεῖ,</span> <span class='ocrx_word' id='word_1_557' title='bbox 3376 1334 3507 1399; x_wconf 77' lang='grc' dir='ltr'>ἀλλ’,</span> <span class='ocrx_word' id='word_1_558' title='bbox 3545 1338 3588 1390; x_wconf 81' lang='grc' dir='ltr'>εἰ</span> <span class='ocrx_word' id='word_1_559' title='bbox 3620 1337 3798 1402; x_wconf 72' lang='grc' dir='ltr'>δυνατὸν,</span> 
     </span>
    </p>
   </div>
   <div class='ocr_carea' id='block_1_73' title="bbox 2328 1423 2810 1493">
    <p class='ocr_par' dir='ltr' id='par_1_73' title="bbox 2328 1423 2810 1493">
     <span class='ocr_line' id='line_1_73' title="bbox 2328 1423 2810 1493; baseline 0.006 -17"><span class='ocrx_word' id='word_1_560' title='bbox 2328 1423 2421 1477; x_wconf 79' lang='grc' dir='ltr'>καὶ</span> <span class='ocrx_word' id='word_1_561' title='bbox 2450 1423 2589 1493; x_wconf 84' lang='grc' dir='ltr'>μετά</span> <span class='ocrx_word' id='word_1_562' title='bbox 2616 1424 2810 1479; x_wconf 89' lang='grc' dir='ltr'>ταῦτα.</span> 
     </span>
    </p>
   </div>
   <div class='ocr_carea' id='block_1_74' title="bbox 2408 1600 3798 1671">
    <p class='ocr_par' dir='ltr' id='par_1_74' title="bbox 2408 1600 3798 1671">
     <span class='ocr_line' id='line_1_74' title="bbox 2408 1600 3798 1671; baseline -0.003 -16"><span class='ocrx_word' id='word_1_563' title='bbox 2408 1600 2539 1655; x_wconf 81' lang='grc' dir='ltr'>Ἑπί</span> <span class='ocrx_word' id='word_1_564' title='bbox 2578 1602 2728 1658; x_wconf 83' lang='grc' dir='ltr'>πᾶσι</span> <span class='ocrx_word' id='word_1_565' title='bbox 2759 1602 2827 1656; x_wconf 80' lang='grc' dir='ltr'>δὲ</span> <span class='ocrx_word' id='word_1_566' title='bbox 2874 1603 3107 1669; x_wconf 80' lang='grc' dir='ltr'>τούτοις</span> <span class='ocrx_word' id='word_1_567' title='bbox 3152 1603 3270 1670; x_wconf 78' lang='grc' dir='ltr'>τὴν</span> <span class='ocrx_word' id='word_1_568' title='bbox 3294 1601 3544 1671; x_wconf 57' lang='grc' dir='ltr'>ἀγάπην,</span> <span class='ocrx_word' id='word_1_569' title='bbox 3584 1601 3690 1666; x_wconf 80' lang='grc' dir='ltr'>ἣτις</span> <span class='ocrx_word' id='word_1_570' title='bbox 3710 1600 3798 1653; x_wconf 78' lang='grc' dir='ltr'>ἐστί</span> 
     </span>
    </p>
   </div>
   <div class='ocr_carea' id='block_1_75' title="bbox 2327 1688 3796 1761">
    <p class='ocr_par' dir='ltr' id='par_1_75' title="bbox 2327 1688 3796 1761">
     <span class='ocr_line' id='line_1_75' title="bbox 2327 1688 3796 1761; baseline 0.001 -19"><span class='ocrx_word' id='word_1_571' title='bbox 2327 1690 2669 1758; x_wconf 81' lang='grc' dir='ltr'>σύνδεσμος</span> <span class='ocrx_word' id='word_1_572' title='bbox 2693 1690 2804 1758; x_wconf 83' lang='grc' dir='ltr'>τῆς</span> <span class='ocrx_word' id='word_1_573' title='bbox 2830 1692 3222 1758; x_wconf 81' lang='grc' dir='ltr'>τελειότητος.</span> <span class='ocrx_word' id='word_1_574' title='bbox 3255 1692 3419 1761; x_wconf 82' lang='grc' dir='ltr'>Ὁρᾷς</span> <span class='ocrx_word' id='word_1_575' title='bbox 3443 1691 3518 1743; x_wconf 84' lang='grc' dir='ltr'>ὅτι</span> <span class='ocrx_word' id='word_1_576' title='bbox 3540 1688 3669 1743; x_wconf 80' lang='grc' dir='ltr'>τοῦτο</span> <span class='ocrx_word' id='word_1_577' title='bbox 3684 1690 3796 1756; x_wconf 86' lang='grc' dir='ltr'>λέγει.</span> 
     </span>
    </p>
   </div>
   <div class='ocr_carea' id='block_1_76' title="bbox 2340 1776 3796 1851">
    <p class='ocr_par' dir='ltr' id='par_1_76' title="bbox 2340 1776 3796 1851">
     <span class='ocr_line' id='line_1_76' title="bbox 2340 1776 3796 1851; baseline -0.002 -21"><span class='ocrx_word' id='word_1_578' title='bbox 2340 1778 2557 1849; x_wconf 81' lang='grc' dir='ltr'>Ἐπειδὴ</span> <span class='ocrx_word' id='word_1_579' title='bbox 2586 1778 2695 1850; x_wconf 84' lang='grc' dir='ltr'>γὰρ</span> <span class='ocrx_word' id='word_1_580' title='bbox 2736 1778 2815 1831; x_wconf 82' lang='grc' dir='ltr'>ἐνι</span> <span class='ocrx_word' id='word_1_581' title='bbox 2841 1778 3197 1851; x_wconf 76' lang='grc' dir='ltr'>χαριζόμενον</span> <span class='ocrx_word' id='word_1_582' title='bbox 3229 1780 3304 1849; x_wconf 84' lang='grc' dir='ltr'>μὴ</span> <span class='ocrx_word' id='word_1_583' title='bbox 3357 1778 3542 1847; x_wconf 82' lang='grc' dir='ltr'>φιλεῖν,</span> <span class='ocrx_word' id='word_1_584' title='bbox 3569 1776 3670 1841; x_wconf 81' lang='grc' dir='ltr'>Ναὶ,</span> <span class='ocrx_word' id='word_1_585' title='bbox 3693 1778 3796 1845; x_wconf 72' lang='grc' dir='ltr'>φησὶ,</span> 
     </span>
    </p>
   </div>
   <div class='ocr_carea' id='block_1_77' title="bbox 2327 1861 3797 1937">
    <p class='ocr_par' dir='ltr' id='par_1_77' title="bbox 2327 1861 3797 1937">
     <span class='ocr_line' id='line_1_77' title="bbox 2327 1861 3797 1937; baseline -0.003 -19"><span class='ocrx_word' id='word_1_586' title='bbox 2327 1866 2420 1918; x_wconf 75' lang='grc' dir='ltr'>καὶ</span> <span class='ocrx_word' id='word_1_587' title='bbox 2448 1866 2641 1933; x_wconf 82' lang='grc' dir='ltr'>φιλεῖν,</span> <span class='ocrx_word' id='word_1_588' title='bbox 2695 1868 2791 1920; x_wconf 78' lang='grc' dir='ltr'>καὶ</span> <span class='ocrx_word' id='word_1_589' title='bbox 2840 1866 2956 1919; x_wconf 83' lang='grc' dir='ltr'>ὁδὸν</span> <span class='ocrx_word' id='word_1_590' title='bbox 2989 1867 3250 1929; x_wconf 88' lang='grc' dir='ltr'>δείκνυσι,</span> <span class='ocrx_word' id='word_1_591' title='bbox 3282 1866 3351 1919; x_wconf 81' lang='grc' dir='ltr'>δι’</span> <span class='ocrx_word' id='word_1_592' title='bbox 3383 1861 3451 1937; x_wconf 86' lang='grc' dir='ltr'>ἦς</span> <span class='ocrx_word' id='word_1_593' title='bbox 3475 1864 3666 1919; x_wconf 76' lang='grc' dir='ltr'>δυνατὸν</span> <span class='ocrx_word' id='word_1_594' title='bbox 3694 1867 3797 1935; x_wconf 75' lang='grc' dir='ltr'>χαρί-</span> 
     </span>
    </p>
   </div>
   <div class='ocr_carea' id='block_1_78' title="bbox 2329 1950 3798 2026">
    <p class='ocr_par' dir='ltr' id='par_1_78' title="bbox 2329 1950 3798 2026">
     <span class='ocr_line' id='line_1_78' title="bbox 2329 1950 3798 2026; baseline -0.002 -21"><span class='ocrx_word' id='word_1_595' title='bbox 2329 1952 2535 2017; x_wconf 77' lang='grc' dir='ltr'>ζεσθαι.</span> <span class='ocrx_word' id='word_1_596' title='bbox 2561 1954 2719 2007; x_wconf 83' lang='grc' dir='ltr'>Ἐστι</span> <span class='ocrx_word' id='word_1_597' title='bbox 2752 1954 2862 2024; x_wconf 85' lang='grc' dir='ltr'>γὰρ</span> <span class='ocrx_word' id='word_1_598' title='bbox 2894 1956 2988 2007; x_wconf 74' lang='grc' dir='ltr'>καὶ</span> <span class='ocrx_word' id='word_1_599' title='bbox 3021 1956 3256 2026; x_wconf 85' lang='grc' dir='ltr'>χρηστὸν</span> <span class='ocrx_word' id='word_1_600' title='bbox 3284 1950 3423 2007; x_wconf 80' lang='grc' dir='ltr'>εἷναί</span> <span class='ocrx_word' id='word_1_601' title='bbox 3450 1972 3563 2008; x_wconf 87' lang='grc' dir='ltr'>τινα</span> <span class='ocrx_word' id='word_1_602' title='bbox 3588 1954 3665 2006; x_wconf 86' lang='grc' dir='ltr'>καί</span> <span class='ocrx_word' id='word_1_603' title='bbox 3682 1956 3798 2020; x_wconf 75' lang='grc' dir='ltr'>πρᾶον</span> 
     </span>
    </p>
   </div>
   <div class='ocr_carea' id='block_1_79' title="bbox 2328 2038 3799 2114">
    <p class='ocr_par' dir='ltr' id='par_1_79' title="bbox 2328 2038 3799 2114">
     <span class='ocr_line' id='line_1_79' title="bbox 2328 2038 3799 2114; baseline -0.005 -20"><span class='ocrx_word' id='word_1_604' title='bbox 2328 2042 2423 2095; x_wconf 79' lang='grc' dir='ltr'>καὶ</span> <span class='ocrx_word' id='word_1_605' title='bbox 2452 2042 2851 2112; x_wconf 81' lang='grc' dir='ltr'>ταπεινόφρονα</span> <span class='ocrx_word' id='word_1_606' title='bbox 2876 2044 2970 2095; x_wconf 78' lang='grc' dir='ltr'>καὶ</span> <span class='ocrx_word' id='word_1_607' title='bbox 3001 2042 3375 2114; x_wconf 88' lang='grc' dir='ltr'>μακρόθυμον,</span> <span class='ocrx_word' id='word_1_608' title='bbox 3417 2041 3504 2093; x_wconf 68' lang='grc' dir='ltr'>καὶ</span> <span class='ocrx_word' id='word_1_609' title='bbox 3551 2040 3613 2110; x_wconf 80' lang='grc' dir='ltr'>μὴ</span> <span class='ocrx_word' id='word_1_610' title='bbox 3657 2038 3799 2090; x_wconf 81' lang='grc' dir='ltr'>ποθεῖν.</span> 
     </span>
    </p>
   </div>
   <div class='ocr_carea' id='block_1_80' title="bbox 2326 2126 3800 2199">
    <p class='ocr_par' dir='ltr' id='par_1_80' title="bbox 2326 2126 3800 2199">
     <span class='ocr_line' id='line_1_80' title="bbox 2326 2126 3800 2199; baseline -0.003 -18"><span class='ocrx_word' id='word_1_611' title='bbox 2326 2131 2417 2181; x_wconf 83' lang='grc' dir='ltr'>Διὸ</span> <span class='ocrx_word' id='word_1_612' title='bbox 2447 2129 2749 2199; x_wconf 80' lang='grc' dir='ltr'>ἀρχόμενος</span> <span class='ocrx_word' id='word_1_613' title='bbox 2774 2126 2911 2189; x_wconf 73' lang='grc' dir='ltr'>εἷπε,</span> <span class='ocrx_word' id='word_1_614' title='bbox 2941 2132 3267 2197; x_wconf 72' lang='grc' dir='ltr'>Σπλιὶγχνα</span> <span class='ocrx_word' id='word_1_615' title='bbox 3285 2127 3593 2196; x_wconf 71' lang='grc' dir='ltr'>οἰκτιρμοῦ,</span> <span class='ocrx_word' id='word_1_616' title='bbox 3618 2127 3691 2180; x_wconf 77' lang='grc' dir='ltr'>καί</span> <span class='ocrx_word' id='word_1_617' title='bbox 3711 2126 3800 2192; x_wconf 80' lang='grc' dir='ltr'>ἁγά-</span> 
     </span>
    </p>
   </div>
   <div class='ocr_carea' id='block_1_81' title="bbox 2328 2212 3800 2285">
    <p class='ocr_par' dir='ltr' id='par_1_81' title="bbox 2328 2212 3800 2285">
     <span class='ocr_line' id='line_1_81' title="bbox 2328 2212 3800 2285; baseline -0.002 -15"><span class='ocrx_word' id='word_1_618' title='bbox 2328 2235 2457 2285; x_wconf 84' lang='grc' dir='ltr'>πην,</span> <span class='ocrx_word' id='word_1_619' title='bbox 2490 2217 2585 2269; x_wconf 59' lang='grc' dir='ltr'>καὶ⁸</span> <span class='ocrx_word' id='word_1_620' title='bbox 2636 2216 2800 2269; x_wconf 80' lang='grc' dir='ltr'>ἔλεον.</span> <span class='ocrx_word' id='word_1_621' title='bbox 2838 2217 2968 2270; x_wconf 76' lang='grc' dir='ltr'>Ἐπὶ</span> <span class='ocrx_word' id='word_1_622' title='bbox 3013 2216 3163 2273; x_wconf 82' lang='grc' dir='ltr'>πᾶσι</span> <span class='ocrx_word' id='word_1_623' title='bbox 3205 2217 3276 2271; x_wconf 79' lang='grc' dir='ltr'>δὲ</span> <span class='ocrx_word' id='word_1_624' title='bbox 3327 2218 3548 2281; x_wconf 82' lang='grc' dir='ltr'>τούτοις</span> <span class='ocrx_word' id='word_1_625' title='bbox 3588 2213 3680 2280; x_wconf 80' lang='grc' dir='ltr'>τὴν</span> <span class='ocrx_word' id='word_1_626' title='bbox 3706 2212 3800 2281; x_wconf 63' lang='lat' dir='ltr'>(irii-</span> 
     </span>
    </p>
   </div>
   <div class='ocr_carea' id='block_1_82' title="bbox 2326 2300 3801 2373">
    <p class='ocr_par' dir='ltr' id='par_1_82' title="bbox 2326 2300 3801 2373">
     <span class='ocr_line' id='line_1_82' title="bbox 2326 2300 3801 2373; baseline -0.004 -17"><span class='ocrx_word' id='word_1_627' title='bbox 2326 2318 2468 2371; x_wconf 83' lang='grc' dir='ltr'>πην,</span> <span class='ocrx_word' id='word_1_628' title='bbox 2499 2303 2631 2371; x_wconf 81' lang='grc' dir='ltr'>ἣτις</span> <span class='ocrx_word' id='word_1_629' title='bbox 2668 2304 2799 2357; x_wconf 79' lang='grc' dir='ltr'>ἐστὶ</span> <span class='ocrx_word' id='word_1_630' title='bbox 2838 2304 3181 2373; x_wconf 79' lang='grc' dir='ltr'>σύνδεσμος</span> <span class='ocrx_word' id='word_1_631' title='bbox 3228 2302 3342 2369; x_wconf 86' lang='grc' dir='ltr'>τῆς</span> <span class='ocrx_word' id='word_1_632' title='bbox 3395 2303 3727 2367; x_wconf 81' lang='grc' dir='ltr'>τελειότητος.</span> <span class='ocrx_word' id='word_1_633' title='bbox 3758 2300 3801 2350; x_wconf 88' lang='grc'>’0</span> 
     </span>
    </p>
   </div>
   <div class='ocr_carea' id='block_1_83' title="bbox 2324 2388 3798 2452">
    <p class='ocr_par' dir='ltr' id='par_1_83' title="bbox 2324 2388 3798 2452">
     <span class='ocr_line' id='line_1_83' title="bbox 2324 2388 3798 2452; baseline -0.005 -9"><span class='ocrx_word' id='word_1_634' title='bbox 2324 2390 2383 2444; x_wconf 80' lang='grc' dir='ltr'>δὲ</span> <span class='ocrx_word' id='word_1_635' title='bbox 2407 2389 2551 2443; x_wconf 84' lang='grc' dir='ltr'>θέλει</span> <span class='ocrx_word' id='word_1_636' title='bbox 2580 2392 2774 2452; x_wconf 88' lang='grc' dir='ltr'>εἰπεῖν,</span> <span class='ocrx_word' id='word_1_637' title='bbox 2805 2390 2963 2444; x_wconf 81' lang='grc' dir='ltr'>τοῦτό</span> <span class='ocrx_word' id='word_1_638' title='bbox 2992 2393 3159 2450; x_wconf 85' lang='grc' dir='ltr'>ἐστιν,</span> <span class='ocrx_word' id='word_1_639' title='bbox 3193 2393 3276 2445; x_wconf 78' lang='grc' dir='ltr'>ὅτι</span> <span class='ocrx_word' id='word_1_640' title='bbox 3305 2390 3473 2445; x_wconf 77' lang='grc' dir='ltr'>Οὐδὲν</span> <span class='ocrx_word' id='word_1_641' title='bbox 3504 2389 3693 2442; x_wconf 82' lang='grc' dir='ltr'>ἐκείνων</span> <span class='ocrx_word' id='word_1_642' title='bbox 3713 2388 3798 2452; x_wconf 69' lang='grc' dir='ltr'>ὅςε-</span> 
     </span>
    </p>
   </div>
   <div class='ocr_carea' id='block_1_84' title="bbox 2325 2474 3801 2548">
    <p class='ocr_par' dir='ltr' id='par_1_84' title="bbox 2325 2474 3801 2548">
     <span class='ocr_line' id='line_1_84' title="bbox 2325 2474 3801 2548; baseline -0.005 -15"><span class='ocrx_word' id='word_1_643' title='bbox 2325 2478 2415 2541; x_wconf 90' lang='grc' dir='ltr'>λος</span> <span class='ocrx_word' id='word_1_644' title='bbox 2438 2495 2454 2509; x_wconf 72' lang='grc' dir='ltr'><strong>ο</strong></span> <span class='ocrx_word' id='word_1_645' title='bbox 2494 2478 2769 2533; x_wconf 87' lang='grc' dir='ltr'>διαλύεται</span> <span class='ocrx_word' id='word_1_646' title='bbox 2797 2478 2911 2548; x_wconf 87' lang='lat'>7&amp;9</span> <span class='ocrx_word' id='word_1_647' title='bbox 2936 2479 3114 2532; x_wconf 86' lang='grc' dir='ltr'>πάντα</span> <span class='ocrx_word' id='word_1_648' title='bbox 3143 2480 3351 2542; x_wconf 82' lang='grc' dir='ltr'>ἐκεῖνα,</span> <span class='ocrx_word' id='word_1_649' title='bbox 3390 2478 3453 2532; x_wconf 83' lang='grc' dir='ltr'>ἂν</span> <span class='ocrx_word' id='word_1_650' title='bbox 3478 2476 3548 2547; x_wconf 77' lang='grc' dir='ltr'>μὴ</span> <span class='ocrx_word' id='word_1_651' title='bbox 3575 2474 3685 2546; x_wconf 74' lang='grc' dir='ltr'>μετὰ</span> <span class='ocrx_word' id='word_1_652' title='bbox 3708 2474 3801 2540; x_wconf 65' lang='lat' dir='ltr'>(hri-</span> 
     </span>
    </p>
   </div>
   <div class='ocr_carea' id='block_1_85' title="bbox 2326 2563 3802 2638">
    <p class='ocr_par' dir='ltr' id='par_1_85' title="bbox 2326 2563 3802 2638">
     <span class='ocr_line' id='line_1_85' title="bbox 2326 2563 3802 2638; baseline -0.005 -17"><span class='ocrx_word' id='word_1_653' title='bbox 2326 2584 2436 2638; x_wconf 89' lang='grc' dir='ltr'>πης</span> <span class='ocrx_word' id='word_1_654' title='bbox 2469 2567 2706 2638; x_wconf 87' lang='grc' dir='ltr'>γίνηται.</span> <span class='ocrx_word' id='word_1_655' title='bbox 2765 2570 2950 2623; x_wconf 85' lang='grc' dir='ltr'>Πάντα</span> <span class='ocrx_word' id='word_1_656' title='bbox 3002 2570 3182 2622; x_wconf 87' lang='grc' dir='ltr'>ἐκεῖνα</span> <span class='ocrx_word' id='word_1_657' title='bbox 3212 2567 3355 2637; x_wconf 80' lang='grc' dir='ltr'>αῦτη</span> <span class='ocrx_word' id='word_1_658' title='bbox 3402 2565 3684 2633; x_wconf 87' lang='grc' dir='ltr'>συσφίγγει·</span> <span class='ocrx_word' id='word_1_659' title='bbox 3712 2563 3802 2629; x_wconf 77' lang='grc' dir='ltr'>ὅπερ</span> 
     </span>
    </p>
   </div>
   <div class='ocr_carea' id='block_1_86' title="bbox 2327 2648 3801 2727">
    <p class='ocr_par' dir='ltr' id='par_1_86' title="bbox 2327 2648 3801 2727">
     <span class='ocr_line' id='line_1_86' title="bbox 2327 2648 3801 2727; baseline -0.007 -17"><span class='ocrx_word' id='word_1_660' title='bbox 2327 2657 2396 2710; x_wconf 85' lang='grc' dir='ltr'>ἂν</span> <span class='ocrx_word' id='word_1_661' title='bbox 2427 2656 2588 2727; x_wconf 69' lang='grc' dir='ltr'>εἴπῃς</span> <span class='ocrx_word' id='word_1_662' title='bbox 2612 2658 2838 2725; x_wconf 85' lang='grc' dir='ltr'>ἀγαθὸν,</span> <span class='ocrx_word' id='word_1_663' title='bbox 2865 2658 3068 2727; x_wconf 88' lang='grc' dir='ltr'>ταύτης</span> <span class='ocrx_word' id='word_1_664' title='bbox 3092 2656 3361 2727; x_wconf 87' lang='grc' dir='ltr'>ἀπούσης,</span> <span class='ocrx_word' id='word_1_665' title='bbox 3389 2655 3532 2708; x_wconf 80' lang='grc' dir='ltr'>οὐδέν</span> <span class='ocrx_word' id='word_1_666' title='bbox 3552 2656 3688 2713; x_wconf 81' lang='grc' dir='ltr'>ἐστιν,</span> <span class='ocrx_word' id='word_1_667' title='bbox 3711 2648 3801 2705; x_wconf 78' lang='grc' dir='ltr'>ἀλλὰ</span> 
     </span>
    </p>
   </div>
   <div class='ocr_carea' id='block_1_87' title="bbox 2325 2734 3801 2817">
    <p class='ocr_par' dir='ltr' id='par_1_87' title="bbox 2325 2734 3801 2817">
     <span class='ocr_line' id='line_1_87' title="bbox 2325 2734 3801 2817; baseline -0.007 -19"><span class='ocrx_word' id='word_1_668' title='bbox 2325 2745 2554 2817; x_wconf 80' lang='grc' dir='ltr'>διαρρεῖ.</span> <span class='ocrx_word' id='word_1_669' title='bbox 2584 2747 2692 2798; x_wconf 83' lang='lat' dir='ltr'><strong><em>Kal</em></strong></span> <span class='ocrx_word' id='word_1_670' title='bbox 2720 2745 2779 2797; x_wconf 83' lang='grc' dir='ltr'>ὂν</span> <span class='ocrx_word' id='word_1_671' title='bbox 2805 2746 3004 2815; x_wconf 88' lang='grc' dir='ltr'>τρόπον</span> <span class='ocrx_word' id='word_1_672' title='bbox 3034 2746 3125 2797; x_wconf 77' lang='grc' dir='ltr'>ἐπὶ</span> <span class='ocrx_word' id='word_1_673' title='bbox 3150 2743 3363 2807; x_wconf 87' lang='grc' dir='ltr'>πλοίου,</span> <span class='ocrx_word' id='word_1_674' title='bbox 3395 2744 3494 2797; x_wconf 80' lang='grc' dir='ltr'>κᾶν</span> <span class='ocrx_word' id='word_1_675' title='bbox 3520 2740 3695 2810; x_wconf 79' lang='grc' dir='ltr'>μεγάλα</span> <span class='ocrx_word' id='word_1_676' title='bbox 3758 2737 3801 2788; x_wconf 70' lang='grc' dir='ltr'>τὰ</span> 
     </span>
    </p>
   </div>
   <div class='ocr_carea' id='block_1_88' title="bbox 2328 2826 3799 2904">
    <p class='ocr_par' dir='ltr' id='par_1_88' title="bbox 2328 2826 3799 2904">
     <span class='ocr_line' id='line_1_88' title="bbox 2328 2826 3799 2904; baseline 0 -20"><span class='ocrx_word' id='word_1_677' title='bbox 2328 2832 2517 2902; x_wconf 89' lang='grc' dir='ltr'>σκεύη,</span> <span class='ocrx_word' id='word_1_678' title='bbox 2548 2830 2698 2904; x_wconf 74' lang='grc'>[583]</span> <span class='ocrx_word' id='word_1_679' title='bbox 2731 2832 2800 2885; x_wconf 87' lang='grc' dir='ltr'>τά</span> <span class='ocrx_word' id='word_1_680' title='bbox 2824 2832 2881 2885; x_wconf 84' lang='grc' dir='ltr'>δὲ</span> <span class='ocrx_word' id='word_1_681' title='bbox 2920 2829 3254 2897; x_wconf 75' lang='grc' dir='ltr'>ὑποζώματα</span> <span class='ocrx_word' id='word_1_682' title='bbox 3290 2831 3367 2902; x_wconf 85' lang='grc' dir='ltr'>μὴ</span> <span class='ocrx_word' id='word_1_683' title='bbox 3400 2826 3454 2903; x_wconf 78' lang='grc' dir='ltr'>ᾖ,</span> <span class='ocrx_word' id='word_1_684' title='bbox 3489 2830 3621 2882; x_wconf 73' lang='grc' dir='ltr'>οὐδὲν</span> <span class='ocrx_word' id='word_1_685' title='bbox 3646 2826 3799 2893; x_wconf 74' lang='grc' dir='ltr'>ὄφελος·</span> 
     </span>
    </p>
   </div>
   <div class='ocr_carea' id='block_1_89' title="bbox 2325 2912 3802 2989">
    <p class='ocr_par' dir='ltr' id='par_1_89' title="bbox 2325 2912 3802 2989">
     <span class='ocr_line' id='line_1_89' title="bbox 2325 2912 3802 2989; baseline -0.007 -16"><span class='ocrx_word' id='word_1_686' title='bbox 2325 2920 2420 2974; x_wconf 70' lang='grc' dir='ltr'>καὶ</span> <span class='ocrx_word' id='word_1_687' title='bbox 2448 2921 2539 2973; x_wconf 73' lang='grc' dir='ltr'>ἐπὶ</span> <span class='ocrx_word' id='word_1_688' title='bbox 2560 2920 2734 2983; x_wconf 85' lang='grc' dir='ltr'>οἰκίας</span> <span class='ocrx_word' id='word_1_689' title='bbox 2765 2920 2857 2973; x_wconf 71' lang='grc' dir='ltr'>ἐὰν</span> <span class='ocrx_word' id='word_1_690' title='bbox 2890 2920 2962 2989; x_wconf 82' lang='grc' dir='ltr'>μὴ</span> <span class='ocrx_word' id='word_1_691' title='bbox 2987 2913 3119 2972; x_wconf 80' lang='grc' dir='ltr'>ὦσιν</span> <span class='ocrx_word' id='word_1_692' title='bbox 3166 2920 3221 2973; x_wconf 86' lang='grc' dir='ltr'>αἰ</span> <span class='ocrx_word' id='word_1_693' title='bbox 3254 2917 3595 2988; x_wconf 83' lang='grc' dir='ltr'>ίμαντὼσεις·</span> <span class='ocrx_word' id='word_1_694' title='bbox 3638 2916 3713 2967; x_wconf 83' lang='grc' dir='ltr'>καί</span> <span class='ocrx_word' id='word_1_695' title='bbox 3744 2912 3802 2963; x_wconf 73' lang='grc' dir='ltr'>ἐπὶ</span> 
     </span>
    </p>
   </div>
   <div class='ocr_carea' id='block_1_90' title="bbox 2326 3001 3801 3080">
    <p class='ocr_par' dir='ltr' id='par_1_90' title="bbox 2326 3001 3801 3080">
     <span class='ocr_line' id='line_1_90' title="bbox 2326 3001 3801 3080; baseline -0.006 -20"><span class='ocrx_word' id='word_1_696' title='bbox 2326 3007 2575 3079; x_wconf 85' lang='grc' dir='ltr'>σώματος</span> <span class='ocrx_word' id='word_1_697' title='bbox 2611 3008 2715 3061; x_wconf 86' lang='grc' dir='ltr'>κᾶν</span> <span class='ocrx_word' id='word_1_698' title='bbox 2768 3001 3044 3080; x_wconf 81' lang='grc' dir='ltr'>μεγάλαῇ</span> <span class='ocrx_word' id='word_1_699' title='bbox 3082 3006 3152 3058; x_wconf 81' lang='grc' dir='ltr'>τὰ</span> <span class='ocrx_word' id='word_1_700' title='bbox 3194 3005 3353 3069; x_wconf 80' lang='grc' dir='ltr'>όστᾶ,</span> <span class='ocrx_word' id='word_1_701' title='bbox 3404 3004 3453 3057; x_wconf 70' lang='lat' dir='ltr'>of.</span> <span class='ocrx_word' id='word_1_702' title='bbox 3488 3003 3541 3056; x_wconf 82' lang='grc' dir='ltr'>δὲ</span> <span class='ocrx_word' id='word_1_703' title='bbox 3591 3001 3801 3067; x_wconf 80' lang='grc' dir='ltr'>σύνδεσμοι</span> 
     </span>
    </p>
   </div>
   <div class='ocr_carea' id='block_1_91' title="bbox 2328 3089 3802 3165">
    <p class='ocr_par' dir='ltr' id='par_1_91' title="bbox 2328 3089 3802 3165">
     <span class='ocr_line' id='line_1_91' title="bbox 2328 3089 3802 3165; baseline -0.007 -15"><span class='ocrx_word' id='word_1_704' title='bbox 2328 3096 2401 3165; x_wconf 81' lang='grc' dir='ltr'>μὴ</span> <span class='ocrx_word' id='word_1_705' title='bbox 2437 3090 2590 3161; x_wconf 81' lang='grc' dir='ltr'>ὦσιν,</span> <span class='ocrx_word' id='word_1_706' title='bbox 2622 3094 2773 3147; x_wconf 79' lang='grc' dir='ltr'>οὐδὲν</span> <span class='ocrx_word' id='word_1_707' title='bbox 2806 3094 3018 3163; x_wconf 81' lang='grc' dir='ltr'>ὄφελος.</span> <span class='ocrx_word' id='word_1_708' title='bbox 3055 3089 3156 3147; x_wconf 75' lang='grc' dir='ltr'>Οἷα</span> <span class='ocrx_word' id='word_1_709' title='bbox 3184 3093 3295 3163; x_wconf 86' lang='lat'>7&amp;9</span> <span class='ocrx_word' id='word_1_710' title='bbox 3329 3092 3422 3146; x_wconf 87' lang='grc' dir='ltr'>ἐάν</span> <span class='ocrx_word' id='word_1_711' title='bbox 3452 3108 3531 3155; x_wconf 89' lang='grc' dir='ltr'>τις</span> <span class='ocrx_word' id='word_1_712' title='bbox 3557 3089 3642 3162; x_wconf 79' lang='grc' dir='ltr'>ἔχῃ</span> <span class='ocrx_word' id='word_1_713' title='bbox 3667 3102 3802 3154; x_wconf 72' lang='grc' dir='ltr'>κατορ-</span> 
     </span>
    </p>
   </div>
   <div class='ocr_carea' id='block_1_92' title="bbox 2325 3167 3801 3254">
    <p class='ocr_par' dir='ltr' id='par_1_92' title="bbox 2325 3167 3801 3254">
     <span class='ocr_line' id='line_1_92' title="bbox 2325 3167 3801 3254; baseline -0.008 -17"><span class='ocrx_word' id='word_1_714' title='bbox 2325 3182 2570 3254; x_wconf 85' lang='grc' dir='ltr'>θώματα,</span> <span class='ocrx_word' id='word_1_715' title='bbox 2606 3183 2784 3237; x_wconf 89' lang='grc' dir='ltr'>πάντα</span> <span class='ocrx_word' id='word_1_716' title='bbox 2810 3181 3037 3253; x_wconf 83' lang='grc' dir='ltr'>φροῦδα,</span> <span class='ocrx_word' id='word_1_717' title='bbox 3074 3182 3298 3252; x_wconf 84' lang='grc' dir='ltr'>ἀγάπης</span> <span class='ocrx_word' id='word_1_718' title='bbox 3326 3181 3400 3251; x_wconf 85' lang='grc' dir='ltr'>μὴ</span> <span class='ocrx_word' id='word_1_719' title='bbox 3432 3178 3601 3249; x_wconf 78' lang='grc' dir='ltr'>οὑσης.</span> <span class='ocrx_word' id='word_1_720' title='bbox 3646 3177 3732 3230; x_wconf 82' lang='grc' dir='ltr'>Οὐκ</span> <span class='ocrx_word' id='word_1_721' title='bbox 3751 3167 3801 3225; x_wconf 70' lang='grc' dir='ltr'>είς</span> 
     </span>
    </p>
   </div>
   <div class='ocr_carea' id='block_1_93' title="bbox 2324 3264 3801 3343">
    <p class='ocr_par' dir='ltr' id='par_1_93' title="bbox 2324 3264 3801 3343">
     <span class='ocr_line' id='line_1_93' title="bbox 2324 3264 3801 3343; baseline -0.006 -18"><span class='ocrx_word' id='word_1_722' title='bbox 2324 3290 2445 3335; x_wconf 90' lang='grc' dir='ltr'>πεν,</span> <span class='ocrx_word' id='word_1_723' title='bbox 2473 3272 2555 3324; x_wconf 84' lang='grc' dir='ltr'>ὅτι</span> <span class='ocrx_word' id='word_1_724' title='bbox 2588 3276 2800 3343; x_wconf 84' lang='grc' dir='ltr'>κορυφή</span> <span class='ocrx_word' id='word_1_725' title='bbox 2856 3272 3026 3335; x_wconf 86' lang='grc' dir='ltr'>ἐστιν,</span> <span class='ocrx_word' id='word_1_726' title='bbox 3062 3269 3179 3323; x_wconf 86' lang='grc' dir='ltr'>ἀλλ’</span> <span class='ocrx_word' id='word_1_727' title='bbox 3210 3270 3239 3323; x_wconf 82' lang='grc' dir='ltr'><strong>ὃ</strong></span> <span class='ocrx_word' id='word_1_728' title='bbox 3301 3270 3483 3340; x_wconf 76' lang='grc' dir='ltr'>μεῖζόν</span> <span class='ocrx_word' id='word_1_729' title='bbox 3505 3270 3627 3330; x_wconf 88' lang='grc' dir='ltr'>ἐστι,</span> <span class='ocrx_word' id='word_1_730' title='bbox 3651 3264 3801 3319; x_wconf 74' lang='grc' dir='ltr'>σύνδε-</span> 
     </span>
    </p>
   </div>
   <div class='ocr_carea' id='block_1_94' title="bbox 2323 3352 3801 3429">
    <p class='ocr_par' dir='ltr' id='par_1_94' title="bbox 2323 3352 3801 3429">
     <span class='ocr_line' id='line_1_94' title="bbox 2323 3352 3801 3429; baseline -0.006 -16"><span class='ocrx_word' id='word_1_731' title='bbox 2323 3375 2505 3427; x_wconf 84' lang='grc' dir='ltr'>σμος·</span> <span class='ocrx_word' id='word_1_732' title='bbox 2535 3359 2962 3429; x_wconf 89' lang='grc' dir='ltr'>ἀναγκαιότερον</span> <span class='ocrx_word' id='word_1_733' title='bbox 2992 3356 3170 3419; x_wconf 80' lang='grc' dir='ltr'>τοῦτο,</span> <span class='ocrx_word' id='word_1_734' title='bbox 3226 3357 3260 3427; x_wconf 84' lang='grc' dir='ltr'>ἢ</span> <span class='ocrx_word' id='word_1_735' title='bbox 3312 3358 3501 3411; x_wconf 87' lang='grc' dir='ltr'>ἐκεῖνο.</span> <span class='ocrx_word' id='word_1_736' title='bbox 3528 3352 3714 3425; x_wconf 77' lang='grc' dir='ltr'>Κορυφὴ</span> <span class='ocrx_word' id='word_1_737' title='bbox 3736 3352 3801 3420; x_wconf 76' lang='grc' dir='ltr'>μὲν</span> 
     </span>
    </p>
   </div>
   <div class='ocr_carea' id='block_1_95' title="bbox 2322 3442 3801 3518">
    <p class='ocr_par' dir='ltr' id='par_1_95' title="bbox 2322 3442 3801 3518">
     <span class='ocr_line' id='line_1_95' title="bbox 2322 3442 3801 3518; baseline -0.003 -17"><span class='ocrx_word' id='word_1_738' title='bbox 2322 3448 2431 3518; x_wconf 83' lang='grc' dir='ltr'>γὰρ</span> <span class='ocrx_word' id='word_1_739' title='bbox 2463 3448 2707 3510; x_wconf 87' lang='grc' dir='ltr'>ἐπίτασις</span> <span class='ocrx_word' id='word_1_740' title='bbox 2736 3447 3091 3516; x_wconf 87' lang='grc' dir='ltr'>τελειότητος,</span> <span class='ocrx_word' id='word_1_741' title='bbox 3126 3444 3421 3515; x_wconf 88' lang='grc' dir='ltr'>σύνδεσμος</span> <span class='ocrx_word' id='word_1_742' title='bbox 3443 3444 3496 3497; x_wconf 83' lang='grc' dir='ltr'>δὲ</span> <span class='ocrx_word' id='word_1_743' title='bbox 3520 3442 3801 3510; x_wconf 70' lang='grc' dir='ltr'>συγκράτησις</span> 
     </span>
    </p>
   </div>
   <div class='ocr_carea' id='block_1_96' title="bbox 2322 3522 3797 3604">
    <p class='ocr_par' dir='ltr' id='par_1_96' title="bbox 2322 3522 3797 3604">
     <span class='ocr_line' id='line_1_96' title="bbox 2322 3522 3797 3604; baseline -0.007 -16"><span class='ocrx_word' id='word_1_744' title='bbox 2322 3535 2431 3589; x_wconf 86' lang='grc' dir='ltr'>τῶν</span> <span class='ocrx_word' id='word_1_745' title='bbox 2457 3536 2554 3603; x_wconf 87' lang='grc' dir='ltr'>τὴν</span> <span class='ocrx_word' id='word_1_746' title='bbox 2592 3536 2899 3604; x_wconf 87' lang='grc' dir='ltr'>τελειότητα</span> <span class='ocrx_word' id='word_1_747' title='bbox 2938 3534 3252 3597; x_wconf 87' lang='grc' dir='ltr'>ποιούντων,</span> <span class='ocrx_word' id='word_1_748' title='bbox 3283 3533 3536 3601; x_wconf 73' lang='grc' dir='ltr'>ὡσανεὶή</span> <span class='ocrx_word' id='word_1_749' title='bbox 3583 3529 3699 3601; x_wconf 73' lang='grc' dir='ltr'>ῥίζα.</span> <span class='ocrx_word' id='word_1_750' title='bbox 3726 3522 3797 3578; x_wconf 71' lang='grc' dir='ltr'>Καὶ</span> 
     </span>
    </p>
   </div>
   <div class='ocr_carea' id='block_1_97' title="bbox 2320 3613 3798 3690">
    <p class='ocr_par' dir='ltr' id='par_1_97' title="bbox 2320 3613 3798 3690">
     <span class='ocr_line' id='line_1_97' title="bbox 2320 3613 3798 3690; baseline -0.01 -12"><span class='ocrx_word' id='word_1_751' title='bbox 2320 3621 2359 3689; x_wconf 76' lang='grc' dir='ltr'>’ἡ</span> <span class='ocrx_word' id='word_1_752' title='bbox 2398 3621 2605 3690; x_wconf 78' lang='grc' dir='ltr'>εἰρήνη</span> <span class='ocrx_word' id='word_1_753' title='bbox 2630 3623 2735 3675; x_wconf 86' lang='grc' dir='ltr'>τοῦ</span> <span class='ocrx_word' id='word_1_754' title='bbox 2763 3622 2910 3676; x_wconf 87' lang='grc' dir='ltr'>Θεοῦ</span> <span class='ocrx_word' id='word_1_755' title='bbox 2949 3620 3286 3688; x_wconf 76' lang='grc' dir='ltr'>,ϐραϐευέτω</span> <span class='ocrx_word' id='word_1_756' title='bbox 3335 3620 3405 3673; x_wconf 82' lang='grc' dir='ltr'>ἐν</span> <span class='ocrx_word' id='word_1_757' title='bbox 3440 3618 3557 3683; x_wconf 84' lang='grc' dir='ltr'>ταῖς</span> <span class='ocrx_word' id='word_1_758' title='bbox 3601 3613 3798 3683; x_wconf 79' lang='grc' dir='ltr'>καρδίαις</span> 
     </span>
    </p>
   </div>
   <div class='ocr_carea' id='block_1_98' title="bbox 2320 3695 3799 3778">
    <p class='ocr_par' dir='ltr' id='par_1_98' title="bbox 2320 3695 3799 3778">
     <span class='ocr_line' id='line_1_98' title="bbox 2320 3695 3799 3778; baseline -0.005 -15"><span class='ocrx_word' id='word_1_759' title='bbox 2320 3709 2508 3778; x_wconf 86' lang='grc' dir='ltr'>ὑμῶν,</span> <span class='ocrx_word' id='word_1_760' title='bbox 2555 3712 2642 3774; x_wconf 85' lang='grc' dir='ltr'>εὶς</span> <span class='ocrx_word' id='word_1_761' title='bbox 2671 3708 2750 3777; x_wconf 76' lang='grc' dir='ltr'>ἣν</span> <span class='ocrx_word' id='word_1_762' title='bbox 2778 3708 2878 3761; x_wconf 77' lang='grc' dir='ltr'>καὶ</span> <span class='ocrx_word' id='word_1_763' title='bbox 2925 3708 3214 3777; x_wconf 77' lang='grc' dir='ltr'>ἐκλήθητε</span> <span class='ocrx_word' id='word_1_764' title='bbox 3252 3707 3325 3761; x_wconf 88' lang='grc' dir='ltr'>ἐν</span> <span class='ocrx_word' id='word_1_765' title='bbox 3356 3706 3571 3777; x_wconf 84' lang='grc' dir='ltr'>σώματι</span> <span class='ocrx_word' id='word_1_766' title='bbox 3596 3703 3695 3757; x_wconf 69' lang='grc' dir='ltr'>ἔνι’</span> <span class='ocrx_word' id='word_1_767' title='bbox 3733 3695 3799 3750; x_wconf 63' lang='grc' dir='ltr'>καὶ</span> 
     </span>
    </p>
   </div>
   <div class='ocr_carea' id='block_1_99' title="bbox 2320 3796 2955 3865">
    <p class='ocr_par' dir='ltr' id='par_1_99' title="bbox 2320 3796 2955 3865">
     <span class='ocr_line' id='line_1_99' title="bbox 2320 3796 2955 3865; baseline 0.002 -16"><span class='ocrx_word' id='word_1_768' title='bbox 2320 3796 2667 3864; x_wconf 85' lang='grc' dir='ltr'>εὐχάριστοι</span> <span class='ocrx_word' id='word_1_769' title='bbox 2692 3796 2955 3865; x_wconf 77' lang='grc' dir='ltr'>γίνεσθε.</span> 
     </span>
    </p>
   </div>
   <div class='ocr_carea' id='block_1_100' title="bbox 2391 3962 3797 4046">
    <p class='ocr_par' dir='ltr' id='par_1_100' title="bbox 2391 3962 3797 4046">
     <span class='ocr_line' id='line_1_100' title="bbox 2391 3962 3797 4046; baseline -0.011 -16"><span class='ocrx_word' id='word_1_770' title='bbox 2391 3983 2459 4044; x_wconf 89' lang='grc' dir='ltr'>γ’.</span> <span class='ocrx_word' id='word_1_771' title='bbox 2478 3976 2542 4028; x_wconf 85' lang='grc' dir='ltr'>Ἡ</span> <span class='ocrx_word' id='word_1_772' title='bbox 2563 3976 2753 4046; x_wconf 79' lang='grc' dir='ltr'>εἰρήνη</span> <span class='ocrx_word' id='word_1_773' title='bbox 2781 3972 2874 4027; x_wconf 83' lang='grc' dir='ltr'>τοῦ</span> <span class='ocrx_word' id='word_1_774' title='bbox 2898 3972 3031 4027; x_wconf 82' lang='grc' dir='ltr'>Θεοῦ</span> <span class='ocrx_word' id='word_1_775' title='bbox 3056 3975 3088 4044; x_wconf 82' lang='grc' dir='ltr'>ἡ</span> <span class='ocrx_word' id='word_1_776' title='bbox 3115 3975 3393 4043; x_wconf 82' lang='grc' dir='ltr'>πεπηγυῖα</span> <span class='ocrx_word' id='word_1_777' title='bbox 3418 3971 3505 4026; x_wconf 80' lang='grc' dir='ltr'>καὶ</span> <span class='ocrx_word' id='word_1_778' title='bbox 3529 3968 3687 4041; x_wconf 80' lang='grc' dir='ltr'>βεόαία</span> <span class='ocrx_word' id='word_1_779' title='bbox 3704 3962 3797 4027; x_wconf 70' lang='grc' dir='ltr'>αὕτη</span> 
     </span>
    </p>
   </div>
   <div class='ocr_carea' id='block_1_101' title="bbox 2320 4051 3794 4131">
    <p class='ocr_par' dir='ltr' id='par_1_101' title="bbox 2320 4051 3794 4131">
     <span class='ocr_line' id='line_1_101' title="bbox 2320 4051 3794 4131; baseline -0.005 -16"><span class='ocrx_word' id='word_1_780' title='bbox 2320 4063 2485 4118; x_wconf 81' lang='grc' dir='ltr'>ἐστίν.</span> <span class='ocrx_word' id='word_1_781' title='bbox 2512 4066 2608 4115; x_wconf 82' lang='grc' dir='ltr'>Ἂν</span> <span class='ocrx_word' id='word_1_782' title='bbox 2649 4062 2747 4131; x_wconf 79' lang='grc' dir='ltr'>μὲν</span> <span class='ocrx_word' id='word_1_783' title='bbox 2796 4060 2862 4113; x_wconf 82' lang='grc' dir='ltr'>δι’</span> <span class='ocrx_word' id='word_1_784' title='bbox 2913 4059 3196 4131; x_wconf 81' lang='grc' dir='ltr'>ἄνθρωπον</span> <span class='ocrx_word' id='word_1_785' title='bbox 3225 4059 3357 4131; x_wconf 77' lang='grc' dir='ltr'>ἔχῃς</span> <span class='ocrx_word' id='word_1_786' title='bbox 3394 4060 3616 4129; x_wconf 79' lang='grc' dir='ltr'>εἰρήνην,</span> <span class='ocrx_word' id='word_1_787' title='bbox 3645 4051 3794 4119; x_wconf 78' lang='grc' dir='ltr'>ταχέως</span> 
     </span>
    </p>
   </div>
   <div class='ocr_carea' id='block_1_102' title="bbox 2320 4137 3797 4209">
    <p class='ocr_par' dir='ltr' id='par_1_102' title="bbox 2320 4137 3797 4209">
     <span class='ocr_line' id='line_1_102' title="bbox 2320 4137 3797 4209; baseline -0.012 -5"><span class='ocrx_word' id='word_1_788' title='bbox 2320 4150 2594 4205; x_wconf 86' lang='grc' dir='ltr'>διαλύεται</span> <span class='ocrx_word' id='word_1_789' title='bbox 2615 4162 2630 4177; x_wconf 84' lang='grc'><strong>⁸</strong></span> <span class='ocrx_word' id='word_1_790' title='bbox 2680 4150 2774 4202; x_wconf 74' lang='grc' dir='ltr'>ἐὰν</span> <span class='ocrx_word' id='word_1_791' title='bbox 2796 4149 2853 4201; x_wconf 86' lang='grc' dir='ltr'>δέ</span> <span class='ocrx_word' id='word_1_792' title='bbox 2887 4148 2973 4201; x_wconf 85' lang='grc' dir='ltr'>διὰ</span> <span class='ocrx_word' id='word_1_793' title='bbox 3017 4148 3109 4201; x_wconf 83' lang='grc' dir='ltr'>τὸν</span> <span class='ocrx_word' id='word_1_794' title='bbox 3136 4147 3287 4209; x_wconf 84' lang='grc' dir='ltr'>Θεὸν,</span> <span class='ocrx_word' id='word_1_795' title='bbox 3340 4148 3538 4200; x_wconf 78' lang='grc' dir='ltr'>οὐκέτι.</span> <span class='ocrx_word' id='word_1_796' title='bbox 3577 4142 3727 4197; x_wconf 81' lang='grc' dir='ltr'>Καίτοι</span> <span class='ocrx_word' id='word_1_797' title='bbox 3757 4137 3797 4187; x_wconf 72' lang='grc' dir='ltr'>τὸ</span> 
     </span>
    </p>
   </div>
   <div class='ocr_carea' id='block_1_103' title="bbox 2320 4224 3795 4304">
    <p class='ocr_par' dir='ltr' id='par_1_103' title="bbox 2320 4224 3795 4304">
     <span class='ocr_line' id='line_1_103' title="bbox 2320 4224 3795 4304; baseline -0.012 -12"><span class='ocrx_word' id='word_1_798' title='bbox 2320 4237 2607 4292; x_wconf 87' lang='grc' dir='ltr'>καθολικόν</span> <span class='ocrx_word' id='word_1_799' title='bbox 2640 4232 2759 4289; x_wconf 81' lang='grc' dir='ltr'>εἷπε</span> <span class='ocrx_word' id='word_1_800' title='bbox 2791 4236 2905 4304; x_wconf 80' lang='grc' dir='ltr'>τὴν</span> <span class='ocrx_word' id='word_1_801' title='bbox 2930 4235 3193 4304; x_wconf 75' lang='grc' dir='ltr'>ἀγάπην,</span> <span class='ocrx_word' id='word_1_802' title='bbox 3220 4235 3361 4288; x_wconf 86' lang='grc' dir='ltr'>ἀλλὰ</span> <span class='ocrx_word' id='word_1_803' title='bbox 3394 4234 3546 4289; x_wconf 85' lang='grc' dir='ltr'>πάλιν</span> <span class='ocrx_word' id='word_1_804' title='bbox 3570 4231 3648 4284; x_wconf 81' lang='grc' dir='ltr'>ἐπὶ</span> <span class='ocrx_word' id='word_1_805' title='bbox 3664 4228 3709 4280; x_wconf 80' lang='grc' dir='ltr'>τὸ</span> <span class='ocrx_word' id='word_1_806' title='bbox 3729 4224 3795 4277; x_wconf 72' lang='lat' dir='ltr'>i6:-</span> 
     </span>
    </p>
   </div>
   <div class='ocr_carea' id='block_1_104' title="bbox 2322 4306 3793 4396">
    <p class='ocr_par' dir='ltr' id='par_1_104' title="bbox 2322 4306 3793 4396">
     <span class='ocr_line' id='line_1_104' title="bbox 2322 4306 3793 4396; baseline -0.007 -16"><span class='ocrx_word' id='word_1_807' title='bbox 2322 4327 2417 4380; x_wconf 76' lang='grc' dir='ltr'>κὸν</span> <span class='ocrx_word' id='word_1_808' title='bbox 2448 4325 2687 4396; x_wconf 80' lang='grc' dir='ltr'>ἔρχεται.</span> <span class='ocrx_word' id='word_1_809' title='bbox 2720 4325 2873 4376; x_wconf 87' lang='grc' dir='ltr'>’Ἐστι</span> <span class='ocrx_word' id='word_1_810' title='bbox 2908 4324 3014 4393; x_wconf 83' lang='grc' dir='ltr'>γάρ</span> <span class='ocrx_word' id='word_1_811' title='bbox 3047 4325 3141 4376; x_wconf 79' lang='grc' dir='ltr'>καὶ</span> <span class='ocrx_word' id='word_1_812' title='bbox 3189 4323 3426 4393; x_wconf 81' lang='grc' dir='ltr'>ἄμετρος</span> <span class='ocrx_word' id='word_1_813' title='bbox 3482 4318 3665 4387; x_wconf 78' lang='grc' dir='ltr'>ἀγάπη,</span> <span class='ocrx_word' id='word_1_814' title='bbox 3704 4306 3793 4369; x_wconf 70' lang='grc' dir='ltr'>οἷον,</span> 
     </span>
    </p>
   </div>
   <div class='ocr_carea' id='block_1_105' title="bbox 2317 4401 3793 4481">
    <p class='ocr_par' dir='ltr' id='par_1_105' title="bbox 2317 4401 3793 4481">
     <span class='ocr_line' id='line_1_105' title="bbox 2317 4401 3793 4481; baseline -0.01 -13"><span class='ocrx_word' id='word_1_815' title='bbox 2317 4416 2445 4468; x_wconf 87' lang='grc' dir='ltr'>ὃταν</span> <span class='ocrx_word' id='word_1_816' title='bbox 2472 4412 2579 4465; x_wconf 82' lang='grc' dir='ltr'>ἀπὸ</span> <span class='ocrx_word' id='word_1_817' title='bbox 2608 4411 2807 4479; x_wconf 78' lang='grc' dir='ltr'>πολλῆς</span> <span class='ocrx_word' id='word_1_818' title='bbox 2834 4428 2918 4473; x_wconf 89' lang='grc' dir='ltr'>τις</span> <span class='ocrx_word' id='word_1_819' title='bbox 2944 4412 3162 4480; x_wconf 86' lang='grc' dir='ltr'>ἀγάπης</span> <span class='ocrx_word' id='word_1_820' title='bbox 3190 4410 3396 4481; x_wconf 85' lang='grc' dir='ltr'>ἐγκαλῇ</span> <span class='ocrx_word' id='word_1_821' title='bbox 3431 4405 3656 4477; x_wconf 82' lang='grc' dir='ltr'>είκῆ,κ;ιὶ</span> <span class='ocrx_word' id='word_1_822' title='bbox 3672 4401 3793 4471; x_wconf 65' lang='grc' dir='ltr'>μάχας</span> 
     </span>
    </p>
   </div>
   <div class='ocr_carea' id='block_1_106' title="bbox 2319 4490 3794 4574">
    <p class='ocr_par' dir='ltr' id='par_1_106' title="bbox 2319 4490 3794 4574">
     <span class='ocr_line' id='line_1_106' title="bbox 2319 4490 3794 4574; baseline -0.005 -19"><span class='ocrx_word' id='word_1_823' title='bbox 2319 4502 2416 4574; x_wconf 77' lang='grc' dir='ltr'>ἔχῃ</span> <span class='ocrx_word' id='word_1_824' title='bbox 2432 4503 2526 4553; x_wconf 73' lang='grc' dir='ltr'>καὶ</span> <span class='ocrx_word' id='word_1_825' title='bbox 2547 4500 2977 4569; x_wconf 82' lang='grc' dir='ltr'>ἀποστρέφηται.</span> <span class='ocrx_word' id='word_1_826' title='bbox 2997 4496 3093 4562; x_wconf 83' lang='grc' dir='ltr'>Οὒ,</span> <span class='ocrx_word' id='word_1_827' title='bbox 3118 4498 3300 4567; x_wconf 69' lang='grc' dir='ltr'>φησὶν,</span> <span class='ocrx_word' id='word_1_828' title='bbox 3329 4498 3390 4551; x_wconf 85' lang='grc' dir='ltr'>οὑ</span> <span class='ocrx_word' id='word_1_829' title='bbox 3417 4496 3563 4550; x_wconf 81' lang='grc' dir='ltr'>τοῦτο</span> <span class='ocrx_word' id='word_1_830' title='bbox 3588 4490 3794 4574; x_wconf 45' lang='grc' dir='ltr'>βούλομαι,</span> 
     </span>
    </p>
   </div>
   <div class='ocr_carea' id='block_1_107' title="bbox 2317 4572 3795 4655">
    <p class='ocr_par' dir='ltr' id='par_1_107' title="bbox 2317 4572 3795 4655">
     <span class='ocr_line' id='line_1_107' title="bbox 2317 4572 3795 4655; baseline -0.011 -15"><span class='ocrx_word' id='word_1_831' title='bbox 2317 4572 2430 4643; x_wconf 83' lang='grc' dir='ltr'>ἀλλ’</span> <span class='ocrx_word' id='word_1_832' title='bbox 2459 4587 2535 4650; x_wconf 88' lang='grc' dir='ltr'>ὡς</span> <span class='ocrx_word' id='word_1_833' title='bbox 2562 4586 2813 4653; x_wconf 86' lang='grc' dir='ltr'>ἐποίησεν</span> <span class='ocrx_word' id='word_1_834' title='bbox 2873 4585 3094 4655; x_wconf 86' lang='grc' dir='ltr'>εἰρήνην</span> <span class='ocrx_word' id='word_1_835' title='bbox 3121 4584 3257 4654; x_wconf 85' lang='grc' dir='ltr'>πρὸς</span> <span class='ocrx_word' id='word_1_836' title='bbox 3286 4584 3431 4652; x_wconf 79' lang='grc' dir='ltr'>ὑμᾶς</span> <span class='ocrx_word' id='word_1_837' title='bbox 3462 4585 3488 4636; x_wconf 87' lang='grc' dir='ltr'>ὁ</span> <span class='ocrx_word' id='word_1_838' title='bbox 3530 4580 3657 4640; x_wconf 79' lang='grc' dir='ltr'>Θεὸς,</span> <span class='ocrx_word' id='word_1_839' title='bbox 3699 4572 3795 4626; x_wconf 77' lang='grc' dir='ltr'>οὕτω</span> 
     </span>
    </p>
   </div>
   <div class='ocr_carea' id='block_1_108' title="bbox 2318 4664 3790 4753">
    <p class='ocr_par' dir='ltr' id='par_1_108' title="bbox 2318 4664 3790 4753">
     <span class='ocr_line' id='line_1_108' title="bbox 2318 4664 3790 4753; baseline -0.008 -23"><span class='ocrx_word' id='word_1_840' title='bbox 2318 4677 2409 4730; x_wconf 76' lang='grc' dir='ltr'>καὶ</span> <span class='ocrx_word' id='word_1_841' title='bbox 2438 4677 2598 4744; x_wconf 80' lang='grc' dir='ltr'>ὑμεῖς</span> <span class='ocrx_word' id='word_1_842' title='bbox 2630 4677 2847 4728; x_wconf 90' lang='grc' dir='ltr'>ποιεῖτε.</span> <span class='ocrx_word' id='word_1_843' title='bbox 2883 4672 3005 4736; x_wconf 82' lang='grc' dir='ltr'>Πῶς</span> <span class='ocrx_word' id='word_1_844' title='bbox 3031 4672 3087 4725; x_wconf 86' lang='grc' dir='ltr'>δὲ</span> <span class='ocrx_word' id='word_1_845' title='bbox 3116 4672 3398 4740; x_wconf 85' lang='grc' dir='ltr'>ἐποίησεν;</span> <span class='ocrx_word' id='word_1_846' title='bbox 3434 4668 3588 4729; x_wconf 80' lang='grc' dir='ltr'>Αὑτός</span> <span class='ocrx_word' id='word_1_847' title='bbox 3608 4664 3790 4753; x_wconf 59' lang='grc' dir='ltr'>θελήσαςί</span> 
     </span>
    </p>
   </div>
   <div class='ocr_carea' id='block_1_109' title="bbox 2316 4752 3792 4835">
    <p class='ocr_par' dir='ltr' id='par_1_109' title="bbox 2316 4752 3792 4835">
     <span class='ocr_line' id='line_1_109' title="bbox 2316 4752 3792 4835; baseline -0.011 -17"><span class='ocrx_word' id='word_1_848' title='bbox 2316 4766 2375 4817; x_wconf 87' lang='grc' dir='ltr'>ού</span> <span class='ocrx_word' id='word_1_849' title='bbox 2413 4765 2545 4835; x_wconf 85' lang='grc' dir='ltr'>παρ’</span> <span class='ocrx_word' id='word_1_850' title='bbox 2583 4762 2740 4833; x_wconf 80' lang='grc' dir='ltr'>ἡμῶν</span> <span class='ocrx_word' id='word_1_851' title='bbox 2766 4779 2818 4814; x_wconf 90' lang='grc' dir='ltr'>τι</span> <span class='ocrx_word' id='word_1_852' title='bbox 2857 4760 3055 4814; x_wconf 76' lang='grc' dir='ltr'>λαϐὼν.</span> <span class='ocrx_word' id='word_1_853' title='bbox 3110 4760 3175 4812; x_wconf 89' lang='grc' dir='ltr'>Τί</span> <span class='ocrx_word' id='word_1_854' title='bbox 3204 4762 3373 4823; x_wconf 84' lang='grc' dir='ltr'>ἐστιν,</span> <span class='ocrx_word' id='word_1_855' title='bbox 3417 4759 3484 4813; x_wconf 85' lang='grc' dir='ltr'><em>Ἠ</em></span> <span class='ocrx_word' id='word_1_856' title='bbox 3520 4752 3690 4822; x_wconf 80' lang='grc' dir='ltr'>εἰρήνη</span> <span class='ocrx_word' id='word_1_857' title='bbox 3720 4761 3792 4835; x_wconf 54' lang='grc' dir='ltr'>του</span> 
     </span>
    </p>
   </div>
   <div class='ocr_carea' id='block_1_110' title="bbox 2317 4828 3817 4927">
    <p class='ocr_par' dir='ltr' id='par_1_110' title="bbox 2317 4828 3817 4927">
     <span class='ocr_line' id='line_1_110' title="bbox 2317 4828 3817 4927; baseline -0.01 -21"><span class='ocrx_word' id='word_1_858' title='bbox 2317 4851 2465 4906; x_wconf 85' lang='grc' dir='ltr'>Θεοῦ</span> <span class='ocrx_word' id='word_1_859' title='bbox 2496 4828 2854 4920; x_wconf 46' lang='grc' dir='ltr'>’βραϐευέτω</span> <span class='ocrx_word' id='word_1_860' title='bbox 2890 4849 2961 4902; x_wconf 84' lang='grc' dir='ltr'>ἐν</span> <span class='ocrx_word' id='word_1_861' title='bbox 3008 4847 3140 4913; x_wconf 82' lang='grc' dir='ltr'>ταῖς</span> <span class='ocrx_word' id='word_1_862' title='bbox 3188 4846 3457 4914; x_wconf 79' lang='grc' dir='ltr'>καρδίαις</span> <span class='ocrx_word' id='word_1_863' title='bbox 3505 4840 3677 4927; x_wconf 50' lang='grc' dir='ltr'>ὑμῶν,</span> <span class='ocrx_word' id='word_1_864' title='bbox 3708 4828 3817 4927; x_wconf 62' lang='grc' dir='ltr'>Ἐἀγ’</span> 
     </span>
    </p>
   </div>
   <div class='ocr_carea' id='block_1_111' title="bbox 2316 4924 3791 5013">
    <p class='ocr_par' dir='ltr' id='par_1_111' title="bbox 2316 4924 3791 5013">
     <span class='ocr_line' id='line_1_111' title="bbox 2316 4924 3791 5013; baseline -0.009 -20"><span class='ocrx_word' id='word_1_865' title='bbox 2316 4940 2597 5010; x_wconf 87' lang='grc' dir='ltr'>μάχωνται</span> <span class='ocrx_word' id='word_1_866' title='bbox 2654 4937 2903 5007; x_wconf 80' lang='grc' dir='ltr'>λογισμοὶ</span> <span class='ocrx_word' id='word_1_867' title='bbox 2944 4935 3055 4997; x_wconf 91' lang='grc' dir='ltr'>δύο,</span> <span class='ocrx_word' id='word_1_868' title='bbox 3113 4934 3186 5005; x_wconf 79' lang='grc' dir='ltr'>μὴ</span> <span class='ocrx_word' id='word_1_869' title='bbox 3216 4936 3422 5004; x_wconf 79' lang='grc' dir='ltr'>στήσῃς</span> <span class='ocrx_word' id='word_1_870' title='bbox 3454 4932 3536 4983; x_wconf 84' lang='grc' dir='ltr'>τὸν</span> <span class='ocrx_word' id='word_1_871' title='bbox 3564 4924 3791 5013; x_wconf 32' lang='grc' dir='ltr'>θυμδνιιξιξ]</span> 
     </span>
    </p>
   </div>
   <div class='ocr_carea' id='block_1_112' title="bbox 2315 5006 3789 5097">
    <p class='ocr_par' dir='ltr' id='par_1_112' title="bbox 2315 5006 3789 5097">
     <span class='ocr_line' id='line_1_112' title="bbox 2315 5006 3789 5097; baseline -0.022 -2"><span class='ocrx_word' id='word_1_872' title='bbox 2544 5028 2643 5096; x_wconf 82' lang='grc' dir='ltr'>τὴν</span> <span class='ocrx_word' id='word_1_873' title='bbox 2672 5006 2931 5094; x_wconf 75' lang='grc' dir='ltr'>ἐπήρειαν</span> <span class='ocrx_word' id='word_1_874' title='bbox 2961 5022 3293 5091; x_wconf 85' lang='grc' dir='ltr'>κατέχουσαν</span> <span class='ocrx_word' id='word_1_875' title='bbox 3344 5021 3405 5073; x_wconf 84' lang='grc' dir='ltr'>τὸ</span> <span class='ocrx_word' id='word_1_876' title='bbox 3439 5017 3673 5090; x_wconf 72' lang='grc' dir='ltr'>βραδεῖον,</span> 
     </span>
    </p>
   </div>
   <div class='ocr_carea' id='block_1_113' title="bbox 2311 5089 3787 5186">
    <p class='ocr_par' dir='ltr' id='par_1_113' title="bbox 2311 5089 3787 5186">
     <span class='ocr_line' id='line_1_113' title="bbox 2311 5089 3787 5186; baseline 0.001 -23"><span class='ocrx_word' id='word_1_877' title='bbox 2311 5089 2412 5186; x_wconf 73' lang='grc' dir='ltr'>τὴν</span> <span class='ocrx_word' id='word_1_878' title='bbox 2432 5089 2687 5185; x_wconf 45' lang='grc' dir='ltr'>ε’ίρήνηνο</span> <span class='ocrx_word' id='word_1_879' title='bbox 2721 5089 2851 5174; x_wconf 62' lang='grc' dir='ltr'>οἷον,</span> <span class='ocrx_word' id='word_1_880' title='bbox 2892 5111 3031 5163; x_wconf 80' lang='grc' dir='ltr'>ἔστω</span> <span class='ocrx_word' id='word_1_881' title='bbox 3177 5108 3454 5180; x_wconf 77' lang='grc' dir='ltr'>ὑὸρισθεὶς</span> <span class='ocrx_word' id='word_1_882' title='bbox 3475 5089 3675 5161; x_wconf 72' lang='grc' dir='ltr'>ἀδίκως*</span> 
     </span>
    </p>
   </div>
   <div class='ocr_carea' id='block_1_114' title="bbox 2313 5182 3786 5275">
    <p class='ocr_par' dir='ltr' id='par_1_114' title="bbox 2313 5182 3786 5275">
     <span class='ocr_line' id='line_1_114' title="bbox 2313 5182 3786 5275; baseline -0.028 -2"><span class='ocrx_word' id='word_1_883' title='bbox 2313 5182 2408 5274; x_wconf 57' lang='grc' dir='ltr'>’ἧς</span> <span class='ocrx_word' id='word_1_884' title='bbox 2441 5182 2649 5275; x_wconf 56' lang='grc' dir='ltr'>ὕϐρεως</span> <span class='ocrx_word' id='word_1_885' title='bbox 2670 5202 2967 5272; x_wconf 78' lang='grc' dir='ltr'>ἐτέχθησαν</span> <span class='ocrx_word' id='word_1_886' title='bbox 2988 5200 3239 5271; x_wconf 74' lang='grc' dir='ltr'>λογισμοὶ</span> <span class='ocrx_word' id='word_1_887' title='bbox 3274 5198 3387 5264; x_wconf 83' lang='grc' dir='ltr'>δύο,</span> <span class='ocrx_word' id='word_1_888' title='bbox 3438 5199 3466 5250; x_wconf 87' lang='grc' dir='ltr'>ὁ</span> <span class='ocrx_word' id='word_1_889' title='bbox 3497 5193 3586 5264; x_wconf 80' lang='grc' dir='ltr'>μὲν</span> <span class='ocrx_word' id='word_1_890' title='bbox 3616 5182 3786 5275; x_wconf 74' lang='grc' dir='ltr'>κελεύων</span> 
     </span>
    </p>
   </div>
   <div class='ocr_carea' id='block_1_115' title="bbox 2311 5270 3784 5360">
    <p class='ocr_par' dir='ltr' id='par_1_115' title="bbox 2311 5270 3784 5360">
     <span class='ocr_line' id='line_1_115' title="bbox 2311 5270 3784 5360; baseline -0.019 -14"><span class='ocrx_word' id='word_1_891' title='bbox 2311 5290 2640 5360; x_wconf 81' lang='grc' dir='ltr'>ἀμύνασθαι,</span> <span class='ocrx_word' id='word_1_892' title='bbox 2683 5290 2711 5341; x_wconf 85' lang='grc' dir='ltr'>ό</span> <span class='ocrx_word' id='word_1_893' title='bbox 2748 5289 2803 5340; x_wconf 82' lang='grc' dir='ltr'>δὲ</span> <span class='ocrx_word' id='word_1_894' title='bbox 2834 5289 3096 5356; x_wconf 85' lang='grc' dir='ltr'>ἐνεγκεῖν,</span> <span class='ocrx_word' id='word_1_895' title='bbox 3131 5287 3225 5339; x_wconf 78' lang='grc' dir='ltr'>καὶ</span> <span class='ocrx_word' id='word_1_896' title='bbox 3252 5284 3558 5340; x_wconf 89' lang='grc' dir='ltr'>παλαίουσιν</span> <span class='ocrx_word' id='word_1_897' title='bbox 3583 5270 3784 5360; x_wconf 54' lang='grc' dir='ltr'>άλλήλοιῗ</span> 
     </span>
    </p>
   </div>
   <div class='ocr_carea' id='block_1_116' title="bbox 2325 5366 3786 5448">
    <p class='ocr_par' dir='ltr' id='par_1_116' title="bbox 2325 5366 3786 5448">
     <span class='ocr_line' id='line_1_116' title="bbox 2325 5366 3786 5448; baseline -0.008 -17"><span class='ocrx_word' id='word_1_898' title='bbox 2325 5380 2450 5433; x_wconf 80' lang='grc' dir='ltr'>Ἐὰν</span> <span class='ocrx_word' id='word_1_899' title='bbox 2492 5380 2525 5448; x_wconf 87' lang='grc' dir='ltr'>ή</span> <span class='ocrx_word' id='word_1_900' title='bbox 2576 5377 2765 5446; x_wconf 79' lang='grc' dir='ltr'>εἰρήνη</span> <span class='ocrx_word' id='word_1_901' title='bbox 2822 5374 2914 5427; x_wconf 86' lang='grc' dir='ltr'>τοῦ</span> <span class='ocrx_word' id='word_1_902' title='bbox 2957 5373 3090 5427; x_wconf 77' lang='grc' dir='ltr'>Θεοῦ</span> <span class='ocrx_word' id='word_1_903' title='bbox 3138 5375 3338 5443; x_wconf 78' lang='grc' dir='ltr'>ἑστήκῃ</span> <span class='ocrx_word' id='word_1_904' title='bbox 3392 5366 3700 5443; x_wconf 71' lang='grc' dir='ltr'>βραϐεύουσα,</span> <span class='ocrx_word' id='word_1_905' title='bbox 3734 5368 3786 5419; x_wconf 70' lang='grc' dir='ltr'>τῳ</span> 
     </span>
    </p>
   </div>
   <div class='ocr_carea' id='block_1_117' title="bbox 2312 5453 3787 5534">
    <p class='ocr_par' dir='ltr' id='par_1_117' title="bbox 2312 5453 3787 5534">
     <span class='ocr_line' id='line_1_117' title="bbox 2312 5453 3787 5534; baseline -0.018 -14"><span class='ocrx_word' id='word_1_906' title='bbox 2312 5466 2584 5520; x_wconf 87' lang='grc' dir='ltr'>κελεύοντι</span> <span class='ocrx_word' id='word_1_907' title='bbox 2633 5463 2821 5534; x_wconf 79' lang='grc' dir='ltr'>φέρειν</span> <span class='ocrx_word' id='word_1_908' title='bbox 2870 5462 3050 5516; x_wconf 85' lang='grc' dir='ltr'>δίδωσι</span> <span class='ocrx_word' id='word_1_909' title='bbox 3096 5462 3157 5515; x_wconf 83' lang='grc' dir='ltr'>τὸ</span> <span class='ocrx_word' id='word_1_910' title='bbox 3214 5460 3479 5531; x_wconf 78' lang='grc' dir='ltr'>βραϐεῖον,</span> <span class='ocrx_word' id='word_1_911' title='bbox 3521 5453 3603 5509; x_wconf 81' lang='grc' dir='ltr'>καὶ</span> <span class='ocrx_word' id='word_1_912' title='bbox 3648 5456 3787 5534; x_wconf 60' lang='grc' dir='ltr'>καται-</span> 
     </span>
    </p>
   </div>
   <div class='ocr_carea' id='block_1_118' title="bbox 2314 5531 3784 5625">
    <p class='ocr_par' dir='ltr' id='par_1_118' title="bbox 2314 5531 3784 5625">
     <span class='ocr_line' id='line_1_118' title="bbox 2314 5531 3784 5625; baseline -0.009 -19"><span class='ocrx_word' id='word_1_913' title='bbox 2314 5556 2496 5625; x_wconf 88' lang='grc' dir='ltr'>σχύνει</span> <span class='ocrx_word' id='word_1_914' title='bbox 2547 5531 2767 5605; x_wconf 80' lang='grc' dir='ltr'>ἐκεῖνον.</span> <span class='ocrx_word' id='word_1_915' title='bbox 2804 5550 2956 5613; x_wconf 83' lang='grc' dir='ltr'>Ιίὡς;</span> <span class='ocrx_word' id='word_1_916' title='bbox 3004 5549 3272 5602; x_wconf 85' lang='grc' dir='ltr'>Πείθουσα</span> <span class='ocrx_word' id='word_1_917' title='bbox 3317 5550 3394 5602; x_wconf 87' lang='grc' dir='ltr'>ὅτι</span> <span class='ocrx_word' id='word_1_918' title='bbox 3431 5548 3458 5599; x_wconf 76' lang='grc' dir='ltr'>ι</span> <span class='ocrx_word' id='word_1_919' title='bbox 3501 5542 3611 5603; x_wconf 75' lang='grc' dir='ltr'>Θεὸς</span> <span class='ocrx_word' id='word_1_920' title='bbox 3646 5531 3784 5603; x_wconf 71' lang='grc' dir='ltr'>εἰρήνη</span> 
     </span>
    </p>
   </div>
   <div class='ocr_carea' id='block_1_119' title="bbox 2312 5630 3783 5709">
    <p class='ocr_par' dir='ltr' id='par_1_119' title="bbox 2312 5630 3783 5709">
     <span class='ocr_line' id='line_1_119' title="bbox 2312 5630 3783 5709; baseline -0.017 -14"><span class='ocrx_word' id='word_1_921' title='bbox 2312 5644 2477 5703; x_wconf 85' lang='grc' dir='ltr'>ἐστίν,</span> <span class='ocrx_word' id='word_1_922' title='bbox 2510 5641 2588 5693; x_wconf 81' lang='grc' dir='ltr'>ὅτι</span> <span class='ocrx_word' id='word_1_923' title='bbox 2631 5640 2943 5709; x_wconf 80' lang='grc' dir='ltr'>εἰρήνευσεν</span> <span class='ocrx_word' id='word_1_924' title='bbox 2974 5639 3121 5707; x_wconf 82' lang='grc' dir='ltr'>ἡμῖν.</span> <span class='ocrx_word' id='word_1_925' title='bbox 3152 5638 3263 5706; x_wconf 88' lang='grc' dir='ltr'>Οὑχ</span> <span class='ocrx_word' id='word_1_926' title='bbox 3291 5634 3468 5696; x_wconf 85' lang='grc' dir='ltr'>ἁπλῶς</span> <span class='ocrx_word' id='word_1_927' title='bbox 3495 5630 3783 5709; x_wconf 80' lang='grc' dir='ltr'>δείκνυσι</span> 
     </span>
    </p>
   </div>
   <div class='ocr_carea' id='block_1_120' title="bbox 2311 5698 3783 5794">
    <p class='ocr_par' dir='ltr' id='par_1_120' title="bbox 2311 5698 3783 5794">
     <span class='ocr_line' id='line_1_120' title="bbox 2311 5698 3783 5794; baseline -0.008 -12"><span class='ocrx_word' id='word_1_928' title='bbox 2311 5731 2405 5783; x_wconf 75' lang='grc' dir='ltr'>λὺν</span> <span class='ocrx_word' id='word_1_929' title='bbox 2451 5698 2540 5781; x_wconf 64' lang='grc' dir='ltr'>τὴν</span> <span class='ocrx_word' id='word_1_930' title='bbox 2588 5698 2771 5794; x_wconf 66' lang='grc' dir='ltr'>ἁγιῦνα</span> <span class='ocrx_word' id='word_1_931' title='bbox 2820 5724 2912 5777; x_wconf 84' lang='grc' dir='ltr'>τοῦ</span> <span class='ocrx_word' id='word_1_932' title='bbox 2950 5698 3286 5794; x_wconf 60' lang='grc' dir='ltr'>πράγματος.</span> <span class='ocrx_word' id='word_1_933' title='bbox 3334 5724 3421 5791; x_wconf 80' lang='grc' dir='ltr'>Μὴ</span> <span class='ocrx_word' id='word_1_934' title='bbox 3462 5715 3625 5785; x_wconf 67' lang='grc' dir='ltr'>θυμὸς.</span> <span class='ocrx_word' id='word_1_935' title='bbox 3672 5698 3783 5773; x_wconf 56' lang='grc' dir='ltr'>φησὶν</span> 
     </span>
    </p>
   </div>
   <div class='ocr_carea' id='block_1_121' title="bbox 2313 5796 3781 5890">
    <p class='ocr_par' dir='ltr' id='par_1_121' title="bbox 2313 5796 3781 5890">
     <span class='ocr_line' id='line_1_121' title="bbox 2313 5796 3781 5890; baseline -0.006 -18"><span class='ocrx_word' id='word_1_936' title='bbox 2313 5818 2643 5890; x_wconf 67' lang='grc' dir='ltr'>βραϐευέτω,</span> <span class='ocrx_word' id='word_1_937' title='bbox 2694 5815 2767 5885; x_wconf 79' lang='grc' dir='ltr'>μὴ</span> <span class='ocrx_word' id='word_1_938' title='bbox 2803 5814 3122 5885; x_wconf 82' lang='grc' dir='ltr'>φιλονεικία,</span> <span class='ocrx_word' id='word_1_939' title='bbox 3165 5814 3239 5885; x_wconf 76' lang='grc' dir='ltr'>μὴ</span> <span class='ocrx_word' id='word_1_940' title='bbox 3291 5809 3575 5881; x_wconf 72' lang='grc' dir='ltr'>ἀνθρωπίνη</span> <span class='ocrx_word' id='word_1_941' title='bbox 3618 5796 3781 5868; x_wconf 59' lang='grc' dir='ltr'>είρῆνῖλ</span> 
     </span>
    </p>
   </div>
  </div>
