4032 6576
166 462 278 518 555

166 587 367 644 corpus
390 580 546 626 vocet
568 571 729 625 vitam
757 578 1062 639 corruptam
1086 578 1139 623 et
1163 567 1506 637 depravatam
1526 582 1541 629 ;
1562 577 1617 620 et
1639 580 1755 618 rur-

168 683 262 721 sus
284 664 354 719 de
380 663 577 717 virtute
602 660 825 731 praedito
851 660 1095 715 similiter
1123 668 1263 727 agat.
1295 657 1362 712 Et
1380 658 1424 711 si
1456 660 1614 710 homo
1637 662 1760 710 sunt

169 768 413 829 peccata,
438 752 705 825 quomodo
725 752 873 817 dicit,
897 750 1024 806 Cum
1043 750 1236 805 actibus
1254 749 1401 804 suis?
1420 748 1595 804 Semel
1616 747 1757 802 enim

169 850 307 905 dixit
340 859 578 903 veterem
608 845 878 901 hominem
902 885 917 910 ,
949 843 1239 898 ostendens
1261 843 1401 913 quod
1429 840 1531 895 hoc
1559 855 1663 894 non
1693 840 1763 894 sit

172 944 359 1007 homo,
389 940 484 995 sed
516 938 663 994 illud.
692 937 940 992 Liberum
975 935 1116 990 enim
1146 934 1309 991 animi
1338 934 1616 989 arbitrium
1643 947 1759 986 tua-

169 1038 251 1104 gis
278 1036 493 1090 obtinet
516 1032 872 1103 principatum
899 1044 1057 1099 quam
1084 1028 1315 1083 essentia
1340 1043 1355 1092 ;
1384 1036 1439 1082 et
1465 1025 1565 1080 hoc
1595 1025 1764 1094 magis

170 1139 253 1181 est
286 1126 487 1189 homo,
520 1138 678 1194 quam
712 1121 862 1176 illud.
902 1120 1018 1175 Non
1059 1120 1199 1174 enim
1233 1118 1466 1173 essentia
1506 1118 1679 1186 injicit
1711 1118 1765 1171 in

170 1217 506 1287 gehennam,
533 1229 705 1283 neque
736 1212 939 1267 inducit
966 1212 1017 1266 in
1046 1226 1288 1281 regnum,
1316 1210 1409 1266 sed
1437 1210 1608 1279 ipsum
1637 1209 1768 1264 libe-

174 1325 299 1364 rum
331 1308 612 1362 arbitrium
638 1322 654 1372 ;
681 1314 739 1361 et
765 1305 1030 1359 neminem
1055 1317 1298 1357 amamus
1315 1342 1331 1368 ,
1359 1317 1532 1371 neque
1557 1301 1768 1355 odimus

176 1411 447 1471 quatenus
469 1407 553 1454 est
573 1397 755 1460 homo,
778 1397 871 1452 sed
893 1404 1154 1467 quatenus
1174 1394 1293 1448 talis
1320 1403 1410 1447 aut
1438 1393 1556 1446 talis
1582 1391 1765 1445 homo.

174 1492 235 1547 Si
280 1506 413 1559 ergo
452 1504 647 1559 corpus
687 1487 901 1558 quidem
931 1498 1013 1542 est
1051 1487 1281 1541 essentia
1306 1527 1320 1549 ,
1357 1486 1469 1555 ipsa
1503 1492 1680 1537 autem
1714 1483 1768 1537 in

177 1586 426 1653 utrisque
453 1598 559 1638 non
581 1590 666 1637 est
686 1583 913 1636 obnoxia
944 1578 1233 1635 reddenda:
1259 1578 1472 1643 rationi,
1500 1575 1769 1647 quomodo

179 1677 359 1747 ipsum
389 1675 520 1729 dicit
546 1687 667 1728 esse
696 1671 933 1726 malum?

250 1766 313 1821 2.
342 1764 482 1833 Quid
514 1778 640 1818 vero
667 1762 815 1828 dicit,
849 1761 974 1817 Cum
1002 1762 1108 1815 suis
1135 1760 1373 1816 actibus?
1402 1759 1653 1814 Liberum
1684 1774 1772 1813 ar-

180 1858 412 1914 bitrium
440 1870 560 1911 cum
590 1853 861 1922 operibus.
893 1852 1140 1908 Veterem
1171 1862 1347 1906 autem
1381 1852 1551 1921 ipsum
1579 1858 1768 1915 vocat,

183 1951 311 2019 ejns
340 1950 525 2003 volens
554 1946 841 2002 ostendere
879 1945 1265 2017 turpitudinem
1295 1953 1347 2000 et
1373 1943 1769 1999 deferinitatem

182 2052 238 2096 et
272 2040 727 2103 imbecillitatem;
759 2047 814 2093 et
833 2053 1026 2093 novum
1046 2038 1234 2108 inquit,
1262 2044 1529 2106 tamquam
1547 2035 1771 2099 diceret,

180 2133 261 2187 Ne
284 2130 613 2202 exspectetis
633 2129 864 2209 futurum
888 2140 945 2184 ut
964 2130 1013 2183 ei
1033 2128 1174 2185 idem
1195 2128 1419 2191 accidat,
1440 2127 1534 2183 sed
1554 2138 1739 2182 contra
1758 2142 1771 2181 :

184 2239 311 2277 nam
344 2237 455 2292 quo
500 2221 667 2291 magis
709 2221 1071 2292 processerit,
1100 2235 1209 2275 non
1238 2219 1409 2275 tendit
1433 2219 1498 2274 ad
1526 2219 1731 2274 senium
1756 2260 1773 2286 ,
1805 2256 1823 2305 τ

187 2314 284 2369 sed
308 2313 374 2367 ad
408 2314 667 2382 majorem
694 2316 871 2382 priore
893 2313 1246 2381 juventutem.
1271 2311 1400 2366 Nam
1423 2310 1637 2381 quando
1660 2325 1777 2365 ma-
1818 2332 1823 2344 τ

182 2407 360 2476 jorem
391 2405 665 2475 acceperit
692 2404 1085 2475 cognitionem,
1119 2404 1322 2473 majora
1351 2418 1562 2473 quoque
1591 2417 1780 2457 conse-

188 2497 371 2566 quitur
392 2537 408 2561 ,
444 2505 499 2549 et
531 2496 700 2565 magis
730 2496 870 2565 viget
907 2504 961 2549 et
1006 2496 1263 2564 majorem
1306 2496 1412 2550 vim
1445 2493 1641 2562 habet,
1672 2510 1779 2549 non

190 2588 364 2642 solum
394 2587 467 2641 ob
491 2586 850 2656 juventutem,
879 2585 972 2640 sed
998 2586 1157 2641 etiam
1180 2586 1250 2641 ob
1274 2586 1501 2641 formam
1531 2586 1595 2639 ad
1621 2601 1780 2657 quam

194 2681 456 2737 refertur.
498 2680 639 2736 Ecce
678 2689 919 2735 creatura
949 2682 1147 2750 optima
1188 2682 1311 2737 vita:
1349 2682 1608 2738 institutio
1651 2682 1780 2737 dici-

196 2786 302 2831 tur.
335 2775 421 2832 Ad
467 2776 751 2845 imaginem
795 2773 993 2829 Christi
1026 2776 1161 2830 :hoc
1201 2777 1345 2830 enim
1382 2785 1465 2832 est
1501 2777 1662 2843 illud,
1702 2779 1784 2832 Ad

196 2869 476 2940 imaginem
514 2868 626 2939 ejus
662 2867 749 2938 qui
777 2867 962 2921 creavit
1004 2869 1188 2939 ipsum.
1228 2868 1360 2922 Nam
1403 2885 1504 2925 nec
1542 2869 1786 2924 Christus

195 2976 363 3016 senex
391 2968 640 3014 mortuus
665 2966 769 3023 est,
792 2957 888 3013 sed
916 2969 1035 3013 erat
1058 2958 1194 3013 adeo
1217 2960 1437 3028 pulcher
1462 2971 1519 3013 nt
1549 2960 1651 3015 diei
1678 2975 1784 3015 non

198 3051 393 3121 possit.
433 3049 534 3105 Ubi
560 3065 660 3103 non
690 3058 764 3103 est
792 3050 1044 3103 masculus
1080 3066 1170 3103 nec
1204 3050 1424 3119 femina,
1457 3052 1547 3105 Η.
1588 3052 1789 3123 gentilis

198 3155 244 3197 et
265 3142 513 3207 Indicus,
544 3140 859 3195 circumcisio
886 3150 932 3195 et
969 3140 1294 3210 praeputium,
1321 3141 1561 3195 barbarus
1586 3153 1632 3195 et
1659 3141 1792 3214 Scy-

200 3235 312 3301 tha,
339 3249 516 3288 servus
542 3242 588 3288 et
614 3233 761 3298 liber,
788 3231 877 3286 sed
904 3233 1095 3298 omnia,
1127 3241 1173 3286 et
1199 3233 1254 3285 in
1282 3232 1513 3286 omnibus
1540 3233 1789 3292 Christus.

206 3326 348 3380 Ecce
373 3324 589 3378 tertium
610 3322 770 3392 hujus
790 3322 888 3376 viri
907 3322 1231 3389 encomium,
1249 3323 1461 3392 quando
1483 3338 1581 3378 nec
1598 3324 1789 3393 gentis,

209 3431 309 3471 nec
338 3415 712 3480 auctoritatis,
754 3428 928 3482 neque
967 3412 1228 3483 majorum
1274 3414 1565 3484 ingreditur
1607 3415 1795 3469 discri-

208 3524 357 3573 men,
405 3523 528 3561 cum
569 3506 702 3561 nihil
750 3505 946 3560 habeat
983 3516 1262 3561 externum
1288 3548 1303 3573 ,
1348 3522 1521 3578 neque
1551 3507 1633 3562 his
1662 3524 1796 3577 opus

207 3601 409 3657 habeat
435 3617 449 3654 :
476 3600 600 3654 talia
628 3599 772 3654 enim
803 3598 984 3654 omnia
1024 3607 1147 3653 sunt
1176 3610 1418 3654 externa.
1451 3600 1798 3654 Circumcisio

208 3702 265 3748 et
292 3694 643 3763 praeputium,
677 3704 865 3745 servus
892 3700 945 3745 et
974 3689 1132 3755 liber,
1161 3689 1410 3753 Graccus,
1440 3690 1541 3744 hoc
1569 3699 1653 3745 est
1678 3704 1802 3758 pro-

206 3785 428 3854 selytus
454 3824 470 3847 ,
498 3792 554 3837 et
580 3780 795 3838 Judzens
824 3796 855 3836 a
884 3781 1194 3851 majoribus.
1236 3780 1291 3836 Si
1335 3783 1475 3837 hunc
1504 3781 1675 3836 solum
1703 3781 1801 3835 ha-

208 3876 389 3937 beas,
425 3872 615 3928 eadem
655 3873 953 3943 assequeris
999 3887 1119 3942 quae
1164 3872 1251 3927 alii
1298 3872 1389 3943 qui
1430 3872 1646 3927 habent.
1696 3872 1803 3927 Sed

210 3968 433 4032 ontnia,
467 3966 671 4036 inquit,
711 3974 754 4019 et
792 3966 845 4020 in
883 3965 1112 4019 omnibus
1160 3975 1233 4020 est
1271 3965 1541 4030 Christus;
1588 3965 1640 4020 id
1684 3976 1762 4021 eSI
1786 4007 1813 4029 ,ρ

212 4063 401 4118 omnia
433 4061 590 4115 nobis
617 4061 720 4115 erit
743 4058 1009 4124 Christus,
1040 4068 1095 4114 et
1118 4058 1348 4130 dignitas
1376 4068 1430 4115 et
1451 4073 1641 4130 genus,
1672 4068 1726 4114 et
1752 4058 1805 4112 in

216 4155 376 4211 vobis
401 4154 657 4210 omnibus
683 4155 821 4222 ipse.
852 4153 960 4208 Aut
985 4152 1126 4208 aliud
1160 4153 1324 4219 dicit,
1354 4168 1582 4223 nempe:
1607 4153 1807 4208 Omnes

218 4263 363 4305 unus
392 4247 639 4304 Christus
665 4246 791 4302 lacti
829 4247 998 4313 eStis,
1028 4262 1150 4301 cum
1188 4246 1304 4302 sitis
1332 4247 1450 4317 ejus
1474 4260 1685 4316 corpus.
1717 4246 1805 4303 12.

222 4342 246 4397 l
258 4341 433 4396 nduite
451 4357 541 4395 vos
560 4357 680 4410 ergo
698 4341 828 4394 sicut
850 4342 991 4396 electi
1021 4339 1137 4407 Dei,
1163 4342 1324 4395 sancti
1343 4351 1388 4395 et
1409 4342 1595 4397 dilecti.
1618 4343 1809 4398 Osten-

228 4433 313 4486 dit
336 4431 649 4485 lacilitatem
680 4431 911 4495 virtutis,
946 4440 1004 4485 ut
1030 4440 1083 4487 et
1108 4446 1225 4487 eam
1256 4440 1512 4502 perpetuo
1542 4433 1808 4501 habeant,

228 4531 287 4578 et
322 4532 380 4577 ut
419 4532 695 4593 tamquam
737 4522 970 4577 maximo
1008 4532 1224 4578 utantur
1262 4534 1595 4580 ornamento.
1639 4526 1707 4580 Et
1732 4536 1814 4581 est

229 4625 357 4665 cum
386 4611 543 4666 laude
581 4614 799 4667 suasio:
832 4622 959 4667 tunc
984 4615 1126 4668 enim
1157 4614 1265 4668 vim
1306 4614 1467 4670 habet
1507 4617 1811 4672 maximam.

228 4701 474 4758 Fuerunt
500 4703 645 4757 enim
672 4703 841 4758 sancti
866 4744 882 4769 ,
910 4702 1003 4759 sed
1031 4718 1136 4758 non
1163 4706 1319 4760 electi
1349 4723 1361 4759 :
1393 4721 1534 4761 nunc
1558 4716 1734 4761 autem
1762 4716 1818 4763 et

230 4792 390 4847 electi
430 4802 488 4848 et
517 4793 690 4847 sancti
720 4801 776 4848 et
803 4793 1007 4852 dilecti.
1047 4792 1251 4849 Viscera
1277 4796 1657 4852 misericordia.
1697 4797 1813 4853 Non

230 4884 404 4949 dicit,
436 4884 893 4953 Misericordiam,
921 4887 1017 4943 sed
1058 4903 1181 4943 cum
1223 4889 1409 4959 majori
1451 4890 1689 4960 emphasi
1723 4908 1816 4960 per

231 4977 362 5032 duo.
383 4977 455 5033 Et
475 4994 581 5033 non
603 4978 756 5045 dixit,
774 4979 1064 5051 Tamquam
1086 4980 1358 5045 fratribus,
1382 4984 1496 5048 sed,
1522 4984 1815 5055 Tamquam

232 5068 359 5124 filiis
399 5078 604 5139 patres.
645 5069 724 5125 Ne
761 5071 894 5125 mihi
935 5074 1078 5128 enim
1116 5072 1318 5128 dixeris
1349 5075 1490 5144 quod
1536 5080 1811 5144 peccavit:

233 5170 524 5230 propterea
550 5159 936 5227 dixit,Viscera.
965 5162 1034 5217 Et
1062 5178 1168 5218 non
1195 5164 1348 5231 dixit,
1375 5165 1812 5234 Misericordiam,

234 5266 306 5306 ne
332 5265 432 5305 eos
457 5251 828 5321 \‘ilipenderet,
856 5253 971 5318 sed,
1018 5252 1219 5308 Viscera
1248 5257 1625 5311 misericordice.
1657 5258 1813 5312 Beni-

234 5344 517 5415 gnitatem,
556 5344 926 5412 humilitatem,
971 5348 1301 5412 modestiam,
1354 5351 1681 5419 patientiam;
1724 5352 1813 5406 15.

236 5444 599 5504 supportantes
619 5436 850 5502 invicem,
873 5447 920 5491 et
940 5439 1183 5493 donantes
1225 5442 1606 5512 nobismetipsis,
1637 5443 1682 5496 si
1708 5444 1818 5512 quis

237 5526 484 5580 adversus
528 5526 746 5596 aliquem
792 5527 971 5582 habeat
1008 5530 1265 5600 querelam
1296 5548 1314 5585 :
1339 5532 1466 5585 sicut
1507 5542 1557 5587 et
1592 5531 1821 5589 Christus

239 5616 450 5670 donavit
490 5619 651 5685 vobis,
680 5620 754 5673 ita
790 5628 837 5673 et
879 5636 985 5674 vos.
1030 5621 1236 5677 Rursus
1275 5623 1400 5680 dicit
1430 5638 1525 5693 per
1551 5627 1817 5695 speciem:

241 5721 368 5761 nam
390 5722 423 5761 a
444 5707 772 5780 benignitate
795 5713 967 5767 oritur
986 5714 1275 5780 humilitas,
1301 5717 1440 5771 etab
1464 5733 1525 5773 ea
1546 5718 1819 5788 patientia.

243 5799 641 5870 Supportantes,
670 5805 861 5875 inquit,
888 5806 1135 5871 invicem;
1163 5806 1265 5861 hoc
1288 5818 1369 5863 est
1393 5810 1739 5879 sustinentes,
1770 5821 1824 5868 et

246 5892 385 5949 alter
408 5894 564 5952 alteri
587 5898 938 5957 dimittentes.
965 5902 1031 5958 Et
1056 5901 1176 5961 vide
1202 5906 1469 5973 quomodo
1497 5908 1673 5979 ipsum
1696 5912 1828 5968 nihil

1058 414 1125 511 lN
1166 454 1381 511 EPIST.
1422 454 1514 511 AD
1550 450 1822 509 cocoss.

1863 451 2016 509 CAP.
2062 454 2145 511 Ill.
2189 457 2418 514 IIOMIL.
2462 461 2594 517 \‘lll.
3342 466 3447 521 335

1866 580 1985 621 esse
2012 568 2336 636 ostenderit,
2369 580 2426 626 ut
2461 574 2550 643 qui
2580 575 2784 629 vocarit
2812 576 3108 645 querelam.
3140 577 3208 631 Et
3231 576 3443 646 adjicit,
3489 568 3495 611 ‘

1866 656 2013 711 Sicut
2050 669 2098 712 et
2123 658 2353 715 Christus
2385 664 2591 717 donavit
2620 666 2779 719 vobis.
2824 667 3070 737 Magnum
3100 669 3403 738 exemplum
3429 688 3445 723 :

1869 749 2009 817 quod
2037 765 2251 820 semper
2275 752 2419 815 facit,
2448 769 2476 807 a
2503 754 2719 810 Christo
2748 759 2891 826 ipsos
2916 758 3232 815 adhortans.
3259 760 3449 827 Quereo

1869 838 1970 891 tam
2008 840 2156 894 dicit.
2188 841 2299 896 illic
2332 843 2547 912 quidem
2584 860 2807 914 parvum
2844 847 2972 903 illud
3015 865 3137 904 esse
3175 851 3447 914 ostendit;

1868 929 2093 998 quando
2127 940 2303 986 autem
2347 933 2567 987 adduxit
2598 938 2898 1004 exemplum
2925 979 2940 1002 ,
2976 941 3238 1006 persuasit
3264 941 3403 1011 quod
3427 981 3447 1007 ,

1868 1023 2077 1079 etiamsi
2120 1025 2188 1079 de
2228 1028 2436 1096 magnis
2466 1028 2734 1097 possimus
2758 1044 3013 1085 accusare
3038 1074 3051 1097 ,
3082 1043 3291 1101 oportet
3316 1049 3449 1087 con-

1870 1114 2071 1171 donare
2097 1132 2112 1175 :
2136 1117 2264 1171 illud
2286 1118 2450 1183 enim,
2476 1120 2618 1174 Sicut
2641 1120 2887 1186 Christus,
2908 1121 3010 1175 hoc
3030 1124 3291 1193 signiﬁcat
3314 1142 3327 1177 :
3353 1139 3452 1180 nec

1872 1206 1973 1262 hoc
2000 1210 2194 1273 solum,
2223 1211 2315 1264 sed
2343 1211 2504 1266 etiam
2531 1212 2672 1281 quod
2701 1230 2764 1266 ex
2794 1221 2905 1266 toto
2931 1214 3126 1276 corde;
3158 1231 3329 1284 neque
3352 1215 3452 1271 hoc

1872 1308 2077 1353 tantum
2103 1342 2117 1365 ,
2145 1301 2238 1354 sed
2268 1301 2428 1355 etiam
2465 1302 2607 1371 quod
2647 1311 2892 1371 oporteat
2930 1304 3170 1372 diligere.
3209 1305 3455 1361 Christus

1872 1392 2014 1446 enim
2060 1392 2111 1445 in
2159 1391 2393 1446 medium
2437 1392 2698 1449 adductus
2741 1394 2856 1449 haec
2899 1396 3075 1449 omnia
3115 1396 3371 1450 adducit:
3400 1406 3456 1451 et

1872 1484 2011 1555 quod
2052 1486 2258 1539 etiamsi
2306 1487 2414 1540 sint
2451 1502 2640 1557 magna
2667 1529 2683 1554 ,
2725 1488 2934 1543 etiamsi
2980 1489 3125 1558 prius
3168 1504 3262 1544 eos
3307 1489 3456 1543 nulla

1872 1574 2210 1630 affecerimus
2239 1576 2428 1646 injuria
2454 1618 2470 1643 ,
2514 1579 2721 1632 etiamsi
2758 1594 2857 1633 nos
2883 1579 3095 1649 quidem
3132 1582 3348 1650 magni;
3380 1580 3459 1635 illi

1872 1681 2002 1721 vero
2032 1666 2240 1735 pusilli;
2274 1668 2482 1721 etiamsi
2515 1670 2624 1722 sint
2651 1684 2749 1723 nos
2780 1681 2961 1739 postea
2995 1670 3233 1724 allecturi
3263 1683 3458 1726 contu-

1874 1757 2031 1811 melia
2062 1774 2074 1809 :
2104 1765 2159 1810 et.
2195 1757 2336 1826 quod
2376 1761 2551 1810 anima
2596 1773 2692 1827 pro
2735 1758 2865 1828 ipsis
2909 1763 2978 1814 sit
3018 1763 3293 1830 ponenda;
3325 1762 3457 1818 illud

1875 1850 2016 1904 enim
2042 1891 2055 1914 ,
2091 1848 2271 1915 Sicut,
2303 1849 2417 1904 brae
2448 1851 2722 1919 postulat:
2748 1860 2803 1907 et
2831 1854 2971 1922 quod
3003 1870 3102 1909 nec
3131 1855 3198 1909 ad
3229 1858 3458 1911 mortem

1875 1959 2045 2014 usque
2071 1944 2242 1998 solum
2272 1952 2415 1999 stare
2445 1953 2711 2015 oporteat,
2741 1944 2835 2001 sed
2865 1948 2907 2001 si
2940 1946 3054 2001 ﬁeri
3089 1949 3276 2018 possit,
3300 1952 3463 2006 etiam

1877 2039 2083 2105 postea.

1950 2126 2076 2181 Sine
2097 2128 2305 2180 caritate
2328 2127 2456 2182 nihil
2479 2127 2686 2181 bonum.
2708 2158 2778 2168 --
2803 2129 2887 2183 Μ.
2915 2127 3085 2199 Super
3104 2130 3274 2185 omnia
3294 2142 3463 2188 autem

1880 2219 1986 2272 ha'c
2015 2219 2277 2272 caritatem
2306 2218 2482 2272 habete
2502 2261 2517 2285 ,
2549 2220 2686 2288 quod
2730 2231 2800 2273 est
2826 2221 3081 2274 vinculum
3119 2224 3463 2294 perfectionis.

1867 2310 2046 2365 “Vides
2084 2310 2226 2380 quod
2268 2310 2369 2365 hoc
2402 2311 2564 2366 dicat.
2602 2311 2732 2365 Nam
2762 2314 3012 2380 quoniam
3052 2315 3166 2368 lieri
3203 2326 3378 2384 potest
3406 2329 3468 2372 ut

1880 2401 1968 2471 qui
1999 2402 2268 2456 condonet
2293 2417 2397 2456 non
2426 2401 2629 2471 diligat,
2656 2403 2827 2465 Certe,
2860 2404 3048 2473 inquit,
3071 2416 3278 2473 oportet
3300 2408 3464 2462 etiam

1881 2493 2136 2563 diligere;
2166 2502 2221 2549 et
2258 2494 2493 2548 ostendit
2531 2494 2667 2547 viam
2713 2510 2808 2563 per
2851 2511 3010 2566 quam
3058 2496 3171 2551 fieri
3206 2509 3381 2568 potest
3411 2509 3469 2554 ut

1882 2585 2238 2640 condonetur.
2268 2585 2409 2641 Fieri
2436 2587 2577 2641 enim
2606 2596 2782 2656 potest
2809 2596 2861 2641 ut
2892 2589 2961 2641 sit
2990 2588 3182 2658 aliquis
3206 2590 3469 2661 benignus

1883 2688 1939 2736 et
1961 2681 2109 2735 mitis
2129 2690 2182 2735 et
2208 2680 2424 2735 humilis
2453 2690 2506 2736 et
2530 2680 2686 2746 lenis,
2713 2690 2767 2735 et
2788 2680 2990 2752 diligat.
3019 2681 3379 2749 Quamobrem
3413 2686 3468 2741 in

1886 2772 2149 2843 principio
2175 2771 2327 2835 dixit,
2369 2770 2575 2825 Viscera
2602 2773 2995 2840 misericordite,
3027 2784 3081 2828 et
3108 2775 3383 2831 caritatem
3414 2786 3471 2831 et

1887 2864 2333 2920 misericordiam.
2384 2865 2556 2935 Super
2602 2867 2772 2919 omnia
2817 2877 2986 2920 autem
3030 2868 3138 2922 [nec
3184 2870 3470 2937 caritatem,

1887 2972 2001 3021 qua:
2038 2965 2110 3010 est
2151 2956 2404 3010 vinculum
2453 2958 2794 3028 perfectionis.
2828 2956 2941 3013 Hoc
2982 2968 3063 3012 est
3108 2969 3286 3015 autem
3327 2963 3471 3031 quod

1889 3049 2001 3103 vult
2027 3047 2205 3104 dicere
2229 3067 2243 3104 :
2270 3049 2362 3103 Illa
2390 3049 2521 3103 nihil
2549 3059 2801 3118 prosunt;
2828 3048 3193 3104 dissolvuntur
3214 3053 3355 3106 enim
3383 3054 3471 3108 illa

1890 3139 2105 3203 omnia;
2138 3140 2237 3193 nisi
2282 3140 2409 3193 (iant
2434 3155 2553 3194 cum
2580 3140 2804 3193 caritate
2832 3156 2845 3192 :
2873 3138 2987 3195 haec
3019 3141 3196 3195 omnia
3226 3141 3315 3197 illa
3340 3158 3474 3198 con-

1892 3231 2126 3301 stringit.
2168 3230 2551 3302 Quodcmnqne
2598 3232 2796 3286 bonum
2836 3232 3057 3298 dixeris,
3106 3234 3149 3288 si
3195 3250 3257 3289 ea
3300 3235 3474 3301 absit,

1894 3321 2026 3395 nihil
2054 3332 2154 3387 est,
2184 3322 2276 3377 sed
2308 3322 2519 3377 difﬂuit.
2552 3324 2614 3378 Et
2639 3324 2777 3378 sicut
2802 3324 2853 3377 in
2883 3325 3024 3392 navi,
3050 3326 3256 3379 etiamsi
3288 3343 3475 3397 magna

1895 3415 2003 3469 sint
2046 3415 2397 3470 instrumenta
2423 3455 2438 3479 ,
2475 3423 2530 3469 et
2574 3429 2679 3469 non
2725 3415 2833 3467 sint
2864 3430 2982 3485 qua:
3021 3431 3136 3469 eam
3169 3420 3483 3486 succingant

1897 3506 2152 3571 tabulata,
2187 3506 2317 3560 nihil
2344 3506 2591 3576 prodest;
2618 3505 2746 3560 etin
2774 3504 2937 3559 domo
2963 3507 3006 3561 si
3037 3523 3141 3561 non
3170 3508 3276 3562 sint
3308 3509 3482 3563 conti-

1899 3599 2209 3669 gnationes;
2241 3608 2295 3653 et
2329 3599 2381 3652 in
2423 3612 2682 3667 corpore,
2715 3598 2921 3652 etiamsi
2965 3614 3155 3667 magna
3186 3602 3293 3656 eiut
3321 3616 3479 3667 ossa,

1900 3708 2006 3746 non
2044 3691 2153 3746 sint
2190 3698 2368 3743 autem
2409 3690 2690 3758 ligamenta
2715 3730 2729 3752 ,
2762 3689 2896 3743 nihil
2939 3690 3107 3759 juvat.
3150 3689 3484 3762 Cujusmodi—

1901 3796 2132 3848 cumque
2157 3781 2299 3834 enim
2328 3781 2590 3849 quispiam
2628 3778 2767 3833 bona
2815 3780 3005 3835 habeat
3045 3796 3205 3851 opera
3244 3791 3297 3837 et
3339 3795 3485 3840 recte

1902 3871 2063 3935 facta,
2096 3878 2421 3926 evanescunt
2449 3870 2624 3923 omnia
2650 3910 2663 3935 ,
2694 3871 2794 3924 nisi
2831 3871 2899 3925 sit
2924 3872 3135 3926 caritas.
3166 3872 3281 3928 Non
3311 3873 3486 3944 dixit,

1906 3966 2004 4021 Est
2045 3965 2311 4034 fastigium
2338 4006 2354 4030 ,
2405 3963 2499 4018 sed
2529 3963 2669 4033 quod
2699 3973 2782 4018 est
2813 3965 3005 4034 majus,
3045 3963 3312 4020 Vinculum
3340 3983 3362 4023 :
3388 3968 3490 4024 hoc

1908 4061 2049 4115 enim
2080 4069 2164 4115 est
2190 4059 2357 4128 magis
2386 4058 2745 4113 necessarium
2771 4098 2787 4125 ,
2820 4073 2976 4129 quam
3009 4058 3155 4113 illud.
3183 4058 3313 4114 Nam
3345 4060 3491 4115 lasti-

1907 4154 2051 4222 gium
2080 4151 2293 4221 quidem
2320 4159 2403 4205 est
2432 4149 2654 4204 intentio
2693 4148 3035 4219 perfectionis
3059 4166 3073 4215 ;
3104 4151 3365 4206 vinculum
3392 4168 3491 4206 au-

1910 4253 2016 4299 tem
2046 4253 2129 4298 est
2158 4241 2468 4312 complexus
2494 4250 2549 4296 et
2573 4240 2983 4310 comprehensio
3007 4256 3193 4296 eorum
3226 4257 3343 4312 quze
3370 4258 3493 4313 per-

1915 4336 2197 4392 fectionem
2225 4335 2485 4399 efﬁciunt,
2514 4344 2784 4403 tamquam
2826 4334 2974 4387 radix
2997 4375 3011 4398 ,
3044 4334 3130 4389 15.
3175 4334 3240 4387 Et
3268 4352 3371 4405 pax
3402 4334 3495 4390 Dei

1912 4426 2124 4481 exsultet
2152 4427 2205 4479 in
2232 4425 2466 4479 cordibus
2489 4424 2687 4491 vestris,
2719 4425 2772 4477 in
2797 4439 2896 4494 qua
2925 4433 2971 4477 et
2998 4428 3157 4478 vocati
3187 4426 3304 4480 estis
3322 4427 3374 4479 in
3396 4443 3498 4481 uno

1914 4536 2145 4589 corpore,
2178 4529 2225 4573 et
2252 4519 2386 4588 grati
2415 4526 2589 4572 estote.

1985 4612 2038 4667 '5.
2068 4611 2175 4666 Pax
2194 4610 2288 4665 Dei
2304 4618 2387 4665 est
2400 4625 2461 4664 ea
2478 4624 2598 4680 quae
2613 4616 2697 4664 est
2712 4608 2863 4663 tirma
2885 4616 2938 4663 et
2958 4608 3185 4664 stabilis.
3203 4609 3258 4665 Si
3282 4620 3499 4681 propter

1915 4704 2185 4761 hominem
2210 4701 2423 4773 quidem
2451 4716 2637 4772 pacem
2666 4700 2863 4757 habeas
2886 4743 2903 4768 ,
2930 4716 2991 4757 ea
3019 4702 3127 4756 cito
3155 4702 3499 4769 dissolvitur;

1917 4800 1998 4855 sin
2016 4805 2192 4852 autem
2212 4804 2429 4866 pr0pter
2447 4794 2636 4861 Deum,
2655 4808 2761 4848 non
2789 4792 2996 4848 itidem.
3018 4792 3348 4864 Quamquam
3367 4783 3503 4848 dixﬁ

1919 4890 2164 4944 universe
2183 4928 2197 4951 ,
2228 4884 2504 4941 Caritatem
2524 4926 2540 4952 ,
2572 4899 2757 4940 rursus
2797 4894 2974 4940 tamen
3002 4884 3148 4940 venit
3177 4884 3243 4940 ad
3273 4883 3328 4939 id
3356 4885 3501 4956 quod

1919 4991 2002 5038 est
2023 4980 2290 5052 singulare
2312 4997 2324 5032 :
2349 4989 2431 5034 est
2454 4979 2596 5034 enim
2619 4980 2779 5033 etiam
2805 4977 3152 5033 immoderata
3172 4979 3367 5033 caritas
3388 4995 3401 5031 ε
3420 4988 3502 5044 ut,

1920 5075 2132 5145 quando
2147 5073 2409 5144 quispiam
2433 5088 2499 5128 ex
2517 5072 2679 5127 multa
2702 5072 2922 5128 caritate
2939 5080 3140 5126 temere
3159 5080 3391 5134 a‘ccusat,
3411 5070 3504 5125 de-

1921 5176 2222 5237 pugnatque
2243 5176 2295 5219 et
2311 5173 2605 5219 aversatur.
2628 5164 2740 5218 Non
2762 5162 2911 5226 dicit,
2932 5162 3047 5217 Hoc
3070 5163 3227 5230 nolo;
3251 5162 3345 5217 sed
3366 5162 3505 5217 sicut

1924 5256 2067 5311 Deus
2091 5256 2366 5310 vobiscum
2409 5254 2535 5309 fecit
2575 5269 2801 5323 pacem,
2834 5254 2907 5308 ita
2938 5268 3033 5307 vos
3075 5266 3287 5322 quoque
3323 5251 3501 5306 facite.

1922 5346 2201 5415 Quomodo
2225 5344 2352 5402 fecit
2370 5348 2393 5399 ’ἰ
2417 5343 2548 5401 Cum
2579 5346 2691 5415 ipse
2722 5344 3006 5411 voluisset,
3035 5344 3175 5399 nulla
3203 5359 3263 5399 re
3290 5359 3321 5398 a
3349 5344 3504 5398 nobis

1922 5450 2161 5512 accepta.
2191 5439 2327 5509 Quid
2354 5448 2457 5505 est,
2478 5438 2595 5493 Pax
2614 5436 2711 5491 Dei
2731 5438 2941 5491 exsultet
2961 5438 3013 5490 in
3034 5436 3267 5490 cordibus
3287 5437 3463 5490 vestris
3478 5436 3507 5491 1

1923 5536 1983 5592 Si
2001 5543 2235 5606 pugnent
2250 5533 2369 5587 duae
2385 5532 2748 5604 cogitationes,
2770 5545 2838 5585 ne
2855 5539 3055 5584 statuas
3071 5529 3200 5583 iram
3223 5542 3323 5583 nec
3338 5527 3505 5583 insul-

1929 5631 2183 5684 tationem
2212 5633 2480 5681 tenentem
2504 5624 2743 5680 bravium
2765 5633 2819 5678 et
2844 5622 3142 5693 prtemium,
3164 5620 3258 5676 sed
3286 5635 3501 5690 pacem:

1928 5722 2155 5791 exempli
2179 5735 2358 5782 causa,
2387 5720 2455 5774 sit
2480 5717 2741 5789 quispiam
2768 5714 2961 5785 injuste
2986 5712 3206 5768 allectus
3225 5722 3506 5767 contume-

1928 5816 2001 5871 lia
2018 5830 2075 5870 :a
2095 5810 2413 5869 contumelia
2431 5818 2599 5865 enatre
2616 5816 2741 5864 sunt
2754 5807 2871 5863 dua:
2887 5805 3255 5876 cogitationes,
3272 5820 3374 5859 una
3390 5806 3508 5876 qui-

1932 5908 2055 5966 dem
2092 5906 2288 5977 jubens
2317 5902 2533 5970 ulcisci,
2566 5901 2730 5957 altera
2756 5914 2883 5957 vero
2912 5898 3173 5967 tolerare;
3203 5906 3256 5954 et
3283 5898 3421 5954 inter
3445 5912 3508 5954 se
