  <div class='ocr_page' id='page_1' title='image "/cluster/home/n/w/nwhite01/storage/ocr_20150623/62/hvd.32044019207836/361.png"; bbox 0 0 4032 6512; ppageno 0'>
   <div class='ocr_carea' id='block_1_1' title="bbox 545 397 653 456">
    <p class='ocr_par' dir='ltr' id='par_1_1' title="bbox 545 397 653 456">
     <span class='ocr_line' id='line_1_1' title="bbox 545 397 653 456; baseline 0 -2"><span class='ocrx_word' id='word_1_1' title='bbox 545 397 653 456; x_wconf 74' lang='lat'><strong>355</strong></span> 
     </span>
    </p>
   </div>
   <div class='ocr_carea' id='block_1_2' title="bbox 547 509 2117 581">
    <p class='ocr_par' dir='ltr' id='par_1_2' title="bbox 547 509 2117 581">
     <span class='ocr_line' id='line_1_2' title="bbox 547 509 2117 581; baseline 0.001 -16"><span class='ocrx_word' id='word_1_2' title='bbox 547 511 834 567; x_wconf 90' lang='lat' dir='ltr'><strong>luctantur.</strong></span> <span class='ocrx_word' id='word_1_3' title='bbox 862 511 919 566; x_wconf 87' lang='lat' dir='ltr'><strong>Si</strong></span> <span class='ocrx_word' id='word_1_4' title='bbox 945 510 1152 566; x_wconf 90' lang='lat' dir='ltr'><strong>steterit</strong></span> <span class='ocrx_word' id='word_1_5' title='bbox 1183 524 1283 580; x_wconf 90' lang='lat' dir='ltr'><strong>pax</strong></span> <span class='ocrx_word' id='word_1_6' title='bbox 1328 510 1422 567; x_wconf 87' lang='lat' dir='ltr'><strong>Dei</strong></span> <span class='ocrx_word' id='word_1_7' title='bbox 1468 511 1741 581; x_wconf 62' lang='lat' dir='ltr'><strong>praemium</strong></span> <span class='ocrx_word' id='word_1_8' title='bbox 1766 509 2117 579; x_wconf 81' lang='lat' dir='ltr'><strong>distribuens,</strong></span> 
     </span>
    </p>
   </div>
   <div class='ocr_carea' id='block_1_3' title="bbox 549 600 2117 674">
    <p class='ocr_par' dir='ltr' id='par_1_3' title="bbox 549 600 2117 674">
     <span class='ocr_line' id='line_1_3' title="bbox 549 600 2117 674; baseline -0.003 -15"><span class='ocrx_word' id='word_1_9' title='bbox 549 604 641 659; x_wconf 90' lang='lat' dir='ltr'><strong>dat</strong></span> <span class='ocrx_word' id='word_1_10' title='bbox 667 604 943 674; x_wconf 63' lang='lat' dir='ltr'><strong>praemium</strong></span> <span class='ocrx_word' id='word_1_11' title='bbox 971 604 1020 656; x_wconf 90' lang='lat' dir='ltr'><strong>ei</strong></span> <span class='ocrx_word' id='word_1_12' title='bbox 1050 616 1169 672; x_wconf 74' lang='lat' dir='ltr'><strong>qua:</strong></span> <span class='ocrx_word' id='word_1_13' title='bbox 1191 600 1345 672; x_wconf 88' lang='lat' dir='ltr'><strong>jubet</strong></span> <span class='ocrx_word' id='word_1_14' title='bbox 1369 602 1621 668; x_wconf 89' lang='lat' dir='ltr'><strong>tolerare,</strong></span> <span class='ocrx_word' id='word_1_15' title='bbox 1649 610 1704 656; x_wconf 89' lang='lat' dir='ltr'><strong>et</strong></span> <span class='ocrx_word' id='word_1_16' title='bbox 1726 602 1876 655; x_wconf 88' lang='lat' dir='ltr'><strong>illum</strong></span> <span class='ocrx_word' id='word_1_17' title='bbox 1905 601 2117 671; x_wconf 90' lang='lat' dir='ltr'><strong>pudore</strong></span> 
     </span>
    </p>
   </div>
   <div class='ocr_carea' id='block_1_4' title="bbox 546 687 2116 762">
    <p class='ocr_par' dir='ltr' id='par_1_4' title="bbox 546 687 2116 762">
     <span class='ocr_line' id='line_1_4' title="bbox 546 687 2116 762; baseline 0 -15"><span class='ocrx_word' id='word_1_18' title='bbox 546 687 731 748; x_wconf 89' lang='lat' dir='ltr'><strong>afﬁcit.</strong></span> <span class='ocrx_word' id='word_1_19' title='bbox 762 692 1080 759; x_wconf 84' lang='lat' dir='ltr'><strong>Quomodo?</strong></span> <span class='ocrx_word' id='word_1_20' title='bbox 1110 692 1448 747; x_wconf 83' lang='lat' dir='ltr'><strong>Persuadens</strong></span> <span class='ocrx_word' id='word_1_21' title='bbox 1474 693 1641 747; x_wconf 92' lang='lat' dir='ltr'><strong>Deum</strong></span> <span class='ocrx_word' id='word_1_22' title='bbox 1671 707 1792 753; x_wconf 88' lang='lat' dir='ltr'><strong>esse</strong></span> <span class='ocrx_word' id='word_1_23' title='bbox 1822 707 2030 762; x_wconf 90' lang='lat' dir='ltr'><strong>pacem,</strong></span> <span class='ocrx_word' id='word_1_24' title='bbox 2060 702 2116 747; x_wconf 91' lang='lat' dir='ltr'><strong>et</strong></span> 
     </span>
    </p>
   </div>
   <div class='ocr_carea' id='block_1_5' title="bbox 546 782 2120 853">
    <p class='ocr_par' dir='ltr' id='par_1_5' title="bbox 546 782 2120 853">
     <span class='ocr_line' id='line_1_5' title="bbox 546 782 2120 853; baseline 0.002 -17"><span class='ocrx_word' id='word_1_25' title='bbox 546 799 730 853; x_wconf 90' lang='lat' dir='ltr'><strong>pacem</strong></span> <span class='ocrx_word' id='word_1_26' title='bbox 772 782 1049 838; x_wconf 87' lang='lat' dir='ltr'><strong>nobiscum</strong></span> <span class='ocrx_word' id='word_1_27' title='bbox 1098 783 1309 839; x_wconf 77' lang='lat' dir='ltr'><strong>fecisse.</strong></span> <span class='ocrx_word' id='word_1_28' title='bbox 1360 783 1476 838; x_wconf 85' lang='lat' dir='ltr'><strong>Non</strong></span> <span class='ocrx_word' id='word_1_29' title='bbox 1518 784 1615 838; x_wconf 91' lang='lat' dir='ltr'><strong>abs</strong></span> <span class='ocrx_word' id='word_1_30' title='bbox 1661 798 1721 838; x_wconf 95' lang='lat' dir='ltr'><strong>re</strong></span> <span class='ocrx_word' id='word_1_31' title='bbox 1763 799 1863 839; x_wconf 91' lang='lat' dir='ltr'><strong>nec</strong></span> <span class='ocrx_word' id='word_1_32' title='bbox 1917 793 2120 840; x_wconf 88' lang='lat' dir='ltr'><strong>temere</strong></span> 
     </span>
    </p>
   </div>
   <div class='ocr_carea' id='block_1_6' title="bbox 546 873 2117 944">
    <p class='ocr_par' dir='ltr' id='par_1_6' title="bbox 546 873 2117 944">
     <span class='ocr_line' id='line_1_6' title="bbox 546 873 2117 944; baseline 0.002 -17"><span class='ocrx_word' id='word_1_33' title='bbox 546 874 780 929; x_wconf 87' lang='lat' dir='ltr'><strong>ostendit</strong></span> <span class='ocrx_word' id='word_1_34' title='bbox 817 874 893 929; x_wconf 92' lang='lat' dir='ltr'><strong>rei</strong></span> <span class='ocrx_word' id='word_1_35' title='bbox 923 890 1174 944; x_wconf 90' lang='lat' dir='ltr'><strong>magnum</strong></span> <span class='ocrx_word' id='word_1_36' title='bbox 1205 889 1324 930; x_wconf 88' lang='lat' dir='ltr'><strong>esse</strong></span> <span class='ocrx_word' id='word_1_37' title='bbox 1348 884 1643 930; x_wconf 88' lang='lat' dir='ltr'><strong>certamen.</strong></span> <span class='ocrx_word' id='word_1_38' title='bbox 1673 873 1749 929; x_wconf 85' lang='lat' dir='ltr'><strong>Ne</strong></span> <span class='ocrx_word' id='word_1_39' title='bbox 1780 874 1857 929; x_wconf 87' lang='lat' dir='ltr'><strong>ira</strong></span> <span class='ocrx_word' id='word_1_40' title='bbox 1878 875 2117 944; x_wconf 91' lang='lat' dir='ltr'><strong>,-inquit,</strong></span> 
     </span>
    </p>
   </div>
   <div class='ocr_carea' id='block_1_7' title="bbox 500 964 2118 1035">
    <p class='ocr_par' dir='ltr' id='par_1_7' title="bbox 500 964 2118 1035">
     <span class='ocr_line' id='line_1_7' title="bbox 500 964 2118 1035; baseline 0.001 -17"><span class='ocrx_word' id='word_1_41' title='bbox 500 966 821 1033; x_wconf 67' lang='lat' dir='ltr'><strong>,prmmium</strong></span> <span class='ocrx_word' id='word_1_42' title='bbox 873 964 1177 1031; x_wconf 77' lang='lat' dir='ltr'><strong>distribuat,</strong></span> <span class='ocrx_word' id='word_1_43' title='bbox 1230 980 1336 1019; x_wconf 89' lang='lat' dir='ltr'><strong>non</strong></span> <span class='ocrx_word' id='word_1_44' title='bbox 1385 965 1676 1030; x_wconf 89' lang='lat' dir='ltr'><strong>contentio,</strong></span> <span class='ocrx_word' id='word_1_45' title='bbox 1722 980 1828 1019; x_wconf 92' lang='lat' dir='ltr'><strong>non</strong></span> <span class='ocrx_word' id='word_1_46' title='bbox 1878 980 1978 1035; x_wconf 90' lang='lat' dir='ltr'><strong>pax</strong></span> <span class='ocrx_word' id='word_1_47' title='bbox 2018 965 2118 1020; x_wconf 84' lang='lat' dir='ltr'><strong>hu-</strong></span> 
     </span>
    </p>
   </div>
   <div class='ocr_carea' id='block_1_8' title="bbox 495 1056 2121 1128">
    <p class='ocr_par' dir='ltr' id='par_1_8' title="bbox 495 1056 2121 1128">
     <span class='ocr_line' id='line_1_8' title="bbox 495 1056 2121 1128; baseline 0 -16"><span class='ocrx_word' id='word_1_48' title='bbox 495 1058 502 1082; x_wconf 60' lang='grc' dir='ltr'><em>ί</em></span> <span class='ocrx_word' id='word_1_49' title='bbox 545 1073 701 1113; x_wconf 88' lang='lat' dir='ltr'><strong>mana</strong></span> <span class='ocrx_word' id='word_1_50' title='bbox 732 1078 744 1113; x_wconf 95' lang='lat'><strong>:</strong></span> <span class='ocrx_word' id='word_1_51' title='bbox 778 1074 876 1128; x_wconf 87' lang='lat' dir='ltr'><strong>pax</strong></span> <span class='ocrx_word' id='word_1_52' title='bbox 906 1060 1045 1114; x_wconf 90' lang='lat' dir='ltr'><strong>enim</strong></span> <span class='ocrx_word' id='word_1_53' title='bbox 1076 1057 1306 1112; x_wconf 89' lang='lat' dir='ltr'><strong>humana</strong></span> <span class='ocrx_word' id='word_1_54' title='bbox 1336 1058 1395 1112; x_wconf 84' lang='lat' dir='ltr'><strong>ﬁt</strong></span> <span class='ocrx_word' id='word_1_55' title='bbox 1418 1073 1484 1113; x_wconf 90' lang='lat' dir='ltr'><strong>ex</strong></span> <span class='ocrx_word' id='word_1_56' title='bbox 1509 1073 1575 1113; x_wconf 93' lang='lat' dir='ltr'><strong>eo</strong></span> <span class='ocrx_word' id='word_1_57' title='bbox 1603 1056 1745 1128; x_wconf 93' lang='lat' dir='ltr'><strong>quod</strong></span> <span class='ocrx_word' id='word_1_58' title='bbox 1771 1072 1877 1113; x_wconf 91' lang='lat' dir='ltr'><strong>non</strong></span> <span class='ocrx_word' id='word_1_59' title='bbox 1898 1057 2121 1113; x_wconf 89' lang='lat' dir='ltr'><strong>ulcisca-</strong></span> 
     </span>
    </p>
   </div>
   <div class='ocr_carea' id='block_1_9' title="bbox 546 1147 2116 1221">
    <p class='ocr_par' dir='ltr' id='par_1_9' title="bbox 546 1147 2116 1221">
     <span class='ocr_line' id='line_1_9' title="bbox 546 1147 2116 1221; baseline -0.003 -16"><span class='ocrx_word' id='word_1_60' title='bbox 546 1166 685 1217; x_wconf 91' lang='lat' dir='ltr'><strong>mur,</strong></span> <span class='ocrx_word' id='word_1_61' title='bbox 715 1166 780 1205; x_wconf 91' lang='lat' dir='ltr'><strong>ex</strong></span> <span class='ocrx_word' id='word_1_62' title='bbox 809 1165 874 1205; x_wconf 94' lang='lat' dir='ltr'><strong>eo</strong></span> <span class='ocrx_word' id='word_1_63' title='bbox 905 1150 1045 1221; x_wconf 93' lang='lat' dir='ltr'><strong>quod</strong></span> <span class='ocrx_word' id='word_1_64' title='bbox 1069 1150 1200 1204; x_wconf 91' lang='lat' dir='ltr'><strong>nihil</strong></span> <span class='ocrx_word' id='word_1_65' title='bbox 1225 1164 1388 1220; x_wconf 90' lang='lat' dir='ltr'><strong>grave</strong></span> <span class='ocrx_word' id='word_1_66' title='bbox 1416 1151 1698 1219; x_wconf 84' lang='lat' dir='ltr'><strong>patiamur.</strong></span> <span class='ocrx_word' id='word_1_67' title='bbox 1725 1150 1795 1203; x_wconf 82' lang='lat' dir='ltr'><strong>At</strong></span> <span class='ocrx_word' id='word_1_68' title='bbox 1820 1164 1927 1204; x_wconf 92' lang='lat' dir='ltr'><strong>non</strong></span> <span class='ocrx_word' id='word_1_69' title='bbox 1958 1147 2116 1215; x_wconf 90' lang='lat' dir='ltr'><strong>hanc,</strong></span> 
     </span>
    </p>
   </div>
   <div class='ocr_carea' id='block_1_10' title="bbox 542 1241 2117 1315">
    <p class='ocr_par' dir='ltr' id='par_1_10' title="bbox 542 1241 2117 1315">
     <span class='ocr_line' id='line_1_10' title="bbox 542 1241 2117 1315; baseline -0.002 -17"><span class='ocrx_word' id='word_1_70' title='bbox 542 1243 732 1315; x_wconf 84' lang='lat' dir='ltr'><strong>inquit,</strong></span> <span class='ocrx_word' id='word_1_71' title='bbox 763 1244 884 1297; x_wconf 89' lang='lat' dir='ltr'><strong>volo</strong></span> <span class='ocrx_word' id='word_1_72' title='bbox 906 1285 922 1309; x_wconf 92' lang='lat'><strong>,</strong></span> <span class='ocrx_word' id='word_1_73' title='bbox 955 1242 1049 1298; x_wconf 92' lang='lat' dir='ltr'><strong>sed</strong></span> <span class='ocrx_word' id='word_1_74' title='bbox 1080 1243 1225 1297; x_wconf 86' lang='lat' dir='ltr'><strong>illam</strong></span> <span class='ocrx_word' id='word_1_75' title='bbox 1251 1257 1413 1313; x_wconf 88' lang='lat' dir='ltr'><strong>quam</strong></span> <span class='ocrx_word' id='word_1_76' title='bbox 1457 1241 1703 1296; x_wconf 86' lang='lat' dir='ltr'><strong>Christus</strong></span> <span class='ocrx_word' id='word_1_77' title='bbox 1731 1241 1967 1311; x_wconf 87' lang='lat' dir='ltr'><strong>reliquit.</strong></span> <span class='ocrx_word' id='word_1_78' title='bbox 1993 1242 2117 1296; x_wconf 86' lang='lat' dir='ltr'><strong>Sta-</strong></span> 
     </span>
    </p>
   </div>
   <div class='ocr_carea' id='block_1_11' title="bbox 542 1335 2119 1407">
    <p class='ocr_par' dir='ltr' id='par_1_11' title="bbox 542 1335 2119 1407">
     <span class='ocr_line' id='line_1_11' title="bbox 542 1335 2119 1407; baseline -0.004 -14"><span class='ocrx_word' id='word_1_79' title='bbox 542 1338 687 1393; x_wconf 94' lang='lat' dir='ltr'><strong>dium</strong></span> <span class='ocrx_word' id='word_1_80' title='bbox 720 1339 861 1392; x_wconf 88' lang='lat' dir='ltr'><strong>intus</strong></span> <span class='ocrx_word' id='word_1_81' title='bbox 887 1337 1014 1393; x_wconf 88' lang='lat' dir='ltr'><strong>fecit</strong></span> <span class='ocrx_word' id='word_1_82' title='bbox 1046 1380 1060 1402; x_wconf 96' lang='lat'><strong>,</strong></span> <span class='ocrx_word' id='word_1_83' title='bbox 1093 1336 1147 1392; x_wconf 92' lang='lat' dir='ltr'><strong>in</strong></span> <span class='ocrx_word' id='word_1_84' title='bbox 1176 1335 1586 1407; x_wconf 76' lang='lat' dir='ltr'><strong>cogitationibus</strong></span> <span class='ocrx_word' id='word_1_85' title='bbox 1611 1373 1627 1399; x_wconf 91' lang='lat'><strong>,</strong></span> <span class='ocrx_word' id='word_1_86' title='bbox 1653 1343 2035 1404; x_wconf 83' lang='lat' dir='ltr'><strong>certamenque</strong></span> <span class='ocrx_word' id='word_1_87' title='bbox 2062 1340 2119 1388; x_wconf 85' lang='lat' dir='ltr'><strong>et</strong></span> 
     </span>
    </p>
   </div>
   <div class='ocr_carea' id='block_1_12' title="bbox 542 1422 2117 1498">
    <p class='ocr_par' dir='ltr' id='par_1_12' title="bbox 542 1422 2117 1498">
     <span class='ocr_line' id='line_1_12' title="bbox 542 1422 2117 1498; baseline -0.003 -15"><span class='ocrx_word' id='word_1_88' title='bbox 542 1429 748 1498; x_wconf 66' lang='lat' dir='ltr'><strong>prmmii</strong></span> <span class='ocrx_word' id='word_1_89' title='bbox 773 1428 1200 1482; x_wconf 89' lang='lat' dir='ltr'><strong>distributorem.</strong></span> <span class='ocrx_word' id='word_1_90' title='bbox 1232 1424 1434 1481; x_wconf 86' lang='lat' dir='ltr'><strong>Deinde</strong></span> <span class='ocrx_word' id='word_1_91' title='bbox 1459 1440 1644 1480; x_wconf 78' lang='lat' dir='ltr'><strong>rursus</strong></span> <span class='ocrx_word' id='word_1_92' title='bbox 1664 1423 1976 1479; x_wconf 87' lang='lat' dir='ltr'><strong>adhortatio</strong></span> <span class='ocrx_word' id='word_1_93' title='bbox 2005 1441 2018 1477; x_wconf 86' lang='lat'><strong>:</strong></span> <span class='ocrx_word' id='word_1_94' title='bbox 2048 1422 2117 1478; x_wconf 78' lang='lat' dir='ltr'><strong>In</strong></span> 
     </span>
    </p>
   </div>
   <div class='ocr_carea' id='block_1_13' title="bbox 540 1514 2114 1591">
    <p class='ocr_par' dir='ltr' id='par_1_13' title="bbox 540 1514 2114 1591">
     <span class='ocr_line' id='line_1_13' title="bbox 540 1514 2114 1591; baseline -0.003 -19"><span class='ocrx_word' id='word_1_95' title='bbox 540 1535 640 1589; x_wconf 87' lang='lat' dir='ltr'><strong>qua</strong></span> <span class='ocrx_word' id='word_1_96' title='bbox 660 1530 705 1573; x_wconf 86' lang='lat' dir='ltr'><strong>et</strong></span> <span class='ocrx_word' id='word_1_97' title='bbox 732 1520 894 1572; x_wconf 82' lang='lat' dir='ltr'><strong>vocati</strong></span> <span class='ocrx_word' id='word_1_98' title='bbox 914 1519 1030 1591; x_wconf 77' lang='lat' dir='ltr'><strong>estis</strong></span> <span class='ocrx_word' id='word_1_99' title='bbox 1053 1535 1071 1582; x_wconf 92' lang='lat'><strong><em>;</em></strong></span> <span class='ocrx_word' id='word_1_100' title='bbox 1098 1518 1199 1571; x_wconf 93' lang='lat' dir='ltr'><strong>hoc</strong></span> <span class='ocrx_word' id='word_1_101' title='bbox 1222 1526 1323 1582; x_wconf 84' lang='lat' dir='ltr'><strong>est,</strong></span> <span class='ocrx_word' id='word_1_102' title='bbox 1352 1516 1577 1585; x_wconf 88' lang='lat' dir='ltr'><strong>Propter</strong></span> <span class='ocrx_word' id='word_1_103' title='bbox 1592 1532 1749 1586; x_wconf 90' lang='lat' dir='ltr'><strong>quam</strong></span> <span class='ocrx_word' id='word_1_104' title='bbox 1770 1515 1945 1570; x_wconf 87' lang='lat' dir='ltr'><strong>vocati</strong></span> <span class='ocrx_word' id='word_1_105' title='bbox 1966 1514 2114 1570; x_wconf 87' lang='lat' dir='ltr'><strong>estis.</strong></span> 
     </span>
    </p>
   </div>
   <div class='ocr_carea' id='block_1_14' title="bbox 540 1604 2116 1676">
    <p class='ocr_par' dir='ltr' id='par_1_14' title="bbox 540 1604 2116 1676">
     <span class='ocr_line' id='line_1_14' title="bbox 540 1604 2116 1676; baseline -0.003 -13"><span class='ocrx_word' id='word_1_106' title='bbox 540 1610 829 1664; x_wconf 79' lang='lat' dir='ltr'><strong>Revocavit</strong></span> <span class='ocrx_word' id='word_1_107' title='bbox 857 1608 907 1662; x_wconf 90' lang='lat' dir='ltr'><strong>in</strong></span> <span class='ocrx_word' id='word_1_108' title='bbox 954 1608 1265 1662; x_wconf 87' lang='lat' dir='ltr'><strong>memoriam</strong></span> <span class='ocrx_word' id='word_1_109' title='bbox 1314 1621 1472 1676; x_wconf 86' lang='lat' dir='ltr'><strong>quam</strong></span> <span class='ocrx_word' id='word_1_110' title='bbox 1521 1607 1805 1661; x_wconf 91' lang='lat' dir='ltr'><strong>multorum</strong></span> <span class='ocrx_word' id='word_1_111' title='bbox 1853 1604 2116 1659; x_wconf 89' lang='lat' dir='ltr'><strong>bonorum</strong></span> 
     </span>
    </p>
   </div>
   <div class='ocr_carea' id='block_1_15' title="bbox 538 1698 2117 1770">
    <p class='ocr_par' dir='ltr' id='par_1_15' title="bbox 538 1698 2117 1770">
     <span class='ocr_line' id='line_1_15' title="bbox 538 1698 2117 1770; baseline -0.003 -16"><span class='ocrx_word' id='word_1_112' title='bbox 538 1715 695 1755; x_wconf 83' lang='lat' dir='ltr'><strong>causa</strong></span> <span class='ocrx_word' id='word_1_113' title='bbox 722 1701 790 1755; x_wconf 89' lang='lat' dir='ltr'><strong>sit</strong></span> <span class='ocrx_word' id='word_1_114' title='bbox 820 1716 941 1770; x_wconf 87' lang='lat' dir='ltr'><strong>pax.</strong></span> <span class='ocrx_word' id='word_1_115' title='bbox 971 1699 1196 1769; x_wconf 83' lang='lat' dir='ltr'><strong>Propter</strong></span> <span class='ocrx_word' id='word_1_116' title='bbox 1222 1713 1339 1753; x_wconf 89' lang='lat' dir='ltr'><strong>eam</strong></span> <span class='ocrx_word' id='word_1_117' title='bbox 1370 1706 1421 1752; x_wconf 89' lang='lat' dir='ltr'><strong>te</strong></span> <span class='ocrx_word' id='word_1_118' title='bbox 1448 1698 1674 1762; x_wconf 90' lang='lat' dir='ltr'><strong>vocavit,</strong></span> <span class='ocrx_word' id='word_1_119' title='bbox 1699 1698 1815 1766; x_wconf 88' lang='lat' dir='ltr'><strong>ejus</strong></span> <span class='ocrx_word' id='word_1_120' title='bbox 1840 1710 1998 1751; x_wconf 90' lang='lat' dir='ltr'><strong>causa</strong></span> <span class='ocrx_word' id='word_1_121' title='bbox 2019 1710 2117 1750; x_wconf 89' lang='lat' dir='ltr'><strong>vo-</strong></span> 
     </span>
    </p>
   </div>
   <div class='ocr_carea' id='block_1_16' title="bbox 539 1787 2117 1862">
    <p class='ocr_par' dir='ltr' id='par_1_16' title="bbox 539 1787 2117 1862">
     <span class='ocr_line' id='line_1_16' title="bbox 539 1787 2117 1862; baseline -0.004 -14"><span class='ocrx_word' id='word_1_122' title='bbox 539 1795 715 1859; x_wconf 90' lang='lat' dir='ltr'><strong>cavit,</strong></span> <span class='ocrx_word' id='word_1_123' title='bbox 744 1802 801 1848; x_wconf 89' lang='lat' dir='ltr'><strong>ut</strong></span> <span class='ocrx_word' id='word_1_124' title='bbox 842 1792 945 1847; x_wconf 91' lang='lat' dir='ltr'><strong>ﬁde</strong></span> <span class='ocrx_word' id='word_1_125' title='bbox 974 1791 1196 1862; x_wconf 86' lang='lat' dir='ltr'><strong>dignum</strong></span> <span class='ocrx_word' id='word_1_126' title='bbox 1222 1791 1494 1860; x_wconf 84' lang='lat' dir='ltr'><strong>acciperes</strong></span> <span class='ocrx_word' id='word_1_127' title='bbox 1522 1790 1817 1859; x_wconf 81' lang='lat' dir='ltr'><strong>praemium.</strong></span> <span class='ocrx_word' id='word_1_128' title='bbox 1847 1787 1978 1843; x_wconf 86' lang='lat' dir='ltr'><strong>Nam</strong></span> <span class='ocrx_word' id='word_1_129' title='bbox 2019 1802 2117 1843; x_wconf 92' lang='lat' dir='ltr'><strong>cur</strong></span> 
     </span>
    </p>
   </div>
   <div class='ocr_carea' id='block_1_17' title="bbox 539 1876 2114 1955">
    <p class='ocr_par' dir='ltr' id='par_1_17' title="bbox 539 1876 2114 1955">
     <span class='ocr_line' id='line_1_17' title="bbox 539 1876 2114 1955; baseline -0.004 -18"><span class='ocrx_word' id='word_1_130' title='bbox 539 1899 699 1938; x_wconf 89' lang='lat' dir='ltr'><strong>unum</strong></span> <span class='ocrx_word' id='word_1_131' title='bbox 724 1882 847 1938; x_wconf 90' lang='lat' dir='ltr'><strong>fecit</strong></span> <span class='ocrx_word' id='word_1_132' title='bbox 866 1880 1103 1952; x_wconf 88' lang='lat' dir='ltr'><strong>corpus?</strong></span> <span class='ocrx_word' id='word_1_133' title='bbox 1130 1895 1307 1935; x_wconf 87' lang='lat' dir='ltr'><strong>nonne</strong></span> <span class='ocrx_word' id='word_1_134' title='bbox 1336 1888 1391 1934; x_wconf 91' lang='lat' dir='ltr'><strong>ut</strong></span> <span class='ocrx_word' id='word_1_135' title='bbox 1416 1878 1528 1955; x_wconf 84' lang='lat' dir='ltr'><strong>ipsa</strong></span> <span class='ocrx_word' id='word_1_136' title='bbox 1550 1879 1876 1933; x_wconf 81' lang='lat' dir='ltr'><strong>dominatum</strong></span> <span class='ocrx_word' id='word_1_137' title='bbox 1905 1876 2114 1932; x_wconf 88' lang='lat' dir='ltr'><strong>obtine-</strong></span> 
     </span>
    </p>
   </div>
   <div class='ocr_carea' id='block_1_18' title="bbox 537 1968 2115 2041">
    <p class='ocr_par' dir='ltr' id='par_1_18' title="bbox 537 1968 2115 2041">
     <span class='ocr_line' id='line_1_18' title="bbox 537 1968 2115 2041; baseline -0.006 -11"><span class='ocrx_word' id='word_1_138' title='bbox 537 1975 661 2031; x_wconf 84' lang='lat' dir='ltr'><strong>ret?</strong></span> <span class='ocrx_word' id='word_1_139' title='bbox 708 1988 888 2029; x_wconf 88' lang='lat' dir='ltr'><strong>nonne</strong></span> <span class='ocrx_word' id='word_1_140' title='bbox 914 1982 969 2027; x_wconf 92' lang='lat' dir='ltr'><strong>ut</strong></span> <span class='ocrx_word' id='word_1_141' title='bbox 999 1973 1052 2027; x_wconf 95' lang='lat' dir='ltr'><strong>in</strong></span> <span class='ocrx_word' id='word_1_142' title='bbox 1081 1985 1211 2041; x_wconf 87' lang='lat' dir='ltr'><strong>pace</strong></span> <span class='ocrx_word' id='word_1_143' title='bbox 1254 1969 1481 2041; x_wconf 87' lang='lat' dir='ltr'><strong>degendi</strong></span> <span class='ocrx_word' id='word_1_144' title='bbox 1522 1969 1841 2024; x_wconf 87' lang='lat' dir='ltr'><strong>haberemus</strong></span> <span class='ocrx_word' id='word_1_145' title='bbox 1878 1968 2115 2022; x_wconf 83' lang='lat' dir='ltr'><strong>occasio-</strong></span> 
     </span>
    </p>
   </div>
   <div class='ocr_carea' id='block_1_19' title="bbox 537 2058 2114 2130">
    <p class='ocr_par' dir='ltr' id='par_1_19' title="bbox 537 2058 2114 2130">
     <span class='ocr_line' id='line_1_19' title="bbox 537 2058 2114 2130; baseline -0.005 -10"><span class='ocrx_word' id='word_1_146' title='bbox 537 2065 704 2121; x_wconf 85' lang='lat' dir='ltr'><strong>nem?</strong></span> <span class='ocrx_word' id='word_1_147' title='bbox 751 2062 857 2118; x_wconf 91' lang='lat' dir='ltr'><strong>Cur</strong></span> <span class='ocrx_word' id='word_1_148' title='bbox 904 2077 1094 2118; x_wconf 91' lang='lat' dir='ltr'><strong>omnes</strong></span> <span class='ocrx_word' id='word_1_149' title='bbox 1132 2075 1318 2116; x_wconf 93' lang='lat' dir='ltr'><strong>sumus</strong></span> <span class='ocrx_word' id='word_1_150' title='bbox 1358 2076 1523 2115; x_wconf 88' lang='lat' dir='ltr'><strong>unum</strong></span> <span class='ocrx_word' id='word_1_151' title='bbox 1568 2059 1805 2130; x_wconf 86' lang='lat' dir='ltr'><strong>corpus?</strong></span> <span class='ocrx_word' id='word_1_152' title='bbox 1848 2058 2114 2130; x_wconf 90' lang='lat' dir='ltr'><strong>quomodo</strong></span> 
     </span>
    </p>
   </div>
   <div class='ocr_carea' id='block_1_20' title="bbox 536 2153 2112 2224">
    <p class='ocr_par' dir='ltr' id='par_1_20' title="bbox 536 2153 2112 2224">
     <span class='ocr_line' id='line_1_20' title="bbox 536 2153 2112 2224; baseline -0.004 -13"><span class='ocrx_word' id='word_1_153' title='bbox 536 2168 712 2213; x_wconf 91' lang='lat' dir='ltr'><strong>autem</strong></span> <span class='ocrx_word' id='word_1_154' title='bbox 756 2170 940 2212; x_wconf 89' lang='lat' dir='ltr'><strong>sumus</strong></span> <span class='ocrx_word' id='word_1_155' title='bbox 983 2170 1144 2209; x_wconf 88' lang='lat' dir='ltr'><strong>unum</strong></span> <span class='ocrx_word' id='word_1_156' title='bbox 1173 2153 1410 2224; x_wconf 80' lang='lat' dir='ltr'><strong>corpus?</strong></span> <span class='ocrx_word' id='word_1_157' title='bbox 1457 2153 1681 2223; x_wconf 88' lang='lat' dir='ltr'><strong>Propter</strong></span> <span class='ocrx_word' id='word_1_158' title='bbox 1726 2167 1909 2223; x_wconf 86' lang='lat' dir='ltr'><strong>pacem</strong></span> <span class='ocrx_word' id='word_1_159' title='bbox 1952 2166 2112 2205; x_wconf 93' lang='lat' dir='ltr'><strong>unum</strong></span> 
     </span>
    </p>
   </div>
   <div class='ocr_carea' id='block_1_21' title="bbox 536 2245 2115 2320">
    <p class='ocr_par' dir='ltr' id='par_1_21' title="bbox 536 2245 2115 2320">
     <span class='ocr_line' id='line_1_21' title="bbox 536 2245 2115 2320; baseline -0.005 -15"><span class='ocrx_word' id='word_1_160' title='bbox 536 2265 730 2320; x_wconf 88' lang='lat' dir='ltr'><strong>corpus</strong></span> <span class='ocrx_word' id='word_1_161' title='bbox 754 2263 958 2314; x_wconf 90' lang='lat' dir='ltr'><strong>sumus,</strong></span> <span class='ocrx_word' id='word_1_162' title='bbox 988 2257 1043 2303; x_wconf 91' lang='lat' dir='ltr'><strong>et</strong></span> <span class='ocrx_word' id='word_1_163' title='bbox 1077 2256 1360 2318; x_wconf 89' lang='lat' dir='ltr'><strong>pr0pterea</strong></span> <span class='ocrx_word' id='word_1_164' title='bbox 1408 2245 1551 2317; x_wconf 93' lang='lat' dir='ltr'><strong>quod</strong></span> <span class='ocrx_word' id='word_1_165' title='bbox 1576 2260 1757 2301; x_wconf 91' lang='lat' dir='ltr'><strong>sumus</strong></span> <span class='ocrx_word' id='word_1_166' title='bbox 1797 2259 1958 2299; x_wconf 92' lang='lat' dir='ltr'><strong>unum</strong></span> <span class='ocrx_word' id='word_1_167' title='bbox 1997 2258 2115 2298; x_wconf 89' lang='lat' dir='ltr'><strong>cor-</strong></span> 
     </span>
    </p>
   </div>
   <div class='ocr_carea' id='block_1_22' title="bbox 536 2337 2114 2414">
    <p class='ocr_par' dir='ltr' id='par_1_22' title="bbox 536 2337 2114 2414">
     <span class='ocr_line' id='line_1_22' title="bbox 536 2337 2114 2414; baseline -0.004 -16"><span class='ocrx_word' id='word_1_168' title='bbox 536 2359 639 2414; x_wconf 91' lang='lat' dir='ltr'><strong>pus</strong></span> <span class='ocrx_word' id='word_1_169' title='bbox 665 2384 681 2410; x_wconf 94' lang='lat'><strong>,</strong></span> <span class='ocrx_word' id='word_1_170' title='bbox 712 2343 764 2398; x_wconf 93' lang='lat' dir='ltr'><strong>in</strong></span> <span class='ocrx_word' id='word_1_171' title='bbox 794 2358 922 2413; x_wconf 85' lang='lat' dir='ltr'><strong>pace</strong></span> <span class='ocrx_word' id='word_1_172' title='bbox 949 2342 1174 2411; x_wconf 81' lang='lat' dir='ltr'><strong>agimus.</strong></span> <span class='ocrx_word' id='word_1_173' title='bbox 1203 2341 1313 2395; x_wconf 91' lang='lat' dir='ltr'><strong>Cur</strong></span> <span class='ocrx_word' id='word_1_174' title='bbox 1336 2348 1513 2394; x_wconf 90' lang='lat' dir='ltr'><strong>autem</strong></span> <span class='ocrx_word' id='word_1_175' title='bbox 1544 2357 1649 2394; x_wconf 90' lang='lat' dir='ltr'><strong>non</strong></span> <span class='ocrx_word' id='word_1_176' title='bbox 1676 2338 1809 2394; x_wconf 80' lang='lat' dir='ltr'><strong>dixit</strong></span> <span class='ocrx_word' id='word_1_177' title='bbox 1833 2380 1848 2406; x_wconf 95' lang='lat'><strong>,</strong></span> <span class='ocrx_word' id='word_1_178' title='bbox 1880 2338 1989 2393; x_wconf 89' lang='lat' dir='ltr'><strong>Pax</strong></span> <span class='ocrx_word' id='word_1_179' title='bbox 2018 2337 2114 2393; x_wconf 90' lang='lat' dir='ltr'><strong>Dei</strong></span> 
     </span>
    </p>
   </div>
   <div class='ocr_carea' id='block_1_23' title="bbox 535 2431 2111 2503">
    <p class='ocr_par' dir='ltr' id='par_1_23' title="bbox 535 2431 2111 2503">
     <span class='ocr_line' id='line_1_23' title="bbox 535 2431 2111 2503; baseline -0.004 -13"><span class='ocrx_word' id='word_1_180' title='bbox 535 2437 733 2502; x_wconf 87' lang='lat' dir='ltr'><strong>vincat,</strong></span> <span class='ocrx_word' id='word_1_181' title='bbox 767 2435 881 2500; x_wconf 89' lang='lat' dir='ltr'><strong>sed,</strong></span> <span class='ocrx_word' id='word_1_182' title='bbox 914 2433 1164 2500; x_wconf 72' lang='lat' dir='ltr'><strong>Exsultet,</strong></span> <span class='ocrx_word' id='word_1_183' title='bbox 1194 2438 1306 2489; x_wconf 88' lang='lat' dir='ltr'><strong>sive</strong></span> <span class='ocrx_word' id='word_1_184' title='bbox 1332 2432 1609 2503; x_wconf 66' lang='lat' dir='ltr'><strong>praemium</strong></span> <span class='ocrx_word' id='word_1_185' title='bbox 1634 2431 1957 2486; x_wconf 83' lang='lat' dir='ltr'><strong>distribuat?</strong></span> <span class='ocrx_word' id='word_1_186' title='bbox 1985 2431 2111 2485; x_wconf 84' lang='lat' dir='ltr'><strong>Eam</strong></span> 
     </span>
    </p>
   </div>
   <div class='ocr_carea' id='block_1_24' title="bbox 536 2521 2113 2597">
    <p class='ocr_par' dir='ltr' id='par_1_24' title="bbox 536 2521 2113 2597">
     <span class='ocr_line' id='line_1_24' title="bbox 536 2521 2113 2597; baseline -0.004 -15"><span class='ocrx_word' id='word_1_187' title='bbox 536 2527 711 2583; x_wconf 85' lang='lat' dir='ltr'><strong>cﬁ‘ecit</strong></span> <span class='ocrx_word' id='word_1_188' title='bbox 754 2526 858 2581; x_wconf 87' lang='lat' dir='ltr'><strong>ﬁde</strong></span> <span class='ocrx_word' id='word_1_189' title='bbox 884 2526 1181 2597; x_wconf 83' lang='lat' dir='ltr'><strong>digniorem</strong></span> <span class='ocrx_word' id='word_1_190' title='bbox 1213 2544 1228 2581; x_wconf 89' lang='lat'><strong>:</strong></span> <span class='ocrx_word' id='word_1_191' title='bbox 1257 2538 1364 2578; x_wconf 92' lang='lat' dir='ltr'><strong>non</strong></span> <span class='ocrx_word' id='word_1_192' title='bbox 1409 2524 1534 2579; x_wconf 90' lang='lat' dir='ltr'><strong>sivit</strong></span> <span class='ocrx_word' id='word_1_193' title='bbox 1562 2530 1620 2576; x_wconf 88' lang='lat' dir='ltr'><strong>ut</strong></span> <span class='ocrx_word' id='word_1_194' title='bbox 1644 2536 1765 2577; x_wconf 91' lang='lat' dir='ltr'><strong>cum</strong></span> <span class='ocrx_word' id='word_1_195' title='bbox 1792 2536 1857 2577; x_wconf 88' lang='lat' dir='ltr'><strong>ea</strong></span> <span class='ocrx_word' id='word_1_196' title='bbox 1886 2521 2113 2577; x_wconf 90' lang='lat' dir='ltr'><strong>luctare-</strong></span> 
     </span>
    </p>
   </div>
   <div class='ocr_carea' id='block_1_25' title="bbox 538 2615 2113 2689">
    <p class='ocr_par' dir='ltr' id='par_1_25' title="bbox 538 2615 2113 2689">
     <span class='ocr_line' id='line_1_25' title="bbox 538 2615 2113 2689; baseline -0.004 -15"><span class='ocrx_word' id='word_1_197' title='bbox 538 2630 622 2674; x_wconf 90' lang='lat' dir='ltr'><strong>tur</strong></span> <span class='ocrx_word' id='word_1_198' title='bbox 645 2619 781 2673; x_wconf 90' lang='lat' dir='ltr'><strong>mala</strong></span> <span class='ocrx_word' id='word_1_199' title='bbox 801 2619 1071 2689; x_wconf 82' lang='lat' dir='ltr'><strong>cogitatio,</strong></span> <span class='ocrx_word' id='word_1_200' title='bbox 1095 2616 1189 2673; x_wconf 90' lang='lat' dir='ltr'><strong>sed</strong></span> <span class='ocrx_word' id='word_1_201' title='bbox 1211 2625 1379 2672; x_wconf 87' lang='lat' dir='ltr'><strong>staret</strong></span> <span class='ocrx_word' id='word_1_202' title='bbox 1402 2615 1645 2671; x_wconf 90' lang='lat' dir='ltr'><strong>inferius.</strong></span> <span class='ocrx_word' id='word_1_203' title='bbox 1671 2616 1736 2671; x_wconf 82' lang='lat' dir='ltr'><strong>Et</strong></span> <span class='ocrx_word' id='word_1_204' title='bbox 1755 2630 1947 2671; x_wconf 88' lang='lat' dir='ltr'><strong>nomen</strong></span> <span class='ocrx_word' id='word_1_205' title='bbox 1976 2630 2113 2684; x_wconf 80' lang='lat' dir='ltr'><strong>pra:-</strong></span> 
     </span>
    </p>
   </div>
   <div class='ocr_carea' id='block_1_26' title="bbox 536 2707 2109 2777">
    <p class='ocr_par' dir='ltr' id='par_1_26' title="bbox 536 2707 2109 2777">
     <span class='ocr_line' id='line_1_26' title="bbox 536 2707 2109 2777; baseline -0.004 -11"><span class='ocrx_word' id='word_1_206' title='bbox 536 2713 627 2766; x_wconf 87' lang='lat' dir='ltr'><strong>tnii</strong></span> <span class='ocrx_word' id='word_1_207' title='bbox 658 2711 908 2766; x_wconf 89' lang='lat' dir='ltr'><strong>excitavit</strong></span> <span class='ocrx_word' id='word_1_208' title='bbox 936 2710 1254 2764; x_wconf 90' lang='lat' dir='ltr'><strong>auditorem.</strong></span> <span class='ocrx_word' id='word_1_209' title='bbox 1298 2708 1433 2763; x_wconf 85' lang='lat' dir='ltr'><strong>Nam</strong></span> <span class='ocrx_word' id='word_1_210' title='bbox 1482 2708 1527 2763; x_wconf 90' lang='lat' dir='ltr'><strong>si</strong></span> <span class='ocrx_word' id='word_1_211' title='bbox 1570 2707 1781 2762; x_wconf 86' lang='lat' dir='ltr'><strong>dederit</strong></span> <span class='ocrx_word' id='word_1_212' title='bbox 1827 2707 2109 2777; x_wconf 70' lang='lat' dir='ltr'><strong>praemium</strong></span> 
     </span>
    </p>
   </div>
   <div class='ocr_carea' id='block_1_27' title="bbox 536 2798 2107 2872">
    <p class='ocr_par' dir='ltr' id='par_1_27' title="bbox 536 2798 2107 2872">
     <span class='ocr_line' id='line_1_27' title="bbox 536 2798 2107 2872; baseline -0.005 -15"><span class='ocrx_word' id='word_1_213' title='bbox 536 2804 691 2857; x_wconf 65' lang='lat' dir='ltr'><strong>bona:</strong></span> <span class='ocrx_word' id='word_1_214' title='bbox 720 2801 1046 2872; x_wconf 81' lang='lat' dir='ltr'><strong>cogitationi,</strong></span> <span class='ocrx_word' id='word_1_215' title='bbox 1074 2809 1559 2870; x_wconf 85' lang='lat' dir='ltr'><strong>quantumcumque</strong></span> <span class='ocrx_word' id='word_1_216' title='bbox 1590 2798 1698 2865; x_wconf 87' lang='lat' dir='ltr'><strong>illa,</strong></span> <span class='ocrx_word' id='word_1_217' title='bbox 1728 2813 1919 2868; x_wconf 91' lang='lat' dir='ltr'><strong>nempe</strong></span> <span class='ocrx_word' id='word_1_218' title='bbox 1949 2799 2107 2860; x_wconf 88' lang='lat' dir='ltr'><strong>mala,</strong></span> 
     </span>
    </p>
   </div>
   <div class='ocr_carea' id='block_1_28' title="bbox 534 2889 2121 2966">
    <p class='ocr_par' dir='ltr' id='par_1_28' title="bbox 534 2889 2121 2966">
     <span class='ocr_line' id='line_1_28' title="bbox 534 2889 2121 2966; baseline -0.004 -16"><span class='ocrx_word' id='word_1_219' title='bbox 534 2895 923 2966; x_wconf 88' lang='lat' dir='ltr'><strong>sitimpudcns,</strong></span> <span class='ocrx_word' id='word_1_220' title='bbox 952 2895 998 2949; x_wconf 92' lang='lat' dir='ltr'><strong>ei</strong></span> <span class='ocrx_word' id='word_1_221' title='bbox 1024 2894 1090 2948; x_wconf 91' lang='lat' dir='ltr'><strong>de</strong></span> <span class='ocrx_word' id='word_1_222' title='bbox 1111 2904 1306 2948; x_wconf 67' lang='lat' dir='ltr'><strong>caatero</strong></span> <span class='ocrx_word' id='word_1_223' title='bbox 1336 2892 1466 2945; x_wconf 80' lang='lat' dir='ltr'><strong>nihil</strong></span> <span class='ocrx_word' id='word_1_224' title='bbox 1494 2891 1746 2961; x_wconf 91' lang='lat' dir='ltr'><strong>proderit.</strong></span> <span class='ocrx_word' id='word_1_225' title='bbox 1772 2892 1984 2961; x_wconf 80' lang='lat' dir='ltr'><strong>Alioqui</strong></span> <span class='ocrx_word' id='word_1_226' title='bbox 2010 2889 2121 2945; x_wconf 49' lang='lat' dir='ltr'><strong>au?</strong></span> 
     </span>
    </p>
   </div>
   <div class='ocr_carea' id='block_1_29' title="bbox 538 2982 2110 3054">
    <p class='ocr_par' dir='ltr' id='par_1_29' title="bbox 538 2982 2110 3054">
     <span class='ocr_line' id='line_1_29' title="bbox 538 2982 2110 3054; baseline -0.003 -14"><span class='ocrx_word' id='word_1_227' title='bbox 538 2998 643 3041; x_wconf 89' lang='lat' dir='ltr'><strong>tem</strong></span> <span class='ocrx_word' id='word_1_228' title='bbox 679 2986 854 3040; x_wconf 92' lang='lat' dir='ltr'><strong>sciens</strong></span> <span class='ocrx_word' id='word_1_229' title='bbox 880 2985 986 3049; x_wconf 90' lang='lat' dir='ltr'><strong>illa,</strong></span> <span class='ocrx_word' id='word_1_230' title='bbox 1014 2983 1157 3054; x_wconf 90' lang='lat' dir='ltr'><strong>quod</strong></span> <span class='ocrx_word' id='word_1_231' title='bbox 1183 2982 1434 3053; x_wconf 88' lang='lat' dir='ltr'><strong>quidquid</strong></span> <span class='ocrx_word' id='word_1_232' title='bbox 1468 2982 1674 3049; x_wconf 89' lang='lat' dir='ltr'><strong>fecerit,</strong></span> <span class='ocrx_word' id='word_1_233' title='bbox 1702 2982 1976 3051; x_wconf 71' lang='lat' dir='ltr'><strong>praemium</strong></span> <span class='ocrx_word' id='word_1_234' title='bbox 2004 2996 2110 3037; x_wconf 89' lang='lat' dir='ltr'><strong>non</strong></span> 
     </span>
    </p>
   </div>
   <div class='ocr_carea' id='block_1_30' title="bbox 539 3074 2112 3146">
    <p class='ocr_par' dir='ltr' id='par_1_30' title="bbox 539 3074 2112 3146">
     <span class='ocr_line' id='line_1_30' title="bbox 539 3074 2112 3146; baseline 0 -17"><span class='ocrx_word' id='word_1_235' title='bbox 539 3078 610 3131; x_wconf 89' lang='lat' dir='ltr'><strong>sit</strong></span> <span class='ocrx_word' id='word_1_236' title='bbox 657 3088 938 3146; x_wconf 88' lang='lat' dir='ltr'><strong>acceptura</strong></span> <span class='ocrx_word' id='word_1_237' title='bbox 965 3116 981 3141; x_wconf 95' lang='lat'><strong>,</strong></span> <span class='ocrx_word' id='word_1_238' title='bbox 1010 3074 1263 3144; x_wconf 90' lang='lat' dir='ltr'><strong>quidquid</strong></span> <span class='ocrx_word' id='word_1_239' title='bbox 1302 3075 1519 3143; x_wconf 90' lang='lat' dir='ltr'><strong>spirarit</strong></span> <span class='ocrx_word' id='word_1_240' title='bbox 1564 3084 1617 3128; x_wconf 88' lang='lat' dir='ltr'><strong>et</strong></span> <span class='ocrx_word' id='word_1_241' title='bbox 1643 3074 2010 3129; x_wconf 87' lang='lat' dir='ltr'><strong>vehementius</strong></span> <span class='ocrx_word' id='word_1_242' title='bbox 2037 3074 2112 3129; x_wconf 87' lang='lat' dir='ltr'><strong>ir-</strong></span> 
     </span>
    </p>
   </div>
   <div class='ocr_carea' id='block_1_31' title="bbox 533 3165 2110 3238">
    <p class='ocr_par' dir='ltr' id='par_1_31' title="bbox 533 3165 2110 3238">
     <span class='ocr_line' id='line_1_31' title="bbox 533 3165 2110 3238; baseline 0.001 -16"><span class='ocrx_word' id='word_1_243' title='bbox 533 3183 693 3223; x_wconf 89' lang='lat' dir='ltr'><strong>ruere</strong></span> <span class='ocrx_word' id='word_1_244' title='bbox 721 3180 967 3238; x_wconf 84' lang='lat' dir='ltr'><strong>aggressa</strong></span> <span class='ocrx_word' id='word_1_245' title='bbox 989 3165 1169 3233; x_wconf 88' lang='lat' dir='ltr'><strong>fuerit,</strong></span> <span class='ocrx_word' id='word_1_246' title='bbox 1202 3176 1260 3221; x_wconf 93' lang='lat' dir='ltr'><strong>ut</strong></span> <span class='ocrx_word' id='word_1_247' title='bbox 1285 3182 1403 3237; x_wconf 71' lang='lat' dir='ltr'><strong>qua:</strong></span> <span class='ocrx_word' id='word_1_248' title='bbox 1432 3167 1690 3221; x_wconf 86' lang='lat' dir='ltr'><strong>inutiliter</strong></span> <span class='ocrx_word' id='word_1_249' title='bbox 1711 3167 1934 3232; x_wconf 90' lang='lat' dir='ltr'><strong>laboret,</strong></span> <span class='ocrx_word' id='word_1_250' title='bbox 1963 3166 2110 3223; x_wconf 89' lang='lat' dir='ltr'><strong>desi-</strong></span> 
     </span>
    </p>
   </div>
   <div class='ocr_carea' id='block_1_32' title="bbox 536 3258 2112 3331">
    <p class='ocr_par' dir='ltr' id='par_1_32' title="bbox 536 3258 2112 3331">
     <span class='ocr_line' id='line_1_32' title="bbox 536 3258 2112 3331; baseline 0 -14"><span class='ocrx_word' id='word_1_251' title='bbox 536 3269 661 3317; x_wconf 88' lang='lat' dir='ltr'><strong>stet.</strong></span> <span class='ocrx_word' id='word_1_252' title='bbox 696 3260 859 3315; x_wconf 81' lang='lat' dir='ltr'><strong>Recte</strong></span> <span class='ocrx_word' id='word_1_253' title='bbox 900 3270 1077 3314; x_wconf 90' lang='lat' dir='ltr'><strong>autem</strong></span> <span class='ocrx_word' id='word_1_254' title='bbox 1119 3259 1358 3325; x_wconf 88' lang='lat' dir='ltr'><strong>addidit,</strong></span> <span class='ocrx_word' id='word_1_255' title='bbox 1410 3258 1477 3313; x_wconf 88' lang='lat' dir='ltr'><strong>Et</strong></span> <span class='ocrx_word' id='word_1_256' title='bbox 1504 3262 1640 3331; x_wconf 85' lang='lat' dir='ltr'><strong>grati</strong></span> <span class='ocrx_word' id='word_1_257' title='bbox 1673 3270 1847 3314; x_wconf 86' lang='lat' dir='ltr'><strong>estote.</strong></span> <span class='ocrx_word' id='word_1_258' title='bbox 1892 3260 2004 3316; x_wconf 81' lang='lat' dir='ltr'><strong>Hoc</strong></span> <span class='ocrx_word' id='word_1_259' title='bbox 2029 3270 2112 3317; x_wconf 86' lang='lat' dir='ltr'><strong>est</strong></span> 
     </span>
    </p>
   </div>
   <div class='ocr_carea' id='block_1_33' title="bbox 536 3351 2110 3424">
    <p class='ocr_par' dir='ltr' id='par_1_33' title="bbox 536 3351 2110 3424">
     <span class='ocr_line' id='line_1_33' title="bbox 536 3351 2110 3424; baseline -0.001 -15"><span class='ocrx_word' id='word_1_260' title='bbox 536 3354 677 3410; x_wconf 89' lang='lat' dir='ltr'><strong>enim</strong></span> <span class='ocrx_word' id='word_1_261' title='bbox 709 3368 827 3408; x_wconf 87' lang='lat' dir='ltr'><strong>esse</strong></span> <span class='ocrx_word' id='word_1_262' title='bbox 851 3363 1082 3424; x_wconf 88' lang='lat' dir='ltr'><strong>gratum,</strong></span> <span class='ocrx_word' id='word_1_263' title='bbox 1112 3361 1165 3406; x_wconf 92' lang='lat' dir='ltr'><strong>et</strong></span> <span class='ocrx_word' id='word_1_264' title='bbox 1189 3352 1255 3406; x_wconf 91' lang='lat' dir='ltr'><strong>ad</strong></span> <span class='ocrx_word' id='word_1_265' title='bbox 1286 3352 1650 3406; x_wconf 89' lang='lat' dir='ltr'><strong>incutiendum</strong></span> <span class='ocrx_word' id='word_1_266' title='bbox 1669 3351 1930 3422; x_wconf 86' lang='lat' dir='ltr'><strong>pudorem</strong></span> <span class='ocrx_word' id='word_1_267' title='bbox 1954 3352 2110 3407; x_wconf 89' lang='lat' dir='ltr'><strong>valde</strong></span> 
     </span>
    </p>
   </div>
   <div class='ocr_carea' id='block_1_34' title="bbox 534 3443 2109 3516">
    <p class='ocr_par' dir='ltr' id='par_1_34' title="bbox 534 3443 2109 3516">
     <span class='ocr_line' id='line_1_34' title="bbox 534 3443 2109 3516; baseline -0.001 -17"><span class='ocrx_word' id='word_1_268' title='bbox 534 3445 856 3516; x_wconf 89' lang='lat' dir='ltr'><strong>appositum,</strong></span> <span class='ocrx_word' id='word_1_269' title='bbox 901 3454 958 3499; x_wconf 91' lang='lat' dir='ltr'><strong>ut</strong></span> <span class='ocrx_word' id='word_1_270' title='bbox 999 3443 1272 3498; x_wconf 89' lang='lat' dir='ltr'><strong>conservis</strong></span> <span class='ocrx_word' id='word_1_271' title='bbox 1301 3443 1550 3497; x_wconf 84' lang='lat' dir='ltr'><strong>similiter</strong></span> <span class='ocrx_word' id='word_1_272' title='bbox 1588 3453 1799 3509; x_wconf 85' lang='lat' dir='ltr'><strong>utatur,</strong></span> <span class='ocrx_word' id='word_1_273' title='bbox 1832 3444 1971 3498; x_wconf 92' lang='lat' dir='ltr'><strong>sicut</strong></span> <span class='ocrx_word' id='word_1_274' title='bbox 1993 3443 2109 3512; x_wconf 90' lang='lat' dir='ltr'><strong>ipso</strong></span> 
     </span>
    </p>
   </div>
   <div class='ocr_carea' id='block_1_35' title="bbox 535 3534 2110 3605">
    <p class='ocr_par' dir='ltr' id='par_1_35' title="bbox 535 3534 2110 3605">
     <span class='ocr_line' id='line_1_35' title="bbox 535 3534 2110 3605; baseline -0.001 -13"><span class='ocrx_word' id='word_1_275' title='bbox 535 3539 699 3602; x_wconf 86' lang='lat' dir='ltr'><strong>Deus,</strong></span> <span class='ocrx_word' id='word_1_276' title='bbox 747 3536 964 3591; x_wconf 91' lang='lat' dir='ltr'><strong>domino</strong></span> <span class='ocrx_word' id='word_1_277' title='bbox 1004 3535 1180 3602; x_wconf 89' lang='lat' dir='ltr'><strong>cedat,</strong></span> <span class='ocrx_word' id='word_1_278' title='bbox 1235 3543 1451 3604; x_wconf 86' lang='lat' dir='ltr'><strong>pareat,</strong></span> <span class='ocrx_word' id='word_1_279' title='bbox 1484 3549 1580 3604; x_wconf 91' lang='lat' dir='ltr'><strong>pro</strong></span> <span class='ocrx_word' id='word_1_280' title='bbox 1624 3534 1874 3589; x_wconf 89' lang='lat' dir='ltr'><strong>omnibus</strong></span> <span class='ocrx_word' id='word_1_281' title='bbox 1911 3536 2110 3605; x_wconf 87' lang='lat' dir='ltr'><strong>gratias</strong></span> 
     </span>
    </p>
   </div>
   <div class='ocr_carea' id='block_1_36' title="bbox 533 3624 2109 3699">
    <p class='ocr_par' dir='ltr' id='par_1_36' title="bbox 533 3624 2109 3699">
     <span class='ocr_line' id='line_1_36' title="bbox 533 3624 2109 3699; baseline -0.001 -17"><span class='ocrx_word' id='word_1_282' title='bbox 533 3638 673 3699; x_wconf 86' lang='lat' dir='ltr'><strong>agat,</strong></span> <span class='ocrx_word' id='word_1_283' title='bbox 704 3642 797 3682; x_wconf 86' lang='lat' dir='ltr'><strong>seu</strong></span> <span class='ocrx_word' id='word_1_284' title='bbox 835 3626 1160 3681; x_wconf 89' lang='lat' dir='ltr'><strong>contumelia</strong></span> <span class='ocrx_word' id='word_1_285' title='bbox 1189 3626 1430 3680; x_wconf 86' lang='lat' dir='ltr'><strong>all‘ecerit</strong></span> <span class='ocrx_word' id='word_1_286' title='bbox 1460 3624 1744 3695; x_wconf 87' lang='lat' dir='ltr'><strong>quispiam,</strong></span> <span class='ocrx_word' id='word_1_287' title='bbox 1778 3641 1871 3680; x_wconf 87' lang='lat' dir='ltr'><strong>seu</strong></span> <span class='ocrx_word' id='word_1_288' title='bbox 1892 3641 2109 3696; x_wconf 82' lang='lat' dir='ltr'><strong>percus-</strong></span> 
     </span>
    </p>
   </div>
   <div class='ocr_carea' id='block_1_37' title="bbox 532 3717 2109 3788">
    <p class='ocr_par' dir='ltr' id='par_1_37' title="bbox 532 3717 2109 3788">
     <span class='ocr_line' id='line_1_37' title="bbox 532 3717 2109 3788; baseline -0.002 -13"><span class='ocrx_word' id='word_1_289' title='bbox 532 3720 685 3776; x_wconf 89' lang='lat' dir='ltr'><strong>serit.</strong></span> <span class='ocrx_word' id='word_1_290' title='bbox 733 3719 831 3786; x_wconf 87' lang='lat' dir='ltr'><strong>Qui</strong></span> <span class='ocrx_word' id='word_1_291' title='bbox 860 3720 1003 3773; x_wconf 91' lang='lat' dir='ltr'><strong>enim</strong></span> <span class='ocrx_word' id='word_1_292' title='bbox 1036 3719 1146 3773; x_wconf 86' lang='lat' dir='ltr'><strong>Deo</strong></span> <span class='ocrx_word' id='word_1_293' title='bbox 1175 3718 1284 3787; x_wconf 89' lang='lat' dir='ltr'><strong>agit</strong></span> <span class='ocrx_word' id='word_1_294' title='bbox 1320 3717 1519 3787; x_wconf 84' lang='lat' dir='ltr'><strong>gratias</strong></span> <span class='ocrx_word' id='word_1_295' title='bbox 1547 3733 1643 3788; x_wconf 89' lang='lat' dir='ltr'><strong>pro</strong></span> <span class='ocrx_word' id='word_1_296' title='bbox 1671 3718 1736 3771; x_wconf 90' lang='lat' dir='ltr'><strong>iis</strong></span> <span class='ocrx_word' id='word_1_297' title='bbox 1762 3732 1881 3787; x_wconf 64' lang='lat' dir='ltr'><strong>quae</strong></span> <span class='ocrx_word' id='word_1_298' title='bbox 1923 3732 2109 3786; x_wconf 89' lang='lat' dir='ltr'><strong>passus</strong></span> 
     </span>
    </p>
   </div>
   <div class='ocr_carea' id='block_1_38' title="bbox 534 3808 2107 3880">
    <p class='ocr_par' dir='ltr' id='par_1_38' title="bbox 534 3808 2107 3880">
     <span class='ocr_line' id='line_1_38' title="bbox 534 3808 2107 3880; baseline -0.003 -13"><span class='ocrx_word' id='word_1_299' title='bbox 534 3823 636 3879; x_wconf 90' lang='lat' dir='ltr'><strong>est,</strong></span> <span class='ocrx_word' id='word_1_300' title='bbox 670 3828 775 3866; x_wconf 91' lang='lat' dir='ltr'><strong>non</strong></span> <span class='ocrx_word' id='word_1_301' title='bbox 794 3827 914 3867; x_wconf 91' lang='lat' dir='ltr'><strong>eum</strong></span> <span class='ocrx_word' id='word_1_302' title='bbox 934 3811 1023 3880; x_wconf 90' lang='lat' dir='ltr'><strong>qui</strong></span> <span class='ocrx_word' id='word_1_303' title='bbox 1053 3810 1175 3865; x_wconf 90' lang='lat' dir='ltr'><strong>fecit</strong></span> <span class='ocrx_word' id='word_1_304' title='bbox 1202 3810 1486 3864; x_wconf 89' lang='lat' dir='ltr'><strong>ulciscetur</strong></span> <span class='ocrx_word' id='word_1_305' title='bbox 1512 3826 1526 3862; x_wconf 86' lang='lat'><strong>:</strong></span> <span class='ocrx_word' id='word_1_306' title='bbox 1558 3823 1681 3863; x_wconf 90' lang='lat' dir='ltr'><strong>nam</strong></span> <span class='ocrx_word' id='word_1_307' title='bbox 1709 3808 1755 3863; x_wconf 91' lang='lat' dir='ltr'><strong>is</strong></span> <span class='ocrx_word' id='word_1_308' title='bbox 1780 3808 1993 3878; x_wconf 87' lang='lat' dir='ltr'><strong>quidem</strong></span> <span class='ocrx_word' id='word_1_309' title='bbox 2016 3809 2107 3878; x_wconf 88' lang='lat' dir='ltr'><strong>qui</strong></span> 
     </span>
    </p>
   </div>
   <div class='ocr_carea' id='block_1_39' title="bbox 536 3899 2109 3970">
    <p class='ocr_par' dir='ltr' id='par_1_39' title="bbox 536 3899 2109 3970">
     <span class='ocr_line' id='line_1_39' title="bbox 536 3899 2109 3970; baseline -0.002 -13"><span class='ocrx_word' id='word_1_310' title='bbox 536 3903 829 3969; x_wconf 88' lang='lat' dir='ltr'><strong>ulciscitur,</strong></span> <span class='ocrx_word' id='word_1_311' title='bbox 880 3918 985 3955; x_wconf 90' lang='lat' dir='ltr'><strong>non</strong></span> <span class='ocrx_word' id='word_1_312' title='bbox 1027 3902 1135 3970; x_wconf 88' lang='lat' dir='ltr'><strong>agit</strong></span> <span class='ocrx_word' id='word_1_313' title='bbox 1164 3901 1379 3970; x_wconf 89' lang='lat' dir='ltr'><strong>gratias.</strong></span> <span class='ocrx_word' id='word_1_314' title='bbox 1411 3899 1517 3954; x_wconf 89' lang='lat' dir='ltr'><strong>Sed</strong></span> <span class='ocrx_word' id='word_1_315' title='bbox 1546 3914 1614 3954; x_wconf 88' lang='lat' dir='ltr'><strong>ne</strong></span> <span class='ocrx_word' id='word_1_316' title='bbox 1649 3901 1816 3953; x_wconf 89' lang='lat' dir='ltr'><strong>simus</strong></span> <span class='ocrx_word' id='word_1_317' title='bbox 1840 3900 1976 3954; x_wconf 88' lang='lat' dir='ltr'><strong>sicut</strong></span> <span class='ocrx_word' id='word_1_318' title='bbox 2016 3899 2109 3955; x_wconf 86' lang='lat' dir='ltr'><strong>ille</strong></span> 
     </span>
    </p>
   </div>
   <div class='ocr_carea' id='block_1_40' title="bbox 532 3989 2109 4064">
    <p class='ocr_par' dir='ltr' id='par_1_40' title="bbox 532 3989 2109 4064">
     <span class='ocr_line' id='line_1_40' title="bbox 532 3989 2109 4064; baseline -0.002 -16"><span class='ocrx_word' id='word_1_319' title='bbox 532 3993 623 4064; x_wconf 89' lang='lat' dir='ltr'><strong>qui</strong></span> <span class='ocrx_word' id='word_1_320' title='bbox 670 4002 884 4047; x_wconf 86' lang='lat' dir='ltr'><strong>centum</strong></span> <span class='ocrx_word' id='word_1_321' title='bbox 912 3992 1155 4061; x_wconf 81' lang='lat' dir='ltr'><strong>exigebat</strong></span> <span class='ocrx_word' id='word_1_322' title='bbox 1190 3991 1458 4053; x_wconf 88' lang='lat' dir='ltr'><strong>denarios,</strong></span> <span class='ocrx_word' id='word_1_323' title='bbox 1508 4005 1576 4045; x_wconf 91' lang='lat' dir='ltr'><strong>ne</strong></span> <span class='ocrx_word' id='word_1_324' title='bbox 1603 3990 1880 4044; x_wconf 88' lang='lat' dir='ltr'><strong>audiamus</strong></span> <span class='ocrx_word' id='word_1_325' title='bbox 1905 4029 1921 4055; x_wconf 95' lang='lat'><strong>,</strong></span> <span class='ocrx_word' id='word_1_326' title='bbox 1952 3989 2109 4046; x_wconf 82' lang='lat' dir='ltr'><strong>Serve</strong></span> 
     </span>
    </p>
   </div>
   <div class='ocr_carea' id='block_1_41' title="bbox 534 4081 2105 4155">
    <p class='ocr_par' dir='ltr' id='par_1_41' title="bbox 534 4081 2105 4155">
     <span class='ocr_line' id='line_1_41' title="bbox 534 4081 2105 4155; baseline -0.001 -17"><span class='ocrx_word' id='word_1_327' title='bbox 534 4100 746 4155; x_wconf 86' lang='lat' dir='ltr'><strong>nequam</strong></span> <span class='ocrx_word' id='word_1_328' title='bbox 772 4082 985 4155; x_wconf 79' lang='lat' dir='ltr'><strong>(Matth.</strong></span> <span class='ocrx_word' id='word_1_329' title='bbox 1017 4084 1103 4137; x_wconf 89' lang='grc'><strong>18.</strong></span> <span class='ocrx_word' id='word_1_330' title='bbox 1126 4081 1252 4152; x_wconf 71' lang='grc'><strong>52);</strong></span> <span class='ocrx_word' id='word_1_331' title='bbox 1282 4081 1381 4136; x_wconf 90' lang='lat' dir='ltr'><strong>hoc</strong></span> <span class='ocrx_word' id='word_1_332' title='bbox 1403 4081 1544 4136; x_wconf 89' lang='lat' dir='ltr'><strong>enim</strong></span> <span class='ocrx_word' id='word_1_333' title='bbox 1565 4081 1754 4151; x_wconf 89' lang='lat' dir='ltr'><strong>ingrati</strong></span> <span class='ocrx_word' id='word_1_334' title='bbox 1779 4081 1945 4135; x_wconf 90' lang='lat' dir='ltr'><strong>animi</strong></span> <span class='ocrx_word' id='word_1_335' title='bbox 1975 4081 2105 4136; x_wconf 88' lang='lat' dir='ltr'><strong>vitio</strong></span> 
     </span>
    </p>
   </div>
   <div class='ocr_carea' id='block_1_42' title="bbox 537 4173 2138 4248">
    <p class='ocr_par' dir='ltr' id='par_1_42' title="bbox 537 4173 2138 4248">
     <span class='ocr_line' id='line_1_42' title="bbox 537 4173 2138 4248; baseline -0.001 -16"><span class='ocrx_word' id='word_1_336' title='bbox 537 4178 665 4233; x_wconf 87' lang='lat' dir='ltr'><strong>nihil</strong></span> <span class='ocrx_word' id='word_1_337' title='bbox 694 4186 776 4233; x_wconf 90' lang='lat' dir='ltr'><strong>est</strong></span> <span class='ocrx_word' id='word_1_338' title='bbox 819 4176 991 4248; x_wconf 88' lang='lat' dir='ltr'><strong>pejus.</strong></span> <span class='ocrx_word' id='word_1_339' title='bbox 1038 4176 1219 4247; x_wconf 83' lang='lat' dir='ltr'><strong>Itaque</strong></span> <span class='ocrx_word' id='word_1_340' title='bbox 1264 4175 1455 4245; x_wconf 86' lang='lat' dir='ltr'><strong>ingrati</strong></span> <span class='ocrx_word' id='word_1_341' title='bbox 1483 4184 1608 4229; x_wconf 88' lang='lat' dir='ltr'><strong>sunt</strong></span> <span class='ocrx_word' id='word_1_342' title='bbox 1635 4174 1723 4246; x_wconf 91' lang='lat' dir='ltr'><strong>qui</strong></span> <span class='ocrx_word' id='word_1_343' title='bbox 1757 4176 2103 4230; x_wconf 91' lang='lat' dir='ltr'><strong>ulciscuntur.</strong></span> <span class='ocrx_word' id='word_1_344' title='bbox 2135 4173 2138 4176; x_wconf 75' lang='grc'><strong>’</strong></span> 
     </span>
    </p>
   </div>
   <div class='ocr_carea' id='block_1_43' title="bbox 534 4265 2106 4334">
    <p class='ocr_par' dir='ltr' id='par_1_43' title="bbox 534 4265 2106 4334">
     <span class='ocr_line' id='line_1_43' title="bbox 534 4265 2106 4334; baseline -0.001 -11"><span class='ocrx_word' id='word_1_345' title='bbox 534 4270 640 4323; x_wconf 82' lang='lat' dir='ltr'><strong>Cur</strong></span> <span class='ocrx_word' id='word_1_346' title='bbox 667 4277 845 4323; x_wconf 84' lang='lat' dir='ltr'><strong>autem</strong></span> <span class='ocrx_word' id='word_1_347' title='bbox 868 4268 1014 4322; x_wconf 85' lang='lat' dir='ltr'><strong>venit</strong></span> <span class='ocrx_word' id='word_1_348' title='bbox 1037 4265 1105 4320; x_wconf 89' lang='lat' dir='ltr'><strong>ad</strong></span> <span class='ocrx_word' id='word_1_349' title='bbox 1124 4266 1523 4320; x_wconf 82' lang='lat' dir='ltr'><strong>fornicationem</strong></span> <span class='ocrx_word' id='word_1_350' title='bbox 1552 4265 1777 4334; x_wconf 89' lang='lat' dir='ltr'><strong>primam</strong></span> <span class='ocrx_word' id='word_1_351' title='bbox 1798 4266 1821 4319; x_wconf 87' lang='lat'><strong>?</strong></span> <span class='ocrx_word' id='word_1_352' title='bbox 1842 4280 1963 4320; x_wconf 90' lang='lat' dir='ltr'><strong>nam</strong></span> <span class='ocrx_word' id='word_1_353' title='bbox 1983 4280 2106 4321; x_wconf 88' lang='lat' dir='ltr'><strong>cum</strong></span> 
     </span>
    </p>
   </div>
   <div class='ocr_carea' id='block_1_44' title="bbox 534 4356 2107 4426">
    <p class='ocr_par' dir='ltr' id='par_1_44' title="bbox 534 4356 2107 4426">
     <span class='ocr_line' id='line_1_44' title="bbox 534 4356 2107 4426; baseline -0.002 -13"><span class='ocrx_word' id='word_1_354' title='bbox 534 4359 790 4422; x_wconf 72' lang='lat' dir='ltr'><strong>dixisset,</strong></span> <span class='ocrx_word' id='word_1_355' title='bbox 823 4356 1130 4426; x_wconf 80' lang='lat' dir='ltr'><strong>Mortiﬁcate</strong></span> <span class='ocrx_word' id='word_1_356' title='bbox 1167 4356 1391 4411; x_wconf 89' lang='lat' dir='ltr'><strong>membra</strong></span> <span class='ocrx_word' id='word_1_357' title='bbox 1444 4366 1605 4410; x_wconf 81' lang='lat' dir='ltr'><strong>vestra</strong></span> <span class='ocrx_word' id='word_1_358' title='bbox 1640 4370 1754 4426; x_wconf 75' lang='lat' dir='ltr'><strong>qua:</strong></span> <span class='ocrx_word' id='word_1_359' title='bbox 1794 4366 1909 4409; x_wconf 87' lang='lat' dir='ltr'><strong>sunt</strong></span> <span class='ocrx_word' id='word_1_360' title='bbox 1951 4372 2107 4425; x_wconf 89' lang='lat' dir='ltr'><strong>supra</strong></span> 
     </span>
    </p>
   </div>
   <div class='ocr_carea' id='block_1_45' title="bbox 535 4447 2106 4514">
    <p class='ocr_par' dir='ltr' id='par_1_45' title="bbox 535 4447 2106 4514">
     <span class='ocr_line' id='line_1_45' title="bbox 535 4447 2106 4514; baseline 0.003 -14"><span class='ocrx_word' id='word_1_361' title='bbox 535 4460 742 4514; x_wconf 79' lang='lat' dir='ltr'><strong>terram,</strong></span> <span class='ocrx_word' id='word_1_362' title='bbox 775 4448 952 4503; x_wconf 87' lang='lat' dir='ltr'><strong>statim</strong></span> <span class='ocrx_word' id='word_1_363' title='bbox 980 4447 1131 4513; x_wconf 92' lang='lat' dir='ltr'><strong>dicit,</strong></span> <span class='ocrx_word' id='word_1_364' title='bbox 1157 4447 1569 4502; x_wconf 79' lang='lat' dir='ltr'><strong>Fornicationem</strong></span> <span class='ocrx_word' id='word_1_365' title='bbox 1589 4464 1608 4503; x_wconf 88' lang='lat'><strong><em>:</em></strong></span> <span class='ocrx_word' id='word_1_366' title='bbox 1633 4458 1687 4502; x_wconf 92' lang='lat' dir='ltr'><strong>et</strong></span> <span class='ocrx_word' id='word_1_367' title='bbox 1714 4447 1816 4503; x_wconf 92' lang='lat' dir='ltr'><strong>hoc</strong></span> <span class='ocrx_word' id='word_1_368' title='bbox 1840 4447 1952 4503; x_wconf 90' lang='lat' dir='ltr'><strong>fere</strong></span> <span class='ocrx_word' id='word_1_369' title='bbox 1982 4448 2106 4504; x_wconf 81' lang='lat' dir='ltr'><strong>facit</strong></span> 
     </span>
    </p>
   </div>
   <div class='ocr_carea' id='block_1_46' title="bbox 535 4539 2103 4615">
    <p class='ocr_par' dir='ltr' id='par_1_46' title="bbox 535 4539 2103 4615">
     <span class='ocr_line' id='line_1_46' title="bbox 535 4539 2103 4615; baseline 0.002 -21"><span class='ocrx_word' id='word_1_370' title='bbox 535 4541 748 4610; x_wconf 90' lang='lat' dir='ltr'><strong>ubique.</strong></span> <span class='ocrx_word' id='word_1_371' title='bbox 777 4540 1039 4606; x_wconf 85' lang='lat' dir='ltr'><strong>Quoniam</strong></span> <span class='ocrx_word' id='word_1_372' title='bbox 1086 4539 1187 4594; x_wconf 90' lang='lat' dir='ltr'><strong>hoc</strong></span> <span class='ocrx_word' id='word_1_373' title='bbox 1238 4540 1423 4595; x_wconf 88' lang='lat' dir='ltr'><strong>vitium</strong></span> <span class='ocrx_word' id='word_1_374' title='bbox 1474 4540 1705 4595; x_wconf 82' lang='lat' dir='ltr'><strong>maxime</strong></span> <span class='ocrx_word' id='word_1_375' title='bbox 1741 4540 2044 4615; x_wconf 88' lang='lat' dir='ltr'><strong>dominatur</strong></span> <span class='ocrx_word' id='word_1_376' title='bbox 2088 4558 2103 4597; x_wconf 72' lang='grc' dir='ltr'><em>τ</em></span> 
     </span>
    </p>
   </div>
   <div class='ocr_carea' id='block_1_47' title="bbox 534 4629 2106 4699">
    <p class='ocr_par' dir='ltr' id='par_1_47' title="bbox 534 4629 2106 4699">
     <span class='ocr_line' id='line_1_47' title="bbox 534 4629 2106 4699; baseline 0 -14"><span class='ocrx_word' id='word_1_377' title='bbox 534 4632 776 4686; x_wconf 89' lang='lat' dir='ltr'><strong>scribens</strong></span> <span class='ocrx_word' id='word_1_378' title='bbox 805 4632 947 4684; x_wconf 91' lang='lat' dir='ltr'><strong>enim</strong></span> <span class='ocrx_word' id='word_1_379' title='bbox 994 4631 1045 4683; x_wconf 90' lang='lat' dir='ltr'><strong>in</strong></span> <span class='ocrx_word' id='word_1_380' title='bbox 1076 4629 1305 4699; x_wconf 87' lang='lat' dir='ltr'><strong>Epistola</strong></span> <span class='ocrx_word' id='word_1_381' title='bbox 1332 4629 1398 4685; x_wconf 90' lang='lat' dir='ltr'><strong>ad</strong></span> <span class='ocrx_word' id='word_1_382' title='bbox 1426 4630 1931 4687; x_wconf 89' lang='lat' dir='ltr'><strong>Thessalonicenses</strong></span> <span class='ocrx_word' id='word_1_383' title='bbox 1958 4672 1974 4698; x_wconf 94' lang='lat'><strong>,</strong></span> <span class='ocrx_word' id='word_1_384' title='bbox 2004 4632 2106 4686; x_wconf 87' lang='lat' dir='ltr'><strong>hoc</strong></span> 
     </span>
    </p>
   </div>
   <div class='ocr_carea' id='block_1_48' title="bbox 535 4718 2101 4823">
    <p class='ocr_par' dir='ltr' id='par_1_48' title="bbox 535 4718 2101 4823">
     <span class='ocr_line' id='line_1_48' title="bbox 535 4718 2101 4823; baseline 0.001 -49"><span class='ocrx_word' id='word_1_385' title='bbox 535 4721 677 4823; x_wconf 47' lang='grc' dir='ltr'><strong>[οφ.</strong></span> <span class='ocrx_word' id='word_1_386' title='bbox 713 4720 779 4774; x_wconf 85' lang='lat' dir='ltr'><strong>Et</strong></span> <span class='ocrx_word' id='word_1_387' title='bbox 821 4720 945 4789; x_wconf 89' lang='lat' dir='ltr'><strong>quid</strong></span> <span class='ocrx_word' id='word_1_388' title='bbox 993 4718 1207 4784; x_wconf 89' lang='lat' dir='ltr'><strong>mirum,</strong></span> <span class='ocrx_word' id='word_1_389' title='bbox 1239 4733 1359 4772; x_wconf 88' lang='lat' dir='ltr'><strong>cum</strong></span> <span class='ocrx_word' id='word_1_390' title='bbox 1413 4720 1571 4773; x_wconf 89' lang='lat' dir='ltr'><strong>etiam</strong></span> <span class='ocrx_word' id='word_1_391' title='bbox 1614 4720 1755 4774; x_wconf 86' lang='lat' dir='ltr'><strong>dicat</strong></span> <span class='ocrx_word' id='word_1_392' title='bbox 1800 4721 2101 4789; x_wconf 88' lang='lat' dir='ltr'><strong>Timotheo,</strong></span> 
     </span>
    </p>
   </div>
   <div class='ocr_carea' id='block_1_49' title="bbox 538 4809 2105 4882">
    <p class='ocr_par' dir='ltr' id='par_1_49' title="bbox 538 4809 2105 4882">
     <span class='ocr_line' id='line_1_49' title="bbox 538 4809 2105 4882; baseline 0.003 -17"><span class='ocrx_word' id='word_1_393' title='bbox 538 4809 772 4880; x_wconf 58' lang='lat' dir='ltr'><strong>Te&#39;tpsum</strong></span> <span class='ocrx_word' id='word_1_394' title='bbox 811 4821 1002 4863; x_wconf 88' lang='lat' dir='ltr'><strong>castum</strong></span> <span class='ocrx_word' id='word_1_395' title='bbox 1053 4810 1246 4863; x_wconf 79' lang='lat' dir='ltr'><strong>custodi</strong></span> <span class='ocrx_word' id='word_1_396' title='bbox 1295 4810 1370 4879; x_wconf 84' lang='lat' dir='ltr'><strong>(i.</strong></span> <span class='ocrx_word' id='word_1_397' title='bbox 1417 4809 1549 4864; x_wconf 89' lang='lat' dir='ltr'><strong>Tim.</strong></span> <span class='ocrx_word' id='word_1_398' title='bbox 1580 4812 1634 4866; x_wconf 81' lang='lat'><strong>5.</strong></span> <span class='ocrx_word' id='word_1_399' title='bbox 1667 4811 1790 4882; x_wconf 66' lang='lat'><strong>22);</strong></span> <span class='ocrx_word' id='word_1_400' title='bbox 1832 4822 1887 4867; x_wconf 87' lang='lat' dir='ltr'><strong>et</strong></span> <span class='ocrx_word' id='word_1_401' title='bbox 1921 4828 2105 4869; x_wconf 88' lang='lat' dir='ltr'><strong>rursus</strong></span> 
     </span>
    </p>
   </div>
   <div class='ocr_carea' id='block_1_50' title="bbox 534 4900 2104 4971">
    <p class='ocr_par' dir='ltr' id='par_1_50' title="bbox 534 4900 2104 4971">
     <span class='ocr_line' id='line_1_50' title="bbox 534 4900 2104 4971; baseline 0.001 -14"><span class='ocrx_word' id='word_1_402' title='bbox 534 4903 657 4957; x_wconf 87' lang='lat' dir='ltr'><strong>alibi</strong></span> <span class='ocrx_word' id='word_1_403' title='bbox 686 4918 700 4957; x_wconf 90' lang='lat'><strong>:</strong></span> <span class='ocrx_word' id='word_1_404' title='bbox 730 4900 917 4955; x_wconf 86' lang='lat' dir='ltr'><strong>Pacem</strong></span> <span class='ocrx_word' id='word_1_405' title='bbox 941 4901 1193 4954; x_wconf 84' lang='lat' dir='ltr'><strong>sectemiui</strong></span> <span class='ocrx_word' id='word_1_406' title='bbox 1234 4917 1351 4954; x_wconf 88' lang='lat' dir='ltr'><strong>cum</strong></span> <span class='ocrx_word' id='word_1_407' title='bbox 1391 4902 1620 4956; x_wconf 85' lang='lat' dir='ltr'><strong>omnibus</strong></span> <span class='ocrx_word' id='word_1_408' title='bbox 1661 4912 1706 4956; x_wconf 87' lang='lat' dir='ltr'><strong>et</strong></span> <span class='ocrx_word' id='word_1_409' title='bbox 1747 4905 2104 4971; x_wconf 80' lang='lat' dir='ltr'><strong>sanctiﬁcatio-</strong></span> 
     </span>
    </p>
   </div>
   <div class='ocr_carea' id='block_1_51' title="bbox 535 4992 2100 5069">
    <p class='ocr_par' dir='ltr' id='par_1_51' title="bbox 535 4992 2100 5069">
     <span class='ocr_line' id='line_1_51' title="bbox 535 4992 2100 5069; baseline 0.003 -20"><span class='ocrx_word' id='word_1_410' title='bbox 535 5011 668 5061; x_wconf 85' lang='lat' dir='ltr'><strong>nem,</strong></span> <span class='ocrx_word' id='word_1_411' title='bbox 700 4996 807 5049; x_wconf 86' lang='lat' dir='ltr'><strong>sine</strong></span> <span class='ocrx_word' id='word_1_412' title='bbox 834 5010 931 5063; x_wconf 85' lang='lat' dir='ltr'><strong>qua</strong></span> <span class='ocrx_word' id='word_1_413' title='bbox 956 4994 1126 5047; x_wconf 87' lang='lat' dir='ltr'><strong>nullus</strong></span> <span class='ocrx_word' id='word_1_414' title='bbox 1146 4993 1325 5046; x_wconf 81' lang='lat' dir='ltr'><strong>videbit</strong></span> <span class='ocrx_word' id='word_1_415' title='bbox 1356 4992 1629 5047; x_wconf 87' lang='lat' dir='ltr'><strong>Dominum</strong></span> <span class='ocrx_word' id='word_1_416' title='bbox 1652 4994 1837 5067; x_wconf 82' lang='lat' dir='ltr'><strong>(Hebr.</strong></span> <span class='ocrx_word' id='word_1_417' title='bbox 1869 4998 1954 5051; x_wconf 75' lang='lat' dir='ltr'><strong>i2.</strong></span> <span class='ocrx_word' id='word_1_418' title='bbox 1986 4999 2100 5069; x_wconf 75' lang='grc'><strong>14).</strong></span> 
     </span>
    </p>
   </div>
   <div class='ocr_carea' id='block_1_52' title="bbox 536 5086 2101 5157">
    <p class='ocr_par' dir='ltr' id='par_1_52' title="bbox 536 5086 2101 5157">
     <span class='ocr_line' id='line_1_52' title="bbox 536 5086 2101 5157; baseline 0.001 -14"><span class='ocrx_word' id='word_1_419' title='bbox 536 5088 864 5156; x_wconf 82' lang='lat' dir='ltr'><strong>Mortiﬁcate,</strong></span> <span class='ocrx_word' id='word_1_420' title='bbox 889 5087 1079 5157; x_wconf 90' lang='lat' dir='ltr'><strong>inquit,</strong></span> <span class='ocrx_word' id='word_1_421' title='bbox 1107 5086 1327 5139; x_wconf 87' lang='lat' dir='ltr'><strong>membra</strong></span> <span class='ocrx_word' id='word_1_422' title='bbox 1350 5096 1529 5141; x_wconf 81' lang='lat' dir='ltr'><strong>vestra.</strong></span> <span class='ocrx_word' id='word_1_423' title='bbox 1554 5087 1704 5155; x_wconf 85' lang='lat' dir='ltr'><strong>Quod</strong></span> <span class='ocrx_word' id='word_1_424' title='bbox 1732 5097 1814 5143; x_wconf 89' lang='lat' dir='ltr'><strong>est</strong></span> <span class='ocrx_word' id='word_1_425' title='bbox 1833 5100 2101 5145; x_wconf 89' lang='lat' dir='ltr'><strong>mortuum</strong></span> 
     </span>
    </p>
   </div>
   <div class='ocr_carea' id='block_1_53' title="bbox 532 5177 2096 5250">
    <p class='ocr_par' dir='ltr' id='par_1_53' title="bbox 532 5177 2096 5250">
     <span class='ocr_line' id='line_1_53' title="bbox 532 5177 2096 5250; baseline -0.001 -15"><span class='ocrx_word' id='word_1_426' title='bbox 532 5179 689 5250; x_wconf 89' lang='lat' dir='ltr'><strong>quale</strong></span> <span class='ocrx_word' id='word_1_427' title='bbox 710 5180 779 5233; x_wconf 90' lang='lat' dir='ltr'><strong>sit</strong></span> <span class='ocrx_word' id='word_1_428' title='bbox 809 5192 912 5232; x_wconf 92' lang='lat' dir='ltr'><strong>non</strong></span> <span class='ocrx_word' id='word_1_429' title='bbox 943 5177 1218 5248; x_wconf 87' lang='lat' dir='ltr'><strong>ignoratis,</strong></span> <span class='ocrx_word' id='word_1_430' title='bbox 1251 5192 1495 5243; x_wconf 89' lang='lat' dir='ltr'><strong>exosum,</strong></span> <span class='ocrx_word' id='word_1_431' title='bbox 1524 5179 1960 5243; x_wconf 89' lang='lat' dir='ltr'><strong>abominandum,</strong></span> <span class='ocrx_word' id='word_1_432' title='bbox 1992 5181 2096 5234; x_wconf 81' lang='lat' dir='ltr'><strong>dif-</strong></span> 
     </span>
    </p>
   </div>
   <div class='ocr_carea' id='block_1_54' title="bbox 533 5269 2095 5336">
    <p class='ocr_par' dir='ltr' id='par_1_54' title="bbox 533 5269 2095 5336">
     <span class='ocr_line' id='line_1_54' title="bbox 533 5269 2095 5336; baseline 0.001 -10"><span class='ocrx_word' id='word_1_433' title='bbox 533 5272 730 5327; x_wconf 80' lang='lat' dir='ltr'><strong>fluens.</strong></span> <span class='ocrx_word' id='word_1_434' title='bbox 770 5270 828 5327; x_wconf 88' lang='lat' dir='ltr'><strong>Si</strong></span> <span class='ocrx_word' id='word_1_435' title='bbox 860 5269 1262 5324; x_wconf 84' lang='lat' dir='ltr'><strong>mortiﬁcaveris</strong></span> <span class='ocrx_word' id='word_1_436' title='bbox 1288 5311 1301 5335; x_wconf 91' lang='lat'><strong>,</strong></span> <span class='ocrx_word' id='word_1_437' title='bbox 1334 5285 1439 5323; x_wconf 92' lang='lat' dir='ltr'><strong>non</strong></span> <span class='ocrx_word' id='word_1_438' title='bbox 1467 5281 1646 5325; x_wconf 88' lang='lat' dir='ltr'><strong>manet</strong></span> <span class='ocrx_word' id='word_1_439' title='bbox 1683 5282 1968 5336; x_wconf 90' lang='lat' dir='ltr'><strong>mortuum,</strong></span> <span class='ocrx_word' id='word_1_440' title='bbox 2003 5274 2095 5328; x_wconf 84' lang='lat' dir='ltr'><strong>sed</strong></span> 
     </span>
    </p>
   </div>
   <div class='ocr_carea' id='block_1_55' title="bbox 534 5361 2099 5435">
    <p class='ocr_par' dir='ltr' id='par_1_55' title="bbox 534 5361 2099 5435">
     <span class='ocr_line' id='line_1_55' title="bbox 534 5361 2099 5435; baseline 0.001 -17"><span class='ocrx_word' id='word_1_441' title='bbox 534 5363 712 5418; x_wconf 80' lang='lat' dir='ltr'><strong>statim</strong></span> <span class='ocrx_word' id='word_1_442' title='bbox 743 5362 1102 5430; x_wconf 89' lang='lat' dir='ltr'><strong>corrumpitur</strong></span> <span class='ocrx_word' id='word_1_443' title='bbox 1125 5370 1176 5416; x_wconf 89' lang='lat' dir='ltr'><strong>et</strong></span> <span class='ocrx_word' id='word_1_444' title='bbox 1202 5361 1381 5416; x_wconf 91' lang='lat' dir='ltr'><strong>interit</strong></span> <span class='ocrx_word' id='word_1_445' title='bbox 1410 5362 1548 5417; x_wconf 90' lang='lat' dir='ltr'><strong>sicut</strong></span> <span class='ocrx_word' id='word_1_446' title='bbox 1571 5378 1783 5435; x_wconf 91' lang='lat' dir='ltr'><strong>corpus.</strong></span> <span class='ocrx_word' id='word_1_447' title='bbox 1807 5364 2099 5435; x_wconf 85' lang='lat' dir='ltr'><strong>Exstingue</strong></span> 
     </span>
    </p>
   </div>
   <div class='ocr_carea' id='block_1_56' title="bbox 535 5454 2099 5526">
    <p class='ocr_par' dir='ltr' id='par_1_56' title="bbox 535 5454 2099 5526">
     <span class='ocr_line' id='line_1_56' title="bbox 535 5454 2099 5526; baseline 0 -15"><span class='ocrx_word' id='word_1_448' title='bbox 535 5470 663 5526; x_wconf 87' lang='lat' dir='ltr'><strong>ergo</strong></span> <span class='ocrx_word' id='word_1_449' title='bbox 714 5455 973 5519; x_wconf 90' lang='lat' dir='ltr'><strong>calorem,</strong></span> <span class='ocrx_word' id='word_1_450' title='bbox 1006 5463 1061 5509; x_wconf 90' lang='lat' dir='ltr'><strong>et</strong></span> <span class='ocrx_word' id='word_1_451' title='bbox 1111 5454 1243 5508; x_wconf 89' lang='lat' dir='ltr'><strong>nihil</strong></span> <span class='ocrx_word' id='word_1_452' title='bbox 1293 5466 1471 5511; x_wconf 90' lang='lat' dir='ltr'><strong>manet</strong></span> <span class='ocrx_word' id='word_1_453' title='bbox 1516 5466 1801 5511; x_wconf 89' lang='lat' dir='ltr'><strong>mortuum.</strong></span> <span class='ocrx_word' id='word_1_454' title='bbox 1855 5457 2099 5512; x_wconf 83' lang='lat' dir='ltr'><strong>Ostendit</strong></span> 
     </span>
    </p>
   </div>
   <div class='ocr_carea' id='block_1_57' title="bbox 535 5546 2095 5621">
    <p class='ocr_par' dir='ltr' id='par_1_57' title="bbox 535 5546 2095 5621">
     <span class='ocr_line' id='line_1_57' title="bbox 535 5546 2095 5621; baseline 0.002 -19"><span class='ocrx_word' id='word_1_455' title='bbox 535 5549 705 5618; x_wconf 91' lang='lat' dir='ltr'><strong>ipsum</strong></span> <span class='ocrx_word' id='word_1_456' title='bbox 736 5548 834 5602; x_wconf 89' lang='lat' dir='ltr'><strong>hoc</strong></span> <span class='ocrx_word' id='word_1_457' title='bbox 861 5546 1053 5611; x_wconf 89' lang='lat' dir='ltr'><strong>facere,</strong></span> <span class='ocrx_word' id='word_1_458' title='bbox 1076 5547 1216 5616; x_wconf 93' lang='lat' dir='ltr'><strong>quod</strong></span> <span class='ocrx_word' id='word_1_459' title='bbox 1239 5546 1483 5602; x_wconf 81' lang='lat' dir='ltr'><strong>Christus</strong></span> <span class='ocrx_word' id='word_1_460' title='bbox 1501 5550 1552 5603; x_wconf 90' lang='lat' dir='ltr'><strong>in</strong></span> <span class='ocrx_word' id='word_1_461' title='bbox 1581 5551 1788 5603; x_wconf 88' lang='lat' dir='ltr'><strong>lavacro</strong></span> <span class='ocrx_word' id='word_1_462' title='bbox 1814 5568 1825 5604; x_wconf 93' lang='lat'>:</span> <span class='ocrx_word' id='word_1_463' title='bbox 1848 5562 2095 5621; x_wconf 85' lang='lat' dir='ltr'><strong>propter-</strong></span> 
     </span>
    </p>
   </div>
   <div class='ocr_carea' id='block_1_58' title="bbox 533 5638 2097 5710">
    <p class='ocr_par' dir='ltr' id='par_1_58' title="bbox 533 5638 2097 5710">
     <span class='ocr_line' id='line_1_58' title="bbox 533 5638 2097 5710; baseline 0.003 -17"><span class='ocrx_word' id='word_1_464' title='bbox 533 5654 597 5693; x_wconf 87' lang='lat' dir='ltr'><strong>ea</strong></span> <span class='ocrx_word' id='word_1_465' title='bbox 638 5638 795 5693; x_wconf 88' lang='lat' dir='ltr'><strong>etiam</strong></span> <span class='ocrx_word' id='word_1_466' title='bbox 832 5639 1068 5692; x_wconf 86' lang='lat' dir='ltr'><strong>membra</strong></span> <span class='ocrx_word' id='word_1_467' title='bbox 1114 5649 1264 5692; x_wconf 89' lang='lat' dir='ltr'><strong>vocat</strong></span> <span class='ocrx_word' id='word_1_468' title='bbox 1297 5658 1309 5693; x_wconf 88' lang='lat'><strong>:</strong></span> <span class='ocrx_word' id='word_1_469' title='bbox 1345 5649 1607 5710; x_wconf 81' lang='lat' dir='ltr'><strong>tamquam</strong></span> <span class='ocrx_word' id='word_1_470' title='bbox 1647 5640 1875 5710; x_wconf 80' lang='lat' dir='ltr'><strong>aliquem</strong></span> <span class='ocrx_word' id='word_1_471' title='bbox 1929 5645 2097 5697; x_wconf 83' lang='lat' dir='ltr'><strong>virum</strong></span> 
     </span>
    </p>
   </div>
   <div class='ocr_carea' id='block_1_59' title="bbox 536 5728 2098 5802">
    <p class='ocr_par' dir='ltr' id='par_1_59' title="bbox 536 5728 2098 5802">
     <span class='ocr_line' id='line_1_59' title="bbox 536 5728 2098 5802; baseline 0.003 -19"><span class='ocrx_word' id='word_1_472' title='bbox 536 5733 724 5785; x_wconf 87' lang='lat' dir='ltr'><strong>fortem</strong></span> <span class='ocrx_word' id='word_1_473' title='bbox 753 5728 1113 5793; x_wconf 90' lang='lat' dir='ltr'><strong>introducens,</strong></span> <span class='ocrx_word' id='word_1_474' title='bbox 1146 5740 1201 5784; x_wconf 92' lang='lat' dir='ltr'><strong>et</strong></span> <span class='ocrx_word' id='word_1_475' title='bbox 1220 5731 1286 5785; x_wconf 92' lang='lat' dir='ltr'><strong>ad</strong></span> <span class='ocrx_word' id='word_1_476' title='bbox 1305 5732 1557 5802; x_wconf 83' lang='lat' dir='ltr'><strong>majorem</strong></span> <span class='ocrx_word' id='word_1_477' title='bbox 1589 5732 1857 5788; x_wconf 83' lang='lat' dir='ltr'><strong>deducens</strong></span> <span class='ocrx_word' id='word_1_478' title='bbox 1875 5734 2098 5802; x_wconf 85' lang='lat' dir='ltr'><strong>empha-</strong></span> 
     </span>
    </p>
   </div>
   <div class='ocr_carea' id='block_1_60' title="bbox 537 5820 2093 5896">
    <p class='ocr_par' dir='ltr' id='par_1_60' title="bbox 537 5820 2093 5896">
     <span class='ocr_line' id='line_1_60' title="bbox 537 5820 2093 5896; baseline 0.004 -19"><span class='ocrx_word' id='word_1_479' title='bbox 537 5824 663 5877; x_wconf 83' lang='lat' dir='ltr'><strong>sim.</strong></span> <span class='ocrx_word' id='word_1_480' title='bbox 692 5820 760 5876; x_wconf 81' lang='lat' dir='ltr'><strong>Et</strong></span> <span class='ocrx_word' id='word_1_481' title='bbox 785 5831 928 5878; x_wconf 89' lang='lat' dir='ltr'><strong>recte</strong></span> <span class='ocrx_word' id='word_1_482' title='bbox 957 5823 1109 5891; x_wconf 81' lang='lat' dir='ltr'><strong>dixit,</strong></span> <span class='ocrx_word' id='word_1_483' title='bbox 1139 5822 1265 5890; x_wconf 79' lang='lat' dir='ltr'><strong>Qua:</strong></span> <span class='ocrx_word' id='word_1_484' title='bbox 1291 5835 1406 5880; x_wconf 86' lang='lat' dir='ltr'><strong>sunt</strong></span> <span class='ocrx_word' id='word_1_485' title='bbox 1431 5841 1581 5896; x_wconf 81' lang='lat' dir='ltr'><strong>super</strong></span> <span class='ocrx_word' id='word_1_486' title='bbox 1605 5834 1787 5881; x_wconf 75' lang='lat' dir='ltr'><strong>tetram</strong></span> <span class='ocrx_word' id='word_1_487' title='bbox 1808 5840 1828 5880; x_wconf 89' lang='lat'><strong><em>:</em></strong></span> <span class='ocrx_word' id='word_1_488' title='bbox 1849 5824 1934 5880; x_wconf 89' lang='lat' dir='ltr'><strong>hic</strong></span> <span class='ocrx_word' id='word_1_489' title='bbox 1950 5827 2093 5885; x_wconf 86' lang='lat' dir='ltr'><strong>enim</strong></span> 
     </span>
    </p>
   </div>
   <div class='ocr_carea' id='block_1_61' title="bbox 1318 397 3089 468">
    <p class='ocr_par' dir='ltr' id='par_1_61' title="bbox 1318 397 3089 468">
     <span class='ocr_line' id='line_1_61' title="bbox 1318 397 3089 468; baseline 0.007 -13"><span class='ocrx_word' id='word_1_490' title='bbox 1318 399 1374 455; x_wconf 90' lang='lat' dir='ltr'><strong>S.</strong></span> <span class='ocrx_word' id='word_1_491' title='bbox 1409 397 1685 455; x_wconf 81' lang='lat' dir='ltr'><strong>JOANNIS</strong></span> <span class='ocrx_word' id='word_1_492' title='bbox 1718 398 2189 456; x_wconf 79' lang='lat' dir='ltr'><strong>CHRYSOSTOMI</strong></span> <span class='ocrx_word' id='word_1_493' title='bbox 2226 401 2541 460; x_wconf 79' lang='lat' dir='ltr'><strong>ARCHIEP.</strong></span> <span class='ocrx_word' id='word_1_494' title='bbox 2580 403 3089 468; x_wconf 83' lang='lat' dir='ltr'><strong>CONSTANTINOP</strong></span> 
     </span>
    </p>
   </div>
   <div class='ocr_carea' id='block_1_62' title="bbox 3704 417 3818 475">
    <p class='ocr_par' dir='ltr' id='par_1_62' title="bbox 3704 417 3818 475">
     <span class='ocr_line' id='line_1_62' title="bbox 3704 417 3818 475; baseline 0 0"><span class='ocrx_word' id='word_1_495' title='bbox 3704 417 3818 475; x_wconf 78' lang='grc'><strong>356</strong></span> 
     </span>
    </p>
   </div>
   <div class='ocr_carea' id='block_1_63' title="bbox 2230 514 3815 594">
    <p class='ocr_par' dir='ltr' id='par_1_63' title="bbox 2230 514 3815 594">
     <span class='ocr_line' id='line_1_63' title="bbox 2230 514 3815 594; baseline 0.011 -27"><span class='ocrx_word' id='word_1_496' title='bbox 2230 526 2465 579; x_wconf 89' lang='lat' dir='ltr'><strong>manent,</strong></span> <span class='ocrx_word' id='word_1_497' title='bbox 2493 524 2545 569; x_wconf 91' lang='lat' dir='ltr'><strong>et</strong></span> <span class='ocrx_word' id='word_1_498' title='bbox 2574 514 2660 572; x_wconf 91' lang='lat' dir='ltr'><strong>hic</strong></span> <span class='ocrx_word' id='word_1_499' title='bbox 2696 518 2865 573; x_wconf 91' lang='lat' dir='ltr'><strong>multo</strong></span> <span class='ocrx_word' id='word_1_500' title='bbox 2888 522 3055 590; x_wconf 85' lang='lat' dir='ltr'><strong>magis</strong></span> <span class='ocrx_word' id='word_1_501' title='bbox 3087 534 3498 594; x_wconf 88' lang='lat' dir='ltr'><strong>corrumpuntur</strong></span> <span class='ocrx_word' id='word_1_502' title='bbox 3544 536 3601 582; x_wconf 87' lang='lat' dir='ltr'><strong>et</strong></span> <span class='ocrx_word' id='word_1_503' title='bbox 3628 527 3815 584; x_wconf 84' lang='lat' dir='ltr'><strong>inter-</strong></span> 
     </span>
    </p>
   </div>
   <div class='ocr_carea' id='block_1_64' title="bbox 2225 607 3803 680">
    <p class='ocr_par' dir='ltr' id='par_1_64' title="bbox 2225 607 3803 680">
     <span class='ocr_line' id='line_1_64' title="bbox 2225 607 3803 680; baseline 0.011 -23"><span class='ocrx_word' id='word_1_504' title='bbox 2225 614 2355 658; x_wconf 87' lang='lat' dir='ltr'><strong>eunt</strong></span> <span class='ocrx_word' id='word_1_505' title='bbox 2378 646 2393 670; x_wconf 94' lang='lat'><strong>,</strong></span> <span class='ocrx_word' id='word_1_506' title='bbox 2423 622 2579 675; x_wconf 91' lang='lat' dir='ltr'><strong>quam</strong></span> <span class='ocrx_word' id='word_1_507' title='bbox 2627 607 2742 663; x_wconf 70' lang='lat' dir='ltr'><strong>haec</strong></span> <span class='ocrx_word' id='word_1_508' title='bbox 2779 611 3036 666; x_wconf 88' lang='lat' dir='ltr'><strong>membra.</strong></span> <span class='ocrx_word' id='word_1_509' title='bbox 3078 613 3433 680; x_wconf 90' lang='lat' dir='ltr'><strong>Quamobrem</strong></span> <span class='ocrx_word' id='word_1_510' title='bbox 3462 633 3565 672; x_wconf 92' lang='lat' dir='ltr'><strong>non</strong></span> <span class='ocrx_word' id='word_1_511' title='bbox 3596 630 3686 674; x_wconf 88' lang='lat' dir='ltr'><strong>est</strong></span> <span class='ocrx_word' id='word_1_512' title='bbox 3717 622 3803 674; x_wconf 87' lang='lat' dir='ltr'><strong>sic</strong></span> 
     </span>
    </p>
   </div>
   <div class='ocr_carea' id='block_1_65' title="bbox 2223 701 3815 773">
    <p class='ocr_par' dir='ltr' id='par_1_65' title="bbox 2223 701 3815 773">
     <span class='ocr_line' id='line_1_65' title="bbox 2223 701 3815 773; baseline 0.008 -24"><span class='ocrx_word' id='word_1_513' title='bbox 2223 709 2416 766; x_wconf 89' lang='lat' dir='ltr'><strong>corpus</strong></span> <span class='ocrx_word' id='word_1_514' title='bbox 2442 712 2471 751; x_wconf 91' lang='lat' dir='ltr'><strong>a</strong></span> <span class='ocrx_word' id='word_1_515' title='bbox 2515 708 2652 754; x_wconf 88' lang='lat' dir='ltr'><strong>terra</strong></span> <span class='ocrx_word' id='word_1_516' title='bbox 2674 735 2693 765; x_wconf 82' lang='lat'><strong>.</strong></span> <span class='ocrx_word' id='word_1_517' title='bbox 2720 701 2855 757; x_wconf 89' lang='lat' dir='ltr'><strong>sicut</strong></span> <span class='ocrx_word' id='word_1_518' title='bbox 2879 714 3155 773; x_wconf 87' lang='lat' dir='ltr'><strong>peccatum</strong></span> <span class='ocrx_word' id='word_1_519' title='bbox 3183 718 3266 760; x_wconf 89' lang='lat' dir='ltr'><strong>est</strong></span> <span class='ocrx_word' id='word_1_520' title='bbox 3310 718 3563 765; x_wconf 86' lang='lat' dir='ltr'><strong>terrestre</strong></span> <span class='ocrx_word' id='word_1_521' title='bbox 3614 728 3627 763; x_wconf 88' lang='lat'>:</span> <span class='ocrx_word' id='word_1_522' title='bbox 3675 726 3815 765; x_wconf 82' lang='lat' dir='ltr'><strong>nam</strong></span> 
     </span>
    </p>
   </div>
   <div class='ocr_carea' id='block_1_66' title="bbox 2223 788 3814 865">
    <p class='ocr_par' dir='ltr' id='par_1_66' title="bbox 2223 788 3814 865">
     <span class='ocr_line' id='line_1_66' title="bbox 2223 788 3814 865; baseline 0.009 -25"><span class='ocrx_word' id='word_1_523' title='bbox 2223 799 2419 855; x_wconf 88' lang='lat' dir='ltr'><strong>corpus</strong></span> <span class='ocrx_word' id='word_1_524' title='bbox 2464 788 2750 860; x_wconf 88' lang='lat' dir='ltr'><strong>aliquando</strong></span> <span class='ocrx_word' id='word_1_525' title='bbox 2790 794 3005 863; x_wconf 90' lang='lat' dir='ltr'><strong>quidem</strong></span> <span class='ocrx_word' id='word_1_526' title='bbox 3046 796 3322 865; x_wconf 89' lang='lat' dir='ltr'><strong>pulchrum</strong></span> <span class='ocrx_word' id='word_1_527' title='bbox 3375 802 3613 855; x_wconf 85' lang='lat' dir='ltr'><strong>cernitur</strong></span> <span class='ocrx_word' id='word_1_528' title='bbox 3657 820 3673 855; x_wconf 86' lang='lat'><strong>:</strong></span> <span class='ocrx_word' id='word_1_529' title='bbox 3713 803 3814 856; x_wconf 71' lang='lat' dir='ltr'><strong>illa</strong></span> 
     </span>
    </p>
   </div>
   <div class='ocr_carea' id='block_1_67' title="bbox 2222 882 3813 959">
    <p class='ocr_par' dir='ltr' id='par_1_67' title="bbox 2222 882 3813 959">
     <span class='ocr_line' id='line_1_67' title="bbox 2222 882 3813 959; baseline 0.01 -29"><span class='ocrx_word' id='word_1_530' title='bbox 2222 886 2400 932; x_wconf 89' lang='lat' dir='ltr'><strong>autem</strong></span> <span class='ocrx_word' id='word_1_531' title='bbox 2442 894 2750 950; x_wconf 90' lang='lat' dir='ltr'><strong>numquam.</strong></span> <span class='ocrx_word' id='word_1_532' title='bbox 2782 882 2850 937; x_wconf 84' lang='lat' dir='ltr'><strong>Et</strong></span> <span class='ocrx_word' id='word_1_533' title='bbox 2874 884 3051 939; x_wconf 87' lang='lat' dir='ltr'><strong>omnia</strong></span> <span class='ocrx_word' id='word_1_534' title='bbox 3093 902 3212 956; x_wconf 66' lang='lat' dir='ltr'><strong>qua:</strong></span> <span class='ocrx_word' id='word_1_535' title='bbox 3238 897 3361 942; x_wconf 92' lang='lat' dir='ltr'><strong>sunt</strong></span> <span class='ocrx_word' id='word_1_536' title='bbox 3404 905 3568 959; x_wconf 85' lang='lat' dir='ltr'><strong>super</strong></span> <span class='ocrx_word' id='word_1_537' title='bbox 3595 900 3813 946; x_wconf 79' lang='lat' dir='ltr'><strong>terram</strong></span> 
     </span>
    </p>
   </div>
   <div class='ocr_carea' id='block_1_68' title="bbox 2223 967 3813 1046">
    <p class='ocr_par' dir='ltr' id='par_1_68' title="bbox 2223 967 3813 1046">
     <span class='ocr_line' id='line_1_68' title="bbox 2223 967 3813 1046; baseline 0.011 -27"><span class='ocrx_word' id='word_1_538' title='bbox 2223 967 2607 1037; x_wconf 88' lang='lat' dir='ltr'><strong>concupiscunt</strong></span> <span class='ocrx_word' id='word_1_539' title='bbox 2638 968 2752 1026; x_wconf 72' lang='lat' dir='ltr'><strong>haec</strong></span> <span class='ocrx_word' id='word_1_540' title='bbox 2777 975 3036 1028; x_wconf 89' lang='lat' dir='ltr'><strong>membra.</strong></span> <span class='ocrx_word' id='word_1_541' title='bbox 3067 975 3122 1030; x_wconf 88' lang='lat' dir='ltr'><strong>Si</strong></span> <span class='ocrx_word' id='word_1_542' title='bbox 3156 977 3278 1031; x_wconf 91' lang='lat' dir='ltr'><strong>talis</strong></span> <span class='ocrx_word' id='word_1_543' title='bbox 3319 978 3387 1033; x_wconf 91' lang='lat' dir='ltr'><strong>sit</strong></span> <span class='ocrx_word' id='word_1_544' title='bbox 3426 981 3635 1046; x_wconf 88' lang='lat' dir='ltr'><strong>oculus,</strong></span> <span class='ocrx_word' id='word_1_545' title='bbox 3694 999 3813 1037; x_wconf 85' lang='lat' dir='ltr'><strong>non</strong></span> 
     </span>
    </p>
   </div>
   <div class='ocr_carea' id='block_1_69' title="bbox 2225 1055 3815 1143">
    <p class='ocr_par' dir='ltr' id='par_1_69' title="bbox 2225 1055 3815 1143">
     <span class='ocr_line' id='line_1_69' title="bbox 2225 1055 3815 1143; baseline 0.013 -33"><span class='ocrx_word' id='word_1_546' title='bbox 2225 1055 2373 1112; x_wconf 88' lang='lat' dir='ltr'><strong>videt</strong></span> <span class='ocrx_word' id='word_1_547' title='bbox 2396 1074 2517 1128; x_wconf 80' lang='lat' dir='ltr'><strong>qua:</strong></span> <span class='ocrx_word' id='word_1_548' title='bbox 2536 1071 2661 1116; x_wconf 89' lang='lat' dir='ltr'><strong>sunt</strong></span> <span class='ocrx_word' id='word_1_549' title='bbox 2685 1062 2738 1116; x_wconf 90' lang='lat' dir='ltr'><strong>in</strong></span> <span class='ocrx_word' id='word_1_550' title='bbox 2761 1065 2924 1128; x_wconf 68' lang='lat' dir='ltr'><strong>caelis,</strong></span> <span class='ocrx_word' id='word_1_551' title='bbox 2944 1066 3164 1130; x_wconf 86' lang='lat' dir='ltr'><strong>siauris,</strong></span> <span class='ocrx_word' id='word_1_552' title='bbox 3194 1069 3238 1122; x_wconf 89' lang='lat' dir='ltr'><strong>si</strong></span> <span class='ocrx_word' id='word_1_553' title='bbox 3268 1084 3455 1125; x_wconf 90' lang='lat' dir='ltr'><strong>manus</strong></span> <span class='ocrx_word' id='word_1_554' title='bbox 3469 1113 3484 1137; x_wconf 95' lang='lat'><strong>,</strong></span> <span class='ocrx_word' id='word_1_555' title='bbox 3505 1073 3551 1126; x_wconf 92' lang='lat' dir='ltr'><strong>si</strong></span> <span class='ocrx_word' id='word_1_556' title='bbox 3568 1075 3815 1143; x_wconf 76' lang='lat' dir='ltr'><strong>quodvis</strong></span> 
     </span>
    </p>
   </div>
   <div class='ocr_carea' id='block_1_70' title="bbox 2224 1150 3813 1234">
    <p class='ocr_par' dir='ltr' id='par_1_70' title="bbox 2224 1150 3813 1234">
     <span class='ocr_line' id='line_1_70' title="bbox 2224 1150 3813 1234; baseline 0.009 -32"><span class='ocrx_word' id='word_1_557' title='bbox 2224 1150 2523 1206; x_wconf 88' lang='lat' dir='ltr'><strong>membrum</strong></span> <span class='ocrx_word' id='word_1_558' title='bbox 2573 1153 2792 1209; x_wconf 82' lang='lat' dir='ltr'><strong>dixeris.</strong></span> <span class='ocrx_word' id='word_1_559' title='bbox 2844 1154 3042 1212; x_wconf 87' lang='lat' dir='ltr'><strong>Oculus</strong></span> <span class='ocrx_word' id='word_1_560' title='bbox 3090 1158 3232 1214; x_wconf 88' lang='lat' dir='ltr'><strong>videt</strong></span> <span class='ocrx_word' id='word_1_561' title='bbox 3282 1176 3527 1231; x_wconf 86' lang='lat' dir='ltr'><strong>corpora,</strong></span> <span class='ocrx_word' id='word_1_562' title='bbox 3569 1174 3623 1218; x_wconf 90' lang='lat' dir='ltr'><strong>et</strong></span> <span class='ocrx_word' id='word_1_563' title='bbox 3678 1167 3813 1234; x_wconf 74' lang='lat' dir='ltr'><strong>pul-</strong></span> 
     </span>
    </p>
   </div>
   <div class='ocr_carea' id='block_1_71' title="bbox 2220 1240 3813 1321">
    <p class='ocr_par' dir='ltr' id='par_1_71' title="bbox 2220 1240 3813 1321">
     <span class='ocr_line' id='line_1_71' title="bbox 2220 1240 3813 1321; baseline 0.011 -26"><span class='ocrx_word' id='word_1_564' title='bbox 2220 1240 2571 1313; x_wconf 88' lang='lat' dir='ltr'><strong>chritudines,</strong></span> <span class='ocrx_word' id='word_1_565' title='bbox 2600 1256 2655 1302; x_wconf 88' lang='lat' dir='ltr'><strong>et</strong></span> <span class='ocrx_word' id='word_1_566' title='bbox 2702 1247 2893 1318; x_wconf 84' lang='lat' dir='ltr'><strong>figuras</strong></span> <span class='ocrx_word' id='word_1_567' title='bbox 2923 1249 3020 1305; x_wconf 86' lang='lat' dir='ltr'><strong>has</strong></span> <span class='ocrx_word' id='word_1_568' title='bbox 3065 1267 3185 1321; x_wconf 66' lang='lat' dir='ltr'><strong>quae</strong></span> <span class='ocrx_word' id='word_1_569' title='bbox 3233 1266 3359 1308; x_wconf 87' lang='lat' dir='ltr'><strong>sunt</strong></span> <span class='ocrx_word' id='word_1_570' title='bbox 3397 1270 3463 1310; x_wconf 81' lang='lat' dir='ltr'><strong>ex</strong></span> <span class='ocrx_word' id='word_1_571' title='bbox 3496 1266 3681 1321; x_wconf 85' lang='lat' dir='ltr'><strong>terra;</strong></span> <span class='ocrx_word' id='word_1_572' title='bbox 3721 1258 3813 1313; x_wconf 79' lang='lat' dir='ltr'><strong>his</strong></span> 
     </span>
    </p>
   </div>
   <div class='ocr_carea' id='block_1_72' title="bbox 2220 1330 3813 1406">
    <p class='ocr_par' dir='ltr' id='par_1_72' title="bbox 2220 1330 3813 1406">
     <span class='ocr_line' id='line_1_72' title="bbox 2220 1330 3813 1406; baseline 0.01 -19"><span class='ocrx_word' id='word_1_573' title='bbox 2220 1330 2514 1389; x_wconf 89' lang='lat' dir='ltr'><strong>delectatur</strong></span> <span class='ocrx_word' id='word_1_574' title='bbox 2543 1353 2559 1403; x_wconf 93' lang='lat'><strong>;</strong></span> <span class='ocrx_word' id='word_1_575' title='bbox 2592 1338 2738 1393; x_wconf 86' lang='lat' dir='ltr'><strong>auris</strong></span> <span class='ocrx_word' id='word_1_576' title='bbox 2773 1340 2919 1394; x_wconf 90' lang='lat' dir='ltr'><strong>molli</strong></span> <span class='ocrx_word' id='word_1_577' title='bbox 2957 1351 3139 1406; x_wconf 83' lang='lat' dir='ltr'><strong>cantu,</strong></span> <span class='ocrx_word' id='word_1_578' title='bbox 3166 1343 3369 1398; x_wconf 88' lang='lat' dir='ltr'><strong>cithara</strong></span> <span class='ocrx_word' id='word_1_579' title='bbox 3415 1356 3472 1400; x_wconf 90' lang='lat' dir='ltr'><strong>et</strong></span> <span class='ocrx_word' id='word_1_580' title='bbox 3506 1347 3718 1405; x_wconf 81' lang='lat' dir='ltr'><strong>ﬁstula.</strong></span> <span class='ocrx_word' id='word_1_581' title='bbox 3752 1362 3813 1403; x_wconf 80' lang='lat' dir='ltr'><strong>es</strong></span> 
     </span>
    </p>
   </div>
   <div class='ocr_carea' id='block_1_73' title="bbox 2221 1424 3811 1494">
    <p class='ocr_par' dir='ltr' id='par_1_73' title="bbox 2221 1424 3811 1494">
     <span class='ocr_line' id='line_1_73' title="bbox 2221 1424 3811 1494; baseline 0.011 -17"><span class='ocrx_word' id='word_1_582' title='bbox 2221 1424 2360 1494; x_wconf 88' lang='lat' dir='ltr'><strong>turpi</strong></span> <span class='ocrx_word' id='word_1_583' title='bbox 2387 1440 2635 1483; x_wconf 87' lang='lat' dir='ltr'><strong>sermone</strong></span> <span class='ocrx_word' id='word_1_584' title='bbox 2668 1449 2681 1484; x_wconf 90' lang='lat'><strong>:</strong></span> <span class='ocrx_word' id='word_1_585' title='bbox 2713 1428 2830 1485; x_wconf 63' lang='lat' dir='ltr'><strong>haec</strong></span> <span class='ocrx_word' id='word_1_586' title='bbox 2853 1440 3033 1486; x_wconf 87' lang='lat' dir='ltr'><strong>autem</strong></span> <span class='ocrx_word' id='word_1_587' title='bbox 3062 1441 3188 1487; x_wconf 89' lang='lat' dir='ltr'><strong>sunt</strong></span> <span class='ocrx_word' id='word_1_588' title='bbox 3219 1434 3359 1489; x_wconf 84' lang='lat' dir='ltr'><strong>circa</strong></span> <span class='ocrx_word' id='word_1_589' title='bbox 3385 1447 3604 1491; x_wconf 83' lang='lat' dir='ltr'><strong>terram.</strong></span> <span class='ocrx_word' id='word_1_590' title='bbox 3634 1438 3811 1493; x_wconf 76' lang='lat' dir='ltr'><strong>Poss-</strong></span> 
     </span>
    </p>
   </div>
   <div class='ocr_carea' id='block_1_74' title="bbox 2220 1522 3809 1600">
    <p class='ocr_par' dir='ltr' id='par_1_74' title="bbox 2220 1522 3809 1600">
     <span class='ocr_line' id='line_1_74' title="bbox 2220 1522 3809 1600; baseline 0.012 -31"><span class='ocrx_word' id='word_1_591' title='bbox 2220 1530 2380 1585; x_wconf 90' lang='lat' dir='ltr'><strong>quam</strong></span> <span class='ocrx_word' id='word_1_592' title='bbox 2429 1533 2557 1590; x_wconf 89' lang='lat' dir='ltr'><strong>ergo</strong></span> <span class='ocrx_word' id='word_1_593' title='bbox 2608 1522 2853 1591; x_wconf 80' lang='lat' dir='ltr'><strong>superius</strong></span> <span class='ocrx_word' id='word_1_594' title='bbox 2880 1539 2976 1579; x_wconf 88' lang='lat' dir='ltr'><strong>eos</strong></span> <span class='ocrx_word' id='word_1_595' title='bbox 3019 1526 3293 1582; x_wconf 90' lang='lat' dir='ltr'><strong>collocarit</strong></span> <span class='ocrx_word' id='word_1_596' title='bbox 3317 1529 3467 1597; x_wconf 80' lang='lat' dir='ltr'><strong>juxta</strong></span> <span class='ocrx_word' id='word_1_597' title='bbox 3495 1529 3759 1587; x_wconf 87' lang='lat' dir='ltr'><strong>thronum</strong></span> <span class='ocrx_word' id='word_1_598' title='bbox 3790 1576 3809 1600; x_wconf 87' lang='lat'><strong>,</strong></span> 
     </span>
    </p>
   </div>
   <div class='ocr_carea' id='block_1_75' title="bbox 2220 1606 3815 1693">
    <p class='ocr_par' dir='ltr' id='par_1_75' title="bbox 2220 1606 3815 1693">
     <span class='ocr_line' id='line_1_75' title="bbox 2220 1606 3815 1693; baseline 0.011 -33"><span class='ocrx_word' id='word_1_599' title='bbox 2220 1613 2345 1662; x_wconf 85' lang='lat' dir='ltr'><strong>tunc</strong></span> <span class='ocrx_word' id='word_1_600' title='bbox 2367 1606 2516 1676; x_wconf 90' lang='lat' dir='ltr'><strong>dicit,</strong></span> <span class='ocrx_word' id='word_1_601' title='bbox 2549 1609 2856 1681; x_wconf 78' lang='lat' dir='ltr'><strong>Mortiﬁcate</strong></span> <span class='ocrx_word' id='word_1_602' title='bbox 2897 1617 3117 1670; x_wconf 86' lang='lat' dir='ltr'><strong>membra</strong></span> <span class='ocrx_word' id='word_1_603' title='bbox 3149 1628 3310 1672; x_wconf 76' lang='lat' dir='ltr'><strong>vestra</strong></span> <span class='ocrx_word' id='word_1_604' title='bbox 3336 1636 3448 1690; x_wconf 66' lang='lat' dir='ltr'><strong>qua</strong></span> <span class='ocrx_word' id='word_1_605' title='bbox 3480 1631 3603 1675; x_wconf 81' lang='lat' dir='ltr'><strong>sunt</strong></span> <span class='ocrx_word' id='word_1_606' title='bbox 3642 1640 3815 1693; x_wconf 73' lang='lat' dir='ltr'><strong>super</strong></span> 
     </span>
    </p>
   </div>
   <div class='ocr_carea' id='block_1_76' title="bbox 2220 1698 3806 1776">
    <p class='ocr_par' dir='ltr' id='par_1_76' title="bbox 2220 1698 3806 1776">
     <span class='ocr_line' id='line_1_76' title="bbox 2220 1698 3806 1776; baseline 0.014 -27"><span class='ocrx_word' id='word_1_607' title='bbox 2220 1704 2423 1752; x_wconf 84' lang='lat' dir='ltr'><strong>terram.</strong></span> <span class='ocrx_word' id='word_1_608' title='bbox 2456 1698 2572 1755; x_wconf 84' lang='lat' dir='ltr'><strong>Non</strong></span> <span class='ocrx_word' id='word_1_609' title='bbox 2603 1702 2725 1757; x_wconf 90' lang='lat' dir='ltr'><strong>licet</strong></span> <span class='ocrx_word' id='word_1_610' title='bbox 2747 1713 2890 1759; x_wconf 87' lang='lat' dir='ltr'><strong>stare</strong></span> <span class='ocrx_word' id='word_1_611' title='bbox 2917 1708 3162 1776; x_wconf 91' lang='lat' dir='ltr'><strong>superius</strong></span> <span class='ocrx_word' id='word_1_612' title='bbox 3206 1725 3330 1765; x_wconf 86' lang='lat' dir='ltr'><strong>cum</strong></span> <span class='ocrx_word' id='word_1_613' title='bbox 3368 1710 3452 1766; x_wconf 91' lang='lat' dir='ltr'><strong>his</strong></span> <span class='ocrx_word' id='word_1_614' title='bbox 3490 1714 3761 1769; x_wconf 86' lang='lat' dir='ltr'><strong>membris</strong></span> <span class='ocrx_word' id='word_1_615' title='bbox 3791 1735 3806 1771; x_wconf 89' lang='lat'><strong>:</strong></span> 
     </span>
    </p>
   </div>
   <div class='ocr_carea' id='block_1_77' title="bbox 2219 1791 3809 1872">
    <p class='ocr_par' dir='ltr' id='par_1_77' title="bbox 2219 1791 3809 1872">
     <span class='ocr_line' id='line_1_77' title="bbox 2219 1791 3809 1872; baseline 0.015 -32"><span class='ocrx_word' id='word_1_616' title='bbox 2219 1800 2326 1841; x_wconf 91' lang='lat' dir='ltr'><strong>non</strong></span> <span class='ocrx_word' id='word_1_617' title='bbox 2354 1797 2437 1843; x_wconf 91' lang='lat' dir='ltr'><strong>est</strong></span> <span class='ocrx_word' id='word_1_618' title='bbox 2463 1791 2605 1846; x_wconf 91' lang='lat' dir='ltr'><strong>enim</strong></span> <span class='ocrx_word' id='word_1_619' title='bbox 2631 1793 2739 1849; x_wconf 91' lang='lat' dir='ltr'><strong>illic</strong></span> <span class='ocrx_word' id='word_1_620' title='bbox 2764 1796 2819 1849; x_wconf 90' lang='lat' dir='ltr'><strong>in</strong></span> <span class='ocrx_word' id='word_1_621' title='bbox 2844 1797 2984 1866; x_wconf 90' lang='lat' dir='ltr'><strong>quod</strong></span> <span class='ocrx_word' id='word_1_622' title='bbox 3014 1812 3077 1853; x_wconf 92' lang='lat' dir='ltr'><strong>ea</strong></span> <span class='ocrx_word' id='word_1_623' title='bbox 3101 1803 3309 1869; x_wconf 88' lang='lat' dir='ltr'><strong>operari</strong></span> <span class='ocrx_word' id='word_1_624' title='bbox 3336 1814 3569 1872; x_wconf 90' lang='lat' dir='ltr'><strong>oportet.</strong></span> <span class='ocrx_word' id='word_1_625' title='bbox 3600 1805 3667 1861; x_wconf 79' lang='lat' dir='ltr'><strong>Et</strong></span> <span class='ocrx_word' id='word_1_626' title='bbox 3698 1807 3809 1864; x_wconf 88' lang='lat' dir='ltr'><strong>hoc</strong></span> 
     </span>
    </p>
   </div>
   <div class='ocr_carea' id='block_1_78' title="bbox 2218 1878 3807 1962">
    <p class='ocr_par' dir='ltr' id='par_1_78' title="bbox 2218 1878 3807 1962">
     <span class='ocr_line' id='line_1_78' title="bbox 2218 1878 3807 1962; baseline 0.014 -29"><span class='ocrx_word' id='word_1_627' title='bbox 2218 1878 2387 1935; x_wconf 90' lang='lat' dir='ltr'><strong>lutum</strong></span> <span class='ocrx_word' id='word_1_628' title='bbox 2415 1891 2497 1937; x_wconf 89' lang='lat' dir='ltr'><strong>est</strong></span> <span class='ocrx_word' id='word_1_629' title='bbox 2524 1884 2617 1939; x_wconf 90' lang='lat' dir='ltr'><strong>illo</strong></span> <span class='ocrx_word' id='word_1_630' title='bbox 2647 1886 2796 1956; x_wconf 84' lang='lat' dir='ltr'><strong>pejus</strong></span> <span class='ocrx_word' id='word_1_631' title='bbox 2822 1906 2836 1941; x_wconf 90' lang='lat'><strong>:</strong></span> <span class='ocrx_word' id='word_1_632' title='bbox 2867 1904 2988 1944; x_wconf 89' lang='lat' dir='ltr'><strong>nam</strong></span> <span class='ocrx_word' id='word_1_633' title='bbox 3020 1892 3150 1947; x_wconf 90' lang='lat' dir='ltr'><strong>illud</strong></span> <span class='ocrx_word' id='word_1_634' title='bbox 3171 1894 3381 1962; x_wconf 85' lang='lat' dir='ltr'><strong>quidem</strong></span> <span class='ocrx_word' id='word_1_635' title='bbox 3411 1896 3583 1952; x_wconf 88' lang='lat' dir='ltr'><strong>lutum</strong></span> <span class='ocrx_word' id='word_1_636' title='bbox 3612 1899 3672 1953; x_wconf 87' lang='lat' dir='ltr'><strong>ﬁt</strong></span> <span class='ocrx_word' id='word_1_637' title='bbox 3709 1916 3807 1955; x_wconf 87' lang='lat' dir='ltr'><strong>an-</strong></span> 
     </span>
    </p>
   </div>
   <div class='ocr_carea' id='block_1_79' title="bbox 2216 1972 3809 2053">
    <p class='ocr_par' dir='ltr' id='par_1_79' title="bbox 2216 1972 3809 2053">
     <span class='ocr_line' id='line_1_79' title="bbox 2216 1972 3809 2053; baseline 0.014 -29"><span class='ocrx_word' id='word_1_638' title='bbox 2216 1987 2335 2026; x_wconf 86' lang='lat' dir='ltr'><strong>rum</strong></span> <span class='ocrx_word' id='word_1_639' title='bbox 2361 1990 2375 2039; x_wconf 92' lang='lat'><strong>;</strong></span> <span class='ocrx_word' id='word_1_640' title='bbox 2412 1972 2620 2044; x_wconf 86' lang='lat' dir='ltr'><strong>Oportet</strong></span> <span class='ocrx_word' id='word_1_641' title='bbox 2662 1980 2794 2032; x_wconf 87' lang='lat' dir='ltr'><strong>enim</strong></span> <span class='ocrx_word' id='word_1_642' title='bbox 2817 2021 2831 2043; x_wconf 87' lang='lat'><strong>,</strong></span> <span class='ocrx_word' id='word_1_643' title='bbox 2862 1981 3069 2051; x_wconf 88' lang='lat' dir='ltr'><strong>inquit,</strong></span> <span class='ocrx_word' id='word_1_644' title='bbox 3102 1986 3423 2053; x_wconf 83' lang='lat' dir='ltr'><strong>corruptibile</strong></span> <span class='ocrx_word' id='word_1_645' title='bbox 3464 1989 3562 2043; x_wconf 79' lang='lat' dir='ltr'><strong>hoc</strong></span> <span class='ocrx_word' id='word_1_646' title='bbox 3588 1991 3809 2046; x_wconf 78' lang='lat' dir='ltr'><strong>induere</strong></span> 
     </span>
    </p>
   </div>
   <div class='ocr_carea' id='block_1_80' title="bbox 2218 2064 3805 2147">
    <p class='ocr_par' dir='ltr' id='par_1_80' title="bbox 2218 2064 3805 2147">
     <span class='ocr_line' id='line_1_80' title="bbox 2218 2064 3805 2147; baseline 0.014 -31"><span class='ocrx_word' id='word_1_647' title='bbox 2218 2064 2644 2138; x_wconf 83' lang='lat' dir='ltr'><strong>incorruptionem</strong></span> <span class='ocrx_word' id='word_1_648' title='bbox 2671 2072 2749 2139; x_wconf 87' lang='grc'><strong>(1.</strong></span> <span class='ocrx_word' id='word_1_649' title='bbox 2777 2075 2900 2127; x_wconf 70' lang='lat' dir='ltr'><strong>Cor.</strong></span> <span class='ocrx_word' id='word_1_650' title='bbox 2943 2076 3031 2130; x_wconf 86' lang='grc'><strong>15.</strong></span> <span class='ocrx_word' id='word_1_651' title='bbox 3063 2076 3155 2147; x_wconf 79' lang='grc'><strong>53)</strong></span> <span class='ocrx_word' id='word_1_652' title='bbox 3197 2092 3211 2129; x_wconf 91' lang='lat'><strong>:</strong></span> <span class='ocrx_word' id='word_1_653' title='bbox 3256 2078 3358 2134; x_wconf 89' lang='lat' dir='ltr'><strong>hoc</strong></span> <span class='ocrx_word' id='word_1_654' title='bbox 3402 2092 3583 2137; x_wconf 89' lang='lat' dir='ltr'><strong>autem</strong></span> <span class='ocrx_word' id='word_1_655' title='bbox 3624 2083 3805 2138; x_wconf 87' lang='lat' dir='ltr'><strong>lutum</strong></span> 
     </span>
    </p>
   </div>
   <div class='ocr_carea' id='block_1_81' title="bbox 2217 2163 3805 2238">
    <p class='ocr_par' dir='ltr' id='par_1_81' title="bbox 2217 2163 3805 2238">
     <span class='ocr_line' id='line_1_81' title="bbox 2217 2163 3805 2238; baseline 0.014 -28"><span class='ocrx_word' id='word_1_656' title='bbox 2217 2171 2323 2211; x_wconf 91' lang='lat' dir='ltr'><strong>non</strong></span> <span class='ocrx_word' id='word_1_657' title='bbox 2350 2168 2525 2228; x_wconf 91' lang='lat' dir='ltr'><strong>potest</strong></span> <span class='ocrx_word' id='word_1_658' title='bbox 2552 2176 2734 2217; x_wconf 88' lang='lat' dir='ltr'><strong>rursus</strong></span> <span class='ocrx_word' id='word_1_659' title='bbox 2759 2163 2903 2219; x_wconf 89' lang='lat' dir='ltr'><strong>fundi</strong></span> <span class='ocrx_word' id='word_1_660' title='bbox 2924 2176 2978 2221; x_wconf 91' lang='lat' dir='ltr'><strong>et</strong></span> <span class='ocrx_word' id='word_1_661' title='bbox 3002 2167 3241 2223; x_wconf 85' lang='lat' dir='ltr'><strong>conflari.</strong></span> <span class='ocrx_word' id='word_1_662' title='bbox 3274 2172 3634 2238; x_wconf 86' lang='lat' dir='ltr'><strong>Quamobrem</strong></span> <span class='ocrx_word' id='word_1_663' title='bbox 3675 2178 3805 2232; x_wconf 70' lang='lat' dir='ltr'><strong>haec</strong></span> 
     </span>
    </p>
   </div>
   <div class='ocr_carea' id='block_1_82' title="bbox 2216 2250 3805 2333">
    <p class='ocr_par' dir='ltr' id='par_1_82' title="bbox 2216 2250 3805 2333">
     <span class='ocr_line' id='line_1_82' title="bbox 2216 2250 3805 2333; baseline 0.013 -31"><span class='ocrx_word' id='word_1_664' title='bbox 2216 2250 2386 2319; x_wconf 90' lang='lat' dir='ltr'><strong>magis</strong></span> <span class='ocrx_word' id='word_1_665' title='bbox 2431 2261 2556 2306; x_wconf 90' lang='lat' dir='ltr'><strong>sunt</strong></span> <span class='ocrx_word' id='word_1_666' title='bbox 2583 2268 2743 2322; x_wconf 89' lang='lat' dir='ltr'><strong>supra</strong></span> <span class='ocrx_word' id='word_1_667' title='bbox 2772 2265 2966 2310; x_wconf 86' lang='lat' dir='ltr'><strong>terram</strong></span> <span class='ocrx_word' id='word_1_668' title='bbox 2988 2298 3003 2322; x_wconf 98' lang='lat'><strong>,</strong></span> <span class='ocrx_word' id='word_1_669' title='bbox 3031 2274 3188 2327; x_wconf 90' lang='lat' dir='ltr'><strong>quam</strong></span> <span class='ocrx_word' id='word_1_670' title='bbox 3217 2260 3325 2314; x_wconf 89' lang='lat' dir='ltr'><strong>illa.</strong></span> <span class='ocrx_word' id='word_1_671' title='bbox 3360 2262 3653 2333; x_wconf 81' lang='lat' dir='ltr'><strong>Propterea</strong></span> <span class='ocrx_word' id='word_1_672' title='bbox 3689 2284 3805 2323; x_wconf 87' lang='lat' dir='ltr'><strong>non</strong></span> 
     </span>
    </p>
   </div>
   <div class='ocr_carea' id='block_1_83' title="bbox 2217 2338 3806 2423">
    <p class='ocr_par' dir='ltr' id='par_1_83' title="bbox 2217 2338 3806 2423">
     <span class='ocr_line' id='line_1_83' title="bbox 2217 2338 3806 2423; baseline 0.012 -31"><span class='ocrx_word' id='word_1_673' title='bbox 2217 2338 2389 2407; x_wconf 88' lang='lat' dir='ltr'><strong>dixit,</strong></span> <span class='ocrx_word' id='word_1_674' title='bbox 2415 2340 2545 2407; x_wconf 75' lang='lat' dir='ltr'><strong>Qua:</strong></span> <span class='ocrx_word' id='word_1_675' title='bbox 2574 2352 2697 2398; x_wconf 90' lang='lat' dir='ltr'><strong>sunt</strong></span> <span class='ocrx_word' id='word_1_676' title='bbox 2725 2359 2756 2399; x_wconf 93' lang='lat' dir='ltr'><strong>e</strong></span> <span class='ocrx_word' id='word_1_677' title='bbox 2787 2355 2948 2412; x_wconf 90' lang='lat' dir='ltr'><strong>terra,</strong></span> <span class='ocrx_word' id='word_1_678' title='bbox 2998 2348 3092 2403; x_wconf 89' lang='lat' dir='ltr'><strong>sed</strong></span> <span class='ocrx_word' id='word_1_679' title='bbox 3112 2390 3127 2415; x_wconf 91' lang='lat'><strong>,</strong></span> <span class='ocrx_word' id='word_1_680' title='bbox 3185 2349 3310 2416; x_wconf 71' lang='lat' dir='ltr'><strong>Quae</strong></span> <span class='ocrx_word' id='word_1_681' title='bbox 3354 2370 3512 2423; x_wconf 81' lang='lat' dir='ltr'><strong>supra</strong></span> <span class='ocrx_word' id='word_1_682' title='bbox 3558 2366 3752 2411; x_wconf 77' lang='lat' dir='ltr'><strong>terram</strong></span> <span class='ocrx_word' id='word_1_683' title='bbox 3786 2374 3806 2410; x_wconf 91' lang='lat'><strong><em>:</em></strong></span> 
     </span>
    </p>
   </div>
   <div class='ocr_carea' id='block_1_84' title="bbox 2215 2428 3808 2504">
    <p class='ocr_par' dir='ltr' id='par_1_84' title="bbox 2215 2428 3808 2504">
     <span class='ocr_line' id='line_1_84' title="bbox 2215 2428 3808 2504; baseline 0.013 -21"><span class='ocrx_word' id='word_1_684' title='bbox 2215 2428 2330 2484; x_wconf 88' lang='lat' dir='ltr'><strong>ﬁeri</strong></span> <span class='ocrx_word' id='word_1_685' title='bbox 2372 2433 2515 2487; x_wconf 89' lang='lat' dir='ltr'><strong>enim</strong></span> <span class='ocrx_word' id='word_1_686' title='bbox 2542 2442 2717 2502; x_wconf 84' lang='lat' dir='ltr'><strong>potest</strong></span> <span class='ocrx_word' id='word_1_687' title='bbox 2745 2445 2804 2490; x_wconf 91' lang='lat' dir='ltr'><strong>ut</strong></span> <span class='ocrx_word' id='word_1_688' title='bbox 2842 2437 2957 2493; x_wconf 66' lang='lat' dir='ltr'><strong>haec</strong></span> <span class='ocrx_word' id='word_1_689' title='bbox 2984 2454 3088 2495; x_wconf 91' lang='lat' dir='ltr'><strong>non</strong></span> <span class='ocrx_word' id='word_1_690' title='bbox 3132 2441 3239 2496; x_wconf 92' lang='lat' dir='ltr'><strong>sint</strong></span> <span class='ocrx_word' id='word_1_691' title='bbox 3265 2459 3295 2497; x_wconf 93' lang='lat' dir='ltr'><strong>e</strong></span> <span class='ocrx_word' id='word_1_692' title='bbox 3321 2452 3482 2499; x_wconf 88' lang='lat' dir='ltr'><strong>terra.</strong></span> <span class='ocrx_word' id='word_1_693' title='bbox 3515 2445 3648 2501; x_wconf 79' lang='lat' dir='ltr'><strong>Nam</strong></span> <span class='ocrx_word' id='word_1_694' title='bbox 3680 2449 3808 2504; x_wconf 56' lang='lat' dir='ltr'><strong>hac</strong></span> 
     </span>
    </p>
   </div>
   <div class='ocr_carea' id='block_1_85' title="bbox 2215 2519 3801 2599">
    <p class='ocr_par' dir='ltr' id='par_1_85' title="bbox 2215 2519 3801 2599">
     <span class='ocr_line' id='line_1_85' title="bbox 2215 2519 3801 2599; baseline 0.015 -26"><span class='ocrx_word' id='word_1_695' title='bbox 2215 2519 2430 2588; x_wconf 87' lang='lat' dir='ltr'><strong>quidem</strong></span> <span class='ocrx_word' id='word_1_696' title='bbox 2448 2537 2668 2580; x_wconf 84' lang='lat' dir='ltr'><strong>necesse</strong></span> <span class='ocrx_word' id='word_1_697' title='bbox 2688 2535 2769 2581; x_wconf 88' lang='lat' dir='ltr'><strong>est</strong></span> <span class='ocrx_word' id='word_1_698' title='bbox 2794 2541 2916 2584; x_wconf 90' lang='lat' dir='ltr'><strong>esse</strong></span> <span class='ocrx_word' id='word_1_699' title='bbox 2938 2544 3099 2599; x_wconf 88' lang='lat' dir='ltr'><strong>super</strong></span> <span class='ocrx_word' id='word_1_700' title='bbox 3115 2543 3345 2597; x_wconf 85' lang='lat' dir='ltr'><strong>terram;</strong></span> <span class='ocrx_word' id='word_1_701' title='bbox 3376 2536 3460 2589; x_wconf 90' lang='lat' dir='ltr'><strong>illa</strong></span> <span class='ocrx_word' id='word_1_702' title='bbox 3484 2547 3664 2594; x_wconf 87' lang='lat' dir='ltr'><strong>autem</strong></span> <span class='ocrx_word' id='word_1_703' title='bbox 3696 2555 3801 2595; x_wconf 87' lang='lat' dir='ltr'><strong>ne-</strong></span> 
     </span>
    </p>
   </div>
   <div class='ocr_carea' id='block_1_86' title="bbox 2215 2620 3801 2695">
    <p class='ocr_par' dir='ltr' id='par_1_86' title="bbox 2215 2620 3801 2695">
     <span class='ocr_line' id='line_1_86' title="bbox 2215 2620 3801 2695; baseline 0.015 -30"><span class='ocrx_word' id='word_1_704' title='bbox 2215 2626 2477 2682; x_wconf 90' lang='lat' dir='ltr'><strong>quaquam</strong></span> <span class='ocrx_word' id='word_1_705' title='bbox 2506 2624 2589 2670; x_wconf 92' lang='lat' dir='ltr'><strong>est</strong></span> <span class='ocrx_word' id='word_1_706' title='bbox 2617 2632 2856 2674; x_wconf 90' lang='lat' dir='ltr'><strong>necesse.</strong></span> <span class='ocrx_word' id='word_1_707' title='bbox 2896 2620 3027 2676; x_wconf 80' lang='lat' dir='ltr'><strong>Nam</strong></span> <span class='ocrx_word' id='word_1_708' title='bbox 3058 2625 3203 2679; x_wconf 88' lang='lat' dir='ltr'><strong>auris</strong></span> <span class='ocrx_word' id='word_1_709' title='bbox 3244 2627 3458 2695; x_wconf 88' lang='lat' dir='ltr'><strong>quidem</strong></span> <span class='ocrx_word' id='word_1_710' title='bbox 3489 2645 3614 2685; x_wconf 90' lang='lat' dir='ltr'><strong>eum</strong></span> <span class='ocrx_word' id='word_1_711' title='bbox 3659 2634 3801 2689; x_wconf 86' lang='lat' dir='ltr'><strong>nihil</strong></span> 
     </span>
    </p>
   </div>
   <div class='ocr_carea' id='block_1_87' title="bbox 2215 2703 3798 2791">
    <p class='ocr_par' dir='ltr' id='par_1_87' title="bbox 2215 2703 3798 2791">
     <span class='ocr_line' id='line_1_87' title="bbox 2215 2703 3798 2791; baseline 0.016 -36"><span class='ocrx_word' id='word_1_712' title='bbox 2215 2703 2362 2758; x_wconf 86' lang='lat' dir='ltr'><strong>audit</strong></span> <span class='ocrx_word' id='word_1_713' title='bbox 2388 2720 2453 2760; x_wconf 90' lang='lat' dir='ltr'><strong>ex</strong></span> <span class='ocrx_word' id='word_1_714' title='bbox 2482 2705 2547 2761; x_wconf 91' lang='lat' dir='ltr'><strong>iis</strong></span> <span class='ocrx_word' id='word_1_715' title='bbox 2572 2724 2689 2778; x_wconf 67' lang='lat' dir='ltr'><strong>qua:</strong></span> <span class='ocrx_word' id='word_1_716' title='bbox 2720 2709 2804 2766; x_wconf 92' lang='lat' dir='ltr'><strong>hic</strong></span> <span class='ocrx_word' id='word_1_717' title='bbox 2826 2711 3096 2781; x_wconf 92' lang='lat' dir='ltr'><strong>dicuntur,</strong></span> <span class='ocrx_word' id='word_1_718' title='bbox 3126 2716 3220 2771; x_wconf 89' lang='lat' dir='ltr'><strong>sed</strong></span> <span class='ocrx_word' id='word_1_719' title='bbox 3250 2733 3319 2773; x_wconf 92' lang='lat' dir='ltr'><strong>ex</strong></span> <span class='ocrx_word' id='word_1_720' title='bbox 3346 2721 3409 2774; x_wconf 86' lang='lat' dir='ltr'><strong>iis</strong></span> <span class='ocrx_word' id='word_1_721' title='bbox 3433 2737 3557 2791; x_wconf 70' lang='lat' dir='ltr'><strong>quae</strong></span> <span class='ocrx_word' id='word_1_722' title='bbox 3586 2736 3716 2779; x_wconf 86' lang='lat' dir='ltr'><strong>sunt</strong></span> <span class='ocrx_word' id='word_1_723' title='bbox 3745 2728 3798 2781; x_wconf 90' lang='lat' dir='ltr'><strong>in</strong></span> 
     </span>
    </p>
   </div>
   <div class='ocr_carea' id='block_1_88' title="bbox 2214 2795 3794 2885">
    <p class='ocr_par' dir='ltr' id='par_1_88' title="bbox 2214 2795 3794 2885">
     <span class='ocr_line' id='line_1_88' title="bbox 2214 2795 3794 2885; baseline 0.016 -37"><span class='ocrx_word' id='word_1_724' title='bbox 2214 2795 2395 2863; x_wconf 68' lang='lat' dir='ltr'><strong>cadis;</strong></span> <span class='ocrx_word' id='word_1_725' title='bbox 2421 2800 2634 2869; x_wconf 89' lang='lat' dir='ltr'><strong>quando</strong></span> <span class='ocrx_word' id='word_1_726' title='bbox 2652 2802 2839 2858; x_wconf 88' lang='lat' dir='ltr'><strong>oculus</strong></span> <span class='ocrx_word' id='word_1_727' title='bbox 2866 2805 2997 2861; x_wconf 88' lang='lat' dir='ltr'><strong>nihil</strong></span> <span class='ocrx_word' id='word_1_728' title='bbox 3025 2807 3167 2863; x_wconf 87' lang='lat' dir='ltr'><strong>videt</strong></span> <span class='ocrx_word' id='word_1_729' title='bbox 3194 2824 3257 2864; x_wconf 87' lang='lat' dir='ltr'><strong>ex</strong></span> <span class='ocrx_word' id='word_1_730' title='bbox 3289 2811 3355 2865; x_wconf 90' lang='lat' dir='ltr'><strong>iis</strong></span> <span class='ocrx_word' id='word_1_731' title='bbox 3381 2828 3501 2882; x_wconf 82' lang='lat' dir='ltr'><strong>qua:</strong></span> <span class='ocrx_word' id='word_1_732' title='bbox 3526 2827 3652 2870; x_wconf 90' lang='lat' dir='ltr'><strong>sunt</strong></span> <span class='ocrx_word' id='word_1_733' title='bbox 3681 2817 3794 2885; x_wconf 86' lang='lat' dir='ltr'><strong>hic,</strong></span> 
     </span>
    </p>
   </div>
   <div class='ocr_carea' id='block_1_89' title="bbox 2214 2887 3797 2974">
    <p class='ocr_par' dir='ltr' id='par_1_89' title="bbox 2214 2887 3797 2974">
     <span class='ocr_line' id='line_1_89' title="bbox 2214 2887 3797 2974; baseline 0.015 -33"><span class='ocrx_word' id='word_1_734' title='bbox 2214 2887 2310 2942; x_wconf 90' lang='lat' dir='ltr'><strong>sed</strong></span> <span class='ocrx_word' id='word_1_735' title='bbox 2337 2904 2456 2959; x_wconf 70' lang='lat' dir='ltr'><strong>qua:</strong></span> <span class='ocrx_word' id='word_1_736' title='bbox 2484 2908 2665 2962; x_wconf 88' lang='lat' dir='ltr'><strong>supra,</strong></span> <span class='ocrx_word' id='word_1_737' title='bbox 2689 2911 2794 2950; x_wconf 91' lang='lat' dir='ltr'><strong>non</strong></span> <span class='ocrx_word' id='word_1_738' title='bbox 2811 2906 2894 2952; x_wconf 90' lang='lat' dir='ltr'><strong>est</strong></span> <span class='ocrx_word' id='word_1_739' title='bbox 2916 2912 3077 2968; x_wconf 88' lang='lat' dir='ltr'><strong>super</strong></span> <span class='ocrx_word' id='word_1_740' title='bbox 3098 2910 3324 2967; x_wconf 87' lang='lat' dir='ltr'><strong>terram;</strong></span> <span class='ocrx_word' id='word_1_741' title='bbox 3342 2906 3556 2974; x_wconf 89' lang='lat' dir='ltr'><strong>quando</strong></span> <span class='ocrx_word' id='word_1_742' title='bbox 3579 2923 3640 2963; x_wconf 88' lang='lat' dir='ltr'><strong>os</strong></span> <span class='ocrx_word' id='word_1_743' title='bbox 3658 2912 3797 2965; x_wconf 87' lang='lat' dir='ltr'><strong>nihil</strong></span> 
     </span>
    </p>
   </div>
   <div class='ocr_carea' id='block_1_90' title="bbox 2215 2978 3791 3066">
    <p class='ocr_par' dir='ltr' id='par_1_90' title="bbox 2215 2978 3791 3066">
     <span class='ocr_line' id='line_1_90' title="bbox 2215 2978 3791 3066; baseline 0.015 -33"><span class='ocrx_word' id='word_1_744' title='bbox 2215 2978 2450 3051; x_wconf 85' lang='lat' dir='ltr'><strong>loquitur</strong></span> <span class='ocrx_word' id='word_1_745' title='bbox 2473 2999 2539 3039; x_wconf 90' lang='lat' dir='ltr'><strong>ex</strong></span> <span class='ocrx_word' id='word_1_746' title='bbox 2568 2986 2636 3041; x_wconf 90' lang='lat' dir='ltr'><strong>iis</strong></span> <span class='ocrx_word' id='word_1_747' title='bbox 2678 3002 2797 3057; x_wconf 82' lang='lat' dir='ltr'><strong>quae</strong></span> <span class='ocrx_word' id='word_1_748' title='bbox 2824 2988 2912 3044; x_wconf 92' lang='lat' dir='ltr'><strong>hic</strong></span> <span class='ocrx_word' id='word_1_749' title='bbox 2938 3000 3084 3059; x_wconf 90' lang='lat' dir='ltr'><strong>sunt,</strong></span> <span class='ocrx_word' id='word_1_750' title='bbox 3117 3009 3222 3048; x_wconf 90' lang='lat' dir='ltr'><strong>non</strong></span> <span class='ocrx_word' id='word_1_751' title='bbox 3248 3005 3329 3049; x_wconf 91' lang='lat' dir='ltr'><strong>est</strong></span> <span class='ocrx_word' id='word_1_752' title='bbox 3358 3011 3521 3066; x_wconf 84' lang='lat' dir='ltr'><strong>super</strong></span> <span class='ocrx_word' id='word_1_753' title='bbox 3554 3010 3791 3057; x_wconf 85' lang='lat' dir='ltr'><strong>terram:</strong></span> 
     </span>
    </p>
   </div>
   <div class='ocr_carea' id='block_1_91' title="bbox 2214 3076 3793 3160">
    <p class='ocr_par' dir='ltr' id='par_1_91' title="bbox 2214 3076 3793 3160">
     <span class='ocr_line' id='line_1_91' title="bbox 2214 3076 3793 3160; baseline 0.013 -32"><span class='ocrx_word' id='word_1_754' title='bbox 2214 3076 2427 3145; x_wconf 84' lang='lat' dir='ltr'><strong>quando</strong></span> <span class='ocrx_word' id='word_1_755' title='bbox 2452 3093 2639 3134; x_wconf 91' lang='lat' dir='ltr'><strong>manus</strong></span> <span class='ocrx_word' id='word_1_756' title='bbox 2663 3080 2794 3135; x_wconf 88' lang='lat' dir='ltr'><strong>nihil</strong></span> <span class='ocrx_word' id='word_1_757' title='bbox 2820 3082 3005 3138; x_wconf 88' lang='lat' dir='ltr'><strong>fecerit</strong></span> <span class='ocrx_word' id='word_1_758' title='bbox 3027 3100 3093 3139; x_wconf 89' lang='lat' dir='ltr'><strong>ex</strong></span> <span class='ocrx_word' id='word_1_759' title='bbox 3122 3085 3186 3142; x_wconf 86' lang='lat' dir='ltr'><strong>iis</strong></span> <span class='ocrx_word' id='word_1_760' title='bbox 3206 3103 3323 3157; x_wconf 72' lang='lat' dir='ltr'><strong>qua:</strong></span> <span class='ocrx_word' id='word_1_761' title='bbox 3339 3099 3464 3143; x_wconf 89' lang='lat' dir='ltr'><strong>sunt</strong></span> <span class='ocrx_word' id='word_1_762' title='bbox 3489 3092 3651 3160; x_wconf 82' lang='lat' dir='ltr'><strong>mala,</strong></span> <span class='ocrx_word' id='word_1_763' title='bbox 3681 3110 3793 3149; x_wconf 89' lang='lat' dir='ltr'><strong>non</strong></span> 
     </span>
    </p>
   </div>
   <div class='ocr_carea' id='block_1_92' title="bbox 2212 3167 3793 3253">
    <p class='ocr_par' dir='ltr' id='par_1_92' title="bbox 2212 3167 3793 3253">
     <span class='ocr_line' id='line_1_92' title="bbox 2212 3167 3793 3253; baseline 0.013 -33"><span class='ocrx_word' id='word_1_764' title='bbox 2212 3176 2297 3222; x_wconf 88' lang='lat' dir='ltr'><strong>est</strong></span> <span class='ocrx_word' id='word_1_765' title='bbox 2319 3183 2385 3222; x_wconf 92' lang='lat' dir='ltr'><strong>ex</strong></span> <span class='ocrx_word' id='word_1_766' title='bbox 2415 3167 2480 3223; x_wconf 92' lang='lat' dir='ltr'><strong>iis</strong></span> <span class='ocrx_word' id='word_1_767' title='bbox 2505 3183 2623 3239; x_wconf 74' lang='lat' dir='ltr'><strong>qua:</strong></span> <span class='ocrx_word' id='word_1_768' title='bbox 2650 3181 2774 3226; x_wconf 90' lang='lat' dir='ltr'><strong>sunt</strong></span> <span class='ocrx_word' id='word_1_769' title='bbox 2794 3187 2953 3243; x_wconf 86' lang='lat' dir='ltr'><strong>supra</strong></span> <span class='ocrx_word' id='word_1_770' title='bbox 2981 3182 3200 3244; x_wconf 89' lang='lat' dir='ltr'><strong>terram,</strong></span> <span class='ocrx_word' id='word_1_771' title='bbox 3229 3177 3324 3233; x_wconf 89' lang='lat' dir='ltr'><strong>sed</strong></span> <span class='ocrx_word' id='word_1_772' title='bbox 3349 3193 3413 3234; x_wconf 89' lang='lat' dir='ltr'><strong>ex</strong></span> <span class='ocrx_word' id='word_1_773' title='bbox 3437 3180 3504 3235; x_wconf 91' lang='lat' dir='ltr'><strong>iis</strong></span> <span class='ocrx_word' id='word_1_774' title='bbox 3523 3197 3647 3253; x_wconf 67' lang='lat' dir='ltr'><strong>quae</strong></span> <span class='ocrx_word' id='word_1_775' title='bbox 3664 3196 3793 3241; x_wconf 85' lang='lat' dir='ltr'><strong>sunt</strong></span> 
     </span>
    </p>
   </div>
   <div class='ocr_carea' id='block_1_93' title="bbox 2211 3256 2458 3313">
    <p class='ocr_par' dir='ltr' id='par_1_93' title="bbox 2211 3256 2458 3313">
     <span class='ocr_line' id='line_1_93' title="bbox 2211 3256 2458 3313; baseline 0.008 -2"><span class='ocrx_word' id='word_1_776' title='bbox 2211 3256 2266 3311; x_wconf 93' lang='lat' dir='ltr'><strong>in</strong></span> <span class='ocrx_word' id='word_1_777' title='bbox 2294 3258 2458 3313; x_wconf 75' lang='lat' dir='ltr'><strong>czelis.</strong></span> 
     </span>
    </p>
   </div>
   <div class='ocr_carea' id='block_1_94' title="bbox 2283 3351 3790 3423">
    <p class='ocr_par' dir='ltr' id='par_1_94' title="bbox 2283 3351 3790 3423">
     <span class='ocr_line' id='line_1_94' title="bbox 2283 3351 3790 3423; baseline 0.013 -19"><span class='ocrx_word' id='word_1_778' title='bbox 2283 3352 2339 3405; x_wconf 69' lang='grc' dir='ltr'><strong>ι.</strong></span> <span class='ocrx_word' id='word_1_779' title='bbox 2366 3351 2479 3407; x_wconf 86' lang='lat' dir='ltr'><strong>Hoc</strong></span> <span class='ocrx_word' id='word_1_780' title='bbox 2504 3352 2664 3408; x_wconf 88' lang='lat' dir='ltr'><strong>etiam</strong></span> <span class='ocrx_word' id='word_1_781' title='bbox 2689 3354 2819 3411; x_wconf 90' lang='lat' dir='ltr'><strong>dicit</strong></span> <span class='ocrx_word' id='word_1_782' title='bbox 2860 3354 3105 3413; x_wconf 88' lang='lat' dir='ltr'><strong>Christus</strong></span> <span class='ocrx_word' id='word_1_783' title='bbox 3134 3374 3149 3413; x_wconf 90' lang='lat'><strong>:</strong></span> <span class='ocrx_word' id='word_1_784' title='bbox 3184 3360 3244 3415; x_wconf 88' lang='lat' dir='ltr'><strong>Si</strong></span> <span class='ocrx_word' id='word_1_785' title='bbox 3264 3363 3439 3417; x_wconf 85' lang='lat' dir='ltr'><strong>oculus</strong></span> <span class='ocrx_word' id='word_1_786' title='bbox 3473 3375 3590 3421; x_wconf 82' lang='lat' dir='ltr'><strong>tuus</strong></span> <span class='ocrx_word' id='word_1_787' title='bbox 3618 3367 3790 3423; x_wconf 66' lang='lat' dir='ltr'><strong>dexter</strong></span> 
     </span>
    </p>
   </div>
   <div class='ocr_carea' id='block_1_95' title="bbox 2214 3445 3789 3525">
    <p class='ocr_par' dir='ltr' id='par_1_95' title="bbox 2214 3445 3789 3525">
     <span class='ocr_line' id='line_1_95' title="bbox 2214 3445 3789 3525; baseline 0.014 -30"><span class='ocrx_word' id='word_1_788' title='bbox 2214 3450 2262 3496; x_wconf 85' lang='lat' dir='ltr'><strong>te</strong></span> <span class='ocrx_word' id='word_1_789' title='bbox 2294 3445 2624 3513; x_wconf 78' lang='lat' dir='ltr'><strong>scandalizet,</strong></span> <span class='ocrx_word' id='word_1_790' title='bbox 2666 3446 2721 3503; x_wconf 91' lang='lat' dir='ltr'><strong>id</strong></span> <span class='ocrx_word' id='word_1_791' title='bbox 2756 3457 2860 3515; x_wconf 90' lang='lat' dir='ltr'><strong>est,</strong></span> <span class='ocrx_word' id='word_1_792' title='bbox 2905 3450 2953 3504; x_wconf 84' lang='lat' dir='ltr'><strong>si</strong></span> <span class='ocrx_word' id='word_1_793' title='bbox 2995 3453 3188 3522; x_wconf 87' lang='lat' dir='ltr'><strong>aspicis</strong></span> <span class='ocrx_word' id='word_1_794' title='bbox 3234 3455 3521 3525; x_wconf 85' lang='lat' dir='ltr'><strong>impudice,</strong></span> <span class='ocrx_word' id='word_1_795' title='bbox 3553 3463 3789 3517; x_wconf 69' lang='lat' dir='ltr'><strong>exscinde</strong></span> 
     </span>
    </p>
   </div>
   <div class='ocr_carea' id='block_1_96' title="bbox 2210 3537 3783 3621">
    <p class='ocr_par' dir='ltr' id='par_1_96' title="bbox 2210 3537 3783 3621">
     <span class='ocr_line' id='line_1_96' title="bbox 2210 3537 3783 3621; baseline 0.011 -30"><span class='ocrx_word' id='word_1_796' title='bbox 2210 3551 2327 3591; x_wconf 87' lang='lat' dir='ltr'><strong>eum</strong></span> <span class='ocrx_word' id='word_1_797' title='bbox 2359 3537 2568 3607; x_wconf 81' lang='lat' dir='ltr'><strong>(Matth.</strong></span> <span class='ocrx_word' id='word_1_798' title='bbox 2622 3541 2677 3596; x_wconf 83' lang='lat'><strong>5.</strong></span> <span class='ocrx_word' id='word_1_799' title='bbox 2709 3541 2838 3611; x_wconf 75' lang='lat'><strong>29);</strong></span> <span class='ocrx_word' id='word_1_800' title='bbox 2873 3541 2975 3598; x_wconf 88' lang='lat' dir='ltr'><strong>hoc</strong></span> <span class='ocrx_word' id='word_1_801' title='bbox 3014 3556 3113 3611; x_wconf 90' lang='lat' dir='ltr'><strong>est,</strong></span> <span class='ocrx_word' id='word_1_802' title='bbox 3146 3548 3340 3603; x_wconf 88' lang='lat' dir='ltr'><strong>malam</strong></span> <span class='ocrx_word' id='word_1_803' title='bbox 3380 3552 3783 3621; x_wconf 82' lang='lat' dir='ltr'><strong>cogitationem.</strong></span> 
     </span>
    </p>
   </div>
   <div class='ocr_carea' id='block_1_97' title="bbox 2212 3626 3785 3709">
    <p class='ocr_par' dir='ltr' id='par_1_97' title="bbox 2212 3626 3785 3709">
     <span class='ocr_line' id='line_1_97' title="bbox 2212 3626 3785 3709; baseline 0.013 -29"><span class='ocrx_word' id='word_1_804' title='bbox 2212 3626 2340 3681; x_wconf 83' lang='lat' dir='ltr'><strong>Mihi</strong></span> <span class='ocrx_word' id='word_1_805' title='bbox 2365 3638 2543 3684; x_wconf 90' lang='lat' dir='ltr'><strong>autem</strong></span> <span class='ocrx_word' id='word_1_806' title='bbox 2573 3631 2784 3687; x_wconf 85' lang='lat' dir='ltr'><strong>videtur</strong></span> <span class='ocrx_word' id='word_1_807' title='bbox 2817 3633 3243 3705; x_wconf 89' lang='lat' dir='ltr'><strong>fornicationem,</strong></span> <span class='ocrx_word' id='word_1_808' title='bbox 3272 3639 3684 3709; x_wconf 85' lang='lat' dir='ltr'><strong>immunditiam,</strong></span> <span class='ocrx_word' id='word_1_809' title='bbox 3722 3646 3785 3700; x_wconf 80' lang='lat' dir='ltr'><strong>ii-</strong></span> 
     </span>
    </p>
   </div>
   <div class='ocr_carea' id='block_1_98' title="bbox 2212 3717 3783 3799">
    <p class='ocr_par' dir='ltr' id='par_1_98' title="bbox 2212 3717 3783 3799">
     <span class='ocr_line' id='line_1_98' title="bbox 2212 3717 3783 3799; baseline 0.013 -26"><span class='ocrx_word' id='word_1_810' title='bbox 2212 3717 2482 3787; x_wconf 91' lang='lat' dir='ltr'><strong>bidinem,</strong></span> <span class='ocrx_word' id='word_1_811' title='bbox 2542 3724 3053 3794; x_wconf 89' lang='lat' dir='ltr'><strong>concupiscentiam,</strong></span> <span class='ocrx_word' id='word_1_812' title='bbox 3111 3729 3412 3799; x_wconf 89' lang='lat' dir='ltr'><strong>signiﬁcare</strong></span> <span class='ocrx_word' id='word_1_813' title='bbox 3465 3734 3783 3792; x_wconf 86' lang='lat' dir='ltr'><strong>fornicatio-</strong></span> 
     </span>
    </p>
   </div>
   <div class='ocr_carea' id='block_1_99' title="bbox 2212 3812 3784 3884">
    <p class='ocr_par' dir='ltr' id='par_1_99' title="bbox 2212 3812 3784 3884">
     <span class='ocr_line' id='line_1_99' title="bbox 2212 3812 3784 3884; baseline 0.013 -20"><span class='ocrx_word' id='word_1_814' title='bbox 2212 3824 2357 3877; x_wconf 91' lang='lat' dir='ltr'><strong>nem,</strong></span> <span class='ocrx_word' id='word_1_815' title='bbox 2388 3827 2482 3882; x_wconf 91' lang='lat' dir='ltr'><strong>per</strong></span> <span class='ocrx_word' id='word_1_816' title='bbox 2527 3812 2641 3869; x_wconf 70' lang='lat' dir='ltr'><strong>haec</strong></span> <span class='ocrx_word' id='word_1_817' title='bbox 2690 3817 2865 3871; x_wconf 89' lang='lat' dir='ltr'><strong>omnia</strong></span> <span class='ocrx_word' id='word_1_818' title='bbox 2907 3832 3005 3872; x_wconf 93' lang='lat' dir='ltr'><strong>nos</strong></span> <span class='ocrx_word' id='word_1_819' title='bbox 3052 3819 3120 3873; x_wconf 90' lang='lat' dir='ltr'><strong>ab</strong></span> <span class='ocrx_word' id='word_1_820' title='bbox 3165 3834 3227 3874; x_wconf 90' lang='lat' dir='ltr'><strong>ea</strong></span> <span class='ocrx_word' id='word_1_821' title='bbox 3271 3837 3330 3877; x_wconf 92' lang='lat' dir='ltr'><strong>re</strong></span> <span class='ocrx_word' id='word_1_822' title='bbox 3380 3823 3673 3882; x_wconf 69' lang='lat' dir='ltr'><strong>abduuzns.</strong></span> <span class='ocrx_word' id='word_1_823' title='bbox 3728 3829 3784 3884; x_wconf 72' lang='grc' dir='ltr'><strong>ιιι</strong></span> 
     </span>
    </p>
   </div>
   <div class='ocr_carea' id='block_1_100' title="bbox 2210 3903 3781 3991">
    <p class='ocr_par' dir='ltr' id='par_1_100' title="bbox 2210 3903 3781 3991">
     <span class='ocr_line' id='line_1_100' title="bbox 2210 3903 3781 3991; baseline 0.012 -35"><span class='ocrx_word' id='word_1_824' title='bbox 2210 3903 2353 3957; x_wconf 90' lang='lat' dir='ltr'><strong>enim</strong></span> <span class='ocrx_word' id='word_1_825' title='bbox 2381 3914 2464 3959; x_wconf 90' lang='lat' dir='ltr'><strong>est</strong></span> <span class='ocrx_word' id='word_1_826' title='bbox 2493 3919 2677 3962; x_wconf 89' lang='lat' dir='ltr'><strong>revera</strong></span> <span class='ocrx_word' id='word_1_827' title='bbox 2719 3909 2878 3962; x_wconf 86' lang='lat' dir='ltr'><strong>animi</strong></span> <span class='ocrx_word' id='word_1_828' title='bbox 2924 3910 3174 3976; x_wconf 88' lang='lat' dir='ltr'><strong>morbus;</strong></span> <span class='ocrx_word' id='word_1_829' title='bbox 3216 3922 3269 3967; x_wconf 91' lang='lat' dir='ltr'><strong>et</strong></span> <span class='ocrx_word' id='word_1_830' title='bbox 3297 3914 3431 3969; x_wconf 88' lang='lat' dir='ltr'><strong>sicut</strong></span> <span class='ocrx_word' id='word_1_831' title='bbox 3458 3931 3657 3989; x_wconf 91' lang='lat' dir='ltr'><strong>corpus</strong></span> <span class='ocrx_word' id='word_1_832' title='bbox 3687 3936 3781 3991; x_wconf 83' lang='lat' dir='ltr'><strong>pa-</strong></span> 
     </span>
    </p>
   </div>
   <div class='ocr_carea' id='block_1_101' title="bbox 2213 3992 3787 4067">
    <p class='ocr_par' dir='ltr' id='par_1_101' title="bbox 2213 3992 3787 4067">
     <span class='ocr_line' id='line_1_101' title="bbox 2213 3992 3787 4067; baseline 0.013 -20"><span class='ocrx_word' id='word_1_833' title='bbox 2213 3992 2378 4061; x_wconf 90' lang='lat' dir='ltr'><strong>titur,</strong></span> <span class='ocrx_word' id='word_1_834' title='bbox 2434 4005 2527 4050; x_wconf 89' lang='lat' dir='ltr'><strong>aut</strong></span> <span class='ocrx_word' id='word_1_835' title='bbox 2578 3996 2708 4052; x_wconf 87' lang='lat' dir='ltr'><strong>febri</strong></span> <span class='ocrx_word' id='word_1_836' title='bbox 2761 3997 3003 4064; x_wconf 87' lang='lat' dir='ltr'><strong>laborat,</strong></span> <span class='ocrx_word' id='word_1_837' title='bbox 3032 4011 3126 4056; x_wconf 89' lang='lat' dir='ltr'><strong>aut</strong></span> <span class='ocrx_word' id='word_1_838' title='bbox 3179 4003 3488 4061; x_wconf 91' lang='lat' dir='ltr'><strong>vulneratur</strong></span> <span class='ocrx_word' id='word_1_839' title='bbox 3529 4010 3650 4065; x_wconf 89' lang='lat' dir='ltr'><strong>:ita</strong></span> <span class='ocrx_word' id='word_1_840' title='bbox 3699 4011 3787 4067; x_wconf 86' lang='lat' dir='ltr'><strong>hic</strong></span> 
     </span>
    </p>
   </div>
   <div class='ocr_carea' id='block_1_102' title="bbox 2212 4086 3781 4165">
    <p class='ocr_par' dir='ltr' id='par_1_102' title="bbox 2212 4086 3781 4165">
     <span class='ocr_line' id='line_1_102' title="bbox 2212 4086 3781 4165; baseline 0.011 -26"><span class='ocrx_word' id='word_1_841' title='bbox 2212 4100 2424 4156; x_wconf 91' lang='lat' dir='ltr'><strong>quoque</strong></span> <span class='ocrx_word' id='word_1_842' title='bbox 2444 4086 2683 4143; x_wconf 84' lang='lat' dir='ltr'><strong>aﬁectus.</strong></span> <span class='ocrx_word' id='word_1_843' title='bbox 2708 4089 2776 4144; x_wconf 85' lang='lat' dir='ltr'><strong>Et</strong></span> <span class='ocrx_word' id='word_1_844' title='bbox 2797 4106 2900 4145; x_wconf 92' lang='lat' dir='ltr'><strong>non</strong></span> <span class='ocrx_word' id='word_1_845' title='bbox 2924 4091 3076 4159; x_wconf 82' lang='lat' dir='ltr'><strong>dixit,</strong></span> <span class='ocrx_word' id='word_1_846' title='bbox 3107 4093 3417 4164; x_wconf 81' lang='lat' dir='ltr'><strong>chrimite,</strong></span> <span class='ocrx_word' id='word_1_847' title='bbox 3445 4099 3563 4165; x_wconf 86' lang='lat' dir='ltr'><strong>sed,</strong></span> <span class='ocrx_word' id='word_1_848' title='bbox 3597 4100 3781 4156; x_wconf 74' lang='lat' dir='ltr'><strong>Morti-</strong></span> 
     </span>
    </p>
   </div>
   <div class='ocr_carea' id='block_1_103' title="bbox 2212 4176 3781 4257">
    <p class='ocr_par' dir='ltr' id='par_1_103' title="bbox 2212 4176 3781 4257">
     <span class='ocr_line' id='line_1_103' title="bbox 2212 4176 3781 4257; baseline 0.012 -28"><span class='ocrx_word' id='word_1_849' title='bbox 2212 4176 2380 4245; x_wconf 77' lang='lat' dir='ltr'><strong>ﬁcate,</strong></span> <span class='ocrx_word' id='word_1_850' title='bbox 2405 4188 2462 4232; x_wconf 93' lang='lat' dir='ltr'><strong>ut</strong></span> <span class='ocrx_word' id='word_1_851' title='bbox 2485 4178 2553 4233; x_wconf 90' lang='lat' dir='ltr'><strong>de</strong></span> <span class='ocrx_word' id='word_1_852' title='bbox 2576 4189 2773 4236; x_wconf 78' lang='lat' dir='ltr'><strong>czetero</strong></span> <span class='ocrx_word' id='word_1_853' title='bbox 2798 4196 2902 4236; x_wconf 90' lang='lat' dir='ltr'><strong>non</strong></span> <span class='ocrx_word' id='word_1_854' title='bbox 2929 4185 3094 4253; x_wconf 90' lang='lat' dir='ltr'><strong>possit</strong></span> <span class='ocrx_word' id='word_1_855' title='bbox 3134 4200 3411 4257; x_wconf 87' lang='lat' dir='ltr'><strong>resurgere</strong></span> <span class='ocrx_word' id='word_1_856' title='bbox 3432 4229 3446 4253; x_wconf 90' lang='lat'><strong>,</strong></span> <span class='ocrx_word' id='word_1_857' title='bbox 3472 4200 3529 4244; x_wconf 88' lang='lat' dir='ltr'><strong>et</strong></span> <span class='ocrx_word' id='word_1_858' title='bbox 3552 4192 3781 4248; x_wconf 83' lang='lat' dir='ltr'><strong>auferte.</strong></span> 
     </span>
    </p>
   </div>
   <div class='ocr_carea' id='block_1_104' title="bbox 2212 4266 3778 4354">
    <p class='ocr_par' dir='ltr' id='par_1_104' title="bbox 2212 4266 3778 4354">
     <span class='ocr_line' id='line_1_104' title="bbox 2212 4266 3778 4354; baseline 0.013 -33"><span class='ocrx_word' id='word_1_859' title='bbox 2212 4266 2473 4323; x_wconf 86' lang='lat' dir='ltr'><strong>Mortuum</strong></span> <span class='ocrx_word' id='word_1_860' title='bbox 2494 4269 2819 4326; x_wconf 85' lang='lat' dir='ltr'><strong>auferimus:</strong></span> <span class='ocrx_word' id='word_1_861' title='bbox 2848 4274 3013 4340; x_wconf 83' lang='lat' dir='ltr'><strong>velut,</strong></span> <span class='ocrx_word' id='word_1_862' title='bbox 3055 4276 3102 4331; x_wconf 90' lang='lat' dir='ltr'><strong>si</strong></span> <span class='ocrx_word' id='word_1_863' title='bbox 3126 4278 3247 4332; x_wconf 88' lang='lat' dir='ltr'><strong>calli</strong></span> <span class='ocrx_word' id='word_1_864' title='bbox 3288 4279 3395 4334; x_wconf 90' lang='lat' dir='ltr'><strong>sint</strong></span> <span class='ocrx_word' id='word_1_865' title='bbox 3432 4281 3486 4335; x_wconf 90' lang='lat' dir='ltr'><strong>in</strong></span> <span class='ocrx_word' id='word_1_866' title='bbox 3512 4297 3741 4354; x_wconf 86' lang='lat' dir='ltr'><strong>corpore</strong></span> <span class='ocrx_word' id='word_1_867' title='bbox 3763 4329 3778 4346; x_wconf 89' lang='lat'><strong>.</strong></span> 
     </span>
    </p>
   </div>
   <div class='ocr_carea' id='block_1_105' title="bbox 2211 4367 3780 4433">
    <p class='ocr_par' dir='ltr' id='par_1_105' title="bbox 2211 4367 3780 4433">
     <span class='ocr_line' id='line_1_105' title="bbox 2211 4367 3780 4433; baseline 0.013 -20"><span class='ocrx_word' id='word_1_868' title='bbox 2211 4373 2406 4429; x_wconf 91' lang='lat' dir='ltr'><strong>corpus</strong></span> <span class='ocrx_word' id='word_1_869' title='bbox 2432 4369 2515 4416; x_wconf 89' lang='lat' dir='ltr'><strong>est</strong></span> <span class='ocrx_word' id='word_1_870' title='bbox 2542 4373 2827 4431; x_wconf 91' lang='lat' dir='ltr'><strong>mortuum,</strong></span> <span class='ocrx_word' id='word_1_871' title='bbox 2855 4367 2982 4422; x_wconf 91' lang='lat' dir='ltr'><strong>et‘id</strong></span> <span class='ocrx_word' id='word_1_872' title='bbox 3006 4368 3319 4426; x_wconf 86' lang='lat' dir='ltr'><strong>auferimus.</strong></span> <span class='ocrx_word' id='word_1_873' title='bbox 3364 4372 3473 4429; x_wconf 88' lang='lat' dir='ltr'><strong>Sed</strong></span> <span class='ocrx_word' id='word_1_874' title='bbox 3516 4376 3561 4429; x_wconf 91' lang='lat' dir='ltr'><strong>si</strong></span> <span class='ocrx_word' id='word_1_875' title='bbox 3607 4380 3780 4433; x_wconf 76' lang='lat' dir='ltr'><strong>virum</strong></span> 
     </span>
    </p>
   </div>
   <div class='ocr_carea' id='block_1_106' title="bbox 2212 4453 3776 4535">
    <p class='ocr_par' dir='ltr' id='par_1_106' title="bbox 2212 4453 3776 4535">
     <span class='ocr_line' id='line_1_106' title="bbox 2212 4453 3776 4535; baseline 0.01 -30"><span class='ocrx_word' id='word_1_876' title='bbox 2212 4454 2446 4513; x_wconf 84' lang='lat' dir='ltr'><strong>secueris</strong></span> <span class='ocrx_word' id='word_1_877' title='bbox 2469 4494 2484 4518; x_wconf 94' lang='lat'><strong>,</strong></span> <span class='ocrx_word' id='word_1_878' title='bbox 2508 4453 2662 4510; x_wconf 78' lang='lat' dir='ltr'><strong>affert</strong></span> <span class='ocrx_word' id='word_1_879' title='bbox 2684 4456 2921 4512; x_wconf 91' lang='lat' dir='ltr'><strong>dolorem</strong></span> <span class='ocrx_word' id='word_1_880' title='bbox 2949 4476 2964 4524; x_wconf 88' lang='lat'><strong>;</strong></span> <span class='ocrx_word' id='word_1_881' title='bbox 2995 4460 3076 4514; x_wconf 87' lang='lat' dir='ltr'><strong>sin</strong></span> <span class='ocrx_word' id='word_1_882' title='bbox 3104 4470 3279 4517; x_wconf 85' lang='lat' dir='ltr'><strong>autem</strong></span> <span class='ocrx_word' id='word_1_883' title='bbox 3308 4475 3481 4521; x_wconf 88' lang='lat' dir='ltr'><strong>morte</strong></span> <span class='ocrx_word' id='word_1_884' title='bbox 3506 4467 3776 4535; x_wconf 80' lang='lat' dir='ltr'><strong>affectum,</strong></span> 
     </span>
    </p>
   </div>
   <div class='ocr_carea' id='block_1_107' title="bbox 2213 4544 3782 4617">
    <p class='ocr_par' dir='ltr' id='par_1_107' title="bbox 2213 4544 3782 4617">
     <span class='ocr_line' id='line_1_107' title="bbox 2213 4544 3782 4617; baseline 0.014 -22"><span class='ocrx_word' id='word_1_885' title='bbox 2213 4556 2281 4597; x_wconf 90' lang='lat' dir='ltr'><strong>ne</strong></span> <span class='ocrx_word' id='word_1_886' title='bbox 2300 4544 2558 4599; x_wconf 90' lang='lat' dir='ltr'><strong>sentimus</strong></span> <span class='ocrx_word' id='word_1_887' title='bbox 2586 4546 2821 4616; x_wconf 90' lang='lat' dir='ltr'><strong>quidem.</strong></span> <span class='ocrx_word' id='word_1_888' title='bbox 2849 4548 2924 4602; x_wconf 80' lang='lat' dir='ltr'><strong>ita</strong></span> <span class='ocrx_word' id='word_1_889' title='bbox 2966 4551 3127 4606; x_wconf 90' lang='lat' dir='ltr'><strong>etiam</strong></span> <span class='ocrx_word' id='word_1_890' title='bbox 3155 4552 3206 4606; x_wconf 91' lang='lat' dir='ltr'><strong>in</strong></span> <span class='ocrx_word' id='word_1_891' title='bbox 3234 4556 3397 4609; x_wconf 89' lang='lat' dir='ltr'><strong>animi</strong></span> <span class='ocrx_word' id='word_1_892' title='bbox 3417 4556 3698 4616; x_wconf 73' lang='lat' dir='ltr'><strong>affectibus</strong></span> <span class='ocrx_word' id='word_1_893' title='bbox 3730 4574 3782 4617; x_wconf 86' lang='lat' dir='ltr'><strong>ct</strong></span> 
     </span>
    </p>
   </div>
   <div class='ocr_carea' id='block_1_108' title="bbox 2211 4633 3773 4716">
    <p class='ocr_par' dir='ltr' id='par_1_108' title="bbox 2211 4633 3773 4716">
     <span class='ocr_line' id='line_1_108' title="bbox 2211 4633 3773 4716; baseline 0.013 -31"><span class='ocrx_word' id='word_1_894' title='bbox 2211 4633 2413 4687; x_wconf 91' lang='lat' dir='ltr'><strong>morbis</strong></span> <span class='ocrx_word' id='word_1_895' title='bbox 2438 4649 2453 4699; x_wconf 88' lang='lat'>;</span> <span class='ocrx_word' id='word_1_896' title='bbox 2481 4650 2542 4690; x_wconf 88' lang='lat' dir='ltr'><strong>ea</strong></span> <span class='ocrx_word' id='word_1_897' title='bbox 2571 4637 2800 4692; x_wconf 90' lang='lat' dir='ltr'><strong>animam</strong></span> <span class='ocrx_word' id='word_1_898' title='bbox 2827 4638 3065 4695; x_wconf 88' lang='lat' dir='ltr'><strong>efﬁciunt</strong></span> <span class='ocrx_word' id='word_1_899' title='bbox 3104 4644 3395 4711; x_wconf 83' lang='lat' dir='ltr'><strong>patibilem,</strong></span> <span class='ocrx_word' id='word_1_900' title='bbox 3422 4661 3541 4716; x_wconf 79' lang='lat' dir='ltr'><strong>qua:</strong></span> <span class='ocrx_word' id='word_1_901' title='bbox 3572 4663 3658 4705; x_wconf 79' lang='lat' dir='ltr'><strong>est</strong></span> <span class='ocrx_word' id='word_1_902' title='bbox 3684 4655 3773 4706; x_wconf 88' lang='lat' dir='ltr'><strong>itu-</strong></span> 
     </span>
    </p>
   </div>
   <div class='ocr_carea' id='block_1_109' title="bbox 2211 4724 3775 4797">
    <p class='ocr_par' dir='ltr' id='par_1_109' title="bbox 2211 4724 3775 4797">
     <span class='ocr_line' id='line_1_109' title="bbox 2211 4724 3775 4797; baseline 0.013 -21"><span class='ocrx_word' id='word_1_903' title='bbox 2211 4724 2472 4778; x_wconf 89' lang='lat' dir='ltr'><strong>mortalis.</strong></span> <span class='ocrx_word' id='word_1_904' title='bbox 2505 4724 2785 4791; x_wconf 90' lang='lat' dir='ltr'><strong>Quomodo</strong></span> <span class='ocrx_word' id='word_1_905' title='bbox 2828 4729 3129 4786; x_wconf 89' lang='lat' dir='ltr'><strong>idololatria</strong></span> <span class='ocrx_word' id='word_1_906' title='bbox 3156 4734 3294 4789; x_wconf 90' lang='lat' dir='ltr'><strong>dicta</strong></span> <span class='ocrx_word' id='word_1_907' title='bbox 3323 4737 3393 4791; x_wconf 92' lang='lat' dir='ltr'><strong>sit</strong></span> <span class='ocrx_word' id='word_1_908' title='bbox 3422 4741 3646 4795; x_wconf 82' lang='lat' dir='ltr'><strong>avaritia</strong></span> <span class='ocrx_word' id='word_1_909' title='bbox 3677 4758 3775 4797; x_wconf 69' lang='lat'><strong>5.1--</strong></span> 
     </span>
    </p>
   </div>
   <div class='ocr_carea' id='block_1_110' title="bbox 2212 4816 3778 4903">
    <p class='ocr_par' dir='ltr' id='par_1_110' title="bbox 2212 4816 3778 4903">
     <span class='ocr_line' id='line_1_110' title="bbox 2212 4816 3778 4903; baseline 0.012 -35"><span class='ocrx_word' id='word_1_910' title='bbox 2212 4816 2330 4886; x_wconf 90' lang='lat' dir='ltr'><strong>pius</strong></span> <span class='ocrx_word' id='word_1_911' title='bbox 2354 4816 2603 4873; x_wconf 79' lang='lat' dir='ltr'><strong>diximus.</strong></span> <span class='ocrx_word' id='word_1_912' title='bbox 2631 4819 2761 4886; x_wconf 63' lang='lat' dir='ltr'><strong>Quae</strong></span> <span class='ocrx_word' id='word_1_913' title='bbox 2788 4823 2929 4877; x_wconf 90' lang='lat' dir='ltr'><strong>enim</strong></span> <span class='ocrx_word' id='word_1_914' title='bbox 2951 4823 3004 4878; x_wconf 91' lang='lat' dir='ltr'><strong>in</strong></span> <span class='ocrx_word' id='word_1_915' title='bbox 3031 4824 3320 4882; x_wconf 88' lang='lat' dir='ltr'><strong>humanum</strong></span> <span class='ocrx_word' id='word_1_916' title='bbox 3347 4845 3513 4900; x_wconf 87' lang='lat' dir='ltr'><strong>genus</strong></span> <span class='ocrx_word' id='word_1_917' title='bbox 3543 4838 3778 4903; x_wconf 82' lang='lat' dir='ltr'><strong>tyranni-</strong></span> 
     </span>
    </p>
   </div>
   <div class='ocr_carea' id='block_1_111' title="bbox 2212 4906 3781 4985">
    <p class='ocr_par' dir='ltr' id='par_1_111' title="bbox 2212 4906 3781 4985">
     <span class='ocr_line' id='line_1_111' title="bbox 2212 4906 3781 4985; baseline 0.011 -25"><span class='ocrx_word' id='word_1_918' title='bbox 2212 4906 2334 4961; x_wconf 90' lang='lat' dir='ltr'><strong>dem</strong></span> <span class='ocrx_word' id='word_1_919' title='bbox 2361 4909 2597 4963; x_wconf 86' lang='lat' dir='ltr'><strong>maxime</strong></span> <span class='ocrx_word' id='word_1_920' title='bbox 2622 4920 2873 4967; x_wconf 85' lang='lat' dir='ltr'><strong>exercent</strong></span> <span class='ocrx_word' id='word_1_921' title='bbox 2895 4952 2910 4978; x_wconf 96' lang='lat'><strong>,</strong></span> <span class='ocrx_word' id='word_1_922' title='bbox 2938 4913 3052 4970; x_wconf 72' lang='lat' dir='ltr'><strong>haec</strong></span> <span class='ocrx_word' id='word_1_923' title='bbox 3076 4928 3220 4985; x_wconf 90' lang='lat' dir='ltr'><strong>sunt,</strong></span> <span class='ocrx_word' id='word_1_924' title='bbox 3252 4923 3469 4975; x_wconf 86' lang='lat' dir='ltr'><strong>avaritia</strong></span> <span class='ocrx_word' id='word_1_925' title='bbox 3507 4937 3562 4978; x_wconf 90' lang='lat' dir='ltr'><strong>et</strong></span> <span class='ocrx_word' id='word_1_926' title='bbox 3587 4925 3781 4982; x_wconf 80' lang='lat' dir='ltr'><strong>intem-</strong></span> 
     </span>
    </p>
   </div>
   <div class='ocr_carea' id='block_1_112' title="bbox 2210 5001 3781 5083">
    <p class='ocr_par' dir='ltr' id='par_1_112' title="bbox 2210 5001 3781 5083">
     <span class='ocr_line' id='line_1_112' title="bbox 2210 5001 3781 5083; baseline 0.012 -31"><span class='ocrx_word' id='word_1_927' title='bbox 2210 5001 2448 5069; x_wconf 88' lang='lat' dir='ltr'><strong>perantia</strong></span> <span class='ocrx_word' id='word_1_928' title='bbox 2469 5010 2522 5055; x_wconf 92' lang='lat' dir='ltr'><strong>et</strong></span> <span class='ocrx_word' id='word_1_929' title='bbox 2544 5005 2968 5074; x_wconf 90' lang='lat' dir='ltr'><strong>concupiscentia</strong></span> <span class='ocrx_word' id='word_1_930' title='bbox 2997 5009 3156 5063; x_wconf 89' lang='lat' dir='ltr'><strong>mala.</strong></span> <span class='ocrx_word' id='word_1_931' title='bbox 3182 5008 3401 5081; x_wconf 84' lang='lat' dir='ltr'><strong>Propter</strong></span> <span class='ocrx_word' id='word_1_932' title='bbox 3415 5031 3529 5083; x_wconf 79' lang='lat' dir='ltr'><strong>qua:</strong></span> <span class='ocrx_word' id='word_1_933' title='bbox 3552 5022 3680 5070; x_wconf 76' lang='lat' dir='ltr'><strong>venit</strong></span> <span class='ocrx_word' id='word_1_934' title='bbox 3704 5021 3781 5071; x_wconf 73' lang='lat' dir='ltr'><strong>ira</strong></span> 
     </span>
    </p>
   </div>
   <div class='ocr_carea' id='block_1_113' title="bbox 2211 5088 3773 5171">
    <p class='ocr_par' dir='ltr' id='par_1_113' title="bbox 2211 5088 3773 5171">
     <span class='ocr_line' id='line_1_113' title="bbox 2211 5088 3773 5171; baseline 0.015 -28"><span class='ocrx_word' id='word_1_935' title='bbox 2211 5088 2309 5144; x_wconf 88' lang='lat' dir='ltr'><strong>Dei</strong></span> <span class='ocrx_word' id='word_1_936' title='bbox 2324 5106 2473 5160; x_wconf 81' lang='lat' dir='ltr'><strong>super</strong></span> <span class='ocrx_word' id='word_1_937' title='bbox 2487 5093 2620 5161; x_wconf 80' lang='lat' dir='ltr'><strong>ﬁlios</strong></span> <span class='ocrx_word' id='word_1_938' title='bbox 2641 5095 3005 5152; x_wconf 83' lang='lat' dir='ltr'><strong>inobedientite.</strong></span> <span class='ocrx_word' id='word_1_939' title='bbox 3030 5098 3193 5156; x_wconf 88' lang='lat' dir='ltr'><strong>Filios</strong></span> <span class='ocrx_word' id='word_1_940' title='bbox 3223 5103 3351 5160; x_wconf 88' lang='lat' dir='ltr'><strong>dicit</strong></span> <span class='ocrx_word' id='word_1_941' title='bbox 3379 5107 3773 5171; x_wconf 68' lang='lat' dir='ltr'><strong>inobedientim.</strong></span> 
     </span>
    </p>
   </div>
   <div class='ocr_carea' id='block_1_114' title="bbox 2210 5186 3775 5274">
    <p class='ocr_par' dir='ltr' id='par_1_114' title="bbox 2210 5186 3775 5274">
     <span class='ocr_line' id='line_1_114' title="bbox 2210 5186 3775 5274; baseline 0.012 -35"><span class='ocrx_word' id='word_1_942' title='bbox 2210 5198 2305 5239; x_wconf 86' lang='lat' dir='ltr'><strong>eos</strong></span> <span class='ocrx_word' id='word_1_943' title='bbox 2331 5186 2546 5255; x_wconf 89' lang='lat' dir='ltr'><strong>privans</strong></span> <span class='ocrx_word' id='word_1_944' title='bbox 2572 5188 2745 5252; x_wconf 84' lang='lat' dir='ltr'><strong>venia,</strong></span> <span class='ocrx_word' id='word_1_945' title='bbox 2772 5199 2825 5244; x_wconf 93' lang='lat' dir='ltr'><strong>et</strong></span> <span class='ocrx_word' id='word_1_946' title='bbox 2850 5192 3135 5249; x_wconf 87' lang='lat' dir='ltr'><strong>ostendens</strong></span> <span class='ocrx_word' id='word_1_947' title='bbox 3163 5211 3254 5251; x_wconf 86' lang='lat' dir='ltr'><strong>eos</strong></span> <span class='ocrx_word' id='word_1_948' title='bbox 3281 5198 3331 5251; x_wconf 89' lang='lat' dir='ltr'><strong>in</strong></span> <span class='ocrx_word' id='word_1_949' title='bbox 3360 5199 3441 5253; x_wconf 90' lang='lat' dir='ltr'><strong>his</strong></span> <span class='ocrx_word' id='word_1_950' title='bbox 3462 5216 3605 5267; x_wconf 86' lang='lat' dir='ltr'><strong>esse,</strong></span> <span class='ocrx_word' id='word_1_951' title='bbox 3640 5210 3775 5274; x_wconf 73' lang='lat' dir='ltr'><strong>quod</strong></span> 
     </span>
    </p>
   </div>
   <div class='ocr_carea' id='block_1_115' title="bbox 2210 5278 3775 5356">
    <p class='ocr_par' dir='ltr' id='par_1_115' title="bbox 2210 5278 3775 5356">
     <span class='ocr_line' id='line_1_115' title="bbox 2210 5278 3775 5356; baseline 0.011 -25"><span class='ocrx_word' id='word_1_952' title='bbox 2210 5292 2317 5332; x_wconf 91' lang='lat' dir='ltr'><strong>non</strong></span> <span class='ocrx_word' id='word_1_953' title='bbox 2347 5279 2638 5347; x_wconf 90' lang='lat' dir='ltr'><strong>paruerint.</strong></span> <span class='ocrx_word' id='word_1_954' title='bbox 2667 5278 2733 5334; x_wconf 87' lang='lat' dir='ltr'><strong>In</strong></span> <span class='ocrx_word' id='word_1_955' title='bbox 2754 5282 2950 5351; x_wconf 79' lang='lat' dir='ltr'><strong>quibus,</strong></span> <span class='ocrx_word' id='word_1_956' title='bbox 2974 5284 3162 5356; x_wconf 87' lang='lat' dir='ltr'><strong>inquit,</strong></span> <span class='ocrx_word' id='word_1_957' title='bbox 3186 5298 3230 5341; x_wconf 84' lang='lat' dir='ltr'><strong>et</strong></span> <span class='ocrx_word' id='word_1_958' title='bbox 3251 5305 3334 5342; x_wconf 78' lang='lat' dir='ltr'><strong>vos</strong></span> <span class='ocrx_word' id='word_1_959' title='bbox 3353 5292 3653 5347; x_wconf 76' lang='lat' dir='ltr'><strong>ambulastis</strong></span> <span class='ocrx_word' id='word_1_960' title='bbox 3678 5298 3742 5347; x_wconf 78' lang='lat' dir='ltr'><strong>ait</strong></span> <span class='ocrx_word' id='word_1_961' title='bbox 3758 5328 3775 5337; x_wconf 88' lang='lat'><strong>-</strong></span> 
     </span>
    </p>
   </div>
   <div class='ocr_carea' id='block_1_116' title="bbox 2208 5368 3774 5439">
    <p class='ocr_par' dir='ltr' id='par_1_116' title="bbox 2208 5368 3774 5439">
     <span class='ocr_line' id='line_1_116' title="bbox 2208 5368 3774 5439; baseline 0.011 -18"><span class='ocrx_word' id='word_1_962' title='bbox 2208 5368 2431 5437; x_wconf 79' lang='lat' dir='ltr'><strong>quando,</strong></span> <span class='ocrx_word' id='word_1_963' title='bbox 2460 5378 2509 5422; x_wconf 90' lang='lat' dir='ltr'><strong>et</strong></span> <span class='ocrx_word' id='word_1_964' title='bbox 2532 5373 2762 5438; x_wconf 82' lang='lat' dir='ltr'><strong>persuasi</strong></span> <span class='ocrx_word' id='word_1_965' title='bbox 2787 5374 2925 5426; x_wconf 84' lang='lat' dir='ltr'><strong>estis.</strong></span> <span class='ocrx_word' id='word_1_966' title='bbox 2955 5375 3200 5431; x_wconf 86' lang='lat' dir='ltr'><strong>Ostendit</strong></span> <span class='ocrx_word' id='word_1_967' title='bbox 3239 5395 3331 5434; x_wconf 88' lang='lat' dir='ltr'><strong>eos</strong></span> <span class='ocrx_word' id='word_1_968' title='bbox 3356 5382 3535 5437; x_wconf 86' lang='lat' dir='ltr'><strong>adhuc</strong></span> <span class='ocrx_word' id='word_1_969' title='bbox 3560 5400 3679 5439; x_wconf 75' lang='lat' dir='ltr'><strong>esse</strong></span> <span class='ocrx_word' id='word_1_970' title='bbox 3722 5387 3774 5438; x_wconf 87' lang='lat' dir='ltr'><strong>in</strong></span> 
     </span>
    </p>
   </div>
   <div class='ocr_carea' id='block_1_117' title="bbox 2208 5461 3773 5539">
    <p class='ocr_par' dir='ltr' id='par_1_117' title="bbox 2208 5461 3773 5539">
     <span class='ocr_line' id='line_1_117' title="bbox 2208 5461 3773 5539; baseline 0.009 -25"><span class='ocrx_word' id='word_1_971' title='bbox 2208 5461 2272 5515; x_wconf 87' lang='lat' dir='ltr'><strong>iis</strong></span> <span class='ocrx_word' id='word_1_972' title='bbox 2296 5500 2313 5527; x_wconf 89' lang='lat'><strong>,</strong></span> <span class='ocrx_word' id='word_1_973' title='bbox 2339 5470 2392 5516; x_wconf 87' lang='lat' dir='ltr'><strong>et</strong></span> <span class='ocrx_word' id='word_1_974' title='bbox 2417 5461 2595 5516; x_wconf 86' lang='lat' dir='ltr'><strong>laudat</strong></span> <span class='ocrx_word' id='word_1_975' title='bbox 2618 5502 2633 5525; x_wconf 93' lang='lat'><strong>,</strong></span> <span class='ocrx_word' id='word_1_976' title='bbox 2662 5462 2846 5518; x_wconf 86' lang='lat' dir='ltr'><strong>dicens</strong></span> <span class='ocrx_word' id='word_1_977' title='bbox 2875 5482 2890 5518; x_wconf 87' lang='lat'><strong>:</strong></span> <span class='ocrx_word' id='word_1_978' title='bbox 2922 5464 3074 5520; x_wconf 86' lang='lat' dir='ltr'><strong>Nunc</strong></span> <span class='ocrx_word' id='word_1_979' title='bbox 3117 5480 3283 5523; x_wconf 83' lang='lat' dir='ltr'><strong>autem</strong></span> <span class='ocrx_word' id='word_1_980' title='bbox 3317 5472 3570 5539; x_wconf 82' lang='lat' dir='ltr'><strong>deponitis</strong></span> <span class='ocrx_word' id='word_1_981' title='bbox 3594 5485 3641 5527; x_wconf 83' lang='lat' dir='ltr'><strong>et</strong></span> <span class='ocrx_word' id='word_1_982' title='bbox 3690 5492 3773 5527; x_wconf 74' lang='lat' dir='ltr'><strong>ros</strong></span> 
     </span>
    </p>
   </div>
   <div class='ocr_carea' id='block_1_118' title="bbox 2206 5554 3768 5635">
    <p class='ocr_par' dir='ltr' id='par_1_118' title="bbox 2206 5554 3768 5635">
     <span class='ocr_line' id='line_1_118' title="bbox 2206 5554 3768 5635; baseline 0.008 -28"><span class='ocrx_word' id='word_1_983' title='bbox 2206 5554 2399 5620; x_wconf 86' lang='lat' dir='ltr'><strong>omnia,</strong></span> <span class='ocrx_word' id='word_1_984' title='bbox 2427 5555 2578 5622; x_wconf 89' lang='lat' dir='ltr'><strong>irant,</strong></span> <span class='ocrx_word' id='word_1_985' title='bbox 2603 5556 3000 5627; x_wconf 84' lang='lat' dir='ltr'><strong>indignationem</strong></span> <span class='ocrx_word' id='word_1_986' title='bbox 3022 5600 3036 5621; x_wconf 96' lang='lat'><strong>,</strong></span> <span class='ocrx_word' id='word_1_987' title='bbox 3068 5563 3334 5628; x_wconf 83' lang='lat' dir='ltr'><strong>malitiam,</strong></span> <span class='ocrx_word' id='word_1_988' title='bbox 3364 5565 3726 5635; x_wconf 72' lang='lat' dir='ltr'><strong>blasphemiam</strong></span> <span class='ocrx_word' id='word_1_989' title='bbox 3753 5611 3768 5628; x_wconf 83' lang='lat'><strong>,</strong></span> 
     </span>
    </p>
   </div>
   <div class='ocr_carea' id='block_1_119' title="bbox 2206 5646 3769 5719">
    <p class='ocr_par' dir='ltr' id='par_1_119' title="bbox 2206 5646 3769 5719">
     <span class='ocr_line' id='line_1_119' title="bbox 2206 5646 3769 5719; baseline 0.01 -22"><span class='ocrx_word' id='word_1_990' title='bbox 2206 5654 2401 5714; x_wconf 86' lang='lat' dir='ltr'><strong>turpem</strong></span> <span class='ocrx_word' id='word_1_991' title='bbox 2427 5660 2723 5699; x_wconf 85' lang='lat' dir='ltr'><strong>sermonem.</strong></span> <span class='ocrx_word' id='word_1_992' title='bbox 2750 5646 2866 5702; x_wconf 84' lang='lat' dir='ltr'><strong>Non</strong></span> <span class='ocrx_word' id='word_1_993' title='bbox 2889 5654 2955 5703; x_wconf 88' lang='lat' dir='ltr'><strong>ad</strong></span> <span class='ocrx_word' id='word_1_994' title='bbox 2982 5650 3124 5719; x_wconf 90' lang='lat' dir='ltr'><strong>illos,</strong></span> <span class='ocrx_word' id='word_1_995' title='bbox 3153 5653 3250 5707; x_wconf 81' lang='lat' dir='ltr'><strong>sed</strong></span> <span class='ocrx_word' id='word_1_996' title='bbox 3276 5656 3573 5711; x_wconf 83' lang='lat' dir='ltr'><strong>orationem</strong></span> <span class='ocrx_word' id='word_1_997' title='bbox 3600 5658 3769 5711; x_wconf 91' lang='lat' dir='ltr'><strong>dedu-</strong></span> 
     </span>
    </p>
   </div>
   <div class='ocr_carea' id='block_1_120' title="bbox 2205 5734 3768 5819">
    <p class='ocr_par' dir='ltr' id='par_1_120' title="bbox 2205 5734 3768 5819">
     <span class='ocr_line' id='line_1_120' title="bbox 2205 5734 3768 5819; baseline 0.008 -29"><span class='ocrx_word' id='word_1_998' title='bbox 2205 5735 2281 5790; x_wconf 90' lang='lat' dir='ltr'><strong>cit</strong></span> <span class='ocrx_word' id='word_1_999' title='bbox 2304 5734 2372 5789; x_wconf 88' lang='lat' dir='ltr'><strong>ad</strong></span> <span class='ocrx_word' id='word_1_1000' title='bbox 2413 5735 2546 5789; x_wconf 89' lang='lat' dir='ltr'><strong>alios</strong></span> <span class='ocrx_word' id='word_1_1001' title='bbox 2570 5776 2585 5804; x_wconf 96' lang='lat'><strong>,</strong></span> <span class='ocrx_word' id='word_1_1002' title='bbox 2616 5751 2685 5792; x_wconf 90' lang='lat' dir='ltr'><strong>ne</strong></span> <span class='ocrx_word' id='word_1_1003' title='bbox 2714 5736 2888 5793; x_wconf 86' lang='lat' dir='ltr'><strong>feriat.</strong></span> <span class='ocrx_word' id='word_1_1004' title='bbox 2921 5738 3286 5814; x_wconf 86' lang='lat' dir='ltr'><strong>Blasphemias</strong></span> <span class='ocrx_word' id='word_1_1005' title='bbox 3313 5745 3443 5801; x_wconf 91' lang='lat' dir='ltr'><strong>dicit</strong></span> <span class='ocrx_word' id='word_1_1006' title='bbox 3484 5749 3768 5819; x_wconf 73' lang='lat' dir='ltr'><strong>maledicta</strong></span> 
     </span>
    </p>
   </div>
   <div class='ocr_carea' id='block_1_121' title="bbox 2152 5829 3771 5909">
    <p class='ocr_par' dir='ltr' id='par_1_121' title="bbox 2152 5829 3771 5909">
     <span class='ocr_line' id='line_1_121' title="bbox 2152 5829 3771 5909; baseline 0.009 -25"><span class='ocrx_word' id='word_1_1007' title='bbox 2152 5901 2174 5909; x_wconf 79' lang='lat'><strong><em>_</em></strong></span> <span class='ocrx_word' id='word_1_1008' title='bbox 2207 5837 2261 5885; x_wconf 87' lang='lat' dir='ltr'><strong>et</strong></span> <span class='ocrx_word' id='word_1_1009' title='bbox 2286 5829 2559 5898; x_wconf 78' lang='lat' dir='ltr'><strong>cothcia;</strong></span> <span class='ocrx_word' id='word_1_1010' title='bbox 2589 5830 2725 5887; x_wconf 90' lang='lat' dir='ltr'><strong>sicut</strong></span> <span class='ocrx_word' id='word_1_1011' title='bbox 2766 5831 2897 5890; x_wconf 88' lang='lat' dir='ltr'><strong>iram</strong></span> <span class='ocrx_word' id='word_1_1012' title='bbox 2941 5835 3067 5892; x_wconf 90' lang='lat' dir='ltr'><strong>dicit</strong></span> <span class='ocrx_word' id='word_1_1013' title='bbox 3110 5839 3379 5895; x_wconf 88' lang='lat' dir='ltr'><strong>malitiam.</strong></span> <span class='ocrx_word' id='word_1_1014' title='bbox 3424 5842 3564 5897; x_wconf 78' lang='lat' dir='ltr'><strong>Alibi</strong></span> <span class='ocrx_word' id='word_1_1015' title='bbox 3590 5855 3771 5900; x_wconf 76' lang='lat' dir='ltr'><strong>autem</strong></span> 
     </span>
    </p>
   </div>
  </div>
