  <div class='ocr_page' id='page_1' title='image "/cluster/home/n/w/nwhite01/storage/ocr_20150623/62/hvd.32044019207836/362.png"; bbox 0 0 3874 6516; ppageno 0'>
   <div class='ocr_carea' id='block_1_1' title="bbox 93 368 1659 432">
    <p class='ocr_par' dir='ltr' id='par_1_1' title="bbox 93 368 1659 432">
     <span class='ocr_line' id='line_1_1' title="bbox 93 368 1659 432; baseline -0.004 -3"><span class='ocrx_word' id='word_1_1' title='bbox 93 373 199 432; x_wconf 73' lang='lat'>555</span> <span class='ocrx_word' id='word_1_2' title='bbox 943 372 1009 427; x_wconf 84' lang='lat' dir='ltr'><strong>lN</strong></span> <span class='ocrx_word' id='word_1_3' title='bbox 1051 371 1264 428; x_wconf 84' lang='lat' dir='ltr'>EPIST.</span> <span class='ocrx_word' id='word_1_4' title='bbox 1304 373 1396 427; x_wconf 77' lang='lat' dir='ltr'>AD</span> <span class='ocrx_word' id='word_1_5' title='bbox 1431 368 1659 428; x_wconf 74' lang='grc' dir='ltr'>εοιοεε</span> 
     </span>
    </p>
   </div>
   <div class='ocr_carea' id='block_1_2' title="bbox 1761 368 2478 432">
    <p class='ocr_par' dir='ltr' id='par_1_2' title="bbox 1761 369 2478 430">
     <span class='ocr_line' id='line_1_2' title="bbox 1761 369 2478 430; baseline 0.004 -4"><span class='ocrx_word' id='word_1_6' title='bbox 1761 369 1896 426; x_wconf 71' lang='grc' dir='ltr'>ΞΑΡ.</span> <span class='ocrx_word' id='word_1_7' title='bbox 1933 372 2023 428; x_wconf 89' lang='lat' dir='ltr'>III.</span> <span class='ocrx_word' id='word_1_8' title='bbox 2065 371 2302 429; x_wconf 78' lang='grc' dir='ltr'>ΗΟΜΙΙ..</span> <span class='ocrx_word' id='word_1_9' title='bbox 2343 373 2478 430; x_wconf 76' lang='lat' dir='ltr'>VIII.</span> 
     </span>
    </p>
   </div>
   <div class='ocr_carea' id='block_1_3' title="bbox 93 483 1650 558">
    <p class='ocr_par' dir='ltr' id='par_1_3' title="bbox 93 483 1650 558">
     <span class='ocr_line' id='line_1_3' title="bbox 93 483 1650 558; baseline -0.001 -18"><span class='ocrx_word' id='word_1_10' title='bbox 93 488 128 557; x_wconf 77' lang='grc' dir='ltr'>ἡ</span> <span class='ocrx_word' id='word_1_11' title='bbox 165 487 272 558; x_wconf 78' lang='grc' dir='ltr'>γὰρ</span> <span class='ocrx_word' id='word_1_12' title='bbox 306 483 621 556; x_wconf 71' lang='grc' dir='ltr'>ἀνθρωπίνη</span> <span class='ocrx_word' id='word_1_13' title='bbox 647 486 834 557; x_wconf 80' lang='grc' dir='ltr'>εἰρήνη</span> <span class='ocrx_word' id='word_1_14' title='bbox 863 485 926 538; x_wconf 80' lang='grc' dir='ltr'>ἐκ</span> <span class='ocrx_word' id='word_1_15' title='bbox 961 487 1055 538; x_wconf 91' lang='grc' dir='ltr'>τοῦ</span> <span class='ocrx_word' id='word_1_16' title='bbox 1086 486 1391 556; x_wconf 88' lang='grc' dir='ltr'>ἀμύνασθαι</span> <span class='ocrx_word' id='word_1_17' title='bbox 1423 487 1650 556; x_wconf 86' lang='grc' dir='ltr'>γίνεται,</span> 
     </span>
    </p>
   </div>
   <div class='ocr_carea' id='block_1_4' title="bbox 92 573 1651 645">
    <p class='ocr_par' dir='ltr' id='par_1_4' title="bbox 92 573 1651 645">
     <span class='ocr_line' id='line_1_4' title="bbox 92 573 1651 645; baseline -0.003 -15"><span class='ocrx_word' id='word_1_18' title='bbox 92 580 157 630; x_wconf 72' lang='grc' dir='ltr'>ὲκ</span> <span class='ocrx_word' id='word_1_19' title='bbox 183 574 276 626; x_wconf 88' lang='grc' dir='ltr'>τοῦ</span> <span class='ocrx_word' id='word_1_20' title='bbox 309 573 471 644; x_wconf 82' lang='grc' dir='ltr'>μηδὲν</span> <span class='ocrx_word' id='word_1_21' title='bbox 501 574 728 643; x_wconf 80' lang='grc' dir='ltr'>πάσχειν</span> <span class='ocrx_word' id='word_1_22' title='bbox 760 573 947 625; x_wconf 86' lang='grc' dir='ltr'>δεινόν.</span> <span class='ocrx_word' id='word_1_23' title='bbox 989 573 1127 626; x_wconf 77' lang='grc' dir='ltr'>Ἀλλ’</span> <span class='ocrx_word' id='word_1_24' title='bbox 1153 575 1213 626; x_wconf 88' lang='grc' dir='ltr'>οὐ</span> <span class='ocrx_word' id='word_1_25' title='bbox 1237 574 1439 645; x_wconf 88' lang='grc' dir='ltr'>ταύτην</span> <span class='ocrx_word' id='word_1_26' title='bbox 1469 573 1651 644; x_wconf 87' lang='grc' dir='ltr'>βούλο-</span> 
     </span>
    </p>
   </div>
   <div class='ocr_carea' id='block_1_5' title="bbox 95 659 1651 736">
    <p class='ocr_par' dir='ltr' id='par_1_5' title="bbox 95 659 1651 736">
     <span class='ocr_line' id='line_1_5' title="bbox 95 659 1651 736; baseline -0.002 -18"><span class='ocrx_word' id='word_1_27' title='bbox 95 683 212 736; x_wconf 84' lang='grc' dir='ltr'>μαι,</span> <span class='ocrx_word' id='word_1_28' title='bbox 232 663 413 734; x_wconf 75' lang='grc' dir='ltr'>φησὶν,</span> <span class='ocrx_word' id='word_1_29' title='bbox 436 661 548 715; x_wconf 84' lang='grc' dir='ltr'>ἀλλ’</span> <span class='ocrx_word' id='word_1_30' title='bbox 582 660 815 729; x_wconf 83' lang='grc' dir='ltr'>ἐκείνην,</span> <span class='ocrx_word' id='word_1_31' title='bbox 836 663 900 732; x_wconf 79' lang='grc' dir='ltr'>ἣν</span> <span class='ocrx_word' id='word_1_32' title='bbox 926 661 954 713; x_wconf 99' lang='lat'><em>6</em></span> <span class='ocrx_word' id='word_1_33' title='bbox 981 661 1211 731; x_wconf 83' lang='grc' dir='ltr'>Χριστὸς</span> <span class='ocrx_word' id='word_1_34' title='bbox 1243 662 1451 730; x_wconf 84' lang='grc' dir='ltr'>ἀφῆκεν</span> <span class='ocrx_word' id='word_1_35' title='bbox 1470 659 1651 722; x_wconf 85' lang='grc' dir='ltr'>αὐτός.</span> 
     </span>
    </p>
   </div>
   <div class='ocr_carea' id='block_1_6' title="bbox 91 745 1654 819">
    <p class='ocr_par' dir='ltr' id='par_1_6' title="bbox 91 745 1654 819">
     <span class='ocr_line' id='line_1_6' title="bbox 91 745 1654 819; baseline -0.003 -14"><span class='ocrx_word' id='word_1_36' title='bbox 91 753 310 807; x_wconf 80' lang='grc' dir='ltr'>Στάδιον</span> <span class='ocrx_word' id='word_1_37' title='bbox 346 750 492 803; x_wconf 79' lang='grc' dir='ltr'>ἔνδον</span> <span class='ocrx_word' id='word_1_38' title='bbox 521 750 772 818; x_wconf 74' lang='grc' dir='ltr'>ἐποίησεν</span> <span class='ocrx_word' id='word_1_39' title='bbox 799 750 855 800; x_wconf 83' lang='grc' dir='ltr'>ἐν</span> <span class='ocrx_word' id='word_1_40' title='bbox 886 745 1007 812; x_wconf 74' lang='grc' dir='ltr'>τοῖς</span> <span class='ocrx_word' id='word_1_41' title='bbox 1029 749 1326 819; x_wconf 84' lang='grc' dir='ltr'>λογισμοῖς,</span> <span class='ocrx_word' id='word_1_42' title='bbox 1352 750 1446 802; x_wconf 87' lang='lat' dir='ltr'>ml</span> <span class='ocrx_word' id='word_1_43' title='bbox 1469 747 1654 817; x_wconf 86' lang='grc' dir='ltr'>ἀγῶνα</span> 
     </span>
    </p>
   </div>
   <div class='ocr_carea' id='block_1_7' title="bbox 89 832 1652 909">
    <p class='ocr_par' dir='ltr' id='par_1_7' title="bbox 89 832 1652 909">
     <span class='ocr_line' id='line_1_7' title="bbox 89 832 1652 909; baseline -0.004 -15"><span class='ocrx_word' id='word_1_44' title='bbox 89 843 186 894; x_wconf 71' lang='grc' dir='ltr'>καὶ</span> <span class='ocrx_word' id='word_1_45' title='bbox 217 839 438 909; x_wconf 82' lang='grc' dir='ltr'>ἄθλησιν</span> <span class='ocrx_word' id='word_1_46' title='bbox 476 836 572 890; x_wconf 76' lang='grc' dir='ltr'>καὶ</span> <span class='ocrx_word' id='word_1_47' title='bbox 612 835 936 906; x_wconf 82' lang='grc' dir='ltr'>βραϐευτήν.</span> <span class='ocrx_word' id='word_1_48' title='bbox 975 832 1105 888; x_wconf 79' lang='grc' dir='ltr'>Εἶτα</span> <span class='ocrx_word' id='word_1_49' title='bbox 1134 836 1297 889; x_wconf 89' lang='grc' dir='ltr'>πάλιν</span> <span class='ocrx_word' id='word_1_50' title='bbox 1335 836 1652 908; x_wconf 78' lang='grc' dir='ltr'>προτροπήο</span> 
     </span>
    </p>
   </div>
   <div class='ocr_carea' id='block_1_8' title="bbox 92 915 1650 996">
    <p class='ocr_par' dir='ltr' id='par_1_8' title="bbox 92 915 1650 996">
     <span class='ocr_line' id='line_1_8' title="bbox 92 915 1650 996; baseline -0.004 -14"><span class='ocrx_word' id='word_1_51' title='bbox 92 931 194 993; x_wconf 83' lang='grc' dir='ltr'>Είς</span> <span class='ocrx_word' id='word_1_52' title='bbox 234 925 314 993; x_wconf 79' lang='grc' dir='ltr'>ἢν</span> <span class='ocrx_word' id='word_1_53' title='bbox 344 926 655 990; x_wconf 76' lang='grc' dir='ltr'>ἐκλήθητε,</span> <span class='ocrx_word' id='word_1_54' title='bbox 680 923 838 992; x_wconf 75' lang='grc' dir='ltr'>φησί’</span> <span class='ocrx_word' id='word_1_55' title='bbox 870 915 1326 996; x_wconf 80' lang='grc' dir='ltr'>τουτέστιν,ὲφ’ᾖ</span> <span class='ocrx_word' id='word_1_56' title='bbox 1363 921 1650 993; x_wconf 76' lang='grc' dir='ltr'>ἐκλήθητε.</span> 
     </span>
    </p>
   </div>
   <div class='ocr_carea' id='block_1_9' title="bbox 102 1009 1652 1084">
    <p class='ocr_par' dir='ltr' id='par_1_9' title="bbox 102 1009 1652 1084">
     <span class='ocr_line' id='line_1_9' title="bbox 102 1009 1652 1084; baseline -0.005 -16"><span class='ocrx_word' id='word_1_57' title='bbox 102 1014 429 1084; x_wconf 82' lang='grc' dir='ltr'>Ἀνέμνησεν</span> <span class='ocrx_word' id='word_1_58' title='bbox 447 1012 584 1064; x_wconf 84' lang='grc' dir='ltr'>ὅσων</span> <span class='ocrx_word' id='word_1_59' title='bbox 607 1009 826 1077; x_wconf 82' lang='grc' dir='ltr'>ἀγαθῶν</span> <span class='ocrx_word' id='word_1_60' title='bbox 855 1009 1001 1062; x_wconf 83' lang='grc' dir='ltr'>αἰτία</span> <span class='ocrx_word' id='word_1_61' title='bbox 1020 1011 1053 1078; x_wconf 85' lang='grc' dir='ltr'>ή</span> <span class='ocrx_word' id='word_1_62' title='bbox 1085 1010 1297 1080; x_wconf 82' lang='grc' dir='ltr'>εἰρήνη.</span> <span class='ocrx_word' id='word_1_63' title='bbox 1324 1010 1422 1062; x_wconf 87' lang='grc' dir='ltr'>Διά</span> <span class='ocrx_word' id='word_1_64' title='bbox 1446 1009 1652 1078; x_wconf 86' lang='grc' dir='ltr'>ταύτην</span> 
     </span>
    </p>
   </div>
   <div class='ocr_carea' id='block_1_10' title="bbox 91 1097 1655 1168">
    <p class='ocr_par' dir='ltr' id='par_1_10' title="bbox 91 1097 1655 1168">
     <span class='ocr_line' id='line_1_10' title="bbox 91 1097 1655 1168; baseline -0.004 -12"><span class='ocrx_word' id='word_1_65' title='bbox 91 1121 156 1156; x_wconf 88' lang='grc' dir='ltr'>σε</span> <span class='ocrx_word' id='word_1_66' title='bbox 200 1102 474 1163; x_wconf 76' lang='grc' dir='ltr'>ἐκάλεσεν,</span> <span class='ocrx_word' id='word_1_67' title='bbox 504 1100 598 1152; x_wconf 73' lang='grc' dir='ltr'>ἐπὶ</span> <span class='ocrx_word' id='word_1_68' title='bbox 644 1097 812 1168; x_wconf 85' lang='grc' dir='ltr'>ταύτῃ</span> <span class='ocrx_word' id='word_1_69' title='bbox 848 1098 1124 1162; x_wconf 76' lang='grc' dir='ltr'>ἐκάλεσεν,</span> <span class='ocrx_word' id='word_1_70' title='bbox 1160 1097 1300 1150; x_wconf 86' lang='grc' dir='ltr'>ὥστε</span> <span class='ocrx_word' id='word_1_71' title='bbox 1347 1097 1655 1162; x_wconf 80' lang='grc' dir='ltr'>ἀξιόπιστον</span> 
     </span>
    </p>
   </div>
   <div class='ocr_carea' id='block_1_11' title="bbox 89 1184 1656 1259">
    <p class='ocr_par' dir='ltr' id='par_1_11' title="bbox 89 1184 1656 1259">
     <span class='ocr_line' id='line_1_11' title="bbox 89 1184 1656 1259; baseline -0.003 -17"><span class='ocrx_word' id='word_1_72' title='bbox 89 1188 448 1256; x_wconf 82' lang='grc' dir='ltr'>ἀναδέξασθαι</span> <span class='ocrx_word' id='word_1_73' title='bbox 476 1186 536 1238; x_wconf 89' lang='grc' dir='ltr'>τὸ</span> <span class='ocrx_word' id='word_1_74' title='bbox 561 1185 831 1259; x_wconf 90' lang='grc' dir='ltr'>βραϐεῖον.</span> <span class='ocrx_word' id='word_1_75' title='bbox 862 1185 960 1237; x_wconf 81' lang='grc' dir='ltr'>Διά</span> <span class='ocrx_word' id='word_1_76' title='bbox 981 1185 1033 1237; x_wconf 87' lang='grc' dir='ltr'>τί</span> <span class='ocrx_word' id='word_1_77' title='bbox 1061 1185 1166 1257; x_wconf 77' lang='grc' dir='ltr'>γὰρ</span> <span class='ocrx_word' id='word_1_78' title='bbox 1199 1185 1256 1239; x_wconf 86' lang='grc' dir='ltr'>ἓν</span> <span class='ocrx_word' id='word_1_79' title='bbox 1287 1184 1446 1256; x_wconf 84' lang='grc' dir='ltr'>σῶμα</span> <span class='ocrx_word' id='word_1_80' title='bbox 1474 1185 1656 1256; x_wconf 77' lang='grc' dir='ltr'>ἐποίη-</span> 
     </span>
    </p>
   </div>
   <div class='ocr_carea' id='block_1_12' title="bbox 92 1271 1657 1346">
    <p class='ocr_par' dir='ltr' id='par_1_12' title="bbox 92 1271 1657 1346">
     <span class='ocr_line' id='line_1_12' title="bbox 92 1271 1657 1346; baseline 0 -18"><span class='ocrx_word' id='word_1_81' title='bbox 92 1294 214 1341; x_wconf 84' lang='grc' dir='ltr'>σεν;</span> <span class='ocrx_word' id='word_1_82' title='bbox 237 1276 337 1344; x_wconf 91' lang='grc' dir='ltr'>οὐχ</span> <span class='ocrx_word' id='word_1_83' title='bbox 375 1275 462 1327; x_wconf 78' lang='grc' dir='ltr'>ἵνα</span> <span class='ocrx_word' id='word_1_84' title='bbox 499 1272 636 1342; x_wconf 78' lang='grc' dir='ltr'>αὕτη</span> <span class='ocrx_word' id='word_1_85' title='bbox 679 1275 886 1343; x_wconf 75' lang='grc' dir='ltr'>κρατῇς</span> <span class='ocrx_word' id='word_1_86' title='bbox 923 1273 1020 1341; x_wconf 82' lang='grc' dir='ltr'>οὐχ</span> <span class='ocrx_word' id='word_1_87' title='bbox 1052 1272 1138 1325; x_wconf 77' lang='grc' dir='ltr'>ἵνα</span> <span class='ocrx_word' id='word_1_88' title='bbox 1170 1272 1424 1344; x_wconf 82' lang='grc' dir='ltr'>ἀφορμὴν</span> <span class='ocrx_word' id='word_1_89' title='bbox 1448 1271 1657 1346; x_wconf 74' lang='grc' dir='ltr'>ἔχωμεν</span> 
     </span>
    </p>
   </div>
   <div class='ocr_carea' id='block_1_13' title="bbox 88 1359 1656 1434">
    <p class='ocr_par' dir='ltr' id='par_1_13' title="bbox 88 1359 1656 1434">
     <span class='ocr_line' id='line_1_13' title="bbox 88 1359 1656 1434; baseline -0.001 -18"><span class='ocrx_word' id='word_1_90' title='bbox 88 1363 183 1416; x_wconf 90' lang='grc' dir='ltr'>τοῦ</span> <span class='ocrx_word' id='word_1_91' title='bbox 208 1360 533 1434; x_wconf 86' lang='grc' dir='ltr'>είρηνεύειν;</span> <span class='ocrx_word' id='word_1_92' title='bbox 559 1360 654 1413; x_wconf 88' lang='grc' dir='ltr'>Διά</span> <span class='ocrx_word' id='word_1_93' title='bbox 684 1360 736 1412; x_wconf 89' lang='grc' dir='ltr'>τί</span> <span class='ocrx_word' id='word_1_94' title='bbox 761 1360 960 1420; x_wconf 81' lang='grc' dir='ltr'>πάντες</span> <span class='ocrx_word' id='word_1_95' title='bbox 980 1361 1037 1412; x_wconf 85' lang='grc' dir='ltr'>ἓν</span> <span class='ocrx_word' id='word_1_96' title='bbox 1065 1359 1224 1429; x_wconf 83' lang='grc' dir='ltr'>σῶμά</span> <span class='ocrx_word' id='word_1_97' title='bbox 1246 1361 1442 1430; x_wconf 85' lang='grc' dir='ltr'>ὲσμεν;</span> <span class='ocrx_word' id='word_1_98' title='bbox 1466 1361 1581 1424; x_wconf 87' lang='grc' dir='ltr'>πῶς</span> <span class='ocrx_word' id='word_1_99' title='bbox 1599 1362 1656 1415; x_wconf 78' lang='grc' dir='ltr'>δὲ</span> 
     </span>
    </p>
   </div>
   <div class='ocr_carea' id='block_1_14' title="bbox 90 1446 1657 1520">
    <p class='ocr_par' dir='ltr' id='par_1_14' title="bbox 90 1446 1657 1520">
     <span class='ocr_line' id='line_1_14' title="bbox 90 1446 1657 1520; baseline 0 -18"><span class='ocrx_word' id='word_1_100' title='bbox 90 1452 150 1502; x_wconf 83' lang='grc' dir='ltr'>ἓν</span> <span class='ocrx_word' id='word_1_101' title='bbox 196 1450 356 1520; x_wconf 85' lang='grc' dir='ltr'>σῶμά</span> <span class='ocrx_word' id='word_1_102' title='bbox 383 1451 578 1519; x_wconf 78' lang='grc' dir='ltr'>ὲσμεν;</span> <span class='ocrx_word' id='word_1_103' title='bbox 603 1449 701 1501; x_wconf 84' lang='grc' dir='ltr'>Διὰ</span> <span class='ocrx_word' id='word_1_104' title='bbox 725 1447 820 1518; x_wconf 83' lang='grc' dir='ltr'>τὴν</span> <span class='ocrx_word' id='word_1_105' title='bbox 845 1448 1064 1517; x_wconf 82' lang='grc' dir='ltr'>εἰρήνην</span> <span class='ocrx_word' id='word_1_106' title='bbox 1096 1446 1252 1516; x_wconf 82' lang='grc' dir='ltr'>σῶμα</span> <span class='ocrx_word' id='word_1_107' title='bbox 1276 1446 1333 1499; x_wconf 79' lang='grc' dir='ltr'>ἓν</span> <span class='ocrx_word' id='word_1_108' title='bbox 1355 1449 1540 1517; x_wconf 81' lang='grc' dir='ltr'>ὲσμεν,</span> <span class='ocrx_word' id='word_1_109' title='bbox 1564 1448 1657 1502; x_wconf 90' lang='lat' dir='ltr'>ml</span> 
     </span>
    </p>
   </div>
   <div class='ocr_carea' id='block_1_15' title="bbox 88 1529 1656 1606">
    <p class='ocr_par' dir='ltr' id='par_1_15' title="bbox 88 1529 1656 1606">
     <span class='ocr_line' id='line_1_15' title="bbox 88 1529 1656 1606; baseline -0.002 -15"><span class='ocrx_word' id='word_1_110' title='bbox 88 1539 176 1591; x_wconf 80' lang='grc' dir='ltr'>διὰ</span> <span class='ocrx_word' id='word_1_111' title='bbox 197 1537 259 1589; x_wconf 91' lang='grc' dir='ltr'>τὸ</span> <span class='ocrx_word' id='word_1_112' title='bbox 287 1535 447 1606; x_wconf 80' lang='grc' dir='ltr'>σῶμα</span> <span class='ocrx_word' id='word_1_113' title='bbox 474 1534 532 1588; x_wconf 80' lang='grc' dir='ltr'>ἓν</span> <span class='ocrx_word' id='word_1_114' title='bbox 573 1532 733 1597; x_wconf 79' lang='grc' dir='ltr'>εἶναι,</span> <span class='ocrx_word' id='word_1_115' title='bbox 765 1533 1139 1603; x_wconf 85' lang='grc' dir='ltr'>είρηνεύομεν.</span> <span class='ocrx_word' id='word_1_116' title='bbox 1167 1533 1267 1586; x_wconf 88' lang='grc' dir='ltr'>Διά</span> <span class='ocrx_word' id='word_1_117' title='bbox 1290 1533 1342 1586; x_wconf 88' lang='grc' dir='ltr'>τί</span> <span class='ocrx_word' id='word_1_118' title='bbox 1373 1533 1429 1587; x_wconf 84' lang='grc' dir='ltr'>δὲ</span> <span class='ocrx_word' id='word_1_119' title='bbox 1457 1533 1556 1588; x_wconf 89' lang='grc' dir='ltr'>οὐκ</span> <span class='ocrx_word' id='word_1_120' title='bbox 1581 1529 1656 1588; x_wconf 76' lang='grc' dir='ltr'>εἷο</span> 
     </span>
    </p>
   </div>
   <div class='ocr_carea' id='block_1_16' title="bbox 91 1619 1657 1694">
    <p class='ocr_par' dir='ltr' id='par_1_16' title="bbox 91 1619 1657 1694">
     <span class='ocr_line' id='line_1_16' title="bbox 91 1619 1657 1694; baseline -0.003 -16"><span class='ocrx_word' id='word_1_121' title='bbox 91 1643 212 1689; x_wconf 89' lang='grc' dir='ltr'>πεν,</span> <span class='ocrx_word' id='word_1_122' title='bbox 250 1624 316 1676; x_wconf 84' lang='grc' dir='ltr'><strong><em>Ἥ</em></strong></span> <span class='ocrx_word' id='word_1_123' title='bbox 341 1623 530 1694; x_wconf 78' lang='grc' dir='ltr'>εἰρήνη</span> <span class='ocrx_word' id='word_1_124' title='bbox 561 1619 656 1674; x_wconf 90' lang='grc' dir='ltr'>τοῦ</span> <span class='ocrx_word' id='word_1_125' title='bbox 685 1621 819 1674; x_wconf 88' lang='grc' dir='ltr'>Θεοῦ</span> <span class='ocrx_word' id='word_1_126' title='bbox 847 1620 1070 1685; x_wconf 80' lang='grc' dir='ltr'>νικάτω,</span> <span class='ocrx_word' id='word_1_127' title='bbox 1103 1619 1258 1684; x_wconf 88' lang='grc' dir='ltr'>ἀλλά,</span> <span class='ocrx_word' id='word_1_128' title='bbox 1287 1621 1657 1688; x_wconf 81' lang='grc' dir='ltr'>Βραϐευέτω;</span> 
     </span>
    </p>
   </div>
   <div class='ocr_carea' id='block_1_17' title="bbox 99 1709 1656 1781">
    <p class='ocr_par' dir='ltr' id='par_1_17' title="bbox 99 1709 1656 1781">
     <span class='ocr_line' id='line_1_17' title="bbox 99 1709 1656 1781; baseline -0.003 -15"><span class='ocrx_word' id='word_1_129' title='bbox 99 1711 568 1781; x_wconf 82' lang='grc' dir='ltr'>Ἀξιοπιστοτέραν</span> <span class='ocrx_word' id='word_1_130' title='bbox 613 1709 780 1780; x_wconf 82' lang='grc' dir='ltr'>αὐτὴν</span> <span class='ocrx_word' id='word_1_131' title='bbox 812 1709 1054 1778; x_wconf 77' lang='grc' dir='ltr'>ἐποίησε.</span> <span class='ocrx_word' id='word_1_132' title='bbox 1090 1709 1194 1762; x_wconf 92' lang='grc' dir='ltr'>Τὸν</span> <span class='ocrx_word' id='word_1_133' title='bbox 1243 1709 1475 1780; x_wconf 86' lang='grc' dir='ltr'>πονηρὸν</span> <span class='ocrx_word' id='word_1_134' title='bbox 1508 1709 1656 1778; x_wconf 88' lang='grc' dir='ltr'>λογι-</span> 
     </span>
    </p>
   </div>
   <div class='ocr_carea' id='block_1_18' title="bbox 86 1795 1656 1868">
    <p class='ocr_par' dir='ltr' id='par_1_18' title="bbox 86 1795 1656 1868">
     <span class='ocr_line' id='line_1_18' title="bbox 86 1795 1656 1868; baseline -0.001 -17"><span class='ocrx_word' id='word_1_135' title='bbox 86 1801 232 1868; x_wconf 86' lang='grc' dir='ltr'>σμὸν</span> <span class='ocrx_word' id='word_1_136' title='bbox 254 1798 354 1852; x_wconf 89' lang='grc' dir='ltr'>οὐκ</span> <span class='ocrx_word' id='word_1_137' title='bbox 367 1795 572 1866; x_wconf 82' lang='grc' dir='ltr'>ἀφῆκεν</span> <span class='ocrx_word' id='word_1_138' title='bbox 598 1795 732 1866; x_wconf 80' lang='grc' dir='ltr'>αὐτῇ</span> <span class='ocrx_word' id='word_1_139' title='bbox 757 1795 1171 1866; x_wconf 82' lang='grc' dir='ltr'>προσπαλαίειν,</span> <span class='ocrx_word' id='word_1_140' title='bbox 1195 1795 1331 1849; x_wconf 86' lang='grc' dir='ltr'>ἀλλά</span> <span class='ocrx_word' id='word_1_141' title='bbox 1353 1795 1656 1867; x_wconf 82' lang='grc' dir='ltr'>κατώτερον</span> 
     </span>
    </p>
   </div>
   <div class='ocr_carea' id='block_1_19' title="bbox 85 1883 1658 1955">
    <p class='ocr_par' dir='ltr' id='par_1_19' title="bbox 85 1883 1658 1955">
     <span class='ocr_line' id='line_1_19' title="bbox 85 1883 1658 1955; baseline -0.001 -15"><span class='ocrx_word' id='word_1_142' title='bbox 85 1888 336 1942; x_wconf 78' lang='grc' dir='ltr'>ἑστάναι.</span> <span class='ocrx_word' id='word_1_143' title='bbox 359 1886 463 1938; x_wconf 82' lang='lat' dir='ltr'><strong>Kal</strong></span> <span class='ocrx_word' id='word_1_144' title='bbox 484 1884 545 1938; x_wconf 83' lang='lat'><strong>16</strong></span> <span class='ocrx_word' id='word_1_145' title='bbox 560 1883 653 1938; x_wconf 86' lang='lat'>106</span> <span class='ocrx_word' id='word_1_146' title='bbox 680 1883 928 1954; x_wconf 83' lang='grc' dir='ltr'>βραϐείου</span> <span class='ocrx_word' id='word_1_147' title='bbox 948 1883 1117 1954; x_wconf 74' lang='grc' dir='ltr'>ὄνομα</span> <span class='ocrx_word' id='word_1_148' title='bbox 1141 1883 1313 1954; x_wconf 78' lang='grc' dir='ltr'>ἐπῆρε</span> <span class='ocrx_word' id='word_1_149' title='bbox 1345 1884 1434 1938; x_wconf 89' lang='grc' dir='ltr'>τὸν</span> <span class='ocrx_word' id='word_1_150' title='bbox 1456 1884 1658 1955; x_wconf 88' lang='grc' dir='ltr'>ἀκροα-</span> 
     </span>
    </p>
   </div>
   <div class='ocr_carea' id='block_1_20' title="bbox 81 1955 1656 2044">
    <p class='ocr_par' dir='ltr' id='par_1_20' title="bbox 81 1955 1656 2044">
     <span class='ocr_line' id='line_1_20' title="bbox 81 1955 1656 2044; baseline -0.001 -18"><span class='ocrx_word' id='word_1_151' title='bbox 81 1976 213 2044; x_wconf 87' lang='grc' dir='ltr'>τήν.</span> <span class='ocrx_word' id='word_1_152' title='bbox 245 1975 342 2027; x_wconf 75' lang='lat' dir='ltr'>“Av</span> <span class='ocrx_word' id='word_1_153' title='bbox 371 1972 474 2044; x_wconf 79' lang='grc' dir='ltr'>γὰρ</span> <span class='ocrx_word' id='word_1_154' title='bbox 503 1970 577 2041; x_wconf 83' lang='grc' dir='ltr'>δῷ</span> <span class='ocrx_word' id='word_1_155' title='bbox 629 1955 878 2042; x_wconf 80' lang='grc' dir='ltr'>βραϐεῖον</span> <span class='ocrx_word' id='word_1_156' title='bbox 924 1969 1002 2041; x_wconf 80' lang='grc' dir='ltr'>τῷ</span> <span class='ocrx_word' id='word_1_157' title='bbox 1043 1969 1231 2040; x_wconf 88' lang='grc' dir='ltr'>ἀγαθῷ</span> <span class='ocrx_word' id='word_1_158' title='bbox 1267 1970 1526 2041; x_wconf 82' lang='grc' dir='ltr'>λογισμῷ,</span> <span class='ocrx_word' id='word_1_159' title='bbox 1556 1972 1656 2025; x_wconf 79' lang='grc' dir='ltr'>ὅσα</span> 
     </span>
    </p>
   </div>
   <div class='ocr_carea' id='block_1_21' title="bbox 83 2058 1654 2131">
    <p class='ocr_par' dir='ltr' id='par_1_21' title="bbox 83 2058 1654 2131">
     <span class='ocr_line' id='line_1_21' title="bbox 83 2058 1654 2131; baseline 0 -18"><span class='ocrx_word' id='word_1_160' title='bbox 83 2059 242 2131; x_wconf 76' lang='grc'><strong>[584]</strong></span> <span class='ocrx_word' id='word_1_161' title='bbox 267 2059 332 2113; x_wconf 85' lang='grc' dir='ltr'>ἀν</span> <span class='ocrx_word' id='word_1_162' title='bbox 383 2061 711 2129; x_wconf 83' lang='grc' dir='ltr'>ἀναισχυντῇ</span> <span class='ocrx_word' id='word_1_163' title='bbox 762 2059 987 2120; x_wconf 78' lang='grc' dir='ltr'>ἐκεῖνος,</span> <span class='ocrx_word' id='word_1_164' title='bbox 1023 2058 1176 2111; x_wconf 85' lang='grc' dir='ltr'>οὐδὲν</span> <span class='ocrx_word' id='word_1_165' title='bbox 1221 2058 1410 2127; x_wconf 73' lang='grc' dir='ltr'>ὄφελος</span> <span class='ocrx_word' id='word_1_166' title='bbox 1450 2059 1654 2114; x_wconf 88' lang='grc' dir='ltr'>λοιπόν.</span> 
     </span>
    </p>
   </div>
   <div class='ocr_carea' id='block_1_22' title="bbox 88 2140 1656 2218">
    <p class='ocr_par' dir='ltr' id='par_1_22' title="bbox 88 2140 1656 2218">
     <span class='ocr_line' id='line_1_22' title="bbox 88 2140 1656 2218; baseline -0.001 -18"><span class='ocrx_word' id='word_1_167' title='bbox 88 2147 302 2209; x_wconf 82' lang='grc' dir='ltr'>Ἀλλως</span> <span class='ocrx_word' id='word_1_168' title='bbox 325 2147 383 2200; x_wconf 79' lang='grc' dir='ltr'>δὲ</span> <span class='ocrx_word' id='word_1_169' title='bbox 409 2148 609 2208; x_wconf 74' lang='grc' dir='ltr'>ἐκεῖνος</span> <span class='ocrx_word' id='word_1_170' title='bbox 637 2143 792 2208; x_wconf 78' lang='grc' dir='ltr'>εἰδὼς</span> <span class='ocrx_word' id='word_1_171' title='bbox 815 2140 904 2215; x_wconf 78' lang='grc' dir='ltr'>ἦν,</span> <span class='ocrx_word' id='word_1_172' title='bbox 923 2145 1005 2197; x_wconf 84' lang='grc' dir='ltr'>ὅτι</span> <span class='ocrx_word' id='word_1_173' title='bbox 1029 2145 1128 2197; x_wconf 83' lang='grc' dir='ltr'>ὅσα</span> <span class='ocrx_word' id='word_1_174' title='bbox 1151 2144 1217 2198; x_wconf 85' lang='grc' dir='ltr'>ἂν</span> <span class='ocrx_word' id='word_1_175' title='bbox 1232 2146 1562 2218; x_wconf 37' lang='grc' dir='ltr'>γέργάσηται,</span> <span class='ocrx_word' id='word_1_176' title='bbox 1593 2146 1656 2200; x_wconf 89' lang='grc' dir='ltr'>οὐ</span> 
     </span>
    </p>
   </div>
   <div class='ocr_carea' id='block_1_23' title="bbox 83 2231 1658 2308">
    <p class='ocr_par' dir='ltr' id='par_1_23' title="bbox 83 2231 1658 2308">
     <span class='ocr_line' id='line_1_23' title="bbox 83 2231 1658 2308; baseline 0.001 -22"><span class='ocrx_word' id='word_1_177' title='bbox 83 2233 320 2304; x_wconf 73' lang='grc' dir='ltr'>λήψεται</span> <span class='ocrx_word' id='word_1_178' title='bbox 346 2233 408 2286; x_wconf 87' lang='grc' dir='ltr'>τὸ</span> <span class='ocrx_word' id='word_1_179' title='bbox 442 2231 722 2304; x_wconf 78' lang='grc' dir='ltr'>βραϐεῖον⁹</span> <span class='ocrx_word' id='word_1_180' title='bbox 747 2233 847 2286; x_wconf 82' lang='grc' dir='ltr'>ὅσα</span> <span class='ocrx_word' id='word_1_181' title='bbox 876 2231 941 2286; x_wconf 84' lang='grc' dir='ltr'>ἂν</span> <span class='ocrx_word' id='word_1_182' title='bbox 975 2231 1182 2305; x_wconf 78' lang='grc' dir='ltr'>πνεύσῃ</span> <span class='ocrx_word' id='word_1_183' title='bbox 1208 2232 1301 2286; x_wconf 88' lang='lat' dir='ltr'>ml</span> <span class='ocrx_word' id='word_1_184' title='bbox 1334 2233 1658 2308; x_wconf 77' lang='grc' dir='ltr'>ἐπιχειρήσῃ</span> 
     </span>
    </p>
   </div>
   <div class='ocr_carea' id='block_1_24' title="bbox 85 2319 1657 2392">
    <p class='ocr_par' dir='ltr' id='par_1_24' title="bbox 85 2319 1657 2392">
     <span class='ocr_line' id='line_1_24' title="bbox 85 2319 1657 2392; baseline 0 -19"><span class='ocrx_word' id='word_1_185' title='bbox 85 2320 448 2392; x_wconf 78' lang='grc' dir='ltr'>σφοδρότερον</span> <span class='ocrx_word' id='word_1_186' title='bbox 485 2319 831 2391; x_wconf 88' lang='grc' dir='ltr'>προσϐαλεῖν,</span> <span class='ocrx_word' id='word_1_187' title='bbox 861 2319 957 2372; x_wconf 80' lang='grc' dir='ltr'>ἆτε</span> <span class='ocrx_word' id='word_1_188' title='bbox 986 2319 1186 2390; x_wconf 80' lang='grc' dir='ltr'>ἀνόητα</span> <span class='ocrx_word' id='word_1_189' title='bbox 1212 2319 1387 2372; x_wconf 83' lang='grc' dir='ltr'>πονῶν</span> <span class='ocrx_word' id='word_1_190' title='bbox 1417 2321 1657 2391; x_wconf 84' lang='grc' dir='ltr'>ἀποστή-</span> 
     </span>
    </p>
   </div>
   <div class='ocr_carea' id='block_1_25' title="bbox 83 2406 1658 2478">
    <p class='ocr_par' dir='ltr' id='par_1_25' title="bbox 83 2406 1658 2478">
     <span class='ocr_line' id='line_1_25' title="bbox 83 2406 1658 2478; baseline -0.001 -16"><span class='ocrx_word' id='word_1_191' title='bbox 83 2427 265 2464; x_wconf 85' lang='grc' dir='ltr'>σεται.</span> <span class='ocrx_word' id='word_1_192' title='bbox 322 2408 432 2463; x_wconf 77' lang='grc' dir='ltr'>Καὶ</span> <span class='ocrx_word' id='word_1_193' title='bbox 483 2407 662 2471; x_wconf 80' lang='grc' dir='ltr'>καλῶς</span> <span class='ocrx_word' id='word_1_194' title='bbox 731 2406 1075 2478; x_wconf 88' lang='grc' dir='ltr'>προσέθηκε,</span> <span class='ocrx_word' id='word_1_195' title='bbox 1143 2407 1255 2461; x_wconf 84' lang='lat' dir='ltr'>Kal</span> <span class='ocrx_word' id='word_1_196' title='bbox 1313 2406 1658 2476; x_wconf 80' lang='grc' dir='ltr'>εὐχάριστοι</span> 
     </span>
    </p>
   </div>
   <div class='ocr_carea' id='block_1_26' title="bbox 79 2489 1658 2568">
    <p class='ocr_par' dir='ltr' id='par_1_26' title="bbox 79 2489 1658 2568">
     <span class='ocr_line' id='line_1_26' title="bbox 79 2489 1658 2568; baseline -0.003 -16"><span class='ocrx_word' id='word_1_197' title='bbox 79 2500 351 2567; x_wconf 73' lang='grc' dir='ltr'>γίνεσθε.</span> <span class='ocrx_word' id='word_1_198' title='bbox 401 2494 574 2548; x_wconf 87' lang='grc' dir='ltr'>Τοῦτο</span> <span class='ocrx_word' id='word_1_199' title='bbox 617 2495 726 2568; x_wconf 88' lang='grc' dir='ltr'>γάρ</span> <span class='ocrx_word' id='word_1_200' title='bbox 784 2497 931 2548; x_wconf 76' lang='grc' dir='ltr'>ἐστιν</span> <span class='ocrx_word' id='word_1_201' title='bbox 982 2495 1302 2566; x_wconf 83' lang='grc' dir='ltr'>εὐχάριστον</span> <span class='ocrx_word' id='word_1_202' title='bbox 1353 2489 1512 2560; x_wconf 76' lang='grc' dir='ltr'>εἶναι,</span> <span class='ocrx_word' id='word_1_203' title='bbox 1565 2497 1658 2550; x_wconf 76' lang='grc' dir='ltr'>καὶ</span> 
     </span>
    </p>
   </div>
   <div class='ocr_carea' id='block_1_27' title="bbox 83 2581 1656 2656">
    <p class='ocr_par' dir='ltr' id='par_1_27' title="bbox 83 2581 1656 2656">
     <span class='ocr_line' id='line_1_27' title="bbox 83 2581 1656 2656; baseline -0.002 -18"><span class='ocrx_word' id='word_1_204' title='bbox 83 2586 296 2656; x_wconf 77' lang='grc' dir='ltr'>σφόδρα</span> <span class='ocrx_word' id='word_1_205' title='bbox 322 2582 706 2652; x_wconf 83' lang='grc' dir='ltr'>ὲντρεπτικῶς,</span> <span class='ocrx_word' id='word_1_206' title='bbox 727 2582 789 2635; x_wconf 90' lang='grc' dir='ltr'>τὸ</span> <span class='ocrx_word' id='word_1_207' title='bbox 812 2583 1012 2652; x_wconf 87' lang='grc' dir='ltr'>ὁμοίως</span> <span class='ocrx_word' id='word_1_208' title='bbox 1041 2581 1342 2653; x_wconf 84' lang='grc' dir='ltr'>κεχρῆσθαι</span> <span class='ocrx_word' id='word_1_209' title='bbox 1375 2584 1489 2644; x_wconf 91' lang='grc' dir='ltr'>τοῖς</span> <span class='ocrx_word' id='word_1_210' title='bbox 1526 2584 1656 2652; x_wconf 90' lang='grc' dir='ltr'>ὁμο-</span> 
     </span>
    </p>
   </div>
   <div class='ocr_carea' id='block_1_28' title="bbox 78 2668 1657 2743">
    <p class='ocr_par' dir='ltr' id='par_1_28' title="bbox 78 2668 1657 2743">
     <span class='ocr_line' id='line_1_28' title="bbox 78 2668 1657 2743; baseline -0.003 -16"><span class='ocrx_word' id='word_1_211' title='bbox 78 2675 316 2738; x_wconf 85' lang='grc' dir='ltr'>δούλοις,</span> <span class='ocrx_word' id='word_1_212' title='bbox 338 2669 526 2743; x_wconf 81' lang='grc' dir='ltr'>ὥσπερ</span> <span class='ocrx_word' id='word_1_213' title='bbox 572 2671 722 2742; x_wconf 87' lang='grc' dir='ltr'>αὐτῷ</span> <span class='ocrx_word' id='word_1_214' title='bbox 765 2673 794 2725; x_wconf 90' lang='grc' dir='ltr'>ὁ</span> <span class='ocrx_word' id='word_1_215' title='bbox 822 2671 976 2733; x_wconf 84' lang='grc' dir='ltr'>Θεὸς,</span> <span class='ocrx_word' id='word_1_216' title='bbox 999 2671 1060 2723; x_wconf 89' lang='grc' dir='ltr'>τὸ</span> <span class='ocrx_word' id='word_1_217' title='bbox 1099 2671 1265 2724; x_wconf 81' lang='grc' dir='ltr'>εἴκειν</span> <span class='ocrx_word' id='word_1_218' title='bbox 1303 2668 1379 2740; x_wconf 82' lang='grc' dir='ltr'>τῷ</span> <span class='ocrx_word' id='word_1_219' title='bbox 1406 2669 1657 2742; x_wconf 80' lang='grc' dir='ltr'>δεσπότῃ,</span> 
     </span>
    </p>
   </div>
   <div class='ocr_carea' id='block_1_29' title="bbox 79 2757 1660 2830">
    <p class='ocr_par' dir='ltr' id='par_1_29' title="bbox 79 2757 1660 2830">
     <span class='ocr_line' id='line_1_29' title="bbox 79 2757 1660 2830; baseline -0.003 -16"><span class='ocrx_word' id='word_1_220' title='bbox 79 2763 144 2815; x_wconf 88' lang='grc' dir='ltr'>τὸ</span> <span class='ocrx_word' id='word_1_221' title='bbox 176 2761 488 2822; x_wconf 87' lang='grc' dir='ltr'>πείθεσθαι,</span> <span class='ocrx_word' id='word_1_222' title='bbox 515 2758 575 2812; x_wconf 84' lang='grc' dir='ltr'>τὸ</span> <span class='ocrx_word' id='word_1_223' title='bbox 621 2758 761 2830; x_wconf 81' lang='grc' dir='ltr'>ὑπὲρ</span> <span class='ocrx_word' id='word_1_224' title='bbox 795 2759 1009 2812; x_wconf 84' lang='grc' dir='ltr'>πάντων</span> <span class='ocrx_word' id='word_1_225' title='bbox 1047 2759 1205 2829; x_wconf 85' lang='grc' dir='ltr'>χάριν</span> <span class='ocrx_word' id='word_1_226' title='bbox 1238 2757 1532 2828; x_wconf 76' lang='grc' dir='ltr'>ὁμολογεῖν,</span> <span class='ocrx_word' id='word_1_227' title='bbox 1557 2758 1660 2810; x_wconf 83' lang='grc' dir='ltr'>κᾶν</span> 
     </span>
    </p>
   </div>
   <div class='ocr_carea' id='block_1_30' title="bbox 81 2844 1660 2921">
    <p class='ocr_par' dir='ltr' id='par_1_30' title="bbox 81 2844 1660 2921">
     <span class='ocr_line' id='line_1_30' title="bbox 81 2844 1660 2921; baseline -0.003 -19"><span class='ocrx_word' id='word_1_228' title='bbox 81 2849 291 2921; x_wconf 81' lang='grc' dir='ltr'>ὑϐρίσῃ</span> <span class='ocrx_word' id='word_1_229' title='bbox 320 2865 424 2910; x_wconf 88' lang='grc' dir='ltr'>τις,</span> <span class='ocrx_word' id='word_1_230' title='bbox 464 2846 569 2900; x_wconf 77' lang='grc' dir='ltr'>κᾶν</span> <span class='ocrx_word' id='word_1_231' title='bbox 599 2846 799 2919; x_wconf 82' lang='grc' dir='ltr'>πλήξῃ.</span> <span class='ocrx_word' id='word_1_232' title='bbox 835 2846 908 2898; x_wconf 87' lang='grc' dir='ltr'>Οὐ</span> <span class='ocrx_word' id='word_1_233' title='bbox 945 2845 1053 2916; x_wconf 84' lang='grc' dir='ltr'>γάρ</span> <span class='ocrx_word' id='word_1_234' title='bbox 1083 2845 1147 2916; x_wconf 87' lang='grc' dir='ltr'>δὴ</span> <span class='ocrx_word' id='word_1_235' title='bbox 1173 2846 1201 2897; x_wconf 92' lang='grc' dir='ltr'>ὁ</span> <span class='ocrx_word' id='word_1_236' title='bbox 1239 2845 1314 2914; x_wconf 83' lang='grc' dir='ltr'>τῷ</span> <span class='ocrx_word' id='word_1_237' title='bbox 1343 2845 1462 2914; x_wconf 85' lang='grc' dir='ltr'>Θεῷ</span> <span class='ocrx_word' id='word_1_238' title='bbox 1503 2844 1660 2916; x_wconf 81' lang='grc' dir='ltr'>χάριν</span> 
     </span>
    </p>
   </div>
   <div class='ocr_carea' id='block_1_31' title="bbox 78 2927 1656 3008">
    <p class='ocr_par' dir='ltr' id='par_1_31' title="bbox 78 2927 1656 3008">
     <span class='ocr_line' id='line_1_31' title="bbox 78 2927 1656 3008; baseline -0.004 -17"><span class='ocrx_word' id='word_1_239' title='bbox 78 2936 389 3008; x_wconf 81' lang='grc' dir='ltr'>ὁμολογῶν,</span> <span class='ocrx_word' id='word_1_240' title='bbox 417 2934 556 3003; x_wconf 83' lang='grc' dir='ltr'>ὑπὲρ</span> <span class='ocrx_word' id='word_1_241' title='bbox 583 2927 656 2987; x_wconf 88' lang='grc' dir='ltr'>ὧν</span> <span class='ocrx_word' id='word_1_242' title='bbox 688 2933 877 2996; x_wconf 78' lang='grc' dir='ltr'>ἔπαθε,</span> <span class='ocrx_word' id='word_1_243' title='bbox 899 2932 990 2985; x_wconf 88' lang='grc' dir='ltr'>τὸν</span> <span class='ocrx_word' id='word_1_244' title='bbox 1015 2933 1316 3002; x_wconf 85' lang='grc' dir='ltr'>ποιήσαντα</span> <span class='ocrx_word' id='word_1_245' title='bbox 1347 2933 1626 3002; x_wconf 80' lang='grc' dir='ltr'>ἀμυνεῖται</span> <span class='ocrx_word' id='word_1_246' title='bbox 1643 2947 1656 2960; x_wconf 82' lang='lat'><strong><em>°</em></strong></span> 
     </span>
    </p>
   </div>
   <div class='ocr_carea' id='block_1_32' title="bbox 77 3020 1659 3095">
    <p class='ocr_par' dir='ltr' id='par_1_32' title="bbox 77 3020 1659 3095">
     <span class='ocr_line' id='line_1_32' title="bbox 77 3020 1659 3095; baseline -0.004 -16"><span class='ocrx_word' id='word_1_247' title='bbox 77 3028 160 3089; x_wconf 84' lang='grc' dir='ltr'>ὡς</span> <span class='ocrx_word' id='word_1_248' title='bbox 204 3027 304 3094; x_wconf 81' lang='grc' dir='ltr'>ὅγε</span> <span class='ocrx_word' id='word_1_249' title='bbox 357 3024 692 3095; x_wconf 83' lang='grc' dir='ltr'>ἀμυνόμενος</span> <span class='ocrx_word' id='word_1_250' title='bbox 736 3023 832 3091; x_wconf 85' lang='grc' dir='ltr'>οὐχ</span> <span class='ocrx_word' id='word_1_251' title='bbox 867 3022 1118 3091; x_wconf 88' lang='grc' dir='ltr'>ὁμολογεῖ</span> <span class='ocrx_word' id='word_1_252' title='bbox 1157 3021 1333 3093; x_wconf 89' lang='grc' dir='ltr'>χάριν.</span> <span class='ocrx_word' id='word_1_253' title='bbox 1385 3020 1544 3074; x_wconf 85' lang='grc' dir='ltr'>Ἀλλά</span> <span class='ocrx_word' id='word_1_254' title='bbox 1584 3021 1659 3090; x_wconf 81' lang='grc' dir='ltr'>μὴ</span> 
     </span>
    </p>
   </div>
   <div class='ocr_carea' id='block_1_33' title="bbox 79 3106 1661 3178">
    <p class='ocr_par' dir='ltr' id='par_1_33' title="bbox 79 3106 1661 3178">
     <span class='ocr_line' id='line_1_33' title="bbox 79 3106 1661 3178; baseline -0.005 -11"><span class='ocrx_word' id='word_1_255' title='bbox 79 3115 210 3167; x_wconf 72' lang='grc' dir='ltr'>κατ’</span> <span class='ocrx_word' id='word_1_256' title='bbox 240 3115 443 3166; x_wconf 73' lang='grc' dir='ltr'>ἐκεῖνον</span> <span class='ocrx_word' id='word_1_257' title='bbox 470 3111 561 3163; x_wconf 88' lang='grc' dir='ltr'>τὸν</span> <span class='ocrx_word' id='word_1_258' title='bbox 588 3109 658 3162; x_wconf 89' lang='grc' dir='ltr'>τά</span> <span class='ocrx_word' id='word_1_259' title='bbox 697 3110 891 3163; x_wconf 81' lang='grc' dir='ltr'>ἑκατὸν</span> <span class='ocrx_word' id='word_1_260' title='bbox 919 3109 1148 3178; x_wconf 82' lang='grc' dir='ltr'>δηνάρια</span> <span class='ocrx_word' id='word_1_261' title='bbox 1183 3120 1208 3147; x_wconf 74' lang='grc' dir='ltr'>α</span> <span class='ocrx_word' id='word_1_262' title='bbox 1239 3106 1542 3177; x_wconf 85' lang='grc' dir='ltr'>γενώμεθα,</span> <span class='ocrx_word' id='word_1_263' title='bbox 1573 3109 1661 3160; x_wconf 78' lang='grc' dir='ltr'>ἵνα</span> 
     </span>
    </p>
   </div>
   <div class='ocr_carea' id='block_1_34' title="bbox 82 3194 1662 3271">
    <p class='ocr_par' dir='ltr' id='par_1_34' title="bbox 82 3194 1662 3271">
     <span class='ocr_line' id='line_1_34' title="bbox 82 3194 1662 3271; baseline -0.004 -19"><span class='ocrx_word' id='word_1_264' title='bbox 82 3201 171 3271; x_wconf 79' lang='grc' dir='ltr'>μὴ</span> <span class='ocrx_word' id='word_1_265' title='bbox 201 3199 541 3268; x_wconf 85' lang='grc' dir='ltr'>ἀκούσωμεν,</span> <span class='ocrx_word' id='word_1_266' title='bbox 560 3195 794 3263; x_wconf 79' lang='grc' dir='ltr'>Πονηρὲ</span> <span class='ocrx_word' id='word_1_267' title='bbox 813 3194 1011 3248; x_wconf 82' lang='grc' dir='ltr'>δοῦλε·</span> <span class='ocrx_word' id='word_1_268' title='bbox 1035 3194 1184 3248; x_wconf 75' lang='grc' dir='ltr'>οὐδὲν</span> <span class='ocrx_word' id='word_1_269' title='bbox 1207 3194 1316 3265; x_wconf 87' lang='grc' dir='ltr'>γὰρ</span> <span class='ocrx_word' id='word_1_270' title='bbox 1345 3195 1444 3265; x_wconf 85' lang='grc' dir='ltr'>τῆς</span> <span class='ocrx_word' id='word_1_271' title='bbox 1471 3195 1662 3264; x_wconf 81' lang='grc' dir='ltr'>ἀχαρι-</span> 
     </span>
    </p>
   </div>
   <div class='ocr_carea' id='block_1_35' title="bbox 80 3280 1658 3356">
    <p class='ocr_par' dir='ltr' id='par_1_35' title="bbox 80 3280 1658 3356">
     <span class='ocr_line' id='line_1_35' title="bbox 80 3280 1658 3356; baseline -0.004 -16"><span class='ocrx_word' id='word_1_272' title='bbox 80 3287 254 3349; x_wconf 85' lang='grc' dir='ltr'>στίας</span> <span class='ocrx_word' id='word_1_273' title='bbox 280 3284 472 3356; x_wconf 79' lang='grc' dir='ltr'>ταύτης</span> <span class='ocrx_word' id='word_1_274' title='bbox 497 3286 700 3354; x_wconf 90' lang='grc' dir='ltr'>χεῖρον.</span> <span class='ocrx_word' id='word_1_275' title='bbox 727 3283 892 3336; x_wconf 82' lang='grc' dir='ltr'>Ὥστε</span> <span class='ocrx_word' id='word_1_276' title='bbox 919 3280 1202 3352; x_wconf 89' lang='grc' dir='ltr'>ἀχάριστοι</span> <span class='ocrx_word' id='word_1_277' title='bbox 1235 3281 1286 3333; x_wconf 90' lang='grc' dir='ltr'>οί</span> <span class='ocrx_word' id='word_1_278' title='bbox 1307 3281 1658 3351; x_wconf 86' lang='grc' dir='ltr'>ἀμυνόμενοι.</span> 
     </span>
    </p>
   </div>
   <div class='ocr_carea' id='block_1_36' title="bbox 77 3362 1658 3441">
    <p class='ocr_par' dir='ltr' id='par_1_36' title="bbox 77 3362 1658 3441">
     <span class='ocr_line' id='line_1_36' title="bbox 77 3362 1658 3441; baseline -0.003 -17"><span class='ocrx_word' id='word_1_279' title='bbox 77 3373 192 3424; x_wconf 76' lang='grc' dir='ltr'>Διά</span> <span class='ocrx_word' id='word_1_280' title='bbox 223 3372 281 3423; x_wconf 85' lang='grc' dir='ltr'>τί</span> <span class='ocrx_word' id='word_1_281' title='bbox 307 3371 362 3424; x_wconf 79' lang='grc' dir='ltr'>δὲ</span> <span class='ocrx_word' id='word_1_282' title='bbox 379 3372 469 3423; x_wconf 73' lang='grc' dir='ltr'>ἐπὶ</span> <span class='ocrx_word' id='word_1_283' title='bbox 483 3370 580 3441; x_wconf 77' lang='grc' dir='ltr'>τὴν</span> <span class='ocrx_word' id='word_1_284' title='bbox 595 3369 850 3440; x_wconf 86' lang='grc' dir='ltr'>πορνείαν</span> <span class='ocrx_word' id='word_1_285' title='bbox 873 3366 1094 3437; x_wconf 80' lang='grc' dir='ltr'>πρώτην</span> <span class='ocrx_word' id='word_1_286' title='bbox 1112 3362 1305 3437; x_wconf 80' lang='grc' dir='ltr'>ἦλθεν;</span> <span class='ocrx_word' id='word_1_287' title='bbox 1331 3366 1498 3420; x_wconf 83' lang='grc' dir='ltr'>εἰπὼν</span> <span class='ocrx_word' id='word_1_288' title='bbox 1529 3367 1658 3437; x_wconf 86' lang='grc' dir='ltr'>γὰρ,</span> 
     </span>
    </p>
   </div>
   <div class='ocr_carea' id='block_1_37' title="bbox 76 3455 1663 3529">
    <p class='ocr_par' dir='ltr' id='par_1_37' title="bbox 76 3455 1663 3529">
     <span class='ocr_line' id='line_1_37' title="bbox 76 3455 1663 3529; baseline -0.005 -13"><span class='ocrx_word' id='word_1_289' title='bbox 76 3459 442 3529; x_wconf 79' lang='grc' dir='ltr'>Νεκρώσατε</span> <span class='ocrx_word' id='word_1_290' title='bbox 494 3457 659 3529; x_wconf 77' lang='grc' dir='ltr'>ὑμῶν</span> <span class='ocrx_word' id='word_1_291' title='bbox 695 3457 766 3511; x_wconf 86' lang='grc' dir='ltr'>τὰ</span> <span class='ocrx_word' id='word_1_292' title='bbox 797 3455 952 3526; x_wconf 84' lang='grc' dir='ltr'>μέλη</span> <span class='ocrx_word' id='word_1_293' title='bbox 979 3456 1052 3508; x_wconf 85' lang='grc' dir='ltr'>τὰ</span> <span class='ocrx_word' id='word_1_294' title='bbox 1075 3456 1172 3509; x_wconf 81' lang='grc' dir='ltr'>ἐπὶ</span> <span class='ocrx_word' id='word_1_295' title='bbox 1198 3457 1308 3525; x_wconf 83' lang='grc' dir='ltr'>τῆς</span> <span class='ocrx_word' id='word_1_296' title='bbox 1338 3456 1470 3526; x_wconf 72' lang='grc' dir='ltr'>γῆς,</span> <span class='ocrx_word' id='word_1_297' title='bbox 1502 3456 1663 3520; x_wconf 87' lang='grc' dir='ltr'>εὐθύς</span> 
     </span>
    </p>
   </div>
   <div class='ocr_carea' id='block_1_38' title="bbox 79 3543 1660 3618">
    <p class='ocr_par' dir='ltr' id='par_1_38' title="bbox 79 3543 1660 3618">
     <span class='ocr_line' id='line_1_38' title="bbox 79 3543 1660 3618; baseline -0.002 -17"><span class='ocrx_word' id='word_1_298' title='bbox 79 3565 250 3618; x_wconf 81' lang='grc' dir='ltr'>φησι,</span> <span class='ocrx_word' id='word_1_299' title='bbox 289 3547 600 3614; x_wconf 74' lang='grc' dir='ltr'>Πορνείαν,</span> <span class='ocrx_word' id='word_1_300' title='bbox 630 3545 724 3597; x_wconf 88' lang='lat' dir='ltr'>ml</span> <span class='ocrx_word' id='word_1_301' title='bbox 754 3543 912 3596; x_wconf 86' lang='lat'><strong>10610</strong></span> <span class='ocrx_word' id='word_1_302' title='bbox 959 3543 1142 3614; x_wconf 86' lang='grc' dir='ltr'>σχεδὸν</span> <span class='ocrx_word' id='word_1_303' title='bbox 1191 3543 1464 3614; x_wconf 88' lang='grc' dir='ltr'>πανταχοῦ</span> <span class='ocrx_word' id='word_1_304' title='bbox 1498 3547 1660 3600; x_wconf 88' lang='grc' dir='ltr'>ποιεῖ.</span> 
     </span>
    </p>
   </div>
   <div class='ocr_carea' id='block_1_39' title="bbox 80 3630 1664 3705">
    <p class='ocr_par' dir='ltr' id='par_1_39' title="bbox 80 3630 1664 3705">
     <span class='ocr_line' id='line_1_39' title="bbox 80 3630 1664 3705; baseline -0.003 -15"><span class='ocrx_word' id='word_1_305' title='bbox 80 3638 217 3690; x_wconf 88' lang='grc' dir='ltr'>Ὅτι</span> <span class='ocrx_word' id='word_1_306' title='bbox 253 3635 491 3705; x_wconf 83' lang='grc' dir='ltr'>μάλιστα</span> <span class='ocrx_word' id='word_1_307' title='bbox 525 3631 685 3685; x_wconf 90' lang='grc' dir='ltr'>τοῦτο</span> <span class='ocrx_word' id='word_1_308' title='bbox 734 3632 927 3700; x_wconf 84' lang='grc' dir='ltr'>κρατεῖ</span> <span class='ocrx_word' id='word_1_309' title='bbox 971 3631 1030 3682; x_wconf 87' lang='grc' dir='ltr'>τὸ</span> <span class='ocrx_word' id='word_1_310' title='bbox 1068 3630 1269 3694; x_wconf 82' lang='grc' dir='ltr'>πάθος·</span> <span class='ocrx_word' id='word_1_311' title='bbox 1300 3632 1393 3684; x_wconf 81' lang='grc' dir='ltr'>καὶ</span> <span class='ocrx_word' id='word_1_312' title='bbox 1424 3631 1532 3702; x_wconf 84' lang='grc' dir='ltr'>γὰρ</span> <span class='ocrx_word' id='word_1_313' title='bbox 1569 3633 1664 3686; x_wconf 75' lang='grc' dir='ltr'>καὶ</span> 
     </span>
    </p>
   </div>
   <div class='ocr_carea' id='block_1_40' title="bbox 75 3717 1664 3793">
    <p class='ocr_par' dir='ltr' id='par_1_40' title="bbox 75 3717 1664 3793">
     <span class='ocr_line' id='line_1_40' title="bbox 75 3717 1664 3793; baseline -0.003 -15"><span class='ocrx_word' id='word_1_314' title='bbox 75 3726 145 3779; x_wconf 84' lang='grc' dir='ltr'>ὲν</span> <span class='ocrx_word' id='word_1_315' title='bbox 165 3725 238 3793; x_wconf 81' lang='grc' dir='ltr'>τῇ</span> <span class='ocrx_word' id='word_1_316' title='bbox 265 3722 404 3792; x_wconf 84' lang='grc' dir='ltr'>πρὸς</span> <span class='ocrx_word' id='word_1_317' title='bbox 419 3719 826 3781; x_wconf 78' lang='grc' dir='ltr'>θεσσαλονικεῖς</span> <span class='ocrx_word' id='word_1_318' title='bbox 849 3717 1096 3788; x_wconf 82' lang='grc' dir='ltr'>γράφων,</span> <span class='ocrx_word' id='word_1_319' title='bbox 1113 3717 1268 3770; x_wconf 83' lang='grc' dir='ltr'>τοῦτο</span> <span class='ocrx_word' id='word_1_320' title='bbox 1291 3717 1534 3789; x_wconf 78' lang='grc' dir='ltr'>ἐποίησε.</span> <span class='ocrx_word' id='word_1_321' title='bbox 1553 3720 1664 3772; x_wconf 79' lang='grc' dir='ltr'>Καὶ</span> 
     </span>
    </p>
   </div>
   <div class='ocr_carea' id='block_1_41' title="bbox 74 3803 1665 3880">
    <p class='ocr_par' dir='ltr' id='par_1_41' title="bbox 74 3803 1665 3880">
     <span class='ocr_line' id='line_1_41' title="bbox 74 3803 1665 3880; baseline -0.003 -15"><span class='ocrx_word' id='word_1_322' title='bbox 74 3812 136 3866; x_wconf 83' lang='grc' dir='ltr'>τί</span> <span class='ocrx_word' id='word_1_323' title='bbox 169 3807 517 3880; x_wconf 87' lang='grc' dir='ltr'>θαυμαστόν;</span> <span class='ocrx_word' id='word_1_324' title='bbox 544 3807 676 3860; x_wconf 81' lang='grc' dir='ltr'>ὅπου</span> <span class='ocrx_word' id='word_1_325' title='bbox 725 3823 788 3874; x_wconf 89' lang='grc' dir='ltr'>γε</span> <span class='ocrx_word' id='word_1_326' title='bbox 817 3805 911 3858; x_wconf 84' lang='grc' dir='ltr'>καὶ</span> <span class='ocrx_word' id='word_1_327' title='bbox 940 3803 1188 3876; x_wconf 76' lang='grc' dir='ltr'>Τιμοθέῳ</span> <span class='ocrx_word' id='word_1_328' title='bbox 1218 3807 1371 3875; x_wconf 73' lang='grc' dir='ltr'>φησὶ,</span> <span class='ocrx_word' id='word_1_329' title='bbox 1402 3805 1665 3861; x_wconf 76' lang='grc' dir='ltr'>Σεαυτὸν</span> 
     </span>
    </p>
   </div>
   <div class='ocr_carea' id='block_1_42' title="bbox 76 3891 1665 3968">
    <p class='ocr_par' dir='ltr' id='par_1_42' title="bbox 76 3891 1665 3968">
     <span class='ocr_line' id='line_1_42' title="bbox 76 3891 1665 3968; baseline -0.004 -15"><span class='ocrx_word' id='word_1_330' title='bbox 76 3899 283 3968; x_wconf 74' lang='grc' dir='ltr'><em>ἁγνὸν</em></span> <span class='ocrx_word' id='word_1_331' title='bbox 313 3894 509 3964; x_wconf 78' lang='grc' dir='ltr'>τήρει·</span> <span class='ocrx_word' id='word_1_332' title='bbox 540 3895 640 3947; x_wconf 70' lang='grc' dir='ltr'>καὶ</span> <span class='ocrx_word' id='word_1_333' title='bbox 660 3892 818 3946; x_wconf 88' lang='grc' dir='ltr'>πάλιν</span> <span class='ocrx_word' id='word_1_334' title='bbox 850 3891 1104 3961; x_wconf 82' lang='grc' dir='ltr'>ἀλλαχοῦ,</span> <span class='ocrx_word' id='word_1_335' title='bbox 1131 3892 1399 3961; x_wconf 74' lang='grc' dir='ltr'>Εἰρήνην</span> <span class='ocrx_word' id='word_1_336' title='bbox 1427 3891 1665 3947; x_wconf 78' lang='grc' dir='ltr'>διώκετε</span> 
     </span>
    </p>
   </div>
   <div class='ocr_carea' id='block_1_43' title="bbox 72 3975 1664 4056">
    <p class='ocr_par' dir='ltr' id='par_1_43' title="bbox 72 3975 1664 4056">
     <span class='ocr_line' id='line_1_43' title="bbox 72 3975 1664 4056; baseline -0.003 -16"><span class='ocrx_word' id='word_1_337' title='bbox 72 3984 238 4056; x_wconf 76' lang='grc' dir='ltr'>μετὰ</span> <span class='ocrx_word' id='word_1_338' title='bbox 267 3981 530 4044; x_wconf 73' lang='grc' dir='ltr'>πάντων,</span> <span class='ocrx_word' id='word_1_339' title='bbox 566 3979 662 4033; x_wconf 82' lang='grc' dir='ltr'>καί</span> <span class='ocrx_word' id='word_1_340' title='bbox 690 3979 794 4032; x_wconf 84' lang='grc' dir='ltr'>τὸν</span> <span class='ocrx_word' id='word_1_341' title='bbox 825 3978 1139 4048; x_wconf 73' lang='grc' dir='ltr'>ἁγιασμόν.</span> <span class='ocrx_word' id='word_1_342' title='bbox 1162 3975 1232 4034; x_wconf 85' lang='grc' dir='ltr'>οὗ</span> <span class='ocrx_word' id='word_1_343' title='bbox 1263 3979 1440 4048; x_wconf 81' lang='grc' dir='ltr'>χωρίς</span> <span class='ocrx_word' id='word_1_344' title='bbox 1466 3981 1664 4048; x_wconf 82' lang='grc' dir='ltr'>οὐδεὶς</span> 
     </span>
    </p>
   </div>
   <div class='ocr_carea' id='block_1_44' title="bbox 76 4064 1662 4144">
    <p class='ocr_par' dir='ltr' id='par_1_44' title="bbox 76 4064 1662 4144">
     <span class='ocr_line' id='line_1_44' title="bbox 76 4064 1662 4144; baseline -0.001 -20"><span class='ocrx_word' id='word_1_345' title='bbox 76 4073 309 4144; x_wconf 68' lang='grc' dir='ltr'>ὄψεται</span> <span class='ocrx_word' id='word_1_346' title='bbox 344 4069 451 4123; x_wconf 77' lang='grc' dir='ltr'>τὸν</span> <span class='ocrx_word' id='word_1_347' title='bbox 496 4064 1348 4137; x_wconf 75' lang='grc' dir='ltr'>Κύριον.-Νεκρώσατε,φησὶ,</span> <span class='ocrx_word' id='word_1_348' title='bbox 1396 4068 1469 4120; x_wconf 79' lang='grc' dir='ltr'>τὰ</span> <span class='ocrx_word' id='word_1_349' title='bbox 1507 4069 1662 4138; x_wconf 82' lang='grc' dir='ltr'>μέλη</span> 
     </span>
    </p>
   </div>
   <div class='ocr_carea' id='block_1_45' title="bbox 79 4147 1662 4230">
    <p class='ocr_par' dir='ltr' id='par_1_45' title="bbox 79 4147 1662 4230">
     <span class='ocr_line' id='line_1_45' title="bbox 79 4147 1662 4230; baseline -0.006 -14"><span class='ocrx_word' id='word_1_350' title='bbox 79 4157 286 4230; x_wconf 72' lang='grc' dir='ltr'>ὑμῶν.</span> <span class='ocrx_word' id='word_1_351' title='bbox 316 4157 391 4209; x_wconf 85' lang='grc' dir='ltr'>Τὸ</span> <span class='ocrx_word' id='word_1_352' title='bbox 418 4153 609 4226; x_wconf 87' lang='grc' dir='ltr'>νεκρὸν</span> <span class='ocrx_word' id='word_1_353' title='bbox 641 4153 753 4206; x_wconf 85' lang='grc' dir='ltr'>ίστε</span> <span class='ocrx_word' id='word_1_354' title='bbox 775 4147 884 4205; x_wconf 80' lang='grc' dir='ltr'>οἷόν</span> <span class='ocrx_word' id='word_1_355' title='bbox 912 4154 1048 4219; x_wconf 77' lang='grc' dir='ltr'>ἐστι,</span> <span class='ocrx_word' id='word_1_356' title='bbox 1079 4155 1321 4225; x_wconf 85' lang='grc' dir='ltr'>μισητὸν,</span> <span class='ocrx_word' id='word_1_357' title='bbox 1359 4149 1662 4223; x_wconf 84' lang='grc' dir='ltr'>βδελυκτὸν,</span> 
     </span>
    </p>
   </div>
   <div class='ocr_carea' id='block_1_46' title="bbox 75 4240 1664 4318">
    <p class='ocr_par' dir='ltr' id='par_1_46' title="bbox 75 4240 1664 4318">
     <span class='ocr_line' id='line_1_46' title="bbox 75 4240 1664 4318; baseline -0.001 -17"><span class='ocrx_word' id='word_1_358' title='bbox 75 4247 371 4318; x_wconf 74' lang='grc' dir='ltr'>διαρρέον.</span> <span class='ocrx_word' id='word_1_359' title='bbox 422 4245 518 4296; x_wconf 77' lang='grc' dir='ltr'>Ἂν</span> <span class='ocrx_word' id='word_1_360' title='bbox 569 4240 872 4314; x_wconf 87' lang='grc' dir='ltr'>νεκρώσῃς,</span> <span class='ocrx_word' id='word_1_361' title='bbox 919 4241 980 4294; x_wconf 89' lang='grc' dir='ltr'>οὐ</span> <span class='ocrx_word' id='word_1_362' title='bbox 1043 4242 1196 4311; x_wconf 88' lang='grc' dir='ltr'>μένει</span> <span class='ocrx_word' id='word_1_363' title='bbox 1244 4242 1463 4314; x_wconf 88' lang='grc' dir='ltr'>νεκρὸν,</span> <span class='ocrx_word' id='word_1_364' title='bbox 1529 4245 1664 4299; x_wconf 88' lang='grc' dir='ltr'>ἀλλά</span> 
     </span>
    </p>
   </div>
   <div class='ocr_carea' id='block_1_47' title="bbox 77 4323 1664 4406">
    <p class='ocr_par' dir='ltr' id='par_1_47' title="bbox 77 4323 1664 4406">
     <span class='ocr_line' id='line_1_47' title="bbox 77 4323 1664 4406; baseline -0.002 -18"><span class='ocrx_word' id='word_1_365' title='bbox 77 4334 383 4406; x_wconf 78' lang='grc' dir='ltr'>φθείρεται</span> <span class='ocrx_word' id='word_1_366' title='bbox 408 4330 627 4395; x_wconf 86' lang='grc' dir='ltr'>εὐθέως,</span> <span class='ocrx_word' id='word_1_367' title='bbox 650 4329 900 4399; x_wconf 86' lang='grc' dir='ltr'>καθάπερ</span> <span class='ocrx_word' id='word_1_368' title='bbox 927 4329 988 4381; x_wconf 91' lang='grc' dir='ltr'>τὸ</span> <span class='ocrx_word' id='word_1_369' title='bbox 1016 4328 1196 4398; x_wconf 85' lang='grc' dir='ltr'>σῶμα.</span> <span class='ocrx_word' id='word_1_370' title='bbox 1223 4329 1420 4383; x_wconf 87' lang='grc' dir='ltr'>Σϐέσον</span> <span class='ocrx_word' id='word_1_371' title='bbox 1452 4323 1543 4385; x_wconf 81' lang='grc' dir='ltr'>οῦν</span> <span class='ocrx_word' id='word_1_372' title='bbox 1566 4334 1664 4404; x_wconf 84' lang='grc' dir='ltr'>τὴν</span> 
     </span>
    </p>
   </div>
   <div class='ocr_carea' id='block_1_48' title="bbox 78 4417 1663 4494">
    <p class='ocr_par' dir='ltr' id='par_1_48' title="bbox 78 4417 1663 4494">
     <span class='ocr_line' id='line_1_48' title="bbox 78 4417 1663 4494; baseline 0.001 -24"><span class='ocrx_word' id='word_1_373' title='bbox 78 4421 435 4494; x_wconf 80' lang='grc' dir='ltr'>θερμότητα,</span> <span class='ocrx_word' id='word_1_374' title='bbox 452 4420 545 4472; x_wconf 84' lang='lat' dir='ltr'>ml</span> <span class='ocrx_word' id='word_1_375' title='bbox 566 4418 716 4470; x_wconf 75' lang='grc' dir='ltr'>οὐδὲν</span> <span class='ocrx_word' id='word_1_376' title='bbox 743 4418 769 4456; x_wconf 79' lang='lat' dir='ltr'><strong>b</strong></span> <span class='ocrx_word' id='word_1_377' title='bbox 793 4417 984 4487; x_wconf 87' lang='grc' dir='ltr'>νεκρὸν</span> <span class='ocrx_word' id='word_1_378' title='bbox 1013 4417 1184 4486; x_wconf 88' lang='grc' dir='ltr'>μένει.</span> <span class='ocrx_word' id='word_1_379' title='bbox 1205 4417 1482 4472; x_wconf 83' lang='grc' dir='ltr'>Δείκνυσιν</span> <span class='ocrx_word' id='word_1_380' title='bbox 1502 4419 1663 4472; x_wconf 86' lang='grc' dir='ltr'>αὐτὸν</span> 
     </span>
    </p>
   </div>
   <div class='ocr_carea' id='block_1_49' title="bbox 82 4503 1660 4576">
    <p class='ocr_par' dir='ltr' id='par_1_49' title="bbox 82 4503 1660 4576">
     <span class='ocr_line' id='line_1_49' title="bbox 82 4503 1660 4576; baseline -0.003 -14"><span class='ocrx_word' id='word_1_381' title='bbox 82 4508 264 4562; x_wconf 79' lang='grc' dir='ltr'>τοῦτο</span> <span class='ocrx_word' id='word_1_382' title='bbox 294 4503 667 4576; x_wconf 79' lang='grc' dir='ltr'>ἐργαζόμενον,</span> <span class='ocrx_word' id='word_1_383' title='bbox 693 4505 829 4572; x_wconf 86' lang='grc' dir='ltr'>ὅπερ</span> <span class='ocrx_word' id='word_1_384' title='bbox 855 4503 884 4554; x_wconf 90' lang='lat'><em>6</em></span> <span class='ocrx_word' id='word_1_385' title='bbox 912 4503 1142 4574; x_wconf 84' lang='grc' dir='ltr'>Χριστὸς</span> <span class='ocrx_word' id='word_1_386' title='bbox 1165 4504 1256 4556; x_wconf 74' lang='grc' dir='ltr'>ἐπὶ</span> <span class='ocrx_word' id='word_1_387' title='bbox 1283 4505 1378 4558; x_wconf 87' lang='grc' dir='ltr'>τοῦ</span> <span class='ocrx_word' id='word_1_388' title='bbox 1405 4506 1628 4576; x_wconf 82' lang='grc' dir='ltr'>λουτροῦ</span> <span class='ocrx_word' id='word_1_389' title='bbox 1646 4523 1660 4537; x_wconf 88' lang='grc'><strong>·</strong></span> 
     </span>
    </p>
   </div>
   <div class='ocr_carea' id='block_1_50' title="bbox 81 4589 1664 4662">
    <p class='ocr_par' dir='ltr' id='par_1_50' title="bbox 81 4589 1664 4662">
     <span class='ocr_line' id='line_1_50' title="bbox 81 4589 1664 4662; baseline -0.003 -10"><span class='ocrx_word' id='word_1_390' title='bbox 81 4598 193 4652; x_wconf 72' lang='grc' dir='ltr'>διὰ</span> <span class='ocrx_word' id='word_1_391' title='bbox 239 4592 402 4645; x_wconf 87' lang='grc' dir='ltr'>τοῦτο</span> <span class='ocrx_word' id='word_1_392' title='bbox 432 4592 520 4644; x_wconf 79' lang='grc' dir='ltr'>καὶ</span> <span class='ocrx_word' id='word_1_393' title='bbox 571 4590 707 4662; x_wconf 90' lang='grc' dir='ltr'>μέλη</span> <span class='ocrx_word' id='word_1_394' title='bbox 761 4589 946 4642; x_wconf 76' lang='grc' dir='ltr'>καλεῖ⁸</span> <span class='ocrx_word' id='word_1_395' title='bbox 979 4590 1229 4661; x_wconf 76' lang='grc' dir='ltr'>καθάπερ</span> <span class='ocrx_word' id='word_1_396' title='bbox 1280 4592 1503 4660; x_wconf 81' lang='grc' dir='ltr'>ἀριστέα</span> <span class='ocrx_word' id='word_1_397' title='bbox 1543 4594 1664 4648; x_wconf 84' lang='grc' dir='ltr'>τινὰ</span> 
     </span>
    </p>
   </div>
   <div class='ocr_carea' id='block_1_51' title="bbox 78 4676 1664 4749">
    <p class='ocr_par' dir='ltr' id='par_1_51' title="bbox 78 4676 1664 4749">
     <span class='ocr_line' id='line_1_51' title="bbox 78 4676 1664 4749; baseline -0.004 -11"><span class='ocrx_word' id='word_1_398' title='bbox 78 4682 364 4749; x_wconf 72' lang='grc' dir='ltr'>εἰσάγων,</span> <span class='ocrx_word' id='word_1_399' title='bbox 390 4679 478 4733; x_wconf 78' lang='grc' dir='ltr'>καὶ</span> <span class='ocrx_word' id='word_1_400' title='bbox 507 4681 583 4741; x_wconf 88' lang='grc' dir='ltr'>εἰς</span> <span class='ocrx_word' id='word_1_401' title='bbox 621 4678 840 4747; x_wconf 75' lang='grc' dir='ltr'>μείζονα</span> <span class='ocrx_word' id='word_1_402' title='bbox 875 4677 1021 4743; x_wconf 84' lang='grc' dir='ltr'>ἄγων</span> <span class='ocrx_word' id='word_1_403' title='bbox 1058 4676 1314 4747; x_wconf 74' lang='grc' dir='ltr'>ἔμφασιν.</span> <span class='ocrx_word' id='word_1_404' title='bbox 1345 4680 1453 4733; x_wconf 80' lang='lat' dir='ltr'>Kal</span> <span class='ocrx_word' id='word_1_405' title='bbox 1483 4680 1664 4744; x_wconf 84' lang='grc' dir='ltr'>καλῶς</span> 
     </span>
    </p>
   </div>
   <div class='ocr_carea' id='block_1_52' title="bbox 73 4762 1665 4836">
    <p class='ocr_par' dir='ltr' id='par_1_52' title="bbox 73 4762 1665 4836">
     <span class='ocr_line' id='line_1_52' title="bbox 73 4762 1665 4836; baseline -0.008 -11"><span class='ocrx_word' id='word_1_406' title='bbox 73 4767 244 4833; x_wconf 75' lang='grc' dir='ltr'>εἵπε,</span> <span class='ocrx_word' id='word_1_407' title='bbox 300 4768 375 4821; x_wconf 85' lang='grc' dir='ltr'>Τὰ</span> <span class='ocrx_word' id='word_1_408' title='bbox 422 4765 518 4819; x_wconf 80' lang='grc' dir='ltr'>ἐπί</span> <span class='ocrx_word' id='word_1_409' title='bbox 559 4764 669 4833; x_wconf 83' lang='grc' dir='ltr'>τῆς</span> <span class='ocrx_word' id='word_1_410' title='bbox 727 4762 869 4833; x_wconf 75' lang='grc' dir='ltr'>γῆς’</span> <span class='ocrx_word' id='word_1_411' title='bbox 905 4763 1138 4816; x_wconf 79' lang='grc' dir='ltr'>ἐνταῦθα</span> <span class='ocrx_word' id='word_1_412' title='bbox 1184 4765 1292 4836; x_wconf 80' lang='grc' dir='ltr'>γάρ</span> <span class='ocrx_word' id='word_1_413' title='bbox 1347 4767 1518 4836; x_wconf 85' lang='grc' dir='ltr'>μένει,</span> <span class='ocrx_word' id='word_1_414' title='bbox 1571 4769 1665 4821; x_wconf 63' lang='grc' dir='ltr'>καὶ</span> 
     </span>
    </p>
   </div>
   <div class='ocr_carea' id='block_1_53' title="bbox 71 4850 1659 4923">
    <p class='ocr_par' dir='ltr' id='par_1_53' title="bbox 71 4850 1659 4923">
     <span class='ocr_line' id='line_1_53' title="bbox 71 4850 1659 4923; baseline -0.002 -12"><span class='ocrx_word' id='word_1_415' title='bbox 71 4855 336 4912; x_wconf 83' lang='grc' dir='ltr'>ἐνταῦθα</span> <span class='ocrx_word' id='word_1_416' title='bbox 362 4854 661 4922; x_wconf 73' lang='grc' dir='ltr'>φθείρεται,</span> <span class='ocrx_word' id='word_1_417' title='bbox 683 4851 864 4921; x_wconf 82' lang='grc' dir='ltr'>πολλῷ</span> <span class='ocrx_word' id='word_1_418' title='bbox 889 4851 1086 4920; x_wconf 79' lang='grc' dir='ltr'>μᾶλλον</span> <span class='ocrx_word' id='word_1_419' title='bbox 1104 4850 1212 4904; x_wconf 87' lang='grc' dir='ltr'>τῶν</span> <span class='ocrx_word' id='word_1_420' title='bbox 1242 4853 1416 4923; x_wconf 81' lang='grc' dir='ltr'>μελῶν</span> <span class='ocrx_word' id='word_1_421' title='bbox 1437 4854 1659 4908; x_wconf 88' lang='grc' dir='ltr'>τούτων.</span> 
     </span>
    </p>
   </div>
   <div class='ocr_carea' id='block_1_54' title="bbox 73 4938 1664 5013">
    <p class='ocr_par' dir='ltr' id='par_1_54' title="bbox 73 4938 1664 5013">
     <span class='ocr_line' id='line_1_54' title="bbox 73 4938 1664 5013; baseline -0.001 -16"><span class='ocrx_word' id='word_1_422' title='bbox 73 4947 261 4998; x_wconf 82' lang='grc' dir='ltr'>’Ὥστε</span> <span class='ocrx_word' id='word_1_423' title='bbox 291 4943 389 5011; x_wconf 90' lang='grc' dir='ltr'>οὐχ</span> <span class='ocrx_word' id='word_1_424' title='bbox 407 4940 548 4993; x_wconf 77' lang='grc' dir='ltr'>οὕτω</span> <span class='ocrx_word' id='word_1_425' title='bbox 569 4939 631 4991; x_wconf 91' lang='grc' dir='ltr'>τὸ</span> <span class='ocrx_word' id='word_1_426' title='bbox 654 4939 811 5009; x_wconf 81' lang='grc' dir='ltr'>σῶμά</span> <span class='ocrx_word' id='word_1_427' title='bbox 839 4940 987 4990; x_wconf 85' lang='grc' dir='ltr'>ἐστιν</span> <span class='ocrx_word' id='word_1_428' title='bbox 1007 4938 1114 4991; x_wconf 88' lang='grc' dir='ltr'>ἀπὸ</span> <span class='ocrx_word' id='word_1_429' title='bbox 1132 4940 1253 5008; x_wconf 84' lang='grc' dir='ltr'>γῆς,</span> <span class='ocrx_word' id='word_1_430' title='bbox 1269 4939 1344 5003; x_wconf 83' lang='grc' dir='ltr'>ὡς</span> <span class='ocrx_word' id='word_1_431' title='bbox 1369 4943 1401 5010; x_wconf 78' lang='grc' dir='ltr'>ή</span> <span class='ocrx_word' id='word_1_432' title='bbox 1424 4942 1664 5013; x_wconf 83' lang='grc' dir='ltr'>ἁμαρτία</span> 
     </span>
    </p>
   </div>
   <div class='ocr_carea' id='block_1_55' title="bbox 67 5025 1665 5102">
    <p class='ocr_par' dir='ltr' id='par_1_55' title="bbox 67 5025 1665 5102">
     <span class='ocr_line' id='line_1_55' title="bbox 67 5025 1665 5102; baseline -0.002 -17"><span class='ocrx_word' id='word_1_433' title='bbox 67 5033 259 5102; x_wconf 84' lang='grc' dir='ltr'>γηῒνη</span> <span class='ocrx_word' id='word_1_434' title='bbox 275 5047 292 5061; x_wconf 74' lang='grc' dir='ltr'><strong>ο</strong></span> <span class='ocrx_word' id='word_1_435' title='bbox 311 5029 471 5082; x_wconf 87' lang='grc' dir='ltr'>τοῦτο</span> <span class='ocrx_word' id='word_1_436' title='bbox 500 5027 597 5097; x_wconf 83' lang='grc' dir='ltr'>μὲν</span> <span class='ocrx_word' id='word_1_437' title='bbox 620 5026 727 5096; x_wconf 86' lang='grc' dir='ltr'>γὰρ</span> <span class='ocrx_word' id='word_1_438' title='bbox 746 5027 840 5078; x_wconf 75' lang='grc' dir='ltr'>καὶ</span> <span class='ocrx_word' id='word_1_439' title='bbox 864 5025 1026 5078; x_wconf 88' lang='grc' dir='ltr'>καλὸν</span> <span class='ocrx_word' id='word_1_440' title='bbox 1044 5026 1292 5094; x_wconf 78' lang='grc' dir='ltr'>φαίνεταί</span> <span class='ocrx_word' id='word_1_441' title='bbox 1313 5045 1462 5089; x_wconf 90' lang='grc' dir='ltr'>ποτε,</span> <span class='ocrx_word' id='word_1_442' title='bbox 1482 5031 1665 5083; x_wconf 75' lang='grc' dir='ltr'>ἐκεῖνα</span> 
     </span>
    </p>
   </div>
   <div class='ocr_carea' id='block_1_56' title="bbox 65 5111 1664 5185">
    <p class='ocr_par' dir='ltr' id='par_1_56' title="bbox 65 5111 1664 5185">
     <span class='ocr_line' id='line_1_56' title="bbox 65 5111 1664 5185; baseline -0.002 -12"><span class='ocrx_word' id='word_1_443' title='bbox 65 5121 134 5174; x_wconf 81' lang='grc' dir='ltr'>δὲ</span> <span class='ocrx_word' id='word_1_444' title='bbox 168 5117 460 5170; x_wconf 83' lang='grc' dir='ltr'>οὐδέποτε.</span> <span class='ocrx_word' id='word_1_445' title='bbox 479 5114 589 5166; x_wconf 75' lang='grc' dir='ltr'>Καὶ</span> <span class='ocrx_word' id='word_1_446' title='bbox 613 5113 830 5166; x_wconf 89' lang='grc' dir='ltr'>πάντων</span> <span class='ocrx_word' id='word_1_447' title='bbox 852 5111 960 5164; x_wconf 84' lang='grc' dir='ltr'>τῶν</span> <span class='ocrx_word' id='word_1_448' title='bbox 988 5113 1080 5164; x_wconf 71' lang='grc' dir='ltr'>ἐπὶ</span> <span class='ocrx_word' id='word_1_449' title='bbox 1099 5113 1201 5183; x_wconf 82' lang='grc' dir='ltr'>γῆς</span> <span class='ocrx_word' id='word_1_450' title='bbox 1224 5114 1476 5185; x_wconf 77' lang='grc' dir='ltr'>ἐπιθυμεῖ</span> <span class='ocrx_word' id='word_1_451' title='bbox 1494 5117 1664 5170; x_wconf 88' lang='grc' dir='ltr'>ταῦτα</span> 
     </span>
    </p>
   </div>
   <div class='ocr_carea' id='block_1_57' title="bbox 66 5197 1665 5277">
    <p class='ocr_par' dir='ltr' id='par_1_57' title="bbox 66 5197 1665 5277">
     <span class='ocr_line' id='line_1_57' title="bbox 66 5197 1665 5277; baseline 0.006 -28"><span class='ocrx_word' id='word_1_452' title='bbox 66 5209 152 5263; x_wconf 67' lang='grc' dir='ltr'><strong>τὰ</strong></span> <span class='ocrx_word' id='word_1_453' title='bbox 202 5206 364 5277; x_wconf 77' lang='grc' dir='ltr'>μέλη.</span> <span class='ocrx_word' id='word_1_454' title='bbox 401 5202 502 5256; x_wconf 74' lang='grc' dir='ltr'>Ἂν</span> <span class='ocrx_word' id='word_1_455' title='bbox 544 5197 876 5272; x_wconf 83' lang='grc' dir='ltr'>ὀφθαλμὸςῇ</span> <span class='ocrx_word' id='word_1_456' title='bbox 923 5201 1180 5266; x_wconf 89' lang='grc' dir='ltr'>τοιοῦτος,</span> <span class='ocrx_word' id='word_1_457' title='bbox 1224 5203 1322 5272; x_wconf 85' lang='grc' dir='ltr'>οὐχ</span> <span class='ocrx_word' id='word_1_458' title='bbox 1369 5205 1469 5276; x_wconf 80' lang='grc' dir='ltr'>ὁρᾷ</span> <span class='ocrx_word' id='word_1_459' title='bbox 1504 5205 1573 5258; x_wconf 85' lang='grc' dir='ltr'>τά</span> <span class='ocrx_word' id='word_1_460' title='bbox 1607 5208 1665 5258; x_wconf 78' lang='grc' dir='ltr'>έν</span> 
     </span>
    </p>
   </div>
   <div class='ocr_carea' id='block_1_58' title="bbox 131 5435 1668 5499">
    <p class='ocr_par' dir='ltr' id='par_1_58' title="bbox 131 5435 1668 5499">
     <span class='ocr_line' id='line_1_58' title="bbox 131 5435 1668 5499; baseline -0.008 -3"><span class='ocrx_word' id='word_1_461' title='bbox 131 5460 164 5489; x_wconf 76' lang='lat' dir='ltr'><strong>a</strong></span> <span class='ocrx_word' id='word_1_462' title='bbox 197 5446 287 5496; x_wconf 89' lang='lat' dir='ltr'>Sic</span> <span class='ocrx_word' id='word_1_463' title='bbox 309 5453 486 5492; x_wconf 83' lang='lat' dir='ltr'><strong>omnes</strong></span> <span class='ocrx_word' id='word_1_464' title='bbox 510 5453 622 5487; x_wconf 83' lang='lat' dir='ltr'>mss.</span> <span class='ocrx_word' id='word_1_465' title='bbox 650 5435 819 5486; x_wconf 79' lang='lat' dir='ltr'>nostri.</span> <span class='ocrx_word' id='word_1_466' title='bbox 848 5435 972 5499; x_wconf 74' lang='lat' dir='ltr'><strong>Edilj</strong></span> <span class='ocrx_word' id='word_1_467' title='bbox 995 5451 1131 5499; x_wconf 75' lang='lat' dir='ltr'>vero,</span> <span class='ocrx_word' id='word_1_468' title='bbox 1155 5439 1235 5485; x_wconf 82' lang='grc' dir='ltr'>τὸν</span> <span class='ocrx_word' id='word_1_469' title='bbox 1253 5440 1312 5486; x_wconf 82' lang='grc' dir='ltr'>τὰ</span> <span class='ocrx_word' id='word_1_470' title='bbox 1337 5440 1501 5487; x_wconf 78' lang='grc' dir='ltr'>ἑκατὸν</span> <span class='ocrx_word' id='word_1_471' title='bbox 1524 5438 1668 5499; x_wconf 83' lang='grc' dir='ltr'>δηνά-</span> 
     </span>
    </p>
   </div>
   <div class='ocr_carea' id='block_1_59' title="bbox 63 5497 1664 5574">
    <p class='ocr_par' dir='ltr' id='par_1_59' title="bbox 63 5497 1664 5574">
     <span class='ocr_line' id='line_1_59' title="bbox 63 5497 1664 5574; baseline -0.004 -19"><span class='ocrx_word' id='word_1_472' title='bbox 63 5527 154 5574; x_wconf 70' lang='grc' dir='ltr'>ριᾳ</span> <span class='ocrx_word' id='word_1_473' title='bbox 176 5508 463 5574; x_wconf 64' lang='grc' dir='ltr'>ὀφείλοντα,</span> <span class='ocrx_word' id='word_1_474' title='bbox 487 5500 703 5574; x_wconf 59' lang='grc' dir='ltr'>ρςεείηιρ</span> <span class='ocrx_word' id='word_1_475' title='bbox 752 5497 1019 5574; x_wconf 49' lang='grc' dir='ltr'>Νοιιιριιὶῐῃ</span> <span class='ocrx_word' id='word_1_476' title='bbox 1034 5501 1095 5547; x_wconf 87' lang='lat' dir='ltr'>de</span> <span class='ocrx_word' id='word_1_477' title='bbox 1122 5498 1206 5574; x_wconf 80' lang='grc' dir='ltr'>ίιιο</span> <span class='ocrx_word' id='word_1_478' title='bbox 1244 5503 1325 5560; x_wconf 86' lang='lat' dir='ltr'>qui</span> <span class='ocrx_word' id='word_1_479' title='bbox 1349 5497 1664 5574; x_wconf 42' lang='lat' dir='ltr'>ggpebat&#39;hic</span> 
     </span>
    </p>
   </div>
   <div class='ocr_carea' id='block_1_60' title="bbox 60 5559 1662 5635">
    <p class='ocr_par' dir='ltr' id='par_1_60' title="bbox 60 5559 1662 5635">
     <span class='ocr_line' id='line_1_60' title="bbox 60 5559 1662 5635; baseline -0.024 -14"><span class='ocrx_word' id='word_1_480' title='bbox 60 5559 270 5635; x_wconf 60' lang='lat' dir='ltr'>algihm</span> <span class='ocrx_word' id='word_1_481' title='bbox 290 5566 392 5635; x_wconf 59' lang='grc' dir='ltr'>ξ,εά</span> <span class='ocrx_word' id='word_1_482' title='bbox 405 5564 468 5612; x_wconf 88' lang='lat' dir='ltr'>de</span> <span class='ocrx_word' id='word_1_483' title='bbox 491 5559 581 5635; x_wconf 61' lang='lat' dir='ltr'><strong>ill?</strong></span> <span class='ocrx_word' id='word_1_484' title='bbox 598 5559 680 5635; x_wconf 76' lang='lat' dir='ltr'>qui</span> <span class='ocrx_word' id='word_1_485' title='bbox 710 5559 964 5635; x_wconf 44' lang='lat' dir='ltr'>engebgtl.‘</span> <span class='ocrx_word' id='word_1_486' title='bbox 984 5561 1088 5635; x_wconf 47' lang='lat' dir='ltr'>ﬂlac-</span> <span class='ocrx_word' id='word_1_487' title='bbox 1126 5559 1270 5630; x_wconf 70' lang='grc' dir='ltr'>ροπο</span> <span class='ocrx_word' id='word_1_488' title='bbox 1296 5561 1483 5635; x_wconf 37' lang='lat' dir='ltr'>snt)?”</span> <span class='ocrx_word' id='word_1_489' title='bbox 1527 5577 1662 5635; x_wconf 27' lang='lat' dir='ltr'>vocs“</span> 
     </span>
    </p>
   </div>
   <div class='ocr_carea' id='block_1_61' title="bbox 61 5620 1664 5689">
    <p class='ocr_par' dir='ltr' id='par_1_61' title="bbox 61 5620 1664 5689">
     <span class='ocr_line' id='line_1_61' title="bbox 61 5620 1664 5689; baseline -0.005 -9"><span class='ocrx_word' id='word_1_490' title='bbox 61 5620 346 5682; x_wconf 63' lang='grc' dir='ltr'>εέῑιιεῐὶιία</span> <span class='ocrx_word' id='word_1_491' title='bbox 381 5620 670 5689; x_wconf 69' lang='grc' dir='ltr'>ἱιηρετίςξεία</span> <span class='ocrx_word' id='word_1_492' title='bbox 701 5620 911 5689; x_wconf 71' lang='lat' dir='ltr'>vidétur.</span> <span class='ocrx_word' id='word_1_493' title='bbox 935 5621 1032 5689; x_wconf 59' lang='lat' dir='ltr'>Sed</span> <span class='ocrx_word' id='word_1_494' title='bbox 1077 5620 1350 5689; x_wconf 53' lang='lat' dir='ltr'>hujusmoqi</span> <span class='ocrx_word' id='word_1_495' title='bbox 1383 5620 1664 5689; x_wconf 52' lang='lat' dir='ltr'>agropmm;</span> 
     </span>
    </p>
   </div>
   <div class='ocr_carea' id='block_1_62' title="bbox 63 5682 1663 5752">
    <p class='ocr_par' dir='ltr' id='par_1_62' title="bbox 63 5682 1663 5752">
     <span class='ocr_line' id='line_1_62' title="bbox 63 5682 1663 5752; baseline -0.002 -16"><span class='ocrx_word' id='word_1_496' title='bbox 63 5711 180 5749; x_wconf 79' lang='grc' dir='ltr'>σεις</span> <span class='ocrx_word' id='word_1_497' title='bbox 210 5682 879 5752; x_wconf 48' lang='lat' dir='ltr'>ﬁequent‘crpbsgvyanlur,</span> <span class='ocrx_word' id='word_1_498' title='bbox 905 5682 1112 5730; x_wconf 80' lang='lat' dir='ltr'>maxime</span> <span class='ocrx_word' id='word_1_499' title='bbox 1136 5685 1186 5731; x_wconf 82' lang='lat' dir='ltr'><strong>in</strong></span> <span class='ocrx_word' id='word_1_500' title='bbox 1211 5682 1286 5732; x_wconf 87' lang='lat' dir='ltr'>his</span> <span class='ocrx_word' id='word_1_501' title='bbox 1309 5682 1355 5732; x_wconf 89' lang='lat' dir='ltr'><strong>in</strong></span> <span class='ocrx_word' id='word_1_502' title='bbox 1399 5684 1663 5748; x_wconf 70' lang='lat' dir='ltr'>Epistolam</span> 
     </span>
    </p>
   </div>
   <div class='ocr_carea' id='block_1_63' title="bbox 59 5745 749 5806">
    <p class='ocr_par' dir='ltr' id='par_1_63' title="bbox 59 5745 749 5806">
     <span class='ocr_line' id='line_1_63' title="bbox 59 5745 749 5806; baseline -0.023 1"><span class='ocrx_word' id='word_1_503' title='bbox 59 5757 133 5806; x_wconf 76' lang='lat' dir='ltr'><strong>ad</strong></span> <span class='ocrx_word' id='word_1_504' title='bbox 152 5745 186 5804; x_wconf 62' lang='grc' dir='ltr'><em>ἰ</em></span> <span class='ocrx_word' id='word_1_505' title='bbox 197 5745 496 5802; x_wconf 69' lang='grc' dir='ltr'>οιοεεειιεεε</span> <span class='ocrx_word' id='word_1_506' title='bbox 517 5745 749 5794; x_wconf 84' lang='lat' dir='ltr'><strong>homiliis.</strong></span> 
     </span>
    </p>
   </div>
   <div class='ocr_carea' id='block_1_64' title="bbox 135 5803 1173 5872">
    <p class='ocr_par' dir='ltr' id='par_1_64' title="bbox 135 5803 1173 5872">
     <span class='ocr_line' id='line_1_64' title="bbox 135 5803 1173 5872; baseline -0.01 -7"><span class='ocrx_word' id='word_1_507' title='bbox 135 5803 358 5865; x_wconf 66' lang='grc' dir='ltr'>Ιίούδὲν</span> <span class='ocrx_word' id='word_1_508' title='bbox 379 5809 622 5872; x_wconf 77' lang='lat' dir='ltr'>adjectum</span> <span class='ocrx_word' id='word_1_509' title='bbox 656 5819 717 5856; x_wconf 80' lang='lat' dir='ltr'>ex</span> <span class='ocrx_word' id='word_1_510' title='bbox 738 5805 876 5857; x_wconf 83' lang='lat' dir='ltr'>codd.</span> <span class='ocrx_word' id='word_1_511' title='bbox 900 5810 953 5856; x_wconf 77' lang='lat' dir='ltr'>et</span> <span class='ocrx_word' id='word_1_512' title='bbox 975 5803 1173 5856; x_wconf 69' lang='lat' dir='ltr'>Savilio.</span> 
     </span>
    </p>
   </div>
   <div class='ocr_carea' id='block_1_65' title="bbox 3217 380 3325 437">
    <p class='ocr_par' dir='ltr' id='par_1_65' title="bbox 3217 380 3325 437">
     <span class='ocr_line' id='line_1_65' title="bbox 3217 380 3325 437; baseline -0.019 0"><span class='ocrx_word' id='word_1_513' title='bbox 3217 380 3325 437; x_wconf 76' lang='grc'>556</span> 
     </span>
    </p>
   </div>
   <div class='ocr_carea' id='block_1_66' title="bbox 1755 487 3320 566">
    <p class='ocr_par' dir='ltr' id='par_1_66' title="bbox 1755 487 3320 566">
     <span class='ocr_line' id='line_1_66' title="bbox 1755 487 3320 566; baseline 0.006 -26"><span class='ocrx_word' id='word_1_514' title='bbox 1755 488 2002 558; x_wconf 76' lang='grc' dir='ltr'>οὐρανοῖς</span> <span class='ocrx_word' id='word_1_515' title='bbox 2024 504 2036 518; x_wconf 76' lang='grc' dir='ltr'><strong>ο</strong></span> <span class='ocrx_word' id='word_1_516' title='bbox 2067 487 2134 541; x_wconf 84' lang='grc' dir='ltr'>ἂν</span> <span class='ocrx_word' id='word_1_517' title='bbox 2167 489 2324 560; x_wconf 82' lang='grc' dir='ltr'>ἀκοὴ,</span> <span class='ocrx_word' id='word_1_518' title='bbox 2367 489 2431 543; x_wconf 80' lang='grc' dir='ltr'>ἂν</span> <span class='ocrx_word' id='word_1_519' title='bbox 2465 491 2609 562; x_wconf 78' lang='grc' dir='ltr'>χεὶρ,</span> <span class='ocrx_word' id='word_1_520' title='bbox 2642 490 2709 545; x_wconf 83' lang='grc' dir='ltr'>ἂν</span> <span class='ocrx_word' id='word_1_521' title='bbox 2736 491 2914 547; x_wconf 86' lang='grc' dir='ltr'>ὁτιοῦν</span> <span class='ocrx_word' id='word_1_522' title='bbox 2946 492 3106 566; x_wconf 73' lang='grc' dir='ltr'>εἴπῃς</span> <span class='ocrx_word' id='word_1_523' title='bbox 3141 494 3320 564; x_wconf 87' lang='grc' dir='ltr'>μέλος.</span> 
     </span>
    </p>
   </div>
   <div class='ocr_carea' id='block_1_67' title="bbox 1766 574 3320 651">
    <p class='ocr_par' dir='ltr' id='par_1_67' title="bbox 1766 574 3320 651">
     <span class='ocr_line' id='line_1_67' title="bbox 1766 574 3320 651; baseline 0.005 -24"><span class='ocrx_word' id='word_1_524' title='bbox 1766 574 2068 645; x_wconf 85' lang='grc' dir='ltr'>Ὀφθαλμὸς</span> <span class='ocrx_word' id='word_1_525' title='bbox 2111 574 2339 644; x_wconf 83' lang='grc' dir='ltr'>σώματα</span> <span class='ocrx_word' id='word_1_526' title='bbox 2387 579 2490 648; x_wconf 84' lang='grc' dir='ltr'>ὁρᾷ</span> <span class='ocrx_word' id='word_1_527' title='bbox 2546 579 2640 631; x_wconf 75' lang='grc' dir='ltr'>καὶ</span> <span class='ocrx_word' id='word_1_528' title='bbox 2686 578 2856 649; x_wconf 87' lang='grc' dir='ltr'>κάλλη</span> <span class='ocrx_word' id='word_1_529' title='bbox 2905 579 3000 632; x_wconf 76' lang='grc' dir='ltr'>καὶ</span> <span class='ocrx_word' id='word_1_530' title='bbox 3031 580 3320 651; x_wconf 74' lang='grc' dir='ltr'>χρήματαο</span> 
     </span>
    </p>
   </div>
   <div class='ocr_carea' id='block_1_68' title="bbox 1753 661 3323 737">
    <p class='ocr_par' dir='ltr' id='par_1_68' title="bbox 1753 661 3323 737">
     <span class='ocr_line' id='line_1_68' title="bbox 1753 661 3323 737; baseline 0.004 -24"><span class='ocrx_word' id='word_1_531' title='bbox 1753 661 1925 714; x_wconf 88' lang='grc' dir='ltr'>ταῦτα</span> <span class='ocrx_word' id='word_1_532' title='bbox 1959 663 2025 715; x_wconf 84' lang='grc' dir='ltr'>τὰ</span> <span class='ocrx_word' id='word_1_533' title='bbox 2050 673 2071 700; x_wconf 75' lang='grc' dir='ltr'><strong>ο</strong></span> <span class='ocrx_word' id='word_1_534' title='bbox 2094 662 2202 716; x_wconf 81' lang='grc' dir='ltr'>ἀπὸ</span> <span class='ocrx_word' id='word_1_535' title='bbox 2239 663 2361 733; x_wconf 85' lang='grc' dir='ltr'>γῆς,</span> <span class='ocrx_word' id='word_1_536' title='bbox 2380 664 2585 728; x_wconf 83' lang='grc' dir='ltr'>τούτοις</span> <span class='ocrx_word' id='word_1_537' title='bbox 2611 665 2872 736; x_wconf 81' lang='grc' dir='ltr'>τέρπεται</span> <span class='ocrx_word' id='word_1_538' title='bbox 2892 682 2905 694; x_wconf 76' lang='grc' dir='ltr'><strong><em>ο</em></strong></span> <span class='ocrx_word' id='word_1_539' title='bbox 2939 668 2971 737; x_wconf 87' lang='grc' dir='ltr'>ή</span> <span class='ocrx_word' id='word_1_540' title='bbox 2998 667 3136 736; x_wconf 83' lang='grc' dir='ltr'>ἀκοὴ</span> <span class='ocrx_word' id='word_1_541' title='bbox 3171 667 3323 737; x_wconf 85' lang='grc' dir='ltr'>μέλε.</span> 
     </span>
    </p>
   </div>
   <div class='ocr_carea' id='block_1_69' title="bbox 1757 749 3322 824">
    <p class='ocr_par' dir='ltr' id='par_1_69' title="bbox 1757 749 3322 824">
     <span class='ocr_line' id='line_1_69' title="bbox 1757 749 3322 824; baseline 0.004 -23"><span class='ocrx_word' id='word_1_542' title='bbox 1757 749 2048 820; x_wconf 85' lang='grc' dir='ltr'>μαλθακῷ,</span> <span class='ocrx_word' id='word_1_543' title='bbox 2106 751 2306 821; x_wconf 62' lang='grc' dir='ltr'>κιθάρᾳ⁴</span> <span class='ocrx_word' id='word_1_544' title='bbox 2359 753 2454 804; x_wconf 74' lang='grc' dir='ltr'>καὶ</span> <span class='ocrx_word' id='word_1_545' title='bbox 2504 752 2725 824; x_wconf 83' lang='grc' dir='ltr'>σύριγγι</span> <span class='ocrx_word' id='word_1_546' title='bbox 2774 754 2870 808; x_wconf 79' lang='grc' dir='ltr'>καὶ</span> <span class='ocrx_word' id='word_1_547' title='bbox 2929 753 3322 824; x_wconf 67' lang='grc' dir='ltr'>αἰσχρολογίαν</span> 
     </span>
    </p>
   </div>
   <div class='ocr_carea' id='block_1_70' title="bbox 1753 832 3324 911">
    <p class='ocr_par' dir='ltr' id='par_1_70' title="bbox 1753 832 3324 911">
     <span class='ocr_line' id='line_1_70' title="bbox 1753 832 3324 911; baseline 0.004 -23"><span class='ocrx_word' id='word_1_548' title='bbox 1753 835 1924 891; x_wconf 87' lang='grc' dir='ltr'>ταῦτα</span> <span class='ocrx_word' id='word_1_549' title='bbox 1951 837 2007 889; x_wconf 84' lang='grc' dir='ltr'>δὲ</span> <span class='ocrx_word' id='word_1_550' title='bbox 2037 838 2164 909; x_wconf 74' lang='grc' dir='ltr'>περὶ</span> <span class='ocrx_word' id='word_1_551' title='bbox 2193 837 2317 907; x_wconf 83' lang='grc' dir='ltr'>γῆν.</span> <span class='ocrx_word' id='word_1_552' title='bbox 2359 838 2577 911; x_wconf 80' lang='grc' dir='ltr'>Ἐπειδὴ</span> <span class='ocrx_word' id='word_1_553' title='bbox 2608 835 2701 893; x_wconf 81' lang='grc' dir='ltr'>οὖν</span> <span class='ocrx_word' id='word_1_554' title='bbox 2728 832 2955 910; x_wconf 75' lang='grc' dir='ltr'>ἔστησεν</span> <span class='ocrx_word' id='word_1_555' title='bbox 2983 841 3178 906; x_wconf 82' lang='grc' dir='ltr'>αὐτοὺς</span> <span class='ocrx_word' id='word_1_556' title='bbox 3207 842 3324 895; x_wconf 78' lang='grc' dir='ltr'>ἄνω</span> 
     </span>
    </p>
   </div>
   <div class='ocr_carea' id='block_1_71' title="bbox 1754 925 3320 998">
    <p class='ocr_par' dir='ltr' id='par_1_71' title="bbox 1754 925 3320 998">
     <span class='ocr_line' id='line_1_71' title="bbox 1754 925 3320 998; baseline 0.003 -21"><span class='ocrx_word' id='word_1_557' title='bbox 1754 925 1906 996; x_wconf 81' lang='grc' dir='ltr'>παρὰ</span> <span class='ocrx_word' id='word_1_558' title='bbox 1942 925 2033 978; x_wconf 87' lang='grc' dir='ltr'>τὸν</span> <span class='ocrx_word' id='word_1_559' title='bbox 2067 925 2274 997; x_wconf 86' lang='grc' dir='ltr'>θρόνον,</span> <span class='ocrx_word' id='word_1_560' title='bbox 2297 927 2418 980; x_wconf 90' lang='grc' dir='ltr'>τότε</span> <span class='ocrx_word' id='word_1_561' title='bbox 2467 927 2622 998; x_wconf 78' lang='grc' dir='ltr'>φησὶ,</span> <span class='ocrx_word' id='word_1_562' title='bbox 2657 927 3008 995; x_wconf 82' lang='grc' dir='ltr'>Νεκρώσατε</span> <span class='ocrx_word' id='word_1_563' title='bbox 3047 928 3118 982; x_wconf 84' lang='grc' dir='ltr'>τὰ</span> <span class='ocrx_word' id='word_1_564' title='bbox 3162 927 3320 998; x_wconf 79' lang='grc' dir='ltr'>μέλη</span> 
     </span>
    </p>
   </div>
   <div class='ocr_carea' id='block_1_72' title="bbox 1753 1011 3323 1086">
    <p class='ocr_par' dir='ltr' id='par_1_72' title="bbox 1753 1011 3323 1086">
     <span class='ocr_line' id='line_1_72' title="bbox 1753 1011 3323 1086; baseline -0.001 -18"><span class='ocrx_word' id='word_1_565' title='bbox 1753 1011 1922 1084; x_wconf 83' lang='grc' dir='ltr'>ὑμῶν</span> <span class='ocrx_word' id='word_1_566' title='bbox 1957 1016 2030 1066; x_wconf 83' lang='grc' dir='ltr'>τὰ</span> <span class='ocrx_word' id='word_1_567' title='bbox 2055 1014 2153 1067; x_wconf 76' lang='grc' dir='ltr'>ἐπὶ</span> <span class='ocrx_word' id='word_1_568' title='bbox 2185 1013 2296 1082; x_wconf 83' lang='grc' dir='ltr'>τῆς</span> <span class='ocrx_word' id='word_1_569' title='bbox 2320 1013 2451 1084; x_wconf 74' lang='grc' dir='ltr'>τῆς.</span> <span class='ocrx_word' id='word_1_570' title='bbox 2482 1015 2556 1068; x_wconf 86' lang='grc' dir='ltr'>Οὐ</span> <span class='ocrx_word' id='word_1_571' title='bbox 2583 1015 2690 1084; x_wconf 85' lang='grc' dir='ltr'>γὰρ</span> <span class='ocrx_word' id='word_1_572' title='bbox 2719 1014 2796 1067; x_wconf 76' lang='grc' dir='ltr'>ἔνι</span> <span class='ocrx_word' id='word_1_573' title='bbox 2831 1016 3020 1084; x_wconf 84' lang='grc' dir='ltr'>στῆναι</span> <span class='ocrx_word' id='word_1_574' title='bbox 3045 1015 3156 1068; x_wconf 83' lang='grc' dir='ltr'>ἄνω</span> <span class='ocrx_word' id='word_1_575' title='bbox 3187 1016 3323 1086; x_wconf 70' lang='grc' dir='ltr'>μετὰ</span> 
     </span>
    </p>
   </div>
   <div class='ocr_carea' id='block_1_73' title="bbox 1753 1099 3322 1172">
    <p class='ocr_par' dir='ltr' id='par_1_73' title="bbox 1753 1099 3322 1172">
     <span class='ocr_line' id='line_1_73' title="bbox 1753 1099 3322 1172; baseline 0.001 -20"><span class='ocrx_word' id='word_1_576' title='bbox 1753 1100 1956 1152; x_wconf 84' lang='grc' dir='ltr'>τούτων</span> <span class='ocrx_word' id='word_1_577' title='bbox 1987 1099 2096 1152; x_wconf 82' lang='grc' dir='ltr'>τῶν</span> <span class='ocrx_word' id='word_1_578' title='bbox 2135 1100 2312 1170; x_wconf 86' lang='grc' dir='ltr'>μελῶν</span> <span class='ocrx_word' id='word_1_579' title='bbox 2331 1118 2345 1131; x_wconf 75' lang='grc' dir='ltr'><strong><em>ο</em></strong></span> <span class='ocrx_word' id='word_1_580' title='bbox 2385 1101 2485 1154; x_wconf 90' lang='grc' dir='ltr'>οὐκ</span> <span class='ocrx_word' id='word_1_581' title='bbox 2519 1100 2598 1153; x_wconf 78' lang='grc' dir='ltr'>ενι</span> <span class='ocrx_word' id='word_1_582' title='bbox 2627 1100 2733 1172; x_wconf 87' lang='grc' dir='ltr'>γὰρ</span> <span class='ocrx_word' id='word_1_583' title='bbox 2765 1102 2898 1163; x_wconf 78' lang='grc' dir='ltr'>ἐκεῖ,</span> <span class='ocrx_word' id='word_1_584' title='bbox 2919 1102 2999 1164; x_wconf 89' lang='grc' dir='ltr'>είς</span> <span class='ocrx_word' id='word_1_585' title='bbox 3025 1100 3053 1152; x_wconf 89' lang='grc' dir='ltr'><strong>ὃ</strong></span> <span class='ocrx_word' id='word_1_586' title='bbox 3083 1102 3322 1172; x_wconf 82' lang='grc' dir='ltr'>ἐνεργεῖν</span> 
     </span>
    </p>
   </div>
   <div class='ocr_carea' id='block_1_74' title="bbox 1753 1181 3324 1258">
    <p class='ocr_par' dir='ltr' id='par_1_74' title="bbox 1753 1181 3324 1258">
     <span class='ocr_line' id='line_1_74' title="bbox 1753 1181 3324 1258; baseline 0 -19"><span class='ocrx_word' id='word_1_587' title='bbox 1753 1187 1853 1239; x_wconf 89' lang='grc' dir='ltr'>δεῖ.</span> <span class='ocrx_word' id='word_1_588' title='bbox 1879 1186 1990 1240; x_wconf 78' lang='grc' dir='ltr'>Καὶ</span> <span class='ocrx_word' id='word_1_589' title='bbox 2019 1181 2172 1250; x_wconf 71' lang='grc' dir='ltr'>οὗτος</span> <span class='ocrx_word' id='word_1_590' title='bbox 2204 1189 2232 1241; x_wconf 92' lang='grc' dir='ltr'>ὁ</span> <span class='ocrx_word' id='word_1_591' title='bbox 2268 1187 2443 1257; x_wconf 83' lang='grc' dir='ltr'>πηλὸς</span> <span class='ocrx_word' id='word_1_592' title='bbox 2477 1187 2678 1258; x_wconf 84' lang='grc' dir='ltr'>χείρων</span> <span class='ocrx_word' id='word_1_593' title='bbox 2707 1186 2916 1239; x_wconf 81' lang='grc' dir='ltr'>ἐκείνου</span> <span class='ocrx_word' id='word_1_594' title='bbox 2939 1204 2950 1216; x_wconf 91' lang='grc'><strong>·</strong></span> <span class='ocrx_word' id='word_1_595' title='bbox 2985 1188 3191 1250; x_wconf 77' lang='grc' dir='ltr'>ἐκεῖνος</span> <span class='ocrx_word' id='word_1_596' title='bbox 3223 1188 3324 1257; x_wconf 87' lang='grc' dir='ltr'>μὲν</span> 
     </span>
    </p>
   </div>
   <div class='ocr_carea' id='block_1_75' title="bbox 1753 1271 3324 1345">
    <p class='ocr_par' dir='ltr' id='par_1_75' title="bbox 1753 1271 3324 1345">
     <span class='ocr_line' id='line_1_75' title="bbox 1753 1271 3324 1345; baseline 0 -19"><span class='ocrx_word' id='word_1_597' title='bbox 1753 1273 1862 1344; x_wconf 85' lang='grc' dir='ltr'>γάρ</span> <span class='ocrx_word' id='word_1_598' title='bbox 1882 1275 1910 1327; x_wconf 93' lang='grc' dir='ltr'>ὁ</span> <span class='ocrx_word' id='word_1_599' title='bbox 1940 1274 2109 1345; x_wconf 86' lang='grc' dir='ltr'>πηλὸς</span> <span class='ocrx_word' id='word_1_600' title='bbox 2133 1274 2340 1342; x_wconf 89' lang='grc' dir='ltr'>γίνεται</span> <span class='ocrx_word' id='word_1_601' title='bbox 2365 1274 2565 1345; x_wconf 90' lang='grc' dir='ltr'>χρυσός</span> <span class='ocrx_word' id='word_1_602' title='bbox 2581 1290 2594 1302; x_wconf 73' lang='grc' dir='ltr'><strong><em>ο</em></strong></span> <span class='ocrx_word' id='word_1_603' title='bbox 2613 1273 2855 1342; x_wconf 78' lang='grc' dir='ltr'>Δεῐτὰρ,</span> <span class='ocrx_word' id='word_1_604' title='bbox 2873 1271 3026 1343; x_wconf 72' lang='grc' dir='ltr'>φησὶ,</span> <span class='ocrx_word' id='word_1_605' title='bbox 3049 1275 3113 1326; x_wconf 86' lang='grc' dir='ltr'>τὸ</span> <span class='ocrx_word' id='word_1_606' title='bbox 3140 1278 3291 1342; x_wconf 69' lang='grc' dir='ltr'>φθαρ</span> <span class='ocrx_word' id='word_1_607' title='bbox 3305 1303 3324 1314; x_wconf 90' lang='lat'><strong>-</strong></span> 
     </span>
    </p>
   </div>
   <div class='ocr_carea' id='block_1_76' title="bbox 1754 1353 3322 1430">
    <p class='ocr_par' dir='ltr' id='par_1_76' title="bbox 1754 1353 3322 1430">
     <span class='ocr_line' id='line_1_76' title="bbox 1754 1353 3322 1430; baseline -0.002 -16"><span class='ocrx_word' id='word_1_608' title='bbox 1754 1361 1862 1414; x_wconf 81' lang='grc' dir='ltr'>τὸν</span> <span class='ocrx_word' id='word_1_609' title='bbox 1884 1361 2059 1414; x_wconf 85' lang='grc' dir='ltr'>τοῦτο</span> <span class='ocrx_word' id='word_1_610' title='bbox 2077 1362 2448 1415; x_wconf 76' lang='grc' dir='ltr'>ἐνδύσασθαι</span> <span class='ocrx_word' id='word_1_611' title='bbox 2472 1360 2838 1430; x_wconf 66' lang='grc' dir='ltr'>ἀφθαρσίαν·</span> <span class='ocrx_word' id='word_1_612' title='bbox 2859 1353 3012 1422; x_wconf 73' lang='grc' dir='ltr'>οὗτος</span> <span class='ocrx_word' id='word_1_613' title='bbox 3033 1359 3087 1412; x_wconf 84' lang='grc' dir='ltr'>δὲ</span> <span class='ocrx_word' id='word_1_614' title='bbox 3107 1362 3134 1412; x_wconf 89' lang='grc' dir='ltr'>ὁ</span> <span class='ocrx_word' id='word_1_615' title='bbox 3153 1358 3322 1428; x_wconf 87' lang='grc' dir='ltr'>πηλὸς</span> 
     </span>
    </p>
   </div>
   <div class='ocr_carea' id='block_1_77' title="bbox 1755 1445 3323 1519">
    <p class='ocr_par' dir='ltr' id='par_1_77' title="bbox 1755 1445 3323 1519">
     <span class='ocr_line' id='line_1_77' title="bbox 1755 1445 3323 1519; baseline -0.003 -19"><span class='ocrx_word' id='word_1_616' title='bbox 1755 1448 1936 1501; x_wconf 85' lang='grc' dir='ltr'>οὐκέτι</span> <span class='ocrx_word' id='word_1_617' title='bbox 1973 1448 2409 1519; x_wconf 83' lang='grc' dir='ltr'>ἀναχωνευθῆναι</span> <span class='ocrx_word' id='word_1_618' title='bbox 2448 1447 2692 1501; x_wconf 89' lang='grc' dir='ltr'>δύναται.</span> <span class='ocrx_word' id='word_1_619' title='bbox 2716 1447 2877 1502; x_wconf 83' lang='grc' dir='ltr'>’Ὥστε</span> <span class='ocrx_word' id='word_1_620' title='bbox 2917 1446 3086 1500; x_wconf 89' lang='grc' dir='ltr'>ταῦτα</span> <span class='ocrx_word' id='word_1_621' title='bbox 3122 1445 3323 1517; x_wconf 80' lang='grc' dir='ltr'>μᾶλλον</span> 
     </span>
    </p>
   </div>
   <div class='ocr_carea' id='block_1_78' title="bbox 1755 1533 3323 1606">
    <p class='ocr_par' dir='ltr' id='par_1_78' title="bbox 1755 1533 3323 1606">
     <span class='ocr_line' id='line_1_78' title="bbox 1755 1533 3323 1606; baseline -0.003 -16"><span class='ocrx_word' id='word_1_622' title='bbox 1755 1537 1847 1590; x_wconf 74' lang='grc' dir='ltr'>ἐπὶ</span> <span class='ocrx_word' id='word_1_623' title='bbox 1870 1537 1969 1605; x_wconf 81' lang='grc' dir='ltr'>τῆς</span> <span class='ocrx_word' id='word_1_624' title='bbox 1992 1535 2140 1606; x_wconf 75' lang='lat'>[585]</span> <span class='ocrx_word' id='word_1_625' title='bbox 2169 1536 2292 1605; x_wconf 81' lang='grc' dir='ltr'>γῆς,</span> <span class='ocrx_word' id='word_1_626' title='bbox 2313 1535 2562 1605; x_wconf 81' lang='grc' dir='ltr'>ἢὲκεῖνα.</span> <span class='ocrx_word' id='word_1_627' title='bbox 2586 1535 2683 1588; x_wconf 88' lang='grc' dir='ltr'>Διά</span> <span class='ocrx_word' id='word_1_628' title='bbox 2700 1534 2856 1588; x_wconf 88' lang='grc' dir='ltr'>τοῦτο</span> <span class='ocrx_word' id='word_1_629' title='bbox 2883 1535 2982 1587; x_wconf 88' lang='grc' dir='ltr'>οὐκ</span> <span class='ocrx_word' id='word_1_630' title='bbox 3011 1533 3160 1587; x_wconf 70' lang='grc' dir='ltr'>εἶπεν</span> <span class='ocrx_word' id='word_1_631' title='bbox 3190 1534 3323 1586; x_wconf 83' lang='grc' dir='ltr'>Ἀπὸ</span> 
     </span>
    </p>
   </div>
   <div class='ocr_carea' id='block_1_79' title="bbox 1755 1613 3323 1690">
    <p class='ocr_par' dir='ltr' id='par_1_79' title="bbox 1755 1613 3323 1690">
     <span class='ocr_line' id='line_1_79' title="bbox 1755 1613 3323 1690; baseline -0.001 -20"><span class='ocrx_word' id='word_1_632' title='bbox 1755 1618 1862 1688; x_wconf 85' lang='grc' dir='ltr'>γῆς</span> <span class='ocrx_word' id='word_1_633' title='bbox 1880 1659 1894 1683; x_wconf 92' lang='grc'>,</span> <span class='ocrx_word' id='word_1_634' title='bbox 1913 1617 2068 1678; x_wconf 89' lang='grc' dir='ltr'>ἀλλά,</span> <span class='ocrx_word' id='word_1_635' title='bbox 2099 1619 2175 1670; x_wconf 84' lang='grc' dir='ltr'>Τὰ</span> <span class='ocrx_word' id='word_1_636' title='bbox 2199 1618 2298 1671; x_wconf 81' lang='grc' dir='ltr'>ἐπὶ</span> <span class='ocrx_word' id='word_1_637' title='bbox 2330 1617 2441 1686; x_wconf 82' lang='grc' dir='ltr'>τῆς</span> <span class='ocrx_word' id='word_1_638' title='bbox 2469 1617 2576 1688; x_wconf 72' lang='grc' dir='ltr'>γῆς</span> <span class='ocrx_word' id='word_1_639' title='bbox 2597 1635 2611 1648; x_wconf 90' lang='grc'><strong>·</strong></span> <span class='ocrx_word' id='word_1_640' title='bbox 2639 1618 2716 1672; x_wconf 76' lang='grc' dir='ltr'>Ενι</span> <span class='ocrx_word' id='word_1_641' title='bbox 2745 1619 2855 1690; x_wconf 83' lang='grc' dir='ltr'>γὰρ</span> <span class='ocrx_word' id='word_1_642' title='bbox 2880 1617 3050 1671; x_wconf 86' lang='grc' dir='ltr'>ταῦτα</span> <span class='ocrx_word' id='word_1_643' title='bbox 3081 1629 3155 1688; x_wconf 88' lang='grc' dir='ltr'>μη</span> <span class='ocrx_word' id='word_1_644' title='bbox 3182 1613 3323 1670; x_wconf 83' lang='grc' dir='ltr'>εἶναι</span> 
     </span>
    </p>
   </div>
   <div class='ocr_carea' id='block_1_80' title="bbox 1755 1703 3322 1777">
    <p class='ocr_par' dir='ltr' id='par_1_80' title="bbox 1755 1703 3322 1777">
     <span class='ocr_line' id='line_1_80' title="bbox 1755 1703 3322 1777; baseline -0.002 -16"><span class='ocrx_word' id='word_1_645' title='bbox 1755 1707 1863 1761; x_wconf 85' lang='grc' dir='ltr'>ἀπὸ</span> <span class='ocrx_word' id='word_1_646' title='bbox 1883 1707 2007 1776; x_wconf 83' lang='grc' dir='ltr'>γῆς.</span> <span class='ocrx_word' id='word_1_647' title='bbox 2028 1706 2213 1760; x_wconf 89' lang='grc' dir='ltr'>Ταῦτα</span> <span class='ocrx_word' id='word_1_648' title='bbox 2239 1706 2338 1777; x_wconf 80' lang='grc' dir='ltr'>μὲν</span> <span class='ocrx_word' id='word_1_649' title='bbox 2357 1706 2465 1777; x_wconf 86' lang='grc' dir='ltr'>γὰρ</span> <span class='ocrx_word' id='word_1_650' title='bbox 2491 1708 2706 1776; x_wconf 84' lang='grc' dir='ltr'>ἀνάγκη</span> <span class='ocrx_word' id='word_1_651' title='bbox 2730 1708 2823 1760; x_wconf 78' lang='grc' dir='ltr'>ἐπὶ</span> <span class='ocrx_word' id='word_1_652' title='bbox 2846 1708 2947 1776; x_wconf 79' lang='grc' dir='ltr'>γῆς</span> <span class='ocrx_word' id='word_1_653' title='bbox 2966 1703 3123 1770; x_wconf 73' lang='grc' dir='ltr'>εἶναι,</span> <span class='ocrx_word' id='word_1_654' title='bbox 3141 1708 3322 1760; x_wconf 78' lang='grc' dir='ltr'>ἐκεῖνα</span> 
     </span>
    </p>
   </div>
   <div class='ocr_carea' id='block_1_81' title="bbox 1755 1795 3322 1869">
    <p class='ocr_par' dir='ltr' id='par_1_81' title="bbox 1755 1795 3322 1869">
     <span class='ocr_line' id='line_1_81' title="bbox 1755 1795 3322 1869; baseline -0.002 -19"><span class='ocrx_word' id='word_1_655' title='bbox 1755 1797 1812 1850; x_wconf 77' lang='grc' dir='ltr'>δὲ</span> <span class='ocrx_word' id='word_1_656' title='bbox 1845 1797 2025 1850; x_wconf 89' lang='grc' dir='ltr'>οὐκέτι</span> <span class='ocrx_word' id='word_1_657' title='bbox 2059 1797 2291 1867; x_wconf 87' lang='grc' dir='ltr'>ἀνάγκη.</span> <span class='ocrx_word' id='word_1_658' title='bbox 2327 1796 2494 1850; x_wconf 83' lang='grc' dir='ltr'>Ὅταν</span> <span class='ocrx_word' id='word_1_659' title='bbox 2514 1797 2623 1866; x_wconf 92' lang='grc' dir='ltr'>γάρ</span> <span class='ocrx_word' id='word_1_660' title='bbox 2646 1796 2784 1867; x_wconf 81' lang='grc' dir='ltr'>ἀκοὴ</span> <span class='ocrx_word' id='word_1_661' title='bbox 2817 1797 2980 1866; x_wconf 84' lang='grc' dir='ltr'>μηδὲν</span> <span class='ocrx_word' id='word_1_662' title='bbox 3013 1797 3185 1869; x_wconf 86' lang='grc' dir='ltr'>ἀκούῃ</span> <span class='ocrx_word' id='word_1_663' title='bbox 3211 1795 3322 1849; x_wconf 84' lang='grc' dir='ltr'>τῶν</span> 
     </span>
    </p>
   </div>
   <div class='ocr_carea' id='block_1_82' title="bbox 1756 1882 3322 1952">
    <p class='ocr_par' dir='ltr' id='par_1_82' title="bbox 1756 1882 3322 1952">
     <span class='ocr_line' id='line_1_82' title="bbox 1756 1882 3322 1952; baseline -0.003 -14"><span class='ocrx_word' id='word_1_664' title='bbox 1756 1883 2006 1949; x_wconf 76' lang='grc' dir='ltr'>ἐνταῦθα,</span> <span class='ocrx_word' id='word_1_665' title='bbox 2055 1884 2192 1938; x_wconf 86' lang='grc' dir='ltr'>ἀλλά</span> <span class='ocrx_word' id='word_1_666' title='bbox 2229 1883 2339 1937; x_wconf 86' lang='grc' dir='ltr'>τῶν</span> <span class='ocrx_word' id='word_1_667' title='bbox 2387 1883 2447 1937; x_wconf 82' lang='grc' dir='ltr'>ὲν</span> <span class='ocrx_word' id='word_1_668' title='bbox 2493 1882 2740 1952; x_wconf 80' lang='grc' dir='ltr'>οὐρανοῖς</span> <span class='ocrx_word' id='word_1_669' title='bbox 2784 1883 3147 1952; x_wconf 86' lang='grc' dir='ltr'>λαλουμένων.</span> <span class='ocrx_word' id='word_1_670' title='bbox 3193 1884 3322 1935; x_wconf 82' lang='grc' dir='ltr'>ὅταν</span> 
     </span>
    </p>
   </div>
   <div class='ocr_carea' id='block_1_83' title="bbox 1755 1970 3322 2044">
    <p class='ocr_par' dir='ltr' id='par_1_83' title="bbox 1755 1970 3322 2044">
     <span class='ocr_line' id='line_1_83' title="bbox 1755 1970 3322 2044; baseline -0.001 -19"><span class='ocrx_word' id='word_1_671' title='bbox 1755 1971 2030 2042; x_wconf 75' lang='grc' dir='ltr'>ὀφθαλμὸς</span> <span class='ocrx_word' id='word_1_672' title='bbox 2057 1971 2221 2042; x_wconf 79' lang='grc' dir='ltr'>μηδὲν</span> <span class='ocrx_word' id='word_1_673' title='bbox 2245 1973 2347 2044; x_wconf 83' lang='grc' dir='ltr'>ὁρᾷ</span> <span class='ocrx_word' id='word_1_674' title='bbox 2370 1971 2478 2026; x_wconf 85' lang='grc' dir='ltr'>τῶν</span> <span class='ocrx_word' id='word_1_675' title='bbox 2504 1971 2755 2030; x_wconf 76' lang='grc' dir='ltr'>ἐνταῦθα.</span> <span class='ocrx_word' id='word_1_676' title='bbox 2781 1971 2917 2025; x_wconf 88' lang='grc' dir='ltr'>ἀλλά</span> <span class='ocrx_word' id='word_1_677' title='bbox 2945 1970 3051 2024; x_wconf 84' lang='grc' dir='ltr'>τῶν</span> <span class='ocrx_word' id='word_1_678' title='bbox 3075 1971 3205 2035; x_wconf 81' lang='grc' dir='ltr'>ἄνω,</span> <span class='ocrx_word' id='word_1_679' title='bbox 3222 1972 3322 2024; x_wconf 89' lang='grc' dir='ltr'>οὐκ</span> 
     </span>
    </p>
   </div>
   <div class='ocr_carea' id='block_1_84' title="bbox 1755 2058 3322 2130">
    <p class='ocr_par' dir='ltr' id='par_1_84' title="bbox 1755 2058 3322 2130">
     <span class='ocr_line' id='line_1_84' title="bbox 1755 2058 3322 2130; baseline 0 -20"><span class='ocrx_word' id='word_1_680' title='bbox 1755 2059 1848 2111; x_wconf 83' lang='grc' dir='ltr'>ὲπί</span> <span class='ocrx_word' id='word_1_681' title='bbox 1883 2060 1987 2129; x_wconf 82' lang='grc' dir='ltr'>γῆς</span> <span class='ocrx_word' id='word_1_682' title='bbox 2014 2061 2160 2112; x_wconf 76' lang='grc' dir='ltr'>ἐστιν</span> <span class='ocrx_word' id='word_1_683' title='bbox 2179 2075 2191 2088; x_wconf 73' lang='grc'><strong>⁸</strong></span> <span class='ocrx_word' id='word_1_684' title='bbox 2219 2060 2347 2115; x_wconf 84' lang='grc' dir='ltr'>ὅταν</span> <span class='ocrx_word' id='word_1_685' title='bbox 2379 2059 2440 2112; x_wconf 86' lang='grc' dir='ltr'>τὸ</span> <span class='ocrx_word' id='word_1_686' title='bbox 2478 2058 2652 2129; x_wconf 84' lang='grc' dir='ltr'>στόμα</span> <span class='ocrx_word' id='word_1_687' title='bbox 2694 2059 2860 2129; x_wconf 79' lang='grc' dir='ltr'>μηδὲν</span> <span class='ocrx_word' id='word_1_688' title='bbox 2894 2058 3322 2130; x_wconf 84' lang='grc' dir='ltr'>φθέγγηταιτῶν</span> 
     </span>
    </p>
   </div>
   <div class='ocr_carea' id='block_1_85' title="bbox 1761 2146 3321 2218">
    <p class='ocr_par' dir='ltr' id='par_1_85' title="bbox 1761 2146 3321 2218">
     <span class='ocr_line' id='line_1_85' title="bbox 1761 2146 3321 2218; baseline -0.003 -17"><span class='ocrx_word' id='word_1_689' title='bbox 1761 2148 2018 2211; x_wconf 77' lang='grc' dir='ltr'>ἐνταῦθα,</span> <span class='ocrx_word' id='word_1_690' title='bbox 2060 2147 2160 2201; x_wconf 84' lang='grc' dir='ltr'>οὐκ</span> <span class='ocrx_word' id='word_1_691' title='bbox 2212 2147 2305 2200; x_wconf 74' lang='grc' dir='ltr'>ἐπὶ</span> <span class='ocrx_word' id='word_1_692' title='bbox 2361 2147 2464 2217; x_wconf 87' lang='grc' dir='ltr'>γῆς</span> <span class='ocrx_word' id='word_1_693' title='bbox 2502 2147 2678 2200; x_wconf 78' lang='grc' dir='ltr'>ἐστιν⁶</span> <span class='ocrx_word' id='word_1_694' title='bbox 2717 2148 2846 2200; x_wconf 84' lang='grc' dir='ltr'>ὅταν</span> <span class='ocrx_word' id='word_1_695' title='bbox 2897 2148 2931 2218; x_wconf 80' lang='grc' dir='ltr'><strong>ἡ</strong></span> <span class='ocrx_word' id='word_1_696' title='bbox 2978 2147 3098 2217; x_wconf 76' lang='grc' dir='ltr'>χεὶρ</span> <span class='ocrx_word' id='word_1_697' title='bbox 3157 2146 3321 2217; x_wconf 82' lang='grc' dir='ltr'>μηδὲν</span> 
     </span>
    </p>
   </div>
   <div class='ocr_carea' id='block_1_86' title="bbox 1757 2234 3325 2310">
    <p class='ocr_par' dir='ltr' id='par_1_86' title="bbox 1757 2234 3325 2310">
     <span class='ocr_line' id='line_1_86' title="bbox 1757 2234 3325 2310; baseline -0.001 -19"><span class='ocrx_word' id='word_1_698' title='bbox 1757 2237 1970 2310; x_wconf 87' lang='grc' dir='ltr'>πράττῃ</span> <span class='ocrx_word' id='word_1_699' title='bbox 2011 2235 2118 2288; x_wconf 84' lang='grc' dir='ltr'>τῶν</span> <span class='ocrx_word' id='word_1_700' title='bbox 2156 2234 2429 2305; x_wconf 85' lang='grc' dir='ltr'>πονηρῶν,</span> <span class='ocrx_word' id='word_1_701' title='bbox 2459 2234 2559 2289; x_wconf 89' lang='grc' dir='ltr'>οὐκ</span> <span class='ocrx_word' id='word_1_702' title='bbox 2613 2234 2728 2289; x_wconf 73' lang='grc' dir='ltr'>ἔστι</span> <span class='ocrx_word' id='word_1_703' title='bbox 2771 2235 2878 2289; x_wconf 84' lang='grc' dir='ltr'>τῶν</span> <span class='ocrx_word' id='word_1_704' title='bbox 2911 2235 3001 2288; x_wconf 74' lang='grc' dir='ltr'>ἐπὶ</span> <span class='ocrx_word' id='word_1_705' title='bbox 3036 2238 3160 2306; x_wconf 78' lang='grc' dir='ltr'>γῆς,</span> <span class='ocrx_word' id='word_1_706' title='bbox 3187 2234 3325 2289; x_wconf 86' lang='grc' dir='ltr'>ἀλλά</span> 
     </span>
    </p>
   </div>
   <div class='ocr_carea' id='block_1_87' title="bbox 1755 2322 2374 2393">
    <p class='ocr_par' dir='ltr' id='par_1_87' title="bbox 1755 2322 2374 2393">
     <span class='ocr_line' id='line_1_87' title="bbox 1755 2322 2374 2393; baseline -0.005 -14"><span class='ocrx_word' id='word_1_707' title='bbox 1755 2324 1863 2378; x_wconf 83' lang='grc' dir='ltr'>τῶν</span> <span class='ocrx_word' id='word_1_708' title='bbox 1889 2326 1945 2378; x_wconf 83' lang='grc' dir='ltr'>ὲν</span> <span class='ocrx_word' id='word_1_709' title='bbox 1974 2326 2086 2386; x_wconf 86' lang='grc' dir='ltr'>τοῖς</span> <span class='ocrx_word' id='word_1_710' title='bbox 2109 2322 2374 2393; x_wconf 84' lang='grc' dir='ltr'>οὐρανοῖς.</span> 
     </span>
    </p>
   </div>
   <div class='ocr_carea' id='block_1_88' title="bbox 1824 2498 3322 2570">
    <p class='ocr_par' dir='ltr' id='par_1_88' title="bbox 1824 2498 3322 2570">
     <span class='ocr_line' id='line_1_88' title="bbox 1824 2498 3322 2570; baseline -0.004 -12"><span class='ocrx_word' id='word_1_711' title='bbox 1824 2501 1866 2557; x_wconf 82' lang='grc' dir='ltr'>δ’</span> <span class='ocrx_word' id='word_1_712' title='bbox 1875 2544 1887 2557; x_wconf 96' lang='grc'>.</span> <span class='ocrx_word' id='word_1_713' title='bbox 1906 2501 2075 2554; x_wconf 90' lang='grc' dir='ltr'>Τοῦτο</span> <span class='ocrx_word' id='word_1_714' title='bbox 2097 2501 2189 2554; x_wconf 94' lang='lat' dir='ltr'>ml</span> <span class='ocrx_word' id='word_1_715' title='bbox 2206 2501 2232 2554; x_wconf 88' lang='lat'>6</span> <span class='ocrx_word' id='word_1_716' title='bbox 2248 2499 2477 2570; x_wconf 86' lang='grc' dir='ltr'>Χριστός</span> <span class='ocrx_word' id='word_1_717' title='bbox 2492 2515 2673 2570; x_wconf 81' lang='grc' dir='ltr'>φησιν.</span> <span class='ocrx_word' id='word_1_718' title='bbox 2690 2498 2823 2552; x_wconf 82' lang='grc' dir='ltr'>Ἐὰν</span> <span class='ocrx_word' id='word_1_719' title='bbox 2838 2500 2871 2552; x_wconf 87' lang='grc' dir='ltr'>ό</span> <span class='ocrx_word' id='word_1_720' title='bbox 2885 2498 3188 2567; x_wconf 71' lang='grc' dir='ltr'>ὀφθαλμός</span> <span class='ocrx_word' id='word_1_721' title='bbox 3206 2514 3322 2552; x_wconf 80' lang='grc' dir='ltr'>σου</span> 
     </span>
    </p>
   </div>
   <div class='ocr_carea' id='block_1_89' title="bbox 1738 2586 3323 2656">
    <p class='ocr_par' dir='ltr' id='par_1_89' title="bbox 1738 2586 3323 2656">
     <span class='ocr_line' id='line_1_89' title="bbox 1738 2586 3323 2656; baseline -0.003 -12"><span class='ocrx_word' id='word_1_722' title='bbox 1738 2593 1790 2644; x_wconf 69' lang='grc' dir='ltr'>ιό</span> <span class='ocrx_word' id='word_1_723' title='bbox 1821 2589 2018 2656; x_wconf 80' lang='grc' dir='ltr'>δεξιὸς</span> <span class='ocrx_word' id='word_1_724' title='bbox 2033 2587 2400 2656; x_wconf 77' lang='grc' dir='ltr'>σκανδαλίζῃ</span> <span class='ocrx_word' id='word_1_725' title='bbox 2421 2603 2514 2654; x_wconf 86' lang='grc' dir='ltr'>σε,</span> <span class='ocrx_word' id='word_1_726' title='bbox 2533 2587 2830 2650; x_wconf 82' lang='grc' dir='ltr'>τουτέστιν.</span> <span class='ocrx_word' id='word_1_727' title='bbox 2859 2586 2982 2640; x_wconf 83' lang='grc' dir='ltr'>Ἐὰν</span> <span class='ocrx_word' id='word_1_728' title='bbox 3010 2586 3323 2650; x_wconf 81' lang='grc' dir='ltr'>ἀκολάστως</span> 
     </span>
    </p>
   </div>
   <div class='ocr_carea' id='block_1_90' title="bbox 1756 2673 3323 2748">
    <p class='ocr_par' dir='ltr' id='par_1_90' title="bbox 1756 2673 3323 2748">
     <span class='ocr_line' id='line_1_90' title="bbox 1756 2673 3323 2748; baseline -0.003 -17"><span class='ocrx_word' id='word_1_729' title='bbox 1756 2679 1909 2748; x_wconf 75' lang='grc' dir='ltr'>ὁρᾷς,</span> <span class='ocrx_word' id='word_1_730' title='bbox 1927 2677 2192 2744; x_wconf 67' lang='grc' dir='ltr'>ἔκκοψον</span> <span class='ocrx_word' id='word_1_731' title='bbox 2211 2675 2397 2728; x_wconf 81' lang='grc' dir='ltr'>αὐτόν</span> <span class='ocrx_word' id='word_1_732' title='bbox 2413 2690 2427 2705; x_wconf 78' lang='grc' dir='ltr'><strong>ο</strong></span> <span class='ocrx_word' id='word_1_733' title='bbox 2445 2673 2710 2738; x_wconf 80' lang='grc' dir='ltr'>τουτέστι,</span> <span class='ocrx_word' id='word_1_734' title='bbox 2727 2674 2818 2728; x_wconf 87' lang='grc' dir='ltr'>τὸν</span> <span class='ocrx_word' id='word_1_735' title='bbox 2839 2673 3096 2743; x_wconf 88' lang='grc' dir='ltr'>λογισμὸν</span> <span class='ocrx_word' id='word_1_736' title='bbox 3115 2673 3205 2727; x_wconf 90' lang='grc' dir='ltr'>τὸν</span> <span class='ocrx_word' id='word_1_737' title='bbox 3227 2691 3323 2727; x_wconf 77' lang='grc' dir='ltr'>πο⁴</span> 
     </span>
    </p>
   </div>
   <div class='ocr_carea' id='block_1_91' title="bbox 1758 2760 3322 2835">
    <p class='ocr_par' dir='ltr' id='par_1_91' title="bbox 1758 2760 3322 2835">
     <span class='ocr_line' id='line_1_91' title="bbox 1758 2760 3322 2835; baseline -0.003 -18"><span class='ocrx_word' id='word_1_738' title='bbox 1758 2764 1942 2835; x_wconf 90' lang='grc' dir='ltr'>νηρὸν.</span> <span class='ocrx_word' id='word_1_739' title='bbox 1989 2762 2143 2834; x_wconf 75' lang='grc' dir='ltr'>Ἐμοὶ</span> <span class='ocrx_word' id='word_1_740' title='bbox 2179 2761 2235 2814; x_wconf 82' lang='grc' dir='ltr'>δὲ</span> <span class='ocrx_word' id='word_1_741' title='bbox 2263 2761 2409 2814; x_wconf 89' lang='grc' dir='ltr'>δοκεῖ</span> <span class='ocrx_word' id='word_1_742' title='bbox 2438 2761 2713 2832; x_wconf 79' lang='grc' dir='ltr'>πορνείαν,</span> <span class='ocrx_word' id='word_1_743' title='bbox 2741 2760 3101 2831; x_wconf 82' lang='grc' dir='ltr'>ἀκαθαρσίαν,</span> <span class='ocrx_word' id='word_1_744' title='bbox 3129 2761 3322 2824; x_wconf 85' lang='grc' dir='ltr'>πάθος,</span> 
     </span>
    </p>
   </div>
   <div class='ocr_carea' id='block_1_92' title="bbox 1759 2847 3326 2920">
    <p class='ocr_par' dir='ltr' id='par_1_92' title="bbox 1759 2847 3326 2920">
     <span class='ocr_line' id='line_1_92' title="bbox 1759 2847 3326 2920; baseline -0.001 -18"><span class='ocrx_word' id='word_1_745' title='bbox 1759 2849 2072 2920; x_wconf 81' lang='grc' dir='ltr'>ἐπιθυμίαν,</span> <span class='ocrx_word' id='word_1_746' title='bbox 2115 2848 2278 2902; x_wconf 89' lang='grc' dir='ltr'>ταυτὸ</span> <span class='ocrx_word' id='word_1_747' title='bbox 2318 2848 2517 2916; x_wconf 90' lang='grc' dir='ltr'>λέγειν,</span> <span class='ocrx_word' id='word_1_748' title='bbox 2545 2848 2644 2917; x_wconf 85' lang='grc' dir='ltr'>τὴν</span> <span class='ocrx_word' id='word_1_749' title='bbox 2683 2847 2959 2918; x_wconf 86' lang='grc' dir='ltr'>πορνείαν,</span> <span class='ocrx_word' id='word_1_750' title='bbox 2993 2847 3080 2900; x_wconf 89' lang='grc' dir='ltr'>διά</span> <span class='ocrx_word' id='word_1_751' title='bbox 3107 2847 3326 2901; x_wconf 84' lang='grc' dir='ltr'>πάντων</span> 
     </span>
    </p>
   </div>
   <div class='ocr_carea' id='block_1_93' title="bbox 1757 2933 3325 3006">
    <p class='ocr_par' dir='ltr' id='par_1_93' title="bbox 1757 2933 3325 3006">
     <span class='ocr_line' id='line_1_93' title="bbox 1757 2933 3325 3006; baseline -0.001 -17"><span class='ocrx_word' id='word_1_752' title='bbox 1757 2936 1960 2990; x_wconf 82' lang='grc' dir='ltr'>τούτων</span> <span class='ocrx_word' id='word_1_753' title='bbox 1992 2937 2218 3004; x_wconf 85' lang='grc' dir='ltr'>ἀπάγων</span> <span class='ocrx_word' id='word_1_754' title='bbox 2261 2937 2408 3006; x_wconf 83' lang='grc' dir='ltr'>ήμᾶς</span> <span class='ocrx_word' id='word_1_755' title='bbox 2460 2933 2551 2988; x_wconf 89' lang='grc' dir='ltr'>τοῦ</span> <span class='ocrx_word' id='word_1_756' title='bbox 2611 2935 2952 3006; x_wconf 88' lang='grc' dir='ltr'>πράγματος.</span> <span class='ocrx_word' id='word_1_757' title='bbox 2987 2934 3164 2996; x_wconf 87' lang='grc' dir='ltr'>Πάθος</span> <span class='ocrx_word' id='word_1_758' title='bbox 3215 2936 3325 3004; x_wconf 74' lang='grc' dir='ltr'>γὰρ</span> 
     </span>
    </p>
   </div>
   <div class='ocr_carea' id='block_1_94' title="bbox 1758 3023 3324 3095">
    <p class='ocr_par' dir='ltr' id='par_1_94' title="bbox 1758 3023 3324 3095">
     <span class='ocr_line' id='line_1_94' title="bbox 1758 3023 3324 3095; baseline -0.002 -17"><span class='ocrx_word' id='word_1_759' title='bbox 1758 3026 1925 3089; x_wconf 83' lang='grc' dir='ltr'>ὁντως</span> <span class='ocrx_word' id='word_1_760' title='bbox 1961 3024 2118 3078; x_wconf 87' lang='grc' dir='ltr'>τοῦτό</span> <span class='ocrx_word' id='word_1_761' title='bbox 2163 3026 2308 3078; x_wconf 76' lang='grc' dir='ltr'>ἐστι’</span> <span class='ocrx_word' id='word_1_762' title='bbox 2343 3023 2436 3078; x_wconf 88' lang='lat' dir='ltr'>ml</span> <span class='ocrx_word' id='word_1_763' title='bbox 2470 3023 2722 3095; x_wconf 88' lang='grc' dir='ltr'>καθάπερ</span> <span class='ocrx_word' id='word_1_764' title='bbox 2753 3023 2812 3076; x_wconf 86' lang='grc' dir='ltr'>τὸ</span> <span class='ocrx_word' id='word_1_765' title='bbox 2850 3023 3006 3092; x_wconf 81' lang='grc' dir='ltr'>σῶμα</span> <span class='ocrx_word' id='word_1_766' title='bbox 3039 3025 3254 3093; x_wconf 88' lang='grc' dir='ltr'>πάσχει,</span> <span class='ocrx_word' id='word_1_767' title='bbox 3289 3024 3324 3094; x_wconf 82' lang='grc' dir='ltr'>ἢ</span> 
     </span>
    </p>
   </div>
   <div class='ocr_carea' id='block_1_95' title="bbox 1759 3109 3327 3182">
    <p class='ocr_par' dir='ltr' id='par_1_95' title="bbox 1759 3109 3327 3182">
     <span class='ocr_line' id='line_1_95' title="bbox 1759 3109 3327 3182; baseline 0 -19"><span class='ocrx_word' id='word_1_768' title='bbox 1759 3111 2012 3182; x_wconf 83' lang='grc' dir='ltr'>πυρέττει</span> <span class='ocrx_word' id='word_1_769' title='bbox 2058 3110 2090 3180; x_wconf 85' lang='grc' dir='ltr'>ἢ</span> <span class='ocrx_word' id='word_1_770' title='bbox 2121 3111 2562 3181; x_wconf 80' lang='grc' dir='ltr'>τραυματίζεται,</span> <span class='ocrx_word' id='word_1_771' title='bbox 2590 3111 2730 3163; x_wconf 75' lang='grc' dir='ltr'>οὕτω</span> <span class='ocrx_word' id='word_1_772' title='bbox 2760 3110 2854 3162; x_wconf 88' lang='lat' dir='ltr'>ml</span> <span class='ocrx_word' id='word_1_773' title='bbox 2876 3109 3050 3164; x_wconf 86' lang='lat'><strong>10610.</strong></span> <span class='ocrx_word' id='word_1_774' title='bbox 3081 3111 3190 3164; x_wconf 77' lang='lat' dir='ltr'>Kal</span> <span class='ocrx_word' id='word_1_775' title='bbox 3226 3111 3327 3163; x_wconf 88' lang='grc' dir='ltr'>οὐκ</span> 
     </span>
    </p>
   </div>
   <div class='ocr_carea' id='block_1_96' title="bbox 1760 3195 3329 3266">
    <p class='ocr_par' dir='ltr' id='par_1_96' title="bbox 1760 3195 3329 3266">
     <span class='ocr_line' id='line_1_96' title="bbox 1760 3195 3329 3266; baseline 0.001 -15"><span class='ocrx_word' id='word_1_776' title='bbox 1760 3195 1935 3261; x_wconf 79' lang='grc' dir='ltr'>εἶπεν,</span> <span class='ocrx_word' id='word_1_777' title='bbox 1954 3197 2255 3266; x_wconf 86' lang='grc' dir='ltr'>Ἐπίσχετε,</span> <span class='ocrx_word' id='word_1_778' title='bbox 2290 3196 2443 3262; x_wconf 85' lang='grc' dir='ltr'>ἀλλά,</span> <span class='ocrx_word' id='word_1_779' title='bbox 2472 3198 2843 3265; x_wconf 82' lang='grc' dir='ltr'>Νεκρώσατε,</span> <span class='ocrx_word' id='word_1_780' title='bbox 2871 3196 3011 3250; x_wconf 81' lang='grc' dir='ltr'>ὥστε</span> <span class='ocrx_word' id='word_1_781' title='bbox 3035 3197 3170 3266; x_wconf 82' lang='grc' dir='ltr'>μηδὲ</span> <span class='ocrx_word' id='word_1_782' title='bbox 3195 3199 3329 3253; x_wconf 81' lang='grc' dir='ltr'>ἀνα-</span> 
     </span>
    </p>
   </div>
   <div class='ocr_carea' id='block_1_97' title="bbox 1762 3283 3326 3355">
    <p class='ocr_par' dir='ltr' id='par_1_97' title="bbox 1762 3283 3326 3355">
     <span class='ocr_line' id='line_1_97' title="bbox 1762 3283 3326 3355; baseline -0.002 -16"><span class='ocrx_word' id='word_1_783' title='bbox 1762 3286 1949 3355; x_wconf 79' lang='grc' dir='ltr'>στῆναι</span> <span class='ocrx_word' id='word_1_784' title='bbox 1989 3285 2170 3337; x_wconf 89' lang='grc' dir='ltr'>λοιπόν</span> <span class='ocrx_word' id='word_1_785' title='bbox 2190 3299 2204 3315; x_wconf 70' lang='grc'><strong><em>⁸</em></strong></span> <span class='ocrx_word' id='word_1_786' title='bbox 2229 3285 2323 3336; x_wconf 60' lang='grc' dir='ltr'>καὶ¹</span> <span class='ocrx_word' id='word_1_787' title='bbox 2367 3283 2656 3338; x_wconf 86' lang='grc' dir='ltr'>ἀπόθεσθε.</span> <span class='ocrx_word' id='word_1_788' title='bbox 2686 3285 2760 3337; x_wconf 89' lang='grc' dir='ltr'>Τὸ</span> <span class='ocrx_word' id='word_1_789' title='bbox 2789 3283 3148 3355; x_wconf 85' lang='grc' dir='ltr'>νεκρούμενον</span> <span class='ocrx_word' id='word_1_790' title='bbox 3187 3285 3326 3337; x_wconf 80' lang='grc' dir='ltr'>ἀπο-</span> 
     </span>
    </p>
   </div>
   <div class='ocr_carea' id='block_1_98' title="bbox 1759 3367 3329 3443">
    <p class='ocr_par' dir='ltr' id='par_1_98' title="bbox 1759 3367 3329 3443">
     <span class='ocr_line' id='line_1_98' title="bbox 1759 3367 3329 3443; baseline -0.001 -17"><span class='ocrx_word' id='word_1_791' title='bbox 1759 3371 2056 3443; x_wconf 83' lang='grc' dir='ltr'>τιθέμεθα⁶</span> <span class='ocrx_word' id='word_1_792' title='bbox 2099 3369 2230 3437; x_wconf 72' lang='grc' dir='ltr'>οἷον,</span> <span class='ocrx_word' id='word_1_793' title='bbox 2277 3371 2426 3425; x_wconf 86' lang='grc' dir='ltr'>τύλοι</span> <span class='ocrx_word' id='word_1_794' title='bbox 2481 3371 2548 3426; x_wconf 85' lang='grc' dir='ltr'>ἂν</span> <span class='ocrx_word' id='word_1_795' title='bbox 2595 3367 2727 3425; x_wconf 77' lang='grc' dir='ltr'>ὦσιν</span> <span class='ocrx_word' id='word_1_796' title='bbox 2767 3375 2824 3426; x_wconf 86' lang='grc' dir='ltr'>ὲν</span> <span class='ocrx_word' id='word_1_797' title='bbox 2865 3372 2943 3443; x_wconf 83' lang='grc' dir='ltr'>τῷ</span> <span class='ocrx_word' id='word_1_798' title='bbox 2997 3370 3230 3441; x_wconf 86' lang='grc' dir='ltr'>σώματι,</span> <span class='ocrx_word' id='word_1_799' title='bbox 3266 3373 3329 3425; x_wconf 87' lang='grc' dir='ltr'>τὸ</span> 
     </span>
    </p>
   </div>
   <div class='ocr_carea' id='block_1_99' title="bbox 1764 3459 3330 3531">
    <p class='ocr_par' dir='ltr' id='par_1_99' title="bbox 1764 3459 3330 3531">
     <span class='ocr_line' id='line_1_99' title="bbox 1764 3459 3330 3531; baseline -0.001 -17"><span class='ocrx_word' id='word_1_800' title='bbox 1764 3461 1921 3531; x_wconf 79' lang='grc' dir='ltr'>σῶμα</span> <span class='ocrx_word' id='word_1_801' title='bbox 1951 3460 2141 3530; x_wconf 87' lang='grc' dir='ltr'>νεκρόν</span> <span class='ocrx_word' id='word_1_802' title='bbox 2173 3461 2310 3521; x_wconf 84' lang='grc' dir='ltr'>ἐστι,</span> <span class='ocrx_word' id='word_1_803' title='bbox 2339 3461 2432 3512; x_wconf 80' lang='grc' dir='ltr'>καὶ</span> <span class='ocrx_word' id='word_1_804' title='bbox 2457 3459 2824 3530; x_wconf 85' lang='grc' dir='ltr'>ἀποτιθέμεθα</span> <span class='ocrx_word' id='word_1_805' title='bbox 2856 3459 3006 3514; x_wconf 84' lang='grc' dir='ltr'>αὐτό.</span> <span class='ocrx_word' id='word_1_806' title='bbox 3047 3460 3207 3514; x_wconf 80' lang='grc' dir='ltr'>Ἀλλά</span> <span class='ocrx_word' id='word_1_807' title='bbox 3232 3460 3330 3512; x_wconf 82' lang='grc' dir='ltr'>ἐὰν</span> 
     </span>
    </p>
   </div>
   <div class='ocr_carea' id='block_1_100' title="bbox 1767 3545 3329 3619">
    <p class='ocr_par' dir='ltr' id='par_1_100' title="bbox 1767 3545 3329 3619">
     <span class='ocr_line' id='line_1_100' title="bbox 1767 3545 3329 3619; baseline -0.002 -18"><span class='ocrx_word' id='word_1_808' title='bbox 1767 3549 1862 3619; x_wconf 80' lang='grc' dir='ltr'>μὲν</span> <span class='ocrx_word' id='word_1_809' title='bbox 1889 3548 1994 3611; x_wconf 81' lang='grc' dir='ltr'>ζῶν</span> <span class='ocrx_word' id='word_1_810' title='bbox 2021 3547 2212 3619; x_wconf 71' lang='grc' dir='ltr'>κόψῃς,</span> <span class='ocrx_word' id='word_1_811' title='bbox 2233 3546 2497 3614; x_wconf 85' lang='grc' dir='ltr'>ἀλγηδόνα</span> <span class='ocrx_word' id='word_1_812' title='bbox 2528 3545 2754 3617; x_wconf 83' lang='grc' dir='ltr'>παρέχει</span> <span class='ocrx_word' id='word_1_813' title='bbox 2776 3561 2789 3575; x_wconf 82' lang='lat'>&#39;</span> <span class='ocrx_word' id='word_1_814' title='bbox 2815 3545 2882 3600; x_wconf 78' lang='grc' dir='ltr'>ἂν</span> <span class='ocrx_word' id='word_1_815' title='bbox 2905 3546 2961 3598; x_wconf 78' lang='grc' dir='ltr'>δὲ</span> <span class='ocrx_word' id='word_1_816' title='bbox 2991 3546 3329 3615; x_wconf 83' lang='grc' dir='ltr'>νενεκρωμέ-</span> 
     </span>
    </p>
   </div>
   <div class='ocr_carea' id='block_1_101' title="bbox 1763 3631 3392 3704">
    <p class='ocr_par' dir='ltr' id='par_1_101' title="bbox 1763 3631 3392 3704">
     <span class='ocr_line' id='line_1_101' title="bbox 1763 3631 3392 3704; baseline -0.001 -17"><span class='ocrx_word' id='word_1_817' title='bbox 1763 3652 1873 3702; x_wconf 90' lang='grc' dir='ltr'>νον,</span> <span class='ocrx_word' id='word_1_818' title='bbox 1926 3633 2046 3686; x_wconf 84' lang='grc' dir='ltr'>οὐδὲ</span> <span class='ocrx_word' id='word_1_819' title='bbox 2076 3631 2447 3701; x_wconf 79' lang='grc' dir='ltr'>αἰσθανόμεθα</span> <span class='ocrx_word' id='word_1_820' title='bbox 2484 3632 2530 3686; x_wconf 72' lang='grc' dir='ltr'>ἀ.</span> <span class='ocrx_word' id='word_1_821' title='bbox 2562 3633 2716 3686; x_wconf 86' lang='grc' dir='ltr'>Οῦτω</span> <span class='ocrx_word' id='word_1_822' title='bbox 2744 3632 2809 3704; x_wconf 82' lang='grc' dir='ltr'>δὴ</span> <span class='ocrx_word' id='word_1_823' title='bbox 2837 3634 2931 3686; x_wconf 75' lang='grc' dir='ltr'>καὶ</span> <span class='ocrx_word' id='word_1_824' title='bbox 2956 3633 3049 3685; x_wconf 70' lang='grc' dir='ltr'>ἐπὶ</span> <span class='ocrx_word' id='word_1_825' title='bbox 3081 3632 3190 3686; x_wconf 82' lang='grc' dir='ltr'>τῶν</span> <span class='ocrx_word' id='word_1_826' title='bbox 3219 3650 3326 3685; x_wconf 85' lang='grc' dir='ltr'>πα-</span> <span class='ocrx_word' id='word_1_827' title='bbox 3390 3701 3392 3704; x_wconf 14' lang='grc' dir='ltr'>ν</span> 
     </span>
    </p>
   </div>
   <div class='ocr_carea' id='block_1_102' title="bbox 1764 3718 3329 3790">
    <p class='ocr_par' dir='ltr' id='par_1_102' title="bbox 1764 3718 3329 3790">
     <span class='ocr_line' id='line_1_102' title="bbox 1764 3718 3329 3790; baseline -0.001 -16"><span class='ocrx_word' id='word_1_828' title='bbox 1764 3721 1902 3774; x_wconf 74' lang='grc' dir='ltr'>θῶνο</span> <span class='ocrx_word' id='word_1_829' title='bbox 1933 3719 2241 3790; x_wconf 87' lang='grc' dir='ltr'>ἀκάθαρτον</span> <span class='ocrx_word' id='word_1_830' title='bbox 2271 3719 2534 3788; x_wconf 81' lang='grc' dir='ltr'>ποιεῖτὴν</span> <span class='ocrx_word' id='word_1_831' title='bbox 2561 3718 2760 3789; x_wconf 73' lang='grc' dir='ltr'>ψυχὴν,</span> <span class='ocrx_word' id='word_1_832' title='bbox 2789 3718 3038 3790; x_wconf 82' lang='grc' dir='ltr'>παθητὴν</span> <span class='ocrx_word' id='word_1_833' title='bbox 3067 3719 3329 3788; x_wconf 75' lang='grc' dir='ltr'>ποιεῖτὴν</span> 
     </span>
    </p>
   </div>
   <div class='ocr_carea' id='block_1_103' title="bbox 1761 3805 3326 3879">
    <p class='ocr_par' dir='ltr' id='par_1_103' title="bbox 1761 3805 3326 3879">
     <span class='ocr_line' id='line_1_103' title="bbox 1761 3805 3326 3879; baseline -0.001 -19"><span class='ocrx_word' id='word_1_834' title='bbox 1761 3808 1941 3879; x_wconf 79' lang='grc' dir='ltr'>ψυχὴν</span> <span class='ocrx_word' id='word_1_835' title='bbox 1977 3806 2074 3878; x_wconf 87' lang='grc' dir='ltr'>τὴν</span> <span class='ocrx_word' id='word_1_836' title='bbox 2117 3806 2402 3861; x_wconf 83' lang='grc' dir='ltr'>ἀθάνατον.</span> <span class='ocrx_word' id='word_1_837' title='bbox 2450 3806 2573 3869; x_wconf 87' lang='grc' dir='ltr'>Πῶς</span> <span class='ocrx_word' id='word_1_838' title='bbox 2611 3805 3021 3878; x_wconf 83' lang='grc' dir='ltr'>είδωλολατρεία</span> <span class='ocrx_word' id='word_1_839' title='bbox 3048 3805 3261 3878; x_wconf 73' lang='grc' dir='ltr'>εἴρηται</span> <span class='ocrx_word' id='word_1_840' title='bbox 3289 3809 3326 3877; x_wconf 84' lang='grc' dir='ltr'>ή</span> 
     </span>
    </p>
   </div>
   <div class='ocr_carea' id='block_1_104' title="bbox 1763 3892 3328 3964">
    <p class='ocr_par' dir='ltr' id='par_1_104' title="bbox 1763 3892 3328 3964">
     <span class='ocr_line' id='line_1_104' title="bbox 1763 3892 3328 3964; baseline -0.002 -15"><span class='ocrx_word' id='word_1_841' title='bbox 1763 3894 2063 3958; x_wconf 81' lang='grc' dir='ltr'>πλεονεξία,</span> <span class='ocrx_word' id='word_1_842' title='bbox 2093 3892 2350 3956; x_wconf 87' lang='grc' dir='ltr'>πολλάκις</span> <span class='ocrx_word' id='word_1_843' title='bbox 2379 3894 2699 3964; x_wconf 74' lang='grc' dir='ltr'>εἰρήκαμεν.</span> <span class='ocrx_word' id='word_1_844' title='bbox 2731 3892 2812 3945; x_wconf 88' lang='grc' dir='ltr'>Τά</span> <span class='ocrx_word' id='word_1_845' title='bbox 2839 3892 3198 3963; x_wconf 86' lang='grc' dir='ltr'>τυραννοῦντα</span> <span class='ocrx_word' id='word_1_846' title='bbox 3218 3893 3328 3964; x_wconf 83' lang='grc' dir='ltr'>γάρ</span> 
     </span>
    </p>
   </div>
   <div class='ocr_carea' id='block_1_105' title="bbox 1772 3979 3330 4054">
    <p class='ocr_par' dir='ltr' id='par_1_105' title="bbox 1772 3979 3330 4054">
     <span class='ocr_line' id='line_1_105' title="bbox 1772 3979 3330 4054; baseline -0.002 -17"><span class='ocrx_word' id='word_1_847' title='bbox 1772 3983 2006 4054; x_wconf 85' lang='grc' dir='ltr'>μάλιστα</span> <span class='ocrx_word' id='word_1_848' title='bbox 2034 3981 2094 4034; x_wconf 89' lang='grc' dir='ltr'>τὸ</span> <span class='ocrx_word' id='word_1_849' title='bbox 2108 3979 2215 4035; x_wconf 84' lang='grc' dir='ltr'>τῶν</span> <span class='ocrx_word' id='word_1_850' title='bbox 2245 3979 2544 4051; x_wconf 85' lang='grc' dir='ltr'>ἀνθρώπων</span> <span class='ocrx_word' id='word_1_851' title='bbox 2566 3980 2742 4048; x_wconf 87' lang='grc' dir='ltr'>γένος,</span> <span class='ocrx_word' id='word_1_852' title='bbox 2771 3979 2946 4034; x_wconf 83' lang='grc' dir='ltr'>ταῦτά</span> <span class='ocrx_word' id='word_1_853' title='bbox 2973 3983 3108 4042; x_wconf 81' lang='grc' dir='ltr'>ἐστι.</span> <span class='ocrx_word' id='word_1_854' title='bbox 3139 3981 3330 4034; x_wconf 85' lang='grc' dir='ltr'>πλεον-</span> 
     </span>
    </p>
   </div>
   <div class='ocr_carea' id='block_1_106' title="bbox 1764 4063 3332 4138">
    <p class='ocr_par' dir='ltr' id='par_1_106' title="bbox 1764 4063 3332 4138">
     <span class='ocr_line' id='line_1_106' title="bbox 1764 4063 3332 4138; baseline -0.003 -14"><span class='ocrx_word' id='word_1_855' title='bbox 1764 4071 1882 4136; x_wconf 81' lang='grc' dir='ltr'>εξία</span> <span class='ocrx_word' id='word_1_856' title='bbox 1926 4069 2020 4123; x_wconf 78' lang='grc' dir='ltr'>καὶ</span> <span class='ocrx_word' id='word_1_857' title='bbox 2051 4067 2311 4122; x_wconf 86' lang='grc' dir='ltr'>ἀκολασία</span> <span class='ocrx_word' id='word_1_858' title='bbox 2329 4067 2422 4120; x_wconf 77' lang='grc' dir='ltr'>καὶ</span> <span class='ocrx_word' id='word_1_859' title='bbox 2440 4067 2702 4137; x_wconf 77' lang='grc' dir='ltr'>ἐπιθυμία</span> <span class='ocrx_word' id='word_1_860' title='bbox 2724 4068 2889 4138; x_wconf 81' lang='grc' dir='ltr'>κακή.</span> <span class='ocrx_word' id='word_1_861' title='bbox 2914 4068 2993 4121; x_wconf 88' lang='grc' dir='ltr'>Δι’</span> <span class='ocrx_word' id='word_1_862' title='bbox 3009 4068 3047 4121; x_wconf 84' lang='lat' dir='ltr'><strong><em>d</em></strong></span> <span class='ocrx_word' id='word_1_863' title='bbox 3073 4063 3332 4136; x_wconf 76' lang='grc' dir='ltr'>ἔρχεται,</span> 
     </span>
    </p>
   </div>
   <div class='ocr_carea' id='block_1_107' title="bbox 1763 4156 3332 4231">
    <p class='ocr_par' dir='ltr' id='par_1_107' title="bbox 1763 4156 3332 4231">
     <span class='ocr_line' id='line_1_107' title="bbox 1763 4156 3332 4231; baseline -0.001 -19"><span class='ocrx_word' id='word_1_864' title='bbox 1763 4161 1947 4231; x_wconf 81' lang='grc' dir='ltr'>φησὶν,</span> <span class='ocrx_word' id='word_1_865' title='bbox 1975 4159 2014 4226; x_wconf 77' lang='grc' dir='ltr'>η</span> <span class='ocrx_word' id='word_1_866' title='bbox 2042 4157 2185 4228; x_wconf 79' lang='grc' dir='ltr'>ὀργὴ</span> <span class='ocrx_word' id='word_1_867' title='bbox 2217 4157 2321 4211; x_wconf 84' lang='grc' dir='ltr'>τοῦ</span> <span class='ocrx_word' id='word_1_868' title='bbox 2348 4157 2497 4212; x_wconf 85' lang='grc' dir='ltr'>Θεοῦ</span> <span class='ocrx_word' id='word_1_869' title='bbox 2531 4157 2629 4210; x_wconf 80' lang='grc' dir='ltr'>ἐπὶ</span> <span class='ocrx_word' id='word_1_870' title='bbox 2661 4156 2804 4223; x_wconf 84' lang='grc' dir='ltr'>τοὺς</span> <span class='ocrx_word' id='word_1_871' title='bbox 2831 4156 2999 4223; x_wconf 75' lang='grc' dir='ltr'>υἱοὺς</span> <span class='ocrx_word' id='word_1_872' title='bbox 3030 4157 3141 4226; x_wconf 82' lang='grc' dir='ltr'>τῆς</span> <span class='ocrx_word' id='word_1_873' title='bbox 3164 4159 3332 4212; x_wconf 79' lang='grc' dir='ltr'>ἀπει-</span> 
     </span>
    </p>
   </div>
   <div class='ocr_carea' id='block_1_108' title="bbox 1763 4244 3331 4315">
    <p class='ocr_par' dir='ltr' id='par_1_108' title="bbox 1763 4244 3331 4315">
     <span class='ocr_line' id='line_1_108' title="bbox 1763 4244 3331 4315; baseline -0.002 -13"><span class='ocrx_word' id='word_1_874' title='bbox 1763 4247 1946 4312; x_wconf 83' lang='grc' dir='ltr'>θείας.</span> <span class='ocrx_word' id='word_1_875' title='bbox 1992 4246 2153 4309; x_wconf 77' lang='grc' dir='ltr'>Υίοὺς</span> <span class='ocrx_word' id='word_1_876' title='bbox 2202 4244 2485 4306; x_wconf 88' lang='grc' dir='ltr'>ἀπειθείας</span> <span class='ocrx_word' id='word_1_877' title='bbox 2537 4244 2713 4313; x_wconf 88' lang='grc' dir='ltr'>λέγει,</span> <span class='ocrx_word' id='word_1_878' title='bbox 2765 4244 3081 4315; x_wconf 83' lang='grc' dir='ltr'>ἀποστερῶν</span> <span class='ocrx_word' id='word_1_879' title='bbox 3135 4245 3331 4308; x_wconf 85' lang='grc' dir='ltr'>αὐτοὺς</span> 
     </span>
    </p>
   </div>
   <div class='ocr_carea' id='block_1_109' title="bbox 1766 4330 3331 4404">
    <p class='ocr_par' dir='ltr' id='par_1_109' title="bbox 1766 4330 3331 4404">
     <span class='ocr_line' id='line_1_109' title="bbox 1766 4330 3331 4404; baseline -0.002 -18"><span class='ocrx_word' id='word_1_880' title='bbox 1766 4333 2117 4404; x_wconf 84' lang='grc' dir='ltr'>συγγνώμης,</span> <span class='ocrx_word' id='word_1_881' title='bbox 2147 4332 2242 4384; x_wconf 75' lang='grc' dir='ltr'>καὶ</span> <span class='ocrx_word' id='word_1_882' title='bbox 2284 4331 2499 4392; x_wconf 67' lang='grc' dir='ltr'>δεικνὺς</span> <span class='ocrx_word' id='word_1_883' title='bbox 2539 4332 2620 4384; x_wconf 81' lang='grc' dir='ltr'>ὅτι</span> <span class='ocrx_word' id='word_1_884' title='bbox 2659 4330 2806 4400; x_wconf 86' lang='grc' dir='ltr'>παρά</span> <span class='ocrx_word' id='word_1_885' title='bbox 2841 4330 2902 4383; x_wconf 90' lang='grc' dir='ltr'>τὸ</span> <span class='ocrx_word' id='word_1_886' title='bbox 2937 4330 3012 4400; x_wconf 82' lang='grc' dir='ltr'>μὴ</span> <span class='ocrx_word' id='word_1_887' title='bbox 3046 4331 3331 4400; x_wconf 80' lang='grc' dir='ltr'>πεισθῆναι</span> 
     </span>
    </p>
   </div>
   <div class='ocr_carea' id='block_1_110' title="bbox 1763 4414 3332 4490">
    <p class='ocr_par' dir='ltr' id='par_1_110' title="bbox 1763 4414 3332 4490">
     <span class='ocr_line' id='line_1_110' title="bbox 1763 4414 3332 4490; baseline -0.003 -13"><span class='ocrx_word' id='word_1_888' title='bbox 1763 4425 1820 4477; x_wconf 84' lang='grc' dir='ltr'>ὲν</span> <span class='ocrx_word' id='word_1_889' title='bbox 1845 4423 2052 4485; x_wconf 86' lang='grc' dir='ltr'>τούτοις</span> <span class='ocrx_word' id='word_1_890' title='bbox 2078 4419 2236 4474; x_wconf 90' lang='grc' dir='ltr'>εἰσίν.</span> <span class='ocrx_word' id='word_1_891' title='bbox 2289 4421 2384 4471; x_wconf 74' lang='grc' dir='ltr'>Ἐν</span> <span class='ocrx_word' id='word_1_892' title='bbox 2419 4414 2509 4482; x_wconf 79' lang='grc' dir='ltr'>οἷς</span> <span class='ocrx_word' id='word_1_893' title='bbox 2537 4419 2631 4472; x_wconf 80' lang='grc' dir='ltr'>καὶ</span> <span class='ocrx_word' id='word_1_894' title='bbox 2661 4419 2847 4487; x_wconf 82' lang='grc' dir='ltr'>ὑμεῖς,</span> <span class='ocrx_word' id='word_1_895' title='bbox 2876 4419 3030 4490; x_wconf 78' lang='grc' dir='ltr'>φησὶ,</span> <span class='ocrx_word' id='word_1_896' title='bbox 3058 4433 3332 4486; x_wconf 80' lang='grc' dir='ltr'>περιεπα-</span> 
     </span>
    </p>
   </div>
   <div class='ocr_carea' id='block_1_111' title="bbox 1763 4504 3331 4577">
    <p class='ocr_par' dir='ltr' id='par_1_111' title="bbox 1763 4504 3331 4577">
     <span class='ocr_line' id='line_1_111' title="bbox 1763 4504 3331 4577; baseline -0.005 -13"><span class='ocrx_word' id='word_1_897' title='bbox 1763 4507 1984 4577; x_wconf 79' lang='grc' dir='ltr'>τήσατέ</span> <span class='ocrx_word' id='word_1_898' title='bbox 2016 4523 2180 4573; x_wconf 77' lang='grc' dir='ltr'>ποτε,</span> <span class='ocrx_word' id='word_1_899' title='bbox 2215 4505 2310 4559; x_wconf 78' lang='grc' dir='ltr'>καί</span> <span class='ocrx_word' id='word_1_900' title='bbox 2341 4505 2678 4571; x_wconf 83' lang='grc' dir='ltr'>ἐπείσθητε.</span> <span class='ocrx_word' id='word_1_901' title='bbox 2718 4505 2999 4557; x_wconf 88' lang='grc' dir='ltr'>Δείκνυσιν</span> <span class='ocrx_word' id='word_1_902' title='bbox 3026 4504 3220 4568; x_wconf 82' lang='grc' dir='ltr'>αὐτοὺς</span> <span class='ocrx_word' id='word_1_903' title='bbox 3251 4505 3331 4557; x_wconf 78' lang='grc' dir='ltr'>ἔτι</span> 
     </span>
    </p>
   </div>
   <div class='ocr_carea' id='block_1_112' title="bbox 1763 4590 3327 4662">
    <p class='ocr_par' dir='ltr' id='par_1_112' title="bbox 1763 4590 3327 4662">
     <span class='ocr_line' id='line_1_112' title="bbox 1763 4590 3327 4662; baseline -0.002 -12"><span class='ocrx_word' id='word_1_904' title='bbox 1763 4599 1820 4650; x_wconf 76' lang='grc' dir='ltr'>ὲν</span> <span class='ocrx_word' id='word_1_905' title='bbox 1851 4597 2053 4661; x_wconf 86' lang='grc' dir='ltr'>αὐτοῖς,</span> <span class='ocrx_word' id='word_1_906' title='bbox 2074 4595 2166 4648; x_wconf 89' lang='lat' dir='ltr'>ml</span> <span class='ocrx_word' id='word_1_907' title='bbox 2193 4591 2528 4662; x_wconf 74' lang='grc' dir='ltr'>ἐγκωμιάζει</span> <span class='ocrx_word' id='word_1_908' title='bbox 2561 4590 2704 4645; x_wconf 78' lang='grc' dir='ltr'>οὕτω</span> <span class='ocrx_word' id='word_1_909' title='bbox 2731 4591 2904 4660; x_wconf 87' lang='grc' dir='ltr'>λέγων</span> <span class='ocrx_word' id='word_1_910' title='bbox 2924 4606 2936 4618; x_wconf 79' lang='grc'><strong><em>⁸</em></strong></span> <span class='ocrx_word' id='word_1_911' title='bbox 2960 4592 3110 4645; x_wconf 77' lang='grc' dir='ltr'>Νυνὶ</span> <span class='ocrx_word' id='word_1_912' title='bbox 3140 4591 3203 4645; x_wconf 84' lang='grc' dir='ltr'>δὲ</span> <span class='ocrx_word' id='word_1_913' title='bbox 3227 4594 3327 4647; x_wconf 78' lang='grc' dir='ltr'>καὶ</span> 
     </span>
    </p>
   </div>
   <div class='ocr_carea' id='block_1_113' title="bbox 1761 4677 3328 4753">
    <p class='ocr_par' dir='ltr' id='par_1_113' title="bbox 1761 4677 3328 4753">
     <span class='ocr_line' id='line_1_113' title="bbox 1761 4677 3328 4753; baseline -0.004 -15"><span class='ocrx_word' id='word_1_914' title='bbox 1761 4684 1930 4753; x_wconf 81' lang='grc' dir='ltr'>ὑμεῖς</span> <span class='ocrx_word' id='word_1_915' title='bbox 1956 4682 2248 4736; x_wconf 80' lang='grc' dir='ltr'>ἀπόθεσθε</span> <span class='ocrx_word' id='word_1_916' title='bbox 2275 4679 2347 4732; x_wconf 85' lang='grc' dir='ltr'>τὰ</span> <span class='ocrx_word' id='word_1_917' title='bbox 2374 4677 2591 4741; x_wconf 81' lang='grc' dir='ltr'>πάντα,</span> <span class='ocrx_word' id='word_1_918' title='bbox 2622 4678 2824 4747; x_wconf 74' lang='grc' dir='ltr'>ὀργὴν,</span> <span class='ocrx_word' id='word_1_919' title='bbox 2851 4678 3060 4748; x_wconf 79' lang='grc' dir='ltr'>θυμὸν,</span> <span class='ocrx_word' id='word_1_920' title='bbox 3091 4679 3328 4740; x_wconf 83' lang='grc' dir='ltr'>κακίαν,</span> 
     </span>
    </p>
   </div>
   <div class='ocr_carea' id='block_1_114' title="bbox 1757 4765 3328 4839">
    <p class='ocr_par' dir='ltr' id='par_1_114' title="bbox 1757 4765 3328 4839">
     <span class='ocr_line' id='line_1_114' title="bbox 1757 4765 3328 4839; baseline -0.004 -14"><span class='ocrx_word' id='word_1_921' title='bbox 1757 4770 2179 4839; x_wconf 62' lang='grc' dir='ltr'>βλασφημίαν,</span> <span class='ocrx_word' id='word_1_922' title='bbox 2208 4766 2656 4835; x_wconf 73' lang='grc' dir='ltr'>αἰσχρολογίαν.</span> <span class='ocrx_word' id='word_1_923' title='bbox 2691 4767 2805 4819; x_wconf 88' lang='grc' dir='ltr'>Οὐκ</span> <span class='ocrx_word' id='word_1_924' title='bbox 2847 4766 2933 4818; x_wconf 77' lang='grc' dir='ltr'>ἐπ’</span> <span class='ocrx_word' id='word_1_925' title='bbox 2963 4765 3181 4829; x_wconf 79' lang='grc' dir='ltr'>αὐτοὺς,</span> <span class='ocrx_word' id='word_1_926' title='bbox 3213 4765 3328 4819; x_wconf 86' lang='grc' dir='ltr'>ἀλλ’</span> 
     </span>
    </p>
   </div>
   <div class='ocr_carea' id='block_1_115' title="bbox 1763 4853 3332 4929">
    <p class='ocr_par' dir='ltr' id='par_1_115' title="bbox 1763 4853 3332 4929">
     <span class='ocr_line' id='line_1_115' title="bbox 1763 4853 3332 4929; baseline -0.003 -17"><span class='ocrx_word' id='word_1_927' title='bbox 1763 4858 1847 4928; x_wconf 81' lang='grc' dir='ltr'>ἐφ’</span> <span class='ocrx_word' id='word_1_928' title='bbox 1874 4859 2090 4929; x_wconf 80' lang='grc' dir='ltr'>ἐτέρους</span> <span class='ocrx_word' id='word_1_929' title='bbox 2129 4855 2358 4927; x_wconf 87' lang='grc' dir='ltr'>προάγει</span> <span class='ocrx_word' id='word_1_930' title='bbox 2389 4855 2478 4908; x_wconf 90' lang='grc' dir='ltr'>τὸν</span> <span class='ocrx_word' id='word_1_931' title='bbox 2507 4853 2683 4922; x_wconf 85' lang='grc' dir='ltr'>λόγον,</span> <span class='ocrx_word' id='word_1_932' title='bbox 2711 4855 2850 4906; x_wconf 80' lang='grc' dir='ltr'>ὥστε</span> <span class='ocrx_word' id='word_1_933' title='bbox 2887 4853 2960 4924; x_wconf 85' lang='grc' dir='ltr'>μὴ</span> <span class='ocrx_word' id='word_1_934' title='bbox 2987 4853 3202 4924; x_wconf 79' lang='grc' dir='ltr'>πλῆξαι.</span> <span class='ocrx_word' id='word_1_935' title='bbox 3222 4855 3332 4908; x_wconf 67' lang='grc' dir='ltr'>Καὶ</span> 
     </span>
    </p>
   </div>
   <div class='ocr_carea' id='block_1_116' title="bbox 1765 4941 3330 5017">
    <p class='ocr_par' dir='ltr' id='par_1_116' title="bbox 1765 4941 3330 5017">
     <span class='ocr_line' id='line_1_116' title="bbox 1765 4941 3330 5017; baseline -0.004 -18"><span class='ocrx_word' id='word_1_936' title='bbox 1765 4944 2109 5017; x_wconf 82' lang='grc' dir='ltr'>βλασφημίας</span> <span class='ocrx_word' id='word_1_937' title='bbox 2152 4943 2208 4996; x_wconf 83' lang='grc' dir='ltr'>δὲ</span> <span class='ocrx_word' id='word_1_938' title='bbox 2237 4944 2336 5006; x_wconf 86' lang='grc' dir='ltr'>τάς</span> <span class='ocrx_word' id='word_1_939' title='bbox 2380 4942 2647 5013; x_wconf 86' lang='grc' dir='ltr'>λοιδορίας</span> <span class='ocrx_word' id='word_1_940' title='bbox 2680 4941 2846 5009; x_wconf 88' lang='grc' dir='ltr'>λέγει,</span> <span class='ocrx_word' id='word_1_941' title='bbox 2879 4941 3127 5012; x_wconf 88' lang='grc' dir='ltr'>καθάπερ</span> <span class='ocrx_word' id='word_1_942' title='bbox 3162 4941 3330 5012; x_wconf 90' lang='grc' dir='ltr'>θυμὸν</span> 
     </span>
    </p>
   </div>
   <div class='ocr_carea' id='block_1_117' title="bbox 1761 5027 3329 5105">
    <p class='ocr_par' dir='ltr' id='par_1_117' title="bbox 1761 5027 3329 5105">
     <span class='ocr_line' id='line_1_117' title="bbox 1761 5027 3329 5105; baseline -0.003 -18"><span class='ocrx_word' id='word_1_943' title='bbox 1761 5033 1858 5105; x_wconf 82' lang='grc' dir='ltr'>τὴν</span> <span class='ocrx_word' id='word_1_944' title='bbox 1905 5032 2169 5103; x_wconf 88' lang='grc' dir='ltr'>πονηρίαν</span> <span class='ocrx_word' id='word_1_945' title='bbox 2216 5030 2388 5085; x_wconf 86' lang='grc' dir='ltr'>καλεῖ.</span> <span class='ocrx_word' id='word_1_946' title='bbox 2434 5027 2691 5098; x_wconf 80' lang='grc' dir='ltr'>’Δλλαχοῦ</span> <span class='ocrx_word' id='word_1_947' title='bbox 2733 5028 2789 5080; x_wconf 79' lang='grc' dir='ltr'>δὲ</span> <span class='ocrx_word' id='word_1_948' title='bbox 2829 5029 3216 5098; x_wconf 79' lang='grc' dir='ltr'>ἐντρεπτικῶς,</span> <span class='ocrx_word' id='word_1_949' title='bbox 3247 5030 3329 5082; x_wconf 81' lang='grc' dir='ltr'>ὅτι</span> 
     </span>
    </p>
   </div>
   <div class='ocr_carea' id='block_1_118' title="bbox 1777 5117 3330 5190">
    <p class='ocr_par' dir='ltr' id='par_1_118' title="bbox 1777 5117 3330 5190">
     <span class='ocr_line' id='line_1_118' title="bbox 1777 5117 3330 5190; baseline -0.003 -15"><span class='ocrx_word' id='word_1_950' title='bbox 1777 5121 2090 5188; x_wconf 77' lang='grc' dir='ltr'>Ἀλλήλων</span> <span class='ocrx_word' id='word_1_951' title='bbox 2106 5119 2292 5190; x_wconf 78' lang='grc' dir='ltr'>ἐσμὲν</span> <span class='ocrx_word' id='word_1_952' title='bbox 2317 5118 2494 5189; x_wconf 83' lang='grc' dir='ltr'>μέλη.</span> <span class='ocrx_word' id='word_1_953' title='bbox 2513 5118 2724 5189; x_wconf 84' lang='grc' dir='ltr'>Ὥσπερ</span> <span class='ocrx_word' id='word_1_954' title='bbox 2745 5117 3108 5188; x_wconf 83' lang='grc' dir='ltr'>δημιουργοὺς</span> <span class='ocrx_word' id='word_1_955' title='bbox 3135 5117 3330 5180; x_wconf 78' lang='grc' dir='ltr'>αὐτοὺς</span> 
     </span>
    </p>
   </div>
   <div class='ocr_carea' id='block_1_119' title="bbox 1766 5203 3329 5276">
    <p class='ocr_par' dir='ltr' id='par_1_119' title="bbox 1766 5203 3329 5276">
     <span class='ocr_line' id='line_1_119' title="bbox 1766 5203 3329 5276; baseline -0.003 -13"><span class='ocrx_word' id='word_1_956' title='bbox 1766 5207 2166 5271; x_wconf 77' lang='grc' dir='ltr'>κατασκευάζει</span> <span class='ocrx_word' id='word_1_957' title='bbox 2197 5205 2304 5259; x_wconf 87' lang='grc' dir='ltr'>τῶν</span> <span class='ocrx_word' id='word_1_958' title='bbox 2339 5203 2662 5275; x_wconf 84' lang='grc' dir='ltr'>ἀνθρώπων,</span> <span class='ocrx_word' id='word_1_959' title='bbox 2699 5203 2791 5256; x_wconf 87' lang='grc' dir='ltr'>τὸν</span> <span class='ocrx_word' id='word_1_960' title='bbox 2828 5204 2926 5274; x_wconf 85' lang='grc' dir='ltr'>μὲν</span> <span class='ocrx_word' id='word_1_961' title='bbox 2975 5204 3329 5276; x_wconf 78' lang='grc' dir='ltr'>ῥιπτούντων,</span> 
     </span>
    </p>
   </div>
   <div class='ocr_carea' id='block_1_120' title="bbox 1763 5289 3329 5364">
    <p class='ocr_par' dir='ltr' id='par_1_120' title="bbox 1763 5289 3329 5364">
     <span class='ocr_line' id='line_1_120' title="bbox 1763 5289 3329 5364; baseline -0.004 -14"><span class='ocrx_word' id='word_1_962' title='bbox 1763 5297 1853 5350; x_wconf 89' lang='grc' dir='ltr'>τὸν</span> <span class='ocrx_word' id='word_1_963' title='bbox 1885 5296 1942 5349; x_wconf 82' lang='grc' dir='ltr'>δὲ</span> <span class='ocrx_word' id='word_1_964' title='bbox 1985 5293 2306 5364; x_wconf 89' lang='grc' dir='ltr'>δεχομένων.</span> <span class='ocrx_word' id='word_1_965' title='bbox 2353 5289 2520 5345; x_wconf 80' lang='grc' dir='ltr'>Εἶπεν</span> <span class='ocrx_word' id='word_1_966' title='bbox 2563 5291 2700 5353; x_wconf 82' lang='grc' dir='ltr'>ἐκεῖ,</span> <span class='ocrx_word' id='word_1_967' title='bbox 2750 5289 2824 5343; x_wconf 78' lang='grc' dir='ltr'>Τὰ</span> <span class='ocrx_word' id='word_1_968' title='bbox 2857 5290 3034 5358; x_wconf 82' lang='grc' dir='ltr'>μέλη.</span> <span class='ocrx_word' id='word_1_969' title='bbox 3077 5289 3329 5352; x_wconf 74' lang='grc' dir='ltr'>ἐνταῦθα,</span> 
     </span>
    </p>
   </div>
   <div class='ocr_carea' id='block_1_121' title="bbox 1765 5377 3330 5454">
    <p class='ocr_par' dir='ltr' id='par_1_121' title="bbox 1765 5377 3330 5454">
     <span class='ocr_line' id='line_1_121' title="bbox 1765 5377 3330 5454; baseline -0.006 -15"><span class='ocrx_word' id='word_1_970' title='bbox 1765 5383 1986 5449; x_wconf 77' lang='grc' dir='ltr'>Πάντα,</span> <span class='ocrx_word' id='word_1_971' title='bbox 2014 5381 2167 5454; x_wconf 78' lang='grc' dir='ltr'>φησὶ,</span> <span class='ocrx_word' id='word_1_972' title='bbox 2193 5379 2290 5452; x_wconf 80' lang='grc' dir='ltr'>τὴν</span> <span class='ocrx_word' id='word_1_973' title='bbox 2319 5380 2567 5450; x_wconf 87' lang='grc' dir='ltr'>καρδίαν,</span> <span class='ocrx_word' id='word_1_974' title='bbox 2597 5378 2687 5432; x_wconf 88' lang='grc' dir='ltr'>τὸν</span> <span class='ocrx_word' id='word_1_975' title='bbox 2713 5377 2902 5447; x_wconf 88' lang='grc' dir='ltr'>θυμὸν,</span> <span class='ocrx_word' id='word_1_976' title='bbox 2925 5377 2985 5430; x_wconf 89' lang='grc' dir='ltr'>τὸ</span> <span class='ocrx_word' id='word_1_977' title='bbox 3007 5377 3198 5447; x_wconf 82' lang='grc' dir='ltr'>στόμα,</span> <span class='ocrx_word' id='word_1_978' title='bbox 3231 5378 3330 5447; x_wconf 79' lang='grc' dir='ltr'>τὴν</span> 
     </span>
    </p>
   </div>
   <div class='ocr_carea' id='block_1_122' title="bbox 1831 5614 3332 5676">
    <p class='ocr_par' dir='ltr' id='par_1_122' title="bbox 1831 5614 3332 5676">
     <span class='ocr_line' id='line_1_122' title="bbox 1831 5614 3332 5676; baseline -0.001 -8"><span class='ocrx_word' id='word_1_979' title='bbox 1831 5623 1854 5652; x_wconf 69' lang='grc' dir='ltr'><strong>ο</strong></span> <span class='ocrx_word' id='word_1_980' title='bbox 1880 5618 1962 5668; x_wconf 90' lang='lat' dir='ltr'>Sic</span> <span class='ocrx_word' id='word_1_981' title='bbox 1982 5624 2260 5668; x_wconf 79' lang='lat' dir='ltr'><strong>correctum</strong></span> <span class='ocrx_word' id='word_1_982' title='bbox 2301 5630 2364 5666; x_wconf 84' lang='lat' dir='ltr'>ex</span> <span class='ocrx_word' id='word_1_983' title='bbox 2391 5615 2525 5664; x_wconf 82' lang='lat' dir='ltr'><strong>codd.</strong></span> <span class='ocrx_word' id='word_1_984' title='bbox 2544 5652 2557 5674; x_wconf 92' lang='lat'>,</span> <span class='ocrx_word' id='word_1_985' title='bbox 2604 5614 2835 5676; x_wconf 79' lang='lat' dir='ltr'><strong>C0mmel.</strong></span> <span class='ocrx_word' id='word_1_986' title='bbox 2859 5621 2910 5663; x_wconf 76' lang='lat' dir='ltr'>et</span> <span class='ocrx_word' id='word_1_987' title='bbox 2942 5614 3120 5676; x_wconf 80' lang='lat' dir='ltr'>Savil.,</span> <span class='ocrx_word' id='word_1_988' title='bbox 3146 5629 3234 5676; x_wconf 81' lang='lat' dir='ltr'>pro</span> <span class='ocrx_word' id='word_1_989' title='bbox 3271 5630 3332 5666; x_wconf 75' lang='lat' dir='ltr'>eo</span> 
     </span>
    </p>
   </div>
   <div class='ocr_carea' id='block_1_123' title="bbox 1773 5675 3046 5746">
    <p class='ocr_par' dir='ltr' id='par_1_123' title="bbox 1773 5675 3046 5746">
     <span class='ocr_line' id='line_1_123' title="bbox 1773 5675 3046 5746; baseline -0.005 -16"><span class='ocrx_word' id='word_1_990' title='bbox 1773 5683 1915 5746; x_wconf 67' lang='grc' dir='ltr'>(ιιιρρ</span> <span class='ocrx_word' id='word_1_991' title='bbox 1928 5681 2208 5746; x_wconf 60' lang='lat' dir='ltr'>legebatur,</span> <span class='ocrx_word' id='word_1_992' title='bbox 2229 5680 2309 5728; x_wconf 83' lang='grc' dir='ltr'>καὶ</span> <span class='ocrx_word' id='word_1_993' title='bbox 2330 5679 2554 5746; x_wconf 68' lang='grc' dir='ltr'>σχήματα</span> <span class='ocrx_word' id='word_1_994' title='bbox 2575 5675 2727 5746; x_wconf 79' lang='grc' dir='ltr'>ταῦτα</span> <span class='ocrx_word' id='word_1_995' title='bbox 2749 5678 2885 5725; x_wconf 87' lang='grc' dir='ltr'>τά....</span> <span class='ocrx_word' id='word_1_996' title='bbox 2914 5675 3046 5724; x_wconf 74' lang='lat' dir='ltr'>Enn.</span> 
     </span>
    </p>
   </div>
   <div class='ocr_carea' id='block_1_124' title="bbox 1768 5737 3338 5868">
    <p class='ocr_par' dir='ltr' id='par_1_124' title="bbox 1768 5737 3338 5868">
     <span class='ocr_line' id='line_1_124' title="bbox 1790 5737 3338 5853; baseline -0.005 -61"><span class='ocrx_word' id='word_1_997' title='bbox 1790 5737 1805 5744; x_wconf 83' lang='grc'><em>’</em></span> <span class='ocrx_word' id='word_1_998' title='bbox 1826 5743 1856 5853; x_wconf 62' lang='grc' dir='ltr'><em>ἓ</em></span> <span class='ocrx_word' id='word_1_999' title='bbox 1977 5737 2115 5791; x_wconf 69' lang='lat' dir='ltr'><strong>Eadd.</strong></span> <span class='ocrx_word' id='word_1_1000' title='bbox 2139 5749 2192 5791; x_wconf 77' lang='lat' dir='ltr'><strong><em>et</em></strong></span> <span class='ocrx_word' id='word_1_1001' title='bbox 2213 5737 2543 5804; x_wconf 47' lang='lat' dir='ltr'>marngavil.</span> <span class='ocrx_word' id='word_1_1002' title='bbox 2566 5743 2836 5799; x_wconf 79' lang='lat' dir='ltr'>receptum,</span> <span class='ocrx_word' id='word_1_1003' title='bbox 2861 5751 2950 5801; x_wconf 85' lang='lat' dir='ltr'>pro</span> <span class='ocrx_word' id='word_1_1004' title='bbox 2982 5737 3112 5801; x_wconf 78' lang='lat' dir='ltr'><strong>vulg.</strong></span> <span class='ocrx_word' id='word_1_1005' title='bbox 3139 5738 3338 5802; x_wconf 75' lang='grc' dir='ltr'>ἀλγυνό-</span> 
     </span>
     <span class='ocr_line' id='line_1_125' title="bbox 1768 5818 2061 5868; baseline -0.007 -14"><span class='ocrx_word' id='word_1_1006' title='bbox 1768 5822 1823 5868; x_wconf 77' lang='grc' dir='ltr'>με</span> <span class='ocrx_word' id='word_1_1007' title='bbox 1851 5823 1898 5852; x_wconf 82' lang='grc' dir='ltr'>α.</span> <span class='ocrx_word' id='word_1_1008' title='bbox 1968 5818 2061 5853; x_wconf 81' lang='grc' dir='ltr'>υιτ.</span> 
     </span>
    </p>
   </div>
  </div>
