4032 6548
240 420 352 479 387

218 539 309 609 ,ad
340 532 707 592 incutiendum
737 533 996 604 pudorem
1026 533 1176 599 dicit,
1206 536 1343 588 Alter
1373 536 1580 589 alterius
1607 514 1829 588 memoria

238 648 420 686 turnus
442 628 659 700 (Ep/tes.
688 628 743 684 4.
918 628 1043 683 Illos
1070 626 1195 682 facit
1222 627 1496 682 hominum
1520 627 1684 682 veluti
1711 628 1831 696 Opi-

240 726 396 789 lices,
421 725 651 778 alterum
672 722 884 791 quidem
905 721 1301 792 repellentium,
1320 722 1545 777 alterum
1567 736 1695 776 vero
1716 735 1832 775 sus-

238 816 579 887 cipientium.
616 813 729 868 Illic
753 813 981 867 Membra
998 813 1157 877 dicit;
1179 813 1263 867 hic
1290 812 1630 877 0mnia:cor,
1662 813 1828 877 iram;

239 922 329 967 os,
361 903 755 973 blasphemiam
781 918 796 967 ;
824 903 1030 968 oculos,
1054 902 1480 963 fornicationem,
1510 902 1785 957 avaritiam
1812 917 1827 965 ;

238 1011 439 1051 manus
465 1004 521 1048 et
546 994 707 1064 pedes
730 1033 747 1061 ,
775 994 1111 1048 mendacium
1133 1034 1149 1057 ,
1181 993 1556 1064 cogitationem
1585 993 1751 1062 ipsam
1778 1001 1832 1046 et

242 1097 486 1143 mentem
511 1072 952 1143 veterem.Unam
972 1084 1128 1140 habet
1151 1084 1373 1140 formam
1398 1084 1618 1155 regiam,
1640 1098 1833 1153 nempe

238 1175 464 1234 Christi.
497 1176 759 1233 Videntur
794 1177 879 1230 isti
920 1175 1049 1228 mihi
1090 1178 1257 1243 magis
1286 1189 1407 1230 esse
1434 1191 1501 1229 ex
1542 1174 1790 1244 gentibus
1814 1214 1829 1236 ,

240 1286 384 1341 quos
412 1269 637 1339 respicit
658 1310 675 1334 ,
705 1269 997 1325 Ostendens
1040 1268 1279 1323 membra
1323 1269 1435 1323 sive
1469 1268 1671 1337 majora
1718 1268 1833 1322 sive

239 1364 459 1415 minora
504 1376 666 1415 unam
714 1360 913 1430 regiam
954 1359 1180 1414 formam
1226 1359 1443 1415 habere.
1490 1361 1641 1415 Sicut
1687 1360 1830 1412 enim

243 1463 418 1516 terra,
446 1467 569 1507 cum
596 1452 669 1506 sit
691 1467 877 1521 arena,
905 1466 998 1506 sua
1018 1454 1166 1521 prius
1195 1452 1404 1522 perdita
1422 1450 1615 1517 forma,
1648 1462 1832 1520 postea

244 1546 309 1599 lit
331 1560 526 1599 aurum
551 1559 567 1610 ;
601 1554 655 1599 et
689 1544 826 1600 lanae
845 1586 860 1611 ,
885 1546 1296 1615 qualescumque
1326 1546 1453 1611 sint,
1473 1546 1696 1600 alteram
1728 1542 1834 1597 for-

243 1652 391 1692 mam
416 1636 687 1706 accipiunt
705 1646 761 1693 et
774 1639 1007 1709 priorem
1031 1639 1297 1693 occultant
1322 1657 1336 1693 :
1364 1640 1432 1693 ita
1454 1640 1613 1694 etiam
1639 1638 1824 1698 ﬁdelis.

244 1727 656 1799 Supportantes,
689 1727 891 1797 inquit,
920 1729 1149 1782 invicem.
1180 1727 1427 1784 Ostendit
1464 1728 1603 1798 quod
1632 1728 1833 1798 justum

244 1825 335 1872 est
362 1834 378 1871 :
409 1827 464 1870 ιιι
498 1817 647 1870 illum
678 1825 861 1886 patere
883 1857 899 1883 ,
931 1828 985 1872 et
1014 1818 1106 1873 ille
1152 1826 1205 1873 te
1234 1836 1246 1870 :
1276 1818 1419 1889 quod
1464 1818 1677 1889 quidem
1708 1819 1836 1874 dicit

247 1911 304 1962 iu
348 1909 581 1978 Epistola
612 1908 679 1963 ad
721 1908 935 1964 Galatas
969 1926 982 1963 :
1025 1911 1166 1964 Alter
1207 1912 1415 1965 alterius
1452 1927 1605 1965 onera
1640 1922 1838 1982 portate

251 1998 405 2069 (Gal.
446 1999 497 2054 6.
538 1999 619 2072 2).
678 1998 746 2053 Et
793 2002 944 2071 grati,
990 2000 1180 2070 inquit,
1238 2012 1392 2056 estote
1430 2000 1563 2073 (Col.
1609 2004 1662 2058 5.
1720 2004 1833 2074 15).

245 2089 483 2146 llazime
508 2090 652 2145 enim
669 2090 867 2161 ubique
892 2093 995 2147 hoc
1023 2092 1235 2163 quaerit,
1271 2101 1325 2146 ut
1349 2092 1493 2163 quod
1522 2094 1593 2148 sit
1620 2109 1829 2149 summa

247 2183 539 2239 bonorum.

320 2275 379 2332 5.
417 2273 625 2329 Gratias
662 2291 813 2346 agere
846 2274 1050 2346 quando
1078 2286 1326 2347 oporteat.
1356 2274 1624 2348 Ligamina
1648 2296 1835 2349 super-

251 2368 477 2422 stitiosa.
505 2397 578 2408 —
600 2368 810 2423 Gratias
830 2383 959 2440 ergo
982 2384 1201 2438 agamus
1225 2370 1275 2423 in
1302 2369 1550 2425 omnibus
1577 2371 1835 2442 quidquid

242 2463 500 2517 evenerit
524 2478 537 2513 :
567 2460 669 2516 hoc
693 2462 838 2517 enim
863 2470 947 2515 est
992 2461 1280 2531 gratiarum
1308 2461 1466 2516 actio.
1493 2460 1628 2516 Nam
1671 2463 1724 2517 in
1754 2478 1842 2518 re-

246 2555 351 2610 hus
381 2554 641 2610 secundis
661 2553 764 2609 hoc
789 2568 971 2624 agere,
997 2568 1102 2608 non
1132 2561 1215 2609 est
1241 2568 1489 2624 magnum
1515 2570 1530 2620 ;
1560 2554 1673 2623 ipsa
1697 2556 1837 2608 enim

248 2662 441 2702 rerum
490 2656 678 2699 natura
722 2660 822 2699 nos
863 2644 930 2699 ad
977 2644 1078 2699 hoc
1106 2645 1331 2715 impellit
1364 2645 1621 2716 :quando
1661 2654 1839 2699 autem

247 2753 379 2793 cum
410 2737 481 2792 ad
507 2747 744 2793 extrema
770 2746 986 2791 ventum
1017 2745 1120 2804 est,
1142 2738 1341 2807 gratias
1362 2739 1584 2808 agimus,
1612 2746 1737 2793 tunc
1762 2749 1846 2792 est

248 2832 660 2890 admirandum.
702 2831 928 2900 Quando
957 2832 1102 2887 enim
1130 2842 1350 2903 propter
1378 2848 1439 2887 ea
1466 2848 1583 2902 qua:
1608 2834 1701 2888 alii
1732 2848 1845 2887 ma-

249 2926 474 2983 ledictis
519 2926 849 2981 insectantur
872 2932 928 2980 et
951 2940 1092 2997 aegre
1116 2923 1295 2980 ferunt
1318 2967 1333 2988 .
1362 2928 1563 2994 gratias
1587 2927 1795 2996 agimus
1825 2968 1841 2993 ,

254 3017 386 3073 vide
424 3025 621 3088 quanta
650 3016 721 3070 sit
745 3016 1099 3085 philosophia.
1128 3016 1309 3071 Primo
1343 3017 1507 3074 Deum
1534 3017 1843 3073 exhilaras:

253 3109 503 3164 secundo
540 3107 812 3163 diabolum
842 3107 1045 3177 pudore
1084 3108 1291 3175 aflicis;
1319 3110 1477 3164 tertio
1513 3110 1733 3180 etquod
1763 3110 1843 3165 fa-

254 3214 409 3255 ctum
433 3207 518 3255 est
537 3199 667 3253 nihil
685 3213 805 3254 esse
830 3199 1177 3269 pronuntias:
1207 3199 1364 3255 simul
1399 3202 1543 3256 enim
1571 3211 1627 3256 tu
1651 3204 1848 3272 gratias

258 3291 404 3359 agis,
432 3299 488 3345 et
520 3290 663 3345 Deus
701 3290 943 3345 dolorem
983 3299 1241 3360 amputat,
1275 3302 1329 3346 et
1354 3294 1554 3349 recedit
1578 3293 1846 3353 diabolus.

258 3381 403 3437 Nam
433 3382 479 3436 si
508 3396 651 3452 aegre
678 3381 887 3445 tuleris,
906 3382 976 3445 is,
1001 3391 1059 3436 ut
1085 3385 1171 3453 qui
1199 3384 1343 3453 quod
1358 3385 1569 3440 volebat
1588 3385 1846 3455 effecerit,

259 3473 462 3539 adest;
491 3484 547 3530 et
592 3475 754 3540 Deus,
794 3484 855 3529 ut
894 3474 986 3546 qui
1013 3476 1082 3531 sit
1108 3476 1438 3545 blasphemia
1466 3487 1521 3533 et
1567 3480 1863 3535 maledicto

261 3566 494 3621 allectus
514 3608 531 3633 ,
558 3566 846 3636 relinquit,
876 3576 931 3622 et
973 3567 1168 3622 malum
1200 3569 1429 3624 intendit
1454 3579 1504 3625 et
1531 3580 1691 3641 auget
1722 3589 1735 3624 :
1766 3571 1850 3627 sin

260 3668 454 3712 autem
479 3656 677 3727 gratias
705 3658 900 3727 egeris,
947 3667 1005 3712 ut
1034 3658 1124 3725 qui
1151 3659 1280 3714 nihil
1312 3661 1577 3731 proficiat,
1610 3661 1851 3728 recedit;

263 3759 327 3803 et
354 3748 525 3813 Deus,
552 3748 722 3818 utqui
766 3750 838 3803 sit
876 3749 1088 3805 honore
1124 3750 1365 3819 allectus,
1397 3752 1655 3810 honorem
1684 3756 1854 3826 magis

268 3838 548 3908 rependit.
572 3838 680 3894 Nec
716 3840 834 3896 fieri
877 3851 1053 3912 potest
1079 3852 1138 3897 ut
1166 3842 1327 3898 homo
1350 3846 1437 3915 qui
1467 3857 1686 3916 propter
1717 3847 1855 3904 mala

269 3932 391 4001 agit
427 3930 640 4000 gratias,
670 3931 808 3986 mala
853 3933 1065 3987 sentiat.
1097 3932 1331 3988 Laetatur
1364 3935 1507 3990 enim
1556 3937 1754 4005 anima,
1800 3947 1859 3994 ut

266 4036 400 4091 qua:
427 4031 573 4076 recte
600 4034 658 4077 se
683 4031 835 4093 gerat
864 4041 878 4077 :
907 4024 1086 4079 statim
1127 4026 1247 4083 heta
1292 4036 1376 4081 est
1408 4028 1733 4083 conscientia
1758 4070 1774 4098 ,
1804 4039 1861 4087 et

268 4113 391 4167 suis
419 4114 579 4183 gestit
608 4125 661 4169 et
687 4112 919 4169 exsultat
959 4114 1204 4171 laudibus
1233 4134 1246 4170 :
1276 4134 1396 4188 quae
1438 4136 1565 4175 vero
1591 4122 1709 4176 laeta
1736 4131 1819 4177 est
1839 4146 1863 4190 ,κ

271 4219 386 4257 non
438 4213 615 4274 potest
638 4218 759 4259 esse
800 4206 986 4259 tristis.
1015 4206 1127 4262 lllic
1172 4217 1349 4263 autem
1394 4226 1515 4266 cum
1560 4212 1861 4269 calamitate

271 4307 434 4370 urget
461 4300 624 4354 etiam
678 4297 955 4370 ﬂagellans
992 4301 1361 4370 conscientia;
1413 4303 1501 4359 hic
1539 4316 1863 4362 coronat'et

276 4402 551 4462 tamquam
604 4394 874 4462 praeconio
903 4395 1217 4464 proclamat.
1266 4395 1411 4451 Nihil
1456 4408 1538 4453 est
1566 4400 1741 4469 lingua
1770 4400 1860 4456 illa

277 4486 538 4549 sanctius,
588 4500 709 4555 quae
762 4486 814 4539 in
858 4487 1013 4540 malis
1046 4488 1153 4542 Deo
1179 4487 1288 4559 agit
1314 4488 1511 4559 gratias
1540 4508 1553 4542 :
1584 4506 1770 4546 revera
1797 4507 1862 4547 ea

282 4576 415 4630 nihil
441 4577 605 4631 distat
628 4591 659 4631 a
701 4576 879 4647 lingua
909 4587 1200 4650 martyrum
1236 4598 1250 4635 :
1290 4580 1538 4636 similiter
1574 4591 1628 4636 et
1673 4582 1785 4653 ipsa
1810 4593 1866 4638 et

283 4669 375 4724 ille
418 4679 730 4726 coronatur.
780 4670 912 4725 Nam
941 4688 1057 4727 eam
1085 4689 1299 4745 quoque
1344 4684 1495 4745 urget
1538 4675 1699 4731 lictor
1723 4719 1741 4743 ,
1771 4680 1863 4749 qui

280 4763 427 4832 cogit
460 4762 628 4817 Deum
671 4778 870 4833 negare
897 4780 992 4835 per
1017 4766 1404 4835 blasphemiam
1437 4785 1451 4821 :
1487 4769 1645 4823 instat
1669 4777 1726 4824 et
1752 4772 1867 4825 dia-

282 4856 438 4910 bolus
480 4856 870 4926 cogitationum
916 4874 1112 4929 urgens
1140 4859 1495 4927 carnificinis,
1525 4872 1580 4917 et
1618 4864 1865 4919 tenebras

280 4945 570 5003 oll'undens
598 4948 781 5003 animo
807 4949 1233 5020 argritudiuibus.
1264 4950 1318 5007 Si
1350 4953 1470 5022 quis
1496 4969 1625 5025 ergo
1650 4955 1867 5013 dolores

281 5043 493 5108 tulerit,
519 5050 575 5097 et
602 5043 806 5113 gratias
829 5044 1038 5114 egerit,
1067 5058 1323 5100 coronam
1351 5047 1541 5117 accipit
1567 5050 1813 5121 martyrii
1842 5066 1861 5105 :

279 5134 520 5205 exempli
545 5137 736 5206 gratia,
778 5134 956 5192 infans
991 5146 1237 5207 εδει-σιω,
1262 5147 1317 5194 et
1341 5139 1453 5196 Deo
1488 5142 1598 5211 agit
1630 5144 1865 5213 gratias;

285 5227 395 5283 hoc
456 5229 613 5283 matri
678 5242 879 5283 corona
942 5238 1043 5284 est.
1109 5230 1227 5297 Quo
1297 5239 1565 5288 tormento
1626 5250 1732 5289 non
1784 5246 1868 5292 est

280 5321 527 5379 deterior
570 5322 736 5376 animi
782 5322 1077 5393 agritudo?
1131 5322 1226 5378 sed
1274 5339 1337 5380 ea
1398 5340 1503 5380 non
1543 5329 1684 5397 cogit
1744 5344 1871 5385 ver-

282 5417 414 5471 bum
452 5415 702 5471 aeerbum
754 5414 1017 5470 emittere.
1057 5414 1277 5471 Moritur
1309 5432 1324 5470 :
1371 5432 1556 5473 rursus
1594 5420 1703 5489 agit
1744 5436 1868 5490 gra-

284 5506 428 5562 tias?
485 5505 643 5561 Facta
690 5515 775 5560 est
819 5506 923 5560 lilia
971 5506 1280 5561 Abrahami.
1330 5507 1461 5563 Nam
1515 5512 1613 5564 etsi
1661 5515 1868 5582 propria

285 5615 450 5655 manu
496 5616 605 5654 non
653 5599 868 5666 occidit,
920 5601 1014 5657 sed
1067 5598 1246 5657 tamen
1294 5602 1466 5658 laetata
1519 5616 1601 5660 est
1653 5618 1872 5677 propter

286 5690 636 5754 sacrificium,
669 5691 812 5761 quod
859 5706 953 5760 par
988 5701 1073 5749 est
1103 5708 1117 5745 :
1153 5708 1257 5747 non
1292 5697 1596 5750 succensuit
1624 5713 1743 5752 cum
1771 5698 1869 5754 do-

286 5797 418 5836 num
466 5782 787 5838 auferretur.
838 5784 1039 5839 Rursus
1082 5789 1363 5853 :rgrotavit
1393 5807 1406 5841 :
1440 5804 1544 5845 non
1593 5791 1715 5847 fecit
1742 5794 1876 5864 liga-

291 5872 790 5945 minallleputatur
825 5877 875 5928 ei
904 5877 1247 5942 martyrium;
1291 5891 1469 5937 mente
1493 5882 1634 5939 cnim
1665 5889 1869 5942 sacrifi.

620 5968 891 6030 ΡΑτιιοι..
940 5966 1057 6027 Gtt.
1112 5964 1301 6028 LXII.

1100 418 1167 475 IN
1209 420 1421 477 EPIST.
1462 421 1553 475 AD
1588 417 1867 481 COLUSS.
1903 417 2054 477 CAP.
2098 421 2183 477 111.
2227 425 2457 484 1101111..
2500 426 2637 487 VIII.

3399 437 3505 495 358

1940 537 2087 589 cavit
2135 537 2321 595 lilium.
2363 539 2497 609 Quid
2546 542 2711 611 enim,
2764 544 2811 599 si
2842 545 2929 600 illa
2964 545 3096 602 nihil
3127 558 3371 616 prosunt,
3415 552 3508 606 sed

1938 635 2063 682 sunt
2104 628 2326 685 fallacia:
2364 642 2419 687 et
2447 633 2718 689 ludibria?
2760 634 2897 691 Sunt
2949 645 3125 693 tamen
3168 639 3256 707 qui
3286 641 3515 696 suadent

1934 733 1999 773 ea
2045 720 2329 787 prodesse;
2356 731 2410 776 et
2448 724 2632 779 maluit
2679 725 2934 782 infantem
2980 729 3161 784 videre
3204 743 3468 785 mortuum
3495 775 3509 793 .

1940 824 2098 878 quam
2128 813 2234 881 pati
2260 812 2638 870 idololatrian).
2670 814 2739 872 Ut
2761 832 2889 887 ergo
2920 819 3028 888 ipsa
3059 830 3140 875 est
3167 834 3386 894 martyr,
3405 825 3515 878 sive

1936 900 1990 955 in
2017 901 2215 972 seipse,
2242 903 2356 959 sive
2383 920 2435 959 m
2458 904 2568 959 filio
2596 905 2697 961 hoc
2724 906 2903 972 faciat,
2934 910 3048 965 sive
3077 911 3128 964 in
3162 915 3373 979 marito,
3402 915 3514 969 sive

1936 989 1989 1045 in
2014 991 2193 1062 aliquo
2220 993 2310 1065 qui
2341 1002 2423 1050 est
2450 995 2500 1049 ei
2527 995 2835 1051 carissimus
2867 1014 2880 1049 :
2913 998 2981 1051 ita
3015 999 3177 1054 altera
3210 1012 3293 1056 est
3320 1004 3515 1060 cultrix

1938 1081 2239 1149 idolorum;
2268 1093 2351 1139 est
2379 1085 2520 1139 enim
2554 1087 2890 1154 perspicuum
2918 1088 3059 1156 quod
3086 1088 3189 1144 diis
3218 1094 3517 1161 sacrificas-

1937 1180 2049 1238 set,
2076 1173 2121 1228 si
2152 1173 2389 1230 licuisset
2413 1174 2715 1231 sacrificare
2749 1194 2762 1229 :
2793 1176 2901 1231 imo
2926 1193 3053 1232 vero
3079 1179 3187 1247 jam
3219 1180 3347 1236 fecit
3370 1184 3514 1253 quod

1937 1275 2023 1319 est
2040 1264 2309 1322 sacrificii.
2338 1265 2608 1337 Ligamina
2637 1267 2800 1330 enim,
2825 1268 2924 1322 etsi
2951 1267 3017 1323 de
3043 1269 3106 1324 iis
3131 1270 3322 1326 millies
3348 1274 3520 1342 philo—

1938 1356 2232 1425 sophentur
2250 1356 2340 1427 qui
2362 1357 2424 1412 iis
2444 1367 2680 1423 utuntur,
2706 1358 2964 1424 dicentes,
2990 1360 3153 1414 Deum
3178 1361 3518 1432 invocamus,

1939 1459 1995 1505 et
2017 1449 2146 1504 nihil
2172 1450 2398 1520 amplius
2429 1450 2688 1516 facimus;
2716 1458 2771 1505 et
2795 1466 2911 1520 qua:
2938 1460 3062 1505 sunt
3084 1452 3384 1521 hujnsmodi
3408 1472 3423 1521 ;
3446 1466 3520 1525 et,

1939 1541 2239 1597 Christiana
2263 1551 2344 1597 est
2369 1544 2543 1598 vetula
2573 1551 2627 1597 et
2655 1542 2826 1597 fidelis
2853 1558 2949 1599 :ea
2978 1560 3063 1600 res
3091 1554 3172 1600 est
3201 1545 3518 1602 idololatria.

1939 1632 2012 1689 Es
2039 1632 2245 1688 fidelis?
2286 1634 2433 1704 signa
2466 1641 2517 1688 te
2544 1651 2557 1687 :
2586 1633 2692 1696 dic,
2733 1633 2857 1688 llaec
2883 1650 3029 1689 arma
3060 1635 3227 1691 habeo
3253 1638 3388 1705 sola,
3423 1639 3525 1695 hoc

1942 1724 2418 1791 medicamentum;
2441 1724 2584 1780 aliud
2610 1734 2785 1780 autem
2813 1727 3015 1780 nescio.
3041 1726 3134 1782 Dic
3155 1728 3309 1795 mihi,
3335 1732 3377 1784 si
3406 1735 3525 1801 quis

1940 1817 2229 1872 accesserit
2248 1815 2505 1882 medicus,
2526 1824 2582 1872 et
2606 1817 2887 1871 medicina:
2907 1817 3142 1873 dimissis
3166 1820 3525 1878 medicamento

1945 1911 2011 1964 tis
2038 1910 2296 1977 incantet,
2325 1924 2519 1965 eumne
2548 1909 2788 1965 dicemus
2818 1911 3119 1966 medicum?
3143 1912 3484 1985 Nequaquam
3508 1935 3521 1970 :

1943 2002 2224 2059 medicinae
2261 2004 2404 2057 enim
2443 2016 2551 2056 non
2591 2001 2833 2057 videmus
2865 2003 3169 2072 pharmaca.
3213 2005 3287 2059 lta
3316 2022 3414 2060 nec
3443 2008 3527 2063 hic

1943 2093 2344 2149 christianismi.
2369 2091 2503 2148 Alia:
2528 2101 2707 2148 autem
2732 2108 2919 2147 rursus
2940 2093 3158 2164 alligant
3179 2097 3393 2152 nomina
3420 2099 3490 2153 ﬂn
3507 2130 3525 2138 -

1942 2189 2174 2254 viorum,
2207 2193 2262 2240 et
2302 2184 2406 2239 alia
2449 2184 2648 2238 audent
2697 2184 3125 2240 innumerabilia.
3160 2186 3295 2243 Ecce
3323 2189 3444 2246 dico
3470 2200 3527 2248 et

1944 2279 2178 2353 prtedico
2206 2277 2357 2332 vobis
2393 2276 2681 2332 omnibus:
2710 2276 2850 2347 quod
2882 2278 2926 2332 si
2951 2278 3214 2349 quispiam
3247 2280 3402 2338 fuerit
3425 2283 3525 2340 de-

1946 2373 2242 2443 prehensus
2265 2412 2281 2438 ,
2311 2385 2417 2426 non
2460 2384 2675 2440 parcam
2723 2371 2911 2426 iterum
2931 2410 2948 2435 ,
2978 2372 3094 2428 sive
3123 2374 3347 2442 ligamen
3367 2418 3382 2441 ,
3413 2378 3528 2434 sive

1945 2460 2357 2519 incantationem
2383 2503 2399 2528 ,
2427 2462 2539 2517 sive
2572 2460 2733 2530 hujus
2770 2462 2903 2516 artis
2950 2462 3147 2534 aliquid
3177 2465 3319 2520 aliud
3347 2467 3525 2523 faciat.

1946 2557 2083 2627 Quid
2124 2556 2291 2612 vero?
2318 2555 2576 2611 morietur
2599 2596 2614 2621 ,
2645 2555 2814 2625 inquit
2840 2596 2856 2622 ,
2896 2555 3092 2612 infans.
3123 2556 3178 2614 Si
3205 2560 3285 2615 sic
3312 2561 3525 2628 vixerit,

1949 2661 2075 2705 tunc
2096 2649 2388 2714 morietur;
2412 2648 2492 2703 sin
2517 2657 2695 2703 autem
2724 2646 2926 2716 absque
2952 2647 3055 2703 illis
3082 2660 3323 2707 mortuus
3351 2656 3527 2722 fuerit,

1949 2749 2077 2796 tunc
2106 2739 2253 2795 vivit.
2283 2738 2432 2793 Nunc
2462 2744 2640 2791 autem
2666 2736 2712 2791 si
2737 2735 2934 2791 videris
2962 2738 3172 2807 quidem
3211 2741 3375 2797 lilium
3411 2759 3531 2800 ver-

1949 2840 2156 2887 santem
2182 2845 2305 2886 cum
2337 2826 2730 2889 meretricibus,
2765 2837 2919 2895 optas
2961 2842 3083 2883 eum
3115 2830 3165 2883 in
3194 2838 3335 2888 terra
3363 2834 3530 2890 infos-

1949 2938 2090 2989 sum,
2118 2932 2172 2977 et
2195 2920 2352 2981 dicis,
2390 2918 2528 2986 Quid
2551 2918 2599 2972 ei
2631 2916 2851 2987 prodest
2878 2918 3099 2973 vivere?
3140 2920 3324 2977 videns
3350 2935 3529 2981 autem

1950 3031 2071 3070 eum
2097 3014 2151 3067 in
2178 3010 2416 3084 periculo
2445 3010 2631 3065 salutis
2654 3049 2670 3074 ,
2702 3009 2781 3064 vis
2807 3008 2987 3065 videre
3015 3026 3136 3067 eum
3164 3013 3382 3071 vivum?
3413 3018 3529 3075 Non

1950 3104 2199 3159 audivisti
2245 3100 2517 3157 Christum
2557 3098 2865 3166 dicentem,
2914 3100 3012 3165 Qui
3053 3104 3272 3172 perdidit
3310 3086 3540 3165 animum

1951 3213 2098 3252 suam
2120 3236 2137 3263 ,
2168 3193 2386 3248 inveniet
2427 3206 2579 3257 eam;
2618 3192 2703 3261 qui
2744 3200 2911 3245 autem
2952 3192 3167 3261 invenit,
3208 3197 3381 3267 perdet
3423 3216 3535 3254 eam

1957 3288 2184 3362 (Matth.
2236 3286 2325 3342 16.
2367 3284 2439 3340 25
2460 3282 2518 3353 )?
2558 3284 2732 3338 credis
2758 3283 2821 3337 iis
2847 3299 2965 3353 qua:
2989 3285 3127 3340 dicta
3154 3299 3300 3355 sunt,
3329 3306 3395 3344 an
3441 3294 3533 3349 tibi

1954 3380 2204 3436 videntur
2242 3391 2362 3434 esse
2411 3374 2644 3431 fabulae?
2674 3375 2767 3431 Dic
2794 3373 2945 3442 mihi,
2973 3376 3017 3430 si
3043 3377 3162 3446 quis
3190 3377 3401 3446 dixerit.
3426 3383 3536 3440 Duc

1955 3474 2007 3528 in
2037 3472 2293 3542 templum
2318 3468 2604 3532 idolorum,
2633 3476 2689 3522 et
2708 3466 2870 3533 vivet,
2898 3467 3153 3537 patieris?
3179 3469 3314 3538 Non,
3344 3472 3533 3545 inquit,

1954 3562 2168 3632 Quare?
2198 3561 2332 3630 Quia
2374 3559 2517 3631 cogit
2557 3557 2737 3613 colere
2781 3556 2920 3611 idola
2955 3575 2968 3611 :
3004 3558 3090 3613 hic
3116 3571 3291 3616 autem
3320 3582 3424 3620 non
3455 3576 3537 3622 est

1957 3653 2280 3717 idololatria,
2302 3649 2396 3706 sed
2421 3650 2616 3714 solum,
2641 3647 2832 3718 inquit,
2858 3647 3167 3706 incantatio.
3195 3652 3317 3709 Haec
3341 3666 3425 3711 est
3446 3673 3538 3713 co-

1956 3748 2143 3819 gitatio
2172 3745 2431 3814 satanica,
2458 3743 2542 3798 ha:
2588 3751 2713 3797 sunt
2756 3743 3036 3799 diabolicae
3083 3746 3326 3816 insidim,
3359 3760 3538 3821 tegere

1959 3855 2220 3906 errorem,
2248 3848 2304 3895 et
2340 3838 2394 3893 in
2433 3836 2590 3893 melle
2614 3836 2746 3891 dare
2774 3852 3057 3893 venenum.
3090 3839 3350 3908 Quoniam
3393 3847 3543 3901 novit

1961 3949 2021 3991 se
2059 3934 2145 3988 illa
2187 3932 2288 3986 hac
2324 3931 2409 3985 via
2450 3944 2556 3983 non
2600 3942 2999 3998 persuasurum,
3027 3929 3297 4001 ingressus
3344 3945 3427 3990 est
3475 3939 3543 3992 ad

1961 4026 2193 4081 amuleta
2223 4033 2279 4079 et
2304 4022 2473 4077 aniles
2499 4020 2702 4075 fabulas
2732 4036 2745 4073 :
2774 4028 2830 4075 et
2851 4034 2984 4075 crux
3008 4023 3220 4093 quidem
3247 4026 3434 4084 all‘ecta
3460 4040 3546 4086 est

1965 4118 2278 4191 ignominia,
2326 4116 2494 4171 literze
2535 4122 2713 4169 autem
2746 4112 2801 4168 in
2829 4114 3019 4183 majori
3063 4114 3269 4174 honore
3293 4131 3417 4177 sunt
3444 4121 3544 4177 ba-

1966 4212 2090 4268 bitze
2117 4228 2129 4263 :
2158 4209 2403 4265 Christus
2426 4206 2526 4261 fuit
2548 4206 2772 4276 ejectus,
2793 4213 2848 4260 et
2870 4204 3224 4262 introducitur
3242 4226 3376 4268 anus
3397 4212 3546 4270 ebria

1966 4314 2021 4360 et
2046 4302 2279 4360 delirans
2313 4318 2326 4354 :
2359 4298 2726 4354 conculcatum
2758 4305 2841 4350 est
2861 4305 3101 4352 nostrum
3129 4303 3462 4371 mysterium,
3491 4315 3548 4361 et

1966 4396 2162 4452 choros
2190 4391 2336 4446 ducit
2364 4390 2509 4444 fraus
2538 4386 2755 4443 diaboli.
2789 4386 2897 4441 Cur
2924 4402 3054 4457 ergo
3083 4404 3190 4445 non
3218 4395 3427 4462 arguit,
3460 4396 3546 4450 in-

1968 4489 2101 4559 quit,
2136 4482 2319 4539 Deus?
2347 4479 2501 4549 Quod
2528 4480 2596 4534 ab
2624 4479 2688 4534 iis
2713 4478 2871 4533 datur
2896 4480 3151 4536 auxilium
3181 4496 3326 4554 saepe
3353 4491 3544 4559 arguil.

1969 4586 2025 4633 et
2050 4576 2144 4631 tibi
2164 4589 2269 4629 non
2296 4572 2559 4643 persuasit
2587 4589 2601 4623 :
2625 4570 2734 4639 jam
2753 4568 2972 4624 dimittit
2990 4582 3280 4630 errantem.
3314 4576 3549 4637 Tradidit

1969 4668 2136 4733 enim,
2181 4664 2372 4734 inquit,
2418 4663 2555 4733 ipsos
2584 4660 2722 4716 Deus
2749 4661 2803 4714 in
2832 4662 3098 4732 reprobum
3127 4680 3327 4721 sensum
3366 4670 3547 4739 (Rom.

1973 4762 2025 4816 1.
2042 4759 2157 4831 28).
2177 4756 2303 4811 Haec
2324 4769 2390 4810 ne
2409 4754 2655 4810 ethnicus
2675 4752 2910 4825 quidem,
2930 4754 3018 4823 qui
3036 4756 3193 4826 sapit,
3219 4756 3546 4820 toleraverit.

1972 4854 2176 4911 Dicitur
2201 4848 2416 4922 quidam
2443 4856 2625 4903 orator
2653 4848 2833 4918 populi
2860 4847 3082 4904 Athenis
3107 4852 3394 4925 aliquando
3433 4857 3549 4916 haac

1973 4946 2074 5001 sibi
2096 4942 2394 5014 applicasse
2422 4958 2436 4995 :
2466 4938 2659 4995 deinde
2682 4954 2804 4996 cum
2832 4940 3047 5010 quidam
3087 4943 3453 5018 philosophus,
3485 4953 3549 5008 il-

1973 5036 2077 5093 lius
2090 5033 2344 5105 magister
2356 5047 2477 5087 eum
2494 5030 2734 5095 vidisset,
2751 5032 3179 5103 reprehendisse,
3197 5052 3548 5109 conquestum

1973 5140 2115 5192 esse,
2138 5121 2510 5185 momordisse,
2535 5119 2853 5176 traduxisse.
2873 5121 2982 5178 Nos
3000 5134 3178 5181 autem
3200 5127 3335 5183 adeo
3356 5131 3552 5189 misere

1973 5216 2147 5274 allecti
2174 5230 2357 5270 sumus
2378 5255 2392 5277 ,
2422 5222 2481 5267 ut
2510 5212 2592 5266 his
2618 5212 2917 5267 credamus.

2047 5310 2150 5365 Cur
2173 5309 2418 5363 miracula
2446 5323 2545 5360 non
2572 5307 2718 5374 ﬁant.
2758 5306 3106 5373 Quorumdam
3140 5315 3549 5379 superstitionum

1975 5403 2266 5473 descriptio.
2307 5399 2500 5454 -—Cur
2522 5413 2627 5453 non
2651 5407 2794 5462 sunt,
2825 5399 3051 5468 inquies,
3070 5402 3416 5471 quiulortuos
3429 5424 3547 5464 sus-

1975 5500 2159 5561 citent,
2193 5503 2246 5548 et
2285 5491 2586 5547 curationes
2617 5490 2904 5558 peragant?
2932 5489 3059 5554 Cur,
3106 5508 3210 5545 non
3236 5495 3357 5547 dico
3388 5514 3401 5547 :
3453 5514 3551 5555 cur

1976 5604 2118 5645 nunc
2143 5602 2247 5640 non
2275 5593 2399 5637 sunt
2427 5582 2516 5652 qui
2546 5581 2711 5634 vitam
2734 5579 3030 5652 despiciant
3062 5593 3381 5651 praesentem
3400 5586 3425 5638 ?
3450 5603 3549 5645 cur

1976 5677 2225 5737 mercede
2269 5677 2378 5731 Deo
2419 5650 2718 5730 servimus?
2750 5650 2973 5740 Quando
3014 5650 3329 5734 imbecillius
3357 5680 3547 5738 allecta

1977 5782 2097 5827 erat
2132 5770 2361 5826 humana
2406 5777 2625 5832 natura;
2653 5766 2867 5837 quando
2908 5769 3185 5836 oportebat
3233 5770 3453 5839 plantari
3485 5778 3546 5831 li-

1978 5866 2125 5926 dem,
2156 5872 2309 5919 erant
2335 5861 2486 5918 multi
2512 5859 2854 5936 bujusmodi;
2895 5876 3035 5917 nunc
3062 5872 3236 5915 autem
3281 5879 3386 5920 non
3435 5869 3551 5925 vult

3164 5956 3242 6017 23
