4032 6514
625 364 732 419 3339

621 491 724 529 nos
758 473 989 546 pendere
1015 472 1083 527 ab
1112 471 1196 526 his
1225 469 1409 540 signis,
1438 467 1533 523 sed
1573 476 1787 538 paratos
1810 481 1930 522 esse
1959 464 2025 519 ad
2055 479 2197 518 mor—

630 583 757 621 tem.
775 566 884 619 Cur
911 579 1036 634 ergo
1062 563 1183 616 vita:
1211 560 1457 631 prmsenti
1483 558 1753 613 inhzcres?
1778 572 1872 612 cur
1895 557 2065 611 futura
2092 571 2198 610 non

625 658 858 729 aSpicis?
896 666 949 711 et
977 670 1071 724 pro
1099 654 1199 708 hac
1226 652 1439 723 quidem
1470 651 1631 706 etiam
1668 649 1806 705 idola
1835 649 2010 704 colere
2037 648 2198 701 susti-

627 766 744 815 nes,
778 764 872 818 pro
902 747 992 801 illa
1019 754 1196 799 autem
1225 760 1293 799 ne
1324 742 1503 797 subire
1531 741 1745 811 quidem
1771 740 2005 810 aliquam
2036 736 2199 793 animi

626 834 1034 909 :egritudinem?
1066 835 1354 903 Propterea
1394 847 1499 885 non
1539 840 1662 885 sunt
1702 844 1843 884 nunc
1885 828 2040 894 tales,
2063 843 2194 897 quo-

626 932 765 985 niam
796 928 963 997 turpis
990 924 1144 980 nobis
1172 926 1281 979 visa
1309 930 1392 977 est
1418 921 1505 976 illa
1533 922 1669 984 vita;
1699 919 1959 990 siquidem
1988 933 2083 988 pro
2109 916 2198 971 illa

625 1022 752 1077 nihil
777 1021 1004 1090 agimus,
1034 1032 1129 1085 pro
1156 1016 1255 1069 hac
1280 1024 1454 1067 autem
1487 1012 1617 1066 nihil
1635 1024 1941 1066 recusamus
1968 1004 2195 1077 perpeti.

623 1114 757 1182 Quid
786 1126 913 1167 vero
941 1110 1081 1163 aliud
1110 1120 1320 1176 quoque
1349 1103 1627 1158 ridiculum
1653 1142 1668 1166 ,
1713 1101 1847 1155 cinis
1873 1109 1926 1153 et
1951 1097 2115 1167 fuligo
2144 1106 2199 1151 et

624 1206 805 1261 sales?
827 1211 882 1258 et
906 1214 1090 1255 rursus
1115 1200 1168 1253 in
1196 1196 1428 1251 medium
1461 1193 1637 1263 prodit
1659 1191 1885 1246 anicula.
1912 1190 2016 1244 fies
2044 1190 2198 1257 plane

624 1294 845 1351 ridicula
873 1300 929 1347 et
956 1288 1218 1362 pudenda.
1247 1287 1314 1341 Et
1340 1286 1549 1351 oculus,
1582 1284 1751 1353 inquit
1778 1323 1792 1348 ,
1820 1283 1994 1351 rapuit
2022 1279 2195 1334 infan-

624 1397 754 1443 tem.

695 1478 749 1533 6.
780 1476 1067 1544 Quousque
1099 1473 1210 1526 bmc
1230 1470 1463 1525 satanica
1486 1469 1509 1523 ?
1530 1467 1796 1539 quomodo
1824 1481 1926 1520 non
1955 1463 2201 1519 ridebunt

627 1567 845 1625 erci?
872 1563 1140 1636 quomodo
1169 1578 1273 1617 non
1307 1559 1709 1616 subsannabunt
1732 1598 1747 1624 ,
1776 1556 1985 1628 quando
2010 1556 2089 1611 eis
2114 1554 2197 1609 di-

622 1675 805 1716 cemus
831 1671 1076 1728 magnam
1101 1669 1222 1710 esse
1242 1654 1492 1707 virtutem
1514 1649 1726 1705 crucis?
1747 1647 2015 1719 quomodo
2043 1646 2094 1702 id
2120 1648 2198 1701 cis

621 1750 1027 1824 persuadebitur
1047 1790 1061 1813 ,
1089 1762 1209 1802 cum
1238 1745 1452 1800 videant
1479 1758 1577 1797 nos
1605 1756 1739 1813 opus
1765 1741 1962 1795 habere
1987 1739 2052 1794 iis
2080 1754 2200 1809 qua:

622 1846 724 1917 ipsi
754 1841 1017 1899 irrident?
1059 1848 1341 1911 propterea
1374 1837 1516 1891 Deus
1560 1836 1706 1891 dedit
1740 1833 1975 1890 medicos
2001 1841 2056 1887 et
2081 1846 2197 1886 mc-

622 1933 966 1990 dicamenta?
1011 1930 1146 1997 Quid
1179 1944 1305 1984 vero
1330 1969 1345 1991 ,
1373 1928 1416 1982 si
1449 1927 1521 1981 illi
1555 1943 1657 1980 non
1684 1934 1874 1982 curent
1896 1964 1911 1990 ,
1944 1922 2039 1979 sed
2068 1935 2201 1992 puer

623 2024 877 2082 excedat?
892 2024 1008 2090 Quo
1028 2022 1157 2087 abit,
1172 2020 1484 2089 dic,quaeso,
1509 2016 1691 2073 infelix
1715 2026 1769 2072 et
1790 2016 1987 2071 miser?
2004 2014 2071 2069 ad
2092 2015 2202 2070 dre-

621 2133 880 2174 monesne
907 2116 1017 2171 abit
1036 2123 1090 2168 et
1109 2113 1172 2168 ad
1199 2111 1519 2183 tyrannum?
1543 2126 1719 2165 annon
1749 2111 1859 2165 abit
1884 2111 1935 2165 in
1966 2107 2199 2165 caelum?

622 2224 802 2267 annon
847 2207 913 2263 ad
956 2221 1111 2261 suum
1156 2203 1481 2258 Dominum?
1515 2202 1638 2273 quid
1686 2219 1812 2273 ergo
1854 2202 2045 2258 doles?
2071 2201 2197 2273 quid

622 2301 763 2358 fles?
790 2300 912 2369 quid
942 2297 1127 2368 luges?
1173 2295 1299 2366 quid
1348 2293 1602 2349 infantem
1632 2296 1800 2365 magis
1823 2294 2000 2365 diligis
2037 2309 2195 2365 quam

624 2393 947 2451 Dominum?
986 2404 1171 2444 nonne
1213 2396 1431 2458 pmpter
1483 2387 1629 2442 illum
1677 2402 1798 2441 eum
1851 2385 2059 2441 habes?
2099 2401 2197 2440 cur

630 2498 714 2543 est
760 2488 1037 2557 ingratus,
1084 2482 1174 2551 qui
1226 2480 1421 2535 donum
1471 2480 1593 2551 plus
1641 2495 1787 2535 ames
1838 2495 1995 2551 quam
2048 2479 2195 2533 illum

622 2580 711 2652 qui
738 2573 927 2634 dedit?
974 2579 1041 2629 At
1065 2588 1181 2628 sum
1210 2618 1222 2638 ,
1256 2573 1445 2642 inquit,
1479 2572 1798 2640 imbecillus,
1831 2582 1885 2627 et
1926 2587 2031 2627 non
2080 2571 2196 2627 fero

606 2672 717 2727 ‘Dei
760 2670 1025 2723 timorem.
1058 2664 1188 2718 Nam
1232 2665 1275 2716 si
1322 2662 1375 2716 in
1418 2662 1573 2717 malis
1614 2662 1983 2732 corporalibus
2023 2662 2197 2731 majus

624 2762 753 2832 tegit
797 2759 971 2813 minus
995 2796 1012 2820 ,
1040 2754 1207 2808 multo
1250 2752 1417 2823 magis
1459 2753 1510 2807 in
1551 2753 1724 2806 anima
1758 2753 1914 2806 timor
1938 2752 2099 2807 solvit
2128 2753 2196 2805 ti-

625 2869 848 2915 morem,
876 2858 932 2906 et
955 2848 1110 2903 dolor
1138 2846 1401 2901 dolorem.
1443 2844 1572 2899 Erat
1618 2861 1749 2915 puer
1797 2844 2057 2914 pulcher?
2087 2845 2194 2899 Sed

622 2941 1146 3013 cujusmodicumque
1174 2945 1340 3001 esset,
1374 2950 1479 2989 non
1508 2928 1625 2990 erat
1654 2935 1836 2990 lsaaco
1862 2933 2145 3003 pulchrior
2178 2952 2192 2987 :

622 3046 734 3091 erat
758 3033 846 3087 ille
871 3044 1082 3101 quoque
1110 3027 1318 3081 unicus.
1360 3024 1416 3080 ln
1443 3033 1721 3081 senectute
1752 3023 1845 3079 tibi
1879 3033 2036 3079 natus
2065 3032 2148 3079 est
2172 3023 2196 3076 ?

625 3126 692 3180 Et
719 3124 829 3178 ille.
864 3121 967 3176 Sed
1010 3129 1093 3174 est
1137 3126 1393 3172 venustus
1421 3125 1475 3171 et
1500 3114 1754 3185 elegans?
1797 3115 1993 3171 Verum
2021 3114 2196 3185 cujus-

624 3218 995 3285 modicumque
1021 3214 1108 3277 sit,
1134 3226 1237 3266 non
1260 3219 1343 3266 est
1367 3208 1549 3280 Moyse
1590 3206 1862 3265 venustior
1891 3218 1946 3264 et
1972 3208 2187 3279 elegan-

623 3311 745 3374 tior,
778 3307 866 3377 qui
897 3306 1055 3361 etiam
1084 3300 1392 3358 barbaricos
1417 3300 1602 3354 oculos
1631 3299 1801 3353 illexit
1828 3297 1894 3353 ad
1926 3298 2008 3353 sui
2039 3314 2195 3352 amo-

623 3418 757 3468 rem,
790 3400 949 3470 idque
972 3414 1037 3453 eo
1066 3404 1306 3466 tempore
1332 3393 1525 3457 astatis,
1559 3393 1609 3446 in
1638 3406 1743 3461 quo
1769 3391 2005 3447 nondum
2035 3406 2198 3461 appa—

623 3502 707 3548 ret
734 3499 985 3546 venustas
1010 3496 1064 3544 et
1092 3484 1392 3556 elegantia;
1420 3482 1515 3538 sed
1564 3493 1739 3537 tamen
1781 3497 1903 3537 eum
1944 3482 2194 3537 dilectum

621 3585 676 3639 in
706 3583 923 3637 fluvium
947 3580 1198 3651 jecerunt
1223 3584 1494 3647 parentes.
1517 3573 1596 3629 Tu
1627 3574 1839 3644 quidem
1867 3582 1921 3629 et
1945 3573 2093 3628 vides
2117 3573 2196 3643 ja-

619 3685 828 3731 centem
850 3716 865 3741 ,
889 3682 938 3729 et
971 3670 1189 3727 mandas
1220 3668 1510 3739 sepulturae
1529 3710 1545 3734 ,
1576 3677 1631 3722 et
1655 3668 1772 3721 abis
1800 3666 1867 3721 ad
1895 3667 2163 3721 monimen
2182 3697 2195 3706 -

621 3779 732 3821 tum
766 3785 779 3821 :
811 3768 886 3821 illi
931 3776 1109 3819 autem
1142 3763 1455 3817 nesciebant
1482 3775 1606 3814 num
1637 3760 1874 3829 piscibus
1903 3773 2026 3814 esca
2057 3770 2198 3812 esset

620 3861 848 3918 futurus,
871 3871 936 3907 an
967 3855 1186 3908 canibus
1214 3894 1228 3917 ,
1260 3868 1325 3905 an
1357 3852 1513 3905 alicui
1544 3850 1635 3903 alii
1666 3850 1852 3904 bestia:
1881 3865 1947 3904 ex
1980 3850 2045 3904 iis
2075 3865 2194 3918 qua:

622 3955 907 4018 pascuntur
928 3946 979 3997 in
1006 3944 1137 3998 mari
1162 3959 1177 3996 :
1202 3942 1391 3995 et'bzec
1412 3940 1700 4005 faciebant,
1725 3954 1847 3994 cum
1868 3939 1999 3993 nihil
2020 3941 2193 3993 adhuc

618 4041 817 4096 scirent
840 4036 907 4091 de
932 4049 1116 4103 regno,
1148 4048 1318 4102 neque
1346 4032 1412 4086 de
1436 4032 1848 4085 resurrectione.
1878 4030 1949 4084 At
1973 4044 2077 4082 non
2108 4038 2191 4083 est

620 4131 828 4195 unicus,
857 4124 949 4180 sed
991 4125 1105 4193 ipse
1131 4138 1344 4193 quoque
1371 4130 1493 4191 post
1521 4122 1719 4175 multos
1770 4121 2043 4175 excessit?
2088 4121 2193 4175 Sed

620 4235 726 4274 non
768 4228 873 4271 tam
921 4214 1195 4284 repentina
1222 4222 1275 4267 et
1304 4222 1409 4266 tam
1436 4213 1769 4267 accumulata
1801 4212 2070 4281 tristisque
2098 4210 2198 4265 fuit

619 4312 912 4376 calamitas,
937 4323 1092 4378 quam
1117 4322 1236 4376 quas
1256 4305 1390 4362 Jo’bo
1411 4305 1605 4360 accidit
1628 4323 1642 4359 :
1672 4320 1775 4358 non
1802 4313 1940 4360 tecto
1960 4303 2194 4374 dejecto,

620 4420 723 4459 non
757 4403 895 4456 inter
922 4397 1308 4470 prandendum,
1341 4412 1446 4452 non
1477 4396 1868 4453 calamitatibus
1912 4398 2058 4467 prius
2102 4414 2196 4451 au-

618 4495 893 4550 nuntiatis.
931 4495 999 4547 At
1028 4507 1057 4545 a
1089 4501 1141 4546 te
1170 4491 1531 4562 diligebatur?
1574 4490 1680 4546 Sed
1706 4505 1812 4545 non
1844 4491 2011 4561 magis
2035 4508 2192 4561 quam

620 4588 815 4658 Joseph
840 4586 1126 4641 devoratus
1152 4598 1183 4637 a
1213 4584 1382 4638 bestia
1406 4600 1420 4648 ;
1450 4582 1543 4637 sed
1571 4591 1748 4637 tamen
1774 4583 1893 4637 tulit
1916 4583 2194 4639 calamita-

620 4688 748 4743 tem,
771 4685 825 4730 ct
844 4690 963 4745 qua:
991 4683 1109 4743 post
1130 4673 1274 4727 illam
1296 4673 1520 4739 exsdtit,
1544 4682 1597 4728 et
1624 4690 1743 4744 qua:
1770 4682 1890 4744 post
1916 4674 2070 4730 hanc.
2096 4675 2195 4729 Pa-

1342 360 1400 415 S.
1437 354 1715 412 JOANNIS
1752 348 2222 410 CIIRYSOSTOMI
2258 349 2570 406 AliCillEP.
2610 350 3137 407 CONSTANTINOP.
3714 360 3789 418 ξω

2309 473 2388 516 ter
2414 462 2578 530 flevit,
2607 464 2699 519 sed
2730 480 2832 518 non
2863 467 3022 535 impie
3048 481 3106 520 se
3134 466 3335 537 gessit;
3363 467 3505 531 luxit,
3525 469 3608 524 sed
3629 485 3711 526 non
3734 476 3787 527 in.

2307 553 2653 608 tolerabiliter
2679 556 2818 621 tulit,
2859 556 2953 611 sed
2984 571 3151 627 usque
3175 557 3239 610 ad
3272 557 3385 611 haec
3412 559 3559 613 verba
3584 566 3786 629 constitit,

2305 645 2521 710 dicens,
2552 645 2743 715 Ioseph
2774 665 2873 701 non
2901 658 2990 712 est,
3023 648 3241 719 Symeon
3268 666 3368 703 non
3395 660 3495 717 est,
3524 663 3563 706 et
3590 652 3791 723 Benjomin

2305 738 2586 804 auferetis?
2613 739 2665 791 in
2698 754 2775 791 me
2801 742 2936 809 facta
2966 750 3083 792 sunt
3115 741 3281 792 omnia
3309 738 3471 811 (Gen.
3492 741 3572 796 42.
3592 743 3648 799 36
3667 745 3696 814 ).
3724 745 3791 799 Vi-

2306 827 2399 881 des
2426 829 2689 898 quomodo
2717 830 2790 883 illi
2820 832 3141 900 persuaserit
3184 830 3340 885 famis
3379 833 3596 902 tyrannis
3623 846 3667 887 ut
3688 836 3789 890 ﬁlius

2305 918 2640 988 despiceret;
2673 920 2812 991 apud
2857 930 2907 974 te
2950 930 3127 975 autem
3178 936 3280 975 non
3331 931 3524 977 tantum
3565 933 3706 993 potest
3729 926 3791 979 hei

2305 1021 2479 1067 metus
2502 1054 2516 1075 ,
2545 1023 2799 1083 quantum
2840 1011 3043 1067 fames?
3072 1012 3391 1083 Lacrymare
3415 1054 3429 1076 ,
3458 1030 3555 1068 non
3579 1027 3679 1069 veto
3697 1032 3709 1079 ;
3728 1019 3795 1071 sed

2305 1104 2435 1158 nihil
2460 1105 2824 1173 blaSphemum
2846 1104 3046 1161 dixeris
3068 1120 3165 1160 nec
3185 1104 3393 1159 feceris.
3420 1104 3797 1175 Cujusmodicum-

2306 1211 2408 1266 que
2457 1197 2527 1249 sit
2570 1195 2729 1262 ﬁlius,
2758 1212 2863 1249 non
2896 1206 2979 1251 est
3004 1212 3126 1251 cum
3156 1196 3325 1251 Abele
3352 1196 3672 1251 conferendus
3695 1217 3706 1251 :
3730 1198 3796 1252 sed

2307 1288 2437 1341 nihil
2470 1287 2571 1341 tale
2601 1286 2736 1341 dixit
2768 1287 2957 1341 Adam.
3013 1288 3173 1357 Atqui
3203 1288 3380 1357 gravis
3404 1297 3514 1341 erat
3540 1288 3616 1341 illa
3637 1289 3795 1342 calami-

2306 1388 2387 1433 tas
2416 1396 2429 1432 :
2462 1378 2587 1449 quid
2619 1379 2761 1434 enim
2802 1381 3013 1447 gravius
3037 1421 3053 1445 ,
3083 1395 3240 1449 quam
3272 1378 3415 1448 quod
3458 1380 3603 1434 frater
3640 1380 3796 1433 fratrem

2305 1468 2670 1524 interfecerit?
2699 1470 2802 1525 Sed
2829 1470 2969 1525 enim
2999 1470 3224 1523 aliorum
3252 1484 3463 1539 quoque
3488 1469 3799 1525 fratricidarutn

2304 1570 2600 1631 opportune
2645 1561 2785 1614 subit
2828 1561 3084 1614 memoria
3134 1578 3147 1614 :
3198 1560 3347 1614 velut
3390 1560 3590 1631 quando
3628 1562 3797 1615 Absaloa

2305 1654 2530 1706 Ammon
2577 1649 2843 1705 interfecit
2888 1651 3298 1720 primogenitum
3328 1650 3420 1720 (9..
3466 1651 3583 1722 Reg.
3623 1651 3800 1723 l3):et

2304 1742 2469 1798 David
2494 1758 2589 1797 rex
2619 1742 2830 1796 amabat
2873 1757 3119 1813 puerum,
3148 1752 3201 1797 et
3232 1742 3287 1796 in
3316 1756 3471 1797 sacco
3492 1741 3676 1813 quidem
3691 1742 3795 1811 jace-

2305 1837 2396 1890 bat
2422 1846 2475 1892 et
2501 1838 2700 1891 cinere.
2746 1835 2861 1891 Non
2894 1850 3024 1891 vero
3052 1835 3277 1890 adduxit
3310 1835 3652 1895 divinatores,
3678 1849 3797 1899 neque

2306 1929 2686 1991 incautatores,
2716 1928 2813 1981 etsi
2845 1937 2969 1981 tunc
2998 1938 3187 1991 erant;
3237 1927 3398 1995 idque
3441 1926 3651 1980 ostendit
3676 1924 3796 1979 Sail:

2305 2030 2359 2074 at
2386 2020 2497 2074 Deo
2522 2019 2869 2089 supplicabat.
2919 2018 2999 2073 Tu
3035 2034 3249 2090 quoque
3285 2019 3338 2074 id
3385 2019 3464 2075 fac
3493 2038 3505 2074 :
3530 2018 3652 2089 quod
3678 2018 3797 2088 justus

2304 2109 2448 2178 facit,
2472 2110 2555 2163 fac
2586 2119 2639 2163 tu
2668 2124 2877 2179 quoque
2907 2127 2921 2164 :
2956 2110 3142 2165 eadem
3174 2110 3261 2164 dic
3288 2110 3467 2172 verba,
3491 2109 3676 2180 quando
3697 2123 3797 2164 mor-

2311 2210 2430 2257 tuus
2458 2200 2617 2256 fuerit
2658 2202 2871 2255 infans:
2902 2201 3013 2271 Ego
3055 2202 3121 2255 ad
3167 2204 3342 2272 ipsum
3384 2203 3557 2267 abibo,
3584 2205 3679 2273 ipse
3715 2220 3800 2259 vero

2307 2310 2411 2348 non
2436 2293 2613 2349 veniet
2642 2296 2708 2347 ad
2738 2310 2841 2347 me.
2876 2294 2985 2348 Hoc
3008 2303 3091 2349 est
3120 2294 3475 2365 philosophia:
3496 2338 3510 2359 ,
3533 2294 3623 2351 hoc
3646 2305 3711 2350 est
3733 2296 3797 2351 be-

2305 2386 2638 2441 nevolentia.
2669 2384 2741 2440 Ut
2784 2400 2933 2441 ames
2978 2386 3233 2440 infantem
3256 2426 3272 2450 ,
3304 2402 3410 2440 non
3461 2396 3643 2441 tantum
3680 2401 3798 2451 amas,

2304 2488 2558 2549 quantum
2586 2479 2676 2534 ille
2704 2487 2828 2533 tunc
2852 2521 2867 2545 ,
2894 2480 3102 2533 etiamsi
3130 2487 3275 2533 esset
3306 2488 3459 2533 natus
3483 2494 3544 2533 ex
3568 2478 3799 2533 adulterio:

2306 2570 2585 2624 tenebatur
2630 2579 2807 2623 autem
2836 2577 2963 2622 tunc
2994 2569 3083 2622 ille
3111 2568 3301 2622 beatus
3328 2583 3535 2622 summo
3564 2568 3716 2621 matris
3736 2566 3799 2620 de-

2303 2660 2518 2715 siderio.
2566 2661 2725 2715 Scitis
2773 2669 2950 2714 autem
3000 2658 3159 2714 fastus
3205 2661 3406 2713 amoris
3455 2669 3693 2730 parentum
3717 2672 3799 2728 ptr-

2306 2754 2491 2821 ticipes
2517 2768 2659 2808 esse.
2709 2753 2773 2806 Et
2805 2762 2981 2807 tantus
3024 2761 3141 2806 erat
3183 2767 3359 2818 amor,
3385 2763 3442 2806 ut
3485 2762 3537 2806 et
3572 2753 3609 2807 si
3647 2760 3800 2821 propter

2302 2862 2423 2901 eum
2455 2846 2594 2900 male
2619 2846 2855 2911 audiret,
2887 2844 3045 2901 vellet
3073 2854 3251 2900 tamen
3281 2858 3403 2900 eum
3433 2846 3602 2899 vivere
3625 2861 3638 2898 :
3661 2842 3731 2898 sed
3751 2851 3800 2894 ta-

2304 2956 2425 2994 men
2456 2939 2564 2994 Deo
2593 2940 2698 3009 egit
2726 2938 2945 3009 gratias.
2995 2937 3279 3006 Quomodo
3327 2937 3560 2992 affectam
3597 2937 3798 2991 existimas

2303 3028 2464 3084 fuisse
2493 3030 2813 3093 Rebeccam,
2841 3029 3049 3099 quando
3076 3029 3278 3084 Jacobo
3312 3032 3535 3083 minatus
3562 3038 3633 3083 est
3653 3025 3799 3081 frater?

2303 3121 2550 3173 maritum
2584 3136 2687 3175 non
2719 3120 2897 3174 affecit
2929 3121 3173 3176 molestia
3199 3161 3213 3186 ,
3244 3121 3344 3177 sed
3372 3122 3523 3191 jussit
3547 3136 3651 3175 cunt
3672 3133 3798 3171 aman-

2303 3211 2452 3266 dare.
2476 3212 2659 3282 Cogita
2694 3228 2810 3281 qum
2839 3220 2963 3265 sunt
2989 3212 3070 3266 his
3099 3211 3283 3282 pejora
3311 3252 3327 3279 ,
3358 3227 3475 3267 cum
3498 3226 3639 3282 grave
3661 3207 3796 3278 aliquid

2304 3319 2366 3372 pa
2376 3305 2519 3365 teris,
2534 3315 2586 3358 et
2609 3303 2958 3357 sufficientem
2978 3302 3196 3357 habebis
3211 3304 3613 3358 consolationem
3627 3320 3639 3362 ;
3654 3298 3795 3368 etapud

2304 3403 2357 3450 te
2382 3403 2588 3464 reputa,
2617 3394 2741 3464 quid
2774 3394 2817 3448 si
2847 3395 2896 3446 iu
2928 3394 3067 3448 bello
3100 3403 3245 3448 esset
3271 3394 3556 3450 mortuus?
3594 3390 3694 3463 quid
3715 3389 3797 3443 siin

2305 3485 2542 3555 igue?ct
2568 3484 2823 3554 quidquid
2872 3484 3013 3554 passi
3062 3482 3346 3550 fuerimus,
3397 3484 3622 3555 graviora
3657 3484 3795 3550 cogite-

2305 3592 2423 3631 mus
2443 3618 2455 3641 ,
2484 3586 2539 3632 et
2565 3578 2641 3631 sic
2672 3577 3028 3632 sufficientem
3073 3576 3391 3633 habebimus
3419 3576 3794 3633 consolationem;

2302 3680 2357 3725 ct
2381 3685 2471 3724 eos
2496 3670 2583 3740 qui
2611 3670 2851 3739 graviora
2874 3670 3016 3739 passi
3037 3678 3181 3733 sunt,
3206 3684 3420 3741 semper
3441 3667 3794 3725 consideremus:

2305 3775 2512 3814 necnon
2544 3761 2586 3813 si
2620 3761 2717 3829 ipsi
2749 3760 2992 3829 graviora
3039 3759 3333 3830 aliquando
3376 3760 3513 3829 passi
3551 3769 3715 3811 sumus.
3739 3750 3797 3805 Sic

2304 3853 2460 3904 etiam
2492 3850 2732 3905 hortatur
2758 3852 2973 3916 Paulus,
3004 3863 3063 3904 ut
3100 3851 3319 3920 quando
3346 3852 3490 3917 dicit,
3520 3848 3719 3903 Nondum
3738 3858 3795 3894 us-

2304 3958 2399 4012 que
2418 3943 2484 3994 ad
2503 3944 2793 4011 sanguinem
2815 3942 3061 3995 restitistis
3078 3941 3321 3997 adversus
3345 3952 3588 4008 peccatum
3606 3938 3795 3989 decertan-

2304 4044 2375 4089 tes
2391 4034 2573 4106 (Hebr.
2598 4035 2685 4089 12.
2712 4036 2765 4102 4)
2784 4052 2798 4099 ;
2818 4045 2871 4089 et
2891 4034 3095 4098 rursus,
3118 4033 3353 4088 Tentatio
3374 4050 3456 4088 vos
3478 4051 3569 4087 non
3583 4028 3793 4101 approbat-

2304 4128 2397 4191 dit,
2425 4128 2521 4181 nisi
2549 4128 2771 4180 humana
2797 4126 2880 4196 (1.
2908 4125 3026 4181 Cor.
3057 4126 3146 4181 10.
3175 4126 3243 4180 15
3268 4125 3311 4197 ).
3343 4126 3411 4180 lis
3440 4141 3557 4194 ergo
3579 4138 3676 4192 qua:
3696 4115 3790 4187 passi

2304 4219 2562 4275 fuerimus
2587 4222 2827 4291 graviora
2856 4219 3291 4281 consideremus;
3325 4220 3632 4274 inveniemus
3666 4213 3789 4267 enim;

2304 4323 2355 4365 et
2378 4313 2452 4366 sic
2471 4313 2671 4366 erimus
2692 4311 2844 4380 grati.
2872 4314 3011 4365 Ante
3032 4311 3209 4365 omnia
3233 4319 3434 4375 autem,
3463 4316 3652 4379 propter
3668 4299 3789 4357 omni:

2302 4402 2515 4456 assidue
2543 4402 2739 4471 gratias
2769 4416 2987 4470 agamus
3017 4418 3031 4455 τ
3064 4401 3142 4455 sic
3171 4402 3314 4457 enim
3342 4412 3397 4456 et
3426 4401 3535 4454 haec
3559 4393 3787 4452 cessabunt.

2303 4503 2359 4550 et
2384 4509 2481 4548 nos
2509 4493 2574 4547 ad
2606 4493 2695 4546 Dei
2722 4493 2944 4562 gloriam
2977 4492 3237 4558 vivemus,
3259 4501 3316 4547 et
3338 4492 3474 4547 bona
3500 4486 3715 4560 promissa
3733 4492 3791 4530 25-

2306 4600 2592 4655 sequemur
2621 4599 2633 4635 :
2664 4599 2783 4653 qua:
2828 4582 2985 4637 detur
3022 4583 3177 4637 nobis
3205 4584 3417 4654 assequi
3446 4580 3597 4652 gratia
3622 4584 3664 4631 et
3687 4567 3788 4626 beni-

2304 4680 2521 4747 gnitate,
2552 4687 2658 4731 etc.

621 4772 3742 4809 W

1991 4860 2337 4922 HOMILIA
2378 4859 2498 4921 IX.

620 4999 751 5055 CAP.
782 5001 836 5056 3.
863 5017 917 5055 v.
948 4999 1038 5056 16.
1076 4998 1299 5053 Verbum
1339 4999 1522 5055 Christi
1549 5000 1734 5055 habitet
1775 5001 1828 5055 in
1858 5003 2002 5056 vobis
2037 5002 2198 5056 abun-

693 5091 896 5157 danter,
932 5091 987 5145 in
1022 5092 1159 5145 omni
1196 5092 1442 5162 sapientia
1480 5092 1713 5147 docentes
1750 5103 1799 5148 et
1827 5105 2197 5150 commonentes

697 5199 783 5239 vos
811 5187 947 5252 ipsos
975 5185 1028 5237 in
1055 5184 1264 5254 psalmis
1291 5194 1337 5237 et
1368 5182 1566 5254 hymnis
1606 5194 1653 5239 et
1678 5186 1885 5239 canticis
1910 5187 2197 5255 spirituali-

698 5274 810 5341 bus,
835 5276 888 5328 in
916 5276 1082 5344 gratia
1108 5284 1363 5329 cantantes
1389 5277 1443 5327 in
1466 5276 1699 5329 cordibus
1728 5277 1902 5329 vestris
1930 5275 2150 5329 Domino
2180 5291 2200 5330 :

695 5368 783 5422 17.
840 5378 887 5422 et
940 5384 1085 5421 omne
1130 5368 1475 5435 quodcumque
1503 5368 1671 5438 facitis
1716 5370 1768 5421 in
1798 5366 1956 5420 uerbo
2010 5377 2099 5419 aut
2144 5368 2198 5421 in

690 5477 864 5529 opere,
890 5462 1061 5515 omnia
1100 5462 1151 5515 in
1178 5462 1380 5515 nomine
1407 5459 1617 5514 Domini
1649 5461 1805 5513 nostri
1838 5458 1962 5514 Iesu
1987 5458 2194 5525 Christi,

692 5551 883 5622 gratius
902 5561 1104 5622 agentes
1133 5551 1236 5605 Deo
1264 5561 1310 5606 et
1340 5550 1483 5604 Patri
1508 5568 1596 5621 per
1624 5553 1811 5620 ipsum.

693 5643 744 5695 1.
774 5642 1039 5705 Quomodo
1058 5643 1187 5712 grati
1202 5632 1266 5694 in
1288 5640 1451 5696 Deum
1480 5639 1590 5708 fieri
1619 5640 1888 5708 possimus.
1915 5639 2199 5711 Scriptura:

617 5732 1043 5797 sorrwtcgendw.
1075 5762 1146 5775 -—-
1174 5733 1305 5789 Cum
1346 5732 1599 5787 suasisset
1646 5746 1763 5786 esse
1804 5740 2007 5800 gratos,
2056 5733 2192 5787 viam

2303 5000 2555 5056 ostendit.
2600 5001 2768 5070 Quam
2798 5002 2979 5057 illam?
3026 5002 3107 5058 De
3148 5019 3249 5072 qua
3282 5018 3387 5058 nos
3414 5000 3655 5056 vobiscum
3687 4988 3785 5059 prius

2304 5092 2674 5148 disseruimus.
2721 5093 2859 5161 Quid
2884 5093 3109 5148 dicens?
3145 5093 3358 5147 Verbum
3390 5092 3561 5147 Christi
3585 5084 3727 5140 habita
3749 5078 3781 5126 is

2304 5184 2441 5237 vobis
2482 5183 2817 5238 abundanter.
2873 5184 2982 5237 lino
3018 5198 3149 5239 vero
3199 5202 3303 5239 non
3350 5185 3481 5238 hanc
3523 5180 3682 5237 solum.
3720 5165 3786 5221 διδ

2308 5275 2469 5327 etiam
2493 5274 2669 5326 aliam.
2699 5272 2831 5328 Nam
2855 5291 2954 5345 ego
2975 5276 3189 5345 qmdem
3218 5275 3348 5340 dixi,
3377 5271 3510 5343 quod
3532 5267 3783 5338 oporteteos

2307 5368 2470 5418 etiam
2518 5382 2801 5421 recensere
2829 5370 2918 5437 qui
2959 5370 3205 5437 graviora
3242 5368 3380 5438 passi
3410 5374 3540 5428 sunt,
3582 5370 3628 5416 et
3660 5353 3782 5409 animo

2306 5471 2519 5510 versare
2547 5471 2640 5510 eos
2674 5459 2762 5527 qui
2799 5461 3166 5513 sustinuerunt
3202 5474 3265 5513 ac
3290 5459 3568 5512 tolerarunt
3605 5444 3785 5519 gratio"

2306 5567 2462 5621 quam
2488 5565 2603 5613 nos,
2636 5561 2691 5605 et
2715 5553 2914 5621 gratias
2946 5568 3103 5618 agere
3129 5554 3270 5624 quod
3304 5554 3387 5606 illa
3417 5565 3513 5605 non
3535 5538 3779 5628 evenerint}

2308 5642 2421 5710 ipse
2448 5658 2572 5697 vero
2598 5644 2722 5711 quid
2753 5643 2918 5698 dicit?
2973 5643 3184 5698 Verbum
3226 5642 3403 5703 Christi
3432 5640 3595 5693 habitet
3624 5636 3667 5684 in
3686 5628 3783 5678 υσθυε

2311 5736 2654 5799 abundanter;
2699 5736 2797 5790 hoc
2824 5746 2925 5801 est,
2954 5738 3214 5814 doctrina,
3247 5744 3501 5810 dogmata,
3540 5717 3780 5782 admonitio,
