4032 6522
180 426 292 484 55’)

176 545 391 617 ταύτης
424 547 575 602 οὐδὲν
604 550 1018 622 παραιτούμεθα
1068 553 1379 623 ὑπομένειν.
1421 552 1487 606 Τί
1532 554 1589 607 δὲ
1611 554 1702 605 καὶ
1732 554 1761 606 ό

178 634 344 698 ἄλλος
404 637 616 703 γέλως,
669 640 860 703 σποδὸς
909 641 1003 694 καὶ
1062 641 1264 711 άσϐόλη
1315 640 1411 694 καὶ
1456 641 1615 706 ἆλες;
1669 642 1762 695 καὶ

177 722 345 775 πάλιν
394 723 456 776 τὸ
495 726 737 795 γραΐδιον
790 729 871 790 είς
901 728 963 783 τὸ
1007 729 1188 798 μέσον.
1252 729 1429 793 Γέλως
1450 730 1637 793 ὅντως,
1668 729 1762 783 καὶ⁹

175 810 437 882 αἰσχύνη,
480 814 590 865 Καὶ
619 813 910 884 ὀφθαλμὸς,
943 816 1124 886 φησὶν,
1158 817 1373 889 ἥρπασε
1402 817 1462 870 τὸ
1492 818 1722 871 παιδίον.

249 900 437 969 Μέχρι
460 900 605 964 τίνος
636 902 808 955 ταῦτα
836 904 904 956 τὰ
934 906 1227 971 σατανικά;
1277 905 1395 969 πῶς
1427 905 1489 959 ού
1515 906 1763 973 γελάσον-

175 1002 270 1037 ται
303 988 603 1056 Ἔλληνες;
637 989 757 1051 πῶς
807 990 869 1042 ού
906 991 1281 1061 χλευάσουσιν,
1315 994 1443 1047 ὅταν
1473 994 1655 1055 αὐτοῖς
1674 993 1763 1045 λέ-

175 1089 394 1143 γωμεν,
416 1076 644 1146 Μεγάλη
673 1067 960 1148 η’δύναμις
978 1078 1071 1132 τοῦ
1092 1079 1323 1151 σταυροῦ
1350 1097 1365 1148 ;
1392 1080 1506 1143 πῶς
1535 1081 1762 1151 πεισθή-

179 1178 392 1225 σονται,
426 1162 555 1216 ὅταν
583 1163 751 1236 δρῶσι
778 1165 982 1220 τούτων
1021 1168 1330 1238 δεομένους,
1371 1163 1445 1222 ὧν
1477 1169 1632 1222 {10:01
1663 1186 1761 1222 κα-

176 1249 488 1315 ταγελῶσις
519 1250 607 1303 διὰ
638 1251 810 1306 ταῦτα
838 1254 867 1305 0
890 1253 1023 1312 Θεὸς
1058 1256 1274 1325 ἰατροὺς
1298 1255 1464 1309 ἔδωκε
1508 1257 1601 1308 καὶ
1624 1257 1759 1325 φάρ-

180 1355 377 1406 μακας
433 1339 500 1391 Τί
545 1336 658 1405 οῦν,
716 1343 781 1395 ἂν
836 1342 908 1414 μὴ
965 1344 1341 1415 θεραπεύωσιν
1364 1346 1591 1408 ἐκεῖνοι,
1624 1346 1759 1398 ἀλλὰ

178 1425 575 1495 ἀπέρχηταιτὸ
600 1428 847 1493 παιδίον;
887 1430 995 1483 Ποῦ
1035 1432 1272 1495 ἄπεισιν,
1308 1430 1429 1483 εἰπέ
1460 1448 1570 1500 μοι,
1609 1431 1759 1484 άθλιε

180 1512 277 1562 καὶ
325 1512 679 1585 ταλαίπωρε;
727 1517 862 1586 πρὸς
890 1518 1034 1579 ζτοὺς
1081 1517 1339 1587 δαίμονας
1376 1518 1591 1586 ἄπεισι;
1624 1521 1759 1588 πρός

179 1617 301 1653 τινα
326 1601 592 1671 τύραννον
624 1603 879 1671 άπεισιν;
918 1606 1037 1676 οὐχὶ
1060 1606 1196 1677 πρὸς
1227 1609 1319 1660 τὸν
1346 1608 1574 1678 οὐρανὸν
1602 1610 1759 1662 ἄπει-

182 1707 306 1755 σιν;
350 1690 475 1758 ούχὶ
502 1689 637 1761 πρὸς
661 1690 752 1743 τὸν
778 1694 976 1746 οἰκεῖον
1004 1694 1278 1762 Δεσπότην
1300 1713 1314 1761 ;
1344 1695 1394 1747 τί
1422 1690 1516 1748 οὖν
1539 1695 1755 1763 άλγεῖς;

178 1778 231 1828 τί
264 1778 515 1842 κλαίεις;
546 1778 601 1829 τί
637 1778 879 1845 πενθεῖς;
924 1779 976 1833 τί
998 1780 1103 1835 ἔτοῦ
1146 1782 1417 1835 Δεσπότου
1462 1798 1555 1835 σου
1594 1783 1758 1835 πλέον

176 1865 243 1918 τὸ
269 1865 483 1919 παιδίον
512 1866 716 1936 φιλεῖςς
753 1868 873 1938 οὐχ).
908 1868 975 1921 δι’
1027 1869 1236 1922 ἐκείνου
1267 1870 1411 1940 ἔχεις
1454 1874 1546 1924 καὶ
1571 1872 1759 1937 τοῦτο;

178 1952 269 2006 διὰ
299 1953 357 2006 τί
386 1954 672 2024 ἀχάριστος
698 1950 769 2018 εἴ,
797 1957 858 2009 τὺ
879 1956 1052 2027 δῶρον
1071 1957 1163 2010 τοῦ
1183 1958 1570 2029 δωρησαμένου
1600 1959 1763 2013 πλέον
1811 1954 1820 1965 ’

176 2040 455 2108 άγαπῶν;
498 2041 635 2095 Ἀλλ’
655 2042 892 2115 ἀσθενής
921 2045 1061 2114 είμι,
1099 2048 1254 2115 φησὶ,
1285 2046 1381 2099 κα)⁸
1410 2046 1470 2098 οὐ
1496 2047 1647 2118 φέρω
1666 2045 1760 2099 τοῦ

175 2128 316 2182 Θεοῦ
345 2129 439 2182 τὸν
469 2130 656 2197 φόϐον.
691 2131 754 2183 Εἰ
781 2133 889 2202 γὰρ
920 2132 978 2185 ὲν
997 2134 1110 2196 τοῖς
1138 2136 1467 2199 σωματικοῖς
1486 2136 1675 2197 κακοῖς
1701 2133 1764 2187 τὸ

178 2217 372 2284 μεῖζον
414 2215 477 2269 τὸ
523 2217 743 2272 ἔλαττον
771 2218 1037 2289 κρύπτει,
1100 2219 1281 2290 πολλῷ
1334 2221 1532 2290 μᾶλλον
1589 2222 1646 2273 ὲν
1695 2223 1761 2291 τῇ

172 2306 323 2374 ψυχῇ
371 2304 537 2373 φόϐος
573 2306 623 2357 εί
660 2308 890 2375 προσῆν,
935 2306 1100 2376 φόϐος
1143 2308 1308 2376 φόϐον
1350 2308 1415 2361 ἂν
1454 2308 1633 2373 ἔλυσε,
1668 2308 1763 2361 καὶ

172 2392 324 2463 λύπη
353 2390 555 2463 λύπην.
590 2392 770 2447 Καλὸν
796 2390 863 2465 ἦν
884 2394 945 2447 τὸ
985 2396 1230 2463 παιδίον;
1284 2396 1423 2449 Ἀλλ’
1470 2393 1581 2449 οἷον
1614 2398 1679 2449 ἂν
1705 2394 1761 2469 ᾖ,

171 2480 277 2534 οὐκ
303 2481 459 2534 ἔστιν
496 2481 825 2552 ὡραιὸτερον
852 2482 947 2535 τοῦ
988 2484 1174 2538 Ἰσαάκ
1195 2502 1208 2516 ·
1249 2485 1542 2555 μονογενὴς
1569 2481 1637 2555 ἦν
1663 2485 1763 2537 κά-

172 2572 386 2633 κεῖνος.
422 2570 513 2622 Ἐν
529 2571 678 2641 γήρᾳ
699 2588 780 2624 σοι
805 2572 999 2639 γέγονε
1020 2590 1034 2637 ;
1063 2575 1351 2637 Κάκεῖνος.
1394 2574 1532 2626 Ἀλλ’
1553 2573 1766 2626 ἀστεῖόν

172 2661 358 2723 ἑστιν;
407 2657 548 2711 Ἀλλ’
584 2653 696 2711 οἷον
739 2659 804 2713 ἂν
839 2655 896 2732 ᾖ,
944 2660 1043 2712 ούκ
1091 2660 1236 2715 ἔστιν
1290 2661 1619 2732 ὡραιότερον
1672 2661 1766 2714 τοῦ

172 2742 487 2808 Μωῦσέως,
516 2745 575 2809 ὃς
598 2747 689 2799 καὶ
730 2746 1072 2819 βαρϐαρικὴν
1110 2749 1231 2818 ὄψιν
1256 2749 1605 2802 ἐπεσπάσατο
1632 2749 1768 2819 πρὸς

174 2834 373 2898 πόθον,
424 2834 519 2886 καὶ
554 2833 730 2888 ταῦτα
761 2836 818 2888 ὲν
854 2836 1050 2907 ἐκείνῳ
1086 2837 1185 2907 τῆς
1218 2838 1433 2907 ἡλικίας
1457 2836 1534 2907 τῷ
1566 2837 1765 2908 καιρῷ,

173 2923 309 2977 ἔνθα
344 2923 562 2977 οὐδέπω
600 2924 850 2991 φαίνεται
892 2927 925 2995 ἡ
958 2926 1105 2997 ῶρα·
1140 2928 1253 2981 ἀλλ’
1278 2928 1427 2997 ὅμως
1456 2927 1517 2979 τὺ
1548 2927 1768 2998 φιληθὲν

172 3012 342 3065 τοῦτο
379 3012 637 3083 ἔρριπτον
681 3012 761 3076 είς
818 3014 1061 3083 ποταμὸν
1096 3017 1146 3067 οί
1186 3017 1383 3082 γονεῖς.
1435 3016 1507 3068 Σὺ
1541 3018 1638 3085 μὲν
1675 3015 1768 3068 κα)¹

176 3097 315 3166 ὁρᾷς
349 3096 628 3165 κείμενον,
656 3096 749 3148 καί¹
776 3100 920 3166 ταφῇ
955 3097 1282 3169 παραδίδως,
1311 3099 1404 3151 καὶ
1430 3101 1510 3162 εἰς
1532 3100 1589 3151 τὸ
1620 3100 1769 3168 σῆμα

176 3185 356 3238 ἄπει·
393 3184 590 3236 ἐκεῖνοι
623 3182 681 3235 δὲ
727 3184 851 3237 οὐδὲ
881 3185 1078 3255 ᾔδεσαν
1113 3185 1340 3257 πότερον
1373 3184 1584 3255 ἰχθύσιν
1619 3186 1770 3240 ἔσται

182 3270 347 3342 βορά,
386 3270 616 3342 πότερον
639 3271 788 3332 κυσὶ,
825 3271 1052 3342 πότερον
1078 3272 1247 3343 ἑτέρῳ
1277 3272 1449 3343 θηρίῳ
1495 3274 1604 3326 τῶν
1632 3273 1773 3328 κατὰ

180 3358 286 3428 τὴν
341 3357 613 3411 θάλατταν
658 3357 1004 3430 βοσκομένων
1029 3376 1042 3389 ·
1072 3362 1166 3414 καὶ
1207 3360 1377 3413 ταῦτα
1409 3362 1644 3421 ἐποίουν,
1686 3362 1775 3414 ού-

178 3447 339 3501 δέπω
370 3447 498 3517 περὶ
552 3445 829 3514 βασιλείας
857 3447 1007 3500 οὐδὲν
1046 3447 1267 3512 εἰδότες,
1317 3447 1437 3500 οὐδὲ
1480 3448 1610 3519 περὶ
1646 3449 1775 3500 ἁνα-

184 3535 459 3598 στάσεως.
494 3534 635 3587 Ἀλλ’
653 3534 753 3587 οὐκ
791 3534 907 3587 ἔστι
946 3534 1252 3605 μονογενὲς,
1299 3535 1435 3589 ἀλλὰ
1477 3535 1613 3606 μετά
1647 3534 1776 3588 πολ-

182 3625 319 3687 λοὺς
348 3624 443 3677 καὶ
461 3624 594 3677 αύτό
617 3623 859 3694 ἀπῆλθεν
886 3640 901 3689 ;
949 3624 1085 3676 Ἀλλ’
1119 3624 1217 3695 οὐχ
1249 3624 1421 3688 οὕτως
1458 3626 1533 3687 ὡς
1564 3625 1655 3677 ἐπὶ
1679 3623 1774 3676 τοῦ

195 3713 331 3767 Ἰὼϐ
361 3713 579 3783 ἁθρόαὴ
601 3713 871 3784 συμφορὰ,
898 3714 992 3767 καὶ
1012 3714 1440 3785 σκυθρωποτέρα
1458 3730 1471 3743 ο
1497 3713 1556 3765 ού
1578 3712 1777 3783 στέγης

181 3802 643 3873 κατενεχθείσης,
674 3804 773 3855 ούκ
800 3803 1149 3873 ἀριστώντων
1181 3802 1405 3873 μεταξὺ,
1427 3801 1487 3854 ού
1509 3802 1615 3853 τῶν
1641 3818 1776 3868 συμ-

181 3890 388 3961 φορῶν
422 3891 916 3961 προαγγελθεισῶν.
991 3891 1130 3944 Ἀλλ’
1179 3892 1415 3960 ἐφιλεῖτο
1453 3890 1605 3961 παρὰ
1644 3888 1773 3953 σοῦ;

194 3977 353 4031 Ἀλλ’
376 3978 497 4048 οὐχὶ
530 3977 727 4048 μᾶλλον
749 3978 846 4033 τοῦ
884 3978 1082 4049 Ἰωσὴφ
1105 3976 1200 4031 τοῦ
1234 3977 1605 4049 θηριοϐρῶτου
1627 3993 1779 4044 γενο-

185 4068 363 4138 μένου
388 4082 404 4097 ⁸
438 4066 553 4120 ἀλλ’
575 4068 724 4134 ὅμως
744 4066 932 4134 ἔνεγκε
966 4066 1065 4137 τὴν
1086 4067 1390 4137 συμφορὰν,
1420 4068 1514 4119 καὶ
1539 4066 1636 4137 τὴν
1660 4067 1779 4135 μετ’

185 4156 434 4225 ἐκείνην,
470 4156 566 4208 καὶ
593 4156 693 4224 τὴν
730 4153 868 4224 μετὰ
909 4153 1133 4224 ταύτην.
1175 4154 1234 4208 '0
1268 4154 1451 4224 πατὴρ
1493 4152 1774 4217 ἔκλαυσεν,

186 4244 308 4299 ἀλλ’
340 4245 440 4296 οὐκ
490 4242 764 4313 ἠσέϐησεν
790 4258 803 4272 ·
840 4241 1160 4310 ἐπένθησεν,
1191 4241 1307 4294 ἀλλ’
1347 4243 1447 4295 οὐκ
1473 4241 1778 4294 άπεδυσπέ-

184 4348 375 4403 τησεν,
402 4330 542 4384 ἀλλὰ
565 4332 730 4400 μέχρι
751 4328 954 4383 τούτων
974 4328 1103 4399 ἔστη
1130 4328 1240 4382 τῶν
1270 4328 1554 4398 ῥημάτων,
1580 4328 1774 4397 λέγων·

1566 4544 1719 4556 δ’*

1048 431 1112 487 IN
1150 431 1365 488 EPIST.
1400 434 1492 487 AD
1527 424 1808 490 COLOSS.
1852 431 2004 487 CAP.
2046 432 2131 491 HI.
2176 431 2408 487 IIOMIL.
2446 429 2537 486 IX.

3331 429 3435 483 360

1882 553 2100 622 Ἰωσὴφ
2135 554 2245 605 οὐκ
2280 553 2431 617 ἐστι,
2454 548 2695 618 Συμεὼν
2737 548 2847 602 οὐκ
2874 545 3005 601 ἔστι
3068 545 3165 599 καὶ
3195 545 3300 599 τοιΔ
3332 551 3435 600 Βε-

1865 640 2072 709 νιαμὶμ
2122 638 2270 711 [589]
2314 638 2624 706 λήψεσθες
2679 636 2770 689 ἐπ’
2816 633 2923 703 ἐμὲ
2978 634 3213 705 ἐγένετο
3253 635 3439 689 ταῦτα

1867 726 2083 782 πάντα.
2126 729 2288 798 Ὁρᾷς
2342 726 2459 790 πῶς
2487 727 2696 779 ἐκεῖνον
2756 724 2913 795 λιμοῦ
2966 723 3220 793 τυραννὶς
3255 721 3441 775 ἔπεισε

1867 802 2271 886 καταφρονῆσαι
2301 814 2408 867 τῶν
2440 813 2644 866 παίδων
2665 827 2677 840 ⁸
2711 813 2861 881 παρὰ
2902 810 2959 863 δὲ
2987 812 3068 863 σοὶ
3087 810 3185 863 οὐκ
3218 809 3389 879 ίσχύει
3415 811 3443 861 0

1865 901 1960 955 τοῦ
1992 901 2125 955 Θεοῦ
2172 902 2333 971 φόϐος
2364 902 2483 954 ὅσον
2505 901 2533 952 0
2564 900 2721 969 λιμός
2750 916 2763 964 ;
2813 897 3083 960 Κλαῦσον,
3115 897 3175 949 ού
3226 896 3439 962 κωλύω,

1866 990 2001 1044 ἀλλὰ
2054 990 2220 1059 μηδὲν
2261 988 2578 1059 βλάσφημον
2608 987 2743 1057 μήτε
2779 986 2962 1058 εἴπῃς,
3015 988 3151 1056 μήτε
3202 984 3438 1054 πράξῃς.

1866 1073 1992 1141 Οἷος
2030 1075 2182 1151 ἐὰνῇ
2217 1081 2244 1130 0
2269 1080 2418 1139 παῖς,
2470 1076 2570 1129 οὐκ
2600 1074 2711 1126 ἔστι
2758 1074 2900 1126 κατὰ
2950 1071 3039 1125 τὸν
3070 1071 3235 1125 Ἀϐελ
3274 1089 3288 1101 ⁸
3326 1069 3441 1123 ἀλλ’

1865 1166 2017 1219 οὐδὲν
2042 1166 2283 1219 τοιοῦτον
2320 1161 2473 1217 εἶπεν
2502 1166 2529 1216 0
2570 1163 2759 1231 Ἀδάμ.
2804 1160 2996 1214 Καίτοι
3024 1160 3231 1231 χαλεπὴ
3260 1160 3442 1228 ἐκείνη

1865 1257 1899 1325 ή
1960 1255 2215 1325 συμφορά
2238 1270 2251 1282 ο
2302 1253 2354 1304 τί
2411 1252 2518 1322 γὰρ
2557 1249 2935 1321 χαλεπώτερον
2962 1248 3054 1300 τοῦ
3090 1252 3181 1300 τὸν
3219 1247 3444 1315 ἀδελφὸν

1866 1341 2203 1411 ἀνῃρηκέναι
2228 1357 2243 1406 ;
2289 1339 2451 1392 Ἀλλά
2476 1337 2585 1406 γάρ
2609 1338 2701 1389 καί
2742 1335 3147 1403 ἁδελφοκτόνων
3172 1334 3445 1403 εὐκαίρως

1865 1429 2039 1482 ἄλλων
2070 1427 2418 1497 ἀνεμνήσθην
2440 1443 2453 1456 ·
2486 1420 2595 1478 οἷον
2618 1427 2705 1478 ὅτε
2734 1422 3088 1492 Ἀϐεσσαλὼμ
3106 1423 3196 1474 τὸν
3232 1420 3447 1490 ’Λμνὼν

1866 1516 2042 1570 ἀνεῖλε
2081 1516 2172 1569 τὸν
2199 1514 2563 1587 πρωτότοκον*
2596 1514 2689 1564 καὶ
2718 1510 2880 1564 Δαυῒδ
2902 1511 2930 1562 ό
2971 1511 3224 1581 βασιλεὺς
3256 1510 3447 1579 ἠγάπα

1865 1605 1923 1657 τὸ
1967 1605 2205 1665 παιδίον,
2256 1603 2350 1656 καὶ
2380 1605 2436 1655 ἐν
2488 1603 2678 1671 σάκκῳ
2719 1602 2815 1670 μὲν
2847 1600 3083 1668 ἐκάθητο
3106 1600 3199 1652 καὶ
3228 1598 3443 1668 σποδῷο

1866 1691 2006 1745 Οὔτε
2024 1692 2080 1744 δὲ
2124 1692 2344 1761 μάντεις
2369 1691 2577 1759 ήγαγεν
2601 1729 2613 1747 ,
2643 1687 2766 1740 οὔτε
2805 1688 3067 1756 ὲπ‹;›δοὺς,
3102 1686 3279 1741 καίτοι
3306 1682 3449 1757 ἦσαν

1864 1779 1985 1832 τότε
2010 1796 2025 1811 ·
2052 1779 2147 1832 καὶ
2170 1778 2322 1849 δηλοῖ
2371 1779 2398 1830 0
2425 1775 2592 1829 Σαούλ
2622 1792 2635 1805 ·
2696 1775 2828 1827 ἀλλὰ
2877 1774 2967 1827 τὸν
3022 1775 3154 1827 Θεὸν
3213 1774 3446 1827 ἱκέτευε.

1862 1870 2033 1923 Τοῦτο
2068 1869 2164 1923 καὶ
2197 1868 2261 1921 σὺ
2289 1868 2461 1921 ποίει·
2502 1867 2640 1937 ὅπερ
2663 1867 2691 1919 ὁ
2721 1865 2925 1928 δίκαιος
2948 1865 3192 1934 ἐποίησε,
3225 1862 3448 1934 ποίησον

1864 1959 1958 2012 καὶ
1995 1956 2060 2010 σύ
2091 1972 2104 1986 ·
2148 1956 2218 2009 τά
2268 1955 2408 2009 αὐτὰ
2446 1955 2567 2007 εἰπὲ
2622 1956 2883 2025 ῥήματα,
2928 1953 3058 2006 ὅταν
3084 1951 3334 2022 ἀποθάνῃ
3387 1951 3449 2003 τὸ

1863 2044 2075 2099 παιδίον
2105 2060 2120 2076 ο
2173 2042 2316 2112 Ἐγὼ
2349 2043 2447 2114 μὲν
2481 2042 2853 2110 ἀπελεύσομαι
2876 2040 3012 2111 πρὸς
3050 2039 3202 2101 αὐτὸ,
3233 2039 3365 2092 αὐτὸ
3391 2038 3449 2090 δὲ

1862 2133 1961 2203 οὐχ
1980 2132 2103 2204 ἥξει
2130 2131 2267 2202 πρός
2293 2148 2380 2201 με.
2409 2130 2581 2183 Τοῦτο
2624 2128 2962 2198 φιλοσοφίας,
2992 2126 3147 2181 τοῦτο
3175 2126 3452 2196 φιλοστορ⁶

1863 2223 2009 2291 γίας.
2071 2222 2163 2284 Ὠς
2202 2221 2269 2274 ἂν
2305 2220 2467 2291 φιλῇς
2514 2219 2574 2272 τὸ
2621 2219 2855 2282 παιδίον,
2902 2219 2961 2270 οὐ
3001 2218 3175 2286 φιλεῖς
3197 2215 3449 2269 τοσοῦτον

1863 2311 1987 2364 ὅσον
2026 2309 2233 2373 ἐκεῖνος
2271 2308 2412 2361 τότε’
2467 2306 2546 2375 τῷ
2599 2306 2851 2376 μακαρίῳ
2880 2306 3073 2375 ἐκείνῳ
3119 2304 3371 2375 ἤκμαζεν
3420 2303 3451 2355 ό

1866 2398 1996 2467 περὶ
2027 2397 2126 2468 τὴν
2158 2396 2372 2467 μητέρα
2401 2394 2585 2457 πόθος,
2614 2396 2662 2446 εί
2693 2395 2787 2447 καὶ
2808 2394 2872 2446 ἐκ
2896 2392 3149 2463 μοιχειῶν
3180 2388 3269 2463 ἦν.
3306 2393 3449 2443 Ἰστε

1864 2486 1922 2539 δὲ
1970 2486 2053 2538 ὅτι
2091 2487 2337 2539 κοινωνεῖ
2374 2484 2443 2537 τὰ
2490 2483 2788 2547 τικτόμενα
2822 2480 2917 2534 τοῦ
2954 2481 3177 2551 φίλτρου
3217 2479 3325 2533 τῶν
3367 2496 3450 2532 τι⁴

1866 2574 2122 2627 κτόντων.
2149 2573 2259 2625 Καὶ
2281 2570 2535 2635 τοσοῦτος
2568 2572 2597 2624 0
2631 2571 2769 2640 ἔρως
2790 2565 2879 2642 ἦν,
2913 2570 2989 2633 ὡς
3017 2570 3113 2622 καὶ
3146 2569 3451 2638 κατήγορον

1866 2659 2015 2731 αὐτῷ
2047 2660 2107 2713 ὃν
2132 2660 2416 2729 βούλεσθαι
2450 2658 2547 2729 ζῇν
2570 2676 2583 2689 ο
2614 2658 2727 2711 ἀλλ’
2766 2659 2917 2727 ὅμως
2964 2656 3337 2727 ηὐχαρίστησε
3374 2655 3454 2723 τῷ

1867 2749 2007 2819 Θεῷ.
2039 2748 2105 2801 Τί
2147 2749 2250 2803 οῐει
2276 2747 2506 2818 πάσχειν
2550 2746 2649 2818 τὴν
2706 2745 3041 2811 Ῥεϐέκκαν,
3093 2745 3183 2798 ὅτε
3227 2744 3452 2812 ἀδελφὸς

1866 2838 2129 2909 ἠπείλησε
2167 2837 2246 2908 τῷ
2302 2835 2498 2890 ’ῐακὼϐ
2519 2853 2534 2903 ;
2577 2836 2677 2889 οὐκ
2726 2835 2966 2907 ἐλύπησε
2998 2836 3087 2888 τὸν
3114 2835 3307 2907 ἄνδρα,
3338 2834 3453 2888 ἀλλ’

1868 2925 2158 2978 ἐκέλευσεν
2196 2924 2543 2995 ἀποπέμψαιτ
2606 2923 2891 2995 Ἐννόησον
2932 2922 2999 2977 τά
3024 2923 3231 2976 τούτων
3262 2922 3451 2993 χείρω,

1868 3014 1997 3067 ὅταν
2025 3030 2078 3067 τι
2112 3013 2283 3066 δεινὸν
2316 3012 2517 3085 πάθῃς,
2547 3012 2643 3066 καὶ
2675 3013 2866 3081 ἱκανὴν
2886 3012 3028 3075 ἔξεις
3060 3011 3413 3083 παραμυθίαν
3437 3027 3450 3041 ·

1870 3102 1963 3155 καὶ
1992 3101 2229 3169 λογίζου,
2257 3100 2309 3154 τί
2345 3100 2423 3167 δὲ,
2470 3101 2518 3153 εί
2561 3102 2618 3153 ἐν
2644 3100 2865 3170 πολέμῳ
2893 3099 3147 3168 τεθνήκοι
3170 3115 3183 3165 ;
3208 3099 3259 3151 τί
3287 3098 3366 3163 δὲ,
3406 3099 3454 3151 εί

1870 3190 1928 3241 ὲν
1948 3190 2076 3259 πυρί
2094 3206 2109 3254 ;
2138 3190 2248 3242 Καὶ
2269 3182 2343 3241 ὧν
2364 3187 2459 3242 ὲάν
2476 3189 2757 3259 πάθωμεν,
2779 3187 2846 3241 τὰ
2863 3187 3139 3257 δεινότερα
3159 3186 3453 3257 ἐννοῶμεν,

1874 3280 1966 3334 καὶ
2032 3278 2226 3349 ἕξομεν
2280 3278 2558 3349 ἀρκοῦσαν
2627 3278 3010 3348 παραμυθίανο
3059 3277 3153 3331 καὶ
3202 3278 3326 3340 τοὺς
3389 3277 3459 3330 τὰ

1870 3369 2143 3441 δεινότερα
2170 3368 2506 3431 πεπονθότας
2556 3368 2642 3421 ἀεὶ
2702 3368 3146 3439 περισκοπῶμεν,
3175 3368 3269 3421 καὶ
3286 3368 3332 3419 εξ
3362 3367 3460 3419 αύ-

1871 3457 1955 3510 :01
2015 3457 2290 3527 βαρύτερα
2339 3456 2616 3526 ὲπάθομέν
2672 3474 2822 3509 ποτε.
2893 3455 3049 3509 Οὕτω
3096 3456 3192 3509 καὶ⁸
3246 3456 3458 3517 Παῦλος

1875 3543 2197 3612 προτρέπει,
2228 3541 2304 3604 ὠς
2346 3542 2475 3595 ὅταν
2513 3539 2647 3611 λέγῃ
2673 3556 2686 3571 ο
2734 3540 2910 3593 Οὔπω
2946 3540 3162 3610 μέχρις
3210 3541 3459 3607 αἵματος

1874 3631 2339 3696 ἀντικατέστητε
2381 3628 2530 3697 πρὸς
2578 3628 2693 3693 τὴν
2738 3628 3031 3696 ἁμαρτίαν
3075 3626 3460 3695 ἀνταγωνιζόο

1870 3735 2062 3786 μενοι,
2106 3718 2201 3770 καὶ
2252 3716 2435 3781 πάλιν,
2471 3715 2807 3784 Πειρασμὸς
2846 3714 2999 3783 ὑμᾶς
3035 3716 3147 3768 οὐκ
3184 3714 3455 3782 εἴληφεν.

1875 3808 1927 3858 ει
1952 3804 2037 3873 μὴ
2071 3805 2458 3871 ἀνθρώπινος.
2488 3798 2587 3855 Ὧν
2615 3800 2709 3854 οὖν
2757 3802 2822 3855 ἂν
2858 3801 3143 3870 πάθωμεν,
3177 3799 3247 3853 τὰ
3293 3802 3460 3871 χείρω

1878 3892 2302 3964 περισκοπῶμεν
2324 3907 2337 3921 ·
2370 3892 2677 3961 εὑρήσομεν
2725 3890 2856 3961 γάρ,
2904 3891 2996 3942 καὶ
3023 3888 3195 3951 οὕτως
3223 3889 3461 3959 ἐσόμεθα

1878 3981 2207 4051 εὐχάριστοι.
2250 3978 2363 4051 Πρὸ
2410 3978 2466 4031 δὲ
2494 3980 2717 4032 πάντων
2744 3977 3159 4049 εύχαριστῶμεν
3185 3978 3277 4031 ἐπὶ
3325 3979 3459 4031 πᾶσι

1876 4068 2140 4139 διηνεκῶς
2161 4085 2176 4099 ·
2207 4068 2349 4123 οὕτω
2380 4066 2487 4138 γὰρ
2519 4068 2613 4121 καὶ
2645 4066 2815 4121 ταῦτα
2844 4068 3135 4133 παύσεται,
3165 4068 3259 4121 καὶ
3300 4067 3460 4135 ἡμεῖς

1879 4158 1959 4219 είς
2013 4154 2171 4220 δόξαν
2221 4154 2358 4208 Θεοῦ
2413 4154 2687 4226 ζήσομεν,
2726 4155 2822 4208 καὶ
2871 4154 2980 4208 τῶν
3033 4154 3459 4224 ἐπηγγελμένων

1879 4243 2102 4312 ἀγαθῶν
2129 4242 2525 4311 ὲπιτευξόμεθα
2557 4259 2571 4272 ·
2601 4235 2675 4294 ὧν
2702 4242 2909 4309 γένοιτο
2936 4240 3143 4304 πάντας
3173 4243 3319 4311 ἡμᾶς
3347 4242 3459 4291 ἐπι·

1878 4334 2081 4401 τυχεῖν,
2114 4330 2294 4401 χάριτι
2317 4329 2411 4382 καὶ
2440 4328 2839 4397 φιλανθρωπίᾳ.

2444 4540 2679 4559 ,ν’-..ο
2700 4542 3409 4555 MM

1564 4795 1715 4867 [390]
1768 4796 2006 4850 omum
2048 4795 2122 4851 δ’.

264 4982 334 5035 '0
391 4982 579 5050 λόγος
652 4980 757 5033 τοῦ
822 4980 1078 5047 Χριστοῦ
1136 4980 1436 5050 ἐνοικείτω
1498 4978 1568 5031 ἐν
1631 4978 1774 5047 ὑμῖν

256 5048 599 5116 πλουσίως,
650 5051 721 5102 ὲν
760 5051 929 5117 πάσῃ
976 5052 1164 5118 σοφίᾳ
1196 5048 1627 5115 διδάσκοντες,
1675 5049 1773 5101 καὶ

252 5121 691 5186 νουθετοῦντες
711 5121 962 5186 ἑαυτοὺς
990 5120 1250 5189 ψαλμοῖς
1284 5120 1381 5171 καὶ
1411 5121 1637 5187 ὕμνοις,
1678 5119 1776 5171 καὶ

254 5192 444 5260 ᾠδαῖς
474 5191 923 5259 πνευματικαῖς,
957 5193 1027 5243 ἐν
1056 5191 1243 5260 χάριτι
1258 5189 1522 5260 ,ᾄδοντες
1546 5190 1615 5242 ἐν
1647 5190 1777 5260 τςιῗς

253 5259 531 5329 καρδίαις
548 5261 713 5330 ὑμῶν
734 5262 812 5326 τῷ
834 5259 1062 5328 Κυρίῳ(
1079 5259 1175 5313 καί
1197 5259 1318 5313 πᾶν
1339 5260 1373 5312 ὅ
1400 5278 1449 5313 τι
1472 5261 1548 5312 ἂν
1569 5259 1777 5324 ποιῆτε

254 5334 329 5385 ἑν
356 5333 537 5399 λόγῳ.
561 5333 815 5400 ἑνὲργῳ,
841 5331 1037 5384 πάντα
1064 5332 1132 5383 ἐν
1154 5331 1395 5398 ὀνόματι
1423 5331 1529 5383 τοῦ
1556 5331 1775 5400 Κυρίου

266 5403 503 5483 Ἰησοῦ,
555 5399 1057 5473 εὐχαριστοῦντες
1097 5400 1176 5467 τῷ
1208 5402 1330 5465 Θεῴ
1357 5402 1454 5455 καὶ
1494 5401 1675 5469 Ματρί
1705 5399 1779 5451 δι’

254 5490 471 5527 αυτου.
1716 5498 1719 5499 ⁷

256 5663 328 5710 α’.
359 5654 710 5725 Παραινέσας
727 5654 1081 5724 εὐχαρίστους
1104 5649 1264 5716 εἷναι,
1290 5654 1380 5707 καὶ
1408 5653 1505 5724 τὴν
1533 5653 1649 5706 ὁδὸν
1674 5653 1782 5706 δεί-

182 5744 543 5798 κνυσι.ῐισιίαν
570 5743 635 5813 δὴ
661 5741 899 5813 ταύτην;
941 5743 1043 5794 Ἢν
1070 5740 1261 5811 πρώην
1290 5742 1453 5810 ἡμεῖς
1507 5740 1781 5811 διελέχθη-

185 5850 289 5903 μεν
324 5832 461 5904 πρὸς
490 5832 656 5901 ὑμᾶς.
717 5830 782 5883 Τί
828 5828 1034 5897 λέγων;
1074 5828 1139 5882 ’0
1172 5828 1354 5899 λόγος
1388 5828 1495 5883 τοῦ
1526 5829 1780 5899 Χριστοῦ

1876 4978 2173 5031 ἐνοικείτω
2200 4980 2266 5033 ἐν
2288 4979 2429 5049 ὑμῖν
2453 4981 2781 5047 πλουσίως.
2813 4981 3029 5035 Μᾶλλον
3071 4981 3126 5035 δὲ
3163 4982 3223 5035 οὐ
3257 4982 3461 5052 ταύτην

1880 5082 2063 5151 μόνον,
2091 5082 2226 5135 ἀλλὰ
2247 5084 2340 5135 καὶ
2369 5083 2579 5148 ἑτέραν.
2616 5083 2759 5153 Ἐγὼ
2799 5084 2898 5154 μὲν
2927 5084 3035 5153 γὰρ
3056 5081 3230 5149 εἷπον,
3268 5085 3351 5138 ὅτι
3382 5086 3464 5138 δεῖ

1878 5186 2003 5248 τοὺς
2036 5185 2104 5239 τά
2123 5186 2399 5255 δεινότερα
2424 5186 2763 5249 πεπονθότας
2792 5185 3097 5254 άναλέγειν,
3126 5186 3219 5238 καὶ
3241 5188 3367 5249 τοὺς
3394 5187 3463 5240 τὰ

1879 5287 2241 5359 χαλεπώτερα
2286 5282 2359 5341 ὧν
2405 5286 2682 5356 ἐπάθομεν
2715 5287 3118 5357 ὑπομείναντας
3147 5288 3464 5356 ἀναλογίζε-

1881 5391 2027 5454 σθαι,
2058 5392 2151 5443 καὶ
2174 5392 2517 5461 εὐχαριστεῖν
2546 5390 2687 5462 ὑπὲρ
2712 5390 2806 5443 τοῦ
2836 5390 2910 5461 μὴ
2939 5390 3211 5460 συμϐῆναι
3246 5391 3429 5443 ἐκεῖνα
3447 5404 3461 5419 ⁸

1882 5478 2042 5540 αὐτὸς
2071 5477 2129 5530 δὲ
2157 5477 2211 5530 τί
2241 5494 2443 5549 φησιν;
2480 5477 2543 5530 ’0
2559 5478 2740 5547 λόγος
2762 5477 2869 5530 τοῦ
2889 5475 3144 5545 Χριστοῦ
3161 5476 3465 5529 ἐνοικείτω

1879 5567 1949 5619 ἐν
1960 5565 2104 5635 ὑμῖν
2119 5567 2427 5632 πλουσίως
2441 5582 2453 5593 ⁸
2500 5565 2797 5629 τουτέστιν,
2837 5566 2870 5634 ἡ
2885 5563 3226 5624 διδασκαλία.
3251 5562 3322 5615 τὰ
3335 5564 3462 5631 δόγ-

1886 5671 2054 5726 ματα,
2086 5656 2119 5724 ή
2150 5653 2488 5725 παραίνεσις,
2530 5655 2588 5706 ὲν
2613 5648 2701 5717 αἷς
2730 5652 2883 5706 οὐδὲν
2904 5652 3000 5723 τὴν
3021 5652 3302 5721 παροῦσαν
3320 5650 3466 5720 ζωὴν

1884 5737 2022 5795 εἷναί
2044 5758 2229 5813 φησιν,
2264 5741 2385 5795 οὐδὲ
2419 5742 2488 5795 τὰ
2524 5741 2729 5812 ταύτης
2754 5741 2953 5809 ἀγαθά.
3002 5738 3129 5793 Ἐὰν
3155 5738 3265 5812 γὰρ
3293 5738 3466 5793 ταῦτα

1886 5829 2107 5902 ἴδωμεν,
2132 5829 2307 5885 οὐδενὶ
2347 5829 2456 5884 τῶν
2500 5828 2779 5901 δυσχερῶν
2831 5828 3066 5900 εῐξομεν.
3114 5826 3462 5895 Ἐνοικείτω,
