3874 6546
66 538 163 595 Ml

64 659 108 707 in
138 654 327 722 quibus
366 652 525 703 vitam
559 656 878 715 pra-sentcm
922 644 1053 698 nihil
1098 659 1219 698 esse
1258 641 1408 705 dicit,
1454 655 1629 708 neque

60 748 170 816 ejus
197 746 353 798 bona.
394 741 452 797 Si
479 742 621 795 enim
646 737 763 793 haec
796 738 1107 799 viderimus,
1140 733 1272 789 nulli
1302 748 1366 787 ex
1414 733 1479 787 iis
1512 749 1632 801 quae

61 849 179 917 sunt
197 849 384 904 aspera
410 843 466 889 et
488 830 730 887 difﬁcilia
751 828 1027 884 cedemus.
1057 826 1332 887 Inhabitet,
1362 824 1552 893 inquit,
1577 824 1632 875 in

59 916 190 985 vobis
214 927 550 983 abundanter.
574 923 690 979 Non
712 922 885 978 solum
905 917 1067 984 εἰκῆ,
1095 919 1327 979 llaliitet.
1357 916 1451 972 sed
1470 916 1629 970 etiam

59 1040 177 1080 cum
235 1036 427 1091 magna
482 1016 829 1073 abundantia.
881 1012 1075 1069 Audite
1126 1010 1449 1081 quicumque
1502 1008 1632 1062 estis

59 1116 329 1178 mundani,
354 1122 411 1169 et
436 1111 587 1166 uxori
612 1109 854 1179 praeestis
876 1115 932 1162 et
952 1104 1158 1166 liberis,
1186 1102 1453 1171 quomodo
1479 1099 1633 1152 vobis

57 1224 265 1277 quoque
308 1205 540 1260 maxime
587 1199 805 1256 mandet
841 1199 1022 1269 legere
1063 1194 1388 1264 Scripturas,
1436 1200 1490 1246 et
1525 1205 1632 1245 non

56 1302 246 1355 leviter
289 1312 389 1352 nec
416 1306 640 1356 temere,
666 1292 760 1348 sed
790 1306 987 1362 magno
1024 1288 1205 1344 studio
1244 1302 1307 1342 ac
1333 1284 1629 1353 diligentia.

54 1392 184 1447 Nam
214 1391 353 1447 sicut
377 1389 465 1457 qui
492 1395 576 1443 est
601 1386 754 1441 dives
782 1383 835 1437 in
867 1381 1130 1452 pecuniis,
1161 1378 1303 1434 ferre
1330 1386 1507 1448 potest
1533 1374 1632 1429 da-

53 1498 238 1538 mnum
260 1490 315 1535 et
333 1477 836 1534 condemnationem
861 1490 877 1527 :
910 1474 980 1526 ita
1001 1473 1162 1527 etiam
1188 1469 1276 1539 qui
1302 1478 1385 1523 est
1411 1467 1559 1523 dives
1581 1466 1633 1521 in

50 1574 389 1644 dogmatibus
418 1568 788 1641 philosophiae,
822 1565 974 1621 facile
1001 1562 1143 1619 terre
1184 1569 1364 1633 potest
1394 1574 1500 1615 non
1546 1574 1636 1614 so-

51 1667 163 1721 lum
193 1672 582 1734 paupertatem,
615 1658 708 1714 sed
738 1659 898 1713 etiam
926 1655 1060 1731 alias
1092 1653 1447 1716 calamitates,
1473 1650 1635 1705 etiam

49 1758 144 1812 illo
175 1755 403 1811 facilius.
430 1752 561 1808 Nam
591 1751 695 1805 illic
723 1747 939 1818 quidem
965 1745 1092 1800 dum
1117 1743 1371 1799 damnum
1401 1739 1635 1796 exsolvi-

51 1861 169 1916 tur,
215 1862 435 1904 necesse
470 1854 554 1900 est
592 1853 649 1899 ut
673 1843 761 1913 qui
791 1849 875 1897 est
901 1839 1050 1894 dives
1078 1836 1457 1891 detrimentum
1497 1832 1639 1888 acci-

48 1944 173 2013 piat
216 1950 274 1997 et
309 1945 591 2007 arguatur;
638 1943 694 1990 et
733 1933 779 1989 si
810 1932 914 1987 hoc
953 1929 1003 1986 ei
1033 1943 1185 1997 saepe,
1222 1925 1499 1991 acciderit,
1529 1938 1639 1981 non

48 2036 257 2108 poterit
280 2032 507 2102 amplius
532 2029 672 2086 ferre
699 2044 713 2080 :
746 2026 833 2082 hie
866 2032 1045 2080 autem
1072 2036 1181 2076 non
1208 2020 1323 2083 sic;
1350 2033 1455 2073 non
1489 2016 1631 2071 enim

46 2144 215 2185 sanas
241 2136 299 2181 et
321 2135 496 2180 rectas
519 2120 884 2177 consumimus
908 2114 1260 2185 cogitationes
1289 2126 1352 2167 ac
1380 2110 1636 2175 rationes,

48 2236 176 2277 eum
201 2220 345 2274 ferre
369 2222 611 2286 oporteat
635 2210 834 2282 aliquid
855 2208 995 2279 quod
1017 2207 1286 2270 nolumus,
1306 2202 1403 2259 sed
1424 2210 1641 2257 manent

50 2322 341 2383 perpetuo.
375 2308 504 2362 Vide
532 2313 711 2360 autem
752 2304 910 2371 hujus
953 2299 1092 2355 beati
1122 2296 1479 2369 prudentiam.
1522 2293 1639 2349 Non

48 2406 212 2470 dixit,
257 2402 490 2458 Verbum
516 2396 715 2454 Christi
743 2395 815 2449 sit
843 2394 895 2447 in
921 2392 1094 2457 vobis,
1139 2387 1515 2451 solummodo;
1546 2384 1640 2440 sed

46 2499 223 2569 quid?
272 2495 559 2556 lnhabitet,
592 2500 667 2556 et,
701 2486 1026 2542 Abundanter
1062 2499 1081 2538 :
1105 2482 1171 2536 In
1212 2482 1351 2535 omni
1390 2478 1641 2548 sapientia

46 2568 296 2646 docentes
337 2595 388 2642 et
426 2591 797 2639 commonentes
835 2572 1479 2646 vosmetipsos..Virtutem
1514 2568 1646 2624 dicit

46 2682 415 2753 sapientiam;
446 2686 501 2732 et
524 2675 716 2730 merito
745 2690 759 2726 :
784 2669 1056 2725 humilitas
1081 2667 1221 2722 enim
1250 2674 1333 2720 est
1360 2663 1642 2733 sapientia,

50 2779 303 2843 itemque
331 2771 691 2838 eleemosyna,
724 2773 780 2818 et
806 2777 925 2832 quae
950 2767 1076 2814 sunt
1107 2755 1413 2825 huiusmodi
1444 2770 1458 2808 :
1493 2764 1551 2808 ut
1592 2763 1647 2808 et

43 2865 337 2923 contraria
388 2870 511 2917 sunt
552 2854 889 2928 insipientia;
930 2862 1012 2909 est
1054 2850 1199 2906 enim
1247 2847 1540 2905 crudelitas
1580 2860 1644 2901 ex

44 2950 593 3029 insipientiailinde
632 2948 818 3004 multis
868 2946 921 3000 in
975 2945 1109 2999 locis
1157 2956 1319 2997 omne
1369 2948 1646 3010 peccatum

46 3060 222 3108 vocat
262 3043 664 3117 insipientiam:
695 3039 837 3093 Dixit
879 3038 1046 3100 enim,
1093 3034 1285 3103 inquit,
1318 3032 1562 3101 insipiens
1596 3030 1649 3083 in

41 3147 217 3201 corde
265 3160 377 3204 suo,
421 3148 524 3192 non
566 3146 640 3190 est
683 3133 859 3194 Deus;
903 3141 958 3185 et
1004 3143 1213 3192 rursus,
1248 3124 1565 3179 Putruerunt
1604 3132 1650 3176 et

40 3244 327 3302 corrupta:
352 3240 465 3286 sunt
504 3225 761 3281 cicatrices
789 3236 914 3276 mea:
954 3237 986 3273 a
1011 3220 1143 3290 facie
1181 3215 1487 3285 insipientia
1526 3229 1652 3268 ιιιρω

42 3330 246 3407 (ρεαι.
282 3328 369 3382 15.
405 3325 452 3377 l.
476 3331 521 3375 et
550 3321 640 3376 57.
670 3319 746 3387 6).
776 3313 912 3383 Quid
942 3312 1104 3377 enim,
1126 3314 1232 3376 dic,
1247 3317 1559 3380 quzeso,.est
1586 3321 1651 3361 eo

42 3401 311 3489 stultius,
340 3420 426 3491 qui
457 3413 790 3473 vestimentis
810 3408 1025 3481 quidem
1054 3404 1300 3462 vestitur,
1333 3401 1539 3455 l'ratres-
1558 3413 1654 3452 au-

43 3532 170 3576 tem
198 3530 334 3571 suos
359 3489 589 3582 despicit
615 3502 823 3561 nudos?
851 3500 938 3569 qui
968 3509 1129 3552 canes
1170 3492 1384 3564 quidem
1413 3490 1527 3554 alit,
1560 3489 1653 3543 Dei

43 3622 246 3668 autem
271 3605 557 3676 imaginem
580 3600 632 3654 in
655 3598 791 3650 fame
812 3588 1139 3649 contemnit?
1159 3586 1241 3641 cui
1272 3586 1425 3655 plane
1445 3595 1526 3638 est
1544 3598 1657 3653 per-

39 3718 288 3762 suasum
309 3697 577 3753 uilnlesse
600 3706 682 3745 res
713 3688 1061 3747 bumanas,et
1086 3680 1164 3735 eis
1185 3687 1267 3734 est
1290 3679 1503 3742 aflixus,
1524 3685 1659 3729 tam-

43 3811 229 3871 quam
270 3797 385 3848 sint
413 3774 779 3844 immortales?
805 3779 967 3834 Sicut
985 3788 1114 3845 ergo
1152 3771 1283 3827 nihil
1311 3778 1393 3824 est
1423 3767 1515 3822 tali
1545 3768 1658 3821 viro

42 3864 525 3960 insipientius,ita
540 3878 668 3934 nihil
684 3885 769 3931 est
786 3888 852 3930 eo
866 3868 1159 3942 sapientius
1180 3865 1270 3937 qui
1295 3880 1361 3920 ex
1386 3864 1580 3918 virtute
1600 3876 1662 3917 se

43 3954 215 4041 recte
242 3978 410 4051 gerit.
434 3973 569 4029 Vide
592 3970 757 4033 enim,
781 3965 970 4049 inquit,
992 3959 1263 4033 quomodo
1283 3958 1355 4014 sit
1395 3954 1610 4026 sapiens
1641 3971 1657 4008 :

36 4047 360 4135 facultates
399 4080 526 4121 suas
557 4060 814 4132 impertit,
846 4047 928 4113 est
961 4053 1270 4109 misericors
1295 4058 1351 4104 et
1378 4047 1677 4118 benignus,

40 4166 296 4240 agnovit
323 4171 667 4217 communem
691 4166 811 4207 esse
853 4158 1119 4211 naturam,
1156 4145 1372 4215 agnovit
1416 4156 1543 4197 usus
1572 4155 1665 4210 pc-

39 4235 252 4316 cisnia:
284 4254 486 4309 nullam
528 4261 651 4303 esse
685 4240 982 4298 habendam
1008 4238 1296 4303 rationem,
1325 4235 1439 4290 suis
1466 4248 1660 4302 corpo-

40 4355 225 4412 ribus
252 4347 426 4417 magis
450 4357 573 4400 esse
601 4338 946 4411 parcendum,
975 4348 1134 4403 quam
1167 4330 1424 4401 pecuniis.
1457 4329 1662 4394 Quam-

38 4449 275 4505 obrem
306 4442 621 4510 quicumque
642 4432 863 4505 gloriam
891 4427 1135 4496 despicit,
1168 4433 1250 4478 est
1280 4421 1662 4493 philosophus:

44 4538 237 4599 novit
265 4532 413 4589 enim
453 4543 536 4583 res
564 4527 842 4581 humanas.
879 4519 1184 4574 Divinarum
1230 4524 1283 4569 et
1309 4514 1664 4566 humanarum

41 4641 270 4691 rerum
316 4619 547 4691 cognitio
584 4624 672 4673 est
699 4610 1054 4685 philosolihia.
1090 4609 1227 4677 Ergo
1253 4605 1408 4659 novit
1444 4602 1665 4673 quidem

35 4736 201 4794 qua:
227 4716 345 4772 sint
369 4727 456 4768 res
479 4710 693 4773 divinze,
722 4714 777 4760 et
803 4719 922 4774 qua:
949 4702 1198 4755 humana:
1223 4713 1238 4763 ;
1267 4706 1322 4751 et
1348 4696 1416 4751 ab
1442 4695 1525 4749 his
1542 4694 1665 4765 qui-

939 522 1019 584 IN
1044 525 1259 583 EPIST.
1303 526 1389 580 AD
1425 523 1703 581 cocoss.
1743 494 1896 581 car.
1938 523 2025 579 ιιι.
2067 523 2293 579 ιιθιιιι.
2336 525 2428 582 ιχ.

3211 530 3317 586 562

1740 636 1859 693 sin:
1891 640 1997 691 imo
2044 655 2173 692 vero
2224 656 2327 693 non
2380 642 2580 711 aspice,
2626 643 2720 698 sed
2763 646 2937 700 onmia
2992 649 3223 717 suspice,
3264 661 3319 707 et

1737 737 1915 782 mente
1937 736 2077 783 tene.
2106 728 2217 783 lloc
2238 736 2320 785 est
2344 730 2582 785 omnium
2612 733 2875 788 malorum
2900 751 3082 799 causa,
3110 742 3319 796 nescire

1736 819 2059 890 Scripturas.
2106 821 2323 893 Absque
2360 822 2527 878 armis
2569 824 2707 881 imus
2736 826 2801 882 ad
2829 828 3063 898 bellum;
3108 844 3162 888 et
3189 850 3316 905 quo-

1738 912 1897 969 modo
1926 923 2139 983 oportet
2161 930 2281 970 esse
2302 915 2521 972 salvos?
2543 916 2805 975 Praeclare
2828 922 3103 980 nobiscum
3126 928 3321 997 agitur,

1738 1005 1784 1057 si
1823 1020 1944 1059 cum
1975 1005 2062 1062 his
2090 1005 2221 1062 salvi
2249 1007 2453 1074 simus;
2487 1017 2689 1065 tantum
2732 1011 2886 1068 abest
2927 1025 2985 1070 ut
3013 1018 3213 1090 absque
3243 1020 3325 1076 his

1736 1098 1868 1152 salvi
1898 1112 2018 1155 esse
2048 1101 2335 1170 possimus.
2383 1101 2460 1157 Ne
2503 1104 2681 1158 omnia
2732 1106 2785 1160 in
2828 1122 2927 1162 nos
2972 1112 3272 1181 conjiciatis
3308 1130 3325 1171 :

1737 1204 1865 1245 oves
1904 1192 2052 1257 estis,
2086 1192 2183 1247 sed
2213 1209 2319 1248 non
2347 1195 2570 1249 rationis
2596 1205 2867 1266 expertes,
2899 1214 3085 1256 verum
3114 1207 3324 1263 ratione

1738 1284 2016 1354 prazditaa:
2049 1286 2215 1341 multa
2248 1287 2400 1342 vobis
2450 1304 2663 1359 quoque
2711 1291 2926 1347 mandat
2969 1295 3179 1352 Paulus.
3221 1300 3324 1367 Qui

1737 1379 2017 1446 docentur,
2066 1395 2171 1434 non
2217 1395 2434 1450 semper
2472 1391 2683 1453 tempus
2722 1391 2902 1439 terunt
2948 1386 2999 1442 in
3044 1389 3322 1456 discendo,

1738 1471 1987 1539 quoniam
2017 1486 2123 1526 non
2153 1469 2421 1527 docentur
2446 1490 2461 1527 :
2490 1474 2534 1528 si
2557 1488 2775 1547 semper
2799 1478 2997 1544 discas,
3032 1498 3323 1553 numquam
3398 1480 3407 1491 ’

1736 1559 1935 1615 disces.
1964 1558 2041 1615 Ne
2067 1560 2140 1616 ita
2177 1561 2405 1617 accedas
2435 1570 2706 1634 tamquam
2736 1566 2972 1624 futurum
3001 1572 3071 1626 sit
3102 1585 3157 1627 ut
3183 1590 3325 1630 sem-

1741 1665 1836 1718 per
1871 1651 2082 1720 diseas;
2127 1652 2326 1725 alioqui
2369 1670 2660 1726 numquam
2707 1660 2881 1726 scies;
2933 1664 3027 1719 sed
3056 1674 3323 1740 tamquam

1740 1741 1981 1805 discendi
2006 1743 2175 1799 linem
2196 1756 2609 1817 assequuturus,
2631 1757 2686 1805 et
2723 1751 2885 1806 alium
2909 1754 3185 1814 docturus.
3231 1762 3329 1818 Dic

1743 1836 1893 1903 mihi,
1924 1851 2104 1893 annon
2139 1838 2359 1894 definita
2411 1850 2651 1912 tempora
2688 1844 2741 1898 in
2784 1845 3084 1917 disciplinis
3126 1868 3328 1923 exspe-

1740 1937 1887 1983 ctant
1910 1943 2122 1995 omnes,
2146 1939 2200 1984 et
2227 1929 2281 1984 in
2314 1931 2562 1987 omnibus
2595 1932 2840 1990 artibus?
2870 1938 2960 1993 Sic
2994 1955 3183 1998 omnes
3212 1960 3330 1999 cer-

1745 2026 1856 2074 tum
1878 2028 2086 2090 tempus
2112 2021 2398 2076 deliuimus
2427 2040 2441 2076 :
2475 2024 2557 2079 sin
2583 2033 2760 2082 autem
2788 2041 3002 2100 semper
3026 2032 3222 2103 discas,
3247 2047 3331 2093 est

1742 2114 1951 2183 signum
1972 2114 2115 2184 quod
2145 2114 2274 2168 nihil
2301 2116 2578 2172 didiceris.

1812 2204 2012 2259 iclloc
2044 2206 2184 2260 Deus
2215 2208 2556 2276 exprobravit
2582 2208 2811 2276 Judaiis,
2852 2212 2954 2278 Qui
2981 2218 3232 2273 tolluntur
3262 2237 3325 2276 ca:

1745 2307 1909 2364 utero,
1950 2307 1997 2352 et
2031 2299 2336 2353 erudiuntur
2362 2316 2517 2370 usque
2541 2302 2610 2355 ad
2637 2304 2835 2358 senium
2863 2305 3014 2377 (lsai.
3044 2310 3133 2365 46.
3165 2313 3211 2368 ὅ.
3247 2314 3330 2383 4).

1747 2389 1803 2443 Si
1845 2405 1950 2444 non
1977 2405 2192 2462 semper
2233 2390 2337 2446 hoc
2368 2395 2867 2466 exspectavissetis,
2913 2416 3020 2455 non
3048 2403 3126 2458 sic
3152 2407 3330 2461 omnia

1748 2491 1893 2537 retro
1918 2481 2196 2537 abiissent.
2228 2482 2287 2539 Si
2312 2499 2398 2538 res
2420 2484 2491 2539 ita
2521 2484 2744 2543 haberet
2766 2498 2825 2543 ut
2844 2490 2933 2546 alii
2955 2494 3168 2563 quidem
3192 2497 3332 2552 didi-

1747 2573 1968 2639 cissent,
2000 2573 2089 2627 alii
2120 2589 2247 2629 vero
2278 2583 2461 2630 essent
2485 2577 2786 2646 erudiendi,
2816 2597 2951 2651 opus
2975 2585 3126 2640 nobis
3152 2590 3332 2659 prole-

1748 2665 1947 2729 cisset;
1980 2666 2100 2719 aliis
2131 2667 2334 2720 cessuri
2371 2669 2569 2734 eratis,
2605 2680 2662 2725 et
2691 2673 2846 2728 nobis
2872 2688 3027 2745 opem
3059 2680 3333 2738 tulissetis.

1754 2758 1845 2812 Dic
1869 2758 2018 2820 mihi,
2045 2772 2247 2828 quaeso,
2272 2759 2316 2813 si
2338 2759 2498 2830 aliqui
2521 2760 2661 2817 irent
2679 2764 2744 2817 ad
2768 2764 3117 2837 literatorem,
3140 2772 3337 2833 deinde

1751 2859 2031 2907 manerent
2078 2865 2290 2922 semper
2336 2850 2605 2909 discentes
2643 2854 2947 2927 elementa,
2995 2875 3171 2917 annon
3220 2882 3335 2920 ma-

1750 2943 1918 3013 gistro
1948 2943 2169 2997 multum
2216 2942 2412 2998 laboris
2456 2953 2639 2999 essent
2672 2947 3004 3006 exhibituri?
3050 2954 3339 3028 Quousque

1756 3034 2028 3088 vobiscum
2070 3032 2138 3089 de
2174 3034 2282 3088 vita
2319 3033 2681 3091 disseremus?
2723 3038 2879 3109 Apud
2922 3045 3194 3113 apostolos
3232 3065 3340 3106 nun

1756 3125 1828 3179 ita
1860 3134 1995 3192 erat,
2028 3125 2122 3180 sed
2150 3124 2364 3180 assidue
2406 3127 2807 3194 transiliebant,
2834 3145 2928 3189 eos
2968 3135 3056 3205 qui
3085 3139 3231 3206 prius
3261 3140 3343 3194 di-

1754 3220 1974 3274 scebant
1990 3218 2376 3274 constituentes
2393 3219 2675 3289 magistros
2688 3222 2912 3278 aliorum
2936 3228 3023 3295 qui
3041 3227 3340 3288 discebam,

1754 3311 1845 3365 Sic
1899 3318 2184 3379 potuerunt
2222 3308 2371 3364 obire
2415 3310 2598 3365 orbein
2652 3320 2848 3380 terrai,
2891 3317 3032 3386 quod
3091 3321 3180 3375 uni
3222 3323 3341 3379 loco

1707 3434 1715 3444 ι
1760 3418 1865 3457 non
1894 3411 2079 3458 essent
2105 3402 2325 3473 alligati.
2367 3402 2536 3471 Quam
2569 3405 2765 3460 multos
2792 3418 3006 3465 nostros
3030 3410 3225 3471 fratres
3252 3420 3342 3487 qui

1759 3505 1883 3548 sunt
1921 3495 1974 3548 in
2012 3493 2184 3563 agris,
2216 3505 2269 3548 et
2308 3509 2493 3550 eorum
2526 3498 2808 3567 magistros
2833 3501 3148 3560 existimatis
3187 3525 3345 3578 egere

1758 3586 2037 3640 doctrina?
2066 3585 2169 3641 Sed
2193 3601 2288 3640 vos
2309 3602 2394 3640 me
2416 3587 2606 3642 tenetis
2623 3587 2859 3645 aﬂixum.
2879 3590 3012 3647 Nam
3037 3597 3343 3669 priusquam

1759 3686 1919 3748 caput
1949 3686 2093 3732 recte
2133 3676 2204 3731 sit
2245 3675 2527 3744 affectum,
2559 3693 3011 3747 supervacaneum
3051 3698 3131 3741 est
3161 3690 3237 3745 ire
3275 3691 3345 3748 ad

1764 3770 2027 3839 reliquum
2048 3782 2263 3838 corpus.
2293 3767 2482 3824 Omnia
2512 3769 2566 3823 in
2594 3786 2692 3826 nos
2721 3775 3033 3844 congeritis.
3062 3777 3348 3849 Oportet-ei

1767 3874 1867 3914 vos
1894 3874 1925 3913 a
1959 3858 2112 3915 nobis
2155 3860 2329 3914 solum
2370 3860 2611 3927 discere;
2657 3876 2853 3918 uxores
2881 3875 3060 3923 autem
3103 3886 3133 3924 a
3162 3873 3344 3942 vobis,

1765 3950 1903 4004 ﬁlios
1930 3965 1961 4004 a
1992 3950 2175 4016 vobis;
2206 3950 2300 4005 sed
2329 3950 2484 4007 nobis
2510 3952 2687 4007 omnia
2711 3954 3025 4027 relinquitis.
3059 3959 3347 4035 Propterea

1767 4057 1993 4114 magnus
2016 4054 2099 4098 est
2125 4042 2294 4098 labor.
2324 4041 2605 4110 Docentes,
2644 4045 2850 4116 inquit,
2893 4059 2940 4103 et
2977 4068 3349 4114 commouentes

1766 4136 2093 4205 wsntetipsos
2119 4137 2173 4188 in
2210 4134 2451 4205 psalmis,
2486 4134 2718 4205 hymnis,
2750 4148 2796 4193 et
2831 4143 3041 4199 canticis
3063 4149 3348 4214 spirituali-

1769 4232 1879 4285 bus.
1910 4229 2040 4284 Vide
2064 4243 2222 4299 quam
2244 4244 2349 4283 non
2382 4229 2715 4298 importunus
2735 4242 2791 4287 et
2819 4235 3076 4292 molestus
3112 4240 3181 4294 sit
3206 4242 3347 4298 Pau-

1770 4323 1869 4377 lus.
1902 4322 2162 4390 Quoniam
2191 4321 2350 4375 lectio
2375 4332 2455 4375 est
2478 4320 2764 4388 laboriosa,
2794 4335 2848 4379 et
2869 4327 3022 4382 valde
3045 4333 3265 4388 molesta
3298 4347 3353 4392 et

1769 4415 1966 4485 gravis,
1996 4427 2099 4466 non
2126 4411 2356 4467 deduxit
2376 4411 2444 4465 ad
2477 4413 2763 4480 historias;
2795 4416 2889 4471 sed
2918 4418 2985 4472 ad
3011 4421 3265 4491 psalmos,
3296 4439 3354 4481 ut

1769 4507 1929 4560 simul
1955 4513 2009 4559 et
2033 4503 2270 4557 animum
2302 4502 2541 4558 oblectes
2564 4519 2791 4572 canens,
2824 4518 2876 4561 et
2905 4508 3057 4563 fallas
3089 4513 3349 4572 laborem.

1775 4597 1997 4668 Hymnis
2017 4638 2029 4658 ,
2063 4595 2233 4665 inquit
2252 4636 2267 4661 ,
2299 4604 2345 4648 et
2371 4596 2578 4650 canticis
2606 4598 2969 4661 spiritualibus.
2996 4601 3148 4659 Nunc
3172 4620 3351 4665 autem

1773 4688 2008 4742 satanica
2034 4687 2251 4755 quidem
2272 4686 2498 4753 cantica,
2524 4696 2576 4741 et
2597 4687 2905 4744 saltationes
2928 4698 3091 4748 veSIri
3115 4696 3350 4766 deligunt

1776 4781 1963 4850 pttct‘i,
2011 4779 2151 4833 sicut
2197 4778 2354 4848 coqui
2404 4789 2458 4833 et
2496 4779 2883 4848 obsonatores,
2934 4794 2990 4839 et
3029 4786 3117 4856 qui
3162 4792 3359 4848 choros

1774 4882 1976 4941 agunt:
2010 4886 2168 4925 nemo
2193 4881 2370 4925 autem
2414 4872 2577 4926 ullum
2619 4874 2769 4928 novit
2811 4877 3101 4946 psalmum,
3146 4884 3240 4939 sed
3271 4902 3357 4942 res

1774 4962 1989 5017 videtur
2012 4976 2132 5015 esse
2161 4960 2429 5031 pudenda,
2461 4963 2683 5018 ridicula
2710 4975 2759 5019 et
2786 4967 3183 5026 subsannanda.
3210 4976 3359 5030 Illinc

1778 5064 2165 5109 conservantur
2190 5055 2367 5108 omnia
2390 5054 2549 5109 mala.
2580 5054 2636 5109 In
2665 5059 2804 5127 quali
2828 5061 2971 5114 enim
2994 5072 3132 5118 terra
3155 5072 3363 5122 steterit

1782 5150 1960 5218 planta
1982 5189 1998 5215 ,
2044 5148 2202 5202 talem
2232 5147 2335 5203 fert
2377 5148 2605 5204 fructum
2636 5167 2650 5204 :
2694 5150 2739 5204 si
2769 5151 2822 5206 in
2862 5169 3084 5210 arenosa
3111 5164 3168 5211 et
3191 5159 3363 5227 salsa,

1782 5240 1978 5303 talem;
2009 5239 2053 5293 si
2084 5239 2139 5293 in
2168 5238 2308 5294 dulci
2333 5247 2388 5294 et
2414 5240 2615 5311 pingui,
2646 5258 2830 5297 rursus
2856 5244 3106 5300 similem.
3135 5246 3223 5302 Sic
3248 5250 3368 5303 lous

1781 5332 1995 5400 quidam
2023 5339 2150 5385 sunt
2186 5331 2528 5387 documema.
2562 5333 2702 5389 Doce
2742 5349 2864 5388 eum
2892 5350 3088 5390 canere
3128 5339 3368 5406 psalmos

1784 5425 1905 5481 illos
1936 5425 2123 5494 plenos
2162 5425 2500 5495 philosoiihia
2524 5440 2545 5477 ξ
2580 5442 2773 5495 nempe
2811 5426 2990 5480 statim
3018 5427 3087 5483 de
3115 5429 3369 5485 modera-

1786 5520 1934 5573 tione
1958 5529 2011 5572 et
2037 5519 2423 5587 temperantia,
2464 5519 2571 5571 imo
2600 5534 2727 5571 vero
2764 5527 2888 5572 ante
2926 5519 3104 5573 omnia
3148 5520 3216 5576 de
3246 5538 3378 5578 con-

1789 5609 2072 5665 suetudine
2113 5625 2218 5662 non
2268 5607 2508 5661 habenda
2539 5623 2658 5661 cum
2707 5609 2892 5674 malis,
2935 5610 3115 5665 statim
3158 5612 3226 5667 ab
3257 5613 3373 5682 ipso

1790 5703 1944 5757 initio
1968 5702 2086 5756 libri
2117 5702 2421 5772 (propterea
2450 5701 2591 5754 enim
2624 5700 2747 5753 hinc
2772 5715 2984 5770 quoque
3009 5703 3207 5774 incepit
3246 5720 3372 5775 pro-

1791 5796 1952 5868 pheta
1974 5837 1987 5858 ,
2011 5796 2195 5849 dicens
2214 5837 2228 5853 .
2258 5794 2440 5848 Beatus
2465 5795 2539 5846 vir
2567 5794 2654 5863 qui
2680 5810 2783 5847 non
2810 5795 2932 5847 abiit
2959 5797 3009 5848 in
3037 5798 3249 5851 consilio
3280 5799 3363 5852 im-

1829 5892 1990 5943 iorum
2019 5887 2190 5960 [PsaL
2215 5889 2264 5942 1.
2294 5885 2377 5959 1];
2407 5896 2458 5940 et
2486 5900 2671 5940 rursus
2691 5926 2706 5949 ,
2738 5883 2857 5939 Non
2888 5888 2997 5941 sedi
3022 5905 3135 5941 cum
3163 5892 3380 5944 concilio

1792 5985 2067 6046 vanitatis;
2096 5993 2148 6040 et
2178 5997 2361 6039 rursus
2380 6022 2397 6044 ,
2430 5977 2576 6036 Nihil
2607 5984 2769 6042 {actus
2792 5991 2863 6037 est
2894 5983 2960 6038 iis
2981 5988 3251 6050 conspectu
3273 5976 3405 6045 ejus-

28 4789 197 4869 rlcm
235 4806 493 4867 abstinet,
508 4800 624 4855 illas
650 4812 778 4852 vero
801 4805 1014 4851 exercet
1036 4802 1090 4847 et
1117 4800 1370 4860 operatur
1403 4807 1417 4844 :
1450 4789 1550 4843 seit
1574 4802 1669 4841 au-

30 4918 179 4961 tem
206 4901 377 4956 etiam
396 4897 449 4949 in
479 4894 725 4949 omnibus
755 4891 867 4945 Deo
892 4902 1049 4958 agere
1072 4885 1272 4955 gratias
1298 4900 1313 4936 :
1340 4887 1501 4936 vitam
1528 4896 1671 4951 prai-

22 5006 292 5058 oentcm
319 4989 450 5045 nihil
470 5002 593 5043 esse
616 4984 911 5040 existimat:
928 4989 1205 5050 propterea
1231 4992 1329 5032 nec
1349 4978 1559 5031 laetatur
1581 4989 1672 5031 re-

25 5095 171 5147 bus
192 5082 477 5143 secundis.
500 5093 674 5148 neque
697 5084 912 5145 propter
936 5072 1190 5126 adversas
1208 5069 1396 5123 dolore
1422 5067 1670 5122 allicitur.

22 5183 271 5248 Neque
295 5173 461 5227 alium
482 5177 763 5238 exspectes
783 5166 1057 5218 doctorem
1084 5178 1098 5215 :
1130 5160 1295 5213 habes
1318 5158 1407 5212 Dei
1426 5158 1633 5227 eloquia
1656 5176 1671 5212 :

18 5289 129 5329 nu
144 5271 272 5323 llus
292 5276 351 5318 te
364 5265 522 5318 docet
544 5261 681 5314 sicut
703 5257 809 5311 illa.
829 5253 959 5308 Nam
986 5254 1075 5307 ille
1099 5250 1314 5321 quidem
1346 5264 1488 5319 smpe
1507 5263 1566 5304 se
1587 5264 1674 5302 oc-

22 5382 117 5420 cu
130 5363 147 5415 Ι
161 5367 256 5415 tat
274 5363 497 5427 propter
519 5364 708 5405 vanam
723 5345 947 5418 gloriam
964 5352 1019 5399 et
1042 5349 1261 5413 propter
1276 5340 1548 5394 invidiam.
1570 5341 1679 5393 Au.

20 5461 216 5520 disc,
236 5463 451 5522 quasso,
466 5460 563 5501 vos
583 5456 793 5505 omnes,
808 5440 998 5509 quibus
1019 5452 1162 5491 curae
1178 5444 1303 5489 sunt
1317 5449 1435 5504 quae
1451 5435 1518 5487 ad
1543 5431 1681 5487 hanc

15 5553 251 5603 vitam
284 5540 581 5611 pertinent,
611 5544 664 5589 et
690 5540 872 5603 parate
906 5528 1058 5582 vobis
1085 5527 1252 5582 libros
1290 5524 1693 5579 medicamenta

11 5641 308 5698 animas.
336 5630 397 5686 Si
428 5627 632 5683 nullum
660 5623 826 5679 alium
845 5619 1026 5686 vultis,
1044 5618 1251 5673 Novum
1278 5616 1693 5671 Testamentum

13 5728 244 5786 vobis
272 5731 488 5793 parate,
518 5714 884 5787 apostolorum
925 5712 1113 5771 Astus,
1153 5705 1467 5776 Evangelia,
1511 5706 1685 5775 magi-

6 5833 235 5883 siros
262 5819 579 5885 perpetuos.
617 5807 674 5863 Si
701 5804 854 5859 dolor
881 5799 1156 5864 acciderit,
1185 5809 1457 5867 tamquam
1487 5798 1539 5852 in
1569 5812 1689 5852 me-

9 5918 529 5973 dicamentorum
560 5898 874 5971 apothecam
905 5894 1106 5964 aspice,
1153 5892 1301 5946 illinc
1340 5892 1466 5946 mali
1504 5894 1690 5956 accipe

8 6004 321 6071 ευωυαιριίι
332 6000 534 6056 tionem
555 6013 571 6059 ;
594 5997 639 6051 si
660 5995 941 6058 damnum,
956 5986 1009 6047 si
1030 6000 1209 6054 mors,
1220 5984 1264 6040 si
1294 5992 1502 6040 tuorum
1530 5986 1690 6039 amis-
