3874 6568
477 524 585 583 565

480 639 735 710 malignus
760 652 777 689 :
804 636 1028 688 timentes
1054 642 1223 687 autem
1270 632 1543 685 Dominum
1585 630 1836 703 glori/icat
1871 625 2057 700 [Psal.

483 730 572 785 25.
602 730 656 783 4.
683 738 731 781 et
759 726 844 781 11.
875 724 966 795 4))
994 742 1007 778 :
1038 724 1106 780 de
1133 724 1518 788 consuetudine
1548 720 1791 777 habenda
1818 734 1938 775 cum
1969 718 2063 773 bo-

484 819 672 888 nis'(et
704 817 819 871 brec
860 825 915 870 et
951 815 1118 869 multa
1146 814 1246 869 alia
1277 813 1349 870 ibi
1390 813 1685 885 invenies);
1727 810 1866 882 quod
1892 807 2065 863 ventri

488 906 853 978 imperandum
877 906 946 961 sit
966 924 976 958 :
994 905 1061 961 de
1081 904 1418 961 continendis
1439 904 1683 958 manibus
1707 920 1721 957 :
1753 900 1893 971 quod
1918 900 2064 969 plura

483 999 719 1075 habendi
757 997 1049 1068 cupiditate
1087 997 1257 1051 teneri
1295 1011 1402 1050 non
1445 1001 1725 1064 oporteat:
1768 991 1909 1062 quod
1939 988 2067 1043 nihil

492 1093 596 1146 sint
634 1090 908 1159 pecunia},
954 1103 1054 1143 nec
1094 1089 1296 1159 gloria;
1332 1097 1385 1142 et
1416 1101 1534 1156 qua:
1574 1094 1701 1140 sunt
1744 1080 2068 1152 hujusmodi.

490 1181 716 1250 Quando
757 1181 825 1236 ab
864 1182 1082 1234 ineunte
1124 1188 1281 1234 aetate
1327 1191 1549 1247 puerum
1590 1176 1675 1230 his
1720 1172 2069 1237 instruxeris,

494 1275 749 1344 paulatim
796 1273 962 1329 duces
1005 1272 1071 1326 ad
1114 1272 1322 1325 altiora.
1372 1269 1567 1325 Psalmi
1611 1267 1810 1321 habent
1854 1264 2029 1319 omnia
2056 1303 2071 1329 ,

496 1367 679 1439 hymni
705 1375 883 1421 autem
907 1379 1090 1419 rursus
1111 1363 1240 1417 nihil
1264 1363 1551 1416 humanum
1575 1376 1589 1412 :
1619 1358 1830 1430 quando
1861 1359 1912 1411 in
1938 1354 2076 1425 psal-

496 1462 599 1517 mis
625 1458 904 1520 didicerit,
940 1467 1064 1511 tunc
1099 1456 1258 1510 etiam
1286 1455 1421 1510 sciet
1455 1453 1711 1525 hymnos,
1743 1458 1927 1519 utpote
1963 1464 2077 1502 rem

497 1553 837 1608 diviniorem.
880 1548 1197 1619 Superiores
1229 1548 1373 1603 enim
1411 1554 1706 1616 potestates
1734 1543 1964 1613 hymnos
1992 1555 2081 1595 ca-

500 1654 667 1710 nunt,
695 1658 802 1698 non
832 1641 1067 1713 psallunt
1090 1658 1103 1694 :
1139 1638 1263 1693 Non
1287 1647 1359 1692 est
1385 1638 1525 1693 enim
1546 1678 1560 1699 ,
1589 1634 1797 1705 inquit,
1825 1632 2082 1702 speciosus

502 1740 716 1809 hymnus
737 1736 789 1789 in
810 1750 896 1788 ore
913 1731 1185 1801 peccatoris
1204 1729 1389 1803 (Eccli.
1413 1729 1500 1784 15.
1519 1728 1608 1796 9);
1631 1734 1682 1781 et
1705 1738 1912 1789 rursus,
1935 1721 2084 1776 Oculi

502 1828 600 1881 mei
630 1841 780 1895 super
802 1823 976 1892 ﬁdeles
1004 1831 1168 1888 teme,
1197 1830 1251 1874 ut
1277 1821 1374 1890 ipsi
1399 1835 1590 1873 mecum
1617 1817 1857 1879 sedeant;
1885 1824 2085 1887 etrur-

504 1936 616 1983 sus,
646 1920 769 1973 Non
800 1916 992 1971 habitat
1021 1916 1074 1970 in
1102 1915 1267 1971 medio
1297 1915 1476 1968 domus
1501 1929 1624 1967 mea:
1644 1913 1729 1983 qui
1754 1911 1879 1982 facit
1906 1925 2086 1979 super-

505 2013 679 2078 biam;
707 2019 761 2066 et
789 2011 1004 2072 iterum,
1033 2009 1312 2063 Ambulans
1333 2009 1388 2062 in
1412 2008 1492 2061 via
1517 2004 1953 2070 immaculata,hic
1968 2002 2091 2057 mihi

507 2102 829 2157 ministrabat
854 2099 1024 2173 (Psal.
1059 2100 1182 2155 100.
1211 2100 1262 2154 6.
1286 2100 1337 2153 7.
1366 2098 1445 2168 2).
1479 2098 1628 2153 Adeo
1650 2106 1706 2152 ut
1731 2096 1965 2153 caveatis
1986 2110 2091 2149 non

507 2196 681 2252 solum
714 2209 779 2250 ne
805 2209 925 2250 cum
954 2192 1140 2247 amicis
1159 2231 1175 2258 ,
1204 2192 1298 2246 sed
1327 2207 1392 2246 ne
1420 2206 1540 2245 cum
1584 2190 1755 2244 servis
1780 2188 1996 2258 quidem
2027 2202 2087 2242 se

514 2290 794 2345 misceant.
821 2287 958 2341 Mala
995 2286 1136 2341 enim
1179 2284 1458 2340 innumera
1503 2283 1682 2337 liberis
1719 2281 2094 2351 importantur,

513 2380 727 2451 quando
766 2392 953 2434 servos
997 2386 1279 2447 corruptos
1313 2376 1391 2430 eis
1419 2373 1837 2445 prazfecerimus.
1865 2371 1921 2426 Si
1955 2371 2099 2426 enim

517 2474 682 2544 patris
708 2471 947 2527 fruentes
978 2478 1122 2525 tanta
1166 2479 1222 2525 et
1248 2468 1622 2523 benevolentia
1647 2476 1701 2521 et
1725 2464 2059 2535 philosophia
2083 2504 2099 2528 ,

518 2568 607 2620 vix
650 2564 784 2620 salvi
819 2562 1091 2626 evadunt;
1133 2561 1177 2617 si
1224 2562 1347 2616 illos
1391 2561 1665 2615 tradamus
1704 2560 1873 2614 servis
1903 2559 2102 2613 bonum

521 2656 652 2711 nihil
681 2638 1024 2720 curantibus,
1059 2654 1246 2724 quales
1287 2652 1448 2708 futuri
1495 2653 1655 2707 sunt?
1685 2652 1794 2707 Illis
1838 2662 2107 2721 tamquam

522 2750 755 2806 inimicis
782 2757 1023 2813 utuntur,
1054 2747 1421 2801 existimantes
1444 2746 1565 2799 illos
1592 2744 1976 2799 moderatiores
1996 2744 2109 2797 fore

524 2843 805 2907 dominos,
837 2840 881 2895 si
910 2840 1128 2893 insanos
1159 2839 1277 2894 illos
1302 2880 1317 2904 ,
1352 2838 1624 2909 improbos
1653 2848 1707 2892 et
1733 2838 1927 2892 nullius
1953 2836 2109 2907 pretii

526 2932 773 2989 reddant.
801 2932 942 2986 Ante
966 2930 1067 2984 alia
1100 2944 1226 2998 ergo
1273 2929 1448 2983 omnia
1480 2929 1595 2983 haec
1621 2942 1869 2983 curemus
1890 2969 1904 2992 ,
1950 2936 2004 2982 et
2030 2926 2113 2980 his

529 3040 747 3094 operam
777 3022 986 3077 demus.
1016 3021 1215 3085 Dilexi,
1250 3020 1452 3090 inquit,
1482 3036 1566 3074 eos
1591 3020 1679 3088 qui
1708 3019 1925 3089 diligunt
1955 3018 2114 3087 legem

534 3125 692 3170 tuam.
724 3114 872 3168 llunc
902 3128 1030 3181 ergo
1060 3125 1158 3165 nos
1195 3126 1406 3181 quoque
1444 3110 1759 3165 mmulemnr
1786 3119 1839 3165 et
1864 3109 1962 3164 hos
1991 3108 2116 3163 dili—

535 3224 739 3281 gamus.
765 3207 834 3263 Ut
861 3220 1047 3261 rursus
1067 3215 1245 3259 autem
1275 3212 1631 3272 temperantes
1652 3212 1705 3257 et
1733 3201 1990 3256 moderati
2013 3202 2120 3255 sint

536 3300 687 3372 pueri
708 3338 723 3361 ,
753 3296 972 3351 audiant
996 3294 1313 3365 prophetam
1356 3294 1619 3348 dicentem
1650 3311 1663 3346 :
1697 3292 1878 3346 Lumbi
1903 3292 1999 3345 mei
2024 3308 2121 3344 nn-

539 3392 661 3462 pleti
685 3398 801 3444 sunt
820 3388 1176 3451 illusionibus;
1202 3396 1256 3442 et
1278 3400 1485 3449 rursus,
1510 3384 1701 3438 Perdes
1716 3400 1885 3438 omnes
1904 3382 1989 3453 qui
2017 3386 2123 3450 for-

539 3484 773 3537 nicantur
801 3481 890 3535 abs
912 3490 958 3533 te
985 3478 1157 3551 (Psal.
1177 3479 1267 3533 57.
1292 3477 1345 3533 8.
1371 3487 1414 3531 et
1435 3476 1523 3531 72.
1547 3476 1663 3547 27).
1699 3476 1765 3529 Et
1788 3473 1929 3543 quod
1949 3472 2122 3529 ventri

540 3587 783 3648 oporteat
805 3576 1093 3646 imperare,
1118 3588 1303 3627 rursus
1328 3570 1547 3624 audiant
1570 3585 1583 3623 :
1614 3568 1680 3623 Et
1702 3568 1902 3630 occidit,
1931 3566 2119 3635 inquit,

543 3671 713 3742 plures
734 3684 924 3731 eorum,
956 3683 1071 3719 cum
1100 3654 1226 3719 esset
1252 3664 1418 3719 adhuc
1440 3679 1551 3717 esca
1573 3663 1623 3715 in
1650 3679 1734 3715 ore
1754 3676 1926 3714 eorum
1952 3658 2123 3729 (Psal.

541 3763 631 3816 77.
660 3760 749 3816 50.
779 3760 890 3828 51).
920 3758 987 3813 Ει
1006 3757 1147 3828 quod
1169 3765 1413 3825 oporteat
1441 3769 1545 3808 non
1570 3755 1707 3807 vinci
1730 3770 1759 3807 a
1782 3752 2123 3807 muneribus:

546 3853 749 3907 Dtuitiw
783 3853 827 3905 si
852 3851 1080 3922 aﬂiuant,
1108 3849 1263 3903 nolite
1293 3865 1380 3902 cor
1404 3863 1658 3918 apponere
1690 3846 1859 3915 (Psal.
1887 3845 1977 3900 6|.
2010 3845 2125 3913 11).

546 3944 611 3998 Et
631 3942 772 4014 quod
800 3942 982 4012 gloriae
1013 3941 1084 3995 sit
1104 3938 1525 4000 dominandum,
1559 3938 1659 3991 hoc
1698 3952 1910 4007 quoque
1940 3936 2013 3990 ibi
2046 3936 2129 3989 in-

545 4038 804 4090 venient:
840 4032 1017 4102 Neque
1057 4049 1173 4085 cum
1211 4049 1268 4085 eo
1298 4031 1562 4085 descendet
1604 4039 1714 4100 post
1758 4031 1927 4100 ipsum
1966 4028 2131 4101 gloria

548 4130 657 4199 ejus
679 4125 849 4196 (Psal.
872 4125 961 4179 «i8.
987 4123 1079 4194 18)
1104 4141 1117 4176 :
1143 4122 1284 4192 quod
1307 4122 1523 4191 maligni
1548 4136 1654 4176 non
1678 4121 1786 4175 sint
1804 4120 2087 4174 aemulandi
2114 4138 2128 4174 :

551 4217 679 4274 Noli
700 4217 931 4272 azmulari
954 4216 1004 4269 in
1029 4213 1421 4285 malignantibus
1443 4212 1614 4282 (Psal.
1636 4210 1964 4283 36.1):quod
1987 4213 2133 4282 prin-

550 4312 758 4381 cipatus
782 4318 837 4365 et
862 4317 1156 4378 potestates
1182 4305 1332 4360 nihili
1356 4314 1603 4375 oporteat
1631 4306 1937 4360 existimare
1960 4323 1973 4359 :
2020 4304 2134 4359 Vidi

549 4401 763 4472 impium
806 4398 1237 4468 superexaltatum
1278 4408 1326 4451 et
1369 4398 1613 4451 eleuatum
1656 4397 1785 4451 sicut
1830 4398 2005 4452 cedros
2047 4398 2137 4451 Li-

553 4493 708 4555 bani;
734 4502 780 4545 et
807 4490 1037 4555 transivi,
1070 4499 1117 4543 et
1139 4505 1249 4544 ecce
1273 4506 1375 4543 non
1397 4501 1503 4543 erat
1526 4487 1633 4558 (Ib.
1659 4505 1705 4543 υ.
1730 4490 1818 4545 55.
1840 4489 1930 4561 56)
1954 4508 1966 4542 :
1994 4489 2138 4559 quod

554 4582 833 4652 prmsentia
860 4580 1011 4637 nihili
1038 4581 1144 4634 sint
1168 4580 1406 4634 facienda
1434 4598 1447 4634 :
1475 4578 1686 4633 Beatum
1709 4580 1942 4634 dixerunt
1972 4598 2138 4651 popa-

557 4674 663 4727 lum
690 4674 771 4725 cui
799 4672 905 4724 lucc
932 4681 1082 4735 sunt;
1110 4671 1279 4724 beatus
1306 4680 1377 4726 est
1403 4671 1621 4741 papulas
1642 4712 1657 4735 ,
1679 4673 1823 4737 cujus
1850 4681 1921 4725 est
1956 4670 2137 4724 Denti-

557 4780 653 4819 nus
682 4762 815 4817 Deus
854 4763 1062 4833 adjutor
1092 4761 1264 4833 (Psal.
1294 4763 1416 4816 145.
1448 4763 1534 4832 15)
1562 4781 1575 4815 :
1616 4762 1757 4832 quod
1786 4780 1890 4817 non
1921 4764 2140 4832 impune

561 4868 843 4923 peccamus
864 4895 877 4917 ,
911 4852 1002 4907 sed
1032 4853 1102 4906 sit
1126 4854 1487 4908 remuneratio
1516 4871 1529 4907 :
1568 4854 1644 4907 Tu
1670 4855 1847 4909 reddes
1875 4856 2141 4925 unicuique

560 4944 833 4999 secundum
856 4959 1011 5010 apera
1039 4960 1130 4996 sua
1155 4957 1171 4992 :
1195 4957 1291 4997 cur
1318 4954 1493 4998 autem
1523 4960 1626 4999 non
1654 4946 1843 5001 reddat
1870 4948 2141 5016 quotidie:

568 5036 700 5090 Deus
717 5036 881 5107 judcx
892 5037 1085 5105 justus,
1118 5044 1163 5088 et
1184 5034 1351 5102 fortis,
1381 5047 1425 5089 et
1449 5039 1639 5106 patiens
1670 5037 1837 5107 (Psal.
1865 5040 1953 5094 61.
1987 5042 2073 5095 15.
2096 5050 2143 5093 ct

562 5130 615 5184 7.
650 5128 736 5199 12)
764 5146 775 5180 :
800 5127 937 5196 ψιοά
977 5128 1175 5181 bonum
1205 5127 1273 5180 sit
1314 5127 1583 5183 humilitas
1613 5147 1625 5183 :
1660 5129 1872 5185 Domine
1895 5173 1911 5197 ,
1950 5132 2140 5201 inquit,

562 5240 663 5279 non
693 5230 765 5274 est
787 5220 1060 5272 exaltatum
1088 5236 1176 5271 cor
1206 5236 1371 5271 meum
1393 5219 1562 5289 (Psal.
1590 5222 1712 5275 150.
1740 5221 1789 5291 1)
1820 5240 1833 5276 :
1862 5223 2003 5292 quod
2025 5239 2143 5277 mu-

565 5314 673 5367 lum
705 5313 773 5366 sit
803 5311 1051 5380 superbia
1080 5328 1093 5365 :
1129 5309 1424 5381 PrOpterea,
1457 5314 1647 5381 inquit,
1676 5316 1834 5367 tenuit
1856 5332 1939 5369 eos
1964 5333 2143 5385 super-

549 5406 642 5459 bia
671 5404 723 5455 in
750 5403 900 5470 finem
927 5400 1098 5471 (Psal.
1127 5402 1215 5455 Η.
1242 5403 1327 5472 ϐ);
1353 5411 1407 5456 et
1426 5419 1629 5469 rursus,
1652 5404 1899 5460 Dominus
1918 5409 2143 5477 superbis

545 5496 744 5550 nesistit
767 5494 945 5565 (Prov.
974 5495 1024 5549 5.
1053 5495 1141 5549 51.
1176 5496 1227 5548 in
1259 5494 1493 5560 erco);
1526 5507 1579 5552 et
1605 5514 1809 5561 rursus,
1844 5499 2145 5570 Egredietur

554 5595 816 5655 tamquam
843 5601 905 5637 ea:
930 5584 1082 5653 adipe
1102 5585 1339 5655 iniquitas
1374 5603 1545 5639 eorum
1570 5586 1741 5657 (Psal.
1776 5589 1862 5642 7‘2.
1886 5592 1960 5661 7).
1993 5592 2145 5660 Quod

559 5678 758 5732 bonum
786 5677 855 5731 sit
892 5678 1231 5747 eleemosyna
1258 5698 1270 5732 :
1306 5678 1588 5749 Dispersit,
1618 5682 1754 5734 dedit
1795 5685 2097 5752 pauperibus
2123 5703 2143 5740 :

566 5770 755 5821 iustitia
784 5769 892 5837 ejus
929 5779 1094 5822 manet
1138 5770 1190 5823 in
1216 5772 1457 5825 saxulum
1501 5772 1679 5842 (Psal.
1717 5775 1837 5829 111.
1872 5774 1966 5845 9):
2000 5778 2145 5847 quod

566 5858 888 5913 laudandum
918 5860 987 5913 sit
1012 5860 1254 5915 misereri
1287 5879 1300 5914 :
1332 5860 1503 5916 Bonus
1532 5874 1605 5917 est
1644 5865 1717 5918 vir
1755 5869 1842 5933 qui
1877 5869 2143 5923 miseretur

562 5961 611 6003 et
637 5950 918 6002 commodat
951 5949 1053 6021 (Ib.
1085 5966 1130 6005 υ.
1164 5952 1239 6023 5).
1272 5953 1335 6006 Et
1378 5955 1457 6009 his
1485 5954 1639 6029 longe
1678 5958 1827 6027 plura
1858 5958 1961 6017 illis
1994 5963 2141 6017 inve-

1248 516 1303 573 S.
1343 515 1619 571 JOANNIS
1654 509 2129 569 CHllYSOSTOMI
2168 506 2486 563 ARCHIEP.
2524 503 3053 562 CONSTANTINOP.

3634 506 3729 561 36$

2172 622 2290 677 nies
2316 620 2667 693 philosophia:
2687 621 2935 692 dogmata
2963 639 2980 677 :
3008 628 3065 676 ut
3083 663 3099 689 ,
3130 620 3273 691 quod
3301 635 3410 675 non
3431 622 3505 676 sit
3530 622 3735 675 maledi-

2168 718 2397 774 cendum
2425 735 2440 773 :
2475 718 2841 783 Detrahentem,
2873 719 3062 787 inquit.
3090 716 3385 770 clanculum
3413 717 3757 785 productae,

2173 812 2305 865 hunc
2329 811 2658 881 persequebar
2686 809 2858 880 (Psal.
2887 810 3008 865 £00.
3041 809 3119 879 5).
3149 808 3283 877 Quis
3308 811 3382 863 sit
3407 810 3636 879 hymnus
3666 824 3739 863 su-

2175 917 2495 971 pernorum,
2542 896 2938 972 quid-supetﬁe
2979 901 3167 956 dicunt
3209 900 3548 962 Cberubim,
3594 906 3750 956 sciunt

2176 993 2382 1046 lideles.
2411 991 2548 1058 Quid
2580 991 2830 1046 dicebant
2858 992 3031 1062 angeli
3074 992 3209 1047 infra
3254 992 3457 1061 positi?
3502 991 3673 1045 Gloria
3708 998 3753 1045 in

2179 1082 2388 1138 excelsis
2414 1082 2525 1137 Deo
2556 1084 2709 1150 (Luc.
2742 1083 2796 1136 ’2.
2832 1084 2943 1151 il).
2976 1083 3266 1153 Propterea
3298 1094 3426 1153 post
3447 1084 3757 1152 psalmodias

2179 1177 2397 1249 hymni,
2429 1188 2614 1247 utpote
2656 1192 2743 1233 res
2784 1177 3028 1247 quaulam
3078 1176 3392 1246 perfectior.
3433 1175 3503 1228 In
3535 1176 3754 1244 psalmis,

2182 1270 2373 1337 inquit,
2402 1270 2621 1339 hymnis,
2655 1279 2701 1322 et
2729 1270 2939 1322 canticis
2962 1268 3340 1339 spiritualibus,
3376 1269 3433 1320 in
3457 1270 3626 1338 gratia
3654 1286 3759 1320 can-

2184 1372 2344 1415 tantes
2383 1361 2436 1414 in
2475 1360 2708 1414 cordibus
2753 1360 2925 1414 vestris
2961 1359 3090 1415 Duo.
3133 1364 3241 1414 Aut
3284 1360 3393 1414 hoc
3424 1359 3598 1422 dicit,
3638 1361 3757 1428 quod

2183 1464 2402 1522 propter
2430 1451 2654 1522 gratiam
2684 1451 2799 1506 hzee
2834 1451 2988 1507 nobis
3029 1450 3176 1506 dedit
3204 1452 3391 1515 Deus;
3436 1459 3539 1503 aut
3564 1453 3759 1505 canticis

2186 1562 2307 1618 quae
2331 1558 2457 1602 sunt
2485 1549 2536 1602 in
2564 1549 2766 1617 gratia;
2799 1558 2889 1603 aut
2914 1547 3266 1603 admonentes
3294 1561 3399 1601 nos
3428 1546 3583 1615 ipsos
3605 1555 3655 1599 et
3676 1547 3759 1598 do.

2188 1649 2371 1694 centes
2400 1640 2453 1693 in
2483 1641 2684 1710 gratia;
2728 1650 2821 1714 aut
2857 1639 3000 1709 quod
3037 1639 3092 1693 in
3136 1639 3309 1709 gratia
3358 1638 3636 1691 habebant
3669 1637 3759 1691 hac

2190 1729 2359 1795 dona;
2389 1739 2482 1784 aut
2504 1731 2617 1785 hrec
2637 1741 2718 1785 est
2747 1730 3055 1799 explicatio.
3088 1731 3129 1784 A
3161 1730 3356 1799 gratia,
3394 1728 3601 1797 inquit,
3627 1730 3761 1797 spici.

2193 1832 2298 1877 tus.
2318 1821 2591 1878 Cantantes
2616 1824 2669 1876 in
2698 1824 2933 1877 cordibus
2957 1822 3131 1877 vestris
3156 1822 3286 1877 Deo.
3315 1820 3445 1877 Non
3476 1822 3678 1887 solum,
3702 1826 3761 1875 il-

2194 1913 2326 1983 quit,
2358 1928 2480 1977 ore,
2507 1913 2603 1969 sed
2630 1929 2752 1969 cum
2775 1917 3091 1970 attentione.

2217 2030 2223 2037 ν
2266 2006 2320 2061 5.
2364 2006 2477 2062 Hoc
2529 2008 2675 2063 enim
2725 2018 2807 2062 est
2856 2009 2966 2063 Deo
3011 2022 3245 2072 canere,
3276 2007 3417 2062 illud
3470 2022 3607 2062 vero
3647 2008 3764 2071 aeri;

2197 2112 2304 2165 vox,
2356 2101 2499 2153 enim
2548 2107 2752 2155 temere
2800 2099 3131 2155 diffunditur.
3176 2100 3294 2155 Non
3351 2099 3427 2153 ad
3477 2102 3767 2153 ostentis;-

2201 2207 2323 2246 ncm
2344 2235 2358 2255 .
2389 2192 2578 2263 inquit.
2613 2192 2833 2247 Etiamsi
2863 2193 2937 2248 sis
2977 2194 3029 2247 in
3056 2193 3194 2259 foro,
3224 2203 3387 2263 poles
3416 2193 3645 2261 teipsum
3666 2207 3769 2245 coe-

2202 2291 2445 2348 vertere,
2488 2292 2542 2337 et
2595 2284 2706 2339 Deo
2750 2298 2943 2339 canere
2991 2284 3203 2338 nemine
3250 2282 3541 2337 audiente.
3572 2283 3771 2337 Namsie

2204 2388 2417 2443 quoque
2459 2374 2648 2430 orabat
2674 2375 2904 2446 Moyses,
2934 2385 2989 2429 et
3026 2376 3123 2429 fuit
3162 2374 3424 2429 auditus:
3457 2375 3594 2428 dicit
3628 2378 3772 2435 enim.

2209 2466 2345 2533 Quid
2374 2468 2442 2520 ad
2469 2483 2548 2521 me
2578 2468 2809 2522 clamas?
2837 2468 2996 2536 Atqui
3037 2466 3167 2521 nihil
3208 2467 3435 2521 dicebat
3454 2508 3469 2529 ,
3502 2467 3598 2520 sed
3630 2480 3775 2520 urente

2209 2559 2475 2614 clamabat
2518 2574 2638 2613 cum
2694 2558 2856 2614 corde
2913 2560 3144 2614 contrito
3195 2575 3208 2611 :
3260 2559 3623 2628 quamobrem
3668 2558 3775 2610 Dens

2211 2651 2359 2706 solus
2389 2650 2647 2705 exaudiit.
2692 2649 2834 2704 Nihil
2879 2650 3020 2705 enim
3066 2658 3211 2704 vetat
3251 2651 3557 2719 quominus
3593 2662 3644 2702 et
3689 2666 3775 2703 an-

2213 2742 2404 2797 bulans
2450 2742 2614 2798 corde
2661 2752 2812 2808 oret,
2844 2751 2900 2796 et
2944 2756 3153 2796 sursum
3196 2743 3287 2795 sit.
3321 2741 3500 2795 Omne
3537 2742 3774 2811 quodna-

2213 2855 2309 2909 que
2335 2838 2520 2907 facitis,
2558 2837 2758 2907 inquit,
2788 2838 2841 2890 in
2867 2836 3013 2891 verbo
3037 2845 3128 2889 aut
3156 2836 3208 2888 in
3241 2852 3433 2906 apere,
3468 2837 3640 2887 omnia
3664 2838 3775 2902 {sua

2216 2930 2269 2983 in
2298 2930 2497 2982 nomine
2530 2928 2737 2982 Domini
2763 2927 2795 2980 J
2802 2945 2887 2982 esu
2925 2927 3108 2981 Christi
3130 2968 3144 2989 ,
3172 2928 3373 2994 gratias
3400 2938 3613 2996 agentes
3634 2925 3725 2980 Da
3746 2940 3775 2975 et

2221 3020 2367 3074 Patri
2392 3036 2479 3090 per
2500 3021 2684 3089 ipsum.
2716 3017 2848 3073 Nam
2874 3019 2923 3073 si
2951 3018 3029 3073 sic
3054 3017 3315 3072 faciamus
3336 3059 3355 3084 ,
3392 3018 3535 3072 nihil
3571 3018 3667 3072 erit
3691 3033 3775 3071 set-

2222 3112 2410 3166 lestum
2434 3152 2449 3176 ,
2479 3111 2611 3166 nihil
2639 3110 2995 3177 immundum,
3031 3111 3116 3165 ubi
3147 3109 3408 3165 Christus
3436 3111 3719 3165 invocatur.
3740 3112 3777 3163 Si

2222 3204 2474 3259 comedas
2493 3245 2508 3270 ,
2531 3203 2587 3258 .si
2614 3203 2797 3267 bibas,
2825 3204 2869 3257 si
2895 3219 3117 3258 uxorem
3141 3202 3334 3268 ducas,
3374 3204 3423 3257 si
3454 3218 3673 3272 peregre
3689 3220 3777 3271 m-

2225 3298 2480 3353 ficiscaris
2500 3339 2515 3361 ,
2547 3299 2599 3351 in
2630 3298 2847 3351 nomine
2895 3298 2989 3352 Dei
3021 3296 3101 3351 fac
3128 3298 3312 3350 omnia
3338 3313 3355 3361 ;
3389 3295 3502 3350 hoc
3543 3308 3657 3359 est,
3692 3313 3777 3351 em

2150 3430 2163 3444 .
2226 3405 2422 3445 vocans
2451 3389 2748 3459 adjutorem
2774 3405 2790 3444 :
2824 3388 2876 3442 in
2903 3388 3149 3442 omnibus
3179 3404 3307 3442 eum
3333 3388 3497 3457 prius
3522 3403 3697 3453 orans,
3720 3406 3777 3440 ra

2228 3482 2537 3554 aggredere.
2583 3481 2677 3536 Vis
2703 3482 2899 3552 aliquid
2938 3482 3123 3552 loqui?
3152 3482 3256 3537 hoc
3298 3498 3589 3553 prmpone.
3618 3484 3675 3536 Et
3699 3483 3781 3535 ida

2230 3590 2328 3629 nos
2357 3588 2569 3644 quoque
2607 3573 2661 3628 in
2685 3573 2925 3642 epistolis
2950 3588 3144 3627 nomen
3175 3572 3403 3627 Domini
3450 3576 3779 3644 pauperrimis.

2231 3665 2330 3721 Ubi
2360 3665 2519 3719 fuerit
2539 3679 2731 3719 nomen
2757 3664 2988 3730 Domini,
3011 3664 3188 3718 omnia
3210 3676 3345 3718 sunt
3371 3666 3551 3720 fausta
3568 3676 3616 3720 et
3634 3667 3763 3719 (dici:

2231 3758 2361 3813 Nam
2403 3760 2447 3812 si
2472 3756 2762 3812 Consulum
2789 3758 3005 3810 nomina
3032 3756 3277 3811 efficiunt
3308 3768 3372 3811 ut
3408 3759 3630 3812 {innatae
3651 3772 3697 3812 et
3718 3773 3783 3807 n-

2234 3852 2354 3907 lida:
2376 3851 2484 3906 sint
2504 3850 2735 3916 tabellae,
2759 3850 2927 3905 multo
2950 3850 3118 3919 magis
3132 3864 3338 3904 nomen
3362 3850 3594 3906 Chrisu.
3613 3852 3782 3904 Aether

2234 3943 2384 4009 dicit,
2406 3942 2712 3997 Secundum
2746 3941 2914 4002 Deum
2936 3942 3113 3995 omnia
3135 3951 3192 3995 et
3214 3940 3417 4007 dicite,
3450 3952 3510 3997 et
3534 3945 3693 4013 agite:
3718 3957 3781 3992 ne

2236 4032 2331 4088 lite
2360 4033 2578 4103 angelos
2608 4032 2970 4087 introducere.
3002 4030 3295 4087 Comedis?
3328 4034 3453 4088 Deo
3474 4050 3576 4103 age
3607 4044 3781 4103 gntus.

2238 4133 2294 4179 et
2322 4122 2502 4178 itidem
2530 4132 2715 4193 postea
2743 4122 2794 4178 id
2822 4122 3076 4177 facturus.
3112 4123 3331 4177 Dormis
3352 4124 3381 4176 ἲ
3412 4140 3517 4193 age
3548 4128 3729 4194 gratias.
3748 4138 3783 4174 e

2239 4216 2422 4271 itidem
2453 4224 2635 4285 postea
2676 4215 2817 4271 idem
2864 4214 3121 4270 facturus.
3166 4214 3339 4269 Vadis
3386 4219 3462 4271 ad
3506 4217 3695 4271 fonnn.’
3727 4215 3783 4267 Ls

2240 4309 2401 4373 idem,
2435 4308 2563 4363 nihil
2590 4308 2942 4371 mundanum,
2975 4307 3106 4362 nihil
3134 4308 3281 4377 quod
3302 4309 3377 4363 ad
3407 4311 3575 4365 vitam
3600 4324 3781 4379 praea-

2241 4411 2347 4455 tem
2372 4400 2651 4470 pertineat.
2678 4398 2785 4454 Fac
2804 4400 2981 4455 omnia
3005 4400 3056 4455 in
3080 4399 3301 4454 nomine
3324 4400 3570 4465 Domini,
3590 4410 3637 4454 et
3653 4414 3779 4452 arma

2243 4492 2338 4547 tibi
2367 4501 2513 4547 recte
2552 4491 2861 4547 succedent.
2893 4491 3228 4561 Ubicumque
3269 4494 3519 4561 positum
3560 4492 3693 4546 fuerit
3717 4490 3775 4542 Iv.-

2243 4600 2456 4648 nomen,
2489 4582 2664 4637 omnia
2694 4592 2819 4637 sunt
2845 4583 3014 4637 fausta
3035 4592 3090 4637 et
3116 4582 3312 4637 felicia.
3347 4583 3413 4637 Si
3445 4584 3692 4637 dmmoues
3714 4597 3783 4633 es-

2246 4674 2412 4742 pellit,
2445 4674 2489 4726 si
2520 4673 2738 4728 morbos
2770 4674 3063 4743 propulsat,
3096 4674 3263 4728 multo
3292 4676 3477 4744 magis
3505 4676 3639 4728 rebus
3659 4672 3785 4725 ισςτι

2245 4765 2578 4818 facilitatem.
2606 4763 2743 4831 Quid
2767 4773 2880 4830 est,
2925 4764 3122 4818 Facere
3161 4765 3212 4817 in
3247 4766 3425 4821 verbo
3455 4776 3543 4821 aut
3562 4768 3602 4816 in
3620 4764 3786 4829 opere?

2247 4854 2343 4909 Vel
2369 4867 2676 4919 exeuntem,
2708 4857 2791 4910 vel
2817 4855 3028 4925 quidvis
3058 4854 3370 4911 facientem.
3408 4857 3544 4910 Audi
3566 4856 3787 4925 ςωωωο

2247 4944 2515 4998 Abraham
2560 4944 2815 4999 famulum
2844 4960 2998 4999 suum
3042 4946 3093 4999 in
3135 4934 3356 5001 nomine
3395 4948 3493 5001 Dei
3521 4947 3679 5000 misit:
3706 4944 3787 4995 1h-

2248 5041 2335 5093 vid
2371 5039 2423 5093 in
2454 5040 2670 5094 nomine
2711 5040 2804 5094 Dei
2834 5040 3046 5095 Goliath
3075 5041 3370 5095 interemit.
3406 5040 3705 5097 Admirabile
3726 5046 3789 5087 est

2250 5146 2449 5186 nomen
2486 5132 2605 5200 ejus
2629 5142 2683 5186 et
2710 5147 2980 5201 magnum.
3010 5132 3078 5186 Et
3109 5148 3298 5187 rursus
3336 5131 3514 5189 Iacob
3539 5131 3660 5185 ﬁlios
3692 5142 3787 5180 sus

2251 5222 2491 5285 mittens,
2520 5221 2649 5275 dicit
2672 5238 2687 5273 :
2722 5221 2860 5275 Deus
2880 5233 3048 5275 autem
3077 5239 3215 5275 meus
3240 5223 3325 5274 det
3353 5225 3499 5276 vobis
3524 5223 3790 5291 στα-’ἑπα-

2251 5331 2362 5368 ram
2391 5316 2592 5369 homine
2617 5315 2774 5384 (Gen.
2802 5318 2893 5371 45.
2922 5318 3032 5385 il).
3064 5316 3195 5370 Nam
3225 5319 3316 5386 qui
3345 5318 3454 5372 hoc
3480 5317 3633 5379 facit,
3661 5317 3791 5370 Dan

2253 5408 2415 5462 habet
2440 5408 2762 5477 adjutorem,
2794 5411 2911 5465 sine
2941 5426 3048 5478 quo
3070 5410 3204 5464 nihil
3232 5426 3399 5464 ausus
3425 5422 3507 5466 est
3530 5413 3707 5465 facere.
3725 5408 3797 5461 [to

2254 5508 2378 5567 pote
2416 5514 2543 5569 ergo
2584 5501 2910 5566 honoratus,
2950 5516 3072 5555 cum
3117 5501 3215 5555 luit
3253 5503 3562 5565 invocatus,
3600 5502 3795 5555 vicisses

2256 5591 2540 5646 honorabit
2567 5591 2733 5646 rebus
2757 5591 2989 5649 aﬂ‘erens
3018 5592 3351 5649 facilitatem.
3386 5596 3576 5651 lnvoca
3604 5595 3799 5651 Filiam.

2254 5685 2577 5754 gratiasage
2608 5685 2773 5742 Patri.
2800 5685 2931 5740 Nam
2954 5687 3079 5741 dum
3108 5687 3386 5743 invocatur
3407 5689 3589 5754 Filius,
3623 5690 3783 5741 invoca

2256 5789 2341 5834 tur
2367 5790 2422 5834 et
2458 5780 2649 5845 Pater;
2679 5789 2734 5835 et
2754 5781 2885 5835 dum
2907 5781 2956 5836 ei
2983 5792 3213 5851 aguntur
3236 5784 3443 5851 gratiae,
3471 5784 3598 5837 Filio
3622 5797 3781 5851 φερε

2252 5873 2436 5942 gratiae
2463 5883 2713 5942 aguntur.
2750 5874 2874 5929 Hmc
2902 5874 3175 5929 discamus
3205 5892 3311 5931 non
3341 5877 3502 5931 verbo
3533 5886 3699 5935 terius,
3731 5884 3803 5925 se?

2260 5981 2352 6033 per
2381 5962 2516 6020 facta
2556 5962 2800 6030 implere.
2832 5965 2962 6022 lluic
2989 5967 3190 6023 nomini
3220 5968 3352 6023 nihil
3391 5978 3556 6041 potest
3582 5966 3793 6034 cq'tipa-
