3874 6528
121 524 222 580 363

973 517 1042 574 IN
1079 515 1301 575 EPIST.
1335 515 1427 572 AD
1462 514 1742 574 οοιοδε.
1782 515 1933 571 CAP.
1990 513 2078 569 lll'.
2121 509 2358 568 HOMIL.
2398 511 2490 569 IX.

3244 514 3355 571 366

114 637 324 702 Κύριον
369 627 628 700 δοξάζει)
648 644 664 660 ο
690 603 833 700 ⁸περὶ
878 626 974 683 τοῦ
998 630 1242 682 συνεῖναι
1283 627 1509 698 ἀγαθοῖς
1556 627 1672 701 (καὶ
1776 643 1894 696 γμα
1911 643 1926 658 ο
1951 623 2238 693 Ψαλμοῖς,
2271 623 2455 693 φησὶν,
2475 622 2703 694 ὕμνοις,
2721 623 2900 692 ᾠδαῖς
2931 629 3356 696 πνευματικαῖς

111 716 275 772 ταῦτα
335 713 591 785 εὑρήσεις
632 714 776 766 ἐκεῖ·
813 711 911 767 καὶ⁴
958 711 1096 766 ἄλλα
1148 712 1364 782 πολλά)·
1399 712 1529 782 περὶ
1579 709 1675 764 τοῦ
1774 709 1844 762 ἐν
1889 707 1960 776 τῇ
1989 707 2183 777 χάριτι
2217 707 2466 774 ᾄδοντες
2490 708 2562 761 ὲν
2587 708 2716 773 ταῖς
2760 708 3030 778 καρδίαις
3059 710 3227 780 ὑμῶν
3274 711 3356 778 τῷ

110 797 335 868 γαστρὸς
370 798 614 866 κρατεῖν,
637 794 886 867 περὶτοῦ
903 797 1093 866 χεῖρας
1121 796 1391 866 κατέχειν,
1422 794 1552 866 περὶ
1581 792 1677 846 τοῦ

114 883 187 952 μὴ
222 880 564 932 πλεονεκτεῖν
591 895 605 908 ⁸
628 879 709 932 ὅτι
736 878 889 932 οὐδὲν
912 879 983 932 τά
1011 880 1290 950 χρήματα,
1307 878 1428 932 οὐδὲ
1459 879 1492 948 ή
1526 875 1675 942 δόξα,

111 969 200 1020 καὶ
224 965 322 1016 ὅσα
353 961 600 1016 τοιαῦτα.
627 963 796 1017 Ὅταν
827 961 1038 1026 τούτοις
1067 966 1130 1016 ἐκ
1157 963 1344 1026 παιδὸς
1370 959 1564 1034 ἐνάξῃς
1583 961 1681 1014 αὐ-

1779 792 1921 856 Θεῷ.
1958 793 2030 844 Ἦ
2085 791 2244 844 τοῦτό
2290 807 2477 860 φησιν,
2532 791 2615 844 ὅτι
2655 791 2745 845 διὰ
2790 791 2950 864 χάριν
2992 795 3126 864 ἡμῖν
3179 793 3356 847 ταῦτα

1776 876 1988 930 ἔδωκεν
2005 874 2224 938 δ-Θεὸς,
2255 874 2288 945 ἢ
2318 876 2440 937 ταῖς
2491 875 2548 927 ἐν
2577 877 2642 945 τῇ
2672 875 2855 947 χάριτι
2881 875 3066 946 ᾠδαῖς,
3104 877 3137 948 ἢ
3170 877 3358 932 νουθε-

1777 958 1998 1020 τοῦντες
2025 959 2251 1022 ἑαυτοὺς
2273 957 2368 1010 καὶ
2393 957 2733 1021 διδάσκοντες
2763 959 2822 1010 ἐν
2854 960 3059 1030 χάριτι,
3099 961 3132 1031 ἢ
3170 961 3252 1015 ὅτι
3299 962 3360 1015 ἐν

111 1048 215 1112 τὸν,
253 1046 401 1101 κατὰ·
447 1045 644 1116 μικρὸν
687 1046 782 1099 καὶ
819 1045 912 1099 ἐπὶ
949 1045 1019 1099 τὰ
1055 1044 1361 1116 ὑψηλότερα
1412 1044 1581 1111 ἄξεις.
1617 1044 1679 1098 Οἱ
1778 1043 1961 1114 χάριτι
1982 1040 2127 1114 εῐχον
2149 1040 2322 1095 ταῦτα
2341 1041 2410 1093 τὰ
2427 1040 3166 1115 χαρίσματα,ῆέπεξήγησξς
3188 1045 3356 1099 ἐστιν.

106 1129 308 1199 ψαλμοὶ
352 1128 530 1182 πάντα
577 1127 813 1197 ἔχουσιν,
848 1130 897 1182 οἱ
931 1126 990 1181 δὲ
1033 1127 1192 1199 ὕμνοι
1220 1127 1383 1182 πάλιν
1403 1126 1554 1180 οὐδὲν
1585 1127 1681 1180 ἀν-

109 1212 381 1283 θρώπινον
395 1226 410 1241 ⁸
427 1211 554 1264 ὅταν
573 1212 632 1264 ἐν
651 1213 762 1274 τοῖς
783 1210 1015 1280 ψαλμοῖς
1035 1211 1202 1284 μάθῃ,
1222 1211 1342 1263 τότε
1363 1210 1456 1262 καὶ
1482 1207 1682 1278 ’ὑμνους

105 1298 334 1360 εἴσεται,
362 1295 462 1350 ἅτε
487 1294 754 1366 θειότερον
786 1296 1039 1365 πρᾶγμα.
1063 1295 1129 1348 Δί
1150 1294 1258 1365 γὰρ
1287 1294 1398 1368 ἄγω
1425 1292 1682 1362 δυνάμεις

105 1378 386 1450 ὑμνοῦσιν,
418 1378 478 1431 οὐ
516 1377 838 1447 ψάλλουσινο
880 1379 962 1432 Οὐ
1013 1377 1126 1448 γὰρ
1157 1377 1368 1445 ὡραῖος
1398 1376 1587 1445 ὕμνος
1614 1375 1683 1428 ἐν

104 1462 375 1531 στόματι,
403 1461 587 1532 φησὶν,
617 1460 995 1529 ἀμαρτωλοῐν
1027 1462 1122 1514 καὶ
1155 1460 1338 1521 πάλιν.
1368 1461 1432 1512 Ol
1462 1459 1684 1528 ὀφθαλ-

100 1546 206 1613 μοί
234 1561 356 1613 μου
383 1544 482 1597 ἐπὶ
527 1546 670 1608 τοὺς
713 1543 970 1608 πιστοὺς
998 1542 1109 1612 τῆς
1146 1540 1281 1613 τῆς,
1316 1540 1422 1595 τοῦ
1453 1555 1683 1610 συγκα-

103 1627 328 1696 θὴσθαι
353 1626 574 1694 αὐτοὺς
594 1626 722 1696 μετ’
747 1625 917 1696 ἐμοῦ·
957 1627 1053 1679 καὶ
1083 1626 1265 1690 πάλιν,
1303 1627 1384 1679 οὐ
1435 1623 1686 1689 κατῴκει

99 1710 176 1762 ἐν
197 1709 369 1778 μέσῳ
397 1708 507 1777 τῆς
532 1709 724 1774 οἰκίας
750 1725 870 1777 μου
892 1709 1079 1762 ποιῶν
1105 1709 1526 1777 ὑπερηφανίαν
1551 1723 1564 1737 ·
1592 1706 1687 1760 καὶ⁹

100 1793 299 1856 πάλιν,
342 1793 746 1860 Πορευόμενος
785 1792 857 1845 ἐν
905 1790 1023 1856 ὀδῷ
1076 1791 1316 1861 ἀμώμῳ,
1363 1787 1542 1856 οὗτός
1584 1807 1689 1861 μοι

99 1877 488 1944 ἐλειτούργει.
512 1876 674 1928 Ὥστε
709 1875 783 1946 μὴ
812 1875 972 1946 μόνον
998 1875 1191 1942 φίλοις,
1226 1874 1362 1928 ἀλλά
1387 1873 1520 1944 μηδὲ
1543 1873 1688 1928 οἰκέ-

98 1974 237 2021 ταις
271 1956 626 2028 ἁναμιγνύναι
660 1959 884 2020 ἑαυτοὺς
927 1956 1310 2026 ἀσφαλίζεσθε.
1340 1957 1421 2010 Τὰ
1449 1957 1555 2027 γὰρ
1588 1973 1689 2026 μυ-

104 2044 204 2111 ρία
235 2042 382 2095 κακὰ
416 2044 528 2104 τοῖς
557 2040 883 2112 ἐλευθέροις,
913 2037 1042 2094 ὅταν
1082 2040 1305 2103 δούλους
1336 2040 1519 2103 αὐτοῖς
1565 2040 1686 2093 ἐπιο

102 2126 402 2194 στήσωμεν
416 2123 864 2195 διεφθαρμένους.
887 2123 946 2176 Εἰ
969 2123 1079 2194 γὰρ
1100 2123 1302 2193 πατρὸς
1327 2121 1692 2186 ἀπολαύοντες

103 2206 261 2278 [593]
314 2208 408 2260 καὶ
451 2207 830 2277 φιλοστοργίας
877 2207 973 2260 καὶ
1024 2206 1340 2276 φιλοσοφίας
1390 2205 1690 2275 τοσαύτης,

105 2291 266 2360 μόλις
294 2290 645 2355 διασώζονται
669 2305 683 2319 ⁶
712 2290 841 2344 ὅταν
861 2291 1057 2354 αὐτοὺς
1080 2289 1326 2362 ὲκδῶμεν
1347 2293 1425 2361 τῇ¹
1446 2290 1693 2360 ἀφειδείᾳ

100 2374 218 2428 τῶν
247 2373 494 2438 οἰκετῶν,
517 2374 659 2433 τίνες
680 2372 928 2439 ἐσονταις
956 2374 1228 2446 Καθάπερ
1262 2373 1476 2443 ἐχθροῖς
1509 2373 1693 2436 αὐτοῖς

101 2457 436 2528 κέχρηνται,
473 2454 781 2526 νομίζοντες
831 2458 1016 2518 αὐτοῖς
1059 2457 1158 2528 τὴν
1203 2456 1520 2508 δεσποτείαν
1552 2451 1693 2509 εἶναι

100 2540 494 2612 ήμερωτέραν,
521 2539 587 2592 ἂν
639 2538 854 2609 μωροὺς
899 2540 1096 2602 αὐτοὺς
1133 2540 1558 2609 ἀπεργάσωνται
1599 2539 1693 2590 καὶ

102 2623 354 2692 φαύλους
386 2624 482 2677 καὶ
528 2623 738 2688 οὐδενὸς
783 2622 943 2690 λόγου
985 2622 1188 2687 ἀξίους.
1222 2622 1336 2692 Πρὸ
1381 2621 1490 2675 τῶν
1521 2621 1695 2675 ἄλλων

100 2705 206 2761 οὖν
235 2707 494 2761 ἁπάντων
529 2706 700 2760 ταῦτα
729 2704 1139 2774 σπουδάζωμεν.
1174 2705 1506 2772 Ἠγάπησα,
1540 2705 1694 2776 φησὶ,

99 2792 258 2858 τοὺς
293 2791 651 2862 ἀγαπῶντας
691 2788 799 2844 τὸν
837 2791 1028 2858 νόμον
1072 2807 1210 2843 σου.
1245 2789 1446 2842 Τοῦτον
1487 2784 1580 2842 οὖν
1604 2789 1698 2842 καὶ

97 2878 278 2947 ἡμεῖς
322 2873 675 2946 ζηλώσωμεν,
727 2873 822 2926 καὶ¹
866 2871 1088 2935 τούτους
1135 2871 1462 2941 ἀγαπῶμεν.
1494 2872 1610 2924 Ἵνα
1641 2872 1699 2926 δὲ

99 2961 282 3012 πάλιν
312 2957 660 3028 σωφρονῶσιν
688 2957 740 3008 οἱ
785 2955 996 3020 παῖδες,
1040 2954 1392 3007 ἀκουέτωσαν
1433 2953 1528 3006 τοῦ
1556 2956 1698 3024 Προ-

101 3044 294 3113 φήτου
347 3042 594 3109 λέγοντος
615 3082 629 3106 ,
656 3041 732 3093 ὅτι
796 3043 867 3094 Al
910 3042 1067 3116 ,ψόαι
1123 3056 1241 3108 μου
1296 3037 1700 3106 ἐπλήσθησαν

97 3125 534 3195 ὲμπαιγμάτων
558 3140 572 3154 ⁸
616 3125 713 3179 καὶ
751 3124 934 3192 πάλιν,
992 3122 1476 3190 Ἐξολοθρεύσεις
1501 3122 1700 3176 πάντα

97 3211 230 3263 τὸν
279 3211 647 3278 πορνεύοντα
703 3207 825 3263 ἀπὸ
874 3207 1012 3262 σοῦ.
1056 3207 1164 3258 Καὶ
1204 3205 1285 3258 ὅτι
1325 3205 1407 3258 δεῖ
1450 3206 1700 3276 κατέχειν

97 3292 380 3361 γαστρὸς,
401 3293 747 3346 ἀκουέτωσαν
776 3290 939 3345 πάλιν
963 3307 976 3320 ·
1010 3288 1120 3342 Καὶ
1152 3286 1485 3352 ἀπέκτεινε,
1514 3288 1698 3358 φησιν,

94 3376 184 3429 ἐν
224 3374 354 3440 τοῖς
376 3375 657 3428 πλείοσιν
685 3374 907 3438 αὐτῶν,
942 3373 1029 3425 ἔτι
1056 3370 1168 3439 τῆς
1193 3370 1478 3439 βρώσεως
1507 3372 1701 3438 οὔσης

96 3458 182 3511 ἐν
217 3456 306 3523 τῷ
337 3459 588 3527 στόματι
621 3456 840 3510 αὐτῶν.
868 3457 977 3509 Καὶ
1008 3455 1090 3507 ὅτι
1123 3454 1204 3506 δεῖ
1238 3454 1426 3525 δώρων
1459 3456 1698 3525 κρατεῖν,

98 3539 370 3594 ἐντεῦθεν
417 3539 748 3611 μαθήσονται
776 3557 791 3570 ο
831 3537 1123 3604 Πλοῦτος,
1163 3538 1347 3607 φησὶν,
1407 3537 1516 3591 ἐὰν
1562 3537 1698 3605 ῥέῃ,

98 3627 520 3693 προστίθεσθε
563 3624 818 3693 καρδίαν
849 3640 864 3656 ·
905 3623 998 3676 καὶ
1036 3623 1117 3676 ὅτι
1149 3622 1306 3690 δόξης
1335 3624 1576 3692 κρατεῖν,
1609 3622 1702 3674 κα)⁵

96 3709 278 3763 τοῦ;ο
327 3709 687 3779 εὑρήσουσινο
745 3706 899 3760 Οὐδὲ
969 3703 1490 3774 συγκαταϐήσεται
1545 3704 1704 3768 αὐτῷ

98 3794 319 3846 ὀπίσω
363 3791 550 3846 αὐτοῦ
598 3792 638 3860 ἡ
690 3790 842 3855 δόξα
884 3787 1105 3843 αὑτοῦ·
1152 3789 1276 3850 τοὺς
1309 3788 1578 3857 πονηροὺς
1627 3787 1702 3856 μὴ

98 3876 358 3944 ζηλοῦνο
403 3875 501 3943 Μὴ
532 3873 874 3942 παραζηλου
910 3872 980 3925 ἐν
1009 3868 1513 3939 πονηρευομένοις
1554 3885 1567 3899 ·
1605 3871 1703 3932 τὰς

95 3959 441 4022 δυναστείας
467 3958 718 4028 ἡγεῖσθαι
744 3957 927 4010 οὐδέν’
954 3951 1136 4010 Εἶδον
1162 3955 1271 4008 τὸν
1313 3953 1501 4022 ἀσεϐῆ
1528 3956 1705 4020 ὑπερ-

97 4045 476 4114 υψούμενον
507 4044 606 4097 καὶ
635 4044 1030 4108 ἐπαιρόμενον
1060 4039 1140 4104 ὡς
1167 4038 1274 4104 τὰς
1317 4037 1566 4106 κέδρους
1600 4037 1705 4090 τοῦ

99 4127 408 4190 Λιϐάνου,
437 4129 538 4181 καὶ
572 4129 907 4194 παρῆλθον,
947 4123 1046 4176 καὶ
1077 4122 1206 4176 ίδοὺ
1248 4124 1359 4177 οὐκ
1382 4117 1461 4192 ἦν
1485 4137 1499 4151 ·
1538 4123 1704 4192 μηδὲν

98 4213 189 4265 τὰ
237 4213 488 4281 παρόντα
533 4210 788 4281 ἡγεῖσθαι
815 4223 831 4238 ο
867 4206 1274 4277 Ἐμακάρισαν
1317 4204 1427 4258 τὸν
1457 4204 1630 4268 λαὸν,
1657 4197 1705 4271 ᾧ

100 4296 320 4351 ταῦτά
350 4296 480 4350 ἐστι
506 4313 521 4328 ο
556 4293 846 4365 μακάριος
875 4295 907 4345 ό
934 4290 1106 4355 λαὸς,
1136 4285 1208 4344 οὗ
1246 4289 1457 4356 Κύριος
1489 4290 1520 4341 ό
1562 4287 1713 4353 Θεὸς

87 4381 357 4445 ¹βοηθὸς
405 4378 590 4432 αὐτοῦ
615 4395 628 4409 υ
656 4378 737 4432 ὅτι
784 4375 881 4444 οὐχ
914 4373 1102 4435 ἁπλῶς
1156 4371 1560 4443 ἁμαρτάνομεν,
1590 4370 1704 4423 ἀλλ’

104 4464 284 4518 εστιν
309 4461 773 4525 ἀνταπόδοσιςοὸτι
799 4458 880 4511 Σὺ
911 4455 1263 4519 ἀποδώσεις,
1279 4452 1708 4524 φησὶν,-ἐκάστφ

105 4543 294 4598 κατὰ
334 4548 407 4596 τὰ
456 4543 593 4613 ἔργα
642 4541 853 4596 αὑτοῦ.
893 4539 993 4592 Διά
1045 4539 1098 4590 τί
1145 4538 1203 4590 δέ
1251 4538 1310 4589 οὐ
1349 4537 1465 4589 καθ’
1495 4537 1706 4606 ἡμέραν

101 4626 488 4693 ἁποδίδωσιν;
542 4626 604 4678 '0
636 4625 781 4689 Θεὸς
834 4621 1062 4690 κριτὴς,
1110 4621 1296 4690 φησὶν,
1343 4620 1570 4685 δίκαιος
1607 4620 1706 4674 και

95 4710 391 4778 ἰσχυρὸς
426 4708 520 4763 καὶ
553 4709 970 4779 μακρόθυμοςο
1019 4707 1101 4758 ὃτι
1153 4707 1186 4775 ἠ
1235 4703 1704 4774 ταπεινοφροσύνη

1793 1124 1931 1177 Ἀπὸ
1952 1125 2052 1196 τῆς
2075 1125 2296 1196 χάριτος
2325 1123 2422 1178 τοῦ
2469 1123 2806 1193 Πνεύματος,
2842 1124 3026 1195 φησίν.
3075 1126 3361 1196 ’ᾼδοντες

1781 1208 1852 1263 ἐν
1877 1208 2008 1275 ταῖς
2041 1207 2313 1276 καρδίαις
2357 1205 2526 1276 ὑμῶν
2557 1205 2638 1271 τῷ
2672 1204 2812 1272 Θεῷ.
2849 1207 2940 1276 Μὴ
2973 1204 3177 1271 ἁπλῶς,
3205 1208 3360 1279 φησὶ,

1780 1291 1860 1362 τῷ
1889 1293 2137 1364 στόματι,
2165 1291 2302 1345 ἀλλά
2337 1291 2476 1361 μετά
2499 1291 2793 1362 προσοχῆς.
2813 1291 2988 1345 Τοῦτο
3005 1292 3113 1363 γάρ
3143 1293 3257 1344 ἐστι
3283 1290 3363 1362 τῷ

1783 1376 1901 1446 Θεῷ
1924 1376 2091 1448 ᾄδειν,
2113 1377 2288 1430 ἐκεῖνο
2313 1375 2371 1429 δὲ
2399 1374 2477 1445 τῷ
2527 1374 2651 1447 ἀέρι
2669 1391 2684 1406 ·
2714 1375 2979 1446 διαχεῖται
3015 1375 3126 1446 γὰρ
3175 1375 3364 1438 ἁπλῶς

1783 1461 1818 1530 ὴ
1853 1460 2026 1529 φωνή.
2062 1460 2154 1530 Μὴ
2185 1458 2322 1529 πρὸς
2373 1457 2652 1523 ἐπίδειξιν,
2695 1458 2882 1526 φησίν.
2919 1459 3038 1512 Κᾶν
3086 1459 3144 1510 ἐν
3190 1459 3366 1528 ἀγορᾷ

1782 1539 1867 1618 ᾖς,
1897 1544 2122 1598 δύνασαι
2157 1542 2453 1614 συστρέψαι
2496 1543 2714 1596 ’σαυτὸν
2774 1543 2869 1596 καὶ
2907 1543 3053 1615 ᾄδειν
3110 1543 3188 1613 τῷ
3224 1543 3364 1613 Θεῷ,

1789 1627 2016 1696 μηδενὸς
2039 1626 2349 1690 ἀκούοντος.
2387 1627 2540 1679 Ἐπεὶ
2574 1628 2667 1680 καὶ
2694 1627 2934 1697 Μωῦσῆς
2953 1626 3121 1690 οὕτως
3144 1626 3365 1696 ηὔχετο,

1787 1711 1882 1762 καὶ
1913 1710 2189 1780 ἧκούσθηο
2218 1711 2354 1781 φησὶ
2417 1711 2550 1781 γάρ.
2593 1713 2655 1766 Τί
2682 1710 2840 1779 ,βοᾷς
2871 1711 3020 1779 πρός
3044 1727 3154 1780 με;
3177 1711 3369 1765 Καίτοι

1787 1809 1850 1861 γε
1877 1793 2028 1846 οὐδὲν
2061 1789 2214 1846 εἶπεν
2241 1793 2355 1846 ἀλλ’
2385 1795 2515 1847 ἐϐόα
2545 1794 2685 1847 κατά
2711 1795 2948 1849 διάνοιαν
2981 1793 3118 1864 μετά
3143 1793 3371 1864 καρδίας

1795 1876 2303 1947 συντετριμμένης·
2366 1875 2448 1930 διὸ
2521 1877 2618 1940 κα),
2685 1879 2714 1930 6
2774 1875 2924 1948 [594]
2979 1877 3111 1940 Θεὸς
3168 1877 3370 1947 ἤκουσε

1794 1959 1974 2029 μόνος.
2001 1959 2074 2012 Οὐ
2103 1959 2410 2013 κεκώλυται
2433 1959 2542 2032 γὰρ
2563 1961 2657 2016 καὶ
2687 1960 3090 2032 περιπατοῦντα
3116 1958 3370 2030 εὔχεσθαι

1791 2041 1934 2096 κατά
1980 2043 2227 2113 καρδίαν,
2257 2043 2352 2096 καὶ
2394 2043 2507 2098 ἀνω
2560 2039 2722 2099 εἶναι.
2763 2043 2872 2098 Καὶ
2924 2043 3049 2099 πᾶν
3096 2043 3130 2098 ὅ
3179 2061 3236 2097 τι
3292 2042 3372 2096 ἂν

1791 2123 2023 2193 ποιῆτε,
2055 2126 2241 2197 φησὶν,
2275 2126 2347 2180 ἐν
2395 2127 2580 2196 λόγῳ,
2629 2127 2669 2195 ἢ
2722 2126 2795 2180 ἐν
2835 2126 3006 2197 ἔργῳ,
3057 2126 3256 2180 πάντα
3300 2127 3374 2178 ἐν

1793 2208 2036 2276 ὀνόματι
2063 2207 2170 2262 τοῦ
2202 2209 2428 2277 Κυρίου
2473 2209 2642 2280 ἡμῶν
2675 2210 2878 2278 Ἰησοῦ
2940 2206 3222 2279 Χριστοῦ,
3271 2212 3372 2264 εὺ-

1793 2290 2224 2360 χαριστοῦντες
2263 2291 2344 2357 τῷ
2382 2291 2503 2356 Θεῷ
2523 2292 2622 2346 καὶ
2663 2292 2848 2360 Harp!
2879 2291 2952 2346 δι’
2993 2293 3204 2347 αὐτοῦ.
3247 2290 3374 2344 Ἐὰν

1794 2375 1904 2444 γὰρ
1934 2372 2078 2426 οὕτω
2114 2373 2380 2445 ποιῶμεν,
2418 2375 2571 2429 οὐδὲν
2603 2375 2754 2429 ἔσται
2797 2375 3016 2448 μιαρὸν,
3052 2376 3204 2430 οὐδὲν
3243 2375 3374 2428 ἀκά-

1796 2458 2012 2529 θαρτον,
2033 2456 2164 2512 ἔνθα
2192 2458 2258 2511 ἂν
2286 2459 2315 2510 6
2346 2459 2581 2530 Χριστὸς
2609 2460 2864 2532 καλῆται.
2897 2459 3024 2515 Ἐἀν
3053 2460 3260 2534 ἐσθίῃς,
3279 2459 3376 2512 ἐὰν

1797 2539 1978 2607 πίνης,
2011 2540 2106 2594 ἐὰν
2142 2543 2348 2613 γαμῇς,
2380 2541 2477 2595 ἐὰν
2506 2542 2819 2614 ἀποδημῇς,
2849 2544 3027 2598 πάντα
3063 2545 3121 2596 ἐν
3149 2543 3375 2612 ὀνόματι

1795 2621 1890 2675 τοῦ
1928 2622 2063 2676 Θεοῦ
2107 2625 2313 2694 πρᾶττε
2340 2639 2354 2653 ⁸
2387 2625 2689 2689 τουτέστιν,
2721 2625 2884 2680 αὑτὸν
2915 2626 3095 2680 καλῶν
3130 2625 3329 2696 βοηθόν
3356 2641 3370 2654 ⁸

1798 2708 1890 2760 ἐπὶ
1931 2710 2148 2760 πάντων
2190 2708 2458 2780 πρότερον
2505 2709 2655 2780 αὐτῷ
2685 2710 2999 2781 εὐχόμενος,
3044 2711 3220 2766 ἅπτου
3265 2710 3376 2763 τῶν

1800 2791 2162 2860 πραγμάτων.
2188 2790 2376 2843 Βούλει
2409 2809 2461 2844 τι
2492 2791 2860 2861 φθέγξασθαι;
2890 2793 3047 2846 τοῦτο
3077 2793 3374 2863 πρότασσε.

1800 2873 1899 2925 Διά
1942 2873 2101 2926 τοῦτο
2148 2874 2243 2927 καὶ
2295 2876 2458 2947 ἡμεῖς
2499 2874 2610 2927 τῶν
2648 2875 2948 2930 ἐπιστολῶν
2997 2876 3379 2950 προτάσσομεν

1798 2956 1858 3009 τὸ
1885 2955 2056 3028 ὄνομα
2102 2957 2331 3028 Κυρίου.
2368 2957 2536 3013 Ἔνθα
2567 2957 2633 3012 ἂν
2753 2969 2780 2999 α
2817 2959 2881 3013 τὸ
2932 2958 3105 3030 ὄνομα
3148 2957 3376 3028 Κυρίου,

1801 3041 1978 3094 πάντα
2020 3040 2192 3094 αἴσια.
2242 3041 2305 3093 El
2352 3040 2461 3110 γὰρ
2509 3040 2733 3096 ὑπάτων
2778 3040 3018 3112 ὀνόματα
3045 3042 3264 3112 ἀσφαλῆ
3310 3043 3406 3095 τὰ⁴

1801 3126 2157 3194 γραμματεῖα
2204 3125 2370 3186 ποιεῖ,
2417 3122 2598 3193 πολλῷ
2652 3123 2853 3193 μᾶλλον
2897 3125 2990 3178 τοῦ
3041 3125 3278 3198 Χριστοῦ
3319 3131 3380 3178 τὸ

1801 3206 1990 3278 ὄνομα.
2027 3207 2099 3258 Ἦ
2126 3204 2286 3259 τοῦτό
2314 3222 2467 3276 φησι⁶
2489 3206 2646 3259 Κατὰ
2676 3206 2809 3261 Θεὸν
2837 3208 3016 3262 πάντα
3044 3209 3140 3262 καὶ
3167 3209 3378 3276 λέγετε,

1801 3293 1896 3342 καὶ
1965 3289 2239 3360 πράττετε
2285 3306 2300 3320 ο
2347 3290 2422 3360 μὴ
2499 3289 2626 3353 τοὺς
2696 3290 2963 3358 ἀγγέλους
3030 3292 3376 3361 ὲπεισάγετε.

1813 3370 2076 3436 Ἐσθίεις;
2116 3371 2512 3442 εὐχαρίστησον
2555 3372 2634 3442 τῷ
2676 3372 2816 3444 Θεῷ,
2863 3373 2958 3427 καὶ
3004 3374 3236 3445 μέλλων,
3287 3376 3382 3428 καὶ

1805 3454 1946 3526 μετά
1985 3454 2184 3509 ταῦτα.
2215 3455 2546 3524 Καθεύδεις;
2587 3457 2980 3528 εὐχαρίστησον
3007 3458 3085 3528 τῷ
3113 3458 3382 3530 Θεῷ,νκαὶ

1805 3540 2058 3609 μέλλων,
2085 3539 2180 3592 καὶ
2224 3541 2362 3610 μετὰ
2412 3540 2606 3595 ταῦτα.
2656 3540 2759 3604 Είς,
2798 3542 3008 3614 ἀγορὰν
3049 3543 3382 3614 ἐμϐάλλεις

1800 3623 1995 3676 ταυτὸν
2050 3623 2193 3676 ποίει
2227 3640 2242 3656 ο
2277 3625 2442 3695 μηδὲν
2519 3624 2816 3695 κοσμικὸν,
2879 3625 3046 3696 μηδὲν
3101 3614 3379 3697 βιωτικόν.

1802 3707 1988 3759 Πάντα
2046 3707 2384 3778 ἐνίόνόματι
2434 3707 2637 3779 Κυρίου
2700 3709 3001 3774 ποίει,κκαὶ
3057 3710 3250 3764 πάντα
3299 3727 3400 3762 σοι.

1803 3789 2219 3859 εὐοδωθήσεται.
2250 3791 2421 3844 ’Ὀπου
2451 3790 2532 3844 ἀν’
2555 3791 2778 3862 ἐπιτεθῇ
2805 3792 2870 3862 ,τὸ
2895 3791 3190 3862 ὄνομα-,τοῦ
3218 3792 3377 3856 Θεοῦ,

1804 3872 1982 3926 πάντα
2019 3874 2190 3926 αῐσια.
2237 3874 2318 3926 Εί’
2345 3873 2611 3944 δαίμονας
2648 3873 2919 3938 ἐκϐάλλει,
2949 3877 2998 3927 εἰ
3042 3877 3230 3938 νόσους
3273 3877 3384 3928 ἀπ-

1804 3957 2037 4021 ελαύνει,
2063 3957 2240 4029 πολλῷ
2261 3957 2460 4028 μᾶλλον
2490 3958 2738 4012 εὐκολίαν
2767 3960 3112 4030 πραγμάτων
3142 3961 3379 4030 ποιήσει.

1803 4044 1912 4096 Καὶ
1937 4044 1991 4097 τί
2019 4045 2136 4096 ἐστι
2167 4043 2388 4114 ποιῆσαι
2415 4044 2474 4096 ἐν
2503 4043 2664 4114 λόγῳ,
2689 4045 2722 4115 ἢ
2744 4045 2800 4096 ἐν
2831 4043 3086 4116 ἔργῳ;’Ὴ
3107 4043 3379 4109 ἀξιοῦντα,

1803 4126 1860 4197 ἢν
1895 4124 2073 4180 ὁτιοῦν
2127 4126 2403 4182 ποιοῦντα.
2439 4127 2706 4181 Ἀκουσον
2760 4128 2878 4190 πῶς
2933 4130 2962 4181 ὁ
3020 4127 3270 4199 Ἀϐραὰμ
3323 4129 3383 4180 ἐν

1803 4210 2026 4280 ὀνόματι
2066 4211 2201 4263 Θεοῦ
2245 4211 2348 4264 τὸν·
2392 4211 2608 4281 οἰκέτην
2661 4210 3016 4277 ἀπέστειλεν,
3047 4212 3076 4264 6
3121 4211 3382 4264 Δαυῖδ-ἐν

1803 4295 2026 4364 ὀνόματι
2071 4293 2207 4346 Θεοῦ
2266 4295 2357 4348 τὸν
2409 4295 2601 4347 Γολιάθ
2665 4295 2904 4349 καθεῖλε.
2943 4295 3266 4364 Θαυμαστὸν
3320 4297 3400 4349 τὸ.

1804 4377 1975 4446 ὄνομα
2010 4375 2174 4428 αὑτοῦ
2233 4377 2328 4429 καὶ
2370 4377 2530 4446 μέγα.
2571 4377 2740 4430 Πάλιν
2778 4379 2810 4428 6
2847 4377 3041 4430 Ἰακὼϐ
3079 4379 3204 4441 τοὺς
3232 4379 3384 4442 υἱοὺς

1806 4461 2059 4530 πέμπων,
2091 4461 2256 4530 φησίν
2276 4478 2290 4491 ο
2351 4461 2412 4514 '0
2447 4460 2694 4527 δὲιΘεός
2713 4479 2831 4530 μου
2874 4460 2993 4526 δῴη
3024 4461 3165 4530 ὑμῖν
3208 4461 3384 4530 χάριν

1805 4541 2062 4596 ἐνώπιον
2107 4543 2216 4596 τοῦ
2248 4544 2586 4610 ἀνθρώπου.
2609 4545 2689 4598 .Ὁ
2727 4545 2834 4618 γὰρ
2861 4542 3018 4598 τοῦτο
3047 4544 3237 4610 ποιῶν,
3269 4545 3384 4615 ἔχει

1808 4626 2097 4697 σύμμαχον
2162 4625 2255 4679 τὸν
2322 4626 2492 4688 Θεὸν,
2561 4619 2622 4680 οὗ
2676 4627 3054 4698 χωρὶςοὺδέν
3109 4626 3382 4697 ἐτόλμησε

1808 4709 2052 4779 ποιῆσαι.
2098 4709 2230 4762 "Ars
2291 4706 2384 4763 οὖν
2448 4709 2702 4781 τιμηθεὶς
2756 4710 2834 4781 τῷ
2889 4709 3176 4781 κληθῆναι,
3230 4711 3384 4764 ἀντι-

82 4794 297 4848 καλόν
331 4809 345 4823 ·
379 4793 578 4860 Κύριε,
619 4791 805 4861 φησὶν,
840 4791 953 4858 οὐχ
984 4787 1192 4856 ὑψώθη
1242 4787 1277 4854 ἡ
1310 4787 1522 4854 καρδία
1543 4805 1662 4856 μου
1689 4804 1704 4817 ·

76 4881 208 4934 ὅτι
239 4876 592 4946 ὑπερηφανία
617 4875 813 4948 κακόν⁸
831 4875 932 4927 Διά
952 4872 1148 4935 τοῦτο,
1171 4873 1356 4942 φησὶν,
1375 4871 1708 4940 ἐκράτησεν

71 4958 352 5019 αὐτοὺς
375 4959 414 5027 ἡ
441 4959 823 5027 ὑπερηφανία
843 4959 930 5022 εὶς
951 4955 1124 5021 τέλος
1142 4973 1156 4986 ο
1182 4956 1274 5008 καὶ
1303 4955 1483 5019 πάλιν,
1498 4957 1709 5024 Κύριος

69 5039 546 5110 ὑπερηφάνοις
612 5039 1034 5096 ἀντιτάσσεται
1066 5055 1080 5069 ·
1137 5039 1230 5090 καὶ
1307 5039 1522 5107 πάλιν,
1579 5041 1710 5104 Ἐξ-

67 5125 446 5180 ελεύσεται
472 5125 554 5190 ὠς
593 5123 662 5178 ἐκ
695 5123 946 5188 στέατος
974 5123 1013 5189 ἠ
1043 5121 1240 5175 ἀδικία
1266 5121 1480 5176 αὐτῶν.
1520 5123 1639 5174 Ὅτι
1675 5123 1708 5194 ἡ

62 5209 477 5277 ἐλεημοσύνη
522 5208 684 5262 καλόν
721 5223 735 5235 ⁸
788 5206 1206 5272 Ἐσκόρπισεν,
1235 5202 1418 5256 ἔδωκε
1446 5203 1577 5269 τοῖς
1608 5205 1710 5258 πέ-

55 5305 322 5358 νησιν
343 5306 356 5320 ο
375 5291 415 5358 η
450 5290 806 5356 δικαιοσύνη
835 5287 1020 5340 αὑτοῦ
1045 5286 1211 5356 μένει
1239 5287 1326 5350 εἰς
1354 5287 1462 5339 τὸν
1486 5286 1671 5341 αἰῶνα
1692 5304 1707 5320 ο

47 5379 210 5431 ὅτι
248 5371 309 5426 τὸ
334 5375 504 5426 ἐλεεῖν
524 5371 800 5425 ἐπαινετόν
821 5387 834 5400 ·
853 5370 1123 5438 Χρηστὸς
1143 5368 1298 5436 ἀνὴρ
1328 5369 1359 5420 ό
1383 5371 1707 5436 οἰκτείρων,

49 5455 232 5516 καὶ
280 5455 525 5525 κιχρῶν.
565 5457 673 5510 Καὶ
717 5453 897 5507 ’πολλὰ
935 5453 1138 5506 τούτων
1189 5452 1407 5504 πλείονα
1459 5454 1712 5522 εὑρήσεις

37 5542 250 5598 ἐκεῖ
281 5539 621 5609 ἐμφιλόσοφα
661 5539 903 5608 δόγματα
927 5553 941 5566 ·
986 5533 1096 5590 οἷον
1123 5536 1204 5589 ὅτι
1232 5535 1420 5598 κακῶς
1447 5536 1625 5604 λέγειν
1649 5537 1710 5590 οὐ

35 5627 205 5684 δεῖ
228 5637 244 5652 ⁸
268 5625 385 5677 Τὸν
407 5623 883 5684 καταλαλοῦντα,
919 5621 1072 5690 φησι,
1095 5620 1286 5689 λάθρα
1306 5619 1412 5673 τὸν
1444 5619 1728 5688 πλησίον·

31 5703 346 5773 αὑτοῦ,
376 5709 593 5762 τοῦτον
616 5707 955 5772 ἐξεδίωκον.
984 5704 1078 5767 Τίς
1103 5706 1131 5758 ὁ
1152 5703 1321 5774 ὐμνος
1351 5704 1459 5758 τῶν
1494 5705 1604 5759 ἄνω
1621 5744 1636 5767 ,
1656 5703 1710 5757 τί

27 5795 282 5859 λέγει
308 5789 383 5844 τὰ
410 5791 708 5862 Χερουϐὶμ,
751 5791 927 5843 ἴσασιν
970 5790 1035 5840 οἱ
1077 5789 1277 5841 πιστοί.
1320 5788 1400 5841 Τί.
1439 5788 1624 5856 ἔλεγον
1659 5788 1710 5840 οἱ

19 5877 360 5947 ἄγγελοι
406 5875 592 5941 κάτως
622 5875 776 5939 Δόξα
805 5874 876 5928 ἐν
899 5872 1182 5941 ὑψίστοις
1217 5870 1357 5936 Θεῷ.
1397 5872 1494 5926 Διά
1553 5872 1709 5926 τοῦτο

23 5959 277 6040 μετά
297 5957 402 6023 τὰς
428 5956 960 6030 ψαλμῳδίαςμῦμνοι,
995 5955 1090 6011 ire
1121 5955 1448 6028 τελειότερόν
1484 5973 1536 6010 τι
1566 5957 1708 6027 πρῶ

1805 4794 2028 4865 τιμήσει
2071 4793 2151 4864 τῷ
2196 4795 2554 4866 ἐξευμαρίσαι
2595 4797 2665 4849 τὰ
2704 4795 3028 4865 πράγματα.
3073 4793 3242 4847 Κάλει
3290 4795 3383 4846 τὸν

1807 4878 1955 4937 Υίδν,
1987 4877 2298 4950 εὐχαρίστει
2339 4878 2418 4948 τῷ
2471 4877 2666 4949 Πατρί.
2699 4879 2809 4930 Καὶ
2852 4879 2960 4947 γὰρ
2989 4876 3081 4932 τοῦ
3113 4877 3244 4930 Υίοῦ
3286 4895 3384 4930 κα-

1807 4961 2066 5032 λουμένου
2096 4963 2124 5013 ὁ
2163 4961 2349 5032 Πατὴρ
2379 4961 2642 5026 καλεῖται,
2674 4962 2769 5015 καὶ
2812 4959 2978 5015 αὑτοῦ
3025 4959 3382 5030 εὐχάριστον-

1812 5047 1973 5116 μένου
2003 5046 2030 5098 6
2059 5046 2190 5109 Υἱὸς
2218 5046 2636 5116 εὐχαριστεῖται.
2671 5043 2854 5098 Ταῦτα
2897 5043 3258 5114 μανθάνωμεν
3306 5045 3381 5113 μὴ

1812 5129 1973 5201 μέχρι
2005 5130 2284 5201 ῥημάτων,
2309 5129 2447 5184 ἀλλά
2499 5131 2594 5182 καὶ
2639 5129 2726 5183 διὰ
2754 5128 2861 5180 τῶν
2898 5127 3074 5198 ἔργων
3115 5125 3378 5198 πληροῦν.

1810 5215 1973 5267 Οὐδὲν
2013 5214 2107 5267 τοῦ
2161 5214 2423 5285 ὀνόματος
2474 5214 2663 5267 τούτου
2721 5213 2833 5267 ἴσον
2859 5228 2873 5242 ο
2904 5209 3060 5264 τοῦτο
3106 5209 3382 5278 πανταχοῦ

1811 5298 2109 5366 θαυμάσιον
2145 5314 2159 5326 ·
2188 5299 2412 5364 Μύρον,
2452 5299 2638 5368 φησιν,
2669 5293 2996 5349 ἐκκενωθὲν
3028 5291 3214 5362 ὄνομά
3243 5308 3380 5346 σου.

1822 5380 1878 5432 '0
1906 5380 2062 5433 τοῦτο
2109 5379 2276 5434 εἰπὼν
2307 5381 2509 5442 εὐθέως
2550 5379 2779 5441 εὐωδίας
2824 5377 3147 5448 ἐνεπλήσθη.
3177 5376 3386 5440 Οὐδεὶς

1810 5460 2056 5516 δύναται
2087 5462 2278 5515 εἰπεῖν
2314 5463 2535 5529 Κύριον
2575 5462 2836 5529 Ἰησοῦν,
2881 5461 3066 5530 φησιν,
3097 5461 3147 5512 εί
3179 5458 3266 5527 μὴ
3318 5460 3388 5511 ἐν

1811 5545 2106 5614 Πνεύματι
2136 5545 2297 5615 ἁγίῳ.
2325 5546 2493 5599 Τοῦτο
2521 5545 2582 5598 τὸ
2611 5545 2781 5615 δνομα
2806 5544 3043 5597 τοσαῦτα
3073 5540 3383 5613 ἐργάζεται.

1823 5627 1948 5681 Ἐἀν
1993 5628 2174 5700 εἴπῃς·
2233 5628 2328 5680 Ἐν
2371 5629 2614 5697 ὀνόματι
2668 5626 2898 5695 Πατρός
2949 5627 3049 5680 καὶ
3109 5623 3248 5678 Υίοῦ
3289 5625 3388 5677 καὶ

1875 5837 1898 5864 ⁸
1929 5835 2065 5884 Unus
2093 5837 2201 5898 cod.
2229 5849 2341 5883 cum
2390 5849 2540 5898 marg.
2571 5833 2744 5894 Savil.,
2777 5834 2868 5898 ⁸διιΞι
2909 5833 3048 5883 τοῦτο
3092 5838 3171 5883 καὶ
3199 5836 3387 5891 Παῦλος

1809 5902 1907 6010 τιῖἒν
1934 5897 2104 5945 ἑαυτοῦ
2129 5898 2396 5947 ἐπιστολῶν
2437 5895 2698 5960 προτάσσει
2720 5895 2863 5945 τοῦτο
2883 5897 2939 5944 τὸ
2961 5898 3128 5960 ὄνομα,
3156 5900 3292 5955 εἰδὼς
3314 5904 3386 5949 ιτ.
3411 5944 3415 5947 _

1817 5965 1864 6010 ἓν
1892 5977 1923 6008 α
1954 5961 2009 6006 ἂν
2027 5958 2077 6010 ᾖ.

1817 5975 1923 6012 ενυα
1954 5975 2009 6006 αν
2027 5975 2077 6020 η.
