3874 6526
158 455 261 510 365

159 578 258 634 rari
287 595 301 629 :
327 575 428 631 hoc
455 574 650 645 ubique
672 571 1086 629 est'admirabile
1110 590 1125 627 :
1156 569 1500 642 Unguentum,
1519 573 1723 643 inquit,

157 670 363 737 effusum
387 685 571 723 nomen
592 678 733 722 tuum
759 666 936 738 (Cant.
962 668 1016 721 1.
1043 667 1127 735 2).
1163 665 1263 734 Qui
1291 665 1394 722 hoc
1417 666 1583 734 dixit,
1616 676 1727 721 sta-

157 764 241 815 tim
272 761 410 815 bono
429 759 594 814 odore
618 759 716 814 fuit
736 758 995 826 repletus.
1027 756 1192 812 Nemo
1228 766 1385 828 potest
1413 758 1579 813 dicere
1614 757 1725 813 Do-

152 857 339 909 minum
366 852 544 908 .lesum
565 896 581 922 ,
622 855 721 907 nisi
746 855 799 907 in
841 854 1040 922 Spiritu
1064 863 1239 907 sancto
1278 854 1354 923 (l.
1384 853 1502 908 Cor.
1527 851 1615 907 12.
1642 850 1721 921 3).

152 940 259 1000 lloc
281 960 474 999 nomen
504 954 609 998 tam
633 944 797 998 multa
824 953 1098 1014 operatur.
1120 944 1177 999 Si
1197 944 1418 1007 dixeris,
1437 942 1505 997 In
1524 942 1727 997 nomine

154 1037 323 1093 Patris
352 1047 399 1090 et
429 1035 555 1089 Filii
576 1046 619 1089 et
650 1037 876 1106 Spiritus
919 1036 1099 1101 sancti,
1125 1051 1247 1089 cum
1274 1035 1398 1099 ﬁde,
1442 1034 1558 1090 hinc
1601 1050 1727 1105 per-

152 1128 340 1183 lecisti.
369 1126 499 1180 Vide
519 1142 677 1196 quam
703 1126 866 1180 multa
897 1126 1064 1181 iecisti
1092 1142 1105 1179 :
1131 1125 1325 1180 creasti
1348 1125 1641 1190 hominem,
1667 1133 1724 1179 et

144 1222 245 1275 alia
288 1219 469 1273 omnia
495 1231 747 1289 cperatus
791 1234 849 1274 es
896 1234 962 1273 ex
1007 1218 1347 1288 baptismate.
1389 1218 1477 1273 Sic
1521 1216 1722 1271 morbis

145 1312 416 1379 imperans
442 1326 635 1365 nomen
664 1309 724 1363 lit
761 1310 1017 1365 terribile.
1048 1310 1336 1379 Propterea
1362 1308 1607 1363 diabolus
1635 1309 1719 1362 in-

145 1402 381 1457 troduxit
404 1417 465 1457 ea
492 1417 613 1471 qua:
643 1411 766 1456 sunt
796 1402 1129 1472 angelorum,
1159 1401 1347 1456 honori
1372 1409 1557 1457 nostro
1581 1400 1720 1454 invi-

140 1494 297 1549 dens.
328 1494 640 1547 Dtemonum
664 1492 796 1547 tales
821 1502 946 1547 sunt
971 1493 1376 1548 incantationes.
1408 1491 1629 1546 Etiamsi
1650 1491 1722 1546 sit

137 1585 384 1654 angelus,
415 1584 621 1639 etiamsi
652 1584 1027 1654 archangelus,
1052 1584 1262 1640 etiamsi
1294 1584 1580 1641 Clierubim
1604 1626 1619 1648 ,
1652 1599 1721 1640 ne

136 1676 401 1743 patiaris:
433 1691 557 1731 nam
587 1692 657 1731 ne
694 1676 779 1730 hm
821 1676 1037 1743 quidem
1076 1678 1373 1734 Potestates
1410 1677 1716 1747 excipient,

132 1766 236 1821 sed
266 1767 537 1822 excutient
562 1782 682 1821 cum
712 1767 941 1823 viderint
970 1768 1253 1824 Dominum
1289 1770 1607 1825 contumelia
1634 1770 1716 1823 af-

1027 455 1093 511 iN
1128 455 1345 515 EPIST.
1387 457 1479 510 Λῐ)
1514 456 1791 516 COLOSS.
1831 459 1985 515 CAP.
2026 459 2110 515 Ill.
2154 460 2379 518 IIOMIL.
2424 461 2494 518 Χ.

1830 572 2050 630 fectum.
2082 574 2194 646 Ego
2215 585 2269 631 te
2289 576 2580 645 honorari,
2608 578 2807 650 inquit,
2837 588 2893 636 et
2925 580 3064 650 dixi,
3094 583 3173 641 Tu
3206 602 3293 643 me
3322 590 3409 644 in.

1826 680 1956 721 voca
1983 683 1999 725 :
2026 677 2081 723 et
2107 677 2162 722 tu
2186 684 2308 724 eum
2328 668 2592 725 dedecore
2612 670 2818 727 amcis?
2843 674 2900 727 Si
2925 674 3025 730 hoc
3045 692 3262 735 carmen
3282 697 3404 735 cum

1828 756 1932 812 ﬁde
1959 759 2278 823 cantaveris,
2307 767 2363 814 et
2394 760 2611 816 morbos
2636 770 2692 816 et
2710 763 2984 820 dtemones
3007 764 3215 837 fugabis
3244 787 3257 822 :
3290 779 3343 824 et
3362 770 3410 827 si

1827 849 2073 904 morbum
2101 866 2208 906 non
2240 852 2589 921 pr0pulsaris,
2622 869 2729 908 non
2756 855 2807 909 id
2838 858 2895 909 tit
2924 869 3145 929 propter
3170 861 3418 918 imbecil-

1826 941 2053 1009 litatem,
2082 944 2177 999 sed
2204 959 2270 1000 eo
2288 945 2430 1015 quod
2450 945 2722 1016 expediat.
2747 946 3051 1004 Secundum
3080 954 3403 1023 magnitudi-

1827 1046 1951 1088 nem
1980 1042 2124 1088 tuam
2144 1075 2160 1099 ,
2192 1034 2398 1106 inquit,
2441 1037 2519 1091 sic
2555 1046 2611 1091 et
2646 1038 2762 1092 laus
2806 1048 2916 1093 tua.
2946 1041 3046 1095 Per
3073 1042 3173 1098 hoc
3212 1061 3406 1102 nomen

1826 1125 1973 1180 orbis
2013 1136 2169 1180 terra:
2196 1126 2292 1181 fuit
2319 1142 2640 1194 conversus,
2674 1130 2837 1185 fracta
2864 1140 2947 1186 est
2977 1136 3249 1203 tyrannis,
3277 1154 3409 1192 con-

1824 1217 2067 1274 culcatus
2092 1220 2190 1273 fuit
2213 1220 2477 1285 diabolus,
2510 1222 2679 1291 aperti
2710 1233 2834 1277 sunt
2855 1224 2994 1279 czeli.
3025 1224 3091 1279 Et
3111 1228 3234 1296 quid
3260 1230 3401 1296 dico,

1824 1310 1980 1365 caeli?
2009 1325 2110 1367 nos
2137 1326 2232 1381 per
2260 1312 2362 1367 hoc
2389 1327 2584 1368 nomen
2627 1327 2812 1368 sumus
2844 1318 3167 1385 regenerati.
3215 1319 3270 1374 Si
3304 1320 3404 1375 hoc

1826 1400 2148 1470 habeamus,
2189 1404 2615 1473 resplendemus.
2662 1405 2774 1460 lloc
2801 1416 2857 1461 et
2902 1416 3163 1477 martyres
3202 1409 3324 1464 facit
3351 1420 3406 1465 et

1824 1495 2159 1549 confessores
2185 1512 2199 1547 :
2233 1496 2336 1548 hoc
2372 1510 2471 1565 pro
2500 1511 2691 1566 magno
2719 1497 2862 1552 dono
2902 1508 3179 1553 teneamus
3202 1540 3217 1565 ,
3264 1510 3321 1554 ut
3350 1502 3403 1556 in

1824 1584 1993 1654 gloria
2016 1585 2276 1651 vivamus,
2299 1594 2354 1639 et
2383 1585 2491 1641 Deo
2517 1587 2841 1655 placeamus,
2872 1599 2925 1643 et
2946 1589 3088 1659 digni
3114 1589 3406 1645 habeamur

1824 1675 1980 1731 bonis
2010 1678 2286 1745 promissis
2316 1679 2379 1732 iis
2408 1680 2499 1750 qui
2540 1679 2714 1750 ipsum
2741 1682 3001 1754 diligunt,
3029 1684 3197 1755 gratia
3228 1695 3282 1740 et
3310 1685 3409 1742 be-

1824 1767 2104 1837 nignitate,
2133 1776 2237 1822 etc.

167 1896 3347 1924 Wm—

1539 1980 1884 2045 HOMILIA
1940 1978 2024 2039 Χ.

126 2116 264 2174 (Ἀρ.
308 2122 360 2174 5.
399 2138 453 2176 v.
500 2123 584 2178 18.
620 2122 893 2187 Mulieres,
938 2124 1152 2180 subdita
1191 2134 1343 2179 estote
1383 2125 1537 2190 viris,
1578 2124 1711 2178 sicut

197 2223 403 2281 oportet
428 2215 480 2268 in
506 2214 745 2270 Domino.
773 2216 863 2272 19.
906 2216 1029 2283 l'iri,
1064 2216 1259 2288 diligite
1295 2234 1477 2271 uxores
1504 2226 1713 2281 vestras,

194 2314 250 2357 et
298 2307 451 2361 nolite
494 2310 654 2361 amari
693 2325 800 2363 esse
838 2326 959 2380 erga
995 2310 1135 2364 illas.
1176 2309 1269 2366 20.
1313 2308 1471 2375 Filii,
1522 2308 1717 2363 obedite

194 2398 496 2464 parentibus
545 2418 634 2468 per
683 2407 852 2456 omnia
878 2419 896 2456 :
940 2404 1034 2456 hoc
1085 2404 1217 2457 enim
1258 2404 1505 2474 placitum
1544 2413 1615 2457 est
1662 2402 1716 2457 in

196 2488 448 2543 Domino.
493 2493 585 2546 21.
650 2492 870 2560 Patres,
914 2494 1070 2548 nolite
1120 2494 1189 2547 ad
1230 2491 1549 2548 iracundiam
1592 2510 1715 2562 pro-

192 2595 390 2633 vocare
435 2582 567 2648 ﬁlios
606 2593 816 2652 vestros,
863 2595 916 2638 ut
966 2602 1072 2639 non
1119 2586 1306 2656 pusillo
1349 2586 1518 2639 animo
1566 2586 1711 2653 ﬁant.

191 2668 301 2723 22.
333 2670 497 2736 Serui,
523 2672 722 2728 obedite
737 2691 826 2744 per
851 2675 1022 2728 omnia
1046 2675 1267 2729 dominis
1287 2675 1595 2739 carnalibus,
1614 2691 1715 2728 non

190 2759 273 2811 ad
305 2761 503 2815 oculum
533 2764 819 2830 servientes,
839 2766 985 2834 quasi
1010 2765 1295 2819 hominibus
1317 2767 1595 2836 placentes.
1626 2765 1715 2819 sed

124 2848 127 2849 ⁷
192 2850 257 2902 in
319 2852 636 2921 simplicitate
679 2857 846 2909 cordis
893 2856 1119 2910 timentes
1167 2854 1355 2910 Deum.
1401 2857 1492 2911 εδ.
1543 2855 1715 2923 Quod-

190 2960 417 3014 cumque
454 2948 619 3016 facitis
640 2988 656 3013 ,
688 2964 751 3001 ex
780 2948 948 3002 animo
976 2950 1255 3018 operamini
1301 2950 1431 3003 sicut
1466 2948 1705 3015 Domino,

191 3048 250 3090 et
283 3055 383 3091 non
414 3040 721 3108 hominibus,
750 3041 840 3095 24.
868 3042 1077 3096 scientes
1103 3042 1238 3111 quod
1264 3059 1297 3095 a
1328 3041 1546 3096 Domino
1574 3043 1711 3095 acci-

196 3131 358 3199 pietis
420 3132 797 3186 retributionem
846 3134 1186 3189 hereditatis:
1236 3133 1456 3187 Domino
1513 3132 1713 3188 Christo

198 3224 403 3274 ser'vite.
441 3222 529 3277 25.
579 3223 677 3290 Qui
716 3234 883 3277 autem
926 3226 1169 3291 iniuriam
1202 3227 1361 3294 facit,
1414 3225 1619 3292 recipiet
1660 3225 1715 3278 id

194 3314 347 3382 quod
374 3315 537 3384 inique
567 3316 755 3386 gessit;
790 3327 836 3370 et
877 3333 979 3370 non
1011 3326 1085 3370 est
1123 3333 1453 3385 personarum
1491 3317 1713 3385 acceptio

190 3404 350 3471 apud
386 3401 569 3459 Deum.
600 3404 727 3460 CAP.
758 3406 811 3460 4.
845 3421 896 3459 v.
923 3406 975 3460 1.
1003 3403 1247 3471 Domini,
1283 3407 1336 3458 id
1364 3406 1499 3475 quod
1524 3408 1713 3472 iustum

190 3507 278 3547 est
307 3505 353 3548 et
383 3511 600 3565 (equum,
630 3498 783 3551 servis
813 3507 1047 3567 prwstate
1068 3540 1083 3567 ,
1114 3500 1319 3554 scientes
1358 3498 1494 3569 quod
1536 3510 1581 3553 et
1625 3515 1711 3553 vos

187 3585 482 3641 Dominum
506 3590 695 3643 habetis
720 3591 772 3644 in
801 3592 948 3645 ctelo.

192 3680 257 3732 1.
307 3678 416 3733 Cur
456 3696 564 3735 non
608 3682 802 3752 ubique
848 3690 905 3738 et
946 3682 1001 3737 in
1042 3681 1287 3737 omnibus
1321 3682 1559 3752 epistolis
1601 3682 1705 3739 hoc

104 3772 399 3841 prtucipit,
433 3774 527 3828 sed
560 3774 664 3841 hic,
694 3785 748 3831 et
782 3775 835 3830 in
862 3774 1100 3846 Epistola
1144 3774 1210 3830 ad
1253 3775 1538 3844 Ephesios,
1564 3785 1620 3831 et
1654 3775 1710 3831 in

100 3862 374 3931 Epistola
405 3863 471 3917 ad
497 3862 859 3929 Timotheum,
892 3874 947 3920 et
971 3864 1039 3920 ad
1065 3864 1280 3920 Titum?
1305 3864 1569 3934 Quoniam
1610 3880 1708 3921 ve-

97 3953 357 4009 risimile
388 3963 471 4009 est
497 3955 549 4009 in
579 3954 661 4012 his
690 3957 996 4013 civitatibus
1035 3957 1203 4013 fuisse
1233 3958 1531 4014 seditiones
1558 3976 1573 4015 :
1618 3968 1711 4016 aut

100 4047 425 4103 verisimile
471 4057 554 4103 est
594 4064 686 4104 eas
731 4050 782 4105 in
823 4051 947 4105 aliis
982 4065 1041 4107 se
1076 4060 1224 4107 recte
1257 4053 1509 4122 gessisse,
1539 4051 1591 4107 in
1627 4051 1711 4107 his

98 4158 263 4198 vero
285 4144 459 4198 minus
475 4153 645 4210 recte,
671 4143 806 4199 adeo
831 4153 891 4200 ut
910 4153 1184 4216 oporteret
1202 4160 1296 4201 eos
1312 4146 1379 4201 de
1398 4146 1481 4199 his
1497 4146 1705 4201 audire.

102 4234 234 4289 Vel
282 4237 455 4304 potius
500 4234 639 4304 quod
683 4236 748 4290 iis
782 4236 933 4302 dicit,
978 4236 1111 4291 dicit
1148 4236 1418 4291 omnibus.
1465 4236 1709 4307 Magnam

100 4335 317 4379 autem
350 4325 751 4381 similitudinem
796 4325 957 4382 habet
989 4326 1108 4381 haec
1154 4326 1377 4396 epistola
1415 4342 1535 4382 cum
1578 4328 1707 4396 Epi-

104 4416 281 4469 stola
310 4415 377 4469 ad
406 4416 665 4485 Ephesios
700 4417 755 4472 in
788 4417 873 4473 his
901 4433 1134 4489 quoque.
1165 4418 1309 4473 Alibi
1351 4434 1480 4473 vero
1519 4418 1571 4473 id
1601 4434 1707 4473 non

113 4507 310 4561 facit:
354 4517 443 4561 aut
471 4509 610 4578 quod
652 4507 721 4565 ad
766 4511 907 4565 viros
934 4510 1047 4579 jam
1085 4524 1271 4579 pacem
1300 4520 1536 4581 agentes,
1571 4524 1707 4579 quos

103 4598 424 4667 oportebat
457 4600 721 4667 sublimia,
744 4616 865 4671 quae
890 4602 970 4656 eis
992 4600 1169 4655 adhuc
1190 4600 1431 4667 deerant,
1458 4601 1707 4673 dogmata

97 4689 373 4755 discere,
421 4706 525 4746 non
570 4692 851 4762 oportebat
888 4691 955 4747 de
994 4692 1078 4748 his
1112 4690 1387 4747 scribere:
1429 4704 1520 4747 aut
1564 4693 1707 4762 quod

6 4800 15 4803 λ
86 4798 259 4837 cum
282 4784 698 4839 consolationem
723 4784 832 4853 jam
863 4784 1196 4854 accepissent
1222 4785 1274 4839 in
1304 4786 1706 4851 tentationibus,

84 4887 589 4942 supervacaneum
640 4883 785 4929 esset
836 4874 907 4929 de
962 4873 1046 4929 his
1090 4875 1295 4930 audire.
1350 4875 1707 4943 Quamobrem

76 4964 363 5033 conjicio
389 4965 476 5019 hic
500 4966 611 5035 jam
646 4966 851 5021 ﬁrmam
883 4976 935 5022 et
966 4967 1211 5023 stabilem
1241 4982 1359 5023 esse
1386 4968 1703 5035 Ecclesiam,

73 5068 157 5111 et.
214 5056 340 5111 hac
383 5056 489 5111 dici
538 5057 592 5111 in
637 5058 759 5112 line.
803 5056 1066 5125 Mulieres,
1110 5059 1326 5113 subdita
1361 5066 1515 5112 estote
1560 5059 1703 5125 ciris,

70 5152 263 5204 sicut
289 5158 485 5218 oportet
530 5148 584 5203 in
610 5148 850 5204 Domino.
887 5150 943 5205 ld
989 5160 1089 5216 est,
1114 5149 1351 5206 Subditee
1375 5159 1547 5205 estote
1576 5165 1702 5219 pro-

70 5255 257 5315 pter
304 5243 510 5297 Deum:
555 5244 804 5312 quoniam
834 5244 955 5309 hoc,
1006 5242 1196 5315 inquit,
1239 5258 1335 5298 vos
1372 5253 1547 5309 ornat,
1596 5257 1702 5296 non

59 5340 280 5397 illos.
323 5335 439 5391 Non
478 5337 620 5392 enim
656 5336 789 5392 hero
820 5336 1055 5391 debitam
1082 5336 1488 5405 subjectionem,
1529 5350 1706 5405 neque

52 5446 242 5490 eam
291 5428 466 5483 solum
510 5445 628 5499 qua:
666 5439 750 5484 est
787 5444 817 5483 a
854 5440 1064 5494 natura,
1104 5430 1197 5483 sed
1242 5444 1359 5485 eam
1394 5431 1553 5484 etiam
1584 5428 1705 5484 dico

46 5539 241 5598 qua:
293 5530 377 5577 est
412 5530 631 5592 propter
663 5522 850 5578 Deum.
888 5521 1015 5589 Vtri,
1049 5522 1242 5593 diligite
1282 5537 1461 5576 uxores
1489 5531 1700 5588 vestras,

45 5630 121 5674 cs
203 5614 385 5669 nolite
419 5616 584 5669 curari
626 5632 732 5671 esse
771 5616 840 5670 ad
880 5616 1017 5670 illas.
1049 5613 1185 5671 Vide
1218 5630 1403 5671 rursus
1432 5616 1700 5687 quomodo

40 5705 360 5767 suaserit
388 5707 530 5776 quod
554 5705 709 5762 alteri
738 5706 806 5762 ab
829 5706 1002 5762 altero
1030 5715 1115 5763 est
1136 5706 1519 5777 praestandum.
1549 5706 1703 5764 Sicut

41 5803 222 5859 “lic
286 5800 435 5867 ponit
485 5808 684 5853 metum
726 5808 779 5854 et
833 5798 1133 5863 caritatem,
1182 5798 1254 5853 ita
1305 5799 1393 5853 hic
1436 5815 1697 5871 quoque:

44 5902 310 5964 pateat
338 5891 482 5949 enim
506 5905 648 5962 esse,
679 5898 737 5947 ut
759 5892 845 5963 qui
869 5890 1038 5963 diligit
1078 5892 1148 5948 sit
1186 5891 1431 5950 acerbus.
1465 5892 1577 5951 Hoc
1614 5903 1698 5952 est

1817 2135 1945 2191 ergo
1981 2118 2123 2191 quod
2165 2117 2330 2175 dicit:
2382 2119 2461 2177 Ne
2506 2122 2797 2193 pugnetis:
2840 2123 2972 2178 nihil
3005 2132 3088 2179 est
3127 2123 3268 2179 enim
3302 2123 3401 2179 hac

1822 2228 1996 2283 pugna
2020 2213 2287 2279 acerbius,
2318 2214 2532 2284 quando
2578 2215 2678 2269 viri
2713 2214 2875 2270 fuerit
2913 2231 3087 2286 pugna
3137 2216 3398 2272 adversus

1820 2321 2063 2361 uxorem.
2094 2306 2227 2361 Nam
2255 2323 2373 2376 quae
2399 2307 2660 2363 adversus
2680 2323 2939 2378 personas
2961 2324 3081 2379 qua:
3101 2308 3399 2377 diliguntur

1818 2406 1943 2452 sunt
1966 2412 2177 2467 pugnae,
2206 2413 2287 2453 ea:
2309 2407 2436 2452 sunt
2460 2398 2700 2462 acerbae;
2731 2408 2786 2453 et
2812 2399 3046 2454 ostendit
3067 2399 3168 2454 hoc
3190 2398 3306 2453 ﬁeri
3331 2415 3395 2453 ex

1817 2504 2008 2559 magna
2052 2488 2364 2555 acerbitate,
2407 2505 2531 2545 cum
2568 2490 2726 2545 alicui
2758 2491 3016 2547 adversus
3043 2506 3195 2546 suum
3228 2508 3398 2547 mem-

1818 2582 1974 2638 brum
1996 2592 2078 2637 est
2104 2581 2404 2639 dissidium.
2437 2584 2611 2653 Atque
2641 2582 2866 2654 diligere
2895 2583 3110 2655 quidem
3140 2592 3226 2640 est
3250 2585 3397 2638 viro-

1817 2692 1975 2741 rum,
2029 2676 2242 2732 illarum
2294 2690 2424 2732 vero
2472 2676 2688 2732 cedere.
2746 2677 2801 2733 Si
2854 2692 2983 2747 ergo
3034 2677 3397 2747 unusquisque

1816 2766 1959 2838 quod
1980 2782 2133 2822 suum
2160 2776 2243 2822 est
2266 2767 2478 2833 afferat,
2508 2777 2653 2821 stant
2673 2767 2851 2822 omnia
2882 2769 3031 2822 ilrma
3067 2776 3122 2822 et
3161 2767 3393 2821 stabilia.

1816 2861 1896 2916 Ex
1920 2876 1987 2916 eo
2016 2860 2161 2916 enim
2185 2859 2327 2930 quod
2352 2860 2623 2929 diligatur,
2652 2861 2711 2913 lit
2738 2860 2932 2914 mulier
2954 2858 3124 2916 amica
3148 2869 3202 2914 et
3230 2859 3393 2913 bene-

1815 2952 1972 3018 vola;
2005 2968 2071 3007 ex
2096 2968 2162 3008 eo
2189 2960 2369 3008 autem
2397 2951 2540 3023 quod
2562 2951 2631 3006 sit
2661 2950 2894 3016 subdita,
2934 2952 3018 3005 vir
3057 2948 3115 3004 lit
3158 2949 3303 3004 mitis
3339 2958 3395 3003 et

1816 3045 2073 3101 clemens.
2106 3043 2241 3099 Vide
2261 3054 2440 3099 autem
2471 3042 2613 3114 quod
2636 3043 2738 3099 hoc
2763 3058 2976 3114 quoque
3004 3052 3193 3097 natura
3220 3042 3298 3097 sic
3322 3040 3393 3096 sit

1815 3148 2203 3208 comparatum,
2245 3144 2305 3190 ut
2344 3135 2427 3189 vir
2463 3136 2679 3207 quidem
2720 3134 2927 3205 diligat,
2969 3133 3165 3189 mulier
3205 3142 3385 3186 autem

1815 3226 2045 3282 obediat.
2080 3226 2210 3281 Nam
2237 3226 2454 3296 quando
2482 3228 2527 3282 is
2556 3228 2645 3298 qui
2667 3226 2917 3296 imperat,
2947 3225 3117 3295 diligit
3148 3240 3270 3280 eum
3300 3223 3391 3293 qui

1816 3329 1965 3390 paret
1986 3318 2234 3389 imperio,
2259 3328 2386 3375 tunc
2408 3320 2708 3375 consistunt
2732 3320 2931 3375 omnia.
2960 3317 3075 3373 Non
3100 3327 3205 3371 tam
3232 3317 3299 3371 ab
3324 3332 3391 3370 eo

1816 3414 1905 3483 qui
1929 3423 2082 3484 paret
2123 3415 2378 3485 quaeritur
2406 3414 2644 3480 dilectio,
2677 3427 2834 3483 quam
2862 3411 2930 3467 ab
2952 3426 3017 3465 eo
3047 3410 3138 3480 qui
3166 3411 3392 3479 imperat

1815 3520 1939 3576 erga
1984 3521 2103 3560 eum
2136 3505 2224 3575 qui
2269 3514 2458 3574 paret:
2504 3504 2573 3558 ab
2618 3504 2709 3558 illo
2754 3503 2895 3557 enim
2941 3510 3024 3557 est
3065 3501 3387 3556 obedientia.

1813 3596 1948 3652 Nam
1977 3596 2117 3666 quod
2149 3596 2358 3651 mulieri
2389 3606 2472 3651 est
2500 3594 2863 3665 pulchritudo,
2895 3594 3011 3648 viro
3032 3603 3209 3647 autem
3237 3590 3389 3661 cupi-

1814 3688 1951 3743 ditas
1984 3696 2039 3742 et
2076 3685 2422 3751 desiderium,
2454 3685 2585 3740 nihil
2611 3685 2755 3740 aliud
2784 3685 3020 3740 ostendit
3048 3698 3206 3755 quam
3234 3682 3385 3753 quod

1814 3779 1893 3834 sic
1918 3778 2011 3833 ﬁat
2038 3786 2254 3848 propter
2282 3777 2646 3833 dilectionem.
2682 3776 2759 3832 Ne
2796 3792 2944 3846 ergo,
2977 3774 3227 3845 quoniam
3256 3772 3386 3828 sub.

1808 3871 1950 3943 jecta
1971 3880 2054 3926 est
2075 3870 2285 3936 mulier,
2314 3870 2390 3925 sis
2417 3870 2681 3935 insolens;
2714 3884 2886 3937 neque
2917 3878 2993 3929 tu,
3024 3866 3275 3937 quoniam
3302 3864 3387 3920 vir

1813 3962 2006 4033 diligit,
2040 3961 2356 4016 intumesce.
2388 3959 2573 4031 Neque
2599 3958 2697 4013 viri
2727 3958 2958 4012 amicitia
2999 3957 3221 4013 extollat
3269 3972 3393 4011 mu-

1813 4052 2038 4121 lierem;
2084 4067 2257 4122 neque
2294 4051 2533 4106 mulieris
2569 4050 2828 4120 subjectio
2854 4048 3001 4105 inﬂet
3028 4048 3221 4106 virum.
3251 4049 3387 4103 Pro-

1814 4156 1995 4215 pterea
2040 4143 2133 4198 tibi
2170 4159 2287 4199 eam
2324 4142 2569 4213 subjecit,
2616 4158 2650 4197 ο
2691 4144 2792 4209 vir,
2836 4153 2891 4197 ut
2934 4143 3105 4213 magis
3141 4150 3389 4197 ametur:

1813 4246 2093 4306 propterea
2121 4244 2173 4290 te
2199 4233 2325 4290 fecit
2366 4236 2555 4300 amari,
2604 4249 2638 4289 o
2688 4234 2899 4300 mulier,
2944 4243 3001 4287 ut
3044 4233 3199 4287 facile
3239 4231 3385 4288 feras

1812 4327 1954 4398 quod
1984 4330 2058 4383 sis
2091 4324 2348 4397 subjecta.
2378 4325 2456 4381 Ne
2484 4327 2674 4381 timeas
2717 4326 2857 4397 quod
2902 4326 2975 4381 sis
3019 4325 3288 4393 subjecta;
3335 4326 3387 4379 ei

1812 4412 1955 4477 enim
1996 4420 2087 4490 qui
2132 4427 2278 4474 amat
2317 4433 2436 4473 esse
2475 4418 2790 4489 subjectum,
2829 4418 3027 4471 nullam
3062 4417 3221 4471 habet
3247 4415 3389 4470 ditii-

1811 4510 2114 4566 cultatem:
2163 4525 2231 4563 ne
2284 4509 2472 4563 timeas
2524 4523 2749 4572 amans;
2806 4507 2971 4562 habes
3017 4507 3158 4561 enim
3214 4507 3383 4576 ipsam

1812 4603 2112 4658 cedentem.
2162 4600 2278 4656 Non
2321 4601 2453 4656 alias
2498 4616 2626 4671 ergo
2669 4609 2813 4655 esset
2861 4600 3152 4654 vinculum.
3208 4599 3389 4653 llabes

1813 4694 2172 4750 necessarium
2218 4708 2250 4747 a
2295 4702 2482 4747 natura
2531 4693 2852 4762 imperium;
2896 4690 3031 4746 habe
3071 4691 3230 4745 etiam
3271 4690 3385 4744 vin~

1810 4785 1988 4840 culum
2022 4784 2161 4855 quod
2208 4793 2285 4839 est
2316 4800 2381 4839 ex
2410 4784 2629 4839 caritate
2655 4801 2668 4836 :
2701 4799 2817 4838 eam
2848 4784 2988 4837 enim
3018 4798 3136 4854 qua:
3166 4792 3249 4838 est
3279 4783 3383 4835 im-

1811 4876 2075 4944 becillior,
2103 4875 2229 4931 sinit
2259 4891 2381 4931 esse
2408 4875 2763 4931 tolerabilem.
2794 4873 2942 4941 Filii,
2975 4874 3169 4928 obedite
3197 4891 3380 4945 paren-

1811 4969 1940 5023 tibus
1980 4985 2068 5038 per
2097 4969 2304 5022 omnia:
2345 4968 2438 5021 hoc
2467 4968 2601 5022 enim
2638 4967 2883 5036 placitum
2924 4976 2996 5020 est
3039 4950 3111 5021 in.
3138 4966 3380 5021 Domino.

1810 5062 2016 5116 Rursus
2037 5062 2230 5130 posuit,
2255 5058 2323 5114 In
2345 5059 2583 5125 Domino,
2606 5067 2659 5113 et
2679 5059 2821 5129 leges
2840 5058 3017 5113 ferens
3036 5057 3377 5123 obedientite,

1810 5163 1865 5209 et
1909 5154 2167 5225 pudorem
2220 5151 2503 5217 incutiens,
2565 5166 2628 5206 ac
2679 5152 3007 5220 deprimens.
3065 5149 3177 5204 Hoc
3225 5151 3379 5216 enim,

1808 5246 2002 5316 inquit,
2050 5254 2121 5299 est
2168 5245 2412 5315 placitum
2451 5242 2690 5298 Domino.
2727 5242 2861 5297 Vide
2881 5243 3150 5313 quomodo
3175 5257 3279 5298 non
3311 5257 3379 5297 ex

1809 5338 1922 5392 sola
1968 5346 2179 5401 natura,
2228 5335 2323 5391 sed
2361 5344 2487 5390 ante
2530 5350 2648 5390 eam
2674 5349 2742 5389 ex
2771 5334 2837 5388 iis
2864 5349 2982 5403 quae
3010 5334 3118 5388 Deo
3145 5333 3379 5403 placent,

1754 5428 1760 5434 ’
1807 5428 1920 5482 vult
1950 5442 2049 5482 nos
2073 5426 2251 5481 omnia
2274 5440 2452 5495 agere,
2473 5434 2531 5479 ut
2549 5425 2711 5480 etiam
2736 5423 3037 5479 mercedem
3064 5422 3378 5479 habeamus.
3425 5420 3431 5425 ’

1809 5518 2010 5585 Patres,
2047 5516 2203 5572 nolite
2240 5517 2307 5569 ad
2346 5514 2663 5570 iracundiam
2700 5529 2973 5586 provocare
2999 5513 3135 5583 ﬁlios
3165 5524 3376 5580 vestros,

1808 5622 1863 5668 ut
1892 5629 1994 5668 non
2018 5611 2208 5683 pusillo
2234 5611 2403 5665 animo
2438 5610 2586 5680 ﬁant.
2626 5609 2766 5665 Ecce
2806 5607 2896 5664 hic
2937 5624 3149 5681 quoque
3191 5625 3379 5666 rursus

1806 5714 1890 5762 est
1916 5704 2178 5775 subjectio
2206 5713 2260 5759 et
2286 5716 2459 5758 amor.
2488 5700 2557 5756 Et
2605 5715 2715 5756 non
2745 5699 2899 5768 dixit,
2939 5699 3149 5771 Diligite
3196 5698 3376 5769 filios;

1807 5806 1953 5858 esset
1992 5800 2135 5853 enim
2173 5809 2663 5864 supervacaneum;
2708 5793 2823 5865 ipsa
2866 5794 3063 5868 quippe
3100 5795 3243 5868 cogit
3276 5812 3376 5851 na-
3470 5846 3476 5855 .

1808 5906 1954 5962 tura;
1985 5890 2080 5950 sed
2106 5890 2341 5949 correxit
2363 5888 2506 5964 quod
2536 5889 2788 5963 oportuit,
2821 5888 2964 5963 quod
2988 5898 3044 5949 ct
3078 5906 3231 5951 amor
3276 5890 3365 5949 hic
