3874 6556
470 487 576 545 367

470 614 614 659 esset
641 598 1026 664 vehementior,
1053 596 1304 667 quoniam
1331 603 1386 650 et
1407 595 1579 665 major
1604 603 1687 650 est
1712 595 2040 650 obedientia.

470 698 742 766 Nusquam
767 692 907 748 enim
934 690 1084 760 ponit
1106 688 1413 759 exemplum
1435 687 1536 742 viri
1564 697 1618 742 et
1642 688 1915 753 mulieris;
1948 685 2042 741 sed

471 787 635 855 quid?
663 785 797 838 Audi
828 782 1142 853 prophetam
1170 780 1437 836 dicentem
1469 797 1482 833 :
1514 779 1664 834 Sicut
1702 789 1847 847 pater
1894 778 2044 831 mise-

470 891 605 934 retur
652 879 895 948 filiorum,
941 878 1174 930 misertus
1215 885 1305 929 est.
1332 873 1583 927 Dominus
1629 873 1906 926 timentium
1934 888 2047 924 eum

472 970 748 1040 (Psal.12.
781 969 894 1037 15).
925 968 991 1023 Ει
1013 982 1202 1022 rursus
1230 966 1361 1021 dicit
1384 964 1671 1020 Christus:
1709 963 1831 1028 Quis
1870 970 1942 1016 est
1985 978 2047 1015 ex

469 1063 604 1115 vobis
626 1062 794 1126 homo,
812 1077 856 1113 να
883 1076 982 1129 quo
1008 1061 1053 1112 si
1079 1060 1271 1128 petierit
1294 1057 1431 1126 ﬁlius
1452 1073 1653 1125 panem,
1683 1072 1801 1107 num
1826 1054 2045 1122 lapidem

471 1154 610 1206 dabit
638 1152 722 1206 ei?
757 1163 800 1204 et
830 1152 873 1204 si
903 1151 1095 1210 petierit
1133 1152 1337 1219 piscem,
1364 1164 1487 1201 num
1510 1157 1790 1215 serpentem
1834 1147 1970 1198 dabit
2000 1146 2043 1197 ei

469 1245 684 1313 (Matth.
710 1246 762 1300 7.
788 1244 888 1313 9)?
922 1243 1120 1306 Patres,
1148 1243 1302 1295 nolite
1324 1242 1391 1293 ad
1430 1242 1747 1294 iracundiam
1777 1255 2048 1306 provocare

469 1339 605 1406 [ilius
646 1344 855 1401 vestros,
904 1352 968 1389 ne
1011 1335 1196 1406 pusillo
1244 1334 1413 1386 animo
1463 1334 1611 1401 ﬁaut.
1663 1331 1813 1397 Quod
1845 1330 2047 1385 sciebat

470 1430 721 1483 idoneum
774 1437 831 1481 ut
876 1428 1104 1481 maxime
1154 1440 1248 1479 eos
1293 1423 1586 1488 morderet,
1630 1423 1733 1478 hoc
1764 1422 1955 1492 posuit,
1990 1430 2046 1475 et

468 1521 731 1574 amantius
784 1518 922 1573 dixit
970 1519 1048 1574 eis
1107 1519 1413 1587 imperans,
1471 1526 1525 1571 et
1579 1532 1840 1586 nusquam
1895 1516 2043 1585 ponit

470 1613 678 1667 Deum:
727 1613 971 1683 fregisset
1026 1612 1167 1665 enim
1218 1618 1491 1679 parentes,
1534 1609 1811 1664 lnflectens
1857 1623 2044 1664 eorum

466 1705 692 1758 viscera.
738 1704 870 1759 lllud
914 1712 1111 1767 autem,
1162 1700 1337 1756 Nolite
1376 1716 1668 1771 provocare,
1704 1700 1807 1754 hoc
1833 1709 1935 1763 est,
1968 1698 2046 1754 Ne

466 1799 671 1853 reddite
713 1814 805 1853 eos
846 1798 1324 1861 contentiosiores;
1375 1805 1458 1851 est
1508 1796 1671 1857 enim,
1725 1794 1811 1848 ubi
1838 1793 2045 1848 debetis

466 1893 572 1947 illis
598 1891 798 1963 aliquid
826 1891 1142 1946 concedere.
1179 1888 1380 1944 Deinde
1408 1890 1559 1944 venit
1588 1887 1654 1941 ad
1680 1888 1903 1942 tertium
1938 1886 2042 1941 im-

465 1986 691 2053 perium,
724 1984 890 2052 Servi,
921 1984 1186 2054 inquiens,
1232 1982 1425 2036 obedite
1470 1981 1689 2035 dominis
1729 1980 2040 2034 carnalibus.

465 2076 563 2130 Est
609 2076 697 2130 hic
744 2090 955 2146 quoque
980 2090 1131 2130 amor
1156 2074 1401 2144 quidam,
1428 2073 1523 2127 sed
1549 2088 1655 2127 non
1684 2073 1754 2126 ita
1785 2070 2042 2125 naturalis

463 2168 604 2222 sicut
629 2168 893 2237 superius,
922 2165 1017 2221 sed
1047 2165 1451 2221 consuetudinis
1480 2174 1535 2219 et
1569 2165 1636 2218 ab
1666 2165 1783 2232 ipso
1814 2164 2040 2234 imperio

464 2271 518 2316 et
565 2262 593 2314 a
641 2260 813 2315 factis.
842 2260 1102 2327 Quoniam
1135 2274 1263 2327 ergo
1304 2258 1388 2311 hic
1429 2255 1642 2326 quidem
1687 2254 1738 2309 id
1777 2256 1916 2324 quod
1960 2264 2042 2309 est

462 2355 681 2417 antoris,
710 2362 792 2408 est
811 2354 1075 2408 succisum
1104 2367 1165 2406 ac
1188 2352 1507 2405 diminutum
1535 2368 1549 2404 :
1580 2349 1719 2421 quod
1751 2359 1832 2405 est
1859 2360 2035 2404 autem

462 2443 800 2511 obedientiae,
853 2443 1122 2497 intensum
1168 2451 1223 2497 et
1266 2440 1669 2510 ampliﬁcatum,
1716 2440 1768 2494 in
1814 2455 1880 2495 eo
1927 2442 2042 2494 vult

461 2534 755 2601 immorari,
798 2543 852 2589 et
897 2533 1040 2604 quod
1096 2533 1253 2603 primi
1300 2533 1500 2587 habent
1531 2548 1561 2587 a
1594 2541 1802 2598 natura,
1834 2532 1937 2586 hoc
1963 2533 2040 2586 eis

466 2628 595 2682 dare
637 2642 702 2681 ex
748 2625 1073 2681 obedientia.
1122 2624 1481 2693 Quamobrem
1524 2639 1628 2678 non
1675 2639 1770 2692 pro
1810 2624 2041 2678 dominis

466 2735 586 2773 cum
634 2719 762 2773 solis
808 2718 1041 2787 loquitur
1088 2716 1320 2783 famulis,
1352 2716 1444 2771 sed
1470 2716 1628 2770 etiam
1663 2730 1758 2785 pro
1788 2716 1936 2784 ipsis,
1970 2726 2028 2769 ut

468 2830 527 2867 se
554 2813 783 2868 dominis
805 2814 1029 2868 reddant
1059 2813 1464 2868 desiderabiles.
1495 2812 1600 2868 Sed
1631 2830 1736 2868 non
1766 2813 1866 2869 hoc
1891 2816 2041 2883 ponit

462 2918 682 2976 aperte:
714 2908 846 2962 alias
890 2908 1031 2962 enim
1066 2924 1159 2961 eos
1185 2908 1403 2975 supinos
1445 2906 1731 2962 effecisset.
1763 2908 1928 2975 Seni,
1960 2909 2041 2962 in-

459 3001 593 3066 quit,
618 2980 809 3053 oliedite
831 3016 917 3064 per
940 3000 1109 3053 omnia
1136 2998 1349 3053 dominis
1375 2998 1683 3053 carnalibus.

529 3091 586 3144 2.
620 3090 751 3145 Vide
773 3101 947 3144 autem
970 3089 1236 3158 quomodo
1258 3104 1470 3158 semper
1491 3090 1640 3158 ponit
1660 3090 1897 3156 nomina,
1920 3108 2037 3144 mu-

460 3184 625 3242 lieres.
647 3182 763 3250 ﬁlii,
781 3182 928 3244 servi,
950 3182 1106 3250 utjns
1123 3180 1424 3247 obediendi,
1440 3180 1579 3251 quod
1596 3180 1838 3237 debetur.
1851 3182 1952 3237 Sed
1970 3199 2037 3240 ne

460 3275 688 3335 doleret.
721 3273 1011 3343 subjuuxit,
1036 3272 1268 3327 Dominis
1297 3272 1601 3327 carnalibus.
1630 3273 1782 3340 Quod
1811 3284 1892 3330 est
1923 3277 2034 3344 tui,

460 3368 649 3438 inquit,
687 3368 965 3437 optimum,
999 3382 1188 3436 nempe
1215 3368 1409 3429 anima,
1444 3366 1610 3421 libera
1658 3376 1776 3432 est;
1810 3367 1876 3422 ad
1904 3378 2037 3423 tem-

460 3474 561 3527 pus
589 3468 670 3513 est
704 3458 953 3513 servitus.
987 3457 1191 3527 Corpus
1224 3472 1353 3529 ergo
1378 3456 1568 3523 subde,
1596 3474 1664 3513 ne
1692 3460 2028 3515 necessitatis

459 3552 686 3619 amplius
717 3550 787 3604 sit
824 3552 1073 3605 servitus.
1118 3548 1239 3603 Non
1278 3550 1345 3603 ad
1376 3551 1576 3604 oculum
1616 3551 1883 3605 servientes
1913 3563 2034 3605 tam-

455 3657 608 3711 quam
646 3640 933 3695 Itcminibus
977 3640 1249 3711 placentes.
1304 3640 1431 3706 Fac,
1479 3641 1670 3710 inquit,
1717 3644 2030 3698 servitutem

454 3749 575 3803 qua:
602 3741 684 3788 est
711 3749 777 3789 ex
806 3733 946 3805 lege.
978 3749 1099 3789 esse
1128 3749 1194 3788 ex
1224 3744 1366 3788 metu
1394 3734 1613 3788 Christi.
1650 3734 1782 3789 Nam
1811 3737 1910 3790 etsi
1942 3736 2033 3791 illo

457 3841 565 3881 non
609 3826 828 3881 vidente
860 3825 989 3879 facis
1024 3840 1143 3895 qua:
1178 3834 1411 3894 oportet,
1445 3834 1498 3879 et
1526 3842 1644 3895 quae
1671 3828 1938 3895 pertinent
1966 3828 2031 3881 ad

457 3918 716 3974 honorem
743 3918 942 3971 domini
969 3935 983 3982 ;
1019 3918 1068 3971 id
1099 3918 1253 3987 plane
1283 3919 1410 3972 facis
1436 3928 1655 3989 propter
1696 3921 1842 3974 illum
1890 3922 2034 3974 inso-

456 4028 636 4070 mnem
662 4011 896 4066 oculum.
928 4008 1049 4063 Non
1074 4010 1141 4063 ad
1166 4010 1365 4064 oculum
1392 4052 1405 4075 ,
1440 4011 1626 4080 inquit,
1662 4020 1919 4081 tamquam
1950 4015 2034 4067 ho-

456 4105 673 4159 minibus
698 4103 970 4174 placentes.
999 4102 1113 4170 Quo
1136 4102 1224 4156 fiet
1262 4111 1319 4156 ut
1347 4116 1441 4156 vos
1479 4103 1730 4157 damnum
1772 4106 2028 4161 subeatis.

457 4195 595 4251 Audi
621 4197 764 4250 enim
803 4194 1115 4265 prophetam
1147 4193 1442 4258 dicentem,
1478 4194 1749 4264 Dissipavit
1780 4196 2029 4253 Dominus

457 4304 571 4341 ossa
600 4303 771 4340 eorum
799 4286 887 4356 qui
916 4285 1201 4339 hominibus
1232 4285 1425 4353 placent
1457 4284 1625 4358 (Psal.
1657 4287 1746 4342 52.
1781 4287 1859 4358 6).
1898 4290 2029 4345 Vide

456 4394 585 4449 ergo
613 4376 881 4447 quomodo
922 4377 1001 4431 eis
1038 4378 1227 4446 parcit,
1268 4387 1323 4431 et
1357 4394 1450 4432 eos
1494 4381 1767 4448 componit
1798 4399 1810 4434 :
1844 4381 1948 4435 Sed
1975 4383 2028 4439 in

456 4469 797 4539 simplicitate,
828 4468 1015 4538 inquit,
1045 4468 1232 4533 cordis,
1274 4470 1499 4523 timentes
1525 4468 1710 4523 Deum.
1738 4470 1869 4525 Nam
1899 4473 2027 4528 illud

458 4561 672 4631 quidem
702 4576 808 4616 non
852 4571 935 4616 est
972 4561 1301 4629 simplicitas,
1332 4560 1423 4615 sed
1458 4561 1753 4632 hypocrisis
1779 4572 1832 4617 et
1858 4565 2027 4619 simu-

457 4653 626 4717 latio;
655 4651 797 4706 aliud
829 4652 881 4706 in
914 4652 1091 4706 animo
1123 4650 1341 4717 habere,
1374 4661 1428 4707 et
1450 4652 1594 4707 aliud
1622 4654 1831 4719 facere;
1863 4655 2025 4711 alium

459 4743 674 4813 quidem
702 4742 867 4796 videri
891 4753 1152 4811 prtesente
1178 4742 1413 4806 domino,
1444 4744 1603 4797 alium
1627 4761 1753 4800 vero
1782 4746 2023 4803 absente.

458 4833 575 4890 Non
599 4832 733 4887 dixit
758 4848 885 4901 ergo
907 4833 1099 4896 solum,
1124 4832 1190 4885 In
1214 4834 1534 4901 simplicitate
1561 4836 1749 4902 cordis,
1778 4838 1869 4893 sed
1889 4880 1903 4902 ,
1936 4838 2029 4893 Ti-

460 4934 650 4979 mentes
686 4923 868 4976 Deum.
910 4924 1020 4977 lloc
1057 4925 1197 4977 enim
1242 4933 1325 4978 est
1366 4926 1553 4980 timere
1594 4927 1779 4994 Deum,
1816 4931 2029 4999 quando

458 5017 678 5072 nemine
718 5015 931 5069 vidente
959 5014 1089 5067 nihil
1123 5014 1244 5068 mali
1278 5014 1504 5069 facimus
1536 5034 1548 5070 :
1581 5018 1661 5071 sin
1690 5027 1866 5074 autem
1900 5021 2030 5076 faci-

460 5124 602 5181 mus,
637 5123 744 5161 non
784 5106 971 5167 Deum,
999 5105 1091 5159 sed
1121 5104 1365 5159 homines
1400 5107 1669 5161 timemus.
1702 5108 1861 5164 Vides
1895 5128 2029 5179 quo-

459 5199 621 5254 modo
645 5199 763 5254 illos
790 5197 1107 5265 componat?
1130 5197 1511 5265 Quodcumque
1535 5200 1726 5265 facitis,
1750 5201 1941 5271 inquit,
1965 5219 2033 5257 ex

461 5293 643 5346 animo
683 5290 998 5360 operamini,
1030 5290 1167 5343 sicut
1201 5288 1446 5354 Domino,
1486 5298 1540 5344 et
1570 5307 1673 5344 non
1707 5291 2029 5348 hominibus.

458 5384 573 5439 Non
600 5384 769 5439 solum
800 5383 867 5436 ab
896 5382 1181 5453 hypocrisi.
1216 5381 1308 5436 sed
1336 5382 1495 5457 etiam
1519 5383 1585 5436 ab
1612 5384 1722 5437 otio
1751 5396 1803 5439 et
1832 5385 2033 5441 desidia

461 5490 556 5531 eos
592 5475 707 5529 vult
746 5474 982 5529 liberari.
1027 5473 1133 5527 Eos
1169 5474 1364 5529 liberos
1409 5474 1531 5529 fecit
1564 5491 1661 5545 pro
1689 5477 1880 5541 servis,
1912 5493 2032 5533 cum

466 5583 572 5622 non
611 5582 746 5637 opus
769 5567 998 5621 habeant
1029 5575 1084 5620 ut
1106 5566 1283 5621 adsint
1306 5565 1529 5621 domini.
1565 5568 1673 5622 Hoc
1698 5569 1839 5623 enim
1862 5578 1944 5623 est
1972 5571 2035 5624 il-

464 5660 578 5725 lud,
617 5658 699 5715 Ex
726 5660 916 5725 animo,
958 5674 1079 5713 cum
1120 5658 1512 5725 benevolentia,
1554 5676 1659 5714 non
1702 5677 1822 5715 cum
1853 5663 2033 5717 servili

465 5753 803 5817 necessitate,
830 5752 923 5808 sed
947 5753 1114 5807 libere
1136 5761 1190 5807 et
1218 5768 1283 5808 ex
1310 5752 1472 5806 animi
1500 5753 1760 5808 instituto.
1792 5753 1857 5807 Et
1882 5770 2035 5824 qute~

463 5862 587 5902 nam
627 5853 709 5898 est
746 5834 986 5899 merces?
1029 5843 1256 5899 Scientes
1295 5844 1430 5915 quod
1458 5860 1490 5898 a
1516 5842 1736 5898 Domino
1775 5844 2031 5915 accipietis

465 5934 842 5992 retributionem
870 5934 1156 5989 hereditatis
1186 5951 1204 5987 :
1232 5933 1450 6007 Domino
1479 5935 1683 5990 Christo
1716 5936 1911 5990 servile.
1950 5936 2032 5989 Ab

1218 479 1271 537 S.
1314 477 1591 537 JOANNIS
1627 477 2101 537 CHRYSOSTOMI
2142 479 2461 538 ARCHIEP.
2502 482 3036 543 CONSTANTINOP.

3629 497 3725 553 363

2151 590 2268 661 ipso
2296 593 2462 659 enim,
2495 595 2682 666 inquit,
2709 600 2983 669 accipietis
3013 614 3335 660 mercedem.
3364 606 3429 662 Et
3453 609 3593 677 quod
3628 610 3721 664 Do-

2155 684 2301 738 mino
2337 687 2574 754 servitis,
2602 704 2669 744 ex
2700 689 2803 746 hoc
2827 702 2911 747 est
2935 695 3304 764 perspicuum.
3340 697 3441 765 Qui
3471 701 3623 765 enim,
3652 702 3722 753 in-

2150 774 2283 844 quit,
2311 776 2554 846 injuriam
2584 782 2728 850 facit,
2758 783 2965 853 recipiet
2994 785 3050 839 id
3075 789 3213 857 quod
3240 788 3411 857 inique
3435 792 3607 858 gessit.
3640 791 3723 845 llic

2150 865 2434 922 conﬁrmat
2458 871 2599 939 quod
2630 872 2775 940 prius
2799 874 3001 930 dictum
3028 887 3129 931 est.
3161 877 3296 933 Nam
3328 895 3400 935 ne
3428 880 3720 937 riderentur

2150 959 2311 1013 verba
2353 975 2475 1016 esse
2521 968 2900 1022 assentationis
2932 985 2945 1021 :
2979 968 3224 1040 Recipiet,
3272 972 3464 1043 inquit,
3509 976 3566 1027 id
3603 980 3723 1043 quod

2149 1049 2319 1117 inique
2347 1054 2498 1121 gessit
2523 1071 2543 1109 :
2571 1054 2673 1111 hoc
2698 1068 2802 1122 est,
2830 1059 2939 1114 luet
2962 1076 3146 1129 poenas
3175 1082 3187 1115 :
3218 1062 3343 1118 Non
3372 1076 3446 1120 est
3471 1067 3605 1119 enim
3626 1087 3722 1136 per-

2149 1157 2389 1196 sonarum
2441 1148 2673 1216 acceptio
2711 1150 2853 1218 apud
2900 1150 3063 1206 Deum
3107 1153 3285 1224 (Rom.
3338 1155 3397 1209 2.
3442 1158 3562 1228 Η).
3600 1158 3720 1225 Quid

2149 1233 2315 1301 enim,
2356 1235 2400 1290 si
2438 1252 2496 1291 es
2537 1241 2763 1295 servus?
2802 1258 2909 1298 non
2963 1245 3229 1304 dedecore
3276 1249 3539 1306 afficeris.
3580 1254 3721 1324 Atqui

2150 1329 2438 1415 oportebat
2479 1331 2544 1385 ad
2592 1332 2843 1391 dominos
2890 1336 2993 1393 hoc
3035 1341 3237 1408 dicere,
3288 1344 3430 1397 sicut
3468 1345 3629 1400 etiam
3681 1352 3720 1399 in

2157 1416 2393 1487 Epistola
2425 1422 2490 1476 ad
2542 1423 2834 1495 Ephesios;
2878 1429 2971 1483 sed
3021 1430 3107 1485 hic
3147 1433 3277 1487 mihi
3319 1436 3542 1491 videtur
3582 1440 3721 1493 tacile

2153 1509 2454 1579 signiﬁcare
2481 1513 2698 1571 Grrecos
2722 1517 2991 1575 dominos.
3031 1521 3169 1589 Quid
3209 1525 3377 1592 enim,
3410 1528 3457 1581 si
3502 1527 3593 1584 ille
3616 1534 3718 1599 qni-

2152 1601 2271 1656 dem
2296 1602 2537 1671 Graecus,
2563 1617 2618 1663 tu
2647 1620 2827 1667 autem
2852 1628 2911 1668 es
2930 1614 3295 1672 Christianus?
3317 1618 3436 1673 Non
3471 1636 3717 1689 persona.

2150 1694 2243 1749 sed
2270 1711 2359 1752 res
2388 1700 2780 1759 examinantur.
2826 1706 3183 1773 Quamobrem
3224 1712 3302 1765 sic
3329 1727 3458 1766 cum
3507 1714 3719 1770 benevo—

2152 1787 2329 1857 lentia,
2358 1800 2412 1846 et
2438 1808 2504 1847 ex
2528 1795 2706 1851 animo
2733 1807 2816 1852 est
2856 1802 3215 1857 serviendum.
3250 1803 3404 1876 (Cap.
3436 1806 3525 1877 ι.)
3552 1808 3718 1863 ιορ-

2150 1879 2292 1944 mini,
2321 1883 2457 1950 quod
2476 1885 2675 1953 justum
2700 1897 2775 1942 est
2810 1899 2860 1941 et
2893 1906 3094 1957 aequum
3118 1894 3274 1947 servis
3304 1906 3571 1964 pra'state.
3601 1899 3717 1966 Quid

2150 1980 2232 2024 est
2256 1981 2433 2028 autem
2464 1974 2712 2031 Iustum?
2740 1980 2866 2049 quid
2902 1981 3134 2052 quuum
3156 1985 3182 2037 2’
3208 1986 3442 2042 Efﬁcere
3478 1998 3542 2043 ut
3566 1991 3631 2044 sit
3654 1994 3717 2045 eis

2150 2079 2328 2118 rerum
2368 2069 2604 2122 omnium
2645 2069 2991 2140 abundantia,
3038 2084 3093 2130 et
3130 2092 3233 2132 non
3284 2080 3472 2135 sinere
3517 2092 3575 2135 ut
3617 2084 3717 2137 aliis

2153 2165 2365 2223 egeant,
2399 2158 2492 2212 sed
2524 2175 2618 2229 pro
2645 2160 2921 2217 laboribus
2950 2180 3045 2220 eos
3072 2171 3430 2225 remunerari.
3454 2170 3573 2226 Non
3595 2176 3715 2227 enim

2148 2248 2268 2315 quia
2295 2248 2404 2303 dixi
2439 2265 2533 2306 eos
2561 2267 2589 2305 a
2622 2253 2733 2309 Deo
2767 2253 2962 2312 habere
2992 2260 3321 2326 mercedem,
3363 2274 3642 2333 propterea
3670 2277 3715 2317 tu

2147 2354 2239 2391 cos
2294 2343 2492 2409 prives.
2528 2344 2671 2399 Alibi
2728 2356 2905 2403 autem
2961 2349 3125 2418 dicit,
3182 2353 3522 2411 Remittentes
3575 2360 3717 2411 atinas

2149 2428 2360 2499 (Ep/tes.
2392 2433 2445 2487 6.
2489 2436 2568 2501 9i,
2600 2437 2786 2491 volens
2815 2454 2909 2493 eos
2948 2439 3124 2497 facere
3155 2445 3401 2501 mitiores
3429 2466 3443 2501 :
3478 2450 3553 2502 illi
3591 2454 3713 2503 enim

2147 2534 2300 2576 erant
2341 2525 2583 2594 perfecti.
2624 2528 2736 2583 Hoc
2770 2539 2871 2594 est,
2907 2532 3021 2599 Qua
3049 2551 3287 2590 mensura
3318 2541 3487 2593 mensi
3514 2544 3713 2610 fueritis,

2146 2617 2432 2670 remetietur
2456 2617 2593 2672 vobis
2625 2620 2840 2688 (Matth.
2869 2626 2922 2679 7.
2953 2624 3031 2696 2).
3063 2626 3128 2680 Et
3158 2629 3288 2683 illud
3312 2672 3329 2696 ,
3363 2630 3484 2685 Non
3515 2645 3584 2688 est
3612 2655 3713 2701 per-

2111 2705 2114 2709 ’
2145 2723 2384 2761 sonorum
2409 2712 2651 2781 acceptio,
2684 2713 2788 2768 illis
2817 2715 3014 2769 dictum
3043 2728 3125 2772 est
3155 2738 3168 2773 :
3198 2720 3303 2775 illis
3332 2734 3519 2778 autem
3550 2729 3713 2781 tribui.

2150 2808 2255 2861 tur,
2304 2807 2359 2852 ut
2406 2799 2458 2853 hi
2510 2803 2609 2855 hoc
2636 2804 2921 2873 excipiant.
2960 2807 3183 2875 Quando
3211 2813 3356 2865 enim
3394 2816 3548 2870 alteri
3577 2820 3711 2873 δίδυ-

2144 2889 2311 2943 rimus
2335 2890 2475 2960 quod
2502 2892 2651 2946 alteri
2684 2897 2951 2965 congruit,
2982 2915 3085 2953 non
3117 2911 3321 2956 tantum
3353 2905 3506 2959 illum
3548 2924 3709 2964 unm:-

2144 2983 2338 3047 ximus,
2373 2996 2632 3052 quantum
2663 2971 2783 3042 etﬁn
2815 2990 2905 3059 qui
2936 3001 3017 3045 est
3043 3008 3187 3049 reus.
3227 2996 3297 3050 Et
3323 3014 3424 3052 vos
3450 3015 3571 3054 cum
3602 3005 3706 3061 illis.

2142 3073 2332 3142 inquit.
2380 3074 2477 3129 Hic
2518 3091 2858 3134 communem
2902 3082 3076 3136 effecit
3109 3087 3425 3143 servitutem
3456 3108 3470 3142 :
3506 3092 3708 3149 Scitula

2142 3164 2307 3231 enim,
2340 3166 2527 3235 inquit,
2551 3170 2687 3237 quod
2712 3180 2759 3222 et
2781 3186 2867 3223 vos
2892 3170 3167 3227 Dominum
3195 3175 3393 3233 habetis
3415 3182 3467 3233 in
3499 3186 3638 3237 calo.
3660 3186 3703 3238 ‘2.

2148 3253 2381 3308 Orationi
2409 3257 2614 3324 instate,
2653 3258 2915 3329 vigilantes
2946 3264 2997 3317 in
3026 3281 3085 3317 ea
3113 3266 3165 3319 in
3194 3270 3481 3336 gratiarum
3511 3278 3702 3329 actione.

2141 3345 2273 3400 Nam
2314 3349 2564 3417 quoniam
2596 3353 2824 3406 orationi
2856 3353 3059 3411 instare
3085 3367 3141 3413 et
3166 3359 3218 3414 iu
3246 3376 3311 3416 ea
3354 3378 3699 3432 perseverare,

2140 3454 2286 3531 saepe
2314 3440 2490 3496 reddit
2518 3443 2697 3512 pigros
2718 3452 2773 3500 et
2800 3445 3040 3514 ignavos,
3074 3462 3361 3522 propterea
3398 3457 3553 3525 dicit,
3593 3459 3703 3531 Vigi-

2140 3530 2323 3599 lantes,
2348 3532 2448 3587 hoc
2474 3543 2576 3597 est,
2607 3535 2794 3601 sobrii,
2822 3551 2929 3591 non
2958 3551 3209 3610 vagantes
3237 3554 3295 3599 et
3315 3561 3587 3605 errantes.

2137 3626 2303 3693 enim,
2347 3628 2449 3682 scit
2489 3627 2732 3684 diabolus
2778 3641 3038 3700 quantum
3078 3634 3275 3690 bonum
3308 3640 3381 3693 sit
3423 3644 3627 3707 oratio;
3659 3660 3699 3699 et

2142 3716 2261 3773 ideo
2302 3719 2536 3788 graviter
2567 3722 2727 3776 instat
2759 3739 2773 3776 :
2805 3723 2911 3778 scit
2942 3726 3102 3781 etiam
3144 3729 3340 3785 Paulus
3386 3737 3532 3803 quod
3574 3740 3699 3793 multi

2141 3820 2418 3879 precantes
2453 3811 2562 3866 sint
2589 3812 2801 3869 desides
2828 3826 2883 3872 et
2911 3831 3122 3888 segnes.
3153 3821 3523 3889 Quamobrem
3561 3832 3697 3891 dicit.

2143 3900 2377 3957 Orationi
2399 3905 2598 3970 instate,
2636 3916 2904 3976 tamquam
2934 3914 3003 3966 de
3029 3926 3089 3967 re
3108 3911 3407 3971 lab0riosa.
3451 3919 3699 3993 Vigilaata

2138 3996 2190 4050 in
2219 4012 2276 4049 ea
2304 3996 2355 4049 in
2396 3999 2677 4066 gratiarum
2720 4000 2935 4054 actione.
2978 4001 3111 4069 Hoc,
3140 4004 3332 4077 inquit,
3378 4012 3453 4064 sit
3490 4026 3695 4069 vestrum

2140 4105 2333 4144 munus
2363 4100 2417 4144 et
2446 4089 2701 4157 officium,
2733 4094 2787 4147 in
2825 4094 3073 4163 precibus
3105 4112 3264 4168 agere
3294 4104 3522 4171 gratias,
3550 4118 3598 4162 et
3624 4126 3696 4176 pro

2137 4181 2435 4237 manifestis
2476 4193 2530 4238 et
2559 4199 2655 4253 pro
2688 4199 2791 4239 non
2823 4186 3140 4255 manifestis,
3170 4203 3224 4245 et
3257 4207 3359 4261 pro
3390 4196 3457 4249 iis
3486 4214 3601 4268 quae
3625 4216 3695 4253 ro-

2138 4276 2369 4332 lentibus
2406 4284 2461 4330 et
2504 4292 2603 4345 pro
2655 4275 2719 4331 iis
2768 4292 2889 4348 quae
2944 4278 3125 4335 invitis
3174 4282 3467 4353 benefecit,
3521 4302 3573 4344 et
3621 4307 3693 4360 pro

2136 4382 2301 4437 regno
2342 4376 2396 4421 et
2430 4381 2527 4437 pro
2564 4368 2828 4439 gehenna,
2857 4377 2914 4424 et
2959 4386 3055 4440 pro
3082 4370 3376 4432 afflictione
3419 4390 3476 4433 et
3508 4398 3598 4451 pro
3630 4400 3691 4436 re-

2136 4459 2429 4513 creatione.
2451 4458 2539 4513 Sic
2566 4460 2709 4513 enim
2741 4474 2856 4514 mos
2885 4471 2970 4516 est
2997 4465 3195 4519 sanctis
3223 4480 3411 4535 orare,
3441 4484 3495 4525 et
3525 4478 3690 4543 gratias

2135 4567 2293 4622 agere
2317 4565 2411 4618 pro
2433 4549 2803 4605 communibus
2833 4550 3124 4609 beneficiis.

2213 4647 2265 4701 ‘5.
2318 4644 2427 4698 Viri
2453 4645 2717 4714 cujusdam
2746 4648 2908 4699 sancti
2932 4649 3377 4717 precatio.—Scio
3406 4670 3511 4725 ego
3538 4674 3686 4728 quem-

2135 4739 2258 4793 dam
2284 4738 2458 4793 virum
2488 4748 2730 4792 sanctum
2762 4739 2840 4792 sic
2865 4754 3068 4795 orasse.
3098 4742 3213 4798 Prze
3244 4743 3351 4800 hoc
3390 4752 3563 4805 verbo
3589 4753 3681 4805 nihil

2138 4831 2278 4884 aliud
2319 4829 2552 4896 dicebat,
2597 4845 2755 4899 quam
2788 4848 2801 4884 :
2832 4830 3044 4886 Gratias
3083 4835 3292 4903 agimus
3329 4852 3436 4907 pro
3478 4844 3683 4896 omnibus

2138 4922 2410 4977 beneﬁciis
2441 4922 2565 4986 tuis,
2598 4938 2715 4990 qua:
2736 4937 2764 4975 a
2796 4923 2966 4990 primo
2991 4925 3078 4979 die
3104 4941 3271 4996 usque
3299 4930 3367 4983 ad
3400 4948 3687 5001 praesentes.

2137 5014 2278 5067 diem
2308 5012 2463 5079 nobis
2490 5010 2722 5081 indignis
2750 5022 2874 5067 sunt
2895 5013 3085 5069 collata
3115 5032 3130 5070 :
3161 5031 3257 5086 pro
3281 5020 3348 5073 iis
3378 5038 3505 5091 quae
3528 5028 3684 5079 scimus

2137 5114 2193 5158 et
2233 5103 2523 5169 nescimus,
2572 5117 2669 5172 pro
2718 5105 3037 5172 manifestis,
3091 5123 3187 5176 pro
3243 5126 3352 5164 non
3400 5119 3686 5176 manifestis.

2136 5213 2253 5267 qua:
2275 5211 2436 5267 opere
2460 5194 2596 5250 facta
2622 5205 2746 5251 sunt
2768 5209 2821 5252 et
2847 5214 2963 5268 qua:
2988 5215 3252 5265 sermone,
3278 5220 3403 5273 qua:
3424 5210 3690 5264 voluntarie

2140 5291 2275 5343 facta
2324 5300 2450 5343 sunt
2488 5301 2541 5343 et
2575 5290 2955 5358 involuntarie,
3001 5308 3097 5362 pro
3134 5298 3387 5353 omnibus
3426 5316 3547 5372 qua:
3584 5306 3689 5357 lacu

2120 5390 2262 5445 sunt
2294 5381 2448 5435 nobis
2490 5380 2738 5450 indignis,
2788 5396 2884 5450 pro
2921 5381 3320 5451 afﬂictionibus,
3365 5406 3468 5458 pro
3506 5409 3690 5447 recrea-

2142 5473 2392 5537 tionibus,
2428 5489 2527 5542 pro
2570 5475 2852 5543 supplicio,
2892 5490 2987 5544 pro
3022 5492 3186 5545 regno
3229 5479 3504 5537 cados-um.
3545 5485 3691 5553 Roga.

2140 5580 2259 5618 mus
2300 5572 2358 5617 nt
2391 5579 2678 5619 conserves
2705 5567 2939 5619 animam
2973 5576 3206 5621 nostram
3238 5581 3499 5637 sanctam,
3530 5592 3688 5643 puram

2144 5658 2424 5713 habentem
2446 5659 2849 5723 conscientiam,
2876 5658 3032 5714 ﬁnem
3056 5659 3273 5731 dignum
3298 5674 3382 5718 tua
3408 5668 3686 5721 Clementia.

2139 5749 2240 5815 Qui
2278 5747 2356 5803 sic
2378 5743 2627 5804 ‘dilexisti
2658 5764 2755 5805 nos
2811 5759 2870 5804 ut
2915 5752 3241 5821 unigenitum
3292 5754 3483 5812 Filium
3526 5762 3684 5819 dares.

2142 5838 2362 5911 dignare
2384 5857 2483 5896 nos
2511 5857 2632 5898 esse
2655 5843 2843 5912 dignos
2870 5844 3090 5900 caritate
3114 5861 3128 5895 :
3168 5846 3234 5900 da
3262 5846 3315 5901 in
3345 5864 3585 5904 sermone
3609 5863 3684 5903 tuo

2144 5934 2480 6004 sapientiam,
2505 5944 2557 5989 et
2581 5934 2632 5987 in
2661 5935 2850 5990 timore
2872 5942 2980 5997 tuo,
3010 5936 3277 6007 unigenite
3304 5938 3521 6008 Christe,
3554 5951 3681 5996 tuan:
