3874 6526
236 457 352 513 367

242 579 346 646 Τις
370 579 540 636 ἐστιν
576 583 646 649 ἐξ
692 580 862 656 ὑμῶν
892 588 1221 659 ἅνθρωπος,
1253 594 1326 648 ὃν
1369 595 1480 650 ἐὰν
1530 595 1751 668 αἰτήσῃ
1781 603 1816 654 ό

232 669 377 734 υἱὸς
427 668 628 738 ἄρτον,
660 673 746 743 μὴ
786 677 961 730 λίθον
1004 678 1284 736 ἐπιδώσει
1325 685 1485 751 αὐτῷ
1507 703 1526 748 ;
1561 688 1658 741 καὶ
1703 688 1812 742 ἐὰν

239 756 260 807 ι
263 757 422 824 χθύν
435 761 675 828 αἰτήσῃ,
697 761 780 830 μὴ
800 763 938 832 ὅφιν
953 765 1229 822 ἐπιδώσει
1253 771 1414 838 αὐτῷ
1427 789 1446 831 :
1461 805 1532 813 —
1548 777 1614 828 Οἱ
1629 776 1808 830 πατέ-

225 859 365 908 ρες,
387 845 472 913 μὴ
492 847 771 914 ἐρεθίζετε
803 852 873 905 τὰ
903 854 1085 907 τέκνα
1106 857 1292 925 ὑμῶν,
1333 860 1432 912 ἵνα
1463 860 1549 929 μὴ
1580 863 1810 933 ἀθυμῶ-

236 946 368 984 σιν.
408 935 472 986 Ὃ
504 935 737 1004 μάλιστα
778 938 973 1004 αὐτοὺς
1013 942 1128 1012 ᾔδει
1159 943 1382 999 δυνατὸν
1413 947 1618 1012 δακεῖν,
1654 951 1809 1005 τοῦτο

231 1018 477 1086 τέθεικε,
527 1024 621 1075 καὶ
659 1025 1016 1099 φιλικώτερον
1060 1027 1211 1084 εἶπεν
1266 1035 1571 1089 ἐπιτάττων
1600 1039 1833 1102 αὐτοῖς,’

235 1109 339 1159 καὶ
371 1109 605 1178 οὐδαμοῦ
644 1114 735 1165 τὸν
767 1114 899 1168 Θεὸν
935 1117 1148 1186 τίθησιν
1170 1137 1182 1150 ·
1231 1122 1500 1175 ἐπέκλασε
1543 1126 1650 1196 γάρ
1682 1129 1808 1189 τοὺς

234 1194 458 1261 γονέας,
491 1199 587 1250 καὶ
618 1201 966 1272 κατέκαμψεν
995 1206 1174 1258 αὐτῶν
1206 1208 1272 1260 τὰ
1303 1194 1707 1280 σπλάγχναξΤὸ
1727 1215 1804 1274 δὲ.

232 1282 340 1349 Μὴ
371 1283 670 1352 ἐρεθίζετε,
701 1287 857 1341 τοῦτό
902 1292 1038 1354 ἐστι,
1069 1295 1158 1362 Μὴ
1210 1296 1678 1368 φιλονεικοτέρους
1709 1303 1808 1354 αὐ-

233 1368 370 1431 τοὺς
433 1374 674 1424 ποιεῖτε·
717 1373 864 1429 ἔστιν
910 1378 1044 1431 ὅπου
1101 1381 1194 1434 καὶ
1240 1388 1537 1454 συγχωρεῖν
1595 1387 1807 1456 ὀφείλε-

231 1471 323 1542 τε.
370 1450 506 1510 Εἶτα
553 1459 646 1511 ἐπὶ
711 1464 902 1535 τρίτην
962 1462 1125 1534 ἦλθεν
1166 1450 1376 1542 ἀρχὴν,
1429 1450 1496 1525 Οἱ
1558 1450 1804 1540 δοῦλοι,

230 1539 438 1609 λέγων,
473 1547 808 1602 ὑπακούετε
836 1551 960 1616 τοῖς
985 1559 1134 1606 κατὰ
1157 1539 1354 1622 σάρκα
1391 1562 1640 1626 κυρίοις.
1685 1539 1805 1616 Ἐνέ

232 1629 417 1683 ταῦθα
453 1631 567 1686 ἔστι
604 1635 702 1704 μέν
721 1653 773 1689 τι
801 1638 895 1690 καὶ
933 1639 1172 1710 φίλτρον,
1205 1645 1318 1696 ἀλλ’
1340 1647 1523 1700 οὐκέτι
1556 1651 1803 1716 φυσικὸν,

233 1719 494 1791 καθάπερ
529 1722 661 1790 ἄνω,
699 1726 836 1780 ἀλλὰ
875 1730 1183 1799 συνηθείας,
1218 1736 1311 1786 καὶ
1348 1735 1442 1788 ἀπ’
1492 1737 1658 1806 αὐτῆς
1707 1739 1806 1809 τῆς

235 1807 438 1879 ἀρχῆς,
477 1813 568 1863 καὶ
595 1812 702 1866 ἀπὸ
741 1815 848 1868 τῶν
878 1815 1072 1885 ἔργων.
1119 1821 1275 1886 ,Ἐπεὶ
1328 1818 1420 1876 οὖν
1467 1824 1701 1878 ἐνταῦθα
1747 1807 1805 1878 τὸ

241 1895 350 1963 μὲν
377 1895 466 1982 τοῦ
513 1897 734 1968 φίλτρου
786 1902 1178 1974 ὑποτέτμηται,
1228 1908 1288 1960 τὸ
1319 1909 1373 1962 δὲ
1407 1911 1506 1980 τῆς
1561 1911 1806 1982 ὑπακοῆς

234 1979 578 2048 ἐπιτέταται,
617 1986 793 2057 τούτῳ
822 1990 1167 2061 ἐνδιατρίϐει,
1215 1994 1554 2064 βουλόμενος,
1590 2001 1727 2068 ὅπερ
1756 2001 1803 2052 οἰ

234 2068 448 2135 πρῶτοι
483 2071 697 2140 ἔχουσιν
722 2076 830 2140 ἀπὶ)
867 2078 966 2147 τῆς
1003 2079 1237 2147 φύσεως,
1272 2083 1427 2137 τοῦτο
1465 2086 1648 2139 δοῦναι
1679 2087 1804 2140 τού-

230 2171 355 2218 τοις
385 2157 492 2210 ἀπὺ
524 2161 623 2228 τῆς
653 2161 918 2233 ὑπακοῆς.
962 2167 1122 2220 Ὥστε
1162 2170 1259 2240 οὐχ
1294 2172 1435 2243 ὑπὲρ
1469 2173 1576 2227 τῶν
1612 2175 1806 2230 δεσπο-

227 2241 348 2335 τῶν
375 2246 485 2307 τοῖς
517 2247 754 2335 οἰκέταις
787 2252 965 2320 μόνοις
1000 2254 1327 2324 διαλέγεται,
1359 2241 1498 2313 ἀλλά
1528 2264 1623 2315 καὶ
1659 2264 1803 2335 ὑπὲρ

231 2328 440 2396 αὐτῶν,
472 2331 559 2384 ῖνα
594 2333 871 2400 ποθεινοὺς
908 2340 1134 2405 ἑαυτοὺς
1190 2344 1531 2414 ἐργάζωνται
1564 2353 1674 2410 τοῖς
1718 2351 1801 2404 δε-

231 2417 486 2482 σπόταις.
530 2421 666 2474 Ἀλλ’
713 2426 772 2477 οὐ
813 2427 990 2498 τίθησι
1026 2429 1182 2484 τοῦτο
1207 2435 1455 2503 φανερῶς
1481 2451 1494 2465 ·
1527 2433 1562 2509 ἦ
1603 2439 1709 2510 γὰρ
1737 2439 1804 2494 ἂν

230 2504 464 2570 ὑπτίους
503 2509 700 2574 αὐτοὺς
759 2515 1036 2585 ἐποίησεν.
1073 2521 1136 2570 Ol
1183 2519 1413 2587 δοῦλοι,
1455 2504 1638 2594 φησὶν,
1678 2504 1805 2582 ’ὐπ-

227 2593 486 2647 ακούετε
511 2598 657 2650 κατὰ
680 2599 873 2652 πάντα
912 2603 1034 2668 τοῖς
1060 2611 1205 2658 κατὰ
1236 2606 1432 2674 σάρκα
1459 2593 1706 2679 κυρίοις.

309 2680 377 2749 β’.
399 2683 508 2735 Καὶ
525 2686 622 2754 ὅρα
640 2686 753 2748 πῶς
771 2688 857 2741 ἀεὶ
869 2689 934 2742 τὰ
951 2691 1187 2761 ὀνόματα
1203 2695 1402 2765 τίθησι,
1423 2701 1804 2768 γυναῖκες,τὰ

229 2766 441 2830 τέκνα,
460 2773 514 2823 al
535 2772 761 2837 δοῦλοι,
792 2775 866 2838 ὡς
891 2777 1163 2852 δικαίωμα
1184 2781 1277 2832 τοῦ
1311 2784 1628 2841 ὑπακούειν.
1665 2789 1802 2842 Ἀλλ’

229 2853 326 2907 ῖνα
356 2856 431 2926 μὴ
454 2857 685 2932 ἁλγήσῃ,
717 2865 959 2933 ἐπήγαγε
979 2881 993 2894 ⁸
1019 2866 1145 2930 Τοῖς
1165 2870 1312 2922 κατὰ
1337 2871 1531 2940 σάρκα
1553 2877 1801 2943 κυρίοις.

231 2943 315 2995 Τὸ
358 2948 603 3014 κρεῖττόν
635 2966 727 3002 σου
757 2953 789 3021 ή
820 2953 966 3022 ψυχὴ
1012 2955 1393 3028 ὲλευθόρωται,
1426 2962 1587 3031 φησί·
1631 2966 1800 3036 πρόσ-

229 3047 434 3102 καιρος
459 3037 492 3104 η
530 3033 764 3090 δουλεία.
821 3041 1027 3094 Ἐκεῖνο
1054 3043 1234 3095 τοίνυν
1265 3047 1550 3112 ὑπόταξον,
1582 3051 1668 3104 ἵνα
1700 3071 1804 3123 μη·-

229 3119 361 3172 κέτι
375 3121 667 3196 ἀνάγκηςῇ
692 3127 724 3197 ἡ
750 3127 980 3182 δουλεία.
1003 3130 1096 3197 Μὴ
1120 3133 1188 3183 ἐν
1208 3119 1800 3207 όφθαλμοδουλείαις,

231 3208 326 3273 ὡς
352 3211 848 3280 ἀνθρωπάρεσκοι.
885 3218 1133 3288 Ποίησον,
1161 3223 1312 3288 φησὶ,
1345 3222 1440 3293 τὴν
1468 3225 1576 3277 ἀπὸ
1600 3226 1691 3279 τοῦ
1720 3229 1804 3280 νό-

237 3314 353 3366 μου
385 3300 624 3354 δουλείαν
660 3304 770 3357 ἀπὸ
812 3305 906 3358 τοῦ
939 3306 1102 3375 φόϐου
1135 3308 1379 3376 γίνεσθαι
1412 3311 1505 3364 τοῦ
1544 3314 1800 3383 Χριστοῦ.

231 3383 362 3437 Κᾶν
388 3386 492 3458 γὰρ
524 3391 597 3458 μὴ
625 3390 856 3459 ὁρῶντος
885 3393 1090 3446 ἐκείνου
1121 3397 1365 3468 πράττῃς
1395 3398 1462 3452 τὰ
1494 3397 1680 3453 δέοντα
1713 3403 1806 3454 καὶ

226 3472 305 3525 τά
340 3474 477 3545 πρὸς
506 3477 672 3548 τιμὴν
699 3478 791 3531 τοῦ
822 3480 1103 3545 δεσπότου,
1133 3483 1372 3553 δηλονότι
1404 3485 1492 3540 διὰ
1531 3488 1622 3540 τὸν
1650 3489 1806 3542 ἀκοί-

231 3578 414 3633 μητον
438 3565 714 3636 ὀφθαλμὸν
736 3571 928 3632 ποιεῖς.
953 3569 1050 3638 Μὴ
1074 3574 1199 3625 κατ’
1227 3575 1802 3644 ὀφθαλμοδουλείαν,

231 3653 429 3719 φησὶν,
461 3653 541 3718 ὡς
564 3655 1074 3723 ἀνθρωπάρεσκοι.
1095 3659 1256 3712 Ὥστε
1285 3662 1442 3730 ὑμεῖς
1469 3663 1567 3734 τὴν
1602 3664 1806 3737 βλάϐην

231 3737 637 3810 ὑποστήσεσθε.
686 3744 884 3796 Ἀκουε
915 3744 1024 3814 γὰρ
1049 3746 1142 3799 τοῦ
1189 3748 1474 3820 Προφήτου
1519 3749 1802 3821 λέγοντοςο

227 3828 634 3895 Διεσκόρπισε
670 3831 886 3899 Κύριος
913 3832 1064 3888 ὀστᾶ
1096 3835 1631 3905 ἀνθρωπαρέσκων.
1665 3843 1806 3914 Ὅρα

226 3913 422 3966 τοίνυν
453 3916 569 3979 πῶς
615 3918 794 3973 αὐτῶν
846 3919 1105 3989 φείδεται,
1141 3924 1238 3976 καὶ
1284 3925 1479 3990 αὐτοὺς
1529 3928 1802 4000 ῥυθμίζει.

243 4001 408 4056 Ἀλλ’
440 4003 510 4058 ἐν
555 4008 868 4075 ἁπλότητι,
910 4011 1063 4082 φησὶ,
1125 4012 1394 4080 καρδίας,
1452 4018 1806 4086 φοϐούμενοι

228 4088 349 4143 τὸν
371 4092 537 4146 θεόν.
579 4094 783 4148 Ἐκεῖνο
811 4098 920 4168 γὰρ
941 4099 1038 4168 οὐχ
1062 4099 1321 4170 ἁπλότης,
1349 4103 1463 4156 ἀλλ’
1495 4105 1803 4173 ὑπόκρισις,

229 4179 428 4250 ἕτερον
447 4181 590 4252 ἔχειν
611 4197 638 4224 ι
660 4186 754 4239 καὶ
779 4187 962 4257 ἕτερον
992 4192 1162 4242 ποιεῖν
1180 4207 1194 4221 ·
1221 4190 1379 4244 ἄλλον
1414 4193 1512 4262 μὲν
1541 4195 1806 4264 παρόντος

231 4269 531 4336 φαίνεσθαι
561 4271 654 4324 τοῦ
688 4273 969 4339 δεσπότου,
1013 4276 1172 4344 ἀλλον
1200 4277 1257 4330 δὲ
1305 4280 1556 4344 ἀπόντος.
1600 4283 1806 4338 Οὐκοῦν

230 4357 342 4426 οὐχ
366 4357 548 4422 ἁπλῶς
574 4356 728 4414 εἶπεν
751 4379 763 4391 ·
783 4363 886 4416 Ἔν
915 4349 1202 4432 ἁπλότὴτι
1223 4369 1488 4434 καρδίας,
1511 4370 1666 4434 ἀλλὰ,
1694 4375 1806 4426 Φο-

240 4443 522 4512 ϐοὐμενοι
553 4447 657 4500 τόν
685 4450 851 4506 Θεόν.
899 4450 1068 4504 Τοῦτο
1100 4453 1208 4523 γάρ
1241 4454 1358 4506 ἐστι
1395 4456 1676 4522 φοϐεῖσθαι
1715 4461 1806 4512 τὸν

244 4531 409 4596 Θεὸν,
430 4533 550 4587 ὅταν
575 4537 800 4608 μηδενὸς
815 4540 1068 4612 ὁρῶντος,
1099 4542 1266 4612 μηδὲν
1299 4545 1625 4615 πράττωμεν
1646 4565 1807 4619 πονη-

246 4619 383 4691 ρόν·
423 4620 487 4675 ἂν
525 4624 578 4676 δὲ
615 4627 967 4698 πράττοιμεν,
998 4630 1119 4700 οὐχὶ
1160 4631 1252 4683 τὸν
1304 4631 1456 4696 Θεὸν,
1497 4634 1634 4687 ἀλλά
1680 4637 1807 4700 τοὺς

237 4706 565 4778 ἀνθρώπους
588 4713 919 4785 φοϐούμεθα.
963 4717 1124 4788 Ὁρᾷς
1153 4718 1233 4770 ὅτι
1259 4717 1498 4782 ἐκείνους
1528 4721 1804 4791 ρυθμίζει;

234 4796 363 4848 Πᾶν
384 4797 413 4849 ὅ
445 4814 495 4851 τι
525 4799 592 4852 ἂν
625 4801 837 4871 ποιῆτε,
868 4804 1052 4874 φησὶν,
1088 4806 1151 4858 ὲκ
1176 4805 1353 4876 ψυχῆς
1384 4805 1704 4876 ἐργάζεσθε,
1732 4809 1808 4874 ὡς

231 4884 322 4954 τῷ
354 4886 562 4956 Κυρίῳ,
585 4891 679 4942 καὶ
696 4891 795 4944 οὐκ
818 4891 1144 4962 ἀνθρώποις.
1165 4895 1239 4946 Οὐ
1266 4895 1424 4964 μόνον
1443 4895 1802 4966 ὑποκρίσεως,

235 4972 385 5026 ἀλλά
415 4975 509 5027 καὶ
536 4976 733 5046 ἀργίας
750 4978 943 5042 αὐτοὺς
959 4980 1300 5051 ἀπηλλάχθαι
1321 4981 1587 5051 βούλεται.
1627 4985 1808 5038 Ἐλευ-

237 5060 442 5142 θέρους
470 5063 667 5127 αὐτοὺς
697 5066 950 5136 ἐποίησεν
984 5068 1104 5120 ἀντὶ
1130 5067 1352 5133 δούλων,
1384 5070 1512 5122 ὅταν
1545 5072 1619 5142 μὴ
1646 5071 1807 5125 δέων-

233 5168 336 5204 ται
371 5135 521 5224 [598]
572 5154 669 5224 τῆς
709 5154 818 5209 τῶν
845 5135 1137 5210 δεσποτῶν
1187 5135 1638 5222 ὲπιστασίαςίτδ
1676 5160 1805 5232 γὰρ,

252 5239 356 5292 Ἐκ
386 5241 616 5310 ψυχῆς,
651 5243 808 5296 τοῦτό
848 5245 983 5308 ἐστι,
1022 5245 1080 5298 τὺ
1119 5247 1235 5316 μετ’
1267 5247 1498 5310 εὐνοίας,
1551 5248 1623 5318 μὴ
1670 5250 1809 5318 μετὰ

237 5326 502 5398 δουλικῆς
530 5329 791 5401 ἀνάγκης,
831 5331 967 5385 ἀλλὰ
1000 5335 1117 5402 μετ’
1150 5333 1458 5404 ἐλευθερίας
1489 5335 1584 5388 καὶ
1613 5352 1808 5406 προαι-

239 5415 478 5486 ρέσεως.
507 5419 617 5470 Καὶ
647 5418 730 5480 τίς
755 5421 784 5472 ὀ
813 5419 1036 5489 μισθός;
1063 5421 1322 5487 Είδότες,
1357 5425 1542 5492 φησὶν,
1575 5421 1663 5475 ὅτι
1692 5421 1810 5476 ἀπὸ

235 5504 470 5571 Kvplov
495 5504 772 5573 λήψεσθε
806 5506 921 5575 τὴν
952 5509 1363 5563 ἀνταπόδοσιν
1388 5507 1495 5575 τῆς
1521 5514 1811 5576 κληρονο-

232 5593 386 5660 μίας
406 5591 596 5659 ἡμῶν
622 5593 701 5658 τῷ
725 5595 834 5664 γὰρ
860 5595 1052 5663 Κυρίῳ
1070 5595 1440 5650 δουλεύετει).
1462 5596 1666 5650 Οὐκοῦν
1684 5596 1811 5667 παρ’

237 5678 414 5731 αὐτοῦ
453 5678 614 5750 δῆλον
653 5680 739 5733 ὅτι
792 5681 1026 5752 λήψεσθε
1058 5681 1151 5736 τὸν
1203 5684 1414 5755 μισθόν.
1457 5684 1568 5739 Καὶ
1608 5685 1691 5739 ὅτι
1733 5683 1812 5756 τῷ

307 5823 540 5898 ιςὶΕννῷ
565 5824 723 5898 ἔχειγῗ
808 5891 846 5898 η
884 5890 894 5898 _
962 5890 971 5898 _
1125 5891 1138 5898 Α
1201 5891 1213 5898 _
1277 5888 1301 5898 υ

308 5889 339 5929 b
365 5885 489 5949 Reg.
515 5885 779 5938 δουλεύετε.
808 5890 898 5938 Καὶ
923 5890 1011 5954 γὰρ
1031 5891 1138 5953 παρ’
1161 5888 1324 5939 αὐτοῦ.

1175 470 1245 526 ΙΝ
1285 472 1503 531 EPIST.
1539 475 1632 530 AD
1669 475 1955 534 COLOSS.
1995 481 2146 538 CAP.
2189 481 2278 539 IV.
2342 482 2573 540 HOMIL.
2603 483 2678 540 Χ.

3369 490 3475 550 568

1907 603 2096 673 Κυρίῳ
2128 603 2429 670 δουλεύετε,
2459 604 2617 674 δῆλον
2660 608 2724 659 ὲκ
2765 605 2974 661 τούτου.
3011 606 3074 658 '0
3121 604 3188 658 δὲ
3230 605 3476 672 ἀδικῶν,

1909 691 2064 759 φησὶ,
2106 692 2411 760 κομίσεται
2441 691 2473 745 δ
2505 692 2821 760 ἠδίκησεν.
2857 692 3121 745 Ἐνταῦθα
3156 690 3366 761 βεϐαιοῖ
3385 694 3476 747 τὸν

1907 778 2170 850 πρότερον
2201 778 2382 847 λόγον.
2413 780 2533 832 Ἵνα
2563 781 2674 849 γὰρ
2716 780 2790 852 μὴ
2831 780 2958 851 δόξῃ
3010 779 3300 844 κολακείας
3333 777 3475 834 εἶναι

1904 865 1974 918 τὰ
2008 866 2247 936 ῥήματα,
2279 865 2566 934 Λήψεται,
2607 868 2793 937 φησὶν,
2819 867 2850 919 ὃ
2876 867 3130 933 ἠδίκησε
3151 883 3164 896 ·
3204 868 3472 929 τουτέστι,

1905 953 2000 1006 καὶ
2035 954 2306 1024 τιμωρίαν
2339 955 2552 1007 δίδωσιν
2577 969 2590 982 ·
2632 956 2714 1008 Οὐ
2745 953 2854 1023 γὰρ
2893 957 3022 1008 ἐστι
3076 959 3473 1022 προσωπολη-

1904 1044 2018 1111 ψία
2047 1045 2205 1109 παρὰ
2232 1041 2310 1108 τῷ
2348 1044 2488 1108 Θεῷ.
2525 1043 2589 1095 Τί
2632 1043 2761 1114 γὰρ.
2821 1045 2868 1095 εἰ
2915 1042 3100 1106 δοῦλος
3130 1039 3214 1107 εἷς
3252 1044 3352 1095 οὐκ
3390 1046 3475 1096 αε-

1909 1130 2098 1203 σχύνῃ.
2134 1131 2244 1184 Καὶ
2300 1131 2406 1201 μὴν
2435 1131 2593 1184 τοῦτο
2647 1130 2784 1200 πρὸς
2817 1141 2838 1168 ο
2889 1131 3015 1192 τοὺς
3069 1130 3332 1193 δεσπότας
3365 1131 3474 1182 ἔδει

1907 1220 2099 1279 εἰπεῖν,
2140 1218 2329 1290 ὥσπερ
2358 1219 2452 1271 καὶ
2482 1220 2538 1270 ὲν
2573 1220 2638 1288 τῇ
2671 1217 2806 1287 πρὸς
2857 1217 3160 1285 Ἐφεσίους.
3211 1217 3351 1270 Ἀλλ’
3381 1219 3469 1270 ὲν-

1905 1305 2078 1358 ταῦθά
2101 1324 2190 1376 μοι
2217 1306 2363 1359 δοκεῖ
2381 1307 2504 1368 τοὺς
2530 1305 2801 1371 Ἕλληνας
2834 1305 3166 1358 αἰνίττεσθαι
3186 1305 3468 1370 δεσπότας.

1905 1393 1970 1443 Τί
2001 1393 2128 1462 γὰρ,
2171 1394 2218 1444 εί
2259 1395 2465 1456 ἐκεῖνος
2519 1393 2616 1461 μὲν
2652 1391 2874 1462 Ἕλλην,
2913 1394 2976 1445 σὺ
3016 1392 3072 1444 δὲ
3115 1394 3468 1462 Χριστιανός;

1907 1481 1981 1532 Οὐ
2037 1482 2107 1534 τὰ
2159 1481 2446 1550 πρόσωπα,
2493 1479 2628 1532 ἀλλά
2671 1479 2738 1533 τά
2787 1481 3085 1549 πράγματα
3138 1479 3470 1544 ἐξετάζεται.

1908 1571 2069 1622 Ὥστε
2110 1571 2203 1623 καὶ
2231 1568 2372 1622 οὕτω
2413 1570 2528 1638 μετ’
2547 1569 2780 1632 εὐνοίας,
2809 1569 2904 1621 καὶ
2934 1570 2996 1621 ὲκ
3031 1568 3209 1638 ψυχῆς
3243 1569 3323 1621 δεῖ
3349 1569 3472 1621 δου-

1903 1657 2096 1712 λεύειν.
2126 1661 2187 1711 Οἱ
2218 1658 2428 1724 κύριοι,
2464 1656 2530 1709 τὸ
2561 1657 2797 1710 δίκαιον
2814 1657 2913 1709 καὶ
2934 1655 3046 1724 τὴν
3078 1657 3323 1724 ἰσότητα
3348 1656 3474 1723 τοῖς

1903 1746 2147 1811 δούλοις
2178 1745 2530 1814 παρέχεσθε.
2577 1745 2642 1796 Τί
2680 1745 2736 1796 δέ
2766 1748 2880 1798 ἐστι
2926 1745 2988 1797 τὸ
3031 1745 3300 1806 Numer;
3327 1744 3382 1797 τί
3414 1745 3471 1796 δέ

1902 1835 2049 1886 ἐστιν
2074 1835 2316 1898 1σότης;
2340 1833 2565 1886 Πάντων
2603 1832 2660 1884 ὲν
2691 1831 2923 1901 ἀφθονίᾳ
2957 1831 3242 1901 καθιστᾷν,
3272 1833 3368 1886 καὶ
3397 1831 3471 1902 μὴ

1902 1923 1996 1992 ὲᾷν
2045 1921 2245 1990 ἑτέρων
2278 1921 2508 1982 δεῖσθαι,
2559 1919 2693 1972 ἀλλά
2744 1919 3068 1988 ἀμείϐεσθαι
3118 1920 3314 1983 αὐτοὺς
3363 1920 3472 1972 τῶν

1904 2009 2100 2062 πόνων.
2131 2008 2221 2077 Μὴ
2257 2007 2384 2077 γὰρ,
2415 2007 2600 2078 ἐπειδὴ
2633 1999 2808 2068 εἷπον,
2832 2007 2912 2058 ὅτι
2947 2007 3097 2076 παρά
3121 2006 3256 2059 Θεοῦ
3288 2006 3472 2076 ἔχουσι

1899 2097 1992 2149 τὸν
2025 2095 2234 2164 μισθὸν,
2275 2093 2362 2146 διὰ
2392 2093 2552 2146 τοῦτο
2580 2095 2644 2146 σὺ
2676 2094 3080 2165 ἀποστερήσῃς.
3123 2093 3383 2164 Ἐτέρωθι
3413 2093 3470 2146 δέ

1901 2200 2086 2254 φησιν,
2129 2181 2412 2246 Ἄνιέντες
2443 2181 2555 2248 τὴν
2576 2179 2854 2247 ἀπειλὴν,
2887 2180 3271 2251 ἡμερωτέρους
3305 2181 3472 2260 ἐργά-

1903 2270 2098 2324 σασθαι
2141 2269 2459 2338 βουλόμενος
2481 2284 2495 2297 °
2527 2267 2724 2320 τέλειοι
2755 2267 2862 2337 γάρ
2887 2263 3028 2336 ἦσαν
3067 2269 3282 2320 ἐκεῖνοι.
3307 2269 3470 2320 Τουτ-

1900 2357 2070 2419 έστιν,
2115 2357 2217 2408 Ἐν
2255 2349 2302 2421 ᾧ
2348 2354 2542 2422 μέτρῳ
2578 2354 2862 2424 μετρεῖτε,
2897 2354 3466 2422 ἀντιμετρηθήσεται

1900 2446 2063 2514 ὑμῖν.
2087 2445 2194 2498 Καὶ
2222 2443 2302 2509 τὸ,
2331 2445 2452 2495 Οὐκ
2480 2443 2612 2495 ἐστι
2639 2441 3140 2508 προσωποληψία,
3183 2440 3320 2511 πρὸς
3343 2439 3469 2493 τού-

1899 2549 2027 2594 τους
2067 2529 2317 2601 είρηται·
2362 2531 2537 2581 κεῖται
2569 2529 2625 2582 δὲ
2665 2530 2752 2581 ἐπ’
2794 2528 3040 2591 ἐκείνων,
3085 2528 3171 2580 ἵνα
3215 2522 3359 2581 οῦτοι
3386 2527 3472 2581 δέ·

1901 2619 2122 2686 ξωνται.
2145 2619 2314 2671 Ὅταν
2342 2617 2451 2688 γὰρ
2473 2616 2642 2685 ἑτέρῳ
2658 2615 2898 2686 ἁρμόζον
2929 2615 3064 2685 πρὸς
3092 2616 3180 2667 ἓτε
3191 2633 3280 2686 ρον
3305 2615 3470 2669 εἴπωρ

1905 2726 2024 2780 μεν,
2054 2709 2155 2762 οὐκ
2177 2709 2383 2760 ἐκεῖνον
2413 2705 2690 2768 τοσοῦτον,
2724 2706 2846 2757 ὅσον
2878 2704 2966 2756 τὸν
2997 2703 3296 2758 ὑπεύθυνον
3337 2722 3469 2758 κατα

1900 2797 2256 2868 ωρθὼσαμεν.
2302 2796 2412 2848 Καὶ
2456 2795 2612 2864 ὑμεῖς
2659 2793 2775 2862 μετ’
2818 2792 3064 2858 ἐκείνων,
3125 2793 3310 2862 φησίν.
3356 2793 3470 2845 Ἐν-

1900 2885 2073 2938 ταῦθα
2113 2883 2294 2954 κοινὴν
2340 2882 2564 2951 ἐποίησε
2604 2881 2701 2952 τὴν
2728 2879 2971 2933 δουλείαν
2996 2897 3010 2910 θ
3049 2879 3290 2943 Ε’ίδότες
3337 2877 3466 2950 γὰρ,

1903 2976 2087 3044 φησὶν,
2123 2973 2211 3026 ὅτι
2262 2972 2362 3025 καὶ
2405 2970 2571 3039 ὑμεῖς
2599 2969 2768 3038 ἔχετε
2815 2971 3034 3038 Κύριον
3074 2970 3144 3023 ἐν
3168 2967 3467 3036 οὐρανοῖς.

1907 3063 1985 3130 Τῇ
2017 3058 2328 3129 προσευχτῇ
2361 3057 2883 3130 προσκαρτερεῖτε,
2919 3057 3352 3126 γρηγοροῦντες
3402 3056 3472 3108 ἐν

1902 3148 2055 3217 αὐτῇ
2077 3150 2149 3202 ἐν
2181 3147 2550 3216 εὐχαριστίᾳ.
2587 3145 2808 3215 Ἐπειδὴ
2839 3145 2945 3214 γὰρ
2991 3145 3052 3197 τὺ
3095 3147 3382 3216 καρτερεῖν
3411 3146 3470 3196 ὲν

1901 3240 2021 3300 ταῖς
2049 3237 2235 3306 εὐχαῖς
2258 3235 2522 3305 ῥᾳθυμεῖν
2553 3233 2812 3297 πολλάκις
2835 3234 2999 3300 ποιεῖ,
3028 3232 3115 3286 διά
3139 3231 3297 3285 τοῦτό
3314 3247 3467 3300 φησιο

1905 3323 2382 3393 Γρηγοροῦντες,
2407 3321 2676 3383 τουτέστι,
2707 3323 2985 3390 νήφοντες,
3017 3321 3091 3390 μὴ
3120 3319 3468 3391 ρεμϐόμενοι.

1904 3408 2026 3465 Οἵδε
2060 3411 2191 3481 γὰρ,
2237 3406 2377 3462 οἶδεν
2411 3410 2439 3462 ό
2478 3407 2726 3470 διάϐολος
2767 3408 2892 3460 ὅσον
2937 3407 3140 3475 ἀγαθὸν
3172 3407 3304 3478 εὐχή
3327 3423 3341 3436 °
3389 3405 3473 3459 διὸ

1907 3498 2077 3569 βαρὺς
2110 3497 2375 3566 ἔγκειται.
2411 3491 2531 3548 Οἵδε
2574 3496 2630 3548 δὲ
2680 3496 2774 3547 καὶ
2805 3493 3015 3556 Παῦλος
3048 3494 3165 3557 πῶς
3203 3493 3472 3563 ἀκηδιῶσι

1907 3583 2092 3638 πολλοὶ
2133 3584 2458 3655 εὐχόμενοι*
2512 3580 2616 3664 διό-
2642 3597 2798 3651 φησι,
2846 3575 3346 3649 Προσκαρτερεῖτε
3394 3577 3471 3648 τῇ

1906 3670 2241 3741 προσευχῇ,
2271 3670 2346 3733 ὡς
2375 3669 2502 3740 περί
2529 3686 2674 3731 τινος
2715 3668 2995 3720 ἐπιπόνου.
3026 3667 3473 3735 Γρηγοροῦντες

1903 3757 2170 3828 ἐναύτῇ,
2211 3759 2280 3813 ἐν
2306 3757 2677 3825 εὐχαριστίᾳ.
2713 3756 2882 3809 Τοῦτο
2924 3757 3053 3827 γὰρ,
3091 3755 3276 3826 φησὶν,
3298 3754 3474 3822 πέργον

1905 3847 2059 3918 ὑμῶν
2105 3846 2267 3912 ἔστω,
2319 3846 2376 3898 ἐν
2409 3847 2528 3907 ταῖς
2574 3843 2759 3913 εὐχαῖς
2812 3844 3152 3914 εὐχαριστεῖν
3197 3843 3292 3896 καὶ
3334 3843 3474 3912 ὑπὲρ

1904 3935 2011 3989 τῶν
2042 3933 2293 4004 φανερῶν
2336 3933 2432 3985 καὶ
2465 3931 2606 4000 ὑπὲρ
2651 3930 2762 3983 τῶν
2804 3920 3045 3998 ἀφανῶν,
3080 3931 3175 3984 καὶ
3209 3930 3348 4000 ὑπὲρ
3395 3922 3474 3984 ὧν

1907 4024 2132 4086 ἑκόντας
2166 4021 2259 4076 καὶ
2291 4020 2430 4092 ὑπὲρ
2457 4013 2533 4074 ὧν
2558 4020 2790 4082 ἄκοντας
2815 4019 3068 4087 ἐποίησεν
3098 4014 3181 4081 εὖ,
3208 4020 3302 4072 καὶ
3329 4018 3472 4088 ὑπὲρ

1909 4110 2186 4184 βασιλείας
2214 4108 2309 4162 καὶ
2352 4108 2492 4178 ὑπὲρ
2517 4107 2762 4178 γεέννης,
2798 4108 2892 4162 καὶ
2929 4107 3071 4178 ὑπὲρ
3118 4106 3346 4176 θλίψεως
3375 4106 3472 4159 καὶ

1907 4201 2047 4270 ὑπὲρ
2079 4198 2337 4260 ἀνέσεως.
2381 4195 2537 4249 Οὐτω
2561 4195 2669 4266 γὰρ
2704 4195 2824 4259 έθος
2847 4198 2960 4259 τοῖς
2984 4195 3156 4264 ἁγίοις
3192 4194 3467 4266 εὔχεσθαι,

1904 4287 2001 4342 καὶ
2023 4286 2163 4357 ὑπὲρ
2191 4286 2299 4337 τῶν
2329 4283 2522 4338 κοινῶν
2550 4282 2881 4353 εὐεργεσιῶν
2909 4284 3272 4354 εὐχαριστεῖν.

1974 4381 2045 4442 γ’.
2063 4369 2193 4427 Οἶδα
2213 4370 2323 4440 ἐγώ
2339 4388 2462 4424 τινα
2473 4370 2625 4438 ἆγιον
2647 4369 2814 4438 ἄνδρα
2835 4368 3006 4431 οὑτως
3030 4370 3338 4438 εὐχόμενον.
3366 4368 3470 4421 Οὐ-

1906 4462 1992 4516 δὲν
2013 4460 2118 4531 πρὸ
2140 4461 2328 4513 τούτου
2345 4458 2437 4512 τοῦ
2465 4459 2709 4528 ῥήματος
2727 4457 2930 4524 ἔλεγεν,
2965 4456 3079 4508 ἀλλ’
3099 4457 3201 4510 ὅτι.
3232 4457 3304 4508 Εὐ
3312 4473 3469 4526 χαρι-

1908 4546 2141 4618 στοῦμεν
2170 4547 2310 4617 ὑπὲρ
2349 4545 2539 4598 πασῶν
2583 4544 2691 4596 τῶν
2729 4544 3055 4614 εὐεργεσιῶν
3104 4561 3197 4596 σου
3245 4543 3354 4597 τῶν
3404 4546 3470 4598 ὲκ

1909 4635 2132 4708 πρώτης
2167 4633 2380 4704 ἡμέρας
2411 4633 2571 4703 μέχρι
2600 4631 2700 4701 τῆς
2728 4633 3011 4702 παρούσης
3052 4633 3130 4695 είς
3166 4633 3315 4702 ἡμᾶς
3343 4633 3470 4694 τοὺς

1912 4721 2061 4797 [599]
2093 4721 2343 4786 ἀναξίους
2389 4718 2843 4788 ἐπιδεικνυμένων
2866 4736 2880 4748 ·
2908 4719 3046 4789 ὑπὲρ
3083 4713 3157 4772 ὧν
3192 4720 3348 4789 ἴσμεν
3373 4721 3468 4772 καὶ

1908 4813 2009 4866 οὐκ
2052 4812 2229 4880 ἴσμεν,
2264 4807 2407 4878 ὑπὲρ
2433 4807 2542 4859 τῶν
2581 4805 2852 4876 φανερῶν,
2887 4806 3027 4877 ὑπὲρ
3059 4805 3165 4858 τῶν
3203 4806 3449 4874 ἀφανῶν,

1909 4900 2019 4953 τῶν
2044 4900 2099 4952 έν
2133 4897 2279 4968 ἔργῳ
2324 4895 2657 4967 γενομένων,
2685 4894 2793 4948 τῶν
2832 4897 2890 4947 ὲν
2923 4894 3083 4964 λόγῳ,
3119 4894 3228 4946 τῶν
3265 4893 3465 4959 ἑκοντὶ,

1908 4987 2018 5042 τῶν
2046 4985 2262 5039 ἀκοντί·
2302 4984 2492 5038 πασῶν
2517 4983 2626 5036 τῶν
2656 4985 2735 5047 εἰς
2770 4983 2895 5046 τοὺς
2923 4981 3172 5047 ἀναξίους
3201 4983 3346 5051 ἡμᾶς
3373 4997 3469 5049 γε·

1910 5073 2222 5144 γενημένων
2243 5087 2256 5100 ⁸
2297 5073 2438 5142 ὑπὲρ
2465 5070 2716 5140 θλίψεων,
2752 5070 2891 5141 ὑπὲρ
2925 5069 3183 5132 ἀνέσεων,
3209 5068 3348 5137 ὑπὲρ
3372 5067 3472 5137 τῆς

1911 5161 2155 5231 γεέννης,
2191 5159 2332 5230 ὑπὲρ
2380 5159 2482 5228 τῆς
2525 5158 2819 5220 κολάσεως,
2870 5157 3010 5226 ὑπὲρ
3047 5155 3319 5225 βασιλείας
3365 5154 3474 5208 τῶν

1912 5247 2177 5318 οὐρανῶν.
2203 5245 2530 5317 Παρακαλοῦ
2539 5245 2635 5313 μέν
2659 5261 2717 5296 σε
2743 5243 2977 5312 φυλάξαι
3113 5242 3292 5337 ψυχην
3314 5240 3484 5337 ἡμῶν.

1913 5337 2094 5403 ἀγίαν,
2128 5332 2374 5404 καθαρὰν
2399 5331 2700 5402 συνείδησιν
2729 5331 2978 5400 ἔχουσαν,
3009 5328 3161 5391 τέλος
3202 5329 3350 5392 ἄξιον
3375 5328 3474 5395 τῆς

1915 5420 2324 5492 φιλανθρωπίας
2363 5435 2476 5472 σου.
2547 5419 2605 5470 Ὀ
2660 5417 2953 5486 ἀγαπήσας
3002 5416 3149 5484 ἡμᾶς
3191 5413 3332 5467 ὥστε
3380 5412 3475 5466 τὸν

1914 5508 2191 5576 Μονογενῆ
2226 5524 2318 5559 σου
2347 5505 2528 5559 δοῦναι
2554 5505 2693 5574 ὑπὲρ
2714 5503 2890 5574 ἡμῶν,
2923 5501 3258 5568 καταξίωσον
3285 5501 3472 5566 ἀξίους

1915 5596 2164 5666 γενέσθαι
2190 5595 2286 5664 τῆς
2312 5595 2408 5665 σῆς
2425 5592 2642 5662 ἀγάπης
2665 5605 2680 5620 ⁸
2698 5590 2784 5652 δὸς
2808 5592 2864 5643 έν
2887 5589 2964 5658 τῷ
2979 5589 3120 5659 λόγῳ
3138 5605 3231 5641 σου
3261 5586 3470 5656 σοφίαν,

1916 5687 2011 5740 καὶ
2041 5683 2198 5754 ἐντῷ
2225 5682 2374 5753 φόϐῳ
2416 5698 2529 5744 σου,
2569 5677 2852 5749 μονογενὲς
2896 5675 3118 5749 Χριστὲ,
3171 5675 3478 5748 ἐμπνευσου

1975 5891 1996 5917 ι
2026 5885 2314 5948 Ρτειροεὶιὶο
2335 5894 2397 5932 ex
2417 5879 2556 5955 cpdd.
2583 5878 2770 5942 adjecta
2796 5882 2887 5929 est.
2911 5877 3045 5929 Εοιτ.
