3874 6590
431 534 541 591 569

436 648 594 719 ἰσχὺν
642 644 740 711 τὴν
787 644 937 713 παρὰ
986 641 1082 697 σοῦ
1110 659 1124 673 ·
1171 642 1201 697 ὁ
1233 640 1325 696 τδν
1376 640 1658 711 Μονογενῆ
1706 640 1831 705 δοὺς
1864 640 2006 710 ὑπὲρ

441 734 614 803 ἡμῶν,
643 733 735 785 καὶ
772 731 832 784 τὸ
861 728 1205 800 Πνεῦμάθσου
1232 728 1296 781 τὸ
1328 726 1485 795 ἅγιον
1513 726 1900 794 ἐξαποστείλας
1928 728 2009 789 εἰς

432 821 627 887 ἄφεσιν
673 816 782 871 τῶν
819 815 1102 888 ἡμετέρων
1146 814 1451 887 ἁμαρτιῶν,
1509 813 1565 868 εἴ
1602 832 1655 869 τι
1714 817 1929 878 ἑκόντες
1973 813 2008 884 ἦ

432 909 655 969 ἄκοντες
686 905 1027 977 ἡμάρτομεν,
1078 904 1454 976 συγχώρησον,
1504 903 1602 958 καὶ
1653 904 1727 974 μὴ
1774 902 1967 976 λογίσῃ
1991 918 2007 933 ο

437 993 708 1065 μνήσθητι
746 994 965 1046 πάντων
998 991 1108 1047 τῶν
1134 990 1581 1059 ἐπικαλουμένων
1616 991 1678 1044 τὸ
1702 990 1877 1060 ὄνομά
1911 1007 2006 1043 σου

434 1082 493 1134 ἐν
522 1079 777 1151 ἀληθείᾳο
811 1080 1083 1151 μνήσθητι
1110 1080 1329 1134 πάντων
1360 1080 1469 1132 τῶν
1498 1074 1584 1145 εὖ,
1620 1080 1716 1131 καὶ
1750 1077 2014 1132 τάναντία

433 1169 568 1237 ἡμῖν
600 1167 890 1220 θελόντων·
935 1169 1133 1225 πάντες
1178 1167 1287 1237 γὰρ
1318 1166 1596 1239 ἄνθρωποί
1645 1167 1833 1237 ἐσμεν.
1881 1161 2013 1218 Εἶτα

434 1255 647 1318 ἐπιθεὶς
674 1255 772 1325 τὴν
793 1254 957 1324 εὐχὴν
980 1255 1088 1306 τῶν
1120 1254 1350 1316 πιστῶν,
1382 1252 1617 1306 ἐνταῦθα
1652 1254 1907 1316 ἐπαύετο,
1938 1252 2013 1315 ώς

435 1342 706 1414 κορωνίδα
732 1341 857 1395 τινὰ
878 1343 971 1395 καὶ
990 1341 1285 1412 σύνδεσμον
1309 1341 1453 1410 ὑπὲρ
1483 1341 1699 1393 πάντων
1723 1340 1822 1411 τὴν
1851 1340 2014 1410 εὐχὴν

436 1430 826 1500 ποιησάμενος.
873 1429 1050 1482 Πολλὰ
1081 1430 1186 1499 γὰρ
1226 1431 1373 1500 ἡμᾶς
1403 1431 1431 1482 ό
1478 1428 1612 1491 Θεὸς
1641 1430 1736 1481 καὶ
1781 1429 2016 1491 ἄκοντας

437 1514 496 1572 εὖ
533 1521 709 1571 ποιεῖ’
752 1518 921 1571 πολλὰ
954 1518 1063 1587 γὰρ
1103 1518 1197 1570 καὶ
1226 1517 1325 1570 οὐκ
1363 1517 1597 1580 εἰδότας,
1633 1518 1729 1570 καὶ
1764 1517 2011 1586 μείζονα.

439 1608 610 1660 ’Όταν
640 1607 750 1677 γὰρ
780 1607 1041 1660 τάναντία
1080 1605 1391 1675 εὐχώμεθα,
1438 1605 1600 1666 αὐτὸς
1647 1606 1703 1657 δὲ
1755 1605 2017 1659 τάναντία

440 1695 593 1761 ποιῇ,
636 1692 797 1760 δῆλον
835 1692 915 1744 ὅτι
942 1691 1034 1744 καὶ
1063 1691 1165 1743 ούκ
1192 1690 1400 1753 εἰδότας
1448 1686 1508 1741 εὖ
1549 1691 1712 1741 ποιεῖ.
1748 1693 2016 1755 Προσευ-

439 1780 684 1847 κείμενοι
715 1779 836 1848 ἅμα
857 1780 955 1833 καὶ
983 1778 1117 1846 περὶ
1148 1776 1338 1846 ἡμῶν.
1371 1778 1509 1845 Ὅρα
1536 1777 1636 1847 τὴν
1656 1793 2017 1846 ταπεινοφρο-

441 1865 631 1935 σύνην,
675 1866 792 1936 μετ’
849 1866 1094 1929 ἐκείνους
1145 1864 1339 1918 ἐαυτὸν
1371 1864 1607 1933 τίθησιν.
1634 1864 1763 1917 Ἵνα
1809 1867 1841 1917 ό
1875 1864 2019 1929 Θεὸς

440 1953 657 2022 ἀνοίξῃ
682 1951 824 2022 ἡμῖν
847 1954 1036 2020 θύραν
1052 1952 1158 2006 τοῦ
1182 1951 1389 2020 λόγου,
1413 1949 1687 2018 λαλῆσαι
1711 1950 1777 2002 τὸ
1792 1950 2021 2019 μυστή-

433 2058 575 2111 ριον
616 2041 720 2095 τοῦ
764 2040 1044 2109 Χριστοῦ.
1086 2039 1305 2093 Εἷσοδόν
1336 2055 1471 2108 φησι
1525 2039 1621 2091 καὶ
1677 2037 2017 2109 παρρησίαν.

444 2128 613 2181 Βαδαί
638 2129 651 2181 ί
681 2130 709 2180 ό
735 2128 971 2198 ἀθλητὴς
1000 2128 1028 2179 ό
1054 2125 1306 2188 τοσοῦτος
1345 2126 1445 2177 οὐκ
1471 2119 1622 2177 εἶπεν
1642 2166 1656 2191 ,
1694 2125 1814 2178 ’Ίνα
1843 2124 2021 2177 ἁπαλ-

442 2216 593 2284 λαγῶ
624 2215 733 2268 τῶν
773 2214 1012 2284 δεσμῶν,
1057 2213 1196 2267 ἀλλὰ
1240 2211 1461 2282 δέσμιος
1493 2210 1568 2266 ὢν
1611 2212 1834 2282 ἐτέρους
1879 2228 2022 2281 παρ-

443 2306 630 2359 εκὰλει
652 2348 669 2371 ,
704 2303 799 2358 καὶ
834 2303 1133 2374 παρεκάλει
1187 2301 1282 2356 ἐπὶ
1312 2301 1599 2371 πράγματι
1657 2301 1899 2372 μεγάλῳ,
1935 2302 2023 2353 ἴνα

445 2391 758 2465 παρρησίαν
781 2390 942 2464 λάϐῃ.
986 2390 1067 2443 Τὰ
1097 2388 1192 2442 δύο
1230 2388 1462 2459 μεγάλα,
1494 2388 1590 2442 καὶ
1623 2390 1656 2459 ή
1686 2390 1908 2459 ποιότης
1926 2388 2022 2441 τοῦ

443 2479 755 2551 προσώπου,
805 2480 898 2532 καὶ
939 2478 972 2549 ἡ
1014 2474 1109 2529 τοῦ
1162 2476 1505 2547 πράγματος.
1554 2475 1765 2530 Βαϐαίί
1802 2477 1926 2529 ὅσον
1963 2475 2026 2528 τὸ

442 2568 680 2638 ἀξίωμα.
718 2567 788 2621 Τὸ
802 2562 1164 2636 μυστήριον,
1193 2564 1350 2634 φησὶ,
1376 2564 1484 2618 τοῦ
1509 2563 1789 2631 Χριστοῦ.
1808 2564 2027 2616 Δείκνυ-

445 2673 550 2721 σιν,
568 2656 649 2709 ὅτι
671 2654 821 2708 οὐδὲν
840 2654 991 2722 αὐτῷ
1007 2650 1198 2705 τούτου
1225 2650 1622 2723 ποθεινότερον,
1652 2651 1746 2705 τοῦ
1770 2651 2024 2721 λαλῆσαι.

442 2747 524 2798 Δι’
558 2743 590 2796 ὃ
626 2742 724 2796 καὶ
763 2741 1024 2810 δέδεμαι,
1056 2741 1157 2794 ἵνα
1187 2738 1514 2810 φανερώσω
1540 2740 1709 2803 αὐτὸ,
1739 2740 1820 2805 ὡς
1842 2738 1938 2793 δεῖ
1949 2755 2037 2809 με⁸

443 2832 734 2901 λαλῆσαι.
766 2832 921 2887 Μετὰ
959 2830 1183 2901 πολλῆς,
1221 2830 1377 2900 φησί,
1420 2829 1524 2900 τῆς
1564 2829 1903 2901 παρρησίας,
1936 2829 2030 2881 καὶ

450 2922 613 2993 μηδὲν
668 2919 1151 2988 ὑποστειλάμενον.
1218 2917 1417 2987 Ὁρᾷς,
1475 2917 1545 2971 τὰ
1577 2916 1753 2987 δεσμὰ
1803 2917 2030 2987 φανεροῖ

447 3010 633 3070 αὑτὸν,
670 3009 729 3062 06
768 3007 1070 3071 συσκιάζει.
1102 3005 1259 3060 Μετά
1292 3004 1517 3074 πολλῆς,
1558 3005 1710 3075 φησί,
1743 3004 1845 3074 τῆς
1887 3000 2031 3075 παρα

452 3098 668 3170 ρησίας.
716 3097 852 3151 Εἰπέ
888 3113 998 3167 μοι,
1036 3094 1098 3148 σὺ
1141 3094 1377 3159 δέδεσαι,
1410 3094 1507 3149 καὶ
1542 3093 1737 3156 ἄλλους
1776 3110 2031 3163 παρακα-

448 3186 592 3251 λεῖςς
634 3186 763 3247 Ναὶ,
802 3185 966 3255 φησί’
1004 3183 1232 3252 μείζονά
1267 3200 1358 3254 μοι
1397 3182 1712 3254 παρρησίαν
1750 3179 2029 3234 δίδωσιτὰ

449 3277 652 3347 δεσμάο
689 3274 826 3328 ἀλλὰ
876 3273 1068 3343 δέομαι
1107 3273 1211 3342 τῆς
1262 3272 1357 3326 τοῦ
1404 3271 1539 3325 Θεοῦ
1586 3270 1792 3341 ῥοπῆς*
1824 3270 2034 3339 ἥκουσα

451 3366 560 3436 γὰρ
575 3362 669 3416 τοῦ
697 3360 931 3431 Χριστοῦ
946 3360 1197 3428 λέγοντος
1211 3376 1226 3392 ⁸
1254 3360 1446 3414 ’Ὀταν
1464 3356 1835 3427 παραδιδῶσι
1854 3355 2031 3425 ὑμᾶς,

446 3452 535 3523 μὴ
561 3450 958 3521 μεριμνήσετε
993 3447 1175 3517 πῶςῆ
1199 3449 1257 3501 τί
1278 3446 1616 3514 λαλήσητε.
1644 3446 1757 3498 Καὶ
1785 3446 1886 3514 ὅρα
1917 3445 2034 3508 πῶς

457 3537 839 3612 μεταφορικῶς
858 3531 1033 3588 εἶπεν·
1060 3536 1194 3590 Ἵνα
1218 3536 1252 3589 ό
1279 3534 1424 3600 Θεὸς
1443 3532 1659 3600 ἀνοίξῃ
1677 3532 1822 3601 ἡμῖν
1847 3533 2036 3599 θύραν

453 3629 563 3683 τοῦ
588 3628 775 3696 λόγου
794 3642 810 3657 ο
846 3626 988 3695 Ὅρα
1021 3623 1138 3687 πῶς
1164 3624 1369 3693 ἄτυφός
1397 3624 1536 3688 ἐστι,
1570 3623 1669 3676 καίΙ
1700 3622 1818 3686 πῶς
1851 3622 2036 3685 ἐντοῖς

453 3717 671 3785 δεσμοῖς
700 3716 776 3766 ὢν
808 3712 1042 3766 ταπεινὰ
1067 3712 1363 3780 φθέγγεται
1384 3726 1398 3740 °
1433 3709 1737 3776 τούτεστιν,
1772 3709 1892 3762 Ἵνα
1928 3712 2033 3778 μα-

454 3805 590 3875 λάξῃ
608 3805 704 3867 τὰς
722 3802 949 3871 καρδίας
982 3800 1182 3857 αὐτῶν.
1205 3802 1322 3854 Οὐκ
1351 3795 1505 3854 εἶπεν
1535 3798 1731 3866 οὕτως,
1763 3797 1902 3862 ἀλλ’,
1921 3799 2038 3851 Ἵνα

455 3895 588 3964 ἡμῖν
622 3890 936 3962 παρρησίαν
982 3889 1080 3959 δῷ,
1122 3887 1567 3959 ταπεινοφρονῶν
1616 3886 1793 3950 οὕτως
1822 3885 2034 3957 εἴρηκε,

458 3981 557 4036 καὶ
598 3979 757 4032 τοῦτο
805 3979 942 4047 ὅπερ
998 3972 1168 4046 εἶχεν,
1203 3976 1346 4041 ἀξιοῖ
1392 3975 1602 4030 λαϐεῖν.
1657 3975 1940 4029 Δείκνυσιν
1980 3976 2039 4028 ὲν

455 4068 632 4141 ταύτῃ
657 4069 724 4138 τῇ
766 4065 1051 4136 Ἐπιστολῇ
1075 4065 1165 4119 διὰ
1190 4064 1243 4118 τί
1273 4065 1398 4119 τότε
1428 4064 1532 4118 οὐκ
1560 4059 1725 4134 ἦλθεν
1753 4065 1784 4117 ὁ
1803 4063 2040 4135 Χριστὸς

461 4174 544 4247 τῷ
575 4174 736 4229 σκιὰν
760 4175 945 4227 ἐκεῖνα
977 4172 1211 4226 καλέσαι
1234 4188 1249 4203 ·
1286 4170 1361 4225 Τὸ
1402 4169 1472 4224 δὲ
1508 4169 1701 4240 σῶμα,
1743 4170 1898 4241 φησί,
1932 4168 2040 4223 τοῦ

458 4275 742 4347 Χριστοῦ.
770 4275 932 4328 Ὥστε
958 4272 1065 4328 ἔδει
1086 4274 1145 4327 ἐν
1172 4274 1239 4344 τῇ
1270 4273 1399 4344 σκιᾷ
1427 4270 1733 4343 ἐθισθῆναι.
1759 4272 1915 4344 Ἀμα
1943 4270 2041 4326 καὶ

457 4383 558 4453 τῆς
587 4380 807 4453 ἀγάπης
832 4380 936 4452 τῆς
976 4381 1056 4444 εἰς
1087 4379 1286 4443 αὐτοὺς
1311 4376 1467 4451 [400]
1503 4377 1760 4449 μέγιστον
1784 4375 2039 4446 ἐμφαίνει

457 4489 758 4561 τεκμήριον
775 4504 789 4518 ’
820 4487 941 4542 Ἵνα
964 4486 1144 4557 ὑμεῖς,
1169 4485 1355 4557 φησὶν,
1389 4484 1680 4556 ἀκούσητετ
1711 4483 1853 4553 Ἐγὼ
1871 4482 1929 4537 δὲ
1954 4482 2042 4538 δέ·

461 4590 641 4660 δεμαι.
673 4588 843 4643 Πάλιν
867 4586 961 4640 τὸν
988 4586 1187 4657 δεσμὸν
1215 4586 1296 4649 εἰς
1335 4584 1498 4656 μέσον
1534 4584 1772 4655 τίθησιν,
1803 4578 1866 4637 06
1903 4583 2039 4651 σφό-

463 4677 566 4747 δρα
614 4674 744 4746 ἐρῶ,
788 4675 848 4738 ὃς
894 4673 1197 4743 διανίστησί
1231 4690 1333 4743 μου
1382 4673 1481 4744 τὴν
1527 4673 1772 4744 καρδίαν,
1810 4672 1905 4726 καὶ
1951 4671 2042 4725 ἀεὶ

464 4764 544 4826 εἰς
573 4762 864 4832 ἐπιθυμίαν
900 4761 1022 4828 ἄγει
1051 4761 1146 4814 τοῦ
1186 4761 1280 4814 τὸν
1324 4759 1535 4814 Παῦλον
1570 4760 1857 4832 δεδεμένον
1889 4759 2037 4824 ἰδεῖν,

465 4852 559 4903 καὶ
579 4852 635 4902 ἐν
654 4850 872 4917 δεσμοῖς
901 4850 1200 4918 γράφοντα.
1231 4848 1328 4901 καὶ
1346 4864 1415 4917 κη
1425 4846 1705 4917 ρύττοντα,
1739 4848 1832 4900 καὶ
1854 4845 2041 4917 βαπτίο

466 4936 649 5002 ζοντα,
685 4936 781 4988 καὶ
810 4935 1171 5005 κατηχοῦντα.
1215 4936 1389 5005 ’Υπὲρ
1410 4935 1518 4987 τῶν
1564 4935 1902 5005 Ἐκκλησιῶν
1932 4934 2042 4986 τῶν

469 5021 785 5093 ἁπανταχοῦ
826 5022 1123 5093 ἀνεφέρετο
1149 5022 1297 5092 αύτῴ
1324 5022 1617 5092 δεδεμένῳ.
1644 5023 1812 5094 μυρία
1846 5022 2043 5093 ᾠκοδό-

470 5129 561 5183 μει
591 5110 892 5179 δεδεμένος.
928 5110 1061 5161 Τότε
1088 5107 1308 5172 εὖλυτος
1340 5108 1537 5180 μᾶλλον
1579 5105 1668 5180 ἦν.
1704 5111 1904 5164 Ἀκουε
1930 5110 2043 5183 γὰρ

470 5199 635 5254 αὐτοῦ
669 5197 938 5265 λέγοντος
980 5197 1160 5251 Ὥστε
1200 5196 1345 5263 τοὺς
1393 5197 1681 5263 πλείονας
1714 5196 1831 5250 τῶν
1860 5197 2043 5253 ἀδελ-

469 5285 599 5358 φῶν
627 5286 986 5350 πεποιθότας
1009 5283 1134 5351 τοῖς
1163 5283 1411 5353 δεσμοῖς
1436 5301 1557 5353 μου
1601 5284 2042 5354 περισσοτέρως

470 5372 702 5443 τολμᾷν
730 5373 967 5440 ἀφόϐως
1001 5371 1108 5425 τὸν
1143 5373 1333 5441 λόγον
1368 5369 1603 5425 λαλεῖν.
1656 5371 1767 5425 Καὶ
1799 5371 1963 5434 αὐτὸς
1986 5372 2042 5424 δὲ

470 5463 634 5518 πάλιν
673 5458 833 5514 τοῦτο
874 5459 1127 5530 ὁμολογεῖ
1167 5459 1361 5529 λέγων·
1405 5459 1585 5513 Ὅταν
1629 5459 1739 5529 γὰρ
1784 5457 2037 5523 ἀσθενῶ,

472 5552 607 5606 τότε
642 5547 901 5612 δυνατός
927 5549 1061 5618 εἰμι.
1100 5547 1199 5602 Διὰ
1224 5547 1382 5602 τοῦτο
1409 5548 1505 5601 καὶ
1552 5545 1738 5614 ἔλεγεν
1758 5562 1771 5577 ο
1802 5547 1965 5601 Ἀλλ’
2010 5549 2045 5601 ό

472 5639 654 5708 λόγος
676 5636 785 5691 τοῦ
821 5635 970 5689 Θεοῦ
1010 5637 1083 5691 οὐ
1116 5635 1368 5690 δέδεται.
1413 5635 1722 5706 Ἐδεσμεῖτο
1754 5634 1891 5705 μετὰ
1936 5634 2045 5688 τῶν

474 5720 819 5792 κακούργων,
855 5718 993 5790 μετὰ
1028 5719 1137 5773 τῶν
1164 5719 1481 5790 δεσμωτῶν,
1534 5720 1673 5791 μετὰ
1708 5720 1817 5773 τῶν
1857 5719 2052 5789 ἀνδροος

474 5808 679 5877 φόνων·
719 5810 748 5861 ό
791 5807 889 5877 τῆς
930 5806 1255 5878 οἰκουμένης
1291 5807 1630 5872 διδάσκαλος,
1666 5809 1696 5861 ό
1736 5809 1816 5871 εἰς
1862 5808 2044 5877 τρίτον

476 5892 713 5947 ἀνελθὼν
770 5892 1022 5964 οὐρανὸν,
1053 5894 1083 5946 ὁ
1128 5893 1198 5948 τὰ
1247 5894 1462 5966 ἄρρητα
1516 5896 1737 5967 ῥήματα
1783 5896 2039 5961 ἀκούσας,

479 5980 704 6036 ἐδέδετο.
746 5980 906 6037 Ἀλλὰ
945 5982 1065 6037 τότε
1107 5986 1403 6055 ταχύτερος
1430 5986 1460 6039 ό
1495 5984 1693 6054 δρόμος
1734 5981 1820 6052 ἦν.
1867 5986 1927 6041 ’0
1954 5985 2041 6038 6e-

1177 524 1237 582 S.
1267 519 1555 578 JOANNIS
1582 517 2071 575 CHRYSOSTOMI
2104 519 2423 578 ARCHIEP.
2462 515 3011 577 CONSTANTINOP.

3574 513 3682 567 370

2116 641 2231 704 θεὶς
2258 642 2496 701 ἐλέλυτο.
2516 641 2610 695 καὶ
2628 641 2657 694 ό
2689 641 2763 711 μὴ
2800 638 3081 708 δεδεμένος
3111 634 3342 689 ἐδέδετο.
3381 627 3553 696 Θῦτος
3585 634 3678 703 μὲν

2112 727 2223 799 γὰρ
2260 729 2410 800 ὃπερζ
2435 727 2649 799 ἢθελεν,
2683 727 2981 797 ἔπραττεν·
3029 726 3238 787 ἐκεῖνος
3279 723 3339 776 δέ
3371 722 3537 775 αὐτὸν
3586 723 3683 776 οὐκ

2115 813 2375 880 ἐκώλυεν,
2400 814 2523 869 οὐδὲ
2542 815 2641 888 τὴν
2672 815 2808 868 ἰδίαν
2834 814 3074 885 ἐπλήρου
3092 810 3373 886 πρόθεσιν.
3397 811 3469 862 Τί
3497 812 3682 871 mut,

2115 901 2161 960 ὧ
2193 907 2422 977 ἀνόητες
2459 906 2534 978 μὴ
2561 906 2670 977 γὰρ
2694 906 3007 976 σωματικάς
3036 905 3153 957 ἐστι
3179 902 3450 974 δρομεύς;
3482 900 3559 969 μὴ
3583 901 3686 969 γὰρ

2117 994 2176 1048 ἐν
2209 994 2408 1065 σταδίῳ
2432 994 2509 1066 τῷ
2537 993 2669 1065 παρ’
2703 994 2835 1065 ἡμῖν
2865 991 3226 1061 ἀγωνίζεται;
3259 991 3319 1041 ἐν
3346 988 3566 1059 οὐρανῷ
3598 1005 3690 1040 πο-

2116 1081 2424 1135 λιτεύεται·
2477 1081 2570 1134 τὸν
2618 1083 2676 1134 ἐν
2720 1080 2936 1151 ούρανῷ
2968 1078 3231 1150 τρέχοντα
3266 1077 3433 1147 δῆσαι
3480 1076 3552 1127 τὰ
3604 1076 3689 1127 ἐπὶ

2118 1170 2223 1239 γῆς
2250 1170 2311 1223 06
2344 1170 2587 1233 δύναται,
2618 1169 2739 1223 οὐδέ
2783 1170 3095 1238 κατασχεῖν.
3129 1168 3243 1237 Οὐχ
3292 1167 3428 1235 ὁρᾷς
3487 1166 3694 1215 τουτονὶ

2118 1258 2210 1311 τὸν
2238 1259 2427 1328 ἧλιονς
2460 1258 2735 1329 Περίόαλε
2764 1258 2939 1327 δεσμὰ
2965 1258 3082 1318 ταῖς
3110 1255 3318 1313 ἀκτῖσι.
3352 1253 3559 1319 στῆσον
3602 1250 3694 1303 τοῦ

2119 1346 2321 1417 δρόμου
2342 1364 2355 1376 ·
2394 1347 2509 1400 ἀλλ’
2540 1347 2599 1400 06
2631 1346 2858 1417 δυνήσῃ.
2900 1342 3111 1397 Οὐκοῦν
3134 1342 3256 1396 ούδέ
3300 1340 3524 1394 Παῦλον
3544 1356 3559 1370 ·
3608 1340 3695 1392 καὶ

2122 1433 2300 1504 πολλῷ
2327 1434 2524 1507 μᾶλλον
2551 1434 2760 1498 τοῦτον,
2783 1432 2817 1503 ἢ
2848 1434 3056 1486 ἐκεῖνον
3075 1448 3089 1462 ·
3116 1430 3361 1492 πλείονος
3383 1428 3502 1497 γὰρ
3525 1419 3697 1489 οὗτος,

2121 1524 2154 1592 ἢ
2200 1526 2407 1587 ἐκεῖνος
2463 1521 2739 1577 ἀπέλαυσε
2772 1520 3051 1593 προνοίας,
3097 1520 3195 1573 ἆτε
3230 1520 3350 1586 φῶς
3406 1516 3595 1586 φέρων
3640 1516 3698 1567 ού

2122 1612 2360 1666 τοιοῦτον
2384 1612 2540 1683 ἡμῖν,
2569 1610 2706 1663 ἀλλὰ
2727 1611 2787 1663 τὸ
2813 1608 3065 1678 ἀληθινὸν
3097 1606 3404 1678 βαστάζων.
3451 1604 3566 1657 Ποῦ
3612 1604 3699 1656 νῦν

2124 1703 2260 1753 εἰσιν
2278 1700 2326 1752 οἰ
2355 1698 2521 1770 μηδὲν
2542 1697 2856 1768 βουλόμενοι
2883 1696 2973 1751 διὰ
2987 1696 3079 1750 τὸν
3098 1694 3335 1763 Χριστὸν
3352 1693 3623 1761 minam;
3651 1693 3699 1745 τί

2122 1789 2178 1842 δὲ
2212 1788 2354 1856 λέγω
2376 1788 2626 1855 πάσχειν,
2664 1787 2795 1839 ὅπου
2844 1801 2907 1853 γε
2948 1783 3069 1837 οὐδὲ
3104 1782 3368 1854 χρήματα
3424 1779 3700 1850 βούλονται

2126 1875 2427 1947 προέσθαι;
2465 1873 2718 1944 Ἐδέσμει
2748 1873 2841 1927 καὶ
2875 1869 3085 1934 Παῦλός
3109 1886 3262 1929 ποτε,
3300 1868 3400 1920 καὶ
3420 1864 3701 1918 ἐνέϐαλλεν

2125 1962 2205 2022 εἰς
2251 1960 2659 2031 δεσμωτήριον·
2701 1957 2815 2009 ἀλλ’
2850 1954 3040 2025 ἐπειδὴ
3080 1953 3176 2007 τοῦ
3224 1948 3474 2021 Χριστοῦ
3521 1950 3701 2016 γέγονε

2124 2045 2329 2111 δοῦλος,
2366 2046 2427 2099 06
2469 2045 2549 2116 τῷ
2578 2046 2753 2097 ποιεῖν
2790 2042 2999 2105 λοιπὸν,
3052 2039 3188 2095 ἀλλὰ
3212 2038 3291 2109 τῷ
3330 2038 3571 2106 πάσχειν
3626 2054 3704 2088 σε·

2131 2134 2406 2203 μνύνεται.
2432 2134 2542 2186 Καὶ
2567 2131 2725 2185 τοῦτο
2753 2130 2809 2184 δέ
2837 2129 2931 2183 τοῦ
2960 2126 3319 2200 κηρύγματος
3341 2124 3558 2193 θαῦμα,
3585 2125 3703 2176 ὅταν

2126 2221 2215 2276 διὰ
2252 2221 2360 2275 τῶν
2409 2220 2724 2290 πασχόντων
2760 2218 2962 2282 αὐτῶν,
3010 2216 3127 2270 ἀλλ’
3155 2216 3219 2269 06
3254 2214 3369 2268 τῶν
3408 2212 3706 2266 ποιούντων

2127 2311 2335 2375 κακῶς,
2371 2311 2545 2373 οὕτως
2587 2310 2867 2381 ἐγείρηται
2898 2308 2993 2361 καὶ
3018 2304 3271 2376 αὔξηται.
3303 2302 3420 2356 Ποῦ
3460 2319 3549 2363 τις
3577 2294 3707 2352 εἶδεν

2134 2400 2354 2469 ἀγῶνας
2377 2398 2685 2462 τοιούτους;
2725 2397 2783 2450 '0
2818 2396 3046 2467 πάσχων
3086 2393 3295 2455 κακῶς,
3351 2391 3517 2460 νικᾷο
3558 2387 3654 2440 καὶ
3680 2388 3709 2439 ὸ

2130 2488 2303 2542 ποιῶν
2337 2486 2543 2553 κακῶς,
2574 2487 2826 2558 ἡττᾶται.
2856 2480 3026 2547 Οὗτος
3046 2481 3255 2535 ἐκείνου
3285 2476 3671 2548 λαμπρότερος
3689 2489 3704 2503 ’

2130 2576 2221 2629 διὰ
2246 2574 2461 2647 δεσμῶν
2496 2574 2559 2627 τὸ
2590 2574 2852 2645 κήρυγμα
2888 2570 3154 2643 εἰσῆλθεν.
3198 2568 3319 2622 Ούκ
3361 2563 3705 2635 αἰσχύνομαι,

2131 2665 2270 2722 ἀλλὰ
2298 2665 2395 2718 καὶ⁸
2426 2663 2784 2734 σεμνύνομαι,
2817 2660 2974 2731 φησὶ,
3016 2658 3108 2711 τὸν
3147 2654 3577 2725 ἐσταυρωμένον
3618 2670 3710 2715 κη-

2132 2753 2661 2827 ρύττων.Ἐννόησον
2682 2751 2790 2822 γάρ
2818 2764 2942 2821 μοι·
2978 2748 3044 2801 Ἦ
3076 2746 3375 2815 οἰκουμένη
3410 2745 3565 2794 πᾶσα
3593 2744 3711 2801 τοὺς

2132 2845 2458 2915 λελυμένους
2506 2844 2726 2911 ἀφεῖσα,
2775 2842 2889 2903 τοῖς
2936 2837 3241 2907 δεδεμένοις
3270 2833 3545 2905 προσῄει·
3593 2832 3711 2891 τοὺς

2133 2934 2470 3006 δεσμοῦντας
2509 2928 2989 3001 ἀποστρεφομένη,
3020 2927 3146 2989 τοὺς
3190 2927 3291 2993 τὴν
3330 2922 3529 2977 ἅλυσιν
3565 2936 3713 2988 περιρ

2136 3022 2420 3093 κειμένους
2448 3021 2620 3091 τιμᾷ’
2660 3020 2788 3082 τοὺς
2830 3013 3252 3088 σταυρώσαντας
3293 3013 3604 3082 μισήσασα,
3628 3008 3713 3060 τὸν

2136 3112 2553 3187 ἐσταυρωμένον
2581 3109 2897 3181 προσκυνεῖ.

2206 3241 2270 3296 δ’.
2294 3241 2408 3295 Οὐκ
2424 3239 2537 3292 ἐστι
2552 3238 2712 3309 μόνον
2728 3232 3060 3306 θαυμαστὸν,
3080 3233 3165 3286 δτι
3190 3231 3389 3293 ἁλιεῖς,
3407 3230 3492 3282 ὅτι
3516 3224 3715 3280 ἰδιῶται

2136 3325 2275 3402 ἦσαν
2299 3330 2349 3382 οἱ
2387 3328 2649 3399 κήρυκες,
2679 3325 2793 3379 ἀλλ’
2826 3324 2909 3377 ὅτι
2936 3325 3032 3376 καὶ
3053 3320 3216 3391 ἕτερα
3258 3317 3585 3387 κωλύματα,
3621 3313 3711 3382 9°3-

2140 3436 2223 3472 σει
2250 3414 2549 3485 κωλύματα
2568 3413 2730 3485 ἦσαν,
2786 3411 2882 3465 καὶ
2911 3422 2939 3452 ι
2968 3409 3170 3463 πλείων
3210 3408 3441 3476 γέγονεν
3466 3406 3502 3475 ἡ
3548 3403 3713 3457 ἐπίδο-

2141 3524 2245 3570 σις.
2274 3507 2348 3560 06
2388 3505 2547 3575 μόνον
2574 3503 2725 3556 οὐδὲν
2773 3500 3046 3554 ἐκώλυσεν
3074 3500 3107 3570 ὴ
3159 3495 3423 3561 ἰδιωτεία,
3468 3492 3610 3546 ἀλλᾶ
3634 3490 3714 3543 καὶ

2140 3594 2270 3650 αὐτὸ
2289 3592 2448 3647 τοῦτο
2468 3590 2847 3662 φανερωθῆναι
2879 3588 3102 3657 ἐποίησε
3129 3584 3193 3638 τὸ
3209 3585 3281 3653 κη
3290 3599 3507 3653 ρυγμα.
3529 3580 3712 3632 Ἄκουε

2140 3682 2251 3753 γὰρ
2304 3680 2400 3735 τοῦ
2460 3680 2647 3733 Λουκᾶ
2707 3677 2985 3746 λέγοντος·
3048 3672 3165 3729 Kal
3219 3669 3712 3737 καταλαϐόμενοι,

2142 3772 2327 3843 φησιν,
2361 3770 2451 3824 ὅτι
2489 3766 2640 3841 [401]
2674 3766 2972 3834 ἄνθρωποι
3020 3758 3395 3831 ἀγράμματοί
3442 3760 3570 3811 εισι

2144 3842 2386 3920 ίδιῶται,
2414 3854 2764 3925 ἐθαύμαζον.
2805 3852 2881 3907 Ού
2915 3851 3077 3923 μόνον
3102 3848 3258 3902 οὐδὲν
3282 3845 3530 3900 ἐκώλυεν
3567 3845 3596 3895 ὁ
3634 3842 3715 3894 δε-

2146 3947 2304 4021 σμὸς,
2343 3945 2480 4001 ἀλλὰ
2505 3946 2601 3999 καὶ⁸
2622 3942 2754 3998 αὐτὸ
2779 3941 2939 3996 τοῦτο
2976 3938 3232 4008 ἐποίησεν
3259 3936 3465 3997 αὐτοὺς
3502 3933 3714 4021 θαρσα-

2143 4017 2460 4107 λεωτέρους.
2497 4033 2606 4102 Ούχ
2630 4031 2803 4093 οὕτως
2827 4029 3091 4100 ἐθάρρουν
3114 4028 3164 4078 οἰ
3194 4022 3461 4095 μαθηταὶ,
3498 4017 3715 4088 λελυμέ-

2144 4143 2238 4181 νου
2259 4123 2355 4177 τοῦ
2380 4121 2620 4182 Παύλου,
2650 4119 2724 4183 ὡς
2756 4118 3043 4186 δεδεμένου
3065 4130 3079 4143 ο
3111 4110 3573 4182 Περισσοτέρως
3594 4107 3713 4176 γὰρ.

2145 4213 2302 4285 φησὶ,
2327 4208 2561 4280 τολμᾷν
2576 4209 2811 4277 ἀφόϐως
2842 4205 2949 4258 τὸν
2967 4205 3155 4272 λόγον
3178 4198 3294 4253 τοῦ
3308 4199 3465 4252 Θεοῦ

2146 4283 2257 4358 Ποῦ
2294 4302 2344 4355 οί
2406 4297 2780 4368 ἀντεροῦντες,
2821 4295 2905 4348 ὅτι
2942 4292 3004 4344 06
3044 4290 3187 4343 θεῖον
3229 4288 3293 4341 τὸ
3338 4286 3647 4357 κήρυγμα;
3679 4283 3711 4350 ἡ

2149 4388 2389 4447 ἰδιωτεία
2433 4388 2534 4440 οὐκ
2578 4381 2647 4456 ἦν
2682 4382 2842 4453 ἱκανὴ
2872 4380 3094 4449 ποιῆσαι
3134 4374 3599 4444 καταγνωσθῆναι
3627 4371 3709 4423 αὖ·

2144 4477 2311 4544 τούς;
2359 4473 2553 4529 οὐκοῦν
2605 4471 2713 4525 ἔδει
2769 4468 3049 4522 κάνταῦθα
3081 4467 3109 4506 ιι
3163 4463 3408 4534 φοϐῆσαι
3477 4459 3707 4523 αὐτούς

2149 4567 2296 4621 Ἰστε
2329 4562 2442 4635 γὰρ
2469 4562 2553 4615 ὅτι
2579 4559 2673 4613 δύο
2713 4557 2909 4611 πάθεσι
2932 4554 3141 4615 τούτοις
3166 4552 3227 4606 τὸ
3259 4551 3470 4621 πλῆθος
3496 4549 3707 4616 κατέχεε

2145 4673 2257 4720 ται,
2292 4650 2566 4721 κενοδοξία
2620 4647 2715 4701 καὶ
2766 4645 2959 4715 δειλία.
3004 4644 3068 4696 Ἡ
3124 4640 3361 4695 ίδιωτεία
3415 4638 3523 4691 οὐκ
3581 4634 3705 4703 ﬁgis:

2148 4739 2609 4812 ἐπαισχύνεσθαι*
2671 4736 2722 4789 οί
2784 4733 3021 4787 κίνδυνοι
3072 4732 3150 4793 εἰς
3206 4726 3415 4780 δειλίαν
3471 4724 3701 4795 ἐμδαὶεῖν

2146 4830 2398 4903 ὤφειλον.
2435 4826 2596 4879 Ἀλλὰ
2622 4823 2899 4895 θαύματα,
2932 4819 3117 4889 φησὶν,
3150 4815 3391 4903 ἐποίουν.
3435 4812 3697 4903 Πιστεύετε

2147 4898 2241 4976 οὖν
2268 4920 2350 4973 ὃτι
2381 4916 2599 4971 ἐποίουν
2645 4911 2919 4981 θαύματα.
2959 4907 3098 4961 Ἀλλ’
3129 4906 3229 4958 οὐκ
3266 4901 3527 4968 ἐποίουν;
3566 4898 3707 4952 Τοῦτο

2151 5007 2337 5081 μεῖζον
2365 5006 2550 5078 θαῦμα
2580 5002 2673 5057 τοῦ
2700 5001 2897 5065 ποιεῖν,
2925 4998 2975 5051 εἰ
3012 4996 3181 5067 χωρὶς
3211 4993 3523 5064 θαυμάτων
3566 5003 3707 5059 προεο

2147 5098 2363 5168 ήγοντο.

2230 5231 2417 5303 Ἐδέθη
2456 5229 2552 5284 καὶ
2588 5227 2887 5299 Σωκράτης
2919 5222 3049 5293 παρ’
3080 5220 3340 5292 Ἕλλησι’
3376 5218 3437 5271 τί
3468 5213 3599 5279 οὗνς
3626 5216 3711 5303 06::

2148 5320 2349 5385 εὐθέως
2379 5301 2579 5389 ἔφυγον
2602 5318 2682 5379 εἰς
2708 5315 2943 5385 Μέγαρα
2964 5313 3013 5364 οἰ
3043 5307 3284 5382 μαθηταί
3306 5325 3323 5372 ;
3351 5306 3505 5359 Πάνυ
3537 5320 3602 5370 γε
3618 5319 3633 5332 ο
3659 5301 3709 5353 οὐ

2147 5410 2256 5483 γὰρ
2287 5411 2413 5474 τοὺς
2436 5408 2565 5478 περὶ
2595 5404 2893 5468 ἀθανασίας
2918 5400 3170 5466 ἐδέξαντο
3201 5397 3421 5465 λόγους.
3459 5393 3599 5447 Ἀλλ’
3623 5392 3710 5458 Bp:

2149 5498 2384 5554 ἐνταῦθα
2407 5513 2421 5527 ’
2456 5495 2614 5566 ἐδέθη
2635 5493 2872 5557 Παῦλος,
2905 5492 3003 5545 καὶ
3027 5486 3227 5559 μᾶλλον
3249 5486 3523 5557 ἐθάρρουν
3546 5484 3594 5534 οί
3622 5495 3709 5566 μαι

2149 5586 2310 5659 θηταί
2335 5603 2350 5618 ·
2389 5563 2648 5649 εἰκότωςο
2697 5581 2884 5651 ἐώρων
2921 5578 3033 5648 γὰρ
3057 5577 3161 5631 οὐκ
3205 5563 3703 5659 ἐμποδιζόμενοντδ

2148 5651 2428 5747 κήρυγμα.
2479 5672 2576 5745 Μὴ
2610 5670 2721 5743 γὰρ
2768 5668 3015 5739 γλῶτταν
3049 5664 3276 5718 δύνασαι
3299 5660 3501 5729 δῆσαις
3552 5651 3702 5717 ταύτῃ

2210 5864 2239 5895 δ
2260 5862 2412 5913 Savil.
2437 5860 2564 5920 conj.
2587 5857 2849 5920 κωλύματα
2872 5853 3113 5920 ﬁcetum}
3134 5851 3277 5920 κωλη
3299 5850 3420 5920 ἀλλά
3441 5846 3535 5896 καί.

2207 5926 2236 5967 b
2260 5903 2857 5987 ﬁbﬁcil'aiivﬁdﬁié}
2881 5903 3142 5983 'legenkfum
3183 5903 3274 5964 πᾶν
3306 5910 3471 5973 ταῦτα»
3493 5914 3644 5967 παιδ’
3659 5903 3686 5958 ⁸

2149 5984 2462 6040 ἰδιωτείακαὶ
2488 5986 2569 6035 δεσ
2577 5984 2679 6043 μοί,
