3874 6502
170 390 266 447 360

167 507 357 576 luspira
384 503 747 559 fortitudinem
777 520 791 557 :
824 505 913 574 qui
944 518 1040 573 pro
1068 504 1221 559 nobis
1252 504 1445 557 dedisti
1473 501 1728 571 Uuigeui-

164 611 288 661 tum,
315 606 369 651 et
397 607 637 651 sanctum
668 608 813 651 tuum
840 596 1064 651 emisisti
1093 596 1348 665 Spiritum
1378 597 1430 650 iu
1458 596 1729 651 remissio-

164 703 277 743 nem
308 698 647 756 peccatorum
673 696 1001 753 nostrorum,
1035 688 1080 743 si
1121 688 1247 758 quid
1271 688 1512 743 volentes
1539 688 1620 743 vel
1649 689 1727 742 in-

165 783 243 836 viti
282 782 639 851 peccavimus,
663 782 929 849 condoua,
960 792 1015 838 et
1042 798 1111 839 ne
1149 792 1363 854 reputes
1394 799 1409 837 :
1440 785 1726 839 recordare

158 873 383 928 omnium
411 873 501 942 qui
545 874 793 929 invocant
833 890 1029 930 nomen
1068 883 1216 930 tuum
1260 876 1314 929 in
1343 876 1608 942 veritate;
1640 892 1739 954 re-.

158 963 372 1019 cordare
417 965 655 1019 omnium
697 966 787 1036 qui
832 965 967 1021 bene
1000 974 1053 1020 et
1098 981 1253 1022 secus
1294 967 1448 1023 nobis
1494 969 1720 1023 volunt:

155 1068 335 1110 omnes
362 1056 502 1110 enim
528 1070 712 1111 sumus
738 1056 997 1113 homines.
1028 1058 1229 1114 Deinde
1255 1060 1460 1130 adjecta
1487 1060 1721 1117 ﬁdelium

154 1146 409 1212 oratione,
460 1145 629 1201 veluti
674 1147 899 1217 quadam
950 1148 1208 1205 coronide
1248 1159 1304 1205 et
1340 1166 1438 1222 pro
1474 1152 1723 1207 omnibus

151 1238 505 1308 colligatione,
548 1240 684 1295 facta
719 1255 900 1310 prece,
947 1239 1035 1295 hic
1073 1242 1338 1298 cessabat.
1380 1244 1541 1299 Multa
1578 1245 1719 1300 enim

149 1333 295 1387 nobis
325 1332 462 1387 bona
489 1332 617 1387 facit
647 1334 784 1389 Deus
810 1334 970 1390 etiam
1000 1335 1199 1401 invitis,
1232 1337 1395 1391 multa
1425 1352 1638 1409 quoque
1667 1347 1721 1394 et

147 1422 342 1492 majora
390 1424 770 1487 nescientibus.
823 1424 956 1480 Nam
1005 1428 1219 1496 quando
1271 1428 1539 1482 contraria
1594 1444 1719 1498 pre-

144 1531 342 1583 camur,
374 1516 489 1587 ipse
517 1527 695 1571 autem
739 1517 863 1574 facit
901 1520 1191 1583 contraria.
1222 1520 1399 1591 palam
1426 1530 1509 1575 est
1538 1521 1714 1591 ipsum

142 1608 500 1666 nescientibus
526 1609 661 1665 bene
689 1610 881 1666 facere.
915 1611 970 1667 3.
1005 1611 1221 1667 Orantes
1250 1612 1405 1666 simul
1433 1622 1477 1667 et
1507 1629 1600 1683 pro
1625 1629 1718 1667 no-

139 1702 235 1757 bis.
265 1700 397 1757 Vide
435 1702 787 1759 humilitatem
821 1713 985 1774 :post
1013 1705 1137 1760 illos
1178 1705 1414 1775 seipsum
1444 1705 1612 1775 ponit.
1647 1705 1716 1761 Ut

141 1793 278 1849 Deus
301 1796 491 1864 aperiat
519 1797 660 1851 nobis
698 1797 881 1852 ostium
906 1799 1151 1853 sermonis
1174 1798 1243 1852 ad
1267 1797 1570 1871 loquendum
1598 1817 1710 1871 my-

141 1887 344 1940 sterium
374 1885 579 1941 Christi.
612 1889 849 1951 Aditum,
884 1889 1083 1960 inquit,
1119 1900 1173 1947 et
1203 1891 1449 1962 loquendi
1484 1892 1709 1948 liberta-

140 1987 265 2033 tem.
313 1979 502 2049 Paparl
548 1989 726 2035 tantus
762 1981 959 2036 athleta
994 1997 1098 2037 non
1142 1982 1296 2047 dixit,
1341 1982 1408 2039 Ut
1451 1982 1644 2039 liberer
1678 1998 1710 2038 a

136 2069 381 2131 vinculis,
410 2069 503 2122 sed
519 2085 655 2174 .cum
686 2080 830 2126 esSet
861 2072 913 2125 in
944 2072 1190 2139 vinculis,
1221 2074 1354 2129 alios
1383 2075 1623 2145 rogabat,
1655 2084 1712 2130 et

134 2169 357 2229 propter
396 2177 508 2215 rem
524 2164 791 2231 'magnam
826 2164 1066 2233 rogabat,
1108 2164 1297 2234 nempe
1345 2177 1403 2219 ut
1443 2164 1711 2235 acciperet

133 2250 378 2321 loquendi
403 2251 723 2307 libertatem.
750 2252 856 2308 Res
876 2253 995 2308 dua:
1020 2270 1248 2324 magnae,
1281 2271 1474 2325 nempe
1501 2262 1557 2311 et
1583 2272 1705 2326 per-

130 2358 271 2395 some
330 2344 585 2413 qualitas,
640 2352 696 2399 et
744 2344 842 2400 rei.
892 2345 1083 2415 Papus!
1141 2357 1337 2416 quanta
1395 2350 1704 2403 auctoritas.

130 2433 455 2504 Mysterium,
497 2434 687 2505 inquit,
728 2435 936 2492 Christi.
978 2437 1226 2492 Ostendit
1267 2438 1398 2492 nihil
1439 2454 1560 2494 esse
1604 2440 1707 2495 sibi

127 2526 535 2583 desiderabilius
581 2544 738 2600 quam
770 2530 872 2585 hoc
915 2530 1079 2600 loqui.
1122 2529 1341 2600 Propter
1384 2532 1518 2600 quod
1558 2533 1707 2586 etiam

124 2623 320 2675 vinctus
359 2638 490 2687 sum,
521 2624 573 2678 Α.
605 2630 660 2676 ut
687 2624 1003 2694 manifestem
1033 2624 1181 2689 illud,
1218 2625 1289 2678 ita
1317 2634 1368 2678 ut
1409 2635 1600 2695 oportet
1629 2642 1708 2680 me

124 2715 276 2784 loqui.
327 2713 467 2769 Cum
514 2731 725 2787 magna,
778 2717 965 2789 inquit,
1024 2718 1216 2775 ﬁducia
1264 2727 1321 2774 et
1373 2720 1581 2774 dicendi
1641 2720 1706 2773 li.

122 2806 358 2874 bertate,
393 2808 525 2864 nihil
556 2810 891 2867 reticentem.
920 2812 1106 2876 Vides,
1138 2814 1347 2868 vincula
1377 2830 1498 2868 eum
1533 2814 1705 2868 mani-

125 2900 317 2954 festum
380 2901 626 2968 reddunt,
674 2918 783 2959 non
831 2904 885 2959 in
952 2906 1183 2961 obscuro
1232 2908 1517 2962 collocant.
1572 2906 1702 2962 Cum

121 2993 303 3053 multa,
342 2992 533 3061 inquit,
568 2994 757 3050 ﬁducia
793 3004 847 3051 et
871 2995 1081 3052 dicendi
1116 2997 1381 3054 libertate.
1427 2999 1519 3054 Dic
1550 2999 1701 3067 mihi,

121 3096 174 3140 tu
200 3088 423 3143 vinctus
452 3105 529 3155 es,
563 3100 618 3145 et
642 3092 778 3146 alios
801 3092 1123 3148 consolaris?
1148 3094 1374 3151 Maxime
1403 3114 1417 3150 :
1447 3096 1702 3166 majorem

120 3178 378 3247 loquendi
413 3183 712 3239 libertatem
734 3185 863 3239 dant
890 3186 1017 3241 mihi
1050 3186 1256 3243 vincula
1286 3206 1302 3244 :
1330 3189 1424 3245 sed
1452 3191 1545 3246 Dei
1575 3206 1704 3261 rogo

119 3273 405 3338 auxilium,
447 3275 627 3330 audivi
673 3277 814 3332 enim
851 3276 1121 3335 Christum
1163 3280 1453 3347 dicentem,
1486 3283 1703 3351 Quando

116 3380 201 3417 ros
228 3365 452 3430 tradent,
495 3368 651 3421 nolite
678 3384 784 3423 esse
809 3371 1034 3435 solliciti,
1066 3374 1315 3442 quomodo
1341 3384 1431 3428 aut
1472 3376 1595 3447 quid
1622 3375 1702 3429 lo-

114 3457 346 3519 quamini
377 3456 593 3527 (Matth.
626 3458 714 3513 10.
748 3459 859 3530 19).
893 3461 959 3516 Et
985 3461 1105 3519 vide
1131 3464 1401 3534 quomodo
1427 3465 1561 3521 dixit
1584 3482 1701 3522 me-

115 3546 420 3613 taphorice,
472 3546 541 3603 Ut
590 3548 725 3604 Deus
765 3552 961 3621 aperiat
1003 3553 1146 3609 nobis
1191 3556 1374 3610 ostium
1416 3558 1706 3615 sermonis?

117 3636 250 3694 Vide
270 3654 441 3709 quam
484 3642 606 3696 sita
636 3641 771 3697 fastu
816 3644 1044 3713 alienus,
1076 3655 1133 3701 et
1159 3661 1281 3703 cum
1325 3658 1469 3705 esset
1498 3650 1551 3705 in
1581 3650 1703 3705 viu-

113 3729 249 3783 culis
281 3745 452 3800 quam
484 3730 757 3789 humiliter
783 3735 1051 3807 loquatur.
1080 3737 1194 3793 Hoc
1221 3748 1322 3805 est,
1366 3738 1437 3796 Ut
1499 3741 1705 3797 molliat

112 3824 275 3877 corda
308 3824 575 3892 ipsorum.
622 3826 738 3882 Non
778 3830 856 3884 sic
899 3838 1077 3886 autem
1119 3831 1273 3897 dixit,
1302 3834 1421 3901 sed,
1450 3833 1521 3891 Ut
1546 3835 1704 3891 nobis

110 3911 197 3967 det
223 3914 482 3971 ﬁduciam
508 3927 564 3971 et
591 3918 841 3990 loquendi
878 3921 1214 3991 libertatem;
1245 3926 1322 3981 sic
1350 3927 1575 3997 loquens
1600 3928 1703 3983 hu-

112 4006 320 4061 militer
352 4016 408 4063 et
436 4009 676 4066 modeste
699 4027 758 4067 se
779 4028 970 4083 gerens
999 4032 1013 4069 :
1042 4025 1097 4071 et
1124 4016 1176 4071 id
1205 4019 1344 4089 quod
1372 4019 1602 4076 habebat
1624 4036 1703 4076 ro-

110 4107 201 4167 gat
242 4109 302 4153 ttt
336 4101 583 4171 accipiat.
616 4101 861 4161 Ostendit
898 4118 1074 4162 autem
1117 4108 1169 4163 in
1210 4109 1307 4165 hac
1332 4111 1577 4182 epistola,
1606 4128 1704 4168 cur

113 4198 245 4245 tunc
296 4208 408 4247 non
453 4195 665 4249 venerit
706 4196 976 4262 Christus,
1022 4213 1088 4253 eo
1134 4202 1273 4269 quod
1322 4202 1407 4256 illa
1459 4204 1701 4259 umbram

114 4282 331 4338 vocarit
363 4302 378 4339 :
409 4284 607 4356 Corpus
641 4298 829 4354 autem,
876 4289 1069 4361 inquit,
1102 4290 1288 4347 Citriin
1329 4293 1460 4364 (Col.
1501 4295 1555 4349 2.
1588 4297 1700 4363 i7).

114 4372 486 4437 Quamobrem
513 4378 795 4447 oportebat
820 4394 912 4433 eos
941 4382 1142 4435 umbrae
1172 4398 1502 4439 assuescere.
1533 4385 1703 4440 Simul

122 4462 293 4516 etiam
330 4480 441 4519 sua!
483 4467 533 4520 in
567 4482 660 4522 eos
701 4470 937 4523 caritatis
978 4473 1269 4528 maximum
1308 4474 1507 4529 indicat
1545 4492 1704 4547 argu-

124 4563 376 4608 mentum
404 4573 418 4608 :
441 4555 504 4611 Ut
527 4573 643 4624 vos,
671 4559 859 4630 inquit,
881 4562 1128 4629 audiatis,
1158 4564 1269 4633 Ego
1297 4575 1473 4619 autem
1501 4568 1707 4623 vinctus

119 4659 271 4700 sum.
326 4647 528 4705 Rursus
578 4653 850 4708 vinculum
893 4655 1109 4710 adducit
1158 4657 1209 4711 in
1267 4659 1518 4723 medium,
1562 4660 1706 4730 quod

110 4737 278 4792 valde
320 4755 465 4803 amo,
510 4741 650 4809 quod
686 4757 781 4797 cor
818 4760 994 4798 meum
1036 4746 1253 4814 excitat,
1294 4759 1348 4803 et
1382 4748 1709 4806 desiderium

110 4846 343 4901 semper
364 4830 520 4887 affert
544 4835 756 4889 videndi
786 4837 1007 4891 Paulum
1035 4837 1085 4893 in
1115 4839 1356 4905 vinculis,
1390 4851 1443 4896 et
1468 4844 1709 4898 scriben-

108 4932 247 4987 tem,
289 4934 350 4979 et
393 4924 799 4994 pratdicantem,
843 4938 899 4983 et
935 4930 1309 4999 baptizautem,
1347 4944 1400 4987 et
1437 4936 1709 4990 catechesi

109 5016 524 5072 instituentem.
550 5018 624 5073 De
644 5019 891 5084 omnibus
915 5037 1035 5092 qua:
1062 5022 1256 5092 ubique
1282 5034 1433 5079 erant
1457 5026 1712 5082 Ecelesiis

106 5108 176 5161 ad
211 5123 349 5162 eum
386 5108 622 5162 vinctum
653 5109 983 5166 referebatur
1016 5130 1028 5165 :
1063 5113 1269 5167 vinctus
1306 5130 1464 5184 supra
1495 5118 1713 5172 modum

106 5200 453 5257 mdilicabat.
488 5200 636 5256 Tunc
662 5203 829 5273 magis
854 5213 970 5258 erat
992 5205 1219 5260 solutus.
1252 5206 1386 5260 Audi
1417 5208 1558 5262 enim
1590 5226 1713 5265 eum

101 5289 400 5346 dicentem
432 5307 447 5343 :
484 5289 553 5346 Ut
575 5293 747 5364 plures
774 5310 801 5346 ο
824 5296 1067 5366 fratribus
1095 5297 1402 5365 conﬁdentes
1425 5298 1479 5352 in
1504 5299 1716 5355 vinculis

103 5384 262 5449 meis,
316 5382 672 5439 abundantius
716 5385 961 5440 auderent
1000 5388 1107 5441 sine
1150 5388 1327 5445 timore
1371 5389 1576 5445 verbum
1618 5389 1718 5446 Dei

101 5477 256 5547 loqui
288 5475 567 5548 (Philipp.
597 5478 651 5532 1.
686 5478 796 5548 Η).
826 5478 942 5548 Ipse
971 5494 1182 5550 quoque
1207 5495 1394 5537 rursus
1422 5480 1524 5537 hoc
1550 5482 1719 5538 conﬁ-

102 5580 261 5624 tetur
292 5569 517 5631 dicens,
578 5567 796 5636 Quando
820 5571 952 5625 enim
978 5571 1231 5639 inﬁrmor,
1263 5582 1380 5627 tunc
1404 5583 1580 5643 potens
1605 5590 1718 5629 sum

102 5663 188 5730 (2.
225 5660 367 5719 Cor.
414 5660 504 5715 l2.
534 5661 645 5732 l0).
681 5661 969 5731 Propterea
1009 5662 1219 5719 dicebat
1254 5664 1438 5730 etiam,
1471 5664 1577 5721 Sed
1602 5680 1718 5719 ver-

105 5757 233 5808 bum
274 5752 384 5806 Dei
415 5769 513 5805 non
539 5762 612 5805 est
650 5754 914 5824 alligatum
943 5752 1023 5823 (2.
1053 5751 1188 5808 Tim.
1215 5753 1272 5808 2.
1303 5752 1383 5827 9).
1411 5754 1467 5809 In
1498 5755 1721 5811 vinculis

106 5854 239 5903 erat
279 5857 425 5900 cum
453 5845 707 5898 maleticis
747 5860 809 5898 ac
844 5844 1140 5913 sceleratis,
1177 5860 1298 5901 cum
1327 5847 1570 5916 captivis,
1597 5862 1718 5904 cum

1036 384 1105 443 IN
1140 384 1359 443 EPIST.
1400 384 1493 441 AD
1529 381 1801 441 COLOSS.
1840 383 1991 439 CAP.
2033 384 2121 440 IV.
2163 384 2391 443 HOMIL.
2434 383 2505 442 Χ.

2642 200 2653 231 ι

3309 386 3416 442 570

1843 500 2151 569 homicidis,
2202 506 2395 562 doctor
2437 506 2585 563 orbis
2629 515 2892 562 terrarum
2927 507 3055 578 :qui
3098 507 3150 561 iu
3202 512 3417 562 tertium

1835 595 2078 650 ascendit
2102 597 2317 662 caelum,
2346 597 2434 669 qui
2464 598 2624 654 verba
2668 598 2868 654 audivit
2893 614 3086 653 arcana
3127 607 3182 652 et
3224 599 3415 652 inell'a-

1835 685 1982 751 bilia,
2013 697 2131 743 erat
2158 689 2391 745 vinctus.
2422 690 2527 745 Sed
2566 699 2689 744 tunc
2732 690 2968 745 velocior
3005 697 3120 745 erat
3147 689 3264 759 ejus
3295 704 3419 743 cur—

1832 794 1943 835 sus.
1984 780 2084 847 Qui
2125 792 2240 836 erat
2266 783 2494 849 vinctus,
2523 791 2639 838 erat
2676 783 2914 847 solutus;
2948 790 3002 837 et
3038 783 3125 853 qui
3166 798 3272 837 non
3300 793 3413 836 erat

1832 872 2062 938 vinctus,
2103 885 2218 929 erat
2264 876 2497 929 vinctus.
2530 875 2657 930 Nam
2686 876 2772 930 ille
2804 874 3019 946 quidem
3055 876 3244 945 agebat
3268 875 3411 945 quod

1829 964 2095 1019 volebat:
2128 965 2213 1019 hic
2258 976 2435 1021 autem
2483 967 2654 1035 ipsum
2706 983 2809 1020 non
2857 966 3192 1036 prohibebat,
3240 982 3411 1036 neque

1830 1072 1984 1112 suum
2030 1058 2279 1129 implebat
2326 1061 2674 1130 pr0positum.
2724 1060 2858 1130 Quid
2906 1061 3058 1126 facis,
3106 1078 3139 1115 ο
3182 1062 3410 1116 stolide?

1830 1165 1957 1203 num
1983 1159 2065 1204 est
2107 1166 2295 1205 cursor
2324 1153 2659 1223 corporalis?
2690 1170 2815 1206 num
2859 1154 2911 1207 iu
2942 1154 3115 1208 stadio
3158 1156 3299 1223 quod
3326 1165 3411 1210 cst

1826 1232 1966 1309 apud
1996 1256 2097 1296 nos
2126 1243 2327 1297 certat?
2358 1244 2412 1298 In
2454 1244 2599 1298 carlis
2643 1255 2889 1299 versatur
2919 1263 2931 1299 :
2967 1262 3088 1300 eum
3124 1248 3211 1316 qui
3240 1249 3408 1301 cutrit

1824 1331 1880 1385 in
1911 1332 2068 1398 caelo,
2098 1349 2203 1388 non
2248 1344 2470 1403 possunt
2499 1352 2560 1389 ea
2592 1352 2711 1405 qua:
2739 1346 2859 1391 sunt
2892 1338 2943 1389 in
2991 1324 3158 1391 terris'
3189 1339 3407 1409 alligare

1824 1431 1879 1477 et
1918 1424 2174 1479 retinere.
2222 1425 2336 1480 Non
2386 1428 2536 1481 vides
2577 1426 2718 1481 hunc
2759 1428 2970 1481 solem?
3018 1429 3200 1483 Radiis
3248 1430 3406 1498 injice

1822 1517 2055 1583 vincula,
2106 1516 2235 1572 siste
2275 1519 2395 1587 ejus
2442 1535 2655 1573 cursum
2689 1539 2701 1573 :
2733 1519 2825 1574 sed
2867 1536 2973 1575 non
3032 1522 3251 1590 poteris.
3295 1522 3406 1578 Nec

1821 1624 1949 1679 ergo
1972 1610 2212 1672 Paulum,
2238 1621 2291 1664 et
2318 1612 2484 1666 multo
2506 1614 2684 1668 minus
2708 1612 2851 1667 hunc
2871 1631 3030 1683 quam
3063 1615 3211 1669 illum
3246 1634 3260 1670 :
3292 1633 3405 1669 ma-

1816 1700 1989 1770 jorem
2017 1703 2158 1757 enim
2190 1703 2280 1757 Dei
2309 1720 2490 1758 curam
2521 1720 2584 1759 ac
2612 1706 2999 1775 providentiam
3025 1716 3108 1762 est
3138 1708 3222 1762 hic
3242 1724 3401 1778 quam

1820 1792 1907 1846 ille
1934 1806 2316 1863 consequutus,
2348 1805 2408 1849 ut
2436 1797 2525 1866 qui
2558 1813 2663 1851 non
2696 1797 2850 1853 nobis
2883 1799 3063 1862 talem,
3096 1799 3188 1853 sed
3221 1815 3399 1854 veram

1819 1882 1956 1939 lerat
1997 1886 2191 1942 lucem.
2237 1887 2333 1943 Ubi
2372 1898 2495 1944 sunt
2531 1890 2621 1960 qui
2657 1889 2788 1944 nihil
2832 1891 3018 1945 volunt
3047 1891 3151 1962 pati
3184 1900 3404 1960 propter

1818 1975 2133 2032 Christum?
2177 1979 2305 2048 quid
2347 1990 2525 2036 autem
2558 1981 2678 2036 dico
2720 1982 2852 2053 pati,
2885 1998 3007 2036 cum
3051 1998 3119 2037 ne
3145 1983 3401 2052 pecunias

1815 2068 2031 2139 quidem
2080 2071 2245 2125 velint
2296 2072 2658 2142 profundere?
2711 2074 2986 2130 Vinciebat
3040 2090 3252 2146 quoque
3302 2074 3402 2130 ali-

1814 2161 2031 2231 quando
2056 2161 2271 2230 Paulus,
2301 2173 2357 2219 et
2376 2165 2696 2235 conjiciebat
2721 2166 2774 2221 in
2799 2182 3071 2222 carcerem
3098 2185 3112 2221 :
3136 2168 3227 2222 sed
3257 2179 3401 2237 post-

1814 2268 1976 2319 quam
2018 2253 2188 2309 l’actus
2218 2264 2301 2309 est
2327 2254 2524 2311 Christi
2556 2272 2768 2323 servus,
2800 2273 2905 2313 non
2950 2257 3092 2327 quod
3128 2267 3252 2328 agat
3278 2258 3397 2329 glo-

1814 2344 2003 2406 riatur.
2041 2344 2134 2399 sed
2182 2346 2324 2416 quod
2379 2347 2629 2418 patiatur.
2688 2348 2755 2403 Et
2804 2348 2906 2403 hoc
2956 2358 3039 2403 est
3083 2350 3396 2405 miraculum

1812 2436 2235 2507 praedicationis,
2266 2437 2482 2508 quando
2512 2454 2607 2509 per
2648 2438 2794 2510 ipsos
2840 2440 3126 2510 patientes,
3162 2456 3397 2494 non~an~

1814 2535 1921 2581 tem
1953 2542 2048 2598 per
2074 2530 2213 2584 male
2239 2539 2479 2601 agentes,
2508 2531 2585 2585 sic
2615 2530 2875 2586 excitatur
2905 2541 2959 2586 ct
2987 2541 3229 2600 augetur.
3264 2530 3398 2587 Uhi-

1815 2634 1935 2673 nam
1978 2620 2111 2675 vidit
2150 2622 2411 2693 quispiam
2443 2621 2707 2692 ejusmodi
2752 2622 3083 2678 certamina?
3122 2622 3222 2690 Qui
3257 2621 3397 2676 male

1812 2717 2026 2785 patitur,
2062 2717 2224 2771 vincit
2258 2734 2272 2769 :
2305 2726 2358 2772 et
2396 2718 2485 2787 qui
2529 2719 2668 2773 male
2712 2716 2840 2788 agit,
2876 2717 3127 2771 vincitur.
3157 2714 3251 2771 llle
3290 2714 3393 2769 hoc

1810 2807 2172 2877 praeclarior:
2206 2808 2513 2877 pratdicatio
2562 2808 2798 2863 introivit
2845 2823 2941 2878 per
2988 2806 3221 2861 vincula.
3275 2805 3390 2861 Non

1810 2899 2087 2963 erubesco,
2120 2900 2311 2971 inquit,
2344 2900 2438 2956 sed
2468 2902 2629 2955 etiam
2661 2901 2880 2970 glorior,
2909 2900 3227 2954 cruciﬁxum
3256 2913 3393 2968 pras-

1809 2992 2019 3047 dicans.
2051 2992 2139 3048 Sic
2170 3001 2350 3047 autem
2381 2994 2555 3063 cogita
2590 3010 2603 3046 :
2637 2992 2934 3049 Universos
2962 2991 3110 3046 orbis
3142 3001 3298 3045 terra:
3328 2990 3392 3043 iis

1810 3085 2047 3141 dimissis
2074 3086 2165 3157 qui
2196 3099 2319 3140 sunt
2350 3086 2530 3151 soluti,
2563 3070 2771 3142 accedit
2799 3086 2864 3140 ad
2894 3086 3099 3141 vinctos
3131 3102 3144 3137 :
3177 3099 3272 3139 eos
3301 3083 3391 3153 qui

1809 3179 2049 3233 vinciunt
2078 3196 2354 3244 aversans,
2387 3180 2617 3235 honorat
2657 3195 2750 3234 eos
2790 3179 2879 3249 qui
2912 3188 3038 3232 sunt
3076 3176 3390 3232 circumdati

1809 3270 2051 3337 catenis;
2095 3286 2189 3325 eos
2228 3271 2354 3326 odio
2392 3268 2597 3327 habetis
2645 3270 2735 3342 qui
2762 3270 2830 3340 ⁸ἱιι
2875 3284 3090 3325 crucem
3140 3277 3366 3338 egerunt

1812 3361 2001 3415 adorat
2025 3361 2353 3417 cruciﬁxum.

1877 3457 1933 3511 4.
1966 3454 2151 3526 Neque
2170 3456 2347 3512 solum
2373 3462 2459 3510 est
2480 3452 2810 3519 mirandum,
2843 3452 2984 3523 quod
3008 3452 3305 3521 piscatores
3334 3457 3389 3503 et

1811 3547 1993 3605 idiota:
2012 3558 2171 3604 erant
2201 3548 2605 3618 praedicatores,
2639 3544 2731 3600 sed
2759 3546 2918 3599 etiam
2945 3546 3087 3615 quod
3120 3545 3247 3610 alia,
3266 3555 3390 3612 qua:

1808 3649 2014 3694 naturae
2041 3637 2417 3708 impedimenta
2443 3646 2616 3702 erant,
2633 3652 2740 3693 non
2758 3636 2973 3692 fuerunt
2988 3633 3386 3704 impedimenta,

1809 3739 1865 3787 et
1889 3730 2061 3802 major
2081 3729 2215 3786 facta
2240 3740 2323 3786 est
2341 3732 2599 3788 accessio.
2629 3729 2746 3787 Non
2773 3730 2950 3785 solum
2978 3729 3109 3785 nihil
3148 3726 3391 3797 impediit

1809 3821 2015 3879 ruditas
2038 3829 2093 3877 et
2120 3821 2380 3891 imperitia
2402 3863 2418 3887 ,
2447 3822 2542 3877 sed
2569 3822 2730 3878 etiam
2760 3821 2861 3876 hoc
2904 3822 3077 3891 ipsum
3116 3817 3293 3873 eﬁ‘ecit
3334 3825 3393 3869 ut

1810 3912 2087 3967 manifesta
2121 3910 2273 3967 ﬁeret
2301 3911 2629 3981 pnedicatio.
2658 3911 2796 3967 Audi
2822 3911 2964 3966 enim
2988 3909 3187 3966 Lucam
3209 3906 3395 3963 dicen-

1809 4013 1917 4060 tem
1951 4022 1965 4060 :
1995 4003 2064 4058 Et
2092 4020 2205 4057 cum
2230 4005 2584 4075 comperissent
2608 4046 2624 4071 ,
2653 4004 2860 4075 inquit,
2891 4005 3026 4075 quod
3057 4003 3282 4057 homines
3310 4018 3392 4055 es-

1808 4105 1916 4152 sent
1940 4096 2168 4150 illiterati
2196 4106 2243 4149 et
2267 4097 2450 4163 rudes,
2496 4096 2812 4151 mirabantur
2840 4095 2985 4168 (Act.
3022 4095 3075 4150 ι.
3110 4095 3178 4150 15
3198 4094 3241 4166 ).
3273 4092 3389 4148 Non

1809 4189 1984 4244 solum
2006 4188 2137 4243 nihil
2165 4188 2519 4257 prohibebant
2544 4188 2753 4243 vincula
2771 4228 2786 4252 ,
2818 4186 2913 4242 sed
2947 4201 3008 4241 ea
3036 4186 3149 4257 ipsa
3187 4184 3392 4239 elﬁcie-

1811 4280 1939 4335 bant
1959 4294 2053 4335 eos
2080 4279 2518 4334 conﬁdentiores.
2548 4277 2667 4332 Non
2696 4279 2832 4333 adeo
2859 4276 3199 4333 conﬁdebant
3225 4274 3389 4329 disci-

1813 4372 1921 4442 puli
1947 4387 2068 4427 cum
2095 4370 2288 4425 Paulus
2314 4378 2458 4425 esset
2481 4369 2707 4436 solutus,
2730 4383 2889 4439 quam
2916 4382 3037 4422 cum
3059 4366 3290 4421 vinctus.
3322 4364 3390 4419 Ut

1811 4463 2168 4528 abundantius,
2191 4464 2384 4533 inquit,
2414 4463 2633 4517 audeant
2658 4462 2765 4515 sine
2794 4460 2971 4517 timore
2993 4476 3272 4515 sermonem
3295 4458 3389 4512 Dei

1814 4554 1952 4624 loqui
1982 4554 2000 4624 (
2025 4552 2136 4607 Col.
2169 4556 2219 4608 1.
2250 4553 2318 4608 14
2345 4554 2384 4622 ).
2418 4551 2516 4608 Ubi
2546 4560 2671 4607 sunt
2695 4552 2783 4622 qui
2814 4552 2998 4607 dicunt
3021 4550 3256 4606 divinam
3284 4566 3391 4603 non

1814 4662 1935 4702 esse
1958 4646 2430 4716 przedicationem?
2467 4644 2670 4700 ruditas
2694 4654 2749 4700 et
2778 4644 3041 4713 imperitia
3087 4658 3191 4697 non
3244 4641 3391 4696 sulti-

1815 4741 1990 4797 ciebat
2014 4739 2079 4794 ad
2106 4738 2442 4794 efﬁciendum
2471 4748 2531 4793 ut
2557 4740 2657 4808 ipsi
2684 4737 3207 4794 condemnarentur?
3234 4752 3393 4806 Opur-

1816 4833 1962 4888 tebat
2000 4847 2128 4902 ergo
2154 4846 2245 4887 eos
2273 4831 2357 4886 hic
2386 4845 2599 4902 quoque
2641 4830 2883 4885 terrere?
2929 4830 3088 4885 Scitis
3131 4829 3274 4884 enim
3314 4829 3398 4882 his

1816 4926 2023 4981 duobus
2049 4924 2213 4980 animi
2245 4926 2444 4980 morbis
2472 4925 2641 4980 teneri
2670 4925 3082 4987 multitudinem,
3112 4925 3252 4978 inani
3273 4923 3392 4994 glo-

1816 5019 1897 5073 ria
1923 5025 1977 5073 et
2003 5016 2192 5086 abjecti
2220 5016 2383 5070 animi
2411 5016 2562 5071 vitio.
2610 5014 2834 5071 Ruditas
2876 5024 2931 5071 et
2974 5015 3240 5084 imperitia
3288 5030 3398 5067 non

1819 5109 2028 5165 sinebat
2054 5123 2149 5164 eos
2177 5107 2406 5164 suﬁ‘undi
2447 5107 2685 5178 pudore;
2729 5107 2960 5178 pericula
3004 5107 3085 5161 eis
3132 5104 3398 5160 debebant

1821 5200 2039 5271 injicere
2092 5200 2358 5255 timorem.
2411 5199 2483 5253 At
2526 5198 2827 5262 faciebant,
2880 5197 3084 5268 inquit,
3116 5196 3395 5251 miracula.

1821 5292 2048 5349 Creditis
2072 5308 2199 5364 ergo
2224 5308 2319 5350 eos
2348 5292 2541 5349 fecisse
2566 5291 2841 5349 miracula.
2873 5292 2941 5345 At
2962 5305 3067 5344 uon
3097 5288 3401 5345 faciebant?

1822 5383 1934 5440 Hoc
1962 5394 2044 5441 est
2068 5384 2241 5455 majus
2265 5384 2577 5440 miraculum
2604 5398 2761 5454 quam
2807 5381 3020 5449 facere,
3062 5382 3111 5438 si
3160 5381 3395 5437 adduce-

1821 5476 2017 5533 bantur
2044 5475 2288 5531 homines
2310 5476 2511 5545 absque
2536 5474 2826 5530 miraculis.

1894 5566 1975 5623 De
2003 5566 2532 5625 Socrate.—Vinctus
2557 5567 2717 5622 etiam
2745 5564 2843 5621 fuit
2868 5564 3006 5633 apud
3036 5564 3253 5621 Graecos
3294 5565 3411 5621 So—

1823 5670 1999 5717 crates
2028 5676 2042 5714 :
2071 5659 2198 5729 quid
2235 5659 2405 5728 ergo?
2450 5672 2630 5713 annon
2653 5656 2830 5713 statim
2860 5655 3126 5727 Megaram
3156 5656 3397 5726 fugerunt

1827 5754 2119 5823 discipuli?
2149 5752 2376 5809 Maxime
2407 5769 2420 5804 :
2450 5768 2552 5805 non
2582 5751 2723 5805 enim
2751 5750 3081 5806 admiserunt
3111 5766 3231 5821 qua:
3255 5750 3406 5806 dice-

1834 5849 2027 5904 bantur
2052 5846 2119 5911 de
2145 5846 2562 5902 immortalitate.
2597 5842 2701 5901 Sed
2743 5844 2829 5901 hic
2872 5844 3038 5902 vide:
3076 5846 3285 5902 vinctus
3325 5852 3411 5903 cit
