3874 6574
507 391 609 450 571

518 507 747 575 Paulus,
779 518 832 563 et
860 508 1025 578 magis
1072 506 1409 564 confidebant
1450 503 1693 573 discipuli
1719 521 1731 556 :
1757 510 1811 557 et
1848 500 2077 556 merito:

516 602 769 657 videbant
811 602 952 657 enim
1001 615 1106 655 non
1154 599 1399 670 impediri
1450 597 1901 668 praedicationem.
1946 593 2084 648 Num

519 703 670 763 potes
695 692 952 763 impedire
980 690 1211 761 linguam
1229 691 1263 751 ?,
1281 706 1374 759 per
1403 705 1519 744 eam
1547 690 1714 743 currit
1742 686 1989 741 maxime.
2020 684 2089 739 Ut

519 786 660 839 enim
687 798 993 849 cursorem,
1022 783 1122 837 nisi
1164 782 1326 853 pedes
1371 781 1613 837 vinxeris
1641 822 1655 845 ,
1700 796 1729 834 a
1781 793 1940 833 cursu
1984 790 2088 831 non

520 874 854 944 prohibueris
886 890 899 926 :
932 875 1004 928 ita
1032 874 1191 929 etiam
1221 873 1560 942 evangelista:
1608 870 1711 926 nisi
1754 870 1983 939 linguam
2028 867 2090 921 li-

519 964 682 1032 garis,
716 978 821 1017 non
849 964 1185 1032 prohibueris
1212 964 1493 1033 quominus
1522 963 1567 1016 is
1594 968 1791 1017 currat.
1824 959 1927 1015 Sed
1955 959 2092 1013 sicut

520 1055 611 1109 ille
638 1055 681 1109 si
710 1054 919 1110 lumbos
945 1056 1147 1125 ligaris,
1184 1056 1351 1124 magis
1395 1055 1562 1109 currit
1606 1063 1660 1108 et
1706 1061 1946 1122 portatur
1975 1066 1988 1102 ε
2021 1050 2091 1103 ita

524 1145 609 1199 hic
635 1161 861 1214 quoque,
894 1146 1100 1201 vinctus
1126 1147 1294 1217 magis
1336 1147 1620 1217 praedicat,
1671 1145 1993 1213 liberiusque
2039 1150 2093 1197 et

520 1236 894 1291 confidentius.
916 1238 1226 1293 Extimescit
1247 1238 1474 1303 vinctus,
1500 1236 1710 1306 quando
1738 1235 1907 1289 solum
1936 1232 2093 1288 fuerit

521 1328 789 1383 vinculum
821 1346 833 1381 :
865 1329 953 1399 qui
1006 1336 1181 1383 autem
1237 1339 1461 1384 mortem
1514 1326 1774 1395 deSpicit,
1826 1322 2093 1393 quomodo

524 1423 685 1477 fuerit
709 1423 932 1491 ligatus?
960 1423 1181 1477 Perinde
1208 1422 1470 1477 faciebant
1496 1431 1654 1490 atque
1694 1421 1737 1475 si
1782 1420 1927 1475 Pauli
1972 1433 2090 1473 um-

525 1513 675 1569 bram
706 1516 1036 1581 vinxissent,
1069 1524 1123 1569 et
1150 1530 1210 1568 os
1238 1514 1351 1584 ejus
1372 1514 1728 1568 obturassent.
1778 1511 1907 1565 Erat
1950 1513 2093 1565 enim

527 1620 696 1673 pugna
726 1605 1023 1660 umbratilis
1059 1622 1071 1658 :
1104 1621 1223 1658 nam
1251 1613 1305 1659 et
1330 1604 1440 1669 spis
1468 1602 1634 1673 magis
1678 1612 1791 1657 erat
1825 1601 2099 1656 desidera-

524 1696 678 1758 bilis,
710 1706 763 1751 et
792 1695 1020 1750 inimicis
1064 1696 1231 1766 magis
1275 1695 1634 1759 reverendus;
1680 1702 1739 1748 ut
1784 1694 1872 1760 qui
1918 1691 2096 1760 magni

525 1768 758 1842 etfortis
784 1787 945 1841 animi
964 1785 1125 1840 ferret
1149 1787 1381 1854 praemia,
1417 1800 1606 1853 nempe
1634 1783 1859 1837 vincula.
1887 1781 2096 1836 Corona

527 1885 682 1931 ornat
711 1888 887 1946 caput,
919 1892 1023 1931 non
1054 1877 1252 1945 pudore
1281 1875 1460 1941 afficit,
1488 1875 1580 1929 sed
1601 1875 1761 1929 etiam
1790 1873 2098 1942 praeclarum

528 1968 712 2023 efficit.
746 1968 896 2022 Inviti
926 1983 1044 2021 eum
1071 1967 1399 2022 coronabant
1422 1975 1625 2020 catena.
1657 1964 1903 2025 Nam,dic
1934 1962 2097 2029 mihi,

528 2069 781 2130 possetne
805 2058 1000 2113 ferrum
1031 2057 1315 2113 formidare
1338 2057 1426 2128 qui
1468 2056 1694 2111 audebat
1736 2055 2101 2110 adamantinas

530 2151 778 2220 frangere
824 2149 1010 2203 mortis
1044 2149 1265 2218 portas?

612 2240 829 2294 Vincula
861 2239 1015 2293 Pauli
1040 2255 1193 2307 quam
1230 2238 1469 2308 pretiosa.
1491 2267 1559 2278 -—
1577 2235 1863 2293 Veniamus
1882 2278 1897 2303 ,
1948 2252 1981 2292 ο
2024 2236 2105 2291 di-

533 2332 679 2397 lecti,
710 2331 776 2385 ad
806 2331 1140 2385 vinculorum
1169 2329 1359 2383 horum
1390 2330 1561 2383 zelum
1591 2339 1645 2383 et
1689 2330 2100 2385 aemulationem.

533 2423 891 2492 Qumeumque
922 2422 1170 2477 mulieres
1196 2438 1354 2477 aurea
1386 2421 1630 2476 induistis
1658 2422 1875 2476 monilia
1903 2462 1918 2488 ,
1956 2422 2104 2476 Pauli

534 2504 838 2571 desiderate
870 2514 1102 2568 vincula.
1130 2513 1242 2568 Non
1275 2515 1351 2569 sic
1376 2515 1525 2568 vobis
1559 2516 1699 2569 circa
1726 2515 1921 2569 collum
1944 2514 2108 2585 fulget

534 2605 752 2665 eollare.
772 2614 828 2659 ut
854 2603 908 2658 in
925 2604 1040 2674 ejus
1066 2605 1240 2658 anima
1266 2604 1496 2676 fulgebat
1512 2616 1881 2661 ornamentum
1902 2606 2106 2661 ferreo-

534 2712 649 2750 rttm
677 2695 1027 2751 vinculorum.
1057 2695 1110 2752 Si
1142 2698 1397 2767 quispiam
1422 2697 1510 2751 illa
1538 2698 1819 2763 desiderat,
1846 2698 1959 2753 haec
1984 2700 2109 2755 odio

536 2785 749 2841 habeat.
778 2785 914 2853 Quid
940 2788 1082 2842 enim
1110 2798 1192 2845 est
1218 2804 1500 2845 commune
1535 2791 1756 2862 ignavia:
1782 2807 1900 2845 cum
1933 2793 2105 2862 magni

536 2879 696 2932 animi
726 2879 940 2949 virtute,
965 2883 1205 2951 corporis
1242 2894 1555 2938 ornamento
1587 2899 1707 2938 cum
1744 2883 2109 2957 philosophia?

539 2968 629 3026 Illa
650 2971 859 3027 vincula
887 2985 1202 3029 reverentur
1228 2975 1399 3045 angeli
1427 2992 1441 3039 ;
1474 2974 1588 3029 11330
1615 2992 1741 3030 vero
1766 2978 1922 3030 etiam
1973 2977 2109 3031 ludi-

541 3063 768 3117 ficantur
796 3084 809 3118 :
842 3064 929 3119 illa
983 3065 1195 3119 vincula
1239 3065 1414 3119 solent
1462 3081 1489 3119 a
1520 3075 1659 3120 terra
1689 3066 1755 3121 ad
1785 3067 1969 3121 czelum
2005 3068 2109 3122 tol-

540 3153 685 3218 lere;
718 3153 833 3209 hinc
848 3154 1055 3209 vincula
1074 3170 1103 3207 a
1131 3155 1263 3209 caelo
1279 3154 1548 3209 deducunt
1567 3157 1632 3211 ad
1660 3165 1875 3211 terram.
1903 3158 2107 3212 Revera

537 3246 677 3298 enim
708 3245 822 3299 hare
850 3255 974 3299 sunt
1002 3245 1210 3299 vincula
1236 3286 1252 3312 ,
1281 3261 1386 3317 nep
1423 3246 1509 3299 illa
1539 3262 1552 3298 :
1582 3247 1667 3300 illa
1714 3258 2106 3314 ornamentum,

541 3339 654 3394 haec
680 3339 885 3393 vincula
916 3356 928 3391 :
961 3338 1076 3392 haac
1102 3353 1221 3393 cum
1254 3352 1480 3407 corpore
1508 3340 1739 3393 animam
1771 3354 1983 3409 quoque
2007 3356 2105 3410 op-

541 3434 805 3500 primunt:
836 3431 923 3484 illa
946 3446 1064 3485 cum
1088 3446 1315 3502 corpore
1340 3441 1533 3485 ornant
1557 3432 1715 3485 etiam
1735 3433 1986 3488 animam.
2017 3434 2108 3489 Vis

540 3525 680 3578 scire
708 3523 850 3593 quod
883 3524 973 3577 illa
1019 3525 1126 3578 sint
1177 3525 1588 3578 ornamentum?
1636 3525 1728 3578 Dic
1770 3525 1897 3578 mihi
1928 3567 1943 3591 ,
1994 3526 2111 3595 quis

541 3616 709 3684 magis
738 3622 1065 3685 spectatores
1095 3616 1345 3680 attraxit,
1379 3624 1453 3681 tu,
1502 3631 1571 3669 an
1612 3615 1841 3671 Paulus?
1886 3616 2011 3687 quid
2062 3626 2113 3671 te

539 3706 698 3759 dico?
728 3705 840 3775 ipsa
866 3705 1177 3775 lmperatrix
1208 3715 1315 3760 tota
1344 3720 1474 3760 auro
1498 3707 1819 3761 circumdata
1840 3748 1855 3775 ,
1902 3723 1994 3762 eos
2020 3708 2111 3778 qui

540 3798 723 3852 vident
747 3813 850 3851 non
879 3799 1046 3867 magis
1072 3799 1348 3853 attraxerit
1374 3816 1386 3852 :
1417 3799 1509 3853 sed
1532 3800 1575 3853 si
1602 3800 1882 3871 contigerit
1906 3811 1958 3856 et
1978 3801 2116 3856 Pau-

542 3889 653 3943 lum
682 3905 746 3943 eo
773 3898 1015 3958 tempore
1059 3890 1331 3953 vinctum,
1378 3900 1431 3945 et
1473 3890 1865 3960 lmperatricem
1912 3893 2115 3963 ingredi

543 3980 846 4043 ecclesiam,
877 3976 1063 4033 omnes
1091 3981 1157 4035 ab
1185 3981 1272 4034 illa
1302 3981 1353 4034 in
1397 3996 1518 4035 eum
1570 3992 1945 4038 converterent
1988 4000 2115 4039 ocu-

549 4071 630 4125 los
659 4088 673 4124 :
702 4079 755 4124 et
783 4068 996 4124 merito.
1034 4070 1225 4124 Videre
1253 4072 1394 4125 enim
1425 4071 1694 4126 hominem
1740 4073 1969 4129 humana
2017 4093 2116 4131 na-

544 4171 662 4218 tura
684 4162 1035 4233 superiorem,
1064 4171 1117 4217 et
1145 4162 1233 4232 qui
1264 4162 1394 4217 nihil
1427 4162 1587 4219 habet
1620 4163 1850 4221 hominis
1869 4208 1884 4232 ,
1912 4167 2005 4222 sed
2033 4178 2117 4224 est

544 4254 763 4325 angelus
786 4252 838 4309 in
873 4261 1035 4319 terra,
1060 4262 1141 4308 est
1169 4253 1532 4310 admirabilius
1581 4271 1741 4325 quam
1788 4258 1974 4315 videre
2022 4275 2115 4315 or-

546 4358 723 4402 natam
752 4346 1048 4401 mulierem.
1076 4345 1208 4400 Nam
1236 4346 1350 4401 lucc
1379 4346 1591 4417 quidem
1619 4349 1742 4404 licet
1766 4349 1949 4406 videre
1976 4362 2028 4407 et
2063 4352 2115 4408 in

546 4440 884 4511 spectaculis,
916 4451 971 4496 et
999 4440 1051 4496 in
1084 4440 1313 4511 pompis,
1345 4450 1398 4496 et
1426 4444 1476 4496 in
1506 4440 1732 4509 balneis,
1761 4452 1816 4498 et
1837 4445 2017 4499 multis
2063 4446 2114 4500 in

546 4536 679 4588 locis
706 4545 759 4589 et
788 4534 983 4604 ubique
1006 4550 1021 4587 :
1048 4533 1317 4589 hominem
1343 4545 1523 4617 autem
1571 4535 1956 4591 circumdatum
2002 4541 2119 4592 vin-

548 4628 703 4692 culis,
730 4636 785 4680 et
813 4628 1204 4682 existimantem
1232 4642 1289 4682 se
1309 4628 1603 4682 maximum
1616 4628 1815 4684 habere
1834 4645 2119 4686 ornamen-

549 4727 681 4782 tum,
714 4727 769 4771 et
792 4718 1013 4772 vinculis
1042 4734 1147 4772 non
1172 4719 1445 4774 cedentem
1473 4760 1487 4785 ,
1534 4720 1647 4776 fieri
1695 4737 1800 4776 non
1845 4704 2022 4791 potest
2062 4732 2120 4778 ut

549 4808 639 4877 qui
670 4807 860 4871 cernit,
890 4816 1160 4862 terrenum
1202 4810 1424 4878 aspiciat
1450 4811 1833 4879 spectaculum,
1864 4813 1958 4866 sed
1989 4813 2118 4868 illud

543 4897 694 4952 cmlis
719 4896 956 4966 dignum.
984 4896 1086 4964 Qui
1112 4908 1192 4952 est
1220 4898 1303 4953 his
1328 4899 1686 4955 circumdatus
1724 4902 1932 4957 animus
1955 4944 1970 4969 ,
2014 4904 2120 4959 cir-

549 4987 831 5056 cumspicit
858 4988 978 5056 quis
1024 4988 1231 5051 videat,
1279 4990 1398 5056 quis
1448 5005 1553 5044 non
1596 4990 1815 5046 videat:
1845 5002 1925 5047 est
1980 4992 2120 5047 fastu

554 5079 764 5149 plenus,
795 5078 938 5132 curis
959 5086 1169 5133 tenetur
1194 5087 1248 5133 et
1274 5078 1718 5136 sollicitudinibus
1741 5123 1757 5145 ,
1786 5083 1993 5138 vinctus
2039 5092 2123 5139 est

550 5168 671 5225 aliis
700 5169 1176 5225 innumerabilibus
1197 5170 1359 5223 animi
1386 5169 1660 5225 affectibus
1687 5190 1700 5225 :
1724 5174 1811 5242 qui
1838 5184 1922 5229 est
1942 5184 2117 5229 autem

552 5263 657 5319 illis
672 5261 1050 5326 circumdatus,
1081 5271 1163 5317 est
1183 5274 1402 5331 exspers
1423 5262 1608 5325 fastus.
1638 5264 1865 5318 exsultat
1890 5266 2117 5330 animus,

564 5356 622 5401 et
672 5347 813 5402 liber
858 5356 942 5402 est
988 5349 1056 5403 ab
1105 5350 1252 5403 omni
1292 5350 1681 5416 sollicitudine,
1732 5354 1889 5410 laetus
1935 5359 2126 5412 caelum

559 5439 809 5508 suspicit.
857 5438 915 5494 Si
964 5440 1090 5509 quis
1136 5440 1271 5495 mihi
1312 5441 1468 5497 daret
1509 5443 1809 5512 optionem,
1838 5449 2128 5505 mallemne

557 5530 749 5585 videre
788 5529 1016 5584 Paulum
1044 5546 1075 5586 e
1107 5532 1241 5586 etelo
1272 5528 1618 5591 exserentem
1643 5548 1825 5607 caput,
1855 5547 1912 5593 et
1935 5556 2122 5596 vocem

555 5622 920 5687 emittentem,
963 5638 1031 5677 an
1070 5638 1135 5678 ex
1166 5640 1423 5692 carcere;
1453 5627 1670 5682 mallem
1699 5644 1766 5683 ex
1800 5645 2020 5686 carcere
2053 5649 2125 5688 :e

554 5711 687 5777 caglo
715 5712 861 5767 enim
906 5713 974 5767 ad
1023 5713 1200 5784 ipsum
1248 5717 1499 5783 veniunt,
1529 5735 1651 5773 cum
1685 5721 1756 5775 sit
1793 5722 1850 5776 in
1879 5738 2118 5779 carcere.

554 5800 841 5885 Colligatio
866 5803 1270 5873 przedicationis
1302 5818 1430 5865 sunt
1463 5811 1679 5868 vincula
1701 5803 1853 5871 Pauli
1884 5831 1898 5869 :
1927 5813 2122 5872 funda-

1189 338 1291 448 oS.
1329 386 1604 445 JOANNIS
1638 374 2111 442 CBRYSOSTOMI
2145 376 2460 438 ARCHIEP.
2499 380 3045 440 CONSTANTINOP.
3166 360 3177 367 ’
3599 392 3672 448 37g

2194 503 2440 548 mentum
2481 504 2567 550 est
2608 494 2698 550 illa
2727 503 2937 551 catena.
2976 495 3203 550 Vincula
3247 497 3335 551 illa
3358 498 3671 559 desideremus.

2262 587 2316 641 5.
2344 585 2413 639 Et
2437 586 2725 656 quomodo,
2758 587 2947 656 inquit,
2971 587 3085 642 fieri
3117 590 3324 658 potest?
3349 591 3401 647 Si
3422 594 3517 651 haec
3530 603 3672 658 comi.

2192 677 2425 730 verimus
2450 684 2504 732 et
2532 660 2961 747 perfregeri'mus.
2994 679 3178 733 Nullus
3222 697 3347 735 usus
3369 724 3383 745 ,
3432 686 3513 740 sed
3548 695 3672 757 potius

2193 766 2443 820 damnum
2469 776 2547 821 est
2570 767 2721 822 nobis
2746 782 2813 821 ex
2839 767 2921 822 his
2943 768 3183 823 vinculis.
3224 770 3346 825 llmc
3385 788 3472 827 nos
3506 776 3587 833 illic
3613 796 3673 835 os.

2194 856 2414 911 tendent
2460 857 2701 923 vinctos;
2745 858 2895 912 Pauli
2938 869 3114 913 autem
3166 861 3371 916 vincula
3411 865 3489 917 illa
3532 870 3676 926 solvent

2195 947 2401 1001 vincula
2432 965 2445 1001 :
2478 963 2595 1017 quae
2619 957 2701 1002 est
2732 948 2813 1002 his
2845 949 2929 1003 hic
2957 950 3131 1004 vincta
3151 990 3167 1016 ,
3218 952 3569 1011 immortalibus
3603 962 3676 1018 illic

2195 1039 2419 1094 vinculis
2448 1041 2649 1094 vinctas
2672 1040 2888 1096 habebit
2915 1056 3103 1096 manus
3131 1051 3182 1097 et
3224 1044 3415 1112 pedes;
3449 1063 3547 1116 qua:
3575 1051 3675 1110 Pauli

2196 1131 2373 1185 vineta
2404 1130 2562 1186 fuerit
2582 1128 2811 1187 vinculis
2828 1174 2842 1196 ,
2885 1132 3103 1187 habebit
3123 1135 3287 1189 veluti
3316 1150 3625 1196 ornamentum
3646 1149 3676 1200 ei

2198 1229 2323 1275 tunc
2350 1223 2754 1277 circumdatum.
2787 1222 2946 1278 Solve
2994 1233 3049 1278 et
3088 1226 3312 1293 teipsam
3363 1242 3391 1280 a
3430 1230 3619 1298 vinculo,
3645 1250 3679 1289 et

2198 1329 2482 1383 pauperem
2514 1330 2541 1367 a
2596 1313 2753 1369 fame.
2784 1315 2893 1370 Cur
2931 1326 3269 1385 peccatorum
3309 1328 3507 1374 catenas
3542 1338 3679 1381 cottae.

2199 1407 2298 1461 ctis
2316 1407 2339 1457 ?
2358 1406 2671 1472 Quomodo?
2696 1409 2882 1478 inquit.
2897 1408 3119 1477 Quando
3136 1418 3190 1463 tu
3208 1425 3394 1464 aurum
3414 1423 3579 1481 gestas,
3593 1420 3680 1473 alios

2200 1506 2372 1550 autem
2406 1498 2577 1567 perit;
2609 1499 2820 1569 quando
2839 1508 2894 1552 tu
2916 1498 3128 1569 quidem
3156 1511 3213 1554 ut
3233 1501 3438 1573 inanem
3458 1520 3679 1574 assequam

2200 1588 2447 1659 gloriam,
2474 1599 2680 1645 tantum
2710 1592 2827 1645 auri
2856 1592 3074 1661 accipis.
3105 1593 3245 1647 alius
3274 1602 3445 1648 autem
3473 1612 3557 1651 non
3580 1599 3681 1655 habet

2202 1682 2342 1750 quod
2360 1682 2500 1748 edat,
2519 1697 2693 1737 annon
2714 1691 2926 1753 peccata
2951 1684 3267 1738 connectis?
3297 1684 3451 1740 Indue
3473 1686 3681 1753 Christum.

2203 1782 2258 1826 et
2313 1789 2417 1827 non
2475 1788 2709 1828 aurum:
2755 1774 2845 1829 ubi
2896 1784 2978 1830 est
3022 1790 3312 1842 mamona,
3358 1776 3457 1832 illic
3513 1795 3595 1835 non
3632 1796 3682 1838 est

2202 1862 2447 1917 Christus
2477 1880 2492 1917 :
2525 1864 2616 1917 ubi
2658 1875 2741 1919 est
2762 1864 3036 1933 Christus,
3066 1866 3176 1922 illic
3228 1881 3335 1921 non
3379 1876 3457 1922 est
3494 1886 3681 1927 animum.

2204 1953 2321 2009 Non
2364 1956 2442 2009 vis
2482 1956 2626 2010 indui
2668 1958 2783 2027 ipso
2818 1956 2964 2027 Rege
2991 1958 3402 2014 universorum?
3427 1960 3477 2015 Si
3500 1964 3681 2033 quispiam

2206 2048 2299 2102 tibi
2322 2048 2474 2103 daret
2496 2065 2786 2119 purpuram
2812 2059 2866 2105 et
2892 2050 3139 2107 diadema
3159 2093 3175 2119 ,
3220 2069 3327 2108 non
3351 2052 3401 2108 id
3427 2057 3572 2123 potius
3595 2062 3683 2111 acri.

2208 2156 2362 2210 peres
2388 2158 2543 2212 quam
2568 2143 2792 2212 quodvis
2820 2146 3046 2199 aurum?
3072 2144 3185 2215 Ego
3209 2145 3305 2200 tibi
3347 2132 3446 2200 Rea
3485 2162 3683 2203 ornamen-

2208 2242 2320 2289 tum
2350 2237 2552 2305 regium
2582 2234 2673 2299 do,
2706 2236 2801 2291 sed
2830 2236 3002 2306 ipsum
3044 2237 3247 2307 Regem
3294 2238 3496 2308 praebeo
3521 2240 3591 2293 tibi
3621 2242 3685 2308 quo

2209 2326 2465 2382 induaris.
2494 2328 2561 2382 Et
2585 2329 2871 2399 quomodo,
2912 2330 3102 2400 inquit,
3133 2330 3351 2386 Christo
3370 2330 3685 2401 indueturquis

2209 2420 2389 2489 piam?
2416 2421 2555 2474 Audi
2589 2421 2808 2476 Paulum
2837 2422 3102 2478 dicentem
3132 2438 3146 2475 :
3175 2424 3481 2493 Quicumque
3500 2425 3543 2477 in
3557 2426 3685 2478 Christo

2209 2511 2447 2580 baptizati
2476 2513 2592 2566 estis
2610 2553 2624 2577 ,
2655 2512 2909 2568 Christum
2932 2515 3167 2570 induisti:
3212 2521 3231 2587 (
3256 2515 3373 2570 Gal.
3398 2518 3448 2571 ὅ.
3467 2516 3525 2570 27
3545 2518 3560 2587 )
3579 2534 3588 2568 :
3608 2520 3683 2571 audi

2220 2602 2568 2670 aposmlieam
2592 2602 3011 2660 admonitionem
3045 2623 3060 2659 :
3092 2606 3274 2661 Carnis
3297 2646 3314 2672 ,
3347 2606 3535 2676 inquit,
3576 2624 3687 2660 manu

2212 2707 2273 2745 ne
2299 2693 2513 2763 feceritis
2536 2695 2604 2747 ad
2652 2697 3105 2765 concupiscentiam
3157 2697 3354 2767 (Rom.
3405 2700 3483 2753 15.
3518 2700 3611 2768 ll).
3637 2700 3688 2753 Sic

2211 2785 2473 2853 quispiam
2503 2786 2717 2841 Christo
2745 2787 3000 2853 induitur,
3024 2789 3067 2842 si
3093 2790 3274 2843 carnis
3296 2805 3468 2843 curam
3490 2806 3572 2842 non
3595 2802 3688 2859 gent

2210 2875 2276 2931 ad
2302 2877 2806 2947 concupiscentiam.
2839 2878 2893 2934 Si
2920 2879 3135 2933 Christo
3157 2880 3395 2934 induaris
3414 2920 3426 2943 ,
3450 2879 3532 2949 ipsi
3566 2891 3603 2934 te
3627 2880 3687 2933 for-

2212 2969 2489 3023 midabant
2516 2971 2789 3025 dtemones
2812 2989 2826 3036 ;
2857 2972 2937 3025 sin
2967 2981 3141 3025 autem
3166 2987 3323 3036 auro,
3350 2973 3498 3025 etiam
3525 2972 3687 3027 homines

2214 3059 2509 3116 irridebunt
2537 3079 2553 3117 :
2583 3064 2627 3116 si
2660 3062 2871 3118 Christo
2898 3063 3151 3131 induaris,
3184 3065 3350 3119 etiam
3388 3072 3437 3119 te
3460 3065 3688 3119 reverebar

2213 3160 2301 3205 tur
2328 3151 2588 3208 homines.
2936 3208 2942 3215 .

2285 3243 2468 3299 Contra
2489 3245 2697 3298 nimium
2723 3246 2989 3299 mulierum
3010 3256 3268 3301 ornatum.
3282 3277 3352 3287 —
3373 3246 3457 3301 Vis
3478 3246 3607 3300 videri
3622 3248 3689 3314 pul-

2214 3335 2340 3390 chra
2369 3347 2423 3390 et
2448 3336 2685 3390 decora?
2708 3336 2799 3391 tibi
2829 3337 3054 3393 sufficiat
3077 3337 3328 3393 formatio
3348 3337 3592 3392 Creatoris.
3606 3338 3685 3405 Q‘dtti

2216 3443 2375 3483 aurea
2420 3429 2626 3484 inducis
2665 3440 3013 3497 ornamenta,
3059 3441 3331 3501 tamquam
3376 3432 3423 3485 id
3460 3432 3572 3501 quod
3606 3432 3686 3483 Deus

2217 3521 2424 3577 efﬂuxit
2449 3523 2794 3577 correctura?
2821 3522 2910 3577 Vis
2940 3522 3111 3578 videri
3133 3523 3329 3578 decora
3351 3525 3373 3577 ?
3400 3523 3584 3577 induere
3606 3522 3687 3576 cier-

2217 3628 2462 3683 mosyna,
2496 3613 2719 3669 induere
2748 3614 3074 3684 benignitate
3095 3655 3109 3679 ,
3160 3614 3385 3669 induere
3429 3614 3629 3669 modestia
3657 3623 3687 3663 et

2221 3706 2587 3775 temperantia,
2607 3715 2659 3760 et
2678 3721 2707 3759 a
2732 3715 2781 3759 te
2803 3704 2938 3759 absit
2959 3704 3145 3761 fastus.
3171 3703 3299 3761 llaec
3320 3706 3482 3761 omnia
3505 3715 3686 3759 sumam

2219 3796 2529 3867 pretiosiora
2558 3814 2570 3849 :
2606 3797 2717 3851 haec
2738 3798 2895 3851 etiam
2920 3798 3216 3866 speciOSam
3250 3798 3471 3852 reddunt
3495 3796 3618 3864 magis
3632 3794 3687 3847 de-

2220 3902 2398 3943 coram
2426 3888 2572 3942 :hmc
2598 3889 2757 3943 etiam
2781 3904 2884 3944 non
2915 3888 3202 3945 formosam
3228 3889 3458 3944 efficiunt
3476 3888 3685 3942 formosam.

2220 3977 2441 4045 Quando
2463 3980 2603 4033 enim
2630 3980 2749 4049 quis
2774 3994 2897 4034 cum
2924 3980 3296 4034 benevolentia
3328 3981 3611 4049 conjunctam
3640 3980 3686 4026 τίο

2220 4070 2358 4125 derit
2379 4070 2623 4138 formam,
2647 4088 2710 4127 ex
2737 4072 2957 4127 caritate
2977 4071 3080 4126 fert
3096 4074 3411 4127 sententiam
3436 4091 3448 4126 :
3474 4071 3684 4143 pravitatem

2221 4170 2423 4228 autem,
2458 4176 2524 4216 ne
2549 4162 2594 4217 si
2634 4162 2703 4216 sit
2747 4162 2957 4232 quidem
3003 4162 3259 4232 pulchra,
3311 4172 3475 4233 potest
3513 4160 3685 4230 quispiam

2221 4253 2400 4308 dicere
2441 4251 2716 4322 pulchram
2749 4269 2763 4305 :
2805 4254 3069 4309 sauciatus
3108 4256 3252 4309 enim
3294 4256 3489 4310 animus
3527 4269 3603 4307 non
3634 4266 3683 4303 re-

2223 4353 2363 4398 ctam
2410 4342 2513 4398 fert
2557 4345 2895 4399 sententiatn.
2942 4343 3136 4399 Ornata
3165 4346 3429 4415 quondam
3474 4344 3552 4398 fuit
3583 4342 3683 4409 ιΕςς-

2226 4437 2350 4506 ptia,
2384 4445 2601 4490 ornatus
2622 4451 2834 4506 quoque
2863 4434 2963 4489 fuit
3002 4436 3199 4507 Ioseph
3234 4456 3248 4492 :
3278 4448 3395 4493 uter
3426 4446 3524 4492 erat
3558 4436 3683 4489 forma

2223 4528 2370 4582 sior?
2394 4544 2499 4583 non
2527 4527 2647 4583 dico
2680 4527 2893 4597 quando
2926 4529 3017 4581 illa
3047 4536 3163 4583 erat
3196 4529 3250 4583 in
3283 4530 3421 4599 regia
3441 4570 3455 4594 ,
3483 4528 3552 4581 hic
3577 4534 3681 4578 autem

2226 4618 2277 4671 in
2308 4632 2542 4673 carcere.
2572 4617 2670 4673 Hic
2693 4627 2812 4672 erat
2837 4618 3010 4673 nudus
3033 4658 3048 4682 ,
3091 4619 3184 4673 sed
3214 4628 3333 4674 erat
3372 4618 3557 4673 indutus
3585 4614 3681 4668 vestio

2227 4710 2418 4769 tuentis
2467 4711 2832 4779 temperantia:
2871 4720 2926 4765 et
2951 4713 3330 4767 continentiae:
3364 4713 3444 4766 illa
3480 4721 3569 4765 etat
3596 4706 3679 4761 indu-

2225 4809 2298 4867 ta,
2327 4800 2420 4856 sed
2441 4811 2557 4857 erat
2577 4801 2717 4855 nuda
2750 4803 2992 4872 turpior;
3032 4819 3136 4859 non
3170 4803 3399 4858 habebat
3420 4804 3542 4857 enim
3564 4810 3678 4863 tear-

2226 4894 2474 4947 rantiam.
2502 4893 2726 4959 Quando
2756 4902 2808 4948 te
2840 4897 3078 4964 impense
3103 4896 3337 4958 ornaris,
3366 4910 3397 4948 ο
3422 4893 3593 4954 mulier,
3611 4898 3681 4939 ωδε

2225 4983 2366 5039 nuda
2392 4981 2528 5038 facta
2552 4998 2609 5038 es
2635 4985 2877 5055 turpior;
2909 4986 3099 5040 exuisti
3123 4987 3265 5041 enim
3293 4984 3583 5039 modestiam.
3610 4977 3679 5031 Erat

2227 5077 2387 5131 etiam
2418 5076 2526 5130 Eva
2554 5077 2691 5130 nuda
2713 5118 2728 5142 ,
2762 5078 2853 5131 sed
2880 5078 3095 5147 quando
3133 5076 3229 5131 fuit
3266 5078 3439 5132 induta
3458 5118 3470 5140 ,
3498 5085 3592 5127 tunc
3616 5076 3677 5120 ml

2226 5171 2432 5237 turpior
2465 5186 2477 5223 :
2512 5185 2630 5222 nam
2662 5170 2874 5239 quando
2904 5178 3018 5223 erat
3050 5168 3188 5223 nuda
3216 5211 3230 5234 ,
3279 5170 3437 5239 gloria
3474 5166 3548 5220 Dei
3578 5162 3679 5215 fuerat

2227 5269 2456 5325 ornata;
2490 5261 2706 5331 quando
2728 5270 2900 5315 autem
2938 5261 3107 5316 induit
3131 5271 3333 5316 vestem
3379 5257 3571 5330 peccati.
3609 5260 3676 5303 “"‘L'

2228 5363 2341 5408 erat
2368 5353 2555 5422 turpis.
2586 5353 2653 5408 Et
2677 5362 2731 5407 tu
2758 5369 2880 5407 cum
2905 5336 3175 5407 mundano
3193 5353 3419 5407 indueris
3432 5351 3680 5406 ornatu.lnv¢

2228 5459 2451 5513 appares
2472 5446 2695 5513 turpior.
2718 5443 2849 5498 Nam
2872 5443 3011 5513 quod
3041 5444 3238 5498 nimius
3264 5452 3486 5511 sumptus
3517 5446 3557 5492 et
3588 5435 3679 5489 luxus

2228 5551 2334 5589 non
2380 5534 2606 5589 sufficiat
2639 5535 2707 5588 ad
2749 5534 3133 5590 ostendendam
3181 5531 3599 5605 pulchritudinem.
3625 5520 3680 5573 Sed

2228 5625 2341 5680 fieri
2369 5627 2535 5695 possit
2561 5636 2617 5679 ut
2648 5626 2829 5680 induta
2855 5630 3029 5682 minus
3066 5628 3136 5682 sit
3174 5626 3391 5683 honesta
3414 5637 3541 5693 quam
3568 5613 3678 5672 undi.

2226 5732 2325 5786 ego
2350 5718 2544 5774 dicam.
2574 5716 2628 5774 Si
2673 5719 2888 5789 quando
2931 5720 3150 5776 induisti
3198 5721 3488 5775 vestimenta
3529 5708 3679 5767 tibicinis

2229 5818 2321 5866 aut
2348 5809 2607 5883 chorauli,
2637 5826 2703 5868 an
2731 5812 2783 5868 id
2806 5829 2908 5869 non
2946 5822 3057 5867 erat
3103 5794 3429 5869 inhonestum
3460 5818 3503 5865 et
3537 5802 3679 5860 indtfo'
