3874 6514
128 356 228 414 571

124 473 344 543 μάλιστα
375 466 579 539 τρέχει.
606 468 817 539 Ὥσπερ
841 467 972 541 γὰρ,
1003 469 1249 542 δρομέως
1284 470 1351 526 ἂν
1382 471 1459 543 μὴ
1508 470 1676 545 δήσῃς

121 564 234 625 τοὺς
258 558 445 621 πόδας,
468 558 568 611 οὐκ
600 558 883 623 ἐκώλυσας
911 558 1004 612 τοῦ
1028 562 1231 633 δρόμου
1255 578 1267 591 °
1303 562 1445 617 οὐτω
1473 562 1567 617 καὶ
1589 565 1678 615 εὐ-

121 645 427 716 αγγελιστοῦ
457 645 553 698 ἐάν
603 645 677 717 μὴ
716 645 885 719 δήσῃς
913 647 1012 718 τὴν
1045 649 1312 717 γλῶτταν,
1344 652 1442 704 οὐκ
1474 649 1679 704 ἐκώλυ-

121 754 208 797 σας
235 734 326 786 τοῦ
358 733 577 804 δρόμου.
634 734 745 787 Καὶ
779 734 967 805 ὥσπερ
1000 736 1225 801 ἐκεῖνος,
1261 737 1356 791 ἐὰν
1382 738 1553 809 δήσῃς
1580 738 1678 808 τὴν

118 823 293 891 ὀσφὺν,
323 820 519 890 μᾶλλον
548 820 733 890 τρέχει
775 810 868 875 καί
915 822 1359 892 διαϐαστάζεται,
1409 825 1553 879 οὕτω
1583 826 1679 878 καὶ

114 906 257 973 οὗτος
309 910 678 980 δεσμούμενος
726 922 752 949 ⁸
804 911 1006 981 μᾶλλον
1064 913 1345 984 κηρύττει,
1396 917 1490 968 καὶ
1538 917 1678 985 μετά

117 999 343 1061 πλείονος
375 1001 472 1066 τῆς
504 998 832 1069 παρρησίας.
877 998 1060 1070 Δειλιᾷ
1089 1001 1117 1052 ὁ
1144 1001 1383 1071 δέσμιος,
1418 1004 1547 1058 ὅταν
1589 1004 1677 1056 δε-

117 1081 295 1158 σμὺςῇ
329 1085 489 1155 μόνον
510 1100 523 1112 ·
563 1086 591 1136 ό
617 1086 672 1137 δὲ
723 1084 816 1137 τοῦ
867 1085 1101 1139 θανάτου
1146 1091 1531 1160 καταφρονῶν,
1560 1091 1677 1153 πῶς

117 1175 175 1227 ἂν
207 1173 391 1242 ἐδέθη;
424 1173 467 1224 Τ
470 1172 630 1226 αυτὸν
660 1172 899 1238 ἐποίουν,
922 1169 1037 1227 οἷον
1056 1174 1122 1228 ἂν
1152 1177 1201 1229 εί
1240 1177 1340 1247 τὴν
1376 1177 1533 1231 σκιάν
1557 1178 1673 1231 ἐδέ-

116 1277 267 1331 σμουν
298 1260 532 1323 Παύλου,
561 1258 732 1313 καὶτὸ
762 1260 936 1331 στόμα
959 1261 1128 1332 αὐτῆς
1150 1263 1493 1334 ἐνέφραττον.
1521 1266 1675 1319 Σκιο-

114 1348 269 1421 μαχία
307 1350 416 1420 γὰρ
460 1344 562 1419 ἦν·
626 1351 740 1413 τοῖς
771 1366 831 1402 τε
864 1350 970 1421 γὰρ
1018 1352 1238 1415 οἰκείοις
1292 1354 1675 1426 ποθεινότερος

114 1437 299 1509 μᾶλλον
330 1433 419 1508 ἦν,
454 1438 567 1500 τοῖς
598 1454 659 1490 τε
709 1437 923 1507 ἐχθροῖς
970 1439 1413 1512 αἰδεσιμώτερος,
1449 1442 1544 1496 ἅτε
1578 1445 1673 1497 ἀν-

109 1525 277 1597 δρείας
309 1524 492 1595 φέρων
516 1524 749 1579 ἔπαθλον
778 1525 870 1577 τὸν
899 1525 1114 1595 δεσμόν.
1169 1528 1435 1597 Στέφανος
1477 1535 1676 1602 κοσμεῖ

106 1614 360 1683 κεφαλὴν,
385 1612 502 1666 ἀλλ’
522 1614 622 1667 οὐκ
650 1612 918 1683 αἰσχύνει,
945 1613 1081 1667 ἀλλά
1109 1616 1203 1669 καὶ
1226 1617 1479 1689 λαμπρὸν
1507 1623 1667 1674 ποιεῖ.

113 1701 357 1764 ’Δκοντες
387 1699 717 1765 ἐστεφάνουν
741 1701 904 1755 αὐτὸν
928 1704 994 1773 τῇ
1017 1702 1226 1759 ἁλύσει.
1257 1705 1393 1757 Εἰπὲ
1416 1706 1525 1778 γάρ
1557 1726 1668 1777 μοι,

108 1788 316 1859 σίδηρον
341 1783 452 1858 εἶχε
481 1788 657 1842 δεῖσαι
686 1790 715 1842 ό
758 1788 866 1843 τῶν
895 1789 1275 1860 ἀδαμαντίνων
1307 1792 1401 1846 τοῦ
1437 1794 1670 1851 θανάτου

106 1876 448 1945 κατατολμῶν
477 1875 663 1929 πυλῶν
682 1894 698 1941 ;

177 1963 450 2033 Ἐλθωμεν
479 1966 558 2028 είς
608 1963 793 2033 ζῆλον,
830 1965 1129 2035 ἀγαπητοὶ,
1158 1969 1268 2021 τῶν
1300 1969 1517 2041 δεσμῶν
1542 1972 1669 2025 τού-
1720 2010 1732 2021 .

104 2070 224 2108 των.
257 2052 418 2105 Ὅσαι
446 2055 703 2121 γυναῖκες
738 2056 940 2125 χρυσία
966 2056 1306 2127 περίκεισθε,
1342 2061 1411 2114 τά
1452 2062 1667 2115 Παύλου

105 2140 270 2211 δεσμά
297 2142 596 2209 ποθήσαῒε.
628 2141 739 2212 Οὐχ
769 2141 941 2205 οὕτως
962 2145 1090 2213 ὑμῖν
1114 2147 1241 2217 περ).
1269 2146 1362 2199 τὸν
1396 2149 1668 2220 τράχηλον

106 2230 159 2282 τὸ
202 2230 582 2301 περιδέρραιον
627 2231 965 2303 ἀπολάμπει,
1018 2234 1094 2297 ὡς
1140 2237 1350 2289 ἐκείνου
1395 2238 1523 2309 περὶ
1569 2241 1668 2310 τὴν

105 2317 265 2387 ψυχὴν
325 2319 355 2370 ὁ
407 2318 515 2370 τῶν
566 2318 804 2390 σιδηρῶν
836 2320 1052 2391 δεσμῶν
1093 2322 1305 2378 ἔστιλϐε
1337 2324 1559 2396 κόσμος.
1602 2327 1671 2380 Εἴ

102 2422 174 2467 τις
210 2407 396 2458 ἐκεῖνα
426 2406 600 2472 ποθεῖ,
643 2407 815 2461 ταῦτα
869 2411 1117 2478 μισείτω.
1153 2412 1248 2476 Τίς
1272 2412 1381 2483 γάρ
1412 2416 1667 2470 κοινωνία

104 2491 312 2563 βλακείᾳ
339 2493 472 2560 πρὸς
494 2493 745 2565 ἀνδρείαν
768 2511 783 2561 ;
814 2497 1187 2568 καλλωπισμῷ
1210 2501 1508 2571 σωματικῷ
1532 2502 1667 2574 πρὸς

101 2580 449 2649 φιλοσοφίανς
489 2584 701 2636 Ἐκεῖνα
760 2584 827 2637 τὰ
858 2586 1035 2656 δεσμά
1086 2587 1309 2656 ἄγγελοι
1366 2589 1663 2657 αἰδοῦνται,

100 2670 289 2721 τούτων
337 2669 432 2722 καὶ
462 2672 892 2736 καταπαίζουσιν
919 2690 931 2701 ·
970 2675 1157 2728 ἐκεῖνα
1197 2675 1269 2729 τά
1315 2677 1494 2748 δεσμὰ
1528 2680 1666 2751 πρὸς

101 2755 179 2809 τὸν
207 2757 439 2827 οὐρανὸν
485 2759 593 2811 ἀπὸ
638 2760 736 2830 τῆς
784 2761 889 2831 γῆς
930 2761 1110 2817 ἐλκειν
1160 2764 1340 2830 εἴωθε,
1372 2766 1545 2821 ταῦτα
1594 2768 1665 2822 τά

100 2843 257 2914 δεσμὰ
301 2847 447 2916 πρὸς
475 2848 573 2917 τὴν
595 2847 700 2917 γῆν
728 2849 836 2901 άπὸ
862 2850 958 2903 τοῦ
990 2851 1220 2919 οὐρανοῦ
1260 2855 1509 2923 κατάγει.
1540 2856 1664 2909 Ὄν-

100 2947 195 2995 τως
225 2932 334 3002 γὰρ
369 2933 542 2986 ταῦτα
570 2934 767 3004 δεσμὰ,
812 2936 912 2989 οὐκ
946 2938 1133 2991 ἐκεῖνα
1160 2955 1172 2967 ·
1214 2941 1396 2993 ἐκεῖνα
1436 2942 1660 3013 κόσμος,

99 3020 255 3072 ταῦτα
282 3021 490 3091 δεσμά·
528 3022 699 3076 ταῦτα
741 3024 881 3093 μετὰ
908 3025 1002 3078 τοῦ
1032 3028 1281 3097 σώματος
1318 3031 1414 3083 καὶ
1440 3031 1539 3102 τὴν
1562 3032 1663 3102 ψυ-

100 3108 192 3177 χὴν
220 3109 410 3170 θλίϐει,
446 3112 627 3165 ἐκεῖνα
661 3114 800 3182 μετά
825 3112 916 3166 τοῦ
950 3114 1202 3184 σώματος
1236 3118 1329 3170 καὶ
1360 3118 1456 3189 τὴν
1484 3119 1662 3191 ψυχὴν

99 3198 299 3264 κοσμεῖ.
356 3197 548 3250 Βούλει
599 3200 791 3268 μαθεῖν
844 3201 926 3253 ὅτι
977 3203 1160 3257 ἐκεῖνα
1224 3204 1424 3275 κόσμος
1472 3208 1659 3275 ὲστίν;

101 3282 225 3335 Εἰπέ
261 3302 366 3353 μοι,
396 3285 481 3348 τίς
515 3286 713 3353 μᾶλλον
742 3288 1092 3342 ἐπεσπάσατο
1122 3292 1245 3355 τοὺς
1276 3292 1541 3364 ὁρῶντας,
1570 3297 1658 3361 σὺ,

96 3370 126 3437 ἢ
160 3371 398 3438 Παῦλος;
446 3372 594 3446 [402]
629 3374 722 3427 καὶ
754 3374 806 3426 τί
835 3374 999 3444 λέγω,
1054 3376 1154 3442 σύς
1206 3380 1345 3451 αὐτὴ
1375 3383 1408 3452 ἡ
1446 3377 1659 3451 βασιλὶς

100 3459 130 3526 ή
178 3459 347 3513 πάντα
385 3462 589 3530 χρυσὸν
634 3465 1026 3536 περικειμένη,
1070 3467 1169 3519 οὐκ
1215 3466 1279 3520 ἂν
1316 3470 1521 3539 μᾶλλον
1558 3474 1659 3525 ἐπ-

100 3547 362 3600 εσπάσατο
389 3550 518 3612 τοὺς
540 3549 780 3620 ὁρῶντας
800 3566 815 3581 ο
863 3551 979 3604 ἀλλ’
1013 3553 1062 3605 εἰ
1094 3554 1291 3626 συνέϐη
1329 3557 1421 3610 καὶ
1452 3558 1660 3613 Παῦλον

98 3634 228 3686 κατὰ
254 3636 343 3689 τὸν
375 3636 543 3689 αὐτόν
570 3638 759 3708 καιρὸν
805 3639 1108 3710 δεδεμένον,
1151 3642 1247 3694 καὶ
1280 3644 1379 3712 τὴν
1414 3643 1659 3714 βασιλίδα

97 3722 167 3783 είς
191 3720 284 3792 τήν
313 3722 615 3793 ἐκκλησίαν
645 3724 928 3789 εἰσελθεῖν,
954 3726 1158 3790 πάντες
1192 3728 1257 3782 ἂν
1304 3731 1399 3782 ἀπ’
1448 3732 1660 3803 ἐκείνης

96 3808 178 3858 ἐπὶ
212 3809 399 3863 τοῦτον
424 3814 736 3883 μετήγαγον
757 3815 884 3877 τοὺς
916 3814 1227 3886 ὀφθαλμούς
1249 3832 1262 3845 ⁸
1294 3819 1387 3871 καὶ
1412 3820 1657 3883 εἰκότως.

95 3894 160 3944 Τὸ
180 3896 282 3967 γὰρ
304 3900 438 3969 όρᾷν
469 3899 638 3970 ἄνδρα
662 3904 761 3972 τῆς
791 3901 1006 3971 φύσεως
1028 3904 1128 3973 τῆς
1158 3904 1506 3977 ἀνθρωπίνης
1542 3909 1659 3978 μεί-

94 3982 229 4049 ζονα,
272 3990 362 4041 καὶ
419 3989 571 4043 οὐδὲν
602 3990 796 4060 ἔχοντα
845 3991 1209 4064 ἀνθρώπινον,
1265 3995 1381 4048 ἀλλ’
1426 3997 1657 4066 ἄγγελον

93 4072 178 4123 ἐπὶ
201 4074 319 4144 γῆς,
354 4076 804 4148 θαυμασιώτερον
836 4078 931 4132 τοῦ
952 4081 1084 4152 όρᾷν
1122 4084 1357 4149 γυναῖκα
1380 4086 1656 4139 κεκαλλω-

92 4165 371 4234 πισμένην.
400 4165 587 4220 Ταῦτα
636 4168 733 4238 μὲν
769 4168 877 4239 γάρ
904 4154 1014 4222 καὶ
1068 4172 1127 4223 ἐν
1178 4170 1448 4243 θεάτροις,
1479 4176 1573 4229 καὶ
1601 4178 1656 4230 ἐν

94 4255 343 4318 πομπαῖς,
372 4255 469 4306 καὶ
493 4254 817 4323 βαλανείοις,
870 4258 963 4310 καὶ
1000 4259 1269 4330 πολλαχοῦ
1308 4262 1456 4316 ἐστιν
1490 4264 1616 4317 ἰδεῖν
1638 4282 1652 4297 °

93 4338 362 4409 ἄνθρωπον
400 4342 455 4396 δέ
485 4344 659 4414 δεσμά
692 4347 1091 4417 περικείμενον,
1124 4350 1218 4401 καὶ
1249 4352 1536 4419 νομίζοντα
1566 4353 1656 4407 τὸν

101 4426 344 4493 μέγιστον
371 4430 570 4500 κόσμον
595 4432 758 4502 ἔχειν,
788 4434 881 4486 καὶ
912 4436 1012 4487 οὐκ
1037 4437 1251 4489 εἴκοντα
1278 4440 1388 4501 τοῖς
1416 4439 1652 4509 δεσμοῖς,

98 4512 193 4564 οὐκ
220 4515 329 4567 ἐστι
354 4518 453 4585 γῆς
476 4519 657 4588 θέαμα
700 4520 830 4572 ίδεῖν
878 4521 971 4574 τὸν
1001 4522 1235 4592 ὁρῶντα,
1270 4525 1385 4577 ἀλλ’
1410 4525 1656 4598 οὐρανῶν

95 4601 237 4665 ἄξιον
268 4603 324 4655 τὸ
358 4605 549 4676 θέαμα.
586 4607 651 4659 Ἠ
700 4607 873 4661 ταῦτα
905 4611 1264 4682 περικειμένη
1305 4612 1451 4685 ψυχὴ
1497 4634 1655 4687 περι-

94 4691 297 4756 σκοπεῖ,
342 4692 423 4756 τίς
466 4690 594 4755 εἶδε,
637 4694 719 4759 τίς
750 4696 850 4749 οὐκ
906 4691 1038 4761 εἶδε,
1071 4699 1241 4767 τύφου
1274 4702 1654 4772 πεπλήρωται,

90 4780 324 4845 φροντίσι
356 4780 662 4851 κατέχεται,
698 4783 911 4853 μυρίοις
939 4785 1141 4856 ἑτέροις
1168 4787 1374 4843 δέδεται
1401 4790 1651 4845 πάθεσινο

86 4865 113 4916 ὁ
152 4866 204 4918 δέ
231 4868 413 4923 ἐκεῖνα
470 4870 875 4941 περικείμενος,
918 4872 1148 4943 ἄτυφος·
1183 4875 1216 4946 ή
1253 4875 1395 4947 ψυχὴ
1425 4880 1656 4950 γαυροῦ-

82 4970 187 5018 ται,
238 4956 417 5027 πάσης
472 4958 816 5027 ἀπήλλακται
870 4960 1167 5031 φροντίδος,
1197 4962 1484 5033 γεγηθυῖα,
1517 4966 1655 5037 πρὸς

80 5041 165 5093 τὸν
195 5044 420 5114 οὐρανὸν
455 5044 749 5114 βλέπουσα,
782 5047 1160 5117 ἐπτερωμένη.
1186 5048 1254 5100 Εἴ
1278 5048 1360 5114 τίς
1388 5068 1478 5121 μοι
1506 5054 1653 5106 Παῦ-

80 5128 163 5181 λον
212 5131 379 5184 ἐδίδου
426 5132 535 5185 ἀπὸ
572 5131 665 5185 τοῦ
705 5133 934 5204 οὐρανοῦ
984 5135 1350 5190 διακύπτοντα
1405 5139 1530 5194 ίδεῖν
1561 5142 1655 5195 καὶ

80 5219 258 5288 φωνὴν
277 5220 534 5291 ἀφιέντα,
559 5221 591 5293 ἢ
620 5221 685 5275 ἐκ
703 5220 798 5275 τοῦ
824 5223 1219 5295 δεσμωτηρίου,
1243 5226 1307 5279 ἐκ
1325 5226 1417 5280 τοῦ
1446 5228 1656 5299 δεσμω-

75 5306 259 5375 τηρίου
305 5309 371 5361 ἂν
428 5308 652 5378 εἱλόμην
691 5327 705 5340 ·
771 5311 820 5363 οἱ
895 5310 1003 5382 γὰρ
1036 5311 1063 5350 δ
1134 5312 1199 5366 ἐκ
1255 5312 1349 5368 τοῦ
1423 5316 1652 5387 οὐρανοῦ

78 5395 205 5463 πρὸς
261 5397 429 5449 αὐτὸν
490 5396 773 5467 ἔρχονται,
842 5398 970 5450 ὅταν
1026 5400 1105 5461 είς
1163 5400 1224 5452 τὸ
1281 5400 1653 5475 δεσμωτήριον

75 5478 125 5555 ᾖ.
180 5484 237 5537 Ὀ
274 5484 576 5555 σύνδεσμος
625 5485 717 5538 τοῦ
772 5486 1124 5557 κηρύγματος
1168 5488 1238 5541 τὰ
1284 5489 1459 5560 δεσμὰ
1505 5494 1652 5545 Παύ-

78 5648 183 5757 E'n
179 5647 394 5709 Vocem,
459 5662 570 5710 qua:
607 5649 782 5699 deerat
822 5653 873 5700 in
916 5649 1049 5711 edd.,
1106 5666 1169 5702 ex
1191 5654 1331 5704 codd.
1355 5655 1649 5719 recepimus.

115 5725 140 5754 ο
189 5746 205 5757 .

115 5724 261 5843 οἱΐὲἱε
284 5772 385 5819 duo
408 5772 547 5843 cgdd:
576 5778 629 5820 et
645 5771 798 5843 Sayil.
824 5774 1179 5843 nggbalurpﬁ
1201 5778 1288 5841 γάρ
1310 5791 1369 5827 ex
1390 5778 1650 5843 Commcl.,

78 5831 208 5893 Quod
240 5840 413 5884 tamen
436 5832 551 5883 ferri
574 5841 759 5899 potest,
784 5831 927 5888 mod?)
951 5840 1086 5903 legas
1107 5831 1479 5905 inle'rr'ogative.
1511 5831 1647 5895 Ευιτῖ

1000 354 1068 412 ΙΝ
1106 354 1325 413 EPIST.
1362 358 1454 413 AD
1488 355 1776 414 COLOSS.
1818 359 1970 430 CAP.
2009 360 2104 417 IV.
2165 355 2402 414 HOMIL.
2436 356 2505 412 Χ.

2854 250 2863 279 l

3257 359 3364 414 572

1782 472 1894 538 λου,
1935 475 1963 526 ό
1999 472 2245 544 θεμέλιος
2272 474 2307 545 ή
2341 473 2529 537 ἆλυσις
2572 470 2773 543 ἐκείνη.
2826 471 3034 526 Ἐκεῖνα
3080 470 3149 526 τὰ
3187 473 3361 553 δεσμά

1778 562 2128 632 ποθήσωμεν.

1852 658 1913 704 ε’.
1954 653 2063 705 Καὶ
2094 652 2230 716 πῶς,
2260 652 2447 721 φησὶν,
2476 650 2756 733 ένιλἘάν
2780 650 2953 704 ταῦτα
2981 651 3360 722 συντρίψωμεν

1779 741 1873 793 καὶ
1900 740 2297 811 διακλάσωμεν.
2330 740 2495 793 Οὐδὲν
2521 742 2651 810 ήμῖν
2668 740 2774 793 ἀπὸ
2804 739 3006 793 τούτων
3039 739 3226 808 ὄφελος
3251 742 3360 792 τῶν

1777 827 2013 898 δεσμῶν,
2049 828 2183 881 ἀλλά
2216 828 2310 880 καὶ
2342 827 2539 897 βλάϐη.
2565 826 2860 895 Δεσμὼτας
2886 828 3031 898 ἡμᾶς
3066 829 3181 880 ἐκεῖ
3200 827 3360 891 δείξει

1777 914 1973 979 ταῦτα,
2004 914 2073 968 τά
2096 915 2153 968 δὲ
2188 915 2400 968 Παύλου
2428 914 2606 985 δεσμὰ
2638 914 2790 967 λύσει
2822 916 3006 969 ἐκεῖνα
3032 914 3102 968 τά
3143 915 3319 985 δεσμά
3343 931 3357 945 ⁸

1776 1003 1810 1071 ή
1845 1002 2053 1066 τούτοις
2098 1002 2332 1056 ἐνταῦθα
2369 1002 2625 1073 δεδεμένη
2656 1003 2750 1055 καὶ
2776 1004 2888 1067 τοῖς
2916 1002 3212 1066 ἀθανάτοις
3244 1005 3359 1055 ἐκεῖ

1777 1089 1996 1159 δεσμοῖς
2038 1089 2324 1161 δεθήσεται
2357 1092 2545 1159 χεῖρας
2580 1090 2675 1142 καὶ
2708 1089 2896 1155 πόδας,
2931 1091 2964 1160 ὴ
2999 1093 3112 1153 τοῖς
3145 1090 3358 1144 Παύλου

1776 1175 2031 1247 δεδεμένη
2067 1176 2179 1244 ἐξει
2229 1178 2484 1249 καθάπερ
2540 1177 2746 1247 κόσμον
2784 1177 3169 1247 περικείμενον
3215 1180 3350 1249 αὐτῇ

1774 1264 1918 1318 τότε.
1956 1265 2132 1318 Λῦσον
2155 1266 2250 1319 καὶ
2280 1265 2483 1335 σαυτὴν
2523 1263 2619 1317 τοῦ
2648 1263 2874 1335 δεσμοῦ,
2899 1268 2994 1317 καὶ
3024 1264 3116 1317 τὸν
3150 1265 3359 1337 πένητα

1774 1352 1868 1404 τοῦ
1899 1352 2079 1424 λιμοῦ.
2103 1353 2167 1405 Τί
2186 1353 2295 1406 τῶν
2320 1352 2734 1424 ἁμαρτημάτων
2759 1351 2859 1415 τὰς
2890 1351 3077 1420 σειρὰς
3106 1353 3357 1422 ἐπισφίγ-

1775 1456 1930 1507 γεις;
1967 1440 2129 1505 Πῶς;
2186 1442 2371 1511 φησίν.
2407 1441 2575 1495 ’Όταν
2616 1442 2679 1494 σὺ
2717 1440 2816 1511 μέν
2839 1444 3205 1511 χρυσοφορῇς,
3234 1442 3356 1493 ἐτε-

1775 1544 1868 1598 ρος
1896 1528 1952 1581 δὲ
1975 1529 2270 1583 ἀπόλλυται
2293 1546 2308 1559 ⁸
2348 1531 2476 1583 ὅταν
2511 1530 2575 1583 σὺ
2612 1530 2710 1601 μὲν
2741 1530 2829 1583 ἴνα
2860 1530 3016 1599 δόξης
3038 1529 3206 1602 τύχῃς
3254 1530 3355 1599 τῆς

1774 1616 1957 1683 κενῆς,
2010 1617 2263 1671 ⁴ιοσοῦτον
2295 1617 2579 1690 λαμϐάνῃς
2626 1617 2867 1690 χρυσίον,
2897 1618 3084 1689 ἓτερος
3124 1617 3183 1670 δὲ
3218 1618 3353 1688 μηδέ

1773 1706 1965 1770 φαγεῖν
1991 1703 2110 1774 ἔχῃ,
2137 1704 2258 1773 οὐχὶ
2286 1704 2386 1768 τάς
2416 1704 2695 1775 ἁμαρτίας
2714 1705 3048 1774 ἐπέσφιγξας
3072 1722 3086 1770 ;
3118 1704 3349 1776 Περίθου

1769 1789 1861 1841 τὸν
1891 1791 2145 1860 Χριστὸν,
2182 1793 2277 1845 καὶ
2313 1792 2389 1863 μὴ
2438 1791 2529 1847 τὸν
2559 1793 2786 1862 χρυσόν·
2832 1792 2961 1846 ἔνθα
3016 1794 3348 1863 μαμμωνᾶς.

1770 1877 1887 1929 ἐκεῖ
1917 1878 2153 1948 Χριστὸς
2180 1879 2279 1931 οὐκ
2311 1879 2458 1932 ἔστιν
2483 1897 2497 1910 ·
2533 1879 2661 1932 ἔνθα
2687 1880 2943 1947 Χριστὸς,
2973 1881 3090 1932 ἐκεῖ
3122 1897 3352 1951 μαμμω-

1769 1965 1866 2027 νᾶς
1887 1965 1989 2018 οὐκ
2013 1964 2180 2019 ἔστιν.
2203 1966 2276 2019 Οὐ
2308 1966 2487 2037 βούλει
2516 1967 2607 2021 τὸν
2637 1966 2875 2021 Βασιλέα
2910 1968 3075 2021 αὐτὸν
3100 1971 3345 2039 περικεῖ-

1771 2051 1895 2105 σθαι
1929 2052 2039 2106 τῶν
2066 2053 2319 2118 πάντων;
2362 2054 2429 2108 Et
2466 2054 2551 2118 τίς
2584 2072 2667 2107 σοι
2693 2055 2794 2124 τήν
2826 2055 3119 2125 ἁλουργίδα
3168 2056 3347 2109 καὶτὸ

1767 2138 2006 2210 διάδημα
2033 2139 2253 2206 ἔδωκεν,
2290 2141 2390 2195 οὐκ
2420 2143 2486 2196 ἂν
2522 2142 2688 2206 ἐδέξω
2714 2144 2836 2196 ἀντὶ
2859 2143 3060 2208 παντὸς
3085 2142 3179 2197 τοῦ
3210 2160 3345 2213 χρυ-

1719 2261 1724 2265 ~
1770 2228 1885 2281 σίου
1911 2246 1925 2295 ;
1972 2228 2116 2296 Ἐγώ
2151 2246 2235 2283 σοι
2264 2230 2326 2283 οὐ
2357 2230 2448 2285 τὸν
2477 2231 2681 2301 κόσμον
2703 2231 2897 2303 δίδωμι
2920 2231 3015 2286 τὸν
3045 2231 3344 2304 βασιλικὸν,

1769 2315 1886 2369 ἀλλ’
1917 2316 2079 2371 αὐτὸν
2108 2317 2430 2389 περιθέσθαι
2457 2318 2547 2372 τὸν
2566 2318 2800 2373 Βασιλέα
2821 2320 3062 2391 παρέχω.
3093 2321 3204 2373 Καὶ
3228 2321 3345 2384 πῶς

1767 2403 1833 2458 ἄν
1857 2422 1943 2468 τις
1972 2406 2281 2476 περικέοιτο
2326 2405 2420 2460 τὸν
2460 2406 2715 2477 Χριστὸν,
2761 2408 2961 2478 φησίν;
3009 2410 3208 2461 Ἀκουε
3248 2409 3344 2461 τοῦ

1767 2490 1980 2545 Παύλου
2006 2491 2259 2561 λέγοντος
2282 2506 2296 2520 ⁸
2325 2493 2499 2547 Ὅσοι
2518 2496 2606 2559 είς
2634 2496 2895 2563 Χριστὸν
2926 2496 3343 2563 ἐϐαπτίσθητε,

1765 2580 2024 2646 Χριστὸν
2083 2579 2457 2634 ἐνεδύσασθε
2480 2596 2495 2610 ·
2539 2580 2771 2634 ἄκουσον
2819 2572 2922 2652 σῗῆς
2972 2584 3344 2653 παραινέσεως

1765 2668 1865 2738 τῆς
1889 2667 2278 2740 ἀποστολικῆς·
2316 2668 2439 2737 Τῆς
2463 2670 2712 2737 σαρκὸς,
2751 2673 2906 2741 φησὶ,
2936 2674 3225 2740 πρόνοιαν
3256 2674 3342 2741 μὴ

1765 2756 2032 2810 ποιεῖσθε
2057 2759 2143 2823 είς
2167 2756 2505 2826 ἐπιθυμίαν.
2534 2756 2690 2811 Οὕτω
2710 2776 2793 2824 τις
2823 2759 3069 2814 ἐνδύεται
3091 2760 3183 2814 τὸν
3213 2762 3346 2831 Χρι-

1767 2845 1909 2911 στὸν,
1950 2846 2024 2917 μὴ
2058 2846 2302 2917 προνοῶν
2325 2848 2426 2917 τῆς
2450 2847 2651 2917 σαρκὸς
2675 2850 2754 2911 είς
2782 2849 3095 2919 ἐπιθυμίαν.
3126 2851 3221 2902 Ἂν
3252 2853 3345 2902 τὸν

1764 2935 2001 3004 Χριστὸν
2034 2936 2249 3007 ἐνδύσῃ,
2284 2937 2379 2989 καὶ
2407 2936 2664 3007 δαίμονές
2693 2955 2754 2990 σε
2790 2939 3192 3010 φοϐηθήσονται
3212 2956 3225 2971 ο
3277 2941 3344 2993 ἂν

1762 3024 1819 3077 δὲ
1852 3025 1944 3077 τὸν
1985 3026 2205 3096 χρυσὸν,
2238 3026 2334 3079 καὶ
2363 3026 2642 3097 ἄνθρωποι
2698 3030 3199 3098 καταγελάσονται’
3248 3032 3343 3083 ἐὰν

1763 3111 1958 3185 ἐνδύσῃ
1990 3112 2080 3166 τὸν
2134 3114 2392 3184 Χριστὸν,
2448 3116 2541 3168 καὶ
2584 3114 2862 3187 ἄνθρωποί
2902 3134 2963 3170 σε
2993 3117 3344 3189 αίδεσθήσον-

1761 3218 1873 3255 ται.

1832 3289 2021 3343 Βούλει
2052 3290 2338 3361 φαίνεσθαι
2386 3290 2527 3363 καλὴ
2550 3293 2643 3345 καὶ
2672 3294 2993 3366 εὐπρεπής;
3042 3295 3343 3366 ἀρκέσθητι

1761 3377 1853 3431 τοῦ
1880 3380 2223 3452 Δημιουργοῦ
2259 3378 2406 3451 [405]
2430 3383 2494 3451 τῇ
2524 3380 2740 3438 πλάσει.
2763 3382 2829 3435 Τί
2850 3382 2918 3435 τά
2940 3384 3139 3453 χρυσία
3155 3387 3344 3437 ἐπεισ-

1761 3468 1935 3535 άγεις,
1958 3467 2033 3529 ὠς
2062 3466 2460 3537 διορθωσομένη
2493 3468 2585 3520 τοῦ
2616 3468 2749 3521 Θεοῦ
2772 3469 2833 3521 τὸ
2857 3469 3113 3540 πλάσμα;
3157 3472 3341 3536 Θέλεις

1760 3552 2041 3624 εὐπρεπὴς
2076 3552 2389 3621 φαίνεσθαι;
2429 3555 2725 3625 περιϐαλοῦ
2752 3556 3144 3627 ἐλεημοσύνην,
3183 3577 3340 3628 περι-

1761 3640 1924 3693 ϐαλοῦ
1954 3640 2384 3711 φιλανθρωπίαν,
2436 3642 2733 3711 περιϐαλοῦ
2790 3644 3164 3716 σωφροσύνην,
3209 3648 3341 3700 ἀτυ-

1761 3730 1923 3797 φίαν*
1970 3728 2147 3781 ταῦτα
2200 3730 2378 3783 πάντα
2413 3730 2613 3801 χρυσοῦ
2645 3733 2951 3806 τιμιώτερα
2976 3751 2989 3763 ·
3038 3736 3213 3789 ταῦτα
3246 3738 3341 3791 καὶ

1759 3816 1858 3887 τὴν
1916 3816 2124 3886 ὡραίαν
2184 3817 2632 3889 εὐπρεπεστέραν
2683 3823 2859 3873 ποιεῖ’
2911 3821 3206 3876 ταῦτακαὶ
3239 3824 3341 3894 τὴν

1758 3904 1855 3955 οὐκ
1892 3901 2166 3974 εὔμορφον
2221 3904 2496 3975 εὖμορφον
2557 3906 2874 3977 ἐργάζεται.
2895 3909 3064 3963 Ὅταν
3107 3911 3217 3982 γάρ
3254 3928 3341 3974 τις

1762 3992 1877 4063 μετ’
1906 3993 2115 4056 εὐνοίας
2138 3993 2259 4063 ὄψιν
2285 3996 2407 4065 ὁρᾷ,
2426 3994 2535 4048 ἀπὸ
2562 3995 2784 4067 ἀγάπης
2810 3998 2963 4071 φέρει
2986 3999 3081 4063 τάς
3104 4000 3337 4070 ψήφους·

1758 4083 1855 4150 τὴν
1884 4081 1939 4133 δὲ
1973 4083 2216 4152 πονηρὰν
2247 4083 2307 4134 οὐ
2355 4082 2578 4137 δύναταί
2629 4103 2715 4148 τις
2772 4086 2896 4139 οὐδὲ
2944 4087 3116 4163 καλὴν
3149 4084 3336 4155 οὖσαν,

1758 4170 1929 4232 καλὴν
1953 4170 2124 4222 εἰπεῖν
2145 4186 2158 4199 ο
2196 4170 2558 4242 πεπληγμένη
2588 4172 2698 4244 γὰρ
2729 4175 2763 4243 ὴ
2816 4173 3025 4228 διάνοια
3070 4175 3130 4228 οὐ
3183 4177 3337 4248 φέρει

1756 4259 1854 4329 τὴν
1889 4258 2069 4329 ψῆφον
2097 4259 2284 4331 ὀρθήν.
2322 4261 2634 4331 Ἐκοσμήθη
2660 4262 2788 4314 ποτέ
2817 4264 2850 4333 ὴ
2895 4264 3183 4331 Αἰγυπτία,
3218 4264 3337 4319 ἐκο-

1759 4347 1942 4417 σμήθη
1973 4347 2067 4399 καὶ
2115 4349 2142 4399 ό
2186 4348 2418 4416 Ἰωσήφ⁶
2450 4348 2534 4411 τίς
2571 4342 2665 4400 οῦν
2693 4343 2762 4418 ἦν
2794 4350 2822 4401 ό
2860 4348 3215 4420 ὡραιότερος;
3274 4352 3333 4402 οὐ

1757 4430 1898 4497 λέγω
1919 4431 2007 4482 ὅτε
2036 4432 2093 4483 ἐν
2114 4432 2226 4492 τοῖς
2256 4430 2548 4500 βασιλείοις
2574 4428 2642 4501 ἦν
2681 4433 2887 4503 ἐκείνη,
2914 4424 3064 4497 οὗτος
3090 4433 3145 4487 δέ
3171 4437 3227 4488 ἐν
3257 4435 3335 4505 τῷ

1756 4517 2131 4588 δεσμωτηρίῳ.
2180 4517 2390 4587 Γυμνδς
2433 4514 2503 4589 ἦν
2530 4513 2704 4583 οὗτος,
2761 4519 2878 4572 ἀλλ’
2930 4521 3203 4575 ἐνεδέδυτο
3235 4524 3335 4593 τῆς

1757 4604 2113 4675 σωφροσύνης
2147 4604 2212 4657 τά
2247 4604 2472 4675 ἱμάτια·
2512 4605 2836 4676 ἐνδεδυμένη
2868 4602 2937 4679 ἦν
2970 4609 3171 4680 ἐκείνη,
3198 4609 3334 4663 ἀλλά

1754 4694 1967 4763 γυμνῆς
1995 4688 2063 4763 ἦν
2090 4693 2417 4765 αἰσχροτέρα
2442 4711 2453 4722 ·
2499 4696 2856 4766 σωφροσύνην
2894 4696 3003 4769 γὰρ
3027 4698 3126 4750 οὐκ
3162 4694 3330 4769 εἶχεν.

1758 4782 1922 4835 ..οταν
1954 4780 2198 4851 σφοδρῶς
2224 4782 2501 4854 κοσμήσῃ,
2546 4775 2590 4833 ὦ
2624 4781 2802 4849 γύναι,
2833 4783 2955 4837 τότε
2987 4785 3085 4855 τῆς
3116 4788 3332 4857 γυμνῆς

1754 4866 2082 4938 αίσχροτέρα
2136 4868 2398 4935 γέγονας’
2433 4866 2688 4921 ἀπεδύσω
2720 4871 2829 4941 γάρ
2872 4871 2971 4943 τὴν
3011 4874 3327 4944 εὐκοσμίαν.

1754 4950 1861 5007 Ἦν
1888 4954 1979 5007 καὶ
2004 4956 2038 5022 ἡ
2074 4953 2187 5007 Εὐα
2216 4956 2429 5026 γυμνή·
2461 4954 2578 5008 ἀλλ’
2620 4957 2708 5010 ὅτε
2760 4958 3067 5024 ἐνεδύσατο,
3110 4963 3235 5015 τότε
3262 4958 3332 5033 ἦν

1755 5042 2113 5113 αἰσχροτέρα⁸
2164 5043 2251 5095 ὅτε
2284 5045 2381 5111 μὲν
2426 5042 2534 5114 γὰρ
2562 5038 2630 5115 ἦν
2675 5046 2881 5117 γυμνὴ,
2918 5049 3227 5120 κεκόσμητο
3259 5055 3326 5123 τῇ

1753 5131 1881 5203 δόξῃ
1909 5132 2001 5183 τοῦ
2038 5130 2202 5183 Θεοῦ’
2237 5130 2326 5183 ὅτε
2375 5130 2432 5183 δὲ
2460 5130 2521 5184 τὺ
2547 5132 2648 5201 τῆς
2686 5135 2958 5204 ἁμαρτίας
2999 5138 3210 5207 ἱμάτιον
3239 5142 3327 5191 ὲν-

1753 5218 1995 5285 εδύσατο,
2017 5220 2137 5272 τότε
2165 5214 2231 5288 ἦν
2260 5219 2481 5291 αἰσχρά.
2509 5221 2617 5274 Καὶ
2644 5222 2707 5275 σὺ
2727 5223 2829 5293 τῆς
2852 5224 3209 5295 φιλοκοσμίας
3238 5229 3327 5281 ἐν-

1752 5306 1983 5378 δυομένη
2007 5308 2067 5359 τὸ
2092 5307 2324 5377 ἱμάτιον,
2351 5307 2473 5359 τότε
2500 5308 2829 5380 αίσχροτέρα
2858 5310 3042 5382 φαίνῃ.
3072 5313 3190 5365 Ὀτι
3219 5314 3325 5385 γὰρ

1752 5398 1784 5465 ἡ
1821 5394 2139 5448 πολυτέλεια
2186 5393 2287 5448 οὐκ
2334 5394 2495 5465 ἀρκεῖ
2528 5394 2697 5459 δεῖξαι
2737 5394 3031 5468 εὔμορφον,
3064 5399 3178 5453 ἀλλ’
3210 5402 3325 5454 ἔστι

1754 5484 1847 5536 καὶ
1884 5483 2239 5554 ἐνδεδυμένην
2292 5483 2392 5554 τῆς
2450 5482 2668 5553 γυμνῆς
2714 5483 2912 5554 μᾶλλον
2970 5486 3321 5558 ἀσχημονεῖν,

1752 5572 1864 5641 ἐγὼ
1897 5572 2023 5644 ἐρῶ.
2074 5572 2139 5624 Et
2170 5589 2300 5624 ποτε
2349 5570 2583 5642 αὐλητοῦ
2628 5571 2663 5641 ἢ
2710 5573 2974 5643 χοραύλου
3021 5574 3188 5646 σκεύη
3233 5578 3323 5630 ἐν-

1754 5662 1944 5724 εδύσω,
1970 5655 2077 5727 ἆρα
2103 5658 2201 5711 οὐκ
2219 5654 2287 5728 ἦν
2307 5656 2695 5728 ἀσχημοσύνη;
2735 5661 2929 5715 Καίτοι
2952 5678 3016 5731 γε
3044 5665 3222 5734 χρυσᾶ
3248 5666 3316 5718 τά

1757 5745 1945 5816 ἱμάτιά
1967 5746 2135 5799 εἰσινο
2172 5744 2308 5798 ἀλλά
2330 5745 2418 5798 διά
2446 5743 2605 5797 τοῦτο
2632 5745 3007 5817 ἀσχημοσύνη,
3056 5750 3137 5804 ὅτι
3184 5766 3319 5822 χρυ-

1760 5836 1845 5888 σᾶ.
1864 5834 1927 5887 Ἡ
1960 5834 2066 5904 γὰρ
2091 5832 2405 5886 πολυτέλεια
2435 5831 2532 5901 τῆς
2563 5833 2762 5904 σκηνῆς
2795 5835 3020 5907 ἁρμόζει
3049 5841 3158 5903 τοῖς
3187 5855 3316 5911 τρα-
