3874 6516
149 393 242 450 573

149 509 295 566 rum?
321 505 483 576 Atqui
517 503 823 559 indumenta
869 509 996 555 sunt
1031 515 1191 554 aurea
1221 514 1237 561 ;
1280 495 1377 552 sed
1420 505 1698 565 propterea

145 610 221 658 est
235 599 451 656 dedecus
467 612 529 652 ac
557 595 827 666 turpitudo
852 593 990 662 quod
1012 594 1118 646 sint
1143 605 1324 645 aurea.
1352 589 1538 644 Scene:
1559 587 1700 642 enim

144 703 368 763 sumptus
414 705 476 745 ac
521 690 678 744 luxus
721 689 968 744 convenit
1015 685 1302 755 tragmdis,
1335 684 1697 747 histrionibus,

143 785 324 850 mimis,
355 781 695 837 saltatorihus
714 819 730 844 ,
757 789 814 835 et
837 780 902 834 iis
929 778 1020 848 qui
1053 785 1289 847 pugnant
1314 790 1436 830 cum
1465 774 1649 828 bestiis
1681 789 1698 826 :

145 875 276 930 ﬁdeli
299 882 472 928 autem
505 872 716 927 mulieri
739 871 859 924 alia:
887 869 1082 924 dantur
1103 884 1134 922 a
1164 868 1271 921 Deo
1289 875 1487 931 vestes,
1508 878 1701 935 nempe

147 966 253 1035 ipse
275 965 570 1033 unigenittts
600 963 693 1017 Dei
727 961 909 1015 Filius.
941 959 1193 1029 Quotquot
1220 959 1377 1022 enim,
1407 957 1616 1028 inquit,
1647 957 1702 1010 in

145 1057 380 1110 Christum
398 1053 638 1124 baptismi
656 1052 794 1114 estis,
817 1050 1069 1104 Christum
1089 1048 1321 1103 induistis
1340 1047 1482 1114 (Gal.
1511 1049 1561 1102 5.
1583 1046 1698 1118 Ξῖ).

145 1145 512 1213 Dic,quteso,si
540 1144 662 1214 quis
685 1143 884 1212 regiam
913 1141 1150 1196 dedisset
1178 1151 1404 1204 vestem,
1439 1149 1494 1192 tu
1520 1148 1698 1192 autem

142 1235 441 1291 mercenarii
465 1235 626 1289 vilem
647 1242 852 1289 vestem
891 1234 1223 1304 accepisses,
1251 1247 1426 1286 annon
1457 1246 1523 1285 eo
1557 1229 1700 1300 quod

140 1339 195 1383 te
220 1328 420 1397 turpior
443 1341 599 1397 geras
623 1335 679 1381 et
708 1326 960 1380 indecore
987 1365 1002 1390 ,
1034 1326 1196 1379 etiam
1225 1323 1531 1393 punireris?
1581 1322 1699 1376 creli

138 1432 193 1477 et
215 1422 517 1492 angelorum
541 1419 822 1474 Dominum
868 1418 1050 1474 induta
1082 1433 1176 1482 es,
1223 1426 1278 1473 et
1317 1416 1458 1470 circa
1503 1426 1698 1469 terrain

135 1512 399 1568 versaris?
427 1511 552 1566 Haec
575 1525 604 1564 a
623 1525 708 1565 me
723 1509 864 1564 dicta
883 1520 1028 1574 sunt,
1061 1518 1116 1563 ut
1147 1508 1423 1577 ostendam
1446 1507 1585 1577 quod
1606 1522 1702 1577 per

134 1619 197 1659 se
223 1617 463 1673 magnum
492 1601 562 1655 sit
586 1601 783 1654 malum
807 1601 1002 1654 nimius
1024 1609 1459 1654 ornamentorum
1495 1597 1701 1666 appeti-

136 1707 222 1751 tus
248 1704 298 1751 et
319 1694 662 1757 desiderium,
690 1693 899 1746 etiamsi
928 1691 1130 1745 nulloin
1161 1690 1304 1745 aliud
1334 1690 1456 1744 inde
1506 1704 1696 1743 nasce-

131 1797 298 1852 retur,
326 1787 414 1842 sed
442 1787 574 1841 citra
598 1784 892 1854 periculum
920 1783 972 1838 id
998 1785 1184 1839 liceret
1207 1784 1405 1838 habere
1432 1782 1450 1852 (
1474 1797 1594 1835 nam
1628 1781 1695 1836 ad

131 1881 338 1933 inanem
360 1877 578 1948 gloriam
609 1877 906 1945 fastumque
935 1883 1088 1945 parat
1128 1883 1184 1929 et
1235 1873 1481 1943 instruit)
1513 1891 1528 1926 :
1558 1887 1698 1928 nunc

127 1980 304 2022 autem
331 1970 487 2022 multa
517 1967 678 2022 etiam
707 1967 806 2020 alia
838 1967 978 2020 inala
1002 1973 1292 2020 nascuntur
1319 1980 1382 2019 ex
1414 1964 1576 2018 nimia
1607 1978 1704 2018 or-'

127 2059 287 2114 nandi
307 2059 386 2113 sui
411 2073 557 2122 cura,
593 2056 884 2112 manifesta:
909 2056 1274 2127 suspiciones,
1321 2067 1565 2124 sumptus
1610 2056 1697 2109 in-

126 2150 460 2220 tempestivi,
506 2149 886 2220 blasphemiae,
942 2149 1177 2202 avaritia:
1203 2157 1257 2202 et
1286 2148 1434 2218 plura
1468 2145 1697 2201 habendi

119 2243 425 2310 cupiditatis
449 2243 780 2297 occasiones.
811 2242 946 2308 Quid
969 2243 1136 2306 enim,
1153 2242 1258 2307 dic,
1277 2256 1486 2310 quaeso.
1533 2255 1698 2294 orna-

121 2333 234 2387 ris?
260 2343 314 2386 ut
340 2332 552 2401 placeas
577 2328 809 2388 marito?
830 2332 941 2387 Hoc
961 2348 1088 2401 ergo
1111 2331 1191 2384 fac
1208 2332 1370 2384 domi.
1394 2331 1488 2385 l‘Iie
1517 2340 1695 2385 autem

999 383 1065 440 1N
1104 379 1316 438 EPIST.
1357 379 1448 434 AD
1483 371 1756 432 COLOSS.
1797 372 1946 429 CAP.
1990 371 2076 425 ιν.
2117 370 2342 427 ΗΟΜΙΙ...
2383 370 2472 426 XI.

3285 370 3390 428 επ

1815 488 2237 543 ﬁtcontrarium.
2265 489 2398 544 Nam
2423 489 2469 543 si
2509 487 2588 541 vis
2627 495 2715 542 tuo
2751 486 2963 557 placere
3001 487 3232 552 marito,
3275 488 3384 543 noli

1809 582 2019 650 placere
2037 579 2184 645 aliis;
2211 580 2257 635 si
2273 588 2449 635 autem
2468 579 2681 651 placeas
2701 579 2837 643 aliis,
2863 563 3155 634 maritotuo
3174 579 3386 649 placere

1810 689 1915 728 non
1941 675 2158 742 poteris.
2179 672 2536 740 Quamobrem
2563 688 2778 728 omnem
2819 681 3067 728 ornatum
3111 681 3387 742 oporteret

1807 765 2076 835 deponere
2095 781 2219 820 cum
2238 765 2387 820 vadis
2412 765 2480 819 ad
2503 764 2674 820 Iorum
2695 805 2712 831 ,
2738 779 2858 819 cum
2886 763 3067 833 prodis
3107 765 3158 818 in
3205 763 3381 818 eccle-

1807 857 1962 913 siam.
1993 857 2205 928 Alioqui
2231 865 2432 922 autem,
2465 871 2534 912 ne
2552 856 2705 912 exiis
2728 856 2940 925 placeas
2965 856 3154 912 marito
3183 871 3246 910 ex
3264 870 3382 925 qut-

1808 950 1907 1006 bus
1933 958 1989 1006 et
2015 954 2344 1012 meretrices,
2370 948 2465 1003 sed
2491 964 2558 1004 ex
2585 962 2651 1003 eo
2677 947 2856 1016 potius
2880 964 2945 1002 ex
2972 963 3078 1017 quo
3126 945 3376 1002 mulieres

1806 1041 2012 1096 liberae.
2049 1041 2101 1095 In
2130 1055 2238 1110 quo
2258 1038 2760 1109 enim,dic,qua:so,
2783 1037 2964 1092 diﬁ‘ert
2992 1053 3128 1110 uxor
3159 1053 3188 1092 a
3212 1053 3387 1093 ntere-

1807 1133 1978 1187 trice?
2003 1108 2160 1199 Quod
2183 1130 2300 1185 haec
2322 1128 2535 1200 quidem
2560 1108 2721 1182 unum
2744 1127 2918 1182 solum
2940 1108 3166 1196 spectat,
3187 1137 3244 1181 ut
3260 1142 3384 1182 cor-

1807 1225 1954 1294 poris
2005 1221 2397 1294 pulchritudine
2447 1220 2648 1276 alliciat
2684 1235 2825 1276 eum
2861 1235 3018 1288 quem
3062 1229 3252 1275 amat:
3297 1221 3385 1276 illa

1806 1330 1935 1369 vero
1963 1325 2016 1369 et
2039 1325 2236 1384 praeest
2262 1312 2466 1379 domui,
2497 1311 2900 1382 liberorumque
2924 1321 2972 1366 et
2998 1311 3224 1364 aliorum
3269 1327 3384 1365 om-

1805 1407 1951 1460 nium
1971 1405 2132 1461 habet
2147 1404 2480 1460 societatem.
2507 1403 2681 1458 Ilabes
2703 1402 2959 1458 ﬁliolam?
2987 1401 3110 1456 vide
3132 1417 3198 1456 ne
3231 1401 3386 1455 dam-

1805 1513 1930 1551 num
1953 1496 2181 1566 accipiat
2201 1511 2214 1550 :
2234 1495 2408 1550 solent
2425 1494 2568 1548 enim
2587 1507 2762 1549 mores
2784 1507 3108 1560 componere
3139 1508 3205 1546 ex
3243 1493 3375 1547 edu-

1805 1589 2033 1654 catione,
2061 1597 2116 1644 et
2134 1597 2364 1642 matrum
2385 1599 2564 1641 mores
2584 1585 2802 1639 imitari.
2824 1585 2909 1639 Sis
2935 1583 3055 1638 ﬁliae
3081 1583 3381 1652 exemplum

1807 1681 2079 1736 modestia:
2102 1689 2157 1735 et
2183 1678 2583 1751 temperantiae;
2611 1678 2703 1733 illo
2737 1687 2929 1732 ornatu
2958 1693 3169 1744 ornare,
3198 1678 3386 1732 etvido.

1805 1784 1862 1828 ut
1878 1773 2018 1828 hunc
2033 1771 2316 1840 despicias.
2336 1770 2543 1825 Revera
2563 1769 2704 1824 enim
2727 1769 2815 1824 illa
2835 1777 3347 1824 suntornamentum
3368 1787 3382 1832 ;

1805 1866 1920 1920 Iure
1939 1879 2063 1920 vero
2085 1863 2254 1933 magis,
2275 1861 2511 1917 dedecus
2527 1859 2780 1927 afferunt,
2796 1876 2955 1931 quam
2974 1871 3188 1916 ornant.
3226 1861 3388 1916 Snl‘li-

1803 1959 1950 2013 ciunt
1965 1952 2082 2027 qua:
2097 1955 2236 2009 dicta
2253 1962 2399 2008 sunt.
2423 1953 2564 2008 Deus
2581 1961 2762 2007 autem
2781 1953 2872 2022 qui
2892 1952 3151 2008 mundum
3169 1951 3314 2018 fecit,
3335 1963 3389 2008 et

1804 2054 1958 2108 nobis
1973 2052 2120 2107 dedit
2146 2050 2400 2106 mundum
2424 2049 2649 2116 animae,
2687 2063 2792 2104 nos
2819 2049 3042 2105 mundet
3071 2059 3126 2106 et
3155 2032 3385 2105 exornet

1803 2155 1856 2199 et
1877 2159 1971 2199 sua
1991 2144 2158 2214 gloria
2189 2141 2373 2197 induat
2398 2158 2412 2194 :
2436 2149 2492 2195 ut
2518 2155 2708 2196 omnes
2729 2141 2782 2195 in
2813 2141 2970 2196 bonis
3006 2141 3263 2212 operibus
3291 2125 3400 2194 re?

1803 2237 2164 2306 splendentes,
2181 2243 2236 2289 et
2250 2233 2315 2287 ad
2332 2233 2448 2302 ejus
2465 2233 2688 2302 gloriam
2705 2233 2970 2299 viventes,
2987 2233 3215 2303 gloriam
3235 2232 3389 2285 cmit-

1805 2341 1978 2382 tamus
2001 2327 2142 2381 Patri
2170 2338 2216 2378 et
2245 2326 2380 2379 Filio
2402 2335 2454 2376 et
2478 2323 2694 2392 Spiritui
2722 2333 2930 2378 sancto.

3219 2415 3386 2426 *—

1516 2475 1845 2536 HOMILIA
1887 2475 2002 2536 XI.

110 2583 248 2639 Car.
283 2583 370 2636 IV.
400 2599 453 2633 v.
481 2581 536 2636 5.
596 2578 660 2632 In
689 2578 946 2649 sapientia
993 2578 1248 2632 ambulate
1273 2578 1340 2630 ad
1363 2594 1445 2631 eos
1475 2578 1558 2646 qui
1589 2575 1713 2648 foris

191 2683 323 2735 sunt,
358 2683 550 2741 tempus
577 2670 895 2723 redimentes.
937 2670 991 2724 5.
1038 2668 1216 2722 Sermo
1240 2678 1397 2721 vester
1417 2684 1614 2736 semper
1648 2666 1700 2719 in

189 2750 374 2834 gratia,
404 2762 510 2816 sale
537 2763 602 2815 sit
629 2762 883 2825 conditus,
927 2770 982 2813 ut
1006 2761 1178 2814 sciatis
1197 2762 1444 2830 quomodo
1475 2767 1702 2830 Oporteat

191 2872 277 2908 vos
305 2853 572 2923 unicuique
596 2854 921 2922 respondere.

191 2953 244 3003 i.
283 2947 430 3016 Quod
458 2946 702 3001 Christus
719 2946 926 3001 dicebat
947 2945 1241 3014 discipulis,
1270 2945 1372 3000 hoc
1400 2961 1539 3000 nunc
1565 2961 1702 3015 quo-

113 3056 226 3106 que.
277 3046 454 3092 monet
495 3037 708 3092 Paulus.
757 3037 892 3102 Quid
935 3046 1110 3090 autem
1151 3036 1360 3091 dicebat
1409 3036 1701 3091 Christus?

115 3131 260 3186 Ecce
287 3150 373 3200 ego
403 3132 542 3183 mitto
571 3145 658 3182 vos
692 3130 820 3182 sicut
857 3145 972 3182 oves
999 3129 1052 3181 in
1087 3129 1250 3182 medio
1281 3128 1540 3197 luporum.
1572 3128 1700 3183 Sitis

111 3239 245 3294 ergo
289 3221 552 3290 prudentes
594 3224 723 3274 sicut
762 3230 1035 3290 serpentes,
1078 3230 1126 3273 et
1167 3220 1421 3289 simplices
1459 3220 1586 3273 sicut
1613 3235 1698 3273 co-

108 3314 310 3369 lumbae
335 3312 541 3382 (Matth.
577 3312 666 3368 i0.
709 3312 828 3381 16).
889 3313 1000 3366 Hoc
1021 3321 1105 3368 est
1123 3355 1138 3379 ,
1161 3311 1314 3367 Cauti
1343 3321 1516 3368 estote
1539 3355 1556 3376 ,
1580 3313 1699 3366 nul-

108 3410 225 3463 lam
255 3408 334 3462 eis
363 3409 616 3462 adversus
654 3420 751 3461 vos
789 3405 977 3460 dantes
1020 3419 1204 3459 ansam
1235 3414 1291 3459 et
1335 3406 1694 3460 occasionem.

106 3503 411 3570 Propterea
442 3509 619 3554 autem
653 3498 919 3567 adjicitur,
949 3497 1028 3551 Ad
1065 3515 1148 3551 eos
1191 3498 1276 3568 qui
1305 3498 1430 3568 foris
1458 3508 1608 3560 sunt;
1637 3506 1696 3552 ut

104 3593 387 3646 discamus
412 3633 426 3653 ,
458 3591 599 3661 quod
628 3591 887 3644 adversus
921 3598 1102 3644 nostra
1149 3590 1385 3645 membra
1414 3607 1520 3645 non
1550 3599 1698 3645 tanta

106 3683 274 3737 nobis
301 3697 434 3750 opus
462 3691 544 3735 est
563 3683 810 3736 cautione
832 3723 846 3744 ,
879 3690 1074 3749 quanta
1104 3680 1360 3735 adversus
1388 3692 1695 3738 extraneos.

105 3775 215 3832 Uhi
267 3790 497 3842 namque
537 3775 725 3828 fratres
771 3783 924 3839 sunt,
973 3772 1043 3826 ibi
1096 3773 1256 3826 multa
1305 3772 1696 3838 condonantur,

103 3869 183 3922 ibi
211 3869 411 3920 caritas
430 3881 639 3936 magna.
661 3864 882 3936 Oportet
907 3867 1063 3920 etiam
1090 3864 1178 3920 hic
1196 3881 1314 3920 esse
1334 3866 1694 3931 securitatem,

101 3961 373 4030 majorem
405 3975 532 4014 vero
564 3959 692 4013 foris
724 3973 865 4013 :non
896 3967 1021 4012 sunt
1047 3959 1186 4012 enim
1219 3959 1384 4028 paria,
1413 3973 1534 4013 esse
1561 3960 1698 4013 inter

100 4054 360 4107 inimicos
385 4065 439 4106 et
465 4053 664 4116 hostes,
695 4063 747 4106 et
779 4053 918 4105 inter
938 4052 1158 4106 amicits.
1188 4051 1384 4107 Deinde
1416 4062 1694 4122 postquam

99 4146 335 4208 terruit,
384 4143 508 4198 vide
558 4143 829 4212 quomodo
874 4157 1062 4198 rursus
1109 4143 1188 4198 eis
1239 4143 1388 4198 addit
1432 4145 1691 4197 animum.

93 4235 336 4304 Tempus
357 4275 373 4299 ,
406 4234 576 4303 inquit
597 4274 613 4296 ,
644 4234 964 4288 redimeutes.
997 4233 1108 4288 [Ioc
1144 4245 1226 4288 est
1248 4276 1262 4298 ,
1295 4250 1530 4304 praesens
1557 4244 1693 4288 tem-

94 4342 211 4396 pus
239 4335 326 4379 est
355 4325 535 4379 breve.
571 4323 696 4378 [late
735 4332 913 4377 autem
952 4323 1196 4388 dicebat,
1232 4339 1336 4377 non
1364 4324 1504 4394 quod
1536 4325 1696 4379 vellet

91 4432 207 4470 eos
257 4430 381 4471 esse
421 4416 595 4470 varios
623 4424 678 4470 et
719 4416 1026 4485 hypocritas
1068 4429 1131 4468 ac
1177 4415 1548 4480 simulatores;
1595 4414 1694 4468 hoc

96 4506 268 4558 enim
316 4520 420 4558 non
450 4516 528 4559 est
562 4506 838 4574 sapientiae
861 4547 878 4571 ,
910 4504 1004 4560 sed
1051 4505 1332 4570 amentiae;
1380 4505 1472 4559 sed
1521 4506 1694 4575 quid?

99 4597 168 4649 In
203 4595 278 4650 iis
301 4634 318 4660 ,
345 4596 530 4664 inquit,
559 4598 612 4650 in
636 4597 826 4666 quibus
855 4612 956 4649 non
990 4595 1220 4658 laedunt,
1251 4595 1449 4650 nullam
1473 4597 1548 4650 eis
1571 4596 1696 4652 date

87 4703 304 4741 ansam
328 4702 426 4741 nec
442 4689 796 4741 occasionem.
816 4686 967 4754 Quod
989 4688 1148 4742 etiam
1172 4687 1300 4743 dicit
1315 4687 1380 4741 ad
1400 4686 1690 4751 Rotnanos,

84 4779 336 4834 Reddite
368 4779 598 4833 omnibus
625 4779 790 4832 debita
825 4794 845 4834 :
872 4780 955 4833 cui
980 4779 1166 4832 debetis
1209 4780 1448 4834 tributum
1467 4821 1482 4846 ,
1530 4779 1690 4833 tribu-

81 4884 209 4926 tum
228 4889 252 4936 ;
301 4873 383 4926 cui
426 4873 639 4940 vectigal
664 4914 678 4938 ,
723 4874 934 4943 vectigal
951 4890 970 4937 ;
1004 4874 1086 4926 cui
1121 4872 1394 4940 honorem,
1427 4874 1670 4928 honorem

76 4964 288 5033 (Rom.
338 4965 426 5018 15.
479 4965 557 5031 7).
590 4965 814 5034 Propter
860 4963 1292 5033 praedicationem
1334 4966 1504 5018 solum
1552 4974 1690 5027 esto,

77 5056 318 5125 inquit,
368 5056 462 5109 tibi
516 5056 708 5109 bellum
738 5074 750 5108 :
782 5056 985 5110 nullum
1025 5055 1167 5127 aliud
1214 5043 1419 5110 initium
1469 5057 1696 5127 accipiat

77 5146 206 5201 hoc
239 5145 469 5200 bellum.
504 5147 632 5200 Nam
664 5148 706 5200 si
739 5149 900 5201 etiam
949 5157 1169 5218 propter
1193 5149 1291 5202 alia
1324 5159 1506 5204 essent
1539 5151 1693 5204 nobis

67 5254 224 5292 cum
253 5239 340 5293 eis
367 5239 615 5309 gerenda:
649 5240 940 5294 inimicitia:
961 5281 975 5306 ,
1008 5256 1179 5310 neque
1207 5243 1360 5296 nobis
1383 5253 1522 5295 esset
1551 5258 1692 5296 iner-

65 5345 184 5384 ccs
205 5371 223 5394 ,
261 5338 325 5383 ct
354 5331 456 5399 ipsi
484 5331 642 5385 l‘nturi
674 5341 798 5385 sunt
820 5330 1136 5396 deteriores,
1169 5339 1224 5385 et
1252 5331 1571 5386 videbuntur
1593 5347 1692 5384 nos

66 5426 222 5492 jure
261 5438 566 5478 accusare:
596 5424 741 5478 velut
782 5424 827 5477 si
868 5423 1144 5493 vectigalia
1172 5440 1276 5477 non
1305 5425 1610 5488 solvamus,
1646 5425 1690 5477 si

66 5516 348 5569 honores
374 5529 508 5584 quos
538 5519 789 5569 convenit
820 5531 923 5568 non
953 5514 1272 5580 reddamus,
1315 5515 1358 5568 si
1388 5529 1492 5568 non
1525 5516 1694 5568 simus

65 5606 364 5661 humiles.
395 5605 557 5661 Vides
583 5615 837 5676 quantum
862 5621 921 5661 se
951 5605 1198 5662 demittat
1225 5606 1421 5661 Paulus
1444 5648 1461 5673 ,
1494 5590 1582 5660 ubi
1607 5608 1692 5660 tti-

62 5699 153 5752 lril
191 5699 358 5753 laedit
381 5699 814 5769 praedicationem
838 5699 860 5752 ?
885 5697 1021 5752 Audi
1052 5699 1195 5753 enim
1224 5699 1396 5768 ipsum
1425 5698 1690 5753 dicentem

65 5791 362 5861 Agrippa:
393 5808 406 5842 :
441 5788 654 5842 Beatum
683 5806 760 5842 me
784 5789 1044 5853 existimo,
1080 5788 1226 5842 hodie
1257 5790 1394 5860 apud
1422 5798 1468 5844 te
1487 5806 1689 5844 causam

420 5894 693 5955 PATROL.
742 5893 860 5956 Gn.
910 5896 1102 5958 LXII.

1817 2586 2053 2640 acturus,
2084 2575 2172 2644 qui
2197 2590 2248 2627 es
2270 2572 2487 2627 maxime
2515 2575 2701 2642 peritus
2739 2574 3159 2627 consuetudinum
3177 2582 3228 2649 et
3252 2589 3389 2644 qut:-

1811 2667 2031 2720 stionum
2056 2681 2170 2736 qua:
2185 2676 2300 2720 sunt
2341 2665 2478 2735 apud
2511 2664 2724 2719 Judwos
2749 2666 2884 2733 (Act.
2916 2665 3083 2720 “26.2.
3108 2667 3184 2736 5).
3215 2666 3268 2722 Si
3295 2681 3390 2720 au-

1811 2771 1917 2815 tem
1947 2759 2307 2814 existimasset
2339 2767 2589 2828 Oportere
2629 2759 2950 2814 contumelia
2996 2759 3214 2815 afﬁcere
3246 2761 3390 2829 prin-

1809 2853 1983 2921 cipem
2009 2894 2025 2919 ,
2072 2851 2250 2906 omnia
2280 2852 2579 2907 evertisset.
2612 2852 2746 2906 Audi
2789 2860 2843 2906 et
2887 2852 3098 2906 beatum
3127 2844 3377 2918 Petrum,

1807 2958 1965 3013 quam
1995 2943 2184 2997 leniter
2209 2955 2262 2997 et
2293 2953 2568 2998 mansuete
2596 2941 2885 3012 respondet
2905 2943 3128 3005 .Iudaais,
3156 2942 3341 2998 dicens
3367 2960 3381 2997 :

1813 3035 2031 3090 Obedire
2060 3043 2253 3106 oportet
2300 3034 2408 3088 Deo
2435 3035 2594 3104 magis
2633 3051 2782 3104 quam
2825 3034 3115 3088 hominibus
3164 3033 3298 3104 (Act.
3331 3035 3385 3091 5.

1804 3127 2101 3198 29).Atqni
2155 3128 2396 3181 homines
2441 3128 2528 3196 qui
2578 3129 2814 3181 animum
2855 3125 3284 3197 deSponderant,
3332 3138 3387 3182 et

1804 3222 1928 3277 vitae
1947 3235 2098 3290 spem
2131 3217 2455 3288 abjccerant,
2481 3221 2781 3298 potuissent
2802 3221 3124 3275 contumelia
3149 3217 3386 3285 afﬁcere,

1811 3323 1864 3368 et
1894 3311 2104 3383 quidvis
2145 3311 2353 3366 facere:
2384 3311 2476 3365 sed
2510 3322 2793 3382 propterea
2823 3314 3060 3368 animum
3087 3311 3386 3382 desponde-

1804 3415 1944 3473 rant,
1969 3413 2023 3460 et
2050 3407 2172 3459 vita:
2198 3418 2348 3475 spem
2383 3405 2712 3475 abiecerant,
2744 3413 2894 3459 utne
2924 3403 3135 3459 inanem
3161 3403 3385 3475 gloriam

1804 3505 2079 3566 captarent
2105 3496 2122 3566 (
2146 3495 2248 3550 hoc
2275 3505 2360 3550 est
2385 3496 2527 3550 enim
2552 3495 2725 3549 inanis
2749 3493 2936 3564 gloriae
2962 3495 3011 3563 );
3039 3495 3132 3549 sed
3166 3503 3223 3549 ut
3244 3511 3380 3564 pra:-

1804 3587 2080 3650 dicarent,
2101 3597 2156 3641 et
2185 3597 2241 3640 ut
2270 3587 2436 3641 libere
2456 3596 2510 3641 et
2536 3583 2868 3641 conﬁdenter
2894 3587 3071 3640 omnia
3102 3574 3388 3656 loqueren-

1806 3687 1890 3735 tur
1917 3700 1930 3734 :
1958 3681 2089 3735 illud
2129 3689 2341 3745 autem,
2387 3696 2581 3749 nempe
2621 3680 2832 3734 inanem
2879 3689 3096 3748 captare
3123 3681 3380 3751 gloriam.

1803 3785 1886 3845 est
1933 3773 2304 3828 immodestiae.
2339 3774 2520 3828 Sermo
2546 3783 2704 3826 vester
2729 3790 2929 3841 semper
2953 3774 3005 3826 in
3034 3774 3201 3843 gratia
3221 3814 3235 3836 ,
3278 3769 3385 3827 sale

1802 3867 1866 3919 sit
1891 3866 2146 3920 conditus.
2182 3867 2294 3920 Hoc
2323 3874 2440 3930 est,
2492 3883 2558 3920 ne
2605 3867 2868 3920 sermonis
2899 3868 3065 3933 gratia
3111 3882 3176 3922 eo
3219 3866 3383 3922 deve-

1803 3957 1913 4011 niat
1932 4000 1947 4022 ,
1983 3968 2036 4012 ut
2059 3973 2124 4012 eo
2153 3969 2372 4012 utantur
2396 3959 2528 4012 citra
2555 3957 2866 4011 discrimen.
2901 3957 3043 4012 Licet
3070 3961 3234 4024 enim,
3261 3959 3385 4014 licet

1802 4049 2005 4103 urbane
2031 4057 2084 4104 et
2115 4049 2291 4120 lepide
2335 4050 2477 4119 loqui
2502 4091 2516 4114 ,
2548 4049 2642 4104 sed
2673 4065 2794 4103 cum
2821 4065 2880 4104 ea
2922 4068 3023 4119 qua
3053 4065 3151 4121 par
3177 4060 3260 4106 est
3289 4050 3385 4106 ho-

1802 4152 2011 4197 nestate
2052 4151 2106 4198 et
2134 4143 2350 4198 decore.
2406 4142 2474 4197 Ut
2515 4143 2690 4197 sciatis
2730 4144 3251 4214 quomodo’oporteat
3295 4161 3383 4199 vos

1801 4234 2066 4302 unicuique
2103 4234 2424 4304 respondere.
2456 4232 2816 4300 Quamobrem
2850 4250 2952 4288 non
2997 4243 3212 4303 oportet
3235 4234 3384 4289 simi-

1801 4326 1924 4378 liter
1964 4327 2105 4394 loqui
2135 4341 2254 4379 cum
2302 4325 2583 4392 omnibus,
2630 4339 2751 4379 cum
2797 4324 3018 4390 Grzccis,
3058 4326 3292 4396 inquam,
3325 4335 3381 4381 et

1803 4417 2073 4472 fratribus.
2102 4417 2446 4488 Nequaquam
2471 4435 2484 4470 :
2510 4417 2612 4471 hoc
2639 4418 2779 4472 enim
2810 4429 2890 4471 est
2911 4429 3168 4474 extremm
3197 4434 3383 4472 amen-

1803 4511 1908 4563 tim.
1941 4509 1995 4562 7.
2040 4508 2166 4576 Qua:
2201 4509 2335 4561 circa
2375 4525 2453 4562 me
2497 4517 2646 4571 sunt,
2679 4509 2850 4562 omnia
2892 4508 3028 4562 vobis
3070 4517 3188 4561 nota
3233 4509 3384 4579 faciet

1802 4600 1846 4655 Τ
1845 4601 2050 4672 ychicus
2074 4641 2088 4664 ,
2141 4601 2433 4653 carissimus
2475 4600 2653 4668 frater,
2686 4609 2736 4652 et
2775 4599 2940 4669 ﬁdelis
2971 4599 3218 4664 minister,
3259 4615 3380 4652 con-

1799 4707 1970 4745 servus
1997 4693 2049 4744 in
2079 4689 2318 4744 Domino.
2357 4690 2512 4760 Papia
2539 4691 2551 4743 !
2581 4698 2778 4760 quanta
2807 4698 2890 4744 est
2919 4689 3069 4744 Pauli
3095 4691 3375 4760 sapientia.

1797 4780 1914 4836 Non
1949 4783 2126 4836 omnia
2160 4783 2344 4836 inserit
2373 4783 2424 4836 in
2454 4781 2724 4852 epistolis,
2762 4781 2858 4836 sed
2885 4798 3000 4850 qua)
3029 4791 3154 4835 sunt
3185 4795 3374 4837 neces-

1800 4877 1936 4930 saria
1961 4885 2015 4930 et
2037 4877 2276 4946 urgentia
2303 4894 2316 4931 :
2340 4876 2509 4945 primo
2527 4875 2740 4946 quidem
2764 4875 2954 4930 nolens
2974 4888 3066 4930 eas
3081 4875 3134 4929 in
3159 4874 3376 4928 nimiam

1799 4967 2086 5022 extendere
2134 4966 2522 5038 longitudinem
2554 4982 2568 5020 :
2601 4967 2842 5021 secundo
2870 4977 3078 5030 autem,
3126 4981 3246 5020 eum
3284 4968 3376 5036 qui

1799 5061 2153 5129 proficiscitur
2201 5061 2431 5114 reddens
2459 5061 2626 5129 magis
2656 5059 3010 5116 reverendam
3032 5098 3047 5122 ,
3082 5068 3140 5112 ut
3185 5060 3380 5114 habeat

1799 5151 1996 5220 aliquid
2026 5151 2166 5220 quod
2210 5160 2390 5205 narret
2421 5170 2432 5204 :
2473 5152 2662 5217 tertio,
2697 5151 2988 5204 ostendens
3025 5158 3280 5219 quantum
3324 5150 3376 5203 itt

1798 5259 1918 5296 eum
1950 5243 2017 5296 sit
2044 5243 2292 5309 affectus;
2345 5258 2448 5297 non
2477 5243 2780 5319 enimalias
2821 5242 2869 5297 ei
2903 5244 3015 5295 hmc
3039 5240 3370 5295 mandasset.

1803 5335 2004 5390 Deinde
2029 5346 2179 5389 erant
2209 5335 2452 5405 quaedam
2481 5350 2600 5405 qua:
2629 5349 2736 5389 non
2775 5331 3059 5403 Oportebat
3087 5332 3377 5402 signiﬁcari

1799 5427 1986 5482 literis.
2020 5425 2343 5492 Carissimus,
2376 5427 2565 5495 inquit,
2609 5429 2787 5496 frater.
2816 5423 2872 5479 Si
2902 5423 3232 5488 carissimus,
3264 5424 3373 5478 sci-

1800 5517 1874 5569 vit
1895 5517 2101 5580 omnia,
2133 5526 2186 5570 et
2219 5533 2342 5570 eum
2373 5516 2502 5569 nihil
2529 5515 2758 5573 celabat.
2789 5513 2856 5568 Et
2888 5514 3055 5582 ﬁdelis
3074 5512 3303 5566 minister
3326 5523 3374 5567 et

1799 5625 2064 5662 conservus
2094 5609 2144 5660 in
2171 5607 2410 5661 Domino.
2443 5607 2499 5662 Si
2538 5605 2711 5660 fidelis
2735 5647 2750 5671 ,
2792 5605 2926 5660 nihil
2971 5604 3294 5669 mentietur;
3327 5603 3373 5659 si

1797 5713 2092 5755 conservus
2115 5738 2128 5762 ,
2159 5698 2255 5753 fuit
2285 5699 2464 5753 socius
2492 5682 2540 5752 et
2569 5696 2835 5766 particeps
2863 5694 3236 5750 temationnm.
3259 5692 3374 5750 Un-

1797 5790 1956 5860 dique
1984 5803 2110 5858 ergo
2141 5789 2347 5860 collegit
2381 5788 2432 5844 id
2475 5787 2614 5859 quod
2662 5787 2819 5844 ﬁdem
2851 5785 3069 5842 faceret.
3110 5785 3164 5843 8.
3209 5787 3369 5856 Quem

2968 5890 3048 5952 21t-
