3874 6548
558 401 664 461 575

559 516 677 571 misi
696 517 762 569 ad
790 532 874 570 vos
899 514 968 569 ad
994 514 1086 580 hoc
1109 516 1293 587 ipsum.
1327 513 1421 569 llic
1447 512 1671 567 multam
1715 510 1953 567 ostendit
2000 508 2137 564 dile—

559 608 822 668 ctionem.
849 608 1109 674 siquidem
1140 621 1262 661 cum
1295 605 1418 659 ideo
1444 605 1623 665 misit,
1652 614 1707 658 et
1747 618 1810 658 ea
1842 604 1937 657 fuit
1972 615 2134 657 causa

558 713 655 752 cur
681 714 897 767 peregre
939 698 1006 752 sit
1048 696 1317 768 prolectus
1344 714 1358 751 :
1388 696 1531 769 quod
1560 696 1721 752 etiam
1765 696 1976 752 dicebat
2001 696 2134 752 scri-

559 789 691 844 bens
731 789 797 844 ad
848 789 1353 845 Thessalonicenses
1376 807 1390 845 :
1414 788 1637 860 Propter
1674 789 1813 860 quod
1859 805 1962 843 non
1990 788 2142 843 susti-

557 891 728 935 nentes
755 881 974 951 amplius
996 922 1011 946 ,
1038 882 1229 952 placuit
1262 882 1406 937 nobis
1448 882 1569 936 solis
1594 895 1852 936 remanere
1889 879 2099 933 Athenis
2120 921 2135 943 ,

555 983 605 1027 et
648 972 875 1027 misimus
926 972 1246 1027 Timotheum
1292 977 1502 1045 fratrem
1553 982 1782 1028 nostrum
1825 972 1844 1043 (
1878 973 1928 1027 l.
1956 970 2135 1027 Thess.

554 1067 608 1121 ὅ.
641 1065 692 1122 1.
719 1066 798 1137 2).
840 1066 921 1121 Ad
953 1066 1215 1137 Ephesios
1241 1080 1453 1137 quoque
1482 1081 1605 1121 eum
1648 1065 1819 1135 ipsum
1851 1065 2041 1130 mittit,
2084 1074 2138 1120 et

554 1168 775 1229 pr0pter
822 1158 1065 1214 eamdem
1110 1166 1373 1214 causam:
1434 1155 1502 1213 Ut
1543 1165 1808 1229 cognoscat
1847 1172 1961 1228 qua:
2003 1156 2139 1209 circa

554 1267 641 1305 vos
693 1261 810 1305 sunt
853 1260 903 1305 et
952 1251 1239 1305 consoletur
1276 1249 1432 1303 corda
1478 1260 1641 1303 vestra
1668 1247 1880 1319 (Ep/tes.
1931 1248 1982 1304 6.
2014 1247 2132 1316 22).

554 1342 690 1398 Vide
716 1342 841 1413 quid
878 1342 1022 1397 dicat
1048 1360 1061 1393 :
1089 1341 1203 1396 Non
1235 1349 1292 1395 nt
1323 1355 1418 1394 vos
1462 1355 1551 1395 res
1579 1356 1725 1394 meas
1754 1339 1971 1394 diseatis
1994 1380 2008 1400 .
2042 1339 2135 1395 scd

554 1446 615 1489 ut
638 1450 739 1506 ego
768 1443 974 1490 vestras
1001 1451 1016 1489 :
1041 1434 1112 1489 ita
1160 1449 1419 1504 nusquam
1467 1434 1607 1504 quod
1648 1450 1803 1488 suum
1848 1444 1929 1489 cst
1958 1434 2131 1505 punit.

553 1526 800 1583 Ostendit
820 1542 914 1582 eos
941 1541 1163 1597 quoque
1189 1540 1309 1581 esse
1340 1525 1393 1580 in
1422 1525 1805 1579 teutatiouihns
1826 1567 1839 1590 ,
1871 1524 2097 1580 dicendo
2116 1565 2132 1590 ,

558 1618 624 1673 Ut
645 1619 926 1673 consoletur
953 1618 1110 1671 corda
1134 1627 1318 1673 vestra.
1352 1618 1409 1673 9.
1436 1616 1561 1671 Cum
1591 1616 1848 1679 Onesinto,
1873 1618 2135 1671 carissimo

552 1720 600 1766 et
626 1713 763 1782 ﬁdeli
791 1717 966 1785 fratre,
995 1714 1082 1784 qui
1104 1729 1169 1768 ex
1194 1713 1331 1768 vobis
1358 1722 1450 1767 est.
1481 1711 1695 1778 Omnia,
1721 1728 1834 1781 qua:
1861 1711 1943 1765 hic
1966 1728 2132 1780 agun-

554 1815 655 1868 tur,
684 1813 800 1859 nota
828 1806 1014 1875 facient
1039 1805 1197 1859 vobis.
1228 1804 1328 1859 ilic
1367 1813 1449 1859 est
1474 1801 1761 1859 Onesimus
1782 1845 1796 1867 ,
1823 1802 1892 1857 de
1931 1818 2037 1873 quo
2066 1802 2131 1857 ad

552 1896 919 1952 Philemonem
962 1897 1204 1952 scribens
1247 1896 1491 1961 diccbat,
1551 1896 1710 1961 Quem
1754 1912 1844 1967 ego
1876 1898 2132 1949 volueram

550 2003 745 2041 mecum
777 1988 1000 2042 detinere
1023 2028 1038 2053 ,
1071 1996 1126 2041 ut
1153 2003 1244 2057 pro
1271 1998 1317 2042 te
1345 1987 1469 2041 mihi
1507 1987 1815 2041 ministraret
1843 1987 1894 2041 in
1916 1988 2133 2041 vinculis

550 2079 796 2150 evangelii
831 2095 850 2133 :
875 2081 984 2134 sine
1026 2080 1239 2134 consilia
1267 2089 1433 2134 autem
1473 2090 1559 2134 tuo
1600 2080 1728 2133 nihil
1765 2078 1900 2134 volui
1941 2082 2110 2151 facere

552 2169 942 2240 (PhilentJS).
999 2170 1162 2226 Addit
1205 2171 1367 2226 etiam
1413 2171 1711 2228 cncomium
1760 2172 2013 2238 civitatis,
2071 2183 2128 2228 ut

550 2263 709 2316 etiam
744 2263 1122 2330 gloriarentur,
1172 2278 1271 2317 nec
1301 2263 1473 2317 solum
1519 2278 1624 2317 non
1658 2262 2003 2318 afficerentur
2028 2279 2129 2334 pu-

549 2355 700 2421 dore,
733 2356 919 2411 dicens
951 2372 964 2410 :
1002 2355 1103 2421 Qui
1127 2364 1286 2411 estea:
1316 2358 1469 2410 vobis.
1494 2354 1700 2422 Omnia,
1719 2372 1832 2425 qua:
1851 2357 1932 2410 hic
1960 2373 2130 2426 agun-

555 2458 657 2512 tur,
698 2456 819 2501 nota
856 2449 1043 2519 facient
1079 2447 1237 2502 vobis.
1271 2447 1360 2512 10,
1401 2445 1609 2503 Salutat
1662 2463 1747 2503 vos
1802 2448 2123 2502 Aristarchus

550 2539 877 2609 concaptivus
918 2554 1080 2592 meus.

616 2630 673 2685 2.
720 2631 830 2686 lloc
851 2632 1098 2686 encomio
1120 2631 1318 2687 nullum
1340 2640 1421 2688 est
1447 2631 1637 2701 majus.
1667 2631 1763 2688 llic
1795 2641 1876 2689 est
1896 2632 1983 2704 qui
2006 2648 2125 2688 cum

548 2723 664 2791 ipso
703 2722 966 2779 abductus
1005 2723 1103 2779 fuit
1147 2724 1519 2797 Jerosolymis.
1569 2724 1738 2795 Majas
1784 2725 1917 2780 dixit
1963 2741 2122 2796 quam

547 2815 825 2884 propheta:
855 2832 868 2869 :
900 2830 1021 2870 nam
1050 2816 1123 2871 illi
1152 2816 1367 2887 quidem
1400 2817 1607 2886 seipsos
1646 2818 1829 2872 dicunt
1856 2817 2121 2886 lmSpites,

548 2906 783 2961 advenas
824 2917 877 2962 et
907 2908 1253 2979 peregrinos;
1299 2908 1385 2964 hic
1425 2919 1604 2965 autem
1646 2911 1807 2965 etiam
1836 2911 2125 2980 captivum.

548 2997 841 3067 Tamquam
872 3000 1014 3054 enim
1045 3001 1284 3069 captivus
1327 3000 1405 3055 sic
1440 3001 1698 3071 agebatur
1739 3012 1793 3057 et
1832 3003 2127 3069 ferebatur,

549 3098 605 3144 et
631 3088 697 3144 ad
728 3089 863 3145 male
894 3089 1200 3159 patiendum
1227 3091 1304 3146 sic
1346 3101 1461 3146 erat
1492 3094 1741 3148 omnibus
1770 3095 2122 3163 propositus;

550 3183 659 3236 imo
687 3198 815 3237 vero
844 3183 946 3237 illis
972 3184 1147 3254 pejus.
1179 3183 1310 3238 Nam
1339 3184 1459 3239 illos
1480 3184 1691 3253 quidem
1715 3193 1991 3255 postquam
2018 3201 2125 3241 ce-

551 3282 742 3341 perunt
784 3272 999 3341 hostes,
1042 3290 1135 3330 eos
1182 3275 1335 3330 valde
1377 3284 1566 3331 curant
1608 3285 1665 3331 ut
1710 3276 1810 3331 sibi
1841 3278 2123 3347 proprios;

550 3365 694 3421 hunc
713 3375 890 3422 autem
918 3377 976 3423 ut
1000 3366 1205 3431 hostem
1236 3380 1290 3423 et
1314 3369 1584 3424 inimicum
1603 3384 1791 3426 omnes
1820 3370 2050 3441 agebant
2072 3380 2127 3426 et

551 3456 821 3523 ferebant,
848 3459 1194 3515 verberantes
1214 3500 1229 3525 ,
1259 3460 1435 3531 ﬂagris
1467 3460 1758 3531 cmdentes,
1787 3463 2127 3519 contumeliis

549 3549 874 3616 allicientes,
916 3552 1329 3608 calumniantes.
1378 3552 1489 3609 lloc
1520 3554 1627 3609 illis
1666 3554 1828 3610 etiam
1860 3567 1976 3612 erat
2002 3572 2129 3611 con-

548 3640 795 3695 Solationi
830 3657 992 3697 :cum
1028 3644 1170 3699 enim
1200 3654 1501 3714 pncceptor
1544 3645 1596 3700 in
1641 3646 1830 3701 iisdem
1863 3657 2131 3716 versatur,

551 3735 806 3804 majorem
836 3736 1259 3792 consolationem
1286 3738 1551 3807 accipiunt
1582 3740 1857 3810 discipuli.
1893 3740 1959 3795 Et
1989 3741 2134 3796 Illar-

549 3842 638 3880 cus
666 3828 992 3881 consobrinus
1022 3827 1294 3883 Barnabtt'.
1329 3828 1482 3885 llune
1514 3847 1727 3902 quoque
1749 3833 1859 3904 jam
1890 3833 2131 3890 laudavit

550 3934 617 3973 ex
642 3920 958 3988 cognatione
991 3938 1004 3974 :
1034 3931 1151 3976 erat
1183 3922 1326 3977 enim
1364 3922 1635 3979 Barnabas
1664 3925 1746 3979 vir
1777 3942 2022 3997 magnus.
2051 3928 2130 3983 De

549 4027 648 4078 quo
670 4012 930 4080 accepistis
967 4013 1208 4066 mundata
1232 4029 1251 4067 :
1269 4015 1313 4067 si
1341 4016 1527 4069 venerit
1552 4017 1619 4069 ad
1644 4033 1759 4083 vos,
1797 4022 2035 4089 suscipite
2063 4021 2133 4074 il-

552 4100 677 4155 lum.
712 4101 850 4170 Quid
892 4104 1190 4159 vero?non
1237 4105 1394 4160 aliter
1436 4108 1843 4176 suscepissent?
1870 4110 2131 4175 Maxime;

550 4194 644 4249 sed
669 4236 685 4261 ,
715 4196 846 4250 Cum
876 4211 1069 4268 magno
1092 4237 1107 4260 ,
1150 4196 1357 4267 inquit,
1390 4199 1513 4253 volo
1541 4200 1716 4254 studio
1751 4220 1766 4255 :
1809 4211 1864 4256 et
1889 4204 1990 4257 hoc
2021 4218 2137 4256 ma-

555 4303 710 4356 gnum
768 4288 940 4341 virum
986 4289 1241 4343 ostendit.
1278 4287 1554 4345 Uudenam
1605 4301 1783 4346 autem
1830 4295 2135 4362 acceperint

554 4378 798 4433 mandata
821 4421 836 4445 ,
866 4395 969 4434 non
996 4380 1144 4435 dicit.
1170 4381 1262 4436 11.
1308 4379 1377 4434 Et
1404 4380 1576 4447 Iesus,
1607 4383 1694 4451 qui
1720 4383 1906 4436 dicitur
1928 4384 2128 4439 Justus.

555 4468 657 4524 Iste
699 4469 927 4526 fortasse
976 4482 1092 4527 erat
1142 4470 1471 4527 Corinthius.
1506 4472 1707 4528 Deinde
1749 4473 1841 4527 dat
1882 4475 2134 4531 omnibus

552 4573 836 4616 commune
862 4563 1165 4617 cncomium
1187 4603 1204 4629 ,
1233 4578 1353 4618 eum
1384 4563 1609 4631 dixisset
1636 4565 1777 4634 quod
1808 4576 1923 4620 erat
1949 4568 2133 4621 unius-

554 4649 812 4721 cujusque
855 4654 1134 4724 proprium
1166 4670 1180 4707 :
1215 4653 1317 4719 Qui
1362 4664 1480 4709 sunt
1522 4671 1585 4710 ea:
1626 4657 2006 4712 circumcisione
2031 4675 2050 4712 :
2081 4659 2133 4712 hi

552 4742 650 4795 soli
667 4752 781 4797 sunt
811 4745 1071 4814 adjutores
1109 4746 1204 4799 ntei
1230 4748 1283 4801 in
1305 4762 1460 4818 regno
1488 4746 1584 4803 Dei
1610 4765 1629 4804 :
1654 4750 1740 4818 qui
1774 4750 1898 4803 mihi
1926 4751 2132 4820 fuerunt

551 4834 754 4889 solatio.
797 4834 1085 4905 Postquam
1121 4835 1296 4901 dixit,
1327 4837 1663 4909 Concaptivus
1683 4881 1699 4905 ,
1731 4856 1800 4894 ne
1828 4842 2132 4895 auditorum

554 4926 791 4979 animum
821 4927 978 4980 simul
1008 4926 1219 4997 dejiciat
1244 4969 1261 4994 ,
1293 4929 1413 4984 vide
1441 4932 1708 4999 quomodo
1735 4932 1836 4987 hoc
1865 4942 2045 5002 ponat,
2078 4942 2133 4988 et

552 5032 651 5072 eos
693 5018 924 5072 excitet:
955 5018 1231 5090 Adjutorcs
1254 5062 1268 5083 ,
1321 5020 1508 5090 inquit,
1539 5024 1639 5077 mei
1665 5024 1734 5075 ad
1776 5041 1986 5095 regnum
2018 5025 2133 5081 Dei.

553 5114 911 5180 Quamobrem
939 5128 1059 5168 cum
1091 5113 1198 5167 sint
1227 5114 1356 5169 socii
1389 5116 1739 5170 teutationum
1765 5158 1780 5181 ,
1811 5128 1936 5172 sunt
1964 5117 2126 5173 etiam

554 5205 706 5274 regni
724 5203 877 5259 socii.
902 5202 1002 5270 Qui
1022 5203 1225 5273 fuerunt
1243 5204 1367 5257 mihi
1386 5204 1588 5259 solatio.
1619 5205 1861 5261 Ostendit
1893 5224 1987 5262 eos
2015 5223 2135 5264 esse

554 5308 799 5363 magnos,
820 5293 1081 5362 siquidem
1104 5293 1266 5349 Paulo
1283 5295 1493 5350 fuerunt
1510 5296 1720 5351 solatio.
1738 5297 1842 5351 Sed
1862 5298 2135 5355 videamus

553 5384 702 5439 Pauli
724 5383 1080 5455 prudentiam.
1102 5383 1168 5439 In
1186 5386 1452 5452 sapientia,
1480 5387 1666 5457 inquit,
1693 5389 1946 5443 ambulate
1967 5390 2035 5443 ad
2050 5408 2134 5445 eos

552 5477 640 5547 qui
658 5477 783 5544 foris
797 5485 937 5541 sunt,
964 5486 1159 5546 tempus
1178 5477 1497 5532 redimentes.
1522 5477 1633 5533 Hoc
1654 5490 1756 5545 est,
1781 5479 1894 5534 Non
1923 5493 2006 5537 est
2039 5496 2131 5537 ve-

553 5580 722 5624 strum
750 5578 980 5639 tempus,
1005 5569 1098 5624 sed
1127 5567 1337 5624 illorum
1365 5587 1379 5626 :
1411 5570 1576 5626 nolite
1603 5585 1731 5641 ergo
1754 5570 2048 5627 dominium
2080 5583 2135 5628 et

550 5662 928 5717 auctoritatem
956 5662 1106 5718 vobis
1135 5662 1440 5728 vindicare,
1489 5663 1585 5718 sed
1617 5674 1827 5734 tempus
1861 5667 2130 5723 redimite.

550 5752 735 5823 Neque
763 5754 898 5809 dixit
926 5755 1286 5819 solummodo,
1318 5755 1526 5821 Emite,
1557 5755 1685 5823 sed,
1719 5756 1983 5813 Redimite
2003 5801 2018 5825 ,
2056 5759 2137 5812 si-

554 5844 814 5914 gniﬁcans
868 5846 1034 5917 quod,
1084 5851 1163 5904 sic
1205 5846 1412 5917 aﬂ‘ecti,
1467 5848 1625 5905 aliter
1677 5850 1848 5921 ipsum
1898 5865 2131 5909 vestrum

1227 401 1286 457 S.
1323 398 1599 459 JOANNIS
1632 392 2105 456 CHRYSOS’I'OMI
2144 389 2457 449 ARCIIIEP.
2495 393 3021 458 CONSTANTINOP.
3607 425 3673 487 δη

2240 503 2458 561 efficite.
2502 508 2739 565 Summa:
2775 513 2917 567 enim
2947 511 3107 569 fuerit
3150 518 3405 585 amentiae,
3442 522 3673 595 bellorum.

2245 596 2642 654 inimicitiarum
2676 603 2981 670 excogitare
3024 606 3345 663 occasiones.
3377 611 3483 669 Nam
3517 623 3563 674 ad
3585 627 3650 681 hoc

2242 688 2382 758 quod
2411 691 2643 758 pericula
2670 697 2999 750 sustinemus
3026 696 3291 765 superﬂua
3325 710 3372 756 et
3396 719 3493 775 qua:
3512 673 3676 772 nihili:

2240 777 2369 835 bent
2397 780 2561 844 lucri,
2589 784 2733 839 aliud
2758 800 2973 856 quoque
3006 786 3261 842 damnum
3298 795 3497 861 accedit,
3524 807 3675 869 quodni

2243 886 2339 925 nus
2382 872 2557 929 Graeci
2598 890 2704 931 non
2740 878 3018 934 accedant.
3056 880 3191 936 Nam
3235 886 3426 953 quando
3458 890 3579 950 fueris
3597 900 3676 957 ima

2243 966 2452 1032 fratres,
2482 968 2676 1024 merito
2699 971 2927 1027 conﬂdis
2951 990 2966 1026 :
2996 972 3127 1029 foris
3147 984 3319 1031 autem
3338 993 3430 1035 non
3452 984 3512 1037 sic
3531 1001 3677 1056 oportet.

2240 1056 2402 1112 Vides
2423 1061 2689 1129 quomodo
2710 1062 2905 1134 ubique
2924 1080 3018 1121 eos
3038 1066 3127 1136 qui
3149 1076 3271 1122 sunt
3284 1067 3401 1125 foris
3412 1072 3679 1138 dicitﬂm

2242 1150 2527 1220 Propterea
2565 1153 2777 1210 dicebat
2816 1157 2977 1211 etiam
3026 1159 3269 1215 scribens
3314 1163 3373 1217 ad
3414 1165 3679 1230 Timotheum:

2244 1241 2453 1312 Oportet
2470 1247 2632 1314 ipsum
2649 1258 2696 1300 et
2715 1247 2776 1301 ab
2795 1249 2856 1303 iis
2877 1251 2966 1320 qui
2991 1252 3116 1321 foris
3134 1263 3248 1306 sunt
3265 1253 3429 1309 bonum
3447 1260 3582 1317 habere
3597 1272 3681 1321 tati-

2240 1338 2463 1389 monium
2492 1339 2568 1407 (l.
2598 1337 2726 1392 Tim.
2756 1341 2809 1394 5.
2838 1341 2925 1412 7);
2954 1352 3008 1395 et
3045 1358 3251 1409 rursus,
3282 1345 3405 1412 Quid
3428 1354 3531 1404 enim
3550 1370 3685 1410 utare-

2238 1432 2335 1497 fert
2364 1428 2426 1481 de
2454 1429 2516 1482 iis
2553 1431 2639 1498 qui
2668 1431 2792 1502 foris
2820 1442 2936 1486 sunt
2956 1433 3191 1503 judicare
3219 1437 3305 1507 (1.
3331 1438 3435 1495 Cor.
3462 1443 3505 1496 5.
3533 1446 3629 1517 l2)?
3649 1449 3687 1505 la

2237 1519 2508 1590 sapientia,
2538 1521 2729 1591 inquit,
2758 1522 3011 1578 ambulate
3032 1526 3100 1578 ad
3123 1542 3208 1580 eos
3231 1528 3315 1597 qui
3340 1532 3450 1599 {oris
3471 1545 3572 1587 sunt.
3593 1537 3687 1596 Foris

2236 1612 2378 1664 cnim
2401 1620 2546 1678 sunt,
2576 1613 2675 1667 etsi
2698 1614 2943 1669 eumdem
2966 1630 3123 1684 quem
3151 1632 3252 1673 nos
3272 1621 3499 1677 mundum
3518 1624 3687 1693 habitent,

2238 1713 2297 1758 ut
2338 1704 2424 1774 qui
2452 1705 2556 1759 sint
2594 1715 2744 1761 extra
2790 1722 3013 1778 regnum
3053 1717 3107 1764 et
3149 1708 3363 1765 domum
3405 1717 3553 1782 patris.
3586 1718 3687 1775 Sinti

2236 1796 2397 1851 etiam
2428 1811 2521 1851 eos
2548 1797 2876 1865 consolatur,
2925 1799 3045 1854 illos
3083 1814 3283 1855 vocans
3315 1812 3690 1878 extraneosqu

2235 1888 2448 1958 quidem
2471 1888 2684 1945 diccbat
2712 1892 2978 1959 superius,
3015 1890 3129 1945 Vita
3154 1903 3317 1947 vestra
3342 1895 3548 1951 absconsa
3564 1912 3691 1954 eum

2235 1981 2436 2037 Christo
2461 1984 2513 2036 in
2543 1982 2649 2037 Deo
2674 1982 2806 2055 (Col.
2829 1985 2883 2040 5.
2902 1985 2981 2056 5).
3009 1984 3183 2049 Tunc,
3214 1986 3398 2057 inquit,
3419 1990 3595 2059 gloriam
3612 2008 3691 2061 qua

2235 2076 2359 2142 rite,
2389 2085 2514 2132 tunc
2537 2076 2791 2141 honores,
2821 2086 2948 2133 tunc
2970 2078 3071 2132 alia
3093 2077 3306 2144 omnia;
3336 2096 3464 2135 nunc
3488 2094 3617 2137 autem
3638 2103 3693 2139 te-

2234 2183 2500 2239 quaquam
2522 2212 2535 2235 ,
2569 2169 2663 2224 sed
2702 2170 2805 2225 illis
2833 2169 3093 2240 praebete.
3145 2171 3377 2240 Deinde,
3407 2189 3467 2228 ne
3493 2185 3694 2245 putescum

2235 2258 2302 2311 de
2334 2260 2573 2329 pecuniis
2596 2260 2760 2331 loqui,
2793 2261 2940 2315 addit
2967 2279 2980 2315 :
3013 2262 3196 2317 Sermo
3219 2272 3377 2317 vester
3399 2281 3563 2336 semper
3580 2269 3615 2319 is
3629 2287 3696 2337 gn-

2234 2350 2335 2415 tia,
2363 2352 2469 2405 sale
2498 2353 2564 2405 sit
2592 2352 2826 2406 conditus
2850 2394 2865 2417 ,
2907 2362 2961 2405 ut
2992 2354 3165 2407 sciatis
3201 2356 3441 2424 quomodo
3464 2368 3699 2425 aportcctm

2235 2444 2505 2513 unicuique
2523 2443 2842 2513 respondere.
2868 2442 2939 2500 Ut
2965 2459 3071 2498 non
3099 2446 3169 2499 sit
3198 2446 3387 2516 plenus
3415 2448 3638 2518 hypocrisi,
3657 2452 3701 2503 iu-

2235 2537 2385 2605 quit:
2421 2536 2522 2591 hoc
2545 2536 2686 2591 enim
2714 2552 2821 2592 non
2850 2546 2933 2592 est
2958 2538 3126 2607 gratia
3148 2580 3164 2603 ,
3194 2554 3397 2607 neque,
3428 2538 3533 2595 Sale
3554 2550 3701 2596 estcor-

2235 2628 2424 2683 ditum.
2448 2626 2518 2684 Ut
2546 2637 2691 2698 puta,
2721 2628 2925 2699 absque
2967 2629 3205 2699 periculo
3236 2630 3411 2685 colere
3434 2641 3705 2700 apertum:

2236 2735 2450 2775 recuses
2475 2738 2488 2775 :
2512 2722 2557 2775 si
2585 2729 2794 2790 tempus
2819 2721 2889 2774 sit
2911 2720 3120 2790 placide
3148 2722 3418 2791 loquendi,
3447 2739 3504 2776 ne
3525 2738 3611 2775 eam
3633 2739 3697 2777 rem
3792 2720 3793 2779 l

2236 2812 2511 2868 existimes
2539 2812 2953 2868 assentationem
2977 2831 2991 2866 :
3026 2813 3105 2867 fac
3125 2813 3309 2867 omnia
3334 2830 3445 2884 qua:
3464 2814 3520 2868 ad
3538 2814 3704 2867 honora

2235 2904 2496 2969 attinent,
2545 2904 2617 2958 ita
2654 2913 2714 2958 ut
2751 2920 2856 2959 non
2897 2905 3122 2959 lmdatur
3148 2905 3338 2973 pietas.
3371 2905 3476 2960 Non
3500 2905 3705 2974 videsqu-

2237 2997 2397 3052 modo
2428 2998 2607 3052 Daniel
2637 2996 2908 3053 hominem
2936 2999 3065 3053 colit
3094 2999 3358 3068 impium?
3386 3014 3481 3052 non
3506 2998 3619 3053 rides
3635 3013 3710 3066 quo-

2237 3089 2398 3145 modo
2420 3098 2528 3144 tres
2553 3089 2702 3159 pueri
2719 3104 2839 3143 cum
2864 3090 3121 3159 sapientia
3143 3092 3260 3160 regi
3283 3089 3549 3144 offerantur
3563 3100 3601 3144 et
3612 3089 3706 3142 animi

2237 3183 2584 3238 ostendentes
2612 3182 2982 3236 fortitudinem
3012 3194 3065 3237 et
3102 3182 3319 3238 dicendi
3352 3184 3633 3247 libertatem,
3652 3196 3709 3234 tm

2237 3284 2413 3330 autem
2469 3276 2805 3329 temerariam
2854 3272 3129 3329 audaciam
3182 3284 3238 3330 et
3288 3274 3626 3343 asperitatem?
3655 3274 3710 3323 hut

2237 3367 2379 3422 enim
2404 3381 2509 3419 non
2538 3376 2619 3422 est
2642 3365 2893 3441 loquendi
2919 3365 3183 3420 libertatis
3203 3375 3260 3421 et
3283 3365 3501 3429 fiducia},
3522 3364 3595 3419 sed
3613 3362 3713 3417 iustis

2237 3457 2442 3528 gloriae.
2478 3456 2545 3511 Ut
2583 3457 2754 3512 sciatis
2774 3499 2790 3523 ,
2823 3456 2996 3526 inquit
3015 3499 3029 3522 ,
3058 3459 3320 3527 quomodo
3349 3470 3556 3527 oporteat
3576 3456 3713 3508 rosm-

2237 3551 2414 3618 cuique
2443 3550 2768 3625 respondere.
2801 3550 2972 3605 Aliter
3008 3552 3149 3604 enim
3179 3552 3447 3622 principi,
3476 3551 3601 3605 aliter
3617 3549 3649 3602 ei
3667 3548 3714 3615 qui

2238 3642 2459 3698 alterius
2487 3651 2639 3711 paret
2685 3644 2950 3713 imperio;
2991 3643 3147 3698 aliter
3175 3644 3335 3699 diviti
3359 3687 3375 3711 ,
3402 3646 3542 3697 aliter
3566 3640 3713 3712 [caput

2238 3734 2450 3803 Quare?
2500 3735 2764 3802 Quoniam
2810 3726 3033 3791 divitum
3079 3746 3133 3792 et
3166 3738 3466 3807 principum
3502 3736 3628 3791 animi
3652 3742 3718 3786 stat

2240 3828 2636 3895 imbecilliores,
2674 3837 2731 3883 ttt
2759 3830 2849 3898 qui
2879 3837 3124 3883 tumeant
3152 3840 3209 3884 et
3233 3829 3481 3884 difﬂuant
3505 3847 3517 3882 :
3542 3845 3620 3897 quo
3638 3826 3717 3878 lita

2239 3918 2379 3988 apud
2408 3933 2500 3974 eos
2528 3936 2587 3974 se
2631 3920 2799 3989 magis
2826 3918 3112 3975 demittere
3138 3927 3196 3975 et
3241 3920 3614 3976 accommodare
3630 3931 3719 3985 opm

2242 4019 2349 4066 teat
2374 4029 2386 4064 :
2420 4027 2714 4081 pauperum
2741 4019 2919 4066 autem
2945 4021 3211 4068 eteorum
3237 4015 3329 4085 qui
3361 4022 3481 4068 sunt
3505 4008 3721 4078 subjectial-

2241 4103 2371 4168 teri,
2412 4103 2694 4157 solidiores
2736 4111 2793 4159 et
2833 4102 3211 4173 prudentiores
3243 4122 3259 4158 :
3295 4120 3462 4175 quare
3485 4114 3531 4159 et
3550 4102 3617 4157 hic
3635 4110 3721 4153 utet-

2240 4194 2367 4250 dum
2394 4203 2478 4250 est
2507 4194 2694 4264 majori
2724 4194 2975 4266 loquendi
3006 4194 3279 4260 libertate,
3327 4212 3489 4251 unum
3511 4192 3720 4264 specum

2242 4301 2434 4356 nempe
2476 4284 2906 4340 :edificationem.
2947 4283 3063 4340 Non
3091 4286 3359 4356 quoniam
3386 4286 3471 4342 hic
3507 4283 3664 4355 quidem
3679 4288 3723 4331 et

2242 4392 2464 4448 pauper,
2495 4377 2583 4432 ille
2613 4392 2743 4431 vero
2769 4376 2940 4442 dives,
2974 4376 3063 4431 ille
3093 4376 3217 4432 ideo
3249 4378 3378 4447 plus
3408 4371 3723 4433 honoremque

2241 4482 2371 4523 vero
2398 4468 2604 4531 minus;
2636 4466 2729 4521 sed
2759 4477 2977 4537 propter
3023 4466 3455 4524 imbecillitatem
3498 4468 3571 4521 hic
3594 4462 3722 4534 quidem

2241 4561 2463 4625 feratur,
2496 4560 2586 4615 ille
2618 4574 2745 4614 vero
2775 4575 2883 4614 non
2913 4559 3062 4615 item.
3106 4560 3362 4632 Exempli
3400 4575 3572 4623 causa,
3598 4556 3663 4610 nisi
3689 4554 3723 4603 sl

2241 4667 2401 4707 causa
2422 4694 2437 4718 ,
2488 4652 2733 4708 Graecum
2781 4664 2848 4707 ue
2875 4665 3036 4708 voces
3063 4651 3460 4707 exsecrandum
3481 4692 3494 4715 ,
3538 4659 3660 4717 neque
3685 4644 3721 4692 θέε

2242 4745 2698 4811 contumeliosus;
2731 4744 2826 4800 sed
2869 4745 2914 4799 si
2944 4744 3012 4799 de
3055 4742 3313 4814 dogmate
3351 4744 3554 4815 quidem

2242 4839 2508 4909 responde
2534 4838 2585 4892 id
2616 4853 2738 4894 esse
2768 4836 3156 4893 exsecrandum
3185 4845 3242 4891 et
3280 4837 3504 4906 impium
3531 4853 3543 4888 :
3577 4834 3609 4886 si
3635 4840 3721 4879 vim

2243 4942 2420 4986 autem
2447 4939 2621 5001 roget,
2644 4946 2816 5000 neque
2846 4938 3003 5000 cogat
3028 4929 3230 4992 dicere,
3258 4945 3372 4983 non
3401 4935 3593 4998 oportet
3610 4930 3728 4975 ιεωεθ

2244 5024 2575 5080 inimicitiam
2613 5023 2910 5094 suscipere.
2942 5022 3077 5090 Quid
3103 5022 3248 5077 enim
3285 5037 3510 5078 necesse
3536 5027 3601 5073 est
3619 5024 3724 5077 sunt

2243 5131 2504 5171 vacaneas
2524 5114 2625 5172 sibi
2646 5129 2957 5185 comparare
2976 5114 3321 5169 inimicitias?
3346 5115 3564 5175 Rursus,
3579 5111 3611 5164 si
3625 5119 3729 5176 quem

2244 5212 2384 5283 piam
2427 5210 2693 5265 catechesi
2724 5210 3000 5271 instituas,
3040 5208 3128 5262 dic
3155 5218 3212 5262 ut
3259 5208 3501 5279 postulat
3532 5201 3727 5269 Subit“nl

2243 5311 2651 5371 argumentum;
2682 5300 2879 5370 alioqui
2907 5311 3046 5354 tace.
3079 5299 3134 5352 Si
3177 5315 3373 5355 sermo
3418 5300 3487 5355 sit
3512 5298 3604 5352 sale
3622 5287 3734 5349 εεθῶ·

2244 5403 2349 5458 tus,
2378 5391 2587 5447 etiamsi
2616 5391 2667 5446 in
2695 5389 3023 5446 difﬂuentem
3053 5389 3309 5445 inciderit
3336 5390 3576 5446 animam,
3600 5379 3731 5436 urile”

2244 5486 2547 5555 restringit:
2581 5483 2792 5539 etiamsi
2818 5483 2871 5537 in
2910 5497 3186 5551 asperam,
3217 5481 3425 5552 levigat
3455 5468 3738 5534 duritieutﬁ‘5

2244 5578 2543 5647 gratiosus,
2576 5590 2675 5630 nec
2705 5574 2994 5637 molestus;
3031 5589 3131 5628 nec
3177 5588 3377 5627 rursus
3410 5572 3596 5627 mollis,
3622 5562 3726 5653 suis

2244 5669 2610 5724 austeritatem
2652 5666 2851 5721 habeas
2878 5672 2932 5720 et
2959 5664 3313 5733 voluptatem.
3359 5662 3488 5718 Nam
3531 5660 3570 5714 si
3605 5652 3752 5722 quissi

2242 5775 2401 5830 supra
2443 5759 2659 5813 modum
2685 5765 2958 5821 austerus,
2993 5755 3159 5827 magis
3197 5754 3357 5808 lmdit
3395 5768 3545 5824 quam
3570 5744 3741 5816 prodes“

2244 5854 2325 5908 sin
2358 5859 2533 5908 autem
2566 5850 2635 5906 sit
2663 5864 2823 5921 supra
2855 5847 3072 5903 modum
3104 5845 3382 5916 urbanus,
3415 5842 3569 5917 magis
3595 5844 3745 5895 eam?
