4032 6510
254 384 401 448 373

255 599 502 669 ήγαγεν.
525 601 637 653 Ὃν
662 602 902 672 ἔπεμψα
946 607 1097 673 πρὸς
1146 605 1303 677 ὑμᾶς
1352 611 1439 673 είς
1478 610 1626 664 αὐτὸ
1654 602 1851 668 τοῦτο.

274 686 549 740 Ἐνταῖοα
582 687 679 759 τὴν
707 690 929 762 ἀγάπην
954 693 1196 747 δείκνυσι
1225 695 1324 764 τὴν
1346 696 1567 767 πολλὴν,
1595 700 1648 752 εί
1671 716 1735 768 γε
1759 702 1856 754 καὶ

166 822 175 828 .
253 772 355 825 διὰ
374 775 534 827 τοῦτο
566 775 728 829 αὑτὸν
758 779 1088 846 ἀπέσταλκε,
1118 783 1214 837 καὶ
1239 785 1338 854 τῆς
1367 785 1677 856 ἀποδημίας
1707 789 1855 843 αίτία

257 859 411 930 αὕτη
448 861 700 930 γέγονεν·
737 864 765 917 6
789 866 882 919 καὶ
910 867 1364 925 Θεσσαλονικεῦσι
1406 872 1642 944 γράφων
1672 874 1848 943 ἔλεγε·

256 948 365 1000 Διὸ
394 950 608 1016 μηκέτι
640 951 963 1023 στέγοντες
990 956 1421 1028 ηὐδοκήσαμεν
1452 961 1854 1031 καταλειφθῆ-

256 1051 365 1087 ναι
391 1036 464 1089 ἐν
492 1038 764 1106 Ἀθήναις
812 1042 1010 1110 μόνοι,
1046 1044 1141 1096 καί
1182 1045 1537 1115 ἐπέμψαμεν
1574 1050 1854 1118 Τιμόθεον

257 1122 377 1174 τὸν
406 1124 683 1194 ἀδελφόν
709 1129 899 1196 ἡμῶν.
943 1132 1053 1182 Καὶ
1085 1132 1349 1201 Ἐφεσίοις
1393 1134 1448 1186 δὲ
1483 1136 1642 1189 αὑτὸν
1663 1138 1851 1191 τοῦτον

258 1209 504 1279 πέμπει,
534 1212 628 1266 καὶ
652 1214 791 1284 ὑπὲρ
814 1216 911 1286 τῆς
944 1218 1117 1287 αὑτῆς
1144 1220 1353 1283 αἰτίας·
1380 1221 1506 1274 Ἵνα
1529 1223 1670 1291 γνῷ,
1694 1226 1848 1294 φησὶ,

257 1298 340 1351 τὰ
390 1300 525 1367 περὶ
581 1301 770 1369 ὑμῶν,
816 1304 914 1357 καὶ
981 1306 1375 1375 παρακαλέσῃ
1438 1309 1545 1376 τὰς
1604 1310 1851 1379 καρδίας

255 1386 454 1452 ὑμῶν.
488 1392 627 1461 Ὅρα
657 1392 709 1443 τί
735 1408 925 1462 φησιν·
961 1395 1072 1465 Οὑχ
1100 1396 1185 1449 ἵνα
1212 1398 1368 1468 ὑμεῖς
1389 1398 1457 1452 τά
1481 1399 1588 1468 ἐμά
1616 1402 1847 1471 μάθητε,

255 1475 384 1527 ἀλλ’
418 1476 503 1529 ἵνα
527 1477 638 1545 ἐγὼ
674 1479 742 1533 τά
788 1481 1060 1552 ὑμέτερα·
1106 1483 1279 1548 οὕτως
1320 1486 1556 1557 οὐδαμοῦ
1587 1488 1646 1540 τὸ
1684 1490 1849 1544 αὑτοῦ

255 1564 472 1634 τίθησι.
528 1569 812 1624 Δείκνυσιν
859 1572 1055 1636 αὑτοὺς
1084 1573 1179 1627 καὶ
1219 1576 1278 1627 ὲν
1329 1582 1657 1647 πειρασμοῖς
1690 1579 1852 1645 ὄντας

253 1653 343 1721 τῷ
393 1655 591 1707 είπεῖν·
620 1656 751 1712 Ἵνα
784 1660 1181 1730 παρακαλέσῃ
1225 1661 1332 1728 τὰς
1382 1665 1632 1732 καρδίας
1663 1665 1847 1734 ὐμῶν.

256 1738 398 1792 Σὺν
433 1743 734 1811 Ὀνησίμῳ
766 1743 846 1810 τῷ
878 1746 1164 1816 ἀγαπητῷ
1216 1750 1316 1803 καί
1352 1752 1547 1817 πιστῷ
1586 1754 1848 1823 ἀδελφῷ,

256 1826 335 1893 ὄς
374 1828 549 1881 ἐστιν
574 1830 644 1894 ἐξ
668 1831 855 1900 ὑμῶν.
877 1834 1080 1887 Πάντα
1101 1835 1246 1904 ὑμῖν
1276 1854 1484 1905 γνωριο
1495 1837 1594 1892 ῦσι
1616 1839 1689 1893 τὰ
1712 1834 1847 1895 ὦδε.

258 1915 425 1988 [$06]
467 1920 757 1990 Ὀνήσιμος
788 1918 941 1986 οὗτός
968 1924 1105 1989 ἐστι,
1144 1926 1275 1996 περὶ
1304 1920 1364 1980 οῦ
1401 1926 1630 1997 γράφων
1655 1928 1733 1999 τῷ
1758 1931 1850 1982 Φι-

254 2003 463 2074 λήμονι
491 2006 694 2073 ἔλεγεν·
729 2011 840 2061 Ὃν
870 2010 1212 2079 ἐϐουλόμην
1251 2012 1400 2080 πρὸς
1425 2013 1688 2082 ἐμαυτὸν
1711 2033 1849 2069 κατ-

255 2092 455 2159 έχειν,
488 2095 589 2147 ἵνα
623 2096 776 2163 ὑπὲρ
802 2096 921 2150 σοῦ
948 2116 1050 2167 μοι
1081 2098 1333 2166 διακονῇ
1361 2100 1431 2153 ἐν
1451 2100 1574 2166 τοῖς
1604 2101 1850 2171 δεσμοῖς

257 2181 372 2233 τοῦ
398 2183 771 2252 Εὐαγησελίου
791 2200 807 2215 ·
842 2185 1020 2253 χωρίς
1041 2186 1109 2239 δὲ
1135 2186 1246 2253 τῆς
1265 2186 1384 2255 σῆς
1404 2187 1644 2258 γνώμης
1669 2191 1850 2244 οὐδὲν

256 2268 547 2335 ἠθέλησα
578 2270 850 2339 ποιῆσαι.
910 2274 1023 2325 Καὶ
1047 2274 1107 2327 τὸ
1136 2274 1409 2345 ἐγκώμιον
1439 2277 1497 2330 δὲ
1525 2279 1849 2350 προστίθητι

257 2355 367 2424 τῆς
410 2357 639 2421 πόλεως,
686 2359 771 2411 ἵνα
821 2360 913 2412 καὶ
951 2361 1489 2428 ὲγκαλλωπίζωνται,
1554 2365 1631 2436 μὴ
1688 2367 1848 2435 μόνον

254 2445 368 2497 οὑκ
429 2446 887 2515 ὲπαισχύνωνται.
928 2450 1029 2515 Ὃς
1090 2451 1243 2512 ἐστι,
1301 2453 1486 2525 φησὶν,
1535 2454 1604 2519 ἐξ
1659 2455 1845 2524 ὑμῶν.

258 2532 475 2585 Πάντα
520 2534 664 2601 ὑμῖν
696 2537 1011 2605 γνωριοῦσι
1044 2540 1115 2592 τὰ
1147 2533 1282 2593 ὧδε.
1317 2541 1659 2602 Ἀσπάζεται
1694 2541 1852 2612 ὑμᾶς

271 2622 671 2690 Ἀρίσταρχος
707 2626 741 2677 ό
773 2624 1272 2694 συναιχμάλωτός
1296 2646 1436 2697 μου.

336 2760 406 2831 β’.
437 2761 603 2815 Οὐδὲν
628 2762 817 2817 τούτου
847 2763 940 2817 τοῦ
970 2766 1246 2837 ὲγκωμίου
1267 2767 1467 2838 μεῖζον.
1501 2764 1669 2833 Οὗτός
1702 2772 1849 2826 ἐστιν

252 2852 289 2904 6
330 2851 445 2905 ἀπὸ
468 2852 858 2923 Ἰεροσολύμων
874 2854 1131 2925 ἀναχθεὶς
1152 2858 1267 2925 μετ’
1284 2857 1471 2911 αὑτοῦ.
1499 2858 1700 2923 Μεῖζον
1726 2856 1848 2915 εἷπε

256 2939 376 2992 τῶν
410 2941 709 3010 προφητῶν
753 2933 936 3003 οὗτος·
994 2945 1191 2996 ἐκεῖνοι
1230 2946 1331 3013 μὲν
1380 2947 1488 3017 γάρ
1527 2945 1713 3012 ξένους
1751 2950 1848 3004 καὶ

258 3027 683 3096 παρεπιδήμους
709 3030 936 3093 ἑαυτοὺς
967 3030 1242 3098 καλοῦσιν,
1281 3027 1436 3097 οὗτος
1472 3033 1530 3087 δὲ
1560 3036 1654 3088 καὶ
1682 3038 1847 3108 αἰχμ-

258 3114 499 3169 άλωτον.
532 3114 801 3186 Καθάπερ
824 3119 932 3186 γάρ
961 3118 1327 3187 αίχμάλωτος.
1355 3120 1531 3185 οὑτως
1558 3122 1722 3193 ῆγετο
1754 3124 1848 3178 καὶ

256 3202 514 3271 ἐφέρετο,
547 3204 642 3255 καὶ
667 3204 835 3255 πᾶσιν
858 3206 937 3266 είς
966 3204 1025 3257 τὺ
1058 3205 1243 3268 κακῶς
1274 3208 1502 3277 πάσχειν
1528 3193 1843 3281 προῦκειτο,

262 3289 470 3357 μᾶλλον
515 3289 571 3341 δὲ
620 3291 715 3342 καὶ
765 3290 989 3343 ἐκείνων
1022 3295 1224 3362 χεῖρον.
1266 3294 1538 3359 Ἐκείνους
1587 3298 1685 3368 μὲν
1713 3298 1842 3368 γάρ,

254 3377 486 3429 ἐπειδὰν
544 3375 784 3429 λάϐωσιν
822 3379 869 3430 οί
915 3379 1183 3448 πολέμιοι,
1244 3382 1301 3433 ἐν
1346 3382 1513 3454 πολλῇ
1578 3385 1846 3455 θεραπείᾳ

255 3464 451 3517 λοιπὸν
484 3465 720 3533 ἔχουσιν,
751 3466 846 3518 ἀτε
879 3464 954 3529 ὡς
981 3467 1196 3520 οίκείων
1232 3470 1527 3539 κτημάτων
1558 3472 1846 3543 ἐπιμελού-

260 3565 446 3619 μενοι·
508 3549 697 3603 τοῦτον
729 3551 786 3603 δὲ
816 3551 892 3613 ὼς
945 3553 1139 3622 ἐχθρὸν
1184 3556 1278 3608 καὶ
1325 3556 1586 3627 πολέμιον
1643 3561 1843 3626 πάντες

252 3634 400 3706 ἦγον
430 3639 521 3690 καὶ
556 3638 769 3709 ἔφερον,
796 3638 1065 3708 δέροντες,
1102 3642 1478 3710 μαστίζοντες,
1506 3646 1838 3717 ὑϐρίζοντες,

254 3725 749 3792 συκοφαντοῦντες.
789 3726 961 3780 Τοῦτο
988 3728 1082 3780 κα)⁸
1110 3729 1339 3794 ἐκείνοις
1374 3733 1719 3805 παράκλησις
1751 3733 1839 3807 ἦν·

256 3813 398 3865 ὅταν
417 3812 525 3882 γάρ
547 3812 637 3864 καὶ
658 3814 686 3865 6
712 3813 1032 3876 διδάσκαλος
1057 3816 1114 3869 ὲν
1138 3819 1252 3878 τοῖς
1276 3818 1539 3883 τοιούτοις
1566 3816 1622 3895 ᾖ.
1644 3822 1845 3892 μᾶλλον

252 3900 703 3971 παρακαλοῦνται
727 3902 778 3953 οί
810 3901 1070 3973 μαθηταί.
1101 3903 1211 3956 Καὶ
1243 3904 1485 3973 Μάρκος
1523 3911 1556 3962 ό
1590 3910 1845 3979 ἀνεψιὸς

252 3987 561 4053 Βαρνάϐα.
602 3988 712 4041 Καὶ
760 3989 949 4042 τοῦτον
997 3991 1340 4063 ἐνεκωμίασε
1392 3996 1530 4059 τέως
1581 3998 1689 4050 ἀπὸ
1744 4001 1844 4071 τῆς

256 4074 586 4142 συγγενείας
611 4092 626 4106 ·
676 4074 850 4145 μέγας
872 4076 980 4146 γὰρ
1008 4072 1075 4147 ῆν
1105 4079 1246 4149 ἀνὴρ
1284 4080 1313 4132 6
1343 4079 1648 4151 Βαρνάϐας.
1701 4086 1841 4153 Περὶ

249 4162 328 4221 οὗ
376 4164 622 4219 ἐλάϐετε
675 4165 961 4232 ἐντολάς·
1014 4168 1122 4222 ἐὰν
1150 4169 1299 4237 ἔλθῃ
1332 4173 1482 4239 πρὸς
1536 4172 1713 4242 ὑμᾶς,
1747 4175 1842 4229 δέ-

250 4255 449 4320 ξασθε
500 4253 728 4320 αὐτόν;
783 4254 849 4308 Τί
898 4255 1043 4327 γάρ;
1085 4257 1187 4311 οὑκ
1238 4259 1483 4329 ἐδέχοντο
1536 4264 1629 4315 καὶ
1670 4264 1841 4335 χωρὶς

246 4342 475 4408 τούτου;
506 4341 648 4394 Ναί·
684 4341 823 4395 ἀλλά
853 4343 990 4412 μετά
1021 4343 1224 4414 πολλῆς
1250 4345 1352 4415 τῆς
1383 4348 1617 4419 σπουδῆς
1642 4349 1837 4419 βούλο-

255 4448 381 4501 μαι,
443 4430 612 4499 φησί·
676 4429 957 4483 καὶτοῦτο
991 4431 1083 4484 τὸν
1134 4432 1304 4503 ἄνδρα
1338 4433 1579 4489 δείκνυσι
1641 4438 1837 4507 μέγαν.

253 4520 430 4573 Πόθεν
462 4520 561 4581 τὰς
591 4518 813 4582 ἐντολὰς
844 4518 1057 4583 ἔλαϐον,
1089 4522 1152 4574 οὑ
1184 4520 1357 4590 λέγει.
1392 4523 1503 4577 Καὶ
1546 4526 1782 4593 Ἰησοῦς
1805 4531 1839 4583 ό

244 4610 579 4677 λεγόμενος
608 4608 898 4675 Ἰοῦστος.
923 4610 1084 4673 Ἴσως
1117 4610 1400 4681 Κορίνθιος
1421 4608 1490 4684 ἦν
1510 4607 1686 4678 οὗτος.
1707 4614 1839 4670 Εἶτα

248 4699 390 4751 πᾶσι
416 4696 478 4749 τὸ
506 4695 785 4767 ἐγκώμιον
814 4696 994 4749 κοινὸν
1027 4697 1377 4763 ἀποδίδωσιν,
1412 4698 1583 4756 εἰπὼν
1609 4703 1671 4755 τὸ
1702 4704 1838 4758 ίδιά-

246 4785 344 4848 ζον
370 4784 639 4837 ἑκάστου·
671 4786 736 4837 Οἱ
770 4784 941 4850 ὄντες
968 4785 1037 4837 ἐκ
1082 4787 1436 4856 περιτομῆς·
1468 4784 1636 4845 οὗτοι
1659 4794 1839 4860 μόνοι

244 4872 536 4940 συνεργοί
582 4874 672 4939 εἰς
714 4872 830 4940 τὴν
878 4873 1210 4937 ,βασιλείαν
1235 4874 1343 4929 τοῦ
1400 4878 1571 4940 Θεοῦ,
1617 4880 1837 4947 οἵτινες

243 4959 632 5028 ἐγενήθησάν
683 4977 786 5029 μοι
838 4962 1192 5030 παρηγορία.
1237 4961 1458 5036 Ἐπειδὴ
1507 4962 1652 5031 εἷπε,
1684 4972 1837 5022 Συν-

242 5046 652 5117 αιχμάλωτος,
688 5048 775 5101 ἵνα
824 5049 899 5120 μὴ
952 5051 1367 5125 συγκατενέγκῃ
1394 5054 1493 5124 τὴν
1522 5055 1698 5127 ψυχὴν
1726 5057 1835 5111 τῶν

243 5136 582 5195 ἀκουόντων,
605 5136 708 5205 ὅρα
752 5136 870 5199 πῶς
916 5135 1076 5189 τοῦτο
1104 5137 1307 5209 τίθησι,
1356 5142 1452 5193 καὶ
1501 5141 1834 5215 διανίστησιν

243 5222 450 5282 αὐτούς
468 5238 483 5252 α
522 5223 831 5293 Συνεργοί,
878 5224 1064 5293 φησὶν,
1110 5229 1197 5291 είς
1226 5227 1340 5293 τὴν
1362 5229 1696 5292 ,βασιλείαν
1724 5234 1831 5288 τοῦ

245 5309 422 5363 Θεοῦ.
446 5311 608 5362 Ὥστε
637 5312 746 5362 τῶν
769 5302 1087 5381 πειρασμῶν
1112 5314 1514 5381 κοινωνοῦντες,
1546 5318 1647 5388 τῆς
1675 5320 1831 5389 βασι-

242 5397 397 5459 λείας
429 5396 800 5452 κοινωνοῦσιν.
848 5400 1077 5465 Οἵτινες
1114 5401 1494 5470 ἐγενήθησάν
1531 5423 1635 5474 μοι
1680 5424 1829 5478 παρ-

240 5488 481 5554 ηγορία.
500 5486 783 5539 Δείκνυσιν
799 5487 998 5551 αὑτοὺς
1017 5490 1306 5558 μεγάλους,
1325 5491 1454 5560 εἴγε
1475 5494 1674 5566 Παύλῳ
1694 5515 1829 5568 παρ-

237 5575 445 5645 ηγορία
468 5574 813 5643 γεγένηνται.
845 5574 985 5627 Ἀλλ’
1011 5577 1321 5651 ἴδωμεντὴν
1344 5580 1563 5635 σύνεσιν
1593 5585 1823 5642 Παύλου.

254 5664 361 5716 Ἑν
390 5662 603 5730 σοφίᾳ,
623 5664 777 5733 φησι,
808 5666 1183 5732 περιπατεῖτε
1209 5668 1357 5735 πρὸς
1390 5670 1531 5735 τοὺς
1561 5671 1697 5736 ἔξω,
1722 5676 1829 5729 τὸν

238 5749 457 5817 καιρὸν
477 5748 1302 5820 ἐξαγοραζόμενοι.Τουτέστιν,
1324 5758 1437 5811 Οὑκ
1465 5758 1610 5813 ἔστιν
1630 5762 1826 5828 ὑμέτε-

244 5852 342 5907 ρος
363 5836 392 5888 6
426 5835 641 5906 καιρὸς,
669 5834 784 5891 ἀλλ’
806 5836 1032 5898 ἐκείνων
1058 5840 1172 5893 ἐστί
1194 5858 1207 5872 '
1253 5842 1328 5914 μὴ
1362 5844 1541 5901 τοίνυν
1564 5846 1819 5917 βούλεσθε

1162 397 1228 453 IN
1267 398 1486 456 EPIST.
1515 399 1607 455 AD
1640 402 1931 462 COLOSS.
1973 406 2125 462 CAP.
2168 407 2256 463 IV.
2300 410 2533 470 IIOMIL.
2562 414 2663 470 XI.

254 509 625 582 πειρασμῶν·
654 511 795 566 ὥστε
824 514 975 587 αὑτῷ
1004 515 1270 572 πάντοθεν
1301 518 1360 572 τὸ
1386 518 1699 583 ἀξιόπιστον
1730 540 1851 575 συν-
1889 540 1906 554 ·

3438 423 3541 478 ὅῖϐ

1962 526 2259 593 αὐθεντεῖν,
2275 529 2392 583 ἀλλ’
2416 531 2779 604 ὲξαγοράζετε
2801 534 2892 588 τὸν
2905 535 3116 604 καιρόν.
3142 538 3253 592 Καὶ
3269 540 3370 595 οὑκ
3388 539 3541 597 εἶπεν

1956 613 2160 678 ἁπλῶς,
2200 616 2545 687 Ἀγοράζετε,
2575 619 2712 687 ἀλλ’,
2761 620 3173 695 Ἐξαγοράζετε,
3223 625 3423 698 δηλῶν,
3458 630 3541 685 ὅτι

1958 700 2115 755 Οῦτω
2166 702 2550 775 διατιθέμενοι,
2600 708 2869 781 ὑμέτερον
2898 712 3062 766 αὑτὸν
3087 716 3294 768 ποιεῖτε
3314 716 3539 788 ἑτέρως.

1969 790 2179 855 Ἀνοίας
2203 793 2311 864 γάρ
2339 797 2622 866 περιττῆς,
2653 798 2906 869 πολέμων
2936 800 3031 855 καὶ
3060 803 3357 874 ἀπεχθείας
3404 823 3542 877 προ-

1957 884 2151 950 φάσεις
2181 887 2436 941 ἐπινοεῖν.
2474 889 2619 959 Πρὸς
2672 890 2781 962 γὰρ
2815 892 2893 962 τῷ
2925 893 3204 962 κινδύνους
3253 902 3541 970 περιττοὺς

1956 975 2247 1044 ὑπομένειν
2280 979 2373 1031 καὶ
2408 979 2597 1051 κέρδος
2620 982 2718 1036 οὑκ
2739 982 2983 1054 ἔχοντας,
3016 988 3110 1042 καὶ
3137 989 3302 1062 ἑτέρα
3327 992 3539 1061 γίνεται

1956 1068 2150 1138 βλάϐη,
2177 1071 2238 1124 τὸ
2268 1074 2395 1136 τοὺς
2417 1074 2683 1145 Ἕλληνας
2708 1078 2782 1148 μὴ
2809 1080 3091 1150 προσιέναι
3126 1086 3278 1155 ἡμῖν.
3310 1087 3400 1141 Ἑν
3430 1089 3540 1159 γάρ

1952 1159 2067 1219 τοῖς
2098 1158 2343 1229 ἀδελφοῖς
2375 1161 2503 1215 ὅταν
2536 1160 2623 1236 ᾗς,
2659 1164 2885 1229 εἰκότως
2937 1167 3179 1240 θαρρεῖς·
3217 1171 3322 1237 ἔξω
3351 1175 3407 1228 δὲ
3440 1158 3540 1247 οὐχ

1951 1244 2093 1298 οὑτω
2120 1248 2248 1318 χρή.
2294 1249 2453 1322 Ὁρᾷς
2471 1252 2588 1316 πῶς
2608 1256 2881 1326 πανταχοῦ
2904 1257 3029 1320 τοὺς
3047 1257 3172 1323 ἔξω,
3203 1263 3328 1325 τοὺς
3345 1244 3541 1336 Ἕλλῷ

1953 1355 2046 1401 νας
2068 1338 2240 1408 λέγει;
2280 1342 2381 1395 Διά
2401 1343 2558 1397 τοῦτο
2588 1346 2679 1399 καὶ
2702 1347 2951 1419 Τιμοθέῳ
2981 1350 3210 1420 γράφων
3232 1352 3406 1422 ἔλεγε·
3435 1357 3541 1410 Δεῖ

1951 1428 2020 1481 δὲ
2039 1430 2226 1484 αὑτὸν
2250 1433 2350 1486 καὶ
2364 1438 2698 1504 μαρτυρίαν
2722 1439 2919 1505 καλὴν
2934 1439 3101 1510 ἔχειν
3121 1442 3238 1496 ἀπὸ
3265 1443 3383 1498 τῶν
3399 1448 3542 1511 ἕξω-

1954 1524 2078 1575 θεν·
2106 1521 2255 1596 [407]
2286 1526 2380 1580 καὶ
2406 1528 2591 1594 παλιν,
2617 1531 2677 1583 Τί
2702 1530 2813 1601 γάρ
2836 1551 2941 1601 μοι
2978 1534 3077 1588 καὶ
3101 1536 3243 1604 τοὺς
3268 1538 3386 1603 ἔξω
3416 1543 3540 1609 κρί-

1952 1628 2125 1676 νειν;
2171 1615 2273 1668 Ἐν
2296 1617 2503 1686 σοφίᾳ,
2564 1619 2719 1688 φησι,
2776 1624 3149 1690 περιπατεῖτε
3189 1628 3339 1696 πρὸς
3399 1631 3540 1698 τοὺς

1952 1701 2093 1766 ἔξω.
2138 1704 2283 1770 Ἐξω
2307 1704 2416 1778 γάρ
2445 1708 2572 1774 είσι,
2602 1708 2707 1762 κᾶν
2737 1709 2828 1763 τὸν
2850 1712 3014 1767 αὑτὸν
3061 1714 3268 1786 κόσμον
3316 1718 3538 1773 οίκῶσιν

1952 1795 2105 1865 ἡμῖν,
2142 1795 2243 1867 τῆς
2274 1796 2551 1867 βασιλείας
2577 1801 2729 1865 ὄντες
2766 1802 2871 1870 ἔξω
2910 1806 3007 1860 καὶ
3036 1806 3133 1860 τοῦ
3160 1809 3406 1865 οἱκίσκου
3440 1812 3536 1866 τοῦ

1953 1885 2245 1956 πατρικοῦ.
2283 1888 2435 1957 Ἀμα
2459 1892 2553 1943 καὶ
2586 1893 2994 1963 παραμυθεῖται
3023 1897 3239 1965 αὑτοὺς,
3267 1899 3370 1964 ἔξω
3393 1904 3537 1956 ὲκεί-

1951 1990 2073 2038 νους
2103 1976 2302 2029 καλῶν·
2337 1978 2473 2051 ὅπερ
2510 1980 2697 2049 ἔλεγεν
2726 1983 3004 2055 ἀνωτέρω,
3035 1984 3117 2038 ὅτι
3146 1987 3206 2041 Ἡ
3232 1986 3343 2056 ζωὴ
3369 1987 3539 2058 ὑμῶν

1951 2064 2276 2133 κέκρυπται
2298 2069 2421 2123 σὺν
2451 2069 2530 2136 τῷ
2558 2074 2791 2141 Χριστῷ
2820 2075 2890 2128 ἐν
2917 2074 2997 2141 τῷ
3023 2076 3165 2143 Θεῷ.
3195 2079 3351 2145 Τότε,
3378 2083 3535 2151 φησὶ,

1950 2157 2106 2222 δόξαν
2130 2160 2363 2229 ζητεῖτε,
2393 2163 2513 2217 τότε
2544 2165 2731 2233 τιμὰς,
2779 2166 2901 2220 τότε
2932 2168 3000 2223 τά
3029 2168 3165 2224 ἄλλα
3200 2171 3398 2226 πάντα·
3436 2173 3534 2227 νῦν

1949 2248 2005 2302 δὲ
2034 2250 2132 2320 μὴ,
2164 2250 2279 2304 ἀλλ’
2303 2254 2535 2319 ἐκείνοις
2568 2258 2857 2328 παρέχετε.
2907 2255 3062 2327 Εἶτα,
3095 2261 3181 2315 ἵνα
3213 2262 3288 2334 μὴ
3308 2265 3535 2338 νομίσῃς

1949 2342 2210 2413 χρήματα
2234 2344 2413 2413 λέγειν
2442 2347 2625 2413 αὑτὸν,
2646 2350 2864 2419 ἐπάγει·
2903 2352 2968 2404 '0
2987 2354 3168 2423 λόγος
3190 2355 3357 2423 ὑμῶν
3385 2355 3536 2409 πάν-

1948 2452 2083 2489 τοτε
2102 2438 2173 2491 ἐν
2192 2438 2408 2507 χάριτι,
2430 2440 2605 2496 ἅλατι
2619 2443 2973 2513 ἠρτυμένος,
3000 2446 3220 2501 ειδέναι
3236 2447 3392 2519 ὑμᾶς
3409 2449 3535 2514 πῶς

1949 2526 2043 2580 δεῖ
2066 2528 2155 2581 ἐνὶ
2184 2530 2420 2600 ἑκάστῳ
2440 2534 2891 2602 ἀποκρίνεσθαι.
2926 2540 3043 2592 Ἵνα
3075 2540 3153 2613 μὴ
3186 2540 3532 2611 ὑποκρίσεως

1949 2619 2116 2693 γέμῃ,
2158 2623 2309 2693 φησί·
2338 2624 2494 2678 τοῦτο
2510 2628 2618 2698 γὰρ
2647 2630 2707 2682 οὑ
2726 2630 2903 2701 χάρις,
2937 2631 3057 2684 οὑδὲ
3096 2630 3252 2686 ἆλατι
3275 2634 3528 2704 ήρτυται.

1949 2710 2094 2779 Οἷον,
2125 2715 2220 2769 ὲάν
2249 2715 2345 2789 δέῃ
2374 2717 2709 2789 θεραπεῦσαι
2739 2722 3058 2787 ἀκινδύνως,
3086 2724 3161 2795 μὴ
3191 2728 3528 2796 παραιτήσῃ·

1947 2805 2013 2860 ἂν
2040 2804 2292 2884 καιρὸςῇ
2341 2811 2631 2882 προσηνῶς
2678 2812 3046 2884 διαλεχθῆναι,
3091 2816 3167 2886 μὴ
3192 2817 3421 2890 νομίσῃς
3470 2817 3532 2870 τὸ

1948 2902 2180 2971 πρᾶγμα
2206 2903 2515 2955 κολακείαν·
2541 2903 2721 2958 πάντα
2752 2905 2894 2959 ποίει
2922 2906 2990 2959 τά
3019 2908 3099 2970 εἰς
3127 2907 3290 2979 τιμὴν
3310 2909 3533 2980 ἀνήκον-

1946 3009 2037 3057 τα,
2072 2994 2199 3047 ἆνευ
2245 2992 2337 3046 τοῦ
2379 2993 2711 3064 βλάπτεσθαι
2750 2997 2847 3067 τὴν
2895 2997 3200 3052 εὐσέϐειαν.
3258 3000 3368 3070 Οὐχ
3398 3003 3532 3071 ὁρᾷς

1947 3087 2065 3149 πῶς
2090 3085 2289 3158 Δανιὴλ
2318 3086 2604 3157 ἄνθρωπον
2661 3089 2829 3160 ἀσεϐῆ
2882 3089 3210 3161 θεραπεύει;
3269 3093 3366 3163 οὐχ
3399 3094 3530 3163 ὁρᾷς

1946 3178 2073 3240 τοὺς
2090 3180 2242 3249 τρεῖς
2269 3179 2480 3242 παῖδας,
2500 3179 2617 3243 πῶς
2648 3180 2786 3251 μετὰ
2806 3183 2995 3251 σοφίας
3017 3183 3095 3255 τῷ
3126 3183 3334 3255 βασιλεῖ
3364 3200 3530 3257 προσ-

1948 3269 2226 3341 εφέροντο,
2262 3271 2356 3324 καὶ
2396 3271 2647 3343 ἀνδρείαν
2687 3273 3015 3340 δεικνύντες,
3040 3277 3135 3329 καὶ
3191 3276 3525 3348 παρρησίαν,

1947 3362 2043 3415 καὶ
2074 3362 2223 3414 οὐδὲν
2270 3361 2442 3435 θρασὺ
2484 3365 2604 3416 οὑδὲ
2646 3365 2924 3435 ὲπαχθέςς
2976 3366 3134 3421 τοῦτο
3195 3368 3304 3440 γὰρ
3343 3367 3527 3422 οὐκέτι

1946 3452 2278 3524 παρρησίας,
2326 3452 2464 3507 ἀλλά
2493 3456 2822 3521 κενοδοξίας.
2877 3456 3131 3523 Είδέναι,
3185 3460 3340 3530 φησὶ,
3403 3458 3529 3526 πῶς

1945 3543 2043 3597 δεῖ
2077 3543 2232 3613 ὑμᾶς
2259 3544 2349 3598 ἐνὶ
2371 3544 2604 3613 ἑκάστῳ
2636 3548 3091 3617 ἀποκρίνεσθαι.
3136 3551 3369 3621 Ἑτέρως
3416 3551 3528 3622 γὰρ

1944 3637 2022 3707 τῷ
2056 3637 2299 3708 ἄρχοντι,
2344 3638 2519 3702 ἄλλως
2550 3639 2628 3710 τῷ
2667 3641 2976 3712 ἀρχομένῳ·
3023 3641 3197 3705 ἄλλως
3234 3642 3312 3713 τῷ
3360 3644 3528 3695 πλου-

1944 3729 2148 3794 τοῦντι,
2205 3729 2379 3792 ἄλλως
2420 3729 2494 3800 τῷ
2555 3731 2771 3802 πένητι.
2845 3732 2950 3785 Διά
2984 3733 3075 3797 τίς
3128 3733 3256 3786 ’Ὁτι
3309 3734 3365 3786 αί
3411 3733 3521 3788 τῶν

1944 3821 2317 3876 πλουτούντων
2347 3823 2443 3875 καὶ
2464 3823 2739 3893 ἀρχόντων
2767 3823 2938 3895 ψυχαὶ
2979 3825 3364 3897 ἀσθενέστεραι
3393 3844 3526 3896 τυγ-

1944 3913 2199 3985 χάνουσιν
2218 3911 2622 3983 οὑσαι,.μᾶλλον
2653 3915 3107 3987 φλεγμαίνουσαι,
3146 3918 3347 3990 μᾶλλον
3374 3920 3528 3991 διαρ-

1944 4005 2185 4076 ῥέουσαι·
2211 4005 2353 4059 ὥστε
2376 4006 2493 4060 ἐκεῖ
2528 4008 3001 4077 συγκαταϐατικὺν
3033 4006 3295 4064 εἶναιδεῖ·
3334 4013 3388 4065 αἱ
3418 4013 3527 4065 τῶν

1943 4098 2190 4169 πενήτων
2214 4098 2309 4151 καὶ
2337 4097 2674 4169 ἀρχομένων,
2712 4102 3065 4173 στερρότεραι
3092 4101 3187 4156 καὶ
3228 4102 3525 4157 συνετώτε-

1946 4203 2053 4257 ραι·
2083 4187 2225 4241 ὥστε
2256 4188 2491 4243 ἐνταῦθα
2523 4191 2616 4243 καὶ
2646 4191 2927 4262 παρρησίᾳ
2955 4192 3061 4263 χρὴ
3093 4191 3300 4263 μείζονι
3321 4194 3527 4264 κεχρῆ-

1944 4279 2090 4345 σθαι,
2121 4282 2257 4355 πρὸς
2280 4280 2338 4334 ἒν
2388 4282 2618 4351 δρῶντα,
2640 4285 2737 4353 τὴν
2790 4284 3101 4354 οἰκοδομήν.
3146 4283 3238 4353 Μὴ
3265 4284 3453 4355 ἐπειδὴ
3497 4287 3527 4338 6

1946 4371 2046 4441 μὲν
2072 4372 2344 4435 πλούσιος,
2390 4375 2419 4426 6
2446 4374 2503 4426 δὲ
2526 4374 2716 4441 πένης,
2765 4376 2793 4427 6
2825 4374 2924 4444 μὲν
2977 4373 3138 4429 πλέον
3174 4374 3445 4443 τιμάσθω,
3495 4377 3526 4428 6

1941 4464 1998 4517 δὲ
2024 4464 2262 4517 ἔλαττον·
2291 4464 2428 4519 ἀλλά
2449 4462 2537 4518 διὰ
2552 4468 2649 4536 τὴν
2700 4466 2986 4520 ἀσθένειαν
3036 4468 3065 4520 6
3100 4467 3199 4537 μὲν
3227 4466 3523 4522 διαϐαστά-

1942 4551 2137 4618 ζέσθω,
2167 4555 2197 4606 6
2240 4555 2297 4608 δὲ
2328 4555 2403 4625 μὴ
2446 4555 2638 4619 οὑτως·
2664 4551 2797 4623 οἷον,
2826 4558 3005 4622 αἰτίας
3054 4559 3155 4612 οὑκ
3202 4558 3393 4630 οῦσης,
3448 4560 3523 4633 μὴ

1940 4646 2095 4699 κάλει
2128 4646 2219 4699 τὸν
2252 4647 2491 4719 Ἕλληνα
2523 4648 2738 4720 μιαρὸν,
2783 4649 2919 4721 μηδὲ
2965 4649 3058 4704 ἔσο
3091 4651 3371 4724 ὑϐριστής·
3405 4652 3522 4706 ἀλλ’

1937 4737 2004 4792 ἂν
2042 4736 2143 4806 μὲν
2172 4738 2453 4809 ἐρωτηθῇς
2483 4742 2610 4811 περὶ
2643 4741 2736 4793 τοῦ
2784 4741 3074 4813 δόγματος,
3099 4745 3391 4816 ἀπόκριναι
3440 4747 3522 4800 ὃτι

1941 4830 2138 4901 μιαρὸν
2164 4830 2258 4883 καί
2284 4829 2497 4893 ἀσεϐές·
2531 4832 2744 4896 οὐδενὸς
2773 4833 2831 4885 δὲ
2861 4836 3174 4907 ἐρωτῶντος
3203 4838 3324 4891 οὐδὲ
3348 4840 3521 4907 ἀναγ-

1937 4922 2193 4986 κάζοντος
2222 4922 2421 4989 λέγειν,
2444 4920 2503 4973 οὑ
2526 4924 2791 4994 προσήκει
2837 4926 3024 4991 ἁπλῶς
3068 4928 3361 4999 ἀπέχθειαν
3389 4930 3520 4982 ἀνα-

1934 5014 2200 5082 δέχεσθαι.
2236 5015 2371 5069 Ποία
2399 5016 2507 5089 γάρ
2540 5018 2751 5088 ἀνάγκη
2812 5019 3073 5090 περιττάς
3119 5020 3320 5091 ἔχθρας
3346 5038 3519 5075 κατα-

1936 5106 2251 5173 σκευάζειν;
2293 5108 2483 5174 Πάλιν,
2518 5109 2723 5163 ἅντινα
2762 5114 3033 5182 κατηχῇς,
3066 5111 3193 5181 λέγε
3225 5112 3285 5179 ἐξ
3321 5113 3519 5167 ὑποθέ-

1936 5215 2073 5261 σεως
2094 5200 2481 5272 ὑποκειμένης·
2526 5202 2648 5255 ἐπεὶ
2679 5215 2704 5243 α
2733 5203 2881 5272 σίγα.
2915 5205 3043 5258 Ἐὰν
3134 5204 3290 5259 ἅλατι
3346 5207 3517 5275 ἠρτυ-

1934 5290 2096 5360 μένος
2125 5293 2153 5344 ὀ
2177 5290 2354 5361 λόγος,
2417 5293 2521 5346 κᾶν
2554 5295 2634 5357 είς
2668 5294 3024 5365 διαρρέουσαν
3059 5295 3275 5366 ἐμπέσῃ
3305 5295 3511 5366 ψυχὴν,

1931 5383 2242 5451 ὲπισφίγξει
2272 5384 2370 5454 τὴν
2421 5383 2646 5455 χαύνην·
2684 5387 2788 5439 κᾶν
2824 5387 2903 5449 εἰς
2926 5390 3211 5457 τραχεῖαν,
3246 5387 3426 5441 λεανεῖ
3453 5389 3515 5443 τὸ

1932 5472 2185 5543 σκληρόν.
2220 5474 2506 5546 Ἐπίχαρις
2532 5475 2625 5542 ὢν,
2695 5478 2835 5550 μήτε
2895 5479 3151 5549 φορτικὸς
3179 5479 3341 5544 ἔστω,
3375 5482 3512 5552 μήτε

1930 5566 2091 5619 πάλιν
2123 5566 2340 5637 χαῦνος,
2363 5568 2499 5624 ἀλλὰ
2521 5570 2613 5623 καὶ
2643 5569 2703 5623 τὸ
2731 5570 2930 5641 στῦφον
2960 5572 3151 5641 ὲχέτω,
3182 5574 3276 5626 καὶ
3302 5571 3363 5626 τὸ
3392 5573 3513 5643 μεθ’

1928 5658 2140 5730 ἡδονῆς.
2160 5661 2259 5714 Ἂν
2288 5678 2347 5715 τε
2378 5662 2487 5734 γάρ
2514 5662 2768 5735 ἀμέτρως
2799 5663 3099 5738 ἐπιστύψῃ,
3129 5666 3331 5738 μᾶλλον
3352 5667 3510 5722 ἔϐλα-

1992 5860 2014 5890 ⁸
2044 5858 2177 5910 1⁷01³1.
2204 5860 2302 5911 ἐπεὶ
2324 5860 2512 5917 ἄλλως..
