3874 6522
153 442 259 498 377

152 559 309 612 lestus
337 566 494 623 quam
529 551 699 621 juvat.
730 550 1090 619 Quamobrem
1131 560 1345 621 oportet
1372 551 1569 621 ubique
1598 564 1719 605 esse

150 647 381 702 modum.
413 644 523 702 Nec
545 645 624 700 sis
650 644 819 700 tristis
847 652 904 701 et
931 652 1086 699 torvo
1113 643 1296 709 vultu;
1338 652 1422 697 est
1463 643 1606 698 enim
1637 644 1721 696 in-

146 740 466 811 iucundum:
494 751 670 807 neque
713 734 943 791 diﬁ‘usus
992 749 1056 790 ac
1098 734 1424 799 dissolutus;
1464 743 1547 789 est
1577 736 1718 787 enim

142 832 416 902 despectui
446 831 773 896 obnoxium;
816 829 910 884 sed
950 830 1228 898 utriusque
1251 839 1470 897 accepta
1502 829 1716 892 virtute,

144 926 264 996 fuge
285 925 491 987 vitium,
523 923 663 978 sicut
689 923 804 992 apis
846 920 1004 991 hujus
1028 921 1248 991 quidem
1276 920 1514 974 laetitiam
1536 928 1588 973 et
1609 920 1723 973 ala-

140 1021 402 1083 critatem,
428 1017 572 1072 illius
594 1031 724 1071 vero
752 1030 980 1085 carpens
1003 1015 1345 1084 gravitatem.
1376 1011 1509 1067 Nam
1535 1012 1581 1066 si
1606 1027 1719 1068 nie-

138 1114 288 1167 dieus
320 1126 426 1165 non
450 1109 701 1164 similiter
728 1108 977 1163 omnibus
1005 1108 1171 1162 utitur
1187 1104 1525 1177 corporibus,
1547 1104 1719 1158 multo

139 1204 303 1273 magis
335 1200 627 1272 magister:
660 1214 980 1270 quamquam
1012 1214 1118 1253 non
1146 1197 1521 1253 convenientia
1549 1195 1718 1250 medi-

136 1292 378 1362 camenta
408 1294 580 1363 magis
610 1292 1098 1361 tulerintcorpora,
1127 1305 1285 1361 quam
1315 1290 1491 1343 anima
1520 1302 1716 1343 sermo-

138 1403 278 1442 nem.
304 1386 465 1442 Verbi
481 1385 674 1457 gratia,
692 1385 898 1439 accedit
928 1384 1168 1449 Grazeus,
1196 1392 1251 1437 et
1278 1382 1373 1437 tibi
1400 1381 1458 1436 ﬁt
1476 1379 1715 1435 amicus?

136 1481 199 1534 de
240 1479 329 1533 illa
374 1493 435 1533 re
478 1490 599 1532 cum
631 1477 747 1546 ipso
788 1475 924 1529 nihil
978 1474 1318 1538 disserueris,
1374 1472 1547 1527 donec
1591 1487 1713 1526 eum

133 1588 196 1628 eo
228 1581 400 1627 tecum
432 1585 625 1640 magna
654 1568 810 1624 fuerit
833 1568 1096 1633 amicitia;
1125 1575 1180 1621 et
1207 1580 1329 1622 cum
1368 1564 1547 1630 fuerit,
1586 1578 1714 1633 pau-

134 1668 300 1721 latim.

203 1760 257 1814 5.
300 1757 435 1813 Vide
460 1755 675 1826 quando
724 1754 920 1809 Paulus
967 1753 1107 1808 venit
1151 1752 1412 1816 Athenas,
1443 1749 1715 1820 quomodo

135 1865 257 1904 cum
280 1850 357 1904 eis
378 1848 698 1903 disserebat.
727 1845 844 1901 Non
870 1846 1100 1907 dicebat,
1131 1843 1175 1898 Ο
1204 1843 1451 1899 scelerati
1480 1854 1534 1897 et
1558 1842 1713 1911 plane

128 1941 469 1997 exsecrandi!
502 1941 596 1995 sed
624 1939 783 2009 quid?
814 1937 922 1992 Viri
943 1938 1291 2001 Athenienses,
1313 1953 1401 1991 eos
1428 1954 1517 2006 per
1543 1939 1715 1990 omnia

127 2035 270 2086 video
295 2049 401 2087 esse
428 2044 682 2103 tamquam
703 2032 1148 2101 superstitiosiores
1174 2030 1310 2101 (Act.
1341 2032 1425 2085 l7.
1446 2028 1560 2100 22).
1580 2030 1714 2085 Rur-

130 2139 217 2179 sus
247 2123 463 2194 quando
511 2123 723 2194 probris
750 2122 1029 2190 Oportebat
1069 2121 1302 2186 afﬁcere,
1349 2137 1456 2176 non
1493 2136 1712 2176 recusa-

126 2219 217 2281 vit,
267 2216 367 2270 sed
420 2230 539 2270 cum
588 2228 777 2285 magna
821 2215 1153 2270 vehementia
1202 2215 1415 2271 dicebat
1460 2215 1708 2286 Elymae:

125 2310 282 2365 I’lene
312 2311 454 2364 omni
495 2308 612 2362 dolo
640 2320 687 2363 et
716 2309 853 2362 omni
893 2308 1121 2377 fallacia,
1156 2309 1234 2378 ﬁli
1277 2309 1483 2378 diaboli,
1513 2310 1715 2363 inimice

123 2403 281 2456 omnis
311 2403 527 2473 justitia:
560 2400 719 2471 (Ibid.
756 2402 841 2455 15.
882 2400 995 2469 10).
1026 2401 1159 2455 Nam
1189 2402 1327 2455 sicut
1366 2400 1483 2455 illos
1513 2400 1713 2469 probro

124 2494 373 2548 affecisse
404 2494 734 2563 insipientia:
770 2493 991 2558 fuisset,
1041 2495 1111 2547 ita
1153 2492 1295 2547 hunc
1332 2508 1439 2547 non
1468 2493 1713 2548 affecisse

122 2589 306 2641 fuisset
337 2587 514 2657 pusilli
542 2600 595 2640 et
622 2585 814 2656 abjecti
850 2588 1033 2639 animi.
1063 2585 1300 2651 Rursus,
1333 2587 1396 2640 ad
1427 2588 1709 2658 magistra-

124 2691 227 2733 tum
270 2695 337 2734 es
381 2679 643 2733 adductus
690 2688 907 2747 propter
952 2678 1275 2748 negotium?
1334 2677 1530 2735 exhibe
1576 2694 1711 2749 quos

125 2787 215 2839 par
242 2780 329 2825 est
378 2771 628 2825 honores.
676 2770 880 2837 Omnia,
931 2772 1118 2841 inquit,
1157 2788 1271 2835 qua:
1310 2771 1392 2825 hic
1433 2783 1568 2838 sunt,
1620 2789 1708 2826 oo-

120 2864 191 2916 bis
234 2874 362 2916 nota
405 2865 610 2933 facient.
662 2861 770 2916 Cur
816 2879 942 2927 non,
997 2863 1196 2933 inquit,
1252 2863 1408 2918 simul
1447 2866 1715 2919 venerim?

121 2954 251 3023 Quid
292 2962 387 3011 est
421 2966 619 3018 autem,
667 2954 850 3008 Omnia
878 2954 1012 3009 vobis
1040 2965 1157 3008 nota
1199 2956 1424 3024 facient?
1466 2955 1576 3010 Hoc
1602 2967 1705 3021 est,

123 3050 359 3115 vincula,
403 3058 459 3103 et
506 3049 608 3101 alia
655 3049 832 3102 omnia
881 3063 1000 3117 qua:
1029 3063 1114 3102 me
1156 3048 1405 3102 retinent.
1433 3046 1550 3101 Non
1579 3063 1709 3117 ergo

119 3144 204 3213 qui
242 3156 345 3197 vos
383 3153 514 3212 opto
542 3140 744 3205 videre,
774 3149 828 3195 et
867 3141 1020 3196 mitto
1062 3139 1215 3207 alios,
1249 3142 1361 3210 ipse
1388 3141 1704 3206 tardassem,

120 3239 163 3289 si
195 3251 296 3288 non
334 3250 422 3288 me
452 3249 639 3303 magna
672 3234 927 3289 retineret
956 3233 1263 3287 necessitas.
1287 3233 1445 3302 Atqui
1468 3249 1573 3288 non
1591 3245 1709 3288 erat

120 3328 219 3383 hoc
254 3327 842 3382 insimulantium.'lmo
890 3342 1016 3383 vero
1066 3327 1219 3382 valde
1261 3328 1701 3384 insimulantium.

120 3420 336 3475 Discere
368 3421 510 3474 enim
539 3418 683 3488 quod
709 3431 763 3473 et
792 3418 1039 3474 inciderit
1070 3420 1120 3473 in
1154 3420 1497 3488 tentationes,
1534 3430 1589 3476 et
1612 3437 1706 3477 eas

120 3509 322 3565 fortiter
357 3520 410 3565 et
433 3526 695 3579 generose
726 3511 923 3575 tulerit,
952 3511 1065 3580 ejus
1089 3518 1209 3564 erat
1228 3512 1314 3582 qui
1339 3514 1416 3567 rei
1446 3513 1602 3567 iidem
1627 3516 1705 3566 fa-

118 3604 303 3668 ciebat,
340 3612 396 3657 et
416 3602 653 3671 erigebat
678 3618 862 3657 eorum
888 3604 1116 3659 animos.

186 3696 353 3750 Pauli
391 3698 657 3751 modestia.
686 3726 757 3736 —
778 3696 831 3751 9.
861 3695 986 3752 Cum
1028 3698 1286 3763 Onesimo,
1319 3698 1508 3769 inquit,
1541 3701 1703 3752 caris-

118 3792 237 3845 timo
270 3801 318 3845 et
353 3790 491 3858 ﬁdeli
518 3791 697 3860 fratre.
726 3790 950 3845 Servum
999 3791 1193 3846 Paulus
1218 3792 1344 3846 dicit
1372 3792 1625 3847 fratrem:
1651 3804 1706 3848 et

120 3884 326 3949 merito,
356 3899 476 3938 cum
506 3893 559 3937 et
590 3883 703 3952 ipse
726 3899 785 3938 se
804 3899 1017 3939 servum
1046 3884 1281 3939 nominet
1310 3883 1564 3939 ﬁdelitnn.
1600 3886 1706 3941 De-

120 3980 409 4042 primamus
437 3991 624 4030 omnes
652 3974 869 4043 fastum,
894 3977 1270 4032 conculcemus
1292 3979 1649 4048 arrogantiam
1684 3994 1701 4033 :

118 4082 327 4120 servum
358 4082 419 4121 se
451 4068 690 4121 nominat
716 4068 929 4133 Paulus,
963 4068 1052 4138 qui
1100 4079 1181 4124 est
1226 4072 1394 4126 instar
1422 4071 1567 4126 orbis
1593 4081 1701 4127 ter-

119 4174 291 4211 rarum
322 4167 378 4212 et
404 4160 655 4213 caelorum
675 4160 1162 4226 innumerabilium,
1188 4172 1241 4216 et
1266 4174 1317 4216 tu
1346 4163 1511 4217 altum
1535 4166 1702 4235 sapis?

118 4250 215 4316 Qui
254 4251 435 4304 omnia
467 4262 523 4304 ut
552 4253 783 4319 volebat,
814 4253 1005 4323 agebat
1032 4263 1087 4308 et
1117 4255 1350 4321 ferebat;
1380 4257 1473 4326 qui
1516 4258 1568 4312 in
1613 4274 1701 4313 reo

116 4357 219 4409 gno
244 4343 497 4397 cmlorum
528 4343 726 4412 primas
756 4344 990 4411 tenebat,
1023 4346 1113 4414 qui
1145 4345 1241 4399 fuit
1266 4357 1576 4414 coronatus,
1609 4349 1700 4419 qui

122 4438 176 4487 in
217 4438 429 4490 tertium
471 4437 711 4491 ascendit
746 4438 935 4492 Caelum
958 4479 971 4502 ,
1010 4454 1199 4494 servos
1227 4438 1421 4496 fratres
1452 4453 1608 4497 vocat
1647 4452 1702 4498 et

122 4544 432 4583 conservos.
475 4530 573 4586 Ubi
614 4540 698 4585 est
738 4531 981 4585 insania?
1034 4532 1122 4586 ubi
1166 4535 1508 4603 arrogantia?
1549 4536 1700 4591 Adeo

123 4620 227 4674 fide
256 4621 447 4691 dignus
475 4620 567 4677 fuit
608 4622 928 4688 Onesimus,
975 4634 1035 4678 ut
1079 4623 1193 4680 haec
1236 4627 1284 4681 ei
1325 4629 1693 4683 crederentur.

115 4715 203 4769 10.
234 4714 302 4767 Et
333 4716 562 4784 Marcus,
607 4719 798 4788 inquit,
829 4719 1157 4774 consobrinus
1196 4718 1465 4776 Barnabte.
1494 4721 1573 4776 De
1598 4740 1696 4794 quo

108 4810 377 4877 accepistis
398 4812 637 4864 mandata
659 4827 678 4865 :
696 4813 935 4881 suscipite
953 4814 1119 4867 illum.
1151 4812 1403 4869 Fortasse
1434 4831 1464 4869 a
1494 4816 1694 4870 Barna-

105 4900 169 4954 ba
215 4901 471 4955 mandata
513 4912 852 4971 acceperant.
889 4903 989 4971 Qui
1028 4914 1146 4959 sunt
1184 4920 1247 4959 ea:
1292 4907 1693 4961 circumcisione.

103 4991 425 5060 Comprimit
454 5002 715 5047 tumorem
734 4995 1063 5061 Judaeorum,
1088 4997 1244 5067 erigit
1264 5012 1448 5052 eorum
1466 5001 1692 5065 animos,

104 5085 241 5151 quod
271 5086 427 5155 pauci
451 5096 629 5141 essent
660 5102 726 5141 ex
748 5088 1174 5153 circumcisione,
1214 5090 1393 5158 plures
1428 5100 1603 5145 autem
1630 5107 1693 5146 ex

102 5178 375 5244 gentibus.
406 5180 494 5234 11.
527 5180 627 5248 Qui
648 5187 873 5251 fuerunt,
898 5182 1085 5251 inquit,
1113 5182 1239 5235 milii
1259 5183 1461 5236 solatio.
1497 5182 1691 5238 Osten-

98 5270 264 5325 ditse
291 5286 420 5326 esse
449 5272 500 5325 in
544 5274 752 5342 magnis
797 5273 1198 5327 tentationibus.
1250 5274 1433 5340 Itaque
1477 5290 1581 5329 non
1612 5286 1693 5330 est

100 5361 201 5415 hoc
235 5379 489 5432 parvum,
517 5365 728 5433 quando
748 5375 964 5420 sanctos
984 5367 1323 5421 consolamur
1340 5377 1393 5421 et
1410 5370 1690 5436 przesentia

94 5463 147 5506 θοι
177 5470 440 5508 sermone
467 5466 521 5510 et
546 5456 879 5524 assiduitate,
903 5458 1115 5527 quando
1144 5458 1304 5512 simul
1345 5474 1465 5514 cum
1502 5461 1579 5514 eis
1609 5460 1690 5513 af-

94 5549 337 5616 ﬂigimur
360 5566 375 5602 :
401 5548 534 5602 Cum
567 5550 757 5604 vinctis
800 5551 965 5616 enim,
1004 5552 1196 5622 inquit,
1231 5563 1499 5623 tamquam
1531 5554 1687 5607 simul

93 5640 253 5693 vincti
308 5637 498 5710 (Hebr.
550 5640 637 5694 15.
680 5642 770 5710 5);
804 5643 1017 5705 quando
1061 5644 1271 5699 illorum
1314 5645 1690 5713 perpessiones

91 5742 308 5786 nostras
334 5746 461 5787 esse
486 5732 751 5797 dmumus,
776 5740 826 5788 in
847 5736 1289 5807 coronisquoque
1313 5740 1443 5793 socii
1466 5741 1679 5793 erimus.

88 5820 206 5875 Non
248 5837 312 5876 es
344 5832 548 5878 tractus
575 5825 626 5878 in
655 5826 919 5880 stadium?
958 5843 1065 5883 non
1096 5828 1418 5885 descendisti
1463 5832 1529 5886 ad
1569 5847 1691 5887 cere

90 5916 311 5969 tamen?
354 5915 493 5970 altus
534 5914 599 5971 ad
642 5916 948 5975 luctandum
980 5936 1038 5977 se
1067 5921 1233 5991 exuit,
1264 5923 1398 5979 alius
1426 5924 1674 5980 luctatur.

1033 436 1098 492 ΙΝ
1135 436 1350 494 EPIST.
1394 439 1484 493 AD
1524 438 1799 495 COLOSS.
1840 440 1995 496 CAP.
2042 441 2127 497 IV.
2170 443 2383 501 llOMlL
2428 445 2515 501 XI.

3305 467 3415 524 δῖε

1826 551 1934 607 Sed
1963 552 2007 605 si
2034 555 2187 620 velis,
2231 566 2285 610 tn
2315 572 2527 629 quoque
2554 560 2662 614 etis
2692 564 2903 617 socius:
2934 581 3069 637 tinge
3115 572 3260 628 illum
3291 594 3411 635 cer-

1827 649 2081 711 taturum,
2112 646 2232 714 ejus
2268 647 2343 700 sis
2385 650 2590 704 amicus
2618 661 2672 706 et
2714 655 3003 724 studiosus,
3046 660 3175 718 foris
3216 680 3410 735 magna

1825 745 1956 786 voce
1984 734 2244 800 exclama,
2275 739 2446 793 excita
2490 740 2648 807 vires,
2681 759 2864 801 recrea
2904 750 3162 806 animmn.
3196 734 3327 812 llaae
3351 762 3404 817 in

1823 822 1945 879 aliis
1966 827 2217 882 omnibus
2244 830 2357 885 ﬁeri
2407 842 2490 887 est
2537 847 2978 898 consentaneum.
3026 846 3225 904 Paulus
3262 855 3408 911 enim

1825 928 1931 969 non
1979 931 2113 986 epus
2155 918 2403 987 habebat,
2449 925 2543 980 sed
2588 926 2710 982 illos
2748 933 2987 989 excitans
3035 938 3248 997 dicebat
3293 944 3413 1003 ltme

1823 1008 2022 1063 omnia.
2054 1009 2133 1065 Tu
2180 1027 2309 1082 ergo
2338 1018 2391 1068 in
2421 1017 2540 1073 aliis
2583 1022 2850 1089 omnibus,
2882 1042 3067 1084 eorum
3100 1037 3188 1104 qui
3221 1038 3409 1096 volunt

1823 1097 2149 1169 vituperare,
2194 1118 2289 1160 ora
2334 1107 2574 1176 obstrue,
2624 1128 2848 1183 procura
2898 1129 2955 1174 ut
2993 1097 3237 1198 sint-qui
3286 1148 3409 1187 eum

1821 1200 2019 1290 autent,
2076 1207 2359 1253 exeuntem
2390 1200 2630 1259 ofﬁciose
2655 1216 2711 1261 et
2738 1207 3024 1279 diligenter
3069 1219 3257 1288 excipe
3286 1240 3301 1277 :
3331 1226 3412 1280 sic

1824 1287 1933 1381 eris
1996 1287 2261 1357 particeps
2306 1305 2371 1344 ac
2416 1293 2597 1350 socius
2668 1312 3025 1373 coronarum,
3078 1310 3156 1363 sic
3195 1287 3409 1381 gloriae.

1822 1371 2040 1429 Etiamsi
2071 1377 2202 1432 nihil
2253 1380 2399 1445 aliud
2437 1386 2635 1454 egeris,
2678 1388 2886 1446 laetatus
2914 1408 2974 1448 es
2999 1371 3175 1453 autem
3199 1371 3295 1457 vob
3340 1420 3405 1459 ea

1819 1480 1939 1533 qua:
1976 1464 2113 1523 facta
2134 1481 2278 1538 sunt,
2308 1473 2387 1527 sic
2407 1492 2618 1548 quoque
2643 1496 2749 1537 non
2783 1499 2968 1552 parum
2996 1487 3139 1544 fuisti
3168 1493 3349 1548 socius
3390 1515 3404 1548 :

1819 1558 2043 1613 attulisti
2074 1563 2218 1617 enim
2257 1567 2557 1635 caritatem,
2604 1588 2724 1643 quae.
2772 1588 2855 1632 est
2894 1595 3100 1635 sunnna
3142 1585 3406 1644 bonormn

1820 1651 2079 1705 Omnium.
2109 1652 2241 1707 Nam
2271 1657 2315 1709 si
2343 1659 2432 1726 qui
2464 1659 2614 1729 ﬁent,
2644 1665 2890 1722 videntur
2928 1686 3047 1727 esse
3087 1674 3261 1730 luctus
3284 1694 3407 1748 par-

1821 1741 2026 1810 ticipes,
2058 1755 2112 1800 et
2141 1746 2205 1801 iis
2231 1749 2321 1818 qui
2349 1750 2533 1821 lugent
2555 1758 2778 1812 multum
2807 1763 3191 1833 gratiﬁcantur,
3217 1741 3409 1826 ae'do-

1818 1834 1949 1889 loris
1976 1837 2197 1894 multum
2226 1844 2494 1910 adimunt;
2525 1850 2692 1905 multo
2726 1856 2895 1924 magis
2936 1861 3201 1932 etiamqui
3221 1864 3408 1923 lactan-

1820 1939 1906 1985 tur
1935 1931 2192 2002 majorem
2220 1935 2452 1993 afferunt
2482 1942 2824 2011 voluptatem.
2864 1931 3138 2017 Quantum
3162 1960 3305 2014 enim
3336 1964 3407 2017 sit

1819 2024 2015 2079 malum
2043 2042 2147 2081 non
2168 2028 2365 2085 habere
2390 2033 2477 2101 qui
2504 2034 2658 2089 simul
2680 2037 2916 2107 doleant,
2941 2046 3062 2099 audi
3086 2050 3402 2119 prophetam

1815 2116 2104 2185 dicentem,
2136 2120 2205 2174 Et
2231 2127 2518 2193 exspectavi
2549 2128 2594 2182 si
2629 2131 2741 2199 quis
2782 2116 3259 2210 contristat-atumet
3301 2163 3404 2202 non

1816 2209 1913 2304 fuit
1957 2209 2128 2304 (Psal.
2172 2214 2261 2271 68.
2303 2215 2415 2288 2i).
2461 2219 2749 2290 Propterea
2782 2225 2982 2283 Paulus
3009 2247 3221 2303 quoque
3251 2237 3398 2304 dicit,

1818 2300 2053 2358 Gaudere
2077 2321 2190 2359 cum
2220 2310 2574 2379 gaudentibus,
2607 2325 2656 2367 et
2676 2317 2800 2384 ﬂere
2823 2334 2939 2371 cum
2959 2300 3199 2391 ﬂentibus
3225 2300 3400 2395 (Rom.

1817 2393 1904 2447 12.
1951 2395 2063 2466 15).
2112 2399 2261 2469 Auge
2304 2401 2540 2458 lzetitiam
2583 2422 2596 2459 :
2642 2407 2685 2460 si
2742 2408 2889 2465 vides
2935 2411 3148 2468 fratrem
3200 2393 3319 2475 esse
3350 2423 3401 2476 in

1815 2487 2231 2559 existimatione,
2258 2510 2325 2549 ne
2354 2496 2573 2565 dixeris,
2608 2499 2706 2556 Est
2730 2502 2870 2559 illius
2897 2506 3034 2561 bona
3056 2510 3399 2581 existimatio,

1814 2594 1911 2634 cur
1938 2597 2038 2652 ego
2071 2584 2366 2653 gaudeam?
2394 2590 2507 2645 haec
2537 2608 2640 2647 non
2671 2606 2797 2650 sunt
2848 2599 3010 2655 verba
3061 2602 3258 2670 fratris,
3307 2608 3400 2661 Sed

1815 2673 2005 2731 hostis.
2046 2677 2101 2732 Si
2144 2680 2297 2747 velis,
2326 2698 2432 2738 non
2477 2697 2602 2740 sunt
2644 2689 2804 2757 illius,
2834 2694 2925 2748 sed
2957 2705 3081 2752 tua:
3114 2711 3197 2754 est
3226 2702 3277 2755 in
3314 2713 3399 2756 tua

1814 2778 2079 2837 potestate
2108 2787 2224 2827 eam
2274 2776 2447 2831 facere
2497 2780 2772 2850 majorem,
2816 2787 2861 2840 si
2908 2804 3012 2843 non
3045 2792 3120 2845 sis
3150 2805 3397 2864 mwstus,

1813 2863 1907 2917 sed
1953 2864 2172 2933 laeteris,
2216 2868 2260 2922 si
2290 2870 2451 2925 fueris
2481 2873 2693 2939 alacris,
2727 2878 3070 2950 exsultesque
3099 2894 3151 2939 et
3177 2889 3393 2956 gestias.

1812 2954 1965 3021 Quod
1996 2956 2098 3012 hoc
2119 2969 2297 3015 autem
2329 2963 2398 3016 ita
2429 2978 2487 3018 se
2519 2966 2728 3033 habeat,
2756 2970 2902 3026 illinc
2929 2985 3012 3027 est
3032 2954 3393 3046 perspicuum;

1812 3048 1902 3115 qui
1926 3050 2163 3105 invident
2185 3066 2290 3106 non
2325 3053 2429 3110 illis
2454 3058 2583 3111 solis
2611 3062 2868 3125 invident,
2897 3065 2985 3132 qui
3014 3066 3067 3120 in
3107 3068 3242 3123 bona
3272 3084 3398 3127 sunt

1811 3139 2227 3209 existimatione,
2260 3146 2355 3200 sed
2386 3147 2449 3201 iis
2477 3152 2636 3204 etiam
2664 3153 2753 3221 qui
2794 3153 2934 3209 bona
2964 3157 3174 3215 illorum
3206 3162 3395 3217 existi-

1812 3232 2045 3288 matione
2074 3235 2353 3291 laetantur:
2384 3239 2454 3293 ita
2484 3242 2658 3297 sciunt
2683 3245 2825 3313 quod
2862 3246 2915 3301 hi
2956 3262 3170 3322 quoque
3208 3252 3317 3309 sint
3341 3256 3394 3311 in

1811 3328 1948 3382 bona
1974 3330 2401 3398 existimatione;
2435 3336 2543 3390 etii
2566 3341 2800 3408 suntqui
2828 3342 3057 3399 maxime
3076 3346 3394 3416 gloriantur.

1808 3418 1941 3472 Nam
1972 3421 2060 3475 ille
2086 3422 2301 3491 quidem
2327 3426 2486 3479 etiatn
2513 3428 2782 3485 erubescit
2804 3446 2925 3485 cum
2946 3436 3102 3490 valde
3123 3436 3391 3495 laudatur:

1812 3511 1911 3566 iste
1936 3514 2095 3567 etiam
2118 3530 2237 3569 cum
2260 3517 2427 3572 multa
2456 3520 2727 3589 voluptate
2754 3523 3031 3591 gloriatur.
3055 3527 3171 3585 Non
3203 3532 3395 3589 videtis

1809 3605 2077 3671 quomodo
2103 3605 2425 3663 athletarum
2472 3610 2607 3666 alter
2655 3615 2870 3681 quidem
2897 3633 3207 3691 coronatur,
3256 3626 3393 3681 alter

1809 3709 1937 3749 vero
1965 3710 2070 3750 non
2093 3702 2421 3755 coronatur?
2446 3702 2600 3757 dolor
2620 3713 2800 3761 autem
2822 3721 2875 3763 et
2894 3708 3077 3766 lzetitia
3102 3724 3393 3772 esteorum

1809 3787 1900 3855 qui
1928 3799 2111 3843 amant
2145 3798 2199 3845 et
2224 3807 2407 3846 eorum
2440 3796 2529 3864 qui
2555 3797 2820 3854 oderunt:
2847 3800 2923 3855 illi
2951 3804 3168 3874 saltant,
3192 3808 3266 3861 illi
3292 3808 3392 3861 tri-

1809 3878 2049 3947 pudiant.
2089 3882 2214 3937 Vide
2240 3894 2435 3952 quanta
2465 3902 2553 3943 res
2588 3888 2659 3942 sit
2698 3905 2803 3945 non
2848 3893 3093 3951 invidere
3125 3918 3139 3953 :
3171 3898 3393 3955 alterius

1807 3980 1891 4024 est
1921 3971 2095 4036 labor,
2129 3985 2182 4029 et
2225 3985 2312 4029 tua
2341 3986 2424 4032 est
2449 3979 2699 4050 voluptas
2734 3999 2748 4035 :
2789 3983 2942 4040 alteri
2970 3986 3261 4059 imponitur
3296 4007 3391 4047 co-

1807 4077 1960 4130 rona,
1984 4075 2038 4120 et
2070 4074 2123 4120 tu
2150 4068 2332 4135 saltas,
2361 4079 2413 4124 tu
2442 4072 2707 4141 gloriaris.
2740 4074 2988 4139 Nam,die
3011 4080 3160 4149 mihi,
3185 4100 3391 4153 quaeso.

1806 4156 1943 4211 alius
1988 4158 2132 4224 vicit,
2188 4169 2243 4214 tu
2288 4162 2416 4232 quid
2459 4165 2659 4220 saltas?
2701 4166 2807 4222 Sed
2860 4170 2937 4224 illi
2985 4188 3199 4243 quoque
3247 4190 3393 4232 recte

1805 4250 1983 4304 sciunt
2009 4252 2149 4319 quod
2174 4267 2459 4309 commune
2487 4257 2555 4309 sit
2583 4258 2725 4326 quod
2747 4258 2945 4315 factum
2974 4274 3075 4318 est.
3100 4266 3390 4336 Propterea

1805 4340 1947 4395 hunc
1994 4342 2209 4412 quidem
2258 4360 2365 4399 non
2408 4348 2712 4417 vituperant
2752 4354 2841 4421 qui
2873 4354 3140 4423 invident;
3185 4369 3393 4416 tentant

1804 4444 1984 4489 autetn
2014 4435 2317 4506 deprimere
2359 4439 2661 4509 victoriam,
2694 4453 2749 4498 et
2774 4446 2927 4503 audis
2963 4464 3058 4503 eos
3084 4450 3198 4506 haec
3226 4455 3391 4508 verba

1803 4526 2078 4581 dicentes:
2105 4529 2177 4583 Te
2224 4529 2418 4595 delevi,
2468 4540 2519 4587 te
2563 4534 2733 4603 dejeci
2768 4553 2783 4589 :
2815 4541 3024 4595 etiamsi
3070 4544 3290 4599 alterius
3319 4548 3391 4601 sit

1804 4635 1959 4690 opus,
1992 4629 2078 4674 tua
2105 4631 2279 4676 tamen
2308 4632 2390 4677 est
2418 4624 2553 4678 laus.
2582 4626 2636 4680 Si
2667 4642 2797 4697 ergo
2828 4629 2881 4683 in
2907 4635 3150 4689 externis
3183 4647 3389 4692 tantmn

1805 4712 2000 4767 bonum
2028 4720 2110 4767 est
2138 4730 2241 4768 non
2274 4715 2532 4781 invidere,
2576 4720 2672 4772 sed
2720 4720 2946 4777 aliorum
2992 4724 3131 4780 bona
3164 4729 3262 4783 sibi
3294 4745 3389 4784 ac-

1802 4804 2144 4861 etimmodare
2170 4816 2224 4860 et
2252 4823 2344 4861 sua
2374 4807 2592 4873 ducere,
2618 4810 2786 4866 multo
2816 4816 2984 4885 magis
3022 4819 3072 4872 in
3114 4831 3295 4875 nostra
3323 4825 3390 4878 de

1802 4896 2016 4952 diabolo
2045 4898 2297 4963 victoria;
2323 4907 2447 4954 tunc
2469 4899 2560 4957 ille
2584 4904 2753 4973 magis
2782 4918 2965 4961 contra
2998 4924 3095 4964 nos
3121 4918 3308 4982 spirat,
3334 4924 3390 4968 ut

1800 4989 1890 5058 qui
1912 4990 2081 5060 magis
2117 4990 2378 5045 laetemur.
2412 4992 2525 5047 Etsi
2565 5005 2648 5049 est
2675 4999 2991 5067 sceleratus,
3020 5017 3209 5061 exacte
3240 5012 3389 5063 novit

1802 5082 1939 5136 hanc
1964 5096 2207 5152 magnam
2233 5098 2353 5139 esse
2372 5086 2723 5157 voluptatem.
2757 5090 2848 5146 Vis
2874 5109 2995 5147 eum
3025 5098 3269 5153 molestia
3301 5102 3385 5154 af-

1801 5176 1995 5231 ficere?
2031 5177 2201 5247 gaude
2244 5186 2299 5232 et
2327 5177 2528 5235 laetare.
2585 5182 2676 5237 Vis
2718 5198 2840 5239 eum
2895 5186 3228 5247 exhilarare?
3269 5205 3412 5249 esto-

1800 5275 1987 5330 tristis.
2017 5274 2267 5330 Dolorem
2294 5279 2383 5347 qui
2413 5294 2479 5333 ex
2506 5280 2727 5336 victoria
2758 5282 2939 5341 fratris
2976 5288 3024 5341 ei
3056 5288 3270 5355 accidit,
3306 5291 3382 5343 le-

1798 5384 1889 5423 vas
1938 5384 2035 5439 per
2080 5378 2224 5425 tuam
2268 5372 2433 5426 animi
2479 5376 3033 5444 mgritudinemwum
3081 5380 3171 5435 illo
3210 5392 3323 5437 stas
3351 5378 3382 5437 a

1798 5461 1963 5516 fratre
1991 5462 2293 5518 abscissus:
2317 5466 2491 5535 majus
2537 5483 2695 5535 quam
2739 5470 2832 5524 ille
2857 5472 3052 5525 malum
3081 5472 3231 5529 facis.
3262 5475 3381 5530 Non

1795 5564 1919 5608 sunt
1942 5555 2082 5610 enim
2109 5557 2276 5625 paria,
2308 5572 2429 5613 eum
2457 5560 2530 5614 sis
2561 5561 2828 5628 inimicus,
2871 5561 3047 5620 facere
3091 5582 3210 5635 qua:
3257 5579 3383 5623 sunt

1793 5647 2157 5716 inimicorum,
2186 5662 2240 5705 et
2268 5665 2388 5705 cum
2414 5653 2489 5707 sis
2514 5655 2739 5716 amicus,
2767 5665 2909 5710 stare
2951 5673 3071 5712 cum
3105 5660 3334 5717 inimicis
3365 5685 3375 5718 :

1793 5738 1896 5794 iste
1934 5746 2017 5793 est
2056 5739 2289 5795 inimicis
2330 5742 2479 5811 pejor
2505 5755 2557 5798 et
2606 5747 2937 5801 sceleratior.
2987 5752 3041 5804 Si
3078 5751 3242 5806 frater
3277 5754 3380 5808 sibi

1790 5832 1983 5886 bonam
2012 5834 2218 5901 paravit
2239 5837 2708 5901 existimationem.
2738 5840 2820 5909 vel
2853 5842 2976 5896 dum
3006 5844 3258 5913 loquitur,
3292 5851 3380 5903 vel

1795 5924 1918 5982 dum
1968 5933 2117 5994 orat,
2173 5931 2254 5986 vel
2302 5928 2499 5999 aiiqnid
2547 5939 2692 6001 recte
2738 5935 2894 6004 gerit,
2947 5946 3062 5992 esto
3113 5942 3374 6012 particeps
