3874 6530
506 5926 525 5952 ’δ

508 449 613 504 379

511 560 683 615 laudis
727 568 780 613 et
827 557 978 611 bona:
1028 549 1437 609 existimationis
1464 588 1480 609 ,
1528 546 1752 601 ostende
1798 560 1919 601 eum
1971 556 2091 598 esse

513 662 661 705 tuum
693 648 1013 705 membrum.

585 742 641 795 Δ.
676 738 941 807 Quomodo
966 750 1081 789 cum
1110 732 1326 788 inimicis
1347 730 1695 801 ogendum.—
1717 728 1783 782 Et
1804 724 2092 797 quomodo,

512 833 631 886 ait?
656 847 756 901 ego
795 830 937 885 enim
981 842 1089 883 non
1117 841 1235 880 sum
1266 825 1460 880 bonam
1500 829 1822 891 assequutus
1874 816 2092 872 famam.

513 922 590 979 Ne
606 922 707 978 hoc
732 921 954 977 verbum
976 919 1199 985 dixeris,
1225 916 1363 971 labia
1390 912 1705 983 comprime.
1736 910 1792 964 Si
1822 924 1985 979 prope
2012 921 2097 962 me

513 1029 663 1070 esses
695 1024 754 1068 tu
779 1013 869 1085 qui
926 1012 1042 1067 hmc
1072 1009 1333 1081 loqueris,
1368 1005 1741 1077 imposuissem
1771 1016 1991 1056 manum
2015 999 2096 1052 la-

514 1105 626 1160 bris
654 1104 779 1168 tuis,
812 1119 881 1158 ne
919 1102 1129 1157 audiret
1158 1101 1429 1155 inimicus.
1457 1098 1612 1167 Saepe
1635 1096 1773 1149 inter
1801 1108 1898 1151 nos
1924 1092 2097 1144 inter-

515 1198 713 1253 cedunt
740 1196 1051 1259 inimicitiae,
1080 1204 1135 1250 et
1158 1192 1386 1248 inimicis
1407 1205 1511 1245 non
1533 1186 1899 1243 ostendimus:
1930 1192 1985 1235 tu
2007 1196 2100 1234 ve-

515 1305 579 1345 ro
600 1289 839 1344 ostendis
864 1287 1099 1343 diabolo.
1126 1285 1205 1341 Ne
1227 1284 1330 1339 hoc
1348 1280 1571 1344 dixeris,
1596 1294 1663 1334 ne
1693 1277 1794 1331 hoc
1822 1274 2095 1345 cogitave-

518 1380 630 1444 ris;
681 1378 778 1434 sed
830 1389 1045 1440 contra,
1074 1376 1170 1431 Est
1213 1390 1392 1430 meum
1425 1370 1763 1427 membrum:
1808 1367 1872 1421 ad
1903 1378 2098 1435 corpus

522 1470 714 1525 transit
741 1470 930 1541 gloria.
963 1467 1069 1523 Cur
1097 1480 1257 1537 ergo,
1304 1464 1493 1534 inquit,
1521 1478 1626 1516 ncn
1656 1461 1729 1516 ita
1759 1467 1883 1514 sunt
1919 1455 2099 1511 allecti

521 1564 612 1634 qui
640 1572 767 1619 sunt
794 1562 959 1617 loris?
983 1561 1242 1628 Quoniam
1272 1569 1327 1614 tu
1356 1572 1416 1614 es
1443 1571 1625 1613 causa.
1648 1555 1778 1610 Nam
1797 1569 1919 1609 cum
1946 1550 2094 1607 vide-

522 1654 632 1710 tint
677 1663 729 1709 te
781 1654 900 1723 ejus
944 1652 1180 1707 laetitiam
1220 1652 1448 1706 alienam
1498 1663 1618 1704 esse
1661 1648 1949 1709 dicentem,
1999 1643 2101 1713 ipsi

524 1762 736 1818 quoque
784 1747 1087 1801 alienantur
1117 1763 1129 1799 :
1162 1743 1304 1814 quod
1346 1743 1390 1797 si
1419 1741 1649 1797 viderint
1678 1749 1730 1796 te
1759 1754 1877 1794 eam
1905 1738 2103 1793 ducen-

525 1852 631 1897 tem
677 1855 797 1896 esse
844 1840 1133 1910 propriam,
1165 1854 1269 1892 non
1313 1836 1539 1900 audent;
1583 1833 1677 1889 sed
1708 1842 1764 1888 tu
1807 1847 2019 1903 quoque
2045 1845 2105 1886 es

524 1933 772 1989 similiter
797 1932 994 1988 clarus.
1024 1931 1142 1986 Non
1162 1945 1221 1985 es
1262 1928 1491 1984 dicendo
1517 1928 1727 1981 laudem
1754 1932 2101 1994 assequutus;

526 2025 619 2080 scd
652 2036 707 2080 tu
731 2025 856 2078 dum
893 2004 1258 2094 eilgratularis
1282 2063 1298 2087 ,
1344 2022 1601 2088 majorem
1633 2033 1695 2073 es
1739 2017 1947 2071 laudem
1978 2015 2107 2069 ade-

527 2129 648 2189 ptus
665 2133 822 2188 quam
852 2117 957 2172 ille.
982 2116 1035 2172 Si
1060 2116 1203 2171 enim
1226 2116 1423 2170 caritas
1450 2123 1532 2168 est
1555 2128 1641 2167 res
1663 2126 1848 2181 magna
1876 2119 1929 2164 et
1949 2118 2108 2178 caput

527 2209 789 2275 omnium,
815 2217 871 2262 tu
894 2223 1035 2272 eam,
1052 2222 1172 2277 qua:
1194 2221 1257 2261 ex
1283 2207 1394 2276 ipsa
1427 2214 1664 2275 paratur,
1680 2202 1933 2272 accepisti
1955 2217 2109 2256 coro-

530 2314 654 2353 nam
675 2318 689 2354 :
709 2300 795 2354 ille
812 2313 930 2354 eam
957 2314 1076 2369 quze
1103 2298 1393 2368 acquiritur
1410 2312 1474 2351 ex
1494 2306 1609 2350 arte
1626 2293 1859 2359 dicendi,
1891 2302 1948 2347 tu
1987 2308 2107 2347 eam

529 2404 649 2460 qua:
664 2406 728 2443 ex
749 2389 1046 2445 vehementi
1066 2403 1280 2444 amore:
1297 2388 1386 2443 ille
1403 2386 1637 2441 ostendit
1656 2386 1764 2440 vim
1781 2384 2061 2439 verborum
2081 2399 2098 2450 ;

530 2491 587 2534 ιιι
607 2493 701 2550 per
723 2479 860 2537 facta
882 2481 1123 2552 dejecisti
1140 2479 1411 2543 invidiam,
1437 2487 1491 2534 et
1515 2476 1840 2533 conculcasti
1859 2476 2108 2531 livorem.

530 2571 890 2639 Quamobrem
922 2573 1045 2643 jure
1073 2572 1241 2642 magis
1261 2586 1417 2641 quam
1463 2570 1555 2625 ille
1586 2567 1749 2623 fueris
1774 2576 2064 2643 coronatus
2092 2583 2108 2620 :

531 2673 803 2719 certamen
834 2673 983 2719 tuum
1014 2672 1099 2719 est
1130 2662 1467 2731 przeciarins:
1496 2676 1602 2714 non
1628 2659 1799 2715 solum
1829 2658 2115 2713 conculca-

533 2757 602 2810 sti
631 2756 907 2821 invidiam,
938 2755 1032 2811 sed
1071 2754 1233 2810 etiam
1265 2753 1463 2824 aliquid
1492 2752 1681 2807 fecisti.
1711 2751 1804 2806 ille
1843 2766 2000 2805 unam
2027 2764 2119 2805 so-

531 2851 641 2905 lum
675 2851 835 2907 habet
863 2865 1143 2916 coronam,
1172 2858 1225 2903 tu
1256 2857 1433 2902 autem
1460 2847 1613 2913 duas,
1636 2854 1692 2901 et
1718 2846 1853 2901 duas
1875 2845 1994 2899 illas
2011 2858 2112 2898 una

532 2944 943 3014 splendidiores.
960 2942 1218 3011 Quaenam
1237 2948 1363 2996 sunt
1383 2940 1504 2995 hzc?
1530 2939 1699 2996 Unam
1718 2938 1998 3008 suscepisti
2018 2938 2117 2992 ad-

538 3048 733 3088 versus
755 3032 1044 3099 invidiam;
1073 3033 1240 3087 altera
1268 3041 1352 3087 est
1392 3047 1493 3101 qtta
1525 3030 1700 3085 lruisti
1726 3030 2004 3084 redimitus
2045 3043 2111 3084 ex

536 3126 781 3180 caritate.
810 3123 933 3179 Νοιι-
952 3123 1093 3178 enim
1121 3124 1372 3178 collzctari
1400 3124 1572 3178 solum
1590 3130 1674 3178 est
1698 3122 1950 3176 indicium
1972 3120 2117 3191 quod

540 3217 615 3271 sis
652 3216 887 3271 mundus
931 3215 1000 3270 ab
1028 3215 1246 3277 invidia,
1275 3214 1369 3270 sed
1392 3215 1553 3269 etiam
1581 3213 1721 3284 quod
1752 3212 1949 3267 habeas
1973 3212 2117 3268 cari-

542 3316 703 3362 tatem
734 3322 853 3377 qua:
885 3306 1095 3362 radices
1125 3307 1311 3377 egerit.
1342 3306 1419 3361 Illi
1466 3320 1609 3375 saepe
1638 3304 1940 3359 molestiam
1967 3304 2119 3360 exhi-

539 3400 630 3453 bet
652 3399 879 3453 humana
901 3399 1076 3469 aliqua
1094 3399 1256 3454 animi
1287 3398 1630 3469 perturbatio,
1664 3409 1722 3453 ut
1742 3399 1911 3453 inanis
1926 3398 2115 3468 gloria:

538 3500 597 3544 tu
637 3501 814 3545 autem
843 3504 902 3546 es
938 3491 1169 3546 mundus
1200 3490 1266 3546 ab
1312 3491 1455 3545 omni
1484 3490 1885 3559 perturbatione
1908 3490 2071 3544 animi
2102 3508 2117 3544 :

542 3581 682 3636 haud
712 3583 854 3637 enim
877 3583 1019 3636 inani
1054 3582 1223 3653 gloria
1253 3582 1525 3650 laborans,
1554 3581 1751 3637 laetaris
1788 3590 2005 3652 propter
2026 3582 2123 3635 ho-

541 3690 608 3730 ua
655 3675 898 3730 alterius.
926 3674 1108 3730 Erexit
1131 3678 1490 3746 ,dic,qu:cso,
1550 3674 1846 3729 Ecclesiam
1872 3716 1888 3739 ,
1920 3682 2118 3729 canum

539 3768 921 3839 amplilicavit?
943 3785 1131 3824 rursus
1155 3769 1310 3823 lauda
1345 3787 1357 3821 :
1393 3769 1559 3822 habes
1584 3768 1824 3835 duplices
1850 3781 2080 3821 coronas
2104 3785 2120 3832 ;

542 3860 783 3928 dejecisti
813 3861 1102 3927 invidiam,
1131 3862 1353 3916 caritate
1376 3875 1434 3915 es
1456 3860 1753 3914 redimitus.
1794 3860 1964 3913 Etiam
1992 3873 2123 3928 rogo

544 3961 601 4006 et
621 3952 865 4006 obsecro.
891 3949 983 4005 Vis
1010 3961 1064 4006 ct
1082 3952 1288 4005 tertiam
1312 3951 1497 4004 audire
1514 3948 1801 4003 coronam?
1824 3950 1873 4002 ei
1902 3948 2127 4019 applau-

547 4048 681 4100 duut
707 4046 796 4116 qui
820 4046 1026 4101 inferne
1052 4054 1177 4099 sunt
1202 4042 1468 4104 homines,
1504 4044 1595 4096 tibi
1618 4052 1793 4096 autem
1821 4044 1911 4111 qui
1940 4056 2127 4111 super-

552 4154 620 4190 nc
672 4147 797 4191 sunt
838 4136 1036 4206 angeli.
1066 4133 1184 4190 Non
1233 4134 1375 4189 enim
1405 4144 1526 4188 sunt
1565 4132 1733 4201 paria,
1764 4133 2042 4201 pulchram
2073 4140 2129 4186 et

548 4230 845 4299 elegantem
878 4228 1163 4284 ostendere
1190 4228 1474 4282 dictionem
1506 4268 1519 4291 ,
1551 4235 1605 4280 et
1634 4236 1808 4278 motus
1846 4225 2010 4279 animi
2039 4241 2127 4279 su-

550 4337 740 4392 perare
771 4339 784 4376 :
810 4321 929 4376 inec
954 4321 1070 4375 laus
1116 4328 1199 4375 est
1229 4318 1539 4388 temporalis
1561 4360 1575 4382 ,
1606 4317 1692 4371 illa
1725 4332 1851 4372 vero
1882 4328 2079 4371 aeterna
2112 4338 2124 4372 :

551 4413 639 4467 hic
668 4423 749 4468 est
777 4428 843 4468 ex
875 4411 1212 4475 hominibus,
1245 4411 1333 4465 ille
1362 4426 1427 4465 ex
1468 4410 1615 4464 Deo:
1649 4409 1734 4463 hic
1759 4409 2014 4479 aspicitur
2040 4424 2132 4463 co-

550 4516 771 4560 ronatus
795 4546 810 4568 ,
840 4514 893 4560 tu
926 4515 1101 4560 autem
1153 4503 1207 4559 in
1252 4504 1465 4558 occulto
1517 4502 1814 4567 coronaris,
1856 4501 1943 4555 ubi
1975 4502 2135 4557 Pater

552 4606 676 4650 tuus
716 4604 767 4650 te
794 4595 957 4651 videt.
985 4596 1043 4651 Si
1064 4595 1295 4649 dissecto
1322 4608 1547 4664 corpore
1574 4593 1759 4647 liceret
1800 4592 2133 4660 uniuscujus-

557 4703 661 4756 que
677 4687 858 4743 videre
877 4688 1129 4751 animam,
1152 4686 1505 4741 ostendissem
1534 4685 1626 4739 tibi
1653 4684 1796 4739 hunc
1814 4699 1932 4739 esse
1960 4684 2134 4739 hone-

555 4778 779 4831 stiorem
827 4786 883 4833 et
933 4778 1102 4846 magis
1144 4776 1595 4845 resplendentem.
1630 4774 1847 4829 Invidia:
1890 4774 2136 4827 stimulos

556 4880 896 4941 proteramus
926 4884 939 4922 :
971 4868 1122 4923 nobis
1153 4868 1284 4937 ipsis
1310 4867 1575 4936 prosimus
1600 4907 1617 4933 ,
1660 4880 1693 4920 ο
1742 4865 1957 4921 dilectil
2010 4864 2139 4933 ipsis

559 4960 713 5014 nobis
743 4973 993 5012 coronam
1017 4960 1372 5026 imponemus.

633 5052 839 5106 Invidia
884 5051 1328 5121 propulsanda.——
1345 5048 1445 5114 Qui
1477 5047 1696 5110 invidet,
1744 5062 1865 5101 cum
1899 5047 2008 5100 Deo
2042 5062 2141 5115 pu-

563 5154 709 5217 gnat,
742 5160 847 5198 non
870 5159 991 5199 cum
1015 5143 1104 5196 illo
1130 5158 1144 5194 :
1172 5157 1293 5195 nam
1316 5156 1437 5193 cum
1465 5140 1611 5193 illum
1634 5139 1777 5193 videt
1802 5138 1997 5193 habere
2018 5152 2142 5206 gra-

565 5239 717 5301 tiam,
771 5244 825 5291 et
852 5234 1000 5290 dolet
1025 5243 1080 5288 et
1106 5233 1217 5286 vult
1243 5232 1525 5285 destruere
1558 5230 1875 5293 Ecclesium,
1908 5245 2013 5282 non
2045 5244 2141 5297 pu-

1218 439 1274 495 S.
1314 434 1588 493 JOANNIS
1624 428 2101 490 CliiiYSOSTOMI
2141 424 2454 483 ARCHIEP.
2495 424 3020 483 CONSTANTINOP.

2204 550 2332 611 gnat
2352 556 2472 596 cum
2503 541 2616 605 illo,
2645 540 2738 595 sed
2766 556 2888 596 cum
2916 541 3046 595 Deo.
3072 538 3563 616 Nam,dic.qu:eso.si
3583 560 3663 619 quis

2203 646 2423 692 ornaret
2443 637 2674 707 puellam
2703 638 2863 708 regis,
2895 646 2950 692 et
2978 638 3029 691 in
3056 636 3192 691 bona
3213 649 3347 693 esset
3369 645 3664 708 existimatum

2200 746 2319 785 eam
2370 745 2637 787 exornans
2688 730 3049 801 decoramque
3074 730 3334 799 reddens,
3376 736 3509 792 vellet
3546 754 3663 799 autem

2202 823 2393 894 aliquis
2436 838 2551 877 eam
2581 838 2640 877 se
2668 824 2898 892 turpiter
2931 832 2987 878 et
3012 823 3260 879 indecore
3284 840 3469 896 gerere,
3492 844 3534 887 et
3553 836 3664 904 ipsum

2202 930 2307 968 non
2345 928 2502 984 posse
2523 929 2641 969 eam
2676 929 2910 979 ornare;
2939 916 3153 970 cuinam
3182 918 3508 989 insidiaretur,
3540 926 3669 988 huius

2202 1021 2268 1060 an
2301 1006 2373 1060 illi
2402 1015 2454 1059 et
2472 1006 2587 1074 ejus
2615 1007 2789 1076 patri?
2814 1007 2891 1062 Ita
2912 1022 3053 1062 nunc
3080 1023 3288 1079 quoque
3308 1017 3357 1064 tu
3378 1011 3587 1082 invidens,
3606 1038 3670 1091 μ.

2202 1112 2336 1166 gnas
2361 1112 2480 1151 cum
2509 1096 2775 1161 Ecclesia,
2802 1113 2925 1152 cum
2955 1097 3071 1153 Deo
3098 1098 3291 1155 bellum
3308 1103 3453 1171 geris.
3480 1105 3578 1161 Nam
3591 1127 3675 1180 quo-

2205 1188 2344 1241 niam
2374 1203 2492 1242 cum
2521 1187 2699 1242 fratris
2725 1188 2884 1243 laude
2909 1202 3150 1243 connexa
3172 1199 3253 1245 est
3276 1192 3458 1248 utilitas
3480 1194 3672 1269 Ecclesia,

2205 1282 2249 1336 si
2294 1282 2407 1336 lucc
2447 1290 2698 1347 corruat,
2728 1291 2787 1336 ut
2827 1281 2916 1336 ille
2944 1297 3155 1352 quoque
3182 1294 3389 1338 corruat
3412 1302 3670 1348 necasset-st

2206 1373 2563 1442 Quamobrem
2593 1374 2646 1428 in
2680 1375 2780 1429 hoc
2795 1388 2928 1444 opus
2957 1374 3086 1429 facis
3114 1376 3418 1443 satanicum,
3446 1389 3494 1433 ut
3515 1383 3579 1449 qui
3596 1399 3677 1438 eor-

2207 1469 2324 1540 puri
2348 1469 2547 1524 Christi
2588 1468 2878 1523 iusidieris.
2909 1468 3180 1523 Adversus
3204 1484 3325 1524 eum
3353 1470 3516 1528 dolore
3549 1478 3675 1530 stimu-

2208 1565 2355 1629 Iaris,
2388 1563 2474 1634 qui
2532 1561 2626 1616 tibi
2657 1560 2854 1616 nullam
2886 1561 3011 1615 fecit
3057 1560 3331 1630 injuriam;
3384 1564 3527 1617 multo
3562 1580 3676 1622 autem

2210 1655 2377 1726 magis
2416 1638 2676 1709 adversus
2702 1653 2999 1708 Christum.
3026 1652 3194 1720 Quam
3224 1653 3320 1706 tibi
3342 1653 3453 1707 fecit
3480 1658 3677 1724 injurias,

2210 1756 2269 1801 ut
2294 1762 2399 1801 non
2426 1746 2570 1800 sinas
2594 1745 2711 1815 ejus
2731 1759 2925 1813 corpus
2948 1743 3125 1796 ornari
3146 1742 3543 1812 pulchritudine?
3560 1757 3677 1803 utnon

2210 1839 2355 1893 sinas
2402 1851 2654 1905 sponsam
2719 1833 3017 1890 decorari?
3076 1834 3369 1890 Considera
3417 1845 3564 1891 autem
3601 1844 3681 1895 mihi

2211 1938 2467 2001 quantum
2494 1929 2564 1982 sit
2592 1928 2944 1997 supplicium;
2974 1925 3218 1983 inimicos
3246 1933 3365 1981 tuos
3387 1927 3538 1982 laetitia
3558 1930 3681 1995 amcis;

2213 2032 2266 2077 et
2289 2022 2439 2075 illum
2468 2021 2638 2090 ipsum
2674 2019 2764 2089 qui
2792 2028 2874 2074 est
2894 2018 2948 2073 in
2978 2018 3116 2073 bona
3156 2019 3553 2085 existimatione,
3585 2037 3682 2090 qum

2213 2116 2294 2170 vis
2324 2114 2568 2169 molestia
2598 2111 2850 2180 allicere,
2881 2112 3050 2181 magis
3099 2111 3400 2179 exhilaras,
3440 2120 3489 2166 et
3525 2114 3685 2166 invidens

2215 2209 2385 2278 magis
2428 2206 2669 2262 ostendis
2718 2220 2841 2260 eum
2873 2204 3076 2260 laudari
3126 2214 3181 2259 et
3231 2204 3368 2259 bene
3404 2204 3686 2260 audireznun

2214 2300 2411 2369 alioqui
2442 2314 2545 2353 non
2572 2296 2855 2354 invidisses
2877 2314 2892 2362 ;
2918 2297 3000 2353 vel
3030 2296 3203 2367 potius
3246 2298 3469 2352 ostendis
3492 2299 3600 2368 quod
3617 2313 3687 2350 cm-

2216 2393 2394 2448 cieris.
2424 2394 2600 2462 Atque
2629 2408 2717 2447 me
2742 2392 2955 2463 quidem
2980 2390 3143 2461 pudet
3166 2405 3235 2444 ex
3264 2390 3346 2444 his
3372 2390 3687 2447 adhortarizml

2217 2485 2465 2555 quoniam
2497 2493 2640 2538 tanta
2668 2492 2751 2538 est
2769 2483 2934 2538 nostri
2956 2482 3119 2537 animi
3138 2480 3481 2541 imbecillitas,
3502 2480 3568 2532 vel
3582 2496 3625 2533 ex
3641 2480 3690 2534 his

2217 2577 2497 2646 castigati,
2541 2575 2611 2630 ab
2640 2575 2743 2630 hoc
2790 2574 3095 2646 pernicioso
3122 2574 3258 2627 vitio
3284 2573 3560 2627 liberemur.
3595 2572 3694 2625 Doles

2219 2671 2360 2740 quod
2393 2668 2636 2723 laudetur
2664 2677 2719 2723 et
2743 2668 2795 2721 in
2825 2668 2963 2722 bona
2991 2666 3061 2721 sit
3086 2664 3511 2720 existimatione?
3530 2678 3694 2731 curergo

2222 2762 2464 2817 invidens
2508 2774 2671 2830 auges
2694 2759 2812 2830 ejus
2840 2758 3049 2814 laudem
3069 2758 3094 2810 ἲ
3121 2757 3213 2811 Vis
3241 2771 3363 2811 eum
3399 2754 3696 2809 cruciaretur

2220 2870 2348 2925 ergo
2373 2853 2614 2909 ostendis
2635 2860 2691 2906 te
2720 2849 2945 2906 dolere?
2997 2865 3095 2904 cur
3121 2849 3191 2904 de
3234 2857 3289 2903 te
3317 2849 3428 2917 ipso
3451 2847 3571 2916 prius
3590 2846 3697 2913 exigis

2222 2960 2409 3015 pmnas
2430 2986 2443 3005 ,
2484 2958 2641 3013 quam
2671 2941 2740 2997 de
2789 2958 2855 2997 eo
2883 2957 3040 3011 quem
3074 2956 3177 2994 non
3209 2941 3300 2994 vis
3328 2938 3602 2993 laudari?!)
3623 2937 3695 2990 inde

2222 3046 2305 3091 est
2327 3036 2525 3105 duplex
2553 3035 2795 3105 voluptas
2832 3045 2887 3089 et
2908 3034 3122 3097 laetitia,
3148 3040 3203 3087 et
3231 3032 3327 3086 tibi
3356 3032 3583 3085 cruciatus
3604 3046 3614 3081 :
3634 3044 3695 3081 non

2223 3129 2397 3184 solum
2426 3127 2568 3198 quod
2611 3142 2858 3197 magnum
2885 3140 3006 3180 eum
3035 3123 3299 3188 ostendis,
3329 3122 3417 3177 sed
3456 3122 3583 3177 etiam
3614 3118 3697 3187 quod

2223 3221 2445 3276 alteram
2470 3220 2519 3275 ei
2543 3234 2790 3288 procreas
2822 3218 3172 3287 voluptatem,
3194 3216 3327 3269 dum
3351 3216 3548 3283 teipsunt
3571 3212 3700 3267 cruci:-

2225 3313 2339 3377 ris;
2367 3321 2422 3366 et
2442 3325 2628 3365 rursus
2654 3309 2721 3365 de
2747 3309 2810 3364 iis
2852 3308 2920 3363 de
2945 3308 3138 3377 quibus
3164 3307 3321 3361 doles
3342 3348 3357 3371 ,
3389 3306 3468 3360 ille
3492 3304 3645 3358 [zelatur
3674 3314 3702 3353 te

2225 3404 2520 3461 invidente.
2556 3402 2689 3458 Vide
2707 3416 2866 3472 quam
2893 3416 3083 3471 graves
3110 3399 3271 3454 nobis
3294 3402 3467 3468 plagas
3488 3394 3701 3463 inﬂigimns.

2226 3505 2281 3550 et
2305 3510 2412 3550 non
2454 3495 2738 3549 sentimus.
2769 3494 2861 3548 Est
2892 3492 3157 3546 inimicus.
3189 3489 3356 3559 Atqui
3384 3504 3472 3543 cur
3511 3481 3703 3540 iniuicns’

2227 3605 2387 3661 quam
2416 3588 2508 3643 tibi
2542 3588 2666 3643 fecit
2688 3587 2972 3656 injuriam?
3001 3584 3094 3640 sed
3123 3595 3306 3639 tamen
3333 3582 3574 3637 intmicum
3594 3577 3703 3632 reddi-

2228 3699 2350 3739 mus
2380 3681 2720 3735 illustriorem
2747 3721 2763 3746 ,
2819 3687 2874 3733 et
2904 3692 3003 3733 nos
3027 3677 3173 3747 ipsos
3201 3676 3376 3747 magis
3403 3674 3622 3745 ponimus.
3641 3669 3703 3722 lla:

2230 3790 2418 3832 rursus
2443 3789 2542 3829 nos
2580 3774 2723 3842 ipsos
2748 3772 3050 3826 eruciamus
3073 3811 3087 3835 ,
3114 3769 3160 3823 si
3188 3769 3508 3823 senserimus
3527 3763 3631 3834 quod
3656 3762 3705 3813 ille

2229 3868 2559 3938 cognoverit.
2608 3866 2739 3920 Nam
2796 3865 2885 3921 ille
2911 3864 3123 3934 quidem
3169 3864 3397 3917 (ornasse
3444 3874 3536 3914 non
3560 3858 3703 3910 iactauit.

2231 3975 2333 4015 nos
2358 3970 2534 4014 autem
2564 3966 2806 4027 putantes
2836 3973 2957 4011 eum
2990 3955 3175 4019 laetari,
3197 3969 3385 4008 rursus
3411 3947 3705 4020 proptede-

2232 4052 2424 4108 lemus.
2451 4052 2613 4105 Ccssa
2641 4065 2768 4118 ergo
2797 4048 3033 4102 invidere
3058 4065 3071 4098 :
3103 4062 3199 4101 cur
3224 4043 3426 4114 tibiipsi
3446 4040 3628 4112 imponis
3642 4038 3708 4087 wi-

2233 4144 2407 4199 ne’ra?
2437 4143 2562 4197 Hinc
2592 4143 2908 4211 cogitemus,
2937 4154 2971 4193 ο
2992 4138 3207 4203 dilecti,
3244 4152 3435 4205 nempe
3462 4135 3708 4201 άυριίαξςιθ-

2235 4252 2396 4291 ronas
2436 4250 2620 4289 eorum
2666 4232 2757 4302 qui
2799 4247 2903 4285 non
2947 4229 3230 4285 invident:
3288 4228 3465 4282 laudes
3498 4223 3648 4277 scilicet
3671 4216 3709 4265 ab

2237 4326 2565 4389 hominibus,
2589 4323 2775 4377 laudes
2795 4338 2823 4374 a
2848 4323 2977 4384 Deo,
3006 4330 3060 4374 et
3086 4319 3222 4373 mala
3248 4334 3367 4388 qua:
3388 4317 3597 4371 oriuntur
3609 4312 3707 4364 etin-

2238 4417 2377 4471 vidia
2404 4434 2419 4482 ;
2451 4428 2506 4472 et
2533 4417 2610 4469 sic
2638 4413 2801 4468 feram
2840 4412 3132 4483 poterimus
3158 4410 3513 4477 exstinguere,
3530 4413 3574 4458 et
3601 4412 3707 4453 contu

2238 4511 2349 4566 Deo
2400 4508 2620 4574 laudari,
2649 4516 2705 4562 et
2731 4508 2782 4561 in
2811 4506 2946 4560 bona
2976 4518 3095 4559 esse
3114 4501 3521 4563 existimatione,
3544 4490 3711 4550 elude!

2240 4607 2448 4676 assequi
2478 4618 2598 4674 quae
2629 4603 2663 4655 ii
2692 4615 2916 4671 quorum
2935 4607 3015 4653 est
3037 4597 3173 4651 bona
3199 4592 3515 4650 existimatio
3539 4601 3552 4641 :
3574 4586 3712 4639 lenm

2241 4698 2387 4753 enim
2444 4708 2829 4766 assequemur:
2860 4690 3002 4762 quod
3047 4690 3092 4743 si
3145 4703 3251 4742 non
3296 4694 3629 4754 assequamur.
3655 4687 3712 4723 ω·

2243 4804 2591 4859 assequemur
2619 4785 2759 4855 quod
2793 4799 2895 4837 non
2922 4781 3172 4850 expediat
3200 4795 3213 4830 :
3251 4776 3533 4847 poterimus
3554 4770 3714 4823 tamenet

2246 4883 2344 4946 sic,
2376 4897 2497 4935 cum
2528 4880 2594 4933 ad
2624 4879 2715 4933 Dei
2744 4876 2965 4946 gloriam
2998 4872 3288 4926 vixerimus
3312 4912 3331 4935 ,
3374 4869 3506 4923 bona
3548 4857 3713 4931 promissi

2247 4973 2503 5041 consequi
2536 4973 2602 5025 iis
2630 4970 2720 5039 qui
2751 4970 2922 5038 ipsum
2952 4965 3196 5034 diligunt,
3228 4963 3397 5032 gratia
3427 4951 3715 5041 etbenigniltlt

2252 5040 2458 5119 Domini
2505 5062 2675 5117 nostri
2705 5060 2829 5115 Jesu
2858 5058 3075 5119 Christi,
3108 5056 3189 5109 cui
3217 5068 3339 5108 cum
3370 5051 3518 5105 Patre
3540 5054 3583 5099 et
3597 5040 3715 5107 Spir!“

2251 5166 2436 5210 sancto
2457 5153 2643 5224 gloria,
2666 5151 2971 5220 imperium,
2998 5147 3189 5211 honor,
3218 5158 3362 5199 nunc
3378 5152 3431 5197 et
3449 5128 3718 5204 sempet‘ﬁ'!5

2253 5246 2445 5301 szecula
2476 5243 2814 5298 szcculorum.
2846 5240 3037 5294 Amen.

562 5324 3721 5383 _________________________________......

1998 5434 2341 5495 HOMILIA
2382 5430 2527 5492 XII.

562 5574 693 5631 CAP.
724 5577 778 5630 4.
801 5590 853 5627 v.
884 5573 971 5628 η.
997 5573 1203 5628 Salutat
1240 5586 1325 5623 vos
1360 5566 1631 5634 Epaphras
1654 5604 1666 5625 ,
1694 5564 1780 5633 qui
1804 5578 1866 5615 ea:
1892 5562 2027 5615 vobis
2052 5570 2147 5630 est,

643 5682 814 5721 cervus
848 5664 1036 5719 Christi
1058 5707 1073 5727 ,
1105 5678 1301 5729 semper
1327 5660 1570 5711 sollicitus
1598 5672 1689 5723 pro
1718 5655 1851 5707 vobis
1879 5654 1929 5705 in
1956 5653 2148 5705 oratio-

639 5760 786 5813 nibus
812 5803 825 5819 ,
868 5770 920 5811 ut
956 5762 1089 5812 stetis
1116 5756 1324 5825 perfecti
1351 5796 1363 5813 ,
1401 5762 1444 5804 ct
1474 5751 1607 5819 pleni
1646 5751 1695 5800 in
1736 5749 1872 5800 omni
1901 5748 2152 5799 voluntate

651 5854 759 5906 Dei.
805 5856 885 5910 15.
920 5850 1277 5904 Testimonium
1324 5849 1454 5897 enim
1486 5844 1561 5895 illi
1590 5842 1819 5912 ρειίιιὸιό
1846 5838 1979 5913 quod
2007 5839 2153 5891 habet

2327 5559 2539 5611 multum
2567 5556 2729 5609 zelum
2759 5569 2851 5623 pro
2876 5552 3033 5618 vobis,
3063 5557 3112 5604 et
3137 5564 3229 5619 pro
3248 5548 3313 5602 iis
3332 5546 3416 5615 qui
3436 5550 3538 5597 sunt
3554 5534 3725 5590 ιαοάὲεκ

2330 5660 2374 5701 et
2404 5648 2489 5717 qui
2519 5643 2806 5712 Hierapoli.
3618 5716 3621 5717 ν
3676 5712 3679 5715 Ι

2334 5743 2381 5796 1.
2414 5716 2586 5794 Etiam
2618 5738 2667 5791 in
2702 5737 2852 5790 initio
2880 5733 3147 5803 epistolae,
3180 5732 3353 5785 virum
3386 5716 3727 5782 commeth

2264 5843 2513 5898 caritate;
2546 5832 2818 5886 caritatem
2846 5837 3021 5881 autem
3061 5824 3290 5879 ostendit
3317 5862 3333 5889 ,
3365 5828 3413 5875 et
3445 5813 3563 5887 quod
3582 5802 3729 5862 huic“
