3874 6516
142 432 238 487 579

141 542 576 683 γενξῦσόκοινιυνὸς
598 547 695 617 τῆς
722 550 1146 622 εὐδοκιμήσεως,
1194 552 1364 616 δεῖξον
1398 554 1480 606 ὃτι
1534 553 1696 623 μέλος

141 635 220 683 ἐστ
333 648 382 683 ν.
852 674 859 683 .

140 635 244 685 ἐστὶ
273 635 382 687 σόν.

199 802 254 855 δ’.
285 802 393 855 Καὶ
425 802 563 863 πῶς,
598 804 797 871 φησίν,
835 805 946 873 ἐγὼ
994 805 1102 877 γάρ
1131 808 1232 861 οὐκ
1264 808 1556 881 εὐδοκιμῶ.
1605 808 1696 880 Μὴ

141 891 332 961 φθέγξῃ
358 890 486 943 ποτέ
515 892 575 944 τὸ
606 892 757 963 ῥῆμα
795 894 970 948 τοῦτο·
1028 895 1214 950 σύνελε
1241 897 1313 951 τά
1342 899 1518 971 χείλη.
1546 898 1615 952 Εἴ
1635 914 1701 966 γε

143 978 350 1049 πλησίον
379 995 480 1046 μου
508 974 575 1049 ἧς
619 982 648 1033 ό
677 979 853 1036 ταῦτα
886 982 1081 1051 λέγων,
1117 984 1365 1055 ἐπέθηκα
1389 986 1455 1040 ἂν
1484 986 1578 1040 καὶ
1601 985 1699 1057 τὴν

140 1067 283 1137 χεῖρα
318 1067 428 1127 τοῖς
468 1065 690 1136 χείλεσι,
743 1069 816 1138 μή
870 1087 999 1123 ποτε
1038 1070 1245 1142 ἀκούσῃ
1274 1072 1303 1125 ὁ
1330 1070 1542 1144 ἐχθρός.
1566 1070 1700 1124 Πολ-

141 1154 281 1216 λάκις
302 1151 436 1222 πρὸς
456 1153 718 1225 ἀλλήλους
742 1155 940 1229 ἔχθρας
973 1157 1187 1229 ἔχομεν,
1219 1159 1313 1212 καὶ
1338 1162 1451 1224 τοῖς
1488 1159 1701 1232 ἐχθροῖς

140 1240 227 1292 οὐκ
255 1239 695 1312 ἐπιδεικνύμεθα·
726 1243 803 1313 τῷ
828 1244 1058 1316 διαϐόλῳ
1085 1241 1177 1298 οῦν
1210 1246 1581 1301 ἐπιδείκνυσαι
1612 1248 1698 1305 σύ.

139 1327 221 1397 Μὴ
239 1326 398 1398 εἴπης
424 1327 602 1393 τοῦτο,
631 1328 706 1401 μὴ
753 1331 1032 1404 ἐννοήσῃς·
1056 1331 1192 1386 ἀλλά
1219 1333 1314 1386 καὶ
1363 1333 1697 1389 τούναντίον·

140 1413 302 1478 Μέλος
330 1414 480 1468 ἐστὶν
535 1416 685 1487 ἐμόν·
718 1418 798 1479 εἰς
832 1418 893 1471 τὸ
929 1419 1088 1489 σῶμα
1120 1419 1380 1474 διαϐαίνει
1406 1422 1440 1493 ὴ
1463 1421 1607 1487 δόξα.
1636 1424 1702 1476 Τί

136 1496 239 1563 οὖν,
260 1499 445 1569 φησὶν,
468 1500 550 1553 ὅτι
575 1502 624 1553 οἰ
653 1500 850 1566 ἔξωθεν
875 1502 971 1573 οὐχ
1003 1502 1145 1556 οὕτω
1173 1503 1472 1558 διάκεινται
1501 1522 1515 1568 ;
1578 1507 1703 1560 Ὅτι

140 1585 197 1636 σύ
218 1582 409 1648 αἴτιος·
446 1585 574 1638 ὅταν
612 1584 764 1639 ῐδωσί
796 1603 857 1640 σε
886 1588 1333 1660 ἀλλοτριούμενον
1382 1590 1549 1644 αὐτοῦ
1604 1592 1705 1662 τὴν

138 1671 340 1741 ἡδονὴν,
362 1672 459 1725 καὶ
483 1672 634 1725 αὐτοὶ
657 1672 1084 1745 ἀλλοτριοῦνται·
1120 1676 1196 1740 ὡς
1225 1675 1292 1730 ἀν
1348 1676 1501 1731 ἴδωσί
1542 1696 1601 1731 σε
1625 1681 1703 1732 οἰ-

138 1759 465 1830 κειούμενον,
485 1760 547 1815 οὐ
575 1761 866 1831 τολμῶσιν·
893 1764 1009 1818 ἀλλ’
1038 1765 1237 1835 ὁμοίως
1271 1759 1321 1819 εῐ
1347 1767 1441 1820 καὶ
1470 1766 1534 1819 σύ
1564 1766 1701 1838 λαμ-

140 1846 285 1914 πρός.
339 1848 449 1901 Οὐκ
502 1849 867 1921 εὐδοκίμησας
926 1852 1137 1921 λέγων,
1188 1854 1303 1908 ἀλλ’
1341 1854 1703 1925 εὐδοκίμησας

140 1929 485 2000 συνηδόμενος
520 1932 802 2002 μειζόνως.
862 1934 896 2006 ἢ
933 1938 1163 2001 ἐκεῖνος.
1212 1938 1275 1991 Εἰ
1304 1936 1412 2008 γὰρ
1438 1939 1472 2007 ἡ
1512 1940 1704 2010 ἀγάπη

138 2013 270 2081 μέγα
306 2012 399 2066 καί¹
423 2015 640 2069 πάντων
671 2016 989 2086 κεφάλαιον,
1033 2020 1098 2074 σὺ
1126 2019 1216 2074 τὸν
1246 2023 1311 2075 ἐκ
1366 2024 1566 2091 ταύτης
1585 2022 1705 2075 ἔλα-

137 2101 221 2163 ϐες
251 2102 536 2171 στέφανον·
563 2105 767 2170 ἐκεῖνος
789 2105 881 2159 τὸν
904 2108 968 2161 ἐκ
987 2108 1085 2177 τῆς
1103 2108 1411 2180 ῥητορείας,
1437 2109 1500 2162 σύ
1523 2110 1614 2163 τὸν
1640 2111 1705 2163 ὲκ

135 2189 219 2242 τοῦ
237 2191 446 2260 σφόδρα
470 2192 663 2259 φιλεῖν·
683 2194 890 2258 ἐκεῖνος
905 2195 1218 2262 ἐπεδείξατο
1241 2197 1499 2268 ῥημάτων
1530 2199 1706 2268 ἰσχὺν,

139 2278 195 2330 σύ
215 2277 301 2329 διὰ
324 2277 434 2331 τῶν
460 2278 634 2348 ἔργων
649 2280 740 2333 τὸν
756 2281 947 2350 φθόνον
972 2283 1287 2347 κατέϐαλες,
1305 2284 1583 2355 ἐπάτησας
1609 2285 1708 2357 τὴν

138 2363 451 2431 βασκανίαν.
480 2366 643 2420 Ὥστε
669 2367 894 2432 εἰκότως
915 2368 982 2422 ἂν
1012 2369 1211 2440 μᾶλλον
1265 2370 1475 2423 ἐκείνου
1509 2387 1707 2441 στεφα-

134 2451 377 2521 νωθείης·
439 2451 817 2526 λαμπρότερος
863 2457 893 2510 ὁ
942 2457 1033 2520 σὸς
1076 2457 1245 2525 ἀγών·
1284 2457 1386 2511 οὐκ
1428 2459 1709 2528 ἐπάτησας

136 2539 285 2609 μόνον
307 2537 409 2609 τὴν
433 2539 749 2611 βασκανίαν,
783 2542 919 2597 ἀλλά
952 2547 1043 2598 καὶ
1081 2544 1267 2616 ἔτερόν
1299 2563 1353 2598 τι
1381 2545 1708 2616 πεποίηκας.

147 2628 377 2690 Ἐκεῖνος
404 2628 499 2682 ἔνα
520 2629 632 2699 ἔχει
662 2630 924 2699 στέφανον
958 2632 1136 2701 μόνον,
1163 2634 1227 2685 σὺ
1249 2632 1304 2686 δὲ
1328 2632 1440 2698 δύο,
1467 2633 1559 2685 καὶ
1584 2633 1710 2697 τοὺς

132 2714 219 2767 δύο
243 2716 346 2768 τοῦ
376 2717 492 2780 ἐνὸς
536 2717 971 2787 λαμπροτέρους.
1029 2721 1222 2783 ΙΙοίους
1266 2719 1531 2786 τούτους;
1574 2720 1711 2775 Ἕνα

140 2803 226 2871 μὲν
253 2803 315 2856 ὃν
348 2805 554 2857 ἀνείλου
587 2806 729 2859 κατά
752 2806 847 2859 τοῦ
882 2806 1101 2875 φθόνου,
1131 2807 1380 2879 δεύτερον
1414 2809 1471 2862 δὲ
1505 2809 1565 2862 ὃν
1613 2810 1711 2861 ἀν-

138 2891 305 2960 εδήσω
330 2891 397 2945 ἐκ
421 2892 520 2961 τῆς
551 2892 792 2964 ἀγάπης.
817 2895 891 2947 Οὐ
910 2893 1017 2965 γάρ
1038 2895 1131 2948 τοῦ
1154 2896 1393 2967 καθαρὸν
1419 2894 1556 2950 εἶναι
1581 2896 1711 2967 φθό-

136 2996 219 3032 νου
267 2981 573 3051 τεκμήριον
610 2981 771 3049 μόνον
816 2980 880 3034 τὸ
920 2982 1266 3053 συνήδεσθαι,
1300 2983 1436 3037 ἀλλά
1487 2982 1712 3039 καὶτοῦ

135 3066 354 3137 ἀγάπην
384 3067 527 3138 ἔχειν
555 3069 953 3141 ἐρριζωμένην.
1028 3071 1251 3142 Ἐκεινῳ
1305 3071 1564 3137 πολλάκις
1616 3074 1714 3128 καὶ

137 3154 472 3225 ἀνθρώπινόν
498 3176 553 3211 τι
581 3157 841 3229 διενοχλεῖ
868 3159 1059 3225 πάθος,
1105 3154 1214 3213 οἷον
1243 3162 1277 3230 ἡ
1323 3160 1617 3228 κενοδοξία·
1647 3162 1713 3216 σύ

138 3244 193 3297 δὲ
223 3245 429 3309 παντὸς
457 3241 508 3299 εἶ
534 3245 742 3310 πάθους
767 3245 1029 3319 καθαρός·
1058 3248 1119 3301 οὐ
1158 3247 1268 3320 γάρ
1294 3248 1359 3320 δὴ
1418 3248 1714 3314 κενοδοξῶν

138 3331 347 3403 χαίρεις
366 3334 457 3386 ἐπὶ
484 3334 599 3397 τοῖς
626 3333 815 3405 ἐτέρου
853 3336 1060 3399 καλοῖς.
1115 3336 1361 3409 Ὤρθωσε
1393 3337 1493 3409 τὴν
1513 3337 1712 3409 ἐκκλη-

140 3421 253 3473 σίαν
281 3422 517 3487 ἐκεῖνος,
549 3421 670 3476 εἰπέ
693 3438 784 3493 μοι
803 3440 819 3490 ;
839 3422 1046 3496 ηὐξησε
1069 3423 1159 3480 τὸν
1191 3424 1479 3495 σύλλογον;
1506 3425 1717 3479 ἐπαίνε-

139 3526 225 3561 σον
251 3508 442 3564 πάλιν·
465 3509 608 3581 ἔχεις
634 3510 854 3575 διπλοῦς
888 3513 1015 3576 τοὺς
1039 3512 1355 3581 στεφάνους·
1392 3513 1485 3567 τὸν
1523 3513 1717 3584 φθόνον

136 3596 454 3664 κατέϐαλες,
479 3597 579 3669 τὴν
600 3599 821 3670 ἀγάπην
839 3600 1098 3671 ἀνεδήσω.
1129 3600 1239 3654 Ναὶ
1266 3599 1476 3671 δέομαι,
1506 3601 1600 3654 καὶ
1625 3601 1718 3654 ἀν-

136 3684 356 3739 τιϐολῶ.
374 3684 565 3738 Βούλει
585 3687 678 3740 καὶ
697 3685 882 3759 τρίτον
913 3686 1146 3742 ἀκοῦσαι
1177 3687 1475 3757 στέφανον;
1528 3687 1717 3741 τοῦτον

136 3776 184 3828 οἰ
216 3777 376 3831 κάτω
397 3774 683 3847 κροτοῦσιν
703 3776 1005 3846 ἄνθρωποι,
1032 3776 1092 3829 σὲ
1138 3777 1189 3831 οἰ
1215 3777 1328 3831 ἀνω
1350 3777 1591 3845 ἄγγελοι.
1640 3777 1717 3829 Οὐ

137 3863 242 3933 γάρ
270 3864 429 3916 ἐστιν
460 3862 574 3937 ἴσον
622 3862 876 3917 εὐέπειαν
905 3862 1337 3931 ἐπιδείκνυσθαι,
1379 3864 1474 3917 καὶ
1529 3862 1718 3917 παθῶν

140 3953 385 4021 κρατεῖν.
417 3942 585 4014 Οὗτος
623 3952 652 4003 ὁ
698 3949 918 4013 ἔπαινος
948 3948 1304 4021 πρόσκαιρος,
1356 3951 1560 4013 ἐκεῖνος
1589 3949 1720 4003 αἰώ-

140 4055 267 4102 νιος·
297 4032 457 4101 οὗτος
484 4037 545 4101 ἐξ
566 4038 889 4108 ἀνθρώπων,
916 4040 1122 4102 ἐκεῖνος
1155 4040 1220 4093 ἐκ
1232 4037 1388 4093 Θεοῦ·
1419 4032 1571 4101 οὗτος
1601 4036 1721 4107 φαίη-

140 4143 288 4180 νεται
315 4126 784 4195 ἐστεφανωμένος,
816 4127 881 4180 σύ
906 4126 963 4180 δὲ
998 4128 1053 4179 ἐν
1074 4127 1152 4197 τῷ
1178 4126 1402 4197 κρυπτῷ
1425 4124 1722 4196 στεφανοῦ-

146 4227 253 4274 σαι,
278 4209 414 4263 ὅπου
445 4210 474 4262 ὁ
498 4209 689 4281 Πατήρ
717 4225 811 4261 σου
839 4210 964 4279 ὁρᾷ.
990 4210 1053 4262 Εἰ
1079 4210 1142 4262 τὸ
1164 4210 1322 4281 σῶμα
1347 4209 1722 4280 ἀποσχίσαντα

145 4293 242 4365 τὴν
268 4293 501 4347 ἑκάστου
540 4292 718 4363 ψυχὴν
746 4287 815 4364 ἦν
857 4293 1005 4357 ἰδεῖν,
1058 4292 1235 4357 ἔδειξα
1279 4293 1344 4347 ἄν
1394 4311 1480 4347 σοι
1530 4293 1719 4347 τοῦτον

146 4376 357 4430 ἐκείνου
384 4377 727 4448 σεμνότερον,
754 4375 955 4447 μᾶλλον
986 4375 1400 4432 ἀποστίλϐοντα.
1455 4378 1721 4445 Πατήσω-

157 4474 256 4525 μεν
302 4458 374 4511 τὰ
424 4460 623 4531 κέντρα
672 4459 772 4529 τῆς
810 4458 1133 4530 βασκανίας,
1192 4461 1418 4524 ἐαυτούς
1474 4459 1722 4514 ἐντεῦθεν

154 4540 469 4613 ὼφελοῦμεν
496 4543 793 4615 ἀγαπητοὶ,
824 4543 978 4597 αὐτοὶ
1025 4542 1403 4615 ἀναδησόμεθα
1454 4542 1543 4597 τὸν
1600 4544 1727 4595 στέ-

156 4639 343 4693 φανον.

234 4750 293 4803 Ὀ
318 4750 643 4821 βασκαινων,
671 4751 750 4822 τῷ
773 4752 893 4823 Θεῷ
944 4753 1197 4823 μάχεται,
1224 4751 1323 4805 οὐκ
1363 4751 1573 4819 ἐκείνῳ·
1597 4752 1726 4805 ὅταν

148 4834 259 4905 γάρ
288 4834 375 4908 ίδῃ
389 4836 551 4905 χάριν
578 4836 789 4906 ἔχοντα,
818 4838 914 4889 καὶ
937 4836 1097 4908 ἀλγῇ,
1126 4835 1223 4890 καὶ
1251 4834 1505 4906 βούληται
1534 4834 1723 4887 καθαι-

150 4918 365 4987 ρεῖσθαι
390 4919 491 4990 τὴν
540 4919 896 4992 Ἐκκλησίαν,
943 4920 1044 4974 οὐκ
1070 4920 1262 4991 ἐκείνῳ
1294 4918 1444 4991 [411]
1469 4919 1723 4990 μάχεται,

953 435 1017 489 1N
1059 423 1273 493 ιξῑιιετ.
1314 437 1404 491 AD
1436 424 1722 495 coLoss.
1755 439 1912 497 CAP.
1948 439 2041 497 1v.
2084 438 2318 496 HOMIL.
2360 438 2479 495 xu.

3264 432 3372 491 380

1802 555 1939 609 ἀλλά
1955 555 2033 625 τῷ
2055 552 2194 625 Θεῷ.
2221 552 2354 606 Εἰπέ
2378 552 2485 622 γάρ
2508 568 2615 623 μοι,
2647 550 2697 603 εἴ
2723 566 2805 612 τις
2841 548 3007 619 κόρην
3039 546 3375 612 ἐκαλλώπιζε

1804 642 2110 712 βασιλέως,
2166 641 2262 694 καὶ
2312 639 2589 709 εὐδοκίμει
2652 636 3009 700 καλλωπίζων
3060 636 3231 705 αὐτὴν
3282 637 3378 690 καὶ

1803 727 2006 798 σεμνὴν
2035 725 2421 796 ἐργαζόμενος,
2469 723 2655 794 ἔτερος
2682 721 2740 775 δέ
2782 738 2868 784 τις
2900 718 3149 773 ἐϐούλετο
3172 720 3378 787 ταύτην

1800 811 2201 881 ἀσχημονῆσαι,
2226 808 2320 862 καὶ
2348 807 2422 879 μὴ
2453 807 2751 876 δυνηθῆναι
2779 805 3143 865 καλλωπίσαι,
3171 804 3278 856 τίνι
3312 803 3379 856 ἂν

1800 894 2186 957 ἐπεϐούλευσε,
2218 891 2391 960 τούτῳ
2411 892 2445 961 ἢ
2480 890 2666 961 ἐκείνῃ
2691 889 2786 942 καὶ
2814 887 2892 959 τῷ
2929 889 3133 957 ταύτης
3167 886 3335 957 πατρί
3362 902 3377 951 ;

1803 980 1959 1031 υῦτω
1984 977 2078 1029 καὶ
2100 976 2195 1029 νῦν
2236 977 2299 1031 σύ
2347 977 2375 1027 ὁ
2408 972 2715 1044 βασκαίνων
2771 972 2919 1044 μάχῃ
2958 972 3026 1042 τῇ
3062 969 3379 1041 Ἐκκλησία,

1801 1060 1881 1132 τῷ
1947 1059 2068 1130 Θεῷ
2129 1059 2406 1128 πολεμεῖς.
2478 1056 2695 1127 Ἐπειδὴ
2739 1056 2848 1124 γὰρ
2896 1058 2963 1125 τῇ
3034 1054 3382 1124 εὐδοκιμήσει

1801 1143 1896 1198 τοῦ
1946 1142 2177 1212 ἀδελφοῦ
2215 1138 2631 1212 συμπέπλεκται
2678 1139 2772 1192 καὶ
2821 1139 2854 1208 ἡ
2902 1137 3001 1207 τῆς
3058 1136 3385 1205 Ἐκκλησίας

1803 1226 2062 1296 ὠφέλεια,
2095 1224 2332 1295 ἀνάγκη,
2374 1222 2577 1293 ταύτης
2636 1221 3069 1291 καταλυομένης,
3123 1219 3385 1287 κάκείνην

1806 1309 2189 1365 καταλύεσθαι·
2241 1308 2382 1361 ὥστε
2434 1305 2581 1359 κατὰ
2622 1305 2821 1369 τοῦτο,
2888 1303 3049 1375 ἔργον
3097 1302 3387 1356 σατανικδν

1805 1396 1997 1457 ποιεῖς,
2030 1391 2396 1445 ἐπιϐουλεύων
2433 1388 2512 1460 τῷ
2559 1388 2770 1458 σώματι
2810 1387 2907 1441 τοῦ
2936 1385 3194 1457 Χριστοῦ.
3241 1385 3388 1456 Πρὸς

1804 1477 1991 1531 τοῦτον
2074 1477 2259 1545 ἀλγεῖς
2292 1475 2383 1528 τὸν
2410 1473 2560 1527 οὐδὲν
2584 1472 2905 1543 ἠδικηκότα,
2956 1470 3137 1541 πολλῷ
3163 1470 3221 1523 δὲ
3252 1469 3387 1539 μᾶλ-

1804 1559 1895 1613 λον
1929 1559 2067 1632 πρὸς
2095 1559 2186 1612 τὸν
2211 1558 2468 1629 Χριστόν.
2511 1557 2578 1609 Τί
2604 1572 2665 1609 σε
2687 1555 2966 1627 ἠδίκησεν,
2997 1555 3079 1608 ὃτι
3097 1553 3198 1606 οὐκ
3219 1552 3388 1622 ἀφίης

1804 1643 1867 1697 τὸ
1889 1643 2049 1713 σῶμα
2077 1640 2243 1696 αὐτοῦ
2292 1639 2739 1710 καλλωπισθῆναι
2778 1638 2857 1708 τῷ
2887 1637 3106 1701 κάλλει;
3163 1637 3246 1688 ὃτι
3286 1634 3389 1688 οὐκ

1806 1726 1973 1796 ἀφίης
1997 1724 2095 1795 τὴν
2119 1723 2338 1795 νύμφην
2361 1722 2704 1793 κοσμηθῆναι
2732 1739 2748 1787 ;
2777 1721 2886 1774 Θέα
2904 1720 2961 1774 δέ
2989 1736 3079 1791 μοι
3097 1718 3193 1788 τὴν
3218 1735 3390 1788 τιμω-

1810 1810 1953 1881 ρίαν,
1995 1808 2117 1879 ὃση·
2146 1807 2285 1870 Τοὺς
2333 1807 2561 1877 ἐχθροὺς
2599 1802 2912 1875 εὐφραίνεις
2959 1802 3085 1865 τοὺς
3116 1801 3263 1865 σούς,
3293 1799 3389 1853 καὶ

1809 1891 1969 1946 αὐτὸν
1999 1892 2205 1945 ἐκεῖνον
2236 1890 2326 1943 τὸν
2369 1886 2782 1958 εὐδοκιμοῦντα,
2831 1886 2890 1939 ὃν
2917 1885 3095 1955 βούλει
3146 1883 3388 1951 λυπῆσαι

1809 1976 2041 2044 φθονῶν,
2072 1975 2271 2047 μᾶλλον
2306 1974 2465 2027 αὐτὸν
2509 1972 2840 2043 εὐφραίνεις,
2872 1970 3070 2041 μᾶλλον
3102 1968 3388 2033 δεικνύεις,

1809 2067 1892 2120 ὅτι
1937 2063 2275 2137 ηὐδοκίμησε
2308 2059 2639 2133 βασκαίνων·
2682 2059 2743 2113 οὐ
2787 2060 2896 2130 γάρ
2944 2057 3011 2112 ἂν
3058 2057 3386 2137 ἐϐάσκηνας·

1814 2136 2012 2220 μᾶλλον
2057 2146 2320 2209 δεικνύεις
2371 2147 2454 2200 ὅτι
2502 2147 2738 2217 τιμωρῇ.
2785 2141 3119 2213 Αἰσχύνομαι
3174 2141 3273 2211 μὲν
3296 2136 3392 2194 οὖν

1810 2232 1919 2287 ἀπὸ
1949 2232 2156 2286 τούτων
2219 2230 2566 2301 προτρέπων·
2620 2229 2764 2297 πλὴν
2812 2226 2927 2279 ἀλλ’
2980 2224 3167 2295 ἐπειδὴ
3218 2222 3390 2295 οῦτως

1813 2316 2056 2379 ἀσθενῶς
2106 2313 2448 2384 διακείμεθα,
2508 2313 2601 2366 καὶ
2632 2309 2959 2365 ἀπὸτούτων
3012 2307 3391 2369 παιδευθέντες

1812 2398 1908 2452 τοῦ
1938 2398 2182 2469 ὀλεθρίου
2241 2398 2431 2451 τούτου
2459 2394 2664 2459 πάθους
2715 2390 3140 2463 ἀπαλλαγῶμεν.
3182 2391 3392 2459 Ἀλγεῖς

1813 2482 1894 2535 ὅτι.
1929 2482 2295 2553 ηὐδοκίμησε;
2325 2479 2375 2531 τί
2404 2474 2497 2532 οὖν
2518 2478 2615 2549 τὴν
2646 2477 2995 2547 εὐδοκίμησιν
3042 2473 3207 2529 αὐτοῦ
3236 2473 3391 2527 ἐπαί-

1816 2582 1931 2636 ρεις
1969 2564 2213 2634 φθονῶν;
2250 2562 2440 2616 Βούλει
2473 2561 2633 2615 αὐτὸν
2686 2560 3144 2631 τιμωρήσασθαι;
3181 2558 3245 2609 Τί
3299 2553 3392 2609 οὖν

1814 2648 2080 2711 δεικνύεις
2130 2648 2212 2700 ὅτι
2241 2646 2425 2714 ἀλγεῖς
2457 2662 2472 2712 ;
2538 2645 2590 2697 τί
2615 2642 2886 2714 τιμωρίαν
2923 2641 3119 2696 σαυτὸν
3142 2641 3394 2703 ἀπαιτεῖς

1817 2731 2125 2802 ἔμπροσθεν
2151 2728 2365 2793 τούτου,
2398 2728 2457 2783 ὃν
2499 2718 2679 2798 βούλει
2722 2727 2797 2797 μὴ
2832 2725 3142 2795 εὐδοκιμεῖν
3171 2741 3185 2790 ;
3222 2723 3395 2790 Διπλῆ

1816 2816 2001 2869 λοιπὸν
2027 2815 2178 2868 ἔσται
2206 2816 2239 2885 ἡ
2296 2813 2457 2884 ἡδονὴ
2493 2812 2668 2883 τούτῳ
2698 2812 2793 2865 καλ¹
2828 2809 2912 2863 σολ⁸
2942 2811 2975 2880 ὴ
3013 2807 3276 2880 τιμωρία,
3332 2809 3395 2861 οὐ

1821 2899 1981 2969 μόνον
2029 2898 2112 2952 ὅτι
2152 2898 2327 2967 μέγαν
2362 2896 2627 2958 δεικνύεις
2654 2894 2836 2960 αὐτὸν,
2888 2892 3004 2946 ἀλλ’
3039 2894 3121 2946 ὅτι
3154 2893 3249 2945 καλ.
3282 2892 3396 2944 ἐτέ-

1822 2998 1922 3053 ραν
1976 2980 2125 3052 αὐτῷ
2168 2981 2433 3043 ἐντίκτεις
2483 2978 2676 3049 ἡδονὴν
2727 2977 3143 3049 τιμωρούμενος
3177 2976 3391 3029 σαυτόν·

1820 3065 1915 3117 καὶ
1945 3064 2106 3118 πάλιν
2130 3064 2267 3135 ὐπέρ
2295 3058 2369 3116 ὧν
2401 3062 2606 3131 ἀλγεῖς,
2641 3063 2847 3125 ἐκεῖνος
2888 3061 3098 3131 ἥδεται,
3134 3060 3228 3112 σοῦ
3264 3058 3395 3127 φθο-

1815 3147 2204 3217 νοῦντος.”ορα
2238 3146 2355 3209 πῶς
2376 3144 2592 3217 πληγὰς
2625 3144 2868 3215 χαλεπάς
2884 3146 3096 3206 ἑαυτοῖς
3124 3142 3395 3211 διδόαμεν,

1816 3230 1911 3284 καὶ
1935 3232 2035 3285 οὐκ
2066 3230 2457 3300 αἰσθανόμεθα.
2512 3229 2651 3282 Ἀλλ’
2679 3229 2873 3300 ἐχθρός
2912 3231 3053 3283 ἐστι.
3088 3227 3283 3280 Καίτοι
3333 3242 3396 3293 γε

1813 3320 1902 3375 διὰ
1932 3324 1986 3375 τί
2016 3321 2239 3393 ἐχθρός;
2266 3321 2333 3375 Τί
2360 3322 2619 3393 ἠδίκησεν
2644 3339 2660 3389 ;
2727 3321 2867 3376 Ἀλλ’
2902 3322 3053 3392 ὅμως
3084 3320 3176 3373 τὸν
3201 3319 3400 3391 ἐχθρὸν

1814 3413 2193 3487 λαμπρότερον
2221 3415 2505 3486 ποιοῦμεν,
2531 3414 2627 3468 καὶ
2650 3416 2801 3486 ἡμᾶς
2821 3414 3019 3478 αὐτοὺς
3047 3412 3210 3466 πλέον
3240 3412 3398 3465 κολά-

1815 3498 1981 3568 ζομεν
2006 3499 2199 3571 τούτῳ.
2235 3499 2403 3553 Πάλιν
2432 3500 2658 3563 ἐαυτούς
2682 3497 3093 3571 τιμωρούμεθα,
3114 3496 3179 3549 ἀν
3199 3495 3400 3549 αἰσθὼ-

1819 3582 1960 3653 μεθα
1990 3584 2072 3637 ὅτι
2125 3582 2267 3651 ἔγνω
2300 3584 2527 3646 ἐκεῖνος.
2580 3583 2739 3646 Ἰσως
2790 3583 2889 3654 μὲν
2919 3581 3029 3653 γὰρ
3062 3582 3270 3643 ἐκεῖνος
3301 3581 3399 3649 οὐχ

1816 3666 2027 3737 ἥδεται·
2060 3666 2220 3737 ἡμεῖς
2261 3666 2319 3720 δε
2345 3666 2658 3737 νομίζοντες
2686 3666 2771 3719 ὅτι
2817 3666 3028 3737 ἥδεται,
3089 3663 3255 3717 πάλιν
3312 3662 3401 3714 διὰ

1816 3749 1976 3802 τοῦτο
2010 3749 2304 3820 ἀλγοῦμεν.
2357 3749 2566 3804 Οὐκοῦν
2615 3750 2820 3803 παῦσαι
2851 3749 3081 3820 φθονῶν·
3146 3747 3199 3801 τί
3231 3746 3398 3816 τραύ-

1821 3850 1966 3905 ματα
2027 3833 2206 3903 ἑαυτῷ
2264 3834 2553 3903 παρέχεις;
2594 3833 2782 3887 Ταῦτα
2839 3835 3201 3903 ἐννοήσωμεν,
3260 3832 3399 3898 ἀγα-

1818 3918 2002 3989 πητοί,
2034 3918 2157 3982 τούς
2175 3919 2473 3987 στεφάνους
2491 3919 2618 3981 τοὺς
2647 3917 2867 3981 διπλοῦς
2895 3918 3003 3970 τῶν
3035 3916 3111 3987 μὴ
3141 3914 3398 3984 φθονούν-

1816 4021 1946 4067 των,
1974 4003 2100 4066 τούς
2137 4003 2393 4065 ἐπαίνους
2408 4003 2532 4065 τοὺς
2555 4001 2706 4072 παρά
2738 4000 3063 4072 ἀνθρώπων,
3093 3999 3221 4063 τούς
3250 4000 3401 4067 ποιρά

1818 4085 1977 4153 Θεοῦ,
2005 4087 2075 4140 τὰ
2120 4086 2265 4141 κακά
2328 4086 2398 4140 τὰ
2457 4086 2567 4139 ἀπὸ
2602 4087 2701 4156 τῆς
2731 4083 3051 4155 βασκανίας·
3110 4083 3207 4137 καὶ
3258 4081 3402 4137 οὕτω

1818 4169 2157 4241 δυνησόμεθα
2180 4169 2374 4224 σϐέσαι
2421 4168 2493 4241 τὸς
2517 4168 2726 4242 θηρίον,
2754 4169 2851 4221 καὶ
2896 4168 3251 4238 εὐδοκιμῆσαι
3299 4165 3401 4235 ἔμ-

1819 4253 2056 4326 προσθεν
2083 4254 2180 4306 τοῦ
2208 4252 2366 4321 Θεοῦ,
2398 4253 2492 4307 καὶ
2519 4252 2628 4306 τῶν
2655 4251 2832 4306 αὐτῶν
2859 4253 3043 4321 τυχεῖν
3088 4252 3199 4312 τοῖς
3251 4249 3401 4302 εὐδο-

1821 4337 2065 4407 κιμοῦσι.
2101 4338 2416 4408 Τευξόμεθα
2436 4336 2547 4410 γὰρ
2570 4338 2723 4400 ἴσως·
2779 4334 2881 4389 κᾶν
2916 4334 2989 4406 μὴ
3018 4333 3272 4403 τύχωμεν
3321 4331 3399 4397 δὲ,

1822 4420 1913 4475 διὰ
1931 4424 1992 4474 τὸ
2014 4419 2289 4492 συμφέρον
2312 4421 2392 4474 οὐ
2420 4418 2737 4488 τευξόμεθα·
2765 4417 2905 4489 πλὴν
2947 4417 3041 4470 καὶ
3075 4415 3217 4469 οὓτω
3244 4414 3401 4484 δυνη-

1826 4504 2029 4573 σόμεθα
2053 4505 2132 4567 εἰς
2159 4503 2315 4567 δόξαν
2351 4502 2485 4556 Θεοῦ
2519 4502 2805 4573 ζήσαντες,
2840 4500 2949 4553 τῶν
2978 4497 3403 4571 ἐπηγγελμένων

1826 4587 2046 4655 ἀγαθῶν
2075 4588 2188 4650 τοῖς
2219 4586 2504 4654 ἀγαπῶσιν
2531 4584 2693 4639 αὐτὸν
2724 4585 2926 4653 τυχεῖν,
2955 4582 3137 4655 χάριτι
3158 4579 3252 4633 καὶ
3283 4580 3403 4648 φιλ-

1827 4670 2112 4742 ανθρωπίᾳ
2146 4670 2241 4722 τοῦ
2290 4669 2494 4739 Κυρίου
2520 4667 2677 4739 ἡμῶν
2728 4665 2905 4737 Ἰησοῦ
2950 4663 3224 4736 Χριστοῦ,
3282 4663 3403 4732 μεθ’

1828 4748 1888 4809 οὗ
1906 4752 1983 4824 τῷ
2012 4752 2185 4823 Πατρὶ
2206 4753 2323 4823 ἆμα
2366 4751 2443 4823 τῷ
2476 4751 2618 4822 ἁγίῳ
2666 4748 2947 4820 Πνεύματι
2979 4748 3139 4815 δόξα,
3181 4747 3400 4818 κράτος,

1828 4838 1983 4907 τιμὴ,
2015 4834 2110 4889 νῦν
2131 4836 2224 4891 καὶ
2271 4836 2377 4898 ἀεὶ,
2407 4836 2501 4889 καὶ
2537 4837 2617 4899 εἰς
2642 4834 2770 4897 τοὺς
2790 4832 2993 4897 αἰῶνας
3036 4831 3145 4887 τῶν
3170 4829 3403 4884 αἰώνων.

1846 4920 2036 4991 Ἀμήν.

1580 5390 1727 5464 [ne]
1772 5394 2018 5449 OMIAIA
2059 5396 2163 5449 ω’.

159 5571 523 5632 Ἀσπάζεται
561 5572 719 5644 ὑμᾶς
764 5574 1067 5644 Ἐπαφρᾶς
1111 5578 1145 5629 ό
1193 5575 1263 5639 ἐξ
1303 5574 1468 5641 ὑμῶν
1515 5574 1731 5641 δοῦλος

219 5643 513 5724 Χριστοῦ.
555 5643 808 5724 πάντρτε
845 5643 1266 5724 ἀγωνιζόμενος
1284 5645 1448 5724 ,ὐπὲρ
1473 5645 1639 5724 ὐμῷν
1662 5646 1732 5699 ἐν

220 5714 364 5777 ταῖς
394 5714 757 5783 προσευχαῖς
796 5754 810 5779 ,
849 5716 949 5769 ἵνα
995 5714 1182 5783 στῆτε
1234 5715 1449 5773 τέλειοι
1493 5715 1591 5769 καί
1628 5730 1730 5783 ατε-

222 5780 743 5864 ετειηρωμένοιήὲις
799 5780 1324 5864 παττίηθέλῄμᾳτι
1392 5786 1499 5864 τοῦ
1559 5780 1725 5864 θεοῦ.

225 5854 528 5923 Μαρτυρῶ
550 5854 658 5922 γὰρ
674 5855 854 5921 αὐτῷ,
885 5855 971 5909 ὅτι
1000 5856 1119 5925 ἔχει
1144 5854 1325 5935 ζῆλον
1358 5856 1552 5910 πολὺν
1577 5854 1725 5923 ὑπὲρ

1908 5578 2094 5704 ὑιέῗέ,
2115 5578 2210 5634 καί
2235 5578 2438 5633 τῶνέν
2466 5576 2804 5642 Λαοδικείᾳ,
2842 5577 2939 5629 καὶ
2971 5574 3088 5629 τῶν
3120 5575 3189 5629 ἐν
3220 5577 3403 5644 Ἱερα-

1908 5664 1951 5702 π
2062 5667 2101 5702 ι.

1906 5664 2101 5702 πόλει.

1903 5775 1972 5821 α’.
1989 5768 2098 5821 Καὶ
2115 5766 2411 5836 ἀρχόμενος
2426 5765 2524 5836 τῆς
2538 5766 2876 5837 Ἐπιστολῆς,
2894 5765 3187 5837 συνέστησε
3204 5766 3295 5819 τὸν
3309 5766 3405 5821 ἀν-

1835 5856 1935 5926 δρα
1958 5854 2063 5907 άπὸ
2078 5854 2319 5922 ἀγάπης·
2349 5852 2568 5923 ἀγάπην
2588 5854 2641 5906 δὲ
2667 5854 2902 5908 δείκνυσι
2924 5853 3098 5911 καὶτὸ
3120 5855 3397 5924 ἐγκωμιά-
