4032 6508
206 457 337 513 38Ιῖ

206 579 359 641 quod
404 568 616 640 quidem
656 565 790 621 dixit
828 563 895 618 ab
933 562 1082 616 initio
1106 601 1121 621 .
1154 561 1252 622 Qui
1276 561 1426 614 etiam
1452 559 1788 628 manifestavit

208 664 361 716 nobis
387 661 647 713 caritatem
672 665 885 711 vestram
908 655 962 708 in
986 653 1165 709 spiritu
1195 649 1325 711 (Col.
1362 650 1413 703 1.
1443 647 1520 719 8).
1544 648 1791 703 Dilectio-

210 772 339 807 nvni
363 750 597 805 ostendit
626 757 680 803 ct
706 746 990 800 amabilem
1013 742 1208 801 reddit.
1230 740 1368 809 quod
1397 756 1492 809 pro
1517 739 1633 792 aliis
1652 747 1788 791 oret.

212 849 397 915 Ipsum
428 855 605 899 autem
645 837 1016 895 commendat.
1044 835 1288 895 aperiens
1325 833 1517 887 ostium
1545 845 1793 885 sermone

210 939 337 1006 ejus
369 936 515 1005 (nam
544 932 683 1001 quod
713 927 1035 984 reverendus
1063 926 1132 979 sit
1162 925 1439 994 magister,
1470 922 1520 976 id
1550 932 1633 976 est
1663 922 1793 976 utile

209 1025 530 1094 discipulo),
560 1035 608 1077 et
634 1036 816 1076 rursus
834 1018 974 1089 quod
995 1016 1211 1079 dixerit,
1242 1014 1326 1067 Ea:
1350 1013 1483 1068 vobis
1502 1053 1517 1075 .
1548 1020 1606 1065 ut
1632 1011 1791 1064 etiam

208 1122 282 1175 de
312 1122 427 1172 viro
461 1116 794 1187 glorientur,
824 1120 881 1164 ut
908 1109 994 1178 qui
1027 1108 1160 1161 tales
1180 1106 1325 1160 viros
1351 1103 1540 1159 ferant.
1574 1100 1637 1154 Et
1663 1116 1792 1154 sem-

209 1233 326 1284 per,
363 1210 576 1279 inquit,
605 1207 848 1262 sollicitus
896 1219 988 1271 pro
1030 1200 1166 1253 vobis
1209 1199 1262 1252 in
1306 1193 1632 1251 orationibus.
1678 1192 1794 1294 Non

210 1308 394 1359 solqu
427 1302 582 1365 dixit,
612 1301 783 1353 Urans
805 1336 821 1359 ,
864 1295 953 1349 sed
983 1335 998 1356 .
1040 1290 1303 1344 Sollicitus
1324 1329 1341 1352 ,
1373 1298 1606 1341 tremens
1643 1294 1695 1337 ει
1725 1290 1793 1337 ti-

210 1411 398 1450 mens.
431 1391 795 1446 Testimonium
822 1402 975 1446 enim,
1019 1383 1183 1450 inquit
1211 1422 1226 1442 ,
1271 1380 1342 1432 illi
1388 1376 1618 1445 perhibeo
1661 1373 1793 1441 quod

210 1490 365 1540 habet
394 1484 608 1538 multant
642 1479 805 1533 zelum
833 1491 922 1543 pro
948 1473 1103 1527 vobis.
1151 1472 1241 1524 Est
1280 1469 1429 1521 ιεΛὶε
1459 1468 1557 1519 ﬁde
1583 1464 1791 1533 dignus.

212 1577 482 1645 Quoniam
511 1572 675 1631 habet,
710 1567 913 1636 inquit,
939 1562 1148 1616 multum
1176 1558 1339 1612 zelum
1365 1572 1459 1626 pro
1496 1555 1651 1608 vobis.
1685 1552 1797 1607 Hoc

208 1679 319 1733 est,
356 1666 468 1721 Vos
494 1662 645 1718 valde
674 1659 841 1723 diligit
868 1668 923 1709 et
964 1667 1153 1723 magno
1184 1650 1341 1705 veSIri
1379 1649 1563 1717 ﬂagrat
1592 1659 1793 1699 amore.

213 1758 285 1812 Et
319 1773 421 1828 pro
450 1756 511 1808 iis
553 1752 638 1821 qui
678 1758 794 1804 sunt
827 1744 1127 1835 Laodicew,
1172 1752 1217 1835 et
1246 1742 1330 1811 qui
1359 1736 1642 1835 Hierapoli.
1689 1736 1796 1835 Illis

208 1864 442 1920 quoque
468 1860 590 1900 eum
616 1838 976 1897 commendat.
1024 1833 1130 1889 Sed
1174 1833 1272 1885 hoc
1322 1830 1460 1884 unde
1497 1836 1647 1882 erant
1688 1830 1794 1920 sci-

212 1919 323 1999 turi
349 1943 375 1995 ?
407 1935 704 1994 Verisimile
749 1942 828 1987 est
870 1930 991 1983 illos
1032 1927 1332 1989 audivisse;
1360 1922 1451 1977 sed
1483 1922 1643 1977 etiam
1670 1919 1794 1973 dum

208 2032 450 2105 epistola
478 2031 743 2098 legeretur
770 2022 1062 2077 discebant.
1113 2016 1288 2070 Facite
1322 2015 1494 2079 enim,
1526 2011 1713 2105 inquit,
1731 2021 1796 2105 _u_t

208 2100 263 2181 εἰ
297 2127 361 2179 in
402 2118 788 2177 Laodicensium
832 2112 1059 2166 Ecclesia
1101 2111 1294 2179 legatur
1324 2106 1455 2178 (Col.
1498 2106 1551 2159 t.
1586 2100 1796 2175 16).οι

209 2220 382 2283 stetis,
412 2216 598 2283 inquit,
629 2208 855 2279 perfecti.
899 2203 1071 2259 Simul
1111 2211 1165 2256 et
1193 2216 1286 2255 eos
1317 2196 1659 2267 reprehendit
1680 2237 1696 2260 ,
1742 2204 1798 2249 et

212 2326 320 2366 non
356 2306 553 2362 acerbe
580 2319 671 2357 eos
696 2300 947 2354 admonet
966 2304 1022 2351 et
1046 2293 1327 2348 consilium
1345 2290 1455 2344 dat.
1486 2288 1624 2343 Fieri
1653 2288 1793 2341 enim

212 2409 399 2472 ικιιεει
425 2406 482 2450 ιιι
509 2406 563 2449 ει.
588 2391 848 2463 quispiam
883 2387 953 2442 sit
981 2384 1249 2456 perfectus
1276 2392 1331 2436 et
1360 2395 1464 2434 non
1494 2387 1600 2472 stet
1626 2393 1641 2442 ;
1672 2388 1725 2430 ιιι
1750 2375 1795 2429 si

209 2470 337 2562 quis
361 2489 540 2543 omnia
569 2484 796 2546 noverit,
825 2480 995 2535 adhuc
1015 2486 1192 2531 autem
1226 2472 1470 2528 vacillet:
1491 2470 1602 2524 ﬁeri
1625 2476 1794 2570 petest

210 2585 383 2637 etiam
414 2589 473 2633 ut
499 2592 604 2632 non
630 2575 700 2628 sit
737 2573 1001 2642 perfectus
1024 2609 1041 2632 ,
1074 2580 1173 2620 nec
1196 2564 1483 2626 consistat;
1524 2568 1580 2613 ut
1605 2564 1649 2612 si
1678 2564 1797 2627 quis

209 2676 357 2730 sciat
398 2669 616 2740 quidem
660 2672 865 2735 partem
893 2702 909 2727 ,
959 2674 1056 2713 nec
1108 2665 1212 2711 stet
1262 2654 1503 2707 ﬁrmiter.
1559 2650 1664 2704 Sed
1712 2648 1797 2703 hic

211 2775 506 2832 utrumque
531 2766 697 2828 optat,
733 2753 800 2809 Ut
828 2751 986 2815 stetis,
1019 2747 1204 2817 inquit,
1235 2744 1458 2814 perfecti.
1501 2741 1634 2795 Vide
1662 2755 1796 2811 quo-

212 2854 384 2910 modo
411 2866 506 2907 eos
534 2859 717 2904 rursus
739 2840 1075 2898 admonuerit
1111 2836 1370 2891 sermonis
1395 2834 1462 2888 de
1491 2833 1712 2902 angelis,
1743 2839 1793 2886 et

210 2949 277 3004 de
299 2946 437 2999 vita.
482 2939 549 2995 Et
581 2938 749 3009 pleni,
778 2934 946 3004 inquit
972 2973 986 2995 ,
1012 2932 1066 2984 in
1090 2930 1226 2983 omni
1251 2927 1504 2981 voluntate
1529 2922 1647 2978 Dei.
1680 2922 1795 2977 Non

211 3041 364 3095 enim
392 3034 566 3089 solum
597 3028 793 3084 sufﬁcit
818 3026 992 3080 facere
1022 3022 1110 3076 Dei
1148 3020 1495 3075 voluntatem.
1524 3016 1620 3070 Cui
1650 3016 1797 3069 enim

210 3141 292 3188 est
325 3129 486 3199 plene
531 3122 730 3192 aliquid
777 3131 1084 3189 persuasum
1108 3155 1122 3180 ,
1167 3129 1270 3166 non
1311 3112 1437 3166 sinit
1461 3110 1619 3163 aliam
1657 3108 1708 3162 in
1737 3122 1796 3162 se

210 3239 343 3280 esse
365 3222 691 3275 voluntatem
726 3232 737 3267 :
767 3211 960 3280 alioqui
1003 3223 1107 3262 non
1155 3204 1307 3275 plene
1346 3216 1652 3273 persuasum
1700 3200 1796 3253 ha-

212 3321 395 3374 beret.
428 3309 814 3369 Testimonium,
849 3303 1051 3372 inquit,
1082 3299 1159 3353 illi
1185 3297 1418 3366 perhibeo
1440 3336 1454 3358 ,
1491 3293 1630 3363 quod
1652 3293 1798 3346 habet

212 3410 438 3463 multum
464 3404 646 3457 zelum.
675 3399 740 3453 Et
765 3395 961 3456 zelum,
991 3400 1046 3447 et
1088 3389 1308 3443 multum
1336 3404 1350 3453 ;
1380 3395 1661 3453 utrumque
1698 3399 1794 3436 au-

212 3512 305 3574 get
336 3511 393 3555 et
417 3494 706 3566 ampliﬁcat
737 3512 749 3546 :
780 3488 916 3543 sicut
939 3494 994 3539 et
1015 3484 1127 3553 ipse
1155 3480 1301 3543 dicit,
1328 3477 1569 3574 scribens
1689 3473 1796 3574 (io-

215 3565 453 3649 ;inthios
480 3565 770 3641 :izEmulor
798 3578 929 3632 enim
952 3592 1037 3628 vos
1063 3573 1157 3627 Dei
1177 3571 1285 3624 zelo
1317 3568 1392 3639 (2.
1433 3566 1551 3622 Cor.
1596 3567 1683 3619 ll.
1710 3565 1793 3633 2).

216 3688 309 3742 Η.
344 3681 549 3739 Salutat
575 3691 658 3729 vos
685 3672 850 3726 Lucas
880 3666 1102 3721 medicus
1136 3660 1446 3715 carissimus.
1481 3656 1575 3710 IIic
1598 3664 1679 3710 est
1709 3655 1798 3708 ille

215 3774 580 3844 evangelista.
609 3767 724 3823 Non
767 3778 892 3819 eum
929 3768 1111 3814 autem
1140 3754 1445 3824 deprimens
1485 3752 1633 3819 ponit
1676 3750 1796 3803 ulti-

218 3886 402 3929 nuun.
430 3865 523 3921 sed
557 3864 700 3917 illum
742 3855 990 3919 extollit,
1019 3848 1339 3919 Epaphratn.
1380 3844 1678 3899 Verisimile
1717 3851 1800 3897 est

218 3965 393 4019 fuisse
419 3959 577 4013 etiam
604 3953 737 4006 alios
760 3948 848 4017 qui
878 3948 1193 3999 vocarentur
1224 3939 1325 3992 hoc
1351 3936 1584 3991 nomine.
1611 3932 1677 3987 Et
1697 3933 1800 3987 De-

220 4070 355 4106 mas.
385 4048 520 4103 Cum
538 4043 780 4105 dixisset,
797 4037 1000 4093 Salutat
1024 4048 1107 4087 vos
1126 4029 1289 4083 Lucas
1314 4028 1557 4090 medicus,
1583 4026 1797 4094 adjecit,

220 4142 550 4199 Curissimus.
583 4134 697 4189 Hoc
720 4142 930 4200 quoque
959 4139 1064 4178 non
1117 4135 1333 4189 parvum
1363 4126 1443 4172 est
1473 4117 1799 4179 cncomium,

222 4236 316 4291 sed
349 4230 505 4285 valde
532 4238 803 4295 magnum,
831 4233 953 4274 esse
976 4214 1139 4269 Paulo
1159 4210 1511 4267 carissimum.
1538 4207 1626 4260 15.
1647 4205 1803 4307 Salu-

225 4336 327 4378 tate
354 4328 540 4393 fratres
569 4317 651 4386 qui
681 4320 793 4366 sunt
809 4308 1094 4369 Laodiceae,
1123 4314 1168 4356 et
1197 4300 1513 4371 Nympham,
1545 4307 1725 4398 etquo:
1749 4300 1803 4348 in

227 4389 378 4471 domo
394 4416 503 4485 ejus
515 4420 585 4464 est
600 4405 901 4461 Ecclesiam.
919 4400 1052 4452 Vide
1062 4394 1327 4466 quomodo
1348 4405 1441 4485 eos
1455 4389 1799 4485 conglutinat,

229 4519 282 4564 et
303 4479 445 4561 inter
466 4520 526 4557 se
545 4495 840 4564 coniungit,
866 4508 969 4547 non
992 4489 1163 4543 solum
1186 4485 1327 4556 quod
1358 4481 1684 4544 salutaverit,
1710 4479 1804 4534 sed

231 4600 391 4652 etiam
418 4592 563 4664 quod
608 4586 860 4659 epistolas
886 4579 1113 4637 dederit.
1160 4576 1357 4671 Deinde
1388 4586 1572 4671 rursus
1601 4570 1806 4671 gratiﬁ-

232 4697 384 4743 catur
403 4661 583 4752 ,Veum
612 4691 853 4735 seorsum
882 4671 1175 4741 appellans.
1210 4667 1321 4719 lloc
1343 4671 1517 4717 autem
1545 4661 1670 4715 facit
1698 4676 1805 4762 non

233 4780 349 4833 sine
366 4789 551 4839 causa,
582 4770 675 4825 sed
704 4769 838 4823 alios
862 4765 926 4819 ad
954 4760 1194 4818 eamdem
1221 4758 1489 4813 adducens
1516 4753 1810 4808 aemulatio-

236 4886 381 4925 nem.
401 4866 585 4934 Neque
606 4862 748 4917 enim
765 4868 846 4913 est
863 4868 1100 4926 parvum,
1119 4849 1259 4922 quod
1279 4863 1382 4902 non
1400 4853 1809 4945 connumeratur

234 4980 357 5018 cum
389 4959 621 5019 creteris.
653 4954 787 5008 Vide
816 4965 944 5019 ergo
970 4961 1126 5016 quam
1149 4956 1395 5011 magnum
1430 4953 1549 4993 eum
1579 4935 1812 4991 ostendit

238 5072 362 5112 esse
395 5054 587 5111 virum,
618 5048 661 5101 si
689 5043 903 5114 quidem
934 5038 1123 5093 domus
1158 5035 1271 5102 ejus
1298 5040 1413 5086 erat
1436 5029 1678 5125 ecclesia.

243 5146 311 5200 Et
342 5159 458 5197 cum
488 5142 616 5195 lecta
643 5135 792 5208 fuerit
825 5131 961 5201 apud
1005 5144 1091 5181 vos
1140 5123 1372 5195 epistola,
1412 5118 1562 5190 facite
1602 5126 1654 5169 ut
1690 5124 1735 5169 et
1761 5118 1815 5167 in

245 5234 637 5295 Laodicensium
698 5226 923 5283 Ecclesia
969 5223 1180 5293 legatur.
1225 5217 1350 5272 Mihi
1406 5214 1654 5267 videntur
1697 5224 1816 5264 esse

244 5329 493 5399 tpizedam
523 5341 587 5380 ex
619 5324 682 5376 iis
710 5335 826 5389 qua:
858 5317 962 5370 illic
990 5314 1181 5383 scripta
1210 5317 1332 5363 sunt
1351 5321 1509 5401 ,quze
1536 5303 1631 5356 hos
1658 5301 1815 5401 etiam

247 5392 537 5474 oimrtebat
563 5412 768 5467 audire.
792 5408 857 5462 Et
882 5407 962 5459 his
988 5408 1156 5471 major
1181 5410 1295 5455 erat
1319 5397 1540 5460 utilitas,
1568 5409 1686 5448 cum
1714 5392 1819 5445 illis

248 5486 594 5580 reprehensis
620 5517 714 5559 sua
744 5507 959 5570 peccata
986 5499 1359 5580 agnoscerent.
1386 5486 1450 5540 Et
1476 5500 1661 5580 eaquae
1689 5482 1823 5535 Lao-

253 5576 534 5656 dicensium
560 5603 633 5650 est
662 5634 677 5659 ,
704 5601 759 5645 ut
785 5599 834 5644 et
858 5604 943 5642 vos
986 5584 1183 5656 legatis.
1228 5578 1450 5649 Quidam
1492 5576 1670 5628 dicnnt
1718 5588 1820 5626 non

259 5691 408 5747 Pauli
433 5687 500 5742 ad
524 5688 668 5757 ipsos
690 5683 923 5744 missam,
957 5676 1051 5731 sed
1082 5690 1198 5744 qure
1226 5672 1291 5725 ab
1318 5669 1445 5738 ipsis
1471 5668 1536 5719 ad
1564 5666 1820 5757 Paulum:

262 5800 369 5838 non
400 5754 735 5838 enitn‘dixit,
766 5774 895 5827 Eam
947 5784 1065 5838 quae
1092 5776 1173 5821 est
1210 5764 1273 5816 ad
1304 5760 1676 5822 Laodicenses,
1708 5754 1823 5820 sed,

267 5876 392 5943 Qua:
432 5871 627 5942 scripta
682 5880 753 5923 est
782 5885 810 5918 (ι
841 5863 1104 5918 Laodicea.
1136 5860 1223 5946 l7.
1258 5856 1323 5910 Et
1361 5854 1509 5907 dicite
1549 5852 1823 5920 Archippo,

1063 446 1129 504 IN
1166 444 1380 502 EPIST.
1423 445 1514 499 AD
1549 442 1824 500 COLOSS.
1866 441 2016 497 CAP.
2061 442 2145 496 IV.
2188 440 2415 498 IIOMIL.
2458 444 2571 500 XII.

3359 456 3464 512 582

1913 555 2034 611 Vide
2061 557 2389 611 ministerium
2410 559 2547 629 quod
2572 563 2810 633 accepisti
2844 566 2897 621 in
2929 566 3143 622 Domino
3166 612 3178 633 ,
3245 584 3294 624 ut
3332 572 3463 627 illud

1900 648 2129 715 impleas.
2156 648 2264 702 Cur
2281 665 2385 704 non
2408 652 2592 706 scribit
2608 654 2672 709 ad
2698 655 2908 723 ipsum?
2934 659 3183 715 Fortasse
3207 678 3308 715 non
3331 678 3465 732 opus

1900 748 2035 805 erat,
2057 740 2149 793 sed
2172 740 2285 794 sola
2313 741 2453 795 nuda
2480 743 2861 809 admonitione.
2882 758 2939 803 ut
2965 750 3116 805 ﬁeret
3140 753 3460 822 diligentior.

1902 828 1989 883 l8.
2022 828 2275 883 Salutatio
2296 847 2404 883 utea
2429 848 2583 885 manu
2619 833 2793 888 Pauli.
2828 838 2939 893 Hoc
2964 850 3045 894 est
3075 842 3326 897 indicium
3355 846 3466 899 sin-

1899 919 2134 974 ceritatis
2160 929 2212 972 et
2241 921 2515 986 amicitias,
2536 924 2674 992 quod
2714 935 2768 979 et
2797 927 3034 984 viderent
3063 930 3269 994 literas,
3308 944 3360 988 et
3409 935 3465 988 iu

1901 1023 1992 1063 eas
2020 1021 2198 1064 essent
2221 1010 2413 1066 allecti.
2445 1011 2692 1069 Memores
2718 1026 2870 1071 estote
2889 1019 3198 1075 vinculorum
3219 1040 3462 1081 nieorum.

1902 1099 2085 1169 Papze!
2110 1110 2301 1171 quanta
2322 1106 2643 1160 consolatio!
2665 1107 2776 1163 Hoc
2805 1111 2943 1163 enim
2972 1112 3167 1167 sufﬁcit
3190 1116 3257 1169 ad
3282 1132 3376 1172 eos
3397 1100 3464 1172 ad

1901 1194 2076 1246 omnia
2119 1194 2515 1259 adhortandos,
2561 1206 2615 1252 et
2640 1198 2707 1252 ad
2753 1201 3053 1256 reddendos
3106 1204 3352 1262 fortiores
3396 1210 3462 1266 ad

1901 1284 2188 1336 certamina
2238 1300 2253 1335 :
2289 1300 2389 1337 non
2420 1288 2590 1340 solum
2632 1300 2811 1344 autem
2839 1290 3105 1357 fortiores,
3132 1295 3227 1349 sed
3273 1307 3327 1351 et
3369 1314 3464 1355 eos

1900 1373 2155 1439 reddebat
2184 1378 2350 1445 magis
2376 1378 2679 1434 familiares.
2716 1380 2892 1435 Gratia
2919 1382 3189 1440 vobiscum.
3212 1387 3391 1442 Amen.
3431 1431 3434 1435 .

1970 1462 2025 1516 2.
2052 1464 2292 1533 Magnum
2342 1468 2676 1533 cncomium,
2717 1481 2771 1523 et
2799 1472 2965 1540 majus
3005 1475 3124 1529 aliis
3162 1478 3408 1532 erunibus
3431 1520 3447 1542 .

1902 1552 2079 1607 dicere
2112 1555 2181 1609 de
2210 1556 2475 1625 Epaphra,
2504 1560 2603 1622 Qui
2629 1569 2701 1613 est
2729 1577 2793 1617 ea;
2817 1564 2952 1616 vobis
2979 1581 3150 1619 servus
3167 1566 3373 1624 Christi.
3401 1570 3468 1625 Et

1902 1644 2206 1709 ministrum
2257 1648 2429 1716 ipsum
2464 1666 2560 1719 pro
2595 1651 2725 1720 ipsis
2767 1654 2893 1708 dicit
2920 1698 2933 1721 ,
2968 1659 3106 1712 sient
3132 1668 3185 1714 et
3228 1675 3285 1716 se
3338 1662 3469 1718 dicit

1903 1737 2201 1791 ministrum
2234 1739 2488 1794 Ecclesia:
2517 1758 2530 1794 :
2563 1753 2617 1796 ut
2638 1745 2848 1812 quando
2876 1747 3022 1813 dicit,
3056 1750 3212 1820 Cujus
3239 1755 3368 1807 enim
3392 1756 3469 1825 fni

1905 1825 2101 1880 Paulus
2129 1831 2354 1883 minister
2381 1831 2515 1899 (Col.
2553 1835 2603 1886 I.
2627 1835 2743 1903 25).
2771 1837 2853 1890 Ad
2882 1840 3124 1895 eamdem
3157 1842 3467 1912 dignitatem

1905 1916 2076 1969 virum
2106 1917 2277 1982 effert,
2311 1936 2628 1978 conservum
2651 1941 2770 1980 eum
2798 1931 3048 1997 superius
3090 1945 3266 1998 vocat,
3298 1944 3353 1989 et
3383 1936 3468 1991 hic

1902 2019 2132 2059 servum.
2155 2006 2253 2072 Qui
2273 2026 2337 2063 ex
2350 2013 2484 2067 vobis
2512 2024 2602 2078 est,
2627 2015 2829 2086 inquit;
2863 2029 3124 2088 tamquam
3152 2038 3270 2077 eum
3299 2035 3471 2082 matre

1900 2095 2189 2161 disserens,
2233 2111 2286 2153 et
2313 2102 2518 2169 dicens,
2546 2104 2644 2171 Qui
2672 2116 2753 2161 est
2784 2124 2847 2163 ex
2874 2122 2962 2163 tuo
2993 2125 3161 2167 utero.
3188 2114 3292 2171 Sed
3336 2118 3471 2171 invi-

1901 2187 2040 2241 diam
2066 2191 2329 2246 attnlisset
2359 2193 2468 2261 hoc,
2491 2200 2815 2252 encomium.
2848 2202 3132 2271 Pmpterea
3166 2223 3271 2261 non
3295 2224 3358 2263 ex
3386 2210 3470 2264 liis

1901 2279 2027 2334 solis
2048 2296 2167 2335 eum
2188 2286 2561 2352 commendat,
2587 2289 2680 2343 sed
2699 2301 2752 2344 et
2772 2307 2836 2346 ex
2860 2292 2923 2347 iis
2941 2311 3056 2363 qua-
3084 2297 3147 2350 ad
3176 2299 3316 2367 ipsos
3343 2317 3465 2370 per-

1903 2371 2107 2426 tinent:
2138 2382 2192 2427 et
2218 2374 2323 2428 illic
2349 2378 2507 2432 solvit
2546 2380 2817 2448 invidiam,
2850 2392 2904 2437 et
2934 2384 3019 2440 hic
3059 2371 3288 2456 quoque.
3320 2390 3466 2449 Sem—

1900 2477 2008 2529 per,
2032 2462 2219 2532 inquit,
2249 2483 2341 2534 pro
2356 2468 2492 2521 vobis
2510 2470 2775 2526 sollicitus.
2806 2472 2920 2528 Non
2962 2491 3102 2530 nunc
3129 2479 3299 2533 solum
3328 2483 3468 2550 apud

1901 2567 1999 2604 nos
2040 2561 2095 2606 ut
2137 2554 2290 2610 nobis
2317 2559 2599 2625 ostendat,
2642 2576 2814 2631 neque
2862 2566 3002 2633 apud
3049 2583 3142 2622 vos
3194 2571 3363 2623 solum
3412 2581 3468 2625 ut

1899 2642 2052 2697 vobis
2081 2646 2351 2699 ostendat.
2382 2647 2627 2717 Magnum
2659 2652 2899 2707 exhibuit
2946 2656 3109 2711 animi
3158 2659 3386 2714 studium
3416 2672 3471 2716 et

1900 2734 2226 2791 alacritatem
2276 2738 2529 2804 dicendo,
2563 2741 2848 2797 Sollicitas.
2877 2746 3077 2803 Deinde
3106 2766 3172 2804 ne
3202 2753 3470 2807 vidi-retur

1900 2827 1977 2880 eis
2022 2827 2289 2894 blandiri,
2343 2831 2662 2901 sobjuuxit:
2701 2834 2865 2888 [labet
2912 2840 3126 2893 multum
3167 2843 3329 2896 zelum
3377 2863 3468 2915 pro

1899 2916 2055 2981 vobis,
2079 2927 2125 2970 et
2147 2935 2237 2987 pro
2258 2920 2320 2972 iis
2346 2922 2432 2989 qui
2460 2933 2574 2975 sunt
2600 2923 2871 2981 Laodicea:
2895 2938 2945 2982 et
2973 2931 3058 2999 qui
3089 2931 3373 3001 Hierapoli.
3402 2936 3471 2990 Et

1902 3008 2062 3072 illud,
2100 3008 2167 3064 Ut
2195 3013 2331 3066 stetis
2362 3016 2573 3083 perfecti
2597 3059 2611 3078 ,
2644 3033 2747 3070 non
2791 3026 2875 3073 est
2927 3025 3301 3078 assentatinnis
3325 3066 3339 3089 ,
3373 3027 3467 3080 sed

1900 3102 2175 3155 reverendi
2207 3107 2566 3174 praeceptoris.
2596 3108 2660 3161 Et
2688 3112 2900 3179 repleti,
2931 3114 3118 3181 inquit.
3139 3126 3190 3170 et
3220 3116 3463 3185 perfecti.

1900 3189 2030 3245 Illud
2057 3194 2271 3261 quidem
2318 3195 2466 3249 dedit
2492 3238 2506 3260 ,
2557 3198 2657 3252 ltoc
2684 3209 2866 3254 autem
2919 3202 3050 3256 dixit
3077 3204 3324 3261 deﬁcere.
3359 3206 3468 3262 Nec

1901 3283 2052 3351 dixit,
2078 3285 2148 3341 Ut
2175 3304 2281 3342 non
2316 3287 2504 3343 labetis
2529 3331 2544 3355 ,
2570 3290 2662 3344 sed
2688 3334 2704 3357 ρ
2738 3292 2806 3346 Ut
2833 3296 2991 3348 stetis.
3022 3296 3170 3361 Quod
3211 3310 3386 3351 autem
3438 3316 3467 3354 a

1900 3377 2081 3431 multis
2105 3378 2418 3443 salutentur,
2440 3381 2540 3435 hoc
2565 3396 2658 3437 eos
2685 3394 2911 3444 recreat.
2930 3388 3141 3454 quando
3168 3405 3272 3441 non
3296 3390 3466 3445 solum

1900 3466 1990 3535 qui
2018 3480 2142 3521 sunt
2172 3484 2238 3523 ex
2281 3470 2360 3523 eis
2408 3469 2769 3527 familiaritate
2799 3482 2852 3527 et
2906 3478 3299 3532 necessitudine
3339 3495 3469 3532 con-

1897 3557 2064 3625 juncti
2087 3600 2101 3622 ,
2131 3559 2224 3613 sed
2256 3561 2416 3613 etiam
2467 3562 2556 3615 alii
2593 3578 2777 3617 eorum
2804 3556 3184 3621 meminerunt.
3214 3569 3276 3621 Et
3322 3570 3472 3626 dicite

1899 3648 2157 3718 Archippo
2200 3667 2218 3704 :
2270 3650 2397 3704 Vide
2438 3653 2777 3707 ministerium
2818 3656 2951 3726 quod
2993 3660 3226 3728 accepisti
3269 3661 3320 3712 in
3365 3660 3470 3714 Do-

1903 3742 2059 3795 mino.
2093 3742 2199 3796 Eos
2226 3745 2454 3798 maxime
2486 3745 2584 3813 ipsi
2618 3746 2849 3816 subjicit.
2874 3748 2987 3802 Non
3040 3759 3285 3819 poterant
3323 3755 3467 3808 enim

1902 3833 2127 3902 amplius
2174 3833 2323 3887 illum
2354 3850 2576 3904 arguere
2626 3840 2769 3905 ipsos
2815 3840 3219 3909 increpantem,
3252 3844 3466 3914 quando

1904 3925 2003 3993 ipsi
2060 3925 2364 3979 universum
2410 3930 2768 3995 susceperint.
2797 3928 2911 3984 Non
2956 3941 3039 3987 est
3085 3936 3226 3988 enim
3280 3936 3472 3990 rationi

1903 4028 2319 4073 consentaneum
2346 4059 2358 4083 ,
2390 4028 2447 4072 ut
2476 4020 2723 4090 discipuli
2770 4022 2948 4077 dicant
3002 4025 3070 4080 de
3127 4037 3469 4097 praaeeptore.

1903 4108 2004 4164 Sed
2036 4110 2114 4164 eis
2137 4124 2197 4162 os
2228 4111 2511 4165 obstrueus
2556 4112 2656 4166 hoc
2705 4112 2834 4167 dicit
2865 4133 2877 4168 :
2912 4114 3109 4179 Dicite,
3135 4118 3328 4187 inquit,
3372 4120 3472 4172 Ar-

1906 4202 2088 4271 chippo
2116 4218 2135 4254 :
2176 4201 2315 4255 Vide.
2350 4202 2462 4257 IIoe
2489 4203 2707 4256 vcrluuu
2759 4221 2969 4273 semper
2994 4217 3074 4261 εει
3099 4210 3344 4262 terrentis
3374 4228 3387 4262 :
3419 4219 3476 4263 ut

1905 4292 2115 4359 quando
2144 4292 2304 4355 dicit,
2338 4291 2510 4344 Videte
2536 4310 2686 4346 canes
2715 4293 2969 4364 (Philipp.
2995 4297 3046 4349 5.
3075 4296 3130 4367 2)
3155 4315 3167 4349 :
3207 4296 3377 4350 Videte
3416 4314 3478 4350 ne

1906 4382 2015 4450 quis
2043 4398 2125 4434 vos
2148 4383 2347 4434 seducat
2373 4399 2390 4435 :
2432 4382 2603 4436 Videte
2630 4402 2690 4436 ne
2709 4386 2878 4449 aliquo
2905 4385 3052 4438 modo
3076 4387 3172 4439 ista
3214 4397 3376 4441 vestra
3415 4380 3491 4440 li-I

1907 4472 2069 4526 bertas
2095 4474 2156 4526 sit
2173 4472 2532 4539 offendiculum
2551 4475 2763 4539 inﬁrmis
2789 4475 2919 4544 (Col.
2948 4477 2999 4529 2.
3020 4478 3073 4530 8.
3109 4479 3159 4531 I.
3180 4477 3295 4532 Cor.
3316 4480 3369 4533 8.
3396 4478 3477 4550 9).

1912 4563 1977 4615 Et
2007 4579 2217 4632 semper
2242 4564 2317 4617 sic
2344 4564 2473 4617 dicit
2504 4566 2716 4633 quando
2740 4575 2927 4620 terret.
2960 4567 3113 4633 Vide,
3145 4570 3350 4638 inquit,
3385 4572 3481 4623 mi-

1912 4659 2170 4709 nisterium
2200 4656 2335 4723 quod
2366 4657 2605 4724 accepisti
2634 4658 2689 4710 in
2718 4657 2969 4724 Domino,
3000 4669 3052 4711 ut
3093 4660 3222 4714 illud
3248 4661 3479 4731 impleas.

1913 4747 2091 4816 Neque
2113 4748 2239 4799 sinit
2265 4762 2388 4799 eum
2412 4763 2530 4799 esse
2557 4746 2834 4807 dominum
2860 4789 2875 4813 ,
2909 4749 3045 4802 sicut
3094 4750 3207 4819 ipse
3232 4750 3481 4806 dicebat:

1916 4842 1976 4894 Si
2002 4857 2129 4893 enim
2158 4839 2324 4893 volens
2365 4839 2459 4892 hoc
2485 4840 2617 4910 facio
2643 4881 2657 4901 ,
2711 4841 2984 4894 mercedem
3012 4842 3208 4906 habeo;
3248 4844 3293 4897 si
3318 4854 3485 4897 autem

1918 4932 2099 4984 invitus
2121 4973 2136 4997 ,
2168 4931 2481 5000 dispensatio
2507 4931 2630 4983 mihi
2677 4941 2748 4984 est
2792 4931 2986 4984 credita
3032 4933 3109 5002 (1.
3132 4933 3247 4989 Cor.
3279 4934 3334 4992 9.
3374 4936 3483 5006 l7).

1923 5024 1989 5079 Ut
2012 5025 2172 5092 ipsum
2198 5023 2408 5093 impleas
2437 5038 2457 5075 :
2485 5016 2697 5092 semper
2716 5022 2894 5077 studio
2920 5034 3074 5077 utens
3103 5041 3116 5077 :
3153 5025 3302 5090 Quod
3343 5043 3487 5079 acce-

1921 5110 2036 5187 pisti
2065 5118 2115 5169 in
2140 5115 2373 5168 Domino.
2406 5114 2609 5169 Rursus
2638 5115 2791 5181 illud,
2825 5116 2898 5177 in,
2926 5124 3027 5178 est,
3063 5130 3156 5184 per
3184 5116 3483 5168 Dominum.

1922 5208 2038 5277 Ipse
2066 5208 2157 5260 tibi
2189 5205 2352 5265 dedit.
2385 5221 2489 5258 non
2519 5220 2636 5260 nos.
2673 5207 2734 5259 Et
2762 5206 2881 5260 illos
2910 5206 2957 5259 ei
2988 5205 3204 5273 subjicit
3229 5245 3244 5271 ,
3272 5204 3490 5273 quando

1923 5298 2155 5355 ostendit
2178 5297 2229 5351 id
2269 5297 2366 5365 ipsi
2418 5295 2579 5349 fuisse
2629 5296 2880 5349 traditum
2909 5310 2935 5346 ιι
2969 5294 3212 5349 Domino.
3243 5294 3492 5347 Memores

1926 5400 2074 5445 estote
2094 5387 2401 5442 vinculorum
2422 5402 2662 5440 meorum.
2685 5382 2860 5438 Gratia
2880 5384 3146 5438 vobiscum.
3172 5381 3349 5435 Amen.
3374 5382 3490 5435 Sol-

1928 5483 2007 5533 vit
2037 5490 2252 5533 metum.
2283 5477 2395 5532 Etsi
2421 5477 2561 5531 enim
2604 5476 2790 5529 doctor
2817 5484 2897 5527 est
2941 5474 2991 5526 in
3020 5472 3273 5535 vinculis,
3322 5472 3493 5541 gratia

1931 5582 2103 5626 tamen
2144 5585 2264 5624 eum
2291 5568 2466 5623 solvit.
2488 5567 2555 5621 Et
2602 5565 2702 5619 hoc
2729 5580 2941 5635 quoque
2980 5572 3063 5619 est
3113 5564 3296 5633 gratia:
3318 5605 3333 5629 ,
3360 5578 3487 5617 con-

1930 5663 2120 5715 cedere
2140 5669 2194 5714 ut
2215 5660 2327 5727 ipse
2350 5658 2555 5713 vinctus
2586 5673 2601 5707 :
2632 5655 2755 5709 audi
2785 5655 2927 5709 enim
2959 5654 3155 5707 Lucam
3186 5653 3493 5707 dicentem:

1935 5754 2321 5807 Revertebantur
2338 5750 2555 5820 apostoli
2581 5766 2613 5803 a
2634 5749 2763 5818 facie
2785 5747 2988 5801 concilii
3024 5746 3297 5816 gaudentes
3317 5786 3330 5808 ,
3360 5757 3494 5814 quod

1937 5845 2073 5915 digni
2100 5834 2255 5898 essent
2286 5842 2440 5897 habiti
2470 5858 2563 5913 pro
2590 5840 2786 5896 nomine
2812 5839 2971 5905 ipsius
2998 5836 3355 5892 contumeliam
3383 5840 3496 5907 pati
