3874 6510
508 438 615 495 383

510 556 649 625 (Act.
679 556 734 611 5.
766 554 882 626 ιι).
916 554 1124 609 Revera
1154 553 1295 609 enim
1317 552 1538 623 dignum
1565 565 1688 608 esse
1716 550 1951 604 habitum
1979 556 2082 609 est.

510 657 565 700 et
593 647 977 702 contumeliam
1003 661 1124 701 esse
1148 661 1366 717 passum
1397 685 1413 709 ,
1438 655 1493 700 et
1522 645 1753 699 vinctum
1791 658 1934 697 esse.
1958 639 2089 694 Nam

512 739 560 792 si
584 738 675 807 qui
704 746 850 792 amat
875 738 1199 807 quempiam,
1233 738 1441 792 lucrum
1470 750 1589 791 esse
1615 745 1763 806 putat
1797 735 1839 787 si
1875 742 2092 802 pr0pter

510 837 743 882 amatum
780 818 970 897 passus
997 830 1087 889 sit,
1140 828 1307 881 multo
1336 828 1503 897 magis
1533 838 1753 897 pr0pter
1794 825 2087 879 Christum.

584 919 785 973 Paulus
822 920 1107 989 exemplum
1152 920 1393 973 virtutum
1438 919 1683 972 omnium.
1712 947 1783 956 —
1830 916 1907 970 Ne
1961 928 2092 985 ergo

511 1026 652 1081 mgre
679 1010 913 1065 feramus
949 1010 1269 1065 aﬂlictiones
1297 1019 1513 1079 propter
1531 1008 1828 1071 Christum,
1859 1005 1952 1060 sed
1974 1007 2091 1058 vin-

514 1103 756 1157 culorum
786 1101 936 1157 Pauli
979 1116 1075 1155 nos
1125 1116 1338 1171 quoque
1365 1102 1531 1155 simus
1562 1112 1865 1161 memores;
1903 1107 1957 1151 et
1990 1097 2090 1150 hoc

519 1197 590 1250 sit
631 1195 784 1249 nobis
808 1194 1129 1249 adhortatio.
1162 1193 1319 1247 Verbi
1353 1192 1539 1262 gratia,
1584 1190 1776 1245 suades
1800 1188 2083 1259 aliquibus,

512 1296 574 1341 ut
622 1286 944 1356 pauperibus
970 1285 1097 1340 deut
1128 1295 1342 1354 propter
1382 1282 1689 1338 Christum?
1744 1279 2090 1335 reminiscere

511 1378 849 1432 vinculorum
884 1377 1029 1431 Pauli
1057 1417 1072 1441 ,
1100 1386 1154 1429 et
1182 1385 1233 1429 te
1262 1387 1313 1429 et
1344 1374 1463 1429 illos
1495 1373 1774 1442 pronuntia
1818 1371 2044 1425 miseros
2069 1409 2084 1434 ,

515 1469 562 1522 si
590 1468 676 1521 ille
704 1467 915 1538 quidem
941 1476 995 1521 et
1011 1482 1203 1535 corpus
1222 1465 1367 1519 dedit
1396 1464 1621 1518 vinculis
1648 1471 1862 1531 propter
1888 1463 2080 1529 ipsum,

521 1569 579 1613 tu
625 1568 803 1613 autem
834 1574 900 1612 ne
949 1558 1122 1611 cibum
1166 1556 1380 1627 quidem
1419 1554 1759 1625 impertiaris.
1788 1552 2078 1607 Extolleris

514 1660 732 1721 propter
760 1651 895 1704 bona
939 1648 1146 1719 opera?
1197 1646 1485 1701 recordare
1525 1646 1857 1700 vinculorum
1899 1644 2086 1708 Pauli,

512 1754 567 1797 et
592 1740 731 1812 quod
763 1740 889 1793 nihil
924 1739 1026 1793 tale
1053 1740 1128 1792 sis
1174 1753 1396 1808 passus,
1424 1752 1522 1791 nec
1566 1737 1703 1790 ultra
1734 1744 1785 1789 te
1841 1733 2085 1789 extolles.

514 1837 657 1890 Bona
707 1833 935 1905 proximi
996 1830 1388 1900 concupivisti?
1437 1839 1707 1885 memento
1754 1826 2087 1881 vinculormn

514 1928 698 1992 Pauli,
731 1935 785 1980 et
835 1924 1037 1979 videbis
1073 1939 1233 1993 quam
1264 1923 1332 1977 sit
1360 1921 1648 1976 absurdum
1693 1920 1842 1973 illum
1875 1917 2087 1989 quidem

513 2034 631 2074 esse
661 2023 713 2072 in
742 2016 988 2081 vinculis,
1022 2025 1072 2068 te
1097 2025 1274 2069 autem
1308 2014 1358 2067 in
1388 2011 1615 2067 deliciis.
1640 2011 1847 2065 Rursus
1865 2008 2090 2063 delicia-

512 2127 629 2167 rum
657 2111 856 2166 teneris
882 2107 1194 2163 desiderio?
1227 2106 1319 2160 tibi
1348 2105 1529 2160 veniat
1561 2107 1611 2159 in
1637 2112 1873 2158 mentem
1904 2116 2092 2156 carcer

512 2205 661 2261 Pauli
694 2222 708 2257 :
744 2218 803 2258 es
835 2202 978 2257 illius
1003 2199 1319 2270 discipulus,
1353 2213 1412 2253 es
1443 2197 1583 2251 illius
1604 2195 1920 2251 commilito.
1948 2195 2093 2260 Quo-

512 2296 673 2351 modo
689 2304 771 2349 cst
795 2294 987 2348 rationi
1011 2299 1453 2354 consentaneum,
1478 2297 1538 2344 ut
1555 2289 1849 2351 commilito
1875 2287 2087 2357 quidem

511 2390 579 2441 sit
608 2387 659 2441 in
678 2384 922 2448 vinculis,
955 2395 1009 2437 tu
1037 2394 1216 2437 autem
1246 2382 1299 2435 in
1330 2379 1571 2435 deliciis?
1592 2379 1666 2434 Es
1695 2380 1747 2432 in
1778 2378 2088 2443 afflictione,

508 2478 784 2533 existimas
828 2484 881 2531 te
924 2490 1045 2530 esse
1072 2473 1436 2529 derelicmm?
1476 2471 1601 2526 audi
1625 2470 1787 2527 verba
1820 2471 1964 2525 Pauli
1991 2513 2007 2536 ,
2035 2480 2089 2526 et

510 2570 718 2625 videbis
742 2568 885 2638 quod
931 2582 1053 2622 esse
1108 2568 1162 2620 in
1192 2565 1522 2629 aﬂlictione,
1556 2578 1665 2620 non
1712 2572 1796 2619 est
1836 2562 2089 2617 indicium

512 2662 898 2718 derelictiouis.
930 2661 1018 2715 Vis
1045 2670 1223 2715 vestes
1251 2658 1390 2714 ferre
1411 2658 1646 2714 sericas?
1676 2656 1961 2713 recordare
1976 2658 2092 2711 vin-

508 2757 751 2825 culorum
786 2754 954 2821 Pauli,
988 2763 1042 2808 et
1069 2768 1130 2807 ca
1159 2752 1484 2807 videbuntur
1512 2751 1702 2805 viliora
1738 2751 1927 2819 pannis
1974 2765 2093 2805 sor-

513 2848 654 2902 didis
699 2855 754 2901 et
781 2846 1034 2901 ctBnosis.
1062 2844 1153 2899 Vis
1195 2844 1373 2897 aureis
1404 2841 1597 2896 indui?
1629 2841 1721 2895 tibi
1775 2842 1992 2897 veniant
2034 2843 2090 2897 in

515 2948 755 2995 mentem
784 2936 995 2991 vincula
1028 2934 1197 2998 Pauli,
1233 2945 1287 2989 et
1315 2932 1482 2988 nihilo
1515 2933 1607 2988 tibi
1626 2932 1950 2988 videbuntur
1978 2949 2090 2989 me-

515 3031 650 3084 liora
681 3044 826 3091 esse,
851 3042 1009 3097 quam
1043 3037 1197 3081 vetus
1224 3026 1440 3094 juncus.
1479 3025 1569 3079 Vis
1607 3026 1829 3094 capillos
1854 3041 2050 3081 ornare
2072 3067 2087 3089 ,

510 3130 567 3177 et
585 3121 750 3175 videri
778 3118 1032 3189 pulchra?
1054 3118 1226 3188 cogita
1254 3117 1556 3188 squalorem
1585 3118 1731 3173 Pauli
1764 3120 1812 3172 iu
1844 3134 2085 3187 carcere,

510 3225 567 3271 et
604 3213 670 3268 ad
703 3213 844 3267 illam
893 3211 1200 3267 accenderis
1242 3210 1687 3281 pulchritudinem
1708 3253 1724 3276 ,
1752 3220 1807 3266 et
1836 3210 1937 3266 hoc
1978 3214 2090 3266 exi-

512 3307 757 3363 stimabis
775 3320 892 3361 esse
915 3305 1327 3369 deformitatem,
1347 3313 1508 3374 atque
1528 3306 1722 3359 acriter
1748 3305 2087 3375 ingemisces,

515 3401 609 3457 illa
641 3399 845 3454 vincula
874 3400 1115 3467 cupiens.
1136 3396 1229 3451 Vis
1257 3399 1410 3452 tritus
1444 3396 1592 3452 fucos
1618 3408 1672 3452 et
1698 3396 1963 3468 pigmenta
1994 3397 2086 3452 tibi

513 3495 732 3560 illinire,
757 3502 811 3548 et
831 3492 1059 3546 similia?
1089 3492 1259 3561 cogita
1285 3489 1429 3545 illius
1460 3490 1725 3559 lacrymas
1751 3507 1763 3543 :
1799 3491 2087 3544 triennium

514 3596 675 3643 noctu
726 3596 779 3640 ct
822 3586 912 3640 diu
959 3599 1062 3638 non
1093 3584 1339 3639 cessabat
1367 3582 1515 3638 ﬂere.
1549 3583 1659 3638 lloc
1710 3584 1915 3638 mundo
1957 3598 2087 3638 orna

510 3690 629 3735 tuas
654 3694 816 3748 genas
848 3696 861 3731 :
899 3678 980 3731 lue
1012 3677 1263 3748 lacrymae
1312 3676 1433 3730 illas
1474 3674 1705 3730 reddunt
1752 3674 2086 3746 splendidas.

512 3773 627 3828 Non
658 3771 779 3827 dico
830 3781 886 3824 ut
931 3785 1026 3839 pro
1057 3769 1175 3823 aliis
1203 3766 1367 3829 ﬂeas;
1397 3766 1519 3821 volo
1565 3766 1815 3835 quidem,
1844 3766 1936 3821 sed
1986 3766 2088 3821 hoc

509 3876 591 3921 εει
621 3873 673 3918 te
699 3864 892 3926 altius;
922 3877 1105 3915 vermn
1128 3860 1328 3914 suadeo
1365 3871 1419 3913 ut
1449 3859 1551 3913 hoc
1580 3858 1740 3912 facias
1772 3875 1866 3928 pro
1899 3874 2089 3928 pecca-

509 3958 578 4011 tis
607 3954 953 4009 tuisJussisti
977 3952 1162 4005 vinciri
1191 3966 1436 4020 puerum,
1456 3961 1508 4003 et
1538 3950 1667 4004 irata
1690 3950 1790 4005 es?
1817 3961 2087 4005 memento

509 4047 845 4103 vinculorum
871 4044 1039 4109 Pauli,
1070 4052 1124 4099 et
1149 4044 1326 4098 statim
1356 4043 1512 4097 sistcs
1542 4043 1708 4097 iram:
1741 4044 2087 4100 reminiscere

510 4154 610 4193 nos
648 4152 768 4193 esse
824 4153 890 4192 ex
936 4137 1001 4190 iis
1058 4136 1147 4205 qui
1204 4135 1368 4189 vincti
1420 4142 1583 4199 sunt,
1640 4149 1746 4189 non
1794 4150 1860 4189 ex
1901 4134 1967 4190 iis
1995 4136 2085 4205 qui

506 4230 793 4294 vinciunt;
851 4226 1028 4281 exiis
1082 4227 1171 4296 qui
1246 4233 1371 4279 sunt
1431 4225 1647 4281 contriti
1721 4227 1923 4293 corde,
1976 4242 2086 4283 non

502 4332 687 4377 autem
743 4336 807 4375 ex
859 4320 923 4374 iis
979 4318 1068 4389 qui
1113 4327 1419 4373 conterunt.
1473 4317 1669 4373 Diﬂ'usa
1725 4333 1829 4387 es,
1867 4329 1922 4376 et
1972 4336 2087 4376 ma-

507 4428 666 4483 guum
695 4411 907 4467 edidisti
940 4410 1300 4465 cachinnum?
1348 4409 1443 4465 tibi
1486 4409 1706 4465 veniant
1744 4410 1796 4465 in
1847 4422 2082 4469 mentem

508 4505 649 4559 illius
691 4503 885 4568 ﬂetus,
932 4512 987 4557 et
1041 4503 1406 4573 ingemisces:
1448 4502 1614 4556 multo
1663 4502 2080 4571 splendidiorem

505 4606 557 4649 te
582 4595 811 4651 reddunt
840 4594 923 4648 lue
966 4594 1238 4666 lacrymzc.
1271 4592 1467 4648 Vidisti
1498 4608 1556 4649 se
1585 4593 1793 4650 deliciis
1820 4595 2083 4653 dedentes

502 4697 559 4741 et
582 4687 868 4741 saltantes?
894 4685 1177 4741 recordare
1200 4684 1316 4755 eius
1338 4686 1717 4757 lacrymarum.
1750 4687 1829 4741 Ex
1849 4703 2081 4759 quonam

504 4776 651 4831 fonte
681 4785 823 4829 tanta
869 4786 1186 4830 emanarunt
1230 4776 1428 4831 ﬂuenta
1458 4818 1473 4843 ,
1502 4786 1559 4831 ut
1602 4792 1668 4832 ex
1718 4778 1862 4834 illius
1910 4781 2083 4837 oculis

506 4868 792 4940 lacrymm?
816 4867 870 4921 Μ
877 4884 1065 4922 emeres
1092 4878 1265 4934 estote,
1280 4868 1471 4939 inquit,
1492 4870 1833 4941 lacrymarum
1856 4889 2083 4928 mearum

503 4960 851 5031 (Act.20.'5l),
884 4960 1020 5015 sicut
1046 4962 1130 5015 hic
1159 4962 1512 5017 vinculorum.
1542 4962 1608 5017 Et
1637 4966 1828 5019 merito
1847 4966 1951 5021 illis
1968 4967 2081 5023 haec

503 5053 736 5120 dicebat,
758 5069 877 5108 cum
901 5067 995 5107 eos
1018 5052 1226 5123 Epheso
1249 5053 1485 5109 Miletum
1515 5058 1900 5114 accersivisset.
1930 5061 2082 5117 Dice-

502 5146 593 5201 bat
611 5146 750 5201 enim
781 5144 1089 5201 doctoribus
1113 5162 1128 5211 ;
1157 5146 1224 5200 ab
1241 5146 1344 5200 illis
1368 5147 1582 5216 quidem
1600 5150 1819 5219 exigens
1837 5153 1997 5208 etiam
2024 5164 2081 5210 ut

499 5248 843 5308 congregeut,
874 5236 942 5292 ab
970 5236 1054 5291 his
1082 5246 1261 5292 autem
1287 5237 1459 5292 solum
1490 5248 1548 5293 ut
1570 5241 1807 5309 pericula
1833 5244 2077 5302 subeant.

575 5331 629 5385 5.
655 5330 947 5397 Quemnam
978 5330 1178 5385 fontem
1206 5329 1288 5383 vis
1304 5344 1616 5399 comparare
1637 5348 1759 5386 cum
1797 5334 1880 5388 his
1906 5335 2077 5408 lacry-

500 5423 643 5477 mis?
672 5436 867 5476 eumue
892 5422 982 5492 qui
1014 5430 1129 5475 erat
1166 5421 1220 5475 in
1269 5420 1536 5490 paradiso,
1561 5423 1654 5492 qui
1683 5423 1939 5493 irrigabat
1962 5427 2079 5481 uni-

500 5532 706 5571 versam
752 5513 992 5569 terram?
1019 5513 1124 5569 Sed
1168 5513 1301 5567 nihil
1351 5513 1496 5568 dices
1522 5514 1728 5584 aequale
1761 5536 1774 5571 :
1807 5515 1892 5570 hic
1933 5518 2075 5572 enim

497 5608 617 5662 fons
662 5608 1015 5678 lacrymarum
1051 5606 1259 5659 animas
1311 5605 1587 5676 irrigabat,
1618 5622 1724 5661 non
1771 5610 2073 5665 terram..Si

499 5701 763 5770 quispiam
790 5699 947 5757 nobis
996 5699 1294 5756 ostenderit
1332 5700 1557 5756 Paulum
1589 5701 1971 5774 lacrymantem
2022 5714 2077 5759 et

498 5800 798 5860 gementem
818 5830 839 5859 ,
865 5806 1044 5846 annon
1095 5792 1265 5847 multo
1306 5804 1448 5848 esset
1478 5795 1668 5849 melius
1694 5810 1815 5850 eum
1846 5796 2031 5852 videre
2054 5839 2070 5863 ,

500 5896 659 5955 quam
689 5883 1108 5941 innumerabiles
1133 5884 1327 5942 choros
1352 5887 1624 5956 eleganter
1648 5898 1702 5944 ct
1749 5888 1886 5946 belle
1910 5904 2068 5947 coro-

1301 436 1359 495 8.
1398 434 1678 493 JOANNIS
1711 428 2177 489 CHRYSOSTOMI
2216 431 2533 490 ARCHIEP.
2571 435 3104 496 CONSTANTINOP.
3667 439 3755 500 381

2200 557 2353 602 natos
2380 550 2403 603 ?
2454 551 2527 607 De
2556 553 2705 608 vobis
2736 570 2840 610 non
2868 557 3061 627 loquor
3089 576 3102 612 :
3140 559 3237 614 sed
3290 559 3335 614 si
3362 562 3485 630 quis
3514 576 3545 613 τι
3574 562 3753 617 theatro

2196 647 2248 691 et
2275 653 2305 693 a
2331 654 2492 695 scena
2526 643 2756 701 abducto
2786 647 2969 714 aliquo
3000 649 3366 705 incontinente
3408 662 3466 707 et
3491 652 3754 722 impudico,

2194 731 2283 798 qui
2310 745 2492 787 amore
2517 749 2805 805 corporum
2835 737 3025 809 ﬂagret
3051 749 3106 795 et
3129 741 3442 807 baccbetur,
3476 744 3758 800 ostenderet

2196 821 2423 890 puellam
2456 825 2711 896 virginem
2740 829 2792 882 in
2821 830 2939 900 ipso
2959 830 3092 887 ﬂore
3118 836 3312 900 aetatis,
3348 846 3404 890 et
3430 852 3557 907 qua
3585 853 3693 891 cun
3714 842 3757 894 in

2196 911 2316 966 aliis
2360 926 2577 983 superet
2601 920 2838 988 aequales
2861 962 2878 987 ,
2906 931 2960 976 et
2988 925 3135 978 vultu
3166 926 3286 994 plus
3314 943 3481 995 quam
3531 930 3760 985 membris

2194 1005 2421 1067 caneris,
2466 1014 2518 1060 et
2560 1024 2680 1076 qua:
2721 1018 2933 1068 teneros
2979 1015 3275 1085 mollesque
3315 1016 3519 1073 habeat
3560 1022 3763 1085 oculos,

2195 1090 2387 1147 leniter
2430 1095 2725 1155 insidentes
2746 1141 2762 1167 ,
2813 1100 3004 1158 leniter
3030 1120 3089 1159 se
3119 1106 3399 1162 volventes
3424 1149 3443 1173 ,
3476 1108 3726 1165 ﬂexibiles
3746 1154 3759 1173 ,

2194 1181 2373 1246 mites,
2406 1200 2653 1255 serenos,
2683 1190 3041 1260 subridentes,
3075 1196 3245 1249 multo
3277 1197 3491 1266 pudore
3518 1204 3765 1271 composi-

2195 1280 2279 1326 tos
2315 1283 2367 1328 et
2397 1278 2558 1331 multa
2600 1280 2807 1349 gratia;
2842 1284 3005 1353 nigris
3040 1287 3310 1356 palpebris
3350 1290 3564 1345 inferne
3589 1302 3644 1346 et
3688 1308 3763 1346 ςυ-

2197 1377 2358 1431 pernc
2375 1366 2445 1420 sit
2470 1381 2743 1437 coronata,
2773 1376 3151 1443 etanimatam,
3176 1388 3234 1433 ut
3260 1381 3333 1434 ita
3362 1381 3571 1450 dicam,
3594 1384 3763 1441 haheat

2195 1456 2445 1523 pupillam
2471 1501 2485 1519 ,
2516 1461 2736 1516 nitidam
2782 1465 3055 1525 frontem:
3092 1470 3300 1527 inferne
3349 1483 3543 1529 autem
3588 1492 3755 1546 genam

2194 1547 2259 1599 ad
2289 1552 2606 1605 Concinuum
2642 1557 2888 1613 ruborem
2937 1561 3259 1629 venientem,
3291 1565 3472 1621 instar
3503 1575 3761 1627 nutantis

2195 1640 2490 1708 subiectam
2524 1647 2733 1714 planam
2763 1658 2816 1704 et
2842 1667 3048 1723 mquam
3074 1674 3086 1709 :
3116 1656 3309 1714 deinde
3326 1660 3464 1714 mihi
3489 1664 3761 1719 ostenderit

2195 1730 2414 1823 Paulum
2447 1735 2851 1807 lacrymantem,
2882 1759 2944 1798 ea
2976 1744 3194 1801 dimissa
3222 1750 3289 1802 ad
3320 1752 3505 1819 ipsum
3534 1765 3757 1823 spectan-

2194 1820 2319 1876 dum
2376 1827 2645 1883 exsilirem
2680 1832 2786 1885 :ab
2816 1834 2932 1902 ejus
2973 1836 3117 1890 enim
3168 1840 3345 1895 oculis
3402 1820 3760 1912 resplimddnt

2197 1915 2539 1981 pulchritudo
2581 1922 2899 1988 spiritualis.
2930 1925 3063 1981 Nam
3124 1929 3211 1985 illa
3264 1933 3492 2002 quidem
3530 1936 3759 2005 juventa-

2164 2101 2516 2169 comprimit.
2546 2103 2712 2174 llujus
2741 2108 2831 2177 qui
2886 2109 3030 2165 videt
3073 2113 3293 2180 oculos,
3326 2117 3555 2172 oculum
3596 2124 3763 2174 anim:

2194 2189 2360 2244 efficit
2390 2193 2775 2264 pulchriorem,
2814 2208 3055 2256 ventrem
3086 2206 3416 2274 comprimit,
3447 2211 3623 2278 replet
3666 2215 3763 2279 phi-

2194 2281 2434 2352 los0phia
2464 2296 2521 2341 et
2550 2289 2712 2343 multa
2761 2295 3251 2364 commiseratione,
3278 2308 3336 2354 et
3385 2301 3763 2357 adamantina:

2195 2375 2407 2432 mollire
2429 2387 2604 2450 potest
2622 2382 2874 2438 animam.
2891 2386 2983 2439 llis
3003 2387 3255 2459 lacrymis
3280 2393 3499 2462 rigatur
3526 2394 3763 2460 Ecclesia,

2195 2464 2279 2520 his
2310 2468 2622 2536 plantantnr
2649 2472 2862 2528 animze.
2884 2476 3103 2533 Etiamsi
3130 2481 3203 2534 sit
3228 2482 3393 2551 ignis,
3423 2484 3513 2538 hae
3539 2486 3766 2556 laci-vn:

2195 2570 2417 2625 possunt
2445 2563 2817 2634 exstinguere,
2860 2579 2915 2621 et
2955 2573 3268 2627 scnsibilem
3296 2585 3356 2628 et
3401 2580 3763 2645 corporalem;

2196 2649 2278 2704 ha:
2304 2652 2552 2724 lacrymze
2576 2658 2795 2726 sagittas
2824 2661 3039 2731 maligni
3070 2664 3264 2731 ignitas
3286 2669 3661 2739 exstinguunt,
3683 2671 3767 2724 lle-

2194 2743 2509 2799 minerimus
2552 2762 2681 2818 ergo
2725 2749 2841 2819 ejus
2890 2752 3247 2825 lacrymarnm
3274 2800 3289 2823 ,
3335 2768 3393 2813 et
3443 2760 3767 2815 irridebimcs

2195 2838 2373 2890 omnia
2406 2840 2707 2906 prmsentia.
2741 2842 2847 2897 Has
2877 2843 3139 2916 lacrymas
3162 2847 3417 2905 Christus
3450 2852 3637 2906 beatas
3666 2870 3767 2923 pro-

2198 2930 2497 2997 nuntiabat,
2530 2932 2738 2998 dicens,
2770 2934 2915 2989 Beati
2936 2940 3024 3003 qui
3050 2940 3247 3009 lugent,
3278 2953 3326 2995 et
3349 2942 3487 2996 beati
3511 2947 3600 3011 qui
3625 2949 3733 3014 ﬁrst
3752 2991 3763 3009 ,

2193 3021 2431 3087 quoniam
2485 3023 2585 3091 ipsi
2635 3026 2866 3080 ridebunt
2894 3026 3121 3101 (Matth.
3147 3032 3199 3085 5.
3229 3032 3319 3101 5).
3356 3033 3469 3088 Has
3525 3036 3767 3108 ἱππ-γωδ

2195 3111 2513 3167 emittebant
2540 3122 2594 3168 et
2623 3114 2786 3171 Isaias
2810 3127 2859 3172 et
2892 3118 3174 3175 Jcremias.
3208 3124 3271 3177 Et
3304 3126 3397 3180 ille
3449 3128 3669 3196 quidem
3696 3134 3762 3183 di-

2195 3204 2354 3260 cebat
2378 3247 2391 3271 ,
2432 3206 2679 3263 Dimittite
2726 3227 2806 3263 me
2828 3253 2841 3275 ,
2871 3213 3002 3281 ﬂebo
3043 3231 3219 3270 amare
3269 3217 3426 3289 (lsai.
3456 3221 3550 3274 2?...
3574 3224 3630 3289 ὅ)
3660 3242 3673 3276 :
3699 3226 3765 3277 tn:

2192 3307 2373 3350 autem
2401 3298 2644 3357 dicebat.
2676 3301 2803 3368 Quis
2832 3304 2969 3359 dabit
2989 3307 3146 3375 capiti
3172 3325 3283 3362 meo
3310 3328 3528 3381 aquam,
3558 3327 3606 3368 et
3626 3322 3759 3369 acetis

2193 3390 2317 3442 meis
2343 3390 2508 3457 fontes
2548 3392 2887 3464 lacrymarum
2917 3395 3049 3466 (Jer.
3072 3398 3126 3454 9.
3156 3400 3207 3471 1)
3230 3402 3254 3454 ?
3277 3417 3343 3457 ac
3396 3406 3445 3459 si
3499 3423 3607 3461 non
3634 3411 3761 3463 snti-

2193 3480 2299 3534 ciat
2328 3481 2443 3535 fons
2470 3486 2746 3540 naturalis.
2774 3486 2915 3547 Nihil
2944 3499 3024 3544 est
3056 3490 3140 3546 his
3169 3492 3428 3565 lacrymis
3452 3497 3723 3567 jucundius
3750 3522 3761 3555 :

2194 3574 2383 3641 quovis
2411 3575 2519 3628 risu
2544 3585 2666 3630 sunt
2694 3577 2777 3633 ha:
2812 3578 3181 3647 jucundiores.
3209 3585 3405 3641 Sciunt
3433 3592 3530 3659 qui
3559 3594 3756 3662 lugent.

2194 3674 2449 3731 quantam
2478 3666 2592 3721 haec
2632 3682 2721 3723 res
2761 3667 2956 3726 habeat
2993 3675 3449 3733 consolationem.
3479 3680 3559 3736 Ne
3596 3685 3760 3737 existi-

2194 3770 2403 3809 memus
2433 3773 2547 3812 rem
2575 3773 2697 3815 esse
2724 3760 3137 3833 deprecandam,
3171 3767 3267 3822 sed
3292 3769 3467 3825 etiam
3501 3775 3655 3829 valde
3680 3792 3759 3843 op-

2196 3848 2431 3901 tandum.
2468 3849 2581 3904 Non
2609 3852 2768 3905 utalii
2797 3863 3039 3923 peccent,
3064 3858 3157 3911 sed
3186 3869 3243 3911 ut
3274 3860 3410 3929 ipsis
3434 3869 3759 3931 peccantii'ms

2194 3954 2292 3993 nos
2343 3950 2720 4010 conteranmr,
2768 3944 2957 4001 harum
3002 3951 3357 4007 recordemur
3388 3957 3758 4029 lacrymarum.

2194 4032 2386 4087 horum
2417 4036 2772 4091 vinculorum.
2805 4038 2947 4110 Ergo
2969 4052 3021 4096 et
3046 4059 3208 4113 super
3235 4048 3451 4103 vincula
3483 4053 3759 4108 descende-

2193 4127 2321 4181 bant
2351 4128 2602 4198 lacryma:
2636 4146 2649 4181 :
2682 4146 2801 4200 quae
2848 4143 3025 4188 autem
3075 4152 3142 4191 ex
3173 4140 3403 4196 vinculis
3434 4149 3747 4216 percipiat,

2190 4219 2517 4288 voluptatem
2560 4237 2663 4275 non
2718 4224 2928 4279 sinebat
2976 4229 3175 4283 sentire
3222 4248 3375 4287 mors
3426 4245 3755 4309 cornuum

2190 4310 2455 4379 peribant,
2488 4313 2852 4369 vincientium.
2878 4316 2981 4371 Pro
3010 4319 3116 4373 illis
3138 4323 3338 4392 quippe
3366 4327 3589 4385 dolebat
3618 4350 3633 4385 :
3662 4346 3759 4387 erat

2188 4401 2331 4455 enim
2358 4401 2648 4472 discipulus
2678 4404 2820 4459 illius
2863 4407 2950 4476 qui
2981 4407 3143 4464 ﬂebat
3194 4416 3516 4473 sacerdotes
3559 4421 3755 4476 ludu-

2191 4508 2332 4559 rum,
2366 4510 2470 4547 non
2501 4495 2640 4564 quod
2673 4496 2846 4565 ipsum
2874 4509 3059 4554 essent
3087 4502 3140 4556 in
3187 4518 3408 4562 crucem
3436 4516 3609 4565 acturi
3632 4557 3647 4577 ,
3678 4516 3755 4567 sed

2189 4589 2329 4658 quod
2361 4590 2457 4659 ipsi
2479 4593 2734 4661 perirent.
2762 4593 2869 4649 Nec
2898 4596 3011 4665 ipse
3031 4599 3176 4652 solus
3205 4600 3308 4655 hoc
3331 4602 3484 4669 facit,
3506 4608 3599 4661 sed
3616 4611 3752 4662 etim

2189 4684 2322 4737 alios
2342 4684 2420 4738 sic
2445 4684 2776 4751 exhortatur,
2800 4688 3004 4756 dicens,
3032 4689 3227 4758 Nolite,
3260 4694 3457 4765 inquit,
3477 4700 3604 4766 flere
3626 4719 3753 4767 sapa

2188 4791 2268 4828 me
2291 4814 2305 4841 ,
2341 4775 2463 4844 filia:
2489 4777 2771 4832 Jerusalem
2799 4778 2948 4849 (Luc.
2977 4780 3067 4836 23.
3091 4781 3209 4851 28).
3237 4784 3511 4845 Viderunt
3554 4796 3751 4861 parad:-

2187 4882 2306 4923 sum
2337 4869 2422 4923 isti
2445 4870 2608 4936 oculi,
2640 4871 2897 4949 viderunt
2918 4874 3130 4930 tertium
3162 4878 3393 4945 caelum;
3422 4885 3521 4937 sed
3545 4902 3639 4939 eos
3662 4903 3751 4937 nos

2188 4970 2295 5017 tam
2325 4979 2523 5018 censeo
2565 4965 2751 5019 beatos
2782 4975 2998 5036 propter
3026 4967 3129 5023 hoc
3166 4978 3576 5043 spectaculum,
3609 4997 3747 5048 quam

2187 5066 2403 5126 propter
2428 5055 2691 5127 lacrymas
2734 5072 2829 5126 per
2872 5074 3005 5128 quas
3033 5060 3281 5117 viderunt
3329 5066 3624 5123 Christum.
3655 5072 3748 5125 llo:

2184 5150 2399 5221 quidem
2442 5164 2631 5205 revera
2658 5158 2741 5205 est
2792 5152 3005 5206 beatum
3037 5170 3051 5206 :
3080 5169 3201 5209 nam
3230 5156 3346 5226 ipse
3368 5175 3580 5231 quoque
3604 5163 3672 5217 de
3695 5180 3747 5215 es:

2184 5241 2461 5312 gloriatur,
2485 5242 2667 5296 dicens
2691 5260 2705 5296 :
2726 5239 3097 5298 NonneJesum
3114 5244 3373 5302 Christum
3396 5250 3747 5307 Dominus»

2183 5330 2847 5402 atrumridi(l.Cor.9.l)?
2878 5334 2971 5388 sed
2998 5344 3079 5389 est
3098 5335 3309 5394 beatius
3341 5342 3411 5394 ita
3435 5342 3584 5398 ﬂere.
3620 5345 3747 5399 [llnzs

2184 5422 2470 5492 spectaculi
2518 5422 2669 5476 multi
2696 5423 2910 5478 luerunt
2939 5426 3261 5497 participes;
3290 5440 3347 5484 et
3390 5448 3487 5486 eos
3532 5436 3622 5503 qui
3652 5451 3747 5488 non

2183 5514 2395 5571 fuerunt
2421 5516 2741 5585 participes,
2772 5532 2956 5571 rursus
3004 5517 3188 5573 beatos
3254 5528 3561 5591 pronuntiat
3608 5530 3748 5581 Chri-

2182 5618 2300 5663 stus
2323 5650 2338 5675 ,
2366 5608 2551 5664 dicens
2574 5648 2590 5674 ,
2619 5606 2763 5662 Beati
2804 5610 2893 5680 qui
2931 5626 3031 5665 non
3081 5612 3315 5667 viderunt
3363 5627 3411 5670 et
3439 5621 3749 5672 crediderant

2186 5704 2364 5776 (Joan.
2393 5702 2483 5757 20.
2511 5704 2606 5771 29)
2637 5720 2651 5756 :
2681 5703 2784 5758 hoc
2834 5712 3011 5758 autem
3066 5720 3174 5759 non
3229 5708 3382 5762 multi
3432 5721 3553 5764 sunt
3600 5727 3745 5767 asse.

2182 5796 2353 5867 quuti.
2379 5795 2434 5851 Si
2480 5796 2621 5850 enim
2668 5795 2756 5852 hic
2802 5811 3022 5853 manere
3053 5809 3274 5869 pr0pter
3320 5802 3587 5859 Christum
3616 5847 3630 5867 ,
3671 5814 3745 5857 est

2186 5887 2354 5959 magis
2381 5887 2739 5946 necessarium
2779 5902 2935 5959 quam
2960 5889 3182 5947 dissolvi
3233 5903 3290 5949 ut
3336 5895 3402 5951 sit
3442 5912 3559 5952 cum
3592 5898 3745 5969 ipso,
