4032 6534
214 447 339 506 383
1120 442 1186 498 IN
1224 441 1442 501 EPIST.
1473 441 1563 496 AD
1597 434 1885 495 COLOSS.
1915 437 2067 497 CAP.
2107 440 2199 498 IV.
2234 442 2467 500 HOMIL.
2507 442 2625 500 Χῐῐ.
3360 443 3469 500 586

216 564 312 616 λιν
344 558 438 624 τὺ,
471 558 593 624 Ἐν,
616 554 705 611 διὰ
723 553 954 628 Κυρίου,
983 556 1147 610 ἐστίν’
1169 556 1336 620 Αὐτός
1357 573 1440 609 σοι
1467 555 1686 619 ἔδωκεν,
1707 554 1804 622 οὐχ
1917 550 2112 607 ἐκεῖνοι
2144 556 2211 610 τά
2234 557 2445 626 δάκρυα
2470 576 2485 621 ς
2555 554 2965 626 Μνημονεύετέ
2984 572 3126 624 μου,
3154 555 3321 624 φησὶ,
3354 555 3477 608 τῶν

215 651 423 721 ἡμεῖς.
477 645 778 709 Κάκείνους
834 644 1150 698 ὑποτάττει·
1197 642 1363 713 αὐτῷ,
1413 641 1490 712 τῷ
1545 640 1811 694 δεικνύειν
1914 641 2207 710 δακρύων,
2265 644 2452 716 ῶσπερ
2479 646 2586 698 τῶν
2610 644 2822 716 δεσμῶν
2849 644 3099 698 ἐνταῦθα.
3149 643 3258 696 Καὶ
3328 644 3474 695 είκόο

220 737 387 808 παρὰ
429 735 565 789 Θεοῦ
603 734 807 796 αὐτοὺς
850 732 1342 804 ἐγκεχειρισμένονο
1392 724 1809 798 Μνημονεύετέ
1912 745 2021 792 τως
2074 730 2295 794 ἐκείνοις
2321 733 2492 786 ταῦτα
2530 728 2700 795 εἶπεν,
2732 732 2892 803 ἡνίκα
2927 731 3033 784 ἀπὸ
3076 734 3173 802 τῆς
3248 731 3476 799 Ἐφέσου

215 845 343 894 μου
388 825 511 879 τῶν
561 821 817 891 δεσμῶν.
860 822 934 876 Ἦ
980 819 1150 890 χάρις
1207 822 1334 889 μεθ’
1371 817 1557 888 ὑμῶν.
1598 815 1805 884 Ἀμήν.
1914 818 2110 880 αὐτοὺς
2146 819 2523 889 μετεστείλατο
2549 822 2627 883 είς
2658 819 2756 891 τὴν
2811 819 3069 890 Μίλητον.
3130 818 3477 881 Διδασκάλοις

219 914 333 967 Τὸν
364 913 531 981 φόϐον
547 910 754 963 ἔλυσεν.
780 910 840 962 Εί
862 908 971 979 γὰρ
989 909 1126 962 καὶὸ
1149 907 1461 968 διδάσκαλος
1481 908 1537 958 ἐν
1570 904 1807 973 δεσμοῖς,
1914 903 2023 974 γὰρ
2069 905 2271 974 ἔλεγεν·
2332 905 2469 959 ὥστε
2521 906 2761 967 ἐκείνους
2806 906 2904 977 μὲν
2954 904 3049 959 καὶ
3100 905 3161 958 τὸ
3224 906 3478 975 συνάγειν

220 1002 344 1055 ἀλλ’
398 1003 431 1070 ή
460 998 619 1069 χάρις
650 997 813 1050 αὑτὸν
859 996 997 1049 λύει·
1030 996 1141 1048 Καὶ
1173 994 1327 1047 τοῦτο
1364 995 1461 1063 τῆς
1500 991 1718 1061 χάριτος
1746 987 1811 1042 τὸ
1913 993 2155 1059 ἀπαιτεῖ,
2194 993 2415 1058 τούτους
2446 994 2502 1047 δὲ
2538 995 2599 1047 τὸ
2637 993 2967 1048 κινδυνεύειν
2990 993 3147 1064 μόνον
3181 993 3231 1047 1).

220 1089 542 1157 συγχωρεῖν
602 1084 763 1137 αὐτὸν
805 1083 1067 1153 δεθῆναι·
1115 1080 1276 1134 ἄκουε
1318 1079 1426 1148 γὰρ
1466 1077 1560 1131 τοῦ
1625 1077 1810 1130 Λουκᾶ
1984 1085 2054 1148 γ’.
2077 1080 2241 1135 Ποίαν
2259 1081 2786 1153 βούλειπαραϐαλεῖν
2802 1080 2984 1152 πηγὴν
3002 1079 3481 1151 τοῖςδάκρυσιτού-

162 1252 167 1257 ¹
220 1176 504 1243 λέγοντος,
528 1173 610 1225 ὅτι
639 1170 1047 1239 Ὑπέστρεφον
1069 1171 1123 1222 οἱ
1147 1168 1471 1257 ἀπόστολοι
1494 1163 1813 1257 ὰπύῌπροσ-
1911 1186 2060 1257 τοις;
2090 1168 2187 1240 τὴν
2220 1171 2277 1222 ἐν
2304 1171 2382 1241 τῷ
2419 1170 2751 1241 παραδείσῳ,
2780 1170 2879 1239 τὴν
2908 1166 3228 1232 ποτίζουσαν
3250 1169 3348 1239 τὴν
3377 1170 3483 1239 γῆν

217 1262 399 1315 ώπου
465 1260 572 1314 τοῦ
613 1257 936 1325 συνεδρίου
965 1256 1276 1326 χαίροντες
1306 1252 1395 1305 ὅτι
1448 1247 1811 1317 κατηξιώθη-
1914 1253 2161 1321 ἀπασαν;
2209 1255 2348 1309 Ἀλλ’
2380 1257 2534 1310 οὐδὲν
2560 1257 2671 1310 ἴσον
2703 1258 2847 1328 ἐρεῖς
2866 1272 2880 1285 ο
2907 1254 3045 1326 αὕτη
3076 1256 3181 1328 γὰρ
3207 1258 3239 1327 ἡ
3264 1256 3372 1308 τῶν
3396 1256 3485 1308 δα-

227 1367 357 1404 σαν
383 1348 541 1414 ὑπὲρ
562 1345 669 1399 τοῦ
693 1346 985 1414 ὀνόματος
1008 1341 1194 1399 αὐτοῦ
1221 1335 1636 1408 ἀτιμασθῆναι.
1664 1338 1812 1390 Κατ-

226 1436 543 1506 αξιωθῆναι
563 1434 671 1504 γάρ
686 1435 853 1496 ὅντως
899 1434 1035 1495 ἐστὶ,
1056 1431 1150 1483 καὶ
1165 1429 1225 1481 τὸ
1249 1426 1613 1497 ἀτιμασθῆναι
1640 1424 1814 1478 καὶτὸ

234 1523 687 1595 δεθῆναι.Είγάρ
714 1520 989 1593 ἐρώμενόν
1011 1537 1094 1583 τις
1122 1518 1280 1589 ἔχων,
1301 1516 1489 1588 κέρδος
1517 1515 1726 1585 ἡγεῖται
1749 1513 1815 1565 τὸ

221 1614 291 1666 δι’
311 1612 528 1665 ἐκεῖνόν
544 1628 595 1663 τι
614 1609 829 1674 παθεῖν,
855 1608 1032 1679 πολλῷ
1050 1606 1249 1678 μᾶλλον
1270 1604 1329 1658 τὸ
1343 1603 1431 1657 διὰ
1447 1602 1538 1656 τὸν
1556 1601 1813 1673 Χριστόν.

299 1700 398 1768 Μή
450 1699 630 1751 τοίνυν
693 1695 1054 1767 ἀσχάλλωμεν
1111 1694 1243 1764 περί⁹
1294 1692 1394 1755 τὰς
1469 1690 1674 1759 θλίψεις
1724 1688 1812 1743 διὰ

223 1786 494 1858 Χριστὸν,
524 1786 663 1840 άλλά
714 1783 1143 1855 μνημονεύωμεν
1176 1781 1285 1835 τῶν
1312 1778 1528 1849 δεσμῶν
1593 1775 1811 1830 Παύλου

222 1878 325 1930 καὶ
358 1878 541 1945 ἡμεῖς,
570 1875 663 1941 καὶ
687 1872 844 1927 τοῦτο
873 1873 1011 1925 ἔστω
1029 1872 1185 1941 ἡμῶν
1213 1869 1519 1941 προτροπή’
1549 1862 1680 1932 οἷον,
1700 1883 1807 1919 πα-

228 1966 442 2034 ραινεῖς
465 1980 594 2025 τισι,
643 1962 837 2032 πένησι
867 1959 1049 2014 δοῦναι
1074 1960 1163 2013 διὰ
1196 1957 1428 2029 Χριστόν
1454 1973 1469 2021 ;
1506 1948 1815 2025 ἀνάμνησον

224 2051 432 2112 αὐτοὺς
467 2051 574 2102 τῶν
606 2049 817 2103 Παύλου
862 2047 1101 2118 δεσμῶν,
1131 2046 1231 2100 καὶ
1281 2043 1476 2097 σαυτὸν
1530 2041 1815 2104 κάκείνους

226 2138 549 2202 ταλάνισον,
576 2137 625 2189 εί
658 2137 863 2197 ἐκεῖνος
897 2135 994 2205 μὲν
1021 2134 1116 2188 καὶ
1140 2133 1202 2186 τὸ
1253 2132 1411 2201 σῶμα
1442 2129 1673 2197 ἐξέδωκε
1727 2128 1839 2180 δεο·

229 2227 391 2295 σμοῖς
423 2224 497 2277 δι’
521 2222 704 2287 αὐτὸν,
746 2224 810 2276 σὺ
838 2223 895 2276 δὲ
943 2221 1064 2276 οὐδὲ
1093 2222 1299 2291 τροφῆς
1342 2217 1656 2289 μεταδίδως.
1695 2216 1822 2269 Ἐπ-

228 2314 407 2384 ἡρθης
457 2312 555 2364 ἐπὶ
592 2308 1016 2381 κατορθώμασι;
1056 2308 1425 2379 μνημόνευσον
1473 2303 1582 2358 τῶν
1607 2301 1818 2357 Παύλου

225 2400 475 2470 δεσμῶν,
503 2399 599 2453 καί
628 2399 712 2453 ὅτι
731 2397 885 2451 οὐδὲν
941 2396 1184 2451 τοιοῦτον
1231 2394 1449 2458 ἐπαθες,
1496 2392 1591 2445 καὶ⁵
1634 2390 1817 2444 οὐκέτι

229 2488 553 2559 ἐπαρθήσῃ.
604 2484 983 2556 Ἐπεθύμησας
1012 2482 1120 2538 τῶν
1148 2482 1245 2536 τοῦ
1287 2480 1546 2553 πλησίον;
1609 2478 1819 2551 μνημό-

228 2592 423 2629 νευσον
466 2574 574 2627 τῶν
608 2572 823 2626 Παύλου
854 2570 1092 2642 δεσμῶν,
1141 2571 1235 2624 καὶ
1260 2569 1380 2639 ὄψει
1437 2567 1555 2631 πῶς
1617 2567 1818 2621 ἄτοπον

228 2665 443 2717 ἐκεῖνον
512 2661 613 2732 μὲν
670 2662 731 2715 ἐν
772 2659 1040 2723 κινδύνοις
1091 2653 1273 2724 εἶναι,
1328 2657 1387 2710 σὲ
1441 2654 1499 2708 δὲ
1583 2656 1816 2726 τρυφᾷν.

250 2751 647 2821 Ἐπεθύμησας
693 2748 859 2802 πάλιν
918 2746 1170 2818 τρυφῆς;
1222 2746 1279 2797 ἐν
1309 2742 1384 2814 νῷ
1437 2742 1571 2797 λάϐε
1599 2743 1661 2795 τὸ
1729 2743 1819 2794 δε·-

232 2842 566 2910 σμωτήριον
592 2835 829 2901 ,Παύλου
856 2853 872 2868 ⁸
928 2834 1137 2889 ἐκείνου
1191 2833 1436 2904 μαθητὴς
1478 2828 1548 2898 εἴ,
1609 2829 1819 2884 ἐκείνου

240 2925 684 2997 συστρατιώτης.
726 2923 851 2985 Πῶς
907 2923 1019 2991 ἔχει
1084 2920 1261 2985 λόγον,
1326 2918 1417 2970 τὸν
1454 2934 1553 2987 μεν
1584 2932 1813 2987 συστραο

248 3017 460 3087 τιὼτην
511 3016 569 3066 ἐν
605 3014 823 3083 δεσμοῖς
874 3006 1047 3075 εἶναι,
1111 3009 1171 3061 σὲ
1226 3007 1283 3060 δὲ
1343 3007 1401 3058 ἐν
1461 3008 1674 3077 τρυφῇ;
1731 3002 1819 3056 Ἐν

232 3103 414 3174 θλίψει
458 3103 716 3170 γέγονας,
770 3099 1027 3169 ἐνόμισας
1072 3093 1592 3165 ἐγκαταλελεῖφθαις
1654 3093 1819 3147 ἄκουε

229 3193 339 3245 τῶν
395 3190 614 3245 Παύλου
689 3187 885 3255 λόγων,
962 3186 1059 3238 καὶ
1114 3183 1234 3252 ὄψει
1296 3181 1481 3233 ὅτιτὸ
1538 3182 1595 3231 ἐν
1643 3178 1818 3247 θλίψει

236 3277 376 3335 εἶναι
434 3282 534 3333 οὐκ
589 3274 1031 3347 ἐγκαταλείψεώς
1088 3274 1207 3326 ἐστι
1273 3270 1592 3340 τεκμήριον.
1635 3268 1818 3330 Θέλεις

231 3365 446 3438 σηρικά
478 3367 665 3435 φορεῖν
706 3364 899 3433 ἱμάτια
926 3377 941 3426 ;
998 3359 1306 3429 μνημόνευε
1335 3355 1443 3409 τῶν
1494 3353 1703 3407 Παύλου
1735 3355 1821 3406 δε-

236 3457 415 3529 σμῶν,
472 3455 568 3507 καὶ
596 3453 770 3507 ταῦτά
822 3468 904 3504 σοι
934 3452 1185 3520 φανεῖται
1235 3446 1345 3499 τῶν
1392 3444 1597 3516 ῥακίων
1668 3444 1837 3513 ἀτι--ς

240 3546 447 3615 μότερα
470 3542 581 3596 τῶν
613 3537 1130 3612 βεϐορϐορωμένων.
1153 3534 1342 3596 Θέλεις
1371 3531 1570 3604 χρυσία
1600 3529 1821 3601 περιθέ-

240 3632 401 3699 σθαι;
461 3633 518 3683 ἐν
551 3630 627 3700 νῷ
661 3628 797 3682 λάϐε
828 3628 901 3680 τά
951 3624 1163 3679 Παύλου
1222 3620 1417 3690 δεσμά,
1467 3618 1564 3673 κα)⁸
1608 3618 1818 3689 σχοίνου

241 3720 480 3782 παλαιᾶς
522 3719 674 3771 οὐδὲν
702 3715 929 3786 ἄμεινόν
986 3730 1070 3766 σοι
1097 3710 1238 3777 δόξει
1290 3708 1463 3763 ταῦτα
1497 3706 1816 3761 διακεῖσθαι.

237 3808 435 3870 Θέλεις
458 3805 715 3860 διαθεῖναι
757 3804 859 3864 τάς
896 3802 1109 3873 τρίχας,
1138 3799 1234 3852 καὶ
1292 3796 1432 3867 καλὴ
1489 3795 1815 3865 φαίνεσθαι;

242 3892 499 3961 ἐννόησον
520 3889 609 3942 τὸν
638 3888 852 3959 αὐχμὸν
891 3885 988 3939 τοῦ
1025 3882 1239 3939 Παύλου
1279 3881 1371 3934 τὸν
1399 3882 1457 3933 ἐν
1488 3879 1564 3949 τῷ
1610 3878 1820 3948 δεσμω-

240 3982 439 4050 τηρίῳ,
481 3978 573 4031 καὶ
624 3976 871 4046 ἐκκαήσῃ
927 3973 1064 4044 πρὸς
1124 3971 1300 4024 ἐκεῖνο
1345 3967 1406 4021 τὸ
1454 3967 1666 4030 κάλλος,
1724 3966 1820 4019 καὶ¹

241 4070 400 4122 τοῦτο
430 4067 665 4136 ἐσχάτην
694 4062 844 4135 [415]
872 4062 1053 4133 ἡγήσῃ
1076 4057 1393 4123 δυσείδειαν,
1425 4056 1521 4109 καὶ
1546 4053 1819 4120 στενάξεις

246 4158 459 4229 πικρῶς
486 4154 829 4224 ἐπιθυμοῦσα
856 4153 1079 4204 ἐκείνων
1099 4149 1206 4202 τῶν
1226 4145 1461 4217 δεσμῶν.
1490 4145 1675 4208 Θέλεις
1696 4146 1819 4197 ἐπι-

245 4248 531 4317 τρίμματα
568 4243 664 4296 καὶ
694 4237 1016 4312 ὑπογραφάς
1045 4239 1210 4308 ἑαυτῇ
1242 4234 1564 4303 περιθεῖναι,
1604 4233 1818 4286 καὶὃσα

245 4334 510 4399 τοιαῦτα;
565 4332 818 4400 ἐννόησον
868 4326 937 4381 τὰ
994 4326 1202 4379 ἐκείνου
1253 4324 1464 4392 δάκρυα
1490 4337 1504 4348 °
1554 4322 1814 4392 τριετίαν,

246 4422 415 4476 νύκτα
462 4422 558 4473 καὶ
586 4419 800 4490 ἡμέραν
828 4416 927 4469 οὐκ
955 4412 1188 4467 ἐπαύετο
1218 4410 1486 4481 δακρύων.
1532 4409 1719 4478 Τούτῳ
1740 4407 1818 4478 τῷ

249 4514 434 4583 κόσμῳ
488 4507 801 4571 κσλλῶπιζε
824 4506 923 4577 τὴν
974 4502 1249 4574 ’παρειάν⁸
1295 4499 1468 4551 ταῦτα
1493 4497 1563 4551 τὰ
1609 4498 1819 4567 δάκρυα

248 4598 505 4671 λαμπράν
546 4597 718 4667 αὐτὴν
759 4594 1070 4665 ἐργάζεται.
1108 4590 1181 4644 Ού
1204 4588 1348 4656 λέγω
1382 4588 1470 4640 ἵνα
1525 4585 1666 4656 ὑπὲρ
1709 4585 1817 4638 τῶν

250 4687 418 4742 ἄλλων
465 4683 708 4757 δακρύης
763 4681 1063 4753 (βούλομαι
1106 4678 1203 4749 μὲν
1243 4676 1351 4747 γὰρ
1382 4675 1478 4728 καὶ
1499 4672 1673 4738 τοῦτο,
1703 4673 1818 4726 ἀλλ’

247 4775 513 4845 ἀνώτερόν
562 4772 654 4825 σού
692 4773 805 4825 ἐστι
836 4767 1037 4838 τοῦτο),
1062 4767 1174 4820 ἀλλ’
1203 4765 1339 4833 ὑπὲρ
1369 4762 1474 4815 τῶν
1504 4762 1611 4814 σῶν
1642 4763 1819 4832 ἀμαρ-

249 4864 507 4932 τημάτων
545 4859 705 4912 τοῦτο
734 4856 980 4927 παραινῶ
1010 4856 1203 4907 ποιεῖν.
1240 4850 1561 4912 Ἑκέλευσας
1588 4849 1817 4918 δεσμευ-

252 4950 407 5019 θῆναι
443 4948 630 5008 παῖδα,
662 4946 757 4999 καὶ
783 4942 1056 5015 ὼργίσθης
1085 4943 1178 4994 καὶ
1234 4937 1622 5011 παρωξύνθης;
1681 4953 1819 5008 μνη-

255 5041 443 5109 μόνευε
470 5038 581 5091 τῶν
635 5035 843 5089 Παύλου
883 5031 1118 5101 δεσμῶν,
1178 5029 1272 5083 καὶ
1329 5027 1532 5090 εὐθέως
1592 5026 1819 5090 παύσεις

253 5128 346 5197 τὴν
379 5128 551 5198 ὀργήν
577 5143 591 5158 ·
625 5121 1001 5194 ἀναμνήσθητι
1025 5121 1107 5172 ὅτι
1152 5117 1262 5171 τῶν
1297 5116 1593 5186 δεδεμένων
1636 5117 1817 5185 ἡμεῖς,

255 5214 433 5267 ἀλλὀὐ
461 5200 581 5266 τῶκῗ
597 5211 822 5265 δεόντων
848 5219 892 5273 ⁸,
919 5209 1026 5261 τῶν
1049 5204 1518 5277 συντετριμμένων
1546 5202 1643 5273 τήν
1669 5219 1818 5273 καρ-

256 5301 388 5366 δίαν,
425 5301 538 5354 ἀλλ’
572 5301 635 5354 ού
689 5298 798 5351 τῶν
850 5294 1260 5366 συντριϐόντων.
1294 5290 1555 5361 Διεχύθης
1593 5290 1685 5344 καὶ
1725 5291 1818 5343 άν-

256 5392 559 5460 εκάγχασας
620 5387 799 5457 μέγα;
848 5384 1054 5437 ἔννοιαν
1092 5380 1222 5433 λάϐε
1250 5380 1361 5433 τῶν
1407 5379 1614 5432 ἐκείνου
1661 5377 1817 5445 ὀδυρ-

260 5476 390 5545 μῶν,
457 5478 553 5529 καὶ
614 5474 921 5539 στενάξεις·
984 5469 1162 5539 πολλῷ
1215 5485 1275 5521 σε
1328 5466 1710 5537 λαμπροτέραν
1747 5463 1814 5516 τὰ

255 5563 461 5635 δάκρυα
488 5563 663 5617 ταῦτα
698 5561 986 5614 δείκνυσιν.
1018 5556 1170 5619 Εἶδες
1199 5554 1518 5627 τρυφῶντας
1568 5555 1664 5606 καὶ
1717 5552 1815 5623 ὀρ-

259 5656 581 5723 χουμένουςς
643 5651 1008 5722 μνημόνευσον
1049 5646 1210 5700 αὑτοῦ
1242 5647 1351 5699 τῶν
1379 5643 1645 5717 δακρύων.
1682 5642 1816 5696 Ποία

424 5741 663 5796 τοσαῦτα
714 5738 972 5792 ἀνέϐλυσε
1028 5736 1263 5805 νάματα,
1320 5733 1396 5796 ὡς
1448 5734 1497 5785 οἱ
1550 5731 1817 5802 ὀφθαλμοὶ

319 5887 343 5908 ¹⁵
367 5887 503 5938 Unus
518 5888 624 5938 cod.
647 5894 698 5936 et
722 5899 871 5957 marg.
899 5882 1047 5933 Savil.
1077 5881 1389 5943 δεσμούντων.

1913 1340 2097 1411 κρύων
2126 1342 2278 1413 πηγὴ
2324 1342 2501 1413 ψυχὰς
2548 1343 2828 1409 ἐπότιζεν,
2871 1343 2931 1395 ού
2974 1342 3096 1412 γῆν.
3145 1342 3212 1395 EE
3236 1359 3320 1405 τις
3351 1345 3483 1414 ἡμῖν

1913 1428 2312 1501 δεδακρυμένον
2362 1431 2528 1496 ἔδειξε
2584 1430 2794 1486 Παῦλον
2851 1431 2946 1485 καὶ
3006 1429 3361 1495 στενάζοντα,
3420 1430 3481 1483 οὐ

1916 1516 2097 1587 πολλῷ
2142 1514 2211 1589 ἦν
2256 1519 2458 1589 βέλτιον
2488 1520 2643 1583 ἰδεῖν,
2674 1519 2706 1591 ἢ
2738 1521 2931 1592 χοροὺς
2980 1518 3205 1591 μυρίους
3246 1518 3484 1590 φαιδρῶς

1918 1606 2433 1677 ἐστεφανωμένουςς
2488 1606 2562 1660 Οὐ
2610 1607 2752 1677 λέγω
2798 1608 2923 1679 περὶ
2962 1608 3150 1678 ὑμῶν’
3184 1606 3297 1661 ἀλλ’
3332 1607 3383 1659 εί
3403 1623 3485 1669 τις

1917 1692 2025 1745 ἀπὸ
2048 1693 2143 1745 τοῦ
2166 1693 2393 1766 θεάτρου
2418 1695 2510 1747 καὶ
2528 1695 2626 1764 τῆς
2649 1694 2854 1764 σκηνῆς
2879 1693 3202 1757 ἀποσπάσας
3225 1691 3347 1746 τινὰ
3375 1690 3487 1744 τῶν

1917 1781 2231 1835 ἀκολάστων
2263 1783 2617 1850 ἐκκαιόμενον
2666 1783 2760 1837 καὶ
2809 1782 3207 1854 βακχευόμενον
3257 1780 3335 1850 τῷ
3378 1780 3486 1834 τῶν

1921 1870 2188 1937 σωμάτων
2212 1868 2395 1940 ἔρωτι,
2423 1870 2630 1923 ἐδείκνυ
2653 1871 2824 1943 κόρην
2848 1869 3113 1941 παρθένον
3136 1871 3194 1922 ἐν
3216 1868 3363 1939 αύτῷ
3387 1867 3488 1938 τῆς

1919 1954 2137 2025 ἡλικίας
2166 1956 2245 2027 τῷ
2276 1957 2424 2010 ἄνθει
2451 1956 2520 2009 τά
2549 1974 2607 2011 τε
2641 1957 2777 2011 ἄλλα
2802 1956 3039 2011 νικῶσαν
3074 1956 3172 2020 τὰς
3198 1956 3486 2027 ὁμήλικας,

1920 2044 2014 2097 καὶ
2045 2048 2112 2116 τῇ
2143 2045 2264 2115 ὄψει
2299 2047 2438 2118 ὑπὲρ
2471 2046 2539 2100 τά
2567 2046 2728 2100 λοιπά
2769 2046 2927 2118 μέλη,
2966 2046 3239 2118 ὀφθαλμὸν
3263 2046 3489 2116 ἔχουσαν

1921 2130 2126 2187 ἁπαλὸν
2151 2133 2245 2186 καὶ
2289 2133 2530 2203 μαλακὸν
2564 2134 2936 2206 ἐγκαθήμενον
2966 2134 3167 2204 ἡρέμα,
3203 2151 3489 2205 περιστρε-

1921 2220 2153 2291 φόμενον
2190 2222 2398 2292 ἡρέμα,
2436 2223 2623 2293 ὑγρὸν,
2658 2224 2885 2294 ἥμερον,
2912 2222 3143 2294 γαληνὸν
3175 2222 3489 2293 μειδιῶντα,

1920 2308 2015 2363 καὶ
2066 2308 2233 2380 πολλῇ
2285 2310 2383 2380 μὲν
2420 2310 2878 2377 περιεσταλμένον
2920 2314 2987 2382 τῇ
3023 2311 3187 2376 αἰδοῖ,
3233 2309 3400 2380 πολλῇ
3431 2310 3489 2362 δέ

1920 2397 1987 2465 τῇ
2017 2395 2233 2466 χάριτι,
2284 2396 2566 2467 βλεφαρίσι
2608 2401 2835 2459 κυαναῖς
2869 2398 3110 2451 κάτωθεν
3147 2400 3240 2452 καὶ
3286 2398 3490 2451 ἄνωθεν

1922 2483 2393 2556 ἐστεφανωμένην,
2449 2486 2547 2554 τὴν
2607 2485 2773 2556 κόρην
2825 2485 3095 2556 ἔμψυχον,
3151 2486 3226 2549 ὡς
3278 2487 3489 2549 εἰπεῖν,

1923 2571 2152 2641 ἔχουσαν
2183 2615 2197 2639 ,
2246 2572 2464 2643 λάμπον
2502 2573 2562 2627 τὸ
2608 2574 2890 2643 μέτωπον,
2923 2573 3165 2627 κάτωθεν
3204 2574 3365 2626 πάλιν
3392 2573 3491 2644 τὴν

1921 2658 2155 2729 παρειὰν
2185 2661 2264 2723 είς
2293 2660 2494 2728 ἀκριϐῆ
2530 2661 2866 2731 ἐρυθρότητα
2895 2662 3315 2732 ἀφικνουμένην,
3349 2679 3490 2731 μαρ-

1929 2746 2101 2817 μάρου
2131 2745 2285 2815 δίκην
2333 2747 2482 2800 λείαν
2522 2748 2885 2817 ὑποκειμένην
2908 2787 2923 2811 ,
2950 2750 3157 2820 ὁμαλήν
3178 2767 3191 2782 ο
3239 2743 3357 2801 εἶτά
3402 2768 3491 2819 μοι

1925 2831 2092 2897 ἔδειξε
2137 2832 2344 2887 Παῦλον
2382 2832 2704 2905 δακρύοντα,
2740 2835 2946 2906 ταύτην
2974 2837 3040 2889 ἂν
3087 2838 3242 2906 ἀφεὶς
3281 2841 3492 2907 ἐπεπή-

1925 2920 2063 2991 δησα
2107 2923 2173 2991 τῇ
2223 2921 2411 2974 τούτου
2462 2921 2590 2992 θέᾳ’
2639 2922 2831 2984 κάλλος
2876 2923 2984 2994 γάρ
3018 2925 3339 2995 ἀπέλαμπεν
3384 2925 3493 2978 άπὸ

1924 3009 2127 3063 τούτων
2147 3012 2255 3064 τῶν
2281 3009 2573 3080 ὀφθαλμῶν
2596 3012 2989 3082 πνευματικόν.
3027 3013 3232 3066 Ἐκεῖνο
3260 3014 3356 3084 μὲν
3384 3014 3492 3085 γάρ

1927 3100 2072 3150 ποιεῖ
2115 3097 2422 3161 ἐξίστασθαι
2465 3097 2600 3149 νέων
2653 3097 2847 3167 ψυχάς,
2889 3099 3101 3151 ἐκκαίει
3134 3100 3226 3152 καὶ
3270 3101 3489 3168 φλέγειο

1923 3185 2084 3239 τοῦτο
2112 3186 2169 3240 δὲ
2197 3186 2502 3239 τούναντίον
2533 3186 2899 3240 καταστέλλει.
2926 3188 3126 3241 Τούτου
3153 3191 3276 3252 τοὺς
3297 3191 3494 3258 ὀφθαλ-

1929 3276 2062 3346 μοὺς
2087 3276 2115 3328 6
2152 3274 2291 3343 δρῶν
2327 3274 2652 3345 ὡραιότερον
2694 3275 2784 3327 τὸν
2809 3275 2908 3345 τῆς
2950 3275 3127 3345 ψυχῆς
3165 3279 3492 3346 ἐργάζεται,

1923 3362 2184 3433 κατασπᾷ
2225 3361 2500 3431 γαστέρα,
2548 3362 2862 3431 φιλοσοφίας
2903 3363 3225 3435 ἐμπίπλησι,
3274 3382 3493 3436 συμπατ-

1926 3448 2079 3512 θείας
2129 3448 2365 3518 πολλῆς,
2422 3451 2513 3503 καὶ
2568 3449 2933 3519 ἀδαμαντίνην
2991 3451 3224 3521 μαλάξαι
3274 3454 3493 3507 δύναται

1924 3537 2121 3609 ψυχήν.
2154 3536 2376 3600 Τούτοις
2403 3537 2621 3608 ἄρδεται
2655 3538 2689 3607 ἡ
2734 3536 3061 3607 Ἐκκλησία,
3092 3539 3302 3603 τούτοις
3324 3541 3494 3611 ψυχαὶ

1924 3626 2244 3693 φυτεύονται
2278 3622 2426 3696 [416]
2448 3627 2559 3686 τοῖς
2591 3624 2820 3694 δάκρυσι
2839 3638 2851 3650 ·
2882 3624 2987 3678 κᾶν
3014 3624 3127 3696 πῦρ
3147 3622 3203 3698 ᾖ,
3223 3627 3396 3681 ταῦτα
3423 3630 3493 3684 τὰ

1923 3712 2137 3783 δάκρυα
2181 3712 2372 3765 σϐέσαι
2400 3711 2642 3776 δύναται,
2674 3714 2767 3765 καὶ
2797 3711 3053 3782 αἰσθητὸν
3076 3724 3098 3752 ο
3130 3716 3223 3766 καὶ
3253 3733 3493 3785 σωματι-

1924 3800 2039 3855 κόν*
2062 3800 2236 3855 ταῦτα
2258 3801 2327 3856 τά
2350 3800 2559 3870 δάκρυα
2582 3798 2653 3852 τά
2676 3799 2806 3869 βέλη
2835 3798 2929 3852 τοῦ
2954 3800 3197 3871 Πονηροῦ
3217 3802 3285 3855 τά
3312 3820 3492 3857 πεπυο

1928 3888 2146 3959 ρωμένα
2169 3887 2358 3943 σϐέννυ
2367 3906 2436 3941 σι.
2456 3889 2578 3959 Μνη
2587 3886 2901 3957 μονεύωμεν
2919 3888 3098 3941 τοίνυν
3115 3890 3225 3942 τῶν
3239 3890 3492 3962 δακρύων

1924 3974 2112 4042 αὑτοῦ,
2144 3976 2238 4029 καὶ
2279 3975 2495 4029 πάντων
2527 3975 3011 4044 καταγελασόμεθα
3043 3976 3154 4030 τῶν
3184 3979 3489 4047 παρόντων.

1924 4063 2112 4117 Ταῦτα
2159 4061 2495 4135 ἐμακάριζεν
2546 4064 2575 4115 6
2613 4062 2848 4133 Χριστὸς
2893 4062 2963 4115 τὰ
2999 4062 3229 4135 δάκρυα,
3284 4066 3489 4133 λέγων·

1924 4151 2212 4220 Μακάριοι
2244 4152 2299 4206 οὶ
2326 4150 2707 4215 πενθοῦντες,
2738 4150 2836 4202 καὶ
2863 4149 3138 4219 μακάριοι
3167 4154 3221 4204 ol
3254 4152 3493 4206 κλαίον-

1922 4257 2043 4305 τες,
2060 4238 2150 4293 ὅτι
2174 4237 2343 4293 αὐτοὶ
2359 4236 2738 4307 γελάσονται.
2757 4236 2991 4289 Τοιαῦτα
3011 4237 3105 4290 καὶ
3130 4238 3377 4304 Ἡσαΐας,
3397 4240 3492 4292 καὶ

1934 4327 2203 4398 Ἱερεμίας
2234 4325 2383 4395 ἠφίει
2422 4325 2634 4394 δάκρυα
2654 4338 2666 4352 ⁸
2702 4324 2797 4376 καὶ
2834 4326 2863 4377 6
2895 4323 2994 4392 μὲν
3026 4323 3209 4391 ἔλεγεν
3229 4342 3243 4356 ·
3277 4325 3490 4394 Ἀφετέ

1919 4432 2027 4483 με,
2055 4415 2278 4481 πικρῶς
2309 4414 2647 4482 κλαύσομαι
2668 4428 2680 4440 ·
2724 4414 2753 4464 6
2788 4411 2845 4463 δέ
2873 4410 3045 4478 ἔλεγε·
3087 4413 3181 4477 Τίς
3211 4412 3386 4467 δώσει
3412 4414 3489 4483 τῇ

1923 4501 2157 4572 κεφαλῇ
2189 4519 2308 4571 μου
2347 4500 2534 4569 ὕδωρ,
2576 4498 2674 4553 καὶ
2712 4498 2835 4564 τοῖς
2867 4499 3196 4568 ὀφθαλμοῖς
3226 4519 3347 4569 μου
3375 4518 3489 4571 πη-

1923 4592 2028 4660 γὰς
2059 4590 2363 4656 δακρύωνς
2399 4588 2476 4652 ὡς
2507 4588 2607 4641 οὐκ
2639 4587 2912 4659 ἀρκούσης
2951 4589 3050 4656 τῆς
3093 4590 3345 4660 φυσικῆς.
3383 4593 3488 4645 Οὐ..

1923 4678 2011 4731 δέν
2065 4678 2171 4730 τῶν
2215 4674 2466 4747 δακρύων
2520 4675 2722 4729 τούτων
2772 4676 2918 4745 ήδιον
2941 4692 2955 4705 ’
3006 4676 3207 4741 παντὸς
3254 4678 3491 4746 γέλωτος

1922 4766 2095 4820 ταῦτα
2124 4764 2380 4835 ἡδύτερα.
2416 4766 2624 4818 Ἴσασιν
2668 4766 2717 4818 οί
2763 4765 3118 4831 πενθοῦντες,
3158 4767 3330 4839 πόσην
3375 4768 3488 4839 ἔχει

1922 4855 1985 4908 τὸ
2028 4856 2258 4924 πρᾶγμα
2308 4853 2681 4924 παραμυθίαν.
2728 4853 2817 4925 Μή
2868 4854 3138 4908 ἀπευκτὸν
3180 4857 3312 4909 αὐτὸ
3349 4853 3488 4911 εἶναι

1924 4943 2265 5013 νομίζωμεν,
2319 4941 2455 4995 ἀλλά
2510 4942 2605 4995 καὶ
2662 4940 2863 5011 σφόδρα
2914 4941 3125 4995 εὐκτόν.
3182 4945 3291 5014 Οὐχ
3347 4943 3487 4998 ὥστε

1925 5030 2143 5101 ἐτέρους
2178 5029 2530 5100 ἁμαρτάνειν,
2582 5028 2697 5082 ἀλλ’
2734 5027 2876 5081 ὥστε
2927 5030 3349 5099 ἁμαρτανόντων
3386 5032 3487 5085 αύ-

1922 5118 2029 5171 τῶν
2072 5119 2217 5188 ἡμᾶς
2245 5116 2614 5171 κατακλᾶσθαι
2632 5157 2647 5179 ,
2679 5118 2884 5170 τούτων
2931 5117 3356 5188 μνημονεύωμεν
3380 5118 3488 5171 τῶν

1922 5205 2193 5275 δακρύων,
2223 5204 2425 5258 τούτων
2456 5204 2564 5257 τῶν
2591 5205 2822 5275 δεσμῶν.
2856 5205 2997 5273 Ἀρα
3027 5205 3123 5257 καὶ
3156 5205 3246 5256 ἐπὶ
3275 5204 3385 5257 τῶν
3406 5205 3489 5258 δε-

1925 5290 2076 5358 σμῶν
2103 5291 2313 5362 δάκρυα
2336 5290 2654 5345 κατέϐαινεν
2673 5309 2685 5323 ·
2708 5291 2807 5343 οὐκ
2833 5291 2980 5359 ήφίει
3003 5290 3058 5342 δὲ
3080 5290 3238 5343 αὐτὸν
3260 5291 3356 5359 τῆς
3380 5292 3489 5344 ἀπὸ

1922 5380 2029 5432 τῶν
2061 5379 2273 5449 δεσμῶν
2307 5378 2499 5449 ἡδονῆς
2528 5378 2887 5431 αἰσθάνεσθαι
2906 5379 3015 5430 τῶν
3044 5377 3430 5447 ἀπολλυμένων
3460 5380 3490 5430 6

1924 5466 2171 5531 θάνατος,
2219 5465 2330 5519 τῶν
2375 5465 2736 5536 δεσμούντων.
2780 5466 2891 5519 Καὶ
2935 5464 3044 5536 γάρ
3086 5464 3226 5535 ὑπὲρ
3268 5465 3489 5518 ἐκείνων

1923 5556 2077 5628 ήλγει
2097 5572 2111 5587 '
2141 5556 2390 5628 μαθητὴς
2413 5556 2521 5625 γάρ
2548 5552 2616 5627 ἦν
2641 5556 2850 5609 ἐκείνου
2880 5555 2975 5608 τοῦ
3006 5555 3333 5627 δακρύοντος
3363 5556 3489 5621 τοὺς

1958 5750 2013 5825 ἰ)
2035 5750 2087 5797 Si
2110 5747 2231 5823 ﬁdcg‘.
2253 5745 2475 5823 Halgsio,
2517 5745 2589 5796 sic
2620 5744 2871 5809 scripserit
2892 5745 3084 5808 (ΗΠ-γι,
3103 5746 3159 5795 τὸ
3183 5742 3484 5808 συναλγεῖν...

1926 5830 1976 5861 το
1998 5828 2299 5870 μνημονεύειν
2320 5826 2475 5870 μονον.

1988 5877 2007 5904 ε
2025 5873 2209 5923 Mavult
2231 5874 2442 5923 Duuzeus
2464 5872 2760 5931 ἀναίσθητον.
