4032 6524
616 443 722 499 58⁸3

619 559 799 624 ἱερέας
828 555 934 609 τῶν
985 537 1278 614 ’⁸1ουδαίων,
1321 547 1418 616 ούχ
1457 547 1538 620 ὅτι
1567 546 1730 601 αὐτὸν
1767 544 1995 615 ἔμελλον
2040 559 2197 596 σταυ-

618 646 765 714 ροῦν,
806 642 921 696 ἀλλ’
954 641 1037 693 ὅτι
1065 637 1221 692 αὐτοὶ
1251 635 1588 691 ἀπώλλυντο.
1623 635 1731 687 Καὶ
1770 635 1869 686 οὐκ
1901 633 2066 695 αὐτὸς
2101 633 2199 702 μό-

615 749 704 794 νος
734 729 866 783 αὐτὸ
907 729 1071 790 ποιεῖ,
1109 723 1246 778 ἀλλά
1279 723 1374 776 καὶ
1399 724 1525 786 τοὺς
1553 722 1744 784 ἄλλους
1773 720 1916 774 οὕτω
1945 735 2200 788 παρακα-

614 819 719 878 λεῖ,
739 817 912 884 λέγων
938 830 952 844 ο
977 815 1074 880 Μὴ
1100 811 1337 865 κλαίετε
1361 810 1452 864 ἐπ’
1479 809 1602 879 ἐμὲ,
1634 807 1954 877 θυγατέρες
1987 808 2200 874 Ἰερου-

613 903 841 971 σαλήμ.
868 899 1023 954 Εἶδον
1042 901 1134 953 τὸν
1160 899 1484 969 παράδεισον
1505 891 1653 950 οὗτοι
1672 900 1720 950 οἱ
1742 895 2033 966 ὀφθαλμοὶ,
2058 892 2199 948 εἶδον

612 993 703 1045 τὸν
746 991 928 1062 τρίτον
965 986 1232 1059 οὐρανόν·
1266 987 1380 1039 ἀλλ’
1426 986 1486 1038 ού
1521 985 1813 1056 μακαρίζω
1848 984 2048 1045 αὐτοὺς
2097 982 2200 1052 τῆς

615 1081 742 1143 θέας
769 1079 970 1148 ταύτης
999 1079 1188 1130 ἕνεκεν
1212 1075 1406 1140 οὕτως,
1435 1076 1511 1139 ὡς
1535 1076 1643 1127 τῶν
1673 1073 1928 1143 δακρύων
1950 1073 2195 1134 ἐκείνων,

612 1171 680 1223 δι’
705 1163 778 1222 ὦν
805 1164 943 1221 εἶδον
966 1167 1058 1219 τὸν
1087 1166 1343 1233 Χριστόν.
1368 1163 1655 1236 Μακάριον
1681 1165 1780 1234 μὲν
1809 1163 1978 1225 ὅντως
1998 1159 2158 1214 τοῦτο
2180 1175 2195 1189 ’

614 1258 838 1327 καὶγὰρ
866 1257 957 1308 καὶ
980 1253 1140 1316 αὐτὸς
1173 1254 1259 1306 ἐπ’
1284 1251 1434 1322 αὐτῷ
1465 1252 1789 1322 σεμνύνεται
1820 1251 2016 1318 λέγων·
2048 1247 2196 1317 Οὐχὶ

625 1345 869 1414 Ἰησοῦν
902 1344 1162 1413 Χριστὸν
1194 1345 1302 1398 τὸν
1327 1345 1547 1412 Κύριον
1573 1339 1742 1410 ἡμῶν
1767 1339 2032 1406 ἐώρακσ;
2061 1337 2198 1391 ἀλλὰ

618 1432 1035 1506 μακαριώτερον
1067 1432 1128 1485 τὸ
1172 1431 1440 1500 δακρῦσαι
1475 1428 1667 1491 οὕτως.
1726 1428 1967 1480 Ἐκείνου
2009 1425 2194 1480 πολλοὶ

615 1526 1041 1592 κεκοινωνήκασι
1077 1521 1172 1574 τοῦ
1205 1521 1495 1590 θεάματος,
1532 1519 1626 1572 καὶ
1665 1517 1791 1580 τοὺς
1826 1515 1900 1588 μὴ
1933 1513 2195 1584 κοινωνή-

616 1629 816 1674 σαντας
851 1609 1145 1679 μακαρίζει
1195 1608 1357 1661 πάλιν
1388 1606 1641 1676 Χριστὸς,
1664 1606 1869 1673 λέγων’
1905 1602 2194 1671 Μακάριοι

613 1705 667 1754 οἱ
709 1699 795 1769 μὴ
831 1699 1091 1762 ἰδόντες,
1145 1695 1246 1748 καὶ
1291 1695 1770 1758 πιστεύσαντες-ο
1800 1692 1993 1744 τούτου
2041 1690 2097 1742 δὲ
2134 1689 2192 1743 ού

614 1784 800 1842 πολλοὶ
841 1786 1122 1854 ἐπέτυχον.
1165 1783 1222 1835 EE
1257 1785 1364 1855 γάρ
1393 1781 1454 1836 τὸ
1495 1781 1672 1852 μένειν
1716 1781 1801 1834 διὰ
1833 1778 2069 1850 Χριστδν
2113 1780 2197 1829 ἐν-

613 1878 785 1932 ταῦθα
815 1876 910 1930 τοῦ
955 1874 1215 1929 ἀναλῦσαι
1266 1873 1400 1944 πρὸς
1440 1871 1601 1924 αὑτὸν
1639 1869 2064 1938 ἀναγκαιότερον
2109 1866 2196 1919 διά

613 1966 710 2036 τὴν
741 1964 1015 2035 σωτηρίαν
1050 1962 1158 2015 τῶν
1187 1960 1383 2023 ἄλλων,
1407 1959 1515 2031 ἄρα
1544 1958 1640 2011 καὶ
1667 1958 1762 2010 τοῦ
1793 1958 1919 2010 ἰδεῖν
1947 1956 2108 2009 αὑτὸν
2136 1954 2196 2007 τὺ

613 2054 681 2108 δι’
719 2053 919 2116 αὐτοὺς
965 2050 1216 2115 στενάξαι
1252 2047 1699 2117 ἀναγκαιότερον.
1741 2046 1803 2098 Εἰ
1834 2044 1944 2114 γὰρ
1968 2033 2064 2097 ’τοῦ
2099 2043 2196 2095 σὺν

615 2141 764 2212 αὑτῷ
792 2135 930 2193 εἶναι
957 2139 1016 2190 τὸ
1048 2137 1114 2189 δι’
1151 2136 1313 2208 αὐτὸν
1354 2137 1434 2198 είς
1461 2135 1686 2203 γέενναν
1717 2130 1858 2186 εἶναι
1889 2131 2195 2184 ποθεινότε-

617 2246 732 2300 ρον,
763 2228 856 2279 καὶ
895 2225 989 2279 τού
1022 2226 1259 2278 συνεῖναι
1300 2221 1449 2292 αύτῴ
1474 2222 1535 2275 τὸ
1572 2219 1901 2293 χωρίζεσθαι
1932 2217 2099 2272 αὐτοῦ
2127 2216 2196 2271 δι’

615 2316 778 2368 αὑτὸν
816 2313 1193 2384 ποθεινότερον
1226 2310 1414 2380 (τοῦτο
1457 2311 1566 2380 γάρ
1616 2311 1764 2362 ἐστιν
1803 2308 1941 2384 ὅπερ
1977 2307 2194 2374 ἔλεγενο

615 2404 903 2472 Ηὺχόμην
923 2400 1188 2470 ἀνάθεμα
1215 2395 1368 2453 εἷναι
1398 2397 1579 2462 αὐτὸς
1594 2396 1709 2468 ἐγὼ
1728 2397 1848 2452 ἀπὸ
1868 2395 2161 2465 Χριστοῦ)
2181 2413 2194 2425 ·

616 2490 794 2562 πολλῷ
827 2489 1027 2561 μᾶλλον
1055 2491 1147 2542 καὶ
1167 2488 1228 2540 τὸ
1255 2487 1514 2559 δακρύειν
1543 2487 1612 2540 δι’
1654 2486 1840 2540 αὐτόν.
1868 2487 1990 2538 Οὐκ
2020 2484 2201 2537 ἐπαυ-

614 2581 846 2651 σάμην,
879 2579 1041 2650 φησὶ,
1072 2579 1223 2648 μετὰ
1268 2577 1545 2646 δακρύων
1585 2575 1889 2631 νουθετῶν
1918 2573 2028 2628 ἕνα
2067 2573 2202 2626 ἔκα-

613 2685 784 2722 στον.
823 2668 922 2721 Διὰ
958 2666 1047 2731 τίς
1081 2665 1215 2735 Ούχὶ
1256 2667 1382 2728 τοὺς
1430 2663 1712 2726 κινδύνους
1752 2661 2041 2726 δεδοικὼς⁶
2083 2659 2198 2714 ἀλλ’

615 2756 806 2827 ὥσπερ
855 2755 920 2808 ἄν
954 2771 1039 2816 τις
1080 2751 1394 2806 ἀσθενοῦντι
1437 2751 1925 2822 παρακαθήμενος,
1969 2750 2064 2802 καὶ
2125 2748 2198 2820 μὴ

616 2847 774 2908 εἰδὼς
790 2847 850 2899 τὸ
867 2845 1037 2910 τέλος,
1062 2841 1286 2914 δακρύοι
1304 2843 1388 2894 διὰ
1415 2841 1601 2903 πόθον,
1619 2840 1871 2904 δεδοικὼς
1895 2840 1968 2911 μὴ
1990 2840 2198 2910 ἐκπέσῃ

616 2935 717 3006 τῆς
745 2933 892 3002 ζωῆς
916 2949 928 2961 ·
961 2931 1103 2984 οὕτω
1138 2931 1232 2984 καὶ
1265 2930 1449 2994 αὐτὸς,
1489 2931 1618 2981 ὅταν
1657 2927 1797 2982 εἶδεν
1835 2927 2198 2992 ἀσθενοῦντα,

617 3024 713 3076 καὶ
756 3020 1054 3089 ἐπιπλῆξαι
1086 3019 1185 3072 οὐκ
1228 3019 1482 3087 ἴσχυσεν,
1509 3015 1738 3086 ἐδάκρυε
1772 3015 1978 3068 λοιπόν.
2029 3013 2200 3066 Τοῦτο

617 3110 714 3163 καὶ
735 3111 762 3161 6
792 3107 1025 3179 Χριστὸς
1056 3107 1332 3174 ἐποίησεν,
1361 3105 1446 3156 ἵνα
1469 3102 1571 3157 κᾶν
1600 3103 1669 3154 τά
1699 3102 1908 3171 δάκρυα
1933 3100 2196 3154 αἰδεσθῶ-

620 3215 704 3250 σιν
731 3214 746 3228 ·
773 3190 904 3258 οἷον,
935 3195 1218 3265 ἡμάρτανε
1248 3210 1365 3256 τις;
1399 3193 1633 3260 ἐπετίμα
1658 3207 1672 3219 ⁸
1703 3190 2005 3243 κατέπτυεν
2032 3188 2197 3243 αύτοῦ

617 3286 646 3338 6
678 3282 1101 3354 ἐπιτιμώμενος,
1151 3281 1244 3334 καὶ
1296 3279 1584 3350 ἀπεπήδα;
1638 3278 1920 3347 ἐδάκρυεν,
1965 3278 2052 3330 ἵνα
2093 3275 2198 3330 κᾶν

618 3372 790 3438 οὕτως
819 3371 1209 3441 ἐπισπάσηται.

691 3491 840 3564 [M7]
863 3489 922 3543 δ’.
949 3489 1168 3544 Τούτων
1187 3486 1618 3559 μνημονεύωμεν
1645 3485 1753 3538 τῶν
1769 3483 2036 3555 δακρύων·
2055 3482 2198 3536 οὕτω

617 3580 718 3644 τὰς
750 3580 1054 3650 θυγατέρας
1083 3578 1480 3648 ἀνατρέφωμεν
1516 3575 1614 3637 τὰς
1640 3572 1869 3640 ἑαυτῶν,
1897 3574 2040 3627 οὓτω
2071 3573 2198 3635 τοὺς

619 3670 838 3733 παῖδας,
860 3667 1185 3739 δακρύοντες
1196 3667 1323 3720 ὅταν
1341 3666 1538 3734 ἴδωμεν
1557 3665 1616 3716 ἐν
1636 3666 1822 3726 κακοῖς
1837 3663 2016 3723 ὄντας.
2037 3663 2196 3715 Ὅσαι

618 3757 846 3826 ἐρᾶσθαι
891 3755 1206 3826 βούλονται,
1257 3753 1745 3824 μνημονευέτωσαν
1788 3752 1898 3804 τῶν
1944 3751 2197 3821 δακρύων

621 3845 835 3898 Παύλου
855 3881 871 3906 ,
899 3844 994 3896 καὶ
1021 3842 1428 3906 στεναζέτωσαν
1449 3857 1462 3869 ·
1490 3841 1614 3894 ὅσαι
1645 3839 2012 3910 μακαρίζεσθε
2032 3879 2048 3902 ,
2075 3841 2197 3893 ὅσαι

620 3935 680 3985 ἐν
695 3931 958 3999 θαλάμοις
983 3930 1126 3992 ἐστὲ,
1147 3930 1268 3982 ὅσαι
1287 3930 1345 3981 ἐν
1366 3929 1548 3999 ἡδονῇ,
1566 3927 1771 3982 τούτων
1793 3927 2160 3998 μνημονεύετε
2181 3943 2194 3958 ·

619 4019 736 4072 ὅσοι
769 4020 825 4070 ἐν
857 4018 1066 4080 πένθει,
1095 4016 1424 4069 ἀλλάττεσθε
1449 4016 1656 4085 δάκρυα
1682 4015 1954 4086 δακρύων.
1976 4016 2050 4068 Οὐ
2071 4017 2197 4078 τοὺς

621 4106 927 4168 τεθνεῶτας
961 4106 1167 4168 ἐκεῖνος
1198 4103 1434 4161 ἐπένθει.
1465 4101 1601 4155 ἀλλὰ
1631 4102 1757 4166 τοὺς
1795 4103 2198 4172 ἀπολλυμένους

625 4195 721 4249 καὶ
755 4194 1000 4260 ζῶντας,
1021 4192 1175 4246 Εἴπω
1219 4191 1312 4244 καὶ
1336 4191 1496 4260 ἕτερα
1529 4189 1768 4260 δάκρυα;
1804 4191 1913 4242 Καὶ
1940 4190 2200 4260 Τιμόθεος

620 4279 842 4332 ἔκλαιε·
897 4275 1142 4347 μαθητὴς
1185 4271 1395 4346 γὰρῆν
1445 4272 1669 4327 τούτοιν
1715 4273 1795 4327 διὸ
1843 4275 1937 4327 καὶ
1973 4275 2200 4345 γράφων

621 4366 772 4436 αὐτῷ
818 4365 972 4434 ἔλεγε
995 4381 1010 4393 ο
1055 4363 1444 4432 Μειινημένος
1469 4379 1585 4416 σου
1616 4362 1738 4415 τῶν
1768 4361 2064 4431 δακρύων,
2099 4363 2201 4418 ἵνα

623 4453 813 4526 χαρᾶς
845 4450 1157 4520 πληρωθῶ.
1213 4450 1404 4503 Πολλοὶ
1434 4452 1527 4503 καὶ
1571 4449 1629 4516 ἐξ
1666 4449 1862 4520 ἡδονῆς
1895 4450 2195 4522 ὀδύρονται.

624 4543 782 4596 Οὕτω
830 4543 926 4595 καὶ
958 4540 1151 4612 ἡδονῆς
1200 4541 1316 4592 ἐστι
1349 4539 1410 4592 τὸ
1454 4541 1706 4609 πρᾶγμα,
1742 4543 1836 4594 καὶ
1866 4539 2061 4610 ἡδονῆς
2100 4539 2201 4610 μά-

625 4633 783 4683 λιστα
805 4629 1228 4698 ἐπιτεταμένης·
1260 4627 1431 4690 οὕτως
1451 4628 1512 4680 ού
1541 4627 1775 4696 φορτικά
1804 4627 1874 4680 τὰ
1893 4629 2104 4698 δάκρυα
2132 4630 2201 4684 τὰ

627 4717 687 4781 ἐξ
711 4717 901 4785 ὀδύνης
924 4714 1202 4784 τοιαύτης,
1235 4714 1367 4767 ἀλλά
1388 4716 1482 4768 καὶ
1509 4716 1732 4768 ἐκείνων
1756 4714 1932 4786 πολλῷ
1961 4715 2202 4786 βελτίονα

625 4805 735 4859 τῶν
769 4803 836 4856 δι’
889 4804 1086 4873 ἡδονὴν
1118 4805 1407 4874 κοσμικὴν.
1447 4805 1647 4857 ’Ἄκουε
1669 4804 1764 4857 τοῦ
1808 4807 2095 4878 Προφήτου
2123 4807 2203 4859 λέ-

625 4907 844 4962 γοντοςσ
902 4893 1162 4946 ἸΙκουσε
1199 4894 1414 4960 Κύριος
1442 4892 1554 4961 τῆς
1580 4893 1790 4964 φωνῆς
1849 4895 1954 4949 τοῦ
2006 4900 2202 4951 κλαυ-

579 5057 582 5060 ”
625 4981 778 5051 θμοῦ
825 4997 966 5050 μου.
1017 4980 1126 5033 Ποῦ
1178 4981 1286 5050 γὰρ
1321 4981 1383 5034 οὐ
1432 4984 1700 5053 χρήσιμον
1747 4982 1808 5035 τὸ
1835 4983 2100 5054 δάκρυον;
2146 4987 2203 5037 ἐν

627 5066 834 5133 εὐχαῖς,
869 5066 928 5116 ἐν
967 5065 1385 5133 παραινέσεσιν;
1428 5065 1621 5135 Ἡμεῖς
1652 5065 1709 5118 δὲ
1749 5066 1887 5120 αὑτά
1923 5067 2204 5121 διαϐάλλο-

631 5169 754 5224 μεν,
800 5152 902 5204 οὐκ
943 5153 1023 5215 είς
1055 5150 1090 5204 ἃ
1117 5151 1323 5205 δέδοται
1371 5154 1722 5223 κεχρημένοι.
1774 5155 1943 5209 Ὅταν
1981 5155 2206 5224 ἀδελφὸν

631 5237 1042 5310 παρακαλῶμεν
1089 5239 1490 5308 ἁμαρτάνοντα,
1519 5239 1726 5294 κλαίειν
1751 5242 1832 5295 δεῖ
1872 5243 2204 5313 κοπτόμενον

630 5329 726 5383 καὶ
744 5327 1086 5390 στενάζοντα·
1114 5327 1241 5379 ὅταν
1267 5327 1620 5397 παραινῶμέν
1645 5346 1774 5393 τινι,
1805 5332 1832 5383 ό
1857 5330 1914 5382 δὲ
1943 5331 2019 5402 μὴ
2047 5348 2206 5401 προσ⁸

633 5418 733 5486 έχῃ
761 5457 778 5481 ,
811 5415 930 5468 ἀλλ’
981 5414 1342 5485 ἀπολλύηται,
1395 5415 1602 5470 κλαίειν
1635 5417 1733 5471 δεῖ.
1770 5419 1954 5473 Ταῦτα
1999 5421 2207 5489 φιλοσο-

631 5505 759 5573 φίας
782 5505 852 5556 τά
873 5503 1113 5573 δάκρυαο
1143 5504 1270 5557 ὅταν
1294 5504 1474 5573 μέντοι
1509 5505 1680 5576 πένης
1697 5524 1782 5568 τις
1810 5506 2053 5576 γένηται,
2079 5508 2208 5561 ὅταν

632 5595 690 5644 ἐν
733 5591 874 5660 νόσῳ
978 5595 1284 5662 σωματικῇ,
1321 5593 1449 5645 ὅταν
1487 5593 1755 5666 ἀποθάνῃ,
1785 5593 1999 5647 οὐκέτιο
2032 5594 2205 5649 ταῦτα

635 5679 743 5748 γάρ
794 5680 854 5730 ού
910 5679 1158 5751 δακρύων
1187 5679 1335 5745 ἄξια.
1371 5681 1582 5750 Ὠσπερ
1610 5675 1702 5733 οὖν
1741 5682 1836 5733 καὶ
1875 5683 1966 5734 τὴν
1997 5684 2209 5750 γέλωτα

630 5764 1010 5833 διαϐάλλομεν,
1051 5767 1295 5838 ἀκαίρως
1325 5767 1474 5837 αύτῷ
1522 5769 1850 5839 κεχρημένοι
1874 5786 1887 5798 ·
1925 5770 2068 5824 οὕτω
2114 5773 2208 5826 καὶ

635 5853 704 5906 τὰ
739 5852 968 5922 δάκρυα,
1006 5855 1251 5926 ἀκαίρως
1290 5853 1433 5907 αὺτά
1475 5855 1957 5926 μεταχειρίζοντες.
2005 5859 2064 5911 'H
2096 5859 2204 5930 γάρ

1337 435 1392 489 S.
1436 429 1728 486 JOANNIS
1767 426 2260 486 CIIRYSOSTOMI
2301 427 2624 487 ARCHIEP.
2665 429 3221 489 CONSTANTINOP.
3710 439 3782 505 335

2309 543 2545 597 ἑκάστου
2571 544 2741 617 ἀρετὴ
2762 546 2882 599 τότε
2906 547 3173 615 φαίνεται,
3196 550 3324 603 ὅταν
3345 551 3472 621 πρὸς
3483 542 3541 607 ’τὸ
3563 556 3783 629 ἐπιτήδειον

2312 631 2474 702 ἔργον
2508 633 2709 702 ἄγηται
2733 647 2746 661 °
2800 635 2929 688 ὅταν
2955 636 3010 689 δὲ
3065 637 3198 706 πρὸς
3226 638 3287 690 τὸ
3333 638 3611 708 ἀλλότριον,
3637 645 3782 702 οὐκέτι.

2303 710 2449 780 υἷον,
2482 716 2512 768 6
2538 713 2680 780 οἶνος
2705 717 2843 788 πρὸς
2865 719 3204 790 εὐφροσύνην
3228 719 3472 786 δέδοται,
3494 723 3594 776 ἀλλ’
3622 727 3669 779 οὺ
3691 730 3784 801 πρὸς

2307 801 2477 872 μέθην
2500 819 2516 836 ο
2546 804 2576 856 ὁ
2616 804 2781 875 ἄρτος
2822 805 2962 876 πρὸς
3003 806 3228 877 τροφὴν,
3256 809 3289 877 ἢ
3325 806 3465 876 μίξις
3502 810 3618 880 πρὸς
3656 817 3785 868 παιδο-

2302 891 2728 964 ποιίαν.”Ωσπερ
2753 889 2846 946 οὖν
2870 891 3058 948 ταῦτα’
3075 894 3419 974 διαϐέϐληται
3448 901 3784 971 παραχμὲιμενα,

2302 979 2447 1033 ούτω
2495 981 2590 1033 καὶ
2626 982 2693 1035 τὰ
2727 982 2958 1052 δάκρυα.
3002 981 3329 1036 Ἐπικείσθω
3369 983 3540 1053 νόμος,
3583 989 3632 1040 ἐν
3656 992 3786 1059 εὐχαῖς

2309 1065 2500 1135 μόναις
2526 1068 2620 1122 καὶ
2654 1069 3009 1139 παραινέσεσι
3041 1071 3344 1142 κεχρῆσθαι
3369 1071 3564 1136 τούτοις
3584 1090 3596 1104 ·
3625 1077 3699 1128 καὶ
3718 1078 3784 1146 ὅρα

2300 1153 2418 1216 πῶς
2465 1154 2560 1207 καὶ
2607 1155 2856 1209 ποθεινὸν
2899 1156 3052 1210 ἔσται
3098 1157 3161 1210 τὸ
3201 1159 3449 1228 πρᾶγμα.
3479 1159 3621 1214 υὺδέν
3663 1164 3782 1228 οὕτως

2301 1241 2608 1311 ἀποσμήχει
2637 1242 2707 1294 τά
2728 1243 3104 1314 ἁμαρτήματα
3125 1283 3140 1304 .
3169 1244 3245 1308 ὼς
3276 1245 3505 1316 δάκρυα.
3533 1247 3624 1300 Καὶ
3644 1250 3787 1321 ταύτην

2297 1327 2398 1398 τὴν
2434 1329 2750 1400 σωματικὴν
2791 1330 2914 1400 ὄψιν
2951 1331 3162 1402 ὡραίαν
3215 1332 3453 1387 δείκνυσι
3503 1335 3565 1388 τά
3603 1335 3783 1408 δάκρυα·

2303 1415 2439 1483 πρὸς
2476 1415 2622 1469 ἔλεον
2651 1417 2762 1486 γὰρ
2795 1418 3095 1472 ἐπισπᾶται
3124 1434 3215 1472 τον
3239 1420 3469 1489 ὁρῶντα,
3500 1423 3670 1493 σεμνὴν
3690 1429 3787 1478 ποιεῖ

2299 1504 2432 1571 ἡμῖν
2461 1502 2653 1573 αὑτήν.
2701 1503 2870 1557 Οὐδὲν
2914 1506 3064 1577 ἥδιον
3097 1506 3393 1576 ὀφθαλμῶν
3435 1509 3781 1582 δεδακρυμένων.

2298 1589 2371 1641 Τὸ
2401 1589 2511 1660 γὰρ
2558 1589 2943 1662 εὐγενέστερον
2971 1593 3028 1646 ἐν
3060 1594 3192 1664 ἡμῖν
3226 1594 3387 1664 μέλος
3422 1596 3510 1649 καὶ
3539 1596 3784 1670 ὡραιότερον

2297 1678 2390 1730 καὶ
2432 1677 2533 1748 τῆς
2573 1678 2755 1750 ψυχῆς
2795 1679 2954 1734 τοῦτό
2989 1683 3157 1736 ἐστιν.
3189 1684 3320 1735 "At:
3354 1679 3445 1736 οὖν
3470 1684 3534 1746 ὼς
3557 1686 3693 1756 αὐτὴν
3720 1689 3784 1757 τὴν

2295 1763 2475 1835 ψυχὴν
2523 1766 2760 1836 ὁρῶντες
2802 1768 3254 1840 ἀποδυρομένην.
3307 1770 3448 1824 οὕτω
3485 1775 3783 1844 καμπτόμεθα,

2296 1852 2485 1906 Ταῦτα
2525 1853 2652 1924 ὑμῖν
2687 1854 2786 1923 οὐχ
2819 1854 3006 1919 ἁπλῶς
3035 1856 3276 1928 εἴρηται,
3307 1857 3420 1911 ἀλλ’
3456 1857 3581 1912 ὥστε
3605 1862 3714 1930 ὑμᾶς
3735 1863 3782 1933 μὴ

2296 1940 2518 2010 γάμοις,
2547 1939 2621 2011 μὴ
2645 1941 2946 2012 ὀρχήμασι,
2977 1943 3051 2015 μὴ
3075 1948 3258 2016 χοροῖς
3283 1946 3651 2017 παραγίνεσθαι
3673 1965 3783 2002 σατι-

2299 2029 2488 2090 νικοῖς.
2531 2027 2673 2096 Ὅρα
2711 2027 2821 2100 γάρ
2866 2029 2920 2082 τί
2946 2025 3106 2100 εὗρεν
3153 2031 3182 2082 6
3209 2032 3488 2096 διάϐολος
3522 2035 3697 2106 Ἐπειδὴ
3719 2036 3785 2101 τῆς

2299 2114 2504 2184 σκηνῆς
2528 2114 2624 2166 καὶ
2649 2114 2756 2169 τῶν
2789 2116 3044 2187 ἀσέμνων
3073 2117 3184 2170 τῶν
3206 2120 3326 2172 ἐκεῖ
3357 2122 3392 2190 ἡ
3424 2120 3572 2190 φύσις
3595 2123 3701 2192 αὐτὴ
3721 2125 3785 2183 τὰς

2295 2205 2558 2271 γυναῖκας
2598 2205 2910 2274 ἀπήγαγεν,
2953 2208 3035 2270 εις
3069 2207 3168 2279 τὴν
3201 2212 3572 2276 γυναικωνῖτιν
3598 2213 3786 2282 είσήγαγι

2295 2291 2366 2342 τά
2391 2289 2484 2343 τοῦ
2509 2290 2760 2363 Θεάτρου,
2797 2292 3076 2362 μαλακοὺς
3107 2295 3256 2364 λέγω
3282 2297 3377 2350 καὶ
3405 2298 3610 2369 πόρνας.
3633 2300 3785 2368 Ταύτην

2296 2378 2394 2449 τὴν
2422 2377 2600 2450 λύμην
2625 2381 2654 2432 6
2685 2379 2793 2432 τῶν
2829 2381 3024 2452 γάμων
3072 2384 3412 2455 ἐπεισήγαγε
3442 2386 3620 2456 νόμος·
3648 2388 3786 2457 μᾶλλον

2296 2466 2353 2519 δέ
2379 2468 2479 2537 οὐχ
2501 2470 2530 2520 6
2569 2469 2666 2522 τοῦ
2693 2469 2897 2539 γάμου,
2939 2472 3014 2543 μὴ
3052 2475 3287 2540 γένοιτο,
3317 2475 3448 2529 ἀλλά
3475 2477 3564 2547 τῆς
3587 2478 3785 2546 ἡμετέρας

2301 2553 2574 2624 βλακείας.
2621 2557 2685 2609 Τί
2724 2561 2918 2622 ποιεῖς,
2967 2559 3256 2632 ἅνθρωπε;
3303 2563 3402 2616 οὐκ
3429 2559 3566 2627 οἶδας
3593 2565 3637 2616 τί
3667 2565 3786 2634 πράτο

2297 2658 2427 2704 τεις.
2461 2641 2698 2696 Γυναῖκα
2740 2642 2892 2717 [418]
2927 2645 3036 2716 ἄγῃ
3067 2648 3158 2698 ἐπὶ
3188 2647 3508 2719 σωφροσύνῃ
3545 2650 3626 2702 καὶ
3655 2650 3786 2702 παιδο-

2300 2729 2451 2800 ποιία
2471 2748 2482 2760 ·
2509 2730 2560 2782 τί
2582 2727 2676 2784 οὖν
2700 2734 2755 2785 al
2783 2733 2977 2802 πόρναι
3007 2733 3290 2802 βούλονται
3311 2753 3326 2802 ;
3353 2737 3464 2790 Ἵνα
3486 2739 3516 2808 ἡ
3537 2737 3786 2807 εὐφροσύνῃ,

2297 2818 2452 2887 φησι.
2504 2818 2729 2889 γένηται
2765 2820 2984 2890 μείζων.
3020 2823 3128 2875 Καὶ
3168 2824 3280 2893 μὴν
3304 2824 3472 2877 ταῦτα
3507 2825 3597 2877 οὐκ
3615 2825 3787 2895 ἀφροσύ-

2297 2924 2428 2976 νης;
2462 2907 2706 2978 ὑϐρίξεις
2725 2910 2826 2979 τὴν
2850 2910 3090 2982 νύμφην,
3117 2913 3364 2984 ὑϐρίζεις
3390 2915 3484 2978 τὰς
3508 2914 3785 2984 κεκλημένας.

2297 2995 2360 3074 ΕΞ
2392 2995 2500 3067 γὰρ
2549 2996 2812 3060 τοιούτοις
2861 2999 3186 3069 τέρπονται,
3225 3001 3388 3073 ὕϐρις
3426 3003 3485 3055 τὸ
3519 3004 3723 3074 πρᾶγμα.
3747 3002 3786 3052 El

2295 3073 2356 3126 τὸ
2395 3077 2661 3142 γυναῖκας
2701 3075 2909 3146 πόρνας
2937 3079 3070 3149 ὁρᾷν
3109 3080 3523 3150 ἀσχημονούσας
3553 3081 3680 3151 φέρει
3704 3081 3786 3132 τινὰ

2295 3161 2643 3230 φιλοτιμίαν,
2674 3163 2763 3216 διὰ
2789 3165 2842 3216 τί
2890 3165 2963 3235 μὴ
2995 3165 3091 3219 καὶ
3128 3169 3226 3238 τὴν
3270 3168 3486 3240 νύμφην
3531 3169 3704 3231 ἕλκεις,
3730 3169 3787 3220 ἱνα

2295 3248 2520 3321 κάκείνη
2552 3250 2770 3322 θεωρῇ;
2806 3253 3029 3317 Πάντως
3059 3254 3311 3324 ἄσχημον
3347 3257 3440 3309 καὶ
3479 3256 3688 3327 αἰσχρὸν,
3718 3273 3784 3324 μα-

2295 3335 2496 3398 λακοὺς
2548 3336 2748 3407 ἄνδρας
2803 3340 2899 3391 καὶ
2949 3339 3350 3411 ὀρχουμένους,
3398 3342 3488 3394 καὶ
3535 3343 3686 3394 πᾶσαν
3721 3341 3785 3409 τὴν

2297 3425 2522 3494 πομπὴν
2551 3422 2649 3495 τὴν
2676 3431 2975 3496 σατανικὴν
2999 3429 3316 3497 ἐπεισάγειν
3343 3432 3408 3500 τῇ
3438 3429 3591 3501 οἰκίᾳ.
3616 3433 3786 3499 Μνημθσ

2291 3512 2502 3565 νεύετέ
2545 3529 2705 3582 μου,
2755 3515 2917 3584 φησὶ,
2961 3515 3080 3568 τῶν
3120 3515 3383 3585 δεσμῶν.
3429 3517 3617 3586 Δεσμός
3641 3517 3786 3568 ἐστινὸ

2293 3603 2495 3671 γάμος,
2524 3602 2725 3673 δεσμὸς
2749 3604 3056 3676 ὡρισμένος
3090 3606 3240 3678 παρά
3269 3607 3407 3661 Θεοῦ
3429 3625 3442 3637 ·
3467 3607 3605 3671 λύσις
3623 3609 3648 3677 ἡ
3666 3607 3783 3676 πόρνη

2293 3693 2390 3745 καὶ
2413 3692 2677 3756 διάλυσις.
2709 3695 2956 3760 Ἔξεστιν
2987 3696 3196 3767 ἑτέροις
3215 3698 3524 3769 φαιδρύνειν
3541 3698 3620 3750 τὸν
3643 3696 3782 3762 γάμον.

2295 3776 2410 3834 οἷον
2449 3782 2750 3852 τραπέζαις
2781 3783 3137 3852 πληθούσαις,
3174 3787 3272 3839 καὶ
3307 3789 3566 3857 ἱματίοις
3597 3786 3648 3837 οὐ
3680 3797 3782 3850 περι·

2298 3870 2488 3922 κόπτω
2535 3869 2743 3936 ταῦτα,
2793 3871 2880 3924 ἵνα
2937 3873 3009 3942 μὴ
3047 3872 3184 3938 δόξω
3227 3875 3437 3946 σφόδρα
3475 3869 3598 3926 εἶναι
3625 3872 3781 3938 ἄγριος·

2297 3959 2475 4012 καίτοι
2519 3959 2724 4030 ἡρκεσε
2766 3962 2831 4032 τῇ
2891 3953 3161 4032 Ῥεϐέκκα
3208 3963 3488 4035 θέριστρον
3517 3956 3783 4034 μόνονοάλλ’

2293 4047 2359 4098 οὑ
2424 4047 2765 4116 περικόπτω.
2841 4048 3088 4113 Ἔξεστιν
3151 4052 3390 4120 ἱματίοις
3449 4046 3782 4122 φαιδρύνεσθαι.

2296 4131 2474 4197 ἔξεστι
2503 4135 2829 4205 παρουσίαις
2857 4136 3159 4205 αἰδεσίμων
3185 4138 3414 4209 ἀνδρῶν,
3445 4137 3696 4205 αἰδεσίμων
3716 4147 3782 4198 Ῥα-

2295 4219 2517 4274 ναικῶν.
2546 4221 2690 4274 Τιτά
2707 4222 3059 4292 ἐπιχάρματα
3079 4225 3282 4291 ἐκεῖνα,
3306 4225 3359 4278 τί
3380 4224 3445 4278 τὰ
3464 4225 3639 4296 τέρατα
3655 4224 3782 4274 ἐπεισ-

2296 4307 2483 4375 ἀγεις;
2521 4309 2655 4361 Εῖπέ
2695 4310 2760 4362 ·ἂ
2790 4309 3009 4374 ἀκούεις
3039 4312 3170 4382 παρ’
3199 4313 3401 4366 αὐτῶν.
3445 4311 3572 4364 Ἀλλ’
3597 4305 3783 4379 ἐρυθριᾷς

2297 4391 2499 4455 εῖπεῖν;
2543 4391 2614 4444 Σὺ
2648 4391 2939 4462 ἐρυθριᾷς,
2975 4394 3265 4458 κάκείνους
3304 4393 3612 4464 ἀναγκάζεις
3636 4390 3778 4446 ποιεῐνς

2300 4479 2365 4531 Εἰ
2397 4477 2582 4542 καλὸν,
2612 4477 2700 4531 διὰ
2729 4480 2780 4531 τί
2811 4479 2886 4550 μὴ
2914 4481 3006 4533 καὶ
3034 4481 3199 4546 αὐτὸς
3231 4485 3431 4548 ποιεῖς;
3463 4484 3509 4535 εἰ
3534 4482 3581 4534 δὲ
3604 4475 3778 4546 αἰσχρὸν,

2298 4566 2387 4618 διὰ
2424 4564 2475 4617 τί
2517 4565 2704 4636 ἕτερον
2743 4567 3109 4635 ἀναγκάζεις;
3153 4569 3339 4624 Πάντα
3380 4567 3689 4638 σωφροσύνης
3716 4561 3781 4627 έμ·

2302 4651 2615 4721 πεπλῆσθαι
2650 4654 2762 4717 δεῖ,
2808 4655 2983 4707 πάντα
3025 4657 3382 4727 σεμνότητος,
3425 4659 3586 4710 πάντα
3620 4647 3781 4717 κοσμιό·

2299 4756 2494 4808 τητος·
2556 4739 2650 4792 νῦν
2701 4740 2758 4794 δὲ
2798 4743 3100 4795 τούναντίον
3155 4745 3299 4814 όρῶ,
3349 4734 3779 4814 σκιρτῶνταςὼςιιί

2303 4829 2559 4899 κάμηλοι,
2608 4828 2685 4892 ὡς
2715 4831 2772 4883 αἱ
2811 4830 3043 4900 ἡμίονοι.
3075 4832 3152 4902 Τῇ
3194 4833 3443 4904 παρθένῳ
3473 4828 3674 4898 θάλαμος
3696 4827 3778 4876 ἐπι-

2301 4915 2513 4986 τήδειον
2554 4915 2735 4985 μόνον.
2780 4917 2942 4984 Ἀλλᾲ
2985 4919 3216 4993 πενιχρά
3253 4923 3389 4978 ἐστι.
3423 4917 3588 4988 φησίν.
3626 4908 3779 4971 Ἐπειδὴ

2303 5004 2535 5073 πενιχρά
2563 5006 2701 5066 ἐστι,
2733 5006 2828 5058 καὶ
2857 5007 3082 5077 κόσμιος
3113 5009 3316 5076 ὀφείλει
3355 5004 3517 5062 εἶναι’
3551 5004 3688 5074 ἐχέτω
3719 4995 3780 5046 τὶν

2307 5092 2511 5161 τρόπον
2541 5093 2662 5145 ἀντὶ
2687 5091 2941 5148 πλούτου.
2969 5095 3080 5148 Ούκ
3105 5096 3216 5166 ἔχει
3245 5100 3443 5164 προῖκα
3471 5090 3724 5147 ἐπιδούναις
3746 5079 3779 5129 τί

2303 5179 2475 5249 αὐτὴν
2510 5180 2604 5232 καὶ
2652 5180 2854 5250 ἑτέρως
2892 5182 3366 5252 εὐκαταφρόνητον
3409 5180 3566 5241 ποιεῖς
3591 5173 3677 5228 ἀπὸ
3714 5169 3779 5234 τῆς

2305 5267 2684 5337 ἀναστροφῆς;
2751 5268 2987 5320 Ἐπαινῶ
3033 5269 3115 5321 ὅτι
3169 5269 3422 5340 παρθένοι
3474 5261 3778 5335 παραγίνονται

2304 5353 2404 5425 τὴν
2455 5354 2692 5426 ὁμήλικα
2738 5355 3010 5425 τιμῶσαι,
3060 5357 3140 5409 ὅτι
3188 5357 3559 5426 παραγίνονται
3592 5344 3779 5416 γυναῖκες

2304 5445 2408 5514 τὴν
2447 5444 2524 5506 εἰς
2554 5443 2723 5506 αὑτὰς
2752 5445 3114 5514 καταχθεῖσαν
3160 5447 3432 5516 τιμῶσαι·
3474 5438 3630 5498 καλῶς
3668 5429 3779 5484 τοῦτο

2308 5529 2556 5599 ὥρισται.
2591 5530 2694 5583 Δύο
2713 5531 2822 5601 γάρ
2846 5534 2982 5584 εἰσιν
3010 5526 3153 5586 οὗτοι
3180 5535 3348 5605 χοροὶ,
3375 5534 3402 5584 ὀ
3428 5530 3524 5584 τῶν
3546 5521 3776 5605 παρθένων.

2310 5618 2406 5671 καὶ
2439 5621 2466 5671 ὁ
2493 5617 2603 5671 τῶν
2638 5635 2855 5689 γεγαμη
2865 5619 3040 5689 μένων
3059 5636 3074 5650 ·
3103 5614 3262 5674 αὗται
3291 5616 3647 5691 παραδιδόασιν,
3676 5604 3777 5691 ἐκεῖ·

2310 5722 2398 5759 ναι
2434 5706 2698 5775 δέχονται.
2753 5707 2819 5759 ’Π
2846 5688 3030 5777 νύμφη
3079 5707 3284 5778 μεταξὺ
3315 5688 3504 5761 τούτων
3529 5700 3666 5762 ἐστὶν,
3689 5688 3777 5745 οὔτε

2309 5795 2574 5862 παρθένος
2592 5833 2607 5856 ,
2635 5793 2762 5849 οὔτε
2811 5795 2946 5864 γυνή
2972 5811 2986 5825 ⁸
3039 5795 3250 5849 ἐκεῖθεν
3299 5798 3394 5865 μὲν
3420 5792 3514 5864 γάρ
3547 5785 3775 5854 ἐξέρχεται

2315 5881 2514 5951 ταύτης
2539 5882 2594 5936 δὲ
2623 5881 2887 5937 ἐπιϐαίνει
2916 5882 3014 5953 τῆς
3041 5884 3364 5956 συμμορίας.
