3874 6508
95 374 189 429 585

100 493 297 560 propter
321 482 543 536 aliorum
570 478 829 543 salutem;
861 488 990 544 ergo
1019 481 1075 526 et
1118 474 1337 538 propter
1365 466 1509 532 ipsos
1559 462 1632 560 in-

96 552 393 647 geniiscere,
416 579 499 625 est
539 568 708 639 magis
736 561 1097 623 necessarium
1146 570 1302 628 quam
1347 555 1520 623 ipsum
1567 552 1643 602 vi-

99 645 233 721 dere.
260 662 387 717 Nam
434 660 478 714 si
534 667 752 729 propter
804 655 949 723 ipsos
994 650 1194 706 essein
1246 645 1488 717 gehenna
1515 683 1530 710 ,
1561 649 1645 696 est

97 757 248 827 magis
271 751 678 808 desiderandum
697 761 854 815 quam
880 758 1000 799 esse
1027 757 1149 797 cum
1180 741 1330 810 ipso;
1352 748 1406 792 et
1428 744 1647 806 propter

98 852 230 919 ipsos
254 854 335 901 est
356 844 520 911 magis
546 836 955 895 desiderandum
977 833 1045 887 ab
1066 832 1182 901 ipso
1204 829 1459 899 separari,
1486 839 1645 895 quam

102 915 346 995 esse‘cum
379 933 494 1001 ipso
530 930 653 1001 (hoc
678 928 819 983 enim
852 935 936 980 est
961 923 1102 993 quod
1125 921 1356 985 dicebat,
1393 915 1645 986 Optabam

93 1037 189 1103 ipse
225 1044 311 1098 ego
338 1024 607 1079 anathema
636 1036 740 1075 esse
766 1037 798 1072 a
837 1016 1033 1073 Christo
1064 1014 1238 1086 [Rom.
1257 1014 1311 1067 9.
1336 1010 1414 1081 δῖ)
1441 1027 1453 1061 :
1481 1008 1648 1063 multo

94 1102 245 1190 magis
271 1117 399 1171 ﬂere
431 1123 646 1185 propter
676 1113 871 1181 ipsum.
907 1107 1029 1161 Non
1050 1104 1269 1165 cessavi,
1303 1102 1501 1170 inquit,
1533 1113 1647 1151 cuni

94 1189 315 1283 lacrymis
340 1221 736 1278 unumquemque
751 1204 1022 1256 admonens
1045 1199 1180 1269 (Act.
1194 1195 1284 1251 20.
1302 1194 1413 1264 51).
1436 1189 1648 1283 Quare?

94 1281 205 1360 Non
231 1302 421 1356 timens
452 1297 688 1368 pericula
715 1311 729 1360 ;
761 1292 878 1356 sed,
907 1302 966 1346 ut
989 1291 1031 1344 si
1064 1288 1183 1359 quis
1207 1283 1484 1356 aegrotanti
1514 1281 1650 1336 assi.

93 1398 213 1452 dens
237 1436 253 1460 ,
285 1402 335 1448 et
368 1391 615 1446 nesciens
645 1385 815 1441 morbi
842 1383 1000 1438 ﬁnem
1026 1422 1042 1444 ,
1072 1381 1392 1451 laerymetur
1437 1382 1654 1443 propter

94 1488 436 1552 desiderium,
494 1491 737 1537 metuens
790 1493 858 1533 ne
910 1492 941 1531 e
987 1476 1093 1528 vita
1136 1469 1346 1528 excidat
1378 1487 1392 1523 :
1424 1468 1496 1522 ita
1539 1466 1653 1534 ipse

94 1596 296 1654 quoque
326 1593 445 1633 cum
465 1575 667 1629 videret
698 1571 987 1635 inﬁrmum,
1022 1582 1121 1621 nec
1150 1569 1330 1635 posset
1355 1562 1651 1628 increpare,

96 1651 155 1731 de
183 1684 373 1730 cetero
401 1666 817 1739 lacrymabatur.
850 1661 964 1716 [loc
984 1672 1195 1730 quoque
1222 1654 1349 1711 fecit
1377 1651 1653 1717 Christus,

101 1778 153 1821 ut
182 1764 263 1819 vel
308 1771 678 1816 revererentur
730 1757 992 1825 lacrymas
1018 1767 1032 1805 :
1065 1749 1212 1806 verbi
1239 1761 1397 1802 causa
1422 1785 1441 1811 ,
1470 1757 1659 1814 pecca-

96 1862 182 1913 bat
221 1852 407 1924 aliquis
429 1893 444 1915 ,
477 1847 792 1917 increpabat
837 1863 850 1899 :
882 1841 1212 1912 conspuebat
1259 1853 1381 1894 eum
1409 1845 1462 1890 et
1518 1834 1657 1889 resi-

99 1950 251 2004 liebat
278 1944 364 2014 qui
396 1940 799 2009 increpabatur:
834 1930 1356 2007 lacrymabaturille,
1392 1936 1447 1983 ut
1473 1927 1555 1982 vel
1581 1926 1659 1981 sic

95 2038 400 2094 attraheret.

158 2132 207 2185 4.
249 2125 643 2181 Meminerimus
670 2122 857 2176 harum
896 2121 1253 2189 lacrymarum
1282 2132 1295 2168 :
1340 2115 1420 2170 sic
1448 2121 1661 2169 nostras

97 2222 375 2277 educemus
401 2218 532 2271 ﬁlias
550 2258 567 2282 ,
612 2215 690 2269 sic
717 2213 851 2268 ﬁlios
869 2254 884 2276 ,
916 2212 1272 2281 lacrymantes
1300 2221 1421 2261 cum
1461 2204 1662 2259 videri-

98 2330 204 2369 mus
231 2327 330 2368 eos
359 2325 479 2366 esse
509 2308 561 2363 in
606 2306 781 2361 malis.
835 2303 1196 2370 Quaecumque
1234 2299 1420 2354 volunt
1456 2296 1662 2360 amari,

98 2404 434 2459 meminerint
462 2401 818 2470 lacrymarum
846 2394 1016 2461 Pauli,
1040 2402 1093 2447 et
1118 2399 1369 2463 gemant:
1399 2402 1667 2459 quascum-

98 2514 191 2568 que
221 2496 396 2549 beata:
423 2491 738 2555 censemini,
772 2501 1127 2560 quaecumque
1154 2485 1293 2549 estis
1314 2486 1366 2539 in
1392 2483 1665 2545 thalamis,

98 2600 441 2658 quaecumque
471 2585 522 2637 in
553 2582 843 2651 voluptate,
893 2594 1077 2633 earum
1106 2574 1460 2631 recordemini
1493 2593 1506 2627 :
1549 2571 1670 2641 qui-

98 2693 321 2749 cumque
348 2676 474 2731 esus
501 2676 551 2728 in
573 2675 739 2739 luctu,
768 2671 1031 2742 lacrymas
1051 2668 1305 2739 lacrymis
1321 2672 1668 2721 commutate.

102 2770 183 2823 llle
208 2784 321 2821 non
353 2766 563 2837 lugebat
594 2773 855 2828 mortuos,
883 2759 982 2817 sed
1007 2774 1102 2815 eos
1127 2760 1217 2829 qui
1243 2758 1488 2827 peribant
1516 2766 1572 2811 et
1598 2755 1675 2808 vi-

100 2860 304 2913 vebant.
338 2858 517 2911 Dicam
559 2855 719 2909 etiam
746 2853 878 2907 alias
906 2851 1211 2922 lacrymas?
1239 2848 1423 2904 Flebat
1462 2860 1673 2916 quoque

103 2948 410 3003 Timotheus
440 2964 452 2999 :
484 2955 601 3001 erat
640 2945 785 2999 enim
826 2942 944 3012 ejus
974 2940 1267 3012 discipulus
1300 2958 1312 2993 :
1360 2947 1414 2995 et
1442 2938 1565 2993 ideo
1610 2938 1677 2993 ad

105 3059 214 3096 eum
246 3040 498 3094 scribens
525 3037 736 3093 dicebat
765 3052 780 3090 :
826 3033 1025 3089 Memor
1064 3034 1404 3104 lacrymarum
1442 3042 1676 3099 tuarum,

103 3146 153 3188 ut
176 3136 303 3206 gattd
316 3134 368 3186 io
398 3131 683 3201 adimplear
719 3130 793 3201 (2.
830 3127 962 3183 Tim.
994 3128 1046 3182 1.
1084 3126 1162 3199 4).
1189 3126 1335 3181 Multi
1363 3126 1523 3179 etiam
1553 3123 1681 3180 ﬁent

105 3242 164 3278 ex
189 3226 478 3292 voluptate.
510 3222 582 3276 Ita
613 3221 773 3275 etiam
794 3233 881 3273 res
908 3226 989 3274 est
1009 3216 1326 3287 voluptatis,
1355 3225 1409 3270 et
1434 3216 1681 3283 volupta-

110 3320 171 3370 tis
196 3318 426 3386 ingentis
458 3333 470 3368 :
504 3315 575 3368 ita
608 3329 714 3367 non
739 3320 864 3367 sunt
894 3325 1085 3383 graves
1124 3324 1188 3364 ac
1232 3309 1470 3364 molestae
1506 3309 1680 3373 lacry-

111 3428 203 3463 ma:
230 3426 347 3478 qua:
396 3407 805 3477 proﬁciscuntur
845 3419 911 3459 ex
944 3404 1046 3459 hoc
1074 3417 1341 3466 mmrore;
1374 3400 1466 3456 sed
1514 3399 1682 3455 multo

112 3504 357 3557 meliores
387 3501 498 3555 illis
521 3514 637 3570 qua:
672 3506 797 3554 sunt
840 3505 1060 3568 propter
1089 3495 1412 3551 mundanam
1438 3495 1682 3562 volupta-

113 3609 231 3650 tem.
264 3593 401 3648 Audi
430 3592 748 3662 prophetam
776 3590 1068 3652 dicentem,
1099 3588 1302 3642 Audiuit
1327 3586 1576 3641 Dominus
1598 3603 1684 3639 ro-

113 3703 207 3737 rem
227 3687 375 3754 ﬂetus
402 3684 503 3736 mei
532 3682 701 3753 (Psal.
732 3682 786 3736 6.
812 3680 893 3750 9).
920 3679 1025 3735 Ubi
1045 3694 1149 3734 non
1180 3688 1303 3732 sunt
1329 3678 1483 3733 utiles
1512 3677 1685 3747 lacry-

112 3778 247 3830 ιιιςυῖ
277 3779 328 3830 in
362 3776 634 3845 precibus,
660 3776 712 3830 in
738 3771 1238 3829 admonitionibus?
1264 3771 1372 3826 Nos
1395 3780 1571 3825 autem
1594 3784 1685 3823 eas

117 3869 574 3938 reprehendimus,
624 3877 684 3922 ut
721 3867 810 3936 qui
842 3881 948 3920 non
994 3876 1206 3920 utamur
1249 3863 1317 3919 ad
1356 3879 1417 3918 ea
1454 3862 1519 3916 ad
1570 3878 1688 3930 quae

116 3961 244 4014 data:
271 3968 419 4015 sunt.
457 3958 680 4024 Quando
721 3957 937 4011 fratrem
969 3963 1279 4025 peccantem
1324 3954 1686 4014 consolamur,

117 4054 236 4106 tlvrc
268 4062 316 4105 te
338 4058 555 4120 oportet
579 4051 845 4118 lugentem
880 4057 936 4103 et
965 4046 1397 4117 ingemiscentem
1433 4062 1446 4098 :
1478 4043 1691 4114 quando

116 4142 264 4197 alicui
294 4141 605 4206 suademus,
629 4140 715 4195 ille
742 4147 922 4194 autem
946 4147 1181 4193 mentem
1208 4152 1312 4192 non
1337 4136 1573 4195 adhibet,
1598 4133 1691 4188 sed

121 4235 271 4303 peril,
304 4232 540 4287 ﬂendum
583 4240 684 4287 est.
734 4230 829 4285 Ila:
867 4238 992 4285 sunt
1025 4229 1274 4299 Iacryma:
1316 4227 1690 4297 philosophith

120 4326 339 4393 Quando
384 4335 563 4381 autem
606 4325 869 4394 quispiam
910 4338 1109 4393 pauper
1154 4321 1338 4382 fuerit.
1388 4319 1601 4391 quando
1644 4319 1695 4372 in

128 4419 312 4472 morbo
357 4418 654 4487 corporali,
707 4415 919 4483 quando
979 4422 1221 4468 mortuus
1262 4413 1447 4477 fuerit,
1498 4427 1698 4480 nequa-

131 4526 331 4578 quam:
376 4510 488 4564 haac
516 4511 658 4563 enim
705 4525 810 4562 non
862 4518 988 4563 sunt
1031 4506 1188 4576 digna
1228 4505 1497 4576 lacrymis.
1551 4501 1700 4557 Sicut

137 4619 263 4671 ergo
290 4604 449 4657 risum
481 4602 922 4671 reprehendimus
948 4640 963 4664 ,
1008 4615 1072 4653 eo
1118 4601 1417 4669 importunae
1443 4606 1649 4650 utentes
1684 4612 1698 4649 :

131 4697 209 4749 sic
251 4695 408 4751 etiam
448 4696 748 4765 lacrymas,
799 4692 1173 4761 intempestive
1226 4705 1317 4745 eas
1361 4698 1698 4759 usurpantes.

129 4787 171 4840 Τ
176 4802 276 4841 unc
296 4786 441 4841 enim
465 4786 701 4840 cernitur
722 4783 1139 4852 uniuscujusque
1156 4782 1342 4842 virtus,
1371 4781 1582 4851 quando
1606 4780 1703 4832 du-

130 4880 267 4932 citur
285 4878 352 4934 ad
376 4886 731 4948 opportunam
759 4875 838 4928 sui
860 4874 1092 4927 muneris
1110 4872 1464 4927 iunctionem:
1492 4872 1703 4941 quando

126 4977 303 5024 autem
326 4968 393 5022 ad
410 4967 660 5027 alienam.
680 4980 1033 5035 nequaquam.
1058 4963 1301 5032 Exempli
1319 4978 1499 5028 causa,
1524 4963 1702 5016 vinum

128 5061 307 5114 datum
333 5070 418 5114 est
448 5058 513 5113 ad
544 5058 801 5122 laetitiam,
834 5071 939 5109 non
988 5065 1167 5109 autem
1216 5054 1282 5108 ad
1327 5054 1641 5108 ebrietatem
1689 5069 1703 5104 :

131 5152 280 5221 panis
308 5150 377 5205 ad
412 5150 791 5213 nutritionem,
833 5147 1005 5202 coitus
1046 5146 1112 5200 ad
1141 5146 1428 5199 liberorum
1460 5157 1706 5213 procrea-

132 5248 354 5299 tionem.
386 5244 540 5299 Sicut
566 5257 694 5310 ergo
722 5256 785 5295 ea
807 5240 1193 5308 vituperantur,
1226 5238 1268 5290 si
1292 5236 1488 5290 abusus
1510 5234 1669 5289 fuerit
1694 5250 1709 5287 :

128 5338 197 5390 ita
228 5337 393 5390 etiam
428 5335 695 5403 l'acrymze.
748 5331 855 5386 ch
887 5329 1086 5384 feratur
1114 5338 1173 5383 ut
1212 5329 1263 5381 in
1295 5327 1423 5381 solis
1467 5325 1712 5394 precibus

129 5438 183 5484 et
212 5426 673 5483 admonitionibus
700 5425 763 5479 iis
791 5423 865 5478 Uti
892 5423 1050 5477 liceat
1074 5440 1086 5476 :
1113 5430 1166 5476 et
1193 5419 1314 5475 vide
1334 5417 1600 5488 quomodo
1627 5432 1713 5473 res

130 5522 231 5575 erit
255 5521 427 5576 etiam
452 5517 701 5588 optanda.
728 5514 873 5570 Nihil
900 5515 971 5569 ita
998 5522 1185 5583 purgat
1206 5522 1440 5582 peccata,
1458 5520 1517 5564 ut
1544 5510 1719 5581 lacry-

132 5629 252 5667 nuc.
284 5614 359 5668 Et
399 5613 673 5682 pulchram
701 5610 934 5665 ostendit
976 5608 1161 5663 faciem
1193 5621 1501 5677 corpoream
1534 5624 1546 5659 :
1588 5621 1708 5661 eum

135 5708 279 5787 enim
325 5705 419 5774 qui
469 5703 611 5757 videt
656 5700 929 5755 attrahunt
980 5699 1046 5752 ad
1099 5697 1513 5753 misericordiam
1553 5714 1565 5750 :
1599 5712 1717 5750 eam

138 5797 291 5853 nobis
313 5796 517 5852 hciunt
541 5812 755 5867 gravem
781 5804 835 5851 et
856 5794 1153 5849 honestam.
1171 5791 1310 5847 Nihil
1336 5799 1416 5847 est
1435 5790 1717 5861 jucundius

917 357 980 414 IN
1020 353 1234 411 EPIST.
1279 349 1368 404 AD
1404 341 1676 402 COLOSS.
1719 338 1869 395 CAI‘.
1914 339 2000 393 IV.
2044 338 2269 394 HOMIL.
2312 337 2424 392 XII.
2510 366 2513 369 <

3224 338 3329 394 386

1748 452 1914 506 oculis
1942 451 2380 523 lacrymantibus.
2419 450 2527 504 Hoc
2568 451 2708 504 enim
2751 460 2833 504 est
2867 450 3165 508 membrum
3206 465 3327 506 otii-

1750 548 1894 598 nium
1924 545 1974 598 in
1994 545 2149 599 nobis
2170 543 2562 598 nobilissimum
2591 552 2645 597 et
2675 543 3329 613 speciosissimum,atque

1748 635 1884 690 adeo
1912 635 2078 703 ipsius
2107 633 2301 687 animm
2327 632 2647 686 membrum.
2676 633 2967 701 Tamquam
3004 647 3133 702 ergo
3157 632 3328 703 ipsam

1753 725 1994 780 videntes
2017 724 2303 779 deﬂentem
2332 726 2585 789 animam,
2618 724 2688 778 ita
2718 724 2999 778 ﬁcctimur.
3026 725 3149 779 llaec
3178 741 3206 777 a
3234 741 3330 781 no-

1752 819 1834 873 bis
1866 834 1971 872 non
2018 828 2218 873 temere
2257 818 2396 871 dicta
2441 828 2605 883 sunt,
2632 817 2725 871 sed
2756 827 2813 870 ut
2840 833 2934 871 vos
2974 833 3072 872 nec
3099 818 3325 887 nuptiis,

1754 924 1853 963 nec
1879 909 2253 963 saltationibus
2272 949 2289 973 ,
2332 923 2429 962 nec
2455 907 2636 961 choris
2663 908 2847 962 adsitis
2881 909 3149 963 satanicis.
3202 909 3329 964 Vide

1752 999 1893 1053 enim
1922 1000 2047 1069 quid
2070 999 2332 1053 invenerit
2358 997 2624 1052 diabolus.
2654 997 2786 1051 Nam
2816 1000 3066 1068 quoniam
3094 1016 3123 1053 a
3145 1016 3325 1063 scena,

1755 1100 1809 1145 et
1848 1091 1912 1144 iis
1941 1106 2059 1159 quae
2088 1090 2194 1145 illic
2220 1099 2346 1143 sunt
2390 1090 2561 1159 turpia
2592 1100 2645 1143 et
2672 1089 2955 1153 indecora,
3002 1092 3113 1160 ipsa
3146 1103 3331 1147 natura

1756 1182 1973 1236 abduxit
1996 1182 2266 1247 mulieres,
2296 1197 2414 1252 qua:
2439 1190 2563 1235 sunt
2597 1180 2787 1235 theatri
2818 1181 3040 1235 abduxit
3074 1183 3124 1236 in
3147 1199 3330 1254 gymn-

1756 1290 1931 1339 ceum,
1960 1275 2171 1340 molles,
2206 1275 2418 1344 inquam
2442 1315 2458 1339 ,
2496 1281 2552 1328 et
2578 1274 2906 1327 meretrices.
2954 1273 3100 1327 Hanc
3127 1286 3329 1344 pestem

1758 1367 1958 1422 invexit
1986 1367 2071 1421 lex
2117 1366 2399 1437 nuptialis,
2433 1366 2542 1420 imo
2588 1379 2715 1418 vero
2760 1379 2862 1417 non
2910 1364 2996 1418 lex
3042 1366 3330 1433 nuptialis,

1756 1460 1912 1524 absit,
1941 1460 2036 1514 sed
2064 1460 2147 1514 lex
2175 1471 2371 1514 nostra:
2403 1459 2667 1512 mollitiei.
2693 1458 2830 1525 Quid
2861 1458 2989 1511 iacis
3013 1496 3028 1522 ,
3071 1471 3103 1510 ο
3132 1459 3334 1511 homo?

1759 1551 1936 1606 nescis
1956 1550 2081 1620 quid
2107 1566 2254 1620 agas.
2286 1550 2557 1604 Mulierem
2582 1549 2731 1603 ducis
2759 1548 2824 1603 ad
2850 1548 3253 1616 temperantiam
3282 1556 3337 1603 et

1762 1643 2050 1697 liberorum
2082 1642 2504 1710 procreationem
2538 1658 2550 1693 :
2582 1639 2707 1706 quid
2738 1655 2865 1708 ergo
2887 1639 2984 1693 sibi
3012 1639 3194 1692 volunt
3223 1622 3351 1692 me?

1759 1735 2021 1789 retrices?
2046 1732 2118 1789 Ut
2161 1733 2265 1796 sit,
2305 1733 2474 1802 inquit
2498 1774 2510 1794 .
2540 1732 2709 1801 major
2740 1732 2939 1785 laetitia.
2990 1733 3181 1785 Annon
3223 1731 3340 1786 haec

1760 1836 1885 1882 sunt
1909 1826 2227 1896 insipientiie
2252 1825 2274 1877 ἲ
2302 1825 2509 1879 Probro
2535 1824 2706 1878 afﬁeis
2733 1838 3007 1892 sponsam,
3035 1824 3234 1894 probro
3256 1824 3339 1878 af.

1762 1917 1877 1993 ﬁcis
1906 1919 2172 1971 invitatas.
2203 1915 2336 1970 Nam
2374 1917 2416 1969 si
2467 1917 2549 1969 his
2586 1915 2943 1976 delectantur.
2976 1930 3062 1970 res
3103 1925 3185 1970 est
3213 1931 3339 1984 pro-

1764 2011 1917 2065 brum
1962 2018 2016 2063 et
2054 2008 2400 2063 contumelia.
2444 2006 2577 2061 Nam
2616 2007 2660 2060 si
2698 2007 2879 2061 videre
2930 2008 3236 2063 meretrices
3282 2022 3344 2064 se

1765 2100 1988 2171 turpiter
2013 2108 2068 2153 et
2094 2097 2345 2153 indecore
2369 2108 2618 2167 gerentes
2645 2097 2874 2166 aliquam
2918 2097 3073 2152 aﬁ‘ert
3102 2100 3345 2168 magniﬁ-

1764 2194 2016 2254 centiam,
2063 2205 2159 2245 cur
2190 2204 2295 2245 non
2334 2188 2558 2244 attrahis
2604 2203 2858 2257 sponsam
2898 2197 2956 2243 ut
3006 2192 3089 2243 illa
3135 2206 3347 2260 quoque

1765 2285 2257 2357 Speetet?0mnino
2288 2295 2439 2353 turpe
2474 2294 2557 2338 est
2595 2291 2649 2337 et
2675 2284 3002 2345 indecorum,
3040 2285 3182 2339 viros
3214 2285 3346 2338 oml-

1770 2380 1848 2434 les
1873 2387 1929 2433 et
1963 2378 2240 2442 saltantes,
2288 2385 2344 2431 et
2381 2391 2593 2430 omnem
2636 2391 2878 2444 pompam
2922 2377 3208 2431 satanieam
3248 2379 3347 2432 do-

1774 2490 1917 2527 mum
1945 2472 2305 2527 introducere.
2338 2471 2587 2525 Memores
2613 2482 2789 2537 estote,
2824 2474 3011 2541 inquit,
3037 2474 3349 2525 vinculorum

1772 2581 2017 2619 meorum.
2044 2563 2433 2619 Matrimonium
2469 2573 2549 2617 est
2572 2563 2865 2626 vinculum,
2898 2563 3160 2617 vinculum
3185 2578 3214 2615 a
3244 2562 3351 2617 Deo

1772 2654 2116 2710 constitutum
2142 2670 2157 2708 :
2187 2653 2382 2708 solutio
2404 2663 2486 2709 est
2510 2653 2763 2708 meretrix
2787 2663 2843 2708 et
2868 2654 3167 2709 dissolutio.
3205 2653 3354 2708 Licet

1774 2747 1892 2802 aliis
1915 2745 2215 2799 exhilarare
2240 2743 2475 2812 nuptias,
2504 2755 2560 2797 ut
2584 2744 2740 2799 lautis
2764 2745 2963 2799 mensis
2988 2753 3043 2799 et
3066 2745 3349 2800 vestimen-

1779 2840 1845 2891 tis
1870 2854 1882 2889 :
1920 2842 2031 2890 haec
2056 2852 2161 2891 non
2188 2846 2425 2904 amputo,
2461 2852 2527 2889 ne
2555 2835 2736 2890 videar
2763 2851 2882 2891 esse
2908 2836 3058 2890 valde
3083 2837 3306 2906 agrestis
3338 2852 3354 2891 :

1778 2943 2093 3000 quamquam
2119 2927 2374 2983 Rebecca:
2401 2929 2528 2981 satis
2556 2927 2657 2981 fuit
2683 2928 2855 2982 solum
2881 2929 3183 2983 theristrum
3218 2947 3232 2984 :
3261 2931 3355 2985 sed

1780 3035 1883 3075 non
1900 3029 2136 3090 amputo.
2158 3021 2304 3074 Licet
2326 3019 2609 3074 cxhilarari
2631 3020 2887 3081 vestibus;
2915 3021 3038 3075 licet
3056 3021 3105 3074 in
3126 3037 3357 3091 pra-sen-

1782 3114 1850 3168 tia
1892 3113 2312 3167 venerandornm
2344 3114 2576 3166 virorum
2622 3124 2675 3169 et
2714 3115 3129 3168 reveremlarum
3172 3117 3361 3170 mulie-

1780 3222 1918 3259 rum.
1947 3205 2083 3271 Quid
2112 3205 2335 3259 ludibria
2380 3204 2465 3257 illa
2494 3246 2508 3267 ,
2540 3203 2665 3273 quid
2699 3216 2937 3258 monstra
2981 3205 3226 3260 inducis?
3268 3206 3363 3260 Dic

1783 3313 1901 3368 qua:
1931 3297 2081 3351 audis
2112 3297 2179 3351 ab
2208 3296 2357 3365 ipsis.
2387 3298 2454 3349 At
2482 3297 2760 3351 erubescis
2793 3297 3016 3352 dicere?
3044 3298 3122 3352 Tu
3166 3301 3362 3353 erube-

1783 3393 1888 3447 scis
1909 3433 1923 3455 ,
1958 3400 2013 3445 et
2038 3391 2157 3445 illos
2194 3391 2340 3459 cogis
2371 3391 2423 3444 id
2450 3389 2661 3444 facere?
2687 3390 2739 3444 Si
2773 3391 3050 3458 pulchrum
3080 3402 3158 3445 est
3184 3402 3236 3446 et
3265 3392 3357 3444 bo.

1782 3494 2013 3550 nestum,
2066 3498 2160 3537 cur
2200 3479 2306 3537 non
2362 3482 2475 3551 ipse
2518 3496 2729 3550 quoque
2758 3480 2924 3535 facis?
2970 3483 3013 3535 si
3062 3492 3238 3537 autem
3283 3494 3367 3537 est

1784 3584 1955 3644 turpe,
1999 3588 2095 3626 cur
2134 3572 2295 3626 alium
2340 3572 2519 3640 cogis?
2556 3572 2744 3628 Omnia
2785 3582 2997 3641 oportet
3040 3588 3159 3627 esse
3210 3575 3366 3642 plena

1787 3666 2133 3735 temperantia
2175 3680 2237 3720 ac
2284 3664 2576 3727 modestia,
2627 3663 2887 3733 gravitate
2940 3673 2995 3717 et
3044 3665 3321 3719 honestate
3350 3708 3364 3720 .

1786 3774 1926 3814 nunc
1961 3773 2088 3812 vero
2116 3756 2444 3811 contrarium
2478 3756 2655 3817 video,
2688 3755 2942 3809 saltantes
2985 3766 3249 3825 tamquam
3276 3772 3371 3811 ca-

1789 3851 1984 3913 melos,
2011 3858 2279 3917 tamquam
2301 3846 2496 3901 mulos.
2528 3846 2727 3915 Virgini
2749 3847 2894 3901 solus
2919 3859 3003 3901 est
3021 3856 3175 3915 aptus
3199 3851 3365 3901 Ibam-

1788 3958 1927 3997 mus.
1962 3943 2031 3995 At
2077 3950 2179 4002 est,
2212 3939 2415 4009 inquit,
2448 3954 2669 4008 pauper.
2718 3939 2979 4003 Quoniam
3026 3950 3109 3993 est
3147 3956 3371 4009 panper,

1791 4034 1951 4090 debet
1979 4033 2138 4088 etiam
2170 4046 2289 4086 esse
2316 4030 2555 4085 modesta
2585 4039 2640 4084 et
2662 4029 2887 4085 honesta
2915 4048 2928 4083 :
2971 4030 3165 4085 habeat
3200 4049 3374 4087 mores

1792 4142 1891 4197 pro
1920 4125 2141 4179 divitiis.
2172 4122 2289 4177 Non
2318 4132 2495 4193 potest
2524 4121 2654 4176 dare
2682 4122 2901 4176 dotem?
2931 4137 3026 4175 cur
3068 4137 3184 4176 eam
3216 4134 3379 4177 etiam

1794 4219 1927 4271 alias
1981 4215 2161 4270 reddis
2211 4214 2655 4269 contemnendam
2713 4228 2778 4266 ex
2843 4214 2944 4266 hac
2992 4214 3378 4281 perversione'.’

1798 4310 1980 4366 Laudo
2007 4308 2146 4378 quod
2177 4307 2353 4361 adsint
2384 4306 2618 4376 virgines
2645 4306 2903 4375 aequalem
2929 4319 3078 4358 suam
3108 4304 3372 4359 honoran-

1809 4413 1927 4460 tes:
1963 4401 2104 4471 quod
2137 4400 2311 4453 adsint
2339 4399 2593 4453 mulieres
2627 4412 2745 4451 eam
2789 4397 3145 4461 honorantes,
3176 4412 3296 4466 quae
3328 4414 3381 4451 ιιι

1801 4509 1954 4548 suum
1984 4508 2264 4546 numerum
2300 4499 2383 4545 est
2426 4490 2591 4543 relata
2627 4488 2769 4543 :hoc
2799 4498 2944 4542 recte
2989 4497 3071 4542 est
3117 4498 3377 4543 constitu-

1804 4596 1937 4640 tum.
1968 4584 2101 4640 Sunt
2139 4583 2279 4637 enim
2312 4582 2363 4635 hi
2392 4580 2498 4635 duo
2528 4580 2677 4633 chori
2712 4598 2724 4632 :
2754 4578 2952 4633 chorus
2992 4579 3257 4649 virginum
3278 4620 3293 4645 ,
3324 4591 3378 4633 et

1804 4678 2001 4733 chorus
2050 4690 2232 4730 earnm
2280 4689 2399 4743 qua:
2455 4680 2796 4740 nupserunt:
2837 4671 2944 4725 illa:
2993 4671 3246 4736 tradunt,
3298 4671 3381 4724 hie

1806 4770 2119 4839 suscipiunt.
2147 4767 2353 4836 Sponsa
2380 4774 2465 4820 est
2490 4766 2628 4817 inter
2652 4778 2764 4825 eas,
2795 4778 2966 4832 neque
3015 4763 3183 4832 virgo,
3212 4778 3389 4834 neque

1807 4864 1998 4919 mulier
2029 4878 2043 4914 :
2079 4876 2198 4915 nam
2236 4860 2381 4913 illinc
2408 4857 2620 4927 quidem
2649 4856 2938 4927 egreditur,
2962 4857 3014 4911 in
3046 4856 3182 4911 hanc
3206 4867 3387 4912 autem

1809 4956 2048 5011 ascendit
2068 4955 2314 5009 classem.

1830 5108 1833 5111 δ
1884 5047 2172 5100 Meretrices
2197 5047 2251 5098 in
2279 5043 2475 5113 nuptiis
2497 5042 2756 5096 admixta.
2775 5072 2844 5081 —
2862 5041 2967 5095 Cnr
3001 5052 3177 5095 autem
3207 5058 3387 5095 mere-

1813 5141 2014 5201 trices?
2058 5140 2190 5194 Cum
2237 5145 2510 5207 Oporteret
2552 5150 2645 5190 eas
2670 5150 2780 5203 prce
2824 5134 3025 5202 pudore
3061 5133 3206 5200 tegi,
3263 5133 3390 5186 dum

1815 5232 2011 5301 nuptiae
2033 5230 2390 5293 celebrantur,
2419 5243 2540 5282 cum
2562 5234 2837 5297 oporteret
2868 5240 2959 5279 eas
2986 5225 3146 5279 infodi
3180 5224 3393 5291 (matri-

1820 5326 1986 5383 monii
2015 5325 2160 5380 enim
2192 5323 2467 5393 corruptio
2504 5330 2586 5376 est
2633 5318 2932 5387 scortatio),
2961 5334 3057 5373 nos
3085 5329 3260 5372 autem
3306 5336 3397 5375 cas

1816 5419 2059 5475 ducimus
2086 5417 2153 5472 ad
2181 5415 2412 5486 nuptias.
2442 5414 2510 5467 Et
2536 5411 2754 5482 quando
2793 5408 2991 5479 aliquid
3018 5408 3231 5477 quidem
3268 5407 3390 5460 fat-i-

1820 5513 1909 5575 tis,
1935 5511 2094 5566 etiam
2115 5509 2296 5563 verbis
2327 5517 2482 5561 tenus
2501 5504 2766 5559 contraria
2788 5502 2965 5556 omnia
2994 5500 3351 5570 deprecamini
3377 5518 3395 5551 :

1820 5614 1878 5658 ιιι
1903 5601 2115 5672 quando
2143 5600 2397 5664 seminas,
2420 5595 2635 5666 quando
2654 5596 2836 5648 vinum
2859 5592 3041 5648 hauris
3066 5607 3133 5647 ex
3161 5594 3393 5647 torcula-

1822 5697 1988 5760 ribus,
2018 5708 2086 5748 ne
2130 5688 2468 5761 responderis
2508 5686 2723 5758 quidem
2761 5701 2880 5756 qua:
2923 5698 3146 5755 vappam
3191 5684 3390 5753 signin-

1823 5795 1946 5847 cant
1976 5804 1991 5843 :
2026 5787 2109 5841 hic
2139 5795 2339 5850 autem,
2375 5781 2459 5837 ubi
2488 5781 2684 5838 decent
2708 5776 3001 5835 moderatio
3026 5785 3077 5832 et
3101 5784 3395 5844 temperan.
