4032 6554
519 394 624 453 387

520 510 628 577 tia,
670 521 895 577 vappam
940 502 1308 569 introducitis;
1362 503 1465 558 hoc
1487 503 1631 558 enim
1682 509 1765 556 est
1806 495 2089 554 meretrix.

521 601 746 669 Quando
769 606 1091 669 unguentum
1122 595 1444 665 componitis
1472 634 1486 658 ,
1518 592 1653 649 nihil
1678 591 1819 646 male
1842 589 1995 645 olens
2025 584 2099 640 si-

524 694 649 746 nitis
665 689 1106 761 appropinquare.
1127 685 1514 740 Matrimonium
1529 694 1611 738 est
1624 690 1951 753 unguentum
1970 697 1982 730 :
1998 691 2096 734 cur

524 782 661 837 omni
710 782 948 836 lat-torem
1000 778 1206 832 inducis
1235 778 1288 833 in
1311 776 1749 845 compositionem
1796 776 2094 845 unguenti?

522 873 658 939 Quid
679 872 842 927 dicis?
868 872 1023 925 saltat
1053 871 1222 941 virgo,
1246 878 1300 924 et
1325 884 1428 922 non
1456 883 1571 922 eam
1596 865 1760 937 pudet
1786 880 1896 921 sua:
1917 882 2098 936 requa—

526 966 629 1021 lis?
654 965 877 1035 Oportet
904 964 1045 1017 enim
1074 964 1238 1032 ipsam
1262 962 1360 1017 hac
1377 977 1495 1016 esse
1524 961 1879 1015 honestiorem
1906 969 1960 1015 et
1979 976 2099 1030 gra-

524 1058 728 1112 viorem
749 1074 761 1109 :
785 1070 851 1109 ex
878 1055 998 1109 uina
1033 1055 1232 1123 quippe
1258 1068 1470 1123 egressa
1496 1060 1597 1119 est,
1621 1066 1724 1105 non
1744 1067 1809 1105 ex
1831 1052 2094 1120 palaestra.

524 1148 639 1203 Non
686 1153 898 1216 oportet
947 1144 1090 1199 enim
1148 1143 1367 1198 omnino
1418 1142 1676 1212 virginem
1730 1156 1991 1212 apparere
2042 1142 2096 1196 in

524 1240 742 1308 nuptiis.

596 1330 649 1384 5.
689 1327 805 1382 Non
838 1326 985 1380 vides
1007 1324 1149 1396 quod
1180 1324 1232 1378 in
1261 1324 1402 1394 regia
1429 1323 1517 1393 qui
1542 1331 1663 1377 sunt
1690 1322 1899 1393 quidem
1932 1324 2099 1378 hono-

530 1422 674 1487 rati,
708 1428 835 1474 sunt
862 1420 1003 1471 intus
1027 1418 1169 1471 circa
1214 1431 1433 1485 regem;
1478 1417 1508 1468 ii
1540 1424 1715 1469 autem
1764 1416 1854 1486 qui
1886 1432 1990 1470 non
2044 1417 2097 1471 in

528 1513 731 1568 honore
759 1520 902 1576 sunt,
927 1518 1069 1563 stant
1095 1508 1266 1562 foris?
1294 1508 1379 1562 Sis
1407 1508 1583 1578 itaque
1612 1510 1749 1561 intus
1772 1510 1911 1562 circa
1939 1523 2100 1578 spon-

526 1618 662 1657 sam.
694 1601 799 1657 Sed
830 1610 975 1655 casta
1007 1614 1162 1654 mane
1205 1598 1391 1652 domi:
1433 1614 1499 1653 ne
1548 1598 1599 1653 in
1646 1614 1888 1667 pompam
1937 1599 2096 1655 ducas

524 1696 908 1766 virginitatem.
962 1692 1152 1746 Adstat
1213 1700 1433 1760 uterque
1477 1690 1706 1757 chorus;
1751 1692 1839 1745 ille
1884 1690 2097 1761 quidem

525 1787 737 1858 qualem
766 1784 856 1839 det
880 1782 1189 1844 ostendens.
1222 1781 1307 1836 hic
1330 1792 1528 1846 autem,
1557 1790 1612 1835 ut
1633 1796 1748 1835 eam
1775 1789 2055 1836 conservet
2080 1796 2098 1835 :

525 1893 623 1933 cur
646 1875 908 1931 dedecore
931 1873 1101 1928 allicis
1132 1872 1528 1943 virginitatem?
1558 1871 1687 1926 Nam
1717 1873 1759 1927 si
1792 1882 1845 1926 tu
1874 1887 1934 1927 es
1958 1872 2097 1938 talis,

528 1969 654 2023 talia
683 1980 912 2036 sponsus
935 1965 1003 2019 de
1038 1964 1125 2018 illa
1160 1963 1517 2033 suspicabitur
1545 1980 1560 2017 :
1588 1963 1635 2018 si
1663 1971 1718 2017 tu
1745 1964 1878 2018 velis
1909 1964 2098 2030 amari,

526 2074 591 2114 ea
618 2066 743 2113 sunt
765 2072 913 2125 cepa:
937 2096 951 2119 ,
984 2056 1190 2109 olerum
1228 2052 1536 2108 venditricis
1561 2063 1615 2108 et
1639 2054 1863 2122 Opilicis.
1908 2055 2100 2109 Annon

527 2161 651 2207 sunt
687 2150 797 2204 haec
824 2148 1073 2219 probrum
1101 2156 1155 2200 et
1184 2144 1454 2200 dedecus?
1479 2144 1737 2199 Probrum
1765 2145 1907 2200 enim
1936 2156 2019 2199 est
2047 2154 2103 2200 et

528 2245 760 2299 dedecus
789 2256 846 2295 se
875 2240 1126 2294 indecore
1154 2252 1363 2308 gerere,
1397 2237 1558 2292 etiam
1598 2237 1643 2291 si
1684 2236 1753 2290 sit
1786 2236 1892 2292 filia
1937 2236 2097 2306 regis.

528 2336 663 2391 Num
691 2333 936 2403 prohibet
967 2329 1289 2400 paupertas?
1316 2343 1440 2383 num
1468 2330 1589 2383 vita:
1615 2328 1847 2383 studium
1871 2337 1926 2384 et
1950 2328 2103 2382 insti-

527 2426 739 2483 tutum?
766 2422 980 2479 Etiamsi
1007 2436 1160 2476 serva
1182 2421 1251 2475 sit
1282 2419 1452 2490 virgo,
1475 2428 1689 2474 maneat
1719 2419 1769 2473 in
1796 2418 2053 2488 pudicitia
2080 2436 2094 2472 :

529 2521 596 2575 In
627 2519 822 2575 Christo
851 2516 991 2572 enim
1013 2512 1141 2569 Jesu
1166 2531 1267 2568 non
1293 2523 1364 2567 est
1383 2529 1573 2576 servus,
1614 2528 1702 2565 nec
1728 2512 1851 2567 liber
1875 2511 2016 2582 (Gal.
2043 2512 2099 2566 3.

525 2613 642 2682 ‘28).
669 2610 1025 2665 Theatrumne
1053 2615 1136 2661 est
1170 2603 1610 2659 matrimonium?
1663 2604 1757 2658 Est
1783 2602 2097 2674 mysterium

524 2716 582 2759 et
604 2703 679 2758 rei
705 2714 908 2770 magnae
929 2708 1085 2768 typus
1111 2712 1125 2749 :
1151 2705 1203 2749 et
1225 2695 1269 2749 si
1289 2696 1460 2764 ipsum
1480 2710 1584 2748 non
1604 2696 1922 2760 reverearis,
1946 2707 2102 2749 reve-

528 2809 648 2849 rere
664 2791 715 2847 id
731 2790 883 2860 cujus
908 2799 989 2843 est
1020 2797 1195 2859 typus.
1229 2786 1630 2848 Sacramentum,
1655 2785 1843 2855 inquit,
1869 2785 1965 2839 hoc
1991 2800 2101 2838 ma-

526 2902 682 2956 gnum
699 2894 770 2939 est
793 2899 812 2936 :
833 2898 922 2952 ego
942 2889 1107 2933 autent
1127 2879 1240 2932 dico
1261 2879 1312 2931 in
1329 2877 1527 2933 Christo
1552 2887 1599 2931 et
1624 2876 1852 2931 Ecclesia
1878 2876 2097 2949 (Ephes.

529 2983 586 3038 5.
614 2979 725 3046 52).
745 2976 995 3032 Ecclesia:
1018 2985 1100 3029 est
1124 2983 1281 3044 typus
1301 2973 1586 3039 etChristi,
1614 2983 1667 3028 et
1694 2975 2004 3029 meretrices
2022 2976 2103 3029 in-

531 3070 787 3127 troducis?
801 3068 857 3123 Si
875 3082 1024 3137 ergo,
1044 3066 1233 3135 inquit,
1256 3080 1426 3134 neque
1443 3065 1669 3134 virgines
1688 3066 1910 3132 saltant,
1927 3082 2100 3136 neque

526 3178 650 3233 qua:
691 3169 1023 3229 nupserunt,
1067 3158 1187 3228 quis
1234 3156 1489 3211 saltabit?
1534 3156 1761 3212 Nullus:
1807 3158 2104 3215 saltationis

532 3256 672 3309 enim
699 3265 941 3322 quaenam
971 3257 1054 3305 est
1078 3248 1405 3303 necessitas?
1427 3248 1483 3302 In
1512 3248 1775 3321 mysteriis
1792 3248 2100 3304 Gre-corum

533 3355 658 3399 sunt
682 3342 1034 3405 saltationes;
1086 3339 1138 3393 in
1169 3340 1366 3393 nostris
1409 3347 1585 3394 autem
1621 3340 1891 3395 silentium
1919 3352 1974 3396 et
2008 3341 2104 3396 ho-

534 3445 683 3491 uesta
705 3434 954 3505 gravitas,
980 3431 1150 3501 pudor
1173 3440 1221 3484 et
1254 3429 1531 3485 modestia.
1559 3429 1803 3500 Magnum
1838 3432 2104 3503 peragitur

532 3527 870 3599 mysterium,
890 3524 1033 3578 foras
1058 3522 1388 3588 meretrices,
1418 3520 1560 3575 foras
1582 3520 1809 3590 profani.
1827 3524 2104 3588 Quomodo

531 3629 615 3674 est
642 3616 995 3689 mysterium?
1036 3614 1397 3679 Conveniunt,
1443 3620 1496 3667 et
1530 3612 1637 3667 duo
1664 3611 1866 3668 faciunt
1913 3630 2099 3669 unum.

534 3714 640 3768 Cur
695 3710 908 3781 quando
955 3706 1250 3776 ingreditur
1301 3706 1545 3775 quidem,
1596 3721 1700 3761 non
1743 3715 1824 3761 est
1868 3708 2098 3773 saltatio,

531 3821 636 3860 non
683 3814 807 3858 sunt
849 3800 1125 3871 cymbala,
1168 3797 1260 3853 sed
1307 3797 1529 3851 multum
1578 3798 1881 3865 silentium,
1938 3799 2100 3854 multa

530 3892 712 3964 quies;
744 3892 955 3963 quando
999 3898 1175 3943 autem
1230 3888 1571 3953 conveniunt,
1624 3904 1728 3942 non
1762 3889 2097 3944 inanimatam

530 3985 836 4053 imaginem,
868 3996 971 4033 non
1004 3978 1234 4048 alicujus
1260 3994 1328 4031 ex
1361 3979 1424 4032 iis
1453 3995 1570 4047 quae
1598 3981 1795 4061 suntin
1820 3991 1977 4048 terra,
2004 3982 2099 4038 sed

531 4076 696 4145 ipsius
725 4072 816 4126 Dei
846 4070 1102 4124 facientes
1142 4068 1423 4138 imaginem
1446 4078 1497 4122 et
1534 4070 1952 4139 similitudinem,
1981 4083 2097 4127 tan-

530 4179 641 4222 tum
667 4162 954 4220 introducis
973 4161 1275 4224 tumultum,
1295 4170 1349 4215 et
1365 4175 1457 4215 eos
1480 4162 1568 4231 qui
1589 4161 2097 4233 adsuntperturbas,

529 4268 585 4314 et
622 4256 884 4312 dedecore
912 4253 1145 4307 animam
1193 4251 1364 4307 afficis
1412 4261 1467 4307 et
1506 4247 1826 4309 conturbas?
1868 4254 2100 4313 Veniunt

530 4350 692 4405 futuri
722 4363 882 4401 unum
910 4360 1106 4414 corpus
1136 4362 1149 4398 :
1176 4360 1303 4399 ecce
1329 4359 1515 4399 rursus
1557 4347 1866 4416 mysterium
1907 4350 2099 4404 carita-

532 4443 619 4497 tis.
642 4440 698 4496 Si
728 4440 834 4492 duo
860 4452 967 4491 non
997 4434 1121 4490 facti
1154 4434 1357 4490 fuerint
1381 4450 1570 4501 unum,
1596 4453 1701 4491 non
1732 4436 1928 4494 faciunt
1960 4442 2099 4495 mul-

530 4547 636 4599 tos,
666 4531 920 4603 quamdiu
938 4531 1043 4584 duo
1067 4530 1398 4593 manserint;
1428 4530 1637 4599 quando
1663 4541 1836 4585 autem
1860 4536 2098 4588 venerint

530 4626 597 4677 ad
627 4626 904 4683 unitatem,
959 4629 1083 4673 tunc
1132 4618 1349 4672 faciunt.
1382 4620 1514 4686 Quid
1554 4634 1619 4673 ex
1665 4621 1764 4675 hoc
1808 4622 2100 4679 discimus?

531 4713 683 4783 Quod
722 4713 933 4765 unionis
965 4724 1153 4778 magna
1204 4708 1273 4762 sit
1299 4708 1397 4762 vis.
1442 4710 1625 4764 Solers
1674 4711 1767 4765 Dei
1812 4714 2096 4769 artiﬁcium

532 4817 695 4858 unum
726 4802 778 4855 in
826 4801 931 4854 duo
957 4798 1138 4852 divisit
1173 4798 1244 4852 ab
1276 4798 1453 4863 initio;
1485 4810 1537 4855 ct
1586 4801 1772 4856 volens
1815 4806 2099 4861 ostendere

534 4893 676 4965 quod
706 4892 863 4947 etiam
897 4898 1173 4959 postquam
1220 4890 1287 4943 sit
1310 4890 1515 4945 divisus
1548 4904 1725 4948 manet
1756 4911 1950 4963 unum,
1992 4914 2095 4955 non

532 4986 661 5041 sinit
689 4998 849 5036 unum
877 4979 1122 5034 sufficere
1147 4980 1212 5033 ad
1259 4982 1674 5049 generationem.
1702 4985 1815 5041 Non
1843 4997 1926 5042 est
1952 4991 2093 5045 enim

534 5090 689 5141 unus,
717 5073 805 5143 qui
832 5070 1064 5126 nondum
1092 5078 1174 5124 est
1209 5069 1443 5139 junctus,
1471 5073 1563 5127 sed
1589 5075 1864 5131 dimidium
1895 5082 2049 5135 unius
2073 5099 2088 5137 :

532 5179 589 5222 et
645 5166 768 5221 hinc
812 5163 986 5235 palam
1044 5169 1128 5216 est
1180 5161 1321 5231 quod
1376 5163 1515 5217 ﬁlios
1555 5166 1788 5221 nondum
1828 5181 2094 5239 procreet.

539 5258 724 5313 Vidisti
749 5255 1055 5326 mysterium
1082 5254 1422 5323 nuptiarum?
1462 5256 1608 5311 Fecit
1647 5273 1711 5312 ex
1758 5275 1863 5315 uno
1893 5278 2051 5316 unum
2078 5303 2093 5329 ,

534 5361 590 5407 et
636 5364 823 5405 rursus
859 5362 981 5402 cum
1026 5346 1125 5400 hos
1169 5345 1305 5401 duos
1356 5347 1567 5403 fecisset
1615 5366 1800 5418 unum,
1848 5354 1925 5408 sic
1972 5354 2099 5410 facit

536 5460 717 5498 unum.
746 5440 1101 5508 Quamobrem
1130 5454 1198 5492 ex
1233 5455 1337 5491 uno
1378 5456 1589 5510 quoque
1636 5445 1870 5498 nascitur
1915 5445 2094 5503 homo.

534 5536 721 5589 Mulier
747 5533 889 5587 enim
916 5542 969 5587 et
999 5531 1076 5585 vir
1101 5548 1208 5586 non
1249 5544 1374 5587 sunt
1399 5534 1505 5588 duo
1530 5534 1791 5601 homines,
1817 5538 1908 5591 sed
1938 5538 2098 5593 homo

538 5642 674 5678 unus
698 5646 713 5681 :
748 5624 902 5693 idque
930 5633 1106 5693 potest
1132 5624 1340 5693 probari
1368 5640 1433 5679 ex
1461 5626 1671 5679 multis:
1700 5643 1764 5680 ex
1795 5628 2014 5695 Jacobo,
2044 5641 2099 5685 et

539 5730 603 5768 ex
633 5715 795 5768 Maria
826 5726 992 5769 matre
1013 5715 1228 5782 Christi,
1258 5732 1321 5769 ex
1345 5733 1409 5770 eo
1435 5716 1573 5785 quod
1613 5720 1774 5781 dicat,
1813 5718 2097 5775 Masculum

526 5812 583 5859 α
603 5802 842 5872 feminam
876 5810 995 5880 fecit
1018 5825 1106 5863 eos
1131 5809 1283 5883 (Cen.
1318 5812 1508 5886 1.27).
1551 5811 1605 5866 Si
1644 5810 1733 5866 ille
1773 5813 1986 5882 quidem
2014 5825 2096 5871 est

1315 392 1375 449 S.
1423 384 1699 450 JOANNIS
1733 380 2206 443 CHRYSOSTOMI
2243 380 2557 438 ARCHIEP.
2596 380 3125 441 CONSTANTINOP.

3662 390 3765 449 388

2201 504 2377 564 caput,
2433 494 2523 548 illa
2563 509 2693 548 vero
2730 510 2944 565 corpus,
2974 497 3240 568 quomodo
3282 497 3429 555 duo?
3477 501 3767 571 Propterea

2200 583 2315 639 haec
2337 584 2549 654 quidem
2573 584 2835 654 discipuli,
2865 586 2952 641 ille
2971 604 3097 643 vero
3119 589 3291 644 locum
3316 600 3461 646 tenet
3493 595 3765 662 magistri'

2199 674 2288 729 ille
2314 676 2589 746 principis,
2618 675 2731 732 ba-c
2766 676 2884 745 ejus
2911 692 3029 746 quae
3057 691 3203 746 paret
3244 682 3491 753 principi.
3545 684 3625 738 Ex
3657 687 3767 754 ipsa

2198 783 2409 839 quoque
2429 770 2671 837 corporis
2695 768 3012 824 formatione
3038 769 3235 826 videris
3252 789 3368 830 esse
3396 792 3563 831 unum
3586 796 3600 831 :
3634 778 3770 834 facta

2196 868 2282 913 est
2300 860 2440 913 enim
2470 874 2537 914 ex
2569 860 2733 914 latere
2752 900 2768 925 ,
2800 868 2855 913 et
2895 869 3160 930 tamquam
3183 861 3291 916 duo
3316 878 3384 917 ex
3411 867 3638 922 dimidio
3665 869 3772 924 dis-

2198 958 2342 1003 seCIa
2359 957 2502 1003 sunt.
2526 949 2811 1020 Propterea
2833 965 2949 1005 eam
2966 966 3174 1021 quoque
3189 961 3342 1007 vocat
3361 954 3695 1023 adjutricem,
3715 971 3771 1013 ut

2197 1039 2444 1095 ostendat
2468 1055 2561 1096 eos
2581 1057 2700 1095 esse
2724 1057 2905 1096 unum.
2934 1041 3056 1096 ldco
3076 1052 3128 1097 et
3151 1044 3284 1112 patri
3308 1053 3364 1099 et
3387 1047 3547 1099 matri
3574 1050 3772 1115 profert

2198 1133 2626 1203 conjunctionem
2655 1144 2710 1189 et
2750 1133 3215 1198 cohabitationem,
3264 1144 3320 1191 ut
3352 1138 3607 1193 ostendat
3636 1143 3773 1210 quoat

2198 1225 2304 1279 sint
2329 1240 2511 1280 unum.
2544 1226 2605 1280 Et
2650 1234 2801 1295 pater
2826 1226 3074 1282 similiter
3101 1227 3309 1282 laetatur
3343 1239 3398 1284 et
3427 1230 3537 1283 [ilia
3583 1244 3641 1286 et
3669 1234 3774 1288 lilio

2195 1316 2392 1385 junctis
2419 1317 2773 1381 matrimonio,
2802 1317 2944 1387 quod
2971 1332 3165 1387 corpus
3209 1330 3464 1390 pr0peret
3513 1322 3580 1377 ad
3620 1340 3772 1380 suum

2200 1408 2498 1463 membrum
2527 1427 2541 1462 ε
2572 1410 2734 1480 fitque
2762 1418 2941 1465 tantus
2969 1422 3210 1480 sumptus
3235 1422 3289 1467 et
3319 1415 3562 1482 pecunia:
3611 1418 3775 1473 detri-

2199 1508 2459 1565 mentum,
2487 1509 2544 1555 et
2570 1509 2750 1556 tamen
2794 1501 2849 1557 id
2880 1504 3021 1558 ferre
3051 1505 3251 1574 nequit,
3285 1513 3341 1559 ut
3384 1521 3494 1561 non
3520 1508 3774 1579 conjuga-

2199 1601 2310 1646 tum
2351 1592 2548 1648 videat.
2601 1592 2896 1663 Tamquam
2937 1594 3079 1649 enim
3131 1596 3242 1666 ipsa
3286 1596 3526 1653 abscissa
3572 1614 3771 1666 canie,

2198 1693 2421 1755 uterque
2441 1694 2523 1739 est
2547 1681 2893 1756 imperfectus
2917 1686 2983 1741 ad
3006 1688 3293 1743 liberorum
3323 1691 3773 1759 procreationem,

2201 1787 2423 1847 uterque
2446 1786 2530 1833 est
2560 1778 2905 1849 imperfectus
2930 1779 2996 1835 ad
3030 1782 3309 1850 praisentis
3339 1784 3466 1839 vita:
3514 1786 3779 1839 constitu-

2200 1870 2419 1924 tionem.
2469 1869 2757 1940 Propterea
2783 1870 2915 1926 dicit
2950 1872 3111 1927 etiam
3156 1871 3411 1941 propheta
3436 1914 3455 1941 ,
3503 1873 3777 1945 Reliquum

2200 1960 2407 2029 spiritus
2443 1961 2519 2014 tui
2563 1960 2817 2034 (Malaclt.
2857 1961 2913 2017 2.
2955 1961 3068 2033 15).
3106 1963 3381 2031 Quomodo
3430 1975 3618 2022 autem
3659 1979 3777 2022 sunt

2200 2051 2361 2105 etiam
2391 2052 2447 2105 in
2491 2067 2655 2108 carne
2689 2053 2841 2108 una?
2879 2052 2950 2110 Ut
2971 2054 3019 2109 si
3060 2054 3176 2109 auri
3203 2054 3469 2111 ademeris
3510 2057 3660 2127 quod
3700 2070 3777 2113 est

2200 2144 2566 2215 purissimum,
2590 2155 2645 2200 et
2668 2146 2823 2202 alteri
2849 2161 2981 2202 auro
3008 2146 3356 2204 admiscueris
3388 2165 3402 2201 :
3432 2151 3507 2204 ita
3534 2150 3626 2204 hic
3647 2167 3774 2220 quo-

2201 2249 2326 2305 que,
2353 2234 2407 2289 id
2449 2235 2590 2305 quod
2621 2246 2702 2291 est
2743 2238 3145 2307 pinguissimum
3166 2280 3179 2303 ,
3208 2249 3472 2309 tamquam
3517 2240 3775 2297 fundente

2198 2324 2488 2395 voluptate,
2515 2326 2809 2396 suscipiens
2836 2327 3030 2382 mulier
3051 2329 3145 2382 alit
3176 2338 3229 2383 et
3260 2328 3402 2383 fovet
3424 2370 3439 2394 ,
3467 2340 3527 2385 et
3563 2346 3689 2385 cum
3715 2349 3775 2387 ea

2199 2433 2317 2487 qum
2342 2426 2466 2473 sunt
2490 2432 2584 2473 sua
2610 2420 2911 2486 contulerit,
2959 2422 3073 2475 viro
3107 2420 3301 2476 reddit.
3351 2422 3419 2477 Et
3458 2432 3546 2478 est
3602 2424 3773 2479 infans

2201 2509 2367 2565 instar
2389 2512 2583 2582 pontis.
2611 2510 2961 2579 Quamobrem
2985 2520 3091 2568 tres
3109 2512 3241 2568 fiunt
3264 2528 3364 2569 una
3395 2529 3545 2581 caro,
3575 2514 3774 2570 infante

2200 2604 2466 2675 utrimque
2503 2614 2755 2676 utrosque
2784 2607 3155 2677 conjungente.
3194 2606 3341 2663 Sicut
3382 2609 3525 2663 enim
3566 2611 3615 2664 si
3657 2625 3772 2665 cum

2200 2698 2319 2752 dote
2346 2698 2455 2753 sint
2475 2697 2734 2764 civitates,
2766 2707 2820 2754 et
2844 2696 3033 2753 ﬂuvius
3056 2714 3146 2753 eas
3173 2699 3391 2754 omnino
3418 2699 3644 2762 dividat,
3677 2719 3771 2756 una

2203 2790 2261 2845 ﬁt
2284 2791 2472 2846 civitas
2500 2802 2659 2862 ponte
2700 2791 2964 2861 utrimque
3004 2791 3357 2862 conjungente
3392 2811 3405 2847 :
3440 2793 3511 2847 ita
3564 2803 3647 2848 est
3694 2794 3771 2849 hic

2200 2898 2435 2953 quoque,
2464 2891 2518 2937 et
2546 2884 2730 2955 magis,
2767 2883 2975 2953 quando
3002 2884 3115 2954 ipse
3145 2899 3277 2954 pons
3302 2895 3382 2939 est
3407 2901 3471 2941 ex
3501 2887 3771 2957 utriusque

2201 2974 2465 3041 essentia,
2495 2988 2559 3029 ea
2596 2975 2800 3029 ratione
2843 2984 2900 3029 ut
2925 2990 3117 3045 corpus
3155 2985 3209 3030 et
3251 2987 3407 3044 caput
3451 2978 3562 3031 sint
3612 2995 3768 3035 unum

2200 3083 2395 3136 corpus
2424 3085 2437 3120 :
2466 3067 2607 3122 collo
2632 3067 2771 3121 enim
2818 3068 3103 3133 dividitur;
3150 3068 3244 3123 sed
3288 3084 3392 3123 non
3420 3072 3590 3139 magis
3638 3073 3767 3127 divi-

2202 3160 2402 3214 duntur
2424 3175 2580 3230 quam
2607 3162 2998 3230 conjunguntur
3021 3160 3037 3191 ¹
3070 3182 3083 3217 :
3112 3176 3234 3214 nam
3253 3178 3371 3215 cum
3394 3164 3463 3216 sit
3492 3164 3726 3217 medium
3752 3206 3767 3228 ,

2202 3262 2485 3321 utrumque
2513 3252 2804 3321 conjungit.
2836 3252 2905 3306 Et
2929 3252 3148 3321 perinde
3177 3252 3233 3305 fit
3261 3263 3316 3306 ut
3355 3255 3398 3307 si
3438 3254 3638 3311 chorus
3664 3257 3768 3311 dis-

2206 3351 2436 3405 tractus,
2481 3357 2582 3397 una
2628 3342 2842 3412 quidem
2880 3344 2994 3412 ejus
3026 3353 3177 3409 parte
3228 3344 3352 3399 hinc
3401 3358 3645 3415 accepta,
3693 3349 3768 3401 al-

2206 3442 2317 3488 tera
2365 3442 2543 3487 autem
2585 3446 2617 3487 a
2682 3433 2939 3499 dextera,
2995 3449 3157 3489 unum
3210 3436 3395 3491 fecerit
3440 3454 3453 3491 :
3498 3449 3593 3491 aut
3640 3439 3769 3494 sicut

2202 3525 2291 3595 qui
2337 3524 2530 3579 fuerint
2598 3526 2654 3580 in
2702 3540 2864 3579 unum
2916 3526 3209 3591 contracti,
3239 3528 3397 3582 etiam
3449 3544 3643 3585 manus
3684 3547 3766 3585 ex-

2205 3617 2482 3673 tendentes
2531 3626 2656 3673 sunt
2702 3633 2864 3672 unum
2906 3636 2922 3670 :
2959 3634 3149 3673 manus
3197 3620 3339 3673 enim
3381 3629 3621 3675 extensa:
3668 3637 3768 3676 non

2202 3710 2383 3765 sinunt
2409 3724 2531 3765 esse
2555 3710 2710 3765 duos.
2739 3709 3025 3781 Propterea
3056 3720 3240 3766 exacte
3268 3722 3320 3766 et
3343 3723 3593 3767 accurate
3618 3714 3766 3776 dixit,

2202 3819 2332 3869 non,
2361 3804 2527 3857 Erunt
2552 3818 2655 3857 una
2685 3817 2833 3867 caro,
2861 3802 2979 3870 sed,
3010 3801 3078 3856 In
3114 3819 3265 3857 unam
3300 3820 3500 3858 carnem
3529 3848 3546 3872 ,
3582 3822 3769 3876 nempe

2200 3898 2267 3951 ab
2293 3897 2492 3951 infante
2536 3895 2825 3964 conjuncti.
2863 3895 2998 3963 Quid
3024 3912 3182 3963 vero,
3208 3898 3417 3965 quando
3464 3914 3572 3953 non
3618 3900 3769 3955 fuerit

2201 3989 2397 4050 infans,
2420 4004 2522 4043 non
2545 3997 2703 4043 erunt
2725 3988 2829 4042 duo
2844 3990 2868 4041 ’ἒ
2890 3989 3091 4054 Erunt;
3121 3990 3220 4044 hoc
3237 3991 3376 4044 enim
3404 3991 3533 4046 facit
3555 3996 3728 4047 coitus
3753 4012 3767 4049 :

2199 4078 2476 4133 confundit
2510 4087 2565 4132 et
2589 4080 2897 4133 commiscet
2938 4081 3212 4134 amborum
3257 4096 3503 4151 corpora,
3537 4093 3595 4136 et
3639 4086 3767 4137 sicut

2200 4170 2289 4241 qui
2318 4171 2369 4224 in
2392 4171 2567 4226 oleum
2600 4170 2781 4241 injecit
2806 4181 3151 4241 unguentum,
3193 4181 3358 4227 totum
3401 4174 3529 4228 facit
3562 4191 3763 4228 unum:

2200 4265 2271 4319 ita
2305 4264 2390 4318 hic
2415 4279 2642 4335 quoque.
3152 4260 3155 4267 “

2270 4357 2323 4411 6.
2364 4355 2488 4410 Scio
2538 4354 2732 4410 multos
2778 4354 2982 4426 pudore
3024 4354 3163 4409 afﬁci
3211 4355 3275 4410 iis
3304 4371 3421 4426 qua:
3461 4356 3756 4423 dicuntur;

2203 4461 2357 4504 causa
2385 4458 2564 4505 autem
2594 4462 2783 4502 eorum
2826 4464 2944 4519 qua:
2974 4447 3083 4502 dixi
3107 4458 3188 4502 est
3218 4448 3379 4502 libido
3407 4459 3461 4503 et
3489 4449 3763 4519 impudici.

2202 4541 2293 4594 tia.
2337 4539 2486 4607 Quod
2534 4539 2610 4593 sic
2654 4539 2780 4593 [iant
2828 4540 3057 4607 nuplite,
3102 4540 3240 4608 quod
3279 4553 3691 4609 corrumpantur
3714 4551 3761 4593 et

2200 4632 2575 4702 depraventur,
2605 4629 2657 4683 id
2696 4645 2807 4684 rem
2837 4630 3008 4684 reddit
3043 4630 3278 4683 odiosam
3307 4646 3320 4681 :
3350 4629 3481 4683 Nam
3522 4629 3757 4683 Honoru-

2201 4724 2321 4776 biles
2348 4731 2461 4777 sunt
2489 4722 2679 4793 παρήιε
2698 4762 2712 4787 ,
2744 4732 2789 4774 et
2828 4722 2991 4774 cubile
3020 4721 3402 4774 immaculatum
3452 4720 3645 4791 (Hebr.
3677 4723 3755 4775 l5.

2200 4812 2278 4885 4).
2307 4812 2443 4881 Quid
2484 4820 2538 4867 te
2586 4811 2746 4882 pudet
2783 4811 2897 4879 ejus
2941 4812 3080 4877 quod
3130 4822 3211 4865 est
3254 4813 3754 4884 honorabile?quid

2201 4902 2473 4959 erubescis
2516 4901 2586 4956 ob
2629 4901 2681 4955 id
2714 4901 2854 4971 quod
2883 4910 2965 4955 est
2990 4901 3424 4955 immaculatum?
3476 4902 3603 4957 ιιιεο
3646 4912 3758 4957 sunt

2202 4994 2605 5058 hrcrcticorum;
2637 4994 2751 5047 lucc
2779 5002 2902 5047 sunt
2930 5007 3116 5046 eorum
3153 4993 3242 5062 qui
3278 4993 3620 5048 introducunt
3657 5011 3758 5047 rne-

2202 5088 2439 5143 retrices.
2490 5086 2782 5155 Propterea
2810 5084 2934 5138 volo
2963 5086 3136 5153 ipsum
3164 5098 3460 5154 expurgare
3491 5086 3757 5140 matrimo-

2201 5183 2369 5246 nium,
2404 5190 2460 5234 ut
2485 5179 2734 5234 reducam
2760 5182 2827 5233 ad
2848 5194 2996 5234 suam
3028 5180 3354 5234 nobilitatem
3374 5221 3392 5245 ,
3432 5190 3491 5235 ut
3517 5182 3754 5236 obturem

2202 5288 2295 5327 ora
2327 5272 2715 5327 haereticorum.
2769 5270 2973 5325 Probro
3002 5270 3247 5325 affectum
3290 5281 3371 5326 est
3408 5272 3500 5345 Dei
3530 5273 3754 5339 donum,

2202 5366 2354 5421 radix
2404 5374 2599 5419 nostra:
2651 5364 3010 5435 generationis
3061 5382 3075 5417 :
3125 5380 3247 5418 nam
3293 5366 3516 5419 multum
3565 5368 3671 5420 [inii
3710 5378 3756 5420 et

2202 5458 2342 5513 omni
2374 5456 2620 5526 injectum
2646 5465 2729 5511 est
2752 5456 2933 5511 radici.
2975 5456 3086 5510 Hoc
3113 5474 3239 5526 ergo
3266 5458 3470 5512 ratione
3498 5475 3753 5528 expurge-

2201 5565 2321 5603 nms
2364 5567 2377 5604 :
2418 5552 2675 5604 sustinete
2713 5550 2871 5619 igitur
2894 5564 3120 5619 parum;
3163 5567 3283 5604 nam
3323 5562 3375 5604 ct
3418 5554 3509 5621 qui
3552 5569 3751 5607 C(Bltlllll

2267 5664 2283 5692 ¹
2309 5660 2403 5723 Hic
2426 5660 2559 5710 locus
2576 5660 2646 5709 sic
2667 5658 2873 5710 habetur
2894 5661 2941 5709 in
2956 5663 3174 5723 margine
3198 5660 3469 5715 Savil.......
3507 5679 3566 5715 ea
3585 5666 3751 5715 ratione

2201 5729 2254 5772 ω
2276 5721 2435 5771 omnia
2474 5727 2685 5774 membra
2718 5724 2769 5775 in
2787 5725 2959 5775 ordine
2995 5721 3224 5786 αάὶυρυι
3246 5734 3459 5786 comitata
3495 5741 3638 5776 unum
3655 5730 3752 5786 sunt

2205 5798 2379 5857 ιξζνξηρδ
2398 5788 2646 5857 ,Δίιτιαηιυίδ
2666 5788 2787 5855 collo
2812 5787 3089 5837 dividantur
3108 5800 3125 5835 :
3145 5785 3384 5852 siquidem
3408 5802 3499 5839 non
3524 5790 3674 5854 mayt';
3708 5785 3748 5834 ‘n‘

2209 5846 2487 5897 dividuntur
2508 5863 2651 5915 quam
2677 5846 3047 5914 conjtmguntur,
3095 5857 3192 5899 etc.
