4032 6506
211 346 339 402 387

297 459 365 510 Δί
410 456 470 509 δὲ
516 455 734 525 πόρναι,
760 451 850 506 διὰ
877 452 931 505 τί
950 469 964 517 ;
997 450 1125 503 Δέον
1154 449 1323 508 αὑτὰς
1371 443 1810 513 ἐγκαλύπτεσθαι

210 550 354 601 ὅταν
377 546 558 616 γάμος
583 542 639 617 ᾖ,
674 542 793 595 δέον
816 542 988 605 αὐτὰς
1017 532 1443 606 κατορύττεσθαι
1480 532 1678 602 (φθορά
1705 532 1815 604 γάρ

213 638 409 704 γάμου
437 633 707 704 πορνεία),
732 632 896 701 ἡμεῖς
937 629 991 681 δὲ
1036 630 1245 701 ἀγομεν
1272 621 1442 683 αὐτὰς
1474 622 1552 684 είς
1579 620 1811 689 γάμους.

216 724 339 777 Καὶ
381 724 514 775 ὅταν
552 722 651 792 μέν
682 737 735 773 τι
772 718 982 781 ποιῆτε,
1013 711 1110 763 καὶ
1141 709 1305 779 μέχρι
1357 709 1605 779 ῥήματος
1638 707 1816 759 οἰωνί-

214 811 389 876 ζεσθε
410 810 482 862 τὰ
513 808 727 863 ἐναντία
744 818 757 832 ·
785 795 918 862 οἷον,
943 800 1073 851 ὅταν
1103 797 1357 869 σπείρῃς,
1379 798 1508 849 ὅταν
1537 794 1818 865 ἀπαντλῇς

215 900 339 951 τῶν
367 898 673 962 ὑποληνίων
702 889 793 943 τὸν
824 883 990 951 οἶνον,
1028 885 1099 938 τὰ
1126 884 1309 955 ὀξίνην
1345 882 1683 955 σημαίνοντα
1705 881 1816 935 οὐδ’

216 989 294 1042 ἂν
342 981 688 1053 ἀποκρίνοιο·
717 976 953 1030 ἐνταῦθα
997 974 1055 1028 δὲ
1119 971 1474 1044 σωφροσύνης
1505 970 1816 1041 γινομένης,

214 1072 554 1139 ὲπεισάγετε
591 1068 691 1138 τὴν
732 1066 951 1136 ὀξίνηνς
982 1064 1142 1117 τοῦτο
1173 1060 1282 1132 γὰρ
1330 1062 1364 1131 ἡ
1421 1059 1619 1132 πόρνη.
1648 1059 1819 1111 Ὅταν

219 1160 404 1232 μύρον
457 1153 928 1222 κατασκευάζητε,
972 1149 1126 1203 οὐδὲν
1170 1148 1405 1211 δυσῶδες
1445 1147 1637 1216 ἀφίετε
1680 1145 1820 1229 πλη-

219 1247 464 1312 σιάζειν.
510 1243 700 1313 Μύρον
756 1240 904 1294 ἐστὶν
953 1238 982 1290 6
1016 1238 1225 1307 γάμος·
1252 1237 1307 1289 τί
1344 1235 1527 1289 τοίνυν
1569 1236 1670 1307 τὴν
1723 1233 1819 1288 τοῦ

218 1336 500 1408 βορὸόρου
548 1330 815 1385 δυσωδίαν
862 1327 1181 1396 ὲπεισάγεις
1219 1328 1286 1397 τῇ
1343 1325 1439 1378 τοῦ
1496 1324 1669 1395 μύρου
1721 1341 1821 1378 κα-

218 1426 512 1493 τασκευῇ,
548 1420 614 1473 Τί
660 1421 874 1487 λέγεις;
905 1418 1149 1487 ὀρχεῖται
1181 1418 1215 1484 ή
1262 1414 1549 1484 παρθένος,
1585 1414 1678 1466 καὶ
1721 1412 1823 1465 οὐκ

216 1511 557 1582 αἰσχύνεται
594 1505 695 1576 τὴν
747 1504 1015 1574 ὀμήλικα;
1054 1502 1275 1573 Ταύτης
1327 1501 1437 1571 γὰρ
1490 1500 1823 1571 σεμνοτέραν

221 1601 407 1669 αὐτὴν
436 1592 579 1650 εἶναι
608 1595 719 1647 δεῖ·
748 1594 808 1657 ἐξ
852 1592 1099 1660 ἀγκάλης
1145 1607 1231 1659 γε.
1257 1590 1357 1643 οὐκ
1390 1591 1453 1642 ὲκ
1486 1588 1823 1657 παλαίστρας

220 1687 450 1756 ἐξῆλθε.
480 1682 774 1737 Φαίνεσθαι
815 1680 922 1752 γὰρ
947 1679 1085 1742 ὅλως
1113 1680 1170 1731 ὲν
1193 1678 1393 1747 γάμοις
1426 1674 1525 1747 τὴν
1556 1673 1825 1746 παρθένον

221 1775 294 1828 οὐ
319 1774 425 1827 δεῖ.

310 1858 465 1933 [419]
487 1864 549 1912 ε’.
581 1856 839 1927 Ούχόρᾷς
868 1854 927 1907 ἐν
959 1856 1071 1916 τοῖς
1093 1851 1405 1923 βασιλείοις,
1426 1851 1508 1904 ὅτι
1541 1851 1589 1902 οί
1609 1849 1708 1921 μὲν
1732 1867 1823 1903 τε-

223 1948 532 2021 τιμημένοι
559 1945 707 1999 ἔνδον
736 1943 866 2013 περὶ
892 1942 985 1995 τὸν
1017 1939 1243 2012 βασιλέα
1280 1940 1440 2004 εἰσὶν,
1469 1939 1520 1991 οί
1550 1938 1608 1991 δὲ
1638 1936 1825 2008 ἄτιμοι

221 2036 373 2103 lii»;
392 2036 503 2089 Kal
530 2034 594 2087 σὺ
624 2031 772 2085 ἔνδον
803 2030 895 2083 ἐσο
918 2030 1049 2101 περὶ
1071 2028 1172 2100 τὴν
1201 2026 1441 2097 νύμφην.
1472 2025 1632 2078 Ἀλλά
1666 2026 1826 2093 ἀγνδς

227 2129 374 2199 μένε
404 2122 503 2177 ἐπὶ
530 2123 629 2193 τῆς
674 2120 884 2183 οἰκίας·
918 2118 992 2190 μὴ
1023 2119 1342 2187 ὲκπόμπευε
1375 2116 1476 2186 τὴν
1507 2114 1823 2184 παρθενίαν.

227 2213 604 2285 Παρέστηκεν
654 2207 919 2279 ἑκάτερος
959 2208 987 2258 6
1033 2205 1214 2275 χορὸς,
1249 2206 1277 2257 ὀ
1325 2203 1423 2274 μὲν
1463 2202 1582 2256 οἵαν
1626 2201 1831 2255 διδόασι

225 2301 476 2363 δεικνὺς,
505 2298 536 2350 ὀ
560 2296 617 2349 δὲ
649 2295 737 2348 ἴνα
764 2293 969 2364 ταύτην
999 2292 1339 2361 φυλάττωσι·
1363 2291 1416 2344 τί
1450 2288 1832 2360 καταισχύνεις

227 2388 333 2459 τὴν
368 2383 675 2456 παρθενίαν
697 2398 711 2446 ;
737 2383 799 2434 Εἰ
828 2381 936 2451 γάρ
970 2381 1034 2431 σὺ
1063 2377 1309 2449 τοιαύτη,
1340 2376 1565 2431 τοιαῦτα
1589 2377 1834 2449 καὶπερὶ

227 2476 461 2544 ἐκείνης
488 2475 517 2526 6
546 2470 776 2541 νυμφίος
807 2466 1169 2521 ὑποπτεύσει·
1198 2468 1247 2519 εί
1277 2466 1342 2519 σὺ
1375 2464 1605 2537 ἐρᾶσθαι
1634 2464 1830 2527 θέλεις,

230 2562 656 2624 παντοπώλιδος
707 2560 801 2613 καὶ
857 2555 1289 2629 λαχανοπώλιδος
1351 2555 1447 2609 καὶ
1502 2553 1834 2625 δημιουργοῦ

228 2654 439 2708 ταῦτα.
479 2652 596 2705 Οὐκ
642 2649 758 2702 ἔστι
812 2645 990 2700 ταῦτα
1034 2642 1301 2714 αίσχύνη;
1335 2642 1575 2713 Αἰσχύνη
1626 2644 1744 2695 ἐστὶ
1776 2642 1837 2695 τὸ

235 2741 602 2812 ἀσχημονεῖν,
644 2736 748 2789 κᾶν
770 2733 1033 2804 βασιλέως
1056 2727 1373 2805 θυγάτηρ
1388 2732 1478 2801 Μή
1494 2730 1604 2802 γὰρ
1622 2733 1657 2801 ή
1680 2730 1840 2784 πενία

236 2830 481 2894 κωλύει;
511 2827 587 2898 μὴ
610 2824 721 2895 γάρ
745 2824 807 2876 τὸ
833 2820 1199 2892 ὲπιτήδευμα;
1224 2818 1346 2873 Κᾶν
1366 2818 1526 2891 δούλη
1550 2814 1683 2891 τιςῇ
1706 2835 1841 2889 παρ-

239 2919 426 2979 θένος,
445 2918 504 2969 ἐν
523 2910 849 2983 σωφροσύνῃ
868 2910 1105 2980 μενέτω·
1135 2908 1231 2960 Ἐν
1245 2906 1355 2979 γὰρ
1380 2905 1609 2976 Χριστῷ
1638 2905 1840 2975 Ἰησοῦ

236 3008 388 3061 οὔτε
415 3004 665 3067 δοῦλος,
685 3001 824 3054 οὔτε
844 2998 1182 3067 ἐλεύθερος.
1201 2994 1293 3067 Μὴ
1321 2995 1428 3068 γὰρ
1451 2994 1675 3066 θέατρόν
1696 2996 1843 3047 ἐστιν

238 3099 270 3149 6
303 3096 519 3165 γάμος;
549 3089 867 3162 Μυστήριόν
910 3090 1049 3150 ἐστι,
1078 3087 1176 3141 καὶ
1212 3086 1381 3150 τύπος
1429 3085 1666 3156 μεγάλου
1697 3085 1842 3155 πρά-

241 3199 465 3254 γματος
484 3198 498 3211 ·
532 3178 634 3233 κᾶν
674 3176 807 3230 αὐτὸ
835 3175 911 3247 μὴ
937 3175 1081 3247 αίδῇ,
1110 3173 1391 3243 αίδέσθητι
1420 3168 1480 3227 οὗ
1500 3172 1668 3236 τύπος
1702 3172 1840 3227 ἐστί.

250 3272 334 3325 Τὸ
369 3266 713 3339 μυστήριον
754 3264 953 3327 τοῦτο,
988 3264 1142 3333 φησὶ,
1186 3262 1343 3332 μέγα
1383 3261 1587 3315 ἐστίν·
1618 3260 1733 3331 ἐγὼ
1774 3259 1846 3314 δὲ

239 3360 412 3427 λέγω
464 3358 553 3422 είς
608 3355 892 3423 Χριστὸν,
918 3351 1016 3405 καί
1045 3353 1133 3417 είς
1165 3349 1282 3418 τὴν
1323 3350 1707 3418 Ἐκκλησίαν.
1734 3349 1846 3419 Τῆς

258 3444 601 3515 Ἐκκλησίας
628 3442 800 3504 τύπος
830 3442 949 3494 ἐστὶ
980 3441 1077 3494 καὶ
1103 3438 1197 3493 τοῦ
1230 3437 1491 3508 Χριστοῦ,
1519 3438 1614 3493 καὶ
1642 3438 1846 3509 πόρνας

244 3537 533 3603 εἰσάγειςς
555 3534 651 3585 Ἂν
674 3529 883 3592 τοίνυν,
912 3528 1068 3599 φησὶ,
1104 3528 1241 3598 μήτε
1270 3525 1527 3598 παρθένοι
1553 3525 1846 3597 ὀρχῶνται,

252 3628 404 3697 μήτε
429 3620 840 3692 γεγαμημέναι,
862 3618 947 3681 τίς
972 3618 1272 3688 ὀρχήσεται
1291 3633 1306 3680 ;
1324 3616 1528 3683 Μηδείς
1549 3631 1563 3644 ·
1591 3615 1717 3667 ποία
1738 3614 1847 3686 γάρ

246 3715 547 3785 ὀρχήσεως
574 3711 786 3777 ἀνάγκη
808 3724 823 3773 ;
851 3707 941 3759 Ἐν
964 3707 1077 3768 τοῖς
1096 3700 1205 3757 τῶν
1229 3702 1497 3773 Ἐλλήνων
1529 3702 1850 3773 μυστηρίοις

253 3803 323 3856 αἱ
351 3801 627 3870 ὀρχήσεις,
647 3800 703 3850 ἐν
730 3796 790 3849 δὲ
809 3797 924 3858 τοῖς
947 3792 1240 3864 ἡμετέροις
1276 3792 1403 3861 σιγὴ
1435 3790 1531 3843 καὶ
1556 3790 1845 3859 εὐκοσμία,

254 3890 437 3952 αἰδὼς
466 3888 558 3941 καὶ
584 3884 912 3953 καταστολή.
940 3881 1256 3951 Μυστήριον
1284 3878 1515 3933 τελεῖται
1547 3876 1719 3949 μέγα·
1744 3877 1849 3941 ἔξω

253 3982 322 4036 αἱ
356 3973 699 4047 πόρναι,έξω
720 3973 769 4025 οἱ
797 3969 1039 4042 βέὸηλοι.
1070 3968 1198 4031 Πῶς
1224 3966 1525 4039 μυστήριόν
1541 3968 1686 4033 tam;
1718 3967 1849 4019 Συν-

255 4069 558 4139 έρχονται,
614 4061 708 4113 καὶ
748 4056 997 4113 ποιοῦσιν
1037 4058 1089 4109 οί
1120 4055 1214 4109 δύο
1242 4055 1358 4111 ἕνα.
1393 4054 1496 4108 Διά
1519 4054 1596 4120 τί,
1634 4055 1723 4108 ὅτε
1751 4053 1851 4124 μὲν

254 4155 466 4225 εἰσῄει,
500 4150 601 4204 οὐκ
634 4149 886 4219 ὄρχησις,
916 4146 977 4199 οὐ
1007 4144 1291 4216 κύμϐαλα,
1323 4143 1461 4198 ἀλλά
1493 4141 1663 4214 πολλὴ
1701 4141 1849 4213 σιγή,

258 4242 445 4313 πολλὴ
472 4238 698 4311 ήσυχία·
729 4238 857 4290 ὅταν
885 4235 942 4289 δὲ
976 4233 1250 4299 συνίωσιν,
1281 4234 1383 4286 οὐκ
1411 4232 1595 4287 εἰκόνα
1623 4230 1849 4302 ἄψυχον,

257 4333 392 4387 οὐδὲ
422 4329 607 4384 εἰκόνα
647 4326 794 4389 τινὸς
817 4324 927 4379 τῶν
956 4323 1051 4376 ἐπὶ
1080 4321 1207 4393 γῆς,
1235 4321 1350 4375 ἀλλ’
1386 4318 1549 4374 αὑτοῦ
1577 4318 1853 4382 ποιοῦντες

256 4421 367 4475 τοῦ
404 4418 561 4481 Θεοῦ,
589 4415 845 4470 τοσοῦτον
889 4410 1207 4479 ὲπεισάγεις
1246 4408 1494 4480 θόρυόον,
1525 4408 1621 4462 καὶ
1656 4406 1856 4477 ταράτ-

261 4528 387 4573 τεις
411 4509 539 4572 τοὺς
572 4506 732 4570 ὄντας
753 4517 803 4571 ι,
830 4503 927 4558 καὶ
962 4500 1240 4572 αἰσχύνεις
1268 4499 1369 4569 τὴν
1410 4495 1612 4569 ψυχὴν,
1637 4496 1735 4550 καὶ
1763 4495 1853 4549 θο-

263 4598 491 4672 ρυϐεῖς;
519 4595 813 4667 Ἐρχονται
843 4590 901 4644 ἒν
924 4590 1083 4661 σῶμα
1114 4587 1490 4659 γενησόμενοι.
1527 4583 1659 4638 Ἰδοὺ
1693 4584 1855 4637 πάλιν

259 4688 499 4758 ἀγάπης
535 4685 855 4756 μυστήριον.
892 4682 987 4734 Ἂν
1014 4681 1064 4732 οί
1100 4677 1194 4731 δύο
1225 4677 1300 4748 μή
1345 4674 1609 4745 γένωνται
1648 4672 1727 4738 ἒν,
1754 4673 1855 4726 οὑκ

264 4775 603 4850 ἐργάζονται
634 4770 883 4833 πολλοὺς,
907 4768 1012 4830 ἕως
1042 4765 1108 4819 ἂν
1134 4764 1228 4818 δύο
1262 4762 1522 4835 μένωσιν·
1544 4762 1673 4815 ὅταν
1698 4760 1755 4814 δὲ
1776 4762 1855 4824 είς

263 4847 507 4934 ἑνότητα
536 4859 752 4921 ἔλθωσι,
776 4857 899 4909 τότε
930 4853 1272 4925 ἐργάζονται.
1291 4850 1355 4904 Τί
1381 4849 1724 4921 μανθάνομεν
1748 4847 1857 4903 ἀπὸ

262 4957 501 5018 τούτους
534 4952 659 5003 Ὀτι
694 4946 863 5017 πολλὴ
892 4946 991 5016 τῆς
1018 4943 1263 5005 ὲνώσεως
1306 4945 1340 5012 ή
1373 4939 1542 5010 ἰσχύς.
1576 4939 1650 4991 Τὸ
1682 4938 1855 5009 εὐμή-

268 5059 443 5116 χανον
467 5038 561 5093 τοῦ
590 5035 726 5091 Θεοῦ
748 5035 839 5088 τὸν
859 5032 957 5086 ἕνα
986 5033 1065 5096 είς
1085 5030 1179 5084 δύο
1192 5029 1352 5083 διεῖλε
1370 5029 1521 5099 παρὰ
1533 5028 1632 5099 τὴν
1658 5027 1853 5098 ἀρχὴν,

268 5112 371 5187 καὶ
400 5128 570 5182 θέλων
590 5124 760 5190 δεῖξαι
774 5124 855 5177 ὅτι
880 5121 1016 5193 μετὰ
1038 5122 1098 5174 τὸ
1111 5118 1453 5189 διαιρεθῆναι
1470 5118 1563 5171 καὶ
1577 5112 1657 5180 εἷς
1683 5116 1854 5187 μένει,

270 5222 382 5273 οὐκ
410 5218 621 5286 ἀφῆκεν
649 5214 747 5267 ἕνα
780 5211 972 5282 ἀρκεῖν
1006 5208 1141 5280 πρὸς
1189 5206 1285 5278 τὴν
1314 5208 1588 5278 γέννησιν.
1639 5205 1713 5257 Οὐ
1748 5202 1858 5274 γὰρ

272 5312 431 5362 ἐστιν
463 5298 540 5368 εἷς
573 5300 648 5374 [ὁ]
672 5299 903 5361 οὐδέπω,
934 5296 1050 5351 ἀλλ’
1078 5298 1247 5367 ἥμισυ
1270 5293 1362 5348 τοῦ
1394 5294 1530 5357 ἑνός·
1557 5292 1649 5347 καὶ
1678 5291 1857 5364 δῆλον,

268 5398 357 5451 ὅτι
395 5393 457 5446 οὐ
488 5392 816 5452 παιδοποιεῖ,
843 5385 1098 5455 καθάπερ
1128 5385 1223 5438 κα)⁵
1253 5382 1539 5456 πρότερον.
1577 5375 1731 5443 Εἶδες
1762 5378 1858 5432 τοῦ

272 5485 462 5553 γάμου
486 5480 545 5533 τὸ
577 5477 901 5549 μυστήριον;
928 5473 1212 5544 Ἐποίησεν
1237 5471 1295 5535 ἐξ
1314 5470 1429 5533 ἑνὸς
1453 5471 1567 5534 ἕνα,
1585 5469 1677 5521 καὶ
1698 5468 1860 5533 πάλιν

276 5573 409 5632 τοὺς
441 5568 536 5621 δύο
563 5564 787 5628 τούτους
816 5562 912 5615 ἕνα
945 5562 1181 5633 ποιήσας
1223 5557 1367 5613 οῦτω
1396 5561 1539 5611 ποιεῖ
1566 5557 1690 5609 ἕνα·
1720 5555 1861 5609 ὥστε

279 5660 377 5715 καὶ
421 5656 518 5710 νῦν
561 5655 621 5719 ἐξ
668 5653 785 5715 ἑνὸς
812 5651 1051 5705 τίκτεται
1083 5648 1385 5721 ἄνθρωπος.
1421 5646 1562 5716 Γυνὴ
1601 5646 1710 5718 γάρ
1765 5644 1861 5698 καὶ

348 5801 375 5829 ε
401 5796 591 5848 Βυηωο
613 5791 880 5857 legendum
901 5790 1098 5841 videtur
1124 5787 1232 5844 τοὺς
1252 5786 1493 5841 συνόντας.

1105 332 1171 388 ΙΝ
1212 327 1432 388 EPlST.
1457 327 1549 382 AD
1586 326 1876 389 COLOSS.
1907 330 2063 388 CAP.
2105 330 2196 388 IV.
2224 330 2461 388 IIOMIL.
2502 332 2619 389 XII.

3392 327 3498 386 588

1921 445 2061 517 ἀνὴρ
2093 447 2194 499 οὐκ
2231 447 2371 502 εἰσὶν
2404 447 2683 519 ἄνθρωποι
2729 444 2843 509 δύο,
2894 443 3010 499 ἀλλ’
3059 441 3347 513 ἄνθρωπος
3382 437 3498 503 είς·

1920 535 2013 587 καὶ¹
2046 535 2220 605 παρὸν
2255 535 2350 587 καὶ
2400 534 2728 605 πολλαχόθεν
2774 534 2907 588 αὐτὸ
2956 528 3357 596 πιστώσασθαι,
3386 523 3501 581 οἷον

1917 623 2027 676 ἀπὸ
2074 623 2168 675 τοῦ
2211 623 2491 687 Ἰακώϐου,
2524 625 2631 677 ἀπὸ
2670 626 2766 694 τῆς
2793 622 3013 695 Μαρίας
3044 622 3143 690 τῆς
3171 617 3375 691 μητρὸς
3404 615 3500 671 τοῦ

1916 709 2177 780 Χριστοῦ,
2192 710 2300 763 ἀπὸ
2318 709 2413 763 τοῦ
2440 711 2640 780 λέγειν·
2662 712 2887 780 Ἀρσεν
2908 711 3005 763 καί
3024 708 3179 777 θῆλυ
3209 708 3503 774 ἐποίησεν

1917 799 2160 861 αὐτούς.
2186 799 2247 851 Εἰ
2278 800 2307 850 6
2347 799 2444 867 μὲν
2474 799 2707 869 κεφαλὴ,
2733 802 2766 869 ἠ
2797 798 2855 852 δὲ
2887 798 3065 869 σῶμα,
3098 798 3216 860 πῶς
3247 796 3373 861 δύο;
3403 794 3501 848 Διά

1919 887 2077 940 τοῦτο
2106 889 2138 957 ή
2182 887 2280 957 μὲν
2316 886 2581 958 μαθητοῦ,
2610 890 2638 941 6
2666 889 2722 941 δὲ
2751 887 3072 941 διδασκάλου
3103 887 3256 952 τάξιν
3282 885 3499 955 ἐπέχει·

1918 978 1948 1030 6
1981 977 2080 1047 μὲν
2126 976 2405 1046 ἄρχοντος,
2434 978 2467 1048 ή
2498 977 2554 1029 δὲ
2587 976 2917 1046 ἀρχομένης.
2950 977 3058 1028 Καὶ
3091 976 3183 1027 ἀπ’
3233 975 3403 1045 αὐτῆς
3443 972 3504 1025 δὲ

1918 1067 2019 1137 τῆς
2046 1065 2140 1119 τοῦ
2164 1065 2415 1137 σώματος
2442 1065 2782 1129 διαπλάσεως
2803 1067 2904 1119 ίδοι
2926 1082 3007 1128 τις
3027 1065 3113 1127 ἂν,
3130 1066 3210 1117 ὅτι
3230 1065 3288 1116 ’έν
3328 1064 3465 1115 εἰσιν
3482 1077 3499 1094 ·

1921 1154 2031 1208 ἀπὸ
2056 1155 2165 1224 γὰρ
2191 1154 2289 1224 τῆς
2327 1152 2477 1225 [420]
2516 1154 2756 1225 πλευρᾶς
2788 1153 2997 1221 γέγονε,
3026 1153 3118 1205 καὶ
3149 1150 3333 1223 ὥσπερ
3367 1149 3503 1220 ήμί-

1922 1236 2067 1311 τομα
2103 1242 2196 1295 δύο
2226 1243 2352 1295 είσί.
2375 1244 2473 1295 Διά
2496 1242 2653 1295 τοῦτο
2684 1241 2777 1293 καὶ
2806 1240 2998 1310 βοηθὸν
3034 1239 3209 1300 καλεῖ,
3244 1239 3331 1291 ἵνα
3354 1238 3504 1308 δείξῃ

1921 1331 2005 1384 ὅτι
2031 1330 2091 1382 ἓν
2113 1331 2218 1382 είσι
2240 1346 2253 1359 ·
2284 1330 2375 1382 διὰ
2400 1329 2556 1384 τοῦτο
2576 1331 2671 1382 καὶ
2703 1330 2907 1398 πατρὸς
2930 1328 3023 1381 καὶ
3044 1327 3248 1397 μητρὸς
3264 1327 3508 1395 προτιμᾷ

1923 1423 2023 1489 τὴν
2057 1420 2392 1488 συνοίκησιν,
2423 1420 2511 1473 ἵνα
2540 1419 2689 1492 δείξῃ
2727 1419 2806 1471 ὅτι
2837 1418 2893 1470 ἓν
2928 1418 3055 1470 εἰσι.
3108 1416 3216 1469 Καὶ
3267 1415 3295 1466 6
3326 1415 3509 1484 πατὴρ

1923 1507 2129 1578 ὁμοίως
2155 1508 2337 1578 χαίρει
2366 1509 2460 1561 καὶ
2492 1507 2761 1579 θυγατρὸς
2802 1507 2897 1559 καὶ
2921 1504 3039 1558 υἱοῦ
3066 1502 3409 1574 γαμούντων,
3433 1502 3509 1565 ('0;

1926 1596 2065 1665 πρὸς
2109 1597 2307 1648 οἰκεῖον
2353 1595 2513 1665 μέλος
2556 1594 2917 1664 ἐπειγομένου
2955 1592 3050 1647 τοῦ
3101 1590 3387 1661 σώματος·
3414 1589 3511 1642 καὶ

1924 1682 2161 1752 τοσαύτη
2198 1682 2411 1754 δαπάνη
2445 1683 2653 1751 γίνεται
2696 1682 2793 1735 καὶ
2838 1681 3140 1753 χρημάτων
3188 1678 3509 1741 ἐλάττωσις,

1906 1771 2023 1849 ’καὶ
2068 1771 2219 1841 ὅμως
2265 1771 2367 1824 οὐκ
2416 1770 2670 1841 ἀνέχεται
2716 1770 2931 1840 ἄγαμον
2984 1768 3266 1839 περιορᾷν.
3300 1766 3514 1835 ’Ὠσπερ

1927 1861 2038 1929 γάρ
2088 1858 2498 1930 ἀπεσχισμένης
2535 1859 2673 1929 αὐτῇ
2720 1858 2821 1928 τῆς
2870 1856 3094 1926 σαρκὸς,
3130 1854 3325 1925 ἀτελὴς
3376 1852 3514 1923 πρὸς

1929 1945 2277 2000 παιδοποιίαν
2306 1945 2586 2015 ἑκάτερος,
2617 1944 2815 2014 ἀτελής
2846 1945 2963 1996 ἐστι
2997 1943 3131 2015 πρὸς
3162 1942 3276 2012 βίου
3312 1940 3511 1994 σύστα-

1931 2050 2015 2087 σιν
2037 2033 2130 2087 τοῦ
2163 2035 2429 2103 παρόντος
2456 2033 2738 2102 ἑκάτερος.
2757 2030 2856 2084 Διά
2878 2029 3038 2083 τοῦτο
3062 2029 3155 2081 καὶ
3179 2031 3206 2081 ὁ
3226 2028 3515 2098 προφήτης

1928 2122 2118 2193 φησίν·
2148 2120 2518 2189 ’Υπόλειμμα
2566 2120 2908 2189 πνεύματός
2957 2132 3096 2171 σου.
3130 2116 3255 2179 Πῶς
3314 2114 3373 2168 δὲ
3420 2113 3516 2168 καὶ

1929 2209 2174 2278 γίνονται
2217 2210 2297 2273 ε’ίς
2349 2208 2531 2278 σάρκα
2584 2206 2745 2277 μίαν;
2778 2206 3047 2274 Καθάπερ
3076 2201 3281 2274 χρυσοῦ
3319 2201 3382 2255 τὸ
3415 2218 3517 2255 κα-

1932 2296 2245 2368 θαρώτατον
2296 2294 2362 2350 ἂν
2395 2295 2601 2368 ἀφέλῃς
2631 2293 2725 2347 καὶ
2772 2293 2947 2364 ἑτέρῳ
2994 2291 3266 2363 ἀναμίξῃς
3305 2288 3515 2361 χρυσῷ,

1930 2384 2076 2439 οὕτω
2104 2385 2170 2457 δή
2211 2383 2305 2438 καὶ
2345 2382 2604 2447 ἐνταῦθα,
2632 2382 2695 2435 τδ
2744 2382 3002 2435 πιότατον
3050 2381 3146 2449 τῆς
3172 2380 3368 2449 ἡδονῆς
3406 2396 3519 2449 χω-

1932 2475 2195 2545 νευούσης
2243 2475 2277 2545 ἡ
2311 2476 2449 2547 γυνὴ
2499 2472 2766 2543 δεχομένη
2800 2472 2990 2542 τρέφει
3040 2472 3135 2523 καὶ
3174 2468 3390 2533 θάλπει,
3424 2466 3521 2521 καὶ

1930 2563 2004 2617 τὰ
2035 2564 2167 2634 παρ’
2207 2562 2409 2631 ἑαυτῆς
2437 2559 2962 2631 συνεισενεγκαμένη
3003 2558 3172 2630 ἄνδρα
3203 2556 3518 2610 ἀποδίδωσι.

1935 2652 2049 2708 Kal
2076 2650 2292 2722 γέφυρά
2315 2649 2397 2714 τίς
2429 2651 2547 2702 ἑστι
2579 2650 2641 2702 τὸ
2669 2648 2901 2702 παιδίον.
2937 2648 3100 2701 Ὥστε
3128 2646 3181 2698 οἱ
3205 2647 3355 2716 τρεῖς
3384 2643 3520 2715 σάρξ

1933 2745 2175 2816 γίνονται
2205 2745 2326 2816 μία,
2355 2742 2452 2796 τοῦ
2484 2740 2672 2803 παιδὸς
2710 2736 3050 2807 ἑκατέρωθεν
3074 2733 3369 2803 ἑκατέρους
3399 2750 3523 2786 συν-

1936 2833 2225 2895 άπτοντος.
2261 2832 2474 2899 ’Ὠσπερ
2517 2828 2626 2899 γὰρ
2686 2828 2735 2879 εί
2783 2826 2880 2879 δύο
2922 2822 3132 2877 πόλεων
3180 2819 3376 2884 ούσῶν,
3424 2820 3523 2873 καὶ

1928 2920 2186 2992 ποταμοῦ
2225 2918 2398 2972 διόλου
2430 2915 2789 2987 διαιροῦντος,
2838 2912 2935 2982 μία
2973 2910 3183 2979 γίνεται
3218 2909 3393 2974 πόλις,
3426 2924 3522 2976 γε-

1939 3011 2119 3083 φύρας
2150 3009 2490 3081 ὲκατέρωθεν
2521 3004 2831 3075 ἁπτομένης
2854 3019 2867 3031 ·
2890 3001 3063 3063 οὕτως
3094 3001 3242 3053 ὲστίν
3265 2997 3520 3061 ἐνταῦθα,

1940 3101 2039 3154 καὶ
2087 3099 2282 3151 πλέον·
2320 3096 2459 3166 αὐτὴ
2506 3094 2616 3163 γὰρ
2658 3090 2937 3161 ἡγέφυρα
2990 3089 3054 3140 ὲκ
3097 3086 3198 3153 τῆς
3248 3084 3525 3154 ἑκατέρων

1940 3189 2150 3251 οὐσίας.
2183 3186 2292 3239 Kal
2333 3183 2411 3255 τῷ
2459 3182 2603 3251 λόγῳ
2650 3182 2825 3247 τούτῳ
2858 3178 2917 3229 ἓν
2952 3179 3113 3237 εἰσιν,
3146 3175 3222 3236 ὡς
3264 3175 3324 3225 τὸ
3363 3174 3526 3243 σῶμα

1941 3278 2037 3331 καὶ
2064 3272 2276 3343 κεφαλὴ
2311 3271 2369 3324 ἒν
2415 3271 2575 3338 σῶμα
2596 3286 2609 3299 ·
2639 3266 2716 3337 τῷ
2748 3268 2857 3337 γάρ
2905 3264 3158 3335 τραχήλῳ
3196 3261 3519 3334 διαιρεῖται·

1941 3367 2060 3421 ἀλλ’
2088 3364 2148 3419 οὐ
2190 3360 2523 3433 διαιροῦνται
2549 3358 2579 3398 δ
2610 3356 2829 3429 μᾶλλον,
2864 3355 2897 3425 ἢ
2932 3352 3325 3407 συνάπτονται·
3363 3351 3526 3419 μέσος

1943 3456 2055 3527 γὰρ
2070 3452 2145 3506 ὢν
2158 3451 2451 3522 ἑκατέρους
2473 3446 2695 3514 συνάγει
2716 3461 2729 3473 ·
2753 3445 2848 3497 καὶ
2871 3442 3067 3495 ταυτὸν
3085 3441 3319 3508 γίνεται,
3337 3438 3525 3509 ὥσπερ

1946 3542 2012 3598 ἂν
2043 3544 2093 3595 εί
2145 3538 2306 3610 χορὸς
2346 3535 2745 3603 διεσπασμένος
2789 3531 2851 3584 τὸ
2901 3530 3001 3601 μὲν
3030 3529 3087 3582 ἒν
3137 3528 3303 3581 αὐτοῦ
3362 3528 3525 3597 μέρος

1946 3628 2196 3685 ἐντεῦθεν
2251 3623 2452 3688 λαϐὼν,
2502 3622 2564 3675 τὸ
2608 3621 2665 3674 δὲ
2710 3621 2895 3689 ἕτερον
2946 3619 3010 3670 ἐκ
3056 3616 3157 3685 τῆς
3198 3614 3399 3679 δεξιᾶς,
3429 3614 3527 3666 Eva

1947 3722 2259 3790 ποιήσειεν·
2287 3717 2319 3787 ἢ
2349 3715 2537 3784 ὥσπερ
2565 3714 2614 3765 οί
2666 3707 3087 3778 συνεσταλμένοι
3120 3699 3267 3758 οῦτοι
3304 3705 3399 3757 καὶ
3427 3703 3529 3765 τάς

1948 3812 2134 3881 χεῖρας
2168 3804 2501 3865 ἐκτείνοντες
2533 3800 2592 3854 ἓν
2644 3800 2914 3867 γίνονται·
2953 3796 3009 3849 αἱ
3056 3797 3165 3881 γάρ
3204 3796 3387 3864 χεῖρες
3436 3793 3528 3845 ὲκ-

1947 3879 2219 3958 ταθεῖσαι,
2248 3894 2350 3946 οὐκ
2384 3890 2608 3958 ἀφιᾶσιν
2638 3884 2781 3939 εἶναι
2809 3884 2922 3937 δύο.
2957 3883 3057 3937 Διά
3086 3880 3245 3935 τοῦτο
3273 3879 3405 3949 γοῦν
3435 3879 3529 3933 καὶ

1949 3982 2194 4055 ἀκριϐῶς
2227 3976 2402 4043 εἶπεν,
2433 3978 2556 4043 οὐκ,
2606 3977 2861 4028 Ἔσονται
2915 3972 3015 4041 μία
3066 3970 3223 4041 σὰρξ.
3258 3968 3396 4033 ἀλλ’,
3427 3970 3530 4033 El;-

1951 4073 2151 4141 σάρκα
2178 4072 2346 4141 μίαν,
2375 4068 2475 4138 τὴν
2500 4064 2595 4119 τοῦ
2620 4062 2810 4125 παιδὸς
2841 4061 3238 4131 συναπτόμενοι
3264 4059 3528 4129 δηλονότι.

1951 4163 2018 4216 Τί
2063 4156 2178 4225 οὖν,
2220 4159 2349 4212 ὅταν
2403 4154 2617 4209 παιδίον
2652 4152 2728 4223 μὴ
2760 4147 2817 4225 ᾖ,
2851 4152 2952 4203 οὐκ
2999 4149 3214 4202 ἔσονται
3256 4146 3350 4200 δύο
3380 4158 3402 4186 ε
3437 4146 3532 4199 καὶ

1951 4252 2104 4315 τότετ,
2137 4246 2406 4316 Εῦδηλον·
2440 4246 2473 4315 ή
2511 4243 2655 4314 μίξις
2698 4240 2808 4311 γὰρ
2850 4239 3009 4291 τοῦτο
3058 4236 3370 4307 ἐργάζεται,
3401 4236 3533 4289 ἀνα-

1953 4341 2122 4411 χέασα
2175 4335 2270 4389 καὶ
2302 4331 2617 4403 ἀναμίξασα
2658 4327 2984 4399 ἀμφοτέρων
3025 4326 3094 4378 τὰ
3142 4324 3385 4394 σώματα.
3423 4322 3534 4377 Kal

1954 4427 2141 4497 ὥσπερ
2188 4426 2267 4488 είς
2314 4421 2494 4474 ἔλαιον
2527 4418 2699 4489 μύρον
2730 4413 3004 4486 ἐμϐαλὼν,
3038 4412 3101 4465 τὸ
3129 4413 3238 4465 πᾶν
3278 4412 3535 4483 ἐποίησεν

1953 4513 2034 4580 ἓν,
2058 4511 2201 4565 οὕτω
2228 4508 2292 4579 δὴ
2324 4508 2419 4561 καὶ
2444 4504 2698 4560 ἐνταῦθα.

2028 4606 2100 4665 ς’.
2128 4592 2343 4650 Οἶδαὸτι
2368 4593 2553 4648 πολλοὶ⁵
2582 4591 2925 4663 αίσχύνονται
2948 4591 3061 4653 τοῖς
3080 4588 3413 4661 λεγομένοις·
3442 4590 3537 4642 καὶ

1955 4689 2144 4743 τούτου
2175 4688 2345 4740 αἴτιον
2377 4686 2412 4756 ή
2448 4682 2708 4751 ἀσέλγεια
2752 4681 2844 4735 καὶ
2883 4683 2916 4751 ή
2968 4680 3255 4734 ἀκολασία.
3290 4680 3362 4733 Τὸ
3394 4678 3538 4732 οῦτω

1956 4779 2081 4841 τοὺς
2123 4776 2335 4845 γάμους
2366 4772 2634 4843 γίνεσθαι,
2662 4771 2725 4824 τὸ
2774 4768 3267 4841 παραφθείρεσθαι,
3294 4768 3356 4821 τὸ
3393 4769 3538 4839 πρᾶ-

1957 4883 2077 4937 γμα
2105 4863 2383 4918 διέόαλεν·
2429 4860 2554 4915 ἐπεὶ
2600 4860 2797 4930 Τίμιος
2841 4862 2873 4913 ό
2907 4856 3115 4927 γάμος,
3151 4858 3250 4910 καί
3280 4858 3318 4926 ἡ
3368 4858 3537 4926 κοίτη

1958 4955 2266 5024 ἀμίαντος.
2286 4951 2355 5004 Τί
2383 4951 2618 5022 αἰσχύνῃ
2640 4948 2720 5020 τῷ
2746 4946 2947 5018 τιμίῳ;
2974 4946 3028 4999 τί
3057 4946 3314 5018 ἐρυθριᾷς
3338 4948 3429 4999 ἐπὶ
3460 4945 3539 5015 τῷ

1956 5042 2243 5113 ἀμιάντῳς
2288 5038 2475 5093 Ταῦτα
2522 5036 2817 5109 αἱρετικῶν
2868 5037 3007 5097 ἐστι,
3063 5034 3237 5087 ταῦτα
3281 5033 3393 5086 τῶν
3440 5033 3540 5096 τὰς

1959 5130 2162 5200 πόρνας
2182 5127 2605 5195 ἐπεισαγόντων.
2630 5125 2729 5177 Διά
2747 5123 2909 5178 τοῦτο
2932 5123 3094 5177 αὑτὸν
3115 5120 3540 5191 ἑκκαθαίρεσθαι

1963 5218 2246 5289 βούλομαι,
2265 5216 2405 5270 ὥστε
2429 5215 2521 5269 ἐπὶ
2549 5214 2647 5286 τὴν
2675 5214 2884 5268 οἰκείαν
2914 5211 3195 5280 εὐγένειαν
3221 5210 3539 5277 ἀναγαγεῖν,

1960 5303 2101 5360 ὣστε
2132 5306 2241 5359 τῶν
2269 5302 2557 5375 αἱρετικῶν
2574 5301 2937 5374 ἐμφράξαιτά
2959 5300 3223 5370 στόματα.
3250 5295 3541 5366 Ὗόρισται

1960 5395 2023 5450 τὸ
2046 5394 2141 5448 τοῦ
2167 5393 2302 5448 Θεοῦ
2332 5393 2524 5464 δῶρον,
2565 5393 2601 5461 ή
2630 5388 2756 5460 ῥίζα
2788 5388 2890 5460 τῆς
2930 5388 3202 5459 ἡμετέρας
3240 5384 3539 5453 γενέσεως·

2028 5532 2056 5571 b
2090 5531 2225 5580 Unus
2247 5532 2422 5579 eodm.
2453 5542 2605 5591 marg.
2634 5524 2808 5591 Satil.,
2845 5526 2896 5575 ἕν
2918 5527 3054 5591 εἰσιν,
3092 5528 3157 5581 ὡς
3193 5519 3280 5591 τοῦ
3320 5524 3543 5591 σωματος

1960 5594 2116 5642 πάντα
2132 5596 2192 5641 τὰ.
2218 5596 2334 5655 μέλη
2364 5585 2839 5655 συναρμολογούμενα
2855 5590 2971 5655 πρὸς
2991 5589 3077 5655 τὴν
3100 5587 3328 5655 κεφαλὴν,
3354 5588 3401 5655 ἓν
3419 5585 3543 5655 γίνε-

1960 5602 2116 5642 πάντα
2132 5602 2192 5641 τα
2218 5602 2334 5655 μέλη
2364 5602 2839 5655 συναρμολογούμενα
2855 5602 2971 5651 προς
2991 5602 3077 5644 την
3100 5602 3328 5648 κεφαλην,
3354 5602 3401 5633 εν
3452 5602 3543 5632 ινε-

1958 5673 2043 5724 ται
2067 5658 2228 5717 σῶμα,
2251 5657 2291 5704 εἰ
2314 5656 2482 5717 καὶτῷ
2508 5654 2732 5717 τραχήλῳ
2754 5652 3000 5714 διαιρεῖται
3036 5648 3235 5698 ἐνταῦθα
3259 5649 3309 5696 δὲ
3337 5648 3391 5696 οῦ
3419 5602 3545 5695 διαι-

1964 5734 2174 5781 ρουνται.

2031 5781 2053 5810 ⁸
2078 5779 2367 5843 Legendum
2389 5777 2584 5831 videtur
2607 5778 2670 5834 είς
2693 5779 2737 5827 ot
2757 5776 2859 5827 δύο.
