4032 6550
534 355 643 415 389

536 472 707 544 πολλὴ
732 470 839 543 γάρ
870 472 997 541 περὶ
1022 472 1121 542 τῆν
1143 471 1307 543 ’ῥίζαν
1337 474 1368 543 ἡ
1410 473 1614 543 κόπρος
1649 474 1743 526 καὶ
1781 474 1809 525 6
1839 470 2121 541 βόρϐορος.

1235 359 1299 415 S.
1336 356 1627 414 JOANNIS
1662 351 2162 413 CHRYSUSTOMI
2204 350 2521 408 ARCHIEP.
2563 352 3109 415 CONSTANTINOP.

3688 352 3787 415 390

2233 468 2417 529 ποίους
2443 466 2501 519 δὲ
2534 468 2760 537 γάμους,
2790 474 3107 544 προσέχετε.
3138 471 3359 544 Πρῶτον
3384 472 3487 543 μὲν
3517 472 3693 545 ἄνδρα
3716 475 3802 545 ζή-

533 560 740 614 Τοῦτον
771 555 865 612 οὖν
892 557 1292 628 ἐκκαθάρωμεν
1325 557 1405 629 τῷ
1429 560 1593 630 λόγῳ.
1633 558 1918 628 Ἀνέχεσθε
1947 558 2127 611 τοίνυν
2227 572 2308 607 τει
2338 558 2403 625 τῇ
2434 556 2686 625 παρθένῳ
2714 556 2881 619 ὅντως
2909 563 3077 632 ἄνδρα
3115 562 3210 614 καὶ
3234 562 3579 633 προστάτην,
3611 562 3686 623 ὡς
3708 563 3802 616 σώ-

534 649 731 721 μικρδν
759 647 881 699 ἐπεὶ
914 647 1007 699 καὶ
1045 647 1073 699 6
1117 646 1377 718 βόρϐορον
1424 648 1675 718 κατέχων
1720 645 1985 708 δυσωδίας
2025 645 2124 697 ἀν-

535 738 738 806 έχεται.
769 733 1041 804 Βούλομαι
1069 733 1235 798 δεῖξαι
1258 735 1340 787 ὅτι
1368 737 1429 789 ού
1462 736 1566 807 χρὴ
1596 734 1690 789 ἐπὶ
1704 734 1913 799 τούτοις
1933 732 2126 803 αἰσχύ-

2230 658 2362 710 ματι
2394 641 2601 711 μέλλων
2630 643 2907 713 ἐπιθήσειν
2928 648 3187 721 κεφαλὴν,
3218 649 3293 712 ὡς
3324 650 3423 701 οὐκ
3450 650 3799 717 ἀνδράποδον,

2226 728 2362 782 ἀλλά
2406 729 2685 801 θυγατέρα
2733 730 2882 801 αύτῷ
2921 731 3128 801 μέλλων
3158 736 3541 805 παραδώσεινο
3574 736 3651 807 μή
3676 743 3799 808 χρή-

528 825 733 887 νεσθαι,
755 822 907 896 [621]
936 822 1071 877 ἀλλὰ
1092 822 1302 887 τούτοις
1317 819 1399 887 οἷς
1424 828 1655 878 ποιεῖτε·
1682 826 1745 877 σὺ
1771 822 1827 876 δέ
1873 824 1959 876 ἐπ’
1982 822 2127 876 ἐκεῦ-
2215 834 2375 887 -ματα
2406 818 2578 889 ζήτει,
2619 819 2693 888 μὴ
2740 819 2931 887 γένους
2980 818 3359 891 λαμπρότητα.
3419 827 3495 896 μὴ
3558 827 3803 895 πατρίδος

526 930 639 976 νοις
676 911 1027 983 αἰσχύνεσθαι
1077 912 1255 980 ἀφεὶς,
1272 911 1482 977 τούτοις
1510 912 1741 984 αἰσχύνῃ
1762 928 1775 942 ·
1800 912 1996 966 ούκοῦν
2027 910 2123 964 τοῦ

525 999 660 1052 Θεοῦ
684 998 1115 1067 καταγινώσκεις
1131 999 1224 1051 τοῦ
1253 998 1396 1053 οὕτω
1424 999 1804 1061 θεσπίσαντος.
1824 999 1981 1053 Είπω
2006 998 2124 1063 πῶς

525 1091 618 1142 καὶ
651 1089 951 1159 μυστήριον
975 1088 1075 1158 τῆς
1102 1087 1427 1158 Ἐκκλησίας
1450 1089 1620 1142 ἐστίν·
1658 1087 1716 1141 '0
1734 1086 1965 1159 Χριστὸς
1990 1083 2122 1158 ἦλθε

524 1178 662 1243 πρὸς
690 1176 790 1245 τὴν
832 1174 1184 1246 Ἐκκλησίαν,
1205 1176 1298 1228 καί
1330 1175 1390 1240 ἐξ
1416 1175 1588 1244 αὐτῆς
1613 1175 1830 1244 γέγονε,
1858 1174 1954 1228 καί¹
1981 1175 2118 1247 αὐτῇ

526 1263 842 1333 συνεισῆλθε
868 1276 894 1304 ι
921 1263 1178 1334 συνουσίᾳ
1200 1266 1570 1334 πνευματικῇ.
1600 1262 1991 1331 Ἦρμοσάμην
2009 1264 2120 1332 γὰρ

524 1348 700 1418 ὑμᾶς,
720 1350 905 1420 φησὶν,
927 1349 1017 1402 ἐνί
1047 1349 1218 1417 ἀνδρί
1250 1351 1555 1418 παρθένον
1586 1348 1800 1419 ἁγνήν.
1826 1350 1955 1403 Ὀτι
1980 1349 2038 1402 δὲ
2059 1348 2119 1416 ἐξ

522 1436 689 1488 αὐτοῦ
715 1438 903 1506 ἐσμεν,
923 1437 1088 1490 ἄκουε
1106 1438 1224 1500 πῶς
1248 1454 1412 1508 φησιν
1429 1455 1442 1469 ·
1477 1438 1573 1492 Ἐκ
1600 1438 1710 1491 τῶν
1730 1438 1906 1508 μελῶν
1927 1437 2116 1500 αὐτοῦ,

522 1523 619 1577 καὶ
656 1525 721 1576 ἐκ
752 1524 854 1593 τῆς
900 1525 1105 1596 σαρκὸς
1157 1526 1325 1579 αὐτοῦ
1364 1526 1570 1589 πάντες
1600 1527 1785 1596 ἡμεῖς.
1827 1524 2016 1578 Ταῦτα
2050 1525 2115 1596 δὴ

522 1611 700 1665 πάντα
728 1612 1058 1675 ἐννοοῦντες,
1097 1612 1171 1685 μὴ
1195 1614 1543 1685 αἰσχύνωμεν
1568 1615 1628 1668 τὸ
1656 1613 1977 1684 τηλικοῦτον
2013 1631 2116 1683 μυ-

523 1700 766 1770 στήριον.
801 1701 983 1764 Τύπος
1025 1703 1127 1772 τῆς
1171 1704 1266 1756 τοῦ
1295 1703 1536 1773 Χριστοῦ
1567 1703 1874 1774 παρουσίας
1912 1703 2059 1755 ἐστὶν
2086 1704 2115 1755 6

519 1788 720 1857 γάμος,
749 1789 812 1841 σὺ
844 1787 899 1841 δὲ
926 1787 1185 1855 μεθύεις;
1217 1791 1353 1843 Εἰπέ
1388 1808 1501 1861 μοι,
1546 1793 1596 1843 εἰ
1625 1790 1810 1843 εἰκόνα
1846 1790 1986 1853 εἶδες
2018 1789 2112 1843 τοῦ

523 1876 807 1945 βασιλέως,
852 1871 960 1945 ἆρα
992 1875 1265 1947 ειν-αὑτὴν
1312 1878 1579 1948 ᾕσχυνες;
1612 1878 1901 1948 Οὐδαμῶς.
1957 1881 2116 1932 Δοκεῖ

536 1966 637 2034 μὲν
664 1962 758 2017 οὖν
785 1965 1059 2037 ἀδιάφορα
1086 1960 1230 2018 εῖναι
1262 1967 1330 2019 τά
1357 1969 1490 2037 περὶ
1514 1968 1603 2020 τὸν
1624 1968 1804 2036 γάμον
1830 1967 2110 2038 γινόμενα,

521 2053 639 2105 ἐστι
690 2051 748 2104 δέ
786 2052 1038 2120 μεγάλων
1077 2053 1227 2106 αἴτια
1276 2054 1482 2106 κακῶν.
1532 2055 1717 2107 Πάντα
1765 2056 2111 2124 παρανομίας

520 2138 699 2209 γέμει.
740 2140 1079 2208 Αίσχρὸτης
1118 2140 1218 2194 καί
1246 2141 1589 2211 μωρολογία
1614 2141 1712 2195 καί
1746 2144 2112 2209 εὐτραπελία

519 2228 602 2298 μὴ
645 2226 1084 2296 ἐκπορευέσθω,
1116 2228 1304 2299 φησὶν,
1347 2229 1416 2282 ἐκ
1450 2228 1556 2283 τοῦ
1584 2230 1883 2298 στόματος
1918 2230 2106 2299 ὑμῶν.

519 2318 706 2372 Πάντα
737 2318 793 2371 δὲ
828 2321 1034 2381 ἐκεῖνα,
1061 2319 1357 2391 αἰσχρότης
1405 2320 1501 2372 καὶ
1534 2319 1847 2391 μωρολογία
1880 2322 1973 2373 καὶ
2017 2320 2111 2373 εύ-

518 2406 810 2479 τραπελία,
852 2408 953 2478 ούχ
992 2408 1200 2471 ἁπλῶς,
1235 2408 1375 2462 ἀλλά
1406 2408 1545 2479 μετά
1580 2408 1915 2472 ἐπιτάσεως·
1946 2408 2108 2479 τέχνη

519 2496 628 2565 γὰρ
649 2495 712 2548 :6
742 2496 978 2569 πρᾶγμά
1002 2496 1251 2559 ἐστι,κα“ι
1282 2496 1535 2567 ἐγκώμια
1563 2498 1778 2567 μεγάλα
1804 2500 1917 2559 τοῖς
1942 2496 2111 2564 αὐτὴν

522 2582 766 2654 μετιοῦσι
785 2600 797 2613 ’
824 2584 892 2637 τά
916 2585 1291 2655 ἁμαρτήματα
1322 2585 1485 2656 τέχνη
1514 2586 1757 2653 γέγονεν.
1785 2586 1897 2655 Ούχ
1923 2584 2111 2647 ἁπλῶς

517 2671 661 2726 αὐτὰ
708 2672 1109 2741 μετερχόμεθα,
1142 2672 1281 2725 ἀλλά
1316 2671 1457 2743 μετά
1501 2672 1761 2742 σπουδῆς,
1802 2670 1942 2741 μετά
1985 2672 2109 2725 ἑπιο

518 2762 764 2832 στὴμης·
796 2762 890 2813 καί
925 2763 1227 2832 στρατηγεῖ
1258 2762 1447 2814 λοιπὸν
1476 2762 1505 2814 6
1529 2762 1777 2825 διάϐολος
1804 2760 1915 2815 τῶν
1944 2760 2109 2815 αὑτοῦ

518 2850 835 2918 ταγμάτων.
866 2850 1045 2901 Ὅπου
1076 2848 1187 2918 γὰρ
1225 2848 1386 2919 μέθη,
1414 2848 1715 2902 ἀκολασίαο
1736 2849 1868 2902 ὅπου
1890 2849 2111 2919 αἰσχρο-

518 2932 696 3002 λογία,
731 2937 760 2987 ὁ
785 2935 1031 2999 διάϐολος
1071 2936 1304 3004 πάρεστι
1332 2936 1401 2989 τὰ
1437 2938 1565 3007 παρ’
1598 2937 1790 2989 ἐαυτοῦ
1818 2935 2107 3006 εἰσφέρων.

520 3022 743 3085 Τούτοις
786 3022 1140 3093 ἑστιώμενος,
1189 3024 1310 3077 εἰπέ
1356 3041 1465 3095 μοι,
1520 3024 1821 3095 μυστήριον
1870 3022 2109 3094 Χριστοῦ

516 3111 713 3173 τελεῖς,
741 3112 835 3163 καὶ
875 3111 966 3162 τὸν
1007 3111 1253 3164 διάϐολον
1300 3112 1519 3177 καλεῖς;
1563 3112 1717 3180 Τάχα
1749 3128 1816 3180 με
1854 3110 2111 3181 φορτικὸν

519 3195 658 3251 εἶναι
687 3197 960 3268 νομίζετε.
985 3198 1215 3270 Καὶγάρ
1243 3199 1511 3252 καὶτοῦτο
1531 3198 1631 3268 τῆς
1651 3198 1985 3268 διαστροφῆς
2012 3198 2111 3268 τῆς

519 3285 744 3355 πολλῆς,
773 3286 855 3338 ὅτι
906 3287 1001 3339 καὶ
1046 3289 1075 3339 6
1107 3288 1400 3356 ἐπιτιμῶν,
1432 3286 1643 3354 γέλωτα
1687 3286 2001 3357 ὀφλισκάνει
2035 3286 2110 3347 ὡς

523 3373 821 3442 αὐστηρός.
857 3375 971 3426 Οὐκ
1002 3372 1235 3427 ἀκούετε
1277 3373 1492 3428 Παύλου
1530 3374 1802 3443 λέγοντος,
1830 3373 1959 3430 Πᾶν
1988 3374 2021 3427 6'
2057 3390 2112 3427 τι

519 3460 599 3514 ἂν
613 3459 843 3528 ποιῆτε,
861 3462 982 3514 εἴτε
996 3461 1251 3529 ἐσθίετε,
1269 3462 1391 3517 εἴτε
1418 3463 1643 3527 πίνετε,
1661 3462 1782 3516 εἴτε
1799 3480 1855 3516 τι
1868 3462 2108 3528 ποιεῖτε,

520 3548 715 3602 πάντα
737 3552 824 3615 εὶς
850 3550 1038 3615 δόξαν
1053 3551 1202 3605 Θεοῦ
1231 3555 1453 3606 ποιεῖτε
1472 3568 1489 3616 ;
1524 3553 1713 3623 Ὑμεῖς
1733 3552 1790 3605 δὲ
1813 3554 1892 3614 είς
1906 3552 2110 3623 δυσφηο

525 3637 654 3708 μίαν
686 3638 780 3691 καὶ
810 3638 1047 3703 ἀδοξίαν.
1075 3640 1191 3693 Ούκ
1221 3641 1446 3693 ἀκούετε
1481 3641 1574 3693 τοῦ
1608 3641 1895 3711 Προφήτου
1924 3640 2107 3708 λέγον-

518 3742 634 3788 τος,
667 3728 1046 3781 Δουλεύσατε
1074 3726 1155 3794 τῷ
1207 3730 1406 3795 Κυρίῳ
1451 3730 1521 3781 ἐν
1564 3730 1747 3797 φόϐῳ,
1780 3728 1880 3781 καὶ
1926 3729 2111 3797 ἀγαλ-

520 3813 736 3870 λιᾶσθε
750 3816 910 3881 αὐτῷ
932 3818 1004 3870 ἐν
1023 3820 1246 3887 τρόμφ;
1283 3819 1471 3888 Ὑμεῖς
1487 3818 1544 3870 δὲ
1577 3816 1877 3886 διαχεῖσθε.
1898 3817 1988 3884 Μὴ
2004 3818 2110 3885 γάρ

520 3903 621 3955 ούκ
656 3902 773 3955 ἐστι
804 3905 899 3955 καί
931 3904 1179 3973 ἥδεσθαι,
1226 3907 1322 3959 καὶ
1370 3906 1511 3975 μετὰ
1539 3905 1875 3974 ἀσφαλείαςς
1924 3905 2110 3959 Βούλει

525 3990 708 4060 μελῶν
738 3991 970 4043 ἀκοῦσαι
998 3992 1208 4057 καλῶν;
1232 3993 1488 4045 Μάλιστα
1529 3993 1627 4062 μὲν
1663 3992 1785 4045 ούδὲ
1811 3992 1916 4046 ἔδει
1934 4010 1947 4021 ·
1975 3993 2112 4064 πλὴν

525 4078 969 4145 συγκαταϐαίνω,
998 4080 1047 4131 εἰ
1079 4078 1293 4149 βούλει·
1327 4081 1401 4149 μὴ
1437 4078 1544 4132 τῶν
1591 4079 1898 4133 σατανικῶν
1943 4080 2111 4133 ἀκού-

524 4182 645 4237 σῃς,
666 4165 802 4218 ἀλλά
822 4166 931 4218 τῶν
958 4167 1372 4237 πνευματικῶν.
1393 4166 1585 4219 Βούλει
1606 4167 1930 4238 χορεύοντας
1950 4168 2106 4233 ἱδεῖν;

521 4255 628 4327 ὅρα
648 4253 757 4307 τῶν
784 4255 1032 4324 ἀγγέλων
1061 4256 1153 4309 τὸν
1178 4255 1360 4325 χορόν.
1384 4257 1495 4309 Καὶ
1520 4255 1637 4318 πῶς
1658 4254 1903 4318 δυνατὴν,
1923 4256 2105 4326 φησὶν,

526 4346 684 4411 ἰδεῖν;
719 4345 844 4398 Ἐὰν
864 4345 1038 4399 ταῦτα
1063 4346 1366 4420 ἀπελάσῃς,
1386 4344 1664 4397 ἐλεύσεται
1699 4345 1793 4397 καὶ
1828 4346 1856 4397 ὁ
1876 4346 2108 4416 Χριστὸς

524 4431 608 4492 είς
638 4431 864 4495 τούτους
889 4435 1016 4496 τοὺς
1050 4435 1294 4503 γάμους*
1322 4433 1415 4485 τοῦ
1447 4432 1503 4484 δὲ
1538 4431 1773 4502 Χριστοῦ
1819 4435 2105 4503 παρόντος,

526 4520 619 4572 καὶ
648 4521 677 4572 ὁ
709 4520 818 4573 τῶν
860 4521 1107 4589 ἀγγέλων
1162 4522 1394 4593 πάρεστι
1437 4520 1618 4592 χορός.
1649 4522 1745 4572 Ἂν
1794 4522 1974 4594 θέλῃς,
2014 4524 2107 4575 καὶ

525 4606 622 4659 νῦν
655 4606 909 4679 θαύματα
939 4611 1256 4680 ἐργάσεται,
1288 4610 1535 4682 καθάπερ
1583 4611 1678 4662 καὶ
1711 4609 1863 4661 τότε·
1894 4611 2107 4680 ποιήσει

526 4700 623 4752 καὶ
650 4700 745 4754 νῦν
796 4702 857 4753 τὺ
891 4702 1034 4773 ὕδωρ
1065 4699 1207 4756 οἶνον
1230 4719 1243 4731 '
1272 4704 1364 4755 καὶ
1415 4702 1597 4772 πολλῷ
1643 4702 2105 4772 θαυμασιώτερον,

524 4789 626 4862 τήν
649 4789 896 4860 διάχυσιν
925 4794 1246 4863 ἐπιστρέψει
1270 4794 1369 4863 τὴν
1397 4793 1756 4863 διαρρἐυσαν
1785 4792 1878 4845 καὶ
1896 4792 2107 4864 ψυχρὰν

527 4877 845 4946 ἐπιθυμίαν,
888 4880 984 4932 καὶ
1031 4881 1125 4933 ἐπὶ
1176 4882 1277 4950 τήν
1329 4881 1707 4951 πνευματικὴν
1757 4883 2105 4952 μεταστήσει.

528 4964 703 5017 Τοῦτό
735 4968 881 5019 ἐστιν
912 4967 970 5030 ἐξ
1000 4966 1193 5031 ὓδατος
1224 4965 1365 5021 οἶνον
1389 4970 1635 5037 ποιῆσαι.
1660 4966 1831 5020 Ἔνθα
1856 4967 2105 5037 αύληταί,

527 5054 766 5123 οὐδαμοῦ
805 5055 833 5105 ὁ
882 5057 1147 5125 Χριστός⁶
1181 5056 1318 5109 ἀλλά
1364 5058 1466 5110 κᾶν
1519 5056 1755 5128 εἰσέλθῃ,
1787 5055 1848 5107 τὸ
1892 5055 2107 5127 πρῶτον

529 5142 782 5196 ἐκϐάλλει
825 5144 1069 5209 τούτους,
1120 5145 1215 5197 καὶ
1264 5144 1385 5196 τότε
1435 5144 1857 5215 θαυματουργεῖ.
1897 5144 1962 5197 Τί
2008 5144 2107 5213 τῆς

531 5231 828 5300 σατανικῆς
858 5232 1081 5302 πομπῆς
1107 5231 1454 5304 ἀηδέστερον,
1480 5232 1607 5285 ἔνθα
1638 5232 1883 5304 ἄναρθρα
1908 5234 2105 5298 πάντα,

531 5318 681 5389 [152:2]
717 5319 844 5372 ἔνθα
890 5322 1067 5373 πάντα
1116 5320 1338 5390 άσημα;
1375 5324 1439 5374 ἂν
1487 5322 1544 5374 δέ
1581 5339 1635 5374 τι
1685 5322 1780 5375 καὶ
1825 5320 2104 5391 ἔναρθρον,

528 5407 690 5460 πάλιν
719 5408 895 5461 πάντα
933 5409 1156 5480 αἰσχρὰ,
1188 5410 1367 5463 πάντα
1398 5409 1561 5480 ἀηδῆ.

600 5496 663 5560 ζ’·
689 5496 853 5549 Οὐδὲν
871 5497 969 5567 τῆς
997 5499 1197 5569 ἀρετῆς
1228 5498 1398 5567 ἥδιον,
1428 5498 1577 5550 οὐδὲν
1598 5496 1954 5567 κοσμιότητος
1979 5496 2107 5563 γλυ-

532 5584 781 5655 κύτερον,
815 5584 964 5637 οὐδὲν
987 5586 1315 5657 σεμνότητος
1341 5585 1737 5655 ποθεινότερον.
1772 5584 2000 5637 Ποιείτω
2021 5602 2105 5648 τις

530 5675 771 5744 γάμους,
816 5675 959 5738 οἵους
1013 5677 1124 5744 ἐγὼ
1157 5677 1321 5746 λέγω,
1371 5678 1465 5731 καὶ
1506 5675 1695 5747 ὄψεται
1743 5675 1843 5745 τὴν
1879 5674 2101 5747 ἡδονήνο

592 5826 619 5854 ’⁸
642 5827 788 5875 Sari}.
816 5827 940 5889 conj.
964 5830 1177 5888 συνῆλθε.

2228 904 2480 976 μέγεθος,
2546 906 2725 959 πάντα
2750 904 2924 959 ταῦτα
2965 906 3216 976 περιττά,
3263 907 3400 959 ἀλλά
3437 913 3617 981 tgna-(ﬁ;
3655 915 3804 966 εύλά-

2223 992 2400 1055 ϐειαν,
2437 993 2757 1050 ἐπιείκειαν.
2799 995 2898 1064 τήν
2928 992 3102 1065 ἀληθῆ
3149 993 3391 1057 σύνεσιν,
3429 995 3528 1047 τοῦ
3562 1000 3695 1052 Θεοῦ
3721 1002 3801 1052 τὸν

2223 1082 2410 1149 φόϐον,
2440 1083 2487 1134 εἰ
2512 1080 2690 1151 βούλει
2721 1080 2838 1151 μεθ’
2866 1080 3063 1151 ἡδονῆς
3091 1083 3152 1134 :6
3175 1083 3472 1153 θυγάτριον
3494 1084 3623 1153 ζῇν.
3654 1085 3801 1140 Inoo-

2225 1168 2485 1240 σιώτερον
2516 1169 2626 1240 γάρ
2656 1169 2918 1239 ζητοῦσα,
2958 1170 3019 1223 ού
3072 1170 3232 1240 μόνον
3264 1172 3438 1241 αὐτὴν
3466 1173 3574 1225 ούκ
3596 1172 3804 1243 ὠφελὴο

2225 1274 2361 1321 σεις,
2393 1258 2530 1311 ἀλλὰ
2559 1259 2653 1311 καί
2682 1259 2922 1329 βλάψεις,
2952 1260 3146 1329 δούλην
3168 1261 3281 1313 ἀντ’
3310 1260 3613 1331 ἐλευθέρας
3634 1264 3805 1315 ποιώ-

2224 1362 2310 1397 σα.
2346 1347 2421 1399 υύ
2451 1347 2721 1416 τοσαύτην
2750 1349 2860 1420 γὰρ
2890 1350 2999 1402 ἀπὸ
3035 1348 3146 1401 τῶν
3174 1350 3417 1419 χρυσίων
3451 1352 3803 1421 καρπώσεται

2220 1433 2321 1503 τὴν
2368 1433 2585 1505 ἡδονὴν,
2646 1436 2778 1505 ὅσην
2827 1436 2935 1488 ἀπὸ
2981 1437 3077 1489 τοῦ
3119 1435 3390 1489 δουλεύειν
3438 1438 3567 1504 τὴν-
3596 1439 3798 1507 ἀηδίαν.

2233 1520 2393 1575 Ἀλλά
2430 1523 2504 1594 μὴ
2526 1522 2677 1593 ζήτει
2709 1524 2901 1590 ταῦτα,
2933 1524 3068 1578 ἀλλά
3103 1524 3337 1593 μάλιστα
3378 1526 3480 1595 μὲν
3502 1528 3798 1596 όμότιμον’

2217 1609 2345 1662 εἰδὲ
2375 1610 2449 1681 μή
2508 1609 2753 1675 δυνατὸν,
2794 1610 3112 1683 πενέστερον
3160 1611 3377 1682 μᾶλλον,
3410 1614 3446 1684 ἦ
3497 1615 3800 1685 εὐπορώτε-

2220 1714 2332 1767 ρον,
2359 1698 2414 1751 εῖ
2432 1714 2495 1766 γε
2518 1698 2592 1769 μὴ
2617 1698 2911 1753 ἀποδόσθαι
2939 1699 3195 1771 δεσπότῃ,
3228 1700 3343 1753 ἀλλ’
3372 1700 3633 1755 ἐκδοῦναι
3661 1704 3801 1775 ἀνδρί

2220 1786 2516 1857 βούλειτὴν
2542 1786 2837 1858 θυγατέρα.
2884 1788 3054 1842 Ὅταν
3096 1789 3341 1860 ἀκριϐῶς
3369 1790 3647 1863 ἐξετάσῃς
3684 1794 3802 1845 τάν-

2214 1873 2339 1943 δρὸς
2362 1874 2460 1944 τὴν
2483 1876 2704 1945 ἀρετὴν,
2730 1876 2824 1928 καὶ
2859 1875 3058 1946 μέλλῃς
3097 1876 3384 1939 ἐκδιδόναι,
3418 1879 3800 1951 παρακάλεσον

2214 1960 2305 2014 τὸν
2324 1961 2558 2031 Χριστὸν
2584 1961 3021 2030 παραγενέσθαι·
3055 1963 3115 2014 ού
3138 1964 3246 2033 γὰρ
3270 1966 3769 2036 ἐπαισχυνθήσεται
3784 1985 3797 2003 ο

2218 2050 2518 2120 μυστήριόν
2548 2051 2664 2102 ἐστι
2708 2050 2809 2119 τῆς
2842 2050 3009 2103 αὐτοῦ
3039 2054 3359 2122 παρουσίας.
3401 2055 3663 2108 Μάλιστα
3711 2059 3800 2126 μὲν

2213 2133 2306 2189 οὖν
2348 2138 2442 2190 καὶ
2493 2138 2616 2190 τότε
2669 2139 2996 2209 παρακάλει,
3048 2140 3191 2193 ὥστε
3236 2142 3523 2211 μνηστῆρα
3564 2146 3800 2198 τοιοῦτον

2210 2225 2414 2278 δοῦναι.
2471 2226 2565 2295 Μὴ
2593 2225 2724 2297 γένῃ
2777 2226 2871 2280 τοῦ
2907 2228 3095 2291 παιδὸς
3128 2226 3223 2281 τοῦ
3281 2228 3539 2301 ’Δϐραὰμ
3585 2232 3796 2302 χείρων,

2213 2314 2272 2378 ὃς
2307 2316 2387 2377 είς
2414 2315 2683 2385 τοσαύτην
2732 2316 3044 2387 ἀποδημίαν
3097 2319 3471 2387 πεμπόμενος,
3524 2321 3646 2391 ᾔδει
3677 2322 3797 2375 ἔνθα

2210 2403 2315 2473 Χρὴ
2351 2406 2687 2473 καταφυγεῖν
2713 2421 2727 2438 ⁸
2775 2404 2856 2457 διὸ
2880 2405 2975 2458 καὶ
3024 2406 3242 2459 πάντων
3287 2405 3581 2476 ἐπέτυχεν.
3635 2409 3796 2462 Ὅταν

2211 2492 2549 2563 περιεργάζῃ
2602 2493 2696 2545 καὶ
2741 2492 2912 2563 ζητῇς
2949 2492 3040 2546 τὸν
3068 2494 3259 2564 ἄνδρα,
3313 2492 3476 2563 εῦχου
3502 2511 3520 2527 ο
3564 2498 3688 2549 εἰπὲ
3722 2499 3796 2567 τῷ

2210 2578 2351 2650 Θεῷ·
2390 2582 2487 2633 Ὅν
2519 2580 2584 2633 ἂν
2615 2580 2775 2652 θέλῃς
2803 2581 2867 2633 σὺ
2898 2580 3252 2650 οίκονόμησον
3270 2596 3287 2612 ⁶
3314 2582 3627 2652 ἐγχείρισον
3655 2585 3795 2654 αὐτῷ

2209 2667 2270 2721 :6
2300 2669 2554 2737 πρᾶγμα,
2586 2669 2680 2721 καὶ
2710 2668 2967 2737 τιμηθεὶς
3015 2668 3185 2739 ταύτῃ
3242 2671 3392 2740 παρά
3424 2670 3519 2723 σοῦ
3570 2675 3638 2743 τῇ
3668 2676 3791 2745 τιμῇ

2212 2755 2505 2825 ἀμείψεταί
2529 2773 2609 2809 σε.
2657 2755 2759 2809 Δύο
2787 2756 2849 2827 δὴ
2886 2758 3059 2809 ποιεῖν
3098 2757 3225 2828 χρὴ,
3260 2758 3406 2829 αὐτῷ
3451 2777 3512 2813 τε
3563 2762 3790 2833 ἐγχειρί-

2214 2843 2347 2909 ζειν,
2385 2846 2481 2897 καὶ
2520 2845 2760 2897 τοιοῦτον
2811 2844 3016 2915 ζητεῖν,
3060 2841 3171 2898 οἷον
3211 2845 3279 2898 ἂν
3318 2848 3480 2911 αὐτὸς
3512 2849 3788 2920 βούληται,

2211 2936 2459 3005 κόσμιον,
2484 2933 2754 3005 σώφρονα.
2783 2935 2951 2988 Ὅταν
2973 2931 3067 2988 οῦν
3106 2936 3234 2999 τοὺς
3260 2936 3473 3006 γάμους
3502 2943 3689 3010 ποιῇς.
3723 2942 3788 3010 μὴ

2209 3023 2502 3096 περιέλθῃς
2529 3023 2729 3087 οίκίας,
2766 3024 3050 3095 κάτοπτρα
3087 3024 3182 3077 καὶ
3218 3025 3411 3090 ἱμάτια
3448 3028 3710 3097 χρωμένη
3742 3029 3785 3066 δ’

2208 3111 2271 3163 ού
2310 3111 2419 3182 γὰρ
2456 3110 2595 3182 πρὸς
2645 3111 2906 3176 ἐπίδειξιν
2942 3112 3004 3165 τὸ
3045 3113 3282 3182 πρᾶγμά
3332 3114 3499 3176 ἐστιν,
3556 3115 3679 3168 οὐδὲ
3716 3118 3787 3177 εἰς

2209 3198 2436 3269 πομπὴν
2475 3200 2714 3267 εἰσάγεις
2760 3200 2824 3253 τὸ
2876 3199 3169 3270 θυγάτριον
3192 3215 3208 3232 ο
3243 3199 3381 3253 ἀλλὰ
3423 3201 3783 3271 φαιδρύνουσσ

2209 3287 2308 3358 τὴν
2330 3287 2513 3341 οἰκίαν
2536 3291 2649 3350 τοῖς
2676 3289 2874 3352 ἐνοῦσι,
2899 3289 3055 3341 κάλει
3076 3289 3325 3356 γείτονας
3352 3290 3445 3341 καὶ
3474 3288 3667 3357 φίλους
3698 3292 3781 3343 καὶ

2213 3379 2517 3445 συγγενεῖς.
2565 3377 2764 3440 Ὅσους
2791 3375 2857 3429 ἂν
2876 3371 3018 3439 οἶδας
3040 3377 3321 3440 ἐπιεικεῖς,
3356 3377 3583 3441 τούτους
3612 3379 3778 3442 κάλει,

2211 3468 2307 3519 καὶ
2353 3467 2469 3529 τοῖς
2509 3459 2660 3517 οὖσιν
2704 3464 3064 3534 ἐπαρκεῖσθαι
3105 3465 3383 3535 παραίνει.
3430 3467 3641 3536 Μηδεὶς
3683 3468 3779 3518 τῶν

2212 3552 2323 3607 ἀπὸ
2363 3554 2466 3625 τῆς
2520 3553 2831 3623 ὀρχήστρας
2879 3553 3138 3623 παρέστω
3171 3569 3186 3582 ’
3247 3553 3365 3606 ἐκεῖ
3410 3554 3521 3623 γὰρ
3576 3555 3781 3623 δαπάνη

2212 3640 2443 3713 περιττὴ
2477 3641 2568 3694 καί
2601 3642 2880 3710 ἄσχημοςο
2911 3639 3140 3693 κάλεσον
3164 3639 3259 3692 τὸν
3286 3641 3524 3710 Χριστὸν
3557 3643 3665 3711 πρὸ
3689 3643 3786 3695 τῶν

2212 3732 2390 3786 ἄλλων
2439 3730 2719 3784 ἁπάντων.
2772 3726 2935 3793 Οἶδας
2977 3729 3065 3782 διὰ
3107 3730 3252 3792 τίνος
3297 3730 3462 3782 αὑτὸν
3506 3731 3783 3795 καλέσεις;

2219 3823 2316 3885 Ὃς
2345 3820 2410 3874 ἂν
2435 3821 2661 3891 ποιήσῃ,
2728 3818 2913 3888 φησὶν,
2950 3819 3032 3871 ἐνὶ
3086 3818 3293 3871 τούτων
3335 3818 3446 3871 τῶν
3473 3819 3783 3888 ἐλαχίστων,

2213 3910 2337 3978 ἐμοὶ
2362 3908 2604 3979 ἐποίησε.
2675 3907 2769 3976 Μὴ
2817 3906 3049 3978 νομίσῃς
3096 3907 3156 3959 :6
3202 3908 3436 3976 πρᾶγμα
3462 3906 3785 3978 δυσάρεστον

2212 3993 2373 4060 εἶναι,
2393 3996 2457 4049 τὸ
2478 3997 2716 4066 πένητας
2737 3994 2922 4049 καλεῖν
2944 3994 3031 4047 διὰ
3050 3994 3142 4047 τὸν
3162 3995 3395 4066 Χριστόν
3422 4011 3438 4025 ·
3462 3994 3784 4065 δυσάρεστον

2211 4085 2271 4139 τὸ
2314 4084 2519 4155 πόρνας
2564 4084 2772 4139 καλεῖν.
2818 4083 2893 4136 T6
2947 4083 3055 4155 γάρ
3090 4083 3325 4149 πένητας
3374 4082 3587 4144 καλεῖν,
3638 4082 3785 4136 τοῦτο

2211 4174 2435 4245 ἀφορμὴ
2477 4172 2733 4237 πλούτου,
2782 4175 2958 4227 ἐκεῖνο
2995 4172 3051 4225 δέ
3088 4171 3420 4243 ἀνατροπῆς.
3454 4173 3670 4242 Κόσμει
3692 4172 3783 4241 τήν

2209 4263 2428 4333 νύμφην
2452 4262 2526 4334 μὴ
2557 4260 2768 4325 τούτοις
2784 4265 2894 4324 τοῖς
2915 4262 3161 4332 κοσμίοις
3188 4263 3300 4324 τοῖς
3322 4260 3429 4312 ἀπὸ
3447 4260 3543 4314 τοῦ
3565 4260 3779 4331 χρυσοῦ,

2209 4351 2323 4405 ἀλλ’
2343 4350 2614 4423 ἐπιεικείᾳ
2644 4350 2739 4405 καὶ
2770 4350 2907 4404 αἰδοῖ
2932 4350 3026 4404 καὶ
3053 4352 3165 4412 τοῖς
3197 4348 3484 4418 συνήθεσιν
3532 4350 3776 4418 ἱματίοις,

2208 4439 2329 4493 ἀντὶ⁵
2356 4439 2563 4502 παντὸς
2606 4439 2811 4510 κόσμου
2857 4437 3059 4509 χρυσοῦ
3092 4438 3186 4490 καὶ
3234 4436 3680 4507 ἐμπλεγμάτων,
3724 4437 3780 4489 :6

2210 4527 2493 4600 ἐρυθριᾷν,
2509 4527 2570 4580 τὸ
2586 4527 2934 4597 αἰσχύνεσθαι
2952 4527 3237 4598 περιθεῖσα
3258 4568 3272 4587 ,
3298 4527 3391 4578 καὶ
3413 4526 3474 4577 τὸ
3503 4526 3580 4595 μὴ
3606 4524 3777 4595 ζητεῖν

2209 4619 2414 4671 ἐκεῖνα.
2445 4616 2653 4686 Μηδεὶς
2681 4616 2820 4669 ἔστω
2849 4616 3093 4685 θόρυϐος,
3129 4614 3368 4684 μηδεμία
3397 4616 3615 4684 ταραχή
3642 4630 3657 4643 ⁸
3691 4632 3775 4666 κα-

2208 4704 2407 4758 λείσθω
2431 4707 2459 4759 ὁ
2490 4702 2743 4774 νυμφίος,
2786 4703 3023 4772 δεχέσθω
3048 4704 3148 4772 τὴν
3172 4700 3457 4771 παρθένον.
3483 4701 3567 4753 Τά
3588 4703 3772 4772 ἄριστα

2208 4793 2302 4848 καὶ
2352 4794 2423 4845 τὰ
2471 4792 2659 4845 δεῖπνα
2709 4789 2783 4861 μὴ
2812 4789 2982 4859 μέθης
3028 4790 3168 4842 έστω
3198 4789 3402 4860 πλήρη,
3438 4788 3575 4841 ἀλλὰ
3621 4807 3770 4843 πνευ-

2213 4880 2448 4950 ματικῆς
2476 4879 2689 4949 ἡδονῆς.
2731 4877 2918 4949 Μυρία
2941 4877 3048 4948 γὰρ
3076 4877 3141 4929 ἐκ
3178 4875 3273 4928 τοῦ
3303 4874 3551 4929 τοιούτου
3604 4877 3771 4947 γάμον

2210 4970 2363 5025 ἕσται
2391 4968 2458 5021 τά
2487 4968 2648 5031 καλά,
2681 4969 2774 5020 καὶ
2817 4966 2886 5018 τὰ
2923 4965 3018 5018 τοῦ
3052 4965 3167 5035 βίου
3199 4967 3256 5018 ἐν
3289 4964 3599 5035 ἀσφαλεὶαο
3637 4968 3699 5019 ἐκ
3720 4964 3770 5017 δὲ

2206 5056 2317 5111 τῶν
2347 5056 2443 5109 νῦν
2482 5055 2782 5125 γινομένων
2828 5054 3022 5123 γάμων
3070 5053 3143 5122 (εῖ
3168 5069 3233 5121 γε
3261 5053 3494 5123 γάμους,
3528 5054 3665 5106 ἀλλά
3704 5055 3765 5121 μὴ

2208 5143 2434 5215 πομπὰς
2459 5143 2596 5197 αύτά
2626 5142 2708 5195 δεῖ
2738 5142 2965 5206 καλεῖν),
3002 5139 3150 5213 [425]
3180 5142 3281 5211 ὅρα
3312 5151 3335 5178 ο
3368 5142 3469 5193 ὅσα
3514 5142 3582 5193 τὰ
3616 5142 3763 5194 κακά.

2208 5231 2539 5302 Διελύθησαν
2595 5232 2651 5283 αἱ
2692 5230 2983 5294 παστάδες,
3034 5230 3130 5282 καὶ
3188 5229 3389 5291 εὐθέως
3424 5230 3665 5299 μέριμνα
3689 5230 3765 5280 καὶ

2207 5322 2392 5393 φόϐος,
2426 5321 2500 5392 μή
2531 5338 2583 5372 τι
2617 5318 2910 5390 παραπέσῃ
2944 5317 3054 5371 τῶν
3086 5318 3456 5388 κεχρημένων,
3494 5319 3588 5369 καὶ
3619 5318 3765 5369 διαδέ-

2207 5428 2361 5483 χεται
2394 5409 2492 5480 τὴν
2522 5408 2712 5478 ἡδονὴν
2741 5406 2947 5477 ἀθυμία
2989 5405 3285 5475 ἀφόρητος.
3348 5403 3485 5455 Ἀλλ’
3508 5403 3646 5472 αὕτη
3681 5405 3763 5471 μὲν

2206 5501 2306 5571 τῆς
2338 5496 2660 5569 κηδεστρίας
2688 5492 2945 5566 ἡάγωνίσ.
2962 5509 2975 5522 ·
3002 5493 3199 5564 μᾶλλον
3226 5491 3282 5545 δὲ
3302 5491 3422 5545 ούδέ
3441 5492 3579 5561 αύτὴ
3605 5489 3769 5559 ἀπήλ-

2266 5700 2294 5777 ξ)
2317 5700 2743 5777 ευιεῐιεξεηᾱυω
2769 5699 2983 5777 Dungeqs
3003 5701 3289 5777 κιχρωμένη.
3340 5762 3377 5777 __
3404 5759 3434 5777 ν

2213 5826 2248 5878 Ε
2271 5762 2502 5871 ῖτνοοειιι
2530 5754 2643 5827 Ἐρα,
2682 5778 2827 5826 quam
2881 5754 3109 5827 ignoraii'l
3147 5754 3281 5824 éddI,
3324 5759 3459 5813 dedit
3500 5772 3625 5812 unus
3659 5754 3745 5807 00d

2233 5842 2279 5873 ’D
2330 5858 2343 5873 ι
