3874 6520
138 330 239 388 389

139 459 306 516 tenet,
336 447 578 502 faetorem
620 432 869 491 sustinet.
912 426 1049 483 Volo
1093 419 1378 516 ostendere
1430 411 1574 516 quod
1600 423 1710 516 non

139 507 356 616 propter
397 537 509 588 haec
536 532 783 600 oporteat
806 519 1010 593 pudore
1056 512 1320 616 suffundi,
1355 507 1449 616 sed
1496 511 1713 616 propter

399 625 528 679 facis
559 593 591 673 ε’
607 630 662 673 tu
694 630 846 681 vero,
870 613 1018 667 illum
1048 607 1269 662 mittens
1298 600 1578 673 pudorem,
1607 593 1710 697 hoc

145 691 479 779 διισίιηάυτίε.
523 714 686 767 Deum
718 721 846 777 ergo
873 701 1202 759 condemnas
1228 695 1316 764 qui
1345 694 1421 746 sic
1451 691 1709 745 decrevit.

141 814 321 868 Dicam
348 804 616 876 quomodo
638 809 717 853 est
742 800 1133 852 sacramentum
1161 784 1450 843 Ecclesiae?
1470 781 1713 835 Christus

142 904 291 960 venit
318 900 388 955 ad
421 896 736 957 Ecclesium,
784 890 873 945 illa
902 903 969 942 ex
996 885 1114 955 ipso
1140 891 1223 938 est
1247 890 1383 936 orta,
1408 881 1463 927 et
1502 886 1619 924 cum
1649 883 1711 922 ea

140 1008 462 1066 congressus
503 998 588 1044 est
626 996 917 1055 congressu
961 970 1244 1044 spirituali.
1286 962 1714 1066 Despondi-enini

140 1052 464 1152 vosriuquit,
512 1080 601 1133 uni
625 1052 998 1138 virovvirginem
1026 1072 1220 1118 castam
1266 1059 1341 1128 (9..
1367 1058 1485 1112 Cor.
1516 1055 1604 1109 11.
1629 1052 1710 1123 2).

140 1175 295 1245 Quod
317 1149 493 1229 autem
519 1187 583 1225 ex
615 1169 727 1234 ipso
752 1163 942 1223 simus,
973 1164 1028 1211 et
1046 1171 1114 1211 ex
1147 1151 1400 1208 membris
1425 1149 1541 1219 ejus
1568 1155 1622 1201 et
1648 1161 1714 1201 ex

139 1244 306 1324 carne
358 1264 495 1333 ejus,
524 1256 648 1311 audi
696 1249 964 1323 quomodo
1008 1248 1169 1302 dicat.
1214 1244 1339 1297 [hec
1381 1250 1557 1295 autem
1598 1254 1716 1291 om-

140 1361 231 1414 nia
252 1329 429 1412 mente
453 1357 749 1410 versantes,
798 1358 868 1397 ne
898 1349 1101 1395 tantum
1137 1334 1448 1407 mysterium
1507 1329 1714 1401 pudore

137 1452 454 1505 afficiamus.
504 1438 700 1498 Christi
753 1435 1050 1506 praesentiae
1099 1441 1253 1499 typus
1304 1434 1387 1481 est
1438 1423 1718 1478 matrimo-

137 1546 311 1606 nium,
344 1550 400 1593 tu
426 1550 554 1591 vero
582 1528 904 1587 inebriaris?
936 1527 1030 1581 Dic
1069 1523 1197 1577 mihi
1218 1563 1235 1587 ,
1267 1520 1311 1574 si
1343 1519 1484 1588 regis
1506 1515 1715 1569 videres

138 1633 428 1702 imaginem
446 1669 460 1691 ,
510 1642 636 1679 num
664 1639 779 1678 eam
815 1618 1010 1690 probro
1037 1612 1321 1669 afﬁceres?
1349 1610 1714 1678 Nequaquam.

137 1700 404 1780 Videntur
445 1718 660 1790 quidem
706 1730 792 1768 res
849 1726 967 1766 esse
1011 1707 1375 1763 iudill'erentes
1418 1718 1537 1773 quae
1585 1700 1721 1754 fiunt

134 1817 289 1872 circa
335 1808 760 1870 matrimonium;
807 1811 937 1858 sunt
975 1810 1153 1855 autem
1193 1808 1511 1867 magnorum
1536 1808 1717 1848 causae

137 1907 427 1961 malorum.
462 1900 652 1957 Omnia
685 1906 812 1952 sunt
841 1895 993 1965 plena
1025 1891 1327 1960 iniquitate.
1358 1886 1400 1940 Τ
1403 1884 1642 1955 urpitudo
1671 1894 1719 1936 et

131 1995 531 2064 stultiloquium,
561 2000 607 2044 et
627 1988 842 2043 scurrile
868 1985 1100 2047 verbum,
1136 1981 1327 2051 inquit,
1352 1995 1413 2032 ea:
1439 1993 1525 2032 ore
1550 1986 1717 2029 vestro

133 2103 249 2140 non
276 2092 415 2139 exeat
465 2081 683 2153 (Ephes.
711 2079 766 2135 5.
797 2080 873 2142 lt).
906 2076 1094 2131 Omnia
1124 2083 1300 2127 autem
1333 2072 1423 2125 illa
1454 2078 1579 2124 sunt
1607 2078 1719 2122 tur-

130 2177 328 2248 pitudo
368 2184 423 2231 et
442 2173 834 2243 stultiloquium
879 2178 933 2225 et
976 2168 1308 2232 scurrilitas,
1358 2178 1463 2217 non
1507 2162 1717 2225 leviter,

126 2270 237 2325 sed
264 2283 420 2338 supra
447 2266 686 2321 modum.
712 2267 814 2319 Ars
850 2263 992 2316 enim
1021 2269 1103 2312 est
1130 2258 1254 2321 hoc,
1283 2266 1338 2311 et
1368 2270 1611 2324 magnam
1641 2253 1721 2307 af-

128 2363 249 2417 fert
290 2361 498 2415 laudem
546 2361 611 2413 iis
653 2354 743 2425 qui
770 2369 886 2409 eam
932 2360 1188 2408 exercent
1230 2368 1243 2404 :
1286 2365 1373 2404 ars
1417 2347 1551 2403 facta
1596 2356 1723 2402 sunt

127 2464 379 2524 peccata.
407 2452 525 2507 Non
560 2450 749 2504 leviter
773 2462 834 2501 ea
873 2455 1187 2511 tractamus,
1216 2445 1311 2500 sed
1344 2443 1584 2498 adhibito
1609 2452 1722 2495 stu-

126 2548 234 2603 dio
278 2556 332 2601 et
370 2544 624 2606 scientia,
658 2550 712 2597 ct
740 2541 808 2595 de
833 2550 1030 2596 cmtero
1060 2538 1307 2593 diabolus
1336 2546 1416 2593 est
1447 2537 1719 2606 copiarum

125 2653 361 2694 suarum
388 2637 495 2690 dux
534 2634 916 2703 etimperator.
946 2632 1045 2688 Ubi
1071 2642 1153 2687 est
1186 2631 1330 2686 enim
1368 2630 1621 2695 ebrietas,
1641 2638 1724 2685 est

125 2741 190 2785 et
228 2729 440 2783 lascivia
466 2744 480 2793 ;
518 2725 609 2780 ubi
636 2740 814 2780 sermo
837 2723 1145 2787 obsctnnns,
1176 2723 1329 2776 adest
1355 2721 1600 2775 diabolus
1626 2734 1721 2774 sua

126 2822 391 2878 efferens.
419 2820 549 2875 Cum
579 2818 662 2873 his
688 2817 996 2882 convivaris,
1030 2816 1348 2884 dic,qu:eso,
1377 2812 1573 2868 Christi
1601 2829 1721 2883 my-

124 2916 365 2971 sterium
397 2912 604 2984 peragis
623 2952 638 2976 ,
669 2919 725 2967 et
751 2910 1020 2965 diabolum
1048 2908 1305 2963 invocas?
1335 2908 1419 2963 Me
1449 2908 1588 2962 forte
1610 2908 1723 2963 exi-

124 3007 375 3061 stimatis
399 3020 613 3077 gravem
639 3013 693 3059 et
714 3002 1094 3072 importunum.
1119 2999 1251 3054 Nam
1283 2999 1385 3054 hoc
1408 3015 1621 3069 quoque
1641 3008 1724 3054 est

124 3098 330 3153 multa:
373 3094 751 3166 perversitatis,
796 3092 935 3162 quod
979 3091 1065 3161 qui
1100 3092 1337 3160 increpat
1368 3091 1596 3145 ludibrio
1625 3090 1723 3143 ha-

127 3190 339 3245 beatur
365 3199 627 3258 tamquam
656 3196 918 3240 austeros.
945 3183 1057 3237 Non
1084 3182 1276 3236 auditis
1298 3182 1515 3236 Paulum
1544 3181 1726 3236 dicen-

130 3294 285 3347 tem,
316 3281 574 3352 Quidquid
604 3281 806 3334 faciatis
826 3320 840 3344 ,
871 3278 988 3333 Sive
1028 3276 1296 3330 comedalis
1317 3317 1331 3341 ,
1363 3276 1465 3329 sive
1509 3275 1720 3340 bibatis,

124 3377 257 3430 sive
311 3373 505 3445 aliquid
548 3373 771 3444 faciatis,
827 3372 996 3425 omnia
1039 3370 1105 3424 ad
1158 3370 1374 3439 gloriam
1421 3368 1519 3423 Dei
1570 3371 1727 3438 facile

126 3470 245 3536 (l.
279 3467 393 3521 Cor.
424 3465 508 3520 l0.
534 3464 676 3535 5|)?
720 3464 826 3516 Vos
870 3473 1045 3516 autem
1089 3461 1155 3515 ad
1198 3459 1622 3515 maledicentiam
1673 3470 1725 3516 et

128 3559 516 3630 ignominiam.
548 3556 663 3610 Non
695 3554 888 3607 auditis
915 3552 1225 3623 prephetam
1257 3552 1553 3614 dicentem,
1602 3551 1726 3606 Ser-

126 3654 251 3705 vile
277 3648 500 3703 Domino
528 3649 581 3700 in
608 3648 802 3707 timore,
828 3655 872 3697 et
896 3644 1143 3698 exsultate
1169 3644 1213 3696 ei
1233 3645 1286 3696 in
1314 3654 1525 3695 tremore
1554 3640 1723 3716 (Psal.

124 3742 193 3796 2.
227 3740 363 3811 il)?
387 3738 494 3792 Vos
521 3740 696 3791 autem
723 3734 1074 3790 difl'undimini
1096 3744 1149 3787 et
1175 3734 1302 3787 luxu
1332 3732 1588 3787 dimuitis.
1619 3735 1729 3787 An—

131 3850 260 3887 non
286 3847 417 3886 vero
446 3832 567 3884 licet
591 3830 748 3882 etiam
783 3837 896 3881 tuto
925 3827 1094 3880 laetari
1115 3828 1137 3879 ?
1160 3827 1247 3879 Vis
1273 3826 1455 3879 audire
1480 3824 1729 3894 pulchros

130 3921 386 3980 modos?
425 3920 583 3975 Certe
608 3935 674 3973 ne
701 3928 970 3988 Oporteret
1003 3918 1250 3986 quidem;
1282 3917 1375 3970 sed
1405 3933 1489 3969 me
1518 3916 1609 3970 tibi
1640 3933 1731 3971 ac-

128 4015 471 4079 commodo,
497 4015 543 4068 si
576 4013 656 4066 vis
696 4031 708 4065 :
740 4028 844 4066 non
868 4011 1051 4064 audias
1081 4011 1349 4064 satauicos
1380 4010 1587 4074 modos,
1634 4011 1727 4064 sed

135 4107 485 4174 Spirituales.
516 4105 608 4157 V’is
634 4104 813 4157 videre
838 4103 1095 4156 saltantes
1111 4104 1134 4154 ’ἐ
1166 4102 1286 4156 vide
1314 4101 1534 4155 chorum
1565 4118 1729 4172 ange-

134 4202 352 4254 lorum.
398 4198 465 4251 Et
510 4194 779 4271 quomodo
809 4194 923 4248 fieri
956 4202 1131 4263 potest
1160 4202 1216 4247 ut
1243 4193 1491 4247 videam?
1536 4194 1591 4250 Si
1619 4193 1736 4248 haec-

140 4291 425 4360 abegeris,
456 4276 637 4343 veniet
679 4288 919 4340 Christus
941 4301 1154 4355 quoque
1181 4285 1246 4338 ad
1276 4287 1368 4340 bas
1398 4286 1609 4354 nuptias
1643 4304 1656 4340 :
1687 4287 1732 4340 si

140 4386 302 4439 adsit
333 4393 502 4437 autem
528 4382 790 4444 Christus,
824 4381 973 4433 adest
998 4380 1154 4433 etiam
1182 4379 1376 4433 chorus
1400 4379 1729 4448 angelorum.

147 4477 225 4531 Si
260 4476 412 4539 velis,
442 4489 577 4527 nunc
613 4487 823 4542 quoque
860 4470 1017 4526 faciet
1040 4471 1295 4525 miracula
1322 4473 1458 4525 sicut
1480 4480 1534 4525 et
1560 4480 1683 4526 tunc
1714 4488 1730 4527 :

147 4569 329 4622 faciet
356 4582 487 4619 nunc
511 4579 721 4635 quoque
746 4579 935 4633 aquam
966 4564 1145 4617 vinum
1167 4605 1182 4628 ,
1215 4574 1267 4617 et
1295 4560 1461 4616 multo
1498 4563 1732 4616 admira-

143 4656 735 4715 biliora:dissolutam
779 4664 1056 4710 convertet
1104 4655 1338 4708 laetitiam
1385 4664 1439 4709 et
1490 4654 1734 4724 frigidam

134 4750 505 4820 cupiditatem
526 4789 541 4813 ,
569 4759 623 4803 et
651 4746 936 4803 transferet
960 4746 1026 4800 ad
1048 4746 1407 4815 QSpiritualem.
1436 4746 1546 4800 Hoc
1571 4755 1651 4801 est
1671 4763 1738 4800 ex

131 4856 299 4912 aqua
347 4840 524 4893 vinum
551 4838 745 4893 facere.
792 4837 891 4893 Ubi
931 4846 1055 4891 sunt
1104 4837 1370 4902 tibicines,
1397 4853 1731 4906 nequaquam

130 4944 246 4992 est
265 4934 548 4997 Christus;
588 4932 683 4987 sed
710 4940 764 4986 et
796 4932 839 4985 si
864 4930 1021 4984 fuerit
1048 4930 1349 4999 ingressus,
1380 4946 1471 4984 eos
1509 4931 1734 4998 primum

128 5026 340 5096 ejicit,
383 5035 449 5079 et
476 5034 602 5077 tunc
633 5023 759 5076 facit
783 5021 1056 5076 miracula.
1101 5021 1236 5088 Quid
1274 5022 1507 5075 satanica
1547 5036 1737 5090 pompa

128 5126 249 5173 est
294 5113 653 5184 injucundius,
677 5112 765 5167 ubi
792 5120 914 5166 sunt
940 5112 1116 5165 omnia
1157 5112 1393 5166 articulis
1415 5127 1518 5164 non
1546 5111 1741 5165 distin-

128 5220 271 5270 ειη,
301 5207 391 5260 ubi
419 5205 597 5259 omnia
626 5220 729 5258 non
756 5203 957 5273 signata
979 5246 993 5267 ,
1042 5218 1138 5257 nec
1180 5204 1399 5257 notata?
1444 5204 1487 5256 si
1515 5202 1639 5272 quid
1667 5204 1736 5257 sit

127 5311 348 5357 autem
383 5301 543 5353 etiant
574 5298 810 5353 articulis
839 5298 1164 5362 distinctmn,
1200 5312 1385 5351 rursus
1421 5297 1597 5350 omnia
1628 5308 1735 5350 tur-

122 5396 273 5465 pia,
309 5391 491 5443 omnia
524 5389 828 5458 injucunda.

231 5485 293 5537 7.
338 5481 521 5545 Qualis
570 5497 781 5549 sponsus
828 5481 1122 5548 quwrendus
1162 5480 1363 5550 virgini.
1391 5479 1617 5535 —Nihil
1659 5488 1742 5533 est

118 5577 371 5631 virtute
403 5570 715 5641 jucundius,
766 5570 896 5624 nihil
941 5572 1305 5626 moderatione
1332 5572 1567 5635 suavius,
1613 5570 1745 5625 nihil

122 5660 453 5723 honestate
479 5661 899 5716 desiderabilius.
927 5661 1105 5716 Faciat
1120 5663 1377 5732 quispiam
1398 5665 1608 5732 nuptias
1626 5678 1749 5734 qua-

120 5763 247 5818 gcs
297 5771 401 5827 ego
443 5755 586 5811 dico.
629 5763 682 5807 et
728 5753 926 5807 videbit
965 5756 1287 5819 voluptatem
1321 5775 1333 5811 2
1363 5757 1545 5825 quales
1572 5767 1749 5812 autem

486 5840 753 5901 PATRUL.
799 5837 913 5899 Gn.
966 5836 1156 5897 LXII.

992 308 1060 363 IN
1097 302 1314 362 EPIST.
1355 299 1447 356 an
1483 288 1763 352 cowss.
1794 286 1950 343 CAP.
1991 282 2082 338 tv.
2123 282 2351 338 HOMIL.
2397 256 2507 335 xui

3287 294 3393 349 390

1818 398 2062 467 nuptias,
2112 397 2391 451 attendite.
2444 396 2678 451 Primum
2724 399 2938 470 quidem
2987 376 3159 456 virum
3214 420 3395 475 quasre

1816 488 2040 559 virgini,
2074 489 2161 559 qui
2210 503 2335 542 vere
2383 488 2451 541 sit
2496 488 2575 541 vir
2617 497 2862 557 tutorque
2899 491 3015 560 ejus
3040 500 3093 546 et
3118 492 3392 561 defensor,

1815 591 2083 651 tulitquam
2131 581 2338 648 corpori
2381 592 2539 646 caput
2591 582 2974 650 impositurus,
3024 592 3081 637 ut
3134 586 3223 655 qui
3285 604 3393 643 non

1818 674 2136 743 mancipium
2160 713 2175 738 ,
2207 673 2298 727 sed
2330 672 2493 726 tiliam
2525 674 2571 728 ei
2599 675 2671 728 sis
2703 675 3009 730 traditurus.
3059 675 3136 732 Ne
3186 694 3397 748 qumras

1816 768 2114 836 pecuniam,
2148 779 2251 818 non
2290 765 2501 833 generis
2532 765 2894 834 splendorem,
2941 783 3045 821 non
3072 770 3256 838 patria)
3282 788 3399 825 ma-

1816 857 2182 928 gnitudinem;
2230 867 2355 911 sunt
2412 858 2527 910 haec
2588 860 2762 911 omnia
2817 874 3247 929 supervacanea;
3303 864 3398 919 sed

1816 950 1977 1003 animi
2009 951 2279 1020 pietatem,
2313 950 2792 1009 mansuetudinem,
2824 966 2999 1004 veram
3035 953 3395 1020 prudentiam.

1819 1041 1912 1096 Dei
1958 1040 2227 1107 timorem,
2271 1041 2316 1094 si
2357 1042 2437 1094 vis
2475 1040 2635 1093 tiliatn
2665 1041 2845 1094 vivere
2885 1057 3003 1094 cum
3036 1045 3303 1111 voiuptate
3346 1056 3400 1099 et

1819 1136 2023 1191 lmtitia.
2048 1135 2305 1203 Quaereris
2326 1135 2466 1188 enim
2495 1134 2767 1199 ditiorem,
2798 1150 2902 1187 non
2932 1135 3109 1189 solum
3141 1151 3260 1190 eam
3293 1152 3397 1191 non

1814 1228 2056 1298 juvabis,
2090 1228 2183 1283 sed
2211 1230 2368 1282 etiam
2402 1227 2599 1291 lzedes;
2631 1243 2842 1281 servam
2876 1227 3040 1283 facies
3081 1244 3177 1298 pro
3209 1231 3394 1284 libera.

1817 1323 1935 1378 Non
1965 1331 2106 1376 tanta
2136 1323 2276 1376 enim
2313 1338 2379 1375 ex
2418 1320 2594 1374 aureis
2632 1320 2837 1373 fruetur
2881 1320 3167 1388 voluptate,
3200 1334 3399 1389 quanta

1820 1416 2064 1471 molestia
2090 1431 2157 1469 ex
2183 1416 2459 1469 servitute.
2486 1414 2590 1469 Sed
2619 1415 2732 1469 haec
2760 1430 2827 1468 ne
2856 1429 3088 1483 quaeras,
3122 1415 3216 1469 sed
3246 1416 3398 1469 illum

1819 1507 1909 1576 qui
1936 1507 2004 1560 sit
2044 1506 2188 1575 paris
2216 1504 2537 1559 conditionis
2569 1524 2582 1559 :
2615 1505 2659 1559 si
2687 1504 2802 1559 ﬁeri
2833 1515 3011 1560 autem
3054 1521 3159 1560 non
3191 1508 3394 1576 possit,

1821 1600 2190 1669 pauperiorem
2239 1599 2408 1669 magis
2452 1614 2611 1668 quam
2652 1599 2896 1655 ditiorem
2919 1643 2933 1665 ,
2964 1600 3007 1654 si
3041 1617 3146 1655 non
3176 1601 3398 1657 domino

1825 1691 2060 1745 vendere
2079 1731 2093 1755 ,
2123 1689 2217 1744 sed
2244 1690 2436 1743 marito
2467 1691 2546 1743 vis
2575 1690 2787 1745 tradere
2816 1690 3002 1745 ﬁliam.
3048 1690 3272 1760 Quando
3300 1695 3401 1749 viri

1819 1782 2073 1836 virtutem
2103 1789 2290 1835 exacte
2316 1779 2733 1848 examinaveris,
2767 1788 2823 1836 et
2849 1796 2967 1836 eam
2994 1797 3053 1836 es
3083 1782 3398 1849 traditurus,

1820 1890 1947 1945 roga
1990 1873 2261 1928 Christum
2306 1882 2365 1927 ut
2404 1873 2575 1934 adsit;
2628 1888 2735 1928 non
2779 1874 2924 1929 enim
2974 1874 3121 1929 illum
3152 1875 3398 1944 pudebit;

1821 1966 2132 2039 mysterium
2160 1966 2357 2036 quippe
2385 1975 2469 2021 est
2512 1981 2622 2021 suae
2668 1966 2988 2035 prmsentiae.
3046 1968 3221 2037 Atque
3272 1977 3403 2024 tunc

1821 2074 1948 2130 roga
1993 2068 2052 2115 ut
2091 2058 2255 2114 talem
2301 2059 2392 2114 det
2434 2074 2713 2129 sponsum.
2757 2059 2837 2115 Ne
2878 2060 2953 2115 sis
2990 2075 3147 2117 servo
3175 2062 3403 2120 Abrahae

1822 2152 2079 2217 deterior,
2124 2153 2215 2222 qui
2269 2152 2336 2207 ad
2386 2161 2584 2206 tantam
2636 2152 2833 2208 missus
2878 2156 3400 2225 peregrinationem.

1823 2244 1975 2299 novit
2019 2259 2128 2315 quo
2171 2252 2316 2299 esset
2354 2243 2792 2314 confugiendum,
2843 2252 2899 2298 et
2946 2244 3068 2299 ideo
3104 2246 3281 2300 omnia
3321 2256 3405 2301 est

1822 2345 2201 2407 consequutus.
2234 2335 2458 2403 Quando
2488 2346 2542 2390 tu
2572 2350 2632 2390 es
2658 2335 2940 2401 sollicitus,
2971 2345 3025 2390 et
3055 2337 3235 2391 virum
3264 2320 3413 2408 qua;

1823 2429 1918 2494 ris,
1953 2443 2171 2498 precare
2190 2469 2204 2490 ,
2233 2428 2321 2482 dic
2364 2428 2503 2494 Deo,
2533 2428 2703 2495 Quem
2733 2437 2786 2480 tu
2818 2428 2951 2481 velis
2981 2428 3205 2496 provide
3230 2445 3244 2493 ;
3290 2443 3403 2485 rem

1823 2529 1989 2574 totam
2017 2520 2067 2575 ei
2095 2520 2244 2575 trade
2272 2529 2327 2574 et
2353 2521 2628 2575 committe
2659 2538 2672 2573 :
2711 2519 2813 2574 hoc
2839 2529 3017 2574 autem
3050 2535 3081 2574 a
3111 2531 3160 2574 te
3186 2532 3407 2575 ornatus

1824 2610 2051 2678 honore,
2076 2620 2131 2666 te
2160 2611 2611 2665 remunerabitur.
2640 2610 2753 2664 Duo
2786 2619 2933 2664 certe
2964 2620 3179 2679 oportet
3207 2611 3403 2677 facere,

1824 2724 2017 2778 nempe
2042 2723 2154 2764 rem
2188 2708 2259 2762 illi
2285 2710 2644 2775 committere,
2664 2718 2718 2763 et
2742 2709 2897 2764 talem
2923 2727 3163 2781 quaerere
3193 2714 3404 2781 qualem

1823 2802 1937 2872 ipse
1981 2801 2113 2867 vult,
2144 2816 2336 2870 nempe
2383 2802 2604 2870 probum
2650 2811 2704 2855 et
2732 2800 3037 2856 honestum.
3083 2802 3307 2869 Quando
3346 2820 3405 2860 es

1800 2896 2063 2959 _facturus
2091 2896 2300 2965 nuptias
2320 2936 2335 2960 ,
2368 2911 2433 2950 ne
2464 2895 2650 2949 domos
2676 2894 2875 2962 obeas,
2905 2897 3121 2965 specula
3149 2906 3204 2952 et
3231 2908 3405 2955 vestes

1824 2990 2162 3046 commodato
2188 2989 2457 3056 accipiens
2492 3006 2504 3041 :
2538 3004 2624 3042 res
2648 2990 2787 3043 enim
2818 3004 2922 3043 non
2966 2989 3022 3043 fit
3064 2989 3131 3044 ad
3171 2999 3408 3045 ostenta-

1826 3085 2048 3149 tionem,
2081 3098 2254 3153 neque
2303 3082 2464 3136 filiam
2494 3081 2715 3136 adducis
2761 3082 2829 3136 ad
2873 3097 3157 3153 pompam;
3203 3082 3296 3136 sed
3343 3084 3408 3137 iis

1825 3191 1943 3244 quae
1972 3175 2027 3228 in
2055 3189 2115 3228 ea
2143 3183 2267 3227 sunt
2293 3173 2507 3227 deruunt
2540 3172 2842 3227 exhilarans
2869 3215 2884 3239 ,
2928 3190 3061 3229 voca
3110 3175 3313 3228 vicinos
3355 3184 3409 3228 et

1825 3266 2027 3319 amicos
2053 3274 2105 3318 et
2130 3272 2385 3333 cognatos
2410 3280 2425 3329 ;
2458 3278 2593 3333 quos
2622 3265 2759 3318 nosti
2781 3264 2993 3333 quidem
3016 3264 3187 3319 bonos
3208 3275 3260 3320 et
3287 3283 3409 3335 pro-

1827 3359 1955 3423 bos,
2002 3374 2097 3412 ens
2136 3372 2303 3421 voca,
2344 3366 2398 3411 et
2443 3369 2499 3410 ut
2541 3358 2604 3412 iis
2644 3372 2763 3427 qua:
2805 3358 3000 3412 adsunt
3027 3361 3261 3414 contenti
3302 3360 3409 3415 sint

1826 3452 2074 3506 admone.
2127 3451 2205 3504 Ex
2250 3451 2314 3504 iis
2343 3451 2432 3519 qui
2472 3460 2595 3503 sunt
2620 3465 2684 3504 ex
2719 3449 2994 3505 orchestra
3021 3452 3161 3506 adsit
3189 3455 3403 3521 nullus;

1829 3544 1935 3598 illic
1978 3543 2119 3597 enim
2160 3552 2243 3596 est
2286 3552 2528 3611 sumptus
2568 3556 2992 3610 supervacaneus
3021 3554 3073 3597 et
3099 3544 3403 3602 indecorus.

1829 3639 1967 3691 Ante
1989 3637 2121 3689 alios
2143 3650 2331 3688 omnes
2352 3650 2481 3687 voca
2506 3633 2776 3687 Christum
2806 3652 2818 3687 :
2849 3635 2955 3688 scis
2982 3651 3078 3703 per
3101 3652 3256 3706 quem
3284 3655 3405 3693 eum

1829 3727 2064 3781 vocabis.
2099 3726 2198 3793 Qui
2233 3725 2441 3790 fecerit,
2470 3726 2659 3793 inquit,
2705 3724 2795 3777 uni
2854 3740 2918 3779 ex
2968 3727 3225 3789 minimis.
3277 3730 3407 3783 mihi

1832 3822 1955 3876 fecit
1989 3819 2199 3891 (Matth.
2223 3817 2313 3872 25.
2344 3818 2457 3889 45).
2488 3817 2565 3871 Ne
2601 3827 2756 3886 putes
2800 3833 2909 3871 rem
2941 3833 3059 3873 esse
3095 3835 3310 3889 gravem
3354 3833 3410 3876 et

1833 3915 2135 3975 molestam,
2182 3925 2445 3979 pauperes
2490 3924 2688 3963 vocare
2731 3918 2947 3977 propter
2971 3911 3242 3966 Christum
3275 3931 3286 3965 :
3322 3929 3410 3969 res

1833 4018 1916 4063 est
1954 4007 2129 4076 gravis
2178 4013 2233 4059 et
2271 4004 2495 4058 molesta
2538 4016 2730 4056 vocare
2771 3998 3098 4059 meretrices.
3145 4005 3409 4074 Paizperes

1833 4100 1976 4155 enim
2006 4111 2222 4159 vocare,
2250 4111 2314 4151 ea
2340 4110 2427 4150 res
2455 4102 2537 4149 est
2565 4094 2778 4148 occasio
2803 4094 3128 4161 divitiarum,
3165 4098 3292 4151 illud
3315 4114 3410 4151 au.

1835 4202 1940 4247 tem
1981 4190 2275 4244 eversionis
2324 4197 2379 4243 et
2415 4186 2587 4242 exitii.
2632 4187 2770 4241 Orna
2804 4201 3054 4254 Sponsam
3101 4202 3204 4241 non
3234 4190 3409 4243 aureis

1844 4281 2199 4345 ornamentis,
2231 4278 2325 4333 sed
2354 4276 2761 4332 mansuetudine
2788 4285 2843 4330 et
2872 4276 3072 4344 pudore
3100 4288 3153 4330 et
3184 4293 3411 4333 consue-

1836 4372 1905 4427 tis
1933 4371 2197 4434 vestibus;
2228 4384 2324 4439 pro
2349 4368 2537 4437 quovis
2568 4368 2765 4421 mundo
2792 4382 2954 4420 aureo
2980 4374 3035 4419 et
3065 4366 3411 4435 implicaturis

1835 4474 1890 4518 et
1938 4463 2219 4518 intexturis
2268 4460 2494 4513 iudueus
2545 4459 2802 4528 pudorem
2843 4467 2896 4510 et
2923 4458 3325 4524 verecundiam,
3358 4471 3413 4514 ct

1838 4555 1924 4609 illa
1957 4564 2006 4607 nt
2039 4568 2106 4607 ne
2140 4561 2363 4622 qumrat.
2390 4549 2579 4604 Nullus
2605 4550 2672 4601 sit
2704 4548 2984 4613 tumultus,
3026 4548 3167 4601 nulla
3198 4560 3411 4618 pertur-

1838 4646 1982 4700 batio
2011 4662 2024 4696 :
2059 4652 2281 4697 vocetur
2306 4655 2535 4711 sponsus
2555 4681 2568 4704 ,
2599 4639 2824 4707 accipiat
2868 4639 3148 4708 virginem.
3182 4640 3413 4696 Prandia

1839 4746 1894 4791 et
1921 4751 2087 4790 coma:
2111 4749 2216 4788 non
2243 4734 2349 4788 sint
2373 4733 2526 4802 plena
2555 4731 2829 4793 ebrietate,
2853 4730 2947 4785 sed
2978 4732 3234 4799 spirituali
3266 4734 3419 4787 volu-

1846 4836 2010 4897 ptate.
2044 4826 2323 4879 lnaumera
2353 4823 2495 4877 enim
2526 4822 2661 4875 bena
2693 4835 2757 4874 ex
2787 4821 2980 4876 talibus
3017 4822 3213 4891 nuptiis
3242 4839 3418 4879 emcr—

1843 4929 1989 4990 gent,
2017 4926 2072 4973 et
2094 4932 2213 4988 qua:
2242 4915 2308 4969 ad
2339 4915 2500 4969 vitam
2528 4914 2794 4984 pertinent
2824 4913 2876 4967 in
2905 4924 3016 4969 tuto
3041 4925 3217 4968 erunt.
3251 4915 3329 4971 Ex
3354 4918 3423 4972 iis

1842 5023 2019 5067 autem
2036 5026 2154 5081 quae
2182 5023 2324 5063 nunc
2348 5008 2480 5061 fiunt
2499 5008 2695 5076 nuptiis
2725 5006 2790 5076 (si
2818 5008 3013 5075 nuptiae
3037 5016 3091 5061 et
3112 5022 3218 5061 non
3243 5009 3420 5077 potius

1845 5119 2053 5175 pompa:
2078 5109 2202 5155 sunt
2232 5096 2515 5167 dicendaa),
2552 5097 2671 5151 vide
2702 5108 2831 5165 quot
2859 5097 3017 5150 mala.
3064 5097 3248 5152 Soluta
3280 5106 3420 5152 ‘sunt

1845 5193 2138 5257 cmnacnla,
2179 5200 2235 5246 et
2273 5189 2453 5244 statim
2482 5188 2700 5241 incessit
2720 5203 2847 5241 cura
2881 5197 2935 5240 et
2964 5199 3160 5250 metus,
3192 5204 3259 5242 ne
3291 5190 3417 5257 quid

1847 5286 2180 5343 interciderit
2212 5300 2279 5339 ex
2305 5284 2369 5336 iis
2393 5298 2509 5351 quzc
2535 5282 2871 5336 commudato
2899 5290 3115 5349 accepta
3147 5291 3299 5335 erant
3324 5323 3338 5348 ,
3368 5294 3421 5336 et

1845 5382 2170 5450 Voluptatem
2200 5376 2400 5447 excipit
2438 5372 2790 5427 intolerabilis
2818 5371 2980 5425 animi
3019 5370 3297 5440 aegritudo.
3350 5379 3419 5427 At

1847 5472 1936 5527 hic
1981 5485 2148 5540 angor
2190 5479 2247 5523 et
2292 5468 2409 5521 lucc
2457 5464 2703 5518 molestia
2744 5475 2825 5516 εει
2856 5461 3266 5530 procuratricis;
3312 5464 3424 5519 imo

1847 5580 1977 5621 vero
2013 5580 2078 5618 nc
2125 5564 2235 5631 ipsa
2285 5559 2495 5630 quidem
2545 5570 2740 5625 sponsa
2786 5563 2867 5607 est
2895 5553 2962 5605 ab
2990 5554 3072 5606 his
3112 5552 3277 5608 libera
3309 5571 3322 5606 :
3355 5571 3423 5610 eo

1849 5658 2063 5729 quidem
2114 5662 2262 5707 certe
2302 5667 2425 5711 qua:
2467 5645 2760 5703 succedunt
2808 5654 2990 5714 postea
3041 5658 3254 5713 sponsa:
3298 5654 3424 5700 stmt

1852 5749 2050 5806 omnia.
2082 5745 2278 5799 Videre
2327 5743 2468 5796 enim
2514 5736 2732 5794 dissolvi
2769 5736 2967 5800 omnia,
3015 5746 3098 5789 est
3144 5750 3427 5807 argnmeu.

2984 5821 3062 5886 25
