4032 6520
566 355 669 410 svi
1294 345 1348 400 s.
1382 341 1654 398 JOANNIS
1682 306 2163 396 cnnvsosroui
2198 338 2517 395 ARClllEP.
2559 338 3094 396 CONSTANTINOP.
3714 339 3810 394 εστι

569 480 682 524 tum
714 466 942 522 tristitiae
973 481 985 517 :
1019 462 1201 516 videre
1229 459 1445 515 domum
1483 458 1786 522 desertam,
1829 465 1911 511 est
1940 472 2139 511 muno-
2244 473 2382 522 mus,
2411 469 2468 512 ut
2498 458 2607 512 Deo
2637 459 2960 529 placeamus,
2993 467 3047 510 et
3081 455 3226 526 digni
3254 456 3550 513 habeamur
3580 461 3672 528 qui
3692 475 3810 511 eo“.

556 578 648 617 ,τις
688 557 919 614 occasio.
951 554 1061 608 lllie
1089 552 1353 615 Christus,
1395 551 1482 605 hic
1522 555 1773 613 satanas;
1803 548 1912 602 illic
1937 547 2138 612 lmtitia,
2245 563 2530 618 sequamur
2570 547 2708 602 bona
2749 563 2870 615 quia
2914 556 3040 601 sunt
3089 548 3350 616 promissa
3401 548 3469 601 iis
3511 550 3605 616 qui
3652 552 3808 618 ipsum

553 655 654 708 .bic
697 665 858 712 cura;
910 648 1016 700 illic
1069 645 1333 712 voluptas,
1368 643 1454 696 hic
1500 641 1689 702 dolor;
1719 640 1827 694 illic
1853 647 2134 708 sumptus,
2244 641 2492 710 diligunt,
2538 642 2708 710 gratia
2757 649 2811 695 et
2860 639 3191 709 benignitate
3233 639 3444 692 Domini
3487 643 3662 693 nostri
3698 641 3810 696 less

568 743 655 796 hic
701 739 832 794 nihil
862 736 1002 799 tale;
1033 735 1140 787 illic
1168 733 1420 802 probrum
1448 742 1502 785 et
1527 729 1792 790 dedecus,
1830 728 1916 781 hic
1959 727 2140 780 mode-
2242 731 2464 793 Christi,
2489 732 2576 786 cui
2605 746 2726 784 cum
2757 731 2917 785 Patre
2939 741 2993 784 et
3011 729 3216 798 Spiritu
3257 740 3445 782 sancto
3486 730 3682 798 gloria,
3719 732 3807 782 ini-

551 833 694 894 stia;
727 829 835 882 illic
862 825 1086 888 invidia,
1117 823 1209 878 hic
1248 822 1388 876 nulla
1432 820 1590 891 plane
1633 830 1716 874 est
1742 818 1937 873 invidia
1967 833 1983 880 ;
2033 817 2141 870 illic
2245 821 2472 890 perium,
2502 823 2695 889 honor,
2725 839 2866 879 nunc
2893 835 2946 878 et
2973 833 3206 894 scalper,
3245 833 3302 878 et
3331 823 3385 877 in
3417 823 3620 878 saecula
3648 838 3808 878 που.

571 924 824 985 ebrietas,
875 919 962 973 hic
1006 914 1425 982 sobrietas.;hic
1452 914 1618 974 salus.
1650 912 1737 966 hic
1764 909 2134 979 temperantia.
2243 913 2436 968 lorum.
2482 914 2671 966 Amen.

568 1015 690 1068 llaec
715 1021 891 1066 autent
929 1009 1105 1064 omnia
1132 1008 1447 1077 cogitantes,
1473 1005 1732 1058 hactenus
1762 1001 1959 1056 malum
1984 1000 2139 1055 sista-

577 1281 3786 1316 W

1193 1562 1573 1622 MONITUM
1621 1564 1728 1622 AD
1774 1560 2167 1622 HOMILIAS
2200 1561 2260 1622 S.
2294 1560 2626 1621 JOANNIS
2664 1561 3231 1624 CHRYSOSTOM!

620 1803 747 1858 “llas
778 1815 996 1870 quoque
1029 1797 1402 1870 Chrysostomi
1434 1798 1488 1851 in
1519 1797 1788 1868 Epistolas
1814 1797 1880 1851 ad
1911 1797 2428 1854 Thessalonicenses
2459 1799 2710 1854 homilias
2741 1799 3212 1871 Constanu'nopoli
3251 1802 3468 1858 habitas
3494 1805 3675 1861 fuisse
3705 1809 3806 1878 ipse

562 1943 918 2000 concionator
951 1939 1195 1995 insinuat
1226 1954 1352 1993 cum
1390 1937 1526 1992 dicit
1563 1938 1786 1992 homilia
1825 1947 2014 1992 octava
2050 1938 2104 1992 in
2139 1938 2373 2008 primam
2405 1939 2705 2009 Epistolam
2743 1940 2889 1994 circa
2931 1939 3095 1996 linem
3132 1959 3145 1996 :
3187 1943 3298 2015 Ego
3336 1955 3516 2002 autem
3561 1950 3807 2005 obnoxias

562 2109 679 2145 sum
709 2088 983 2144 reddenda:
1011 2086 1208 2140 rationi
1237 2085 1391 2154 hujus
1421 2084 1750 2154 pra’fecturaz
1767 2102 1786 2149 ;
1819 2085 1896 2138 ita
1926 2092 1982 2138 ut
2008 2101 2100 2155 ego
2130 2086 2364 2140 omnium
2389 2086 2619 2141 maxime
2643 2087 2866 2158 eﬂ'ugere
2893 2104 3170 2159 nequeam.
3201 2090 3435 2146 Homilia
3463 2108 3606 2148 vero
3629 2107 3806 2162 quarta

560 2237 631 2291 ad
663 2236 960 2292 secundam
984 2234 1052 2288 ad
1078 2233 1600 2289 Thessalonicenses
1624 2229 1922 2301 Epistolam
1951 2231 2188 2302 idipsum
2215 2233 2360 2288 clare
2383 2234 2634 2288 enuntiat
2654 2233 2738 2289 his
2765 2234 2953 2290 verbis
2980 2252 2993 2288 :
3019 2236 3304 2290 Adversum
3332 2253 3424 2291 nos
3456 2238 3708 2291 diabolus
3733 2257 3809 2290 ar-

539 2367 739 2438 imatur
767 2383 1113 2437 vehementius
1139 2397 1157 2435 :
1185 2382 1239 2434 in
1268 2379 1418 2435 bellis
1451 2379 1590 2433 enim
1622 2389 1744 2433 ante
1773 2378 1907 2433 alios
1939 2395 2117 2434 omnes
2137 2379 2262 2434 belli
2283 2380 2463 2433 ducem
2490 2387 2720 2434 sternere
2749 2388 2971 2433 certatur
2999 2380 3347 2433 adversarius.

627 2517 1362 2588 Constan-tinopolitauorum
1385 2531 1518 2587 ergo
1538 2517 1667 2571 vitia
1695 2515 1895 2584 passim
1923 2514 2261 2586 perstringit,
2287 2515 2342 2568 in
2367 2513 2596 2583 illosque
2621 2515 2854 2569 maxime
2882 2514 3177 2580 invehitur,
3201 2516 3294 2584 qui
3325 2516 3805 2585 incantationibus,

557 2651 908 2724 ligaminibus
927 2666 991 2706 ac
1019 2649 1347 2704 divinationi
1375 2664 1599 2719 operam
1629 2647 1852 2702 dabant.
1883 2647 2194 2702 Theatralia
2223 2647 2532 2716 spectacula
2561 2648 2884 2717 proscribit;
2919 2664 3022 2704 nec
3057 2650 3254 2722 injuria
3279 2663 3429 2707 certe
3459 2671 3472 2705 :
3504 2654 3636 2708 talia
3663 2657 3800 2709 enim

551 2791 957 2847 oblectamenta
981 2790 1038 2844 in
1059 2791 1363 2860 perniciem
1389 2800 1442 2844 et
1461 2791 1726 2860 juvenum
1747 2799 1802 2846 ct
1821 2790 2066 2844 virorum
2091 2805 2307 2861 semper
2329 2790 2562 2857 cedunt;
2587 2791 2822 2846 maxime
2845 2807 2976 2847 vero
3000 2790 3496 2863 Constantinopoli,
3523 2795 3627 2850 ubi
3653 2796 3801 2850 nulla:

551 2931 812 2986 mulieres
844 2930 901 2984 in
933 2945 1096 2985 scena
1125 2930 1537 3000 comparebant.
1569 2929 1740 2996 Quam
1772 2939 1980 3000 pestem
2013 2937 2071 2983 ut
2099 2941 2367 2995 amoveat,
2399 2931 2536 2984 nihil
2565 2946 2673 2986 non
2707 2931 2817 3001 agit
2843 2939 3065 2986 sanctus
3093 2934 3321 2987 antistes
3351 2932 3582 2987 homilia
3611 2936 3795 3003 quinta

543 3077 604 3123 et
636 3069 692 3124 in
726 3069 848 3124 aliis
873 3068 1040 3123 etiam
1064 3082 1186 3138 quas
1219 3067 1515 3137 praemissae
1543 3065 1698 3122 luere
1724 3064 2108 3120 concionibus.

617 3203 805 3276 Carpit
830 3206 997 3261 etiam
1027 3207 1169 3272 illos,
1203 3205 1298 3276 qui
1324 3205 1497 3260 nimio
1523 3204 1672 3259 luctu
1699 3203 1989 3258 defunctos
2015 3201 2526 3272 prosequebantur:
2551 3202 2674 3258 illos
2696 3217 2830 3257 vero
2854 3217 2979 3258 cum
2999 3201 3194 3273 primis
3217 3205 3311 3274 qui
3334 3209 3792 3263 resurrectionem

537 3343 753 3400 numam
785 3342 906 3400 fore
940 3343 1262 3401 credebant.
1295 3343 1446 3410 Quos
1478 3342 1609 3398 alibi
1641 3342 1829 3403 etiam.
1865 3340 2039 3397 sicubi
2067 3341 2285 3395 occasio
2313 3341 2541 3406 feratur,
2573 3341 2833 3410 exagitat.
2869 3342 3178 3400 Verisimile
3209 3359 3446 3417 namque
3475 3359 3563 3403 est
3598 3352 3788 3405 multos

2673 3728 3764 3773 Μ

1481 3927 1890 4016 SANCTI
1941 3933 2348 4020 PATRIS
2413 3938 2838 4022 NOSTRI

917 4097 1010 4236 J
1021 4093 1574 4243 OANN
1582 4101 1763 4247 IS
1859 4102 3325 4260 CHRYSOSTOMI
3367 4221 3411 4286 η

1363 4323 1960 4389 ΔΒΟΗΙΕΡΙΞΟΟΡΙ
2002 4328 2956 4412 CONSTANTINOPOLITANI,

758 4481 894 4552 fIN
966 4483 1572 4556 EPISTULAI‘I
1670 4487 2110 4560 PRIMAM
2209 4493 2358 4563 AD
2454 4498 3518 4575 THESSALONICENSES

1590 4628 2517 4724 COMMENTARIUS
2564 4633 2647 4712 (α)
2663 4706 2680 4724 .

1846 4791 2467 4849 θῦι-ὈΦ-ιέο-

520 5055 655 5110 (In.
691 5053 741 5107 1.
775 5068 826 5105 v.
858 5052 909 5106 1.
943 5051 1137 5105 Paulus
1167 5061 1212 5104 et
1234 5051 1474 5145 Silvanus
1494 5063 1540 5104 et
1567 5051 1854 5145 Timotheus
1875 5053 2112 5110 Ecclesia:
2291 5061 2512 5118 Domino
2533 5063 2656 5120 Jesu
2684 5067 2902 5122 Christo.
2933 5069 2985 5122 2.
3018 5069 3221 5123 Gratias
3240 5072 3433 5140 agimus
3457 5072 3565 5128 Deo
3591 5094 3768 5145 semper

606 5146 1129 5200 Thessmonicensium
1177 5145 1231 5197 in
1284 5144 1386 5198 Deo
1427 5145 1585 5197 Patre
1635 5156 1681 5199 et
1719 5143 1935 5199 Domino
1980 5146 2107 5202 Jesu
2286 5174 2376 5228 pro
2401 5157 2632 5212 omnibus
2655 5159 2809 5223 vobis,
2849 5163 3140 5213 memoriam
3161 5163 3308 5214 υεειιιε
3328 5167 3568 5232 faciam,
3589 5168 3641 5219 5,.
3662 5143 3763 5220 σία.

602 5240 822 5305 Christo,
862 5237 1025 5305 gratia
1062 5237 1197 5291 vobis
1224 5246 1270 5292 et
1297 5253 1398 5306 pax
1434 5254 1465 5290 α
1519 5235 1624 5290 Deo
1675 5235 1828 5290 Putre
1863 5249 2030 5292 nostro
2059 5249 2108 5293 et

2282 5250 2499 5303 tionibus
2527 5252 2728 5312 nostris,
2755 5251 2808 5304 3.
2837 5253 2946 5304 sine
2964 5252 3327 5305 intermissione
3348 5270 3593 5308 memores
3620 5259 3764 5325 operis

2283 5343 2403 5412 fidei
2437 5354 2613 5397 vestrm
2640 5385 2652 5406 ,
2696 5353 2741 5396 et
2768 5343 2953 5398 laboris
2979 5346 3202 5397 caritatis
3221 5387 3236 5408 ,
3278 5356 3324 5398 et
3350 5349 3659 5401 sustinentia-
3674 5351 3766 5416 spei

904 5411 998 5456 iliaa
1020 5410 1204 5456 collatae
1227 5411 1370 5456 fuere
1395 5425 1502 5456 cum
1529 5409 1990 5456 tribusColbertinis
2014 5410 2102 5456 Co-
2289 5433 2486 5456 n-“__-.__.
2527 5437 2679 5456 __--.,,_-
2730 5434 2819 5456 in,
2890 5437 3071 5456 .-.,___-_.g
3299 5435 3393 5456 πη
3502 5450 3536 5456 κ-
3584 5437 3621 5456 n
3659 5450 3672 5456 -
3714 5452 3754 5456 ,_

586 5416 660 5476 (α)
678 5412 766 5463 Ha:
791 5411 998 5462 homilias
1020 5410 1204 5462 collatae
1227 5411 1370 5460 fuere
1395 5425 1502 5460 cum
1529 5411 1687 5460 tribus
1699 5409 1990 5462 Colbertinis
2014 5410 2102 5462 Co-

512 5476 725 5537 dicibus,
752 5477 799 5523 in
815 5477 992 5537 quibus
1002 5477 1235 5537 omnibus
1256 5476 1445 5537 initium
1458 5473 1702 5537 rdeesgln
1724 5471 1913 5520 duobus
1934 5481 2100 5522 autem

2278 5433 2486 5487 Domini
2523 5437 2679 5489 nostri
2714 5434 2838 5489 Jesu
2888 5437 3092 5503 Christi,
3139 5445 3251 5490 ante
3289 5435 3450 5490 Deum
3486 5450 3536 5490 et
3575 5437 3761 5490 Patrem

512 5536 630 5586 ﬁnis
649 5533 972 5588 desideratur.
1000 5535 1144 5596 Initio
1164 5537 1394 5584 memoria
1408 5535 1580 5582 labitur
1591 5533 1970 5596 Chrysostomus,
1989 5547 2098 5584 cum
2280 5537 2523 5579 nostrum.

518 5599 652 5656 dicit,
673 5602 737 5647 ad
762 5597 912 5659 Ephes
927 5596 986 5648 ξω
1019 5595 1232 5646 scribens
1263 5609 1397 5645 :uon
1432 5598 1560 5644 enim
1605 5607 1664 5642 ea
1705 5607 1814 5656 qua:
1851 5595 2098 5658 subjungit

509 5659 745 5721 ‘Epttesiis
767 5661 911 5711 scribi
949 5659 1066 5718 ,sed
1083 5658 1493 5722 Philippeusibus,
1515 5664 1568 5706 ut
1600 5655 1781 5706 ibidem
1803 5657 1854 5706 in
1877 5657 2096 5720 margine

2277 5619 2329 5671 1.
2361 5618 2654 5684 Quamnam
2685 5616 2754 5672 ob
2781 5632 2994 5672 causam
3023 5618 3088 5672 ad
3120 5617 3382 5687 Ephesios
3409 5618 3621 5687 quidem
3644 5617 3759 5672 seri-

511 5709 736 5774 .uiitatur.
801 5709 812 5711 “
898 5709 910 5711 ἡ
950 5709 959 5718 ’
1211 5709 1258 5722 ’⁵
1478 5709 1490 5720 ’
1979 5709 2007 5720 “’
2204 5711 2353 5776 bens,
2387 5719 2439 5765 et
2468 5724 2646 5765 secum
2671 5709 2875 5766 habens
2907 5709 3281 5778 Timotheum,
3309 5725 3430 5765 eum
3458 5724 3635 5764 secum
3664 5722 3756 5763 ιιω
