4032 6572
256 535 367 592 595

257 642 675 715 eonjunttit,etsi
698 640 776 695 eis
798 648 942 694 esset
968 645 1123 692 notus
1151 645 1199 691 et
1229 636 1515 690 haberetur
1535 635 1586 688 in
1611 629 1843 687 admira-

160 761 169 772 ”
259 733 411 793 tione
451 739 468 807 (
499 734 916 804 Experimentum
953 731 1094 785 enim
1122 731 1231 800 ejus
1267 728 1598 799 cognoscitis,
1633 723 1844 793 inquit,

257 832 400 901 quod
422 834 550 884 sicut
574 828 708 894 patri
736 825 874 894 filius
904 839 1096 876 mecum
1126 821 1325 875 servivit
1354 836 1371 883 ,'
1410 830 1465 874 et
1503 833 1708 878 rursus,
1738 813 1845 868 Ne-

260 927 453 977 minem
515 922 671 974 habeo
737 929 842 970 tam
901 915 1224 974 unanimem,
1303 914 1408 980 qui
1446 912 1639 962 sincera
1703 907 1846 974 affe—

258 1012 431 1063 ctione
484 1023 575 1076 pro
613 1001 750 1058 vobis
789 1002 851 1054 sit
901 999 1148 1052 sollicitus
1187 995 1444 1068 [Philipp
1471 994 1526 1046 2.
1554 994 1643 1047 9.2.
1677 991 1844 1064 20]);

260 1103 355 1157 hic
437 1112 613 1154 autem
688 1111 809 1151 eum
885 1092 984 1147 sibi
1047 1087 1368 1157 conjungit?
1441 1087 1563 1140 Mihi
1642 1085 1850 1138 videtur

257 1193 420 1265 quod
459 1192 635 1246 statim
693 1204 814 1242 eum
864 1193 1007 1240 esset
1069 1181 1366 1245 missurus,
1429 1191 1481 1234 et
1534 1193 1850 1248 supervaca-

261 1300 431 1339 neum
473 1291 616 1336 esset
655 1289 712 1334 ut
778 1279 822 1330 is
896 1274 1156 1329 scriberet
1201 1274 1288 1342 qui
1340 1287 1462 1324 mox
1505 1271 1684 1324 literas
1737 1279 1852 1323 erat

262 1386 634 1444 excepturus:
691 1371 820 1425 dicit
871 1369 1013 1422 enim
1039 1411 1053 1434 ,
1089 1366 1238 1420 Hunc
1275 1383 1422 1433 spero
1459 1365 1652 1417 mittere
1679 1363 1747 1416 ad
1768 1377 1852 1416 vos

266 1468 508 1536 proxime
551 1462 656 1534 (Ib.
685 1479 733 1516 υ.
759 1461 830 1514 25
868 1461 902 1530 ).
966 1459 1060 1512 llic
1103 1468 1279 1511 autem
1312 1471 1416 1509 non
1450 1457 1552 1517 ita;
1601 1455 1694 1508 sed
1739 1464 1852 1507 erat

267 1572 568 1623 reversus,
610 1553 958 1626 quamobrem
986 1552 1176 1604 merito
1215 1548 1518 1603 scribebat:
1562 1563 1684 1600 nam
1727 1545 1853 1600 Cum

264 1666 437 1716 nuper
467 1686 483 1711 ,
544 1646 756 1713 inquit,
797 1644 864 1695 ad
901 1659 992 1694 nos
1029 1641 1260 1694 venisset'
1307 1638 1594 1692 Timotheus
1640 1654 1671 1689 a
1719 1638 1855 1692 vobis

265 1727 355 1810 (i.
387 1739 566 1792 Thess.
596 1737 646 1791 5.
684 1736 763 1804 6).
795 1734 902 1788 Cur
943 1745 1120 1786 autem
1159 1733 1204 1784 ei
1247 1729 1508 1801 praeponit
1544 1729 1854 1793 Silvanum,

264 1829 485 1885 etiamsi
510 1844 604 1882 suo
625 1825 927 1880 testimonio
947 1823 1349 1878 innumerabilia
1370 1821 1466 1890 ipsi
1484 1822 1617 1875 bona
1639 1821 1852 1885 tribuat,

269 1935 330 1976 et
360 1920 607 1973 omnibus
637 1933 757 1971 eum
786 1916 1095 1986 praeponat?
1142 1913 1302 1968 Forte
1328 1913 1539 1982 quidem
1573 1913 1713 1980 quod
1743 1914 1856 1981 ipse

267 2013 351 2065 ob
377 2025 621 2078 magnam
654 2009 1004 2062 humilitatem
1030 2007 1131 2060 hoc
1159 2007 1320 2058 vellet
1349 2015 1403 2058 et
1441 2015 1668 2074 rogaret.
1723 2003 1854 2057 Nam

266 2121 400 2160 cum
432 2104 642 2157 videret
672 2101 983 2170 magistrum
1015 2100 1148 2153 adeo
1171 2114 1231 2153 se
1259 2099 1533 2152 humiliter
1554 2114 1756 2166 gerere,
1801 2109 1859 2152 ut

265 2212 461 2250 secum
492 2193 840 2262 conjungeret
862 2191 1176 2259 discipulum
1203 2205 1217 2252 ;
1250 2190 1604 2256 multomagis
1625 2187 1724 2241 hoc
1748 2189 1859 2255 ipse

267 2279 628 2354 quaesieritet
646 2282 1003 2337 contenderit.
1037 2279 1234 2334 Paulus
1264 2280 1429 2342 enim,
1465 2277 1652 2348 inquit.
1683 2278 1858 2331 etSit-

267 2396 458 2440 mnus,
487 2388 533 2430 et
559 2375 849 2429 Timotheus
882 2372 1118 2426 Ecclesia
1138 2371 1675 2424 Thessalonicensium.
1704 2370 1776 2423 De
1803 2385 1862 2423 se

269 2471 366 2524 hic
397 2469 531 2524 nihil
561 2469 729 2538 ponit,
762 2482 865 2520 non
897 2464 1169 2534 apostolus
1193 2504 1207 2528 ,
1250 2477 1353 2516 non
1386 2476 1592 2515 servus.
1639 2460 1764 2514 Mihi
1787 2460 1863 2513 vi-

264 2563 439 2616 detur
463 2576 567 2613 non
598 2573 794 2626 ponere
832 2557 1171 2626 dignitatem,
1217 2565 1493 2623 pmpterea
1533 2552 1673 2622 quod
1721 2552 1755 2606 ii
1780 2569 1856 2607 es-

265 2661 402 2707 seut
454 2649 721 2705 catecltesi
763 2662 953 2702 recens
997 2646 1224 2710 imbuti,
1274 2657 1325 2699 et
1355 2644 1588 2698 nondum
1627 2645 1862 2712 accepis-

267 2753 404 2799 sent
437 2742 608 2811 ipsius
639 2740 1023 2808 experientiam
1051 2756 1064 2792 :
1108 2738 1342 2807 alioquin
1366 2737 1524 2792 etiam
1556 2737 1730 2791 adhuc
1757 2737 1862 2791 ini-

270 2837 413 2890 tium
448 2831 844 2903 praedicationis
871 2829 1008 2897 apud
1036 2829 1179 2898 ipsos
1203 2838 1336 2904 erat.
1373 2829 1632 2892 Ecclesiw,
1666 2828 1859 2898 iuqttit,

271 2922 828 2980 Thessalonicensium.
848 2921 1093 2977 Pulchre.
1110 2920 1241 2988 Quia
1263 2921 1402 2974 enim
1425 2920 1721 2976 verisimile
1747 2929 1865 2974 erat

269 3015 406 3076 illos
428 3035 551 3074 esse
578 3033 775 3088 paucos
799 3057 815 3084 ,
870 3027 925 3071 et
977 3017 1210 3069 nondum
1239 3016 1555 3080 consistere,
1586 3024 1864 3086 propterea

272 3131 381 3168 eos
407 3111 716 3166 consolatur
735 3124 828 3178 per
849 3123 1042 3162 nomen
1068 3103 1320 3161 Ecclesia:
1345 3123 1360 3160 :
1388 3121 1508 3160 nam
1535 3107 1618 3160 ubi
1643 3107 1863 3161 multmn

280 3214 502 3272 tempus
533 3203 886 3272 prieterierat,
927 3207 983 3252 et
1011 3213 1231 3267 magnus
1255 3206 1368 3260 erat
1399 3207 1569 3253 cmtus
1591 3198 1864 3262 Ecclesiae,

281 3297 398 3351 hoc
447 3298 548 3348 non
579 3293 748 3364 ponit.
771 3291 1029 3360 Quoniam
1063 3298 1238 3345 autem
1281 3285 1472 3345 nomen
1513 3291 1868 3347 multitudinis

276 3398 346 3444 ut
373 3373 659 3459 plurimum
688 3400 881 3440 nomen
911 3383 1183 3448 Ecclesiai,
1224 3393 1278 3438 et
1317 3393 1488 3438 coetus
1526 3369 1636 3452 jam
1656 3384 1867 3438 collecti

278 3493 344 3538 et
383 3479 752 3543 consistentis,
804 3477 923 3530 ideo
951 3490 1044 3528 eos
1065 3475 1141 3529 sic
1169 3484 1344 3528 vocat.
1375 3472 1440 3527 In
1470 3472 1578 3528 Deo
1602 3514 1616 3538 ,
1658 3475 1865 3542 inquit,

278 3573 447 3626 Patre
466 3581 512 3623 et
535 3566 757 3622 Domino
780 3565 814 3619 J
820 3581 906 3619 esu
929 3565 1148 3619 Christo.
1169 3564 1447 3628 Ecclesia,
1479 3565 1667 3633 inquit,
1695 3563 1865 3618 Thes—

277 3659 705 3717 salonicensium
755 3673 876 3726 qua:
904 3664 986 3710 est
1012 3656 1062 3709 in
1089 3655 1216 3710 Deo.
1247 3656 1382 3710 Ecce
1410 3669 1592 3708 rursus
1622 3653 1768 3717 illud,
1801 3654 1869 3708 In

281 3752 435 3818 Deo,
473 3750 668 3803 dictum
696 3757 779 3802 est
808 3749 860 3801 in
890 3746 1048 3800 Patre
1075 3755 1129 3800 et
1159 3747 1212 3799 in
1240 3745 1395 3800 Filio.
1421 3744 1553 3800 Illud
1580 3757 1778 3808 autent,
1801 3745 1868 3799 1n

281 3841 408 3897 Deo
429 3881 443 3903 ,
472 3838 636 3903 dicit,
672 3839 792 3909 quia
821 3837 1004 3890 multa:
1034 3846 1188 3890 erant
1214 3835 1456 3890 ecclesia:
1479 3844 1532 3890 et
1553 3836 1788 3891 Judaica:
1814 3845 1868 3890 et

283 3932 520 3988 Giarcaz.
575 3930 752 4001 Magna
783 3939 863 3984 est
891 3927 1144 3998 dignitas,
1177 3935 1232 3982 et
1258 3927 1340 3982 cui
1373 3928 1503 3982 nihil
1533 3937 1614 3983 est
1638 3931 1864 3998 atquale.

278 4029 334 4082 si
361 4031 446 4080 est
477 4025 526 4076 in
555 4025 677 4076 Deo.
711 4023 865 4077 Faxit
882 4037 1009 4090 ergo
1031 4022 1170 4075 Deus
1192 4030 1247 4074 ut
1270 4019 1383 4074 lucc
1405 4035 1613 4090 quoque
1631 4020 1867 4075 Ecclesia

278 4121 369 4173 sic
399 4127 621 4171 vocetur
646 4133 658 4169 :
687 4130 880 4170 vereor
907 4122 1085 4167 autem
1112 4128 1178 4167 ne
1199 4112 1354 4181 longe
1381 4113 1447 4164 sit
1472 4113 1538 4164 ab
1567 4112 1664 4167 hac
1685 4116 1870 4181 appel-

279 4212 511 4268 latione.
539 4207 671 4264 Nam
704 4209 748 4260 si
775 4207 892 4277 quis
930 4195 1013 4261 est
1049 4219 1232 4260 servus
1263 4205 1460 4273 peccati
1491 4244 1507 4271 ,
1561 4222 1665 4259 non
1694 4215 1871 4274 potest

281 4307 392 4360 dici
425 4306 476 4359 in
508 4303 636 4357 Deo.
671 4299 850 4355 Gratia
901 4299 1036 4353 vobis
1075 4308 1121 4352 et
1163 4314 1282 4367 pax.
1343 4296 1526 4350 Vidisti
1555 4299 1868 4365 prooemium

286 4397 552 4468 Epistula:
581 4393 760 4447 statim
793 4405 912 4446 esse
941 4408 970 4446 a
1001 4390 1278 4444 laudibus?
1305 4387 1507 4442 Gratias
1536 4391 1731 4458 agimus
1763 4390 1871 4443 Deo

286 4505 496 4559 semper
543 4501 634 4556 pro
673 4484 907 4538 omnibus
936 4481 1094 4546 vobis,
1143 4482 1433 4534 memoriam
1459 4482 1608 4533 vestri
1634 4483 1872 4551 facientes

285 4588 344 4636 in
373 4579 691 4635 orationibus
739 4576 942 4630 nostris.
969 4574 1100 4629 Nam
1130 4591 1225 4644 pro
1260 4574 1387 4642 ipsis
1428 4572 1536 4626 Deo
1573 4588 1728 4641 agere
1754 4589 1873 4640 gra-

287 4678 418 4737 tias,
462 4681 545 4727 est
573 4670 689 4742 eius
709 4670 798 4739 qui
825 4683 923 4721 suo
954 4665 1258 4721 testimonio
1288 4665 1417 4734 ipsis
1443 4664 1669 4718 multum
1695 4665 1875 4719 tribuit

291 4767 595 4838 profectum
622 4806 637 4830 ,
685 4759 900 4832 quando
931 4777 1034 4814 non
1064 4759 1232 4814 solum
1275 4759 1375 4826 ipsi
1409 4757 1723 4825 laudantur,
1779 4758 1873 4814 sed

287 4860 409 4915 Deo
430 4870 646 4926 quoque
677 4862 903 4923 aguntur
930 4851 1134 4920 gratim,
1189 4849 1358 4918 utqui
1391 4848 1505 4917 ipse
1530 4850 1706 4904 omnia
1747 4864 1875 4918 ope-

287 4963 466 5007 retur.
501 4949 668 5002 Docet
695 4959 790 5000 eos
816 4958 1025 5012 quoque
1070 4956 1128 4996 se
1159 4939 1400 4994 modeste
1437 4953 1644 5009 gerere,
1685 4953 1877 5010 prope-

288 5041 518 5097 modum
565 5036 750 5091 dicens
791 5035 1100 5089 universum
1143 5046 1262 5086 esse
1303 5032 1391 5086 Dei
1423 5031 1650 5085 virtutis.
1703 5033 1878 5101 Atque

292 5129 506 5202 gratias
543 5126 758 5198 quidem
797 5139 956 5194 agere
981 5165 994 5187 ,
1026 5130 1108 5178 est
1142 5132 1355 5194 propter
1391 5133 1534 5177 recte
1561 5123 1730 5188 facta;
1762 5138 1878 5177 me-

293 5222 526 5278 minisse
551 5229 730 5273 autem
756 5218 807 5272 in
830 5215 1184 5281 orationibus,
1211 5223 1294 5269 est
1320 5231 1428 5269 sum
1469 5215 1522 5269 in
1565 5215 1708 5285 ipsos
1747 5214 1879 5270 dile-

291 5314 524 5370 ctionis.
553 5311 772 5371 Deinde,
801 5309 943 5379 quod
972 5309 1152 5363 multis
1173 5309 1224 5362 in
1254 5308 1383 5361 locis
1405 5308 1548 5374 facit,
1578 5317 1636 5362 ut
1663 5323 1766 5362 non
1789 5324 1878 5362 so-

290 5411 410 5464 lum
466 5405 770 5462 meminerit
824 5404 875 5458 in
922 5402 1287 5467 orationibus,
1340 5400 1435 5454 sed
1484 5402 1641 5455 etiam
1681 5401 1880 5470 absque

287 5501 636 5558 orationibus
661 5517 676 5566 ;
709 5499 834 5554 Sine
862 5497 1249 5561 intermissione,
1276 5495 1466 5565 inquit,
1492 5513 1733 5549 memores
1761 5513 1883 5561 ope-

292 5595 372 5646 ris
400 5592 520 5657 fidei
551 5600 748 5650 vestrm,
799 5597 844 5642 et
875 5587 1062 5642 laboris
1090 5587 1336 5648 caritatis,
1379 5595 1423 5639 et
1444 5586 1752 5639 sustinentia:
1775 5586 1883 5654 spei

298 5683 516 5738 Domini
541 5682 700 5735 nostri
721 5679 847 5732 Jesu
868 5677 1071 5740 Christi,
1103 5686 1218 5729 ante
1253 5676 1416 5729 Deum
1456 5687 1501 5730 et
1546 5675 1748 5729 Patrem
1786 5693 1882 5729 no-

298 5787 490 5830 strum.
512 5772 651 5839 Quid
675 5781 757 5826 est
784 5769 932 5834 illud,
958 5769 1082 5824 Sine
1100 5769 1462 5822 intermissione
1480 5785 1720 5822 memores
1743 5767 1884 5823 ?Vel

294 5881 578 5924 memores
602 5875 728 5919 ante
753 5864 918 5918 Deum
943 5871 999 5918 et
1026 5862 1234 5916 Patrem
1261 5877 1275 5925 ;
1307 5861 1387 5914 vel
1426 5861 1620 5916 laboris
1647 5861 1882 5916 caritatis

299 5974 581 6017 memores
628 5967 751 6014 ante
779 5957 940 6012 Deum
964 5965 1018 6012 et.
1042 5956 1251 6010 Patrem
1279 5964 1541 6010 nostrum.
1571 5954 1685 6011 Non
1712 5955 1881 6011 solum

1116 521 1182 578 IN
1227 517 1439 576 EPIST.
1485 519 1501 574 1
1571 515 1661 574 AD
1701 505 2032 570 TllESSAL.
2072 508 2225 565 CAP.
2267 508 2310 562 Ι.
2351 503 2577 562 HOMIL.
2619 501 2660 558 ι.
2971 512 3008 535 ⁵

1949 633 2128 678 autem
2157 621 2309 685 dixit,
2343 621 2467 675 Sine
2494 617 2862 672 intermissione
2887 631 3148 682 memores,
3179 614 3272 671 sed
3299 616 3526 686 addidit,

1962 715 2143 770 Vestri.
2178 712 2413 774 Deinde,
2455 727 2523 765 ne
2567 719 2722 780 putes
2768 708 2918 772 illud,
2953 707 3116 762 Vestri
3145 749 3159 772 ,
3209 711 3325 764 sine
3365 725 3526 765 causa

1952 807 2078 869 dici,
2111 805 2404 873 subjunxit,
2434 804 2563 855 Ante
2589 801 2753 854 Deum
2784 811 2830 854 et
2860 801 3067 854 Patrem
3106 811 3352 857 nostrum.
3399 802 3531 870 Quia

1954 901 2098 956 enim
2131 900 2308 954 nullus
2336 897 2609 950 hominum
2652 893 2898 947 laudabat
2926 909 3044 962 qua:
3083 894 3279 948 ﬁebant
3306 936 3319 958 ,
3373 911 3533 950 nemo

1955 991 2215 1046 reddebat
2246 986 2569 1050 mercedem,
2600 986 2701 1038 hoe
2728 987 2886 1039 etiam
2916 983 3063 1039 addit
3093 1003 3105 1037 :
3137 1002 3200 1040 ac
3231 987 3276 1040 si
3307 987 3532 1052 diceret,

1956 1083 2254 1138 Coulidite:
2297 1095 2478 1138 coram
2504 1080 2611 1132 Deo
2641 1077 2915 1131 laboratis.
2949 1077 3086 1142 Quid
3113 1088 3215 1144 est,
3259 1077 3439 1149 Opet'is
3468 1081 3535 1147 ﬁ-

1957 1177 2083 1230 dei?
2137 1175 2434 1229 Iustitutnm
2463 1184 2696 1227 vestrum
2729 1179 2782 1223 et
2809 1169 3112 1223 instantiam
3153 1186 3311 1225 nemo
3338 1172 3486 1226 ﬂexit
3522 1191 3534 1226 :

1959 1267 2061 1323 hoc
2087 1279 2169 1322 est
2193 1267 2332 1322 enim
2363 1281 2496 1334 Opus
2529 1265 2669 1319 lidei.
2711 1263 2765 1318 Si
2793 1263 2990 1328 credis,
3030 1264 3207 1318 omnia
3237 1274 3418 1334 patere
3451 1285 3463 1321 :
3493 1268 3538 1320 si

1959 1372 2134 1416 autem
2183 1376 2286 1415 non
2337 1360 2568 1428 pateris,
2630 1375 2733 1411 non
2782 1356 2975 1414 credis.
3031 1358 3385 1412 Annonenim
3415 1373 3539 1414 sunt

1959 1450 2221 1521 ejusmodi
2271 1467 2388 1521 quae
2435 1458 2561 1504 sunt
2600 1447 2881 1519 promissa,
2933 1457 2993 1502 ut
3041 1449 3122 1502 vel
3164 1448 3307 1505 mille
3340 1461 3540 1506 mortes

1961 1543 2070 1611 pati
2101 1543 2367 1598 electurus
2392 1544 2461 1596 sit
2489 1543 2576 1612 qui
2601 1525 2808 1598 credit?
2836 1542 3160 1612 Proponitur
3189 1559 3408 1612 regnum
3432 1559 3539 1598 caa-

1961 1634 2134 1688 lorum
2177 1642 2232 1689 et
2280 1635 2649 1688 immortalitas
2674 1644 2728 1688 et
2757 1637 2868 1687 vita
2888 1643 3108 1687 aeterna.
3141 1633 3239 1702 Qui
3271 1652 3398 1705 ergo
3418 1651 3540 1690 creo

1962 1725 2058 1790 dit,
2088 1725 2265 1778 omnia
2296 1726 2544 1793 patietur.
2571 1724 2712 1793 Ergo
2742 1723 2874 1778 fides
2905 1738 3000 1792 per
3027 1740 3187 1794 opera
3219 1727 3536 1781 ostenditur.

1961 1809 2148 1871 Merito
2176 1817 2332 1885 igitur
2356 1815 2510 1880 dixit,
2545 1817 2675 1869 Eam
2705 1832 2809 1869 non
2841 1825 3146 1885 utcumque.
3183 1817 3275 1871 sed
3299 1835 3394 1888 per
3412 1835 3539 1890 ope-

1963 1907 2020 1962 ra
2045 1907 2331 1972 ostendite,
2383 1922 2478 1974 per
2519 1907 2844 1971 instantiam,
2876 1922 2973 1976 per
2997 1907 3161 1961 animi
3187 1908 3534 1963 alacritatem.

1965 1995 2031 2053 Et
2055 1999 2240 2053 laboris
2269 2000 2514 2051 caritatis.
2545 1999 2796 2066 Quisnam
2825 2008 2908 2053 est
2934 2000 3084 2054 labor
3105 2011 3390 2072 utcumque
3418 2003 3540 2056 dili-

1963 2092 2126 2162 gere?
2165 2090 2354 2144 Nullus
2392 2090 2542 2145 labor
2573 2106 2586 2141 :
2630 2107 2881 2159 germane
2908 2099 3083 2144 autem
3112 2103 3165 2147 et
3185 2094 3389 2148 sincere
3416 2095 3541 2149 dili-

1964 2201 2090 2254 gere
2113 2225 2125 2246 ,
2175 2183 2371 2237 multus
2412 2194 2495 2238 est
2553 2185 2722 2237 labor.
2762 2185 2986 2251 Quando
3010 2186 3173 2252 enim,
3207 2187 3315 2242 die.
3338 2190 3539 2257 qua-'50,

1966 2285 2251 2331 moventur
2278 2275 2684 2330 innumerabilia
2728 2292 2847 2345 qua:
2888 2291 2984 2330 nos
3021 2277 3198 2331 volunt
3227 2277 3488 2334 abducere
3513 2299 3541 2333 a

1967 2371 2187 2452 caritate
2212 2411 2226 2435 ,
2263 2384 2358 2423 nos
2387 2378 2562 2423 autem
2591 2369 2836 2423 onmibns
2884 2369 3200 2450 resistimus,
3256 2387 3432 2425 annon
3461 2385 3546 2428 est

1969 2464 2163 2517 labor?
2191 2461 2326 2529 Quid
2359 2463 2501 2516 enim
2545 2479 2648 2514 non
2676 2463 2815 2530 passi
2841 2473 2964 2516 sunt
2991 2464 3111 2530 isti,
3165 2472 3222 2518 ut
3257 2480 3287 2518 a
3327 2467 3546 2524 caritate

1970 2572 2073 2608 non
2101 2554 2438 2609 discederent
2462 2555 2484 2608 ?
2511 2571 2690 2609 nonne
2717 2555 2780 2608 ad
2812 2556 2958 2609 Pauli
2999 2556 3263 2625 lioSpitem
3281 2572 3548 2616 venerunt

1969 2649 2108 2721 (Act.
2132 2649 2218 2703 l7.
2252 2649 2331 2718 5),
2359 2648 2448 2718 qui
2471 2647 2670 2703 bellum
2701 2650 2956 2716 gerebant
2984 2667 3103 2704 cum
3128 2654 3542 2722 praedicatione;

1968 2749 2025 2796 et
2051 2757 2170 2795 cum
2202 2756 2322 2795 eum
2349 2756 2456 2795 non
2490 2741 2851 2804 invenissent,
2901 2741 3074 2811 ipsum
3106 2743 3346 2800 Iasonem
3372 2745 3547 2801 trahe-

1972 2835 2100 2889 bant
2124 2834 2188 2888 ad
2219 2836 2558 2905 magistratus
2587 2823 2855 2889 civitatis?
2908 2835 3072 2891 llicne
3094 2839 3322 2910 est,dic.,
3342 2856 3544 2909 qureso,

1971 2942 2167 2996 parvus
2195 2925 2368 2990 labor,
2421 2941 2540 2980 cum
2586 2926 2791 2981 semina
2823 2928 3059 2982 nondum
3105 2931 3544 2993 concrevissent,

1973 3027 2171 3073 tantam
2224 3019 2362 3075 ferre
2394 3028 2766 3088 tempestatem
2791 3061 2806 3085 ,
2857 3029 3030 3074 tantas
3078 3023 3450 3078 tentationes?
3481 3023 3547 3078 Et

1971 3111 2252 3164 cautionem
2277 3110 2338 3163 ab
2364 3126 2421 3164 eo
2443 3119 2709 3179 exegerunt
2739 3108 2897 3180 (Ibid.
2930 3128 2974 3164 v.
3009 3112 3092 3180 9).
3145 3113 3256 3181 Qua
3289 3113 3432 3181 data,
3465 3115 3546 3168 itt-

1972 3204 2105 3272 quit,
2136 3201 2316 3258 emisit
2335 3201 2580 3256 Paulum.
2616 3201 2779 3255 Estne
2811 3201 2910 3256 hoc
2937 3218 3181 3270 parvum,
3210 3203 3549 3274 dic,quaeso?

1972 3311 2152 3349 nonne
2173 3295 2402 3364 seipsum
2429 3309 2523 3364 pro
2551 3293 2642 3347 illo
2670 3293 2891 3363 subjecit
2919 3292 3196 3362 periculo?
3225 3293 3374 3349 lluiic
3399 3296 3548 3349 labo-

1973 3401 2087 3440 rem
2117 3385 2245 3439 dicit
2269 3385 2528 3449 caritatis,
2559 3385 2810 3454 quoniam
2837 3382 2914 3437 sic
2944 3371 3162 3438 fuerunt
3193 3385 3414 3455 alligati.

2042 3476 2097 3529 2.
2131 3475 2261 3530 Vide
2287 3484 2466 3529 autem
2491 3493 2502 3528 :
2527 3473 2760 3542 primum
2788 3473 2916 3527 dicit
2937 3490 3054 3543 qua:
3083 3473 3159 3527 illi
3193 3487 3337 3529 recte
3363 3491 3548 3545 gesse-

1974 3575 2120 3629 runt,
2144 3565 2335 3620 deinde
2356 3581 2474 3634 quae
2515 3565 2652 3635 ipse,
2688 3580 2754 3618 ne
2779 3565 3054 3619 videretur
3083 3565 3148 3619 de
3179 3581 3235 3618 se
3267 3567 3406 3634 loqui
3441 3585 3550 3621 ma-
3630 3593 3636 3599 ο

1972 3658 2183 3728 gnilice,
2213 3673 2382 3726 neque
2395 3673 2487 3710 eos
2505 3657 2843 3726 auticipaudo
2863 3657 3104 3726 diligere.
3132 3657 3196 3710 Et
3216 3661 3545 3726 sustinentiw,

1974 3750 2180 3818 inquit,
2235 3748 2283 3802 id
2313 3757 2416 3811 est,
2449 3748 2768 3801 tolerantize.
2798 3747 2978 3818 Neque
3001 3749 3141 3802 enim
3176 3767 3280 3803 uno
3310 3761 3549 3820 tempore

1976 3840 2073 3892 fuit
2121 3839 2207 3892 illa
2256 3839 2619 3908 persequutio,
2674 3839 2769 3892 sed
2823 3849 3128 3908 perpetuo:
3179 3858 3350 3911 neque
3380 3843 3550 3898 solum

1977 3932 2174 3987 bellum
2205 3931 2464 4002 gerebant
2487 3947 2604 3986 cum
2634 3931 2798 3986 Paulo
2826 3933 3099 4002 magistro,
3129 3935 3221 3990 sed
3250 3936 3408 3990 etiam
3429 3952 3549 3991 cum

1976 4025 2272 4093 discipulis.
2304 4023 2359 4077 Si
2385 4024 2529 4078 enim
2555 4024 2624 4076 ita
2649 4033 2801 4078 erant
2831 4024 3001 4079 affecti
3032 4026 3081 4079 in
3111 4043 3204 4080 eos
3259 4029 3345 4098 qui
3389 4031 3551 4083 facie-

1977 4118 2104 4171 bant
2145 4117 2397 4171 tniracnla
2424 4158 2437 4180 ,
2492 4115 2633 4169 viros
2673 4116 2830 4185 plane
2869 4103 3228 4171 reverendus:
3286 4120 3551 4186 quomodo

1975 4211 2248 4265 existimas
2278 4208 2443 4263 fuisse
2474 4207 2692 4262 ail'ectos
2714 4210 2765 4262 in
2793 4224 2886 4262 eos
2912 4210 3001 4278 qui
3029 4226 3149 4262 cum
3180 4211 3308 4279 ipsis
3339 4211 3551 4266 habita-

1977 4305 2122 4364 bant,
2146 4316 2440 4371 eorumque
2470 4301 2614 4354 cives
2631 4311 2804 4364 erant,
2832 4311 2886 4354 et
2909 4313 3127 4369 repente
3154 4302 3553 4358 abscedebant?

1977 4394 2128 4463 Quod
2155 4393 2371 4463 quidem
2397 4393 2466 4446 de
2491 4393 2621 4460 ipsis
2664 4406 2874 4460 quoque
2905 4400 3146 4454 testatur,
3175 4393 3379 4458 dicens,
3414 4394 3547 4448 Imi-

1977 4493 2158 4537 tatores
2186 4483 2352 4552 fuistis
2404 4481 2747 4535 Ecclesiarum
2797 4480 2888 4533 Dei
2913 4523 2927 4545 ,
2983 4497 3096 4546 qua:
3136 4492 3253 4536 sunt
3278 4485 3329 4536 in
3366 4483 3553 4539 Judtra

1981 4577 2060 4644 (τι.
2097 4575 2272 4630 Thess.
2311 4575 2366 4627 ‘2.
2402 4573 2512 4643 M).
2539 4573 2696 4644 Spei,
2753 4558 2915 4642 inquit
2941 4614 2955 4638 ,
2991 4574 3192 4629 Domini
3235 4581 3392 4632 nostri
3430 4553 3586 4635 λεια.

1979 4669 2190 4734 Christi,
2217 4677 2332 4721 ante
2352 4665 2518 4720 Deum
2541 4676 2586 4719 et
2604 4666 2809 4720 Patrem
2833 4679 3078 4720 nostrum.
3102 4669 3267 4726 Recte
3297 4675 3372 4725 sic
3399 4675 3551 4727 dixit:

1981 4761 2092 4814 haec
2122 4761 2264 4814 enim
2289 4759 2466 4812 omnia
2499 4767 2623 4812 sunt
2647 4773 2678 4811 a
2707 4758 2812 4813 ﬁde
2833 4768 2886 4812 et
2913 4775 3027 4827 spe.
3055 4761 3412 4827 Quamobrem
3447 4783 3551 4819 non

1981 4853 2151 4905 sutum
2178 4850 2328 4904 fortis
2345 4859 2396 4904 et
2417 4851 2590 4918 magni
2612 4849 2773 4903 animi
2796 4850 3046 4905 virtutem
3069 4854 3555 4924 ostendebantqmn

1982 4943 2198 5006 ﬁebant,
2227 4942 2319 4997 sed
2350 4941 2508 4996 etiam
2540 4941 2679 5011 quod
2702 4955 2820 4995 cum
2838 4952 2979 4996 certa
3000 4945 3342 5012 persuasione
3365 4948 3557 5002 crede-

1989 5036 2116 5090 bant
2143 5033 2374 5103 prarmiis
2408 5033 2674 5101 repositis.
2705 5033 2992 5102 Propterea
3047 5037 3389 5104 permittebat
3422 5040 3559 5094 Dens

1984 5137 2041 5181 ut
2070 5127 2249 5180 Statim
2277 5125 2464 5180 tierent
2490 5128 2954 5194 persequutiones,
2981 5142 3046 5180 ne
3075 5127 3554 5196 quisdiceretcasu

1983 5230 2039 5273 et
2066 5218 2368 5273 adulatione
2395 5226 2645 5272 constare
2672 5217 3129 5287 prardicationem,
3154 5227 3210 5272 et
3229 5228 3287 5271 ut
3307 5222 3558 5274 ostende-

1985 5321 2136 5367 retur
2161 5326 2341 5366 eorum
2373 5308 2582 5374 fervor;
2609 5317 2662 5363 et
2688 5309 2828 5377 quod
2859 5325 2965 5364 non
2992 5318 3134 5362 esset
3165 5310 3394 5364 humana
3428 5328 3554 5378 per-

1987 5403 2165 5458 suasio
2185 5445 2198 5467 ,
2247 5402 2338 5456 sed
2371 5401 2462 5455 Dei
2492 5401 2662 5454 virtus
2689 5417 2808 5469 qua:
2834 5401 3166 5454 credentium
3209 5404 3563 5470 persuabebat

1987 5496 2199 5558 animis,
2239 5503 2297 5548 ut
2325 5495 2408 5547 vel
2453 5491 2518 5545 ad
2568 5492 2712 5546 mille
2740 5503 2940 5545 mortes
2961 5503 3141 5545 essent
3169 5494 3357 5562 parati.
3409 5493 3561 5560 Quod

1988 5587 2202 5658 quidem
2246 5601 2349 5640 non
2380 5585 2585 5648 fuisset,
2628 5583 2731 5637 nisi
2753 5584 2929 5637 Statim
2958 5585 3008 5637 in
3041 5584 3304 5652 profundo
3325 5588 3560 5641 coaluis-

1990 5688 2092 5744 set,
2147 5687 2201 5732 et
2255 5675 2563 5730 conﬁrmata
2620 5672 2803 5729 fuisset
2854 5675 3176 5744 prmdicatio,
3231 5687 3289 5732 et
3331 5681 3569 5735 stetisset

1993 5769 2301 5824 immobilis.
2349 5770 2402 5824 ι.
2451 5769 2696 5832 Scientes,
2730 5772 2912 5840 fratres
2950 5769 3141 5834 dilecti,
3170 5788 3201 5822 a
3232 5773 3335 5824 Deo
3364 5772 3567 5826 electio-

1994 5878 2104 5915 nem
2151 5873 2382 5922 vestram,
2407 5861 2459 5914 5.
2489 5861 2626 5930 quod
2652 5858 2963 5929 evangelium
2987 5870 3212 5914 nostram
3242 5881 3341 5916 non
3380 5866 3477 5932 fuit
3503 5866 3571 5919 ad

1997 5969 2079 6010 vos
2129 5953 2179 6007 in
2207 5969 2430 6007 sermone
2469 5961 2684 6022 tantum,
2735 5950 2823 6006 scd
2851 5960 2896 6006 et
2922 5952 2975 6007 in
2997 5952 3201 6024 virtute,
3222 5965 3268 6009 et
3293 5958 3344 6011 in
3371 5955 3570 6025 Spiritu
