4032 6536
578 441 687 500 395

576 567 774 617 sancto,
816 564 860 607 et
888 553 939 606 in
968 551 1276 623 plenitudine
1306 552 1465 604 multa
1489 568 1507 605 :
1537 553 1663 605 sicut
1682 552 1819 606 scitis
1841 552 2014 622 quales
2042 553 2158 623 [ue-

577 652 739 702 rimus
770 647 820 700 in
847 647 983 699 vobis
1001 655 1207 715 prapter
1235 659 1340 696 vos.
1372 643 1510 710 Quid
1541 654 1624 698 est
1645 645 1786 714 quod
1810 644 1960 709 dicit,
2003 645 2158 699 Scitis

572 739 754 812 quales
799 738 1046 810 fuerimus
1090 738 1143 789 in
1169 736 1349 792 vobis?
1393 736 1491 791 llic
1514 739 1676 792 etiam
1703 739 1869 807 tangit
1894 756 2012 809 qua:
2041 755 2071 793 a
2100 756 2158 795 se

576 841 723 886 recte
749 840 923 899 gesta,
967 827 1061 883 sed
1088 836 1225 883 tecte
1255 837 1308 882 et
1333 828 1649 883 adumbrate
1676 846 1690 881 :
1719 831 1832 884 vult
1860 832 2001 885 enim
2042 832 2156 901 pri-

572 938 718 977 mum
748 936 934 977 eorum
967 918 1153 974 laudes
1180 921 1447 991 persequi.
1482 920 1635 987 Quod
1666 932 1842 976 autem
1875 921 2025 987 dicit,
2076 932 2158 977 est

574 1014 882 1087 huiusmodi
912 1031 926 1067 :
967 1014 1231 1070 Scivimus
1260 1014 1403 1083 quod
1435 1015 1552 1069 silis
1576 1030 1642 1069 ex
1686 1014 1912 1070 fortibus
1940 1027 1994 1070 et
2038 1032 2154 1070 ma-

574 1109 696 1178 gnis
726 1107 879 1167 viris,
909 1114 963 1161 et
991 1106 1132 1176 quod
1162 1120 1226 1160 ex
1260 1106 1447 1160 electis
1473 1124 1485 1158 :
1511 1117 1791 1176 pr0ptcrea
1823 1123 1919 1163 nos
1945 1124 2156 1178 quoque

574 1210 797 1272 propter
822 1215 915 1255 vos
944 1201 1123 1255 omnia
1169 1200 1516 1254 sustinemus.
1572 1199 1703 1254 illud
1735 1202 1876 1255 enim
1903 1244 1919 1267 ,
1969 1201 2155 1269 Quales

572 1292 821 1359 fuerimus
866 1292 920 1345 in
971 1293 1141 1357 vobis,
1184 1290 1286 1346 hoc
1330 1292 1612 1361 significat,
1639 1292 1781 1361 quod
1810 1308 2152 1364 cummagna

568 1386 734 1441 animi
762 1386 1041 1443 alacritate
1070 1395 1124 1439 et
1152 1386 1316 1439 multa
1346 1385 1682 1440 vehementia
1712 1386 1880 1455 parati
1909 1401 2153 1441 essemus

568 1478 775 1532 animas
804 1485 1015 1532 nostras
1043 1475 1173 1531 dare
1213 1484 1429 1545 prapter
1456 1492 1584 1542 vos;
1638 1477 1901 1548 hujusque
1939 1495 2043 1533 non
2071 1490 2155 1534 est

568 1570 725 1626 nobis
753 1569 995 1625 habenda
1042 1569 1211 1638 gratia
1236 1608 1253 1631 ,
1304 1568 1399 1623 sed
1424 1568 1595 1634 rubis,
1645 1569 1791 1639 quod
1819 1570 1938 1624 sitis
1968 1571 2147 1626 electi.

567 1663 858 1733 Propterea
902 1660 1026 1715 alibi
1064 1675 1278 1730 quoque
1303 1661 1433 1715 dicit
1461 1679 1473 1715 :
1525 1660 1593 1714 Et
1629 1661 1736 1715 lucc
1760 1664 1925 1731 patior
1947 1674 2154 1734 propter

564 1757 748 1811 electos
774 1754 856 1821 (9..
882 1752 1012 1808 Tim.
1036 1752 1092 1807 2.
1116 1753 1228 1820 l0).
1248 1752 1378 1807 Nam
1404 1769 1499 1822 pro
1529 1753 1640 1808 Deo
1661 1754 1871 1809 dilectis
1895 1755 2020 1824 quid
2043 1771 2150 1811 non

566 1848 830 1917 patiaris?
872 1847 936 1900 Et
971 1861 1093 1900 cum
1120 1845 1344 1900 dixisset
1369 1846 1509 1916 quod
1533 1862 1686 1900 sumn
1716 1854 1850 1913 erat,
1875 1847 2005 1901 dicit
2029 1863 2153 1918 pro-

564 1940 851 2012 pemodum
882 1958 896 1994 :
956 1938 1013 1996 Si
1052 1940 1192 1994 enim
1215 1941 1345 1994 estis
1370 1949 1426 1993 et
1453 1939 1632 1994 dilecti
1661 1952 1715 1996 et
1742 1941 1930 2008 electi,
1972 1944 2150 1997 omnia

563 2035 757 2088 merito
802 2034 1148 2089 sustinemus.
1200 2032 1313 2087 Non
1358 2034 1498 2088 enim
1544 2033 1807 2088 laudando
1844 2050 1936 2089 eos
1974 2036 2147 2090 solum

563 2127 914 2183 confirmabat
935 2128 1117 2198 eisque
1140 2128 1380 2181 aninnnn
1409 2127 1659 2189 addebat,
1692 2128 1783 2182 sed
1811 2130 1969 2183 etiam
1996 2145 2149 2186 revo-

562 2219 737 2275 cando
764 2219 818 2273 in
847 2218 1180 2280 memoriam,
1204 2218 1346 2288 quod
1376 2218 1474 2287 ipsi
1504 2220 1866 2274 ostendissent
1892 2223 2143 2278 virtutem

564 2322 619 2367 et
645 2310 1009 2365 fortitudinem
1035 2324 1219 2364 eorum
1238 2310 1399 2363 animi
1422 2310 1681 2365 alacritati
1710 2313 2144 2382 respondentem.

561 2402 704 2457 Dicit
741 2402 939 2471 itaque,
982 2398 1037 2456 6.
1072 2398 1138 2453 Et
1182 2416 1267 2454 vos
1297 2401 1573 2455 imitatores
1618 2404 1776 2455 nostri
1803 2405 1927 2476 facti
1954 2407 2072 2458 estis
2099 2416 2147 2459 et

560 2492 791 2559 Domini,
820 2492 1123 2562 excipientes
1142 2491 1345 2545 uerbum
1373 2492 1425 2547 in
1455 2492 1776 2548 tribulatione
1805 2496 1963 2549 multa
1981 2537 1994 2558 ,
2027 2514 2143 2551 cum

567 2586 757 2657 gaudio
789 2585 1020 2656 Spiritus
1048 2585 1230 2638 sancti.
1273 2584 1428 2654 Papae
1455 2586 1468 2638 !
1497 2595 1754 2656 quantum
1807 2590 2141 2645 encomium!

565 2676 815 2747 discipuli
867 2685 1091 2746 repente
1151 2676 1273 2730 facti
1322 2684 1448 2731 sunt
1492 2678 1773 2747 magistri:
1816 2694 1921 2733 non
1971 2680 2142 2735 solum

560 2772 848 2828 audierunt
871 2768 1128 2835 verbum,
1180 2769 1275 2824 sed
1300 2770 1460 2824 etiam
1491 2768 1559 2823 ad
1605 2770 1743 2825 idem
1785 2784 2144 2841 pervenerunt

562 2864 832 2933 fastigium
860 2861 926 2915 ad
957 2860 1097 2931 quod
1133 2860 1348 2915 Paulus.
1397 2859 1503 2915 Sed
1537 2861 1640 2916 hoc
1679 2862 1809 2915 nihil
1837 2872 1919 2917 est
1953 2885 1965 2919 :
2020 2865 2141 2919 vide

560 2955 706 3012 enim
736 2952 1006 3024 quomodo
1033 2962 1216 3022 postea
1256 2966 1349 3007 eos
1386 2952 1649 3007 extollat:
1696 2953 1983 3009 Imitatores
2018 2956 2143 3023 facti

560 3050 680 3104 estis
705 3047 934 3103 Domini.
965 3045 1286 3113 Quomodo?
1316 3044 1640 3116 Excipientes
1666 3047 1868 3100 verbum
1898 3049 1949 3102 in
1977 3052 2139 3103 tribu-

558 3145 749 3201 latione
768 3143 948 3206 multa,
976 3157 1090 3194 cum
1116 3140 1301 3211 gaudio
1342 3140 1565 3209 Spiritus
1586 3141 1768 3196 sancti.
1824 3141 1937 3195 Non
1967 3142 2141 3197 solum

559 3253 683 3294 cum
721 3221 1065 3291 tribulatione
1098 3244 1153 3288 et
1175 3233 1463 3288 afï¬‚ictione
1486 3276 1502 3300 ,
1531 3234 1624 3289 sed
1647 3249 1765 3289 cum
1792 3236 1978 3290 multa.
2029 3236 2143 3291 Hoc

560 3340 738 3386 autem
766 3328 891 3384 licet
911 3328 1121 3383 discere
1149 3342 1217 3382 ex
1249 3326 1399 3381 Actis
1441 3328 1807 3395 apostolorum
1836 3328 1971 3398 (Act.
1998 3330 2087 3397 l7)
2122 3372 2135 3394 ,

557 3420 837 3495 quomon
858 3420 1170 3475 excitarunt
1214 3419 1265 3474 in
1293 3433 1388 3474 eos
1415 3421 1886 3489 persequutionem
1922 3439 1936 3475 :
1993 3421 2139 3477 Cou-

558 3513 929 3579 turbaverunt,
980 3511 1171 3580 inquit,
1207 3510 1550 3579 magistratus
1578 3525 1767 3566 onmes
1787 3512 2038 3577 civitatis,
2086 3525 2141 3569 et

557 3607 828 3661 civitatem
861 3602 1268 3659 concitaverunt
1288 3601 1342 3655 in
1372 3601 1537 3671 ipsos.
1568 3600 1754 3672 Neque
1779 3602 1883 3659 dici
1923 3615 2136 3673 potest,

556 3697 741 3755 amicti
774 3696 988 3769 quidem
1020 3695 1149 3750 estis
1171 3704 1226 3750 et
1245 3693 1571 3754 credidistis,
1599 3696 1692 3750 sed
1719 3695 1996 3762 dolentes;
2029 3698 2140 3753 imo

557 3806 687 3847 vero
715 3790 1023 3861 gaudentes.
1075 3786 1228 3855 Quod
1267 3787 1481 3857 quidem
1530 3788 1793 3843 faciebant
1815 3791 1975 3847 etiam
2007 3807 2139 3861 apo-

558 3883 681 3938 stoli
710 3899 725 3936 :
755 3880 1043 3935 Gaudentes
1061 3919 1078 3946 ,
1114 3879 1286 3948 inquit
1308 3920 1323 3943 ,
1352 3878 1487 3948 quod
1516 3880 1655 3949 digni
1682 3890 1846 3934 essent
1866 3882 2023 3936 habiti
2048 3900 2139 3954 pro

556 3974 760 4030 nomine
788 3971 973 4026 Christi
992 3970 1292 4024 contumelia
1316 3970 1446 4039 afï¬ci
1463 3968 1625 4040 (Ibid.
1656 3971 1709 4026 5.
1737 3971 1973 4041 44).Hoc
1994 3974 2135 4028 enim

558 4076 644 4122 est
665 4062 982 4120 admirabile
1008 4080 1022 4117 :
1067 4063 1168 4117 etsi
1191 4060 1401 4116 neillud
1427 4061 1640 4131 quidem
1667 4072 1749 4117 est
1770 4078 1980 4132 parum,
2006 4081 2138 4135 quo.

557 4156 947 4225 modocumque
993 4153 1132 4208 ferre
1175 4151 1525 4217 afï¬‚ictiones;
1575 4161 1631 4207 at
1669 4151 1771 4207 hoc
1794 4154 1902 4223 jam
1930 4166 2012 4209 est
2039 4172 2136 4212 eo-

554 4266 676 4307 rum
702 4247 791 4319 qui
822 4246 1104 4300 humanam
1138 4253 1380 4298 naturam
1408 4251 1687 4313 superant,
1712 4252 1767 4298 et
1793 4244 1991 4300 habent
2013 4262 2135 4302 cor-

553 4359 653 4415 pus
700 4352 967 4410 tamquam
1016 4337 1327 4407 impatibile.
1381 4336 1660 4403 Quomodo
1702 4346 1879 4391 autem
1926 4337 2137 4395 fuerunt

552 4439 852 4495 imitatores
878 4434 1119 4489 Christi?
1142 4433 1402 4501 Quoniam
1430 4432 1544 4501 ipse
1564 4446 1776 4502 quoque
1800 4432 1991 4487 multas
2014 4447 2135 4487 sus.

555 4531 712 4585 tinuit
739 4526 1130 4599 perpessiones,
1183 4538 1281 4579 nec
1322 4523 1558 4588 dolebat,
1588 4523 1682 4578 sed
1708 4523 1974 4593 gaudebat
2002 4543 2017 4578 :
2051 4524 2134 4578 lu-

552 4621 688 4676 bens
700 4620 843 4674 enim
869 4627 925 4672 et
948 4626 1137 4686 sponte
1160 4630 1225 4670 eo
1249 4614 1515 4669 veniebat.
1542 4614 1767 4684 Propter
1784 4631 1881 4670 nos
1899 4616 2131 4686 seipsum

551 4711 848 4775 exinaniit,
890 4720 1043 4778 sputa
1087 4717 1143 4762 et
1188 4705 1445 4775 colaphos
1489 4720 1778 4774 passurus,
1833 4707 1883 4761 in
1915 4723 2131 4763 crucem

550 4802 822 4874 agendus;
851 4809 905 4852 et
924 4798 1057 4853 adeo
1078 4796 1348 4867 gaudebat
1376 4798 1489 4851 haec
1516 4798 1744 4866 patiens,
1787 4807 1845 4851 ut
1885 4798 2029 4853 Patri
2052 4798 2134 4853 di-

549 4902 717 4955 ceret,
750 4889 992 4956 Gloriï¬ca
1013 4904 1092 4941 me
1129 4887 1306 4959 (Joan.
1337 4889 1422 4943 17.
1448 4888 1524 4955 1).
1558 4886 1685 4942 Cum
1703 4890 1913 4960 gaudio,
1934 4890 2129 4960 inquit,

550 4986 776 5058 Spiritus
824 4982 1003 5038 sancti.
1056 4980 1133 5036 Ne
1180 4981 1298 5051 quis
1326 4980 1563 5046 diceret,
1619 4980 1898 5049 Quomodo
1917 4981 2051 5039 dicis
2076 4984 2128 5038 in

548 5074 936 5134 tribulatione?
995 5072 1265 5144 quomodo
1292 5072 1345 5126 in
1398 5062 1633 5142 gaudio?
1670 5074 1944 5143 quomodo
1998 5089 2129 5145 pos-

547 5181 674 5224 sunt
728 5176 953 5237 utraque
1013 5164 1342 5220 convenire?
1414 5163 1707 5233 subjunxit,
1758 5164 1887 5219 Cum
1938 5168 2127 5237 gaudio

548 5261 776 5333 Spiritus
820 5258 1003 5313 sancti.
1034 5256 1268 5311 Afï¬‚ictio
1298 5264 1382 5309 est
1420 5253 1475 5308 in
1502 5255 1895 5325 corporalibus,
1926 5268 1979 5312 et
1997 5274 2128 5327 gau-

546 5353 694 5408 dium
732 5352 785 5406 in
828 5347 1213 5420 spiritualibus.
1257 5346 1574 5413 Quomodo?
1632 5347 1704 5402 Ea
1757 5349 1977 5418 quidem
2008 5366 2128 5420 qua:

546 5447 683 5499 fiunt
707 5452 832 5498 sunt
858 5442 1114 5505 molesta;
1146 5455 1263 5510 qua:
1284 5448 1460 5493 autem
1485 5455 1548 5493 ex
1582 5440 1660 5494 eis
1685 5441 1930 5493 oriuntur
1952 5482 1968 5501 ,
2027 5457 2126 5496 ne-

547 5552 810 5608 quaquam
845 5551 858 5588 :
894 5550 998 5587 non
1048 5533 1176 5588 sinit
1201 5532 1342 5586 enim
1375 5529 1427 5586 id
1466 5531 1728 5608 Spiritus.
1766 5531 2125 5596 Quamobrem

547 5629 664 5684 fieri
694 5637 870 5699 potest
900 5635 958 5681 ut
983 5635 1038 5681 et
1064 5627 1270 5695 patiens
1296 5639 1401 5679 non
1433 5624 1666 5688 laetetur,
1693 5624 1908 5694 quando
1932 5626 2128 5693 patitur

547 5736 644 5789 pro
666 5719 935 5788 peccatis;
963 5727 1018 5771 et
1043 5715 1218 5786 ï¬‚agris
1248 5715 1662 5781 cazsusltetetur,
1689 5715 1902 5785 quando
1929 5716 2127 5785 patitur

548 5820 765 5881 propter
804 5807 1099 5865 Christum.

619 5905 672 5960 5.
710 5902 820 5959 lloc
868 5912 951 5957 ÎµÎµÎ¹
987 5901 1127 5957 enim
1175 5898 1425 5973 gaudium
1463 5898 1694 5972 Spiritus
1728 5916 1742 5958 :
1777 5915 1872 5971 pro
1908 5901 1974 5956 iis
2001 5916 2119 5974 quae

1286 437 1344 492 S.
1383 437 1660 494 JOANNIS
1697 437 2169 496 CHRYSOSTOMI
2210 439 2526 496 ARCHIEP.
2569 442 3103 504 CONSTANTINOP.
3662 468 3732 526 Ï€Î¿Î¸

2270 556 2518 612 videntur
2545 573 2666 613 esse
2696 560 2876 630 gravia
2906 570 2961 616 et
2990 563 3232 628 molesta,
3260 564 3423 623 educit
3443 570 3649 632 laetitiam.
3670 584 3733 637 At.

2268 646 2517 703 ï¬‚ixerunt
2550 664 2662 715 vos,
2690 650 2879 721 inquit,
2920 655 3225 723 persequuti
3250 668 3400 722 sunt;
3427 663 3506 716 sed
3532 680 3607 721 vos
3628 685 3676 724 ue
3695 674 3730 726 in

2267 738 2369 792 illis
2391 739 2604 808 quidem
2632 741 2833 795 dimisit
2857 744 3106 811 Spiritus.
3132 744 3275 799 Sicut
3297 749 3343 800 iu
3367 749 3473 819 igne
3495 768 3592 809 rore
3608 773 3733 827 asper.

2264 830 2530 898 gebantur
2561 840 2671 885 tres
2711 834 2858 900 pueri
2889 835 2909 905 (
2930 833 3065 888 Dan.
3094 835 3188 906 5),
3219 838 3283 890 ita
3311 854 3397 893 vos
3421 858 3598 913 quoque
3619 847 3656 901 in
3677 850 3733 904 af.

2264 921 2605 977 ï¬‚ictionibus.
2639 925 2742 978 Sed
2766 926 2904 980 sicut
2935 927 3042 981 illic
3073 944 3176 982 non
3205 940 3286 984 est
3320 941 3503 987 natura:
3525 936 3631 1005 ignis
3652 955 3735 999 rem

2263 1029 2583 1085 aspergere,
2627 1016 2720 1071 sed
2764 1018 3026 1072 sibilantis
3066 1019 3337 1089 Spiritus:
3370 1024 3434 1078 ita
3471 1025 3556 1081 hoc
3586 1044 3735 1101 quoque

2263 1123 2369 1161 non
2406 1119 2488 1162 est
2516 1118 2720 1163 natura:
2756 1109 3062 1167 aï¬‚lictionis
3101 1111 3346 1182 gaudium
3377 1131 3643 1188 procreare,
3670 1123 3734 1178 sed

2263 1201 2525 1269 passionis
2577 1210 2793 1271 propter
2842 1204 3135 1272 Christum,
3185 1217 3238 1260 et
3290 1224 3409 1265 rore
3450 1213 3733 1280 perfundeutis

2261 1290 2524 1360 Spiritus,
2571 1294 3053 1363 constituentisque
3099 1297 3154 1351 in
3202 1299 3374 1366 quiete
3412 1311 3463 1356 et
3488 1306 3735 1365 recreatiouo

2263 1398 2359 1452 per
2386 1382 2658 1438 fornacem
2693 1388 3068 1440 teutationum.
3103 1388 3230 1442 Cum
3256 1392 3454 1460 gaudio,
3480 1394 3644 1465 inquit;
3664 1415 3735 1454 non

2260 1475 2512 1545 simplici,
2546 1476 2641 1530 sed
2686 1477 2853 1532 multo
2894 1494 2908 1531 :
2950 1477 3050 1532 hoc
3079 1480 3220 1533 enim
3261 1492 3344 1536 est
3381 1483 3579 1553 Spiritus
3608 1493 3738 1547 sancti.

2260 1567 2313 1621 7.
2344 1566 2427 1620 Ita
2454 1578 2508 1621 ut
2532 1571 2657 1639 facti
2678 1572 2787 1624 sitis
2823 1571 2989 1640 forma
3024 1573 3256 1628 omnibus
3284 1576 3568 1633 credentibus
3595 1584 3637 1634 in
3656 1582 3737 1636 lla-

2258 1660 2469 1713 cedouia
2493 1671 2540 1712 et
2570 1661 2783 1715 Achaia.
2816 1666 2972 1733 Atqui
3006 1674 3275 1732 postremo
3301 1668 3434 1722 venit
3455 1669 3513 1723 ad
3537 1686 3612 1726 eos
3637 1691 3646 1724 :
3668 1673 3737 1727 Sed

2258 1749 2352 1816 ita,
2383 1750 2571 1820 inquit,
2608 1754 3031 1821 reSplenduistis,
3065 1765 3123 1809 ut
3150 1757 3345 1812 fieretis
3372 1758 3587 1815 doctores
3607 1778 3737 1819 eorum

2255 1845 2346 1915 qui
2374 1848 2857 1916 prmcesserant.Et
2888 1846 2989 1902 hoc
3014 1859 3095 1903 est
3122 1851 3484 1919 apostolicum.
3517 1853 3609 1908 Non
3640 1858 3738 1910 enim

2257 1936 2412 2002 dicit,
2455 1936 2524 1993 Ut
2558 1938 2681 1992 facti
2709 1939 2825 1993 sitis
2858 1938 3025 1993 forma
3066 1940 3133 1994 ad
3160 1941 3495 2009 credendum,
3520 1946 3740 2017 sediisqui

2251 2030 2360 2099 jam
2392 2031 2683 2085 credebant
2718 2030 2839 2086 facti
2888 2034 3018 2088 estis
3054 2034 3225 2089 forma
3270 2054 3283 2089 :
3317 2036 3365 2090 id
3406 2050 3510 2105 est,
3537 2042 3741 2105 Quomodo

2254 2133 2499 2192 oporteat
2521 2125 2570 2178 in
2603 2124 2765 2179 Deum
2797 2126 3033 2190 credere,
3060 2142 3155 2181 vos
3181 2127 3447 2194 docuistis,
3470 2131 3545 2200 qui
3564 2132 3618 2185 ab
3637 2147 3742 2187 exor-

2254 2215 2342 2271 dio
2373 2216 2438 2270 ad
2467 2218 2759 2271 certamina
2789 2218 3157 2273 descendistis.
3195 2219 3263 2273 Et
3289 2223 3341 2274 in
3364 2221 3568 2287 Achaia,
3594 2223 3739 2292 inquit;

2254 2306 2357 2362 hoc
2382 2316 2502 2374 est,
2533 2308 2582 2361 iu
2616 2307 2851 2363 llellade.
2888 2308 3049 2363 Vides
3083 2322 3279 2380 quanta
3311 2326 3392 2366 res
3420 2313 3483 2367 sit
3507 2314 3639 2367 animi
3666 2315 3742 2367 ala-

2252 2399 2413 2453 critas
2442 2397 2599 2453 ?Non
2632 2410 2754 2468 eget
2781 2406 3039 2467 tempore,
3067 2416 3243 2471 neque
3270 2405 3596 2467 cunctatione,
3622 2419 3743 2472 neque

2252 2489 2506 2544 dilatione
2536 2507 2550 2554 ;
2576 2489 2668 2543 sed
2697 2489 2893 2544 sufficit
2922 2506 2979 2545 se
3001 2492 3171 2555 solum
3205 2494 3471 2561 exhibere,
3500 2504 3546 2549 et
3569 2496 3743 2549 conlecta

2250 2590 2375 2636 sunt
2399 2582 2598 2636 omnia.
2622 2582 2711 2637 Sic
2735 2596 2864 2652 ergo
2887 2582 2968 2636 isti
2990 2597 3111 2637 cum
3136 2585 3456 2652 posteriores
3475 2586 3747 2640 accessissent

2248 2674 2314 2727 ad
2346 2673 2776 2742 praedicationem
2797 2715 2812 2742 ,
2847 2674 3061 2728 fuerunt
3091 2675 3327 2743 priorum
3357 2676 3585 2732 doctores
3604 2686 3646 2731 et
3665 2692 3745 2731 nuo

2248 2766 2417 2835 gistri.
2440 2764 2608 2820 Nemo
2630 2766 2788 2835 igitur
2805 2766 3038 2819 animum
3058 2767 3415 2837 despondeat:
3431 2769 3609 2822 etiamsi
3630 2769 3747 2822 multo

2254 2866 2577 2927 consumpto
2609 2866 2850 2926 tempore
2875 2856 3010 2911 nihil
3041 2856 3301 2923 olfecerit,
3336 2858 3452 2913 licet
3478 2859 3520 2913 ei
3546 2860 3747 2927 reiparte

2252 2959 2496 3020 tempore
2525 2959 2727 3003 tantum
2769 2950 2983 3005 eflicere
3002 2991 3018 3016 ,
3047 2960 3307 3020 quantum
3337 2966 3402 3006 ne
3429 2954 3569 3021 priori
3590 2952 3748 3021 quidem

2253 3052 2515 3113 tempore.
2544 3042 2676 3097 Nam
2720 3044 2764 3096 si
2800 3040 2889 3113 qui
2935 3043 3167 3097 nondum
3198 3043 3492 3099 crediderat
3520 3054 3682 3098 tantum
3712 3045 3747 3097 in

2247 3135 2397 3189 initio
2422 3134 2771 3204 respleuduit,
2788 3134 2956 3188 multo
2974 3134 3139 3204 magis
3166 3135 3198 3189 ii
3225 3136 3314 3205 qui
3335 3135 3441 3205 jam
3466 3135 3746 3190 crediderunt.

2329 3226 2603 3299 Vigilantiu
2643 3216 3136 3292 quamâ€™necessaria.
3169 3257 3241 3267 â€”
3266 3228 3447 3283 Nullus
3491 3244 3650 3283 rursus
3680 3228 3747 3280 hoc

2246 3320 2484 3389 cogitans
2510 3320 2580 3373 sit
2612 3321 2759 3389 piger
2782 3328 2839 3374 et
2867 3324 3072 3389 segnis,
3103 3320 3162 3375 ht
3190 3324 3283 3391 qui
3311 3322 3542 3377 didicerit
3567 3320 3679 3391 quod
3701 3320 3747 3373 li-

2246 3425 2362 3467 ceat
2400 3411 2549 3467 brevi
2590 3422 2829 3482 tempore
2851 3423 3017 3467 totum
3043 3428 3233 3483 parare
3268 3430 3282 3469 :
3313 3414 3533 3469 futurum
3557 3416 3671 3468 enim
3693 3422 3747 3465 est

2247 3507 2508 3561 incertum
2536 3522 2551 3572 ;
2579 3517 2635 3561 et
2679 3506 2765 3561 fur
2805 3517 2887 3561 est
2915 3506 3031 3561 dies
3072 3507 3282 3561 Domini
3308 3510 3398 3578 (1.
3434 3507 3590 3561 Thess.
3614 3508 3656 3561 5.
3677 3505 3746 3575 ll,

2247 3611 2468 3671 repente
2495 3600 2753 3655 invadens
2773 3615 2871 3654 nos
2890 3599 3217 3655 dormientes
3248 3616 3264 3665 ;
3288 3601 3381 3656 sed
3402 3602 3443 3655 si
3466 3617 3561 3654 non
3579 3597 3747 3653 dormia-

2246 3708 2384 3755 mus,
2416 3707 2521 3747 non
2555 3700 2826 3762 tamquam
2861 3690 2946 3745 fur
2975 3706 3075 3746 nos
3115 3692 3354 3758 invadet,
3399 3708 3559 3763 neque
3581 3692 3748 3745 abducet

2246 3786 2556 3854 imparatos.
2603 3783 2735 3838 Nam
2780 3783 2825 3838 si
2868 3784 3177 3854 vigilemus,
3208 3794 3265 3839 et
3294 3785 3453 3839 sobrii
3480 3784 3745 3843 simus,nou

2244 3878 2471 3947 amplius
2502 3886 2770 3947 tamquam
2797 3877 2881 3931 fur
2909 3892 3008 3943 nos
3037 3877 3269 3943 invadet,
3301 3878 3394 3933 sed
3425 3890 3656 3946 tamquam
3672 3874 3748 3927 lle-

2243 3972 2323 4039 gis
2369 3968 2586 4023 nuntius
2626 3983 2724 4023 nos
2751 3983 2948 4023 vocans
2986 3968 3054 4022 ad
3095 3969 3232 4023 bona
3278 3970 3431 4024 nobis
3476 3965 3746 4038 parata:sin

2243 4060 2592 4122 dormiamus,
2624 4071 2891 4129 tamquam
2928 4059 3010 4114 fur
3051 4060 3281 4116 accedit.
3315 4060 3495 4115 Nullus
3522 4073 3632 4128 ergo
3656 4057 3746 4109 dor-

2243 4151 2394 4219 miat,
2420 4151 2597 4205 nullus
2626 4152 2694 4205 sit
2720 4152 2867 4222 piger
2892 4151 2957 4206 ad
2986 4151 3235 4206 virtutem
3268 4168 3283 4206 :
3312 4153 3413 4207 hoc
3439 4151 3568 4207 enim
3600 4158 3667 4204 est
3684 4160 3747 4200 so-

2242 4259 2422 4301 mnus.
2453 4244 2699 4311 Nescitis,
2718 4244 2932 4316 quando
2960 4244 3280 4313 dormimus,
3311 4261 3467 4317 quam
3496 4253 3649 4298 nostra
3672 4253 3747 4293 non

2241 4340 2350 4394 sint
2367 4340 2417 4392 in
2445 4347 2578 4402 tuto,
2607 4354 2765 4407 quam
2792 4338 2945 4394 facile
2964 4339 3042 4394 eis
3065 4348 3321 4407 parentur
3347 4339 3541 4395 insidia:
3555 4338 3575 4390 ?
3589 4332 3747 4405 quando

2240 4440 2418 4485 autem
2442 4429 2721 4499 vigilamus
2739 4471 2755 4495 ,
2790 4445 2895 4484 non
2928 4445 3062 4499 opus
3090 4442 3173 4485 est
3199 4431 3356 4486 nobis
3385 4440 3520 4485 tanta
3544 4424 3745 4484 custodia.

2239 4521 2463 4589 Quando
2489 4521 2786 4576 dormimus
2811 4562 2827 4589 ,
2860 4521 3019 4576 etiam
3051 4536 3173 4576 cum
3200 4522 3370 4577 multa
3407 4520 3623 4576 custodia
3644 4527 3747 4582 sape

2239 4616 2477 4686 perimus
2516 4633 2528 4669 :
2558 4624 2683 4670 sunt
2713 4624 2765 4668 et
2796 4613 2932 4668 ostia
2957 4623 3011 4669 et
3036 4623 3215 4669 vectes
3242 4623 3299 4668 et
3326 4612 3563 4668 custodes
3582 4617 3629 4664 et
3651 4605 3746 4674 vigi-

2240 4710 2351 4774 les;
2374 4718 2428 4765 et
2448 4719 2622 4762 tamen
2645 4707 2728 4762 fur
2754 4706 3086 4777 ingreditur'.
3103 4706 3213 4760 Cur
3231 4705 3349 4761 hinc
3371 4702 3526 4759 dico?
3547 4700 3746 4769 Quoniam

2238 4802 2282 4858 si
2314 4800 2593 4872 vigilemus
2616 4841 2631 4865 ,
2667 4815 2770 4854 non
2798 4799 3071 4868 egebimus
3100 4799 3326 4851 aliorum
3353 4796 3540 4851 auxilio
3564 4812 3575 4848 :
3596 4792 3660 4847 sin
3680 4802 3746 4840 au-

2238 4904 2345 4949 tem
2385 4892 2754 4957 dormiamus,
2792 4891 2923 4945 nihil
2961 4890 3116 4944 nobis
3156 4889 3380 4958 prodest
3405 4888 3612 4941 aliorum
3638 4877 3745 4933 Î¹Î¹Î¹Î¹Î¹á½·Î‡

2235 4984 2367 5039 lium
2394 5024 2410 5049 ,
2440 4983 2534 5038 sed
2580 4982 2742 5037 etiam
2770 4998 2892 5035 cum
2934 4982 3026 5036 illo
3059 4980 3313 5049 perimus.
3347 4980 3543 5033 Bonum
3578 4982 3646 5029 est
3674 4966 3742 5022 frui

2235 5087 2540 5133 sanctorum
2572 5075 2820 5145 precibus
2842 5115 2857 5138 ,
2886 5074 2978 5130 sed
3017 5089 3137 5128 cum
3169 5074 3270 5142 ipsi
3310 5086 3517 5142 quoque
3544 5068 3743 5122 fuerimus

2235 5171 2424 5227 intenti
2454 5171 2625 5241 operi.
2662 5170 2728 5224 Et
2756 5168 2882 5238 quid
2913 5166 3063 5232 mihi,
3095 5166 3286 5237 inquit,
3316 5180 3448 5235 opus
3474 5173 3549 5218 est
3571 5161 3741 5215 altorum

2233 5264 2506 5334 precibus,
2538 5279 2658 5318 cum
2694 5260 2845 5315 fuero
2874 5261 3110 5313 intentus
3143 5259 3313 5328 Operi,
3345 5272 3443 5312 nec
3468 5270 3547 5309 me
3566 5269 3622 5307 co
3643 5246 3743 5303 redi-

2232 5370 2375 5424 gam,
2406 5365 2466 5407 ut
2495 5369 2629 5422 opus
2669 5352 2892 5405 habeam
2923 5351 2946 5404 ?
2971 5349 3080 5405 Nec
3106 5365 3205 5419 ego
3247 5349 3458 5418 quidem
3502 5345 3592 5398 hoc
3618 5339 3739 5394 volo;

2231 5446 2328 5501 sed
2354 5460 2492 5515 Opus
2518 5459 2737 5513 semper
2761 5442 3040 5507 habemus,
3070 5441 3114 5495 si
3144 5440 3434 5509 sapiamus.
3477 5432 3645 5489 Paulus
3665 5440 3741 5481 non

2296 5602 2312 5630 â¸
2348 5596 2404 5647 In
2428 5596 2563 5647 Coll).
2588 5595 2872 5659 legitur.....
2920 5608 3021 5659 non
3035 5608 3155 5659 opus
3172 5599 3241 5645 est
3261 5592 3395 5643 nobis
3411 5597 3533 5659 tanta
3553 5580 3738 5659 nutatio.

2230 5667 2346 5719 Quot
2368 5667 2415 5709 et
2436 5667 2613 5721 quanta
2626 5648 2841 5719 (fuidam,
2855 5648 3088 5707 custodia:
3110 5669 3269 5721 causa,
3282 5648 3635 5721 exagitem?
3655 5652 3742 5721 â€™ÎžÎ–

2231 5709 2279 5771 bi
2308 5709 2467 5784 gratia
2489 5760 2504 5778 ,
2523 5709 2664 5784 ostia,
2683 5709 2861 5784 rectus,
2884 5721 3104 5784 custodes
3125 5725 3171 5769 et
3198 5709 3361 5784 vigiles
3383 5709 3471 5765 :'et
3486 5709 3741 5784 amissacf!"

2229 5768 2605 5844 taut'acustbdia
2620 5768 2637 5841 ,7
2651 5768 2743 5843 â€™ÏÎ¹Î½
2766 5768 3067 5844 ingreditur.
3088 5768 3203 5839 Quae
3225 5768 3370 5829 lÃ©ctio
3390 5776 3577 5841 quadrat

2225 5843 2383 5903 riem;
2408 5845 2497 5894 sed
2521 5833 2683 5892 nostra
2710 5855 2785 5892 est
2809 5833 3052 5894 editorum
3088 5833 3301 5894 duiniqu
3318 5875 3336 5903 ,
3361 5833 3553 5901 absque
3585 5833 3742 5880 seculiâ€œ

2232 5916 2309 5960 est
2331 5906 2595 5959 Gentianus
2613 5905 2874 5957 licrvelus.
