4032 6562
213 537 314 591 ενδ

209 664 332 712 νον,
365 644 520 698 ἀλλὰ
551 644 646 697 καί
674 643 741 700 ἐν
762 642 1030 714 δυνάμει,
1061 643 1162 697 καί
1195 643 1265 698 ἐν
1292 644 1588 713 Πνεύματι
1614 641 1780 711 ἁγίῳ,

211 735 302 788 καὶ
344 734 412 787 ἐν
450 732 827 800 πληροφορίᾳ
872 730 1111 799 πολλῇ*
1163 731 1357 796 καθὼς
1419 729 1619 785 οἴδατε
1667 723 1780 781 οἷοι

209 822 565 892 ἐγενήθημεν
586 819 657 871 ἐν
680 819 825 887 ἡμῖν
852 818 1026 886 ὑμᾶς.
1055 819 1120 871 Τί
1152 819 1300 872 ἐστιν
1326 818 1354 870 ὃ
1381 819 1545 886 λέγει·
1577 815 1785 869 Οἴδατε

212 905 318 964 οἶοι
346 905 715 976 ἐγενήθημεν
751 906 822 958 ἐν
845 905 1021 974 Quir;
1065 904 1334 958 Ἐνταῦθα
1361 905 1458 958 καὶ
1486 903 1594 956 τῶν
1621 900 1784 955 αὐτοῦ

212 996 643 1065 κατορθωμάτων
681 993 932 1058 ἅπτεται,
959 993 1072 1046 ἀλλ’
1112 992 1598 1061 ἐπεσκιασμὲνως·
1664 987 1789 1060 βούο

211 1085 352 1136 λεται
378 1083 489 1152 γὰρ
521 1081 783 1151 πρότερον
804 1083 916 1144 τοῖς
949 1080 1174 1133 ἐκείνων
1204 1079 1504 1148 ἐγκωμίοις
1565 1076 1788 1143 ἐπεξελ-

209 1173 332 1225 θεῖν.
369 1171 436 1223 Ὀ
463 1171 518 1222 δέ
548 1169 716 1236 λέγει,
763 1169 1005 1221 τοιοῦτόν
1061 1169 1227 1220 ἐστιν·
1265 1167 1522 1238 ᾟδειμεν
1556 1165 1638 1217 ὃτι
1677 1163 1788 1217 τῶν

208 1258 462 1327 γενναίων
491 1253 589 1327 ἦτε
618 1257 711 1310 καὶ
756 1255 1008 1326 μεγάλων
1051 1255 1282 1326 ἀνδρῶν,
1341 1257 1424 1308 ὅτι
1475 1255 1581 1307 τῶν
1633 1252 1786 1306 ἐκλε-

208 1349 381 1401 κτῶν·
418 1344 508 1397 διὰ
551 1342 701 1415 [428]
739 1342 899 1395 τοῦτο
943 1343 1040 1395 καὶ
1095 1343 1255 1411 ἡμεῖς
1299 1342 1476 1395 πάντα
1522 1341 1788 1410 ὑπομένο-

209 1451 302 1505 μεν
328 1432 398 1485 δι’
431 1433 596 1502 ὑμᾶς.
629 1431 702 1482 Τὸ
745 1429 875 1500 γάρ,
932 1423 1054 1483 οἶοι
1087 1428 1458 1500 ἐγενήθημεν
1513 1429 1582 1481 ἐν
1614 1426 1780 1496 ὑμῖν,

205 1521 354 1574 τοῦτό
385 1523 506 1574 ἐστι
534 1517 840 1590 δηλοῦντος,
880 1519 962 1572 ὅτι
1024 1518 1162 1588 μετὰ
1215 1517 1418 1586 πολλῆς
1475 1515 1784 1587 προθυμίας

205 1612 294 1663 καὶ
328 1609 536 1678 πολλῆς
572 1606 930 1678 σφοδρότητος
962 1605 1170 1674 ἕτοιμοί
1223 1606 1392 1676 ἐσμεν
1444 1605 1542 1667 τὰς
1609 1602 1786 1672 ψυχὰς

205 1696 355 1767 ημῶν
391 1695 655 1756 ,ἐκδοῦναι
694 1694 762 1747 δι’
792 1694 938 1764 ὑμᾶς
968 1710 983 1724 ο
1030 1694 1126 1746 καὶ
1171 1691 1366 1746 τούτου
1439 1692 1497 1744 δέ
1533 1691 1633 1760 οὐχ
1657 1691 1787 1760 ἡμῖν

203 1786 377 1856 χάρις,
425 1783 542 1836 ἀλλ’
573 1784 721 1854 ὑμῖν,
757 1783 841 1835 ὅτι
871 1781 1118 1834 ἐκλεκτοὶ
1155 1776 1275 1852 ἦτε.
1314 1779 1414 1833 Διά
1475 1778 1633 1831 τοῦτο
1693 1776 1786 1830 καὶ

202 1869 434 1940 ἀλλαχοῦ
465 1886 634 1940 φησι·
667 1868 779 1922 Καὶ
817 1868 1005 1922 ταῦτα
1037 1866 1252 1936 πάσχω
1285 1865 1384 1920 διὰ
1426 1865 1568 1930 τοὺς
1615 1865 1787 1918 ἐχλε-

203 1961 403 2026 κινούς.
442 1959 612 2029 ’Υπὲρ
638 1958 748 2029 γάρ
775 1958 884 2011 τῶν
904 1957 999 2010 τοῦ
1031 1957 1167 2010 Θεοῦ
1194 1955 1493 2027 ἀγαπητῶν
1521 1955 1574 2008 τί
1595 1954 1695 2007 ούκ
1724 1955 1788 2008 ἄν

201 2065 282 2110 τις
311 2046 518 2112 πάθοι;
549 2047 660 2099 Καὶ
684 2047 854 2098 εἰπὼν
894 2045 954 2098 τὸ
983 2045 1170 2108 αὑτοῦ,
1205 2043 1484 2115 μονονουχί
1513 2060 1692 2114 φησιν·
1728 2041 1789 2094 Et

203 2137 305 2204 γὰρ
338 2136 442 2188 καὶ
474 2134 750 2204 ἀγαπητοὶ
775 2134 868 2186 καὶ
897 2131 1161 2197 ἐκλεκτοὶ,
1192 2133 1371 2185 πάντα
1399 2129 1624 2192 εἰκότως
1655 2130 1788 2182 ύπο-

205 2224 466 2294 μένομεν.
520 2223 596 2275 υύ
644 2221 752 2292 γάρ
785 2221 850 2292 δὴ
897 2221 959 2274 τὸ
1011 2222 1253 2274 ἐπαινεῖν
1320 2219 1522 2281 αὐτοὺς
1581 2216 1787 2288 ἐρρών-

204 2329 287 2365 vus
328 2311 520 2382 μόνον,
551 2310 689 2363 ἀλλά
715 2310 810 2363 καὶ
839 2309 901 2362 τὸ
945 2309 1410 2379 ὑπομιμνήσκειν,
1443 2307 1525 2360 ὅτι
1554 2308 1648 2359 καὶ
1694 2306 1790 2359 αύ-

201 2401 278 2452 τοὶ
308 2399 414 2466 τῆς
457 2397 683 2451 ἐκείνων
709 2396 1020 2468 προθυμίας
1069 2395 1392 2467 ἀντίρροπον
1420 2394 1668 2465 ἀνδρείαν
1694 2395 1792 2445 ἐπ-

202 2486 490 2551 εδείξαντο.
528 2484 666 2553 Φησὶ
707 2482 837 2552 γοῦν
864 2499 879 2513 °
942 2482 1054 2538 Καὶ
1116 2482 1288 2552 ὑμεῖς
1321 2481 1567 2552 μιμηταὶ
1623 2480 1792 2551 ήμῶν

200 2573 524 2643 ἐγενήθητε
552 2572 652 2627 καὶ
682 2571 789 2625 τοῦ
827 2572 1074 2639 Κυρίου,
1104 2569 1420 2640 δεξάμενοι
1451 2570 1559 2624 τὸν
1604 2573 1791 2638 λόγον

201 2659 264 2711 ἐν
306 2659 522 2726 θλίψει
563 2651 788 2722 πολλῇ,
819 2653 973 2723 μετὰ
1009 2653 1198 2723 χαρᾶς
1225 2654 1572 2725 Ηνεύματος
1593 2654 1787 2722 ἁγίου.

203 2749 401 2803 Βαδαίι
444 2748 612 2802 πόσον
655 2747 715 2799 τὸ
772 2745 1086 2816 ἐγκώμιονί
1142 2747 1189 2799 οἱ
1241 2746 1482 2816 μαθηταὶ
1532 2745 1791 2816 ἐξαίφνης

202 2836 450 2902 ἐγένοντο
477 2832 790 2887 διδάσκαλοι
818 2847 831 2861 ⁸
869 2833 970 2886 ούκ
996 2833 1237 2905 ἥκουσαν
1267 2833 1427 2902 μόνον
1456 2832 1564 2886 τῶν
1593 2833 1788 2900 λόγων,

198 2925 326 2980 ἀλλά
367 2923 474 2978 καὶ
503 2923 640 2995 πρὸς
686 2921 785 2992 τὴν
813 2921 982 2992 αὐτὴν
1032 2922 1275 2992 κορυφὴν
1308 2920 1386 2991 τῷ
1408 2921 1604 2991 Παύλῳ
1628 2921 1792 2989 ἐφθα-

201 3031 315 3068 σαν.
361 3012 512 3066 Ἀλλ’
560 3012 716 3065 οὐδὲν
769 3011 931 3064 τοῦτο
956 3009 1091 3081 πρὸς
1123 3010 1183 3063 τὸ
1213 3010 1360 3080 ἑξῆς·
1397 3011 1499 3080 ὅρα
1548 3012 1658 3080 γὰρ
1687 3009 1790 3064 ποῦ

198 3102 390 3164 αὐτοὺς
420 3101 614 3169 ἀνάγει
641 3099 813 3167 λέγων
844 3115 858 3128 ·
895 3097 1153 3167 Μιμηταὶ
1191 3097 1473 3166 ἐγένεσθε
1520 3097 1628 3151 τοῦ
1676 3101 1793 3151 Κυ-

189 3193 346 3258 ρίου.
380 3188 510 3252 Πῶς
539 3205 552 3253 ;
583 3187 902 3254 Δεξάμενοι
928 3187 1035 3238 τὸν
1061 3186 1250 3255 λόγον
1273 3185 1586 3253 ἐνθλιψει
1643 3189 1791 3239 πολ-

195 3278 299 3344 λῇ,
324 3279 476 3346 μετὰ
507 3273 700 3345 χαρᾶς
728 3275 1078 3342 Πνεύματος
1103 3273 1299 3343 ἁγίου.
1333 3273 1450 3343 Οὐχ
1478 3272 1666 3336 ἁπλῶς
1699 3289 1792 3343 με·

193 3369 265 3420 τὰ
321 3367 578 3435 θλίψεως,
614 3363 752 3417 ἀλλά
787 3363 928 3432 μετά
980 3350 1202 3433 πολλῆς.
1261 3361 1372 3414 Καὶ
1415 3361 1590 3415 ἔνεστι
1636 3362 1792 3416 τοῦτο

197 3457 301 3509 ἀπὸ
331 3455 446 3508 τῶν
493 3453 754 3527 Πράξεων
801 3454 910 3506 τῶν
971 3453 1346 3507 ἀποστολικῶν
1404 3452 1619 3522 μαθεῖν,
1673 3452 1790 3517 πῶς

197 3547 503 3615 ἐπήγειραν
531 3542 622 3596 τὸν
662 3541 904 3611 διωγμὸν
940 3539 1027 3592 ἐπ’
1055 3539 1252 3603 αύτούς
1281 3555 1294 3570 ο
1330 3571 1400 3579 -
1426 3539 1534 3593 Καὶ
1563 3541 1788 3613 πάντας,

199 3634 358 3703 φησὶ,
385 3633 516 3694 τοὺς
551 3629 884 3700 πολιτάρχας
915 3625 1206 3698 ἐτάραξαν,
1240 3628 1332 3680 καὶ
1359 3625 1458 3698 τὴν
1507 3627 1661 3682 πόλιν
1695 3629 1793 3682 άν-

195 3720 526 3789 ιπτὲρωσαν
560 3720 679 3772 κατ’
705 3716 905 3772 αὐτῶν.
948 3717 1058 3769 Καὶ
1100 3715 1198 3768 οὐκ
1251 3715 1398 3767 ἔστιν
1460 3717 1655 3782 εἰπεῖν,
1712 3717 1792 3769 ὅτι

205 3807 498 3875 Ἐθλίόητε
545 3805 639 3875 μὲν
676 3805 770 3858 καὶ
803 3802 1180 3867 ἐπιστεύσατε,
1217 3803 1510 3868 ἀλγοῦντες
1553 3804 1632 3866 δὲ,
1659 3803 1794 3856 ἀλλά

194 3900 294 3956 καὶ
347 3897 628 3967 χαίροντες
650 3894 876 3965 σφόδρα.
905 3894 1081 3964 Ὅπερ
1125 3893 1219 3945 καὶ
1258 3895 1308 3944 οἱ
1334 3893 1619 3946 ἀπόστολοι
1652 3894 1794 3947 ἐποί-

192 4001 308 4040 ουν⁸
343 3985 689 4052 Χαίροντες,
741 3981 930 4054 φησὶν,
982 3981 1071 4033 ὅτι
1125 3980 1584 4048 κατηξιώθησαν
1637 3982 1790 4052 ὑπὲρ

195 4074 303 4128 τοῦ
337 4073 636 4141 ὀνόματος
688 4069 794 4123 τοῦ
829 4066 1090 4136 Χμστοῦ
1125 4067 1544 4136 ἀτιμασθῆναι.
1589 4069 1663 4122 Τὸ
1684 4074 1793 4141 γαρ

195 4160 541 4232 θαυμαστὸν,
567 4158 725 4211 τοῦτό
752 4159 901 4209 ἐστιν
931 4171 946 4185 °
999 4155 1049 4206 εἰ
1080 4156 1174 4207 καὶ
1225 4155 1348 4207 οῦδέ
1375 4157 1552 4209 ἐκεῖνο
1577 4158 1791 4229 μικρὸν,

194 4251 254 4302 τὸ
307 4250 502 4320 φέρειν
537 4247 890 4315 ὁπωσδήποτε
943 4243 1150 4312 θλίψεις
1184 4259 1198 4273 ο
1246 4245 1481 4298 τοῦτοδὲ
1531 4247 1631 4318 ἤδη
1688 4247 1796 4300 τῶν

193 4345 292 4413 τὴν
331 4339 692 4411 ἀνθρωπίνην
729 4338 890 4406 φύσιν
934 4337 1372 4409 ὑπερϐαινόντων
1417 4334 1508 4409 ἦν,
1551 4342 1646 4393 καὶ
1681 4341 1793 4394 ῶσ-

196 4447 299 4500 περ
315 4427 532 4489 ἀπαθὲς
556 4427 714 4496 σῶμα
732 4427 980 4496 ἐχόντων.
1001 4426 1123 4489 Πῶς
1134 4425 1190 4479 δὲ
1221 4428 1454 4496 μιμηταὶ
1477 4427 1569 4480 τοῦ
1589 4431 1793 4498 Κυρίου

196 4519 486 4585 ἐγένοντο;
524 4515 646 4567 Ὅτι
693 4517 787 4566 καὶ
814 4514 973 4576 αὐτὸς
993 4513 1160 4566 πολλά
1181 4514 1480 4583 παθήματα
1515 4515 1792 4589 ὑπέμεινε,

197 4605 288 4658 καὶ
317 4605 424 4657 οὐκ
453 4602 631 4674 ἡλγει,
665 4600 779 4654 ἀλλ’
805 4599 1018 4671 ἔχαιρεν
1045 4616 1058 4629 ·
1100 4599 1240 4654 ἑκὼν
1265 4600 1373 4672 γὰρ
1402 4601 1493 4654 ἐπὶ
1522 4603 1679 4657 τοῦτο
1700 4606 1797 4676 ἥρ-

196 4709 337 4763 χετο.
367 4690 452 4744 Δι’
490 4691 638 4760 ἡμᾶς
685 4689 874 4742 ἐαυτὸν
935 4690 1226 4753 ἐκένωσεν,
1271 4688 1496 4760 ἔμελλεν
1557 4692 1798 4762 ἐμπτύει-

197 4781 320 4834 σθαι
374 4779 474 4833 καὶ
517 4777 861 4848 ῥαπίζεσθαι,
895 4776 1291 4848 σταυροῦσθαι·
1325 4778 1420 4831 καὶ
1443 4778 1614 4843 οὕτως
1646 4781 1797 4852 ἔχαι-

195 4885 254 4940 ρε
310 4867 495 4920 ταῦτα
550 4866 797 4934 πάσχων,
845 4864 920 4928 ὡς
949 4865 1026 4935 τῷ
1065 4865 1239 4935 Πατρὶ
1290 4866 1491 4934 λέγειν’
1521 4869 1796 4932 Δόξασόν

186 4951 1201 5025 με.Μετὰχορᾶς,φησὶ,[1νεύματος
1227 4953 1417 5022 ἁγίου.
1451 4955 1569 5009 Ἵνα
1605 4958 1679 5029 μή
1713 4976 1796 5021 τις
1832 5021 1834 5023 γ

194 5046 344 5118 εῖπῃο
379 5043 507 5105 Πῶς
540 5041 770 5110 θλίψεως
795 5039 1014 5109 λέγεις;
1055 5040 1172 5104 πῶς
1202 5042 1420 5112 χαρᾶς;
1450 5043 1566 5106 πῶς
1617 5045 1795 5114 ἀμφίς-

188 5150 331 5202 τερα
381 5131 466 5184 ἐνι
508 5129 818 5193 συνελθεῖν;
861 5131 1107 5198 ἐπήγαγε
1133 5145 1147 5158 ·
1181 5132 1342 5184 Μετὰ
1383 5129 1573 5200 χαρᾶς
1604 5135 1794 5188 [Iw-:15-

185 5238 388 5289 ματος
428 5219 620 5288 ἁγίου.
664 5215 729 5270 Ἦ
758 5216 936 5287 θλῖψις
969 5217 1026 5270 ἐν
1067 5219 1179 5280 τοῖς
1227 5222 1576 5288 σωματικοῖς,
1612 5221 1705 5274 καὶ¹
1757 5224 1791 5292 ἡ

190 5309 345 5380 χαρά
377 5310 440 5361 ἐν
465 5309 574 5371 τοῖς
600 5307 1010 5375 πνευματικοῖς.
1043 5307 1200 5369 Πῶς;
1227 5306 1309 5358 Τά
1361 5306 1460 5377 μὲν
1509 5309 1788 5378 γινόμενα,

191 5397 457 5467 ),υπηρά’
499 5395 568 5447 τὰ
593 5394 649 5447 δέ
677 5395 736 5460 ἐξ
767 5393 946 5446 αὐτῶν
974 5393 1288 5456 τικτόμενα,
1317 5394 1498 5448 ούκέτι
1523 5412 1536 5426 ·
1567 5397 1627 5448 οὑ
1679 5398 1789 5469 γὰρ

191 5486 396 5555 ἀφίησι
425 5485 487 5537 τὺ
513 5482 760 5552 Πνεῦμα.
793 5482 955 5533 Ὥστε
1002 5480 1176 5532 ἔνεστι
1224 5482 1318 5534 καὶ
1379 5483 1655 5552 πάσχοντα
1713 5493 1789 5556 μη

191 5573 436 5644 χαίρειν,
465 5573 594 5625 ὅταν
626 5569 767 5636 ὑπὲρ
822 5568 1238 5638 ἁμαρτημάτων
1290 5587 1374 5632 τις
1433 5573 1614 5644 πάσχῃ
1642 5589 1656 5602 .
1693 5578 1789 5628 καὶ

192 5661 608 5733 μαστιζόμενον
687 5656 934 5729 ⁴ῖγδεσθαι,
978 5657 1106 5711 ὅταν
1157 5655 1245 5712 διὰ
1295 5659 1385 5712 τὸν
1432 5662 1664 5733 Χριστόν
1706 5681 1789 5728 τις

190 5753 410 5819 πάσχῃ.

261 5843 335 5906 γ’.
368 5836 610 5906 Τοιαύτη
637 5834 746 5904 γάρ
776 5837 809 5904 ἡ
838 5833 933 5888 τοῦ
974 5835 1283 5901 Πνεύματος
1316 5837 1460 5909 χαρά
1482 5855 1495 5868 ο
1528 5841 1648 5893 ἀντὶ
1679 5843 1786 5898 τῶν

183 5925 503 5978 δοκούντων
534 5920 674 5976 εἶναι
723 5923 962 5993 ἀνιαρῶν
983 5964 997 5987 ,
1031 5922 1222 5992 ἐκφύει
1247 5923 1343 5992 τὴν
1372 5926 1585 5993 ἡδονὴν.
1603 5930 1783 5983 Ἔθλι,

184 6016 297 6088 qm
325 6015 506 6086 ὑμᾶς,
550 6013 707 6086 φησὶ,
735 6017 828 6068 καὶ
858 6013 1105 6085 ἐδίωξαν,
1131 6013 1246 6068 ἀλλ’
1275 6013 1374 6070 οὐκ
1400 6015 1610 6088 ἀφῆκεν
1641 6021 1786 6092 ὑμᾶς

1079 527 1144 581 IN
1181 525 1401 584 EPIST.
1437 526 1458 580 Ι
1495 525 1584 580 AD
1622 519 1958 577 THESSAL.
1999 520 2150 576 CAP.
2193 522 2230 576 Ι.
2276 523 2506 581 ΗΟΜΙΙ..
2547 528 2588 582 1.

3360 519 3480 574 596?

1889 637 1950 690 τὸ
1981 636 2130 710 [429]
2161 639 2383 710 Πνεῦμα
2406 644 2526 695 ούδέ
2554 646 2611 696 ἐν
2636 643 2862 707 ἐκείνοις
2885 660 2897 672 ·
2918 640 3030 695 ἀλλ’
3052 639 3198 692 ῶσπε
3207 656 3238 708 ρ
3261 639 3318 692 ἐν
3335 637 3467 706 πυρὶ

1890 726 2226 797 ἐδροσίζοντο
2254 731 2300 780 οἱ
2323 729 2509 791 παῖδες
2535 731 2584 782 οἱ
2618 733 2786 800 τρεῖς,
2813 730 2953 784 οὕτω
2975 727 3065 782 καὶ
3089 727 3246 797 ὑμεῖς
3267 727 3324 778 ἐν
3343 727 3470 786 ταῖς

1891 814 2154 884 θλίψεσιν.
2181 817 2392 887 Ὥσπερ
2418 817 2472 870 δὲ
2508 819 2624 870 ἐκεῖ
2641 820 2825 888 ούτῆς
2846 819 2940 871 τοῦ
2969 819 3136 888 πυρὸς
3164 815 3378 885 φύσεως
3405 811 3470 865 τδ

1889 903 2186 973 δροσίζειν,
2221 904 2357 956 ἀλλά
2405 905 2498 956 τοῦ
2548 905 2864 975 Πνεύματος
2909 906 3014 958 τοῦ
3041 903 3466 974 διασυρίζοντοςο

1889 989 2031 1043 οὕτω
2063 990 2157 1042 καὶ
2186 990 2441 1053 ἐνταῦθα,
2478 991 2538 1043 ού
2572 992 2672 1062 τῆς
2706 992 2922 1061 φύσεως
2963 994 3061 1062 τῆς
3119 991 3351 1060 θλίψεως
3408 985 3470 1040 το

1888 1079 1987 1150 τὴν
2009 1079 2185 1150 χαράν
2210 1081 2435 1145 τίκτειν,
2453 1080 2589 1134 ἀλλά
2611 1080 2704 1134 τοῦ
2733 1082 2821 1136 διὰ
2844 1083 2934 1136 τὸν
2960 1081 3192 1152 Χριστὸν
3219 1081 3465 1149 πάσχειν,

1889 1168 1982 1220 καὶ
2006 1168 2102 1221 τοῦ
2153 1167 2466 1238 Πνεύματος
2498 1171 2592 1222 τοῦ
2625 1169 2983 1240 δροσίζοντος,
3016 1169 3110 1222 καὶ
3136 1158 3226 1221 δι’ὀι
3251 1168 3350 1236 τῆς
3371 1184 3471 1219 κα-

1892 1255 2048 1325 μίνου
2073 1255 2180 1308 τῶν
2207 1257 2528 1327 πειρασμῶν
2558 1259 2616 1309 ἐν
2647 1259 2828 1310 ἀνέσει
2857 1257 3150 1320 ποιοῦντος.
3186 1256 3344 1310 Μετὰ
3373 1271 3471 1322 χα-

1882 1342 2017 1410 ρᾶς,
2061 1344 2247 1414 φησὶν,
2276 1344 2374 1415 οὐχ
2415 1343 2625 1410 ἁπλῶς,
2680 1344 2817 1397 ἀλλά
2867 1343 3071 1413 πολλῆς
3098 1360 3111 1372 ·
3155 1343 3313 1396 τοῦτο
3360 1341 3471 1412 γάρ

1889 1430 2006 1482 ἐστι
2054 1432 2400 1500 Πνεύματος
2447 1433 2639 1501 ἁγίου.
2669 1433 2850 1486 Ὥστε
2882 1432 3160 1501 γενέσθαι
3187 1429 3342 1496 ὑμᾶς
3367 1430 3469 1481 τύ-

1889 1534 2044 1584 πους
2069 1517 2222 1573 πᾶσι
2271 1519 2398 1585 τοῖς
2440 1520 2841 1574 πιστεύουσιν
2897 1521 2966 1573 ἐν
2999 1518 3076 1587 τῇ
3131 1516 3470 1582 Μακεδονίᾳ

1888 1603 1989 1656 καὶ
2029 1605 2245 1673 Ἀχαΐα.
2285 1606 2395 1658 Καὶ
2445 1607 2552 1676 μὴν
2571 1608 2630 1659 ἐν
2659 1607 2873 1678 ὑστέρῳ
2903 1589 3037 1678 ἦλθε
3063 1606 3199 1676 πρὸς
3250 1603 3467 1665 αὐτούς’

1889 1691 2006 1743 ἀλλ’
2039 1691 2211 1756 οὕτως
2246 1692 2544 1763 ἐλάμψατε,
2605 1694 2790 1763 φησὶν,
2822 1693 2898 1757 ὡς
2928 1693 3037 1746 τῶν
3084 1691 3470 1763 προλαϐόντων

1890 1779 2140 1847 γενέσθαι
2195 1780 2526 1836 διδάσκαλοι.
2575 1781 2686 1834 Καὶ
2744 1781 2903 1835 τοῦτο
2953 1781 3329 1836 ἀποστολικόν.
3393 1781 3468 1832 Οὔ

1889 1869 1997 1939 γάρ
2029 1863 2204 1921 εἶπεν·
2241 1869 2403 1922 Ὥστε
2436 1869 2640 1933 τύπους
2673 1871 2926 1939 γενέσθαι
2958 1871 3094 1941 πρὸς
3138 1871 3200 1923 τὸ
3245 1869 3468 1923 πιστεῦ-

1893 1972 2003 2018 σαι,
2049 1955 2184 2009 άλλά
2211 1959 2320 2019 τοῖς
2351 1957 2450 2026 ἤδη
2481 1957 2793 2010 πιστεύουσι
2821 1957 2990 2020 τύπος
3020 1956 3269 2024 ἐγένεσθε
3291 1971 3303 1984 ·
3345 1973 3472 2009 του-

1889 2046 2064 2098 τέστι·
2097 2045 2221 2109 Πῶς
2249 2046 2331 2099 δεῖ
2381 2046 2657 2100 πιστεύειν
2683 2049 2762 2112 εἰς
2807 2047 2939 2101 Θεὸν
2975 2049 3132 2116 ὑμεῖς
3172 2045 3473 2111 ἐδιδάξατε,

1890 2136 1938 2186 οἱ
1980 2132 2088 2186 ἀπὸ
2115 2134 2413 2205 προοιμίων
2449 2137 2529 2199 εἰς
2551 2137 2678 2199 τοὺς
2704 2136 2923 2204 ἀγῶνας
2955 2135 3245 2202 ἐμϐάντες.
3278 2133 3473 2187 Καὶέν

1891 2220 1965 2290 τῇ
2007 2222 2234 2290 Ἀχαίᾳ,
2258 2223 2390 2292 φησί
2418 2239 2430 2251 ·
2461 2223 2727 2282 τουτέστι.
2760 2227 2826 2295 τῇ
2871 2223 3102 2280 Ἑλλάδι.
3148 2224 3310 2293 Ὀρᾷς
3347 2222 3473 2274 ὅσον

1890 2310 2008 2364 ἐστὶ
2040 2311 2318 2382 προθυμία
2344 2329 2358 2377 ;
2391 2313 2509 2365 Ὀτι
2548 2314 2739 2382 χρόνου
2768 2313 2829 2366 οὐ
2859 2313 3051 2376 δεῖται,
3108 2313 3229 2368 οὐδὲ
3271 2311 3471 2382 μελλήέ

1894 2414 2054 2464 σεως,
2095 2398 2216 2452 ούδέ
2248 2397 2516 2468 ἀναϐολῆς
2537 2416 2551 2430 ο
2583 2399 2698 2452 ἀλλ’
2745 2402 2906 2470 ἀρκεῖ
2937 2401 3284 2472 παραστῆσαι
3313 2399 3473 2468 μόνον

1892 2485 2105 2548 ἐαυτὸν,
2148 2487 2240 2539 καὶ
2273 2486 2451 2540 πάντα
2475 2487 2723 2558 ἣνυσται.
2795 2485 2952 2540 Οὕτω
3000 2487 3130 2556 γοῦν
3173 2490 3269 2540 καὶ
3324 2485 3470 2540 οὗτοι

1893 2571 2119 2644 ὕστερον
2154 2574 2544 2646 προσελθόντες
2588 2575 2664 2644 τῷ
2710 2575 3048 2645 κηρύγματι,
3096 2575 3205 2628 τῶν
3237 2575 3472 2647 πρώτων

1893 2658 2138 2726 ἐγένοντο
2215 2652 2541 2714 ἃδάσκαλοί.
2599 2662 2809 2732 Μηδεὶς
2865 2657 2958 2715 οὖν
3013 2662 3467 2730 ἀπογινωσκέτω·

1891 2746 1993 2799 κάν
2039 2746 2211 2800 πολὺν
2254 2747 2534 2813 ἀναλώσας
2562 2749 2752 2820 χρόνον
2801 2750 2968 2820 μηδὲν
3004 2751 3380 2822 ἐργασάμενος
3408 2745 3466 2823 ᾖ,

1890 2832 2097 2887 ἔνεστιν
2130 2835 2278 2906 αύτῷ
2309 2839 2403 2890 καὶ
2429 2836 2516 2890 διὰ
2549 2835 2748 2908 μικροῦ
2799 2837 3050 2890 τοσοῦτον
3111 2837 3466 2908 ἐργάσασθαι,

1890 2922 2014 2976 ὅσον
2039 2923 2160 2976 ούδέ
2186 2926 2244 2977 ἐν
2274 2924 2352 2994 τῷ
2383 2924 2690 2996 ἔμπροσθεν
2722 2925 2926 2996 χρόνῳ.
2952 2926 3014 2978 Εἰ
3040 2926 3158 2996 γὰρ·
3183 2929 3211 2979 ὁ
3244 2926 3484 2997 μηδέπω-

1892 3010 2210 3074 πιστεύσας,
2261 3011 2515 3064 τοσοῦτον
2547 3011 2790 3083 ἔλαμψεν
2823 3014 2881 3066 ἐν
2906 3014 3070 3085 ἀρχῇ,
3104 3013 3283 3084 πολλῷ
3333 3015 3467 3084 μάλρ

1889 3097 1980 3150 λον
2006 3099 2054 3150 οἱ
2087 3099 2188 3167 ἤδη
2231 3099 2637 3164 πιστεύσαντες.

1961 3185 2168 3254 Μηδεὶς
2223 3185 2386 3258 πάλιν
2430 3185 2588 3240 τοῦτο
2631 3186 2828 3241 ἐννοῶν
2881 3186 3216 3258 ῥαθυμείτω,
3273 3186 3462 3258 μαθὼν

1893 3275 1971 3328 ὃτι
2003 3273 2120 3338 ἐξὸν
2151 3277 2209 3328 ἐν
2244 3259 2435 3345 β’ραχεῖ
2467 3278 2643 3347 χρόνῳ
2685 3277 2748 3329 τὸ
2783 3279 2892 3331 πᾶν
2931 3277 3375 3347 ἀνακτήσασθαι·
3408 3279 3468 3331 τὸ
3511 3321 3514 3328 .

1898 3361 2008 3432 γὰρ
2046 3361 2236 3431 μέλ).ον
2263 3363 2476 3433 ἄδηλον,
2505 3363 2601 3425 καὶ
2632 3362 2872 3436 κλέπτης
2908 3365 3057 3418 ἐστὶν
3091 3367 3133 3435 ἡ
3157 3366 3341 3437 ἡμέρα
3368 3366 3466 3418 τοῦ

1898 3449 2132 3518 Κυρίου,
2155 3449 2348 3520 ἀθρόον
2375 3451 2507 3520 ἡμῖν
2533 3450 2886 3504 καθεύδουσιν
2927 3452 3279 3523 ἐπιτιθεμένη
3303 3471 3317 3483 ·
3352 3452 3467 3506 ἀλλ’

1891 3535 1988 3588 ἐὰν
2014 3536 2089 3607 μὴ
2121 3537 2488 3607 καθεύδωμεν,
2504 3539 2602 3607 ούχ
2617 3537 2692 3602 ῶς
2709 3538 2947 3609 κλέπτης
2968 3542 3101 3610 ἡμῖν
3121 3541 3468 3612 ἐπιθήσεται,

1892 3624 2012 3676 οὐδὲ
2031 3625 2550 3694 ἀπαρασκευάστους
2573 3625 2794 3690 ἀπάξει.
2829 3627 2955 3680 Ἐὰν
2975 3630 3084 3698 γάρ
3105 3629 3472 3700 γρηγορῶμεν

1893 3713 1992 3765 καὶ
2025 3712 2305 3782 νήφωμεν,
2341 3712 2526 3766 οὐκέτι
2559 3715 2691 3784 ἡμῖν
2721 3713 2798 3777 ὼς
2839 3714 3079 3785 κλέπτης
3127 3715 3467 3788 ἐπιθήσεται.

1895 3797 2014 3852 ἀλλ’
2045 3797 2121 3862 ὡς
2150 3799 2383 3868 ἄγγελος
2425 3799 2702 3870 βασιλικὸς
2731 3800 2910 3854 καλῶν
2931 3803 3079 3872 ἡμᾶς
3107 3804 3200 3856 ἐπὶ
3226 3804 3298 3858 τὰ
3324 3805 3466 3875 ’ἢτοι⁹

1896 3886 2160 3958 μασμένα
2190 3887 2320 3957 ἡμῖν
2347 3886 2528 3956 ἀγαθά
2549 3902 2564 3920 ·
2612 3887 2678 3941 ἂν
2706 3889 2763 3942 δέ
2810 3889 3182 3962 καθεύδωμεν,
3219 3891 3297 3957 ὡς
3345 3893 3470 3946 κλέ-

1896 3991 2040 4045 πτης
2086 3974 2391 4044 ἐφίσταται.
2429 3974 2634 4044 Μηδεὶς
2677 3975 2856 4029 τοίνυν
2906 3975 3232 4040 καθευδέτω,
3281 3978 3470 4048 μηδεὶς

1893 4062 2065 4133 ἀργὸς
2108 4061 2247 4116 ἔστω
2286 4063 2421 4134 πρὸς
2470 4063 2703 4134 ἀρετήν·
2757 4063 2914 4118 τοῦτο
2940 4064 3049 4136 γάρ
3088 4066 3249 4118 ἐστιν.
3282 4065 3467 4131 ὕπνος.

1895 4146 2010 4199 Ούκ
2044 4146 2180 4213 ῐστε,
2215 4145 2343 4199 ὅταν
2371 4144 2742 4217 καθεύδωμεν,
2775 4147 2893 4212 πῶς
2923 4149 3023 4201 ούκ
3051 4147 3196 4202 ἐστιν
3218 4150 3274 4202 ἐν
3295 4150 3471 4219 ἀσφα-

1894 4232 1978 4286 λεῖ
2002 4233 2072 4287 τὰ
2101 4233 2368 4305 ἡμέτερα,
2388 4233 2507 4296 πῶς
2539 4233 2992 4298 εύεπιϐούλευτα;
3025 4237 3152 4289 ὅταν
3180 4236 3237 4290 δέ
3259 4252 3469 4308 γρηγο-

1898 4321 2106 4394 ρῶμεν,
2133 4324 2195 4376 ού
2222 4323 2304 4376 δεῖ
2329 4323 2600 4394 τοσαύτης
2625 4325 2758 4394 ἡμῖν
2780 4324 3048 4394 φυλακῆς.
3084 4325 3253 4378 Ὅταν
3274 4325 3476 4379 καθεύ-

1894 4411 2095 4482 δωμεν,
2131 4411 2222 4464 καὶ
2254 4409 2392 4480 μετά
2431 4410 2633 4482 πολλῆς
2662 4410 2911 4481 φυλακῆς
2953 4411 3307 4483 ἀπολλύμεθα
3341 4414 3470 4466 πολ-

1895 4498 2082 4562 λάκις⁸
2111 4499 2206 4552 καὶ
2239 4497 2400 4567 θύραι
2435 4499 2527 4551 καὶ
2559 4498 2749 4568 μοχλοὶ
2782 4499 2878 4551 καὶ
2923 4498 3161 4569 φύλακες
3199 4500 3292 4553 καὶ¹
3332 4518 3469 4573 προ-

1897 4586 2156 4655 φύλακες,
2189 4586 2287 4639 καὶ
2331 4587 2479 4656 ὅμως
2514 4586 2835 4657 ἐπεισῆλθεν
2863 4588 2892 4640 ό
2935 4587 3175 4658 κλέπτης
3220 4598 3268 4642 ⁸.
3304 4589 3370 4642 Τί
3403 4589 3469 4660 δὴ

1895 4677 2065 4732 ταῦτα
2089 4677 2267 4746 λέγως
2299 4677 2416 4731 Ὀτι
2440 4679 2507 4731 ἂν
2537 4678 2922 4750 γρηγορῶμεν,
2949 4680 3010 4733 ού
3045 4679 3349 4751 δεησόμεθα
3369 4681 3469 4752 τῆς

1897 4764 2098 4834 ἐτέρων
2131 4764 2383 4834 βοηθείας
2407 4781 2420 4794 ·
2458 4765 2524 4819 ἂν
2562 4765 2618 4818 δὲ
2654 4765 3024 4837 καθεύδωμεν,
3063 4768 3215 4820 οὐδὲν
3253 4769 3400 4839 ἡμᾶς
3433 4771 3467 4838 ἡ

1896 4853 2100 4924 ἐτέρων
2128 4853 2311 4922 ὀνήσει
2343 4853 2588 4923 βοήθεια,
2617 4852 2752 4906 ἀλλά
2793 4855 2886 4908 καὶ
2920 4855 3035 4926 μετ’
3062 4855 3277 4926 ἐκείνης
3305 4856 3470 4909 ἀπολ-

1895 4939 2128 5010 λύμεθα.
2178 4939 2357 4994 Καλὸν
2408 4941 2572 5011 εύχῆς
2628 4942 2922 4995 ἀπολαύειν
2966 4946 3066 5014 τῆς
3113 4942 3223 4995 τῶν
3275 4944 3467 5012 ἁγίων,

1894 5029 2032 5089 ἀλλ’,
2061 5029 2188 5082 ὅταν
2220 5028 2314 5080 καὶ
2345 5028 2496 5081 αὐτοὶ
2535 5031 2759 5101 ἐνεργοὶ·
2785 5025 2955 5101 ὦμεν.
2989 5031 3098 5083 Καὶ
3147 5029 3198 5083 τί
3227 5049 3316 5100 μοι
3366 5031 3466 5093 δεῖ,

1895 5115 2082 5186 φησὶν,
2107 5116 2272 5186 εὐχῆς
2299 5115 2400 5186 τῆς
2442 5119 2577 5188 παρ’
2615 5118 2838 5190 ἐτέρων,
2883 5119 3009 5170 ὅταν
3035 5117 3253 5188 ἐνεργὸς
3278 5111 3345 5182 ὦ,
3373 5121 3469 5172 καὶ

1897 5207 1972 5276 μὴ
2003 5205 2336 5274 καταστήσω
2379 5205 2616 5274 ἐμαυτὸν
2657 5207 2715 5257 ἐν
2765 5206 2959 5276 χρείᾳ;
3006 5202 3156 5276 14⁸50]
3190 5204 3323 5258 Οὐδὲ
3358 5205 3468 5273 ἐγὼ

1893 5291 2154 5361 βούλομαι
2173 5309 2188 5324 ⁸
2217 5291 2338 5345 ἀλλ’
2356 5292 2443 5344 ἀεὶ
2465 5293 2523 5344 ἐν
2549 5293 2707 5364 χρείᾳ
2729 5293 2915 5362 ἐσμὲν,
2945 5291 3042 5345 ἐὰν
3070 5287 3129 5344 εὖ
3155 5291 3465 5362 φρονῶμεν.

1891 5383 2103 5446 Παῦλος
2135 5383 2234 5436 οὐκ
2268 5378 2412 5435 εἴπεο
2445 5383 2511 5434 Τί
2552 5401 2640 5454 μοι
2681 5383 2762 5436 δεῖ
2791 5383 2988 5452 εὐχῆς;
3018 5383 3195 5435 καίτοι
3241 5399 3304 5451 γε
3357 5384 3468 5436 τῶν

1890 5470 2202 5542 εὐχομένων
2237 5472 2337 5524 ούκ
2377 5472 2546 5524 ὄντων
2577 5471 2743 5537 ἀξίων
2772 5470 2964 5534 αὐτοῦ,
3005 5471 3209 5541 μᾶλλον
3245 5472 3302 5524 δὲ
3344 5473 3466 5525 οὐδὲ

1890 5560 2024 5611 ἴσων
2049 5573 2062 5588 ⁸
2097 5560 2190 5611 καὶ
2220 5559 2284 5611 σὺ
2330 5558 2527 5627 λέγεις·
2561 5559 2624 5610 Τί
2652 5576 2742 5628 μοι
2780 5558 2862 5611 δεῖ
2882 5559 3079 5629 εύχῆς;
3123 5561 3329 5629 Πέτρος
3364 5563 3466 5614 ούκ

1889 5643 2032 5700 εἷπε·
2067 5647 2132 5699 Τί
2170 5665 2258 5716 μοι
2282 5648 2363 5700 δεῖ
2392 5647 2558 5718 εὐχῆς
2579 5665 2594 5708 ;
2619 5647 2787 5715 Εὺχὴ
2816 5647 2924 5717 γάρ
2955 5643 3044 5716 ἦν,
3089 5649 3275 5716 φησὶν,
3303 5649 3466 5702 ἑκτεο

1887 5731 2002 5800 νὴς
2028 5733 2308 5803 γινομένη
2343 5735 2461 5788 ὑπὸ
2491 5733 2600 5801 τῆς
2635 5735 2994 5802 Ἐκκλησίας
3021 5734 3170 5802 πρὸς
3194 5735 3300 5788 τὸν
3318 5736 3479 5789 Θεόνί

1953 5909 1978 5937 ⁸
2004 5907 2312 5957 Colberlinus
2335 5908 2484 5968 idem,
2530 5911 2762 5967 τοσαύτης
2787 5911 3009 5967 φυλακῆς.
3040 5909 3178 5957 Πόσα
3223 5911 3344 5958 τισὶν
3385 5911 3463 5958 ἐπ·

1887 5971 2053 6034 ἐνοήθη
2078 5972 2192 6034 προς
2216 5972 2453 6029 φυλακήν;
2483 5972 2582 6019 οἷον
2605 5973 2754 6034 θύραι,
2780 5974 2964 6032 μοχλοὶ,
3008 5973 3206 6032 φύλακες
3249 5973 3327 6019 καὶ
3349 5989 3472 6034 1:90-

1887 6031 2125 6095 φύλακες(
2142 6031 2268 6082 Ἀλλ’
2291 6035 2419 6096 ὅμως
2452 6035 2530 6082 καὶ
2557 6031 2675 6096 μετὰ
2699 6031 2930 6092 τοσαύτης
2953 6031 3160 6096 φυλακῆς
3177 6036 3251 6085 ἐπ.
3281 6037 3306 6082 ὁ
3329 6031 3409 6083 ad;
