3964 6506
274 516 384 574 397

274 628 511 691 dicebat,
541 606 677 689 Quid
710 614 833 671 mihi
878 626 1010 683 opus
1052 620 1129 665 est
1169 607 1465 678 precibus?
1504 605 1710 662 etiamsi
1756 602 1844 672 qui

278 716 640 790 precabantur
666 723 768 762 non
798 712 978 760 essent
1004 701 1098 755 illo
1124 699 1289 768 digni,
1316 699 1423 752 imo
1451 711 1577 751 vero
1606 710 1673 749 ne
1693 707 1850 764 pares

275 785 495 881 quidem
526 821 541 857 :
570 811 627 857 et
653 809 709 853 tu
748 797 903 858 dicis.
933 792 1068 862 Quid
1099 792 1227 845 mihi
1268 806 1400 859 opus
1442 797 1528 843 est
1553 786 1805 881 precibus
1830 785 1852 837 ?

277 878 474 957 Petrus
496 909 601 949 non
618 892 770 955 dixit,
794 886 932 954 Quid
956 886 1081 940 mihi
1107 899 1240 954 opus
1258 893 1338 937 est
1360 881 1636 951 precibus?
1662 878 1845 932 Oratio

277 993 451 1051 etaim,
483 986 674 1055 inquit,
707 983 861 1052 ﬁebat
902 981 1009 1033 sine
1033 977 1398 1030 intermissione
1426 974 1487 1027 ab
1519 972 1746 1027 Ecclesia
1788 971 1854 1023 ad

281 1084 454 1137 Deunt
486 1096 576 1149 pro
606 1094 666 1131 eo
698 1076 851 1145 (Act.
887 1072 973 1126 19..
1006 1072 1038 1126 5
1066 1070 1083 1140 )
1117 1087 1130 1123 :
1172 1080 1225 1123 et
1266 1077 1323 1122 tu
1359 1067 1492 1121 dicis
1515 1110 1531 1133 ,
1563 1065 1695 1132 Quid
1728 1064 1855 1119 mihi

280 1189 425 1243 opus
455 1181 536 1226 est
568 1168 811 1239 precibus
841 1165 862 1218 ἲ
889 1164 1169 1231 Propterea
1203 1160 1295 1213 tibi
1320 1173 1454 1226 opus
1480 1166 1581 1219 est,
1608 1156 1858 1225 quaniam

281 1264 567 1318 existimas
596 1270 645 1313 te
675 1273 779 1311 non
827 1270 959 1323 Opus
996 1252 1213 1305 habere.
1262 1249 1477 1303 Etiamsi
1524 1247 1684 1301 fueris
1724 1247 1861 1300 sicut

283 1355 511 1417 Paulus,
543 1364 676 1419 opus
703 1347 865 1400 habes
897 1343 1156 1413 precibus.
1183 1341 1260 1395 Ne
1290 1350 1340 1394 te
1360 1339 1606 1399 extollas,
1641 1352 1706 1391 ne
1732 1337 1859 1391 red-

284 1446 438 1500 daris
467 1440 703 1498 humilis.
737 1437 876 1499 Sed,
911 1446 970 1489 ut
998 1435 1127 1498 dixi,
1160 1434 1204 1487 si
1236 1433 1402 1486 simus
1430 1430 1643 1499 quidem
1672 1429 1867 1485 intenti

284 1536 463 1608 aperi.
488 1548 676 1605 preces
704 1546 798 1600 pro
830 1528 982 1582 nobis
1010 1527 1218 1581 emissa:
1244 1524 1449 1593 juvant.
1476 1521 1609 1575 Audi
1644 1521 1859 1574 Paulum

285 1630 555 1682 dicentem
592 1641 604 1677 :
635 1623 753 1678 Scio
775 1622 904 1673 enim
930 1619 1064 1689 quod
1084 1618 1178 1669 hoc
1198 1616 1321 1668 mihi
1350 1614 1601 1683 proveniet
1629 1613 1696 1664 ad
1723 1612 1858 1664 salu-

289 1728 394 1771 tem
416 1733 503 1787 per
522 1724 732 1767 vestram
752 1711 1029 1765 orationem
1049 1718 1092 1761 et
1109 1705 1615 1760 subministrationem
1642 1702 1864 1771 Spiritus

290 1811 421 1864 Jcstt
448 1806 631 1862 Christi
664 1807 681 1873 (
710 1804 941 1871 Philipp.
984 1801 1036 1855 1.
1074 1798 1142 1855 19
1176 1800 1233 1867 );
1280 1806 1335 1851 et
1370 1811 1576 1860 rursus,
1603 1795 1865 1864 Adjuvan-

296 1904 430 1956 tibus
479 1911 524 1954 et
574 1899 709 1951 vobis
762 1897 815 1949 in
866 1894 1091 1947 oratione
1142 1908 1232 1961 pro
1285 1890 1446 1943 nobis.
1479 1886 1547 1943 Ut
1592 1903 1654 1941 ea:
1698 1887 1865 1939 multis

298 1991 528 2056 personis
569 1990 679 2059 ejus
721 2002 832 2058 qua:
873 1986 924 2037 in
954 1984 1095 2036 nobis
1119 1990 1207 2055 ,εει
1237 1980 1520 2033 donationis
1557 1994 1644 2046 per
1685 1975 1868 2029 multos

291 2083 476 2152 gratia:
503 2090 717 2150 agantur
743 2093 833 2143 pro
862 2075 1003 2128 nobis
1031 2077 1045 2139 (
1076 2073 1129 2126 2.
1164 2073 1280 2125 Cor.
1307 2072 1357 2125 1.
1389 2067 1507 2141 11
1537 2069 1602 2124 Et
1627 2079 1678 2122 ttt
1710 2068 1866 2129 dicis,

294 2172 439 2238 Quid
472 2171 599 2225 mihi
631 2182 764 2236 opus
788 2177 868 2221 est
891 2164 1169 2220 oratione?
1197 2162 1287 2217 Sin
1316 2168 1490 2214 autem
1518 2159 1683 2213 simus
1711 2157 1866 2227 pigri,

293 2277 460 2317 nemo
503 2261 654 2315 nobis
682 2258 933 2328 prodesse
980 2256 1194 2325 poterit.
1223 2252 1357 2320 Quid
1387 2251 1579 2321 proluit
1614 2250 1870 2305 Jeremias

292 2354 542 2410 ludatis?
573 2366 749 2405 nonne
776 2359 856 2403 ter
883 2346 948 2402 ad
982 2348 1144 2401 Deum
1170 2345 1415 2409 accessit,
1447 2354 1500 2397 et
1522 2351 1603 2397 ter
1626 2341 1827 2396 audivit
1856 2358 1869 2396 :

297 2446 385 2501 Ne
416 2443 630 2514 preceris
657 2457 746 2494 nec
770 2455 911 2508 roges
940 2453 1031 2508 pro
1056 2438 1239 2505 papula
1265 2437 1359 2488 ista
1384 2475 1399 2502 ,
1429 2434 1665 2503 quoniam
1695 2448 1798 2485 non
1828 2442 1889 2491 te

294 2536 571 2590 exaudiant
599 2531 749 2600 (Jer.
781 2531 833 2583 7.
866 2530 930 2583 16
955 2526 974 2600 )
997 2529 1019 2581 ?
1046 2526 1181 2593 Quid
1208 2526 1353 2579 Sauli
1384 2525 1580 2592 profuit
1605 2521 1818 2577 Samuel
1848 2521 1870 2574 ?

298 2643 483 2683 notttte
512 2640 631 2679 cum
657 2621 789 2675 luxit
810 2635 974 2688 usque
993 2618 1058 2671 ad
1081 2627 1372 2671 extremum
1395 2614 1558 2675 diem.
1588 2628 1685 2668 nec
1704 2612 1873 2666 solum

299 2736 403 2789 pro
441 2734 506 2774 eo
536 2716 703 2770 oravit
734 2716 758 2767 ?
785 2712 919 2779 Quid
966 2711 1158 2780 proluit
1188 2707 1441 2762 lsraelitis
1469 2708 1492 2759 ?
1523 2720 1699 2761 nonne
1727 2704 1876 2758 dice-

300 2813 397 2866 bat
424 2852 437 2873 ,
498 2808 635 2861 Absit
681 2815 733 2857 ut
786 2818 981 2873 peccent
1027 2800 1358 2854 intermittens
1406 2812 1567 2850 orare
1602 2812 1691 2865 pro
1740 2795 1877 2848 vobis

304 2905 384 2969 (l.
418 2900 545 2969 Reg.
573 2898 658 2952 12.
686 2897 817 2965 ‘25)?
844 2910 1018 2947 nonne
1039 2908 1226 2945 omnes
1254 2889 1561 2960 perierunt?
1588 2888 1727 2942 Nihil
1749 2902 1877 2957 ergo

303 2999 554 3065 prosunt,
601 2988 826 3057 inquies,
867 2984 1098 3055 preces?
1132 2982 1239 3036 lmo
1270 2996 1395 3035 vero
1433 2980 1586 3034 valde
1617 2987 1873 3048 prosunt;

304 3086 401 3141 sed
440 3081 653 3154 quando
698 3094 795 3134 nos
836 3092 1043 3146 quoque
1072 3073 1271 3144 aliquid
1300 3074 1541 3143 agimus:
1574 3086 1693 3125 nam
1721 3070 1877 3125 simul

308 3187 474 3248 agunt
500 3189 684 3246 preces
705 3180 759 3226 et
782 3185 937 3239 Opem
967 3170 1142 3223 lerunt
1174 3185 1188 3221 :
1213 3167 1369 3221 simul
1396 3176 1571 3220 autem
1596 3164 1704 3233 agit
1734 3163 1879 3233 quis-

311 3272 453 3341 piam
495 3278 549 3323 et
575 3281 729 3336 opem
760 3263 865 3318 fert
895 3263 942 3317 ei
974 3261 1059 3330 qui
1104 3261 1216 3330 ipse
1255 3268 1506 3329 operatur
1533 3274 1548 3321 ;
1589 3258 1669 3310 sin
1700 3266 1877 3310 autem

310 3377 530 3418 maneas
559 3362 707 3431 piger
734 3368 788 3413 et
811 3356 1036 3420 otiosus,
1058 3370 1121 3408 ex
1142 3353 1219 3408 eis
1248 3367 1351 3406 non
1378 3365 1621 3421 magnam
1650 3348 1881 3418 accipies

308 3434 612 3508 utilitatem.

384 3546 439 3598 Δ.
480 3542 607 3596 Nam
652 3542 696 3594 si
729 3538 966 3592 valerent
996 3548 1180 3605 preces
1211 3548 1308 3587 nos
1336 3532 1534 3587 otiosos
1564 3530 1616 3586 in
1656 3544 1878 3600 regnum

312 3635 672 3695 introducere,
715 3646 809 3686 cur
845 3645 948 3683 non
975 3642 1159 3682 omnes
1186 3625 1355 3681 ϐηεοὶ
1385 3625 1517 3679 liunt
1542 3623 1831 3679 Christiani
1859 3620 1883 3675 ?

314 3744 498 3784 nonne
522 3738 735 3781 oramus
777 3738 873 3791 pro
902 3729 1010 3774 toto
1040 3718 1238 3773 mundo
1267 3719 1289 3771 ?
1330 3732 1506 3772 nonne
1533 3716 1635 3770 hoc
1672 3728 1884 3783 quoque

319 3819 543 3873 faciebat
570 3814 797 3869 Paulus?
825 3826 998 3865 nonne
1016 3824 1261 3880 rogamus
1284 3818 1340 3863 ut
1361 3822 1546 3862 omnes
1570 3816 1884 3860 convertan-

321 3920 409 3963 tur
436 3907 459 3959 ?
486 3907 576 3960 Dic
602 3906 763 3969 enim,
793 3918 889 3958 cur
916 3901 1038 3955 mali
1085 3916 1189 3955 non
1236 3900 1367 3955 liunt
1406 3900 1527 3954 boni
1549 3900 1572 3953 ?
1598 3912 1798 3963 annon,
1830 3907 1887 3951 ut

318 4000 495 4070 palam
526 4008 643 4059 est,
693 3995 812 4063 quia
847 3993 977 4047 nihil
1018 4002 1237 4062 possunt
1266 4008 1328 4047 ex
1361 4007 1419 4045 se
1447 3991 1637 4046 all'erre
1666 3992 1689 4041 Ἰ
1720 3988 1886 4043 Valde

314 4105 448 4159 ergo
489 4096 711 4159 prosunt
742 4100 960 4155 preces,
1006 4100 1126 4138 cum
1160 4099 1255 4139 nos
1293 4098 1504 4154 quoque
1530 4098 1560 4136 a
1588 4082 1742 4137 nobis
1769 4095 1887 4150 qum

316 4191 443 4239 sunt
486 4191 666 4236 nostra
705 4176 1057 4232 attulerimus.
1093 4175 1183 4229 Vis
1218 4176 1353 4229 scire
1390 4184 1642 4246 quantum
1684 4173 1888 4242 prosint

318 4272 552 4344 preces?
594 4270 765 4339 cogita
796 4266 1131 4329 Cornelium,
1161 4265 1441 4320 Tabitham
1470 4267 1619 4331 (Act.
1651 4266 1736 4320 10.
1762 4266 1816 4320 3.
1842 4274 1889 4318 et

318 4369 373 4424 9.
406 4366 533 4435 36);
565 4362 686 4416 andi
714 4362 872 4415 etiam
904 4359 1156 4414 Jacobum
1188 4358 1449 4412 dicentem
1479 4356 1693 4410 Labano
1725 4374 1739 4410 :
1772 4355 1891 4409 Nisi

320 4464 473 4517 timor
514 4460 669 4528 patris
708 4457 803 4509 mei
844 4463 965 4509 esset
999 4454 1156 4518 mihi,
1204 4468 1415 4505 vacuum
1457 4468 1534 4504 me
1572 4451 1842 4504 dimisisses
1873 4464 1893 4503 :

322 4554 448 4608 andi
483 4552 648 4605 Deum
687 4562 895 4618 quoque
924 4562 1106 4599 rursus
1136 4543 1422 4604 dicentem,
1463 4541 1737 4611 Protegum
1763 4541 1893 4595 hanc

322 4647 575 4700 civitatem
613 4650 816 4712 propter
842 4655 942 4705 me,
974 4648 1019 4692 et
1070 4647 1271 4707 propter
1300 4636 1468 4689 David
1494 4651 1689 4689 servum
1726 4651 1889 4689 meum

323 4735 482 4804 (Gen.
509 4722 597 4788 ⁸51.
618 4730 711 4786 42.
752 4731 805 4785 1.
831 4730 953 4799 Reg.
984 4728 1069 4784 19.
1096 4729 1207 4799 54).
1228 4727 1330 4782 Sed
1358 4726 1605 4796 quando?
1636 4726 1895 4795 Tempore

325 4827 574 4883 Ezechiae
592 4824 680 4891 qui
707 4832 821 4877 erat
844 4822 1039 4891 justus.
1062 4819 1193 4875 Nam
1217 4820 1259 4873 si
1278 4820 1515 4873 valerent
1536 4833 1720 4887 preces
1737 4819 1893 4872 etiam

329 4929 575 4987 tempore
602 4913 755 4968 valde
785 4913 1167 4968 sceleratorum
1192 4952 1207 4973 ,
1237 4926 1333 4965 cur
1362 4926 1465 4964 non
1497 4910 1654 4965 etiam
1685 4910 1898 4979 quando

327 5011 477 5063 venit
506 5005 994 5062 Nabuchodonosor
1014 5044 1029 5067 ,
1062 5002 1164 5058 hoc
1192 5001 1322 5056 dixit
1354 5003 1489 5056 Deus
1514 5042 1529 5067 ,
1561 5001 1655 5056 sed
1684 5001 1897 5056 tradidit

330 5099 652 5153 civitatem?
699 5095 959 5163 Quoniam
1009 5094 1125 5163 plus
1172 5093 1333 5145 valuit
1377 5095 1550 5149 scelus
1593 5101 1647 5146 et
1691 5092 1897 5146 vitium.

335 5192 541 5245 Rursus
571 5189 683 5258 ipse
711 5186 924 5244 Samuel
956 5186 1126 5240 oravit
1150 5199 1245 5254 pro
1277 5184 1548 5249 lsraelitis,
1571 5193 1620 5239 et
1648 5185 1901 5251 impetra-

335 5281 449 5345 vit;
473 5280 565 5335 sed
592 5279 845 5349 quando?
868 5276 1089 5346 Quando
1120 5275 1217 5345 ipsi
1238 5290 1445 5345 quoque
1468 5275 1577 5330 Deo
1602 5276 1733 5345 grati
1753 5284 1907 5329 erant

336 5390 391 5431 et
421 5376 647 5443 accepti,
682 5384 805 5427 tunc
832 5372 1027 5441 fugavit
1057 5372 1320 5426 inimicos.
1365 5370 1430 5423 Et
1467 5369 1591 5439 quid
1622 5384 1777 5438 opus,
1812 5370 1891 5423 in-

337 5469 473 5539 quit,
504 5468 725 5523 alterius
749 5465 1019 5538 precibus,
1042 5465 1255 5535 quando
1285 5480 1382 5533 ego
1408 5464 1516 5519 Deo
1546 5478 1661 5521 sum
1688 5463 1905 5533 gratus?

338 5561 418 5615 Ne
450 5562 553 5614 hoc
580 5574 831 5628 umquam
860 5557 1057 5613 dixeris
1077 5598 1092 5623 ,
1123 5570 1157 5611 ο
1186 5556 1366 5612 homo.
1398 5558 1542 5626 Opus
1567 5564 1650 5608 est
1672 5564 1725 5609 et
1755 5552 1907 5607 valde

342 5666 479 5718 opus
506 5657 590 5703 est
615 5648 795 5703 multis
822 5647 1068 5717 precibus
1094 5665 1107 5701 :
1136 5647 1257 5701 audi
1283 5647 1423 5702 enim
1455 5647 1624 5701 Deum
1647 5647 1909 5701 dicentem

343 5743 411 5796 de
441 5743 627 5796 amicis
656 5740 772 5795 Jobi
808 5756 821 5793 :
852 5739 915 5792 Et
937 5740 1117 5801 orabit,
1147 5740 1335 5808 inqttit,
1369 5756 1458 5809 pro
1488 5739 1643 5800 vobis.
1670 5748 1713 5793 et
1740 5739 1914 5792 dimit-

346 5845 476 5889 tetur
500 5835 635 5887 vobis
666 5843 917 5899 peccatum
951 5833 968 5902 (
996 5830 1093 5885 Job
1120 5832 1206 5885 42.
1232 5832 1284 5901 8)
1312 5850 1325 5895 ;
1357 5832 1603 5900 quoniam
1627 5839 1911 5901 peccaraut

349 5928 589 6000 quidem,
618 5926 708 5983 sed
734 5942 834 5981 non
864 5940 1105 5996 maguum
1133 5924 1453 5980 admiserant
1484 5935 1772 5993 peccatum.
1807 5923 1911 5978 Sed

1121 497 1185 552 IN
1222 494 1437 551 EPIST.
1475 491 1495 547 ι
1558 466 1649 546 AD
1685 462 2014 545 THEssI-u;
2053 486 2203 541 CAP.
2245 487 2283 540 ι.
2324 486 2553 543 ttontL.
2595 487 2635 543 t.

3410 479 3515 537 398

1960 590 2045 655 hic
2077 602 2185 668 ipse
2204 601 2402 672 jusuts,
2426 603 2512 671 qui
2541 616 2632 671 per
2658 616 2844 671 preces
2869 612 2995 655 tunc
3023 599 3223 654 amicos
3252 614 3379 652 suos
3404 614 3521 652 ser-

1956 694 2115 754 vavit.
2150 694 2201 747 in
2232 704 2469 763 tempore
2493 693 2713 749 Judaico
2740 709 2843 749 non
2878 695 3046 764 potuit
3070 708 3286 749 servare
3308 691 3523 747 Judasus

1956 796 2263 856 pereuntes.
2292 787 2357 841 Et
2383 796 2440 840 ut
2466 786 2517 841 id
2556 786 2729 851 scias,
2763 787 2886 841 audi
2927 787 3094 841 Deum
3122 785 3388 841 dicentem
3428 798 3523 853 per

1958 878 2268 947 pr0phetam
2304 896 2317 933 :
2358 878 2417 934 Si
2446 880 2631 932 steterit
2663 878 2777 931 Noe
2796 919 2810 943 ,
2851 888 2896 932 et
2936 878 3035 933 Job
3055 921 3070 945 ,
3101 889 3145 932 et
3173 878 3388 939 Daniel,
3416 892 3520 929 non

1958 969 2167 1037 eripient
2208 969 2341 1037 ﬁlios
2380 986 2497 1024 suos
2522 978 2567 1022 et
2591 970 2745 1037 ﬁlias,
2775 971 3011 1038 quoniam
3053 970 3313 1040 praevaluit
3350 969 3525 1022 vitium

1961 1059 2171 1131 (Ezeclt.
2206 1062 2291 1115 H.
2325 1062 2414 1128 16)
2438 1071 2533 1124 ;-et
2561 1078 2768 1127 rursus,
2802 1062 2861 1115 Si
2890 1063 3075 1115 steterit
3104 1062 3325 1131 Moyses,
3349 1072 3396 1115 et
3418 1062 3526 1116 Sa-

1960 1118 2094 1203 iuuet
2118 1150 2247 1219 (Jer.
2275 1152 2361 1207 15.
2484 1151 2553 1206 Et
2568 1152 2687 1206 vide
2707 1118 2972 1220 quomodo
2988 1150 3089 1206 hoc
3107 1118 3535 1207 diciturduobus

1962 1242 2234 1310 prophetis
2267 1260 2280 1295 :
2311 1244 2560 1312 quoniam
2618 1242 2776 1297 ambo
2829 1258 2927 1311 pro
2969 1243 3100 1310 ipsis
3149 1252 3433 1313 rogaraut,
3474 1253 3531 1298 et

1962 1348 2067 1386 nou
2099 1344 2250 1387 erant
2279 1335 2565 1405 assequuti.
2608 1336 2745 1390 Dicit
2773 1337 2914 1389 cnim
2947 1335 3219 1397 Ezechiel.
3254 1335 3354 1389 Hei
3380 1336 3527 1400 milii,

1963 1425 2180 1480 Domine
2205 1427 2225 1480 .'
2262 1428 2396 1481 deles
2449 1438 2503 1481 tu
2539 1428 2777 1497 reliquias
2826 1425 3036 1482 lsraelis
3072 1427 3298 1499 (Ezeclt.
3345 1426 3400 1482 9.
3430 1427 3529 1499 8).

1967 1515 2164 1570 Deinde
2190 1520 2477 1574 ostendens
2508 1520 2646 1574 Deus
2671 1520 2812 1590 quod
2841 1520 2941 1575 hoc
2959 1520 3101 1589 juste
3121 1520 3293 1585 faciat,
3325 1534 3424 1575 nec
3446 1520 3533 1592 ip-

1966 1620 2082 1661 sum
2113 1608 2410 1679 despiciat,
2443 1626 2562 1663 cum
2604 1612 2959 1679 precationem
3001 1611 3117 1680 ejus
3159 1627 3262 1665 non
3299 1611 3529 1681 excipit,

1967 1701 2199 1769 ipsorum
2228 1714 2439 1771 peccata
2471 1705 2567 1773 ipsi
2592 1704 2846 1768 declarat,
2872 1720 2932 1758 ac
2954 1705 2995 1758 si
3022 1706 3225 1758 diceret
3253 1721 3267 1757 :
3298 1704 3421 1758 llzec
3442 1720 3535 1772 per

1942 1794 1943 1799 “
1969 1807 2029 1846 se
2054 1794 2183 1847 satis
2211 1804 2333 1848 sunt
2363 1806 2416 1847 ut
2444 1795 2536 1848 tibi
2560 1795 2914 1865 persuadeant
2936 1810 3039 1860 me,
3066 1812 3169 1849 non
3199 1794 3337 1864 quod
3367 1806 3416 1849 te
3440 1796 3537 1865 de-

1969 1884 2222 1951 spiciam,
2253 1886 2344 1939 sed
2376 1886 2444 1940 ob
2470 1896 2682 1956 peccatu
2717 1887 2974 1956 ipsorum,
3009 1902 3111 1940 non
3139 1896 3408 1956 acceptam
3436 1886 3547 1939 ha-

1970 1975 2096 2031 bere
2127 1979 2565 2045 supplicationem
2614 1997 2628 2033 :
2671 1980 2762 2034 sed
2794 1988 2971 2035 tamen
2999 1981 3269 2051 subjuugit
3297 1989 3351 2036 et
3373 1980 3499 2035 dicit
3520 2022 3535 2041 .

1972 2069 2032 2123 Si
2061 2071 2246 2123 steterit
2272 2068 2403 2135 Noe,
2434 2080 2480 2122 et
2505 2068 2625 2134 Job,
2650 2080 2698 2123 et
2721 2069 2907 2124 Daniel
2936 2080 3029 2125 :et
3056 2073 3247 2126 merito
3270 2072 3343 2126 illi
3370 2074 3549 2143 magis

1978 2161 2091 2215 hare
2135 2162 2296 2222 dicit,
2330 2162 2578 2229 quoniam
2612 2163 2724 2232 ipse
2765 2173 2846 2216 est
2886 2161 2978 2232 qui
3006 2172 3088 2217 est
3118 2164 3280 2217 multa
3326 2178 3547 2233 passus.

1975 2252 2179 2314 Dixisti,
2212 2253 2400 2321 inquit,
2430 2252 2560 2306 mihi
2592 2262 2648 2307 ut
2667 2268 2827 2322 super
2846 2263 3080 2307 stercora
3108 2254 3464 2319 comederem,
3487 2265 3543 2309 et

1974 2342 2178 2396 eotnedi
2204 2359 2217 2405 ;
2244 2342 2424 2397 dixisti
2455 2354 2510 2397 ut
2538 2358 2623 2398 me
2664 2342 2906 2399 raderem
2936 2386 2950 2411 ,
2979 2354 3032 2399 et
3059 2361 3174 2398 sum
3207 2360 3401 2410 rasus;
3428 2346 3549 2414 jus-

1976 2433 2087 2485 sisti
2108 2473 2121 2494 ,
2148 2442 2202 2486 et
2225 2432 2450 2486 dormivi
2480 2448 2642 2503 super
2673 2450 2834 2486 unum
2862 2434 2999 2487 latus
3027 2450 3040 2495 ;
3064 2434 3266 2503 jussisti
3292 2448 3542 2490 onustum

1978 2524 2123 2579 exire
2146 2540 2238 2594 per
2258 2523 2519 2584 foramen.
2537 2535 2592 2579 et
2610 2525 2712 2579 exii
2730 2542 2744 2588 ;
2762 2527 3008 2594 accepisti
3030 2542 3253 2581 uxorem
3277 2542 3469 2592 meam,
3490 2538 3551 2582 eo

1981 2616 2278 2685 praecepisti
2306 2616 2433 2669 tuihi
2458 2632 2524 2669 ue
2544 2616 2801 2685 lugerem,
2829 2627 2883 2670 et
2910 2633 3012 2670 non
3038 2616 3165 2683 luxi,
3189 2618 3280 2671 sed
3312 2618 3405 2673 tuli
3435 2622 3545 2673 toro

1980 2706 2101 2759 titer
2126 2725 2139 2760 :
2161 2706 2557 2761 innumerabilia
2579 2707 2679 2759 alia
2699 2706 2795 2761 feci
2822 2718 3032 2775 propter
3054 2707 3226 2778 ipsos;
3255 2718 3309 2763 et
3330 2723 3431 2779 ego
3449 2724 3559 2779 pro.

1979 2797 2107 2866 ipsis
2129 2806 2181 2851 te
2202 2812 2349 2867 rogo,
2376 2813 2473 2851 nec
2498 2797 2761 2852 exaudis?
2788 2796 2857 2851 Ut
2880 2797 3128 2852 ostendat
3153 2813 3279 2867 ergo
3304 2799 3445 2854 Deus
3464 2813 3543 2864 se,

1980 2903 2087 2941 non
2117 2887 2257 2957 quod
2289 2889 2460 2956 ipsum
2488 2896 2796 2941 contemnat
2827 2887 2877 2941 id
2905 2888 3077 2943 lacere
3101 2929 3116 2953 ,
3146 2888 3277 2944 dicit
3305 2906 3318 2943 :
3343 2888 3404 2944 Si
3431 2887 3550 2943 Noe

1978 2990 2025 3034 et
2045 2978 2144 3034 Job
2170 2990 2217 3033 et
2237 2978 2419 3034 Daniel
2440 2996 2532 3049 pro
2554 2980 2673 3048 ﬁliis
2698 2990 2743 3031 et
2770 2981 2973 3048 ﬁliabus
2999 2983 3269 3045 oraverint,
3299 2998 3400 3037 non
3428 3000 3545 3052 per-

1980 3074 2212 3128 suadeor.
2240 3072 2486 3129 Jeremia:
2511 3088 2721 3143 quoque
2746 3073 2833 3143 qui
2864 3075 3110 3142 pauciora
3141 3070 3352 3145 quidem
3382 3076 3550 3145 patie-

1983 3166 2136 3220 batur
2167 3182 2197 3220 a
2241 3166 2333 3221 Dei
2377 3166 2571 3235 jussis,
2619 3166 2768 3235 plura
2814 3176 2991 3221 autem
3033 3167 3100 3223 ab
3131 3183 3317 3223 eorum
3344 3168 3471 3223 vitio
3494 3179 3557 3226 eti

1981 3259 2201 3324 scelere,
2229 3257 2354 3327 quid
2382 3257 2553 3312 dicit?
2576 3257 2755 3310 Annon
2780 3259 2917 3312 vides
2940 3258 3061 3328 quid
3086 3258 3166 3313 isti
3188 3261 3381 3331 faciunt
3408 3260 3556 3330 (λεν-

1984 3352 2034 3403 7.
2064 3351 2128 3405 17
2157 3351 2175 3419 )
2200 3351 2223 3405 ?
2248 3350 2434 3413 Certe,
2464 3351 2666 3420 inquit,
2710 3350 2941 3417 faciunt,
2969 3352 3061 3407 sed
3083 3351 3164 3408 fac
3194 3365 3412 3423 propter
3441 3372 3558 3410 me-

1984 3442 2270 3511 Propterea
2313 3440 2444 3495 dicit
2486 3442 2538 3497 ei
2572 3458 2584 3493 :
2620 3441 2681 3495 Si
2724 3443 2914 3495 steterit
2960 3441 3163 3512 Moyses
3202 3453 3247 3498 et
3293 3444 3551 3499 Samuel:

1983 3531 2192 3602 Moyses
2211 3571 2226 3597 ,
2269 3532 2473 3602 primus
2517 3532 2805 3601 lcgislator,
2847 3533 2934 3602 qui
2962 3548 3105 3601 saepe
3135 3534 3279 3602 ipsos
3304 3536 3497 3604 eripuit
3520 3552 3548 3588 a

1985 3624 2250 3694 periculis,
2279 3624 2365 3692 qui
2396 3623 2545 3685 dixit,
2577 3623 2638 3677 Si
2666 3623 2886 3676 dimittas
2914 3623 3116 3692 quidem
3165 3635 3443 3694 peccatum,
3473 3627 3553 3679 di-

1986 3718 2125 3771 mitte
2150 3733 2168 3780 ;
2203 3710 2287 3769 sin
2316 3717 2508 3781 minus,
2536 3732 2615 3767 me
2643 3731 2837 3785 quoque
2865 3714 2975 3768 dele
3000 3714 3193 3783 (Exod.
3236 3717 3321 3771 51.
3354 3718 3467 3787 52).
3498 3719 3565 3773 Si

1989 3808 2075 3862 hic
2102 3822 2227 3877 ergo
2256 3821 2395 3861 nunc
2419 3816 2581 3869 esset,
2613 3817 2667 3861 et
2697 3806 2809 3861 hanc
2830 3805 3047 3868 diceret,
3081 3822 3187 3861 non
3212 3808 3565 3878 impetraret:

1988 3911 2043 3956 et
2071 3901 2113 3954 si
2147 3914 2331 3955 rursus
2355 3900 2591 3962 Samuel.
2616 3900 2704 3969 qui
2733 3900 2846 3970 ipse
2872 3915 3083 3970 quoque
3108 3915 3202 3955 eos
3221 3901 3437 3970 eripuit,
3464 3903 3555 3972 qui

1989 3990 2057 4044 ab
2084 3990 2300 4044 inettnte
2330 4000 2487 4044 :Ptate
2518 3990 2728 4044 habitus
2755 3991 2850 4044 luit
2881 3991 2931 4044 in
2961 3990 3333 4046 admiratione.
3364 3993 3439 4048 De
3470 3994 3567 4047 illo

1989 4082 2130 4137 enim
2177 4081 2303 4145 dixi,
2335 4082 2475 4152 quod
2522 4090 2785 4153 tamquam
2830 4083 3034 4137 amicus
3074 4098 3195 4137 cum
3242 4084 3416 4138 amico
3458 4085 3558 4139 sim

1991 4176 2269 4246 loquutus,
2298 4185 2351 4230 et
2378 4191 2481 4230 non
2510 4190 2603 4244 per
2627 4177 2906 4244 aenigmata
2942 4194 2955 4231 :
2998 4176 3065 4230 de
3096 4176 3197 4232 hoc
3224 4187 3399 4232 autem
3427 4178 3559 4244 dixi,

1993 4286 2078 4323 me
2097 4271 2147 4323 in
2169 4269 2336 4339 prima
2360 4277 2513 4321 :ctate
2538 4268 2583 4321 ci
2610 4267 2779 4319 visum
2806 4281 2943 4329 esse,
2971 4275 3025 4320 et
3051 4267 3117 4319 ab
3142 4268 3256 4335 ipso
3277 4268 3559 4336 placatum,

1995 4362 2263 4415 exclusam
2305 4357 2581 4427 aperuisse
2622 4358 2973 4425 prophetiam.
3008 4356 3209 4411 Etenim
3229 4358 3452 4425 verbum,
3484 4360 3565 4415 in-

1995 4450 2129 4519 quit,
2152 4458 2262 4503 erat
2292 4449 2601 4523 pretiosum;
2624 4458 2668 4500 et
2690 4463 2790 4500 non
2816 4457 2924 4501 erat
2944 4448 3066 4502 visio
3082 4449 3318 4503 distincta
3339 4452 3412 4519 (1.
3431 4450 3561 4523 Reg.

1996 4541 2051 4596 5.
2087 4542 2110 4595 1
2138 4540 2181 4610 ).
2226 4540 2282 4594 Si
2314 4540 2398 4593 isti
2425 4518 2555 4608 ergo
2598 4540 2883 4605 steterint,
2917 4539 3048 4593 nihil
3080 4518 3377 4609 proﬁcient.
3405 4544 3469 4599 Et
3498 4518 3567 4600 de

1999 4634 2111 4690 Noe
2135 4634 2284 4699 dicit,
2311 4633 2492 4687 Justus
2518 4636 2769 4704 perfectus
2791 4633 2843 4686 in
2869 4635 3190 4704 generatione
3212 4652 3305 4690 sua
3326 4648 3432 4691 erat
3454 4636 3575 4693 Noe

2000 4726 2157 4797 (Cen.
2181 4730 2235 4782 6.
2262 4729 2316 4794 9)
2350 4745 2363 4781 :
2391 4737 2444 4781 et
2471 4726 2538 4782 de
2563 4726 2719 4791 Jobo,
2767 4726 3244 4796 lrrepreltensibilis,
3267 4731 3461 4798 justus,
3489 4749 3571 4787 ve-

2001 4834 2108 4883 rus,
2136 4819 2249 4887 pius
2277 4816 2399 4885 (Job
2426 4818 2478 4871 1.
2510 4817 2587 4887 1).
2619 4817 2726 4871 llos
2757 4818 2934 4888 itaque
2962 4828 3164 4875 stantes
3192 4829 3247 4875 et
3276 4823 3567 4887 Danielem,

2004 4926 2161 4980 quem
2184 4912 2342 4965 etiam
2363 4911 2520 4965 deum
2548 4910 2777 4965 Chaldusi
2801 4911 3191 4978 existimarunt,
3216 4929 3319 4969 non
3339 4915 3583 4983 potuisse

2006 5005 2234 5059 liberare
2263 5002 2431 5073 inquit
2461 5004 2599 5057 lilios
2629 5004 2863 5071 ipsorum
2887 5013 2942 5059 et
2967 5005 3123 5061 tilias.
3149 5004 3279 5059 Cum
3310 5006 3423 5060 hmo
3448 5022 3586 5075 ergo-

2008 5095 2257 5159 sciamus,
2289 5110 2461 5164 neque
2488 5110 2673 5163 preces
2698 5104 3003 5149 sanctorum
3028 5104 3452 5161 contemnamus,
3483 5114 3583 5151 ne—

2008 5202 2111 5256 que
2143 5195 2308 5239 totttm
2339 5188 2388 5239 in
2420 5201 2512 5239 eas
2537 5186 2906 5253 conjiciamus,
2937 5196 3045 5239 tum
3076 5196 3133 5240 ut
3163 5202 3231 5240 ne
3254 5186 3387 5255 pigri
3412 5188 3587 5241 simus

2008 5286 2065 5332 et
2092 5277 2365 5341 socordes,
2397 5286 2453 5332 et
2482 5292 2550 5330 ne
2579 5287 2778 5332 temere
2801 5278 2960 5332 vitam
2978 5277 3235 5331 ducamus
3260 5294 3274 5342 ;
3296 5286 3403 5331 tum
3433 5286 3487 5332 ut
3512 5294 3595 5335 ne

2012 5384 2041 5421 a
2072 5384 2262 5438 magno
2291 5368 2437 5423 lucro
2458 5368 2801 5429 excidamus:
2826 5367 2919 5422 sed
2947 5378 3001 5422 et
3027 5368 3301 5422 hortemur
3326 5368 3389 5422 ad
3418 5383 3549 5422 oran
3568 5401 3581 5411 ο

2014 5461 2138 5515 dum
2163 5475 2258 5531 pro
2280 5461 2432 5513 nobis
2454 5470 2507 5513 et
2529 5460 2593 5513 ad
2620 5476 2806 5513 manus
2826 5460 2976 5513 nobis
3000 5459 3345 5529 porrigendas
3370 5475 3385 5524 ;
3410 5468 3464 5514 et
3484 5461 3592 5529 ipsi

2016 5553 2264 5608 virtutem
2310 5562 2611 5618 sectemur,
2654 5561 2712 5605 ut
2740 5552 2875 5606 bona
2904 5567 3023 5622 qum
3064 5562 3185 5606 sunt
3220 5554 3476 5621 promissa
3520 5570 3594 5609 us.

2018 5648 2105 5716 qui
2137 5647 2308 5715 ipsum
2349 5646 2571 5715 diligunt
2599 5643 2855 5714 consequi
2890 5645 3185 5711 possimus,
3213 5645 3381 5713 gratia
3411 5654 3463 5699 et
3491 5648 3585 5698 be-

2020 5740 2275 5807 nignitate
2318 5736 2521 5791 Domini
2554 5734 2721 5791 nostri
2748 5735 2873 5791 Jesu
2901 5734 3097 5788 Christi
3122 5775 3138 5798 ,
3164 5749 3283 5788 cum
3314 5750 3420 5806 quo
3446 5736 3594 5791 Patri

2022 5842 2073 5884 et
2102 5830 2321 5900 Spiritui
2355 5838 2544 5883 sancto
2574 5828 2738 5897 gloria
2761 5868 2774 5889 ,
2806 5825 3111 5896 imperium,
3139 5825 3338 5895 honor,
3372 5842 3509 5883 nunc
3537 5835 3597 5884 et

2024 5937 2255 5993 semper,
2282 5928 2335 5976 ct
2362 5923 2411 5975 iu
2443 5920 2635 5976 scecula
2665 5919 3000 5976 seculorum.
3031 5918 3221 5974 Amen.
