3874 6520
143 423 249 482 399

1033 426 1098 480 IN
1140 426 1390 480 ICPISTJ
1421 426 1509 488 AD
1546 425 1874 482 THESSAL.
1911 427 2061 482 CAP.
2098 425 2134 480 1.
2169 424 2396 480 HOMIL.
2440 424 2500 479 11.

3269 427 3388 485 40ολ

2279 552 2682 563 —-—'————_——

2244 555 2277 566 -ο

1577 681 1817 733 ΟΜΙΛΙΑ
1860 680 1936 734 B'.

156 811 275 882 Ἀφ’
297 809 461 880 ὑμῶν
488 811 597 882 γὰρ
613 810 902 879 ἐξήχηται
941 814 972 864 ὁ
994 812 1179 882 λόγος
1210 809 1318 864 τοῦ
1356 812 1597 879 Κυρίου,
1635 812 1706 882 οὐ

211 880 406 951 μόνον
430 882 499 951 ἐν
525 880 601 948 τῇ
646 882 980 947 Μακεδονίᾳ
1012 880 1113 951 καί
1169 881 1383 948 Ἀχαΐᾳ.
1414 883 1574 951 ἀλλὰ
1608 880 1706 933 καί

213 949 286 1006 ἐν
307 950 484 1004 παντὶ
509 952 669 1015 τόπῳ
689 951 725 1017 ἡ
761 952 964 1016 πίστις
993 949 1160 1017 ὑμῶν
1196 953 1234 1018 ἡ
1259 951 1407 1019 πρὸς
1428 950 1533 1003 τὸν
1562 950 1711 1002 Θεὸν

214 1021 607 1086 ἐξελήλυθεν,
639 1021 792 1073 ὥστε
815 1021 901 1088 μὴ
926 1022 1131 1088 χρείαν
1150 1020 1305 1087 ἡμᾶς
1320 1023 1484 1089 ἐχειν
1497 1019 1711 1072 λαλεῖν

215 1109 296 1144 τι.
320 1090 496 1145 Αὐτοὶ
519 1092 628 1159 γὰρ
651 1091 782 1159 περὶ
805 1089 972 1159 ἡμῶν
994 1089 1482 1159 ἀπαγγέλλουσιν
1498 1089 1712 1159 όποίαν

214 1160 462 1214 εῑσοδον
491 1157 888 1229 ἐχόμενπρὸς
919 1157 1096 1227 ὑμᾶς,
1128 1157 1228 1212 και
1268 1160 1394 1224 πῶς
1433 1158 1713 1225 ἐπεστρέο

215 1235 373 1298 ψατε
408 1229 558 1297 πρὸς
598 1233 704 1283 τὸν
749 1230 896 1282 Θεὸν
943 1230 1057 1281 ἀπὸ
1097 1231 1213 1281 τῶν
1243 1229 1524 1288 εἰδώλων,
1569 1229 1712 1298 δου-

215 1296 422 1354 λεύειν
451 1296 573 1364 Θεῷ
603 1299 766 1360 ζῶντι
794 1298 892 1352 καὶ
929 1297 1209 1364 ἀληθινῷ,
1257 1299 1354 1351 καὶ
1395 1296 1715 1366 ἀναμένειν

217 1371 330 1423 τὸν
374 1371 512 1422 Υὶὸν
535 1370 720 1423 αὑτοῦ
742 1370 809 1422 ἐκ
826 1368 944 1422 τῶν
965 1367 1256 1436 οὐρανῶν,
1292 1368 1364 1421 ὃν
1385 1367 1619 1436 ἤγειρεν
1645 1368 1714 1420 ἐκ

217 1438 342 1518 τῶν
367 1438 641 1522 νεκρῶνη
661 1439 1033 1522 Ἰησοῦνπὸν
1069 1439 1372 1509 ῥυόμενον
1414 1438 1570 1508 ἡμᾶς
1595 1437 1713 1491 ἀπὸ

215 1508 334 1578 τῆς
352 1507 533 1577 ὀργῆς
571 1509 678 1577 τῆς
704 1507 1050 1578 ἐρχομένης-

221 1676 294 1723 α’.
313 1667 577 1738 Καθάπερ
595 1666 761 1737 μύρον
789 1667 985 1730 εὑῶδες
999 1665 1094 1736 τὴν
1113 1666 1336 1720 εὐωδίαν
1356 1667 1454 1720 οὑκ
1469 1668 1526 1720 ἐν
1541 1666 1719 1736 ἐαυτῷ

147 1757 480 1826 συγκλεῖσαν
506 1757 637 1826 ἔχει,
661 1756 795 1808 ἀλλὰ
826 1756 1106 1828 πόρρωθεν
1127 1757 1336 1825 ἀφίησι,
1357 1755 1557 1808 καὶτὸν
1581 1755 1718 1825 ἀέρα

146 1846 478 1917 ἀναχρῶσαν
519 1845 618 1913 τῆς
647 1843 840 1913 ὀσμῆς,
874 1843 1045 1906 οῦτως
1085 1843 1258 1913 ἐνίησι
1315 1844 1408 1896 καὶ
1449 1845 1568 1905 ταῖς
1612 1842 1719 1894 τῶν

147 1933 403 2005 πλησίων
445 1932 757 1999 αἰσθήσεσιν
783 1947 795 1960 ⁸
839 1930 980 1984 οὑτω
1013 1931 1075 2001 δὴ
1111 1932 1205 1983 καὶ
1249 1931 1299 1984 of
1343 1933 1578 1997 γενναῖοι
1625 1929 1718 1982 καὶ

144 2018 464 2089 θαυμαστοὶ
493 2017 680 2087 ἄνδρες
702 2017 804 2069 οὑκ
821 2019 878 2069 ἐν
904 2019 1113 2079 ἑαυτοῖς
1130 2017 1227 2087 τὴν
1249 2017 1446 2086 ἀρετὴν
1473 2013 1720 2082 συγκλεί-

146 2123 352 2168 σαντες
376 2105 613 2174 έχουσιν,
648 2103 783 2156 ἀλλά
822 2103 1048 2166 πολλοὺς
1085 2104 1170 2156 διά
1207 2104 1304 2173 τῆς
1327 2105 1516 2173 φήμης
1543 2101 1720 2156 αὑτῶν

139 2191 428 2262 ὠφελοῦσι
467 2191 560 2244 καὶ
599 2191 856 2261 ἀμείνους
894 2190 1234 2261 ἐργάζονται.
1274 2191 1450 2259 Ὅπερ
1494 2186 1588 2241 οὖν
1631 2189 1725 2241 καὶ

141 2283 279 2335 τότε
305 2279 618 2349 γεγένηται.
651 2279 749 2332 Διά
785 2277 941 2331 τοῦτο
964 2278 1168 2344 ἔλεγεν·
1205 2277 1387 2330 Ὥστε
1424 2273 1581 2344 ὑμᾶς
1625 2275 1724 2329 τύ-

142 2385 316 2433 πους
344 2365 618 2436 γενέσθαι
644 2365 792 2420 πᾶσι
830 2365 954 2430 τοῖς
984 2365 1380 2418 πιστεύουσιν
1413 2364 1482 2416 ὲν
1519 2364 1726 2430 Ἀχαΐᾳ

142 2455 255 2508 καί
285 2453 359 2522 τῇ
388 2453 746 2519 Μακεδονίᾳ.
786 2451 901 2520 Ἀφ’
928 2450 1094 2518 ὑμῶν
1126 2450 1255 2518 γὰρ,
1295 2450 1481 2519 φησὶν,
1507 2449 1728 2518 ἐξήχη-

140 2559 251 2596 ται
283 2545 317 2596 ό
345 2542 528 2610 λόγος
573 2539 679 2592 τοῦ
726 2539 968 2606 Κυρίου,
1002 2539 1072 2592 οὐ
1095 2539 1286 2607 μόνον
1325 2537 1396 2589 ἐν
1427 2535 1499 2604 τῇ
1521 2540 1727 2590 Μακε-

140 2631 332 2698 δονίᾳ
374 2628 472 2682 καὶ
533 2628 773 2694 Ἀχαΐᾳ,
821 2627 983 2680 ἀλλὰ
1016 2625 1111 2678 καὶ
1148 2625 1220 2677 ἐν
1257 2624 1435 2678 παντὶ
1483 2625 1643 2689 τόπῳ
1686 2625 1726 2692 ἡ

141 2719 367 2783 πίστις
391 2715 557 2785 ὑμῶν
574 2715 612 2781 ἡ
639 2714 788 2780 πρὸς
817 2712 922 2766 τὸν
939 2714 1087 2766 Θεὸν
1101 2711 1452 2776 ἐξελήλυθε.
1483 2711 1596 2780 Τῆς
1631 2712 1727 2781 μὲν

144 2801 259 2859 οὖν
301 2803 636 2864 παιδεύσεως
684 2802 810 2862 τοὺς
852 2799 1078 2868 πλησίον
1126 2799 1333 2860 πάντας
1370 2798 1725 2868 ἐνεπλήσατε,

145 2893 322 2966 φησὶ,
370 2892 462 2945 τοῦ
509 2891 565 2944 δὲ
615 2890 892 2960 θαύματος
931 2889 1029 2959 τὴν
1085 2889 1440 2958 οἰκουμένην·
1491 2888 1551 2940 τὸ
1597 2887 1726 2958 γὰρ,

158 2985 273 3036 Ἐν
299 2981 480 3034 παντὶ
514 2981 695 3043 τόπῳ,
729 2979 886 3032 τοῦτό
926 2981 1062 3032 ἐστι.
1102 2978 1212 3030 Καὶ
1250 2979 1350 3030 οὑκ
1378 2973 1518 3030 εἷπε·
1548 2978 1732 3030 Διατε-

144 3070 461 3143 Θρύλληται
499 3072 534 3140 ἠ
566 3069 748 3131 πίστις
780 3068 953 3138 ὑμῶν,
993 3067 1129 3130 ἀλλ’,
1173 3067 1524 3134 Ἐξήχηταιο
1557 3065 1732 3136 δηλῶν

146 3161 251 3212 ὅτι
286 3157 474 3229 ῶσπερ
520 3156 816 3224 σάλπιγγος
854 3153 1104 3224 λαμπρὸν
1151 3154 1388 3225 ήχούσης
1433 3155 1461 3206 6
1506 3153 1732 3223 πλησίον

151 3247 319 3310 διπας
340 3244 635 3315 πληροῦται
665 3243 848 3306 τόπος,
875 3241 1015 3295 οὕτω
1042 3243 1139 3312 τῆς
1185 3243 1456 3314 ὑμετέρας
1484 3241 1734 3311 ἀνδρείας

151 3336 195 3405 ἡ
237 3335 414 3404 φήμη,
461 3331 713 3402 καθάπερ
765 3330 950 3400 ἐκείνη
996 3329 1370 3392 σαλπίζουσα,
1428 3328 1588 3398 ἱκανὴ
1637 3327 1736 3399 τὴν

145 3421 497 3490 οἰκουμένην
534 3417 829 3488 ἐμπλῆσαι,
861 3417 955 3470 καὶ
988 3419 1119 3469 πᾶσι
1153 3419 1265 3480 τοῖς
1291 3415 1565 3486 πανταχοῦ
1601 3416 1739 3487 μετὰ

147 3509 270 3579 τῆς
297 3511 421 3579 ῐσης
448 3507 588 3577 ἠχῆς
609 3507 957 3578 προσπεσεῖν.
982 3505 1064 3558 Τά
1086 3505 1194 3575 γὰρ
1230 3503 1439 3574 μεγάλα
1465 3505 1572 3556 τῶν
1602 3522 1740 3574 πρα-

148 3600 398 3668 γμάτιον
424 3595 551 3649 ἔνθα
583 3595 682 3664 μὲν
710 3593 777 3648 ἂν
821 3593 1068 3665 γένηται,
1111 3591 1489 3664 λαμπρότερον
1533 3590 1739 3662 ᾄδεται,

150 3686 367 3757 πόρῤω
396 3685 454 3737 δὲ
481 3683 664 3755 ᾅδεται
692 3683 810 3753 μὲν,
843 3682 942 3751 οὑχ
968 3680 1110 3733 οὕτω
1138 3679 1196 3732 δέ
1223 3697 1237 3711 ·
1265 3680 1356 3748 ἀφ’
1385 3679 1538 3749 ὑμῶν
1568 3679 1622 3731 δὲ
1651 3677 1744 3731 οῦν

151 3776 270 3845 οὐχ
298 3774 494 3836 οὕτως,
545 3770 659 3825 ἀλλ’
701 3769 809 3842 ἠχὴ
856 3769 1094 3840 εὔσημος
1138 3767 1414 3838 πανταχοῦ
1457 3768 1557 3837 τῆς
1594 3765 1742 3838 [455]

151 3864 276 3934 γῆς
307 3859 617 3932 ἐξελήλυθε.
657 3861 768 3912 Καὶ
805 3863 876 3929 μή
904 3874 989 3920 τις
1031 3855 1338 3928 ὑπερϐολῆς
1379 3851 1518 3908 εἶναι
1547 3853 1746 3927 νομίσῃ

150 3953 242 4004 τὰ
265 3951 523 4020 ῥήματα·
559 3950 654 4000 καὶ
691 3945 799 4016 γὰρ
833 3944 991 3998 τοῦτο
1029 3945 1092 3999 τὸ
1127 3945 1278 4008 ἔθνος
1310 3943 1370 3996 τὸ
1402 3942 1510 3996 τῶν
1555 3944 1743 3996 Μακε-

152 4038 344 4093 δόνων
372 4035 479 4105 πρὸ
504 4034 605 4114 τῆς
633 4031 726 4086 τοῦ
755 4031 992 4104 Χριστοῦ
1026 4029 1326 4103 παρουσίας
1358 4030 1628 4099 ἐπίσημον
1655 4025 1743 4099 ἦν,

156 4126 271 4180 καὶ
308 4122 588 4192 πανταχοῦ
637 4120 793 4192 ᾔδετο
843 4118 1130 4188 Ῥωμαίων
1182 4117 1378 4188 μᾶλλον
1401 4133 1414 4145 ·
1459 4116 1554 4169 καὶ
1614 4116 1746 4168 Ῥω-

164 4215 332 4284 μαῖοι
364 4211 452 4264 διὰ
495 4208 653 4262 τοῦτο
685 4207 1009 4277 θαυμαστοὶ,
1041 4207 1120 4258 ὅτι
1149 4205 1370 4267 τούτους
1399 4199 1564 4257 εἷλον.

253 4302 324 4352 Ἀ
348 4299 455 4369 γὰρ
480 4297 508 4349 6
544 4295 870 4349 Μακεδόνων
921 4292 1175 4363 βασιλεὺς
1227 4291 1539 4360 εἰργάσατο,
1575 4290 1748 4344 πάντα

166 4387 507 4456 ὑπερέϐαινε
531 4384 709 4452 λόγον,
738 4383 843 4435 ἀπδ
881 4381 1082 4451 μικρᾶς
1114 4378 1210 4449 μὲν
1239 4377 1498 4448 ὁρμηθεὶς
1522 4376 1747 4440 πόλεως,

172 4477 287 4544 ’τὴν
315 4475 373 4526 δὲ
398 4474 718 4542 οἰκουμένην
745 4467 1087 4524 καταλαϐών.
1112 4466 1209 4518 Διά
1229 4464 1385 4517 τοῦτο
1418 4464 1512 4516 καὶ
1544 4465 1750 4534 πτηνὴν

179 4561 462 4633 Ιιάρδαλιν
507 4559 669 4614 αὑτὸν
705 4560 804 4628 ὁρᾷ
848 4559 878 4610 6
924 4555 1230 4626 προφήτης,
1255 4553 1316 4604 τὸ
1358 4553 1520 4622 τάχος
1558 4551 1650 4604 καὶ
1691 4550 1753 4602 τὸ

179 4648 421 4718 σφοδρὸν
446 4649 532 4701 καὶ
551 4649 614 4700 το
645 4645 890 4717 πυρῶδες
924 4645 1017 4696 καὶ
1041 4643 1102 4695 τὸ
1143 4640 1294 4710 ἄφνω
1321 4656 1421 4692 που
1463 4638 1753 4706 διαπτῆναι

170 4741 289 4806 τὴν
332 4735 652 4805 οἰκουμένην
698 4733 835 4803 μετὰ
885 4729 1165 4803 τροπαίων
1211 4727 1306 4781 καὶ
1351 4725 1505 4797 νίκης
1556 4723 1751 4794 δηλῶν.

165 4828 442 4894 Λέγουσι,
471 4825 550 4888 δὲ,
573 4827 653 4879 δτι
687 4824 782 4878 καὶ
815 4821 1104 4892 φιλοσόφου
1134 4819 1277 4882 τινὸς
1307 4816 1546 4879 ἀκούσας
1575 4816 1761 4884 λέγον-

159 4933 296 4980 τος,
323 4916 407 4968 ὅτι
435 4914 652 4984 ἄπειροι
678 4912 874 4982 κόσμοι
910 4911 1040 4971 εἰσὶ,
1063 4907 1256 4978 πικρὸν
1289 4904 1589 4970 ἐστέναξεν,
1618 4906 1670 4958 εἴ
1694 4922 1759 4972 γε

161 5003 432 5072 ἀπείρων
462 5001 650 5063 ὄντων,
689 4999 822 5070 μηδέ
865 4997 977 5060 ἑνός
1020 5013 1123 5048 που
1166 4993 1538 5063 κεκράτηκενο
1588 4991 1760 5054 οὑτως

160 5091 256 5165 ἦν
297 5090 657 5162 μεγαλόφρων
681 5089 778 5142 καὶ
811 5085 1198 5156 μεγαλόψυχος,
1225 5083 1318 5136 καὶ
1345 5081 1622 5152 πανταχοῦ
1661 5081 1760 5151 τῆς

159 5179 516 5251 οἰκουμένης
561 5177 736 5248 ᾔδετο.
779 5177 857 5245 Τῇ
887 5173 1018 5243 γοῦν
1048 5172 1141 5225 τοῦ
1188 5169 1449 5240 βασιλέως
1478 5173 1634 5240 φήμῃ
1666 5187 1762 5222 συ-

160 5267 378 5338 νανῄει
422 5267 518 5320 καὶ
551 5268 585 5337 ή
631 5264 725 5318 τοῦ
770 5265 952 5326 ἔθνους
990 5261 1134 5328 δόξαν
1191 5259 1535 5330 Ἀλέξανδρος
1581 5260 1690 5327 γὰρ
1735 5259 1764 5310 6

153 5354 462 5414 ιιίακεδὼν
479 5354 695 5422 ἐλέγετο
716 5369 730 5383 ν
752 5352 892 5405 ὥστε
911 5350 1275 5420 διαϐοωμένου
1297 5347 1525 5411 ἐκείνου,
1543 5346 1764 5406 εἰκότως

154 5445 286 5499 καὶ
315 5443 387 5497 τὰ
424 5444 542 5496 ἐκεῖ
587 5442 851 5511 γενόμενα
897 5438 1170 5508 πανταχοῦ
1211 5437 1463 5509 ᾄδεσθαι·
1501 5435 1609 5487 τῶν
1657 5434 1765 5502 γὰρ

150 5533 482 5602 ἐπισήμων
513 5531 663 5582 οὐδὲν
692 5529 912 5582 δύναται
954 5525 1154 5580 λαθεῖν.
1183 5525 1293 5594 Ούχ
1339 5521 1499 5596 ἦττον
1541 5517 1632 5575 οῦν
1657 5521 1766 5574 τῶν

167 5617 494 5690 Ῥωμαίων
532 5618 600 5669 τὰ
643 5616 964 5670 Μακεδόνων
991 5611 1058 5686 ἦν
1085 5625 1132 5665 ³.
1188 5613 1250 5665 Ἠ
1277 5617 1480 5677 πίστις
1517 5609 1682 5680 ὑμῶν
1727 5611 1764 5676 ἡ

151 5709 344 5778 πρὸς
384 5707 554 5770 Θεὸν,
578 5707 757 5776 φησὶν,
785 5702 1172 5769 ἐξελήλυθεν.
1208 5701 1348 5771 Ὅρα
1387 5700 1505 5764 πῶς
1537 5700 1611 5762 ῶς
1642 5701 1788 5786 περὶ⁸

253 5860 270 5880 ⁸
301 5857 396 5922 Hic}
417 5862 515 5907 a‘io
538 5861 683 5908 modo
703 5862 885 5922 legisse
928 5858 1180 5908 videbatur
1200 5859 1468 5907 Genunmts
1503 5859 1765 5911 ίῐρτνειιις,

154 5922 340 5979 cujus
375 5921 722 5982 interpretatio
750 5921 913 5972 Latina
939 5923 996 5972 ad
1022 5923 1316 5972 Savtliauzun
1341 5923 1522 5970 seriem
1547 5935 1642 5969 non
1664 5934 1767 5969 om-

153 5989 314 6036 nino
338 5984 617 6047 quadratbal.

1809 810 2055 882 ἐμψύχου
2125 811 2504 882 διαλεγόμενος
2556 815 2651 874 τὸ,
2704 815 3100 883 Ἐξελήλυθε,
3145 818 3385 874 τέθεικε·

1806 899 1964 952 τοῦτο
2009 900 2066 952 δὲ
2107 900 2200 952 καὶ
2239 899 2346 953 ἀπὸ
2383 899 2483 969 τῆς
2525 901 2884 972 σφοδρότητος
2919 905 3098 958 αὑτῶν
3143 903 3416 974 γέγονεν.⁴

1809 983 1943 1039 Εἶτα
1975 986 2154 1056 δηλῶν
2182 988 2264 1039 ὅτι
2296 987 2440 1040 οῦτω
2467 987 2566 1057 τὴν
2598 989 2782 1041 πίστιν
2811 991 2992 1043 αὑτῶν
3026 993 3262 1063 σφοδρὰν
3297 995 3392 1046 καὶ

1809 1075 2006 1145 ἐνεργῆ
2040 1072 2406 1139 ἐπεδείξαντο,
2435 1075 2632 1144 ἐπάγει
2652 1091 2664 1104 ·
2693 1076 2876 1130 ’Ὥστε
2899 1077 2984 1146 μὴ
3004 1081 3212 1146 χρείαν
3235 1081 3393 1148 ἡμᾶς

1811 1161 1975 1230 ἔχειν
2019 1161 2231 1215 λαλεῖν
2261 1148 2339 1216 τι(
2365 1161 2544 1215 Αὐτοὶ
2593 1161 2704 1231 γὰρ
2736 1164 2868 1232 περί
2897 1165 3065 1232 ἡμῶν
3093 1165 3393 1236 ἀπαγγέλ-

1811 1251 2032 1301 λουσιν
2077 1248 2294 1301 ὁποίαν
2333 1246 2579 1301 εἴσοδον
2614 1247 2876 1318 ἔσχομεν
2926 1251 3075 1318 πρὸς
3110 1252 3282 1320 ὑμᾶς.
3317 1254 3392 1305 Οὑ

1814 1335 2198 1405 περιμένουσιν
2248 1333 2480 1388 ἀκοῦσαι
2527 1335 2659 1406 περὶ
2710 1336 2886 1405 ὑμῶν,
2921 1337 3056 1390 ἀλλά
3097 1339 3224 1401 τοὺς
3274 1357 3396 1391 πα-

1817 1423 2010 1492 ρόντας
2053 1423 2147 1475 καὶ
2188 1422 2555 1492 τεθεαμένους
2587 1421 2659 1475 τὰ
2697 1423 2937 1495 ὑμέτερα
2972 1425 3393 1495 κατορθώματα,

1815 1511 1866 1561 οἱ
1905 1512 1979 1580 μὴ
2011 1509 2300 1578 παρόντες,
2323 1508 2458 1579 μηδὲ
2491 1509 2810 1581 τεθεαμένοι
2843 1513 3393 1584 παραλαμϐάνουσιν·

1816 1596 1959 1649 οὑτω
1993 1595 2126 1666 δήλη
2160 1596 2438 1665 πανταχοῦ
2484 1596 2674 1664 γέγονε
2701 1599 2822 1660 ταῖς
2854 1600 3064 1662 ἀκοαῖς.
3097 1598 3304 1652 Οὑκοῦν
3335 1599 3397 1652 ού

1817 1684 2124 1754 δεησόμεθα
2152 1682 2220 1735 τὰ
2247 1683 2488 1753 ὑμέτερα
2515 1683 2883 1754 διηγούμενοι,
2907 1687 2988 1747 είς
3015 1685 3175 1755 ζῆλον
3203 1686 3400 1748 αὑτοὺς

1819 1773 2047 1840 ἀγαγεῖν
2095 1770 2187 1824 τὴν
2232 1771 2379 1824 ἴσον’
2409 1770 2445 1824 ἀ
2487 1769 2596 1842 γὰρ
2635 1772 2832 1833 αὐτοὺς
2875 1772 3045 1842 ὲχρῆν
3081 1775 3211 1843 παρ’
3243 1773 3402 1843 ἡμῶν

1820 1858 2060 1922 ἀκούειν,
2079 1858 2254 1910 ταῦτα
2280 1857 2436 1910 αὑτοὶ
2465 1857 2828 1928 προλαϐόντες
2865 1859 3102 1927 λέγουσι.
3129 1859 3314 1913 Καίτοι
3335 1876 3401 1928 γε

1822 1946 2087 2016 πολλαχοῦ
2107 1946 2199 1998 ἐπὶ
2217 1945 2323 1999 τῶν
2345 1933 2602 1999 τοιούτων
2625 1947 2814 2016 φθόνος
2836 1947 2982 2000 ἐστίν
3003 1965 3016 1977 ·
3037 1948 3151 2000 ἀλλ’
3177 1950 3208 2018 ἡ
3234 1949 3399 2028 ὑπερ-

1823 2033 1954 2104 ϐολὴ
1987 2033 2082 2086 καὶ
2107 2033 2295 2087 τοῦτον
2320 2032 2560 2105 ἐνίκησε,
2579 2034 2674 2086 καὶ
2703 2034 2857 2087 αὑτοὶ
2889 2035 3132 2106 κήρυκές
3160 2037 3267 2087 εἰσι
3291 2035 3400 2086 τῶν

1823 2122 2108 2194 ὑμετέρων
2142 2122 2340 2177 ἄθλων.
2376 2121 2571 2174 Καίτοι
2609 2137 2673 2189 γε
2722 2121 3249 2192 ἀπολιμπανόμενοι,
3279 2121 3401 2174 οὐδὲ

1823 2210 1965 2263 οῦτω
2000 2210 2244 2278 σιγῶσιν,
2276 2209 2413 2263 ἀλλά
2447 2209 2839 2282 προφθάνουσι.
2863 2209 3137 2274 Τοιούτοις
3168 2211 3224 2263 δὲ
3253 2207 3405 2263 οὖσιν

1823 2300 1924 2352 οὑκ
1951 2298 2095 2350 ἐστιν
2112 2301 2243 2367 ἡμῖν
2264 2298 2513 2366 λέγουσιν
2536 2299 2854 2368 ἀπιστῆσαι.
2876 2299 2942 2351 Τί
2963 2300 3130 2364 ἐστιν,
3161 2298 3406 2352 Ὀποίαν

1824 2386 2058 2439 εἵσοδον
2081 2385 2345 2454 ἔσχομεν
2369 2385 2516 2452 πρὸς
2536 2382 2727 2454 ὐμᾶς;
2751 2385 2873 2438 "Ott.
2904 2384 3164 2438 κινδύνων
3186 2384 3404 2456 ἔγεμεν,

1825 2473 1908 2526 ὅτι
1939 2471 2181 2524 θανάτων
2218 2471 2449 2542 μυρίων,
2476 2472 2560 2524 ὅτι
2590 2470 2795 2523 τούτων
2824 2471 2973 2524 οὐδὲν
3002 2473 3146 2540 ὑμᾶς
3175 2473 3426 2543 ἑταίρας-ν’

1825 2577 1916 2612 τεν
1936 2575 1952 2590 ’
1968 2559 2107 2624 ἀλλ’,
2124 2558 2194 2622 ὡς
2220 2557 2432 2622 οὐδενὸς
2455 2558 2772 2628 γενομένου,
2790 2557 2961 2622 οὕτως
2981 2561 3012 2628 ἠ
3021 2560 3135 2628 μῶν
3160 2559 3372 2631 εῖχεσθε
3386 2576 3402 2591 ’

1826 2647 1900 2709 ὡς
1927 2646 2075 2699 οὐδὲν
2117 2645 2381 2706 παθόντες
2423 2644 2749 2704 κακὸν,ἀλλ“
2789 2645 2864 2708 ὡς
2910 2647 3119 2717 μυρίων
3162 2646 3407 2700 ἀπολαύσ-

1831 2750 2021 2797 σαντες
2071 2731 2312 2800 ἀγαθῶν,
2343 2730 2514 2794 οὑτως
2553 2733 2702 2803 ἡμᾶς
2740 2731 2993 2799 ἐδέξασθε
3042 2732 3181 2803 μετά
3209 2735 3405 2788 ταῦτα.

1829 2820 2066 2890 Δευτέρα
2111 2820 2219 2889 γάρ
2267 2813 2335 2888 ἦν
2395 2818 2598 2881 εἴσοδος
2657 2817 2817 2889 αῦτη.
2863 2813 2990 2872 Οἷον
3042 2820 3283 2889 ἀπῆλθον
3328 2822 3410 2883 εἰς

1831 2907 2113 2978 Βέρῤοιαν,
2141 2904 2507 2974 ἐδιώχθησαν
2541 2905 2635 2956 καὶ
2657 2906 2796 2974 μετά
2826 2905 2998 2959 ταῦτα
3024 2907 3278 2970 ἐλθόντας
3313 2907 3411 2960 αὒ-

1830 2997 1954 3058 τοῦς
1982 2993 2152 3057 οὕτως
2192 2993 2461 3058 ἐδέξαντο,
2493 2993 2570 3057 ὼς
2597 2993 2894 3065 τιμηθῆναι
2925 2995 3021 3047 καὶ
3049 2997 3177 3063 παρ’
3210 2995 3410 3058 αὑτῶν,

1832 3081 1974 3134 ὥστε
2017 3082 2112 3135 καὶ
2150 3081 2247 3151 τὴν
2274 3081 2454 3150 ψυχὴν
2487 3079 2670 3133 αὑτῶν
2704 3081 2841 3150 ὑπὲρ
2872 3080 3051 3134 αὑτῶν
3085 3080 3306 3152 ἔθηκαν.
3340 3078 3416 3132 T6

1832 3166 1949 3232 οῦν,
2009 3169 2255 3222 Ὀποίαν
2304 3167 2548 3221 εἴσοδον
2582 3168 2864 3236 ἔσχομεν,
2925 3165 3416 3236 συμπεπλεγμένον

1836 3261 1980 3311 ἐστι·
2014 3257 2108 3310 καὶ
2149 3255 2353 3310 τούτων
2404 3256 2534 3327 γὰρ,
2579 3257 2676 3310 καὶ
2727 3256 2907 3308 αὐτῶν
2950 3256 3062 3325 ἔχει
3107 3255 3414 3324 ἐγκώμιον⁹

1838 3345 1952 3399 ἀλλ’
1985 3345 2147 3407 αὐτὸς
2191 3342 2351 3396 τοῦτο
2401 3343 2627 3413 ἔτρεψεν
2672 3345 2752 3406 εἰς
2796 3343 2858 3396 τὸ
2907 3343 3107 3396 αὑτῶν.
3143 3343 3250 3396 Kal
3289 3341 3417 3409 πῶς

1837 3434 2264 3501 ἐπεστρέψατε,
2295 3432 2449 3501 φησὶ,
2473 3431 2624 3502 πρὸς
2647 3431 2755 3484 τὸν
2783 3431 2934 3486 Θεὸν
2962 3430 3082 3484 ἀπὸ
3110 3429 3228 3484 τῶν
3255 3429 3420 3483 εἰδώ-

1839 3526 1964 3577 λων
2013 3521 2325 3575 δουλεύειν
2377 3519 2498 3585 Θεῷ
2543 3518 2711 3580 ζῶντι
2772 3517 2922 3591 [454]
2973 3519 3072 3572 καὶ
3119 3517 3418 3587 ἀληθινῶς

1843 3609 2154 3672 Τουτέστιν,
2173 3609 2253 3662 ὅτι
2281 3606 2537 3670 εὐκόλως,
2565 3607 2646 3660 δτι
2670 3606 2808 3675 μετά
2837 3606 3040 3674 πολλῆς
3064 3606 3164 3674 τῆς
3201 3605 3420 3677 σφοδρό-

1843 3713 2024 3765 τητος,
2051 3696 2130 3750 δτι
2174 3695 2272 3748 οὐκ
2304 3693 2560 3764 ἐδεήθητε
2587 3693 2788 3762 πολλῆς
2830 3693 3216 3762 πραγματείας
3248 3693 3329 3755 εἰς
3358 3692 3420 3746 τὸ

1844 3783 2115 3836 δουλεύειν
2165 3780 2285 3852 Θεῷ
2337 3780 2500 3844 ζῶντι
2559 3781 2654 3834 καὶ⁹
2699 3779 2959 3850 ἀληθινῷ.
3006 3778 3269 3832 Ἐνταῦθα
3324 3778 3420 3832 καὶ

1846 3871 2168 3942 παραίνεσιν
2219 3870 2531 3940 εἰσήγαγεν,
2571 3869 2708 3939 ὅπερ
2755 3869 2903 3922 ἐστὶν
2949 3868 3422 3939 ἀνεπαχθέστερον

1843 3959 1936 4013 τὸν
1965 3959 2122 4025 λόγον
2150 3958 2447 4021 ποιοῦντος.
2467 3957 2574 4010 Καὶ
2606 3955 2944 4022 ἀναμένειν,
2972 3955 3124 4025 φησὶ,
3146 3953 3252 4007 τὸν
3285 3954 3423 4008 Υιὸν

1845 4045 2030 4101 αὐτοῦ
2053 4047 2122 4099 ἐκ
2151 4043 2269 4097 τῶν
2291 4043 2582 4113 οἰιρανῶν,
2602 4043 2674 4096 ὃν
2696 4043 2932 4111 ἤγειρεν
2955 4042 3022 4095 ἐκ
3041 4041 3158 4095 τῶν
3171 4039 3420 4110 νεκρῶν,

1857 4135 2120 4202 Ἰησοῦν,
2151 4133 2258 4186 τὸν
2285 4134 2585 4202 ῥυόμενον
2610 4130 2767 4199 ἡμᾶς
2798 4131 2916 4184 ἀπὸ
2945 4129 3056 4199 τῆς
3086 4128 3265 4198 ὀργῆς
3311 4127 3424 4196 τῆς

1845 4221 2191 4291 ἐρχομένης.
2222 4221 2331 4273 Καὶ
2358 4219 2694 4287 ἀναμένειν,
2731 4220 2885 4287 φησί,
2917 4218 3024 4270 τὸν
3063 4216 3201 4269 Υίὸν
3234 4215 3422 4268 αὐτοῦ

1845 4311 1914 4363 ἐκ
1948 4311 2064 4363 τῶν
2096 4305 2389 4375 οὐρανῶν,
2428 4307 2520 4360 τὸν
2554 4305 2987 4376 ἐσταυρωμένον,
3022 4302 3111 4355 τὸν
3144 4302 3417 4370 ταφέντα’

1846 4391 1926 4446 διὸ
1974 4391 2257 4445 καὶτοῦτο
2307 4387 2482 4459 δηλῶν
2532 4389 2748 4456 ἐπάγει,
2788 4388 2892 4439 Ὃν
2935 4385 3174 4455 ἤγειρεν
3203 4386 3271 4438 ἐκ
3303 4384 3423 4436 τῶν

1853 4479 2100 4547 νεκρῶν.
2132 4474 2285 4540 Εἶδες
2333 4475 2468 4547 όμοῦ
2498 4477 2696 4539 πάντα,
2727 4475 2819 4527 καὶ
2849 4474 2947 4545 τὴν
2976 4475 3293 4538 ἀνάστασιν,
3329 4473 3427 4526 καὶ

1857 4567 1955 4635 τὴν
2006 4564 2304 4634 ἀνάληψιν,
2349 4563 2444 4615 καί⁵
2490 4563 2590 4631 τὴν
2639 4562 2899 4632 δευτέραν
2953 4560 3274 4632 παρουσίαν,
3322 4561 3425 4629 τὴν

1859 4654 2063 4724 κρίσιν,
2093 4652 2191 4723 τὴν
2238 4651 2347 4704 τῶν
2391 4650 2613 4704 δικαίων
2647 4651 3023 4712 ἀνταπόδοσιν,
3052 4649 3149 4720 τὴν
3175 4649 3283 4702 τῶν
3319 4664 3444 4700 που·

1857 4741 2038 4811 νηρῶν
2084 4739 2378 4810 τιμωρίαν;
2449 4738 2691 4805 Ἰησοῦν
2731 4737 2838 4792 τὸν
2885 4738 3183 4806 ῥυόμενον
3230 4735 3421 4808 ἡμᾶς,

1856 4832 2038 4897 φησιν,
2068 4826 2186 4880 ἀπὸ
2214 4825 2325 4893 τῆς
2350 4825 2530 4894 ὀργῆς
2565 4824 2677 4892 τῆς
2727 4824 3077 4893 ἐρχομένης.
3127 4822 3296 4876 Τοῦτο
3331 4821 3426 4875 καὶ

1856 4913 2196 4985 παραμυθία,
2222 4913 2312 4967 καὶ
2339 4911 2706 4982 παράκλησις,
2741 4914 2836 4964 καὶ
2868 4909 3147 4982 προτροπὴ
3179 4909 3421 4962 ἐκείνων.

1857 5004 1920 5055 Εί
1948 5004 2058 5070 γὰρ
2093 5002 2312 5072 ἦγειρεν
2341 5003 2404 5053 ἐκ
2430 4999 2538 5052 τῶν
2569 4998 2798 5069 νεκρῶν,
2827 4998 2922 5052 καὶ
2960 5000 3019 5050 ὲν
3046 4996 3268 5068 οὐρανῷ-
3285 4997 3422 5052 ἐστι.

1859 5092 1951 5144 καὶ
1981 5089 2185 5144 ἐκεῖθεν
2209 5087 2484 5142 ἐλεύσεται
2503 5086 2680 5158 (τοῦτο
2699 5086 2755 5140 δὲ
2783 5086 2956 5149 οὑτως
2981 5085 3126 5156 ἔχειν
3171 5082 3424 5137 ἐπιστεύ-

1861 5196 1987 5233 σατε
2009 5197 2022 5212 ·
2051 5179 2110 5232 οὑ
2149 5179 2256 5249 γὰρ
2290 5178 2378 5240 ἂν,
2411 5179 2458 5229 εἰ
2508 5176 2580 5246 μὴ
2620 5175 2995 5239 ἐπιστεύσατε,
3023 5173 3258 5226 τοσαῦτα
3289 5172 3425 5224 ἐπά-

1862 5266 2031 5333 θετε)·
2062 5267 2220 5336 ἱκανὴ
2269 5265 2593 5336 παραμυθία
2623 5265 2719 5318 καὶ
2763 5263 2957 5316 ταῦτα.
2992 5261 3056 5313 Εἰ
3101 5260 3158 5312 δὲ
3196 5259 3291 5313 καὶ
3319 5257 3424 5312 δὼ-

1863 5373 2014 5408 σουσι
2066 5355 2282 5416 πάντως
2309 5348 2455 5406 οὗτοι
2490 5353 2666 5422 δίκην,
2696 5352 2834 5419 ὅπερ
2864 5345 2958 5402 οῦν
2993 5349 3086 5400 καὶ
3118 5350 3176 5401 ἐν
3205 5349 3272 5418 τῇ
3307 5346 3427 5399 δευ-

1862 5443 1995 5512 τέρᾳ
2023 5441 2278 5512 ἐπιστολῇ
2314 5440 2720 5511 φησιν.ιέτέραν
2752 5437 2845 5490 καὶ
2879 5438 3036 5505 ὑμεῖς
3072 5434 3221 5498 ἕξετε
3251 5451 3428 5505 παρα-

1867 5526 2062 5600 μυθίαν
2087 5531 2147 5582 οὑ
2183 5531 2404 5600 μικράν.
2439 5527 2646 5588 ’Ἄλλως
2679 5525 2736 5578 δὲ
2764 5525 2854 5576 καὶ
2882 5521 3170 5591 ἀναμένειν
3193 5516 3316 5573 εἴτε
3337 5520 3429 5573 τὸν

1865 5617 1990 5670 Υίδν
2020 5615 2183 5669 αὑτοῦ
2208 5619 2271 5668 ἐκ
2301 5615 2408 5667 τῶν
2441 5612 2704 5684 οὐρανῶν,
2735 5608 2910 5678 δηλῶν
2949 5608 3030 5660 ὅτι
3057 5607 3126 5660 τὰ
3152 5605 3253 5676 μὲν
3278 5603 3430 5659 δεινὰ

1865 5707 1922 5758 ἐν
1966 5704 2140 5776 χερσὶ,
2168 5703 2235 5756 τὰ
2277 5703 2335 5756 δὲ
2377 5700 2586 5772 χρηστά
2608 5701 2664 5751 ὲν
2689 5696 2966 5767 μελλήσει,
2991 5697 3119 5748 ὅταν
3147 5697 3176 5748 ό
3197 5692 3429 5764 Χριστὸς

1865 5796 1970 5847 ἀπὸ
1999 5795 2108 5846 τῶν
2156 5793 2399 5861 οὐρανῶν
2439 5790 2587 5860 ἔλθῃ.
2622 5788 2763 5857 Ὅρα
2794 5785 2966 5854 πόσης
2993 5785 3164 5837 δεῖται
3193 5781 3426 5841 ἐλπίδος.

1867 5885 1946 5936 δτι
1971 5883 1998 5932 6
2030 5879 2359 5950 σταυρωθεὶς
2399 5877 2624 5947 ἠγέρθη,
2659 5875 2740 5927 δτι
2771 5872 3043 5944 ἀνελήφθη
3079 5874 3158 5936 είς
3183 5871 3306 5934 τοὺς
3335 5869 3427 5922 οὑ-

1873 5970 2085 6040 ρανυυς,
2101 5967 2181 6022 ὅτι
2207 5966 2419 6038 ἔρχεται
2445 5967 2622 6036 κρῖναι
2646 5963 2854 6028 ζῶντας
2876 5962 2967 6016 καὶ
2991 5957 3234 6027 νεκρούς.
3251 5955 3430 6015 Mle
