3874 6570
218 391 320 448 ιοι

212 509 328 564 Deo
354 519 527 563 nostro
549 508 682 575 loqui
706 508 775 561 ad
805 524 892 564 vos
929 510 1240 581 evangelium
1269 509 1363 564 Dei
1391 510 1446 565 in
1466 511 1622 564 multa
1646 512 1789 565 solli-

213 602 453 657 citudine.

284 692 341 749 2.
382 694 568 762 Magna
610 692 824 763 quidem
854 702 908 750 et
936 696 1187 765 praeclara
1218 706 1343 752 sunt
1366 712 1484 767 quae
1511 698 1747 768 gessistis
1772 714 1787 763 ;

212 785 307 840 sed
335 800 433 840 nec
458 800 552 840 nos
579 785 812 840 humano
832 801 1079 841 sermone
1103 788 1181 842 usi
1207 803 1411 844 sumus.
1440 789 1543 844 Sed
1572 791 1622 844 id
1646 790 1788 861 quod

210 878 477 948 superius,
496 878 594 932 hic
618 893 828 949 quoque
851 879 999 945 dicit,
1027 880 1166 951 quod
1193 881 1454 953 utrimque
1479 884 1790 939 ostendatur

211 968 384 1037 qualis
422 969 488 1022 sit
534 969 838 1037 praedicatio
859 1009 876 1033 ,
907 980 961 1024 et
988 986 1051 1025 ex
1082 972 1244 1041 signis
1267 1012 1284 1039 ,
1311 981 1368 1028 et
1394 989 1460 1028 ex
1487 989 1671 1029 eorum
1696 975 1785 1045 qui

210 1059 504 1128 praedicant
532 1061 793 1126 instituto,
814 1072 869 1117 et
890 1077 956 1117 ex
982 1062 1193 1117 fervore
1216 1058 1270 1119 et
1293 1064 1469 1119 studio
1492 1080 1676 1121 eorum
1698 1068 1784 1136 qui

207 1150 528 1218 suscipiunt.
556 1150 670 1221 Ipsi
694 1152 859 1216 enim,
894 1152 1080 1222 inquit,
1110 1154 1250 1207 scitis
1278 1164 1325 1208 et
1354 1165 1579 1210 nostrum
1606 1157 1673 1210 ad
1700 1173 1785 1211 vos

205 1242 505 1308 introitum,
532 1244 666 1313 quod
694 1262 794 1299 non
821 1246 919 1314 {uit
946 1247 1110 1301 inanis
1138 1264 1158 1302 :
1184 1247 1284 1302 hoc
1311 1258 1393 1303 est
1416 1290 1431 1312 ,
1464 1266 1568 1304 non
1600 1251 1786 1306 huma-

209 1350 310 1389 nus
336 1378 352 1401 ,
396 1351 569 1405 neque
613 1336 743 1390 levis
770 1352 832 1392 ac
855 1339 1103 1408 vulgaris.
1141 1339 1185 1394 Α
1218 1341 1421 1408 magnis
1447 1343 1586 1395 enim
1614 1344 1782 1413 erepti

206 1430 459 1497 periculis
483 1442 537 1485 et
564 1433 819 1488 mortibus
845 1443 900 1489 et
925 1435 1092 1505 plagis
1112 1476 1127 1500 ,
1160 1436 1438 1491 incidimus
1463 1453 1647 1492 rursus
1668 1447 1782 1494 sta-

203 1523 300 1575 tim
334 1522 385 1575 in
414 1523 667 1590 pericula.
703 1525 812 1579 Sed
837 1538 973 1593 ante,
1005 1529 1205 1596 inquit,
1238 1530 1373 1599 passi
1398 1532 1578 1594 multa,
1607 1540 1782 1585 contu-

200 1615 369 1668 meliis
397 1613 583 1681 a/fecti,
612 1616 741 1669 sicut
767 1617 921 1680 scitis,
951 1620 1004 1673 in
1034 1619 1308 1689 Philippis,
1337 1621 1575 1690 fiduciam
1603 1621 1780 1676 habui-

200 1720 317 1757 mus
341 1705 393 1757 in
425 1703 532 1758 Deo
560 1715 752 1761 nostro.
786 1706 945 1762 Vides
972 1709 1236 1778 quomodo
1262 1724 1444 1764 rursus
1476 1720 1639 1765 totum
1672 1713 1779 1767 Deo

202 1797 483 1851 attribuit?
532 1799 612 1851 Ad
650 1799 952 1870 loquendum
975 1842 991 1864 ,
1027 1802 1233 1870 inquit,
1264 1804 1332 1857 ad
1357 1818 1443 1857 vos
1466 1804 1779 1874 evangelium

200 1888 305 1942 Dei
329 1892 382 1943 in
408 1891 562 1944 multa
587 1892 944 1946 sollicitudine.
980 1894 1089 1948 Dici
1115 1909 1218 1948 non
1248 1903 1422 1964 potest
1446 1907 1644 1965 quanto
1670 1895 1777 1950 illic

198 1984 257 2038 in
290 1984 523 2052 periculo
549 1985 744 2040 fuimus
763 2028 779 2053 ,
816 1987 901 2040 hic
926 2001 1053 2041 vero
1083 2002 1187 2041 non
1215 2005 1229 2041 :
1258 1988 1404 2042 scitis
1430 1989 1572 2043 enim
1602 1998 1652 2043 et
1681 2004 1776 2043 vos

180 2086 453 2143 quantum
486 2077 643 2132 fuerit
676 2080 964 2148 periculum
990 2122 1005 2146 ,
1035 2096 1155 2135 cum
1187 2091 1379 2151 quanta
1420 2082 1776 2138 sollicitudine

192 2169 460 2224 fuerimus
486 2171 625 2241 apud
656 2186 767 2224 vos.
801 2172 951 2238 Quod
981 2173 1045 2227 ad
1072 2172 1374 2228 Corinthios
1402 2188 1610 2243 quoque
1638 2174 1774 2227 scri-

174 2261 333 2315 rrbcns
358 2262 487 2316 dicit
512 2302 527 2325 ,
561 2262 626 2315 In
656 2262 948 2332 inﬁrmitate
974 2274 1019 2319 et
1045 2264 1214 2318 labore
1241 2274 1284 2317 et
1313 2266 1364 2318 in
1393 2266 1569 2320 timore
1592 2276 1639 2317 et
1670 2276 1772 2319 trc-

178 2371 336 2409 more
375 2355 533 2409 multo
561 2357 636 2427 [ni
660 2357 799 2425 apud
826 2373 911 2410 vos
935 2357 1027 2427 (1.
1055 2356 1232 2413 Cor.2.
1268 2357 1360 2429 5).
1393 2354 1445 2412 5.
1478 2355 1773 2411 Exhortatio

188 2450 329 2501 enim
358 2458 529 2502 nostra
557 2465 656 2502 non
682 2450 744 2502 de
766 2444 952 2509 errare.
982 2466 1141 2518 neque
1167 2450 1230 2503 de
1256 2449 1591 2513 immunditia,
1619 2466 1774 2514 neque

186 2542 247 2593 in
276 2542 431 2607 dolo;
455 2543 508 2595 4.
537 2541 625 2595 sed
648 2540 777 2595 sicut
806 2541 1000 2609 probati
1029 2557 1201 2594 sumus
1226 2558 1257 2593 a
1281 2540 1384 2594 Deo
1411 2550 1465 2593 ut
1492 2541 1773 2594 crederetur

185 2634 340 2688 nobis
368 2636 678 2705 evangelium
701 2675 715 2697 ,
756 2634 828 2688 ita
867 2626 1120 2703 loquimur
1144 2676 1158 2696 ,
1191 2651 1289 2687 non
1319 2626 1462 2706 quasi
1490 2634 1772 2689 hominibus

186 2730 473 2799 placentes,
497 2728 584 2782 sed
610 2728 714 2781 Deo
734 2728 818 2797 qui
842 2730 1019 2800 probat
1039 2730 1192 2782 corda
1213 2741 1402 2783 nostra.
1426 2729 1586 2784 Vides
1606 2731 1768 2800 quod,

183 2821 334 2875 sicut
379 2819 487 2873 dixi
513 2860 528 2885 ,
567 2835 630 2872 ex
674 2834 861 2874 eorum
892 2819 1138 2874 instantia
1169 2823 1329 2875 sumit
1357 2833 1725 2892 argumentum
1750 2865 1767 2889 ,

184 2911 336 2981 quod
364 2911 539 2965 divina
567 2911 634 2965 sit
660 2911 984 2980 praedicatio.
1012 2912 1140 2966 Nam
1169 2914 1213 2968 si
1242 2913 1343 2967 hoc
1369 2930 1470 2968 non
1494 2914 1563 2968 ita
1587 2926 1727 2969 esset
1752 2957 1766 2978 ,

184 3006 238 3059 si
270 3013 416 3059 esset
442 3003 705 3073 deccptio,
729 3018 831 3057 non
864 3013 969 3058 tam
999 3005 1165 3058 multa
1197 3006 1333 3074 passi
1365 3021 1605 3061 essemus
1632 3008 1772 3076 peri-

184 3096 313 3151 cula
340 3137 355 3161 ,
385 3110 503 3166 qua:
532 3111 598 3149 ne
633 3095 999 3150 concedebant
1037 3096 1250 3167 quidem
1280 3106 1338 3151 ut
1362 3099 1763 3168 respiraremus.

186 3190 456 3259 Quidnam
486 3198 567 3243 est
593 3190 758 3259 ergo?
781 3188 837 3245 Si
864 3204 967 3244 non
998 3188 1316 3254 futurorum,
1350 3191 1538 3260 inquit,
1570 3189 1766 3261 aliquid

188 3298 300 3338 nos
342 3282 633 3347 excitaret,
666 3282 710 3335 si
756 3298 859 3336 non
904 3297 1215 3353 persuasum
1257 3283 1411 3338 nobis
1447 3291 1590 3339 esset
1626 3282 1767 3352 quod

186 3376 335 3428 bona
376 3374 446 3429 sit
482 3388 644 3444 spes,
674 3388 780 3428 non
822 3375 892 3429 ita
932 3374 1179 3430 alacriter
1218 3375 1269 3429 in
1316 3378 1565 3431 aerumnis
1595 3377 1767 3432 allecti

182 3466 502 3521 fuissemus.
544 3465 674 3531 Quis
714 3466 856 3519 enim
896 3466 1116 3535 eligeret
1160 3481 1257 3535 pro
1286 3467 1350 3520 iis
1380 3482 1498 3537 quae
1532 3467 1617 3522 hic
1645 3478 1769 3521 sunt

184 3570 299 3614 tam
332 3560 495 3614 multa
516 3559 802 3622 sustinere,
824 3565 880 3613 et
898 3558 1001 3611 vita
1025 3560 1203 3612 vivere
1222 3558 1447 3611 sollicita
1469 3568 1523 3613 et
1542 3559 1769 3613 laborio-

181 3668 243 3706 sa
272 3661 332 3707 et
360 3651 514 3721 plena
534 3649 818 3719 periculis?
842 3650 1048 3702 cuinam
1070 3648 1209 3703 enim
1235 3632 1629 3718 persuaseiint?
1645 3665 1766 3706 nam

185 3744 309 3798 haec
337 3743 450 3811 ipsa
471 3757 648 3795 annon
675 3739 942 3794 sufﬁciunt
962 3739 1026 3793 ad
1051 3739 1436 3809 perturbandos
1457 3739 1764 3809 discipulos,

182 3855 314 3892 cum
352 3845 703 3906 praeceptores
727 3835 940 3889 videant
969 3836 1019 3887 in
1049 3833 1334 3904 periculis?
1364 3834 1469 3889 Sed
1500 3836 1598 3890 hoc
1620 3837 1769 3891 vobis

152 3940 299 3985 'non
331 3927 523 3983 accidit
549 3949 561 3982 :
591 3925 888 3980 Exhortatio
909 3926 1041 3980 enim
1064 3935 1254 3992 nostra,
1282 3926 1381 3980 hoc
1400 3936 1482 3980 est
1501 3926 1764 3994 doctrina,

183 4039 295 4075 non
326 4029 399 4074 est
439 4020 498 4073 de
542 4034 728 4072 errore.
762 4016 875 4071 Non
908 4025 989 4072 est
1012 4057 1027 4082 ,
1063 4016 1268 4087 inquit,
1296 4033 1384 4071 res
1411 4018 1565 4072 dolus
1597 4032 1769 4088 neque

160 4096 463 4180 ideceptio,
495 4121 548 4163 ut
574 4112 827 4163 cedamus
858 4126 871 4162 :
904 4122 1009 4162 non
1037 4116 1147 4175 est,
1179 4122 1276 4177 pro
1306 4108 1464 4163 rebus
1488 4109 1688 4165 odiosis
1714 4120 1768 4165 et

185 4202 560 4267 exsccrandis,
593 4217 697 4255 non
729 4216 822 4270 pro
849 4199 1339 4271 prtestigiatoribus,
1361 4210 1416 4255 et
1440 4201 1639 4271 magis;
1668 4203 1769 4258 hoc

188 4301 338 4354 enim
377 4298 474 4353 sibi
504 4297 609 4350 vult
640 4296 766 4350 illud
793 4337 805 4357 ,
840 4295 914 4350 Da
940 4294 1260 4348 immunditia
1276 4312 1295 4359 ;
1324 4310 1496 4365 neque
1524 4296 1575 4351 in
1603 4296 1725 4351 dolo
1747 4339 1764 4363 ,

158 4398 161 4399 ⁷
189 4407 371 4460 neque
395 4389 701 4444 affectantcs
729 4388 1026 4457 imperium,
1052 4385 1193 4456 quod
1217 4384 1339 4440 fecit
1362 4386 1636 4453 Theudas;
1664 4387 1768 4442 Sed

195 4486 331 4538 sicut
362 4483 549 4547 probati
575 4498 748 4535 sumus
777 4497 807 4532 a
833 4479 970 4545 Deo,
1000 4489 1054 4532 ut
1084 4479 1365 4532 crederetur
1391 4480 1531 4534 nobis
1559 4497 1767 4550 evange-

197 4580 351 4639 lium,
383 4578 448 4628 ita
475 4577 739 4641 loquimur,
773 4590 870 4625 non
900 4573 1041 4643 quasi
1068 4571 1349 4625 hominibus
1379 4573 1649 4641 placentes,
1680 4574 1767 4629 sed

194 4672 332 4724 Deo.
370 4669 519 4723 Vides
546 4667 684 4736 quod
718 4682 820 4719 non
854 4665 923 4718 sit
956 4664 1128 4718 inanis
1157 4664 1361 4732 gloria?
1390 4664 1495 4718 Sed
1520 4663 1648 4727 Deo,
1681 4665 1764 4719 in-

186 4763 331 4832 quit.
362 4761 444 4830 qui
470 4760 645 4829 probat
670 4761 825 4811 corda
850 4765 1038 4809 nostra.
1068 4754 1230 4820 Nihil,
1264 4755 1449 4823 inquit,
1478 4756 1683 4823 agimus
1711 4764 1769 4810 ut

182 4852 501 4907 hominibus
546 4850 1139 4918 placeamuszqaanam
1182 4848 1322 4900 enim
1358 4846 1424 4900 de
1463 4861 1620 4901 causa
1663 4848 1766 4903 hoc

180 4942 545 5000 fecissemus?
582 4939 813 5002 Deinde,
853 4954 972 4993 cum
1011 4952 1158 5006 'lPSOS
1195 4936 1462 4991 laudasset
1498 4938 1725 4993 dicendo
1749 4981 1764 5006 ,

177 5040 309 5095 Non
360 5047 629 5105 tamquam
672 5032 911 5087 volentes
961 5030 1263 5084 hominibus
1315 5031 1562 5099 placere.
1593 5046 1767 5098 neque

182 5134 432 5186 honores
476 5134 776 5197 qumrentes
818 5122 885 5176 ab
934 5121 1268 5186 hominibus;
1319 5121 1627 5191 subiungit:
1662 5122 1766 5178 Sed

182 5228 327 5279 sicut
356 5221 549 5291 probati
575 5234 747 5273 sumus
773 5234 803 5269 a
835 5215 938 5269 Deo
960 5256 975 5276 .
1007 5225 1060 5268 ut
1083 5214 1364 5268 crederetur
1388 5214 1527 5267 nobis
1554 5230 1767 5286 evange-

179 5319 324 5371 lium
353 5313 470 5366 Dei.
503 5314 578 5366 Ac
607 5313 651 5363 si
677 5308 877 5362 diceret
896 5348 911 5368 ,
940 5305 1047 5360 Nisi
1093 5320 1191 5360 nos
1219 5305 1452 5359 novisset
1479 5305 1671 5360 liberos
1700 5306 1768 5361 ab

177 5407 343 5464 nnini
374 5421 430 5459 re
454 5420 574 5474 quae
603 5400 668 5455 ad
692 5400 834 5455 hanc
859 5398 1017 5451 vitam
1046 5397 1296 5467 pertinet,
1325 5412 1431 5450 non
1455 5410 1549 5451 nos
1573 5397 1765 5466 elegis.

176 5511 269 5555 set
308 5518 322 5550 :
355 5498 537 5567 quales
579 5508 707 5563 ergo
748 5490 984 5560 probavit
1011 5529 1025 5552 ,
1068 5488 1199 5542 tales
1241 5504 1536 5543 manemus.
1576 5489 1621 5542 Α
1662 5489 1768 5543 Deo

177 5588 397 5655 probati
423 5602 608 5641 sumus.
638 5583 840 5650 inquit;
868 5580 917 5635 id
944 5589 1045 5643 est,
1070 5595 1165 5634 nos
1194 5579 1452 5648 probavit,
1477 5590 1526 5632 et
1548 5580 1771 5635 credidit

179 5681 356 5736 nubis
380 5676 715 5746 evangelium
739 5692 751 5728 :
773 5684 827 5727 ut
851 5688 981 5741 ergo
1010 5672 1121 5749 Deo
1143 5685 1239 5724 nos
1270 5669 1419 5740 probi
1442 5671 1536 5724 visi
1563 5686 1765 5738 sumus,

178 5778 273 5831 sic
304 5785 602 5828 manemus.
628 5768 834 5823 Nostrae
853 5765 1061 5820 virtutis
1080 5763 1285 5833 signum
1312 5772 1395 5817 est
1415 5771 1468 5816 et
1487 5778 1769 5833 argumen-

178 5879 313 5922 tum
342 5903 357 5930 ,
390 5859 530 5932 quod
573 5861 724 5916 nobis
763 5859 833 5913 sit
872 5856 1131 5913 creditura
1161 5854 1492 5925 evangelium
1530 5857 1617 5911 :si
1646 5857 1772 5928 quid

1071 391 1141 449 IN
1170 391 1393 453 EPIST.
1430 393 1455 449 1
1512 395 1603 453 ΑΒ
1641 396 1975 456 TBESSAL.
2014 403 2166 462 CAP.
2209 406 2273 463 Il.
2314 409 2547 469 ΗΟΜΙΙ..
2588 413 2656 469 II.

3365 422 3475 481 40%

1893 516 2090 571 malum
2134 520 2320 577 luisset
2358 525 2411 578 in
2457 526 2610 582 nobis
2632 568 2649 591 ,
2683 527 2821 584 Deus
2849 544 2948 585 nos
2974 545 3079 587 non
3118 531 3471 603 probavisset.

1892 606 2028 662 Illud
2054 622 2263 678 autem,
2294 615 2572 683 Probavit,
2604 618 2691 674 hic
2718 621 3010 689 significat,
3039 622 3246 680 Invenit
3274 628 3472 696 probos

1892 707 1947 752 et
1966 702 2224 765 credidit;
2249 720 2375 770 non,
2394 706 2672 764 Scrutatus
2692 721 2772 765 est
2791 730 2804 767 :
2823 728 2919 767 nos
2934 715 3076 769 enim
3097 716 3174 771 sic
3196 719 3470 786 probando

1890 792 2116 861 agimus,
2150 796 2236 849 ille
2266 799 2381 852 sine
2412 801 2501 854 tali
2535 803 2865 869 probatione.
2898 808 2989 861 Sic
3020 822 3147 877 ergo
3177 809 3464 880 loquimur,

1892 893 1948 936 ut
1980 900 2073 951 par
2099 896 2180 939 est
2206 904 2298 942 eos
2323 890 2411 957 qui
2442 906 2469 943 a
2505 892 2615 947 Deo
2644 906 2767 949 sumt
2796 897 3023 965 probati,
3052 909 3106 953 et
3130 902 3317 957 crediti
3343 913 3469 959 sunt

1889 989 2008 1030 esse
2037 977 2180 1048 digni
2210 984 2487 1051 evangelio
2518 1004 2532 1039 :
2561 995 2649 1051 et,
2681 985 2981 1058 Loquimnr,
3011 1008 3112 1045 non
3135 996 3279 1064 quasi
3302 995 3466 1050 homi-

1888 1067 2034 1121 nibus
2058 1070 2346 1139 placentes;
2375 1074 2474 1129 hoc
2499 1084 2581 1129 est
2597 1117 2611 1140 ,
2648 1092 2752 1131 non
2783 1090 2999 1149 propter
3025 1096 3121 1137 vos
3149 1084 3263 1139 haec
3286 1087 3465 1140 omnia

1887 1155 2128 1215 fecimus.
2159 1161 2419 1229 Quoniam
2447 1166 2594 1235 prius
2621 1168 2763 1237 ipsos
2792 1170 3046 1236 laudavit,
3077 1188 3145 1228 ne
3169 1175 3309 1243 quod
3336 1176 3468 1231 dicit

1885 1264 2100 1305 vocaret
2128 1252 2179 1306 in
2206 1256 2584 1325 suspicionem,
2614 1261 2688 1314 ait
2712 1278 2725 1314 :
2753 1262 2803 1316 5.
2838 1261 3013 1333 Neque
3036 1266 3167 1318 enim
3191 1268 3464 1337 aliquando

1886 1344 2076 1411 fuimus
2112 1348 2165 1399 in
2205 1364 2433 1404 sermone
2470 1353 2813 1421 adulationis,
2842 1356 2971 1408 sicut
3009 1359 3201 1421 nostis;
3226 1376 3383 1430 neque
3408 1362 3462 1414 in

1884 1437 2144 1491 occasione
2167 1442 2395 1495 avaritia:
2420 1459 2438 1496 :
2460 1443 2598 1499 Deus
2625 1448 2763 1499 testis
2788 1457 2860 1500 est
2884 1463 2902 1501 :
2924 1447 2975 1502 6.
3006 1466 3161 1518 neque
3183 1462 3463 1521 qucerentes

1881 1524 1943 1577 ab
1974 1526 2257 1585 hominibus
2298 1534 2513 1602 gloriam
2536 1576 2551 1598 ,
2582 1552 2743 1605 neque
2769 1552 2800 1589 a
2825 1538 2960 1590 vobis
2980 1578 2993 1598 ,
3028 1555 3183 1609 neque
3210 1541 3273 1595 ab
3301 1542 3418 1596 aliis
3440 1584 3457 1608 ,

1880 1632 1994 1670 cum
2022 1636 2281 1688 possemus
2306 1639 2412 1677 csse
2432 1627 2573 1679 oneri
2596 1635 2849 1694 tamquam
2876 1628 3060 1683 Christi
3083 1632 3318 1699 apostoli.
3352 1631 3435 1687 Ne
3458 1667 3464 1672 -

1878 1725 1975 1778 que
1998 1712 2129 1765 enim
2156 1708 2429 1783 aliquando
2456 1718 2641 1786 fuimus
2670 1720 2722 1772 in
2748 1736 2976 1773 sermone
3001 1722 3338 1788 adulationis,
3372 1723 3458 1777 in-

1877 1801 1992 1869 quit
2016 1818 2029 1855 :
2055 1802 2157 1858 hoc
2185 1814 2268 1858 est
2288 1847 2302 1869 ,
2330 1806 2448 1861 Non
2476 1808 2675 1863 adulati
2705 1824 2889 1863 sumus
2913 1852 2927 1869 .
2959 1812 3098 1881 quod
3128 1812 3340 1882 quidem
3373 1823 3458 1868 est

1877 1907 2062 1948 eorum
2092 1895 2180 1964 qui
2217 1896 2491 1967 decipiunt
2513 1940 2528 1964 ,
2562 1901 2651 1970 qui
2680 1902 2863 1955 volunt
2909 1904 3182 1970 possidere
3206 1914 3261 1960 et
3284 1904 3457 1959 domi-

1877 1995 2058 2040 natum
2099 1988 2362 2043 obtinere.
2402 1990 2521 2051 Non
2561 2003 2734 2061 potest
2759 1994 2861 2049 dici
2888 1996 3026 2064 quod
3058 1996 3255 2052 adulati
3286 1998 3455 2053 simus

1875 2088 1934 2133 ut
1959 2080 2291 2136 dominatum
2316 2083 2667 2147 obtineamus,
2691 2102 2864 2157 neque
2883 2088 3024 2157 quod
3052 2098 3269 2158 propter
3292 2106 3450 2161 pecu-

1874 2173 2017 2227 niam
2048 2189 2113 2227 eo
2142 2175 2465 2231 venerimus.
2497 2177 2664 2247 Hujus
2690 2181 2789 2245 rei,
2818 2194 2947 2235 sane
2976 2181 3256 2246 evidentis,
3289 2190 3452 2239 testes

1875 2267 2021 2337 ipsos
2045 2270 2363 2340 compellat:
2387 2272 2467 2326 An
2497 2272 2695 2326 adulati
2721 2273 2909 2337 simus,
2936 2288 3027 2328 vos
3054 2274 3220 2341 scitis,
3246 2275 3448 2345 inquit:

1872 2361 2014 2430 quod
2047 2372 2224 2415 autem
2255 2378 2360 2417 non
2387 2372 2501 2418 erat
2530 2364 2749 2418 evidens
2771 2405 2787 2428 ,
2817 2378 2883 2419 an
2918 2380 3011 2434 per
3034 2366 3251 2425 modum
3278 2368 3453 2422 avari-

1872 2452 1980 2515 tiaz,
2008 2453 2170 2507 Deum
2197 2454 2323 2508 citat
2348 2464 2556 2510 testem.
2581 2453 2762 2522 Neque
2782 2466 3058 2525 quaerentes
3083 2457 3143 2511 ab
3168 2458 3451 2513 hominibus

1870 2544 2120 2614 gloriam,
2149 2560 2305 2613 neque
2328 2561 2360 2597 a
2395 2545 2560 2610 vobis,
2589 2562 2748 2615 neque
2775 2547 2838 2599 ab
2862 2548 3017 2610 aliis;
3047 2563 3161 2601 cum
3191 2564 3450 2617 possemus

1872 2651 1978 2689 esse
2004 2635 2145 2688 oneri
2166 2675 2182 2701 ,
2212 2645 2465 2703 tamquam
2493 2635 2676 2691 Christi
2702 2638 2939 2707 apostoli.
2988 2638 3101 2693 lloc
3123 2649 3206 2695 est
3227 2680 3242 2704 ,
3274 2655 3449 2709 neque

1871 2725 2103 2782 honores
2124 2736 2444 2797 qumrentcs,
2469 2743 2643 2798 neque
2662 2729 2949 2799 gloriantes
2969 2739 3022 2784 ct
3042 2744 3140 2783 nos
3160 2729 3440 2799 iactantes,

1870 2835 1970 2874 nec
1993 2820 2171 2889 stipati
2197 2820 2532 2875 satellitibus.
2557 2821 2888 2890 Quamquam
2913 2820 2959 2875 si
2984 2821 3085 2876 hoc
3108 2820 3444 2887 fecissemus,

1869 2912 2003 2966 nihil
2048 2911 2359 2966 fecissemus
2402 2912 2633 2967 alienum
2669 2930 2683 2967 :
2713 2927 2834 2967 nam
2883 2912 2928 2968 si
2964 2912 3181 2983 quidam
3226 2915 3371 2970 missi
3415 2931 3444 2968 a

1869 3003 2082 3069 regibus
2106 3044 2121 3069 ,
2151 3012 2275 3057 sunt
2318 3012 2493 3057 tamen
2534 3004 2587 3057 in
2630 3002 2870 3068 honore,
2905 3005 3073 3060 multo
3112 3006 3281 3075 magis
3323 3020 3443 3061 nos.

1868 3095 2056 3163 Neque
2084 3094 2248 3159 dixit,
2281 3094 2613 3151 Contumelia
2643 3096 2817 3151 affecti
2844 3110 3061 3160 sumus,
3093 3111 3265 3168 neque
3284 3098 3444 3163 ,Ho-

1869 3205 2054 3244 norem
2095 3203 2198 3242 non
2237 3202 2423 3242 sumus
2459 3188 2773 3258 consequuti
2795 3231 2810 3253 ,
2842 3188 2983 3258 quod
3012 3189 3224 3260 quidem
3253 3197 3447 3260 expro-

1868 3279 2072 3335 brantis
2109 3278 2327 3343 fuisset;
2357 3278 2450 3334 sed
2472 3321 2487 3345 ,
2518 3278 2631 3334 Non
2662 3280 3022 3349 quaesivimus.
3053 3281 3153 3347 Qui
3180 3296 3307 3351 ergo
3337 3295 3442 3336 non

1868 3372 2230 3441 quaesivimus,
2259 3386 2378 3425 cum
2410 3371 2595 3426 liceret
2618 3386 2881 3440 quaerere,
2916 3371 3016 3426 hoc
3040 3372 3198 3426 etiam
3229 3372 3446 3443 exigen—

1868 3475 1921 3519 te
1948 3464 2342 3534 praedicatione,
2369 3464 2637 3534 quomodo
2665 3463 2976 3519 fecissemus
2999 3463 3196 3535 aliquid
3228 3472 3444 3533 propter

1868 3559 2128 3629 gloriam?
2169 3558 2500 3627 Quamquam
2540 3558 2747 3612 etiamsi
2776 3558 3204 3627 quaesivissemus
3229 3599 3243 3621 ,
3275 3575 3340 3613 ne
3365 3560 3445 3615 sic

1844 3656 1847 3663 '
1869 3649 2081 3719 quidem
2110 3662 2351 3703 essemus
2374 3647 2691 3702 accusandi:
2713 3664 2921 3718 aaquum
2948 3658 3089 3703 esset
3109 3650 3251 3703 enim
3275 3649 3441 3719 utqui

1868 3755 1898 3794 a
1928 3742 2036 3794 Deo
2063 3740 2209 3794 missi
2238 3748 2361 3794 sunt
2386 3738 2451 3792 ad
2480 3738 2731 3793 homines
2749 3779 2765 3806 ,
2792 3748 3058 3809 tamquam
3085 3756 3114 3793 a
3141 3739 3274 3794 ctelo
3301 3755 3443 3794 nunc

1868 3832 2143 3889 venientes
2182 3832 2379 3902 legati,
2409 3847 2600 3902 magno
2628 3830 2930 3887 fruerentur
2965 3832 3189 3887 honore.
3221 3831 3324 3887 Sed
3357 3832 3441 3886 his

1869 3926 2123 3996 neglectis
2167 3940 2265 3979 nos
2309 3926 2499 3980 horum
2537 3924 2670 3979 nihil
2713 3923 2973 3993 fecimus,
3005 3933 3064 3980 ut
3102 3924 3441 3980 obstruamus

1869 4034 1962 4073 ora
1988 4018 2433 4072 adversariorum.

1940 4112 1993 4166 5.
2034 4109 2215 4178 Neque
2257 4108 2360 4163 dici
2404 4116 2579 4178 potest
2618 4106 2759 4178 quod
2795 4122 2918 4178 erga
2949 4122 3043 4161 vos
3077 4107 3290 4178 quidem
3321 4108 3398 4163 sic
3421 4148 3437 4171 ,

1870 4217 1993 4271 erga
2032 4203 2165 4256 alios
2195 4210 2371 4255 autem
2409 4216 2512 4254 non
2548 4202 2625 4254 sic
2654 4215 2750 4254 nos
2778 4215 3025 4270 geramus
3054 4218 3066 4253 :
3097 4200 3169 4254 ita
3198 4203 3340 4256 enim
3370 4200 3437 4253 ad

1868 4294 2169 4350 Corinthios
2195 4309 2404 4363 quoque
2429 4292 2669 4346 scribens
2693 4293 2903 4346 dicebat
2927 4309 2940 4345 :
2965 4292 3235 4347 Sustmetis
3263 4292 3395 4346 enim
3418 4335 3436 4356 ,

1867 4387 1912 4441 si
1935 4387 2046 4456 quis
2073 4402 2157 4439 vos
2184 4386 2235 4440 in
2261 4386 2544 4438 servitutem
2567 4386 2777 4456 redigit,
2798 4386 2843 4437 si
2868 4384 2979 4453 quis
3004 4385 3234 4448 devorat,
3258 4385 3302 4438 si
3326 4386 3437 4454 quis

1868 4480 2086 4548 accipit,
2125 4480 2168 4531 si
2204 4480 2314 4549 quis
2343 4478 2597 4531 extollitur
2619 4519 2632 4542 ,
2676 4478 2719 4530 si
2746 4478 2854 4542 quis
2882 4477 2933 4530 in
2964 4478 3141 4546 faciem
3176 4492 3262 4530 vos
3289 4477 3438 4530 cedit

1871 4570 1889 4644 (
1912 4570 1966 4624 2.
1995 4569 2113 4624 Cor.
2144 4571 2229 4624 11.
2256 4569 2325 4622 20
2345 4571 2399 4640 );
2433 4579 2485 4623 et
2515 4584 2698 4622 rursus
2720 4609 2735 4633 ,
2767 4566 3046 4621 Pra'sentia
3073 4583 3186 4620 vero
3214 4569 3438 4635 corporis

1868 4663 2102 4732 inﬁrma,
2134 4678 2294 4715 sermo
2323 4659 2743 4729 contemptibilis:
2768 4668 2822 4713 et
2847 4674 3026 4713 rursus
3045 4700 3061 4725 ,
3092 4659 3287 4713 Donate
3313 4661 3437 4713 mihi

1870 4757 2000 4809 hanc
2024 4755 2261 4824 injuriam
2286 4753 2303 4823 (
2330 4752 2463 4807 Ibid.
2496 4752 2583 4807 10.
2617 4753 2702 4806 10.
2730 4761 2777 4805 et
2809 4750 2895 4806 I9...
2929 4752 3058 4822 15).
3084 4751 3196 4805 Illic
3226 4768 3435 4821 quoque

1870 4846 2101 4902 ostendit
2125 4859 2184 4899 se
2208 4844 2360 4899 valde
2380 4858 2499 4898 esse
2523 4842 2798 4905 humilem.
2825 4858 2890 4897 ex
2914 4858 2980 4897 eo
3001 4842 3138 4913 quod
3166 4852 3269 4897 tam
3295 4845 3433 4898 mul-

1870 4948 1922 4993 ta
1961 4938 2316 4993 conculcaret.
2361 4934 2457 4991 llic
2495 4946 2670 4989 autem
2711 4934 2840 4988 dicit
2869 4936 3027 4989 etiam
3053 4935 3121 4989 de
3152 4937 3388 5006 pecuniis
3418 4952 3434 4991 :

1871 5031 1999 5085 Cum
2045 5046 2298 5100 possemus
2340 5029 2475 5084 vobis
2512 5044 2619 5083 esse
2647 5013 2785 5082 oneri
2820 5036 2875 5081 ut
2901 5027 3088 5082 Christi
3115 5029 3349 5098 apostoli.
3380 5030 3433 5083 7.

1873 5124 1977 5179 Sed
2002 5124 2124 5194 facti
2150 5137 2322 5176 sumus
2348 5120 2547 5191 parvuli
2571 5121 2624 5173 in
2651 5118 2813 5173 medio
2838 5128 3051 5173 vestrum
3073 5135 3092 5173 :
3112 5130 3366 5190 tamquam
3393 5121 3439 5173 si

1871 5216 2046 5270 nutrix
2073 5218 2234 5286 foveat
2262 5214 2395 5279 ﬁlios
2419 5229 2557 5278 suos,
2585 5211 2639 5268 8.
2668 5212 2738 5265 ita
2765 5212 3101 5265 desiderantes
3125 5227 3232 5274 vos,
3254 5213 3439 5281 cupide

1869 5307 2154 5363 volebamus
2180 5306 2377 5360 tradere
2398 5304 2553 5366 vobis,
2577 5304 2676 5357 non
2695 5304 2859 5357 solum
2881 5300 3197 5373 evangelium.
3213 5301 3329 5365 Dei,
3349 5303 3438 5357 sed

1873 5401 2021 5454 etiam
2063 5398 2257 5451 animas
2300 5406 2498 5451 nostras
2536 5410 2556 5449 :
2578 5395 2816 5465 quoniam
2852 5390 3099 5446 carissimi
3135 5392 3279 5451 nobis
3315 5392 3441 5463 facti

1871 5491 2008 5543 estis.
2042 5487 2147 5544 Sed
2176 5484 2297 5559 facti
2331 5502 2502 5541 sumus
2525 5525 2540 5549 ,
2572 5484 2775 5553 inquit,
2804 5483 3048 5552 parvuli:
3071 5482 3124 5538 id
3149 5491 3228 5537 est
3253 5481 3437 5544 ,Nihil

1873 5580 2230 5649 importunum
2256 5619 2272 5643 ,
2304 5574 2432 5630 nihil
2464 5575 2741 5629 molestum
2774 5588 2873 5628 nec
2906 5589 3063 5642 grave
3091 5589 3265 5643 neque
3292 5573 3434 5646 quod

1874 5672 2065 5727 fastum
2090 5670 2281 5724 habeat
2300 5667 2647 5724 ostendimus.
2680 5665 2810 5720 lllud
2836 5676 3013 5719 autem
3034 5707 3050 5730 ,
3078 5664 3144 5720 in
3169 5665 3331 5721 medio
3354 5682 3439 5720 ve-

1872 5774 2051 5823 strum.
2080 5763 2182 5817 tale
2205 5771 2319 5825 est,
2350 5758 2477 5814 utsi
2504 5757 2623 5830 quis
2647 5759 2821 5823 dicat,
2848 5756 2963 5811 Non
2987 5772 3053 5811 ex
3083 5756 3233 5812 vobis
3261 5756 3436 5837 locum

1874 5865 1929 5912 et
1955 5864 2153 5911 sortem
2182 5852 2509 5923 superiorem
2538 5858 2592 5907 et
2619 5849 3025 5906 eminentiorem
3054 5850 3398 5919 accipientes.
