3874 6524
576 373 684 429 405

648 488 883 542 nectaris
907 488 1139 558 oﬁicium.
1168 517 1237 528 —
1265 487 1541 557 Tamquam
1567 490 1611 542 si
1636 488 1813 543 nutrix
1837 488 1998 558 foveat
2020 528 2033 549 ,
2068 486 2148 540 in-

575 580 721 648 quit,
750 580 882 647 ﬁlios
908 595 1047 633 suos.
1077 579 1151 631 Ita
1182 587 1395 648 oportet
1421 594 1541 634 esse
1563 579 1857 633 doctorem.
1885 577 2021 632 Num
2054 593 2150 630 nu-

578 671 679 724 trix
706 670 951 724 adulatur
976 679 1031 723 ut
1054 670 1278 739 gloriam
1303 670 1696 740 consequatur?
1720 685 1843 723 num
1869 669 2146 739 pecuniam

577 759 707 825 petit
731 774 761 812 a
788 759 963 828 parvis
990 759 1204 828 pueris?
1230 775 1357 814 num
1383 768 1466 815 est
1492 761 1595 815 illis
1614 760 1787 830 gravis
1807 767 1862 814 et
1887 758 2147 814 molesta?

573 865 751 904 annon
777 850 878 903 illae
898 862 1022 905 sunt
1042 851 1380 922 benigniores
1400 862 1457 908 et
1477 853 1713 907 mitiores
1732 870 1888 923 quam
1913 852 2148 906 matres?

578 943 673 997 llic
719 943 951 997 ostendit
993 959 1230 998 amorem
1268 952 1323 999 et
1362 943 1804 999 benevolentiam.
1835 941 1921 995 Ita
1948 942 2146 997 deside-

574 1045 740 1090 rantes
767 1052 887 1101 vos,
920 1036 1091 1107 inquit
1123 1054 1138 1093 :
1164 1038 1236 1092 ita
1265 1037 1415 1092 vobis
1443 1037 1673 1092 devincti
1704 1051 1888 1091 sumus
1909 1075 1924 1100 ,
1956 1046 2011 1091 et
2038 1050 2145 1089 non

571 1129 748 1184 solum
785 1131 917 1186 nihil
958 1132 1244 1202 accipimus
1268 1173 1281 1197 ,
1314 1132 1409 1188 sed
1449 1132 1494 1186 si
1533 1138 1777 1201 oporteat
1813 1129 1974 1185 etiam
2003 1129 2146 1198 ipsas

573 1218 835 1290 impertiri
858 1222 1084 1288 animas,
1112 1239 1216 1277 non
1251 1221 1632 1277 recusahimus.
1660 1218 1894 1276 Hoccine
1916 1217 2148 1285 est,dic,

569 1326 755 1379 (μείρεο
779 1353 793 1375 ,
824 1311 1067 1366 humanae
1096 1314 1324 1368 tuentis?
1355 1323 1408 1367 et
1436 1313 1553 1383 quis
1580 1312 1715 1367 adeo
1740 1310 1935 1381 desipit
1961 1318 2019 1365 ut
2044 1309 2145 1365 hoc

570 1404 756 1457 dicat?
808 1404 999 1474 Cupide
1043 1406 1326 1459 volebamus
1373 1405 1571 1459 tradere
1615 1404 1792 1469 vobis,
1837 1420 1938 1457 non
1979 1401 2143 1456 solum

572 1496 879 1562 evangelium
907 1495 1016 1559 Dei,
1044 1497 1133 1550 sed
1154 1497 1302 1551 etiam
1324 1497 1520 1551 animas
1544 1507 1760 1551 nostras.
1787 1494 2141 1563 Quamobrem

572 1583 674 1639 huc
722 1597 803 1640 est
856 1585 948 1640 illo
987 1588 1177 1656 majus.
1229 1588 1295 1642 Et
1341 1587 1607 1658 quodnam
1646 1596 1730 1642 est
1772 1584 2021 1641 lucrum?
2066 1584 2144 1639 Ex

571 1677 843 1743 evangelio
866 1678 1077 1747 quidem
1105 1679 1339 1745 lucrum;
1368 1679 1495 1734 dare
1518 1688 1694 1733 autem
1720 1679 1974 1743 animam,
2000 1675 2142 1746 quod

569 1767 635 1820 ad
663 1767 1022 1823 difficultatem
1050 1771 1255 1833 attinet,
1282 1779 1363 1824 est
1382 1769 1475 1824 illo
1500 1770 1688 1839 majus.
1711 1769 1827 1824 Non
1854 1779 1977 1824 sunt
1999 1767 2141 1823 enim

571 1860 716 1926 paria
762 1859 1050 1927 prmdicare
1079 1870 1132 1915 et
1158 1860 1285 1915 dare
1314 1861 1543 1915 animam
1575 1879 1590 1915 :
1620 1877 1740 1916 nam
1771 1861 1895 1916 illud
1930 1861 2141 1932 quidem

569 1960 652 2003 est
679 1950 1075 2017 honorabilins,
1108 1956 1206 2008 hoc
1235 1963 1410 2008 autem
1441 1962 1523 2008 est
1551 1953 1767 2024 majoris
1792 1953 2139 2008 difficultatis.

571 2043 837 2099 Vellemus
861 2086 875 2107 ,
909 2045 1115 2116 inquit,
1144 2048 1188 2102 si
1216 2048 1440 2112 liceret,
1468 2048 1628 2103 etiam
1653 2048 1858 2102 animas
1885 2048 2034 2103 vobis
2057 2047 2141 2103 ef-

570 2134 815 2191 fundere.
841 2137 1101 2203 Quoniam
1129 2155 1257 2208 ergo
1284 2139 1513 2194 laudavit
1541 2150 1595 2195 et
1624 2139 1828 2205 laudat,
1857 2149 2138 2210 propterea

569 2227 757 2297 inquit,
784 2227 897 2284 Non
925 2231 1176 2301 pecunias
1196 2242 1515 2300 quaerentes.
1539 2247 1645 2287 non
1667 2232 1817 2286 vobis
1837 2232 2134 2297 adulantes,

569 2336 673 2373 non
703 2320 925 2392 gloriam
958 2332 1266 2392 appetentes
1306 2323 1407 2378 hoc
1444 2322 1685 2379 facimus.
1712 2323 1847 2380 Vide
1873 2324 2017 2379 enim
2047 2340 2062 2377 :
2094 2324 2139 2379 si

568 2413 731 2466 nntlta
773 2413 1116 2469 confecerant
1149 2414 1441 2470 certamina
1464 2455 1481 2479 ,
1509 2424 1563 2469 et
1601 2415 1838 2484 impense
1863 2415 2141 2483 oportebat

565 2516 662 2557 eos
703 2501 908 2557 laudari
948 2513 1002 2558 et
1045 2503 1227 2559 haberi
1272 2505 1322 2558 in
1367 2504 1754 2570 admiratione,
1795 2512 1854 2559 ut
1891 2503 2140 2560 fortiores

567 2594 876 2661 evaderent,
902 2594 1129 2651 habebat
1154 2597 1268 2652 laus
1290 2598 1667 2667 suspicionem.
1693 2598 1998 2668 Propterea,
2022 2598 2139 2655 hate

562 2686 744 2740 omnia
778 2685 927 2752 dicit,
960 2702 1214 2742 amovens
1243 2690 1619 2760 suspicionem,
1642 2689 1769 2744 dicit
1800 2689 2052 2759 pericula.
2074 2691 2139 2745 Et

565 2791 773 2843 rursus,
794 2794 861 2833 ne
884 2788 1096 2848 putetur
1124 2781 1354 2851 pericula
1378 2781 1577 2847 dicere,
1604 2792 1867 2852 tamquam
1888 2797 1983 2854 pro
2009 2782 2138 2852 ipsis

568 2867 837 2933 laborans,
868 2878 924 2925 et
950 2879 1216 2940 tamquam
1241 2871 1309 2925 ab
1333 2871 1461 2940 ipsis
1484 2872 1686 2927 debeas
1711 2872 1990 2939 honorari;
2020 2873 2139 2929 ideo

566 2967 846 3028 postquam
876 2961 1108 3029 pericula
1148 2961 1498 3028 memoravit,
1520 2961 1791 3032 subjunxit
1828 2979 1844 3020 :
1886 2962 2138 3029 Quoniam

563 3048 810 3103 carissimi
853 3051 992 3107 nobis
1017 3053 1311 3124 facticstis;
1339 3061 1498 3124 atque
1523 3053 1643 3109 ideo
1681 3055 1886 3112 animas
1927 3064 2136 3110 nostras

566 3139 812 3195 lubenter
829 3142 980 3198 vobis
1004 3142 1354 3209 dedissemus,
1379 3160 1447 3201 eo
1466 3144 1607 3215 quod
1628 3145 1777 3201 vobis
1796 3145 1949 3201 valde
1968 3146 2137 3202 simus

563 3232 817 3289 devincti.
862 3235 1034 3305 Atque
1066 3236 1397 3306 evangelium
1427 3236 1640 3307 quidem
1666 3277 1681 3302 ,
1711 3236 1964 3308 quoniam
1992 3237 2134 3294 Deus

558 3325 741 3396 jussit,
766 3326 1177 3393 annuntiamus;
1210 3336 1412 3382 tantum
1439 3337 1615 3384 autem
1641 3344 1734 3382 vos
1759 3328 2047 3400 diligimus,
2076 3340 2136 3384 ut

563 3420 609 3473 si
639 3421 842 3483 liceret,
872 3420 1030 3475 etiam
1057 3412 1263 3474 animas
1288 3419 1639 3476 dedissemus.
1665 3421 1753 3477 Sic
1778 3431 1991 3491 oportet
2013 3421 2134 3477 dili-

561 3520 774 3581 gentem
804 3510 1022 3582 diligere
1043 3553 1059 3576 ,
1096 3521 1151 3566 ttt
1182 3512 1226 3566 si
1256 3510 1325 3565 ab
1353 3526 1418 3567 eo
1448 3520 1655 3582 petatur
1682 3511 1856 3566 anima
1878 3554 1895 3579 ,
1927 3520 1983 3568 et
2016 3513 2131 3568 fieri

564 3606 730 3674 possit
752 3645 767 3666 ,
802 3620 905 3659 non
935 3614 1096 3662 vetet.
1127 3605 1241 3661 Non
1271 3604 1391 3660 dico
1416 3647 1431 3671 ,
1471 3606 1516 3660 si
1560 3614 1768 3675 petatur
1807 3604 1980 3661 solum
2026 3606 2132 3660 imo

564 3711 694 3750 vero
716 3706 774 3750 ut
794 3696 907 3766 ipse
929 3696 992 3751 ad
1022 3696 1123 3752 hoc
1136 3697 1332 3751 donum
1358 3707 1621 3752 accurrat.
1644 3695 1783 3752 Nihil
1809 3698 1972 3764 enim,
2001 3696 2131 3751 nihil

564 3787 863 3857 hujusmodi
907 3804 1091 3843 amore
1130 3789 1285 3844 fuerit
1321 3789 1636 3859 jucundius,
1669 3789 1796 3844 nihil
1830 3790 1935 3843 illic
1961 3789 2131 3845 conli-

562 3879 699 3948 gerit
736 3878 1035 3933 molestum.
1073 3878 1267 3934 Fidelis
1305 3882 1505 3934 amicus
1534 3895 1716 3935 revera
1746 3890 1827 3935 est
1862 3880 1983 3935 vita:
2019 3896 2132 3936 me-

562 3969 919 4025 dicamentum
954 3988 966 4023 :
999 3970 1168 4026 fidelis
1208 3972 1410 4026 amicus
1452 3980 1536 4027 est
1578 3971 1806 4026 validum
1857 3980 2131 4043 tegumen-

566 4073 698 4116 tum.

637 4154 764 4221 Quis
783 4155 844 4208 sit
865 4170 1007 4208 verus
1026 4154 1236 4208 amicus.
1257 4152 1555 4208 Christiana:
1574 4154 1807 4208 amicitite
1823 4155 2126 4226 exentplum.

562 4276 632 4286 —
655 4245 793 4313 Quid
819 4247 959 4300 enim
988 4261 1092 4301 non
1122 4246 1307 4301 fecerit
1332 4261 1487 4301 verus
1513 4256 1566 4301 et
1589 4261 1871 4317 germanus
1894 4249 2129 4304 amicus?

562 4353 717 4408 quam
744 4352 847 4391 non
870 4338 1103 4392 attulerit
1123 4339 1485 4407 voluptatem?
1505 4353 1660 4408 quam
1686 4354 1789 4393 non
1814 4340 2129 4396 utilitatem?

560 4443 720 4498 quam
768 4444 872 4483 non
921 4428 1298 4484 securitatem?
1347 4428 1566 4484 Etiamsi
1614 4429 1889 4484 thesauros
1931 4430 2130 4487 dixeris

563 4519 975 4575 innumerabiles
998 4559 1013 4582 ,
1047 4518 1175 4573 nihil
1217 4534 1346 4573 vero
1381 4529 1435 4573 et
1476 4534 1729 4588 germano
1756 4521 1927 4575 amico
1959 4532 2130 4590 potest

563 4614 899 4684 aequiparari.
946 4612 1181 4667 Primum
1222 4622 1398 4668 autem
1428 4612 1670 4668 dicamus
1694 4623 1943 4682 quantam
1974 4615 2127 4670 volu-

565 4713 763 4774 ptatem
802 4702 964 4757 habet
989 4703 1218 4757 amicitia
1249 4721 1262 4757 :
1289 4704 1448 4772 gestit
1472 4705 1664 4772 gaudio
1692 4706 1920 4759 amicum
1943 4706 2128 4761 videns

564 4804 621 4850 et
658 4793 971 4849 diffunditur
1000 4809 1014 4846 :
1042 4807 1161 4847 cum
1192 4808 1258 4847 eo
1285 4795 1618 4864 conjungitur
1644 4795 1870 4865 quadam
1900 4797 2125 4867 conjun-

563 4888 745 4943 ctione
766 4926 781 4951 ,
807 4901 926 4956 quin
954 4885 1268 4939 ineffabilem
1296 4888 1472 4940 animo
1499 4887 1654 4942 habet
1678 4890 2001 4959 voluptatem
2034 4910 2047 4944 :
2073 4900 2129 4947 et

563 4978 610 5032 si
635 4977 809 5033 solum
834 4976 949 5045 ejus
974 4976 1294 5041 meminerit,
1324 4989 1497 5032 mente
1520 4979 1748 5049 assurgit
1771 4990 1825 5036 et
1847 4983 2123 5039 attollitur.

566 5071 644 5125 De
669 5068 938 5141 germanis
967 5067 1157 5136 loquor
1179 5068 1365 5122 amicis
1384 5108 1398 5132 ,
1429 5069 1516 5137 qui
1542 5078 1665 5124 sunt
1693 5073 1967 5128 unanimes
1990 5116 2005 5139 ,
2038 5075 2126 5144 qui

564 5179 663 5234 pro
700 5161 886 5217 amicis
926 5160 1061 5215 mori
1104 5160 1395 5229 elegerint,
1425 5163 1512 5231 qui
1547 5163 1793 5219 ardenter
1819 5176 2020 5222 ainant.
2051 5168 2127 5224 Ne

563 5255 717 5322 mihi,
737 5254 1031 5324 cogitantes
1050 5267 1144 5307 eos
1167 5252 1255 5322 qui
1282 5252 1467 5307 leviter
1484 5264 1679 5319 amant,
1704 5263 1762 5311 et
1782 5266 1905 5311 sunt
1929 5274 2128 5315 mensa:

562 5349 695 5404 socii
718 5388 734 5410 ,
763 5354 821 5403 et
846 5345 1000 5400 amici
1030 5344 1245 5399 nomine
1265 5386 1281 5409 ,
1314 5344 1628 5401 existimetis
1655 5361 1877 5416 arguere
1905 5349 1956 5404 id
1986 5351 2126 5420 quod

562 5442 775 5497 dicitur.
817 5438 877 5495 Si
917 5439 1038 5510 quis
1079 5436 1239 5492 habet
1276 5436 1500 5492 amicum
1539 5438 1747 5507 qualem
1777 5440 1897 5496 dico
1921 5483 1935 5506 ,
1968 5443 2125 5499 verba

561 5542 816 5603 agnoscet
844 5550 858 5588 :
886 5540 942 5587 et
976 5532 1023 5586 si
1050 5546 1170 5586 eum
1204 5529 1437 5599 quotidie
1472 5529 1696 5599 viderit,
1726 5549 1831 5588 non
1860 5536 2081 5589 satiatur
2111 5554 2124 5590 :

561 5624 746 5680 eadem
792 5623 891 5693 ipsi
918 5638 1038 5693 quae
1072 5622 1275 5691 sibiipsi
1306 5630 1452 5692 optat
1484 5631 1535 5676 et
1571 5633 1836 5692 precatur.
1870 5625 1999 5681 Novi
2029 5642 2128 5697 ego

562 5716 843 5787 quemdam
869 5716 957 5784 qui
989 5729 1085 5783 pro
1108 5716 1281 5769 amico
1308 5716 1447 5769 viros
1471 5728 1684 5770 sanctos
1710 5721 1927 5787 rogabat
1953 5727 2008 5773 ut
2032 5735 2126 5788 pro

566 5811 682 5879 ipso
720 5809 949 5878 primum
986 5816 1203 5863 orarent
1224 5847 1240 5871 ,
1273 5797 1463 5863 deinde
1506 5824 1599 5877 pro
1627 5824 1706 5865 se.
1741 5809 1904 5864 Tanta
1938 5826 2023 5866 res
2046 5822 2128 5868 est

1253 372 1310 429 S.
1351 372 1624 430 JOANNIS
1657 371 2120 428 CHRYSOSTOMI
2160 370 2469 427 ARCIIIEP.
2510 374 3039 436 CONSTANTINUP.
3256 386 3261 393 '
3630 406 3694 463 ιω

2256 483 2424 539 bonus
2462 488 2664 543 amicus
2686 531 2702 553 ,
2731 500 2788 544 ut
2822 502 2876 546 et
2921 494 3035 547 loca
3079 502 3134 549 et
3163 506 3384 568 tempora
3409 518 3581 577 propter
3601 516 3696 585 ipsos

2253 586 2517 633 amentur.
2568 581 2715 638 Sicut
2759 586 2900 640 enim
2946 602 2977 640 a
3024 589 3309 658 splendidis
3349 581 3695 667 corporibus'no;

2253 680 2465 724 emanat
2504 671 2554 725 in
2587 674 2698 728 loca
2726 676 2894 731 vicina
2925 694 2939 730 :
2968 688 3037 732 tta
3077 680 3231 735 etiam
3267 687 3409 741 amici
3442 692 3498 744 ad
3527 694 3695 763 loca,“

2252 777 2371 830 quae
2409 767 2768 860 accesserint,
2808 784 2958 823 suam
3002 772 3244 828 emittunt
3286 780 3580 845 gratiamzet
3608 805 3697 860 εει-ε

2251 865 2370 906 cum
2400 854 2598 925 absque
2626 859 2813 913 amicis
2840 860 2890 914 in
2920 862 3024 917 illis
3048 863 3179 919 locis
3206 866 3458 935 fuerimus,
3478 854 3698 946 ﬂetum,

2250 945 2534 1002 cordantes
2559 948 2765 1004 dierum
2797 951 2847 1006 in
2877 955 3068 1023 quibus
3092 971 3212 1011 cum
3242 959 3343 1014 illis
3368 967 3532 1019 versati
3551 984 3695 1039 simu,

2250 1048 2303 1091 et
2327 1039 2607 1108 gemimus.
2638 1042 2827 1100 Verbis
2851 1047 3102 1116 explicari
3129 1065 3232 1105 non
3260 1062 3427 1121 potest
3447 1070 3634 1125 quantam
3650 1068 3699 1120 al.

2249 1125 2353 1182 fert
2374 1130 2696 1199 voluptatem
2723 1144 2777 1188 et
2802 1134 3036 1192 laetitiam
3062 1142 3336 1209 praesentia
3361 1146 3699 1212 amicorumsz

2247 1228 2426 1273 autem
2454 1221 2629 1276 sciunt
2653 1223 2745 1293 qui
2769 1227 3130 1295 experiuntur.
3166 1231 3233 1285 Et
3258 1236 3467 1303 gratiam
3495 1251 3700 1310 petere,et

2246 1311 2471 1378 gratiam
2512 1314 2755 1383 accipere
2793 1316 2861 1371 ab
2902 1320 3080 1376 amico
3119 1321 3243 1377 licet
3273 1325 3400 1380 citra
3426 1331 3697 1399 suspicionem

2248 1400 2470 1467 Quando
2499 1405 2651 1460 nobis
2680 1408 2973 1477 imperant,
3005 1421 3130 1469 tunc
3156 1415 3235 1470 eis
3264 1416 3501 1475 habemus
3519 1428 3699 1492 gratiam:

2248 1493 2461 1561 quando
2488 1493 2730 1552 dubitant
2754 1508 2809 1554 et
2833 1513 3083 1558 verentur
3100 1545 3117 1570 ,
3146 1512 3273 1561 tunc
3299 1508 3490 1567 tristitia
3512 1514 3699 1577 afficiam.

2246 1581 2388 1639 Nihil
2419 1584 2671 1643 habemus
2699 1591 2841 1661 quod
2870 1608 2975 1648 non
3007 1595 3077 1650 sit
3105 1596 3334 1653 illorum.
3367 1599 3531 1659 Omnia
3551 1612 3700 1675 quia:

2245 1684 2369 1729 sunt
2411 1691 2555 1748 saepe
2593 1678 2948 1750 despicientes
2973 1725 2988 1747 ,
3021 1696 3240 1756 propter
3268 1689 3384 1745 illos
3416 1694 3699 1757 nolumtshiac

2246 1767 2507 1837 emigrare
2535 1786 2549 1824 :
2578 1778 2632 1825 et
2659 1771 2775 1827 luce
2804 1773 2917 1843 ipsa
2943 1775 3021 1831 illi
3044 1787 3170 1831 sunt
3195 1781 3360 1851 magis
3383 1782 3685 1847 desiderabile.

2315 1857 2369 1912 4.
2413 1857 2613 1914 Revera
2664 1864 2806 1918 enim
2836 1864 2950 1935 ipsa
2976 1867 3135 1923 etiam
3164 1869 3285 1927 luce
3311 1883 3391 1928 est
3424 1878 3590 1933 amicus
3612 1882 3697 1937 desi-

2244 1948 2533 2007 derabilior
2561 1970 2574 2006 :
2625 1954 2815 2027 loquor
2839 1958 2906 2013 de
2930 1960 3143 2016 sincero
3171 1974 3225 2018 et
3250 1979 3509 2035 germano.
3545 1970 3623 2028 Nec
3641 1978 3697 2030 ui-

2244 2042 2382 2097 reris
2420 2062 2433 2097 :
2466 2046 2656 2101 melius
2685 2049 2827 2105 enim
2856 2060 2940 2106 est
2983 2061 3041 2107 ut
3068 2055 3149 2109 sol
3196 2058 3352 2112 nobis
3392 2060 3696 2133 exstinguuur,

2241 2148 2398 2203 quam
2426 2146 2485 2191 ut
2524 2139 2793 2207 privemur
2832 2145 3047 2211 amicis;
3098 2148 3291 2204 melius
3318 2161 3398 2207 est
3423 2152 3582 2225 degere
3601 2157 3698 2215 inte-

2188 2288 2205 2299 /
2244 2225 2464 2293 nehris,
2515 2244 2674 2298 quam
2723 2234 2909 2290 amicis
2961 2238 3202 2306 privari:
3246 2250 3304 2296 et
3356 2246 3614 2313 quomodo,
3642 2265 3698 2320 ego

2241 2315 2435 2373 dicam.
2463 2319 2608 2376 Multi
2636 2324 2805 2381 solem
2832 2327 3075 2387 videntes
3102 2344 3230 2388 sunt
3259 2334 3312 2390 in
3338 2315 3698 2405 tenebrisumiiis

2240 2418 2415 2465 autem
2445 2413 2686 2470 instructi
2717 2458 2733 2480 ,
2778 2435 3065 2492 numquam
3107 2424 3161 2480 in
3191 2428 3441 2484 aerumnis
3480 2442 3698 2488 versantur:

2237 2498 2310 2555 de
2352 2503 2539 2559 amicis
2566 2504 2755 2576 loquor
2798 2512 3195 2583 spiritualihus,
3226 2519 3318 2588 qui
3348 2520 3467 2574 nihil
3509 2521 3701 2591 perferat

2239 2594 2506 2651 amicitite.
2552 2596 2697 2655 Talis
2724 2611 2841 2657 erat
2884 2603 3083 2661 Paulus
3106 2648 3121 2673 ,
3151 2609 3243 2678 qui
3292 2610 3508 2665 animam
3539 2616 3700 2667 sustuli.

2238 2680 2429 2739 henter
2477 2684 2748 2756 dedisset,
2797 2707 2898 2749 nec
2946 2707 3164 2766 rogatus
3202 2700 3369 2754 etiam
3413 2701 3460 2754 in
3499 2702 3699 2771 gehennam

2238 2774 2463 2832 libenter
2489 2779 2669 2836 ivisset
2694 2800 2708 2836 :
2735 2783 2805 2838 ita
2832 2785 3041 2842 ardenti
3058 2787 3385 2860 diligendum
3406 2801 3480 2847 est
3496 2794 3698 2849 affection

2237 2865 2371 2922 Volo
2399 2872 2699 2942 exemplum
2725 2875 2972 2933 amicitia:
2998 2878 3160 2935 dare:
3188 2893 3372 2951 patres
3407 2893 3457 2939 et
3478 2886 3585 2938 filios
3605 2900 3699 2955 supc-

2236 2972 2357 3017 rant
2401 2966 2597 3033 amici,
2645 2968 2842 3036 amici,
2890 2972 3138 3042 inquam,
3168 2976 3462 3032 secundum
3502 2977 3698 3033 Christum.

2234 3052 2313 3107 Ne
2352 3054 2483 3111 mihi
2528 3058 2668 3112 enim
2700 3058 2987 3117 hodiernos
3032 3066 3238 3121 amicos
3290 3067 3467 3132 dicas;
3505 3084 3599 3123 nam
3629 3087 3697 3123 cna

2234 3146 2358 3202 aliis
2402 3147 2503 3204 hoc
2547 3165 2760 3221 quoque
2808 3153 3004 3209 bonum
3036 3158 3295 3225 recessit;
3343 3160 3433 3215 sed
3459 3163 3597 3232 cogita
3616 3164 3697 3231 quod

2235 3248 2475 3309 tempore
2518 3243 2877 3311 apostolorum
2902 3284 2919 3310 ,
2961 3262 3069 3302 non
3097 3248 3293 3319 loquor
3313 3250 3381 3305 dc
3426 3252 3696 3322 corypbaisrt

2233 3333 2595 3405 principibus,
2641 3337 2735 3391 sed
2784 3337 2850 3393 de
2892 3339 2958 3393 iis
2984 3339 3075 3411 qui
3113 3342 3485 3411 crediderunt;
3512 3345 3693 3409 om.

2231 3424 2421 3495 inquit,
2448 3437 2553 3481 erat
2577 3430 2748 3482 anima
2774 3446 2876 3484 una
2900 3442 2947 3485 et
2974 3448 3062 3487 cor
3088 3451 3271 3502 unum,
3293 3446 3344 3491 et
3368 3455 3501 3493 nemo
3519 3440 3696 3509 quidem

2231 3534 2294 3572 ea:
2319 3520 2380 3573 iis
2407 3536 2520 3588 qua:
2548 3521 2756 3575 habebat
2785 3524 2976 3579 dicebat
3000 3541 3108 3580 esse
3134 3530 3440 3598 proprium,-
3466 3533 3696 3586 etdistnlu-

2230 3611 2378 3667 batur
2413 3613 2625 3685 singulis
2667 3625 2812 3686 prout
2842 3634 2969 3687 opus
3015 3619 3266 3674 habebant
3298 3622 3431 3689 (Act.
3460 3624 3508 3678 4.
3533 3623 3598 3677 52.
3630 3624 3694 3689 35).

2228 3701 2345 3759 Non
2370 3714 2486 3759 erat
2510 3716 2635 3760 tunc
2659 3722 2831 3761 meum
2858 3717 2912 3763 et
2944 3718 3108 3763 tuum.
3150 3712 3266 3767 llnc
3306 3694 3420 3768 erat
3443 3715 3696 3779 amidtia,»

2230 3800 2349 3868 quis
2374 3814 2491 3867 qua:
2537 3814 2631 3853 sua
2659 3812 2810 3854 erant
2836 3817 2929 3856 sua
2959 3803 3332 3867 existimaret.
3366 3806 3454 3861 sed
3492 3822 3586 3876 qua
3605 3814 3695 3859 emt

2231 3889 2454 3957 proximi
2479 3906 2493 3944 ε
2522 3905 2641 3959 quae
2667 3901 2843 3946 autem
2870 3907 2963 3947 sua
2987 3932 3003 3957 ,
3038 3894 3204 3948 aliena
3236 3915 3252 3958 ;
3298 3909 3460 3967 utque
3498 3898 3604 3952 illius
3630 3902 3696 3951 ani-

2230 3995 2330 4033 mae
2354 3994 2504 4049 aeque
2526 3991 2764 4050 parceret
2798 3992 2958 4052 atque
2985 3997 3128 4050 suae;
3173 3997 3228 4040 et
3262 3988 3354 4043 ille
3382 3990 3589 4043 similiter
3604 4004 3694 4042 ena-

2230 4068 2353 4125 dem
2373 4072 2540 4129 animi
2566 4075 2819 4131 affectum
2850 4080 3096 4135 ostenda.
3137 4079 3199 4133 Et
3228 4078 3452 4143 alicubi,
3476 4078 3694 4146 inquiLfien

2228 4172 2407 4231 potest
2430 4172 2486 4217 ut
2514 4162 2632 4218 talis
2662 4164 3000 4219 inveniatur?
3031 4167 3233 4232 Etiam;
3262 4170 3355 4223 sed
3382 4171 3492 4238 quia
3517 4172 3693 4226 nolam“.

2229 4253 2344 4307 fieri
2370 4269 2476 4308 non
2505 4262 2679 4322 potest
2703 4272 2717 4310 ε
2747 4266 2923 4325 potest
2947 4257 3088 4311 enim
3111 4256 3269 4314 facile
3300 4260 3411 4315 fieri
3431 4302 3445 4325 ,
3471 4262 3509 4315 si
3531 4261 3693 4315 VClitlttS.

2228 4346 2358 4401 Nam
2401 4347 2446 4400 si
2475 4348 2587 4401 fieri
2614 4363 2719 4402 non
2750 4360 2965 4417 posset,
2996 4366 3064 4406 ne
3101 4350 3358 4419 jussisset
3400 4355 3581 4422 quidem
3601 4352 3693 4406 Chri-

2229 4448 2343 4493 stus
2362 4478 2377 4502 ,
2406 4453 2505 4493 nec
2533 4446 2637 4493 tam
2666 4440 2828 4493 multa
2859 4440 3082 4497 dixisset
3110 4443 3179 4497 de
3205 4446 3452 4499 caritate.
3479 4445 3621 4515 Magna
3645 4455 3694 4496 res

2227 4538 2309 4583 est
2347 4529 2575 4583 amicitia
2597 4570 2615 4597 ,
2640 4538 2697 4585 et
2718 4546 2879 4600 quam
2919 4533 2990 4587 sit
3014 4548 3200 4603 magna
3221 4576 3240 4598 ,
3275 4550 3377 4590 nec
3402 4536 3578 4591 discere
3608 4534 3695 4602 qi-

2227 4636 2386 4691 quatn
2406 4660 2423 4688 ,
2453 4635 2552 4676 nec
2571 4623 2741 4677 oratio
2768 4624 2873 4678 ulla
2899 4624 3166 4694 explicare
3194 4638 3393 4696 potest,
3416 4626 3691 4697 prmteripsu

2229 4715 2634 4784 experientiam.
2661 4715 2773 4770 Hoc
2806 4715 2931 4771 fecit
2960 4716 3193 4772 hazreses
3211 4758 3227 4785 ,
3256 4719 3361 4775 hoc
3387 4722 3575 4776 Grtecos
3589 4718 3690 4770 adhic

2230 4806 2351 4861 facit
2379 4821 2501 4862 esse
2529 4806 2763 4862 Graecos.
2812 4807 2911 4875 Qui
2941 4808 3147 4879 diligit,
3194 4827 3300 4865 non
3347 4812 3456 4866 vult
3480 4812 3689 4880 imperare.

2229 4915 2328 4955 nec
2356 4901 2722 4970 magistratum
2744 4916 2952 4970 gerere,
2974 4902 3069 4957 sed
3096 4904 3355 4973 majorem
3384 4904 3529 4959 habet
3550 4901 3691 4973 gulis!

2228 4992 2273 5045 si
2304 4991 2516 5046 obediat
2538 5000 2592 5045 et
2615 4991 2760 5061 jussa
2787 5004 3106 5063 exsequatur
3134 5013 3148 5048 :
3180 4995 3293 5050 vult
3318 4997 3479 5066 magis
3500 4990 3691 5063 gratiﬁcari

2228 5099 2387 5153 quam
2430 5084 2651 5153 gratiam
2702 5086 2981 5154 accipere:
3027 5086 3197 5156 diligit
3237 5088 3382 5142 enim
3408 5098 3459 5142 et
3481 5086 3600 5157 quasi
3631 5096 3691 5135 am

2227 5175 2487 5230 exsatiato
2516 5191 2611 5230 suo
2639 5175 2906 5231 desiderio
2930 5219 2943 5243 ,
2974 5179 3051 5233 sic
3082 5179 3332 5233 afﬁcitur.
3361 5179 3470 5233 Non
3499 5189 3583 5230 tam
3605 5174 3692 5226 lau-

2227 5274 2314 5320 tur
2335 5265 2646 5321 beneficium
2675 5267 2961 5339 accipiens,
2982 5284 3140 5338 quam
3165 5270 3498 5325 henefaciens
3525 5285 3537 5320 :
3564 5264 3693 5320 mavult

2228 5356 2371 5410 enim
2401 5372 2518 5411 cum
2551 5357 2747 5413 habere
2777 5359 2876 5415 sibi
2903 5360 3208 5424 obnoxium,
3240 5376 3399 5431 quam
3429 5359 3516 5428 ipsi
3540 5356 3688 5410 debet;

2229 5448 2338 5503 imo
2366 5449 2564 5503 mavult
2591 5458 2644 5504 et
2673 5449 2771 5518 ipsi
2797 5449 3027 5515 debere,
3064 5462 3120 5507 et
3146 5453 3319 5521 ipsum
3356 5452 3535 5505 habere
3556 5446 3690 5501 debila~

2228 5554 2378 5605 rem;
2409 5549 2464 5595 et
2486 5540 2595 5595 vult
2620 5542 2903 5611 gratificari
2930 5551 2984 5597 et
3009 5558 3112 5597 non
3144 5545 3253 5598 vult
3278 5544 3443 5599 videri
3468 5538 3691 5611 gratim“.

2229 5631 2324 5686 sed
2353 5646 2471 5687 esse
2516 5634 2691 5701 potius
2737 5632 2964 5689 debitor.
2994 5633 3186 5689 Multos
3228 5650 3292 5691 ex
3341 5634 3483 5689 vobis
3520 5626 3691 5685 existimo

2229 5720 2366 5777 forte
2395 5722 2639 5792 ignorare
2683 5724 2823 5793 quod
2870 5724 3067 5779 dictum
3097 5735 3216 5792 est;
3263 5740 3474 5780 necesse
3499 5722 3624 5791 igitur
3643 5721 3695 5766 at

2231 5825 2286 5870 ut
2317 5826 2571 5886 repetam.
2602 5815 2722 5872 Vult
2754 5819 2897 5889 prior
2925 5819 3182 5875 beneficio
3210 5818 3416 5876 afficere
3438 5861 3452 5887 ,
3475 5825 3521 5873 et
3550 5824 3629 5869 non
3648 5806 3695 5857 ‘9‘
