3964 6504
293 360 402 416 605

292 474 553 545 φορτικδν
598 472 718 526 οὐδὲ
755 472 992 543 ἐπαχθὲς
1033 472 1151 526 ούδέ
1186 473 1325 543 βαρὺ
1354 473 1475 525 οὐδὲ
1506 473 1715 543 κόμπον
1740 471 1864 542 ἕχον

290 561 718 627 ἀπεδειξάμεθα.
778 561 889 613 K01
939 561 1020 623 τὸ,
1069 562 1170 613 Ἐν
1194 560 1362 628 μέσῳ
1391 558 1579 627 ὑμῶν,
1625 559 1867 612 τοιοῦτόν

287 653 467 710 ἐστιν,
521 648 597 709 ὡς
641 647 707 700 ἂν
746 648 893 699 εῖποι
935 664 1039 710 τις,
1073 648 1132 710 ἐξ
1159 646 1333 716 ὑμῶν,
1358 646 1479 715 οὐχὶ
1512 645 1607 716 τὴν
1641 644 1752 697 ἀνω
1770 644 1869 697 λα-

289 740 488 801 ϐόντες
518 736 693 806 λῆξιν.

376 829 475 892 Ὠς
519 826 629 879 ἐὰν
697 825 934 894 τροφὸς,
990 825 1142 896 φησὶ,
1189 825 1388 893 θάλπῃ
1418 823 1491 879 τὰ
1515 823 1738 892 ἑαυτῆς
1764 823 1857 877 τέ-

288 930 437 967 κνα.
509 915 665 966 Οὕτω
716 912 795 966 δεῖ
839 911 929 965 τὸν
952 902 1270 966 διδάσκαλον
1295 908 1454 966 εἶναι.
1489 912 1636 982 Μὴή
1668 909 1868 981 τροφὸς

284 1000 605 1065 κολακεύει,
631 1000 717 1052 ῖνα
746 998 905 1069 δόξης
930 999 1099 1069 τύχῃς
1135 1002 1209 1069 μὴ
1241 1001 1499 1070 χρήματα
1542 1001 1683 1051 αἰτεῖ
1714 998 1868 1068 παρά

284 1090 403 1142 τῶν
431 1089 640 1141 παίδων
676 1086 785 1141 τῶν
819 1087 1031 1159 μικρῶν
1057 1105 1072 1154 ;
1097 1088 1169 1158 μὴ
1197 1087 1385 1158 βαρεῖα
1417 1088 1600 1150 αὐτοῖς
1628 1087 1743 1139 ἐστι
1773 1085 1869 1138 καὶ

281 1179 567 1248 φορτικήξ
597 1178 716 1247 οὐχὶ
751 1177 949 1248 μᾶλλον
969 1176 1077 1229 τῶν
1110 1177 1362 1247 μητέρων
1394 1176 1505 1229 εἰσὶ
1534 1178 1865 1247 προσηνεῖς;

299 1266 577 1320 Ἐνταῦθα
601 1268 701 1336 τὴν
723 1265 1111 1338 φιλοστοργίαν
1144 1265 1436 1317 δείκνυσιν.
1464 1265 1646 1329 Οὕτω,
1678 1266 1863 1334 φησιν,

279 1354 647 1423 ιμεῳόμενοι
678 1352 865 1422 ὑμῶν,
892 1355 1189 1410 τουτέστιν.
1215 1352 1605 1423 ἐπιθυμοῦντες
1630 1369 1643 1383 °
1696 1352 1869 1415 οὕτως

279 1442 423 1511 ὑμῖν
475 1439 899 1512 προσδεδέμεθα,
931 1442 1114 1511 φησὶν,
1136 1442 1217 1494 δτι
1244 1442 1305 1493 ού
1336 1441 1496 1510 μόνον
1526 1440 1678 1492 οὐδὲν
1712 1440 1856 1509 λαμ-

283 1529 550 1598 βάνωμεν
576 1570 590 1591 ,
618 1527 733 1580 ἀλλ’
780 1528 829 1580 εί
860 1528 942 1580 δεῖ
966 1528 1173 1590 καὶτὰς
1197 1527 1375 1597 ψυχάς
1396 1527 1739 1597 μεταδοῦναι,
1763 1527 1865 1579 οὐκ

273 1616 357 1668 ἂν
409 1614 873 1686 παρῃτησάμεθα.
914 1614 1086 1669 Τοῦτο
1127 1612 1241 1677 οῦν,
1291 1616 1412 1667 εἰπέ
1454 1632 1564 1685 μοι,
1592 1614 1867 1683 ἀνθρωπί-

275 1719 389 1771 νης
446 1703 726 1769 διανοίαςς
771 1702 866 1756 καὶ
904 1703 988 1766 τίς
1025 1702 1197 1765 οὕτως
1230 1705 1479 1773 ἀνόητος,
1502 1702 1577 1765 ὼς
1605 1701 1765 1755 τοῦτο
1788 1702 1864 1753 εί-

278 1793 452 1857 ·ιτεῖν;
479 1790 883 1859 Εὺδοκοῦμεν,
912 1792 1064 1862 φησὶ,
1080 1791 1439 1859 μεταδοῦναι.
1466 1792 1626 1860 ὑμῖν,
1658 1792 1729 1843 οὐ
1754 1788 1863 1857 μό-

276 1896 403 1933 νον
430 1879 496 1932 τὸ
521 1878 890 1949 Βὺαγγέλιον
915 1879 1019 1933 τοῦ
1049 1879 1231 1943 Θεοῦ,
1259 1880 1421 1933 ἀλλὰ
1453 1879 1547 1931 καὶ
1578 1877 1729 1950 [4371
1758 1877 1865 1942 τὰς

282 1965 530 2019 ἑαυτῶν
566 1966 792 2035 ψυχάς.
823 1966 987 2018 Ὥστε
1024 1966 1182 2020 τοῦτο
1204 1966 1385 2035 μεῖζον
1415 1966 1643 2018 ἐκείνου.
1678 1964 1784 2016 K01
1811 1962 1863 2014 τί

274 2054 349 2106 τὸ
369 2054 561 2123 κέρδος
583 2071 597 2117 ;
635 2053 768 2105 Ἀπὸ
788 2054 887 2123 μέν
906 2054 1015 2124 γὰρ
1027 2053 1118 2106 τοῦ
1136 2052 1485 2120 Εὑαγγελίου.
1505 2050 1714 2119 κέρδος·
1731 2049 1791 2102 τὸ
1807 2049 1862 2101 δὲ

273 2142 384 2209 τὴν
412 2142 593 2211 ψυχὴν
626 2140 833 2206 δοῦναι,
865 2141 1007 2193 κατά
1048 2141 1147 2210 τὴν
1169 2139 1454 2193 δυσκολίαν
1497 2137 1680 2209 μεῖζον
1710 2136 1858 2190 ἐκεί-

272 2246 401 2281 νου.
452 2229 527 2280 υὺ
556 2228 664 2299 γάρ
696 2228 845 2281 ἐστιν
892 2228 1006 2281 ῐσον
1046 2227 1233 2291 ἁπλῶς
1269 2225 1526 2298 κηρῦξαι,
1563 2226 1655 2278 καὶ
1682 2225 1861 2295 ψυχὴν

265 2315 471 2369 δοῦναι
499 2332 513 2345 ·
549 2316 723 2368 ἐκεῖνο
748 2314 847 2382 μὲν
863 2314 1333 2385 γάρτιμιώτερον,
1361 2313 1518 2367 τοῦτο
1538 2314 1594 2365 δέ
1618 2313 1861 2375 πλείονος

269 2403 573 2465 δυσκολίας
624 2398 712 2471 ἦν.
778 2401 1160 2470 Ἑϐουλόμεθα,
1205 2403 1389 2471 φησὶν,
1418 2402 1471 2454 εῖ
1494 2417 1556 2469 γε
1585 2402 1733 2471 ἐνῆν,
1764 2400 1859 2453 καὶ

270 2492 385 2553 τὰς
415 2489 595 2560 ψυχάς
621 2492 701 2553 εἰς
734 2490 877 2561 ὑμᾶς
902 2490 1159 2545 κενῶσαι.
1207 2490 1357 2543 Ἐπεὶ
1383 2487 1475 2543 οὖν
1504 2489 1733 2559 ἐπῄνεσε
1767 2488 1861 2541 καὶ

268 2580 524 2641 ἐπαινεῖ,
556 2577 644 2631 διὰ
664 2577 824 2630 τοῦτο
852 2578 1019 2647 λέγει,
1051 2579 1133 2631 ὃτι
1164 2577 1237 2629 Ού
1264 2580 1522 2648 χρήματα
1548 2575 1859 2645 ζητοῦντες,

264 2668 343 2718 ού
397 2666 786 2728 κολακεύοντες
821 2666 988 2736 ὑμᾶς,
1029 2667 1091 2718 ού
1148 2665 1305 2735 δόξης
1350 2666 1648 2735 ἐφιέμενοι,
1704 2665 1862 2718 τοῦτο

274 2753 577 2824 ποιοῦμεν.
603 2754 745 2824 Ὅρα
768 2755 874 2823 γάρ
895 2771 909 2785 ο
927 2755 977 2806 εί
1010 2753 1178 2806 πολλά
1203 2749 1343 2822 ἦσαν
1384 2752 1737 2821 ἀθλήσαντες,
1767 2751 1860 2805 καὶ

272 2841 615 2913 παραδόξως
634 2841 743 2894 ἔδει
762 2842 961 2904 αὐτοὺς
983 2841 1331 2911 ἐπαινεθῆναι
1348 2841 1441 2893 καὶ
1459 2840 1857 2911 θαυμασθῆναι,

273 2930 433 2983 ὥστε
492 2930 884 3001 στερροτέρους
930 2928 1205 2997 γενέσθαι,
1251 2926 1397 2999 εἶχεν
1425 2931 1453 2981 0
1479 2929 1697 2992 ἔπαινος
1728 2928 1859 2981 ὐπο-

271 3019 442 3088 ψίαν.
471 3018 569 3071 Διά
611 3017 792 3080 τοῦτο,
838 3018 1275 3089 ἀποκρουόμενος
1304 3019 1403 3088 τὴν
1433 3018 1689 3087 ὑποψίαν,
1732 3016 1860 3081 τοὺς

272 3106 567 3169 κινδύνους
614 3105 785 3174 λέγει.
852 3106 963 3159 Καὶ
998 3105 1183 3171 πάλιν,
1230 3106 1317 3158 ἵνα
1374 3104 1449 3175 μὴ
1495 3104 1726 3174 νομισθῇ
1770 3103 1856 3157 διά

272 3194 450 3249 ⁴τοῦτο
476 3196 603 3258 τοὺς
648 3187 1166 3262 κινδύνουςλέγειν,
1211 3193 1287 3257 ὡς
1330 3194 1554 3263 κάμνων
1594 3192 1735 3263 ὑπὲρ
1761 3192 1857 3244 αύ-

276 3284 422 3346 τῶν,
446 3286 538 3337 καὶ
564 3283 799 3353 ὀφείλων
845 3268 1144 3353 τιμηθῆναι
1184 3282 1314 3353 παρ’
1346 3281 1547 3344 αὐτῶν,
1578 3281 1719 3349 ὑπὲρ
1740 3277 1858 3333 τού-

274 3391 408 3435 του,
441 3373 579 3442 μετὰ.
600 3373 660 3425 τὸ
688 3372 862 3424 εἰπεῖν
884 3370 1013 3433 τοὺς
1048 3368 1355 3435 κινδύνους,
1383 3371 1628 3439 ἐπήγαγε
1652 3383 1666 3393 ·
1702 3370 1857 3421 Διότι

271 3460 582 3531 ἀγαπητοὶ
601 3458 747 3527 ἡμῖν
770 3458 1113 3528 γεγένησθε
1145 3456 1320 3527 δηλῶν
1354 3458 1435 3510 ὅτι
1465 3456 1553 3510 διὰ
1577 3455 1735 3509 τοῦτο
1765 3456 1859 3509 καὶ

275 3550 387 3612 τὰς
448 3549 623 3618 ψυχάς
658 3547 829 3618 ἡδέως
864 3547 930 3601 ἂν
972 3548 1100 3617 ὑμῖν
1146 3546 1356 3616 ἔδομεν,
1379 3547 1459 3600 ὅτι
1484 3545 1695 3616 Σφόδρα
1732 3546 1860 3614 ὑμῖν

278 3636 717 3707 προσεδέθημεν.
740 3636 813 3687 Τὸ
837 3635 936 3704 μὲν
980 3630 1072 3687 οὖν
1091 3634 1439 3702 Εύαγγέλιον,
1471 3634 1658 3703 ἐπειδὴ
1678 3636 1705 3686 0
1728 3633 1860 3697 Θεὸς

281 3722 572 3784 ἐκέλευσε,
605 3721 1075 3791 καταγγέλλομενο
1112 3720 1363 3773 τοσοῦτον
1396 3720 1453 3773 δὲ
1498 3720 1640 3790 ὑμᾶς
1673 3719 1859 3792 φιλρῦ-

290 3828 425 3878 μεν,
450 3811 529 3861 ὅτι
558 3812 603 3862 εί
630 3809 776 3880 ἐνῆν,
821 3809 914 3861 καὶ
943 3808 1040 3871 τὰς
1064 3807 1241 3878 ψυχὰς
1273 3806 1338 3861 ἂν
1373 3806 1680 3877 ἐδώκαμεν.
1704 3806 1861 3860 υῦτω

282 3900 376 3952 δεῖ
400 3897 571 3966 φιλεῖν
591 3897 679 3950 τὸν
704 3896 985 3966 φιλοῦντα,
1008 3896 1104 3959 ὡς,
1127 3898 1176 3948 εί
1206 3896 1300 3949 καὶ
1316 3895 1416 3965 τὴν
1438 3895 1616 3965 ψυχὴν
1638 3894 1858 3964 αἰτηθῇ,

280 3986 391 4040 καὶ
430 3986 651 4039 δυνατὸν
677 3980 734 4058 ᾗ,
767 3985 842 4054 μὴ
885 3983 1146 4038 κωλῦσαι.
1178 3984 1243 4036 Τί
1267 3983 1433 4051 λέγω,
1467 3982 1663 4055 αἰτηθῇ
1696 4000 1710 4049 ;
1743 3983 1860 4037 ἀλλ’

276 4074 434 4126 ὥστε
466 4072 632 4126 αὐτὸν
662 4072 973 4143 ἐπιτρέχειν
1000 4074 1066 4140 τῇ
1094 4071 1318 4142 τοιαύτῃ
1346 4070 1510 4124 δόσει.
1541 4070 1709 4123 Οὐδὲν
1730 4073 1857 4141 γάρ,

278 4160 444 4213 οὐδὲν
497 4160 598 4229 τῆς
642 4160 900 4229 τοιαύτης
921 4159 1143 4227 ἀγάπης
1172 4158 1504 4228 γλυκύτερον
1527 4160 1723 4227 γένοιτ’
1756 4161 1820 4211 ἄν
1840 4172 1856 4187 ·

276 4248 445 4300 οὐδὲν
497 4248 611 4298 ἐκεῖ
648 4246 889 4316 λυπηρὸν
923 4248 1301 4314 συμπεσεῖται.
1336 4242 1544 4306 Ὄντως
1580 4247 1731 4316 φῦ.ος
1758 4264 1848 4297 πι-

284 4337 417 4398 στὸς
464 4335 755 4405 φάρμακον
802 4334 982 4403 ζωῆς·
1042 4335 1212 4397 ὅντως
1250 4333 1402 4403 φίλος
1452 4334 1644 4397 πιστὸς
1684 4335 1861 4404 σκέπη

190 4458 193 4459 ν
286 4425 549 4496 κραταιὼ

360 4512 429 4564 Τί
464 4513 574 4580 γὰρ
614 4512 714 4563 ούκ
758 4511 824 4565 ἂν
877 4512 1169 4582 ἐργάσαιτο
1199 4509 1351 4579 φίλος
1402 4510 1861 4580 γνήσιος;πόσην

288 4601 395 4669 μὲν
423 4600 525 4650 ούκ
552 4598 617 4651 ἀν
644 4599 996 4669 ἐμποιήσειεν
1018 4597 1213 4669 ἡδονήν
1243 4612 1257 4661 ;
1280 4596 1452 4665 πόσην
1475 4597 1530 4649 δὲ
1553 4596 1820 4666 ὠφέλειαν
1844 4614 1859 4663 ;

286 4688 469 4755 πόσην
494 4686 551 4738 δὲ
580 4685 912 4753 ἀσφάλειαν;
942 4684 1059 4737 Κᾶν
1089 4683 1314 4756 μυρίους
1352 4682 1657 4753 θησαυροὺς
1680 4682 1861 4755 εἴπῃς,

284 4775 450 4827 οὐδὲν
483 4773 736 4839 ἀντάξιον
768 4772 989 4843 γνησίου
1014 4772 1190 4841 φίλου.
1226 4771 1336 4823 Καὶ
1361 4772 1429 4824 τὰ
1448 4771 1620 4841 αὐτῆς
1648 4772 1864 4844 πρῶτον

285 4864 542 4932 εἴπωμεν
597 4861 696 4929 τῆς
740 4860 922 4929 φιλίας
966 4860 1137 4928 πόσην
1179 4859 1293 4928 ἔχει
1335 4858 1432 4929 τὴν
1476 4860 1691 4929 ἡδονήν.
1723 4860 1861 4913 Γάν·

288 4968 453 5004 νυται
475 4950 619 5019 όρῶν
658 4950 821 5002 αὑτὸν
845 4961 869 4988 ⁸
900 4947 994 5001 καὶ
1011 4948 1299 5017 διαχεῖται,
1332 4946 1706 5016 συμπλέκεται
1727 4965 1864 5017 συμ-

288 5039 506 5107 πλοκὴν
538 5035 688 5107 αύτῷ
724 5054 846 5088 τινα
878 5035 1017 5088 κατά
1044 5036 1143 5105 τὴν
1167 5034 1344 5104 ψυχὴν
1369 5035 1606 5105 ἄρρητον
1637 5034 1864 5104 ἔχουσαν

290 5130 397 5196 τὴν
425 5126 616 5195 ἡδονήν
642 5140 654 5151 ·
702 5124 806 5177 κᾶν
844 5124 1163 5193 ἀναμνησθῇ
1201 5123 1360 5192 μόνον
1386 5122 1571 5187 αὑτοῦ,
1614 5122 1863 5192 διανέστη

291 5218 364 5283 τῇ
415 5212 619 5281 διανοίᾳ
658 5212 753 5264 καὶ
800 5210 1175 5278 άνεπτερώθη.
1220 5211 1352 5281 Περὶ
1380 5210 1487 5263 τῶν
1519 5211 1690 5279 φίλων
1723 5211 1866 5278 λέγω

292 5302 412 5354 τῶν
467 5300 726 5371 γνησίων,
761 5299 868 5352 τῶν
904 5298 1219 5369 όμοῲύχων,
1258 5299 1367 5351 τῶν
1404 5300 1743 5369 αἱρουμένων
1772 5302 1867 5353 καὶ

292 5389 757 5459 ύπεραποθανεῖν,
780 5387 886 5440 τῶν
909 5387 1127 5458 θερμῶς
1161 5387 1479 5454 φιλούντων.
1504 5389 1592 5457 Μή
1628 5405 1716 5457 μοι
1744 5390 1868 5451 τοὺς

290 5478 487 5540 ἁπλῶς
512 5475 797 5547 φιλοῦντας
821 5475 1147 5537 ἐννοοῦντες,
1177 5476 1268 5527 καὶ
1284 5475 1569 5537 κοινωνοὺς
1602 5475 1711 5526 τῶν
1731 5492 1760 5527 τ
1770 5492 1871 5545 ρα-

297 5564 509 5630 πεζῶν,
557 5566 652 5617 καὶ
711 5564 820 5617 ἀπὸ
867 5562 1238 5634 προσηγορίας
1266 5563 1472 5632 φίλους,
1506 5562 1753 5631 νομίζετε
1779 5564 1871 5614 τὸν

294 5654 456 5721 λόγον
484 5651 823 5721 ἐλέγχεσθαι.
871 5651 941 5703 Εἴ
977 5668 1058 5713 τις
1103 5650 1215 5719 ἔχει
1244 5649 1395 5718 φίλον
1423 5645 1534 5703 οἷον
1556 5650 1720 5719 λέγω,
1747 5652 1875 5704 ἐπι-

362 5819 391 5844 ⁴⁸
424 5816 511 5865 Sic
551 5814 864 5867 Colbeﬂinus
912 5828 1038 5863 unus
1080 5820 1235 5877 recte.
1281 5812 1411 5863 Edili
1464 5827 1582 5863 vero
1626 5816 1745 5877 ὁρῶν
1790 5816 1878 5865 αύ-

294 5882 404 5937 11.11,
431 5880 563 5939 quod
584 5892 694 5926 cum
718 5885 849 5927 recta
867 5882 998 5926 serie
1020 5875 1283 5939 pugnabat.
1657 5875 1664 5877 '
1757 5880 1762 5886 ·

1149 358 1216 413 IN
1256 359 1523 415 EPISTJ
1561 359 1651 413 AD
1690 355 2024 414 THESSAL.
2065 360 2218 416 CAI’.
2236 362 2298 419 11.
2326 361 2553 417 HOMEL.
2599 362 2660 416 ΙΙ.

3430 362 3537 420 404

1968 470 2237 540 γνώσεται
2277 476 2346 528 τά
2390 478 2639 546 ρηματα·
2694 474 2793 529 κᾶν
2823 474 2907 548 ἴδῃ
2946 472 3135 528 τοῦτον
3156 473 3278 527 καθ’
3303 474 3544 547 ἑκάστην

1974 562 2210 633 ἡμέραν,
2259 564 2360 616 ούκ
2411 565 2785 633 ἐμπίπλαται*
2828 563 3003 618 ταῦτα
3038 554 3199 634 αύτῷ
3228 562 3542 635 ἐπεύχεται.

1973 651 2117 721 ᾶπερ
2164 652 2256 705 καὶ
2296 654 2493 723 ἐαυτῷ.
2529 650 2656 706 υἷδα
2678 653 2789 721 ἐγώ
2810 671 2950 711 τινα.
2977 652 3035 715 ὃς
3070 653 3210 722 ύπέρ
3232 653 3385 721 φίλου
3415 654 3544 716 τοὺς

1973 737 2163 805 ἁγίους
2188 740 2388 811 ἄνδρας
2416 742 2771 811 παρακαλῶν.
2798 742 3098 813 παρεκάλει
3131 740 3393 811 εὔχεσθαι
3410 741 3544 813 πρό-

1971 842 2128 899 τερον
2183 827 2321 898 ὑπὲρ
2359 827 2547 889 αὑτοῦ,
2577 831 2670 881 καὶ
2708 828 2830 881 τότε
2861 828 2998 900 ὑπὲρ
3027 828 3243 882 ἐαυτοῦ.
3275 826 3544 881 Τοσοῦτόν

1971 913 2087 965 ἐστι
2144 912 2295 983 φίλος
2357 915 2582 982 ἀγαθὸς,
2635 914 2709 977 ὡς
2740 914 2833 966 καὶ
2867 914 3063 976 τόπους
3085 914 3179 966 καὶ
3207 914 3434 983 χρόνους
3455 931 3544 983 φι-

1970 998 2178 1055 λεῖσθαι
2211 1002 2278 1055 δι’
2303 1001 2485 1055 αὐτόν.
2516 1002 2784 1071 Καθάπερ
2814 1002 2923 1071 γάρ
2943 1003 3011 1054 τά
3034 1000 3264 1071 λαμπρά
3306 1000 3415 1053 τῶν
3445 1017 3544 1053 σω-

1976 1092 2161 1161 μάτων
2188 1091 2348 1155 ἀνθος
2371 1094 2602 1163 ἀπορρεῖ
2634 1094 2714 1154 είς
2743 1094 2867 1153 τοὺς
2898 1092 3127 1159 πλησίον
3150 1092 3371 1154 τόπους,
3397 1090 3543 1145 οὕτω

1970 1179 2062 1230 καὶ
2095 1180 2143 1231 οἱ
2196 1180 2360 1248 φίλοι,
2401 1174 2482 1242 οἷς
2520 1178 2584 1231 ἂν
2610 1179 3027 1249 παραγένωνται
3060 1177 3263 1241 τόποις,
3288 1177 3387 1248 τὴν
3413 1177 3543 1231 ἐαυ-

1967 1267 2078 1318 τῶν
2123 1267 2282 1337 χάριν
2318 1267 2529 1335 ἀφιᾶσι.
2581 1266 2691 1319 Καὶ
2730 1264 2989 1328 πολλάκις
3020 1266 3187 1335 χωρὶς
3215 1263 3385 1331 φίλων
3414 1265 3538 1317 ἐπι·-

1970 1356 2194 1417 στάντες
2227 1357 2337 1417 τοῖς
2371 1355 2556 1417 τόποις
2589 1355 2836 1416 ἐκείνοις,
2865 1353 3241 1421 ἐδακρύσαμεν
3269 1352 3378 1403 τῶν
3397 1354 3538 1422 ἡμε-

1972 1443 2078 1513 ρῶν
2098 1442 2557 1511 ἀναμνησθέντες,
2577 1444 2633 1494 ἐν
2658 1435 2745 1504 αῖς
2771 1439 3191 1509 συνεγενόμεθα,
3216 1438 3310 1492 καὶ
3332 1440 3541 1492 ἐστενά-

1970 1530 2159 1599 ξαμεν.
2186 1528 2334 1600 [458]
2368 1531 2481 1582 Οὐκ
2505 1530 2581 1582 ἔνι
2599 1530 2674 1598 τῷ
2699 1530 2839 1598 λόγῳ
2856 1513 3203 1597 παραστῆσαι
3232 1526 3329 1597 τὴν
3344 1526 3539 1597 ἡδονὴν

1967 1618 2101 1688 ὅσην
2154 1618 2393 1686 ἐντίθησι
2436 1620 2710 1687 παρουσία
2750 1618 2918 1686 φίλων
2945 1633 2959 1647 ·
2996 1616 3147 1687 μόνοι
3172 1615 3300 1667 δὲοὶ
3342 1618 3538 1685 πεῖραν

1968 1704 2181 1773 ἔχοντες
2220 1705 2385 1759 ῖσασι.
2419 1704 2531 1758 Καὶ
2567 1706 2728 1775 χάριν
2745 1705 2991 1772 αἰτῆσαι,
3023 1704 3119 1755 καὶ
3157 1704 3317 1773 χάριν
3352 1701 3538 1754 λαϐεῖν

1966 1795 2291 1857 ἀνυπόπτως
2317 1794 2468 1864 παρὰ
2497 1794 2651 1862 φίλου
2679 1792 2779 1844 ἔνι.
2815 1792 2984 1844 Ὅταν
3015 1793 3146 1861 ἡμῖν
3179 1789 3534 1850 ἐπιτάττωσι.

1963 1882 2085 1934 τότε
2164 1881 2347 1943 αὐτοῖς
2425 1880 2588 1950 χάριν
2643 1879 2984 1949 ῖσμενοὸταν
3035 1878 3092 1930 δὲ
3140 1876 3360 1937 όκνῶσι,
3408 1874 3535 1930 τότε

1963 1970 2218 2038 ἀλύομεν.
2240 1970 2403 2022 Ούδέν
2427 1968 2622 2039 ἔχομεν
2643 1969 2779 2038 ὅπερ
2800 1967 2874 2037 μὴ
2902 1966 3127 2019 ἐκείνων
3153 1963 3288 2017 ἐστί.
3310 1963 3536 2018 Πάντων

1963 2057 2223 2120 πολλάκις
2248 2056 2353 2109 τῶν
2394 2056 2630 2109 ἐνταῦθα
2659 2053 3150 2125 καταφρονοῦντες,
3181 2051 3248 2105 δι’
3286 2052 3533 2115 ἐκείνους

1962 2146 2024 2200 ού
2099 2144 2399 2215 βουλόμεθα
2462 2144 2717 2198 ἀπελθεῖν
2742 2133 3025 2196 ἐντεῦθεν·
3094 2141 3190 2194 καὶ
3231 2138 3327 2192 τοῦ
3354 2138 3533 2209 φωτὸς

1963 2236 2161 2287 ἐκεῖνοι
2194 2232 2579 2303 ποθεινότεροι.

2032 2342 2144 2395 Καὶ
2176 2340 2284 2411 γὰρ
2312 2338 2481 2399 ϐντως
2517 2338 2608 2391 καὶ
2639 2336 2731 2389 τοῦ
2772 2335 2947 2403 φωτὸς
2971 2334 3133 2388 αὐτοῦ
3162 2333 3532 2404 ποθεινότερος

1961 2431 2115 2499 φίλος
2136 2446 2152 2461 ο
2182 2431 2273 2482 τὸν
2296 2430 2512 2499 γνήσιον
2538 2427 2701 2493 λέγω.
2726 2428 2832 2479 Καὶ
2859 2424 2933 2495 μὴ
2970 2423 3288 2493 θαυμάσῃς·
3324 2422 3531 2491 βέλτιον

1960 2519 2068 2589 γάρ
2090 2519 2220 2588 ἡμῖν
2250 2516 2537 2585 σϐεσθῆναι
2565 2516 2656 2567 τὸν
2684 2514 2853 2583 ἥλιον,
2895 2514 2929 2581 ἢ
2960 2511 3129 2579 φίλων
3160 2508 3532 2581 ἀποστερηθῆ-

1960 2626 2049 2662 ναι
2067 2626 2079 2640 ·
2109 2607 2314 2677 βέλτιον
2358 2608 2416 2659 ἐν
2440 2605 2616 2675 σκότῳ
2643 2604 2870 2670 διάγειν,
2894 2602 2926 2671 ἦ
2966 2599 3134 2669 φίλων
3161 2594 3299 2651 εἶναι
3322 2597 3489 2669 χωρίς
3512 2613 3528 2627 ο

1961 2697 2055 2750 καὶ
2086 2696 2224 2756 πῶς,
2260 2692 2370 2762 ἐγὼ
2405 2692 2569 2760 λέγω.
2614 2691 2734 2743 Ὀτι
2782 2688 2969 2742 πολλοὶ
2996 2688 3087 2741 τὸν
3111 2686 3261 2757 ἥλιον
3293 2684 3530 2756 ὁρῶντες

1962 2786 2019 2838 ἐν
2045 2785 2220 2854 σκότῳ
2259 2784 2392 2845 είσὶ,
2422 2782 2591 2850 φίλων
2621 2780 2677 2833 δέ
2699 2777 3078 2849 εὐποροῦντες,
3113 2777 3222 2829 οὐδ’
3243 2775 3309 2828 ἂν
3330 2775 3389 2827 ἐν
3418 2774 3530 2828 θλί-

1958 2875 2049 2944 ψει
2069 2874 2335 2942 γένοιντοο
2362 2872 2487 2942 περὶ
2517 2871 2683 2940 φίλων
2699 2869 2841 2936 λέγω
2862 2867 2969 2920 τῶν
2992 2863 3399 2935 πνευματικῶν,
3419 2862 3531 2915 τῶν

1960 2961 2112 3015 οὐδὲν
2138 2959 2529 3030 προτιμώντων
2562 2957 2764 3025 φιλίας.
2785 2955 3037 3017 Τοιοῦτος
3087 2951 3297 3013 Παῦλος
3324 2947 3411 3022 ἦν,
3434 2949 3531 3003 καὶ

1959 3049 2059 3118 τὴν
2088 3049 2265 3118 ψυχὴν
2311 3048 2483 3119 ἡδέως
2518 3046 2692 3109 διδοὺς
2724 3046 2824 3114 τὴν
2875 3041 3091 3102 ἑαυτοῦ,
3132 3039 3333 3108 καὶμὴ
3373 3040 3531 3105 αίτη-
3572 3102 3575 3105 ἰ

1962 3138 2095 3202 θεὶς,
2123 3137 2216 3189 καὶ
2248 3139 2327 3199 εἰς
2360 3138 2583 3204 γέενναν
2609 3135 2781 3205 ἡδέως
2811 3132 2877 3186 ἂν
2910 3132 3222 3185 ἐνέπιπτεν.
3249 3128 3406 3181 Οὕτω
3424 3127 3530 3198 χρὴ

1960 3225 2134 3295 φιλεῖν
2179 3224 2416 3277 διαθέσει
2478 3221 2869 3291 πεπυρωμένῃ.
2924 3216 3196 3286 Βούλομαι
3230 3214 3533 3284 ὑπόδειγμα

1958 3314 2139 3368 δοῦναι
2172 3314 2373 3382 φιλίας’
2402 3312 2646 3383 πατέρας
2675 3311 2767 3362 καὶ
2788 3308 2937 3371 υἱοὺς
2956 3305 3337 3377 ὑπερϐαίνουσι
3363 3302 3528 3373 φίλοι,

1960 3401 2104 3468 φίλοι
2137 3403 2185 3453 οἱ
2234 3400 2373 3452 κατά
2395 3397 2649 3469 Χριστόν.
2677 3396 2767 3467 Μὴ
2790 3396 2898 3464 γάρ
2943 3411 3031 3463 μοι
3075 3394 3199 3455 τοὺς
3224 3390 3317 3443 νῦν
3344 3390 3527 3461 εἴπης,

1959 3492 2041 3544 ὅτι
2086 3490 2221 3561 μετά
2279 3490 2388 3541 τῶν
2446 3488 2622 3542 ἄλλων
2673 3490 2766 3539 καὶ
2810 3484 2968 3537 τοῦτο
2992 3482 3201 3551 ἀπέστη
3241 3482 3302 3532 τὸ
3334 3480 3527 3534 καλόν*

1960 3579 2073 3632 ἀλλ’
2107 3578 2359 3648 ἐννόησον
2393 3577 2475 3629 ὅτι
2512 3574 2735 3627 ἐπὶτῶν
2767 3570 3102 3633 ἀποστόλων,
3139 3570 3201 3622 ού
3233 3568 3376 3634 λέγω
3402 3567 3530 3629 τοὺς

1961 3666 2313 3737 κορυφαίους,
2348 3664 2462 3717 ἀλλ’
2498 3662 2696 3724 αὐτοὺς
2740 3660 2866 3723 τοὺς
2896 3658 3341 3719 πεπιστευκότας
3373 3657 3529 3709 Πάν-

1960 3772 2079 3809 των
2095 3750 2194 3824 ἦν,
2226 3755 2411 3824 φησὶν,
2436 3753 2475 3820 ἡ
2495 3750 2665 3820 ψυχὴ
2689 3750 2786 3803 καὶ
2806 3749 2844 3814 ἡ
2880 3747 3089 3814 καρδία
3110 3746 3243 3815 μία,
3272 3744 3366 3797 καὶ
3386 3742 3532 3797 οὐδὲ

1960 3843 2049 3909 εἷς
2088 3860 2143 3896 τι
2187 3841 2307 3895 τῶν
2344 3842 2740 3909 ὑπαρχόντων
2767 3836 2978 3904 ἔλεγεν
3014 3834 3168 3887 ἴδιον
3204 3829 3389 3885 εἶναι·
3430 3832 3527 3885 καί

1960 3930 2247 3984 διεδίδοτο
2262 3927 2515 3993 ἑκάστῳ,
2544 3925 2739 3979 καθότι
2774 3923 2850 3976 ἄν
2868 3940 2956 3988 τις
2975 3923 3183 3990 χρείαν
3202 3917 3383 3991 εἶχεν.
3416 3920 3530 3972 Ούκ

1958 4015 2026 4091 ἦν
2058 4018 2176 4072 τότε
2202 4017 2263 4070 τὸ
2311 4016 2444 4086 ἐμόν
2490 4012 2584 4067 καὶ
2616 4012 2678 4065 τὸ
2718 4011 2836 4065 σόν.
2882 4008 3052 4062 Τοῦτό
3088 4011 3208 4062 ἐστι
3240 4008 3411 4078 φιλία,
3442 4007 3529 4060 ἵνα

1964 4108 2039 4180 μὴ
2066 4106 2134 4161 τά
2151 4105 2315 4161 αὑτοῦ
2344 4102 2537 4157 ἑαυτοῦ
2563 4119 2646 4165 τις
2674 4098 2892 4169 νομίζῃ,
2919 4096 3053 4151 ἀλλά
3071 4096 3141 4150 τά
3158 4097 3252 4150 τοῦ
3280 4098 3529 4165 πλησίον,

1960 4194 2031 4248 τὰ
2059 4194 2115 4248 δὲ
2143 4193 2307 4248 αὑτοῦ
2332 4191 2587 4260 ἀλλότρια
2613 4204 2627 4218 ⁶
2658 4188 2745 4240 ῖνα
2774 4185 2916 4239 οὕτω
2962 4184 3210 4254 φείδηται
3261 4184 3361 4250 τῆς
3381 4184 3527 4237 ἐκεί-

1962 4301 2053 4337 νου
2074 4282 2274 4352 ψυχῆς,
2299 4281 2373 4343 ὡς
2394 4279 2492 4348 τῆς
2510 4275 2724 4339 ἐαυτοῦ,
2749 4274 2997 4335 κάκεῖνος
3016 4272 3217 4340 ὁμοίως
3238 4271 3335 4340 τὴν
3357 4260 3530 4341 αὐτὴν

1962 4370 2201 4424 διάθεσιν
2250 4364 2676 4433 ἐπιδεικνύηται.
2744 4361 2855 4415 K01
2898 4358 3002 4411 ποῦ
3055 4356 3310 4420 δυνατὸν,
3372 4358 3529 4428 φησὶ,

1964 4457 2199 4511 τοιοῦτον
2245 4454 2571 4524 εύρεθῆναις
2634 4449 2761 4511 N01,
2816 4448 2877 4500 ού
2915 4445 3169 4507 δυνατὸν,
3229 4444 3416 4515 ἐπειδὴ
3454 4444 3530 4513 μὴ

1966 4543 2285 4615 βουλόμεθαο
2308 4541 2383 4603 ὡς
2402 4540 2454 4591 εῖ
2476 4555 2539 4606 γε
2562 4534 2912 4604 ἐϐουλόμεθα,
2933 4533 3025 4585 καὶ
3056 4531 3257 4602 σφόδρα
3283 4530 3526 4583 δυνατόν.

1962 4637 2026 4689 Εί
2068 4635 2176 4704 γάρ
2227 4631 2300 4701 μὴ
2343 4628 2562 4683 δυνατὸν
2587 4622 2676 4696 ἦν,
2709 4624 2817 4677 οὐδ’
2842 4623 2909 4676 ἂν
2928 4621 3186 4685 ἐπέταξεν
3218 4623 3247 4675 0
3274 4620 3528 4691 Χριστὸς,

1964 4724 2062 4777 οὐκ
2077 4722 2141 4775 ἂν
2153 4717 2386 4773 τοσαῦτα
2401 4717 2531 4785 περὶ
2546 4714 2763 4783 ἀγάπης
2774 4710 3040 4781 διελέχθη.
3069 4708 3227 4777 Μέγα
3249 4707 3418 4778 φιλία,
3436 4708 3531 4761 καὶ

1966 4810 2131 4864 πόσον
2157 4806 2319 4879 μέγα,
2344 4803 2519 4865 οὐδεὶς
2536 4800 2604 4854 ἂν
2631 4800 2845 4853 δύναιτο
2870 4797 3083 4869 μαθεῖν,
3109 4795 3233 4849 οὔτε
3249 4813 3333 4859 τις
3348 4812 3529 4866 παρα-

1966 4900 2160 4969 στῆσαι
2202 4896 2381 4963 λόγος.
2430 4892 2568 4963 πλὴν
2610 4893 2709 4962 τῆς
2750 4890 2942 4962 πείρας
2984 4888 3174 4957 αὐτῆς.
3219 4887 3391 4940 Τοῦτο
3430 4886 3530 4949 τὰς

1964 4988 2205 5058 αἱρέσεις
2237 4983 2545 5054 εἰργάσατο,
2582 4980 2739 5033 τοῦτο
2776 4980 2903 5043 τοὺς
2958 4976 3225 5047 ’Έλληνας
3268 4975 3357 5028 ἔτι
3388 4976 3533 5027 ποιεῖ

1968 5073 2230 5143 ’Έλληνας
2264 5064 2422 5123 εἶναι.
2486 5066 2544 5120 '0
2574 5067 2743 5135 φιλῶν
2788 5067 2887 5119 ούκ
2941 5065 3247 5118 ἐπιτάττειν
3283 5058 3529 5131 βούλεται

1966 5162 2084 5215 οὐδὲ
2117 5160 2326 5230 ἄρχειν,
2366 5156 2498 5210 ἀλλά
2532 5156 2691 5226 χάριν
2717 5154 2829 5223 ἔχει
2860 5152 3060 5223 μᾶλλον
3096 5150 3395 5221 ἀρχόμενος
3436 5148 3531 5201 καὶ

1967 5247 2388 5315 ἐπιτασσόμενος
2410 5261 2424 5274 ·
2453 5243 2770 5313 χαρίζεσθαι
2798 5241 3043 5310 βούλεται
3068 5236 3342 5308 μᾶλλον,ἢ
3370 5234 3531 5304 χάριν

1966 5335 2261 5406 λαμϐάνειν
2285 5348 2297 5361 ·
2338 5332 2483 5400 φιλεῖ
2528 5331 2656 5399 γὰρ,
2686 5330 2779 5381 καὶ
2806 5327 2881 5390 ὼς
2918 5328 3020 5379 οὐκ
3047 5324 3335 5395 ἐμπλήσας
3362 5322 3529 5375 αὑτοῦ

1967 5428 2064 5495 τὴν
2097 5420 2414 5489 ἐπιθυμίαν,
2443 5417 2583 5469 οὕτω
2604 5416 2886 5469 διάκειται.
2904 5415 3017 5483 Οὐχ
3035 5411 3205 5488 οὕτως
3226 5407 3284 5464 εὖ
3308 5412 3532 5479 πάσχων

1972 5513 2245 5583 τέρπεται,
2269 5507 2343 5570 ὡς
2368 5501 2425 5558 εὖ
2452 5503 2618 5556 ποιῶν
2645 5520 2657 5532 ο
2685 5501 2929 5571 βούλεται
2958 5500 3064 5571 γάρ
3093 5498 3342 5567 κατέχειν
3368 5495 3530 5551 αὐτὸν

1972 5599 2191 5669 μᾶλλον,
2250 5596 2283 5665 ἢ
2336 5592 2567 5661 ὀφείλειν
2627 5588 2804 5657 αύτῷ·
2862 5586 3059 5659 μᾶλλον
3100 5587 3153 5639 δὲ
3178 5586 3272 5638 καὶ
3296 5584 3532 5653 ὀφείλειν

1969 5685 2117 5755 αύτῷ
2148 5684 2413 5753 βούλεται,
2445 5679 2541 5732 καὶ
2572 5676 2859 5746 ὀφειλέτην
2888 5674 3050 5729 αὐτὸν
3081 5674 3254 5741 ἔχειν·
3286 5673 3381 5726 καὶ
3411 5672 3533 5741 βού-

1970 5776 2118 5827 λεται
2146 5768 2483 5841 χαρίζεσθαι,
2510 5767 2603 5819 καὶ
2630 5763 2690 5815 ού
2716 5763 2961 5833 βούλεται
2989 5762 3162 5815 δοκεῖν
3194 5761 3529 5831 χαρίζεσθαι,

1973 5861 2085 5918 ἀλλ’
2098 5857 2377 5929 ὀφειλέτην
2390 5854 2548 5909 αὐτὸν
2566 5850 2878 5920 εἷναι.’ῐ’άχα
2892 5849 3147 5912 πολλλοῦς
3162 5850 3190 5902 ύ
3197 5849 3312 5921 μῶν
3322 5850 3531 5919 ἀγνοεῖν
