3964 6552
159 493 257 545 ιοθ

158 606 264 659 deri
294 604 438 673 prior
463 600 722 657 beneﬁcio
743 599 959 655 allicere
982 640 997 663 ,
1028 601 1122 654 sed
1145 599 1370 655 reddere
1397 616 1412 658 ξ
1444 599 1585 668 quod
1612 598 1728 667 qui-

158 699 271 749 dem
305 695 441 747 Deus
484 708 698 762 quoque
725 691 850 745 fecit
894 691 947 745 in
999 692 1320 746 hominibus.
1373 691 1499 745 Erat
1530 689 1723 744 Filium

156 803 299 842 suum
333 802 429 855 pro
456 784 612 839 nobis
653 783 947 840 donaturus
969 826 985 848 ,
1027 785 1120 839 sed
1153 800 1221 839 ne
1248 783 1524 838 videretur
1572 782 1727 836 nobis

158 880 350 933 donare
374 918 389 941 ,
419 877 514 931 sed
547 876 700 930 nobis
726 876 922 931 debere
942 919 958 942 ,
1002 876 1163 945 jussit
1192 878 1461 931 Abraham
1489 876 1618 929 dare
1663 875 1727 928 ﬁ-

159 974 275 1025 lium
296 986 449 1024 suum
478 1010 493 1035 ,
520 978 581 1023 ut
621 985 731 1023 rem
763 984 1009 1038 magnam
1036 970 1236 1023 faciens
1257 1009 1270 1030 ,
1301 969 1429 1022 nihil
1473 983 1722 1037 magnum

158 1064 419 1115 videretur
445 1060 639 1115 facere.
670 1060 800 1114 Nam
824 1062 867 1113 si
901 1078 1005 1114 non
1030 1061 1191 1114 fuerit
1220 1059 1433 1130 quidem
1460 1059 1715 1120 amicitia,

155 1165 205 1209 et
239 1154 629 1223 exprobramus
678 1154 939 1208 beneﬁcia
967 1194 981 1218 ,
1008 1165 1062 1209 et
1100 1168 1262 1222 parva
1288 1153 1627 1213 extollimus,
1678 1150 1722 1203 si

155 1258 321 1301 autem
377 1247 537 1301 fuerit
563 1248 794 1302 amicitia
816 1289 830 1313 ,
878 1257 934 1303 et
959 1263 1019 1301 ea
1072 1247 1307 1301 celamus
1328 1288 1342 1311 ,
1370 1254 1424 1299 ct
1452 1262 1571 1314 qme
1600 1251 1725 1297 sunt

157 1356 334 1408 magna
366 1355 528 1409 parva
556 1341 802 1394 volmuus
831 1339 1116 1393 ostendere
1137 1382 1151 1405 ,
1183 1356 1250 1394 nc
1278 1339 1552 1393 videamur
1591 1338 1723 1390 ami-

154 1448 264 1485 cum
293 1430 495 1485 habere
529 1431 842 1496 debitorem,
873 1431 967 1484 sed
999 1431 1095 1499 ipsi
1122 1446 1240 1484 esse
1268 1430 1538 1484 debitores
1569 1429 1620 1481 in
1657 1444 1723 1482 eo

154 1523 284 1593 quod
328 1539 458 1577 eum
499 1522 791 1576 habeamus
835 1521 1159 1575 debitorem.
1205 1521 1327 1575 Scio
1373 1521 1569 1574 multos
1616 1535 1721 1573 non

156 1616 445 1683 intelligere
472 1613 615 1683 quod
656 1612 853 1667 dicitur
883 1631 895 1666 :
929 1628 1087 1667 causa
1115 1622 1292 1666 autem
1334 1621 1417 1666 est
1455 1610 1595 1679 quod
1637 1610 1720 1663 lo-

153 1725 276 1777 quar
299 1708 370 1762 de
412 1723 471 1762 re
492 1748 506 1767 .
539 1721 657 1776 qua:
688 1720 829 1759 nunc
873 1706 1061 1758 cmlum
1094 1703 1313 1757 habitat.
1358 1701 1720 1770 Quemadmo-

152 1802 269 1852 dum
301 1816 433 1868 ergo
458 1798 501 1851 si
537 1798 787 1867 loquerer
811 1796 879 1850 de
906 1797 1081 1865 aliqua
1114 1796 1292 1864 planta
1332 1810 1450 1864 qua:
1476 1802 1723 1848 nascatur

155 1896 203 1947 in
232 1894 375 1947 ludia
400 1935 415 1957 ,
445 1893 598 1961 cujus
630 1905 788 1946 nemo
813 1890 1204 1959 experientiam
1236 1888 1475 1953 haberet,
1505 1902 1571 1941 ne
1600 1901 1724 1956 pos-

153 1998 231 2041 set
275 1986 492 2055 quidem
539 2001 653 2039 rem
697 1984 966 2052 esplicare
1013 1984 1223 2044 oratio,
1256 1982 1464 2037 etiamsi
1519 1979 1722 2035 inﬁnita

151 2080 379 2132 dicerem
404 2094 419 2128 :
445 2079 514 2130 ita
542 2078 701 2131 etiam
733 2089 1079 2143 quzecumque
1110 2088 1249 2127 nunc
1273 2072 1461 2127 dixero
1482 2112 1496 2135 ,
1527 2072 1721 2126 frustra

153 2171 314 2223 dicam
345 2187 358 2220 :
396 2183 558 2222 nemo
592 2167 787 2236 poterit
819 2167 977 2219 scire.
1000 2164 1056 2217 lu
1088 2165 1219 2218 melo
1249 2164 1480 2232 plantata
1505 2175 1585 2217 est
1609 2163 1722 2217 lucc

155 2263 316 2327 planta
343 2300 359 2322 ,
400 2274 576 2311 ramos
606 2257 809 2311 habens
840 2271 945 2311 non
976 2266 1197 2309 onustos
1238 2255 1538 2324 margaritis
1567 2296 1578 2312 .
1627 2254 1721 2308 sed

153 2354 250 2404 vita
292 2353 499 2405 virtute
539 2360 764 2416 ornata,
794 2365 912 2418 quae
961 2358 1044 2403 est
1094 2347 1178 2402 his
1206 2349 1372 2402 multo
1415 2347 1717 2414 jucundior.

152 2445 444 2507 Quamnam
473 2441 549 2495 vis
574 2441 752 2495 dicere
775 2440 1133 2508 voluptatem?
1154 2454 1220 2511 aq
1251 2448 1493 2508 turpem,
1530 2454 1597 2491 an
1628 2438 1725 2491 bo-

155 2544 348 2587 ucstam
373 2534 398 2585 ?
439 2533 531 2586 sed
580 2546 769 2586 omnes
800 2542 1086 2600 exsuperat
1139 2532 1383 2600 voluptas
1424 2533 1671 2584 amicitia:
1704 2573 1719 2597 ,

153 2626 352 2679 etiamsi
410 2625 585 2679 mellis
614 2624 941 2692 voluptatem
972 2623 1192 2677 dixeris.
1222 2621 1351 2676 Nam
1406 2621 1456 2675 id
1508 2621 1720 2691 quidem

151 2718 294 2773 afl'ert
348 2719 702 2781 satietatem,
748 2718 954 2771 amicus
1000 2726 1179 2770 autem
1227 2731 1549 2786 numquam,
1595 2714 1723 2770 dtun

154 2810 297 2862 fuerit
339 2810 585 2871 amicus;
639 2807 732 2862 sed
781 2818 1006 2877 augetur
1055 2810 1230 2878 potius
1258 2807 1622 2872 desiderium,
1669 2815 1724 2861 et.

152 2904 449 2957 satietatem
497 2917 783 2971 numquam
829 2901 986 2956 affert
1025 2901 1288 2971 voluptas.
1351 2901 1469 2955 Vita
1512 2915 1723 2970 quoque

152 3003 414 3061 pra-.seute
458 2993 662 3047 amicus
708 3000 791 3047 est
825 2991 1114 3060 jucundior
1153 3010 1166 3045 :
1214 2991 1363 3047 multi
1415 3001 1561 3047 certe
1608 3001 1726 3060 post

985 483 1051 538 IN
1090 482 1305 539 EPIST.
1348 484 1365 537 Ι
1431 483 1521 538 AD
1560 480 1884 539 THESSAL.
1929 484 2078 539 CAP.
2122 485 2183 539 ll.
2227 487 2453 542 llUBllL.
2496 488 2582 543 Ill.

3300 493 3405 549 ἰοῦ

1834 607 2060 654 mortem
2088 604 2380 657 amicorum
2411 621 2481 658 ne
2528 616 2781 675 optarunt
2817 606 3030 675 quidem
3071 609 3301 679 amplius
3327 613 3405 664 vi-

1831 706 1977 745 vere.
2029 693 2159 747 Cum
2213 696 2384 751 amico
2429 699 2589 751 etiam
2647 701 2894 754 exsilium
2948 703 3174 756 libenter
3222 700 3406 757 tulerit

1830 785 2095 852 quispiam
2127 803 2140 837 :
2173 785 2377 856 absque
2401 789 2575 843 amico
2603 799 2779 845 autem
2804 807 2871 846 ne
2892 806 3042 846 suam
3070 793 3284 863 quidem
3313 808 3407 863 pa-

1832 876 1986 929 triam
2032 874 2231 931 habere
2265 879 2514 932 voluerit.
2557 879 2691 934 Cum
2720 882 2894 936 amico
2931 884 3090 937 etiam
3123 894 3405 953 paupertas

1830 976 1912 1021 est
1952 966 2277 1023 tolerabilis:
2312 970 2513 1039 absque
2538 971 2629 1025 illo
2657 981 2833 1026 autem
2867 982 2923 1027 et
2948 974 3151 1028 sanitas
3177 984 3232 1029 et
3259 974 3403 1029 divi-

1830 1058 1918 1112 tiae
1942 1069 2067 1113 sunt
2098 1060 2481 1116 intolerabiles.
2529 1062 2771 1116 Alterum
2802 1062 2962 1118 habet
2990 1065 3245 1134 seipsnm.
3286 1066 3401 1120 An-

1827 1163 1924 1218 gor
1944 1152 2084 1220 quod
2110 1166 2213 1206 non
2242 1154 2439 1221 possim
2456 1154 2704 1223 exemplo
2729 1170 2844 1208 rem
2870 1156 3153 1211 Ostendere
3175 1175 3189 1211 :
3215 1173 3404 1213 revera

1827 1243 1970 1297 enim
2022 1245 2236 1314 planum
2290 1246 2533 1301 fecissem
2554 1289 2570 1315 ,
2603 1264 2721 1316 qua:
2768 1248 2908 1303 dicta
2939 1259 3062 1303 sunt
3092 1265 3212 1304 esse
3236 1253 3405 1307 multo

1828 1332 2034 1390 minora
2076 1352 2235 1406 quam
2276 1350 2541 1407 oporteat.
2575 1341 2642 1394 Et
2673 1342 2787 1396 hzec
2827 1342 3043 1410 quidem
3073 1342 3158 1395 hic
3190 1343 3265 1395 ita-
3306 1343 3405 1396 ha-

1828 1427 1991 1483 bent:
2021 1446 2049 1483 a
2078 1430 2189 1485 Deo
2218 1443 2396 1487 autem
2421 1443 2564 1488 tanta
2593 1444 2674 1489 est
2701 1450 2907 1490 merces
2937 1437 3208 1499 amicitiae,
3234 1452 3407 1505 quau-

1828 1528 1882 1574 ta
1923 1521 2134 1576 ne'dici
2176 1522 2392 1592 quidem
2437 1535 2632 1594 potest.
2681 1526 2846 1581 Nobis
2877 1527 2968 1581 dat
2995 1527 3299 1581 mercedem
3348 1537 3409 1583 ut

1827 1610 1963 1665 alter
1989 1613 2217 1667 alterum
2248 1614 2532 1684 diligamus
2562 1635 2576 1670 τ
2607 1618 2740 1670 Ama
2780 1619 2922 1671 enim
2942 1659 2956 1681 ,
2989 1619 3200 1688 inquit,
3231 1627 3286 1673 et
3311 1633 3406 1673 ac-

1827 1704 1945 1772 cipe
1992 1706 2326 1770 mercedem,
2378 1722 2474 1776 pro
2514 1723 2615 1777 qua
2662 1725 2719 1763 re
2761 1709 3022 1764 debemus
3052 1709 3354 1765 mercedem
3395 1727 3409 1762 :

1827 1792 1965 1857 Ora,
1999 1795 2166 1864 inquit
2186 1837 2199 1861 ,
2236 1806 2293 1851 et
2319 1799 2503 1867 accipe
2548 1800 2849 1853 mercedem
2878 1842 2892 1862 ,
2922 1816 3018 1869 pro
3046 1816 3152 1869 quo
3193 1817 3406 1856 merce-

1827 1883 1949 1939 dem
1995 1886 2285 1951 debemus,
2319 1890 2441 1957 quia
2489 1889 2627 1943 bona
2680 1893 2949 1958 petimus:
2996 1892 3099 1946 Pro
3147 1909 3213 1946 eo
3262 1892 3406 1960 quod

1828 1978 1995 2045 petis,
2029 1979 2228 2047 inquit,
2260 1981 2444 2047 accipe
2492 1982 2797 2037 mercedem
2826 1999 2838 2035 :
2866 1982 3048 2052 jejuna
3073 2025 3086 2047 ,
3115 1996 3169 2038 et
3219 1986 3404 2054 accipe

1826 2068 2127 2123 mercedem
2160 2090 2171 2123 :
2218 2072 2295 2125 sis
2326 2072 2517 2127 virtute
2569 2074 2824 2142 praeditus
2844 2114 2860 2139 ,
2905 2087 2959 2129 et
2985 2078 3168 2145 accipe
3200 2093 3409 2133 merce-

1827 2160 1946 2215 dem
1969 2202 1983 2227 ,
2011 2162 2172 2216 etiam
2200 2165 2244 2217 si
2275 2165 2580 2219 mercedem
2610 2166 2810 2221 debeas
2835 2186 2846 2220 :
2872 2169 2966 2222 sed
2989 2171 3128 2224 sicut
3159 2180 3407 2239 parentes

1826 2254 2039 2322 quando
2066 2254 2285 2308 fecerint
2323 2266 2379 2309 ut
2402 2255 2493 2309 ﬁlii
2527 2258 2707 2311 vivant
2734 2259 2785 2311 in
2827 2260 3023 2314 virtute
3043 2301 3058 2323 ,
3091 2270 3215 2317 tunc
3244 2264 3406 2317 etiam

1827 2345 1905 2397 eis
1930 2344 2057 2397 dant
2086 2346 2386 2401 mercedem
2439 2366 2452 2401 :
2505 2357 2629 2402 sunt
2655 2350 2795 2401 enim
2828 2351 3098 2405 debitores
3124 2394 3138 2416 ,
3176 2354 3317 2422 quod
3348 2368 3409 2407 se

1828 2437 2207 2490 constituerint
2237 2439 2288 2490 in
2322 2438 2632 2506 voluptate:
2669 2441 2738 2492 ita
2783 2441 2943 2493 etiam
2997 2442 3154 2497 Deus.
3202 2443 3406 2498 Merce-

1828 2530 1947 2583 dem
1974 2571 1989 2596 ,
2022 2532 2230 2599 inquit.
2268 2533 2449 2601 accipe
2478 2572 2492 2595 ,
2523 2534 2565 2585 si
2612 2535 2686 2585 sis
2719 2534 2914 2587 virtute
2954 2536 3250 2603 praeditus;
3282 2552 3405 2590 nam

1829 2634 2033 2690 patrem
2064 2624 2242 2676 laetitia
2273 2623 2473 2687 alﬁeis,
2505 2636 2560 2678 et
2585 2625 2742 2693 hujus
2770 2628 2844 2680 rei
2876 2628 2965 2679 tibi
2995 2629 3292 2683 mercedem
3314 2630 3410 2683 de-

1829 2712 1972 2769 beo:
2018 2714 2100 2767 sin
2146 2724 2324 2769 autem
2354 2716 2558 2781 malus,
2610 2732 2983 2786 nequaquam;
3042 2720 3220 2773 irritas
3265 2722 3409 2775 enim

1829 2822 1949 2861 eum
1976 2847 1990 2869 ,
2023 2808 2111 2877 qui
2145 2817 2197 2861 te
2224 2809 2430 2876 genuit.
2462 2808 2536 2863 Ne
2560 2809 2738 2878 itaque
2771 2809 2936 2863 Deum
2970 2810 3279 2875 irritemus,
3313 2814 3409 2866 sed

1832 2900 2015 2953 hetitia
2045 2900 2341 2954 afﬁciamus
2361 2941 2374 2962 ,
2407 2910 2464 2953 ut
2493 2916 2714 2969 regnum
2745 2902 2999 2955 ctelorum
3023 2917 3409 2972 assequamur,

1831 2990 1883 3043 in
1932 2989 2148 3044 Christo
2175 2990 2302 3045 Jesu
2336 2991 2565 3045 Domino
2590 3002 2773 3045 nostro
2793 3035 2807 3058 ,
2840 3002 2943 3046 etc.

1509 3200 1852 3262 HOMILIA
1896 3201 2005 3262 ΙΙΙ.

148 3350 271 3405 CAP.
302 3352 358 3404 Ξ.
398 3366 451 3404 v.
479 3350 533 3407 9.
564 3349 814 3405 Mcmores
841 3350 975 3403 enim
1019 3348 1155 3413 estis,
1188 3346 1392 3416 fratres,
1423 3347 1607 3401 laboris
1630 3363 1726 3400 no-

215 3447 307 3499 stri
335 3455 385 3499 et
415 3445 729 3514 fatigationis
759 3459 778 3496 :
800 3452 943 3496 nocte
983 3452 1029 3496 et
1069 3442 1151 3496 die
1177 3452 1461 3511 operantcs,
1492 3457 1555 3495 ne
1582 3458 1727 3509 quem

215 3549 436 3593 rastrum
462 3550 805 3606 gravaremus,
836 3534 1217 3605 prwdicavimus
1263 3534 1316 3586 in
1355 3534 1490 3587 vobis
1518 3550 1729 3603 evange-

216 3630 345 3681 lium
372 3628 484 3681 Dei.
513 3626 598 3680 10.
658 3625 759 3680 Vos
791 3635 937 3679 testes
963 3626 1079 3679 estis
1116 3634 1162 3679 et
1188 3623 1346 3688 Deus,
1372 3640 1523 3693 quam
1560 3634 1730 3677 sancte

216 3732 263 3775 et
283 3723 347 3789 ju
365 3730 430 3774 sle
478 3730 521 3773 et
546 3722 654 3775 sine
674 3720 876 3790 querela
904 3719 1039 3773 vobis
1065 3720 1153 3789 qui
1195 3718 1475 3772 credidistis
1504 3719 1729 3786 fuimus;

218 3817 245 3867 ’l
265 3815 282 3866 l
300 3856 313 3867 .
343 3814 473 3867 sicut
494 3813 647 3877 scitis,
673 3813 888 3882 qualiter
908 3827 1304 3881 unumquemque
1333 3822 1571 3873 vestrum,
1601 3812 1729 3866 sicut

217 3913 374 3974 pater
405 3905 535 3971 ﬁlios
567 3921 704 3972 suos,
732 3904 1057 3975 deprecantes
1086 3920 1172 3957 vos
1198 3914 1244 3957 ct
1273 3904 1604 3967 consolantes,
1640 3905 1728 3959 19..

217 3997 481 4065 testiﬁcati
503 4013 681 4052 sumus
709 4006 762 4049 ut
786 3997 1106 4050 ambularetis
1134 3997 1285 4067 digne
1322 3996 1444 4061 Deo,
1467 3998 1552 4066 qui
1580 4014 1729 4051 voca-

216 4092 285 4144 rit
313 4106 404 4145 vos
424 4092 476 4143 in
500 4106 709 4160 regnum
730 4106 875 4143 suum
901 4100 947 4144 et
970 4089 1205 4159 gloriam.

220 4274 270 4328 l.
301 4272 591 4326 Ductorem
622 4267 755 4324 nibil
780 4275 992 4340 oportet
1014 4280 1299 4321 onerosum
1329 4275 1517 4335 putare
1545 4279 1729 4319 eorum

148 4382 263 4435 qua:
293 4364 524 4420 tendunt
551 4361 616 4417 ad
638 4361 861 4416 salutem
889 4357 1288 4428 discipulormn.
1322 4356 1450 4410 Nam
1477 4360 1520 4409 si
1546 4356 1733 4410 beatus

148 4458 310 4513 Jacob
330 4465 492 4511 nocte
514 4463 569 4508 et
592 4453 678 4507 die
702 4451 978 4505 laborabat
993 4451 1043 4503 in
1066 4449 1241 4504 ovium
1263 4446 1501 4503 custodia
1531 4466 1543 4499 :
1565 4447 1732 4500 multo

151 4549 317 4619 magis
367 4563 491 4602 emn
523 4545 608 4599 cui
636 4543 852 4598 creditae
878 4552 1001 4597 sunt
1028 4542 1240 4603 animae,
1275 4538 1482 4593 etiamsi
1510 4538 1581 4591 sit
1601 4552 1734 4607 opus

152 4640 479 4694 laboriosum
505 4645 561 4691 et
579 4636 704 4701 vile,
730 4634 905 4688 omnia
927 4640 1139 4703 oportet
1163 4632 1356 4693 facere,
1384 4644 1543 4682 unum
1562 4628 1732 4681 solum

149 4740 509 4801 spectantem,
544 4742 737 4795 nempe
780 4724 1006 4779 salutem
1060 4723 1463 4792 discipulorum,
1516 4731 1571 4774 et
1616 4736 1735 4790 quae

148 4820 273 4875 inde
296 4821 413 4874 Deo
437 4818 662 4872 affertur
687 4817 930 4887 gloriam.
960 4814 1090 4869 Vide
1106 4828 1234 4883 ergo
1254 4811 1521 4882 quomodo
1542 4812 1736 4866 Paulus

147 4928 349 4981 praeco,
404 4910 681 4980 apostolus
710 4908 855 4962 orbis
887 4917 1062 4970 terrai,
1092 4905 1185 4959 tali
1226 4915 1472 4973 suscepto
1503 4904 1733 4969 honore,

148 5004 479 5074 operabatur
507 5000 775 5066 manibus,
806 5014 874 5053 ne
919 5006 1165 5067 gravaret
1201 4993 1739 5064 discipulos..Memo-

144 5116 223 5152 res
268 5097 412 5150 enim
442 5096 581 5155 estis,
608 5092 808 5162 inquit,
839 5093 1039 5160 fratres,
1074 5086 1256 5141 laboris
1295 5087 1453 5141 nostri
1473 5097 1518 5141 et
1547 5086 1736 5156 fatiga-

145 5191 325 5241 tionis.
356 5186 510 5241 Prius
536 5186 766 5249 dixerat,
793 5181 1095 5236 Poteramus
1122 5180 1261 5235 oneri
1309 5196 1433 5245 esse,
1482 5187 1739 5251 tamquam

144 5278 347 5331 Christi
372 5277 586 5347 apostoli
609 5292 628 5329 :
654 5274 792 5345 quod
822 5274 983 5329 etiam
1009 5272 1137 5326 dicit
1182 5273 1237 5325 in
1264 5272 1498 5341 Epistula
1526 5270 1592 5324 ad
1629 5268 1737 5324 Co-

145 5369 390 5424 rinthios
418 5385 433 5421 :
466 5365 686 5420 Nescitis
734 5364 868 5433 quod
905 5363 991 5432 qui
1020 5362 1177 5416 sacris
1216 5371 1507 5430 operantur,
1540 5377 1566 5414 e
1590 5375 1735 5415 sacro

144 5462 425 5517 comedunt
452 5459 540 5529 (l.
569 5458 689 5513 Cor.
721 5457 773 5512 9.
804 5457 871 5513 15
892 5455 951 5525 )‘l
976 5454 1063 5510 Sic
1102 5463 1156 5509 et
1182 5454 1423 5508 Christus
1463 5446 1738 5508 constituit

146 5566 206 5608 ut
235 5554 331 5623 qui
377 5551 713 5621 evangelium
758 5550 1092 5611 annuntiant,
1136 5561 1200 5601 ex
1230 5546 1505 5616 evangelio
1532 5548 1733 5599 vivant.

147 5645 256 5702 Sed
288 5659 416 5716 ego,
453 5644 658 5713 inquit,
687 5641 850 5702 nolui,
901 5639 995 5694 sed
1048 5637 1301 5693 laboravi.
1332 5637 1516 5708 Neque
1562 5636 1738 5692 solum

148 5748 435 5808 cperatur,
462 5734 559 5790 sed
580 5749 701 5789 cum
733 5734 898 5787 multo
922 5731 1098 5786 studio
1126 5740 1179 5786 ct
1206 5731 1498 5800 diligentia.
1527 5730 1596 5785 Et
1620 5729 1742 5785 vide

146 5831 281 5901 quid
312 5828 460 5884 dicat
491 5846 505 5880 :
536 5824 808 5891 Mensores,
848 5822 1035 5893 inquit,
1066 5822 1204 5883 estis,
1236 5837 1342 5875 non
1365 5820 1741 5877 beneﬁciorum

150 5936 434 5989 meorum,
468 5920 585 5984 sed,
615 5915 1009 5983 Labaris,nosm'
1052 5925 1099 5968 et
1129 5913 1460 5986 fatigationis.
1490 5911 1652 5967 Nocte
1695 5921 1741 5967 et

464 6041 738 6101 Ρηιιοι..
785 6034 899 6095 Gn.
948 6031 1139 6093 LXII.

1831 3348 1912 3400 die
1938 3357 2223 3417 operantes,
2251 3362 2313 3400 ne
2331 3363 2477 3416 quem
2496 3358 2710 3400 vestrum
2749 3361 3093 3416 gravaremus,
3122 3348 3195 3400 sic
3220 3344 3411 3415 praedi-

1833 3455 2006 3492 camus
2044 3439 2182 3493 vobis
2220 3440 2532 3509 evangelium
2582 3438 2698 3491 Dei.
2737 3438 3031 3493 Corinthiis
3060 3448 3237 3494 autem
3266 3438 3412 3493 aliud

1831 3531 1959 3586 dicit
1991 3548 2003 3583 :
2045 3531 2187 3585 Alias
2221 3530 2472 3585 Ecclesias
2504 3530 2797 3600 exspoliavi,
2828 3532 3080 3601 accipiens
3105 3530 3413 3598 stipendium

1832 3621 1899 3674 ad
1929 3622 2258 3675 ministerium
2294 3630 2509 3675 vestrum
2550 3621 2639 3692 (2.
2670 3620 2787 3675 Cor.
2835 3622 2922 3676 11.
2970 3620 3058 3691 8).
3114 3621 3275 3689 Atqui
3308 3621 3417 3673 illic

1832 3729 2043 3783 queque
2069 3715 2412 3781 eperabatur,
2442 3714 2538 3767 sed
2560 3729 2665 3767 non
2700 3714 2969 3767 revocavit
2997 3714 3048 3766 in
3074 3713 3410 3777 memoriam,

1833 3805 1925 3859 sed
1976 3805 2115 3859 aliud
2174 3807 2350 3875 posuit
2395 3805 2536 3875 quod
2608 3805 2775 3875 magis
2837 3816 3125 3877 pungeret;
3194 3806 3418 3876 perinde

1832 3910 1991 3969 atque
2022 3900 2065 3953 si
2095 3899 2339 3957 diceret:
2371 3902 2453 3957 Ab
2479 3901 2599 3954 aliis
2643 3917 2759 3954 sum
2802 3901 3032 3955 nutritus
3058 3902 3210 3955 vobis
3240 3902 3415 3956 instu-

1831 3992 2013 4056 viens;
2067 3990 2155 4046 hic
2196 4002 2373 4047 autem
2422 4009 2527 4048 non
2575 3993 2673 4057 sic,
2731 3992 2827 4049 sed
2861 3993 3021 4064 quid?
3069 3992 3234 4047 Nocte
3260 4004 3305 4047 et
3330 3995 3413 4047 die

1834 4095 2115 4152 aperantes.
2163 4085 2229 4139 Et
2268 4085 2373 4140 illic
2398 4085 2613 4156 quidem
2638 4086 2786 4149 dicit,
2838 4085 2903 4138 Et
2943 4102 3058 4138 cum
3094 4102 3250 4139 essem
3276 4085 3416 4153 apud

1834 4191 1919 4229 ros
1946 4188 1993 4230 et
2023 4194 2238 4247 egerem,
2268 4177 2468 4231 nullum
2492 4178 2703 4248 gravavi
2726 4176 2896 4247 (Ibid.
2927 4192 2972 4229 υ.
3002 4175 3102 4244 9);
3134 4187 3208 4240 et,
3237 4176 3420 4245 Accepi

1834 4270 2138 4336 stipendium
2165 4270 2233 4323 ad
2261 4271 2595 4324 ministerium
2620 4280 2835 4323 vestrum
2862 4284 2881 4323 :
2906 4268 2993 4323 hic
3026 4279 3203 4321 autem
3232 4276 3419 4320 osten-

1835 4360 1912 4413 dit
1938 4374 2032 4412 eos
2057 4374 2175 4413 esse
2192 4361 2252 4421 in
2283 4368 2624 4429 paupertate;
2662 4360 2767 4413 illic
2798 4373 2925 4412 vero
2975 4374 3083 4412 non
3137 4358 3229 4411 ita.
3282 4358 3417 4410 Pro-

1838 4461 2014 4520 pterea
2043 4452 2253 4506 assidue
2279 4469 2372 4506 eos
2412 4452 2627 4506 adducit
2653 4461 2817 4506 testes
2845 4468 2859 4503 :
2903 4451 3004 4503 Vos
3027 4450 3184 4510 enim.
3213 4449 3381 4518 inquit
3399 4489 3415 4514 ,

1836 4553 1983 4596 testes
2010 4544 2127 4596 estis
2170 4554 2216 4595 et
2242 4542 2419 4608 ‘Dcus;
2464 4556 2771 4597 sermonem
2800 4541 2905 4595 ﬁde
2950 4540 3167 4611 dignum
3198 4538 3420 4604 iaciens,

1836 4643 1891 4687 et
1921 4633 2022 4687 hoc
2050 4648 2274 4701 ponens,
2300 4633 2443 4704 quod
2470 4650 2565 4689 eos
2593 4634 2822 4688 maxime
2844 4632 3098 4690 reddebat
3122 4632 3418 4686 certiores:

1840 4718 1963 4780 nam
1990 4726 2117 4781 illud
2144 4737 2225 4781 est
2253 4727 2513 4782 incertum
2546 4727 2932 4797 ignorantibus,
2960 4725 3065 4781 hoc
3082 4735 3259 4781 autem
3290 4725 3421 4779 nihil

1839 4818 1984 4873 dubii
2030 4819 2300 4889 relinquit.
2344 4820 2411 4873 Et
2440 4834 2507 4874 ne
2538 4819 2749 4873 mireris
2797 4838 2810 4872 :
2856 4834 2961 4872 non
3013 4818 3323 4877 advertebat
3363 4831 3425 4873 se

1839 4911 2062 4965 Paulum
2089 4925 2231 4974 esse,
2277 4912 2366 4980 qui
2404 4910 2799 4974 ba'c'diceret;
2829 4907 2929 4964 sed
2971 4909 3261 4965 admodum
3311 4910 3428 4964 vult

1840 5016 1933 5055 eos
1958 5001 2215 5054 certiores
2233 5000 2426 5055 facere.
2449 5000 2573 5056 Ideo
2591 5001 2719 5055 dicit
2742 5018 2754 5053 :
2791 4999 2887 5053 Vos
2909 5010 3053 5054 testes
3070 5001 3187 5054 estis
3201 5010 3247 5054 et
3266 4998 3422 5066 Deus,

1840 5108 1990 5161 quam
2030 5102 2202 5145 sancte
2243 5101 2293 5146 et
2326 5094 2466 5163 juste
2492 5103 2540 5146 et
2586 5094 2694 5147 sine
2732 5094 2936 5162 querela
2965 5094 3101 5146 vobis
3125 5092 3313 5161 fuimus
3337 5090 3425 5158 qui

1840 5185 2062 5238 creditis.
2092 5182 2382 5253 Oportebat
2400 5198 2495 5239 eos
2520 5200 2703 5238 rursus
2719 5183 2935 5238 laudare
2958 5203 2971 5237 :
3000 5183 3120 5237 ideo
3140 5196 3203 5237 ea
3226 5196 3429 5251 propo-

1844 5276 1923 5331 nit
1972 5291 2093 5346 qua:
2138 5275 2268 5329 satis
2319 5284 2472 5329 erant
2519 5275 2585 5328 ad
2642 5273 3092 5343 persuadendum.
3147 5272 3278 5327 Nam
3329 5272 3423 5339 qui

1843 5368 1993 5435 illic,
2048 5368 2221 5437 inquit
2248 5407 2262 5431 ,
2311 5367 2617 5421 laborabam
2668 5376 2939 5436 egestate,
2967 5374 3020 5419 et
3065 5379 3171 5418 non
3210 5364 3415 5430 accepi,

1842 5458 2012 5513 multo
2039 5459 2206 5528 magis
2235 5471 2395 5512 nunc.
2429 5456 2596 5523 Quam
2622 5464 2794 5510 sancte
2834 5465 2882 5509 et
2929 5457 3061 5521 iuste
3102 5463 3149 5508 et
3177 5455 3286 5507 sine
3304 5470 3431 5523 quc.

1844 5549 1951 5603 rcla
2005 5549 2196 5618 fuimus
2246 5549 2382 5602 vobis
2434 5548 2521 5618 qui
2561 5548 2804 5611 creditis;
2851 5547 2979 5600 sicut
3006 5534 3433 5609 scitis,lqualitcr

1844 5641 2241 5710 unumquemque
2267 5648 2508 5704 vestrum,
2536 5638 2666 5692 sicut
2693 5646 2836 5707 pater
2876 5637 3010 5706 ﬁlios
3035 5653 3172 5702 suos,
3223 5651 3309 5689 vos
3335 5636 3430 5688 de-

1846 5741 2105 5804 precantes
2155 5740 2202 5785 ct
2258 5730 2595 5784 consolantes.
2628 5728 2761 5785 Cum
2809 5729 3055 5798 superius
3102 5726 3333 5781 dixisset
3377 5726 3434 5781 id

1845 5822 1987 5892 quod
2008 5831 2124 5877 erat
2141 5820 2588 5891 conversationis,
2617 5818 2704 5874 hic
2733 5820 2863 5874 dicit
2882 5818 3022 5889 quod
3045 5827 3131 5874 est
3158 5817 3432 5879 caritatis;

1847 5914 1989 5987 quod
2016 5914 2185 5985 majus
2210 5922 2313 5982 est,
2336 5922 2391 5970 et
2415 5911 2531 5970 sine
2558 5911 2699 5969 fastu
2719 5911 2941 5968 dictum.
2963 5910 3111 5966 Sicut
3133 5920 3275 5984 pater
3297 5910 3437 5981 ﬁlios

3003 6002 3085 6063 26
