3964 6524
648 465 751 523 ιον

647 597 766 636 suos
783 622 797 645 ,
826 580 1148 649 deprecantes
1174 590 1259 631 uos
1285 584 1331 629 et
1360 575 1676 630 consolantes
1715 582 1764 629 et
1806 571 2127 641 testiﬁcantes
2169 574 2226 618 ut

650 672 916 725 antbuletis
944 671 1095 740 digne
1125 667 1253 733 Deo,
1295 669 1380 738 qui
1422 678 1563 721 vocat
1592 683 1679 721 nos
1726 666 1781 719 in
1816 678 2028 734 regnum
2080 673 2229 713 suum

648 771 699 815 et
737 761 972 833 gloriam.
1002 759 1227 827 Quando
1255 760 1385 815 dicit
1417 778 1429 813 :
1461 757 1530 812 Et
1572 757 1922 827 testiﬁcantes,
1952 764 2075 808 tunc
2111 764 2228 805 me-

648 851 805 906 minit
853 860 1087 922 patrum.
1115 850 1222 906 Sed
1274 861 1327 905 et
1366 849 1633 907 testiﬁcati
1685 861 1901 909 sumus,
1930 844 2035 900 hoc
2090 856 2227 913 quo-

623 957 755 1011 ,que
803 957 909 997 non
957 941 1302 998 vehementer
1331 982 1346 1006 ,
1375 941 1467 995 sed
1513 941 1650 995 sicut
1679 948 1848 1009 pater,
1883 935 2230 1005 Unumquem-

649 1050 747 1103 que
815 1043 1055 1088 uestrum.
1108 1034 1318 1104 Papae!
1376 1034 1429 1088 in
1477 1042 1621 1086 tanta
1674 1028 2009 1085 multitudine
2059 1024 2230 1081 nemi-

652 1140 776 1179 nem
806 1126 1172 1196 praatermisit,
1213 1140 1319 1181 non
1350 1139 1592 1195 parvum,
1643 1137 1748 1177 non
1801 1134 2074 1190 magnum,
2124 1133 2232 1172 non

651 1218 894 1283 divitem,
918 1234 1018 1274 nec
1039 1234 1345 1289 pauperem.
1379 1218 1738 1287 Deprecantes,
1764 1216 1950 1287 inquit,
1983 1214 2047 1269 ad
2070 1214 2235 1285 quid?

651 1309 735 1363 Ad
768 1308 1044 1365 ferendum
1087 1311 1287 1364 omnia.
1315 1309 1383 1364 Et
1428 1310 1743 1364 consolantes
1796 1318 1842 1362 et
1887 1307 2231 1376 testiﬁcantes.

651 1398 995 1468 Deprecantes
1016 1417 1035 1454 :
1061 1417 1164 1455 non
1195 1415 1324 1471 ergo
1359 1400 1667 1470 quaarebant
1699 1399 1921 1470 gloriam
1951 1415 1965 1450 :
1999 1396 2067 1450 Et
2096 1396 2236 1450 testi-

654 1493 864 1559 ﬁcantes
891 1508 905 1522 '
931 1509 1036 1547 non
1067 1508 1196 1564 ergo
1224 1492 1597 1547 adulabantur.
1638 1491 1706 1547 Ut
1734 1490 2057 1544 ambularetis
2086 1489 2238 1557 digne

656 1585 789 1652 Deo,
823 1585 909 1655 qui
932 1587 1123 1639 vocavit
1147 1601 1232 1639 vos
1257 1586 1309 1638 in
1335 1601 1481 1639 suum
1519 1601 1729 1655 regnum
1749 1594 1793 1639 et
1819 1583 2052 1654 gloriam.
2103 1582 2237 1637 Vide

656 1694 845 1734 rursus
869 1677 1138 1749 quomodo
1169 1694 1413 1744 narrans,
1438 1687 1494 1733 et
1517 1677 1670 1731 docet
1693 1685 1749 1732 et
1791 1676 2098 1731 consolatur
2139 1692 2151 1727 :
2194 1674 2237 1728 si

655 1773 800 1825 enirn
823 1771 1030 1824 vocavit
1056 1770 1121 1823 ad
1147 1786 1388 1840 regnum,
1419 1778 1630 1838 oportet
1656 1770 1834 1824 omnia
1857 1768 2015 1823 ferre.
2051 1767 2239 1823 Horta-

660 1881 785 1921 mur
813 1864 896 1919 vel
939 1879 1209 1935 rogamus,
1244 1879 1348 1919 non
1377 1872 1435 1917 ut
1465 1864 1617 1918 nobis
1656 1862 1854 1932 aliquid
1883 1862 2113 1925 donctis,
2144 1862 2240 1916 sed

660 1966 716 2010 ut
744 1970 967 2026 regnum
1012 1956 1269 2009 caelorum
1318 1956 1700 2024 assequamini.
1746 1954 1832 2009 15.
1880 1953 2007 2006 Ideo
2063 1962 2110 2006 et
2151 1970 2241 2006 nos

660 2050 851 2117 gratias
875 2048 1070 2118 agimus
1099 2046 1203 2101 Deo
1248 2047 1356 2100 sine
1397 2046 1781 2110 intermissione,
1807 2045 1942 2116 quod
1964 2061 2078 2098 cum
2101 2061 2241 2097 acce-

668 2139 864 2208 pissetis
907 2156 938 2191 a
988 2138 1130 2191 nobis
1163 2138 1364 2191 verbum
1402 2138 1605 2190 auditus
1644 2137 1750 2201 Dei,
1807 2136 2071 2207 accepistis
2115 2136 2244 2189 illud

663 2246 765 2282 non
815 2239 868 2281 ut
911 2230 1112 2282 uerbum
1162 2230 1440 2293 hominum,
1474 2230 1583 2293 sed,
1626 2230 1752 2281 sicut
1781 2237 1851 2281 est
1879 2244 2010 2293 uere,
2042 2228 2243 2281 verbum

666 2322 783 2387 Dei,
807 2322 893 2393 qui
918 2333 1157 2392 operatur
1182 2323 1235 2375 in
1255 2322 1390 2375 vobis
1414 2323 1500 2392 qui
1525 2322 1827 2375 credidistis.
1846 2319 1961 2375 Non
1989 2320 2131 2382 licet,
2162 2321 2243 2373 in-

663 2415 797 2483 quit,
828 2416 1028 2480 dicere,
1056 2414 1198 2484 quod
1223 2429 1318 2467 nos
1341 2413 1555 2484 quidem
1585 2414 1801 2483 impune
1824 2413 2002 2466 omnia
2016 2412 2243 2479 agimus,

666 2522 764 2561 vos
804 2515 983 2561 autem
1014 2506 1187 2561 facitis
1213 2506 1429 2576 indigna
1459 2514 1639 2560 nostra
1666 2506 2070 2561 conversatione
2101 2522 2113 2559 :
2141 2520 2245 2559 non

665 2598 808 2652 enim
840 2612 938 2651 nos
964 2596 1244 2652 audientes
1272 2597 1447 2651 affecti
1482 2598 1613 2651 estis
1662 2605 1928 2666 tamquam
1973 2596 2249 2650 audientes

668 2688 933 2755 homines,
964 2689 1057 2743 sed
1093 2697 1360 2758 tamquam
1407 2690 1523 2757 ipso
1552 2688 1663 2742 Deo
1692 2688 2035 2754 admonente,
2069 2687 2142 2740 ita
2170 2694 2250 2740 at-

668 2781 932 2836 tendistis.
963 2780 1243 2835 Undeuam
1270 2780 1319 2833 id
1349 2781 1553 2850 liquet?
1596 2779 1745 2835 Sicut
1772 2781 1939 2844 enim,
1969 2780 2113 2850 quod
2144 2794 2248 2833 non

668 2874 722 2926 in
776 2874 1085 2927 adulatione
1134 2888 1307 2941 neque
1354 2873 1404 2925 in
1446 2873 1590 2926 inani
1639 2872 1805 2940 gloria
1850 2870 2248 2941 prmdicaverit,

667 2966 903 3021 ostendit
929 2982 992 3019 cx
1020 2966 1130 3019 suis
1162 2966 1559 3031 tentationibus,
1592 2973 1644 3019 et
1672 2965 1880 3019 illorum
1913 2964 2248 3029 testimonio,

670 3069 724 3112 et
744 3074 808 3113 ex
839 3060 901 3112 iis
925 3075 1045 3128 qua:
1068 3058 1257 3127 agebat
1281 3076 1293 3109 :
1322 3058 1391 3112 ita
1417 3059 1578 3113 etiam
1598 3057 1737 3127 quod
1764 3058 1839 3111 illi
1860 3058 2081 3112 verbum
2109 3067 2253 3111 recte

669 3150 996 3218 acceperint,
1029 3164 1059 3202 a
1088 3146 1493 3202 tentatiunihus.
1514 3148 1794 3215 Quomodo
1832 3149 1998 3213 enim,
2044 3148 2213 3216 inquit
2236 3188 2251 3212 ,

670 3241 771 3294 nisi
803 3250 1068 3309 tamquam
1100 3240 1263 3294 Deum
1294 3240 1557 3297 dicentem
1589 3240 1946 3306 audivissetis,
1979 3240 2102 3295 talia
2146 3240 2254 3295 fer-

670 3333 802 3387 retis
858 3333 1131 3402 pericula?
1184 3332 1320 3388 Vide
1349 3342 1524 3387 autem
1557 3333 1966 3387 auctoritatem:
2008 3333 2093 3387 M.
2155 3331 2255 3387 Vos

670 3427 803 3478 enint
832 3426 1106 3480 imitatores
1146 3427 1273 3496 facti
1315 3427 1465 3488 estis,
1510 3425 1727 3494 fratres,
1771 3423 2116 3480 Ecclesiarum
2160 3424 2255 3479 Dei

670 3534 788 3588 qute
808 3527 927 3572 sunt
961 3519 1013 3572 in
1045 3518 1234 3572 Judwa
1264 3519 1314 3572 in
1341 3517 1541 3571 Christo
1581 3516 1727 3582 Iesu,
1759 3519 1877 3587 quia
1919 3519 2093 3572 eadem
2122 3521 2257 3588 passi

670 3612 791 3664 estis
820 3620 865 3663 et
892 3628 978 3665 vos
994 3627 1025 3664 a
1049 3610 1412 3665 contribulibus
1431 3612 1623 3671 vestris.
1651 3611 1779 3664 sicut
1800 3621 1845 3664 et
1865 3613 1963 3680 ipsi
1986 3629 2016 3664 a
2036 3611 2253 3677 Judteis,

671 3703 759 3757 15.
788 3704 873 3772 qui
897 3712 945 3756 et
970 3703 1241 3757 Dominunt
1277 3702 1759 3758 occideruntlesum
1791 3714 1837 3757 et
1862 3706 2154 3775 prophetas,
2210 3717 2257 3760 et

672 3812 763 3849 nos
790 3797 1072 3865 persequuti
1102 3805 1245 3861 sunt,
1290 3805 1337 3848 et
1383 3795 1489 3849 Deo
1528 3812 1629 3849 non
1658 3795 1890 3866 placent,
1938 3806 1984 3849 et
2028 3798 2257 3853 omnibus

674 3888 955 3940 hominibus
998 3888 1368 3952 adversantur;
1417 3889 1501 3943 16.
1547 3888 1861 3957 prohibentes
1905 3906 1996 3943 nos
2030 3892 2258 3957 gentibus

674 3979 811 4044 loqui
836 3987 890 4031 ut
932 3981 1086 4032 salva:
1132 3980 1287 4046 ﬁant,
1322 3990 1375 4032 ut
1416 3981 1659 4049 impleant
1690 3989 1893 4049 peccata
1918 3999 2013 4035 sua
2036 4000 2253 4053 semper.

677 4068 913 4123 Pervenit
938 4080 1106 4123 autem
1135 4071 1212 4122 ira
1248 4068 1346 4123 Dei
1369 4085 1523 4139 super
1544 4072 1661 4125 illos
1681 4089 1836 4141 usque
1859 4074 1912 4127 in
1940 4075 2113 4140 ﬁnem.

746 4161 801 4214 2.
842 4159 961 4225 Vos,
995 4161 1186 4231 inquit,
1208 4162 1479 4215 imitatores
1500 4164 1619 4232 facti
1644 4164 1761 4217 estis
1795 4162 2135 4219 Ecclesiarum
2162 4165 2259 4220 Dei

676 4270 786 4325 quo:
830 4263 946 4307 sunt
975 4254 1028 4307 in
1051 4252 1259 4308 Iudam.
1286 4253 1471 4324 Magna
1518 4263 1601 4309 est
1646 4256 1962 4311 consolatio.
1995 4256 2110 4313 Non
2139 4268 2252 4324 est,

677 4348 870 4417 inquit,
903 4347 1117 4410 mirum,
1164 4348 1208 4401 si
1254 4347 1355 4417 ipsi
1400 4346 1514 4401 ιιωο
1552 4347 1702 4403 vobis
1748 4348 1959 4414 faciant,
1993 4365 2113 4405 cum
2156 4351 2259 4408 hoc

675 4440 837 4493 etiam
858 4438 1053 4493 faciant
1079 4438 1190 4493 suis
1216 4438 1624 4495 contribulibus.
1656 4438 1768 4494 Hoc
1792 4450 1967 4494 autem
2000 4457 2104 4495 non
2134 4457 2257 4511 par-

677 4549 802 4585 vum
828 4548 1040 4601 quoque
1069 4542 1150 4586 est
1176 4532 1425 4587 indicium
1451 4534 1591 4602 quod
1632 4548 1755 4587 vera
1799 4535 1869 4587 sit
1919 4534 2256 4603 prardicatio,

677 4640 799 4677 cum
828 4635 881 4678 et
909 4624 1078 4679 Judaei
1108 4626 1284 4678 omnia
1323 4624 1463 4680 ferre
1504 4627 1851 4680 sustinerent.
1907 4626 2039 4692 Quia
2086 4628 2259 4682 eadem

588 4706 595 4711 ’
677 4717 818 4787 passi
841 4718 956 4771 estis
981 4726 1025 4770 et
1050 4732 1137 4769 vos
1162 4733 1194 4768 a
1235 4718 1596 4771 contribulibus
1633 4720 1826 4784 vestris,
1876 4720 2005 4772 sicut
2033 4729 2079 4774 et
2103 4720 2201 4789 ipsi
2227 4736 2259 4773 a

675 4808 894 4862 Judteis.
920 4808 1045 4890 Plus
1070 4809 1268 4878 aliquid
1296 4809 1453 4864 habet
1494 4811 1546 4865 in
1584 4826 1649 4865 eo
1677 4811 1817 4881 quod
1846 4811 2063 4877 dixerit,
2090 4812 2157 4866 Et
2183 4812 2259 4865 illi

676 4901 733 4954 in
783 4898 965 4953 Judaea
995 4917 1009 4952 :
1042 4900 1277 4955 ostendit
1302 4902 1444 4956 enim
1475 4917 1569 4957 eos
1610 4902 1805 4971 ubique
1832 4903 2022 4969 laetari,
2066 4912 2125 4958 ut
2169 4904 2260 4973 qui

678 4994 1064 5046 decertassent.
1094 4992 1235 5047 Dicit
1282 5008 1430 5063 ergo,
1465 4993 1570 5047 Vos
1624 5009 1837 5064 quoque
1884 4995 2071 5049 eadem
2118 4997 2260 5064 passi

677 5086 829 5139 estis.
862 5085 929 5139 Et
949 5085 1073 5154 quid
1103 5085 1317 5147 mirum,
1346 5086 1389 5140 si
1420 5087 1570 5141 vobis
1598 5103 1808 5158 quoque
1834 5088 2109 5156 fecerunt,
2137 5104 2259 5143 cum

678 5178 866 5232 eadem
911 5193 1123 5247 quoque
1149 5178 1261 5231 ausi
1288 5177 1482 5232 fuerint
1510 5180 1561 5232 in
1591 5180 1892 5233 Dominum.
1939 5179 2097 5235 Vides
2123 5195 2259 5250 quo-

680 5269 842 5343 modo
874 5268 975 5322 hoc
1005 5268 1269 5322 induxerit
1302 5268 1443 5337 quod
1471 5285 1716 5339 magnam
1748 5270 1905 5324 habet
1931 5270 2256 5325 consolatio-

678 5360 843 5415 nem?
870 5359 937 5414 Et
970 5360 1070 5415 hoc
1095 5370 1274 5415 versat
1297 5359 1529 5426 assidue,
1552 5362 1677 5416 etin
1701 5362 1946 5416 omnibus
1973 5377 2258 5431 propemo-

675 5455 803 5509 dum
862 5455 1107 5524 epistolis
1166 5454 1266 5509 hoc
1314 5455 1619 5523 inveneris,
1659 5467 1903 5512 accurate
1946 5458 2258 5514 examinans

677 5547 950 5615 qnmnodo
978 5548 1028 5601 in
1059 5548 1439 5604 tentationibus
1478 5566 1693 5619 semper
1736 5549 2006 5605 Christum
2049 5552 2258 5608 diverse

677 5636 882 5691 afferat.
915 5635 1050 5693 Vide
1078 5653 1238 5709 ergo;
1272 5638 1356 5693 hic
1386 5655 1597 5709 quoque
1622 5655 1876 5695 accusans
1899 5641 2133 5709 Iudaeos,
2165 5659 2257 5700 eos

676 5739 894 5785 revocat
922 5730 974 5785 in
1001 5733 1312 5787 memoriam
1339 5720 1570 5797 Domitii,
1608 5740 1661 5786 ct
1684 5732 1798 5801 ejus
1830 5734 2254 5803 perpessionum.

676 5820 828 5874 Adeo
873 5820 1077 5877 sciebat
1123 5838 1233 5878 rem
1260 5824 1547 5902 maximam
1581 5822 1775 5880 habere
1809 5826 2253 5882 consolationem.

681 5912 782 5979 Qui
810 5924 857 5968 et
901 5912 1176 5970 Dominum
1200 5916 1506 5987 occiderunt,
1537 5919 1723 5990 inquit.
1751 5919 1854 5976 Sed
1882 5919 2104 5978 fortasse
2126 5934 2248 5983 eum

1367 461 1426 520 S.
1463 459 1739 518 JOANNIS
1772 451 2241 514 CHRYSOSTOMI
2280 448 2591 508 ARCHIEP.
2633 453 3156 517 CONSTANTINOP.
3718 485 3779 542 ως

2338 564 2737 635 ignoraverunt.
2767 571 2877 629 lmo
2905 577 3136 632 maxime
3154 592 3421 637 noverunt.
3448 586 3560 654 Quid
3584 598 3779 653 vmtau-
3874 600 3875 603 “

2336 674 2444 753 non
2489 662 2649 716 etiam
2679 678 2804 719 suos
2844 667 3130 737 prophetas
3169 674 3477 741 occiderunt,
3524 692 3569 735 et
3604 686 3778 753 lapidibus
3874 740 3875 751 χ

2336 749 2650 819 obruerunt,
2672 770 2896 824 quorum
2918 760 3076 813 etiam
3094 760 3256 817 libros
3274 749 3781 836 circumferunt?th
3874 768 3875 803 ἶ

2338 839 2580 935 fecerunt
2613 860 2719 899 non
2750 856 2967 917 propter
3006 852 3303 908 veritatem.
3333 855 3438 912 Non
3462 872 3533 914 est
3553 880 3653 935 ergo
3672 872 3781 926 solum
3874 850 3875 907 ξ

2339 933 2637 1024 consolatio
2665 936 2716 990 in
2748 940 3150 1008 tentationibus,
3182 945 3274 999 sed
3311 949 3460 1003 etiam
3484 933 3722 1024 admonitio,
3742 979 3782 1017 ne

2341 1023 2709 1081 existimemus
2735 1028 2879 1097 quod
2909 1029 3022 1086 haec
3048 1031 3242 1089 faciant
3273 1049 3477 1107 propter
3512 1023 3733 1112 veritatem,
3752 1064 3785 1105 et

2342 1113 2464 1169 ideo
2488 1118 2889 1174 conturbemur.
2914 1120 2980 1174 Et
3006 1139 3117 1189 nos,
3151 1124 3338 1196 inquit,
3378 1136 3619 1200 persequuti
3636 1150 3732 1193 sunt.
3747 1142 3785 1196 Et

2342 1220 2463 1274 nos,
2490 1208 2680 1279 inquit,
2714 1214 2861 1281 passi
2886 1229 3071 1270 sumus
3092 1218 3226 1270 mala
3258 1220 3634 1281 innumerabilia.
3659 1230 3704 1282 Et
3722 1231 3785 1285 Deo

2344 1316 2445 1353 non
2473 1301 2706 1369 placent,
2747 1314 2793 1357 et
2819 1306 3047 1361 omnibus
3080 1309 3360 1365 hominibus
3404 1314 3688 1384 adversantur,
3719 1340 3787 1390 pro-

2344 1391 2565 1447 hibentes
2591 1410 2682 1447 nos
2717 1396 2944 1465 gentibus
2991 1399 3127 1469 loqui
3164 1411 3217 1454 ut
3265 1405 3412 1457 salva:
3455 1407 3580 1473 ﬁant.
3605 1409 3783 1475 Oinnibts.

2345 1484 2535 1553 inquit,
2564 1486 2847 1542 hominibus
2870 1490 3216 1547 adversantur.
3242 1494 3533 1561 Quomodo?
3557 1499 3600 1554 Si
3618 1504 3717 1556 enim
3733 1509 3787 1559 toti

2345 1578 2461 1631 orbi
2491 1588 2645 1634 terrae
2672 1580 2811 1651 loqui
2835 1593 3067 1652 oportet,
3099 1586 3185 1640 isti
3205 1596 3379 1642 autem
3402 1603 3577 1657 velant,
3598 1606 3787 1652 suntcom-

2348 1684 2537 1724 muues
2569 1671 2765 1726 inimici
2799 1674 2944 1727 orbis
2991 1685 3167 1731 terrae.
3223 1678 3481 1735 Christum
3516 1685 3743 1741 occiderunt
3759 1702 3787 1742 et

2348 1762 2667 1831 prophetas,
2713 1765 2878 1820 Deum
2926 1769 3248 1823 contumelia
3291 1772 3541 1838 afficiunt,
3581 1788 3675 1830 sunt
3705 1782 3787 1833 orbis

2349 1865 2505 1907 terrae
2520 1868 2832 1912 communes
2849 1858 3069 1925 inimici,
3091 1876 3188 1914 nos
3208 1864 3473 1931 expellunt
3490 1867 3567 1935 qui
3590 1868 3640 1921 ad
3652 1870 3785 1923 salutem

2348 1948 2667 2002 accessimus
2697 1965 2711 2001 :
2741 1948 2866 2017 quid
2888 1950 3100 2016 mirum,
3120 1954 3162 2007 si
3187 1954 3239 2008 in
3274 1972 3363 2009 vos
3383 1975 3571 2027 quoque
3591 1960 3645 2015 ita
3668 1978 3707 2015 se
3722 1978 3788 2031 ges-

2349 2038 2531 2102 serint,
2557 2053 2679 2093 cum
2701 2042 2861 2095 etiam
2889 2042 2941 2095 iu
2968 2042 3151 2099 Judrea
3181 2046 3283 2102 hoc
3314 2048 3555 2105 fecerint?
3576 2051 3790 2107 Prohibetur

2350 2145 2442 2182 nos
2487 2132 2713 2200 gentibus
2763 2132 2899 2202 loqui
2926 2145 2979 2187 ut
3016 2138 3168 2191 salva:
3194 2140 3342 2206 ﬁant.
3390 2142 3477 2196 Est
3516 2159 3621 2214 ergo
3650 2126 3793 2207 invidia:

2348 2225 2587 2279 omnium
2634 2227 2894 2298 impedire
2921 2231 3168 2286 salutem.
3215 2234 3284 2289 Ut
3336 2238 3559 2304 impleant
3584 2253 3792 2308 peccatum

2351 2330 2563 2384 seraper.
2599 2315 2831 2373 Peruenit
2877 2333 3043 2375 autent
3066 2342 3222 2393 super
3261 2327 3374 2381 illos
3408 2330 3479 2382 ira
3525 2329 3605 2384 Dei
3640 2348 3742 2400 usque
3766 2335 3792 2382 in

2352 2408 2523 2476 ﬁnem.
2552 2408 2667 2464 Non
2713 2424 2837 2466 sunt
2863 2415 3090 2484 amplius
3136 2417 3263 2474 talia
3303 2423 3469 2490 qualia
3510 2433 3635 2477 erant
3667 2426 3791 2493 prium;

2354 2515 2458 2552 non
2485 2511 2565 2553 est
2589 2503 2816 2571 amplius
2836 2505 3055 2571 reditus,
3087 2521 3190 2562 non
3220 2512 3449 2581 amplius
3469 2514 3573 2569 finis
3591 2533 3601 2569 :
3616 2514 3683 2570 sed
3700 2532 3794 2584 prope

2356 2590 2515 2644 instat
2543 2593 2638 2646 ira.
2670 2594 2820 2649 Unde
2848 2595 2899 2651 id
2930 2600 3113 2667 patet?
3138 2601 3215 2655 Ex
3251 2618 3317 2656 eo
3342 2605 3475 2673 quod
3501 2607 3690 2675 praedixit
3706 2605 3794 2658 Chri-

2355 2693 2491 2738 stus.
2513 2686 2624 2739 Non
2650 2687 2751 2741 hoc
2775 2689 2917 2744 enitn
2944 2691 3117 2746 solum
3140 2692 3303 2750 habet
3322 2698 3702 2757 consolationem.
3718 2698 3794 2768 quod

2355 2777 2661 2843 acceperint
2685 2778 2858 2834 socios
2895 2779 3245 2839 afflictionum
3266 2829 3281 2852 ,
3311 2787 3401 2842 sed
3445 2799 3493 2843 et
3530 2790 3643 2859 quod
3672 2790 3793 2857 eosqui

2357 2868 2660 2938 afﬂigebant
2690 2872 2955 2929 audierint
2983 2876 3164 2945 plexos
3192 2880 3374 2936 fuisse.
3402 2882 3455 2937 Si
3481 2892 3629 2938 autem
3652 2882 3795 2937 molestia

2357 2960 2751 3027 afficit'dilatio,
2785 2969 3092 3023 consoletur
3119 2974 3263 3041 quod
3312 2991 3417 3028 non
3453 2976 3644 3045 amplius
3674 2990 3795 3030 sursum

2358 3055 2639 3123 aspiciant.
2688 3056 2802 3113 lmo
2849 3074 2977 3115 vero
3020 3061 3333 3120 dilationem
3385 3082 3575 3137 quoque
3612 3066 3795 3121 contraxit.

2357 3146 2608 3215 dicendo,
2645 3149 2752 3215 Ira,
2788 3167 2974 3208 rursus
3011 3156 3311 3212 ostendens
3331 3173 3445 3214 eam
3476 3159 3645 3224 deberi,
3666 3172 3798 3223 esseqm

2361 3241 2709 3308 praestitutam
2738 3252 2791 3297 et
2838 3244 3165 3313 praedictam.
3209 3250 3303 3302 17.
3338 3249 3447 3304 Nos
3482 3261 3645 3315 autem,
3668 3250 3797 3320 fratres.

2361 3332 2573 3387 desolati
2598 3350 2630 3386 a
2656 3335 2791 3388 vobis
2815 3336 2882 3389 ad
2910 3346 3102 3407 tempus
3130 3339 3292 3407 liorte,
3341 3353 3545 3412 aspectu,
3590 3359 3667 3396 non
3693 3340 3797 3393 cadi.

2360 3423 2698 3478 abundantius
2747 3427 3089 3494 festinavimus
3135 3433 3319 3501 faciem
3376 3445 3570 3489 vestram
3603 3434 3721 3487 videre
3738 3446 3801 3482 crs

2361 3518 2519 3570 multo
2547 3518 2814 3573 desiderio.
2845 3520 2959 3575 Non
2983 3522 3115 3577 dixit
3138 3566 3152 3590 ,
3183 3523 3425 3594 Separati
3446 3570 3460 3595 ,
3484 3528 3565 3582 sed
3588 3526 3691 3597 quod
3705 3526 3801 3591 majus

2361 3617 2496 3662 erat.
2550 3608 2805 3678 Superius
2860 3610 2994 3666 dixit
3037 3613 3103 3668 de
3150 3616 3486 3685 adulatione,
3537 3617 3801 3672 ostendenssc

2364 3716 2468 3754 non
2499 3700 2723 3768 adulari,
2754 3718 2859 3757 non
2887 3719 3128 3774 qurerere
3174 3708 3403 3776 gloriam
3436 3728 3449 3763 :
3477 3710 3554 3764 hic
3585 3709 3682 3763 dicit
3699 3706 3740 3760 de
3755 3720 3802 3755 o-

2362 3792 2539 3847 ritate.
2583 3792 2845 3859 Quoniam
2904 3798 3148 3865 superius
3182 3798 3342 3867 dixit,
3395 3800 3531 3855 Sicut
3578 3810 3685 3871 pater
3715 3798 3800 3865 ﬁlios.

2363 3881 2511 3937 Sicut
2536 3886 2740 3948 nutrix;
2760 3885 2846 3940 hic
2869 3887 3011 3941 aliud
3039 3889 3183 3955 dicit,
3202 3890 3400 3957 Orbati,
3430 3892 3557 3964 quod
3579 3901 3643 3947 est
3663 3890 3802 3944 ﬁliorum

2364 3986 2539 4044 patres
2555 3980 3063 4047 quzereutium.Quid
3100 3998 3248 4049 vero,
3274 3986 3419 4040 illine
3437 3979 3802 4041 erantorbatith'on
3874 3979 3875 4049 ξ

2364 4070 2553 4137 inquit,
2583 4070 2676 4123 sed
2706 4086 2825 4125 nus.
2852 4071 2982 4127 Nam
3012 4075 3055 4128 si
3094 4078 3212 4146 quis
3246 4078 3556 4135 desiderium
3586 4078 3802 4133 examinare.

2363 4159 2453 4224 rit,
2486 4160 2624 4213 sicut
2653 4162 2801 4229 parvi
2846 4164 3018 4231 pueri,
3074 4183 3301 4234 quorum
3354 4172 3521 4225 nullus
3559 4184 3697 4224 curam
3715 4164 3802 4235 gerit,

2363 4250 2702 4306 immaturam
2730 4253 3019 4309 subeuntes
3047 4258 3364 4329 orbitatem,
3392 4262 3443 4316 in
3483 4276 3642 4330 magno
3661 4267 3743 4313 sunt
3758 4270 3803 4320 ιη·
3874 4256 3875 4330 ἡ

2364 4352 2571 4396 rentum
2599 4343 2884 4408 desiderio,
2917 4362 3020 4400 non
3048 4348 3221 4403 solum
3253 4363 3466 4422 propter
3485 4355 3624 4421 ipsam
3639 4358 3801 4403 naturam.
3874 4343 3875 4411 ἒ

2364 4434 2457 4487 sed
2483 4434 2640 4488 etiam
2674 4446 2888 4506 pr0pter
2916 4439 3255 4496 solitudinem
3287 4461 3302 4497 :
3340 4446 3409 4499 ita
3431 4461 3521 4501 nos
3539 4438 3804 4515 quoipieJIiM

2364 4541 2575 4596 queque
2601 4529 2834 4583 ostendit
2861 4546 3010 4585 suam
3027 4533 3187 4588 animi
3214 4537 3585 4604 argritudinem,
3604 4536 3643 4589 in
3659 4547 3727 4602 qua
3743 4537 3803 4581 ent
3874 4532 3875 4537 ‘

2366 4628 2585 4687 prOptcr
2613 4623 3026 4689 separationem.
3058 4624 3127 4677 Et
3155 4624 3292 4693 haec,
3325 4628 3507 4699 inquit,
3554 4643 3638 4681 non
3662 4619 3801 4677 licetdi-

2365 4726 2509 4778 cere,
2536 4714 2677 4783 quod
2710 4716 2931 4770 multum
2984 4727 3192 4788 tempus
3234 4711 3803 4792 exspectat-iniussa.“
3874 4780 3875 4783 η

2366 4814 2580 4873 tempus,
2627 4806 2783 4876 idque
2838 4808 3014 4874 Facie,
3066 4827 3165 4864 non
3191 4817 3387 4869 corde:
3434 4828 3621 4883 semper
3641 4809 3736 4864 enim
3754 4814 3807 4853 VOS

2365 4894 2625 4951 habemus
2650 4898 2703 4951 in
2732 4910 2930 4955 mente.
2955 4901 3086 4956 Vide
3107 4915 3303 4972 quanta
3328 4907 3396 4960 sit
3418 4906 3638 4960 dilectio:
3658 4892 3807 4968 quamvis

2364 5002 2458 5041 eos
2488 4987 2706 5044 haberet
2739 5001 2992 5061 perpetuo
3021 4993 3071 5047 in
3099 4996 3280 5061 corde,
3320 4997 3575 5066 quzcrehat
3613 4988 3808 5047 tamentd'

2366 5096 2482 5136 rum
2521 5083 2571 5136 in
2598 5093 2815 5152 aSpectu
2843 5100 2937 5139 seu
2979 5085 3113 5141 facie
3152 5092 3504 5157 przesentiam.
3545 5089 3607 5142 Ne
3628 5084 3710 5155 quis
3728 5075 3805 5130 mi“I

2366 5190 2813 5243 supervacaneam
2844 5178 2979 5234 hanc
3008 5179 3148 5235 dicat
3177 5181 3582 5252 philosophiam:
3609 5179 3685 5233 hoc
3712 5170 3807 5242 Phne

2366 5270 2448 5323 est
2470 5271 2705 5324 ardentis
2733 5270 3052 5339 dilectionis,
3082 5274 3281 5340 videre,
3309 5284 3362 5355 et
3400 5276 3595 5335 audire,
3614 5266 3807 5325 etdiceﬂ-

2366 5370 2421 5417 et
2446 5363 2544 5417 hoc
2565 5364 2784 5417 multum
2804 5365 3105 5419 contulerit.
3128 5354 3489 5433 Abundantius,
3519 5363 3667 5433 inquit.
3677 5354 3810 5429 [Μ’

2365 5456 2542 5509 cimus.
2573 5455 2707 5523 Quid
2733 5466 2833 5519 est,
2861 5457 3245 5513 Abundantius?
3273 5459 3362 5515 Vel
3388 5460 3482 5513 hoc
3502 5457 3587 5511 sibi
3606 5453 3700 5513 vult,
3721 5438 3807 5515 quod

2365 5563 2460 5602 vos
2491 5550 2665 5616 magni
2718 5548 3038 5604 faciebamus
3070 5568 3083 5603 :
3116 5552 3200 5605 vel
3247 5530 3321 5606 uti
3351 5562 3431 5607 est
3470 5542 3715 5605 verisimile,
3734 5548 3807 5589 tum

2367 5643 2495 5696 Imm
2523 5642 2872 5699 altiuissemus
2891 5684 2905 5706 ,
2941 5642 3236 5698 studuimus
3259 5643 3433 5699 videre
3460 5642 3618 5697 faciem
3641 5641 3805 5689 vestram.
3874 5641 3875 5701 j

2367 5734 2498 5788 Vide
2527 5733 2738 5787 beatum
2769 5732 3009 5797 Paulum,
3059 5749 3179 5789 cum
3221 5750 3311 5802 per
3338 5749 3395 5789 se
3418 5749 3513 5788 non
3540 5734 3680 5800 posset
3713 5727 3807 5772 suum

2366 5825 2587 5895 implere
2608 5824 2957 5891 desiderium,
2989 5826 3089 5881 hoc
3135 5828 3305 5882 facere
3332 5841 3425 5897 per
3447 5825 3566 5878 alios
3586 5838 3595 5870 :
3614 5818 3718 5872 sicut
3735 5817 3809 5859 cum
3874 5824 3875 5897 ί

2367 5921 2528 5980 mittit
2553 5921 2892 5979 Timotheum
2914 5921 2980 5979 ad
3004 5921 3385 5993 Philippenses,
3406 5930 3453 5977 et
3472 5912 3673 5975 eumdem
3691 5906 3808 5961 tum”
