3874 6564
97 444 186 504 307
976 433 1045 494 ΙΝ
1084 430 1296 491 EPIST.
1332 430 1354 487 1
1395 430 1483 485 ΔΙ)
1514 423 1640 485 THE

1745 435 1851 495 AL.
1881 434 2110 493 CAR".
2135 431 2357 487 ΙΙΟΜΙΙ..
2398 427 2482 484 Ill.

98 566 148 617 τὸ
186 561 265 630 τῆς
299 554 518 628 ἀγάπης
551 555 742 627 φησίν
788 555 815 607 ὃ
850 555 941 608 καὶ
968 553 1168 623 μᾶλλον
1196 550 1264 623 ἦν
1295 552 1329 622 ἢ
1365 551 1462 621 τῆς
1493 566 1627 619 προ-

96 648 316 709 στασίας.
368 645 473 698 Kal
499 643 594 696 τοῦ
627 643 830 710 ἀτύφου
860 641 918 694 τὺ
942 641 1252 711 εἰρημένον.
1310 637 1408 703 Ὠς
1435 637 1632 704 πατὴρ

96 735 253 789 τέκνα
307 732 538 794 ἑαυτοῦ,
593 723 1080 797 παρακαλοῦντες
1123 725 1278 795 ὑμᾶς
1306 725 1403 780 καί
1449 739 1636 791 παρα-

88 821 429 890 μυθούμενοι
450 817 548 870 καὶ
571 815 1000 885 μαρτυρόμενοι
1038 816 1123 879 εις
1152 813 1216 866 τὸ
1239 810 1638 880 περιπατῆσαι

92 906 232 976 ὑμᾶς
243 907 421 971 ἀξίως
445 903 552 958 τοῦ
577 903 723 957 Θεοῦ
745 902 852 956 τοῦ
880 902 1210 966 καλοῦντος
1235 899 1390 968 ὑμᾶς
1418 901 1503 964 εὶς
1524 896 1638 964 τὴν

93 995 293 1050 ἑαυτοῦ
313 994 638 1058 ,βασιλείαν
666 991 762 1044 καὶ
784 987 989 1054 δόξαν.
1027 990 1153 1042 Ὅτε
1182 985 1322 1049 εἷπε,
1358 987 1467 1040 Kal
1507 983 1634 1039 δια-

89 1081 528 1150 μαρτυράμενοι,
550 1079 673 1131 τότε
713 1077 962 1146 πατέρων
987 1077 1279 1147 μέμνηται.
1307 1074 1518 1134 δεικνὺς
1555 1072 1637 1124 ὅτι

93 1169 148 1220 El
176 1168 267 1220 καὶ
305 1165 796 1237 διεμαρτυρόμεθα,
816 1163 950 1216 ἀλλά
966 1163 1122 1216 τοῦτο
1142 1160 1204 1214 οὐ
1235 1159 1496 1229 σφοδρῶς,
1523 1157 1636 1211 ἀλλ’

87 1256 157 1316 ὡς
202 1254 458 1323 πατέρες.
501 1253 647 1306 Ἕνα
695 1250 955 1306 ἕκαστον
992 1249 1178 1318 ὑμῶν.
1231 1246 1430 1300 Βαϐαὶῐ
1463 1247 1522 1297 ἐν
1552 1259 1638 1297 το-

93 1341 256 1410 σούτῳ
307 1339 498 1410 πλήθει
532 1339 738 1409 μηδένα
794 1335 1143 1408 παραλιπεῖν,
1193 1334 1268 1405 μὴ
1314 1332 1528 1403 μικρὸν.
1562 1331 1636 1400 μὴ

89 1426 275 1497 μέγαν,
315 1428 388 1498 μὴ
426 1425 696 1490 πλούσιον,
739 1425 815 1496 μὴ
847 1425 1072 1494 πένητα.
1122 1418 1636 1490 Παρακαλοῦντες,

88 1515 217 1584 πρὸς
245 1509 478 1576 τίεῐπες
537 1513 680 1584 Πρὸς
736 1511 1012 1582 τὸφέρειν
1041 1510 1239 1565 πάντα.
1286 1508 1399 1561 Kal
1449 1521 1636 1573 παρα-

79 1621 123 1670 μ
131 1601 435 1668 υθούμενοι
450 1600 548 1652 καὶ
560 1599 1102 1668 διαμαρτυρόμενοι.
1117 1592 1608 1664 Παρακαλοῦντες
1622 1609 1634 1620 ·

83 1685 177 1735 οὐκ
200 1683 310 1750 ἄρα
329 1683 481 1745 δόξαν
507 1682 732 1752 ἐζήτουν
764 1698 778 1712 ⁸
810 1681 917 1736 Kal
947 1680 1472 1748 διαμαρτυράμενοι
1491 1691 1504 1704 ·
1540 1677 1640 1727 οὐκ

82 1771 188 1838 ἄρα
211 1769 552 1823 ἐκολάκευον.
599 1771 704 1832 Εἰς
745 1768 811 1821 τὸ
842 1764 1235 1835 περιπατῆσαι
1277 1760 1430 1834 ὑμᾶς
1457 1762 1637 1827 ἀξίως

79 1853 189 1907 τοῦ
218 1853 364 1907 Θεοῦ
389 1852 496 1908 τοῦ
525 1854 856 1918 καλοῦντος
872 1853 1026 1922 ὑμᾶς
1057 1855 1143 1918 είς
1169 1852 1286 1919 τὴν
1312 1850 1497 1906 αὐτοῦ
1520 1849 1636 1912 βα-

79 1942 320 1995 σιλείαν
347 1941 443 1994 καὶ
475 1940 679 2004 δόξαν.
727 1938 870 2012 Ὅρα
923 1941 1080 1995 πάλιν
1120 1941 1234 2001 πῶς
1267 1937 1634 2007 διηγούμενος,

75 2032 168 2082 καὶ
194 2029 432 2082 διδάσκει
453 2029 545 2080 καὶ
573 2028 972 2097 παραμυθεῖται
998 2044 1012 2056 '
1043 2028 1090 2079 sl
1121 2027 1228 2097 γάρ
1257 2026 1334 2089 εἰς
1366 2021 1640 2094 βασιλείαν

22 2155 35 2171 .
73 2117 324 2177 ἐκάλεσε,
357 2116 530 2170 πάντα
562 2115 643 2168 δεῖ
684 2117 887 2186 φέρειν.
935 2114 1380 2184 Παρακαλοῦμεν,
1415 2113 1514 2181 οὐχ
1552 2110 1638 2162 ἵνα

74 2206 204 2272 ἡμῖν
238 2202 537 2272 χαρίσησθέ
565 2220 638 2263 τι,
670 2203 784 2255 ἀλλ’
809 2202 874 2254 ἶν’
899 2201 1191 2270 ἐπιτύχητε
1223 2201 1322 2270 τῆς
1355 2196 1639 2268 βασιλείας

69 2292 176 2343 τῶν
209 2289 479 2360 οὐρανῶν.
532 2291 634 2359 Aul
658 2287 828 2342 τοῦτο
853 2287 952 2340 καὶ
977 2287 1146 2355 ἡμεῖς
1170 2283 1642 2354 εὐχαριστοῦμεν

71 2378 149 2442 τῷ
192 2376 324 2442 Θεῷ
371 2377 780 2442 ἀδιαλείπτως,
825 2375 913 2429 ὅτι
969 2375 1414 2442 παραλαϐόντες
1457 2375 1643 2440 λόγον

67 2464 261 2532 ἀκοῆς
280 2467 420 2534 παρ’
455 2466 623 2534 ἡμῶν
667 2466 770 2519 τοῦ
814 2465 984 2527 Θεοῦ,
1018 2463 1305 2528 ἐδέξασθε
1349 2464 1421 2517 οὐ
1458 2463 1644 2531 λόγον

67 2553 424 2618 ἀνθρώπων,
479 2552 657 2614 ἀλλὰ,
717 2554 912 2617 καθως
956 2551 1129 2604 ἐστιν
1173 2549 1426 2617 ἀληθῶς,
1458 2550 1644 2617 λόγον

66 2641 246 2702 Θεοῦ,
275 2639 348 2705 ὃς
380 2639 477 2692 καί
508 2638 822 2708 ἐνεργεῖται
846 2639 915 2691 ἐν
929 2637 1069 2706 ὑμῖν
1089 2637 1212 2703 τοῖς
1230 2639 1641 2690 πιστεύουσιν.

66 2729 183 2782 Ούκ
239 2727 396 2780 ἔστιν
439 2727 641 2789 εἰπεῖν,
709 2728 903 2798 φησὶν,
962 2728 1043 2778 ὅτι
1103 2727 1262 2796 ἡμεῖς
1322 2725 1418 2794 μὲν
1467 2726 1644 2778 πάντα

61 2816 390 2886 ἀμέμπτως
418 2815 746 2884 πράττομεν,
785 2814 939 2883 ὑμεῖς
963 2813 1021 2866 δέ
1046 2813 1238 2877 ἀνάξια
1256 2814 1354 2883 τῆς
1374 2812 1646 2883 ἡμετέρας

62 2907 428 2975 ἀναστροφῆς
445 2907 734 2976 ἐποιήσατε
753 2921 768 2936 ·
793 2904 853 2957 οὐ
878 2905 986 2975 γὰρ
1003 2905 1077 2968 ὡς
1105 2905 1202 2958 ἀνθ
1211 2905 1405 2977 ρώπων
1423 2904 1646 2959 ἀκούον-

61 3013 177 3058 τες,
207 2993 652 3064 διέκεισθεήμῶν
672 2994 975 3059 ἀκούοντες,
995 2991 1193 3058 ἀλλ’ὡς
1209 2982 1488 3046 αὐτοῦτοῦ
1510 2989 1644 3045 Θεοῦ

58 3082 498 3154 παραινοῦντος,
522 3078 661 3133 οὕτω
681 3079 1015 3150 προσείχετε.
1044 3080 1212 3133 Πόθεν
1224 3079 1380 3149 δῆλον
1399 3094 1414 3144 ;
1436 3078 1646 3148 Ὥσπερ

55 3170 178 3238 γαρ
196 3169 266 3220 τὸ
282 3167 360 3238 μὴ
375 3170 429 3220 ἐν
449 3167 700 3238 κολακείᾳ
731 3166 864 3237 μηδέ
893 3169 950 3219 ἐν
976 3167 1249 3237 κενοδοξία
1277 3165 1508 3238 κηρῦξαι
1535 3164 1647 3219 ἀπὸ

48 3257 180 3308 τῶν
196 3255 744 3327 οἰκείωνπειρασμῶν
757 3254 1014 3317 δείκνυσι,
1029 3256 1124 3308 καὶ
1146 3251 1246 3324 τῆς
1261 3255 1484 3307 ἐκείνων
1505 3272 1645 3324 μαρ-

50 3361 122 3395 τυ
132 3343 300 3412 ρίας,
335 3343 423 3395 καὶ
439 3336 515 3396 ὦν
544 3340 812 3412 ἔπραττεν
831 3357 843 3370 ³
861 3340 1002 3393 οὕτω
1025 3341 1194 3395 καὶτὸ
1208 3342 1448 3404 ἐκείνους
1473 3340 1648 3412 ὀρθῶς

43 3430 340 3495 δέξασθαι
365 3429 642 3497 τὸνλόγον,
675 3429 783 3482 ἀπὸ
813 3429 920 3481 τῶν
958 3429 1293 3500 πειρασμῶν.
1328 3428 1496 3481 Πόθεν
1515 3429 1644 3500 γᾴρ,

47 3519 270 3586 φησὶν,
295 3517 439 3587 εἰμὴ
472 3517 546 3580 ὡς
566 3515 660 3568 τοῦ
687 3516 818 3570 Θεοῦ
841 3516 1087 3584 λέγοντος
1104 3515 1349 3584 ἠκούετε,
1375 3516 1648 3580 τοιούτους

40 3609 307 3677 ἐφέρετε
343 3605 616 3669 κινδύνους
640 3621 654 3670 ;
683 3605 791 3658 Kal
819 3606 920 3676 δρα
939 3605 999 3657 τὸ
1023 3604 1239 3675 ἀξίωμα
1258 3620 1270 3633 ·
1305 3604 1488 3674 Ὑμεῖς
1517 3605 1646 3674 γὰρ,

42 3696 222 3764 φησὶ,
265 3692 521 3762 μιμηταὶ
554 3690 890 3762 ἐγενήθητε,
935 3691 1202 3760 ἀδελφοὶ,
1251 3691 1368 3745 τῶν
1409 3691 1651 3758 Ἐκκλη-

33 3782 221 3836 σιῶν
269 3781 384 3834 τοῦ
424 3780 570 3833 Θεοῦ
607 3778 726 3832 τῶν
771 3777 974 3833 οὐσῶν
1009 3779 1077 3831 ἐν
1123 3777 1200 3843 τῇ
1254 3779 1530 3846 Ἰουδαίᾳ,
1579 3779 1650 3830 ὲν

33 3868 317 3938 Χριστῷ
371 3867 585 3932 Ἰησοῦ,
645 3866 733 3918 ότι
778 3867 849 3918 τὰ
902 3867 1054 3919 αὐτὰ
1081 3866 1328 3920 ἐπάθετε
1361 3866 1458 3918 καὶ
1483 3865 1649 3934 ὑμεῖς

32 3958 174 4012 ὑπὸ
199 3955 346 4009 τῶν
367 3954 528 4008 ἰδίων
548 3953 966 4023 συμφυλετῶν,
999 3954 1190 4017 καθὼς
1207 3955 1302 4006 καὶ
1337 3955 1505 4006 αὐτοὶ
1529 3952 1648 4007 ὑπὸ

24 4046 172 4098 τῶν
222 4043 568 4105 Ἰουδαίων,
598 4043 717 4094 τῶν
750 4043 846 4096 καὶ
876 4043 984 4096 τὸν
1012 4042 1232 4110 Κύριον
1258 4043 1645 4096 ἀποκτεινάν-

24 4151 171 4186 των
220 4130 478 4199 Ἰησοῦν
507 4131 605 4183 καὶ
639 4129 778 4195 τοὺς
804 4131 990 4194 ἰδίους
1006 4131 1334 4197 προφήτας,
1366 4131 1463 4183 καὶ
1493 4129 1650 4198 ἡμᾶς

21 4214 516 4278 ἐκδιωξάντων,
544 4213 645 4266 καί
669 4210 791 4276 Θεῷ
816 4213 902 4281 μὴ
927 4213 1325 4279 ἀρεσκόντων,
1359 4214 1464 4267 καὶ
1497 4211 1647 4285 [442]

21 4302 267 4357 πᾶσιν
304 4301 638 4367 ἀνθρώποις
692 4301 981 4353 ἐναντίων
1017 4315 1030 4327 °
1079 4301 1434 4354 κωλυόντων
1493 4301 1650 4369 ἡμᾶς

21 4392 134 4446 ro?
131 4411 174 4455 ς
209 4390 437 4444 ἔθνεσι
450 4389 719 4456 λαλῆσαι
741 4389 840 4442 ἵνα
860 4387 1158 4452 σωθῶσιν,
1180 4391 1266 4454 εἰς
1290 4389 1356 4440 τὸ
1378 4391 1650 4456 ἀναπλη-

21 4480 266 4538 ρῶσαι
297 4476 491 4530 αὐτῶν
514 4477 620 4542 τὰς
639 4477 924 4545 ἁμαρτίας
958 4476 1234 4529 πάντοτε.
1273 4478 1535 4544 Ἕρθασε
1583 4478 1651 4530 δὲ

21 4571 140 4622 ἐπ’
178 4564 436 4626 αὐτοὺς
455 4564 490 4632 ἠ
518 4563 664 4632 ὀργὴ
696 4565 782 4629 είς
805 4562 1000 4628 τέλος.

104 4655 200 4724 β’.
243 4653 261 4670 ’
283 4651 474 4719 Υμεῖς,
495 4651 648 4722 φησὶ,
669 4649 1242 4719 μιμηταὶὲγενήθητε
1260 4650 1377 4704 τῶν
1407 4653 1653 4718 Ἐκκλη-

21 4742 216 4798 rubr
250 4738 374 4792 τοῦ
391 4738 534 4792 Θεοῦ
555 4734 675 4791 τῶν
699 4736 900 4791 οὐσῶν
925 4737 994 4790 ἐν
1016 4736 1092 4804 τῇ
1130 4738 1407 4806 Ἰουδαίᾳ.
1422 4739 1597 4811 Πολλὴ
1614 4742 1647 4808 ἠ

21 4826 432 4902 παραμυθία.
458 4825 642 4888 Οὐδὲν,
670 4825 854 4894 φησὶν,
880 4825 1189 4895 θαυμαστὸν
1211 4827 1289 4890 εἰς
1312 4827 1455 4896 ὑμᾶς
1483 4828 1653 4881 ταῦτα

21 4923 276 4996 τράπε
289 4935 347 4970 ιν
388 4917 607 4978 αὐτοὺς,
638 4917 772 4967 ὅπου
822 4931 885 4982 γε
912 4917 1004 4967 καὶ
1033 4916 1113 4978 είς
1141 4917 1266 4980 τοὺς
1311 4919 1653 4987 συμφυλέτας

24 5009 260 5063 ὐτῶν.
326 5003 436 5056 Kal
465 5001 624 5056 τοῦτο
667 5001 722 5054 δὲ
756 5001 849 5054 τοῦ
880 5001 941 5054 τὸ
973 5003 1236 5073 κήρυγμα
1273 5001 1412 5056 εἶναι
1456 5005 1653 5075 ἀληθὲς

21 5101 51 5152 3
106 5091 378 5167 μικρὸν
419 5092 736 5160 τεκμήριον.
766 5091 899 5141 ὅπου
947 5105 1010 5157 γε
1066 5093 1159 5144 καὶ
1195 5091 1436 5144 Ἰουδαῖοι
1478 5092 1653 5146 πάντα

21 5189 95 5241 νέ
107 5197 374 5255 almam
393 5180 701 5249 ὑπομεῖναι.
721 5178 849 5231 Ὀτι
870 5179 968 5232 καὶ
993 5178 1160 5249 ὑμεῖς
1180 5179 1251 5233 τὰ
1274 5181 1445 5243 αὐτὰ,
1466 5185 1650 5250 φησὶν,

21 5277 331 5328 πάθε-τε
391 5266 513 5321 ὑπὸ
567 5265 684 5318 τῶν
727 5265 890 5320 ἰδίων
938 5267 1356 5337 συμφυλετῶν,
1393 5269 1653 5339 καθάπερ

22 5357 343 5418 ἰκεῖνοι
390 5354 508 5407 ὑπὸ
567 5353 684 5407 τῶν
737 5354 1054 5409 Ἰουδαίων.
1089 5353 1240 5426 Ἔχει
1273 5372 1324 5408 τι
1371 5355 1526 5410 πλέον
1575 5358 1652 5427 τῷ

22 5453 208 5505 πεῖν
245 5459 324 5509 ε,
357 5445 598 5496 κάκεῖνοι
636 5445 694 5496 ἐν
733 5445 798 5513 τῇ
841 5442 1095 5515 Ἰουδαίᾳ·
1128 5444 1364 5497 δείκνυσι
1411 5446 1518 5515 γὰρ
1571 5447 1652 5498 δτι

21 5548 222 5596 ςοντο
280 5532 604 5604 πανταχοῦ,
643 5532 718 5592 ὡς
746 5532 1091 5601 ἀθλήσαντες.
1121 5531 1282 5600 Λέγει
1302 5528 1414 5598 οὖν,
1434 5534 1514 5586 ὅτι
1543 5534 1652 5586 Kal

21 5630 176 5688 ιετς
218 5621 330 5675 τὰ
366 5620 506 5671 αὑτά
531 5618 781 5672 ἐπάθετε.
817 5620 924 5672 Kal
962 5618 1014 5672 τί
1058 5619 1365 5690 θαυμαστὸν
1399 5622 1577 5686 πάλιν,
1604 5623 1651 5674 εί

21 5720 69 5774 εὶ
108 5716 240 5780 εὶς
291 5709 481 5777 ὑμᾶς,
503 5709 634 5760 ὅπου
678 5724 739 5774 γε
771 5710 863 5762 καὶ
885 5710 965 5769 εἰς
1005 5708 1094 5762 τὸν
1116 5709 1390 5781 Δεσπότην
1415 5710 1480 5763 τά
1516 5709 1652 5764 αὑτά

21 5919 42 5945 ι
81 5913 204 5969 κει
216 5924 314 5962 γυ
329 5908 379 5956 ιι
401 5908 454 5956 τὸ
476 5908 619 5957 εἰπεῖν
644 5907 882 5959 Halesius.

3202 414 3303 473 £08

1735 554 2014 626 ἐτόλμων;
2052 553 2237 623 Ὁρᾷς,
2272 547 2388 610 πῶς
2419 544 2548 598 αὐτὸ
2595 542 2854 612 εἰσήγαγε
2901 535 3141 608 μεγάλην
3183 537 3307 606 ἐχον

1737 642 1836 714 τὴν
1861 623 2241 712 παραμυθίαν;
2262 636 2372 688 Kal
2402 630 2640 702 συνεχῶς
2670 626 2828 682 τοῦτο
2860 624 3104 696 στρέφει,
3127 623 3222 678 καὶ
3249 623 3307 675 ἐν

1737 710 1955 791 πάσαιςῖ
1988 724 2175 796 σχεδὸν
2226 721 2376 794 εὖροι
2419 735 2503 782 τις
2539 719 2606 772 ἂν
2655 714 2789 770 αὐτὸ
2833 714 2952 776 ταῖς
2996 710 3308 773 ἐπιστολαῖς

1736 815 1980 886 ἀκριϐῶς
2024 811 2312 880 ἐξετάζων,
2349 808 2466 872 πῶς
2515 807 2573 860 ἐν
2599 805 2712 868 τοῖς
2744 803 3068 886 πειρασμοῖς
3101 798 3188 853 ἀεὶ
3216 797 3307 852 τὸν

1737 884 1972 972 Χριστὸν
2022 898 2329 968 παραφέρει
2377 892 2665 962 διαφόρως.
2695 889 2842 959 ’Ὅρα
2887 884 3038 956 γοῦν·
3092 886 3186 939 καὶ
3217 886 3305 937 ἐν-

1735 989 1910 1044 ταῦθα
1940 985 2260 1056 κατηγορῶν
2292 981 2400 1037 τῶν
2447 977 2736 1038 Ἰουδαίων,
2765 977 2844 1037 εἰς
2874 973 3177 1044 ἀνάμνησιν
3205 973 3307 1025 αὐ-

1735 1078 1862 1138 τοὺς
1889 1075 2044 1145 φέρει
2068 1072 2163 1125 τοῦ
2195 1069 2481 1132 Δεσπότου,
2518 1066 2614 1119 καὶ
2639 1063 2748 1116 τῶν
2774 1061 2866 1114 τοῦ
2893 1060 3161 1114 Δεσπότου
3188 1076 3308 1112 πα-

1739 1158 1994 1236 θημάτων
2012 1179 2027 1196 ο
2053 1155 2226 1223 οὕτως
2255 1155 2364 1210 οϊδε
2415 1153 2676 1224 μεγίστην
2709 1148 3062 1220 παραμυθίαν
3100 1146 3221 1217 ἕχον
3248 1146 3308 1198 τὸ

1737 1233 1988 1324 πρᾶγμα.
2005 1248 2127 1303 Τῶν
2148 1245 2246 1300 καὶ
2261 1244 2367 1298 τὸν
2381 1241 2598 1310 Κύριον
2609 1233 3117 1324 ἀποκτεινάντων,
3122 1233 3305 1304 φησίν.

1751 1315 2186 1406 ’Ᾰλλίὴγνόησαν
2212 1330 2372 1386 αὐτὸν
2397 1327 2548 1390 ἴσως.
2575 1326 2826 1379 Μάλιστα
2849 1321 2946 1392 μὲν
2974 1315 3067 1374 οὖν
3087 1317 3306 1391 ᾔδεσαν.

1737 1427 1803 1480 Τί
1834 1424 1956 1490 δαί;
1987 1424 2108 1493 οὐχὶ
2137 1425 2232 1476 καὶ
2277 1419 2404 1483 τοὺς
2446 1416 2607 1477 ἰδίους
2659 1413 2943 1484 προφήτας
2982 1409 3309 1464 ἀπέκτειναν

1739 1517 1834 1570 καὶ
1880 1514 2282 1582 ἐλιθοϐόλησαν,
2315 1504 2390 1564 ὧν
2436 1509 2531 1562 καὶ⁹
2576 1507 2645 1560 τά
2698 1504 2866 1576 τεύχη
2925 1500 3307 1572 περιφέρουσις

1737 1603 1849 1658 Kal
1898 1603 2004 1673 μὴν
2055 1599 2231 1654 ταῦτα
2278 1598 2378 1651 οὐκ
2417 1591 2674 1666 ἀληθείας
2706 1593 2892 1646 ἐνεκεν
2931 1587 3304 1660 διεπράξαντο.

1739 1694 1854 1745 Οὐκ
1877 1691 1984 1762 ἄρα
2013 1686 2333 1760 παραμυθία
2364 1685 2522 1755 μόνον
2542 1682 2687 1736 ἐστὶν
2719 1681 2812 1733 ἐπὶ
2831 1681 2942 1743 τοῖς
2961 1679 3308 1749 πειρασμοῖς.

1739 1779 1889 1848 ἀλλὰ,
1907 1780 2001 1832 καὶ
2025 1775 2330 1845 ὑπόμνησις
2349 1768 2440 1825 τοῦ
2467 1771 2541 1842 μὴ
2573 1769 2811 1838 νομίζειν
2839 1767 2920 1821 δτι
2950 1765 3019 1819 δι’
3051 1765 3310 1834 ἀλήθειαν

1738 1867 1912 1920 ταῦτα
1981 1861 2246 1924 ποιοῦσι,
2297 1859 2392 1912 καὶ
2441 1857 2530 1910 διά
2581 1856 2735 1910 τοῦτο
2789 1851 3152 1924 θορυϐεῖσθαι.
3202 1849 3311 1904 Kal

1741 1953 1919 2024 ἡμᾶς,
1950 1953 2133 2023 φησὶν,
2161 1945 2592 2011 ἐκδιωξάντων.
2619 1944 2728 1998 Kal
2751 1944 2931 2013 ἡμεῖς,
2958 1942 3113 2011 φησὶ,
3142 1937 3310 2010 μυρία

1739 2041 1887 2094 δεινά
1920 2037 2286 2106 πεπόνθαμεν.
2331 2033 2440 2088 Καὶ
2487 2030 2608 2096 Θεῷ
2647 2029 2733 2100 μὴ
2771 2027 3170 2098 ἀρεσκόντων,
3207 2025 3311 2078 καὶ

1741 2122 1928 2187 πᾶσιν
1990 2125 2320 2194 ἀνθρώποις
2375 2121 2680 2184 ἐναντίων,
2736 2116 3092 2170 κωλυόντων
3151 2113 3312 2181 ἡμᾶς

1741 2215 1862 2280 τοῖς
1891 2216 2092 2268 ἔθνεσι
2123 2210 2390 2277 λαλῆσαι
2438 2207 2538 2260 ἳνα
2571 2203 2825 2258 σωθῶσι.
2860 2201 3055 2256 Πᾶσιν
3087 2198 3310 2267 ἀνθρώ-

1741 2318 1897 2368 ποις,
1928 2301 2112 2372 φησὶν,
2152 2297 2460 2352 ἐναντίων.
2493 2294 2654 2357 Πῶςς
2688 2291 2748 2345 El
2783 2291 2888 2360 γὰρ
2919 2293 2984 2362 τῇ
3019 2290 3308 2359 οἰκουμένῃ

1741 2390 1823 2442 δεῖ
1861 2388 2110 2459 λαλῆσαι,
2134 2377 2280 2440 οὗτοι
2325 2384 2382 2436 δέ
2434 2380 2728 2442 κωλύουσι,
2772 2377 2942 2432 κοινοὶ
2993 2377 3093 2446 τῆς
3128 2378 3306 2430 οἰκου-

1745 2477 1912 2547 μένης
1963 2475 2101 2527 εἰσὶν
2153 2471 2356 2542 ἐχθροί.
2406 2469 2526 2522 Τὸν.
2556 2467 2788 2539 Χριστὸν
2837 2465 3153 2532 ἐφόνευσαν,
3184 2465 3310 2526 τοὺς

1743 2563 2151 2638 προφήτας,τὸν
2172 2562 2304 2616 Θεὸν
2335 2560 2636 2630 ὑϐρίζουσι,
2654 2556 2828 2611 κοινοὶ
2856 2556 2955 2624 τῆς
2983 2553 3309 2624 οἰκουμένης

1743 2656 1878 2709 εἰσὶν
1902 2653 2104 2724 ἐχθροὶ,
2129 2651 2274 2721 ἡμᾶς
2300 2647 2580 2702 ἐλαύνουσι
2600 2645 2726 2707 τοὺς
2752 2644 2844 2697 ἐπὶ
2871 2641 3114 2713 σωτηρίᾳ
3132 2658 3309 2712 παρα-

1743 2743 2093 2814 γενομένους·
2141 2739 2196 2793 τί
2243 2737 2577 2807 θαυμαστὸν,
2611 2735 2660 2787 εί
2685 2733 2777 2787 καὶ
2808 2735 2887 2796 εἰς
2917 2732 3060 2801 ὑμᾶς
3086 2729 3313 2784 τοιαῦτα

1744 2829 2104 2896 ἐπεδείξαντο,
2123 2829 2256 2880 ὅπου
2275 2844 2338 2894 γε
2368 2825 2462 2878 καὶ
2493 2825 2551 2876 ἐν
2573 2825 2640 2894 τῇ
2669 2820 2928 2890 ἰουδαίας
2949 2817 3313 2873 κωλυόντων

1744 2919 1917 2987 ἡμᾶς,
1962 2917 2115 2986 φησὶ,
2168 2913 2291 2978 τοῖς
2328 2911 2531 2966 ἔθνεσι
2588 2906 2853 2975 λαλῆσαι
2903 2906 3002 2958 ἵνα
3053 2903 3311 2959 σωθῶσι.

1746 3007 2050 3068 Βασκανίας
2091 3005 2199 3075 ἀρα
2233 3001 2348 3055 ἐστὶ
2381 3002 2441 3054 τὸ
2469 2999 2568 3070 τὴν
2608 2997 2716 3051 τῶν
2753 2996 2970 3050 πάντων
3003 2991 3313 3064 ἐμποδίζειν

1748 3093 2039 3165 σωτηρίαν.
2071 3094 2174 3155 Εἰς
2206 3089 2272 3144 τὸ
2303 3085 2733 3155 ἀναπληρῶσαι
2765 3081 2962 3137 αὐτῶν
2997 3081 3104 3146 τὰς
3129 3079 3314 3147 ἁμαρ·

1744 3185 1877 3250 τίας
1931 3179 2204 3234 πάντοτε.
2252 3179 2514 3246 Ἔφθασε
2565 3173 2634 3227 δὲ
2681 3171 2773 3226 ἐπ’
2813 3168 3034 3235 αὐτοὺς
3083 3170 3121 3236 ἠ
3167 3165 3313 3236 ὀργὴ

1745 3272 1831 3334 είς
1873 3265 2068 3332 τέλος.
2116 3266 2313 3318 Οὐκέτι
2372 3261 2544 3316 ταῦτα
2604 3261 2758 3313 ἐσται
2807 3253 2894 3312 οἷα
2944 3255 3013 3309 τα
3050 3255 3312 3326 πρότερα,

1747 3357 1929 3411 οὐκέτι
1949 3355 2225 3418 ἐπάνοδος,
2242 3354 2424 3407 οὐκέτι
2450 3350 2623 3421 πέρας
2643 3365 2655 3378 °
2677 3349 2790 3402 ἀλλ’
2812 3345 2979 3415 ἐγγὺς
3016 3344 3316 3413 ἐφέστηκεν

1747 3447 1780 3514 ἡ
1813 3445 1968 3514 ὀργή.
2002 3443 2171 3496 Πόθεν
2199 3439 2386 3510 δῆλονς
2431 3436 2562 3491 Ἀπὸ
2594 3436 2806 3498 τούτου,
2838 3432 2931 3502 ἀφ’
2966 3423 3027 3484 οὗ
3055 3431 3316 3500 προεῖπεν

1745 3513 1775 3584 ό
1806 3513 2058 3602 Χριστός.
2093 3529 2168 3580 Οὐ
2197 3526 2307 3596 γὰρ
2332 3523 2489 3578 τοῦτο
2532 3523 2690 3591 μόνον
2729 3519 2841 3591 ἕχει
2869 3517 3220 3588 παραμυθίαν
3251 3513 3316 3566 τὸ

1746 3616 2034 3676 κοινωνοὺς
2077 3614 2186 3666 τῶν
2230 3611 2462 3678 θλίψεων
2511 3609 2720 3672 λαϐεῖν,
2764 3605 2899 3660 ἀλλά
2942 3605 3037 3658 καὶ
3085 3603 3146 3656 τδ
3188 3602 3316 3664 τοὺς

1747 3703 2026 3764 θλίϐοντας
2061 3697 2291 3753 ἀκοῦσαι
2321 3697 2788 3767 τιμωρουμένους.
2821 3693 2883 3746 El
2916 3689 2973 3744 δὲ
3080 3686 3316 3757 ἀναϐολὴ

1746 3792 1928 3855 λυπεῖ,
1969 3785 2400 3859 παραμυθείσθω
2431 3784 2490 3836 τὸ
2534 3781 2729 3852 μηκέτι
2779 3777 3059 3832 ἀνανεύειν
3096 3773 3314 3836 αὐτούς.

1747 3871 1960 3932 Μᾶλλον
2000 3875 2058 3928 δέ
2104 3875 2199 3927 καὶ
2231 3871 2331 3940 τὴν
2361 3869 2630 3938 ἀναϐολὴν
2679 3864 2981 3919 συνέστειλε
3009 3861 3088 3930 τῷ
3117 3862 3313 3923 εἰπεῖν,
3386 3932 3390 3935 _

1758 3969 1827 4022 Ἦ
1851 3965 2018 4036 ὀργὴ,
2039 3963 2249 4025 δεικνὺς
2275 3960 2434 4014 πάλιν
2459 3957 2818 4028 ὀφειλομένην
2849 3954 2939 4007 καὶ
2964 3947 3314 4024 προωρισμέα

1747 4077 1865 4131 νην,
1889 4053 2038 4129 [M3]
2062 4053 2154 4108 καὶ
2180 4049 2678 4123 προφητεύομένην.
2716 4044 2911 4114 Ἡμεῖς
2934 4042 3019 4106 δὲ,
3047 4039 3314 4110 ἀδελφοί,

1748 4127 2293 4214 ἀπορφανισθέντες
2325 4138 2425 4206 ἀφ’
2470 4135 2638 4205 ὑμῶν
2684 4133 2833 4200 πρὸς
2893 4130 3105 4198 καιρὸν
3136 4127 3315 4195 ὥρας,

1751 4231 2067 4301 προσώπῳ,
2123 4229 2192 4281 οὐ
2249 4224 2479 4294 καρδίᾳ,
2522 4221 2960 4289 περισσοτέρως
3012 4214 3317 4270 ἐσπουδά-

1750 4336 1942 4390 σαμεν
1968 4318 2033 4371 τὸ
2072 4316 2395 4384 πρόσωπον
2440 4310 2609 4380 ὑμῶν
2648 4307 2794 4362 ιδεῖν
2831 4307 2901 4360 ἐν
2946 4303 3149 4372 πολλῇ
3192 4303 3319 4356 ἐπι-

1751 4387 1948 4476 θυμία.
2005 4405 2119 4457 Οὐκ
2167 4399 2309 4463 εἷπε,
2352 4398 2734 4470 χωρισθέντες,
2779 4395 2897 4448 ἀλλ’
2939 4395 2966 4447 ὃ
3019 4393 3181 4445 πλέον
3223 4387 3312 4462 ἦν.

1749 4491 1914 4549 Εἶπεν
1951 4489 2206 4560 ἀνωτέρω
2239 4487 2367 4556 περὶ
2415 4487 2513 4555 τῆς
2546 4481 2856 4544 κολακείας,
2881 4480 3092 4542 δεικνὺς
3136 4479 3218 4531 ὅτι
3253 4477 3315 4528 οῦ

1751 4579 2056 4643 κολακεύει,
2087 4577 2170 4630 ὅτι
2216 4575 2276 4627 οὐ
2312 4575 2464 4643 ζητεῖ
2510 4571 2699 4635 δόξανο
2738 4569 2885 4636 λέγει
2927 4565 3158 4620 ἐνταῦθα
3181 4567 3317 4634 περὶ

1750 4669 1849 4740 τῆς
1892 4667 2133 4735 ἀγάπης.
2175 4659 2393 4728 Ἐπειδὴ
2446 4654 2598 4710 εἶπεν
2654 4657 2927 4725 ἀνωτέρω·
2973 4653 3071 4718 Ὣς
3121 4651 3317 4718 πατὴρ

1750 4755 1953 4820 τέκνα,
2020 4752 2116 4811 Ὧς
2163 4747 2402 4817 τροφὸς,
2451 4743 2682 4798 ἐνταῦθα
2743 4743 2837 4796 xal
2893 4741 3077 4812 ἕτερόν
3131 4757 3316 4808 φησιν,

1753 4825 2355 4911 Ἄπορεοανισθέντες,
2381 4835 2518 4903 ὅπερ
2549 4832 2666 4883 ἐστὶ
2699 4830 2904 4883 παίδων
2935 4828 3178 4897 πατέρας
3218 4826 3316 4896 ζη-

1751 4930 2004 4984 τούντων.
2034 4927 2143 4981 Kal
2177 4923 2281 4996 μὴν
2305 4923 2502 4975 eum:
2540 4915 3056 4988 ἀπωρφανίσθησαν.
3087 4913 3184 4977 Οὒ,
3212 4931 3320 4986 φη-

1755 5022 1858 5084 σὶν,
1906 5017 2018 5070 ἀλλ’
2073 5013 2255 5084 ἡμεῖς.
2287 5012 2351 5064 Εἰ
2400 5010 2508 5079 γάρ
2557 5025 2643 5069 τις
2687 5007 2776 5059 τὸν
2811 5005 2974 5057 πόθον
3022 5004 3316 5068 ἐξετάσειε,

1754 5107 2002 5175 καθάπερ
2017 5102 2202 5157 παιδία
2221 5098 2392 5170 μικρά
2410 5095 2840 5166 ἀπροστάτευτα,
2863 5092 3038 5162 ἄωρον
3056 5090 3320 5160 ὀρφανίαν

1754 5195 2077 5256 ὑποστάντα,
2107 5192 2166 5244 ἐν
2201 5186 2380 5258 πολλῷ
2407 5184 2556 5253 πόθῳ
2592 5182 2697 5235 τῶν
2729 5182 2929 5250 γονέων
2957 5180 3114 5242 εἰσὶν,
3141 5179 3201 5231 οὑ
3232 5177 3320 5231 διὰ

1751 5287 1851 5355 τὴν
1886 5282 2046 5352 φύσιν
2095 5279 2255 5349 μόνον
2292 5275 2480 5342 αὐτὴν,
2513 5271 2650 5326 ἀλλά
2683 5273 2776 5324 καὶ
2810 5270 2896 5328 διὰ
2923 5267 3021 5338 τὴν
3043 5266 3282 5338 ἐρημίαν
3303 5283 3318 5297 ·

1752 5353 1893 5425 οῦτω
1928 5369 1992 5439 δὴ
2044 5367 2139 5421 καὶ
2183 5365 2364 5436 ἡμεῖς.
2421 5359 2516 5414 Ἐκ
2551 5357 2742 5413 τούτου
2789 5357 2884 5408 καὶ
2937 5354 3036 5423 τὴν
3080 5353 3318 5422 ἀθυμίαν

1754 5458 1916 5513 αὑτοῦ
1965 5454 2254 5518 δείκνυσιν,
2287 5451 2346 5502 ἐν
2455 5444 2523 5517 ἧν
2595 5445 2682 5498 διά
2721 5444 2814 5496 τὸν
2862 5439 3161 5512 χωρισμόν.
3209 5439 3326 5491 Kal

1753 5544 1944 5606 ταῦτα,
1977 5542 2162 5612 φησὶν,
2190 5541 2289 5594 οὐκ
2314 5537 2394 5590 ένι
2436 5537 2639 5597 εἰπεῖν,
2663 5533 2746 5586 δτι
2777 5529 2943 5584 πολὺν
2979 5527 3170 5600 χρόῦον
3220 5527 3321 5580 ἀν-

1753 5634 2067 5704 εμείναμεν,
2096 5628 2232 5683 ἀλλά
2262 5626 2417 5696 Πρὸς
2434 5621 2661 5694 καιρόν,
2689 5621 2784 5674 καὶ
2811 5617 2967 5672 τοῦτο
2996 5617 3322 5704 Προσῶπφ,

1752 5699 1825 5777 οῦ
1856 5699 2095 5790 καρδίῃ’
2119 5718 2205 5772 ἀεὶ
2232 5717 2341 5786 γὰρ
2371 5713 2513 5783 ὑμᾶς
2539 5713 2732 5782 ἔχομεν
2761 5710 2819 5761 ἐν
2846 5710 2913 5777 τῇ
2930 5706 3156 5776 διανοίᾳ.
3177 5699 3324 5790 Ὥρα

1753 5812 1851 5879 ὅση
1871 5789 2057 5877 ἀγάπη
2074 5822 2089 5837 ο
2111 5803 2284 5859 καίτοι
2310 5801 2446 5871 ἔχων
2476 5800 2670 5858 αὐτοὺς
2695 5795 2985 5856 διαπαντὸς
3013 5795 3068 5846 ἐν
3097 5789 3311 5860 καρδία,

1758 5876 1850 5952 καί
1871 5896 1968 5964 τὴν
1993 5876 2112 5948 κατ’
2135 5891 2255 5962 ὄψιν
2287 5888 2468 5960 ἐζήτει
2495 5886 2812 5959 παρουσίαν.
2839 5883 2930 5951 Μή
2956 5895 3042 5949 μοι
3070 5878 3191 5946 λέγε
3213 5876 3314 5946 τὴν
