  <div class='ocr_page' id='page_1' title='image "/cluster/home/n/w/nwhite01/storage/ocr_20150623/62/hvd.32044019207836/416.png"; bbox 0 0 3964 6546; ppageno 0'>
   <div class='ocr_carea' id='block_1_1' title="bbox 164 425 273 482">
    <p class='ocr_par' dir='ltr' id='par_1_1' title="bbox 164 425 273 482">
     <span class='ocr_line' id='line_1_1' title="bbox 164 425 273 482; baseline 0 0"><span class='ocrx_word' id='word_1_1' title='bbox 164 425 273 482; x_wconf 70' lang='grc' dir='ltr'><strong>ιω</strong></span> 
     </span>
    </p>
   </div>
   <div class='ocr_carea' id='block_1_2' title="bbox 164 506 1744 606">
    <p class='ocr_par' dir='ltr' id='par_1_2' title="bbox 164 506 1744 606">
     <span class='ocr_line' id='line_1_2' title="bbox 164 506 1744 606; baseline -0.001 -15"><span class='ocrx_word' id='word_1_2' title='bbox 164 542 228 593; x_wconf 86' lang='lat' dir='ltr'><strong>ad</strong></span> <span class='ocrx_word' id='word_1_3' title='bbox 260 537 584 603; x_wconf 78' lang='lat' dir='ltr'><strong>Corinthios,</strong></span> <span class='ocrx_word' id='word_1_4' title='bbox 620 552 713 606; x_wconf 86' lang='lat' dir='ltr'><strong>per</strong></span> <span class='ocrx_word' id='word_1_5' title='bbox 738 506 869 592; x_wconf 68' lang='lat' dir='ltr'><strong>:ilios</strong></span> <span class='ocrx_word' id='word_1_6' title='bbox 894 551 1013 591; x_wconf 92' lang='lat' dir='ltr'><strong>cum</strong></span> <span class='ocrx_word' id='word_1_7' title='bbox 1036 537 1114 592; x_wconf 88' lang='lat' dir='ltr'><strong>eis</strong></span> <span class='ocrx_word' id='word_1_8' title='bbox 1142 549 1383 601; x_wconf 85' lang='lat' dir='ltr'><strong>versans,</strong></span> <span class='ocrx_word' id='word_1_9' title='bbox 1409 550 1531 590; x_wconf 89' lang='lat' dir='ltr'><strong>cum</strong></span> <span class='ocrx_word' id='word_1_10' title='bbox 1561 550 1657 605; x_wconf 90' lang='lat' dir='ltr'><strong>per</strong></span> <span class='ocrx_word' id='word_1_11' title='bbox 1683 549 1744 590; x_wconf 91' lang='lat' dir='ltr'><strong>se</strong></span> 
     </span>
    </p>
   </div>
   <div class='ocr_carea' id='block_1_3' title="bbox 162 627 1747 700">
    <p class='ocr_par' dir='ltr' id='par_1_3' title="bbox 162 627 1747 700">
     <span class='ocr_line' id='line_1_3' title="bbox 162 627 1747 700; baseline -0.002 -16"><span class='ocrx_word' id='word_1_12' title='bbox 162 646 271 684; x_wconf 83' lang='lat' dir='ltr'><strong>non</strong></span> <span class='ocrx_word' id='word_1_13' title='bbox 304 638 485 700; x_wconf 92' lang='lat' dir='ltr'><strong>posset</strong></span> <span class='ocrx_word' id='word_1_14' title='bbox 516 645 531 683; x_wconf 87' lang='lat'>:</span> <span class='ocrx_word' id='word_1_15' title='bbox 560 639 675 683; x_wconf 90' lang='lat' dir='ltr'><strong>erat</strong></span> <span class='ocrx_word' id='word_1_16' title='bbox 720 630 862 683; x_wconf 90' lang='lat' dir='ltr'><strong>enim</strong></span> <span class='ocrx_word' id='word_1_17' title='bbox 893 643 1078 681; x_wconf 89' lang='lat' dir='ltr'><strong>amans</strong></span> <span class='ocrx_word' id='word_1_18' title='bbox 1127 627 1305 682; x_wconf 78' lang='lat' dir='ltr'><strong>furore</strong></span> <span class='ocrx_word' id='word_1_19' title='bbox 1348 634 1630 695; x_wconf 88' lang='lat' dir='ltr'><strong>correptus</strong></span> <span class='ocrx_word' id='word_1_20' title='bbox 1650 666 1663 690; x_wconf 94' lang='lat'><strong>,</strong></span> <span class='ocrx_word' id='word_1_21' title='bbox 1690 635 1747 681; x_wconf 90' lang='lat' dir='ltr'><strong>et</strong></span> 
     </span>
    </p>
   </div>
   <div class='ocr_carea' id='block_1_4' title="bbox 161 716 1742 791">
    <p class='ocr_par' dir='ltr' id='par_1_4' title="bbox 161 716 1742 791">
     <span class='ocr_line' id='line_1_4' title="bbox 161 716 1742 791; baseline -0.002 -16"><span class='ocrx_word' id='word_1_22' title='bbox 161 722 321 790; x_wconf 72' lang='lat' dir='ltr'><strong>cuius</strong></span> <span class='ocrx_word' id='word_1_23' title='bbox 350 721 582 791; x_wconf 75' lang='lat' dir='ltr'><strong>impetus</strong></span> <span class='ocrx_word' id='word_1_24' title='bbox 606 719 671 773; x_wconf 92' lang='lat' dir='ltr'><strong>ad</strong></span> <span class='ocrx_word' id='word_1_25' title='bbox 692 719 981 774; x_wconf 75' lang='lat' dir='ltr'><strong>amicitiam</strong></span> <span class='ocrx_word' id='word_1_26' title='bbox 1007 719 1243 773; x_wconf 84' lang='lat' dir='ltr'><strong>cohiberi</strong></span> <span class='ocrx_word' id='word_1_27' title='bbox 1271 732 1377 771; x_wconf 90' lang='lat' dir='ltr'><strong>non</strong></span> <span class='ocrx_word' id='word_1_28' title='bbox 1404 727 1633 787; x_wconf 75' lang='lat' dir='ltr'><strong>poterat.</strong></span> <span class='ocrx_word' id='word_1_29' title='bbox 1653 716 1742 772; x_wconf 91' lang='grc'><strong>18.</strong></span> 
     </span>
    </p>
   </div>
   <div class='ocr_carea' id='block_1_5' title="bbox 167 808 1747 879">
    <p class='ocr_par' dir='ltr' id='par_1_5' title="bbox 167 808 1747 879">
     <span class='ocr_line' id='line_1_5' title="bbox 167 808 1747 879; baseline -0.002 -13"><span class='ocrx_word' id='word_1_30' title='bbox 167 814 423 879; x_wconf 77' lang='lat' dir='ltr'><strong>Quoniam</strong></span> <span class='ocrx_word' id='word_1_31' title='bbox 470 813 721 865; x_wconf 83' lang='lat' dir='ltr'><strong>voluimus</strong></span> <span class='ocrx_word' id='word_1_32' title='bbox 763 813 931 865; x_wconf 83' lang='lat' dir='ltr'><strong>venire</strong></span> <span class='ocrx_word' id='word_1_33' title='bbox 977 810 1046 863; x_wconf 89' lang='lat' dir='ltr'><strong>ad</strong></span> <span class='ocrx_word' id='word_1_34' title='bbox 1072 827 1180 864; x_wconf 75' lang='lat' dir='ltr'><strong>vos.</strong></span> <span class='ocrx_word' id='word_1_35' title='bbox 1228 809 1379 878; x_wconf 87' lang='lat' dir='ltr'><strong>Quod</strong></span> <span class='ocrx_word' id='word_1_36' title='bbox 1420 808 1634 879; x_wconf 87' lang='lat' dir='ltr'><strong>quidem</strong></span> <span class='ocrx_word' id='word_1_37' title='bbox 1663 817 1747 863; x_wconf 82' lang='lat' dir='ltr'><strong>est</strong></span> 
     </span>
    </p>
   </div>
   <div class='ocr_carea' id='block_1_6' title="bbox 160 900 1739 972">
    <p class='ocr_par' dir='ltr' id='par_1_6' title="bbox 160 900 1739 972">
     <span class='ocr_line' id='line_1_6' title="bbox 160 900 1739 972; baseline -0.004 -13"><span class='ocrx_word' id='word_1_38' title='bbox 160 904 488 959; x_wconf 77' lang='lat' dir='ltr'><strong>dilectionis.</strong></span> <span class='ocrx_word' id='word_1_39' title='bbox 523 904 766 969; x_wconf 82' lang='lat' dir='ltr'><strong>Etiamsi,</strong></span> <span class='ocrx_word' id='word_1_40' title='bbox 798 903 989 972; x_wconf 89' lang='lat' dir='ltr'><strong>inquit,</strong></span> <span class='ocrx_word' id='word_1_41' title='bbox 1020 903 1163 956; x_wconf 90' lang='lat' dir='ltr'><strong>nullo</strong></span> <span class='ocrx_word' id='word_1_42' title='bbox 1190 901 1296 955; x_wconf 87' lang='lat' dir='ltr'><strong>alio</strong></span> <span class='ocrx_word' id='word_1_43' title='bbox 1324 900 1453 955; x_wconf 90' lang='lat' dir='ltr'><strong>mihi</strong></span> <span class='ocrx_word' id='word_1_44' title='bbox 1478 915 1613 969; x_wconf 92' lang='lat' dir='ltr'><strong>opus</strong></span> <span class='ocrx_word' id='word_1_45' title='bbox 1639 908 1739 962; x_wconf 85' lang='lat' dir='ltr'><strong>est,</strong></span> 
     </span>
    </p>
   </div>
   <div class='ocr_carea' id='block_1_7' title="bbox 160 990 1747 1064">
    <p class='ocr_par' dir='ltr' id='par_1_7' title="bbox 160 990 1747 1064">
     <span class='ocr_line' id='line_1_7' title="bbox 160 990 1747 1064; baseline -0.002 -18"><span class='ocrx_word' id='word_1_46' title='bbox 160 1011 324 1064; x_wconf 85' lang='lat' dir='ltr'><strong>quam</strong></span> <span class='ocrx_word' id='word_1_47' title='bbox 352 1004 410 1049; x_wconf 91' lang='lat' dir='ltr'><strong>ut</strong></span> <span class='ocrx_word' id='word_1_48' title='bbox 439 1011 534 1049; x_wconf 82' lang='lat' dir='ltr'><strong>vos</strong></span> <span class='ocrx_word' id='word_1_49' title='bbox 562 994 856 1049; x_wconf 76' lang='lat' dir='ltr'><strong>videamus.</strong></span> <span class='ocrx_word' id='word_1_50' title='bbox 886 993 995 1063; x_wconf 88' lang='lat' dir='ltr'><strong>Ego</strong></span> <span class='ocrx_word' id='word_1_51' title='bbox 1020 993 1221 1063; x_wconf 80' lang='lat' dir='ltr'><strong>quidem</strong></span> <span class='ocrx_word' id='word_1_52' title='bbox 1265 992 1494 1057; x_wconf 91' lang='lat' dir='ltr'><strong>Paulus,</strong></span> <span class='ocrx_word' id='word_1_53' title='bbox 1519 1002 1567 1045; x_wconf 90' lang='lat' dir='ltr'><strong>et</strong></span> <span class='ocrx_word' id='word_1_54' title='bbox 1595 990 1747 1044; x_wconf 87' lang='lat' dir='ltr'><strong>semel</strong></span> 
     </span>
    </p>
   </div>
   <div class='ocr_carea' id='block_1_8' title="bbox 161 1085 1238 1157">
    <p class='ocr_par' dir='ltr' id='par_1_8' title="bbox 161 1085 1238 1157">
     <span class='ocr_line' id='line_1_8' title="bbox 161 1085 1238 1157; baseline -0.005 -16"><span class='ocrx_word' id='word_1_55' title='bbox 161 1098 205 1141; x_wconf 79' lang='lat' dir='ltr'><strong>et</strong></span> <span class='ocrx_word' id='word_1_56' title='bbox 228 1089 450 1150; x_wconf 86' lang='lat' dir='ltr'><strong>iterum;</strong></span> <span class='ocrx_word' id='word_1_57' title='bbox 478 1086 567 1140; x_wconf 84' lang='lat' dir='ltr'><strong>sed</strong></span> <span class='ocrx_word' id='word_1_58' title='bbox 610 1085 869 1157; x_wconf 77' lang='lat' dir='ltr'><strong>impedivit</strong></span> <span class='ocrx_word' id='word_1_59' title='bbox 898 1101 989 1138; x_wconf 90' lang='lat' dir='ltr'><strong>nos</strong></span> <span class='ocrx_word' id='word_1_60' title='bbox 1014 1095 1238 1138; x_wconf 89' lang='lat' dir='ltr'><strong>satanas.</strong></span> 
     </span>
    </p>
   </div>
   <div class='ocr_carea' id='block_1_9' title="bbox 231 1172 1736 1247">
    <p class='ocr_par' dir='ltr' id='par_1_9' title="bbox 231 1172 1736 1247">
     <span class='ocr_line' id='line_1_9' title="bbox 231 1172 1736 1247; baseline -0.005 -14"><span class='ocrx_word' id='word_1_61' title='bbox 231 1180 291 1233; x_wconf 72' lang='grc' dir='ltr'><strong>ὅ.</strong></span> <span class='ocrx_word' id='word_1_62' title='bbox 330 1178 466 1247; x_wconf 87' lang='lat' dir='ltr'><strong>Quid</strong></span> <span class='ocrx_word' id='word_1_63' title='bbox 496 1177 907 1235; x_wconf 84' lang='lat' dir='ltr'><strong>dicis?Satanas</strong></span> <span class='ocrx_word' id='word_1_64' title='bbox 944 1177 1196 1247; x_wconf 82' lang='lat' dir='ltr'><strong>impedit?</strong></span> <span class='ocrx_word' id='word_1_65' title='bbox 1223 1176 1381 1230; x_wconf 85' lang='lat' dir='ltr'><strong>Certe</strong></span> <span class='ocrx_word' id='word_1_66' title='bbox 1412 1189 1561 1228; x_wconf 86' lang='lat' dir='ltr'><strong>:non</strong></span> <span class='ocrx_word' id='word_1_67' title='bbox 1593 1172 1736 1227; x_wconf 91' lang='lat' dir='ltr'><strong>enim</strong></span> 
     </span>
    </p>
   </div>
   <div class='ocr_carea' id='block_1_10' title="bbox 160 1264 1741 1338">
    <p class='ocr_par' dir='ltr' id='par_1_10' title="bbox 160 1264 1741 1338">
     <span class='ocr_line' id='line_1_10' title="bbox 160 1264 1741 1338; baseline -0.003 -16"><span class='ocrx_word' id='word_1_68' title='bbox 160 1268 267 1323; x_wconf 89' lang='lat' dir='ltr'><strong>hoc</strong></span> <span class='ocrx_word' id='word_1_69' title='bbox 296 1278 412 1325; x_wconf 88' lang='lat' dir='ltr'><strong>erat</strong></span> <span class='ocrx_word' id='word_1_70' title='bbox 440 1283 577 1338; x_wconf 82' lang='lat' dir='ltr'><strong>Opus</strong></span> <span class='ocrx_word' id='word_1_71' title='bbox 602 1268 718 1322; x_wconf 89' lang='lat' dir='ltr'><strong>Dei.</strong></span> <span class='ocrx_word' id='word_1_72' title='bbox 746 1267 826 1323; x_wconf 85' lang='lat' dir='ltr'><strong>Ad</strong></span> <span class='ocrx_word' id='word_1_73' title='bbox 854 1268 1127 1321; x_wconf 81' lang='lat' dir='ltr'><strong>Romanos</strong></span> <span class='ocrx_word' id='word_1_74' title='bbox 1171 1265 1385 1336; x_wconf 87' lang='lat' dir='ltr'><strong>quidem</strong></span> <span class='ocrx_word' id='word_1_75' title='bbox 1416 1264 1547 1319; x_wconf 90' lang='lat' dir='ltr'><strong>dicit</strong></span> <span class='ocrx_word' id='word_1_76' title='bbox 1575 1264 1741 1319; x_wconf 90' lang='lat' dir='ltr'><strong>Deum</strong></span> 
     </span>
    </p>
   </div>
   <div class='ocr_carea' id='block_1_11' title="bbox 158 1356 1745 1433">
    <p class='ocr_par' dir='ltr' id='par_1_11' title="bbox 158 1356 1745 1433">
     <span class='ocr_line' id='line_1_11' title="bbox 158 1356 1745 1433; baseline -0.004 -18"><span class='ocrx_word' id='word_1_77' title='bbox 158 1363 503 1433; x_wconf 78' lang='lat' dir='ltr'><strong>prohibuisse</strong></span> <span class='ocrx_word' id='word_1_78' title='bbox 534 1361 707 1432; x_wconf 82' lang='lat' dir='ltr'><strong>(Rom.</strong></span> <span class='ocrx_word' id='word_1_79' title='bbox 739 1364 827 1418; x_wconf 83' lang='grc'><strong>15.</strong></span> <span class='ocrx_word' id='word_1_80' title='bbox 853 1361 981 1429; x_wconf 69' lang='lat'><strong>22);</strong></span> <span class='ocrx_word' id='word_1_81' title='bbox 1013 1370 1065 1415; x_wconf 89' lang='lat' dir='ltr'><strong>et</strong></span> <span class='ocrx_word' id='word_1_82' title='bbox 1088 1359 1212 1414; x_wconf 86' lang='lat' dir='ltr'><strong>alibi</strong></span> <span class='ocrx_word' id='word_1_83' title='bbox 1239 1359 1366 1414; x_wconf 82' lang='lat' dir='ltr'><strong>dicit</strong></span> <span class='ocrx_word' id='word_1_84' title='bbox 1404 1357 1592 1418; x_wconf 87' lang='lat' dir='ltr'><strong>Lucas,</strong></span> <span class='ocrx_word' id='word_1_85' title='bbox 1621 1356 1745 1424; x_wconf 88' lang='lat' dir='ltr'><strong>Spi-</strong></span> 
     </span>
    </p>
   </div>
   <div class='ocr_carea' id='block_1_12' title="bbox 157 1446 1743 1524">
    <p class='ocr_par' dir='ltr' id='par_1_12' title="bbox 157 1446 1743 1524">
     <span class='ocr_line' id='line_1_12' title="bbox 157 1446 1743 1524; baseline -0.003 -18"><span class='ocrx_word' id='word_1_86' title='bbox 157 1456 301 1507; x_wconf 85' lang='lat' dir='ltr'><strong>ritus</strong></span> <span class='ocrx_word' id='word_1_87' title='bbox 330 1453 601 1522; x_wconf 74' lang='lat' dir='ltr'><strong>prohibuit</strong></span> <span class='ocrx_word' id='word_1_88' title='bbox 651 1454 796 1524; x_wconf 92' lang='lat' dir='ltr'><strong>ipsos</strong></span> <span class='ocrx_word' id='word_1_89' title='bbox 838 1453 1023 1507; x_wconf 80' lang='lat' dir='ltr'><strong>venire</strong></span> <span class='ocrx_word' id='word_1_90' title='bbox 1066 1451 1120 1504; x_wconf 92' lang='lat' dir='ltr'><strong>in</strong></span> <span class='ocrx_word' id='word_1_91' title='bbox 1162 1450 1343 1506; x_wconf 80' lang='lat' dir='ltr'><strong>‘Asiam</strong></span> <span class='ocrx_word' id='word_1_92' title='bbox 1372 1448 1511 1520; x_wconf 86' lang='lat' dir='ltr'><strong>(Act.</strong></span> <span class='ocrx_word' id='word_1_93' title='bbox 1536 1446 1625 1503; x_wconf 85' lang='grc'><strong>16.</strong></span> <span class='ocrx_word' id='word_1_94' title='bbox 1653 1447 1743 1519; x_wconf 89' lang='grc'><strong>6);</strong></span> 
     </span>
    </p>
   </div>
   <div class='ocr_carea' id='block_1_13' title="bbox 156 1538 1745 1615">
    <p class='ocr_par' dir='ltr' id='par_1_13' title="bbox 156 1538 1745 1615">
     <span class='ocr_line' id='line_1_13' title="bbox 156 1538 1745 1615; baseline -0.006 -15"><span class='ocrx_word' id='word_1_95' title='bbox 156 1545 454 1600; x_wconf 83' lang='lat' dir='ltr'><strong>Corinthiis</strong></span> <span class='ocrx_word' id='word_1_96' title='bbox 484 1554 662 1599; x_wconf 87' lang='lat' dir='ltr'><strong>autem</strong></span> <span class='ocrx_word' id='word_1_97' title='bbox 698 1543 826 1599; x_wconf 89' lang='lat' dir='ltr'><strong>dicit</strong></span> <span class='ocrx_word' id='word_1_98' title='bbox 854 1558 989 1615; x_wconf 84' lang='lat' dir='ltr'><strong>opus</strong></span> <span class='ocrx_word' id='word_1_99' title='bbox 1017 1557 1139 1615; x_wconf 85' lang='lat' dir='ltr'><strong>esse</strong></span> <span class='ocrx_word' id='word_1_100' title='bbox 1168 1541 1388 1609; x_wconf 79' lang='lat' dir='ltr'><strong>Spiritus</strong></span> <span class='ocrx_word' id='word_1_101' title='bbox 1416 1556 1428 1592; x_wconf 94' lang='lat'><strong>:</strong></span> <span class='ocrx_word' id='word_1_102' title='bbox 1454 1538 1541 1593; x_wconf 92' lang='lat' dir='ltr'><strong>hic</strong></span> <span class='ocrx_word' id='word_1_103' title='bbox 1569 1548 1745 1592; x_wconf 88' lang='lat' dir='ltr'><strong>autem</strong></span> 
     </span>
    </p>
   </div>
   <div class='ocr_carea' id='block_1_14' title="bbox 154 1610 1747 1703">
    <p class='ocr_par' dir='ltr' id='par_1_14' title="bbox 154 1610 1747 1703">
     <span class='ocr_line' id='line_1_14' title="bbox 154 1610 1747 1703; baseline -0.006 -12"><span class='ocrx_word' id='word_1_104' title='bbox 154 1637 336 1691; x_wconf 85' lang='lat' dir='ltr'><strong>solum</strong></span> <span class='ocrx_word' id='word_1_105' title='bbox 384 1647 603 1690; x_wconf 80' lang='lat' dir='ltr'><strong>satamc.</strong></span> <span class='ocrx_word' id='word_1_106' title='bbox 651 1637 946 1703; x_wconf 85' lang='lat' dir='ltr'><strong>Quamnam</strong></span> <span class='ocrx_word' id='word_1_107' title='bbox 978 1610 1152 1689; x_wconf 72' lang='lat' dir='ltr'><strong>auiem</strong></span> <span class='ocrx_word' id='word_1_108' title='bbox 1182 1633 1311 1688; x_wconf 92' lang='lat' dir='ltr'><strong>dicit</strong></span> <span class='ocrx_word' id='word_1_109' title='bbox 1357 1632 1518 1686; x_wconf 81' lang='lat' dir='ltr'><strong>fuisse</strong></span> <span class='ocrx_word' id='word_1_110' title='bbox 1546 1639 1747 1685; x_wconf 62' lang='lat' dir='ltr'><strong>satana:</strong></span> 
     </span>
    </p>
   </div>
   <div class='ocr_carea' id='block_1_15' title="bbox 153 1721 1750 1797">
    <p class='ocr_par' dir='ltr' id='par_1_15' title="bbox 153 1721 1750 1797">
     <span class='ocr_line' id='line_1_15' title="bbox 153 1721 1750 1797; baseline -0.005 -15"><span class='ocrx_word' id='word_1_111' title='bbox 153 1727 583 1782; x_wconf 82' lang='lat' dir='ltr'><strong>cohibitioncm?</strong></span> <span class='ocrx_word' id='word_1_112' title='bbox 610 1726 1007 1797; x_wconf 86' lang='lat' dir='ltr'><strong>Inexspectatas</strong></span> <span class='ocrx_word' id='word_1_113' title='bbox 1033 1724 1292 1795; x_wconf 86' lang='lat' dir='ltr'><strong>quasdam</strong></span> <span class='ocrx_word' id='word_1_114' title='bbox 1321 1732 1375 1778; x_wconf 92' lang='lat' dir='ltr'><strong>et</strong></span> <span class='ocrx_word' id='word_1_115' title='bbox 1405 1721 1750 1776; x_wconf 86' lang='lat' dir='ltr'><strong>vehementes</strong></span> 
     </span>
    </p>
   </div>
   <div class='ocr_carea' id='block_1_16' title="bbox 155 1813 1750 1887">
    <p class='ocr_par' dir='ltr' id='par_1_16' title="bbox 155 1813 1750 1887">
     <span class='ocr_line' id='line_1_16' title="bbox 155 1813 1750 1887; baseline -0.004 -13"><span class='ocrx_word' id='word_1_116' title='bbox 155 1820 507 1875; x_wconf 84' lang='lat' dir='ltr'><strong>tentationes.</strong></span> <span class='ocrx_word' id='word_1_117' title='bbox 537 1819 668 1874; x_wconf 87' lang='lat' dir='ltr'><strong>Nam</strong></span> <span class='ocrx_word' id='word_1_118' title='bbox 697 1836 819 1887; x_wconf 90' lang='lat' dir='ltr'><strong>cum</strong></span> <span class='ocrx_word' id='word_1_119' title='bbox 861 1820 910 1874; x_wconf 90' lang='lat' dir='ltr'><strong>ei</strong></span> <span class='ocrx_word' id='word_1_120' title='bbox 954 1819 1178 1874; x_wconf 82' lang='lat' dir='ltr'><strong>fuissent</strong></span> <span class='ocrx_word' id='word_1_121' title='bbox 1204 1827 1419 1871; x_wconf 77' lang='lat' dir='ltr'><strong>structae</strong></span> <span class='ocrx_word' id='word_1_122' title='bbox 1464 1832 1493 1869; x_wconf 88' lang='lat' dir='ltr'><strong>a</strong></span> <span class='ocrx_word' id='word_1_123' title='bbox 1548 1813 1750 1870; x_wconf 75' lang='lat' dir='ltr'><strong>Judmis</strong></span> 
     </span>
    </p>
   </div>
   <div class='ocr_carea' id='block_1_17' title="bbox 155 1907 1748 1981">
    <p class='ocr_par' dir='ltr' id='par_1_17' title="bbox 155 1907 1748 1981">
     <span class='ocr_line' id='line_1_17' title="bbox 155 1907 1748 1981; baseline -0.005 -15"><span class='ocrx_word' id='word_1_124' title='bbox 155 1912 373 1966; x_wconf 64' lang='lat' dir='ltr'><strong>insidiae</strong></span> <span class='ocrx_word' id='word_1_125' title='bbox 420 1912 557 1981; x_wconf 77' lang='lat' dir='ltr'><strong>(Act.</strong></span> <span class='ocrx_word' id='word_1_126' title='bbox 600 1912 689 1967; x_wconf 73' lang='lat'><strong>20.</strong></span> <span class='ocrx_word' id='word_1_127' title='bbox 736 1911 815 1981; x_wconf 86' lang='lat'><strong>&#39;5),</strong></span> <span class='ocrx_word' id='word_1_128' title='bbox 864 1914 1104 1966; x_wconf 79' lang='lat' dir='ltr'><strong>retentus</strong></span> <span class='ocrx_word' id='word_1_129' title='bbox 1156 1919 1237 1966; x_wconf 89' lang='lat' dir='ltr'><strong>est</strong></span> <span class='ocrx_word' id='word_1_130' title='bbox 1286 1911 1336 1963; x_wconf 92' lang='lat' dir='ltr'><strong>in</strong></span> <span class='ocrx_word' id='word_1_131' title='bbox 1379 1907 1599 1963; x_wconf 82' lang='lat' dir='ltr'><strong>Hellade</strong></span> <span class='ocrx_word' id='word_1_132' title='bbox 1638 1914 1748 1959; x_wconf 91' lang='lat' dir='ltr'><strong>tres</strong></span> 
     </span>
    </p>
   </div>
   <div class='ocr_carea' id='block_1_18' title="bbox 154 2002 1749 2068">
    <p class='ocr_par' dir='ltr' id='par_1_18' title="bbox 154 2002 1749 2068">
     <span class='ocr_line' id='line_1_18' title="bbox 154 2002 1749 2068; baseline -0.004 -11"><span class='ocrx_word' id='word_1_133' title='bbox 154 2018 399 2058; x_wconf 88' lang='lat' dir='ltr'><strong>menses.</strong></span> <span class='ocrx_word' id='word_1_134' title='bbox 449 2003 607 2057; x_wconf 84' lang='lat' dir='ltr'><strong>Aliud</strong></span> <span class='ocrx_word' id='word_1_135' title='bbox 639 2012 820 2057; x_wconf 76' lang='lat' dir='ltr'><strong>autem</strong></span> <span class='ocrx_word' id='word_1_136' title='bbox 845 2012 928 2057; x_wconf 88' lang='lat' dir='ltr'><strong>est</strong></span> <span class='ocrx_word' id='word_1_137' title='bbox 972 2013 1122 2058; x_wconf 88' lang='lat' dir='ltr'><strong>certo</strong></span> <span class='ocrx_word' id='word_1_138' title='bbox 1174 2002 1400 2057; x_wconf 88' lang='lat' dir='ltr'><strong>consilio</strong></span> <span class='ocrx_word' id='word_1_139' title='bbox 1434 2007 1488 2054; x_wconf 88' lang='lat' dir='ltr'><strong>ct</strong></span> <span class='ocrx_word' id='word_1_140' title='bbox 1533 2007 1749 2068; x_wconf 82' lang='lat' dir='ltr'><strong>propter</strong></span> 
     </span>
    </p>
   </div>
   <div class='ocr_carea' id='block_1_19' title="bbox 108 2089 1747 2164">
    <p class='ocr_par' dir='ltr' id='par_1_19' title="bbox 108 2089 1747 2164">
     <span class='ocr_line' id='line_1_19' title="bbox 108 2089 1747 2164; baseline -0.002 -16"><span class='ocrx_word' id='word_1_141' title='bbox 108 2148 115 2155; x_wconf 79' lang='grc'><em>,</em></span> <span class='ocrx_word' id='word_1_142' title='bbox 152 2094 616 2163; x_wconf 86' lang='lat' dir='ltr'><strong>dispensationem</strong></span> <span class='ocrx_word' id='word_1_143' title='bbox 666 2110 904 2160; x_wconf 89' lang='lat' dir='ltr'><strong>manere,</strong></span> <span class='ocrx_word' id='word_1_144' title='bbox 957 2104 1011 2149; x_wconf 90' lang='lat' dir='ltr'><strong>et</strong></span> <span class='ocrx_word' id='word_1_145' title='bbox 1050 2109 1144 2148; x_wconf 91' lang='lat' dir='ltr'><strong>sua</strong></span> <span class='ocrx_word' id='word_1_146' title='bbox 1175 2102 1395 2164; x_wconf 78' lang='lat' dir='ltr'><strong>sponte;</strong></span> <span class='ocrx_word' id='word_1_147' title='bbox 1427 2090 1567 2145; x_wconf 84' lang='lat' dir='ltr'><strong>aliud</strong></span> <span class='ocrx_word' id='word_1_148' title='bbox 1595 2089 1747 2144; x_wconf 86' lang='lat' dir='ltr'><strong>cohi-</strong></span> 
     </span>
    </p>
   </div>
   <div class='ocr_carea' id='block_1_20' title="bbox 154 2181 1749 2255">
    <p class='ocr_par' dir='ltr' id='par_1_20' title="bbox 154 2181 1749 2255">
     <span class='ocr_line' id='line_1_20' title="bbox 154 2181 1749 2255; baseline -0.003 -16"><span class='ocrx_word' id='word_1_149' title='bbox 154 2186 300 2239; x_wconf 82' lang='lat' dir='ltr'><strong>beri.</strong></span> <span class='ocrx_word' id='word_1_150' title='bbox 328 2184 462 2239; x_wconf 87' lang='lat' dir='ltr'><strong>Nam</strong></span> <span class='ocrx_word' id='word_1_151' title='bbox 492 2186 602 2240; x_wconf 90' lang='lat' dir='ltr'><strong>illic</strong></span> <span class='ocrx_word' id='word_1_152' title='bbox 631 2186 845 2255; x_wconf 84' lang='lat' dir='ltr'><strong>quidem</strong></span> <span class='ocrx_word' id='word_1_153' title='bbox 878 2186 1026 2249; x_wconf 88' lang='lat' dir='ltr'><strong>dicit,</strong></span> <span class='ocrx_word' id='word_1_154' title='bbox 1056 2186 1226 2252; x_wconf 84' lang='lat' dir='ltr'><strong>Quare</strong></span> <span class='ocrx_word' id='word_1_155' title='bbox 1268 2201 1368 2238; x_wconf 86' lang='lat' dir='ltr'><strong>non</strong></span> <span class='ocrx_word' id='word_1_156' title='bbox 1414 2183 1633 2253; x_wconf 77' lang='lat' dir='ltr'><strong>amplius</strong></span> <span class='ocrx_word' id='word_1_157' title='bbox 1673 2181 1749 2235; x_wconf 83' lang='lat' dir='ltr'><strong>lo-</strong></span> 
     </span>
    </p>
   </div>
   <div class='ocr_carea' id='block_1_21' title="bbox 153 2267 1750 2348">
    <p class='ocr_par' dir='ltr' id='par_1_21' title="bbox 153 2267 1750 2348">
     <span class='ocr_line' id='line_1_21' title="bbox 153 2267 1750 2348; baseline -0.001 -19"><span class='ocrx_word' id='word_1_158' title='bbox 153 2293 279 2330; x_wconf 85' lang='lat' dir='ltr'><strong>cum</strong></span> <span class='ocrx_word' id='word_1_159' title='bbox 301 2278 491 2331; x_wconf 81' lang='lat' dir='ltr'><strong>habens</strong></span> <span class='ocrx_word' id='word_1_160' title='bbox 521 2278 573 2331; x_wconf 88' lang='lat' dir='ltr'><strong>in</strong></span> <span class='ocrx_word' id='word_1_161' title='bbox 592 2279 671 2333; x_wconf 89' lang='lat' dir='ltr'><strong>his</strong></span> <span class='ocrx_word' id='word_1_162' title='bbox 696 2278 978 2348; x_wconf 79' lang='lat' dir='ltr'><strong>regionibus</strong></span> <span class='ocrx_word' id='word_1_163' title='bbox 998 2267 1175 2340; x_wconf 82' lang='lat' dir='ltr'><strong>(Rom.</strong></span> <span class='ocrx_word' id='word_1_164' title='bbox 1210 2278 1297 2332; x_wconf 81' lang='grc'><strong>15.</strong></span> <span class='ocrx_word' id='word_1_165' title='bbox 1325 2276 1455 2347; x_wconf 76' lang='grc'><strong>25);</strong></span> <span class='ocrx_word' id='word_1_166' title='bbox 1486 2284 1558 2339; x_wconf 91' lang='lat' dir='ltr'><strong>et,</strong></span> <span class='ocrx_word' id='word_1_167' title='bbox 1598 2273 1750 2328; x_wconf 88' lang='lat' dir='ltr'><strong>Vobis</strong></span> 
     </span>
    </p>
   </div>
   <div class='ocr_carea' id='block_1_22' title="bbox 154 2363 1751 2441">
    <p class='ocr_par' dir='ltr' id='par_1_22' title="bbox 154 2363 1751 2441">
     <span class='ocr_line' id='line_1_22' title="bbox 154 2363 1751 2441; baseline -0.003 -17"><span class='ocrx_word' id='word_1_168' title='bbox 154 2386 398 2441; x_wconf 83' lang='lat' dir='ltr'><strong>parcens,</strong></span> <span class='ocrx_word' id='word_1_169' title='bbox 430 2371 653 2424; x_wconf 87' lang='lat' dir='ltr'><strong>nondum</strong></span> <span class='ocrx_word' id='word_1_170' title='bbox 678 2371 790 2423; x_wconf 81' lang='lat' dir='ltr'><strong>veni</strong></span> <span class='ocrx_word' id='word_1_171' title='bbox 829 2369 1128 2423; x_wconf 78' lang='lat' dir='ltr'><strong>Corinthum</strong></span> <span class='ocrx_word' id='word_1_172' title='bbox 1155 2363 1233 2430; x_wconf 72' lang='grc' dir='ltr'><strong>(Ξ.</strong></span> <span class='ocrx_word' id='word_1_173' title='bbox 1262 2368 1379 2422; x_wconf 88' lang='lat' dir='ltr'><strong>Cor.</strong></span> <span class='ocrx_word' id='word_1_174' title='bbox 1417 2368 1466 2421; x_wconf 90' lang='grc'><strong>1.</strong></span> <span class='ocrx_word' id='word_1_175' title='bbox 1498 2366 1595 2436; x_wconf 76' lang='lat'><strong>9.3)</strong></span> <span class='ocrx_word' id='word_1_176' title='bbox 1625 2383 1637 2417; x_wconf 91' lang='lat'>:</span> <span class='ocrx_word' id='word_1_177' title='bbox 1664 2364 1751 2419; x_wconf 86' lang='lat' dir='ltr'><strong>hic</strong></span> 
     </span>
    </p>
   </div>
   <div class='ocr_carea' id='block_1_23' title="bbox 154 2455 1751 2530">
    <p class='ocr_par' dir='ltr' id='par_1_23' title="bbox 154 2455 1751 2530">
     <span class='ocr_line' id='line_1_23' title="bbox 154 2455 1751 2530; baseline -0.004 -15"><span class='ocrx_word' id='word_1_178' title='bbox 154 2474 341 2517; x_wconf 87' lang='lat' dir='ltr'><strong>autem</strong></span> <span class='ocrx_word' id='word_1_179' title='bbox 370 2461 501 2515; x_wconf 89' lang='lat' dir='ltr'><strong>nihil</strong></span> <span class='ocrx_word' id='word_1_180' title='bbox 528 2461 667 2526; x_wconf 85' lang='lat' dir='ltr'><strong>tale;</strong></span> <span class='ocrx_word' id='word_1_181' title='bbox 716 2460 812 2515; x_wconf 91' lang='lat' dir='ltr'><strong>sed</strong></span> <span class='ocrx_word' id='word_1_182' title='bbox 859 2460 1029 2530; x_wconf 87' lang='lat' dir='ltr'><strong>quid?</strong></span> <span class='ocrx_word' id='word_1_183' title='bbox 1059 2460 1287 2514; x_wconf 77' lang='lat' dir='ltr'><strong>Satanas</strong></span> <span class='ocrx_word' id='word_1_184' title='bbox 1323 2458 1604 2527; x_wconf 81' lang='lat' dir='ltr'><strong>impedivit.</strong></span> <span class='ocrx_word' id='word_1_185' title='bbox 1636 2455 1751 2526; x_wconf 87' lang='lat' dir='ltr'><strong>Ego</strong></span> 
     </span>
    </p>
   </div>
   <div class='ocr_carea' id='block_1_24' title="bbox 152 2551 1749 2624">
    <p class='ocr_par' dir='ltr' id='par_1_24' title="bbox 152 2551 1749 2624">
     <span class='ocr_line' id='line_1_24' title="bbox 152 2551 1749 2624; baseline -0.003 -16"><span class='ocrx_word' id='word_1_186' title='bbox 152 2556 368 2624; x_wconf 82' lang='lat' dir='ltr'><strong>quidem</strong></span> <span class='ocrx_word' id='word_1_187' title='bbox 411 2554 632 2620; x_wconf 79' lang='lat' dir='ltr'><strong>Paulus,</strong></span> <span class='ocrx_word' id='word_1_188' title='bbox 663 2564 710 2608; x_wconf 89' lang='lat' dir='ltr'><strong>et</strong></span> <span class='ocrx_word' id='word_1_189' title='bbox 735 2555 888 2609; x_wconf 87' lang='lat' dir='ltr'><strong>semel</strong></span> <span class='ocrx_word' id='word_1_190' title='bbox 904 2563 947 2606; x_wconf 90' lang='lat' dir='ltr'><strong>et</strong></span> <span class='ocrx_word' id='word_1_191' title='bbox 979 2553 1072 2607; x_wconf 87' lang='lat' dir='ltr'><strong>bis.</strong></span> <span class='ocrx_word' id='word_1_192' title='bbox 1105 2553 1237 2608; x_wconf 80' lang='lat' dir='ltr'><strong>Vide</strong></span> <span class='ocrx_word' id='word_1_193' title='bbox 1271 2564 1527 2621; x_wconf 85' lang='lat' dir='ltr'><strong>quantum</strong></span> <span class='ocrx_word' id='word_1_194' title='bbox 1553 2551 1749 2622; x_wconf 80' lang='lat' dir='ltr'><strong>gloria-</strong></span> 
     </span>
    </p>
   </div>
   <div class='ocr_carea' id='block_1_25' title="bbox 154 2644 1749 2714">
    <p class='ocr_par' dir='ltr' id='par_1_25' title="bbox 154 2644 1749 2714">
     <span class='ocr_line' id='line_1_25' title="bbox 154 2644 1749 2714; baseline -0.004 -13"><span class='ocrx_word' id='word_1_195' title='bbox 154 2660 272 2714; x_wconf 86' lang='lat' dir='ltr'><strong>tur,</strong></span> <span class='ocrx_word' id='word_1_196' title='bbox 292 2648 478 2702; x_wconf 83' lang='lat' dir='ltr'><strong>volens</strong></span> <span class='ocrx_word' id='word_1_197' title='bbox 492 2648 774 2703; x_wconf 89' lang='lat' dir='ltr'><strong>ostendere</strong></span> <span class='ocrx_word' id='word_1_198' title='bbox 794 2660 852 2700; x_wconf 88' lang='lat' dir='ltr'><strong>se</strong></span> <span class='ocrx_word' id='word_1_199' title='bbox 874 2660 968 2699; x_wconf 84' lang='lat' dir='ltr'><strong>eos</strong></span> <span class='ocrx_word' id='word_1_200' title='bbox 986 2645 1215 2700; x_wconf 79' lang='lat' dir='ltr'><strong>maxime</strong></span> <span class='ocrx_word' id='word_1_201' title='bbox 1241 2644 1476 2699; x_wconf 92' lang='lat' dir='ltr'><strong>omnium</strong></span> <span class='ocrx_word' id='word_1_202' title='bbox 1503 2644 1749 2712; x_wconf 76' lang='lat' dir='ltr'><strong>diligere.</strong></span> 
     </span>
    </p>
   </div>
   <div class='ocr_carea' id='block_1_26' title="bbox 156 2734 1753 2809">
    <p class='ocr_par' dir='ltr' id='par_1_26' title="bbox 156 2734 1753 2809">
     <span class='ocr_line' id='line_1_26' title="bbox 156 2734 1753 2809; baseline -0.002 -18"><span class='ocrx_word' id='word_1_203' title='bbox 156 2739 279 2809; x_wconf 76' lang='lat' dir='ltr'><strong>Ego</strong></span> <span class='ocrx_word' id='word_1_204' title='bbox 303 2739 503 2807; x_wconf 71' lang='lat' dir='ltr'><strong>quidem</strong></span> <span class='ocrx_word' id='word_1_205' title='bbox 532 2738 768 2801; x_wconf 81' lang='lat' dir='ltr'><strong>Paulus;</strong></span> <span class='ocrx_word' id='word_1_206' title='bbox 808 2753 871 2791; x_wconf 88' lang='lat' dir='ltr'><strong>ac</strong></span> <span class='ocrx_word' id='word_1_207' title='bbox 899 2738 944 2793; x_wconf 92' lang='lat' dir='ltr'><strong>si</strong></span> <span class='ocrx_word' id='word_1_208' title='bbox 979 2736 1181 2793; x_wconf 87' lang='lat' dir='ltr'><strong>diceret</strong></span> <span class='ocrx_word' id='word_1_209' title='bbox 1216 2756 1228 2792; x_wconf 89' lang='lat'><strong>:</strong></span> <span class='ocrx_word' id='word_1_210' title='bbox 1262 2737 1374 2791; x_wconf 89' lang='lat' dir='ltr'><strong>Etsi</strong></span> <span class='ocrx_word' id='word_1_211' title='bbox 1407 2751 1511 2790; x_wconf 91' lang='lat' dir='ltr'><strong>non</strong></span> <span class='ocrx_word' id='word_1_212' title='bbox 1543 2734 1652 2789; x_wconf 84' lang='lat' dir='ltr'><strong>alii.</strong></span> <span class='ocrx_word' id='word_1_213' title='bbox 1684 2734 1753 2788; x_wconf 89' lang='lat' dir='ltr'><strong>Et</strong></span> 
     </span>
    </p>
   </div>
   <div class='ocr_carea' id='block_1_27' title="bbox 154 2829 1753 2900">
    <p class='ocr_par' dir='ltr' id='par_1_27' title="bbox 154 2829 1753 2900">
     <span class='ocr_line' id='line_1_27' title="bbox 154 2829 1753 2900; baseline -0.004 -16"><span class='ocrx_word' id='word_1_214' title='bbox 154 2830 233 2884; x_wconf 89' lang='lat' dir='ltr'><strong>illi</strong></span> <span class='ocrx_word' id='word_1_215' title='bbox 269 2830 486 2900; x_wconf 90' lang='lat' dir='ltr'><strong>quidem</strong></span> <span class='ocrx_word' id='word_1_216' title='bbox 526 2829 781 2884; x_wconf 82' lang='lat' dir='ltr'><strong>volebant</strong></span> <span class='ocrx_word' id='word_1_217' title='bbox 827 2839 1057 2896; x_wconf 87' lang='lat' dir='ltr'><strong>tantum,</strong></span> <span class='ocrx_word' id='word_1_218' title='bbox 1103 2844 1204 2899; x_wconf 85' lang='lat' dir='ltr'><strong>ego</strong></span> <span class='ocrx_word' id='word_1_219' title='bbox 1242 2838 1419 2882; x_wconf 90' lang='lat' dir='ltr'><strong>autem</strong></span> <span class='ocrx_word' id='word_1_220' title='bbox 1468 2841 1753 2896; x_wconf 77' lang='lat' dir='ltr'><strong>aggressus</strong></span> 
     </span>
    </p>
   </div>
   <div class='ocr_carea' id='block_1_28' title="bbox 152 2919 1753 2990">
    <p class='ocr_par' dir='ltr' id='par_1_28' title="bbox 152 2919 1753 2990">
     <span class='ocr_line' id='line_1_28' title="bbox 152 2919 1753 2990; baseline -0.005 -11"><span class='ocrx_word' id='word_1_221' title='bbox 152 2939 307 2979; x_wconf 87' lang='lat' dir='ltr'><strong>sum.</strong></span> <span class='ocrx_word' id='word_1_222' title='bbox 336 2922 424 2978; x_wconf 83' lang='grc'><strong>19.</strong></span> <span class='ocrx_word' id='word_1_223' title='bbox 463 2922 591 2989; x_wconf 65' lang='lat' dir='ltr'><strong>Quae</strong></span> <span class='ocrx_word' id='word_1_224' title='bbox 618 2930 689 2976; x_wconf 85' lang='lat' dir='ltr'><strong>est</strong></span> <span class='ocrx_word' id='word_1_225' title='bbox 715 2922 848 2975; x_wconf 89' lang='lat' dir='ltr'><strong>enim</strong></span> <span class='ocrx_word' id='word_1_226' title='bbox 878 2933 1050 2976; x_wconf 88' lang='lat' dir='ltr'><strong>nostra</strong></span> <span class='ocrx_word' id='word_1_227' title='bbox 1078 2938 1212 2990; x_wconf 88' lang='lat' dir='ltr'><strong>spes,</strong></span> <span class='ocrx_word' id='word_1_228' title='bbox 1249 2929 1335 2972; x_wconf 91' lang='lat' dir='ltr'><strong>aut</strong></span> <span class='ocrx_word' id='word_1_229' title='bbox 1368 2919 1630 2989; x_wconf 83' lang='lat' dir='ltr'><strong>gaudium,</strong></span> <span class='ocrx_word' id='word_1_230' title='bbox 1662 2927 1753 2971; x_wconf 85' lang='lat' dir='ltr'><strong>aut</strong></span> 
     </span>
    </p>
   </div>
   <div class='ocr_carea' id='block_1_29' title="bbox 152 3008 1751 3086">
    <p class='ocr_par' dir='ltr' id='par_1_29' title="bbox 152 3008 1751 3086">
     <span class='ocr_line' id='line_1_29' title="bbox 152 3008 1751 3086; baseline -0.004 -18"><span class='ocrx_word' id='word_1_231' title='bbox 152 3032 355 3069; x_wconf 83' lang='lat' dir='ltr'><strong>corona</strong></span> <span class='ocrx_word' id='word_1_232' title='bbox 376 3014 595 3086; x_wconf 61' lang='lat' dir='ltr'><strong>glorias?</strong></span> <span class='ocrx_word' id='word_1_233' title='bbox 619 3011 808 3067; x_wconf 86' lang='lat' dir='ltr'><strong>Nonne</strong></span> <span class='ocrx_word' id='word_1_234' title='bbox 834 3029 919 3067; x_wconf 82' lang='lat' dir='ltr'><strong>vos</strong></span> <span class='ocrx_word' id='word_1_235' title='bbox 948 3024 1066 3066; x_wconf 87' lang='lat' dir='ltr'><strong>ante</strong></span> <span class='ocrx_word' id='word_1_236' title='bbox 1094 3012 1366 3065; x_wconf 87' lang='lat' dir='ltr'><strong>Dominum</strong></span> <span class='ocrx_word' id='word_1_237' title='bbox 1392 3020 1621 3064; x_wconf 87' lang='lat' dir='ltr'><strong>nostrum</strong></span> <span class='ocrx_word' id='word_1_238' title='bbox 1656 3008 1751 3061; x_wconf 79' lang='lat' dir='ltr'><strong>Je-</strong></span> 
     </span>
    </p>
   </div>
   <div class='ocr_carea' id='block_1_30' title="bbox 150 3102 1749 3174">
    <p class='ocr_par' dir='ltr' id='par_1_30' title="bbox 150 3102 1749 3174">
     <span class='ocr_line' id='line_1_30' title="bbox 150 3102 1749 3174; baseline -0.004 -14"><span class='ocrx_word' id='word_1_239' title='bbox 150 3123 281 3160; x_wconf 84' lang='lat' dir='ltr'><strong>sum</strong></span> <span class='ocrx_word' id='word_1_240' title='bbox 306 3106 561 3160; x_wconf 81' lang='lat' dir='ltr'><strong>Christum</strong></span> <span class='ocrx_word' id='word_1_241' title='bbox 589 3105 706 3158; x_wconf 85' lang='lat' dir='ltr'><strong>estis</strong></span> <span class='ocrx_word' id='word_1_242' title='bbox 736 3105 787 3158; x_wconf 88' lang='lat' dir='ltr'><strong>in</strong></span> <span class='ocrx_word' id='word_1_243' title='bbox 815 3104 1032 3157; x_wconf 86' lang='lat' dir='ltr'><strong>adventu</strong></span> <span class='ocrx_word' id='word_1_244' title='bbox 1057 3105 1204 3174; x_wconf 81' lang='lat' dir='ltr'><strong>ejus?</strong></span> <span class='ocrx_word' id='word_1_245' title='bbox 1250 3102 1568 3157; x_wconf 85' lang='lat' dir='ltr'><strong>Macedones</strong></span> <span class='ocrx_word' id='word_1_246' title='bbox 1605 3111 1749 3165; x_wconf 87' lang='lat' dir='ltr'><strong>sunt,</strong></span> 
     </span>
    </p>
   </div>
   <div class='ocr_carea' id='block_1_31' title="bbox 149 3193 1750 3266">
    <p class='ocr_par' dir='ltr' id='par_1_31' title="bbox 149 3193 1750 3266">
     <span class='ocr_line' id='line_1_31' title="bbox 149 3193 1750 3266; baseline -0.004 -13"><span class='ocrx_word' id='word_1_247' title='bbox 149 3198 475 3266; x_wconf 71' lang='lat' dir='ltr'><strong>dic,lItla‘SO,</strong></span> <span class='ocrx_word' id='word_1_248' title='bbox 501 3211 627 3266; x_wconf 90' lang='lat' dir='ltr'><strong>spes</strong></span> <span class='ocrx_word' id='word_1_249' title='bbox 661 3207 769 3260; x_wconf 88' lang='lat' dir='ltr'><strong>tua,</strong></span> <span class='ocrx_word' id='word_1_250' title='bbox 816 3212 849 3250; x_wconf 94' lang='grc' dir='ltr'>ο</span> <span class='ocrx_word' id='word_1_251' title='bbox 876 3197 1032 3251; x_wconf 86' lang='lat' dir='ltr'><strong>beate</strong></span> <span class='ocrx_word' id='word_1_252' title='bbox 1062 3195 1256 3249; x_wconf 87' lang='lat' dir='ltr'><strong>Paule?</strong></span> <span class='ocrx_word' id='word_1_253' title='bbox 1300 3193 1418 3248; x_wconf 87' lang='lat' dir='ltr'><strong>Non</strong></span> <span class='ocrx_word' id='word_1_254' title='bbox 1459 3194 1516 3257; x_wconf 88' lang='lat' dir='ltr'><strong>ii,</strong></span> <span class='ocrx_word' id='word_1_255' title='bbox 1561 3193 1750 3261; x_wconf 85' lang='lat' dir='ltr'><strong>inquit,</strong></span> 
     </span>
    </p>
   </div>
   <div class='ocr_carea' id='block_1_32' title="bbox 153 3286 1749 3359">
    <p class='ocr_par' dir='ltr' id='par_1_32' title="bbox 153 3286 1749 3359">
     <span class='ocr_line' id='line_1_32' title="bbox 153 3286 1749 3359; baseline -0.003 -15"><span class='ocrx_word' id='word_1_256' title='bbox 153 3291 273 3344; x_wconf 87' lang='lat' dir='ltr'><strong>solt</strong></span> <span class='ocrx_word' id='word_1_257' title='bbox 304 3308 316 3342; x_wconf 92' lang='lat'>:</span> <span class='ocrx_word' id='word_1_258' title='bbox 354 3300 632 3357; x_wconf 77' lang='lat' dir='ltr'><strong>propterea</strong></span> <span class='ocrx_word' id='word_1_259' title='bbox 660 3290 957 3359; x_wconf 79' lang='lat' dir='ltr'><strong>subjunxit,</strong></span> <span class='ocrx_word' id='word_1_260' title='bbox 1001 3290 1185 3343; x_wconf 83' lang='lat' dir='ltr'><strong>Annon</strong></span> <span class='ocrx_word' id='word_1_261' title='bbox 1221 3305 1306 3343; x_wconf 83' lang='lat' dir='ltr'><strong>vos</strong></span> <span class='ocrx_word' id='word_1_262' title='bbox 1333 3286 1565 3358; x_wconf 85' lang='lat' dir='ltr'><strong>quoque?</strong></span> <span class='ocrx_word' id='word_1_263' title='bbox 1593 3286 1749 3352; x_wconf 83' lang='lat' dir='ltr'><strong>Qua:-</strong></span> 
     </span>
    </p>
   </div>
   <div class='ocr_carea' id='block_1_33' title="bbox 152 3379 1752 3450">
    <p class='ocr_par' dir='ltr' id='par_1_33' title="bbox 152 3379 1752 3450">
     <span class='ocr_line' id='line_1_33' title="bbox 152 3379 1752 3450; baseline -0.004 -15"><span class='ocrx_word' id='word_1_264' title='bbox 152 3398 289 3435; x_wconf 84' lang='lat' dir='ltr'><strong>nam</strong></span> <span class='ocrx_word' id='word_1_265' title='bbox 320 3392 390 3435; x_wconf 84' lang='lat' dir='ltr'><strong>est</strong></span> <span class='ocrx_word' id='word_1_266' title='bbox 417 3382 572 3445; x_wconf 87' lang='lat' dir='ltr'><strong>enim,</strong></span> <span class='ocrx_word' id='word_1_267' title='bbox 604 3382 793 3450; x_wconf 87' lang='lat' dir='ltr'><strong>inquit,</strong></span> <span class='ocrx_word' id='word_1_268' title='bbox 829 3381 973 3434; x_wconf 88' lang='lat' dir='ltr'><strong>nobis</strong></span> <span class='ocrx_word' id='word_1_269' title='bbox 996 3397 1130 3449; x_wconf 86' lang='lat' dir='ltr'><strong>spes,</strong></span> <span class='ocrx_word' id='word_1_270' title='bbox 1149 3390 1235 3433; x_wconf 88' lang='lat' dir='ltr'><strong>aut</strong></span> <span class='ocrx_word' id='word_1_271' title='bbox 1256 3379 1519 3450; x_wconf 87' lang='lat' dir='ltr'><strong>gaudium,</strong></span> <span class='ocrx_word' id='word_1_272' title='bbox 1549 3386 1635 3430; x_wconf 91' lang='lat' dir='ltr'><strong>aut</strong></span> <span class='ocrx_word' id='word_1_273' title='bbox 1663 3392 1752 3429; x_wconf 90' lang='lat' dir='ltr'><strong>co-</strong></span> 
     </span>
    </p>
   </div>
   <div class='ocr_carea' id='block_1_34' title="bbox 151 3469 1755 3545">
    <p class='ocr_par' dir='ltr' id='par_1_34' title="bbox 151 3469 1755 3545">
     <span class='ocr_line' id='line_1_34' title="bbox 151 3469 1755 3545; baseline -0.005 -16"><span class='ocrx_word' id='word_1_274' title='bbox 151 3492 297 3529; x_wconf 84' lang='lat' dir='ltr'><strong>rona</strong></span> <span class='ocrx_word' id='word_1_275' title='bbox 319 3474 537 3544; x_wconf 74' lang='lat' dir='ltr'><strong>gloriw?</strong></span> <span class='ocrx_word' id='word_1_276' title='bbox 564 3474 933 3545; x_wconf 89' lang='lat' dir='ltr'><strong>Agnoscitisne</strong></span> <span class='ocrx_word' id='word_1_277' title='bbox 954 3472 1114 3528; x_wconf 87' lang='lat' dir='ltr'><strong>verba</strong></span> <span class='ocrx_word' id='word_1_278' title='bbox 1142 3488 1261 3527; x_wconf 84' lang='lat' dir='ltr'><strong>esse</strong></span> <span class='ocrx_word' id='word_1_279' title='bbox 1287 3471 1567 3526; x_wconf 87' lang='lat' dir='ltr'><strong>mulierum</strong></span> <span class='ocrx_word' id='word_1_280' title='bbox 1596 3469 1755 3522; x_wconf 85' lang='lat' dir='ltr'><strong>visce-</strong></span> 
     </span>
    </p>
   </div>
   <div class='ocr_carea' id='block_1_35' title="bbox 154 3559 1755 3635">
    <p class='ocr_par' dir='ltr' id='par_1_35' title="bbox 154 3559 1755 3635">
     <span class='ocr_line' id='line_1_35' title="bbox 154 3559 1755 3635; baseline -0.004 -15"><span class='ocrx_word' id='word_1_281' title='bbox 154 3569 319 3623; x_wconf 85' lang='lat' dir='ltr'><strong>ribus</strong></span> <span class='ocrx_word' id='word_1_282' title='bbox 348 3566 505 3620; x_wconf 86' lang='lat' dir='ltr'><strong>valde</strong></span> <span class='ocrx_word' id='word_1_283' title='bbox 545 3566 1006 3627; x_wconf 89' lang='lat' dir='ltr'><strong>iucalcscentium,</strong></span> <span class='ocrx_word' id='word_1_284' title='bbox 1036 3566 1369 3635; x_wconf 87' lang='lat' dir='ltr'><strong>loquentium</strong></span> <span class='ocrx_word' id='word_1_285' title='bbox 1411 3577 1533 3617; x_wconf 90' lang='lat' dir='ltr'><strong>cum</strong></span> <span class='ocrx_word' id='word_1_286' title='bbox 1582 3559 1755 3615; x_wconf 85' lang='lat' dir='ltr'><strong>iulan-</strong></span> 
     </span>
    </p>
   </div>
   <div class='ocr_carea' id='block_1_36' title="bbox 153 3654 1754 3728">
    <p class='ocr_par' dir='ltr' id='par_1_36' title="bbox 153 3654 1754 3728">
     <span class='ocr_line' id='line_1_36' title="bbox 153 3654 1754 3728; baseline -0.004 -15"><span class='ocrx_word' id='word_1_287' title='bbox 153 3659 356 3714; x_wconf 86' lang='lat' dir='ltr'><strong>tibus?</strong></span> <span class='ocrx_word' id='word_1_288' title='bbox 387 3657 453 3710; x_wconf 83' lang='lat' dir='ltr'><strong>Et</strong></span> <span class='ocrx_word' id='word_1_289' title='bbox 482 3675 687 3723; x_wconf 83' lang='lat' dir='ltr'><strong>corona,</strong></span> <span class='ocrx_word' id='word_1_290' title='bbox 719 3658 902 3728; x_wconf 81' lang='lat' dir='ltr'><strong>inquit,</strong></span> <span class='ocrx_word' id='word_1_291' title='bbox 933 3658 1129 3728; x_wconf 69' lang='lat' dir='ltr'><strong>glorias.</strong></span> <span class='ocrx_word' id='word_1_292' title='bbox 1158 3656 1273 3710; x_wconf 88' lang='lat' dir='ltr'><strong>Non</strong></span> <span class='ocrx_word' id='word_1_293' title='bbox 1302 3654 1754 3710; x_wconf 87' lang='lat' dir='ltr'><strong>sulﬁcicbatenim</strong></span> 
     </span>
    </p>
   </div>
   <div class='ocr_carea' id='block_1_37' title="bbox 154 3743 1757 3817">
    <p class='ocr_par' dir='ltr' id='par_1_37' title="bbox 154 3743 1757 3817">
     <span class='ocr_line' id='line_1_37' title="bbox 154 3743 1757 3817; baseline -0.007 -8"><span class='ocrx_word' id='word_1_294' title='bbox 154 3766 397 3809; x_wconf 70' lang='lat' dir='ltr'><strong>Coronae</strong></span> <span class='ocrx_word' id='word_1_295' title='bbox 453 3767 644 3806; x_wconf 85' lang='lat' dir='ltr'><strong>nomen</strong></span> <span class='ocrx_word' id='word_1_296' title='bbox 688 3750 756 3805; x_wconf 90' lang='lat' dir='ltr'><strong>ad</strong></span> <span class='ocrx_word' id='word_1_297' title='bbox 801 3749 1190 3805; x_wconf 88' lang='lat' dir='ltr'><strong>ostendendum</strong></span> <span class='ocrx_word' id='word_1_298' title='bbox 1243 3746 1605 3817; x_wconf 86' lang='lat' dir='ltr'><strong>splendorem,</strong></span> <span class='ocrx_word' id='word_1_299' title='bbox 1662 3743 1757 3798; x_wconf 90' lang='lat' dir='ltr'><strong>sed</strong></span> 
     </span>
    </p>
   </div>
   <div class='ocr_carea' id='block_1_38' title="bbox 149 3834 1755 3909">
    <p class='ocr_par' dir='ltr' id='par_1_38' title="bbox 149 3834 1755 3909">
     <span class='ocr_line' id='line_1_38' title="bbox 149 3834 1755 3909; baseline -0.008 -9"><span class='ocrx_word' id='word_1_300' title='bbox 149 3846 338 3900; x_wconf 88' lang='lat' dir='ltr'><strong>etiam</strong></span> <span class='ocrx_word' id='word_1_301' title='bbox 366 3842 586 3909; x_wconf 88' lang='lat' dir='ltr'><strong>addidit,</strong></span> <span class='ocrx_word' id='word_1_302' title='bbox 618 3841 827 3897; x_wconf 77' lang='lat' dir='ltr'><strong>Glorite.</strong></span> <span class='ocrx_word' id='word_1_303' title='bbox 859 3842 1051 3908; x_wconf 89' lang='lat' dir='ltr'><strong>Quanti</strong></span> <span class='ocrx_word' id='word_1_304' title='bbox 1081 3848 1163 3894; x_wconf 90' lang='lat' dir='ltr'><strong>est</strong></span> <span class='ocrx_word' id='word_1_305' title='bbox 1194 3840 1295 3893; x_wconf 89' lang='lat' dir='ltr'><strong>hoc</strong></span> <span class='ocrx_word' id='word_1_306' title='bbox 1317 3837 1553 3892; x_wconf 86' lang='lat' dir='ltr'><strong>ardoris!</strong></span> <span class='ocrx_word' id='word_1_307' title='bbox 1586 3834 1755 3889; x_wconf 83' lang='lat' dir='ltr'><strong>Nutu-</strong></span> 
     </span>
    </p>
   </div>
   <div class='ocr_carea' id='block_1_39' title="bbox 152 3928 1759 4005">
    <p class='ocr_par' dir='ltr' id='par_1_39' title="bbox 152 3928 1759 4005">
     <span class='ocr_line' id='line_1_39' title="bbox 152 3928 1759 4005; baseline -0.004 -17"><span class='ocrx_word' id='word_1_308' title='bbox 152 3951 337 4005; x_wconf 80' lang='lat' dir='ltr'><strong>quam</strong></span> <span class='ocrx_word' id='word_1_309' title='bbox 369 3944 522 4005; x_wconf 87' lang='lat' dir='ltr'><strong>pater</strong></span> <span class='ocrx_word' id='word_1_310' title='bbox 546 3944 597 3987; x_wconf 88' lang='lat' dir='ltr'><strong>ct</strong></span> <span class='ocrx_word' id='word_1_311' title='bbox 628 3943 821 3998; x_wconf 88' lang='lat' dir='ltr'><strong>mater,</strong></span> <span class='ocrx_word' id='word_1_312' title='bbox 862 3936 905 3987; x_wconf 89' lang='lat' dir='ltr'><strong>si</strong></span> <span class='ocrx_word' id='word_1_313' title='bbox 951 3932 1107 3987; x_wconf 91' lang='lat' dir='ltr'><strong>simul</strong></span> <span class='ocrx_word' id='word_1_314' title='bbox 1136 3940 1317 3986; x_wconf 89' lang='lat' dir='ltr'><strong>essent</strong></span> <span class='ocrx_word' id='word_1_315' title='bbox 1363 3928 1656 3999; x_wconf 80' lang='lat' dir='ltr'><strong>congressi,</strong></span> <span class='ocrx_word' id='word_1_316' title='bbox 1704 3936 1759 3981; x_wconf 90' lang='lat' dir='ltr'><strong>et</strong></span> 
     </span>
    </p>
   </div>
   <div class='ocr_carea' id='block_1_40' title="bbox 154 4023 1761 4094">
    <p class='ocr_par' dir='ltr' id='par_1_40' title="bbox 154 4023 1761 4094">
     <span class='ocr_line' id='line_1_40' title="bbox 154 4023 1761 4094; baseline -0.006 -10"><span class='ocrx_word' id='word_1_317' title='bbox 154 4043 331 4084; x_wconf 87' lang='lat' dir='ltr'><strong>suum</strong></span> <span class='ocrx_word' id='word_1_318' title='bbox 379 4028 721 4082; x_wconf 85' lang='lat' dir='ltr'><strong>miscuissent</strong></span> <span class='ocrx_word' id='word_1_319' title='bbox 749 4026 1101 4091; x_wconf 83' lang='lat' dir='ltr'><strong>desiderium,</strong></span> <span class='ocrx_word' id='word_1_320' title='bbox 1151 4025 1449 4094; x_wconf 86' lang='lat' dir='ltr'><strong>potuissent</strong></span> <span class='ocrx_word' id='word_1_321' title='bbox 1476 4023 1761 4078; x_wconf 83' lang='lat' dir='ltr'><strong>ostendere</strong></span> 
     </span>
    </p>
   </div>
   <div class='ocr_carea' id='block_1_41' title="bbox 157 4114 1760 4189">
    <p class='ocr_par' dir='ltr' id='par_1_41' title="bbox 157 4114 1760 4189">
     <span class='ocr_line' id='line_1_41' title="bbox 157 4114 1760 4189; baseline -0.007 -11"><span class='ocrx_word' id='word_1_322' title='bbox 157 4139 328 4178; x_wconf 90' lang='lat' dir='ltr'><strong>suum</strong></span> <span class='ocrx_word' id='word_1_323' title='bbox 374 4121 699 4176; x_wconf 85' lang='lat' dir='ltr'><strong>desiderium</strong></span> <span class='ocrx_word' id='word_1_324' title='bbox 748 4136 815 4175; x_wconf 85' lang='lat' dir='ltr'><strong>ex</strong></span> <span class='ocrx_word' id='word_1_325' title='bbox 854 4136 1009 4189; x_wconf 68' lang='lat' dir='ltr'><strong>sequo</strong></span> <span class='ocrx_word' id='word_1_326' title='bbox 1041 4118 1371 4189; x_wconf 89' lang='lat' dir='ltr'><strong>respondens</strong></span> <span class='ocrx_word' id='word_1_327' title='bbox 1408 4118 1591 4172; x_wconf 88' lang='lat' dir='ltr'><strong>Paulo.</strong></span> <span class='ocrx_word' id='word_1_328' title='bbox 1629 4114 1760 4168; x_wconf 80' lang='lat' dir='ltr'><strong>Gau-</strong></span> 
     </span>
    </p>
   </div>
   <div class='ocr_carea' id='block_1_42' title="bbox 158 4208 1760 4284">
    <p class='ocr_par' dir='ltr' id='par_1_42' title="bbox 158 4208 1760 4284">
     <span class='ocr_line' id='line_1_42' title="bbox 158 4208 1760 4284; baseline -0.005 -17"><span class='ocrx_word' id='word_1_329' title='bbox 158 4217 337 4279; x_wconf 82' lang='lat' dir='ltr'><strong>dium,</strong></span> <span class='ocrx_word' id='word_1_330' title='bbox 370 4215 561 4284; x_wconf 88' lang='lat' dir='ltr'><strong>inquit,</strong></span> <span class='ocrx_word' id='word_1_331' title='bbox 595 4223 643 4266; x_wconf 90' lang='lat' dir='ltr'><strong>et</strong></span> <span class='ocrx_word' id='word_1_332' title='bbox 679 4228 885 4267; x_wconf 85' lang='lat' dir='ltr'><strong>corona.</strong></span> <span class='ocrx_word' id='word_1_333' title='bbox 918 4212 1105 4280; x_wconf 80' lang='lat' dir='ltr'><strong>Magis,</strong></span> <span class='ocrx_word' id='word_1_334' title='bbox 1158 4210 1347 4278; x_wconf 89' lang='lat' dir='ltr'><strong>inquit,</strong></span> <span class='ocrx_word' id='word_1_335' title='bbox 1397 4208 1605 4264; x_wconf 85' lang='lat' dir='ltr'><strong>exsulto</strong></span> <span class='ocrx_word' id='word_1_336' title='bbox 1634 4222 1760 4276; x_wconf 87' lang='lat' dir='ltr'><strong>pro-</strong></span> 
     </span>
    </p>
   </div>
   <div class='ocr_carea' id='block_1_43' title="bbox 160 4294 1762 4376">
    <p class='ocr_par' dir='ltr' id='par_1_43' title="bbox 160 4294 1762 4376">
     <span class='ocr_line' id='line_1_43' title="bbox 160 4294 1762 4376; baseline -0.003 -20"><span class='ocrx_word' id='word_1_337' title='bbox 160 4317 295 4376; x_wconf 79' lang='lat' dir='ltr'><strong>pter</strong></span> <span class='ocrx_word' id='word_1_338' title='bbox 323 4322 420 4360; x_wconf 74' lang='lat' dir='ltr'><strong>vos</strong></span> <span class='ocrx_word' id='word_1_339' title='bbox 453 4321 614 4375; x_wconf 89' lang='lat' dir='ltr'><strong>quam</strong></span> <span class='ocrx_word' id='word_1_340' title='bbox 665 4312 887 4375; x_wconf 85' lang='lat' dir='ltr'><strong>propter</strong></span> <span class='ocrx_word' id='word_1_341' title='bbox 911 4318 1190 4357; x_wconf 88' lang='lat' dir='ltr'><strong>coronam.</strong></span> <span class='ocrx_word' id='word_1_342' title='bbox 1222 4302 1406 4371; x_wconf 86' lang='lat' dir='ltr'><strong>Cogita</strong></span> <span class='ocrx_word' id='word_1_343' title='bbox 1434 4301 1575 4354; x_wconf 91' lang='lat' dir='ltr'><strong>enim</strong></span> <span class='ocrx_word' id='word_1_344' title='bbox 1601 4294 1762 4368; x_wconf 74' lang='lat' dir='ltr'><strong>&#39;quan-</strong></span> 
     </span>
    </p>
   </div>
   <div class='ocr_carea' id='block_1_44' title="bbox 163 4389 1765 4468">
    <p class='ocr_par' dir='ltr' id='par_1_44' title="bbox 163 4389 1765 4468">
     <span class='ocr_line' id='line_1_44' title="bbox 163 4389 1765 4468; baseline -0.007 -14"><span class='ocrx_word' id='word_1_345' title='bbox 163 4411 288 4454; x_wconf 87' lang='lat' dir='ltr'><strong>tum</strong></span> <span class='ocrx_word' id='word_1_346' title='bbox 322 4399 393 4453; x_wconf 88' lang='lat' dir='ltr'><strong>sit</strong></span> <span class='ocrx_word' id='word_1_347' title='bbox 422 4400 683 4468; x_wconf 84' lang='lat' dir='ltr'><strong>integram</strong></span> <span class='ocrx_word' id='word_1_348' title='bbox 714 4396 907 4451; x_wconf 89' lang='lat' dir='ltr'><strong>adesse</strong></span> <span class='ocrx_word' id='word_1_349' title='bbox 934 4394 1250 4458; x_wconf 85' lang='lat' dir='ltr'><strong>Ecclesiam,</strong></span> <span class='ocrx_word' id='word_1_350' title='bbox 1282 4407 1399 4461; x_wconf 81' lang='lat' dir='ltr'><strong>qu:e</strong></span> <span class='ocrx_word' id='word_1_351' title='bbox 1418 4406 1447 4443; x_wconf 91' lang='lat' dir='ltr'><strong>a</strong></span> <span class='ocrx_word' id='word_1_352' title='bbox 1472 4390 1636 4444; x_wconf 86' lang='lat' dir='ltr'><strong>Paulo</strong></span> <span class='ocrx_word' id='word_1_353' title='bbox 1664 4389 1765 4444; x_wconf 80' lang='lat' dir='ltr'><strong>fuit</strong></span> 
     </span>
    </p>
   </div>
   <div class='ocr_carea' id='block_1_45' title="bbox 166 4482 1765 4564">
    <p class='ocr_par' dir='ltr' id='par_1_45' title="bbox 166 4482 1765 4564">
     <span class='ocr_line' id='line_1_45' title="bbox 166 4482 1765 4564; baseline -0.006 -19"><span class='ocrx_word' id='word_1_354' title='bbox 166 4496 442 4564; x_wconf 81' lang='lat' dir='ltr'><strong>plantata,</strong></span> <span class='ocrx_word' id='word_1_355' title='bbox 466 4499 521 4545; x_wconf 87' lang='lat' dir='ltr'><strong>et</strong></span> <span class='ocrx_word' id='word_1_356' title='bbox 550 4491 659 4559; x_wconf 88' lang='lat' dir='ltr'><strong>egit</strong></span> <span class='ocrx_word' id='word_1_357' title='bbox 686 4488 899 4543; x_wconf 87' lang='lat' dir='ltr'><strong>radices</strong></span> <span class='ocrx_word' id='word_1_358' title='bbox 934 4507 945 4542; x_wconf 91' lang='lat'><strong>:</strong></span> <span class='ocrx_word' id='word_1_359' title='bbox 976 4487 1095 4556; x_wconf 84' lang='lat' dir='ltr'><strong>quis</strong></span> <span class='ocrx_word' id='word_1_360' title='bbox 1140 4500 1245 4539; x_wconf 91' lang='lat' dir='ltr'><strong>non</strong></span> <span class='ocrx_word' id='word_1_361' title='bbox 1288 4482 1521 4538; x_wconf 81' lang='lat' dir='ltr'><strong>exsultet</strong></span> <span class='ocrx_word' id='word_1_362' title='bbox 1548 4489 1765 4550; x_wconf 81' lang='lat' dir='ltr'><strong>prapter</strong></span> 
     </span>
    </p>
   </div>
   <div class='ocr_carea' id='block_1_46' title="bbox 167 4573 1765 4647">
    <p class='ocr_par' dir='ltr' id='par_1_46' title="bbox 167 4573 1765 4647">
     <span class='ocr_line' id='line_1_46' title="bbox 167 4573 1765 4647; baseline -0.008 -8"><span class='ocrx_word' id='word_1_363' title='bbox 167 4598 286 4639; x_wconf 85' lang='lat' dir='ltr'><strong>tam</strong></span> <span class='ocrx_word' id='word_1_364' title='bbox 318 4586 517 4639; x_wconf 87' lang='lat' dir='ltr'><strong>bonam</strong></span> <span class='ocrx_word' id='word_1_365' title='bbox 546 4591 601 4637; x_wconf 88' lang='lat' dir='ltr'><strong>et</strong></span> <span class='ocrx_word' id='word_1_366' title='bbox 629 4594 967 4635; x_wconf 91' lang='lat' dir='ltr'><strong>numerosam</strong></span> <span class='ocrx_word' id='word_1_367' title='bbox 995 4577 1232 4647; x_wconf 85' lang='lat' dir='ltr'><strong>prolem?</strong></span> <span class='ocrx_word' id='word_1_368' title='bbox 1261 4573 1621 4641; x_wconf 85' lang='lat' dir='ltr'><strong>Quamobrem</strong></span> <span class='ocrx_word' id='word_1_369' title='bbox 1665 4587 1765 4628; x_wconf 92' lang='lat' dir='ltr'><strong>nec</strong></span> 
     </span>
    </p>
   </div>
   <div class='ocr_carea' id='block_1_47' title="bbox 166 4665 1762 4733">
    <p class='ocr_par' dir='ltr' id='par_1_47' title="bbox 166 4665 1762 4733">
     <span class='ocr_line' id='line_1_47' title="bbox 166 4665 1762 4733; baseline -0.008 -2"><span class='ocrx_word' id='word_1_370' title='bbox 166 4678 282 4731; x_wconf 88' lang='lat' dir='ltr'><strong>hoc</strong></span> <span class='ocrx_word' id='word_1_371' title='bbox 312 4686 398 4731; x_wconf 89' lang='lat' dir='ltr'><strong>est</strong></span> <span class='ocrx_word' id='word_1_372' title='bbox 449 4674 792 4729; x_wconf 88' lang='lat' dir='ltr'><strong>adulationis.</strong></span> <span class='ocrx_word' id='word_1_373' title='bbox 842 4670 959 4726; x_wconf 86' lang='lat' dir='ltr'><strong>Non</strong></span> <span class='ocrx_word' id='word_1_374' title='bbox 1004 4670 1138 4723; x_wconf 84' lang='lat' dir='ltr'><strong>dixit</strong></span> <span class='ocrx_word' id='word_1_375' title='bbox 1186 4669 1328 4723; x_wconf 91' lang='lat' dir='ltr'><strong>enim</strong></span> <span class='ocrx_word' id='word_1_376' title='bbox 1376 4676 1601 4732; x_wconf 88' lang='lat' dir='ltr'><strong>tantum,</strong></span> <span class='ocrx_word' id='word_1_377' title='bbox 1634 4665 1762 4733; x_wconf 86' lang='lat' dir='ltr'><strong>Vos,</strong></span> 
     </span>
    </p>
   </div>
   <div class='ocr_carea' id='block_1_48' title="bbox 165 4760 1768 4835">
    <p class='ocr_par' dir='ltr' id='par_1_48' title="bbox 165 4760 1768 4835">
     <span class='ocr_line' id='line_1_48' title="bbox 165 4760 1768 4835; baseline -0.009 -9"><span class='ocrx_word' id='word_1_378' title='bbox 165 4773 298 4835; x_wconf 85' lang='lat' dir='ltr'><strong>sed,</strong></span> <span class='ocrx_word' id='word_1_379' title='bbox 328 4771 440 4824; x_wconf 81' lang='lat' dir='ltr'><strong>Vos</strong></span> <span class='ocrx_word' id='word_1_380' title='bbox 468 4785 589 4824; x_wconf 90' lang='lat' dir='ltr'><strong>cum</strong></span> <span class='ocrx_word' id='word_1_381' title='bbox 615 4769 752 4821; x_wconf 91' lang='lat' dir='ltr'><strong>aliis.</strong></span> <span class='ocrx_word' id='word_1_382' title='bbox 776 4767 866 4821; x_wconf 73' lang='grc'><strong>20.</strong></span> <span class='ocrx_word' id='word_1_383' title='bbox 906 4764 1007 4818; x_wconf 75' lang='lat' dir='ltr'><strong>Vos</strong></span> <span class='ocrx_word' id='word_1_384' title='bbox 1031 4763 1164 4817; x_wconf 88' lang='lat' dir='ltr'><strong>enim</strong></span> <span class='ocrx_word' id='word_1_385' title='bbox 1188 4762 1304 4815; x_wconf 83' lang='lat' dir='ltr'><strong>estis</strong></span> <span class='ocrx_word' id='word_1_386' title='bbox 1333 4760 1495 4830; x_wconf 86' lang='lat' dir='ltr'><strong>gloria</strong></span> <span class='ocrx_word' id='word_1_387' title='bbox 1516 4769 1688 4814; x_wconf 86' lang='lat' dir='ltr'><strong>nostra</strong></span> <span class='ocrx_word' id='word_1_388' title='bbox 1720 4768 1768 4813; x_wconf 88' lang='lat' dir='ltr'><strong>et</strong></span> 
     </span>
    </p>
   </div>
   <div class='ocr_carea' id='block_1_49' title="bbox 163 4849 1767 4934">
    <p class='ocr_par' dir='ltr' id='par_1_49' title="bbox 163 4849 1767 4934">
     <span class='ocr_line' id='line_1_49' title="bbox 163 4849 1767 4934; baseline -0.009 -20"><span class='ocrx_word' id='word_1_389' title='bbox 163 4862 450 4934; x_wconf 83' lang='lat' dir='ltr'><strong>gaudium.</strong></span> <span class='ocrx_word' id='word_1_390' title='bbox 506 4858 673 4929; x_wconf 88' lang='lat' dir='ltr'><strong>(Cap.</strong></span> <span class='ocrx_word' id='word_1_391' title='bbox 710 4858 787 4921; x_wconf 80' lang='grc'><strong>5.)</strong></span> <span class='ocrx_word' id='word_1_392' title='bbox 832 4858 885 4910; x_wconf 90' lang='grc'><strong>1.</strong></span> <span class='ocrx_word' id='word_1_393' title='bbox 934 4854 1149 4923; x_wconf 85' lang='lat' dir='ltr'><strong>Propter</strong></span> <span class='ocrx_word' id='word_1_394' title='bbox 1200 4850 1335 4923; x_wconf 85' lang='lat' dir='ltr'><strong>quod</strong></span> <span class='ocrx_word' id='word_1_395' title='bbox 1373 4866 1473 4903; x_wconf 89' lang='lat' dir='ltr'><strong>non</strong></span> <span class='ocrx_word' id='word_1_396' title='bbox 1520 4849 1767 4903; x_wconf 80' lang='lat' dir='ltr'><strong>sustinen-</strong></span> 
     </span>
    </p>
   </div>
   <div class='ocr_carea' id='block_1_50' title="bbox 166 4940 1763 5021">
    <p class='ocr_par' dir='ltr' id='par_1_50' title="bbox 166 4940 1763 5021">
     <span class='ocr_line' id='line_1_50' title="bbox 166 4940 1763 5021; baseline -0.009 -13"><span class='ocrx_word' id='word_1_397' title='bbox 166 4968 253 5008; x_wconf 79' lang='lat' dir='ltr'><strong>tes</strong></span> <span class='ocrx_word' id='word_1_398' title='bbox 296 4952 546 5021; x_wconf 84' lang='lat' dir='ltr'><strong>amplius,</strong></span> <span class='ocrx_word' id='word_1_399' title='bbox 601 4948 793 5021; x_wconf 89' lang='lat' dir='ltr'><strong>placuit</strong></span> <span class='ocrx_word' id='word_1_400' title='bbox 876 4945 1017 4999; x_wconf 89' lang='lat' dir='ltr'><strong>nobis</strong></span> <span class='ocrx_word' id='word_1_401' title='bbox 1066 4960 1324 4998; x_wconf 82' lang='lat' dir='ltr'><strong>remanere</strong></span> <span class='ocrx_word' id='word_1_402' title='bbox 1373 4942 1579 4994; x_wconf 78' lang='lat' dir='ltr'><strong>Athenis</strong></span> <span class='ocrx_word' id='word_1_403' title='bbox 1623 4940 1763 4994; x_wconf 86' lang='lat' dir='ltr'><strong>solis.</strong></span> 
     </span>
    </p>
   </div>
   <div class='ocr_carea' id='block_1_51' title="bbox 168 5033 1769 5110">
    <p class='ocr_par' dir='ltr' id='par_1_51' title="bbox 168 5033 1769 5110">
     <span class='ocr_line' id='line_1_51' title="bbox 168 5033 1769 5110; baseline -0.011 -8"><span class='ocrx_word' id='word_1_404' title='bbox 168 5046 418 5110; x_wconf 86' lang='lat' dir='ltr'><strong>Placuit,</strong></span> <span class='ocrx_word' id='word_1_405' title='bbox 450 5043 500 5099; x_wconf 88' lang='lat' dir='ltr'><strong>id</strong></span> <span class='ocrx_word' id='word_1_406' title='bbox 527 5052 630 5106; x_wconf 87' lang='lat' dir='ltr'><strong>est,</strong></span> <span class='ocrx_word' id='word_1_407' title='bbox 658 5041 947 5109; x_wconf 84' lang='lat' dir='ltr'><strong>Elegimus.</strong></span> <span class='ocrx_word' id='word_1_408' title='bbox 977 5037 1034 5090; x_wconf 68' lang='lat'><strong>2.</strong></span> <span class='ocrx_word' id='word_1_409' title='bbox 1069 5036 1135 5090; x_wconf 85' lang='lat' dir='ltr'><strong>Et</strong></span> <span class='ocrx_word' id='word_1_410' title='bbox 1184 5036 1411 5090; x_wconf 84' lang='lat' dir='ltr'><strong>misimus</strong></span> <span class='ocrx_word' id='word_1_411' title='bbox 1458 5033 1769 5087; x_wconf 87' lang='lat' dir='ltr'><strong>Timotheum</strong></span> 
     </span>
    </p>
   </div>
   <div class='ocr_carea' id='block_1_52' title="bbox 166 5125 1769 5212">
    <p class='ocr_par' dir='ltr' id='par_1_52' title="bbox 166 5125 1769 5212">
     <span class='ocr_line' id='line_1_52' title="bbox 166 5125 1769 5212; baseline -0.009 -20"><span class='ocrx_word' id='word_1_412' title='bbox 166 5142 401 5212; x_wconf 72' lang='lat' dir='ltr'><strong>fratrem</strong></span> <span class='ocrx_word' id='word_1_413' title='bbox 472 5144 737 5199; x_wconf 87' lang='lat' dir='ltr'><strong>nostrum,</strong></span> <span class='ocrx_word' id='word_1_414' title='bbox 796 5142 845 5186; x_wconf 89' lang='lat' dir='ltr'><strong>et</strong></span> <span class='ocrx_word' id='word_1_415' title='bbox 891 5132 1179 5184; x_wconf 87' lang='lat' dir='ltr'><strong>ministrum</strong></span> <span class='ocrx_word' id='word_1_416' title='bbox 1241 5128 1340 5182; x_wconf 85' lang='lat' dir='ltr'><strong>Dei</strong></span> <span class='ocrx_word' id='word_1_417' title='bbox 1392 5128 1447 5180; x_wconf 88' lang='lat' dir='ltr'><strong>in</strong></span> <span class='ocrx_word' id='word_1_418' title='bbox 1512 5125 1769 5194; x_wconf 81' lang='lat' dir='ltr'><strong>euangelio</strong></span> 
     </span>
    </p>
   </div>
   <div class='ocr_carea' id='block_1_53' title="bbox 165 5216 1770 5291">
    <p class='ocr_par' dir='ltr' id='par_1_53' title="bbox 165 5216 1770 5291">
     <span class='ocr_line' id='line_1_53' title="bbox 165 5216 1770 5291; baseline -0.011 -2"><span class='ocrx_word' id='word_1_419' title='bbox 165 5232 404 5289; x_wconf 85' lang='lat' dir='ltr'><strong>Christi.</strong></span> <span class='ocrx_word' id='word_1_420' title='bbox 432 5229 501 5285; x_wconf 83' lang='lat' dir='ltr'><strong>Et</strong></span> <span class='ocrx_word' id='word_1_421' title='bbox 528 5229 630 5284; x_wconf 91' lang='lat' dir='ltr'><strong>hoc</strong></span> <span class='ocrx_word' id='word_1_422' title='bbox 659 5227 812 5291; x_wconf 89' lang='lat' dir='ltr'><strong>dicit,</strong></span> <span class='ocrx_word' id='word_1_423' title='bbox 844 5241 949 5279; x_wconf 89' lang='lat' dir='ltr'><strong>non</strong></span> <span class='ocrx_word' id='word_1_424' title='bbox 974 5222 1314 5278; x_wconf 88' lang='lat' dir='ltr'><strong>Timotheum</strong></span> <span class='ocrx_word' id='word_1_425' title='bbox 1354 5220 1641 5284; x_wconf 81' lang='lat' dir='ltr'><strong>extollens,</strong></span> <span class='ocrx_word' id='word_1_426' title='bbox 1674 5216 1770 5272; x_wconf 89' lang='lat' dir='ltr'><strong>sed</strong></span> 
     </span>
    </p>
   </div>
   <div class='ocr_carea' id='block_1_54' title="bbox 168 5311 1771 5397">
    <p class='ocr_par' dir='ltr' id='par_1_54' title="bbox 168 5311 1771 5397">
     <span class='ocr_line' id='line_1_54' title="bbox 168 5311 1771 5397; baseline -0.014 -15"><span class='ocrx_word' id='word_1_427' title='bbox 168 5328 342 5397; x_wconf 87' lang='lat' dir='ltr'><strong>ipsos</strong></span> <span class='ocrx_word' id='word_1_428' title='bbox 365 5320 654 5384; x_wconf 89' lang='lat' dir='ltr'><strong>honorans,</strong></span> <span class='ocrx_word' id='word_1_429' title='bbox 686 5329 743 5373; x_wconf 89' lang='lat' dir='ltr'><strong>ut</strong></span> <span class='ocrx_word' id='word_1_430' title='bbox 772 5317 861 5387; x_wconf 88' lang='lat' dir='ltr'><strong>qui</strong></span> <span class='ocrx_word' id='word_1_431' title='bbox 891 5315 1188 5385; x_wconf 86' lang='lat' dir='ltr'><strong>adjutorem</strong></span> <span class='ocrx_word' id='word_1_432' title='bbox 1200 5322 1255 5368; x_wconf 89' lang='lat' dir='ltr'><strong>et</strong></span> <span class='ocrx_word' id='word_1_433' title='bbox 1280 5311 1581 5366; x_wconf 90' lang='lat' dir='ltr'><strong>ministrum</strong></span> <span class='ocrx_word' id='word_1_434' title='bbox 1608 5323 1771 5363; x_wconf 81' lang='lat' dir='ltr'><strong>evan-</strong></span> 
     </span>
    </p>
   </div>
   <div class='ocr_carea' id='block_1_55' title="bbox 166 5399 1771 5491">
    <p class='ocr_par' dir='ltr' id='par_1_55' title="bbox 166 5399 1771 5491">
     <span class='ocr_line' id='line_1_55' title="bbox 166 5399 1771 5491; baseline -0.011 -18"><span class='ocrx_word' id='word_1_435' title='bbox 166 5418 315 5491; x_wconf 76' lang='lat' dir='ltr'><strong>gelii</strong></span> <span class='ocrx_word' id='word_1_436' title='bbox 347 5414 554 5469; x_wconf 88' lang='lat' dir='ltr'><strong>miserit</strong></span> <span class='ocrx_word' id='word_1_437' title='bbox 581 5413 744 5482; x_wconf 90' lang='lat' dir='ltr'><strong>ipsis;</strong></span> <span class='ocrx_word' id='word_1_438' title='bbox 787 5409 937 5479; x_wconf 87' lang='lat' dir='ltr'><strong>quasi</strong></span> <span class='ocrx_word' id='word_1_439' title='bbox 964 5408 1183 5472; x_wconf 89' lang='lat' dir='ltr'><strong>diceret,</strong></span> <span class='ocrx_word' id='word_1_440' title='bbox 1216 5405 1467 5460; x_wconf 84' lang='lat' dir='ltr'><strong>Avulsum</strong></span> <span class='ocrx_word' id='word_1_441' title='bbox 1499 5402 1566 5457; x_wconf 87' lang='lat' dir='ltr'><strong>ab</strong></span> <span class='ocrx_word' id='word_1_442' title='bbox 1595 5399 1771 5472; x_wconf 85' lang='lat' dir='ltr'><strong>operi-</strong></span> 
     </span>
    </p>
   </div>
   <div class='ocr_carea' id='block_1_56' title="bbox 167 5497 1772 5569">
    <p class='ocr_par' dir='ltr' id='par_1_56' title="bbox 167 5497 1772 5569">
     <span class='ocr_line' id='line_1_56' title="bbox 167 5497 1772 5569; baseline -0.013 0"><span class='ocrx_word' id='word_1_443' title='bbox 167 5516 290 5569; x_wconf 85' lang='lat' dir='ltr'><strong>bus</strong></span> <span class='ocrx_word' id='word_1_444' title='bbox 314 5510 563 5565; x_wconf 86' lang='lat' dir='ltr'><strong>misimus</strong></span> <span class='ocrx_word' id='word_1_445' title='bbox 586 5505 653 5561; x_wconf 91' lang='lat' dir='ltr'><strong>ad</strong></span> <span class='ocrx_word' id='word_1_446' title='bbox 683 5519 778 5559; x_wconf 88' lang='lat' dir='ltr'><strong>vos</strong></span> <span class='ocrx_word' id='word_1_447' title='bbox 804 5503 1105 5557; x_wconf 86' lang='lat' dir='ltr'><strong>ministrum</strong></span> <span class='ocrx_word' id='word_1_448' title='bbox 1134 5499 1249 5561; x_wconf 89' lang='lat' dir='ltr'><strong>Dei,</strong></span> <span class='ocrx_word' id='word_1_449' title='bbox 1275 5507 1330 5553; x_wconf 88' lang='lat' dir='ltr'><strong>et</strong></span> <span class='ocrx_word' id='word_1_450' title='bbox 1348 5497 1643 5567; x_wconf 71' lang='lat' dir='ltr'><strong>adiutorem</strong></span> <span class='ocrx_word' id='word_1_451' title='bbox 1674 5510 1772 5549; x_wconf 88' lang='lat' dir='ltr'><strong>no-</strong></span> 
     </span>
    </p>
   </div>
   <div class='ocr_carea' id='block_1_57' title="bbox 168 5586 1766 5666">
    <p class='ocr_par' dir='ltr' id='par_1_57' title="bbox 168 5586 1766 5666">
     <span class='ocr_line' id='line_1_57' title="bbox 168 5586 1766 5666; baseline -0.01 -10"><span class='ocrx_word' id='word_1_452' title='bbox 168 5614 365 5657; x_wconf 85' lang='lat' dir='ltr'><strong>strum</strong></span> <span class='ocrx_word' id='word_1_453' title='bbox 412 5599 468 5654; x_wconf 90' lang='lat' dir='ltr'><strong>in</strong></span> <span class='ocrx_word' id='word_1_454' title='bbox 521 5596 797 5666; x_wconf 80' lang='lat' dir='ltr'><strong>evangelio</strong></span> <span class='ocrx_word' id='word_1_455' title='bbox 846 5590 1063 5647; x_wconf 88' lang='lat' dir='ltr'><strong>Christi.</strong></span> <span class='ocrx_word' id='word_1_456' title='bbox 1118 5590 1252 5644; x_wconf 91' lang='lat' dir='ltr'><strong>Tum</strong></span> <span class='ocrx_word' id='word_1_457' title='bbox 1303 5603 1517 5644; x_wconf 87' lang='lat' dir='ltr'><strong>causam</strong></span> <span class='ocrx_word' id='word_1_458' title='bbox 1572 5586 1766 5642; x_wconf 85' lang='lat' dir='ltr'><strong>addit:</strong></span> 
     </span>
    </p>
   </div>
   <div class='ocr_carea' id='block_1_58' title="bbox 167 5680 1769 5760">
    <p class='ocr_par' dir='ltr' id='par_1_58' title="bbox 167 5680 1769 5760">
     <span class='ocr_line' id='line_1_58' title="bbox 167 5680 1769 5760; baseline -0.011 -12"><span class='ocrx_word' id='word_1_459' title='bbox 167 5694 272 5749; x_wconf 81' lang='lat' dir='ltr'><strong>Ad</strong></span> <span class='ocrx_word' id='word_1_460' title='bbox 297 5688 677 5760; x_wconf 76' lang='lat' dir='ltr'><strong>conﬁrmandos</strong></span> <span class='ocrx_word' id='word_1_461' title='bbox 705 5703 791 5740; x_wconf 85' lang='lat' dir='ltr'><strong>vos</strong></span> <span class='ocrx_word' id='word_1_462' title='bbox 810 5695 856 5739; x_wconf 87' lang='lat' dir='ltr'><strong>et</strong></span> <span class='ocrx_word' id='word_1_463' title='bbox 882 5681 1221 5738; x_wconf 77' lang='lat' dir='ltr'><strong>exhortandos</strong></span> <span class='ocrx_word' id='word_1_464' title='bbox 1247 5696 1333 5734; x_wconf 85' lang='lat' dir='ltr'><strong>vos</strong></span> <span class='ocrx_word' id='word_1_465' title='bbox 1359 5695 1450 5746; x_wconf 87' lang='lat' dir='ltr'><strong>pro</strong></span> <span class='ocrx_word' id='word_1_466' title='bbox 1467 5680 1569 5748; x_wconf 81' lang='lat' dir='ltr'><strong>ﬁde</strong></span> <span class='ocrx_word' id='word_1_467' title='bbox 1588 5688 1769 5743; x_wconf 83' lang='lat' dir='ltr'><strong>vestra,</strong></span> 
     </span>
    </p>
   </div>
   <div class='ocr_carea' id='block_1_59' title="bbox 166 5768 1770 5842">
    <p class='ocr_par' dir='ltr' id='par_1_59' title="bbox 166 5768 1770 5842">
     <span class='ocr_line' id='line_1_59' title="bbox 166 5768 1770 5842; baseline -0.011 -1"><span class='ocrx_word' id='word_1_468' title='bbox 166 5788 245 5842; x_wconf 78' lang='lat'><strong>&#39;5.</strong></span> <span class='ocrx_word' id='word_1_469' title='bbox 278 5792 334 5837; x_wconf 84' lang='lat' dir='ltr'><strong>ut</strong></span> <span class='ocrx_word' id='word_1_470' title='bbox 368 5797 516 5836; x_wconf 83' lang='lat' dir='ltr'><strong>nemo</strong></span> <span class='ocrx_word' id='word_1_471' title='bbox 543 5786 799 5833; x_wconf 82' lang='lat' dir='ltr'><strong>moveatur</strong></span> <span class='ocrx_word' id='word_1_472' title='bbox 824 5778 875 5828; x_wconf 91' lang='lat' dir='ltr'><strong>in</strong></span> <span class='ocrx_word' id='word_1_473' title='bbox 905 5771 1315 5827; x_wconf 86' lang='lat' dir='ltr'><strong>tribulationibus</strong></span> <span class='ocrx_word' id='word_1_474' title='bbox 1338 5771 1470 5824; x_wconf 84' lang='lat' dir='ltr'><strong>istis.</strong></span> <span class='ocrx_word' id='word_1_475' title='bbox 1503 5768 1641 5837; x_wconf 88' lang='lat' dir='ltr'><strong>Quid</strong></span> <span class='ocrx_word' id='word_1_476' title='bbox 1670 5783 1770 5823; x_wconf 89' lang='lat' dir='ltr'><strong>au-</strong></span> 
     </span>
    </p>
   </div>
   <div class='ocr_carea' id='block_1_60' title="bbox 172 5861 1772 5937">
    <p class='ocr_par' dir='ltr' id='par_1_60' title="bbox 172 5861 1772 5937">
     <span class='ocr_line' id='line_1_60' title="bbox 172 5861 1772 5937; baseline -0.01 -4"><span class='ocrx_word' id='word_1_477' title='bbox 172 5890 303 5935; x_wconf 81' lang='lat' dir='ltr'><strong>tem</strong></span> <span class='ocrx_word' id='word_1_478' title='bbox 334 5872 421 5929; x_wconf 84' lang='lat' dir='ltr'><strong>hic</strong></span> <span class='ocrx_word' id='word_1_479' title='bbox 446 5870 609 5928; x_wconf 83' lang='lat' dir='ltr'><strong>dicit?</strong></span> <span class='ocrx_word' id='word_1_480' title='bbox 635 5866 893 5937; x_wconf 79' lang='lat' dir='ltr'><strong>Quoniam</strong></span> <span class='ocrx_word' id='word_1_481' title='bbox 914 5864 1282 5936; x_wconf 86' lang='lat' dir='ltr'><strong>magistrorum</strong></span> <span class='ocrx_word' id='word_1_482' title='bbox 1303 5861 1621 5918; x_wconf 72' lang='lat' dir='ltr'><strong>mutationes</strong></span> <span class='ocrx_word' id='word_1_483' title='bbox 1642 5875 1772 5920; x_wconf 85' lang='lat' dir='ltr'><strong>con-</strong></span> 
     </span>
    </p>
   </div>
   <div class='ocr_carea' id='block_1_61' title="bbox 978 418 2596 479">
    <p class='ocr_par' dir='ltr' id='par_1_61' title="bbox 978 418 2596 479">
     <span class='ocr_line' id='line_1_61' title="bbox 978 418 2596 479; baseline 0.001 -1"><span class='ocrx_word' id='word_1_484' title='bbox 978 421 1043 478; x_wconf 82' lang='lat' dir='ltr'><strong>iN</strong></span> <span class='ocrx_word' id='word_1_485' title='bbox 1082 421 1293 478; x_wconf 82' lang='lat' dir='ltr'><strong>EPIST.</strong></span> <span class='ocrx_word' id='word_1_486' title='bbox 1335 420 1354 475; x_wconf 91' lang='grc'><strong>1</strong></span> <span class='ocrx_word' id='word_1_487' title='bbox 1418 420 1509 476; x_wconf 78' lang='lat' dir='ltr'><strong>AD</strong></span> <span class='ocrx_word' id='word_1_488' title='bbox 1547 418 1872 476; x_wconf 81' lang='lat' dir='ltr'><strong>THESSAL.</strong></span> <span class='ocrx_word' id='word_1_489' title='bbox 1915 420 2067 477; x_wconf 80' lang='lat' dir='ltr'><strong>CAP.</strong></span> <span class='ocrx_word' id='word_1_490' title='bbox 2109 420 2197 477; x_wconf 81' lang='lat' dir='ltr'><strong>ill.</strong></span> <span class='ocrx_word' id='word_1_491' title='bbox 2236 422 2443 479; x_wconf 78' lang='lat' dir='ltr'><strong>HOMIL</strong></span> <span class='ocrx_word' id='word_1_492' title='bbox 2506 424 2596 479; x_wconf 87' lang='lat' dir='ltr'><strong>Ill.</strong></span> 
     </span>
    </p>
   </div>
   <div class='ocr_carea' id='block_1_62' title="bbox 3324 432 3457 488">
    <p class='ocr_par' dir='ltr' id='par_1_62' title="bbox 3324 432 3457 488">
     <span class='ocr_line' id='line_1_62' title="bbox 3324 432 3457 488; baseline 0.015 -3"><span class='ocrx_word' id='word_1_493' title='bbox 3324 432 3457 488; x_wconf 65' lang='grc' dir='ltr'><strong>ιιο»</strong></span> 
     </span>
    </p>
   </div>
   <div class='ocr_carea' id='block_1_63' title="bbox 1853 534 3431 607">
    <p class='ocr_par' dir='ltr' id='par_1_63' title="bbox 1853 534 3431 607">
     <span class='ocr_line' id='line_1_63' title="bbox 1853 534 3431 607; baseline 0.008 -19"><span class='ocrx_word' id='word_1_494' title='bbox 1853 534 2071 589; x_wconf 88' lang='lat' dir='ltr'><strong>turbant</strong></span> <span class='ocrx_word' id='word_1_495' title='bbox 2119 535 2442 607; x_wconf 87' lang='lat' dir='ltr'><strong>discipulos;</strong></span> <span class='ocrx_word' id='word_1_496' title='bbox 2476 540 2566 595; x_wconf 91' lang='lat' dir='ltr'><strong>ille</strong></span> <span class='ocrx_word' id='word_1_497' title='bbox 2590 549 2767 596; x_wconf 82' lang='lat' dir='ltr'><strong>autem</strong></span> <span class='ocrx_word' id='word_1_498' title='bbox 2805 549 2930 595; x_wconf 90' lang='lat' dir='ltr'><strong>tunc</strong></span> <span class='ocrx_word' id='word_1_499' title='bbox 2961 541 3013 596; x_wconf 93' lang='lat' dir='ltr'><strong>in</strong></span> <span class='ocrx_word' id='word_1_500' title='bbox 3057 546 3255 600; x_wconf 87' lang='lat' dir='ltr'><strong>multas</strong></span> <span class='ocrx_word' id='word_1_501' title='bbox 3298 547 3431 601; x_wconf 89' lang='lat' dir='ltr'><strong>inci-</strong></span> 
     </span>
    </p>
   </div>
   <div class='ocr_carea' id='block_1_64' title="bbox 1851 626 3431 705">
    <p class='ocr_par' dir='ltr' id='par_1_64' title="bbox 1851 626 3431 705">
     <span class='ocr_line' id='line_1_64' title="bbox 1851 626 3431 705; baseline 0.006 -24"><span class='ocrx_word' id='word_1_502' title='bbox 1851 626 2004 683; x_wconf 83' lang='lat' dir='ltr'><strong>derat</strong></span> <span class='ocrx_word' id='word_1_503' title='bbox 2030 631 2369 694; x_wconf 89' lang='lat' dir='ltr'><strong>tentationes,</strong></span> <span class='ocrx_word' id='word_1_504' title='bbox 2404 640 2462 685; x_wconf 92' lang='lat' dir='ltr'><strong>ut</strong></span> <span class='ocrx_word' id='word_1_505' title='bbox 2488 641 2539 687; x_wconf 88' lang='lat' dir='ltr'><strong>et</strong></span> <span class='ocrx_word' id='word_1_506' title='bbox 2569 633 2681 700; x_wconf 82' lang='lat' dir='ltr'><strong>ipse</strong></span> <span class='ocrx_word' id='word_1_507' title='bbox 2705 634 2853 699; x_wconf 89' lang='lat' dir='ltr'><strong>dicit,</strong></span> <span class='ocrx_word' id='word_1_508' title='bbox 2876 632 3148 705; x_wconf 86' lang='lat' dir='ltr'><strong>Impedivit</strong></span> <span class='ocrx_word' id='word_1_509' title='bbox 3179 654 3267 689; x_wconf 85' lang='lat' dir='ltr'><strong>nos</strong></span> <span class='ocrx_word' id='word_1_510' title='bbox 3291 648 3431 691; x_wconf 90' lang='lat' dir='ltr'><strong>sata-</strong></span> 
     </span>
    </p>
   </div>
   <div class='ocr_carea' id='block_1_65' title="bbox 1850 720 3428 794">
    <p class='ocr_par' dir='ltr' id='par_1_65' title="bbox 1850 720 3428 794">
     <span class='ocr_line' id='line_1_65' title="bbox 1850 720 3428 794; baseline 0.009 -21"><span class='ocrx_word' id='word_1_511' title='bbox 1850 735 1977 785; x_wconf 88' lang='lat' dir='ltr'><strong>nas;</strong></span> <span class='ocrx_word' id='word_1_512' title='bbox 2004 720 2150 791; x_wconf 89' lang='lat' dir='ltr'><strong>ipsos</strong></span> <span class='ocrx_word' id='word_1_513' title='bbox 2178 737 2427 777; x_wconf 90' lang='lat' dir='ltr'><strong>recreans</strong></span> <span class='ocrx_word' id='word_1_514' title='bbox 2474 725 2544 777; x_wconf 91' lang='lat' dir='ltr'><strong>ita</strong></span> <span class='ocrx_word' id='word_1_515' title='bbox 2575 725 2821 794; x_wconf 84' lang='lat' dir='ltr'><strong>loquutus</strong></span> <span class='ocrx_word' id='word_1_516' title='bbox 2862 737 2977 791; x_wconf 88' lang='lat' dir='ltr'><strong>est;</strong></span> <span class='ocrx_word' id='word_1_517' title='bbox 3009 743 3070 781; x_wconf 91' lang='lat' dir='ltr'><strong>ac</strong></span> <span class='ocrx_word' id='word_1_518' title='bbox 3107 730 3149 782; x_wconf 91' lang='lat' dir='ltr'><strong>si</strong></span> <span class='ocrx_word' id='word_1_519' title='bbox 3180 731 3383 784; x_wconf 81' lang='lat' dir='ltr'><strong>diceret</strong></span> <span class='ocrx_word' id='word_1_520' title='bbox 3413 752 3428 787; x_wconf 92' lang='lat'><strong>:</strong></span> 
     </span>
    </p>
   </div>
   <div class='ocr_carea' id='block_1_66' title="bbox 1852 811 3431 891">
    <p class='ocr_par' dir='ltr' id='par_1_66' title="bbox 1852 811 3431 891">
     <span class='ocr_line' id='line_1_66' title="bbox 1852 811 3431 891; baseline 0.006 -26"><span class='ocrx_word' id='word_1_521' title='bbox 1852 811 1919 866; x_wconf 87' lang='lat' dir='ltr'><strong>Et</strong></span> <span class='ocrx_word' id='word_1_522' title='bbox 1963 813 2128 867; x_wconf 91' lang='lat' dir='ltr'><strong>semel</strong></span> <span class='ocrx_word' id='word_1_523' title='bbox 2178 823 2231 867; x_wconf 89' lang='lat' dir='ltr'><strong>et</strong></span> <span class='ocrx_word' id='word_1_524' title='bbox 2278 814 2358 868; x_wconf 91' lang='lat' dir='ltr'><strong>bis</strong></span> <span class='ocrx_word' id='word_1_525' title='bbox 2408 815 2549 869; x_wconf 82' lang='lat' dir='ltr'><strong>volui</strong></span> <span class='ocrx_word' id='word_1_526' title='bbox 2594 818 2799 882; x_wconf 88' lang='lat' dir='ltr'><strong>venire,</strong></span> <span class='ocrx_word' id='word_1_527' title='bbox 2849 826 3039 872; x_wconf 90' lang='lat' dir='ltr'><strong>etnon</strong></span> <span class='ocrx_word' id='word_1_528' title='bbox 3075 820 3431 891; x_wconf 83' lang='lat' dir='ltr'><strong>potuizquod</strong></span> 
     </span>
    </p>
   </div>
   <div class='ocr_carea' id='block_1_67' title="bbox 1850 902 3435 975">
    <p class='ocr_par' dir='ltr' id='par_1_67' title="bbox 1850 902 3435 975">
     <span class='ocr_line' id='line_1_67' title="bbox 1850 902 3435 975; baseline 0.007 -19"><span class='ocrx_word' id='word_1_529' title='bbox 1850 902 2062 972; x_wconf 87' lang='lat' dir='ltr'><strong>quidem</strong></span> <span class='ocrx_word' id='word_1_530' title='bbox 2078 920 2281 975; x_wconf 67' lang='lat' dir='ltr'><strong>magna:</strong></span> <span class='ocrx_word' id='word_1_531' title='bbox 2297 915 2411 960; x_wconf 89' lang='lat' dir='ltr'><strong>erat</strong></span> <span class='ocrx_word' id='word_1_532' title='bbox 2424 907 3017 964; x_wconf 75' lang='lat' dir='ltr'><strong>violentize.Verisimile</strong></span> <span class='ocrx_word' id='word_1_533' title='bbox 3033 921 3208 964; x_wconf 89' lang='lat' dir='ltr'><strong>autem</strong></span> <span class='ocrx_word' id='word_1_534' title='bbox 3229 922 3311 966; x_wconf 90' lang='lat' dir='ltr'><strong>est</strong></span> <span class='ocrx_word' id='word_1_535' title='bbox 3333 912 3435 967; x_wconf 86' lang='lat' dir='ltr'><strong>hoc</strong></span> 
     </span>
    </p>
   </div>
   <div class='ocr_carea' id='block_1_68' title="bbox 1850 996 3427 1072">
    <p class='ocr_par' dir='ltr' id='par_1_68' title="bbox 1850 996 3427 1072">
     <span class='ocr_line' id='line_1_68' title="bbox 1850 996 3427 1072; baseline 0.003 -23"><span class='ocrx_word' id='word_1_536' title='bbox 1850 1008 1945 1049; x_wconf 90' lang='lat' dir='ltr'><strong>eos</strong></span> <span class='ocrx_word' id='word_1_537' title='bbox 1970 996 2341 1052; x_wconf 89' lang='lat' dir='ltr'><strong>conturbasse.</strong></span> <span class='ocrx_word' id='word_1_538' title='bbox 2371 998 2484 1052; x_wconf 86' lang='lat' dir='ltr'><strong>Non</strong></span> <span class='ocrx_word' id='word_1_539' title='bbox 2526 1007 2629 1051; x_wconf 89' lang='lat' dir='ltr'><strong>tam</strong></span> <span class='ocrx_word' id='word_1_540' title='bbox 2673 999 2813 1052; x_wconf 89' lang='lat' dir='ltr'><strong>enim</strong></span> <span class='ocrx_word' id='word_1_541' title='bbox 2859 1001 2969 1054; x_wconf 91' lang='lat' dir='ltr'><strong>suis</strong></span> <span class='ocrx_word' id='word_1_542' title='bbox 2994 1001 3237 1071; x_wconf 91' lang='lat' dir='ltr'><strong>discipuli</strong></span> <span class='ocrx_word' id='word_1_543' title='bbox 3269 1019 3427 1072; x_wconf 86' lang='lat' dir='ltr'><strong>quam</strong></span> 
     </span>
    </p>
   </div>
   <div class='ocr_carea' id='block_1_69' title="bbox 1851 1087 3429 1165">
    <p class='ocr_par' dir='ltr' id='par_1_69' title="bbox 1851 1087 3429 1165">
     <span class='ocr_line' id='line_1_69' title="bbox 1851 1087 3429 1165; baseline 0.007 -27"><span class='ocrx_word' id='word_1_544' title='bbox 1851 1087 2226 1156; x_wconf 83' lang='lat' dir='ltr'><strong>magistrorum</strong></span> <span class='ocrx_word' id='word_1_545' title='bbox 2284 1090 2677 1144; x_wconf 90' lang='lat' dir='ltr'><strong>conturbantur</strong></span> <span class='ocrx_word' id='word_1_546' title='bbox 2743 1093 3125 1148; x_wconf 85' lang='lat' dir='ltr'><strong>tentationibus</strong></span> <span class='ocrx_word' id='word_1_547' title='bbox 3186 1112 3199 1147; x_wconf 90' lang='lat'><strong>:</strong></span> <span class='ocrx_word' id='word_1_548' title='bbox 3258 1112 3429 1165; x_wconf 68' lang='lat' dir='ltr'><strong>tneque</strong></span> 
     </span>
    </p>
   </div>
   <div class='ocr_carea' id='block_1_70' title="bbox 1850 1177 3428 1253">
    <p class='ocr_par' dir='ltr' id='par_1_70' title="bbox 1850 1177 3428 1253">
     <span class='ocr_line' id='line_1_70' title="bbox 1850 1177 3428 1253; baseline 0.008 -24"><span class='ocrx_word' id='word_1_549' title='bbox 1850 1177 1991 1231; x_wconf 88' lang='lat' dir='ltr'><strong>enim</strong></span> <span class='ocrx_word' id='word_1_550' title='bbox 2047 1179 2199 1233; x_wconf 88' lang='lat' dir='ltr'><strong>miles</strong></span> <span class='ocrx_word' id='word_1_551' title='bbox 2255 1181 2389 1235; x_wconf 90' lang='lat' dir='ltr'><strong>adeo</strong></span> <span class='ocrx_word' id='word_1_552' title='bbox 2440 1183 2549 1236; x_wconf 90' lang='lat' dir='ltr'><strong>suis</strong></span> <span class='ocrx_word' id='word_1_553' title='bbox 2604 1182 2955 1237; x_wconf 88' lang='lat' dir='ltr'><strong>conturbatur</strong></span> <span class='ocrx_word' id='word_1_554' title='bbox 3008 1185 3428 1253; x_wconf 86' lang='lat' dir='ltr'><strong>tentationibus,</strong></span> 
     </span>
    </p>
   </div>
   <div class='ocr_carea' id='block_1_71' title="bbox 1849 1274 3429 1340">
    <p class='ocr_par' dir='ltr' id='par_1_71' title="bbox 1849 1274 3429 1340">
     <span class='ocr_line' id='line_1_71' title="bbox 1849 1274 3429 1340; baseline 0.006 -16"><span class='ocrx_word' id='word_1_555' title='bbox 1849 1278 1909 1325; x_wconf 91' lang='lat' dir='ltr'><strong>ut</strong></span> <span class='ocrx_word' id='word_1_556' title='bbox 1955 1274 2168 1340; x_wconf 85' lang='lat' dir='ltr'><strong>quando</strong></span> <span class='ocrx_word' id='word_1_557' title='bbox 2218 1275 2408 1330; x_wconf 86' lang='lat' dir='ltr'><strong>viderit</strong></span> <span class='ocrx_word' id='word_1_558' title='bbox 2454 1277 2750 1331; x_wconf 83' lang='lat' dir='ltr'><strong>sauciatum</strong></span> <span class='ocrx_word' id='word_1_559' title='bbox 2797 1277 2987 1332; x_wconf 89' lang='lat' dir='ltr'><strong>ducem</strong></span> <span class='ocrx_word' id='word_1_560' title='bbox 3034 1279 3318 1333; x_wconf 76' lang='lat' dir='ltr'><strong>exercitus.</strong></span> <span class='ocrx_word' id='word_1_561' title='bbox 3349 1280 3429 1333; x_wconf 83' lang='lat' dir='ltr'><strong>Ad</strong></span> 
     </span>
    </p>
   </div>
   <div class='ocr_carea' id='block_1_72' title="bbox 1849 1365 3432 1439">
    <p class='ocr_par' dir='ltr' id='par_1_72' title="bbox 1849 1365 3432 1439">
     <span class='ocr_line' id='line_1_72' title="bbox 1849 1365 3432 1439; baseline 0.005 -23"><span class='ocrx_word' id='word_1_562' title='bbox 1849 1365 2225 1433; x_wconf 79' lang='lat' dir='ltr'><strong>conﬁrmandos</strong></span> <span class='ocrx_word' id='word_1_563' title='bbox 2274 1382 2395 1431; x_wconf 84' lang='lat' dir='ltr'><strong>vos,</strong></span> <span class='ocrx_word' id='word_1_564' title='bbox 2446 1368 2635 1437; x_wconf 89' lang='lat' dir='ltr'><strong>inquit.</strong></span> <span class='ocrx_word' id='word_1_565' title='bbox 2667 1368 2811 1439; x_wconf 89' lang='lat' dir='ltr'><strong>Ergo</strong></span> <span class='ocrx_word' id='word_1_566' title='bbox 2860 1377 2917 1423; x_wconf 90' lang='lat' dir='ltr'><strong>ut</strong></span> <span class='ocrx_word' id='word_1_567' title='bbox 2971 1385 3039 1424; x_wconf 91' lang='lat' dir='ltr'><strong>ne</strong></span> <span class='ocrx_word' id='word_1_568' title='bbox 3090 1371 3432 1425; x_wconf 87' lang='lat' dir='ltr'><strong>turbarentur</strong></span> 
     </span>
    </p>
   </div>
   <div class='ocr_carea' id='block_1_73' title="bbox 1850 1458 3432 1537">
    <p class='ocr_par' dir='ltr' id='par_1_73' title="bbox 1850 1458 3432 1537">
     <span class='ocr_line' id='line_1_73' title="bbox 1850 1458 3432 1537; baseline 0.005 -25"><span class='ocrx_word' id='word_1_569' title='bbox 1850 1458 2018 1522; x_wconf 89' lang='lat' dir='ltr'><strong>misit,</strong></span> <span class='ocrx_word' id='word_1_570' title='bbox 2044 1473 2150 1512; x_wconf 92' lang='lat' dir='ltr'><strong>non</strong></span> <span class='ocrx_word' id='word_1_571' title='bbox 2210 1469 2475 1530; x_wconf 87' lang='lat' dir='ltr'><strong>tamquam</strong></span> <span class='ocrx_word' id='word_1_572' title='bbox 2525 1462 2720 1530; x_wconf 88' lang='lat' dir='ltr'><strong>quibus</strong></span> <span class='ocrx_word' id='word_1_573' title='bbox 2770 1461 2891 1517; x_wconf 92' lang='lat' dir='ltr'><strong>ﬁdei</strong></span> <span class='ocrx_word' id='word_1_574' title='bbox 2951 1462 3163 1519; x_wconf 88' lang='lat' dir='ltr'><strong>deesset</strong></span> <span class='ocrx_word' id='word_1_575' title='bbox 3211 1465 3432 1537; x_wconf 75' lang='lat' dir='ltr'><strong>aliquid,</strong></span> 
     </span>
    </p>
   </div>
   <div class='ocr_carea' id='block_1_74' title="bbox 1850 1550 3433 1622">
    <p class='ocr_par' dir='ltr' id='par_1_74' title="bbox 1850 1550 3433 1622">
     <span class='ocr_line' id='line_1_74' title="bbox 1850 1550 3433 1622; baseline 0.004 -20"><span class='ocrx_word' id='word_1_576' title='bbox 1850 1563 2024 1618; x_wconf 83' lang='lat' dir='ltr'><strong>neque</strong></span> <span class='ocrx_word' id='word_1_577' title='bbox 2061 1558 2121 1604; x_wconf 91' lang='lat' dir='ltr'><strong>ut</strong></span> <span class='ocrx_word' id='word_1_578' title='bbox 2165 1550 2254 1621; x_wconf 89' lang='lat' dir='ltr'><strong>qui</strong></span> <span class='ocrx_word' id='word_1_579' title='bbox 2297 1551 2555 1607; x_wconf 87' lang='lat' dir='ltr'><strong>deberent</strong></span> <span class='ocrx_word' id='word_1_580' title='bbox 2603 1554 2798 1622; x_wconf 89' lang='lat' dir='ltr'><strong>aliquid</strong></span> <span class='ocrx_word' id='word_1_581' title='bbox 2847 1553 3076 1609; x_wconf 88' lang='lat' dir='ltr'><strong>discere.</strong></span> <span class='ocrx_word' id='word_1_582' title='bbox 3123 1554 3197 1609; x_wconf 85' lang='lat' dir='ltr'><strong>Et</strong></span> <span class='ocrx_word' id='word_1_583' title='bbox 3248 1556 3433 1611; x_wconf 78' lang='lat' dir='ltr'><strong>exhor-</strong></span> 
     </span>
    </p>
   </div>
   <div class='ocr_carea' id='block_1_75' title="bbox 1850 1640 3437 1711">
    <p class='ocr_par' dir='ltr' id='par_1_75' title="bbox 1850 1640 3437 1711">
     <span class='ocr_line' id='line_1_75' title="bbox 1850 1640 3437 1711; baseline 0.007 -20"><span class='ocrx_word' id='word_1_584' title='bbox 1850 1640 2032 1694; x_wconf 88' lang='lat' dir='ltr'><strong>tandos</strong></span> <span class='ocrx_word' id='word_1_585' title='bbox 2058 1656 2144 1694; x_wconf 85' lang='lat' dir='ltr'><strong>vos</strong></span> <span class='ocrx_word' id='word_1_586' title='bbox 2174 1658 2267 1710; x_wconf 89' lang='lat' dir='ltr'><strong>pro</strong></span> <span class='ocrx_word' id='word_1_587' title='bbox 2303 1642 2406 1711; x_wconf 76' lang='lat' dir='ltr'><strong>ﬁde</strong></span> <span class='ocrx_word' id='word_1_588' title='bbox 2453 1654 2613 1697; x_wconf 82' lang='lat' dir='ltr'><strong>vestra</strong></span> <span class='ocrx_word' id='word_1_589' title='bbox 2633 1686 2649 1711; x_wconf 87' lang='lat'><strong>,</strong></span> <span class='ocrx_word' id='word_1_590' title='bbox 2681 1654 2735 1698; x_wconf 92' lang='lat' dir='ltr'><strong>ut</strong></span> <span class='ocrx_word' id='word_1_591' title='bbox 2764 1661 2909 1698; x_wconf 88' lang='lat' dir='ltr'><strong>nemo</strong></span> <span class='ocrx_word' id='word_1_592' title='bbox 2944 1657 3203 1701; x_wconf 86' lang='lat' dir='ltr'><strong>moveatur</strong></span> <span class='ocrx_word' id='word_1_593' title='bbox 3243 1648 3296 1702; x_wconf 90' lang='lat' dir='ltr'><strong>in</strong></span> <span class='ocrx_word' id='word_1_594' title='bbox 3340 1650 3437 1702; x_wconf 87' lang='lat' dir='ltr'><strong>tri-</strong></span> 
     </span>
    </p>
   </div>
   <div class='ocr_carea' id='block_1_76' title="bbox 1850 1731 3438 1809">
    <p class='ocr_par' dir='ltr' id='par_1_76' title="bbox 1850 1731 3438 1809">
     <span class='ocr_line' id='line_1_76' title="bbox 1850 1731 3438 1809; baseline 0.004 -23"><span class='ocrx_word' id='word_1_595' title='bbox 1850 1731 2190 1786; x_wconf 87' lang='lat' dir='ltr'><strong>bulationibus</strong></span> <span class='ocrx_word' id='word_1_596' title='bbox 2232 1733 2381 1787; x_wconf 89' lang='lat' dir='ltr'><strong>istis:</strong></span> <span class='ocrx_word' id='word_1_597' title='bbox 2408 1733 2507 1803; x_wconf 83' lang='lat' dir='ltr'><strong>ipsi</strong></span> <span class='ocrx_word' id='word_1_598' title='bbox 2531 1736 2662 1787; x_wconf 85' lang='lat' dir='ltr'><strong>enim</strong></span> <span class='ocrx_word' id='word_1_599' title='bbox 2688 1736 2826 1788; x_wconf 82' lang='lat' dir='ltr'><strong>scitis</strong></span> <span class='ocrx_word' id='word_1_600' title='bbox 2870 1736 3006 1806; x_wconf 87' lang='lat' dir='ltr'><strong>quod</strong></span> <span class='ocrx_word' id='word_1_601' title='bbox 3048 1738 3101 1791; x_wconf 90' lang='lat' dir='ltr'><strong>in</strong></span> <span class='ocrx_word' id='word_1_602' title='bbox 3151 1739 3244 1792; x_wconf 90' lang='lat' dir='ltr'><strong>hoc</strong></span> <span class='ocrx_word' id='word_1_603' title='bbox 3282 1741 3438 1809; x_wconf 87' lang='lat' dir='ltr'><strong>positi</strong></span> 
     </span>
    </p>
   </div>
   <div class='ocr_carea' id='block_1_77' title="bbox 1849 1823 3436 1899">
    <p class='ocr_par' dir='ltr' id='par_1_77' title="bbox 1849 1823 3436 1899">
     <span class='ocr_line' id='line_1_77' title="bbox 1849 1823 3436 1899; baseline 0.004 -22"><span class='ocrx_word' id='word_1_604' title='bbox 1849 1838 2045 1877; x_wconf 86' lang='lat' dir='ltr'><strong>sumus.</strong></span> <span class='ocrx_word' id='word_1_605' title='bbox 2069 1824 2122 1877; x_wconf 74' lang='grc'><strong>4.</strong></span> <span class='ocrx_word' id='word_1_606' title='bbox 2161 1823 2299 1877; x_wconf 86' lang='lat' dir='ltr'><strong>Nam</strong></span> <span class='ocrx_word' id='word_1_607' title='bbox 2324 1835 2372 1878; x_wconf 90' lang='lat' dir='ltr'><strong>et</strong></span> <span class='ocrx_word' id='word_1_608' title='bbox 2410 1841 2526 1878; x_wconf 90' lang='lat' dir='ltr'><strong>cum</strong></span> <span class='ocrx_word' id='word_1_609' title='bbox 2554 1826 2695 1892; x_wconf 86' lang='lat' dir='ltr'><strong>apud</strong></span> <span class='ocrx_word' id='word_1_610' title='bbox 2733 1841 2821 1880; x_wconf 84' lang='lat' dir='ltr'><strong>vos</strong></span> <span class='ocrx_word' id='word_1_611' title='bbox 2851 1843 3093 1893; x_wconf 86' lang='lat' dir='ltr'><strong>essemus,</strong></span> <span class='ocrx_word' id='word_1_612' title='bbox 3125 1830 3436 1899; x_wconf 72' lang='lat' dir='ltr'><strong>prazdiceba-</strong></span> 
     </span>
    </p>
   </div>
   <div class='ocr_carea' id='block_1_78' title="bbox 1851 1916 3438 1992">
    <p class='ocr_par' dir='ltr' id='par_1_78' title="bbox 1851 1916 3438 1992">
     <span class='ocr_line' id='line_1_78' title="bbox 1851 1916 3438 1992; baseline 0.003 -24"><span class='ocrx_word' id='word_1_613' title='bbox 1851 1931 1963 1969; x_wconf 88' lang='lat' dir='ltr'><strong>mus</strong></span> <span class='ocrx_word' id='word_1_614' title='bbox 1983 1916 2142 1976; x_wconf 82' lang='lat' dir='ltr'><strong>vobis,</strong></span> <span class='ocrx_word' id='word_1_615' title='bbox 2175 1932 2412 1985; x_wconf 86' lang='lat' dir='ltr'><strong>passuros</strong></span> <span class='ocrx_word' id='word_1_616' title='bbox 2460 1933 2551 1970; x_wconf 87' lang='lat' dir='ltr'><strong>nos</strong></span> <span class='ocrx_word' id='word_1_617' title='bbox 2591 1917 2962 1983; x_wconf 82' lang='lat' dir='ltr'><strong>tribulationes,</strong></span> <span class='ocrx_word' id='word_1_618' title='bbox 2989 1920 3117 1972; x_wconf 88' lang='lat' dir='ltr'><strong>sicut</strong></span> <span class='ocrx_word' id='word_1_619' title='bbox 3146 1929 3192 1972; x_wconf 91' lang='lat' dir='ltr'><strong>et</strong></span> <span class='ocrx_word' id='word_1_620' title='bbox 3246 1923 3438 1992; x_wconf 74' lang='lat' dir='ltr'><strong>factum</strong></span> 
     </span>
    </p>
   </div>
   <div class='ocr_carea' id='block_1_79' title="bbox 1852 2007 3433 2078">
    <p class='ocr_par' dir='ltr' id='par_1_79' title="bbox 1852 2007 3433 2078">
     <span class='ocr_line' id='line_1_79' title="bbox 1852 2007 3433 2078; baseline 0.003 -17"><span class='ocrx_word' id='word_1_621' title='bbox 1852 2016 1942 2070; x_wconf 88' lang='lat' dir='ltr'><strong>est,</strong></span> <span class='ocrx_word' id='word_1_622' title='bbox 1975 2015 2023 2060; x_wconf 90' lang='lat' dir='ltr'><strong>et</strong></span> <span class='ocrx_word' id='word_1_623' title='bbox 2066 2009 2226 2061; x_wconf 88' lang='lat' dir='ltr'><strong>scitis.</strong></span> <span class='ocrx_word' id='word_1_624' title='bbox 2258 2007 2372 2061; x_wconf 83' lang='lat' dir='ltr'><strong>Non</strong></span> <span class='ocrx_word' id='word_1_625' title='bbox 2399 2016 2631 2076; x_wconf 90' lang='lat' dir='ltr'><strong>oportet,</strong></span> <span class='ocrx_word' id='word_1_626' title='bbox 2666 2009 2872 2078; x_wconf 88' lang='lat' dir='ltr'><strong>inquit,</strong></span> <span class='ocrx_word' id='word_1_627' title='bbox 2919 2010 3230 2064; x_wconf 87' lang='lat' dir='ltr'><strong>conturbari</strong></span> <span class='ocrx_word' id='word_1_628' title='bbox 3262 2029 3273 2063; x_wconf 93' lang='lat'>:</span> <span class='ocrx_word' id='word_1_629' title='bbox 3302 2011 3433 2065; x_wconf 91' lang='lat' dir='ltr'><strong>nihil</strong></span> 
     </span>
    </p>
   </div>
   <div class='ocr_carea' id='block_1_80' title="bbox 1849 2097 3430 2173">
    <p class='ocr_par' dir='ltr' id='par_1_80' title="bbox 1849 2097 3430 2173">
     <span class='ocr_line' id='line_1_80' title="bbox 1849 2097 3430 2173; baseline 0.003 -21"><span class='ocrx_word' id='word_1_630' title='bbox 1849 2097 1991 2152; x_wconf 91' lang='lat' dir='ltr'><strong>enim</strong></span> <span class='ocrx_word' id='word_1_631' title='bbox 2018 2112 2212 2152; x_wconf 83' lang='lat' dir='ltr'><strong>novum</strong></span> <span class='ocrx_word' id='word_1_632' title='bbox 2244 2114 2415 2168; x_wconf 89' lang='lat' dir='ltr'><strong>neque</strong></span> <span class='ocrx_word' id='word_1_633' title='bbox 2436 2110 2631 2168; x_wconf 71' lang='lat' dir='ltr'><strong>przetcr</strong></span> <span class='ocrx_word' id='word_1_634' title='bbox 2650 2114 2797 2167; x_wconf 83' lang='lat' dir='ltr'><strong>spem</strong></span> <span class='ocrx_word' id='word_1_635' title='bbox 2810 2100 3032 2154; x_wconf 90' lang='lat' dir='ltr'><strong>accidit:</strong></span> <span class='ocrx_word' id='word_1_636' title='bbox 3054 2101 3194 2171; x_wconf 87' lang='lat' dir='ltr'><strong>quod</strong></span> <span class='ocrx_word' id='word_1_637' title='bbox 3218 2102 3430 2173; x_wconf 85' lang='lat' dir='ltr'><strong>quidem</strong></span> 
     </span>
    </p>
   </div>
   <div class='ocr_carea' id='block_1_81' title="bbox 1850 2187 3435 2263">
    <p class='ocr_par' dir='ltr' id='par_1_81' title="bbox 1850 2187 3435 2263">
     <span class='ocr_line' id='line_1_81' title="bbox 1850 2187 3435 2263; baseline 0.004 -23"><span class='ocrx_word' id='word_1_638' title='bbox 1850 2187 1981 2243; x_wconf 90' lang='lat' dir='ltr'><strong>satis</strong></span> <span class='ocrx_word' id='word_1_639' title='bbox 2008 2198 2124 2242; x_wconf 89' lang='lat' dir='ltr'><strong>erat</strong></span> <span class='ocrx_word' id='word_1_640' title='bbox 2151 2188 2216 2242; x_wconf 93' lang='lat' dir='ltr'><strong>ad</strong></span> <span class='ocrx_word' id='word_1_641' title='bbox 2247 2188 2391 2258; x_wconf 90' lang='lat' dir='ltr'><strong>ipsos</strong></span> <span class='ocrx_word' id='word_1_642' title='bbox 2417 2190 2752 2244; x_wconf 77' lang='lat' dir='ltr'><strong>excitandos.</strong></span> <span class='ocrx_word' id='word_1_643' title='bbox 2785 2190 2946 2246; x_wconf 87' lang='lat' dir='ltr'><strong>Vides</strong></span> <span class='ocrx_word' id='word_1_644' title='bbox 2982 2193 3122 2260; x_wconf 91' lang='lat' dir='ltr'><strong>quod</strong></span> <span class='ocrx_word' id='word_1_645' title='bbox 3153 2204 3435 2263; x_wconf 82' lang='lat' dir='ltr'><strong>propterea</strong></span> 
     </span>
    </p>
   </div>
   <div class='ocr_carea' id='block_1_82' title="bbox 1851 2279 3433 2353">
    <p class='ocr_par' dir='ltr' id='par_1_82' title="bbox 1851 2279 3433 2353">
     <span class='ocr_line' id='line_1_82' title="bbox 1851 2279 3433 2353; baseline 0.004 -18"><span class='ocrx_word' id='word_1_646' title='bbox 1851 2279 2094 2335; x_wconf 85' lang='lat' dir='ltr'><strong>Christus</strong></span> <span class='ocrx_word' id='word_1_647' title='bbox 2131 2296 2346 2351; x_wconf 88' lang='lat' dir='ltr'><strong>quoque</strong></span> <span class='ocrx_word' id='word_1_648' title='bbox 2377 2282 2702 2349; x_wconf 85' lang='lat' dir='ltr'><strong>pr:cdiccbat</strong></span> <span class='ocrx_word' id='word_1_649' title='bbox 2748 2283 3067 2353; x_wconf 86' lang='lat' dir='ltr'><strong>discipulis?</strong></span> <span class='ocrx_word' id='word_1_650' title='bbox 3116 2286 3238 2339; x_wconf 88' lang='lat' dir='ltr'><strong>audi</strong></span> <span class='ocrx_word' id='word_1_651' title='bbox 3290 2287 3433 2341; x_wconf 91' lang='lat' dir='ltr'><strong>enim</strong></span> 
     </span>
    </p>
   </div>
   <div class='ocr_carea' id='block_1_83' title="bbox 1851 2373 3438 2446">
    <p class='ocr_par' dir='ltr' id='par_1_83' title="bbox 1851 2373 3438 2446">
     <span class='ocr_line' id='line_1_83' title="bbox 1851 2373 3438 2446; baseline 0.001 -17"><span class='ocrx_word' id='word_1_652' title='bbox 1851 2389 1971 2429; x_wconf 90' lang='lat' dir='ltr'><strong>eum</strong></span> <span class='ocrx_word' id='word_1_653' title='bbox 1998 2373 2262 2428; x_wconf 89' lang='lat' dir='ltr'><strong>dicentem</strong></span> <span class='ocrx_word' id='word_1_654' title='bbox 2298 2392 2311 2426; x_wconf 90' lang='lat'>:</span> <span class='ocrx_word' id='word_1_655' title='bbox 2337 2373 2404 2427; x_wconf 88' lang='lat' dir='ltr'><strong>Et</strong></span> <span class='ocrx_word' id='word_1_656' title='bbox 2431 2391 2562 2427; x_wconf 86' lang='lat' dir='ltr'><strong>nunc</strong></span> <span class='ocrx_word' id='word_1_657' title='bbox 2592 2375 2700 2428; x_wconf 71' lang='lat' dir='ltr'><strong>dixi</strong></span> <span class='ocrx_word' id='word_1_658' title='bbox 2745 2377 2888 2445; x_wconf 88' lang='lat' dir='ltr'><strong>prius</strong></span> <span class='ocrx_word' id='word_1_659' title='bbox 2914 2393 3061 2444; x_wconf 84' lang='lat' dir='ltr'><strong>quam</strong></span> <span class='ocrx_word' id='word_1_660' title='bbox 3086 2378 3195 2446; x_wconf 81' lang='lat' dir='ltr'><strong>ﬁat,</strong></span> <span class='ocrx_word' id='word_1_661' title='bbox 3225 2388 3280 2430; x_wconf 88' lang='lat' dir='ltr'><strong>ut</strong></span> <span class='ocrx_word' id='word_1_662' title='bbox 3325 2395 3438 2431; x_wconf 87' lang='lat' dir='ltr'><strong>cum</strong></span> 
     </span>
    </p>
   </div>
   <div class='ocr_carea' id='block_1_84' title="bbox 1852 2465 3435 2538">
    <p class='ocr_par' dir='ltr' id='par_1_84' title="bbox 1852 2465 3435 2538">
     <span class='ocr_line' id='line_1_84' title="bbox 1852 2465 3435 2538; baseline 0.003 -21"><span class='ocrx_word' id='word_1_663' title='bbox 1852 2469 2044 2537; x_wconf 77' lang='lat' dir='ltr'><strong>factum</strong></span> <span class='ocrx_word' id='word_1_664' title='bbox 2092 2467 2245 2536; x_wconf 80' lang='lat' dir='ltr'><strong>fuerit</strong></span> <span class='ocrx_word' id='word_1_665' title='bbox 2291 2466 2510 2519; x_wconf 89' lang='lat' dir='ltr'><strong>credatis</strong></span> <span class='ocrx_word' id='word_1_666' title='bbox 2556 2465 2735 2522; x_wconf 83' lang='lat' dir='ltr'><strong>(Joan.</strong></span> <span class='ocrx_word' id='word_1_667' title='bbox 2772 2468 2859 2521; x_wconf 77' lang='lat' dir='ltr'><strong>M.</strong></span> <span class='ocrx_word' id='word_1_668' title='bbox 2892 2467 3009 2536; x_wconf 74' lang='lat'><strong>29).</strong></span> <span class='ocrx_word' id='word_1_669' title='bbox 3052 2467 3236 2538; x_wconf 84' lang='lat' dir='ltr'><strong>Magna</strong></span> <span class='ocrx_word' id='word_1_670' title='bbox 3270 2468 3435 2530; x_wconf 86' lang='lat' dir='ltr'><strong>enim,</strong></span> 
     </span>
    </p>
   </div>
   <div class='ocr_carea' id='block_1_85' title="bbox 1852 2556 3438 2627">
    <p class='ocr_par' dir='ltr' id='par_1_85' title="bbox 1852 2556 3438 2627">
     <span class='ocr_line' id='line_1_85' title="bbox 1852 2556 3438 2627; baseline 0.003 -18"><span class='ocrx_word' id='word_1_671' title='bbox 1852 2571 2042 2627; x_wconf 85' lang='lat' dir='ltr'><strong>magna</strong></span> <span class='ocrx_word' id='word_1_672' title='bbox 2087 2572 2174 2610; x_wconf 89' lang='lat' dir='ltr'><strong>rcs</strong></span> <span class='ocrx_word' id='word_1_673' title='bbox 2219 2566 2301 2611; x_wconf 86' lang='lat' dir='ltr'><strong>est</strong></span> <span class='ocrx_word' id='word_1_674' title='bbox 2341 2556 2405 2609; x_wconf 77' lang='lat' dir='ltr'><strong>ad</strong></span> <span class='ocrx_word' id='word_1_675' title='bbox 2453 2556 2678 2610; x_wconf 90' lang='lat' dir='ltr'><strong>aliorum</strong></span> <span class='ocrx_word' id='word_1_676' title='bbox 2728 2557 3175 2624; x_wconf 83' lang='lat' dir='ltr'><strong>consolationem,</strong></span> <span class='ocrx_word' id='word_1_677' title='bbox 3225 2557 3438 2613; x_wconf 90' lang='lat' dir='ltr'><strong>audisse</strong></span> 
     </span>
    </p>
   </div>
   <div class='ocr_carea' id='block_1_86' title="bbox 1853 2646 3440 2716">
    <p class='ocr_par' dir='ltr' id='par_1_86' title="bbox 1853 2646 3440 2716">
     <span class='ocr_line' id='line_1_86' title="bbox 1853 2646 3440 2716; baseline 0.003 -17"><span class='ocrx_word' id='word_1_678' title='bbox 1853 2661 1971 2716; x_wconf 74' lang='lat' dir='ltr'><strong>qua:</strong></span> <span class='ocrx_word' id='word_1_679' title='bbox 1995 2646 2128 2700; x_wconf 90' lang='lat' dir='ltr'><strong>ﬁunt</strong></span> <span class='ocrx_word' id='word_1_680' title='bbox 2148 2662 2177 2699; x_wconf 90' lang='lat' dir='ltr'><strong>a</strong></span> <span class='ocrx_word' id='word_1_681' title='bbox 2202 2647 2493 2716; x_wconf 85' lang='lat' dir='ltr'><strong>magistris.</strong></span> <span class='ocrx_word' id='word_1_682' title='bbox 2527 2646 2676 2701; x_wconf 92' lang='lat' dir='ltr'><strong>Sicut</strong></span> <span class='ocrx_word' id='word_1_683' title='bbox 2702 2647 2844 2702; x_wconf 90' lang='lat' dir='ltr'><strong>enim</strong></span> <span class='ocrx_word' id='word_1_684' title='bbox 2876 2658 3165 2716; x_wconf 75' lang='lat' dir='ltr'><strong>mgrotans,</strong></span> <span class='ocrx_word' id='word_1_685' title='bbox 3190 2650 3234 2702; x_wconf 93' lang='lat' dir='ltr'><strong>si</strong></span> <span class='ocrx_word' id='word_1_686' title='bbox 3263 2664 3293 2702; x_wconf 88' lang='lat' dir='ltr'><strong>a</strong></span> <span class='ocrx_word' id='word_1_687' title='bbox 3324 2664 3440 2703; x_wconf 86' lang='lat' dir='ltr'><strong>me-</strong></span> 
     </span>
    </p>
   </div>
   <div class='ocr_carea' id='block_1_87' title="bbox 1852 2736 3441 2807">
    <p class='ocr_par' dir='ltr' id='par_1_87' title="bbox 1852 2736 3441 2807">
     <span class='ocr_line' id='line_1_87' title="bbox 1852 2736 3441 2807; baseline 0.001 -16"><span class='ocrx_word' id='word_1_688' title='bbox 1852 2736 1974 2791; x_wconf 91' lang='lat' dir='ltr'><strong>dico</strong></span> <span class='ocrx_word' id='word_1_689' title='bbox 2000 2737 2265 2791; x_wconf 77' lang='lat' dir='ltr'><strong>audiverit</strong></span> <span class='ocrx_word' id='word_1_690' title='bbox 2293 2737 2433 2807; x_wconf 88' lang='lat' dir='ltr'><strong>quod</strong></span> <span class='ocrx_word' id='word_1_691' title='bbox 2468 2738 2568 2792; x_wconf 92' lang='lat' dir='ltr'><strong>hoc</strong></span> <span class='ocrx_word' id='word_1_692' title='bbox 2597 2738 2687 2791; x_wconf 91' lang='lat' dir='ltr'><strong>ﬁat</strong></span> <span class='ocrx_word' id='word_1_693' title='bbox 2715 2748 2769 2792; x_wconf 91' lang='lat' dir='ltr'><strong>et</strong></span> <span class='ocrx_word' id='word_1_694' title='bbox 2800 2738 2928 2792; x_wconf 90' lang='lat' dir='ltr'><strong>illud</strong></span> <span class='ocrx_word' id='word_1_695' title='bbox 2954 2780 2967 2801; x_wconf 92' lang='lat'><strong>,</strong></span> <span class='ocrx_word' id='word_1_696' title='bbox 3000 2754 3105 2791; x_wconf 86' lang='lat' dir='ltr'><strong>non</strong></span> <span class='ocrx_word' id='word_1_697' title='bbox 3133 2739 3285 2793; x_wconf 83' lang='lat' dir='ltr'><strong>valde</strong></span> <span class='ocrx_word' id='word_1_698' title='bbox 3311 2755 3441 2795; x_wconf 88' lang='lat' dir='ltr'><strong>con-</strong></span> 
     </span>
    </p>
   </div>
   <div class='ocr_carea' id='block_1_88' title="bbox 1856 2828 3437 2900">
    <p class='ocr_par' dir='ltr' id='par_1_88' title="bbox 1856 2828 3437 2900">
     <span class='ocr_line' id='line_1_88' title="bbox 1856 2828 3437 2900; baseline 0.001 -17"><span class='ocrx_word' id='word_1_699' title='bbox 1856 2831 2129 2893; x_wconf 87' lang='lat' dir='ltr'><strong>turbatur;</strong></span> <span class='ocrx_word' id='word_1_700' title='bbox 2160 2830 2241 2883; x_wconf 92' lang='lat' dir='ltr'><strong>sin</strong></span> <span class='ocrx_word' id='word_1_701' title='bbox 2287 2838 2465 2883; x_wconf 90' lang='lat' dir='ltr'><strong>autem</strong></span> <span class='ocrx_word' id='word_1_702' title='bbox 2506 2845 2571 2883; x_wconf 87' lang='lat' dir='ltr'><strong>ex</strong></span> <span class='ocrx_word' id='word_1_703' title='bbox 2625 2830 2902 2899; x_wconf 89' lang='lat' dir='ltr'><strong>inopinato</strong></span> <span class='ocrx_word' id='word_1_704' title='bbox 2946 2828 3147 2900; x_wconf 90' lang='lat' dir='ltr'><strong>aliquid</strong></span> <span class='ocrx_word' id='word_1_705' title='bbox 3175 2832 3437 2894; x_wconf 80' lang='lat' dir='ltr'><strong>evenerit,</strong></span> 
     </span>
    </p>
   </div>
   <div class='ocr_carea' id='block_1_89' title="bbox 1855 2919 3439 2991">
    <p class='ocr_par' dir='ltr' id='par_1_89' title="bbox 1855 2919 3439 2991">
     <span class='ocr_line' id='line_1_89' title="bbox 1855 2919 3439 2991; baseline -0.001 -14"><span class='ocrx_word' id='word_1_706' title='bbox 1855 2936 1976 2977; x_wconf 91' lang='lat' dir='ltr'><strong>cum</strong></span> <span class='ocrx_word' id='word_1_707' title='bbox 2002 2932 2056 2977; x_wconf 87' lang='lat' dir='ltr'><strong>et</strong></span> <span class='ocrx_word' id='word_1_708' title='bbox 2086 2922 2173 2976; x_wconf 90' lang='lat' dir='ltr'><strong>ille</strong></span> <span class='ocrx_word' id='word_1_709' title='bbox 2200 2919 2395 2976; x_wconf 88' lang='lat' dir='ltr'><strong>dubius</strong></span> <span class='ocrx_word' id='word_1_710' title='bbox 2422 2922 2491 2976; x_wconf 94' lang='lat' dir='ltr'><strong>sit</strong></span> <span class='ocrx_word' id='word_1_711' title='bbox 2516 2937 2581 2976; x_wconf 89' lang='lat' dir='ltr'><strong>ac</strong></span> <span class='ocrx_word' id='word_1_712' title='bbox 2604 2923 2915 2991; x_wconf 79' lang='lat' dir='ltr'><strong>perplexus,</strong></span> <span class='ocrx_word' id='word_1_713' title='bbox 2946 2931 2999 2976; x_wconf 88' lang='lat' dir='ltr'><strong>et</strong></span> <span class='ocrx_word' id='word_1_714' title='bbox 3022 2922 3241 2977; x_wconf 88' lang='lat' dir='ltr'><strong>morbus</strong></span> <span class='ocrx_word' id='word_1_715' title='bbox 3267 2932 3439 2975; x_wconf 88' lang='lat' dir='ltr'><strong>artem</strong></span> 
     </span>
    </p>
   </div>
   <div class='ocr_carea' id='block_1_90' title="bbox 1854 3013 3444 3083">
    <p class='ocr_par' dir='ltr' id='par_1_90' title="bbox 1854 3013 3444 3083">
     <span class='ocr_line' id='line_1_90' title="bbox 1854 3013 3444 3083; baseline 0.002 -17"><span class='ocrx_word' id='word_1_716' title='bbox 1854 3022 2091 3083; x_wconf 88' lang='lat' dir='ltr'><strong>superet,</strong></span> <span class='ocrx_word' id='word_1_717' title='bbox 2146 3014 2358 3068; x_wconf 89' lang='lat' dir='ltr'><strong>tristitia</strong></span> <span class='ocrx_word' id='word_1_718' title='bbox 2402 3013 2633 3068; x_wconf 79' lang='lat' dir='ltr'><strong>afﬁcitur</strong></span> <span class='ocrx_word' id='word_1_719' title='bbox 2673 3023 2728 3068; x_wconf 90' lang='lat' dir='ltr'><strong>et</strong></span> <span class='ocrx_word' id='word_1_720' title='bbox 2778 3015 3128 3069; x_wconf 91' lang='lat' dir='ltr'><strong>conturbatur</strong></span> <span class='ocrx_word' id='word_1_721' title='bbox 3170 3032 3184 3069; x_wconf 92' lang='lat'>:</span> <span class='ocrx_word' id='word_1_722' title='bbox 3240 3015 3311 3069; x_wconf 88' lang='lat' dir='ltr'><strong>ita</strong></span> <span class='ocrx_word' id='word_1_723' title='bbox 3356 3014 3444 3069; x_wconf 91' lang='lat' dir='ltr'><strong>hic</strong></span> 
     </span>
    </p>
   </div>
   <div class='ocr_carea' id='block_1_91' title="bbox 1854 3103 3439 3175">
    <p class='ocr_par' dir='ltr' id='par_1_91' title="bbox 1854 3103 3439 3175">
     <span class='ocr_line' id='line_1_91' title="bbox 1854 3103 3439 3175; baseline 0.001 -18"><span class='ocrx_word' id='word_1_724' title='bbox 1854 3119 2087 3174; x_wconf 88' lang='lat' dir='ltr'><strong>quoque.</strong></span> <span class='ocrx_word' id='word_1_725' title='bbox 2114 3104 2242 3169; x_wconf 68' lang='lat' dir='ltr'><strong>Quae</strong></span> <span class='ocrx_word' id='word_1_726' title='bbox 2267 3104 2552 3173; x_wconf 73' lang='lat' dir='ltr'><strong>przcscicns</strong></span> <span class='ocrx_word' id='word_1_727' title='bbox 2581 3104 2796 3167; x_wconf 86' lang='lat' dir='ltr'><strong>Paulus,</strong></span> <span class='ocrx_word' id='word_1_728' title='bbox 2822 3105 3068 3175; x_wconf 72' lang='lat' dir='ltr'><strong>prredixit</strong></span> <span class='ocrx_word' id='word_1_729' title='bbox 3101 3106 3179 3159; x_wconf 92' lang='lat' dir='ltr'><strong>eis</strong></span> <span class='ocrx_word' id='word_1_730' title='bbox 3208 3103 3439 3159; x_wconf 81' lang='lat' dir='ltr'><strong>futurum</strong></span> 
     </span>
    </p>
   </div>
   <div class='ocr_carea' id='block_1_92' title="bbox 1855 3196 3438 3267">
    <p class='ocr_par' dir='ltr' id='par_1_92' title="bbox 1855 3196 3438 3267">
     <span class='ocr_line' id='line_1_92' title="bbox 1855 3196 3438 3267; baseline -0.002 -17"><span class='ocrx_word' id='word_1_731' title='bbox 1855 3206 1912 3250; x_wconf 85' lang='grc' dir='ltr'><strong>ιιι</strong></span> <span class='ocrx_word' id='word_1_732' title='bbox 1932 3196 2319 3266; x_wconf 79' lang='lat' dir='ltr'><strong>afﬂigerentur,</strong></span> <span class='ocrx_word' id='word_1_733' title='bbox 2350 3196 2517 3261; x_wconf 87' lang='lat' dir='ltr'><strong>Sicut,</strong></span> <span class='ocrx_word' id='word_1_734' title='bbox 2564 3196 2757 3267; x_wconf 90' lang='lat' dir='ltr'><strong>inquit,</strong></span> <span class='ocrx_word' id='word_1_735' title='bbox 2785 3208 2831 3250; x_wconf 89' lang='lat' dir='ltr'><strong>et</strong></span> <span class='ocrx_word' id='word_1_736' title='bbox 2860 3202 3050 3266; x_wconf 78' lang='lat' dir='ltr'><strong>factum</strong></span> <span class='ocrx_word' id='word_1_737' title='bbox 3080 3207 3175 3263; x_wconf 86' lang='lat' dir='ltr'><strong>est,</strong></span> <span class='ocrx_word' id='word_1_738' title='bbox 3206 3206 3251 3249; x_wconf 87' lang='lat' dir='ltr'><strong>et</strong></span> <span class='ocrx_word' id='word_1_739' title='bbox 3278 3198 3438 3251; x_wconf 88' lang='lat' dir='ltr'><strong>scitis.</strong></span> 
     </span>
    </p>
   </div>
   <div class='ocr_carea' id='block_1_93' title="bbox 1856 3288 3441 3359">
    <p class='ocr_par' dir='ltr' id='par_1_93' title="bbox 1856 3288 3441 3359">
     <span class='ocr_line' id='line_1_93' title="bbox 1856 3288 3441 3359; baseline 0.001 -17"><span class='ocrx_word' id='word_1_740' title='bbox 1856 3288 1969 3342; x_wconf 82' lang='lat' dir='ltr'><strong>Non</strong></span> <span class='ocrx_word' id='word_1_741' title='bbox 2016 3289 2158 3358; x_wconf 90' lang='lat' dir='ltr'><strong>quod</strong></span> <span class='ocrx_word' id='word_1_742' title='bbox 2214 3288 2314 3342; x_wconf 90' lang='lat' dir='ltr'><strong>hoc</strong></span> <span class='ocrx_word' id='word_1_743' title='bbox 2371 3288 2569 3342; x_wconf 81' lang='lat' dir='ltr'><strong>factum</strong></span> <span class='ocrx_word' id='word_1_744' title='bbox 2624 3289 2693 3342; x_wconf 92' lang='lat' dir='ltr'><strong>sit</strong></span> <span class='ocrx_word' id='word_1_745' title='bbox 2741 3289 2915 3341; x_wconf 90' lang='lat' dir='ltr'><strong>solum</strong></span> <span class='ocrx_word' id='word_1_746' title='bbox 2964 3288 3115 3356; x_wconf 88' lang='lat' dir='ltr'><strong>dicit,</strong></span> <span class='ocrx_word' id='word_1_747' title='bbox 3164 3288 3259 3343; x_wconf 84' lang='lat' dir='ltr'><strong>sed</strong></span> <span class='ocrx_word' id='word_1_748' title='bbox 3298 3289 3441 3359; x_wconf 91' lang='lat' dir='ltr'><strong>quod</strong></span> 
     </span>
    </p>
   </div>
   <div class='ocr_carea' id='block_1_94' title="bbox 1857 3378 3437 3449">
    <p class='ocr_par' dir='ltr' id='par_1_94' title="bbox 1857 3378 3437 3449">
     <span class='ocr_line' id='line_1_94' title="bbox 1857 3378 3437 3449; baseline 0.001 -16"><span class='ocrx_word' id='word_1_749' title='bbox 1857 3380 2022 3434; x_wconf 87' lang='lat' dir='ltr'><strong>multa</strong></span> <span class='ocrx_word' id='word_1_750' title='bbox 2050 3379 2356 3448; x_wconf 66' lang='lat' dir='ltr'><strong>praedixerit</strong></span> <span class='ocrx_word' id='word_1_751' title='bbox 2380 3420 2396 3442; x_wconf 93' lang='lat'><strong>,</strong></span> <span class='ocrx_word' id='word_1_752' title='bbox 2424 3390 2477 3434; x_wconf 91' lang='lat' dir='ltr'><strong>et</strong></span> <span class='ocrx_word' id='word_1_753' title='bbox 2505 3380 2803 3434; x_wconf 83' lang='lat' dir='ltr'><strong>evenerint.</strong></span> <span class='ocrx_word' id='word_1_754' title='bbox 2828 3378 2893 3433; x_wconf 84' lang='lat' dir='ltr'><strong>In</strong></span> <span class='ocrx_word' id='word_1_755' title='bbox 2939 3380 3032 3433; x_wconf 87' lang='lat' dir='ltr'><strong>hoc</strong></span> <span class='ocrx_word' id='word_1_756' title='bbox 3073 3381 3220 3449; x_wconf 88' lang='lat' dir='ltr'><strong>positi</strong></span> <span class='ocrx_word' id='word_1_757' title='bbox 3244 3397 3437 3434; x_wconf 87' lang='lat' dir='ltr'><strong>sumus.</strong></span> 
     </span>
    </p>
   </div>
   <div class='ocr_carea' id='block_1_95' title="bbox 1856 3470 3443 3540">
    <p class='ocr_par' dir='ltr' id='par_1_95' title="bbox 1856 3470 3443 3540">
     <span class='ocr_line' id='line_1_95' title="bbox 1856 3470 3443 3540; baseline 0.002 -18"><span class='ocrx_word' id='word_1_758' title='bbox 1856 3472 2218 3539; x_wconf 88' lang='lat' dir='ltr'><strong>Quamobrem</strong></span> <span class='ocrx_word' id='word_1_759' title='bbox 2268 3485 2373 3524; x_wconf 92' lang='lat' dir='ltr'><strong>non</strong></span> <span class='ocrx_word' id='word_1_760' title='bbox 2424 3472 2595 3525; x_wconf 89' lang='lat' dir='ltr'><strong>solum</strong></span> <span class='ocrx_word' id='word_1_761' title='bbox 2626 3470 2696 3525; x_wconf 90' lang='lat' dir='ltr'><strong>de</strong></span> <span class='ocrx_word' id='word_1_762' title='bbox 2741 3471 3024 3539; x_wconf 71' lang='lat' dir='ltr'><strong>prmtcritis</strong></span> <span class='ocrx_word' id='word_1_763' title='bbox 3076 3486 3178 3523; x_wconf 90' lang='lat' dir='ltr'><strong>non</strong></span> <span class='ocrx_word' id='word_1_764' title='bbox 3230 3480 3443 3540; x_wconf 89' lang='lat' dir='ltr'><strong>oportet</strong></span> 
     </span>
    </p>
   </div>
   <div class='ocr_carea' id='block_1_96' title="bbox 1857 3558 3439 3632">
    <p class='ocr_par' dir='ltr' id='par_1_96' title="bbox 1857 3558 3439 3632">
     <span class='ocr_line' id='line_1_96' title="bbox 1857 3558 3439 3632; baseline 0 -17"><span class='ocrx_word' id='word_1_765' title='bbox 1857 3561 2157 3632; x_wconf 85' lang='lat' dir='ltr'><strong>perturbari</strong></span> <span class='ocrx_word' id='word_1_766' title='bbox 2188 3576 2361 3629; x_wconf 89' lang='lat' dir='ltr'><strong>neque</strong></span> <span class='ocrx_word' id='word_1_767' title='bbox 2391 3559 2668 3624; x_wconf 79' lang='lat' dir='ltr'><strong>confundi,</strong></span> <span class='ocrx_word' id='word_1_768' title='bbox 2702 3559 2794 3613; x_wconf 73' lang='lat' dir='ltr'><strong>sed</strong></span> <span class='ocrx_word' id='word_1_769' title='bbox 2843 3575 3014 3628; x_wconf 85' lang='lat' dir='ltr'><strong>neque</strong></span> <span class='ocrx_word' id='word_1_770' title='bbox 3044 3558 3111 3613; x_wconf 92' lang='lat' dir='ltr'><strong>de</strong></span> <span class='ocrx_word' id='word_1_771' title='bbox 3147 3559 3357 3624; x_wconf 80' lang='lat' dir='ltr'><strong>futuris,</strong></span> <span class='ocrx_word' id='word_1_772' title='bbox 3388 3562 3439 3615; x_wconf 87' lang='lat' dir='ltr'><strong>si</strong></span> 
     </span>
    </p>
   </div>
   <div class='ocr_carea' id='block_1_97' title="bbox 1860 3651 3205 3723">
    <p class='ocr_par' dir='ltr' id='par_1_97' title="bbox 1860 3651 3205 3723">
     <span class='ocr_line' id='line_1_97' title="bbox 1860 3651 3205 3723; baseline -0.003 -17"><span class='ocrx_word' id='word_1_773' title='bbox 1860 3654 1963 3707; x_wconf 87' lang='lat' dir='ltr'><strong>tale</strong></span> <span class='ocrx_word' id='word_1_774' title='bbox 1991 3653 2114 3723; x_wconf 90' lang='lat' dir='ltr'><strong>quid</strong></span> <span class='ocrx_word' id='word_1_775' title='bbox 2140 3653 2444 3722; x_wconf 82' lang='lat' dir='ltr'><strong>contigerit.</strong></span> <span class='ocrx_word' id='word_1_776' title='bbox 2477 3651 2540 3705; x_wconf 79' lang='lat' dir='ltr'><strong>In</strong></span> <span class='ocrx_word' id='word_1_777' title='bbox 2567 3654 2660 3705; x_wconf 87' lang='lat' dir='ltr'><strong>hoc</strong></span> <span class='ocrx_word' id='word_1_778' title='bbox 2687 3653 2819 3705; x_wconf 87' lang='lat' dir='ltr'><strong>enim</strong></span> <span class='ocrx_word' id='word_1_779' title='bbox 2848 3652 2995 3719; x_wconf 88' lang='lat' dir='ltr'><strong>positi</strong></span> <span class='ocrx_word' id='word_1_780' title='bbox 3016 3668 3205 3704; x_wconf 87' lang='lat' dir='ltr'><strong>sumus.</strong></span> 
     </span>
    </p>
   </div>
   <div class='ocr_carea' id='block_1_98' title="bbox 1930 3727 3445 3813">
    <p class='ocr_par' dir='ltr' id='par_1_98' title="bbox 1930 3727 3445 3813">
     <span class='ocr_line' id='line_1_98' title="bbox 1930 3727 3445 3813; baseline 0.001 -16"><span class='ocrx_word' id='word_1_781' title='bbox 1930 3745 1983 3798; x_wconf 75' lang='grc'><strong>4.</strong></span> <span class='ocrx_word' id='word_1_782' title='bbox 2025 3743 2319 3798; x_wconf 83' lang='lat' dir='ltr'><strong>Audiamus</strong></span> <span class='ocrx_word' id='word_1_783' title='bbox 2349 3744 2541 3813; x_wconf 87' lang='lat' dir='ltr'><strong>quibus</strong></span> <span class='ocrx_word' id='word_1_784' title='bbox 2570 3752 2695 3797; x_wconf 94' lang='lat' dir='ltr'><strong>sunt</strong></span> <span class='ocrx_word' id='word_1_785' title='bbox 2714 3757 2875 3796; x_wconf 88' lang='lat' dir='ltr'><strong>aures</strong></span> <span class='ocrx_word' id='word_1_786' title='bbox 2905 3742 2969 3795; x_wconf 90' lang='lat' dir='ltr'><strong>ad</strong></span> <span class='ocrx_word' id='word_1_787' title='bbox 2998 3742 3319 3797; x_wconf 87' lang='lat' dir='ltr'><strong>audiendum</strong></span> <span class='ocrx_word' id='word_1_788' title='bbox 3345 3727 3445 3798; x_wconf 45' lang='lat' dir='ltr'><strong>{In</strong></span> 
     </span>
    </p>
   </div>
   <div class='ocr_carea' id='block_1_99' title="bbox 1861 3830 3441 3906">
    <p class='ocr_par' dir='ltr' id='par_1_99' title="bbox 1861 3830 3441 3906">
     <span class='ocr_line' id='line_1_99' title="bbox 1861 3830 3441 3906; baseline -0.001 -18"><span class='ocrx_word' id='word_1_789' title='bbox 1861 3834 1962 3889; x_wconf 89' lang='lat' dir='ltr'><strong>hoc</strong></span> <span class='ocrx_word' id='word_1_790' title='bbox 1983 3835 2188 3906; x_wconf 89' lang='lat' dir='ltr'><strong>positus</strong></span> <span class='ocrx_word' id='word_1_791' title='bbox 2213 3845 2295 3888; x_wconf 91' lang='lat' dir='ltr'><strong>est</strong></span> <span class='ocrx_word' id='word_1_792' title='bbox 2315 3830 2669 3887; x_wconf 83' lang='lat' dir='ltr'><strong>Christianus.</strong></span> <span class='ocrx_word' id='word_1_793' title='bbox 2696 3833 2829 3898; x_wconf 82' lang='lat' dir='ltr'><strong>Hoc,</strong></span> <span class='ocrx_word' id='word_1_794' title='bbox 2863 3830 2929 3885; x_wconf 84' lang='lat' dir='ltr'><strong>In</strong></span> <span class='ocrx_word' id='word_1_795' title='bbox 2951 3832 3044 3885; x_wconf 91' lang='lat' dir='ltr'><strong>hoc</strong></span> <span class='ocrx_word' id='word_1_796' title='bbox 3066 3834 3213 3902; x_wconf 81' lang='lat' dir='ltr'><strong>positi</strong></span> <span class='ocrx_word' id='word_1_797' title='bbox 3243 3850 3441 3895; x_wconf 89' lang='lat' dir='ltr'><strong>sumus,</strong></span> 
     </span>
    </p>
   </div>
   <div class='ocr_carea' id='block_1_100' title="bbox 1861 3924 3444 3995">
    <p class='ocr_par' dir='ltr' id='par_1_100' title="bbox 1861 3924 3444 3995">
     <span class='ocr_line' id='line_1_100' title="bbox 1861 3924 3444 3995; baseline 0 -15"><span class='ocrx_word' id='word_1_798' title='bbox 1861 3925 1928 3980; x_wconf 87' lang='lat' dir='ltr'><strong>de</strong></span> <span class='ocrx_word' id='word_1_799' title='bbox 1953 3926 2202 3980; x_wconf 90' lang='lat' dir='ltr'><strong>omnibus</strong></span> <span class='ocrx_word' id='word_1_800' title='bbox 2231 3924 2360 3979; x_wconf 91' lang='lat' dir='ltr'><strong>dicit</strong></span> <span class='ocrx_word' id='word_1_801' title='bbox 2381 3924 2645 3980; x_wconf 84' lang='lat' dir='ltr'><strong>ﬁdelibus.</strong></span> <span class='ocrx_word' id='word_1_802' title='bbox 2676 3925 2743 3978; x_wconf 77' lang='lat' dir='ltr'><strong>in</strong></span> <span class='ocrx_word' id='word_1_803' title='bbox 2769 3926 2862 3978; x_wconf 88' lang='lat' dir='ltr'><strong>hoc</strong></span> <span class='ocrx_word' id='word_1_804' title='bbox 2885 3925 3036 3995; x_wconf 89' lang='lat' dir='ltr'><strong>positi</strong></span> <span class='ocrx_word' id='word_1_805' title='bbox 3059 3941 3251 3992; x_wconf 87' lang='lat' dir='ltr'><strong>sumus,</strong></span> <span class='ocrx_word' id='word_1_806' title='bbox 3277 3935 3330 3979; x_wconf 88' lang='lat' dir='ltr'><strong>ct</strong></span> <span class='ocrx_word' id='word_1_807' title='bbox 3347 3940 3444 3980; x_wconf 87' lang='lat' dir='ltr'><strong>nos</strong></span> 
     </span>
    </p>
   </div>
   <div class='ocr_carea' id='block_1_101' title="bbox 1861 4016 3442 4088">
    <p class='ocr_par' dir='ltr' id='par_1_101' title="bbox 1861 4016 3442 4088">
     <span class='ocr_line' id='line_1_101' title="bbox 1861 4016 3442 4088; baseline -0.001 -15"><span class='ocrx_word' id='word_1_808' title='bbox 1861 4019 2011 4088; x_wconf 91' lang='lat' dir='ltr'><strong>quasi</strong></span> <span class='ocrx_word' id='word_1_809' title='bbox 2042 4020 2095 4072; x_wconf 93' lang='lat' dir='ltr'><strong>in</strong></span> <span class='ocrx_word' id='word_1_810' title='bbox 2124 4018 2291 4072; x_wconf 87' lang='lat' dir='ltr'><strong>otium</strong></span> <span class='ocrx_word' id='word_1_811' title='bbox 2313 4027 2367 4072; x_wconf 90' lang='lat' dir='ltr'><strong>et</strong></span> <span class='ocrx_word' id='word_1_812' title='bbox 2397 4017 2637 4088; x_wconf 90' lang='lat' dir='ltr'><strong>requiem</strong></span> <span class='ocrx_word' id='word_1_813' title='bbox 2677 4018 2843 4071; x_wconf 90' lang='lat' dir='ltr'><strong>simus</strong></span> <span class='ocrx_word' id='word_1_814' title='bbox 2864 4017 3046 4086; x_wconf 89' lang='lat' dir='ltr'><strong>positi,</strong></span> <span class='ocrx_word' id='word_1_815' title='bbox 3076 4016 3253 4071; x_wconf 85' lang='lat' dir='ltr'><strong>alieno</strong></span> <span class='ocrx_word' id='word_1_816' title='bbox 3281 4017 3442 4072; x_wconf 89' lang='lat' dir='ltr'><strong>modo</strong></span> 
     </span>
    </p>
   </div>
   <div class='ocr_carea' id='block_1_102' title="bbox 1861 4108 3445 4181">
    <p class='ocr_par' dir='ltr' id='par_1_102' title="bbox 1861 4108 3445 4181">
     <span class='ocr_line' id='line_1_102' title="bbox 1861 4108 3445 4181; baseline -0.001 -16"><span class='ocrx_word' id='word_1_817' title='bbox 1861 4111 2144 4166; x_wconf 86' lang='lat' dir='ltr'><strong>alﬁcimur.</strong></span> <span class='ocrx_word' id='word_1_818' title='bbox 2195 4110 2306 4164; x_wconf 90' lang='lat' dir='ltr'><strong>lmo</strong></span> <span class='ocrx_word' id='word_1_819' title='bbox 2336 4125 2464 4165; x_wconf 82' lang='lat' dir='ltr'><strong>vero</strong></span> <span class='ocrx_word' id='word_1_820' title='bbox 2510 4124 2739 4181; x_wconf 89' lang='lat' dir='ltr'><strong>quanam</strong></span> <span class='ocrx_word' id='word_1_821' title='bbox 2767 4108 2834 4163; x_wconf 88' lang='lat' dir='ltr'><strong>de</strong></span> <span class='ocrx_word' id='word_1_822' title='bbox 2863 4123 3022 4163; x_wconf 85' lang='lat' dir='ltr'><strong>causa</strong></span> <span class='ocrx_word' id='word_1_823' title='bbox 3066 4109 3245 4163; x_wconf 86' lang='lat' dir='ltr'><strong>alieno</strong></span> <span class='ocrx_word' id='word_1_824' title='bbox 3284 4109 3445 4163; x_wconf 91' lang='lat' dir='ltr'><strong>modo</strong></span> 
     </span>
    </p>
   </div>
   <div class='ocr_carea' id='block_1_103' title="bbox 1862 4200 3446 4271">
    <p class='ocr_par' dir='ltr' id='par_1_103' title="bbox 1862 4200 3446 4271">
     <span class='ocr_line' id='line_1_103' title="bbox 1862 4200 3446 4271; baseline -0.001 -16"><span class='ocrx_word' id='word_1_825' title='bbox 1862 4203 2165 4258; x_wconf 86' lang='lat' dir='ltr'><strong>al’licimur?</strong></span> <span class='ocrx_word' id='word_1_826' title='bbox 2218 4217 2390 4271; x_wconf 90' lang='lat' dir='ltr'><strong>neque</strong></span> <span class='ocrx_word' id='word_1_827' title='bbox 2438 4203 2580 4256; x_wconf 91' lang='lat' dir='ltr'><strong>enim</strong></span> <span class='ocrx_word' id='word_1_828' title='bbox 2626 4212 2833 4270; x_wconf 90' lang='lat' dir='ltr'><strong>tempus</strong></span> <span class='ocrx_word' id='word_1_829' title='bbox 2879 4200 3218 4265; x_wconf 82' lang='lat' dir='ltr'><strong>afﬁictionis,</strong></span> <span class='ocrx_word' id='word_1_830' title='bbox 3273 4217 3446 4270; x_wconf 87' lang='lat' dir='ltr'><strong>neque</strong></span> 
     </span>
    </p>
   </div>
   <div class='ocr_carea' id='block_1_104' title="bbox 1865 4291 3443 4364">
    <p class='ocr_par' dir='ltr' id='par_1_104' title="bbox 1865 4291 3443 4364">
     <span class='ocr_line' id='line_1_104' title="bbox 1865 4291 3443 4364; baseline -0.003 -16"><span class='ocrx_word' id='word_1_831' title='bbox 1865 4296 2087 4349; x_wconf 89' lang='lat' dir='ltr'><strong>tentatio</strong></span> <span class='ocrx_word' id='word_1_832' title='bbox 2118 4292 2473 4364; x_wconf 87' lang='lat' dir='ltr'><strong>apprehendit</strong></span> <span class='ocrx_word' id='word_1_833' title='bbox 2510 4306 2609 4346; x_wconf 90' lang='lat' dir='ltr'><strong>nos</strong></span> <span class='ocrx_word' id='word_1_834' title='bbox 2656 4292 2755 4346; x_wconf 89' lang='lat' dir='ltr'><strong>nisi</strong></span> <span class='ocrx_word' id='word_1_835' title='bbox 2789 4291 3040 4344; x_wconf 86' lang='lat' dir='ltr'><strong>humana.</strong></span> <span class='ocrx_word' id='word_1_836' title='bbox 3072 4291 3443 4360; x_wconf 87' lang='lat' dir='ltr'><strong>Opportunum</strong></span> 
     </span>
    </p>
   </div>
   <div class='ocr_carea' id='block_1_105' title="bbox 1865 4379 3447 4454">
    <p class='ocr_par' dir='ltr' id='par_1_105' title="bbox 1865 4379 3447 4454">
     <span class='ocr_line' id='line_1_105' title="bbox 1865 4379 3447 4454; baseline -0.007 -12"><span class='ocrx_word' id='word_1_837' title='bbox 1865 4397 1949 4442; x_wconf 89' lang='lat' dir='ltr'><strong>cst</strong></span> <span class='ocrx_word' id='word_1_838' title='bbox 1998 4386 2150 4440; x_wconf 81' lang='lat' dir='ltr'><strong>vobis</strong></span> <span class='ocrx_word' id='word_1_839' title='bbox 2196 4401 2408 4454; x_wconf 88' lang='lat' dir='ltr'><strong>quoque</strong></span> <span class='ocrx_word' id='word_1_840' title='bbox 2454 4383 2638 4437; x_wconf 88' lang='lat' dir='ltr'><strong>dicere</strong></span> <span class='ocrx_word' id='word_1_841' title='bbox 2684 4400 2699 4436; x_wconf 90' lang='lat'><strong>:</strong></span> <span class='ocrx_word' id='word_1_842' title='bbox 2751 4379 2998 4434; x_wconf 85' lang='lat' dir='ltr'><strong>Nondum</strong></span> <span class='ocrx_word' id='word_1_843' title='bbox 3037 4380 3105 4432; x_wconf 89' lang='lat' dir='ltr'><strong>ad</strong></span> <span class='ocrx_word' id='word_1_844' title='bbox 3152 4382 3447 4450; x_wconf 81' lang='lat' dir='ltr'><strong>sanguinem</strong></span> 
     </span>
    </p>
   </div>
   <div class='ocr_carea' id='block_1_106' title="bbox 1864 4470 3443 4547">
    <p class='ocr_par' dir='ltr' id='par_1_106' title="bbox 1864 4470 3443 4547">
     <span class='ocr_line' id='line_1_106' title="bbox 1864 4470 3443 4547; baseline -0.004 -16"><span class='ocrx_word' id='word_1_845' title='bbox 1864 4495 2020 4547; x_wconf 85' lang='lat' dir='ltr'><strong>usque</strong></span> <span class='ocrx_word' id='word_1_846' title='bbox 2041 4476 2289 4530; x_wconf 83' lang='lat' dir='ltr'><strong>restitistis</strong></span> <span class='ocrx_word' id='word_1_847' title='bbox 2314 4484 2487 4528; x_wconf 88' lang='lat' dir='ltr'><strong>contra</strong></span> <span class='ocrx_word' id='word_1_848' title='bbox 2513 4482 2773 4544; x_wconf 86' lang='lat' dir='ltr'><strong>peccatum</strong></span> <span class='ocrx_word' id='word_1_849' title='bbox 2796 4472 3102 4525; x_wconf 85' lang='lat' dir='ltr'><strong>decertantes</strong></span> <span class='ocrx_word' id='word_1_850' title='bbox 3130 4471 3149 4542; x_wconf 89' lang='lat'><strong>(</strong></span> <span class='ocrx_word' id='word_1_851' title='bbox 3172 4470 3326 4524; x_wconf 82' lang='lat' dir='ltr'><strong>Hebr.</strong></span> <span class='ocrx_word' id='word_1_852' title='bbox 3356 4472 3443 4525; x_wconf 74' lang='grc'><strong>12.</strong></span> 
     </span>
    </p>
   </div>
   <div class='ocr_carea' id='block_1_107' title="bbox 1866 4562 3442 4637">
    <p class='ocr_par' dir='ltr' id='par_1_107' title="bbox 1866 4562 3442 4637">
     <span class='ocr_line' id='line_1_107' title="bbox 1866 4562 3442 4637; baseline -0.004 -14"><span class='ocrx_word' id='word_1_853' title='bbox 1866 4571 1943 4637; x_wconf 69' lang='lat' dir='ltr'><strong>li).</strong></span> <span class='ocrx_word' id='word_1_854' title='bbox 1978 4568 2086 4622; x_wconf 93' lang='lat' dir='ltr'><strong>lmo</strong></span> <span class='ocrx_word' id='word_1_855' title='bbox 2114 4584 2182 4622; x_wconf 90' lang='lat' dir='ltr'><strong>ne</strong></span> <span class='ocrx_word' id='word_1_856' title='bbox 2207 4576 2566 4636; x_wconf 89' lang='lat' dir='ltr'><strong>opportunum</strong></span> <span class='ocrx_word' id='word_1_857' title='bbox 2594 4564 2810 4634; x_wconf 88' lang='lat' dir='ltr'><strong>quidem</strong></span> <span class='ocrx_word' id='word_1_858' title='bbox 2836 4573 2918 4618; x_wconf 89' lang='lat' dir='ltr'><strong>est</strong></span> <span class='ocrx_word' id='word_1_859' title='bbox 2948 4562 3049 4616; x_wconf 91' lang='lat' dir='ltr'><strong>hoc</strong></span> <span class='ocrx_word' id='word_1_860' title='bbox 3072 4563 3224 4616; x_wconf 88' lang='lat' dir='ltr'><strong>vobis</strong></span> <span class='ocrx_word' id='word_1_861' title='bbox 3240 4562 3442 4627; x_wconf 88' lang='lat' dir='ltr'><strong>dicere;</strong></span> 
     </span>
    </p>
   </div>
   <div class='ocr_carea' id='block_1_108' title="bbox 1868 4656 3449 4732">
    <p class='ocr_par' dir='ltr' id='par_1_108' title="bbox 1868 4656 3449 4732">
     <span class='ocr_line' id='line_1_108' title="bbox 1868 4656 3449 4732; baseline -0.005 -15"><span class='ocrx_word' id='word_1_862' title='bbox 1868 4663 1963 4717; x_wconf 90' lang='lat' dir='ltr'><strong>sed</strong></span> <span class='ocrx_word' id='word_1_863' title='bbox 1992 4662 2155 4732; x_wconf 88' lang='lat' dir='ltr'><strong>quid?</strong></span> <span class='ocrx_word' id='word_1_864' title='bbox 2185 4660 2419 4715; x_wconf 91' lang='lat' dir='ltr'><strong>nondum</strong></span> <span class='ocrx_word' id='word_1_865' title='bbox 2468 4657 2722 4728; x_wconf 88' lang='lat' dir='ltr'><strong>pecunias</strong></span> <span class='ocrx_word' id='word_1_866' title='bbox 2771 4656 3116 4723; x_wconf 80' lang='lat' dir='ltr'><strong>despexistis.</strong></span> <span class='ocrx_word' id='word_1_867' title='bbox 3166 4656 3298 4710; x_wconf 88' lang='lat' dir='ltr'><strong>Nam</strong></span> <span class='ocrx_word' id='word_1_868' title='bbox 3347 4656 3449 4710; x_wconf 90' lang='lat' dir='ltr'><strong>illis</strong></span> 
     </span>
    </p>
   </div>
   <div class='ocr_carea' id='block_1_109' title="bbox 1868 4748 3452 4827">
    <p class='ocr_par' dir='ltr' id='par_1_109' title="bbox 1868 4748 3452 4827">
     <span class='ocr_line' id='line_1_109' title="bbox 1868 4748 3452 4827; baseline -0.004 -17"><span class='ocrx_word' id='word_1_869' title='bbox 1868 4756 2084 4827; x_wconf 88' lang='lat' dir='ltr'><strong>quidem</strong></span> <span class='ocrx_word' id='word_1_870' title='bbox 2113 4755 2203 4824; x_wconf 90' lang='lat' dir='ltr'><strong>qui</strong></span> <span class='ocrx_word' id='word_1_871' title='bbox 2234 4768 2327 4808; x_wconf 88' lang='lat' dir='ltr'><strong>sua</strong></span> <span class='ocrx_word' id='word_1_872' title='bbox 2349 4753 2527 4807; x_wconf 92' lang='lat' dir='ltr'><strong>omnia</strong></span> <span class='ocrx_word' id='word_1_873' title='bbox 2559 4750 2923 4822; x_wconf 88' lang='lat' dir='ltr'><strong>perdiderant,</strong></span> <span class='ocrx_word' id='word_1_874' title='bbox 2948 4748 3141 4803; x_wconf 84' lang='lat' dir='ltr'><strong>merito</strong></span> <span class='ocrx_word' id='word_1_875' title='bbox 3167 4748 3282 4802; x_wconf 64' lang='lat' dir='ltr'><strong>harc</strong></span> <span class='ocrx_word' id='word_1_876' title='bbox 3302 4748 3452 4803; x_wconf 81' lang='lat' dir='ltr'><strong>dice-</strong></span> 
     </span>
    </p>
   </div>
   <div class='ocr_carea' id='block_1_110' title="bbox 1869 4839 3453 4913">
    <p class='ocr_par' dir='ltr' id='par_1_110' title="bbox 1869 4839 3453 4913">
     <span class='ocr_line' id='line_1_110' title="bbox 1869 4839 3453 4913; baseline -0.007 -9"><span class='ocrx_word' id='word_1_877' title='bbox 1869 4850 2100 4910; x_wconf 89' lang='lat' dir='ltr'><strong>bantur;</strong></span> <span class='ocrx_word' id='word_1_878' title='bbox 2134 4846 2199 4900; x_wconf 90' lang='lat' dir='ltr'><strong>iis</strong></span> <span class='ocrx_word' id='word_1_879' title='bbox 2219 4856 2396 4901; x_wconf 86' lang='lat' dir='ltr'><strong>autem</strong></span> <span class='ocrx_word' id='word_1_880' title='bbox 2426 4845 2514 4913; x_wconf 87' lang='lat' dir='ltr'><strong>qui</strong></span> <span class='ocrx_word' id='word_1_881' title='bbox 2541 4857 2636 4897; x_wconf 91' lang='lat' dir='ltr'><strong>sua</strong></span> <span class='ocrx_word' id='word_1_882' title='bbox 2668 4841 2888 4908; x_wconf 90' lang='lat' dir='ltr'><strong>habent,</strong></span> <span class='ocrx_word' id='word_1_883' title='bbox 2920 4842 3044 4906; x_wconf 89' lang='lat' dir='ltr'><strong>hoc,</strong></span> <span class='ocrx_word' id='word_1_884' title='bbox 3074 4839 3298 4895; x_wconf 89' lang='lat' dir='ltr'><strong>Cuinam</strong></span> <span class='ocrx_word' id='word_1_885' title='bbox 3326 4850 3453 4894; x_wconf 90' lang='lat' dir='ltr'><strong>sunt</strong></span> 
     </span>
    </p>
   </div>
   <div class='ocr_carea' id='block_1_111' title="bbox 1870 4932 3452 5007">
    <p class='ocr_par' dir='ltr' id='par_1_111' title="bbox 1870 4932 3452 5007">
     <span class='ocr_line' id='line_1_111' title="bbox 1870 4932 3452 5007; baseline -0.007 -13"><span class='ocrx_word' id='word_1_886' title='bbox 1870 4947 2034 5007; x_wconf 66' lang='lat' dir='ltr'><strong>raptas</strong></span> <span class='ocrx_word' id='word_1_887' title='bbox 2079 4938 2315 5007; x_wconf 79' lang='lat' dir='ltr'><strong>pecuniae</strong></span> <span class='ocrx_word' id='word_1_888' title='bbox 2353 4945 2574 5006; x_wconf 86' lang='lat' dir='ltr'><strong>propter</strong></span> <span class='ocrx_word' id='word_1_889' title='bbox 2601 4932 2911 4988; x_wconf 90' lang='lat' dir='ltr'><strong>Christum?</strong></span> <span class='ocrx_word' id='word_1_890' title='bbox 2938 4932 3021 4987; x_wconf 92' lang='lat' dir='ltr'><strong>cui</strong></span> <span class='ocrx_word' id='word_1_891' title='bbox 3066 4942 3189 4985; x_wconf 88' lang='lat' dir='ltr'><strong>sunt</strong></span> <span class='ocrx_word' id='word_1_892' title='bbox 3236 4933 3452 5002; x_wconf 87' lang='lat' dir='ltr'><strong>impacti</strong></span> 
     </span>
    </p>
   </div>
   <div class='ocr_carea' id='block_1_112' title="bbox 1870 5022 3451 5097">
    <p class='ocr_par' dir='ltr' id='par_1_112' title="bbox 1870 5022 3451 5097">
     <span class='ocr_line' id='line_1_112' title="bbox 1870 5022 3451 5097; baseline -0.006 -13"><span class='ocrx_word' id='word_1_893' title='bbox 1870 5028 2121 5097; x_wconf 80' lang='lat' dir='ltr'><strong>colaplii?</strong></span> <span class='ocrx_word' id='word_1_894' title='bbox 2169 5028 2290 5097; x_wconf 89' lang='lat' dir='ltr'><strong>quis</strong></span> <span class='ocrx_word' id='word_1_895' title='bbox 2335 5025 2662 5080; x_wconf 88' lang='lat' dir='ltr'><strong>contumelia</strong></span> <span class='ocrx_word' id='word_1_896' title='bbox 2714 5023 2939 5079; x_wconf 74' lang='lat' dir='ltr'><strong>aﬂ‘ectus</strong></span> <span class='ocrx_word' id='word_1_897' title='bbox 2989 5023 3105 5076; x_wconf 87' lang='lat' dir='ltr'><strong>est?</strong></span> <span class='ocrx_word' id='word_1_898' title='bbox 3162 5037 3329 5091; x_wconf 90' lang='lat' dir='ltr'><strong>usque</strong></span> <span class='ocrx_word' id='word_1_899' title='bbox 3384 5022 3451 5075; x_wconf 86' lang='lat' dir='ltr'><strong>ad</strong></span> 
     </span>
    </p>
   </div>
   <div class='ocr_carea' id='block_1_113' title="bbox 1870 5114 3451 5189">
    <p class='ocr_par' dir='ltr' id='par_1_113' title="bbox 1870 5114 3451 5189">
     <span class='ocr_line' id='line_1_113' title="bbox 1870 5114 3451 5189; baseline -0.006 -13"><span class='ocrx_word' id='word_1_900' title='bbox 1870 5122 2069 5186; x_wconf 86' lang='lat' dir='ltr'><strong>verba,</strong></span> <span class='ocrx_word' id='word_1_901' title='bbox 2125 5122 2364 5189; x_wconf 91' lang='lat' dir='ltr'><strong>inquam.</strong></span> <span class='ocrx_word' id='word_1_902' title='bbox 2422 5117 2700 5173; x_wconf 84' lang='lat' dir='ltr'><strong>Undenam</strong></span> <span class='ocrx_word' id='word_1_903' title='bbox 2741 5125 2823 5171; x_wconf 91' lang='lat' dir='ltr'><strong>est</strong></span> <span class='ocrx_word' id='word_1_904' title='bbox 2864 5115 3153 5186; x_wconf 88' lang='lat' dir='ltr'><strong>gloriatio?</strong></span> <span class='ocrx_word' id='word_1_905' title='bbox 3183 5114 3451 5169; x_wconf 89' lang='lat' dir='ltr'><strong>undenam</strong></span> 
     </span>
    </p>
   </div>
   <div class='ocr_carea' id='block_1_114' title="bbox 1872 5205 3453 5284">
    <p class='ocr_par' dir='ltr' id='par_1_114' title="bbox 1872 5205 3453 5284">
     <span class='ocr_line' id='line_1_114' title="bbox 1872 5205 3453 5284; baseline -0.004 -19"><span class='ocrx_word' id='word_1_906' title='bbox 1872 5223 2025 5284; x_wconf 89' lang='lat' dir='ltr'><strong>potes</strong></span> <span class='ocrx_word' id='word_1_907' title='bbox 2062 5212 2259 5267; x_wconf 89' lang='lat' dir='ltr'><strong>habere</strong></span> <span class='ocrx_word' id='word_1_908' title='bbox 2304 5210 2590 5265; x_wconf 87' lang='lat' dir='ltr'><strong>ﬁduciam?</strong></span> <span class='ocrx_word' id='word_1_909' title='bbox 2618 5209 2749 5264; x_wconf 84' lang='lat' dir='ltr'><strong>Tam</strong></span> <span class='ocrx_word' id='word_1_910' title='bbox 2774 5209 3154 5278; x_wconf 89' lang='lat' dir='ltr'><strong>multa-passus</strong></span> <span class='ocrx_word' id='word_1_911' title='bbox 3179 5217 3260 5260; x_wconf 88' lang='lat' dir='ltr'><strong>est</strong></span> <span class='ocrx_word' id='word_1_912' title='bbox 3297 5205 3453 5260; x_wconf 85' lang='lat' dir='ltr'><strong>Chri-</strong></span> 
     </span>
    </p>
   </div>
   <div class='ocr_carea' id='block_1_115' title="bbox 1874 5298 3456 5374">
    <p class='ocr_par' dir='ltr' id='par_1_115' title="bbox 1874 5298 3456 5374">
     <span class='ocr_line' id='line_1_115' title="bbox 1874 5298 3456 5374; baseline -0.006 -14"><span class='ocrx_word' id='word_1_913' title='bbox 1874 5314 1989 5360; x_wconf 85' lang='lat' dir='ltr'><strong>stus</strong></span> <span class='ocrx_word' id='word_1_914' title='bbox 2018 5312 2234 5374; x_wconf 87' lang='lat' dir='ltr'><strong>propter</strong></span> <span class='ocrx_word' id='word_1_915' title='bbox 2266 5317 2363 5356; x_wconf 92' lang='lat' dir='ltr'><strong>nos</strong></span> <span class='ocrx_word' id='word_1_916' title='bbox 2387 5302 2475 5372; x_wconf 92' lang='lat' dir='ltr'><strong>qui</strong></span> <span class='ocrx_word' id='word_1_917' title='bbox 2507 5315 2721 5356; x_wconf 89' lang='lat' dir='ltr'><strong>eramus</strong></span> <span class='ocrx_word' id='word_1_918' title='bbox 2767 5300 2967 5353; x_wconf 87' lang='lat' dir='ltr'><strong>inimici</strong></span> <span class='ocrx_word' id='word_1_919' title='bbox 3002 5317 3014 5352; x_wconf 76' lang='grc' dir='ltr'>ε</span> <span class='ocrx_word' id='word_1_920' title='bbox 3045 5298 3296 5368; x_wconf 91' lang='lat' dir='ltr'><strong>quidnam</strong></span> <span class='ocrx_word' id='word_1_921' title='bbox 3330 5312 3456 5366; x_wconf 85' lang='lat' dir='ltr'><strong>pos-</strong></span> 
     </span>
    </p>
   </div>
   <div class='ocr_carea' id='block_1_116' title="bbox 1874 5388 3455 5462">
    <p class='ocr_par' dir='ltr' id='par_1_116' title="bbox 1874 5388 3455 5462">
     <span class='ocr_line' id='line_1_116' title="bbox 1874 5388 3455 5462; baseline -0.004 -12"><span class='ocrx_word' id='word_1_922' title='bbox 1874 5410 2060 5451; x_wconf 88' lang='lat' dir='ltr'><strong>sumus</strong></span> <span class='ocrx_word' id='word_1_923' title='bbox 2097 5393 2379 5449; x_wconf 84' lang='lat' dir='ltr'><strong>ostendere</strong></span> <span class='ocrx_word' id='word_1_924' title='bbox 2408 5392 2546 5462; x_wconf 89' lang='lat' dir='ltr'><strong>quod</strong></span> <span class='ocrx_word' id='word_1_925' title='bbox 2592 5402 2811 5461; x_wconf 87' lang='lat' dir='ltr'><strong>propter</strong></span> <span class='ocrx_word' id='word_1_926' title='bbox 2860 5392 3032 5460; x_wconf 89' lang='lat' dir='ltr'><strong>ipsum</strong></span> <span class='ocrx_word' id='word_1_927' title='bbox 3064 5391 3202 5459; x_wconf 90' lang='lat' dir='ltr'><strong>passi</strong></span> <span class='ocrx_word' id='word_1_928' title='bbox 3244 5388 3455 5443; x_wconf 72' lang='lat' dir='ltr'><strong>simus?</strong></span> 
     </span>
    </p>
   </div>
   <div class='ocr_carea' id='block_1_117' title="bbox 1874 5480 3453 5555">
    <p class='ocr_par' dir='ltr' id='par_1_117' title="bbox 1874 5480 3453 5555">
     <span class='ocr_line' id='line_1_117' title="bbox 1874 5480 3453 5555; baseline -0.006 -14"><span class='ocrx_word' id='word_1_929' title='bbox 1874 5485 2029 5554; x_wconf 88' lang='lat' dir='ltr'><strong>Quod</strong></span> <span class='ocrx_word' id='word_1_930' title='bbox 2047 5486 2182 5555; x_wconf 88' lang='lat' dir='ltr'><strong>passi</strong></span> <span class='ocrx_word' id='word_1_931' title='bbox 2208 5484 2422 5554; x_wconf 90' lang='lat' dir='ltr'><strong>quidem</strong></span> <span class='ocrx_word' id='word_1_932' title='bbox 2444 5496 2629 5536; x_wconf 91' lang='lat' dir='ltr'><strong>sumus</strong></span> <span class='ocrx_word' id='word_1_933' title='bbox 2655 5482 2785 5535; x_wconf 86' lang='lat' dir='ltr'><strong>nihil</strong></span> <span class='ocrx_word' id='word_1_934' title='bbox 2814 5492 2896 5536; x_wconf 90' lang='lat' dir='ltr'><strong>est</strong></span> <span class='ocrx_word' id='word_1_935' title='bbox 2920 5498 2935 5544; x_wconf 88' lang='lat'><strong>;</strong></span> <span class='ocrx_word' id='word_1_936' title='bbox 2965 5489 3089 5534; x_wconf 90' lang='lat' dir='ltr'><strong>sunt</strong></span> <span class='ocrx_word' id='word_1_937' title='bbox 3113 5490 3290 5533; x_wconf 88' lang='lat' dir='ltr'><strong>autem</strong></span> <span class='ocrx_word' id='word_1_938' title='bbox 3314 5480 3453 5534; x_wconf 86' lang='lat' dir='ltr'><strong>bona</strong></span> 
     </span>
    </p>
   </div>
   <div class='ocr_carea' id='block_1_118' title="bbox 1875 5570 3454 5644">
    <p class='ocr_par' dir='ltr' id='par_1_118' title="bbox 1875 5570 3454 5644">
     <span class='ocr_line' id='line_1_118' title="bbox 1875 5570 3454 5644; baseline -0.004 -13"><span class='ocrx_word' id='word_1_939' title='bbox 1875 5573 2280 5631; x_wconf 86' lang='lat' dir='ltr'><strong>innumerabilia</strong></span> <span class='ocrx_word' id='word_1_940' title='bbox 2323 5573 2513 5644; x_wconf 82' lang='lat' dir='ltr'><strong>quibus</strong></span> <span class='ocrx_word' id='word_1_941' title='bbox 2558 5572 2625 5626; x_wconf 91' lang='lat' dir='ltr'><strong>ab</strong></span> <span class='ocrx_word' id='word_1_942' title='bbox 2674 5572 2791 5641; x_wconf 91' lang='lat' dir='ltr'><strong>ipso</strong></span> <span class='ocrx_word' id='word_1_943' title='bbox 2844 5570 3127 5625; x_wconf 80' lang='lat' dir='ltr'><strong>alﬁcimur.</strong></span> <span class='ocrx_word' id='word_1_944' title='bbox 3179 5570 3454 5625; x_wconf 89' lang='lat' dir='ltr'><strong>Undenam</strong></span> 
     </span>
    </p>
   </div>
   <div class='ocr_carea' id='block_1_119' title="bbox 1874 5661 3457 5733">
    <p class='ocr_par' dir='ltr' id='par_1_119' title="bbox 1874 5661 3457 5733">
     <span class='ocr_line' id='line_1_119' title="bbox 1874 5661 3457 5733; baseline -0.006 -9"><span class='ocrx_word' id='word_1_945' title='bbox 1874 5669 1977 5725; x_wconf 90' lang='lat' dir='ltr'><strong>erit</strong></span> <span class='ocrx_word' id='word_1_946' title='bbox 1996 5667 2149 5723; x_wconf 91' lang='lat' dir='ltr'><strong>nobis</strong></span> <span class='ocrx_word' id='word_1_947' title='bbox 2171 5667 2261 5721; x_wconf 90' lang='lat' dir='ltr'><strong>illo</strong></span> <span class='ocrx_word' id='word_1_948' title='bbox 2285 5666 2373 5721; x_wconf 88' lang='lat' dir='ltr'><strong>die</strong></span> <span class='ocrx_word' id='word_1_949' title='bbox 2400 5664 2632 5719; x_wconf 88' lang='lat' dir='ltr'><strong>ﬁducia?</strong></span> <span class='ocrx_word' id='word_1_950' title='bbox 2655 5662 2882 5718; x_wconf 85' lang='lat' dir='ltr'><strong>Nescitis</strong></span> <span class='ocrx_word' id='word_1_951' title='bbox 2900 5662 3040 5733; x_wconf 90' lang='lat' dir='ltr'><strong>quod</strong></span> <span class='ocrx_word' id='word_1_952' title='bbox 3058 5662 3214 5717; x_wconf 90' lang='lat' dir='ltr'><strong>miles</strong></span> <span class='ocrx_word' id='word_1_953' title='bbox 3242 5661 3457 5731; x_wconf 89' lang='lat' dir='ltr'><strong>quando</strong></span> 
     </span>
    </p>
   </div>
   <div class='ocr_carea' id='block_1_120' title="bbox 1876 5755 3457 5832">
    <p class='ocr_par' dir='ltr' id='par_1_120' title="bbox 1876 5755 3457 5832">
     <span class='ocr_line' id='line_1_120' title="bbox 1876 5755 3457 5832; baseline -0.004 -13"><span class='ocrx_word' id='word_1_954' title='bbox 1876 5763 2023 5819; x_wconf 89' lang='lat' dir='ltr'><strong>mille</strong></span> <span class='ocrx_word' id='word_1_955' title='bbox 2064 5761 2247 5832; x_wconf 86' lang='lat' dir='ltr'><strong>plagas</strong></span> <span class='ocrx_word' id='word_1_956' title='bbox 2272 5768 2327 5816; x_wconf 90' lang='lat' dir='ltr'><strong>et</strong></span> <span class='ocrx_word' id='word_1_957' title='bbox 2367 5759 2595 5813; x_wconf 71' lang='lat' dir='ltr'><strong>vulnera</strong></span> <span class='ocrx_word' id='word_1_958' title='bbox 2639 5757 2912 5821; x_wconf 84' lang='lat' dir='ltr'><strong>ostendit,</strong></span> <span class='ocrx_word' id='word_1_959' title='bbox 2945 5766 3072 5810; x_wconf 91' lang='lat' dir='ltr'><strong>tunc</strong></span> <span class='ocrx_word' id='word_1_960' title='bbox 3116 5755 3309 5825; x_wconf 91' lang='lat' dir='ltr'><strong>poterit</strong></span> <span class='ocrx_word' id='word_1_961' title='bbox 3336 5770 3457 5812; x_wconf 81' lang='lat' dir='ltr'><strong>esse</strong></span> 
     </span>
    </p>
   </div>
   <div class='ocr_carea' id='block_1_121' title="bbox 1879 5847 3456 5928">
    <p class='ocr_par' dir='ltr' id='par_1_121' title="bbox 1879 5847 3456 5928">
     <span class='ocr_line' id='line_1_121' title="bbox 1879 5847 3456 5928; baseline -0.006 -13"><span class='ocrx_word' id='word_1_962' title='bbox 1879 5857 2101 5915; x_wconf 87' lang='lat' dir='ltr'><strong>illustris</strong></span> <span class='ocrx_word' id='word_1_963' title='bbox 2125 5854 2264 5928; x_wconf 85' lang='lat' dir='ltr'><strong>apud</strong></span> <span class='ocrx_word' id='word_1_964' title='bbox 2292 5851 2503 5926; x_wconf 76' lang='lat' dir='ltr'><strong>regem?</strong></span> <span class='ocrx_word' id='word_1_965' title='bbox 2520 5852 2603 5910; x_wconf 86' lang='lat' dir='ltr'><strong>sin</strong></span> <span class='ocrx_word' id='word_1_966' title='bbox 2626 5862 2805 5908; x_wconf 75' lang='lat' dir='ltr'><strong>autem</strong></span> <span class='ocrx_word' id='word_1_967' title='bbox 2828 5849 2961 5906; x_wconf 88' lang='lat' dir='ltr'><strong>nihil</strong></span> <span class='ocrx_word' id='word_1_968' title='bbox 2983 5848 3152 5920; x_wconf 87' lang='lat' dir='ltr'><strong>possit</strong></span> <span class='ocrx_word' id='word_1_969' title='bbox 3173 5847 3456 5906; x_wconf 74' lang='lat' dir='ltr'><strong>ostendere</strong></span> 
     </span>
    </p>
   </div>
  </div>
