3964 6512
527 472 621 528 ιιι

530 596 675 643 recte
699 593 754 640 et
778 583 983 637 fortiter
998 587 1229 649 gestum,
1254 576 1463 633 etiamsi
1482 575 1609 629 nihil
1635 572 1936 635 offenderit,
1960 569 2100 623 inter

529 687 798 732 extremos
823 670 1211 727 collocabitur?
1238 671 1307 724 At
1353 684 1459 725 non
1502 676 1603 730 est,
1632 666 1857 735 inquies,
1892 671 2103 730 tempus

526 766 677 821 belli.
720 763 853 818 Nam
905 761 947 816 si
990 769 1152 824 esset,
1206 759 1312 825 dic,
1339 772 1542 828 quzeso,
1588 756 1708 825 quis
1735 750 2103 808 decertasset?

529 856 652 927 quis
680 852 747 907 ad
776 866 1005 923 pugnam
1036 845 1388 920 prosiliisset?
1430 847 1549 916 quis
1593 844 1908 915 phalangem
1938 838 2105 894 fudis-

528 948 650 1003 set?
696 946 947 1002 Fortasse
983 943 1162 997 nullus
1206 960 1219 996 :
1262 955 1383 995 nam
1431 954 1553 993 cum
1584 936 1737 991 video
1789 944 1840 991 te
1888 940 2104 1003 propter

527 1040 800 1094 Christum
829 1035 1083 1106 pecunias
1113 1050 1219 1088 non
1262 1032 1538 1101 despicere
1557 1071 1571 1094 ,
1602 1026 1869 1098 quomodo
1890 1023 2103 1079 credam

529 1132 763 1184 futurum
796 1137 854 1180 ut
895 1126 1079 1199 plagas
1126 1124 1422 1193 despicias?
1469 1122 1561 1173 Dic
1603 1118 1768 1181 mihi,
1822 1116 2105 1170 fortiterne

529 1220 684 1274 fertis
717 1232 812 1272 eos
840 1217 928 1285 qui
966 1215 1165 1291 probro
1201 1223 1256 1269 et
1289 1210 1611 1267 contumelia
1636 1222 1731 1262 vos
1770 1207 2028 1270 afficiunt,
2051 1213 2107 1259 et

527 1312 608 1367 eis
635 1308 992 1365 benedicitis?
1023 1307 1135 1363 Hoc
1163 1321 1267 1360 non
1296 1304 1426 1359 facis
1447 1346 1462 1368 ,
1496 1311 1546 1357 et
1575 1317 1680 1355 non
1708 1299 1916 1355 obedis.
1948 1295 2105 1365 Quod

458 1424 469 1459 λι
528 1402 662 1458 nihil
692 1402 850 1457 habet
874 1398 1093 1470 periculi
1123 1413 1226 1452 non
1268 1382 1425 1460 facis,
1468 1403 1522 1448 et
1549 1395 1751 1463 plagas,
1778 1390 2097 1459 dic,quatso,

458 1494 462 1503 ’
531 1500 696 1563 feres,
723 1497 776 1550 in
810 1495 1004 1565 quibus
1049 1491 1273 1545 multum
1303 1498 1385 1544 est
1413 1486 1641 1541 tristitia
1665 1494 1718 1539 et
1744 1481 1981 1538 doloris?
2005 1480 2108 1535 Ne-

446 1578 460 1605 "
531 1588 681 1644 scitis
705 1585 847 1656 quod
899 1588 949 1637 In
984 1598 1111 1653 pace
1149 1597 1209 1636 se
1250 1578 1316 1635 ad
1345 1578 1542 1633 bellum
1573 1584 1784 1645 oportet
1808 1568 2106 1627 exercere?

531 1695 638 1733 non
666 1677 859 1731 videtis
882 1675 979 1732 hos
1010 1673 1227 1735 milites,
1251 1671 1338 1740 qui
1362 1670 1521 1723 etiam
1544 1666 1690 1721 nullo
1709 1672 1928 1734 urgente
1945 1661 2105 1726 bello,

443 1836 445 1839 ι
531 1782 588 1824 et
614 1770 695 1824 vel
739 1768 791 1821 in
821 1780 1030 1819 summa
1078 1778 1228 1834 pace,
1260 1759 1516 1818 abstersis
1563 1759 1747 1820 armis,
1778 1770 1900 1809 cum
1936 1751 2106 1820 magi-

533 1862 681 1922 stris,
706 1859 795 1929 qui
818 1867 1026 1912 struere
1056 1855 1223 1910 aciem
1251 1863 1307 1908 et
1330 1851 1546 1906 ordines
1575 1848 1842 1903 collocare
1877 1858 1971 1899 eos
2007 1842 2106 1896 do-

533 1962 677 2017 cent,
700 1953 751 2004 ln
784 1957 1030 2020 patentes
1079 1954 1135 2001 et
1175 1946 1310 1999 latos
1354 1956 1571 2011 campos
1610 1936 1847 2009 quotidie
1877 1934 1988 1989 fere
2013 1948 2108 1987 ex-

534 2052 746 2109 euntes,
775 2057 890 2101 rem
918 2039 1205 2094 militarem
1239 2044 1491 2091 exercent
1519 2027 1960 2086 accuratissime?
1980 2024 2110 2092 Quis

530 2135 640 2189 hoc
671 2132 793 2187 facit
820 2131 1045 2185 militum
1081 2125 1475 2197 spiritualium?
1504 2123 1712 2177 Nullus.
1741 2119 2033 2187 PrOpterea
2060 2116 2109 2168 in

535 2227 696 2282 bellis
740 2222 934 2283 molles
962 2235 1146 2277 sumus
1174 2227 1227 2274 et
1256 2218 1451 2287 ignavi,
1494 2224 1549 2269 et
1590 2214 1658 2268 ab
1683 2210 1933 2267 omnibus
1959 2206 2112 2261 facile

538 2320 783 2393 capimur
802 2327 857 2376 et
875 2330 1260 2386 expugnamur.
1288 2313 1455 2381 Quam
1485 2309 1694 2365 hebetis
1719 2315 1897 2360 autem
1927 2310 2009 2356 est
2034 2301 2112 2353 in-

540 2412 705 2481 genii,
729 2411 1033 2469 existimare
1053 2422 1291 2477 praesens
1315 2416 1523 2473 tempus
1545 2417 1650 2458 non
1679 2414 1799 2456 esse
1824 2396 1972 2461 belli,
1990 2408 2110 2449 cum

541 2505 737 2559 clamet
767 2503 961 2558 Paulus
991 2519 1005 2554 :
1038 2499 1222 2555 Omnes
1256 2509 1423 2553 autem
1467 2497 1551 2566 qui
1572 2496 1744 2549 volunt
1784 2493 1863 2561 pie
1886 2490 2042 2544 vivere
2061 2488 2113 2539 in

540 2597 739 2651 Christo
765 2594 909 2658 Iesu,
935 2592 1359 2663 persequtttionem
1388 2589 1631 2658 patientur
1651 2584 1735 2654 (2.
1762 2582 1890 2637 Tim.
1920 2583 1973 2637 5.
2000 2578 2110 2647 12);

540 2698 596 2749 et
616 2688 754 2745 dicat
778 2685 1038 2748 Christus,
1056 2684 1124 2737 In
1146 2681 1332 2735 mundo
1347 2681 1659 2751 aﬂlictionem
1676 2675 1915 2730 habebitis
1934 2671 2109 2742 (Joan.

542 2781 631 2844 16.
658 2780 750 2842 55)
776 2795 789 2842 ;
818 2786 874 2833 et
911 2790 1096 2830 rursus
1132 2774 1320 2828 beatus
1365 2771 1561 2826 Paulus
1590 2770 1735 2824 clara
1764 2780 1895 2822 voce
1923 2764 2117 2818 clamet

542 2882 593 2926 et
629 2868 791 2931 dicat,
821 2866 944 2921 Non
985 2876 1058 2919 est
1086 2864 1227 2919 nobis
1271 2864 1407 2917 lucta
1448 2867 1686 2915 adversus
1730 2857 2025 2926 sanguinem
2070 2863 2117 2907 et

542 2976 745 3020 carnem
766 2975 786 3023 ;
812 2967 867 3021 et
894 2971 1100 3022 rursus,
1131 2955 1285 3010 Stetis
1309 2969 1425 3023 ergo
1453 2950 1693 3006 succincti
1719 2948 1912 3002 lumbos
1931 2957 2118 3002 vestros

543 3050 598 3103 in
625 3049 829 3104 veritate
854 3048 871 3117 (
892 3046 1083 3115 Ephes.
1112 3045 1164 3100 6.
1198 3044 1285 3099 12.
1315 3044 1435 3111 14).
1469 3042 1534 3096 Et
1563 3040 1738 3095 nullus
1767 3038 1857 3093 illo
1880 3048 2119 3107 tempore

547 3140 699 3199 dixit,
722 3138 859 3207 Quid
892 3152 989 3191 nos
1025 3151 1220 3200 armas,
1248 3134 1567 3205 dic,quarso,
1609 3146 1729 3185 cum
1764 3144 1870 3183 non
1913 3129 1983 3183 sit
2008 3128 2121 3182 bel-

548 3230 704 3285 lum?
744 3246 843 3284 cur
873 3228 1025 3286 nobis
1067 3238 1269 3282 temere
1307 3225 1514 3296 negotia
1545 3222 1805 3280 exhibes?
1835 3221 2013 3274 loricis
2036 3220 2125 3273 in—

548 3323 670 3379 duis
694 3322 909 3385 milites,
938 3337 1057 3378 cum
1095 3320 1373 3391 quiescere
1400 3318 1556 3373 liceat
1583 3328 1637 3372 et
1659 3317 1887 3370 recreari
1910 3311 2044 3368 ?sed
2075 3322 2120 3367 st

549 3413 670 3481 quis
714 3413 826 3467 huic
865 3412 1106 3475 dixisset,
1154 3424 1470 3479 responsum
1514 3409 1590 3463 illi
1632 3408 1818 3483 fuisset
1849 3422 1862 3458 :
1890 3404 2122 3458 Maxime

551 3503 788 3578 quidem,
837 3503 936 3563 etsi
978 3518 1083 3563 non
1123 3512 1266 3557 esset
1292 3500 1513 3566 bellum,
1564 3505 1837 3565 Oporteret
1872 3497 1938 3550 de
1983 3494 2123 3550 bello

551 3610 735 3650 curam
766 3609 953 3665 gerere
975 3604 1031 3650 et
1058 3592 1496 3647 sollicitudinem.
1542 3588 1671 3644 Nam
1700 3588 1788 3659 qui
1814 3589 1866 3641 in
1900 3601 2029 3657 pace
2056 3586 2125 3641 de

551 3687 741 3759 prtelio
763 3695 844 3741 est
869 3686 1147 3749 sollicitus,
1176 3685 1277 3737 erit
1303 3680 1552 3737 terribilis
1574 3682 1625 3735 in
1647 3691 1885 3748 tempore
1913 3677 2080 3746 praelii
2107 3695 2121 3730 :

552 3780 643 3847 qui
673 3788 848 3833 autem
876 3786 958 3830 est
997 3776 1073 3833 rei
1109 3775 1314 3829 bellica:
1360 3774 1660 3842 imperitus,
1701 3772 1860 3825 etiam
1902 3770 1953 3823 in
1997 3783 2125 3838 pace

554 3872 726 3941 magis
771 3868 1194 3923 conturbabitur.
1246 3866 1641 3932 Quamobrem?
1673 3864 1934 3932 Quoniam
1980 3862 2127 3918 ﬂebit

554 3975 655 4031 pro
683 3960 747 4013 iis
773 3974 890 4028 quae
929 3957 1107 4022 habet,
1138 3967 1192 4010 et
1226 3956 1435 4012 tristitia
1478 3956 1738 4010 afficietur
1766 3954 1905 4024 quod
1936 3969 2032 4023 pro
2062 3955 2125 4007 iis

558 4067 674 4113 non,
704 4048 873 4118 possit
900 4062 1155 4117 pugnare.
1182 4045 1377 4100 Timidi
1401 4046 1544 4100 enim
1573 4054 1625 4099 et
1666 4045 1900 4114 imperiti
1930 4054 1982 4099 et
2027 4060 2125 4111 pu-

558 4158 677 4217 gna:
702 4140 868 4210 ignari
888 4139 1024 4193 bona
1041 4147 1096 4195 et
1124 4137 1487 4206 possessiones
1508 4145 1632 4190 sunt
1659 4136 1894 4191 omnium
1914 4135 2127 4189 fortium

559 4242 614 4288 et
642 4232 733 4302 qui
753 4231 929 4285 sciunt
958 4229 1176 4285 bellare.
1202 4226 1559 4295 Quamobrem
1584 4235 1863 4297 propterea
1897 4228 2125 4298 primum

558 4339 655 4378 vos
678 4338 847 4377 armo.
870 4320 1070 4376 Deinde
1096 4334 1221 4376 vero
1242 4319 1364 4374 belli
1390 4334 1599 4389 quoque
1623 4327 1828 4388 tempus
1849 4329 1931 4374 est
1962 4328 2129 4373 totum

558 4426 774 4486 tempus
814 4415 933 4469 vitae
965 4424 1184 4468 nostrae.
1212 4411 1492 4479 Quomodo
1517 4420 1572 4468 et
1609 4426 1836 4480 quanam
1878 4412 2082 4468 ratione
2108 4413 2131 4464 ἲ

558 4506 805 4564 Imminet
827 4522 1037 4575 semper
1047 4505 1306 4560 diabolus.
1326 4504 1465 4558 Audi
1495 4503 1620 4573 quid
1636 4503 1702 4558 de
1715 4504 1807 4558 illo
1821 4504 1961 4559 dicat
1983 4504 2131 4558 :Cir-

560 4598 893 4668 cuitrugiens
910 4606 966 4651 ut
985 4597 1066 4651 leo
1085 4597 1130 4667 (1
1143 4635 1160 4650 .
1180 4595 1320 4651 Petr.
1340 4597 1393 4651 5.
1407 4595 1487 4663 8),
1501 4594 1685 4649 volens
1705 4595 1956 4663 arripere.
1974 4594 2129 4648 lnnu-

561 4688 847 4743 merabiles
891 4689 1132 4757 corporis
1171 4686 1482 4741 affectiones
1534 4700 1631 4739 nos
1682 4685 1956 4750 invadunt,
2000 4700 2133 4754 quas

564 4779 778 4858 quidem
805 4793 1026 4834 necesse
1043 4788 1127 4832 est
1144 4792 1444 4841 recensere,
1465 4791 1532 4831 ne
1553 4792 1652 4831 nos
1686 4786 1888 4832 temere
1902 4776 2133 4844 decipia-

562 4868 842 4945 mus.Quid
853 4865 1453 4942 enim,dic,quzeso,non
1471 4868 1745 4923 nobiscum
1762 4867 1955 4922 bellum
1973 4867 2134 4937 gerit?

564 4961 785 5025 divitiae,
816 4958 1175 5028 pulchritudo,
1208 4958 1436 5024 deliciw,
1484 4969 1739 5030 potestas,
1770 4958 1986 5025 invidia,
2015 4960 2132 5029 glo-

564 5052 665 5113 ria,
696 5050 1018 5121 arrogantia.
1049 5050 1163 5105 Non
1194 5051 1368 5109 solum
1390 5052 1534 5106 enim
1574 5061 1753 5105 nostra
1779 5051 1977 5106 bellum
1998 5053 2133 5123 gerit

562 5143 755 5213 gloria,
786 5142 1077 5214 prohibens
1099 5158 1167 5199 :te
1187 5159 1286 5198 nos
1311 5143 1652 5200 demittamus
1675 5143 1741 5197 ad
1760 5143 2131 5211 humilitatem,

564 5234 658 5289 sed
687 5223 913 5289 aliorum
933 5250 1145 5304 quoque
1182 5234 1350 5304 gloria
1378 5234 1612 5289 educens
1638 5249 1737 5289 nos
1763 5234 1828 5289 ad
1861 5236 2132 5289 invidiam.

562 5325 669 5382 Sed
700 5326 827 5395 quid
870 5326 1134 5388 contraria
1160 5368 1175 5391 ,
1206 5335 1509 5397 paupertas,
1556 5325 1867 5395 ignominia,
1908 5325 2130 5394 despici,

561 5415 746 5485 :tbjici,
792 5417 962 5469 nullas
1002 5415 1200 5470 habere
1231 5415 1411 5470 vires?
1441 5414 1565 5469 Haec
1598 5415 1814 5493 quidem
1848 5415 1900 5469 in
1934 5414 2086 5470 nobis
2118 5433 2131 5469 :

561 5521 682 5578 qua:
709 5515 886 5562 autem
912 5516 1036 5560 sunt
1060 5507 1127 5561 ab
1158 5504 1493 5573 hominibus,
1519 5506 1806 5575 pravitates
1830 5546 1846 5569 ,
1887 5505 2092 5560 insidiae
2118 5547 2135 5571 ,

562 5597 693 5663 doli,
718 5598 1019 5661 calumnias,
1047 5597 1192 5651 mille
1216 5597 1716 5651 circutnventiones.
1741 5595 1999 5654 Similiter
2016 5612 2135 5665 qua:

562 5698 688 5745 sunt
737 5704 767 5743 a
807 5688 1154 5758 daemonibus,
1190 5688 1539 5758 principatus,
1588 5696 1908 5756 potestates,
1951 5686 2134 5742 mundi

564 5782 806 5837 recteres
831 5754 1168 5837 tenebrardm
1195 5782 1354 5850 hujus
1377 5782 1557 5837 sarculi
1574 5822 1588 5845 ,
1621 5780 1917 5849 spiritualia
1946 5778 2135 5847 ncqui-

568 5879 670 5931 tize.
712 5875 812 5931 Alii
839 5888 1020 5933 sumus
1051 5874 1419 5942 laetantes,alii
1447 5873 1725 5936 dolentes:
1760 5883 1981 5945 utraque
2008 5880 2131 5928 sunt

1227 463 1284 517 S.
1322 458 1593 517 JOANNIS
1628 454 2103 515 CIIRYSOSTOMI
2141 452 2451 508 ARCHIEP.
2492 450 3019 507 CONSTANTINOP.

3686 456 3781 510 US

2214 566 2519 621 declinatio.
2548 564 2652 621 Sed
2682 567 2902 631 sanitas,
2930 564 3027 620 sed
3054 564 3353 620 infirmitas.
3374 565 3657 621 Undenam
3682 584 3781 621 nun

2210 658 2451 728 peccabit
2480 658 2785 728 quispiam?
2810 658 2981 711 Vultis
3009 667 3065 712 ut
3090 667 3145 712 et
3169 657 3235 712 ab
3266 660 3382 725 ipso
3409 658 3625 711 Adamo
3654 660 3777 711 inci-

2210 750 2383 819 piens,
2435 748 2608 804 dicam
2644 749 2821 802 statim
2865 748 2932 802 ab
2984 748 3174 802 initio?
3219 750 3345 818 quid
3396 750 3779 818 protoplastum

2210 842 2352 909 cepit
2381 850 2434 895 et
2461 842 2825 912 expugnavit?
2853 840 3109 910 Voluptas
3155 851 3208 895 et
3241 842 3343 895 eihi
3388 852 3445 896 et
3496 843 3779 912 imperandi

2210 930 2559 986 desiderium.
2592 932 2726 998 Quid
2755 931 2896 986 illius
2928 932 3091 986 lilium
3109 935 3198 1002 q'ui
3227 948 3347 988 eum
3375 946 3460 987 est
3487 937 3783 1003 sequutus?

2213 1020 2410 1076 Invidia
2435 1031 2490 1076 et
2516 1023 2673 1077 livor.
2715 1022 2848 1089 Quid
2879 1037 2973 1077 eos
2999 1024 3088 1092 qui
3120 1023 3335 1094 fuerunt
3364 1037 3615 1094 tempore
3642 1026 3805 1101 Noe?

2209 1111 2503 1182 Corporum
2533 1114 2855 1184 voluptates,
2885 1120 2939 1169 et
2975 1130 3094 1184 quae
3110 1131 3175 1169 ex
3198 1116 3277 1169 eis
3301 1127 3609 1170 nascuntur
3632 1119 3782 1171 mala.

2211 1203 2348 1272 Quid
2377 1204 2492 1273 ejus
2535 1205 2738 1260 filium?
2780 1205 3079 1261 Petulantia
3108 1217 3164 1260 et
3194 1207 3355 1261 nimia
3390 1208 3634 1261 licentia.
3662 1210 3785 1273 Quid

2212 1294 2557 1349 Sodomitas?
2582 1295 2773 1350 Libido
2817 1305 2871 1351 et
2919 1297 3171 1351 salacitas
3214 1307 3267 1351 et
3295 1313 3494 1365 panum
3522 1300 3785 1352 saturitas.

2211 1385 2363 1454 Stepe
2386 1396 2561 1440 autem
2592 1386 2692 1441 hoc
2737 1403 2946 1458 quoque
2996 1387 3121 1442 facit
3159 1400 3447 1458 paupertas
3471 1404 3489 1441 :
3517 1400 3785 1457 propterea

2213 1475 2421 1532 dicebat
2464 1466 2677 1547 quidam
2721 1479 2933 1547 sapiens
2963 1496 2977 1533 :
3005 1478 3222 1534 Divitias
3262 1490 3308 1534 et
3352 1493 3710 1550 paupertatem
3735 1502 3790 1536 ne

2212 1566 2409 1620 dederis
2434 1568 2559 1620 mihi
2584 1566 2773 1638 (Prov.
2804 1571 2890 1623 30.
2917 1569 3012 1640 8).
3041 1569 3151 1623 lino
3185 1586 3311 1625 vero
3341 1586 3442 1625 nec
3472 1572 3677 1625 divitia:
3702 1590 3788 1629 nec

2213 1665 2517 1725 paupertas,
2565 1658 2658 1711 sed
2684 1658 2823 1727 quod
2849 1659 2930 1715 his
2972 1661 3206 1730 utrisque
3232 1661 3305 1714 uti
3338 1677 3446 1715 non
3471 1664 3646 1731 possit
3673 1666 3787 1717 Iibe-

2214 1761 2328 1799 rutn
2356 1746 2654 1803 arbitrium.
2685 1751 2929 1820 Agnosco,
2954 1746 3146 1822 inquit,
3175 1753 3308 1821 quod
3337 1755 3531 1809 transis
3561 1757 3617 1808 in
3640 1759 3788 1810 medio

2214 1837 2501 1905 laqueorum
2534 1838 2719 1908 (Eccli.
2751 1840 2805 1895 9.
2840 1840 2949 1912 18).

2283 1929 2336 1983 5.
2370 1930 2760 1993 Admirabiliter
2789 1932 2921 1986 dixit
2951 1934 3135 1987 beatus
3163 1934 3354 1989 Paulus
3382 1954 3393 1989 :
3420 1935 3492 1988 In
3516 1937 3617 1989 hoc
3650 1940 3787 2005 positi

2213 2034 2404 2073 sumus.
2438 2020 2550 2075 Non
2572 2021 2703 2075 dixit
2728 2025 2921 2089 solum,
2952 2024 3258 2089 Tentamur,
3285 2026 3399 2087 sed.
3432 2026 3504 2080 In
3530 2029 3632 2082 hoc
3656 2031 3790 2095 positi

2214 2124 2423 2173 sumus;
2452 2126 2514 2165 ac
2537 2111 2583 2165 si
2606 2112 2827 2173 diceret,
2859 2115 2913 2167 In
2941 2114 3043 2169 hoc
3068 2118 3171 2169 nati
3206 2132 3405 2171 sumus.
3445 2118 3564 2172 Hoc
3595 2130 3679 2173 est
3704 2137 3789 2173 nu-

2216 2208 2385 2253 strum
2421 2217 2614 2257 munus
2641 2213 2695 2255 et
2717 2203 2971 2271 officium,
3004 2205 3116 2260 lucc
3156 2217 3237 2261 est
3262 2211 3365 2261 vita
3413 2219 3634 2276 nostra,
3665 2222 3715 2263 et
3744 2221 3790 2263 tu

2215 2290 2410 2357 qureris
2446 2292 2714 2360 quietem?
2741 2293 2855 2348 Non
2888 2296 3048 2349 instat
3081 2296 3234 2350 lictor
3272 2298 3406 2352 latus
3451 2299 3720 2363 lacerans,
3747 2312 3792 2354 et

2216 2393 2410 2448 cogens
2434 2383 2761 2445 sacrificare;
2793 2386 2889 2441 sed
2920 2387 3080 2441 instat
3107 2388 3394 2445 vehemens
3429 2394 3681 2460 pecunia:
3707 2409 3791 2446 cu-

2218 2468 2409 2536 piditas
2433 2480 2485 2526 et
2512 2475 2750 2540 avaritia,
2781 2477 2935 2531 nobis
2962 2477 3219 2533 effodiens
3244 2482 3452 2537 oculos.
3484 2482 3682 2538 Nullus
3706 2487 3797 2538 mi-

2218 2559 2297 2614 les
2320 2561 2469 2617 nobis
2497 2567 2733 2621 accendit
2758 2583 2963 2637 rogum,
2989 2586 3086 2626 nec
3113 2587 3207 2626 nos
3237 2574 3465 2643 imponit
3492 2578 3795 2641 craticula;

2218 2652 2312 2706 sed
2352 2668 2633 2723 corporum
2674 2658 3021 2715 inflammatio
3047 2664 3214 2732 magis
3243 2681 3402 2734 quam
3436 2667 3526 2722 illa
3560 2671 3796 2724 accendit

2219 2746 2470 2810 animam.
2501 2747 2617 2803 Non
2643 2749 2792 2805 adest
2811 2768 2900 2807 rex
2933 2753 3068 2807 bona
3092 2756 3408 2824 promittens
3436 2759 3800 2815 innumerabi-

2221 2836 2311 2903 lia,
2342 2848 2396 2892 et
2424 2841 2623 2908 pudore
2651 2842 2922 2907 afficiens;
2952 2846 3045 2899 sed
3076 2847 3228 2901 adest
3255 2849 3476 2903 insanus
3506 2866 3669 2905 amor
3696 2855 3799 2923 glo-

2222 2932 2315 2986 rize
2340 2948 2456 3001 quae
2482 2933 2598 3003 plus
2628 2950 2783 3004 quam
2820 2936 2907 2991 ille
2939 2937 3115 2992 titillat
3140 2950 3193 2992 et
3215 2940 3399 2995 allicit.
3431 2941 3693 3013 Magnum
3722 2960 3797 2998 re-

2222 3037 2347 3076 vera
2380 3024 2595 3089 bellnm,
2620 3034 2673 3080 et
2694 3026 2847 3081 valde
2871 3043 3118 3098 magnum
3159 3029 3203 3083 si
3242 3032 3521 3099 sapiamus
3549 3046 3611 3088 et
3640 3035 3798 3089 simas

2224 3112 2386 3169 sobrii
2417 3132 2429 3163 :
2460 3114 2614 3169 habet
2640 3131 2866 3171 coronas
2894 3132 3128 3186 praesens
3153 3135 3360 3189 quoque
3392 3132 3616 3191 tempus
3646 3140 3661 3178 :
3692 3126 3799 3179 audi

2225 3206 2442 3263 Paulum
2469 3207 2730 3263 dicentem
2763 3228 2776 3261 :
2810 3210 2886 3263 De
2909 3222 3085 3266 caatero
3111 3215 3327 3281 reposita
3352 3224 3429 3268 est
3458 3216 3595 3269 mihi
3627 3234 3800 3272 corona

2216 3299 2452 3369 justitite,
2476 3318 2626 3369 quam
2647 3302 2818 3355 reddet
2838 3304 2962 3357 mihi
2971 3306 3142 3373 justus
3162 3305 3330 3360 Iudex.
3342 3324 3367 3372 ;
3399 3324 3505 3362 non
3532 3313 3703 3365 solum
3722 3329 3801 3363 aa-

2226 3400 2324 3444 tem
2355 3391 2497 3457 milii,
2522 3392 2611 3445 sed
2641 3402 2685 3445 et
2711 3393 2941 3448 omnibus
2967 3397 3051 3466 qui
3081 3397 3362 3450 dilexerunt
3392 3401 3680 3455 adventum
3707 3404 3802 3471 ejus

2227 3482 2321 3554 (2.
2350 3482 2483 3537 Tim.
2513 3485 2564 3538 4.
2598 3484 2693 3552 8).
2740 3485 2962 3553 Quando
3000 3489 3242 3543 amiseris
3280 3489 3549 3545 dilectum
3602 3496 3802 3547 unicum

2229 3576 2408 3641 lilium,
2441 3576 2491 3629 in
2520 3577 2724 3646 magnis
2749 3579 2999 3634 nutritum
3026 3581 3299 3649 apibus,et
3323 3582 3413 3650 qui
3438 3583 3648 3638 bonam
3670 3586 3735 3639 de
3754 3602 3804 3641 se

2228 3682 2376 3738 spem
2403 3669 2724 3736 concitabat,
2753 3681 2807 3724 et
2835 3671 2929 3725 tibi
2956 3672 3100 3726 solus
3124 3675 3326 3727 futurus
3352 3682 3476 3728 erat
3506 3676 3692 3742 heres,
3716 3694 3805 3730 non

2231 3760 2372 3829 luge,
2410 3761 2502 3815 sed
2537 3762 2643 3815 Deo
2671 3777 2768 3831 age
2792 3762 3007 3830 gratias,
3025 3771 3078 3816 et
3111 3763 3339 3832 glorifica
3372 3780 3503 3818 eum
3533 3769 3634 3837 qui
3668 3785 3806 3823 acoe—

2233 3852 2339 3919 pit;
2371 3846 2495 3906 etin
2523 3851 2625 3907 hoc
2653 3853 2954 3907 Abrahamo
2976 3854 3141 3909 nihilo
3160 3855 3266 3909 eris
3294 3855 3548 3913 inferior.
3579 3858 3655 3915 Ut
3680 3863 3805 3914 enim

2232 3942 2319 3997 ille
2347 3944 2455 3998 Deo
2482 3944 2628 3999 dedit
2653 3945 2740 4013 qui
2765 3945 3015 4014 jusserat,
3044 3945 3113 3998 ita
3152 3956 3204 3999 tu
3225 3987 3242 4014 ,
3270 3961 3391 4000 cum
3424 3948 3549 4017 ipse
3572 3954 3806 4022 acoepis-

2232 4042 2331 4096 set,
2362 4049 2465 4087 non
2495 4035 2760 4103 gemuisti.

2306 4125 2679 4179 lncantationes
2713 4135 2759 4179 et
2795 4126 3036 4196 ligamina
3063 4143 3153 4195 pro
3179 4128 3362 4182 morbis
3392 4132 3652 4184 curandis
3681 4132 3811 4184 adhi-

2234 4216 2355 4270 bita.
2385 4217 2721 4272 Divinatores.
2746 4248 2813 4257 —
2844 4217 2900 4271 In
2943 4219 3185 4274 morbum
3212 4235 3427 4290 gravem
3462 4221 3738 4287 incidisti;
3765 4233 3808 4277 ct

2234 4311 2388 4364 multi
2413 4310 2710 4380 adsuntqui
2734 4320 2951 4381 cogunt,
2976 4312 3063 4365 alii
3090 4312 3302 4382 quidem
3333 4314 3805 4381 incantationibus,

2235 4402 2323 4455 alii
2348 4415 2475 4455 vero
2504 4402 2857 4471 ligaminibus,
2881 4403 2970 4457 alii
2991 4419 3116 4458 vero
3139 4405 3453 4473 quibusdam
3480 4408 3608 4461 aliis
3633 4411 3808 4464 Sedare

2237 4493 2475 4546 malum?
2513 4503 2565 4545 tu
2599 4508 2725 4547 vero
2758 4505 2974 4563 propter
3002 4495 3092 4549 Dei
3122 4505 3317 4550 metum
3358 4497 3485 4551 forti
3529 4508 3585 4553 et
3632 4517 3809 4570 magno

2239 4584 2403 4639 tulisti
2441 4599 2503 4639 ac
2545 4585 2797 4638 immobili
2842 4586 3043 4651 animo,
3078 4596 3131 4643 et
3174 4587 3402 4641 maluisti
3447 4590 3672 4658 quidvis
3716 4592 3808 4661 pati

2237 4693 2395 4748 quam
2424 4678 2686 4737 sustinere
2708 4689 2765 4733 ut
2792 4680 2987 4750 aliquid
3012 4696 3196 4750 ageres
3215 4697 3279 4736 ex
3305 4682 3370 4736 iis
3396 4698 3523 4754 qua:
3552 4687 3809 4755 pertinent

2239 4773 2305 4827 ad
2332 4773 2531 4829 cultum
2556 4772 2858 4828 idolorum?
2895 4774 2997 4829 hoc
3029 4775 3120 4829 tibi
3148 4773 3301 4830 affert
3325 4790 3588 4831 coronam
3621 4788 3805 4845 marty-

2239 4863 2334 4926 rii;
2375 4877 2474 4917 nec
2497 4862 2697 4918 dubita.
2724 4864 3002 4931 Quomodo
3031 4874 3122 4918 aut
3148 4880 3387 4934 qnanam-
3412 4868 3671 4923 ratione?
3710 4869 3809 4937 Ego

2238 4954 2360 5009 dico
2384 4973 2396 5007 :
2421 4954 2540 5027 quia
2567 4955 2703 5008 sicut
2722 4954 2809 5009 ille
2829 4970 3019 5023 magno
3042 4966 3096 5009 et
3124 4954 3244 5009 forti
3266 4956 3444 5011 animo
3465 4957 3573 5013 fert
3601 4958 3807 5013 dolores

2242 5054 2643 5108 tormentorum,
2679 5055 2735 5100 ut
2758 5061 2861 5101 non
2887 5046 3071 5101 adoret
3096 5046 3472 5111 simulacrum;
3505 5050 3575 5103 ita
3609 5059 3664 5104 tu
3684 5065 3806 5117 quo-

2242 5151 2344 5215 que
2373 5135 2480 5191 fers
2506 5137 2717 5191 dolores
2748 5138 2939 5202 morbi,
2972 5147 3028 5192 ut
3053 5139 3195 5191 nullo
3222 5152 3356 5207 opus
3392 5138 3592 5196 habeas
3623 5154 3800 5194 eorum

2241 5246 2358 5300 qua:
2381 5229 2469 5283 ille
2494 5228 2715 5298 prabet,
2741 5245 2911 5300 neque
2946 5230 3106 5285 facias
3130 5247 3249 5302 quae
3271 5231 3442 5302 jubet.
3474 5234 3545 5286 At
3570 5242 3697 5288 sunt
3716 5234 3801 5286 do-

2242 5322 2384 5377 lores
2421 5322 2496 5376 illi
2524 5322 2985 5377 vehementiores?
3026 5323 3129 5378 Sed
3162 5325 3247 5379 isti
3277 5325 3550 5395 longiores
3580 5344 3593 5380 :
3624 5342 3803 5397 quain-

2241 5412 2425 5467 obrem
2452 5429 2544 5482 par
2566 5421 2646 5467 est
2670 5428 2853 5467 eorum
2885 5413 3076 5467 exitus.
3109 5413 3263 5484 Szepe
3287 5428 3463 5470 autem
3496 5427 3623 5472 sunt
3651 5417 3801 5472 etiam

2242 5503 2688 5558 vehementiores.
2733 5502 2867 5569 Quid
2911 5504 3075 5569 enim,
3116 5505 3430 5574 dic,qu:eso,
3463 5523 3588 5563 cum
3616 5510 3802 5563 πόσας

2245 5595 2406 5650 febris
2434 5605 2482 5649 te
2511 5596 2650 5649 intus
2672 5606 2829 5649 vexat
2857 5604 2912 5648 et
2939 5597 3075 5663 urit,
3116 5606 3169 5652 et
3206 5599 3429 5653 aliorum
3469 5602 3800 5655 suadentium

2244 5688 2448 5743 excutis
2487 5687 2919 5753 incantationem,
2963 5703 3139 5741 annon
3189 5705 3245 5743 es
3288 5691 3563 5747 redimitus
3609 5706 3801 5745 corona

2245 5778 2522 5850 martyrii?
2564 5780 2763 5834 Rursus
2800 5781 2975 5834 amisit
3015 5782 3273 5851 quispiam
3314 5785 3626 5852 pecuniam?
3654 5783 3798 5838 multi

2247 5882 2369 5951 spot
2400 5872 2487 5941 qui
2517 5871 2737 5927 suadent
2774 5881 2831 5927 ut
2868 5882 2954 5927 eat
2990 5872 3055 5928 ad
3096 5873 3416 5931 divinatores
3446 5891 3458 5929 :
3490 5875 3718 5933 maluisti
3747 5884 3801 5929 tu
