3964 6502
166 394 272 448 Ml

166 516 286 575 τοῖς
318 510 375 564 δὲ
394 509 462 563 τὰ
483 507 659 563 αὐτῶν
691 507 892 575 ἔχουσι,
916 505 1099 560 τοῦτο’
1119 509 1216 570 Τίς
1234 510 1458 579 ἡρπάγη
1486 508 1743 579 χρήματα

169 601 262 653 διὰ
296 597 565 669 Χριστόν;
594 595 674 657 τίς
694 594 1033 665 ἐρῤαπίσθη;
1062 594 1143 658 τίς
1162 594 1426 666 ὑϐρίσθης
1460 597 1619 665 μέχρι
1653 597 1747 663 ρη-

171 687 387 755 μάτων,
443 684 604 750 λέγω,
659 682 829 734 Πόθεν
883 683 916 751 ἡ
983 681 1288 752 καύχησις;
1338 682 1501 735 πόθεν
1524 681 1747 734 δύνασαι

173 771 493 843 παρρησίαν
521 771 706 839 ἕχεινς
740 767 988 822 Τοσαῦτα
1019 768 1191 822 ἔπαθε
1234 769 1301 821 δι’
1330 770 1493 839 ἡμεῖς
1523 769 1749 839 ἐχθροὺς

169 861 335 919 ὂντας
355 861 384 912 ό
414 857 647 926 Χριστός
669 873 681 886 ’
710 856 762 908 τί
790 855 1063 926 δυνάμεθα
1090 856 1352 923 ἐπιδεῖξαι
1388 859 1547 926 ἡμεῖς
1582 851 1657 909 ὧν
1679 857 1748 909 δι’

170 946 340 998 αὑτὸν
399 943 779 1012 πεπόνθαμεν;
819 935 919 994 ⁴Ὧν
977 941 1076 1010 μὲν
1136 943 1508 1012 πεπόνθαμεν,
1553 943 1745 996 οὐδέν’

168 1028 248 1085 ὧν
301 1032 357 1085 δὲ
408 1030 692 1099 πάσχομεν
730 1030 865 1099 παρ’
906 1029 1073 1081 αὑτοῦ
1114 1029 1317 1093 καλῶν,
1353 1031 1541 1101 μυρία.
1578 1030 1749 1084 Πόθεν

169 1122 310 1188 ἡμῖν
352 1121 386 1189 ἠ
434 1116 716 1189 παρρησία
756 1117 909 1169 ἔσται
959 1117 1079 1169 κατ’
1115 1117 1334 1187 ἐκείνην
1358 1118 1457 1188 τὴν
1490 1119 1747 1188 ἠμέραν;

169 1206 293 1258 υύκ
336 1206 476 1268 ἴστε,
517 1205 599 1256 ὅτι
644 1204 737 1256 καὶ
762 1204 790 1256 6
826 1203 1185 1273 στρατιώτης,
1219 1205 1347 1257 ὅταν
1377 1204 1546 1275 μυρία
1577 1204 1749 1274 τραύ-

172 1310 326 1361 ματα
392 1293 487 1345 καλ⁸
535 1291 764 1352 ὠτειλὰς
821 1291 1246 1361 ἐπιδεικνύηται,
1288 1293 1408 1345 τότε
1462 1293 1749 1363 δυνήσεται

168 1379 427 1450 λαμπρὸς
470 1375 609 1433 εἶναι
666 1379 818 1450 παρὰ
848 1378 926 1449 τῷ
961 1378 1197 1449 βασιλεί;
1235 1379 1299 1431 ἂν
1342 1379 1398 1432 δὲ
1444 1380 1608 1450 μηδὲν
1650 1380 1748 1451 ἔχη

166 1468 344 1532 δεῖξαι
391 1466 743 1536 κατόρθωμα,
790 1466 895 1518 κᾶν
926 1464 1089 1535 μηδὲν
1179 1466 1656 1535 προσκεκρουκὼς,
1691 1469 1749 1520 ἐν

166 1559 287 1618 τοῖς
340 1556 593 1623 ἐσχάτοις
647 1553 960 1618 τετάξεται;
1026 1552 1165 1604 Ἀλλ’
1211 1554 1312 1604 ούκ
1366 1553 1481 1606 ἐστι
1508 1552 1748 1622 πολέμου

167 1644 391 1711 καιρὸς,
437 1643 622 1712 φησὶν.
683 1643 747 1695 El
798 1642 907 1711 γὰρ
928 1637 1016 1711 ἦν,
1048 1641 1169 1693 εἰπέ
1201 1658 1312 1710 μοι,
1344 1641 1426 1703 τίς
1450 1641 1516 1693 ἂν
1548 1643 1750 1711 ἠγωνί-

170 1748 344 1793 σατυ;
379 1731 465 1793 τίς
498 1729 566 1785 ἂν
606 1731 957 1801 ἐπεπήδησε;
1006 1730 1089 1792 τίς
1126 1729 1192 1782 ἂν
1227 1730 1326 1799 τὴν
1384 1730 1638 1797 φάλαγγα
1670 1730 1750 1781 δι·-

170 1820 352 1884 έξωσε
384 1833 406 1860 α
432 1838 447 1884 ;
470 1821 619 1889 Τάχα
663 1818 835 1881 οὐδεὶς
862 1834 876 1846 θ
927 1819 1055 1871 ὅταν
1084 1818 1192 1889 γὰρ
1214 1817 1307 1870 ἱ⁹δω
1335 1819 1417 1870 ὅτι
1453 1817 1749 1888 χρημάτων

169 1909 237 1961 οῦ
276 1909 633 1977 καταφρονεῖς
651 1906 835 1958 ’ἐνεκεν
856 1904 950 1957 τοῦ
977 1904 1235 1975 Χριστοῦ,
1253 1904 1369 1967 πῶς
1400 1922 1483 1958 σοι
1520 1903 1748 1958 πιστεύ-

170 2008 259 2044 σω
311 1992 392 2044 ὄτι
428 1989 653 2061 πληγῶν
690 1992 1165 2060 καταφρονήσεις;
1198 1989 1355 2052 Εἰπὲ,
1403 1989 1597 2059 φέρετε
1624 1989 1750 2051 τοὺς

169 2078 504 2148 ὑϐρίζοντας
548 2075 836 2144 γενναίως,
888 2076 984 2129 καὶ
1023 2076 1294 2144 εὐλογεῖτε
1322 2076 1552 2140 αύτούς;
1581 2077 1751 2130 Τοῦτο

167 2166 235 2218 οῦ
266 2167 462 2227 ποιεῖς,
503 2162 669 2234 [άιϐ]
697 2162 834 2216 ἀλλά
870 2164 1224 2234 παρακούεις.
1278 2165 1342 2216 Ὃ
1379 2163 1618 2217 κίνδυνον
1652 2165 1750 2217 οὐκ

168 2251 314 2321 ἔχει,
364 2251 425 2304 ού
475 2253 668 2313 ποιεῖς,
716 2251 811 2303 καὶ
858 2250 1072 2321 πληγὰς
1095 2252 1284 2315 οἴσεις,
1317 2252 1439 2304 είπέ
1476 2269 1587 2321 μοι,
1622 2250 1751 2304 ἔνθα

168 2340 316 2393 πολὺ
366 2340 426 2392 τὸ
474 2339 573 2408 τῆς
633 2338 827 2405 ὀδύνης
869 2339 1085 2407 καὶτῆς
1122 2337 1454 2408 ἀλγηδόνος;
1489 2341 1603 2392 Οὐκ
1636 2340 1749 2393 ἴστε

166 2427 257 2479 ὅτι
289 2427 351 2478 ἐν
382 2426 573 2497 εἰρήνῃ
601 2428 668 2478 τὰ
690 2426 783 2478 τοῦ
812 2424 1048 2495 πολέμου
1076 2425 1453 2496 γυμνάζεσθαι
1476 2428 1580 2497 χρή
1604 2442 1617 2490 ;
1652 2428 1750 2495 οὐχ

167 2513 342 2583 ὁρᾶτε
376 2515 504 2574 τοὺς
525 2511 863 2582 στρατιώτας
901 2513 1142 2576 τούτους,
1173 2513 1243 2575 οἳ,
1274 2513 1367 2564 καὶ
1401 2512 1625 2583 μηδενὸς
1641 2513 1753 2565 ἐνοο

168 2599 431 2669 χλοῦντος
449 2599 704 2669 πολέμου,
724 2598 838 2651 ἀλλ’
858 2600 1077 2669 εἰρήνης
1093 2596 1257 2669 οὔσης
1277 2598 1515 2668 βαθείας,
1531 2599 1597 2652 τά
1613 2599 1753 2653 ὅπλα

167 2688 658 2757 ἀποσμηξάμενοι,
709 2686 804 2739 καὶ
844 2687 983 2755 μετά
1027 2685 1135 2739 τῶν
1177 2685 1511 2739 διδασκάλων
1549 2685 1660 2739 τῶν
1686 2686 1754 2739 τὰ

167 2776 416 2831 τακτικά
453 2776 815 2829 διδασκόντων
868 2773 1091 2838 αὐτοὺς,
1154 2776 1233 2837 εἰς
1276 2774 1445 2827 ὕπτια
1475 2773 1633 2827 πεδία
1658 2775 1754 2827 καὶ⁵

170 2864 471 2935 εὐρύχωρα
501 2864 619 2917 καθ’
644 2865 898 2933 ἑκάστην,
926 2863 1002 2927 ώς
1024 2864 1221 2928 εἰπεῖν,
1254 2863 1467 2933 ἡμέραν
1492 2862 1749 2928 ἐξιόντες,

167 2951 249 3004 τὰ
279 2952 374 3005 τοῦ
405 2953 641 3022 πολέμου
671 2950 1041 3022 γυμνάζονται
1066 2950 1204 3021 μετά
1226 2950 1426 3019 πολλῆς
1454 2950 1554 3020 τῆς
1597 2953 1754 3021 ἀκρι-

168 3039 369 3105 ϐείας;
397 3039 495 3104 Τίς
523 3038 681 3092 τοῦτο
714 3040 1007 3110 εἰργάσατο
1039 3038 1146 3091 τῶν
1171 3038 1558 3110 πνευματικῶν
1590 3055 1756 3109 στραο

167 3126 398 3180 τιωτῶν
426 3144 441 3190 ;
475 3128 613 3181 Οὐδὲ
639 3122 739 3191 εἷς.
776 3127 875 3180 Διά
898 3125 1056 3179 τοῦτο
1091 3127 1149 3178 ἐν
1172 3129 1285 3189 τοῖς
1324 3126 1591 3197 πολέμοις
1617 3125 1753 3195 χαῦ-

170 3232 270 3268 vo:
305 3215 399 3266 καὶ
422 3214 706 3283 βάναυσοι,
735 3214 830 3267 καὶ
855 3214 1020 3267 πᾶσιν
1043 3213 1303 3266 εὐάλωτοι
1332 3212 1611 3283 γινόμεθα.
1651 3212 1755 3265 Πό-

170 3318 289 3371 σης
326 3301 383 3355 δὲ
411 3300 642 3364 νωθείας
669 3300 732 3353 τὸ
756 3301 831 3370 μὴ
846 3298 1100 3371 ἡγεῖσθαι
1134 3299 1373 3368 πολέμου
1400 3299 1590 3369 καιρὸν
1616 3294 1754 3351 εἶναι

168 3389 276 3442 τὸν
308 3388 572 3459 παρόντα,
606 3385 701 3439 τοῦ
724 3385 937 3439 Παύλου
971 3385 1220 3456 βοῶντος⁸
1240 3384 1467 3451 Πάντες
1496 3386 1565 3439 δὲ
1589 3388 1643 3439 οὶ
1665 3386 1758 3440 06‘-

170 3482 398 3541 ,ιοντες
450 3473 715 3539 εὐσεϐῶς
766 3472 872 3541 ζῇν
914 3473 1233 3541 ὲνΧριστῴ
1274 3474 1477 3540 Ἰησοῦ
1501 3473 1785 3543 διωχθή-’

170 3575 431 3621 vortat;
476 3560 571 3613 καὶ
604 3557 701 3612 τοῦ
744 3556 981 3628 Χριστοῦ
1013 3557 1279 3625 λέγοντος·
1326 3558 1421 3610 Ἐν
1444 3557 1524 3622 τῷ
1553 3558 1757 3627 κόσμῳ

172 3648 396 3716 θλῖψιν
415 3647 602 3710 ἓξετεξ
633 3647 741 3701 Καὶ
769 3645 929 3699 πάλιν
956 3643 1050 3697 τοῦ
1080 3645 1349 3715 μακαρίου
1379 3645 1587 3697 Παύλου
1614 3646 1756 3715 λαμ-

174 3736 391 3806 πρᾷτῇ
422 3736 571 3805 φωνῇ
600 3733 832 3803 βοῶντος
867 3732 964 3786 καὶ
984 3731 1252 3800 λέγοντος·
1279 3734 1398 3786 Οὐκ
1422 3741 1593 3785 ἔστιν
1614 3732 1758 3800 ἡμῖν

174 3827 227 3891 ἠ
261 3822 428 3888 πάλη
456 3822 600 3888 πρὸς
637 3816 781 3888 αἷμα
804 3820 905 3872 καὶ
942 3817 1174 3887 σάρκας
1223 3819 1315 3871 καὶ
1362 3819 1543 3871 πάλιν·
1569 3818 1758 3887 Στῆτε

174 3905 307 3964 οὖν
326 3906 780 3976 περιζωσάμενοι
809 3906 924 3975 τὴν
956 3906 1156 3975 ὀσφὺν
1178 3904 1345 3975 ὑμῶν
1379 3907 1449 3960 ἐν
1474 3906 1757 3975 (unﬁt-:10;

174 3999 301 4051 Καὶ
344 3996 515 4058 οὐδεὶς
536 3995 760 4048 ἐκείνων
785 3990 903 4047 εἷπε
936 3994 1077 4056 τότε,
1105 3994 1169 4046 Τί
1192 3994 1430 4057 όπλίζεις
1464 3979 1631 4065 ἡμᾶς,
1660 4012 1759 4048 πο-

177 4084 357 4155 λέμου
405 4085 506 4136 ούκ
549 4082 739 4146 ὁντος;
788 4081 839 4135 τί
890 4080 1066 4152 μάτην
1099 4083 1231 4152 ἡμῖν
1287 4084 1585 4154 πράγματα
1618 4100 1760 4152 παρ-

176 4172 726 4243 ἐχεις;θωρακίζεις
767 4171 894 4234 τοὺς
940 4171 1294 4241 στρατιώτας,
1337 4172 1456 4236 ἐξὸν
1490 4172 1761 4225 ἀναπαύε-

184 4262 314 4314 σθαι
367 4260 462 4313 καὶ
508 4258 827 4329 ἡσυχάζεινς
869 4256 1013 4311 Ἀλλ’
1061 4257 1220 4327 εἰπερ
1273 4275 1354 4319 τις
1391 4253 1512 4311 εἷπε
1564 4258 1759 4323 ταῦτα,

181 4349 606 4419 ἁνθυπήνεγκεν
630 4348 724 4400 άν·
744 4345 996 4399 Μάλιστα
1020 4346 1116 4415 μὲν
1145 4343 1260 4409 οὖν,
1288 4348 1335 4398 εί
1368 4347 1460 4399 καὶ
1477 4347 1551 4418 μὴ
1570 4342 1636 4416 ἦν
1668 4347 1763 4400 πό-

186 4450 375 4507 λεμος,
430 4435 536 4487 ἔδει
582 4435 653 4486 τα
699 4432 793 4486 τοῦ
843 4432 1078 4502 πολέμου
1139 4435 1425 4503 μεριμνᾷν.
1488 4434 1545 4486 '0
1568 4434 1672 4504 γὰρ
1704 4436 1761 4487 ἐν

184 4524 387 4596 εἰρήνῃ
419 4523 527 4576 τῶν
560 4523 659 4592 τῆς
690 4523 870 4592 μάχης
903 4519 1230 4591 φροντίζων,
1262 4521 1491 4592 φοϐερὸς
1520 4521 1672 4574 ἔσται
1704 4522 1761 4574 ἐν

184 4614 268 4683 τῷ
313 4611 493 4681 καιρῷ
534 4609 632 4678 τῆς
662 4609 839 4678 μάχης
859 4625 872 4638 ·
904 4611 931 4661 ό
954 4608 1011 4660 δὲ
1038 4608 1264 4679 ἄπειρος
1290 4608 1398 4661 τῶν
1425 4609 1760 4679 πολεμικῶν,

187 4699 398 4770 μᾶλλον
458 4694 892 4766 θορυϐηθήσεται
934 4696 1029 4747 καὶ
1073 4698 1129 4748 ἐν
1177 4697 1386 4768 εἰρήνη.
1430 4697 1493 4748 Τί
1519 4696 1759 4766 δήποτε;

187 4790 319 4842 Ὀτι
351 4786 683 4857 δακρύσεται
716 4785 851 4855 ὑπὲρ
889 4776 963 4837 ὧν
988 4785 1122 4855 ἔχει,
1146 4785 1238 4837 καὶ
1263 4786 1343 4838 ὃτι
1373 4786 1445 4855 μὴ
1469 4785 1762 4854 δυνάμενος

187 4876 537 4945 ὑπερμαχεῖν
599 4871 803 4932 αὐτῶν,
866 4871 1274 4942 όδυνηθήσεται.
1324 4872 1429 4925 Τοῦ
1458 4874 1566 4943 γὰρ
1588 4871 1760 4925 δειλοῦ

184 4965 287 5017 καὶ
332 4962 559 5031 ἀπείρου
609 4957 861 5029 καὶπρὸς
891 4958 989 5021 τὰς
1044 4960 1222 5029 μάχας
1251 4958 1519 5027 βαναύσου
1547 4960 1613 5015 τὰ
1640 4977 1763 5031 κτη-

187 5067 341 5123 ματα
380 5049 597 5101 πάντων
646 5048 764 5100 ἐστὶ
789 5046 895 5099 τῶν
924 5046 1182 5118 ἀνδρείων
1214 5049 1307 5101 καὶ
1336 5048 1591 5119 πολεμεῖν
1626 5051 1764 5102 είδό-

184 5156 304 5191 των
323 5154 338 5167 ·
365 5136 506 5189 ὥστε
534 5135 623 5189 διὰ
653 5134 809 5187 τοῦτο
846 5134 1062 5202 πρῶτον
1107 5135 1250 5205 ὑμᾶς
1277 5135 1498 5200 ὀπλίζω.
1534 5137 1764 5190 Ἔπειτα

185 5226 253 5280 δὲ
306 5222 401 5277 καὶ
451 5223 687 5293 πολέμου
748 5223 940 5292 καιρὸς
963 5222 1072 5284 πᾶς
1105 5222 1248 5291 ὁτῆς
1277 5222 1419 5293 ζωῆς
1447 5224 1602 5294 ήμῶν
1648 5226 1763 5277 ἐστὶ

188 5312 407 5383 χρόνος.
436 5312 559 5374 Πῶς
590 5312 683 5364 καὶ
715 5313 820 5364 τίνι
846 5310 1070 5382 τρόπῳ;
1105 5310 1164 5363 '0
1192 5311 1435 5375 διάϐολος
1465 5313 1765 5382 ἐφέστηκεν

186 5401 302 5456 ἀεί.
326 5399 593 5453 ’Δκουσον
612 5400 664 5452 τί
690 5399 818 5470 περὶ
843 5398 1007 5451 αὐτοῦ
1040 5415 1193 5469 φησι.
1220 5399 1571 5470 Περιέρχεται
1589 5400 1766 5472 ὠρυό-

193 5504 358 5560 μενος
382 5486 459 5550 ώς
478 5486 635 5554 λέων,
660 5486 902 5557 ἁρπάσαι
931 5485 1119 5539 θέλων.
1154 5485 1448 5556 Σωματικά
1489 5487 1631 5559 πάθη
1666 5504 1766 5557 μυ-

192 5575 289 5645 ρία
331 5572 635 5628 ἐπιτίθεται
684 5577 839 5645 ἡμῖν,
890 5575 1034 5644 ἆπερ
1077 5575 1370 5643 ἀναγκαῖον
1407 5574 1653 5640 διελθεῖν,
1682 5578 1767 5630 ἵνα

195 5663 276 5732 μὴ
312 5662 487 5731 μάτην
516 5661 739 5724 ἑαυτοὺς
754 5661 1070 5730 ἀπατῶμεν.
1111 5661 1175 5713 Τί
1205 5661 1332 5733 γὰρ,
1356 5662 1475 5715 είπέ
1501 5680 1611 5732 μοι,
1638 5665 1768 5735 ἡμῖν

192 5749 261 5805 ού
317 5747 575 5818 πολεμεῖ;
605 5749 667 5800 ού
704 5747 955 5813 πλοῦτος,
982 5748 1196 5814 κάλλος,
1235 5749 1433 5820 τρυφὴ,
1462 5750 1767 5817 δυναστεία,

260 5851 280 5875 ⁸
309 5850 476 5929 [ἕψε.
505 5859 557 5903 ει
578 5864 643 5901 m.
688 5849 839 5904 Savil.
882 5853 1102 5915 διέσεισε,
1146 5854 1292 5904 leuia
1331 5866 1427 5907 non
1473 5857 1764 5917 spernenda.

1053 392 1114 445 IN
1151 390 1411 448 EI‘ISTJ
1451 393 1542 446 AD
1580 386 1915 448 TIIESSAL,
1947 392 2454 453 CAPJIIJIOMIL.
2492 397 2580 451 Ill.

3301 392 3406 449 “2

1849 506 2086 573 ἐξουσία,
2135 510 2420 580 βασκανία,
2463 511 2612 577 δόξα,
2661 509 2915 577 ἁπόνοια;
2950 508 3022 561 Οὐ
3054 508 3162 579 γὰρ
3197 509 3407 579 μόνονή

1849 596 2095 668 ἡμετέρα
2139 596 2267 662 δόξα
2314 598 2543 669 πολεμεῖ
2573 597 2853 651 κωλύουσα
2879 596 3010 664 πρὸς
3050 612 3408 666 ταπεινοφρο-

1850 682 2015 753 σύνην
2065 684 2424 737 καταπίπτειν
2453 725 2467 747 ,
2513 684 2645 737 ἀλλά
2679 685 2773 735 καὶ
2798 685 2830 752 ἡ
2880 683 3082 751 ἑτέρων
3109 685 3188 746 είς
3218 683 3412 750 φθόνον

1847 771 1995 839 ἡμᾶς
2022 771 2117 824 καὶ
2147 772 2444 841 βασκανίαν
2474 770 2759 839 ἐξάγουσα.
2784 770 2850 822 Τί
2874 770 2929 822 δὲ
2952 770 3019 823 τά
3049 770 3289 833 ἐναντία,
3323 786 3414 823 πε-

1848 856 1957 920 νία,
2014 858 2227 928 ἀτιμία,
2261 858 2322 911 τὸ
2368 857 2847 929 καταφρονεῖσθαι,
2879 856 2939 908 τὸ
2969 856 3321 928 ἀπεῤῥῖφθαι,
3352 857 3415 911 τὸ

1854 944 2126 1016 μηδεμίαν
2175 945 2321 1015 ἔχειν
2369 945 2558 1015 ἰσχύνς
2619 943 2779 996 Ἀλλὰ
2814 942 2987 999 ταῦτα
3021 944 3119 1013 μὲν
3154 945 3212 996 ἐν
3245 945 3409 1013 ἡμῖν’

1849 1031 1918 1085 τά
1952 1032 2007 1084 δὲ
2042 1031 2193 1102 παρά
2246 1032 2571 1102 ἀνθρώπων,
2613 1030 2887 1100 πονηρίαι,
2922 1030 3222 1094 ἐπιϐουλαὶ,
3248 1030 3410 1095 δόλοι,

1852 1122 2229 1189 συκοφαντίαι,
2287 1122 2636 1191 περιστάσεις
2693 1119 2926 1189 μυρίαι·
2981 1120 3183 1187 ὁμοίως
3222 1120 3416 1173 καὶτὰ

1851 1207 2003 1278 παρά
2062 1208 2171 1260 τῶν
2232 1209 2521 1279 δαιμόνων,
2568 1207 2753 1278 ἀρχαὶ,
2793 1206 3055 1271 ἐξουσίαι,
3112 1209 3416 1278 κοσμοκρά-
3518 1230 3523 1241 ·

1850 1312 2009 1366 τορες
2068 1295 2164 1349 τοῦ
2206 1295 2431 1359 σκότους
2468 1293 2561 1347 τοῦ
2606 1295 2801 1357 αἰῶνος
2832 1293 3044 1355 τούτου,
3070 1293 3139 1346 τὰ
3170 1311 3418 1364 πνευμα-

1850 1384 1977 1435 τικά
2029 1382 2127 1453 τῆς
2169 1383 2453 1452 πονηρίας.
2506 1381 2688 1434 Ἀλλοι
2732 1380 2898 1451 ἐσμὲν
2935 1380 3234 1450 χαίροντες,
3269 1381 3418 1435 ἄλλοι

1851 1468 2142 1537 ἀλγοῦντες
2168 1486 2181 1500 ·
2208 1469 2492 1539 ἀμφότερα
2515 1472 2895 1537 παρεκτροπή.
2928 1467 3067 1520 Ἀλλ’
3098 1468 3276 1535 ὑγεία,
3301 1467 3429 1520 ἀλλ’

1851 1556 2129 1611 ἀσθένεια,
2194 1556 2362 1609 Πόθεν
2420 1556 2517 1624 οὐχ
2573 1554 2952 1624 ἁμαρτήσεται
2998 1571 3117 1620 τις;
3158 1554 3423 1607 Βούλεσθε

1851 1644 1945 1695 καὶ
1971 1644 2079 1696 ἀπὸ
2108 1642 2202 1696 τοῦ
2244 1641 2416 1712 Ἀδάμ
2442 1641 2748 1711 ἀρξάμενος
2769 1642 2896 1711 ύμῖν
2925 1642 3065 1693 εἴπω
3091 1640 3291 1705 εὐθέως
3314 1641 3431 1694 ἀπὸ

1850 1731 1951 1799 τῆς
1981 1730 2157 1801 ἀρχῆς
2187 1747 2201 1796 ;
2236 1730 2408 1802 [447]
2436 1730 2501 1782 Τί
2539 1730 2631 1781 τὸν
2652 1728 3077 1798 πρωτόπλαστον
3106 1724 3283 1797 εἶλεν;
3326 1730 3422 1783 'H-

1850 1818 1976 1886 δονὴ
2024 1819 2119 1871 καὶ
2157 1817 2421 1889 βρώματα
2449 1819 2543 1870 καὶ
2572 1816 2867 1887 φιλαρχίας
2896 1816 3053 1888 ἔρως.
3088 1817 3151 1870 Τί
3174 1817 3264 1870 τὸν
3301 1819 3417 1887 μετ’

1854 1907 2058 1958 ἐκεῖνον
2102 1905 2194 1957 τὸν
2246 1906 2361 1957 υἱὸν
2382 1904 2473 1956 τὸν
2496 1903 2703 1956 ἐκείνου
2729 1920 2742 1967 ;
2774 1904 3049 1957 Βασκανία
3090 1905 3185 1957 καὶ⁸
3209 1904 3418 1973 φθόνος.

1854 1991 1918 2043 Τί
1948 1992 2074 2055 τοὺς
2103 1993 2196 2044 ἐπὶ
2218 1992 2339 2044 Νῶε
2364 2009 2378 2056 ;
2403 1990 2675 2060 Σωμάτων
2704 1991 2908 2060 ἡδοναὶ,
2941 1992 3033 2044 καὶ
3064 1991 3132 2044 τὰ
3162 1992 3270 2045 ἀπὸ
3300 1992 3423 2044 τού-

1852 2098 1961 2132 των
2020 2079 2316 2147 τικτόμενα
2348 2078 2513 2131 κακά.
2548 2078 2613 2129 Τί
2660 2077 2752 2131 τὸν
2801 2078 2914 2130 υἱὸν
2941 2078 3033 2130 τὸν
3062 2079 3284 2143 τούτου;
3321 2078 3422 2129 ’Ύ-

1855 2168 1976 2237 ϐρις
2004 2167 2097 2219 καὶ
2125 2166 2298 2219 ἄδεια.
2319 2166 2385 2218 Τί
2408 2165 2535 2227 τοὺς
2564 2165 2859 2235 Σοδομίτας
2880 2184 2895 2231 ;
2916 2164 3110 2237 Ὕϐρις
3137 2166 3228 2219 καὶ
3262 2166 3422 2219 ἀσέλ-

1851 2272 1982 2324 γεια
2038 2255 2131 2307 καὶ
2184 2254 2470 2324 πλησμονὴ
2505 2254 2705 2323 ἄρτων.
2740 2254 3008 2318 Πολλάκις
3046 2255 3101 2307 δέ
3134 2257 3231 2308 καὶ
3262 2256 3421 2308 πενία

1854 2342 2012 2394 τοῦτο
2072 2344 2250 2394 ποιεῖ·
2302 2340 2391 2393 διὰ
2428 2339 2586 2393 τοῦτο
2617 2341 2778 2409 σοφός
2800 2358 2884 2404 τις
2909 2342 3062 2409 ἔλεγε
3089 2358 3102 2371 ·
3150 2342 3421 2396 Πλοῦτον

1854 2430 1923 2483 δὲ
1954 2428 2051 2482 καὶ
2080 2430 2300 2482 πενίαν
2317 2428 2403 2498 μή
2428 2445 2530 2497 μοι
2566 2426 2702 2492 δῷς.
2746 2427 2964 2481 Μᾶλλον
2990 2427 3046 2480 δέ
3080 2429 3140 2481 ού
3174 2428 3422 2491 πλοῦτος,

1853 2517 1973 2571 οὐδὲ
2003 2516 2181 2581 πενία,
2217 2515 2332 2568 ἀλλ’
2360 2516 2395 2585 ή
2450 2514 2523 2584 μὴ
2560 2514 2833 2583 δυναμένη
2878 2513 3088 2577 τούτοις
3144 2506 3425 2585 ἑκατέροις

1854 2604 2171 2675 προαίρεσις
2217 2600 2545 2672 χρήσασθαι.
2608 2596 2932 2669 Ἐπίγννωθι,
2994 2602 3180 2672 φησὶν,
3232 2602 3319 2655 ὅτι
3353 2602 3425 2656 ἐν

1849 2693 2018 2762 μέσῳ
2047 2689 2314 2760 παγίδων
2358 2689 2706 2753 διαϐαίνεις.

1924 2786 1985 2833 ε’.
2004 2778 2342 2847 Θαυμαστῶς
2363 2774 2517 2830 εἶπεν
2541 2778 2569 2829 6
2600 2777 2868 2847 μακάριος
2885 2776 3114 2840 Παῦλος·
3138 2777 3181 2829 Ε
3188 2780 3241 2842 ίς
3254 2780 3429 2832 τοῦτο

1854 2868 2127 2937 κείμεθα*
2173 2866 2275 2919 ούκ
2315 2863 2469 2918 εἶπεν
2513 2864 2718 2928 ἁπλῶς,
2769 2866 2848 2918 ὃτι
2889 2864 3282 2937 πειραζόμεθα,
3312 2865 3429 2919 ἀλλ’

1855 2960 1959 3022 Είς
2020 2955 2196 3009 τοῦτο
2252 2955 2511 3023 κείμεθα,
2562 2953 2685 3006 ἀντί
2723 2954 2838 3016 τοῦ,
2902 2956 2982 3017 εἰς
3047 2953 3203 3007 τοῦτο
3237 2956 3422 3022 ἐγενή-

1856 3043 2048 3114 θημεν.
2107 3041 2277 3095 Τοῦτο
2313 3041 2375 3095 τὸ
2420 3040 2579 3110 ἔργον
2612 3040 2788 3112 ἡμῶν,
2824 3035 2976 3103 οὗτος
3019 3044 3047 3094 ό
3079 3041 3211 3112 βίος,
3243 3042 3337 3095 καὶ
3365 3043 3428 3094 σὺ

1858 3108 2044 3184 ἄνεσιν
2101 3130 2318 3200 ζητείςς
2365 3108 2824 3197 Ούκίέφέστηκεν
2862 3130 2890 3180 ὁ
2916 3108 3111 3200 δήμιος
3143 3128 3241 3199 τὴν
3270 3129 3432 3181 πλευ·
3505 3108 3509 3123 ’

1857 3219 1957 3291 ραν
2012 3218 2375 3282 καταξαίνων,
2445 3216 2538 3271 καὶ
2589 3216 2751 3269 θῦσαι
2799 3216 3260 3286 καταναγκάζων·
3314 3218 3427 3269 ἀλλ’

1854 3307 2153 3376 ἐφέστηκεν
2203 3303 2467 3373 ἐπιθυμία
2507 3302 2714 3373 σφοδρά
2755 3305 3054 3373 χρημάτων
3084 3304 3180 3356 καὶ
3209 3303 3431 3356 πλεονε-

1857 3393 1994 3458 ξίας,
2046 3391 2407 3463 ἐξορύττουσα
2464 3392 2590 3452 τοὺς
2657 3388 2968 3458 ὀφθαλμοὺς
3023 3391 3175 3459 ἡμῖν.
3235 3391 3423 3451 Οὐδεὶς

1858 3480 2194 3551 στρατιώτης
2255 3477 2436 3547 πυρὰν
2502 3479 2634 3546 ἡμῖν
2681 3476 2907 3545 ἀνῆψεν,
2959 3477 3080 3530 ούδέ
3109 3476 3306 3548 ἔθηκεν
3336 3478 3429 3529 ἐπὶ

1856 3566 2153 3637 κρατίκλης
2182 3582 2195 3594 ο
2240 3564 2357 3618 ἀλλ’
2394 3566 2422 3616 6
2481 3565 2589 3616 τῶν
2639 3564 2910 3633 σωμάτων
2947 3563 3185 3633 φλογμὸς
3231 3563 3431 3634 μᾶλλον

1857 3654 2078 3707 ἐκείνων
2137 3652 2363 3717 ἐξάπτει
2409 3651 2511 3721 τὴν
2540 3650 2739 3721 ψυχήν.
2790 3651 2864 3703 Θύ
2911 3654 3144 3721 πάρεστι
3179 3651 3432 3721 βασιλεὺς

1860 3742 2032 3812 μυρία
2092 3739 2558 3809 ἐπαγγελλόμενος
2599 3738 2780 3807 ἀγαθά
2827 3739 2923 3791 καὶ
2964 3739 3228 3792 δυσωπῶν
3253 3754 3267 3769 ⁸
3299 3739 3435 3793 ἀλλά

1860 3830 2182 3900 πάρεστινή
2216 3826 2505 3897 δοξομανία
2542 3828 2721 3897 χεῖρον
2752 3826 2961 3879 ἐκείνου
3002 3826 3431 3897 γαργαλίζουσα.

1858 3916 2048 3985 Μέγας
2078 3915 2313 3984 πόλεμος
2342 3912 2529 3978 όντως,
2552 3915 2648 3968 καὶ
2671 3914 2805 3968 πολὺ
2851 3914 3043 3984 μέγας,
3072 3914 3138 3967 ἂν
3160 3915 3435 3985 ἐθέλωμεν

1859 4005 2049 4074 νήφειν
2073 4020 2086 4034 ·
2115 4002 2228 4073 ἔχει
2266 4003 2564 4071 στεφάνους
2599 4007 2694 4055 καὶ
2722 4004 2751 4055 ό
2780 4002 2970 4073 παρὼν
3015 4002 3204 4075 καιρὸς
3225 4019 3238 4031 ”
3270 4004 3435 4058 ἄκουε

1860 4091 2075 4147 Παύλου
2127 4092 2410 4160 λέγοντος⁶
2472 4092 2696 4145 Λοιπὸν
2758 4091 3064 4145 ἀπόκειταί
3105 4109 3203 4161 μοι
3256 4096 3288 4146 ό
3329 4092 3436 4161 τῆς

1860 4178 2249 4246 δικαιοσύνης
2266 4179 2584 4248 στέφανος,
2611 4178 2685 4232 ὃν
2705 4178 3008 4232 ἀποδώσει
3029 4195 3131 4247 μοι
3156 4182 3189 4232 ό
3206 4179 3436 4245 δίκαιος

1861 4266 2068 4334 κριτής
2090 4284 2104 4298 ’
2142 4269 2214 4320 οὺ
2238 4269 2434 4333 μόνον
2478 4264 2547 4318 δὲ
2582 4264 2734 4334 ἐμοὶ,
2787 4265 2948 4318 ἀλλὰ
2984 4266 3081 4318 καί
3131 4264 3281 4318 πᾶσι
3312 4265 3434 4330 τοῖς

1861 4355 2203 4423 ἠγαπηκόσι
2240 4352 2354 4419 τὴν
2403 4352 2764 4420 ἐπιφάνειαν
2799 4352 3005 4405 αὐτοῦ.
3043 4351 3214 4405 Ὅταν
3237 4353 3434 4405 ἀπολέ-

1864 4460 1962 4513 σῃς
2007 4442 2220 4495 παιδίον
2261 4440 2545 4512 ἀγαπητὸν
2587 4440 2893 4509 μονογενὲς,
2917 4440 2975 4491 ἐν
3014 4439 3228 4509 πλούτῳ
3258 4440 3437 4509 πολλῷ

1860 4530 2215 4602 τρεφόμενον,
2270 4527 2489 4589 ἐλπίδας
2540 4528 2835 4595 ὑποφαῖνον
2885 4530 3145 4598 χρηστὰς,
3196 4529 3328 4581 αύτό
3353 4546 3434 4581 σοι

1865 4617 2057 4687 μέλλον
2126 4616 2288 4686 μόνον
2353 4613 2697 4682 διαδέχεσθαι
2768 4614 2858 4667 τὸν
2908 4614 3129 4685 κλῆρον,
3192 4615 3267 4685 μὴ
3312 4633 3435 4667 στε-

1861 4705 2047 4774 νάξῃς,
2096 4702 2213 4759 ἀλλ’
2252 4701 2648 4772 εὐχαρίστησον
2689 4699 2765 4770 τῷ
2809 4701 2949 4770 Θεῷ,
2992 4703 3083 4754 καὶ
3122 4701 3311 4768 δόξαζε
3345 4702 3436 4755 τὸν

1862 4790 2140 4861 εἰληφότα,
2204 4791 2299 4842 καὶ
2341 4789 2492 4843 οὐδὲν
2538 4788 2635 4859 ἔσῃ
2682 4788 2807 4851 τοῦ⁸
2837 4789 3091 4861 Ἀϐρααμ
3118 4790 3260 4844 κατά
3280 4790 3437 4843 τοῦτο

1862 4879 2078 4949 χείρων.
2113 4877 2381 4947 Καθάπερ
2428 4877 2538 4948 γὰρ
2562 4877 2767 4939 ἐκεῖνος
2794 4876 2869 4945 τῷ
2897 4876 3015 4948 Θεῷ
3053 4877 3220 4932 ἔδωκε
3251 4878 3437 4933 κελεύ-

1864 4982 2037 5029 σαντι,
2078 4964 2218 5018 οὕτω
2247 4965 2311 5017 σὺ
2350 4964 2602 5026 λαϐόντος
2636 4964 2801 5017 αὑτοῦ
2821 4964 2921 5018 οὐκ
2946 4966 3257 5031 ἐστέναξας.

1931 5053 2089 5121 Νόσῳ
2111 5052 2434 5121 περιέπεσες
2453 5051 2686 5121 χαλεπῇ,
2718 5052 2808 5104 καὶ
2828 5052 3011 5107 πολλοὶ
3043 5054 3437 5123 παραγίνονται

1863 5140 2283 5209 ἀναγκάζοντες,
2326 5142 2375 5192 οἱ
2426 5140 2525 5209 μὲν
2569 5140 2826 5210 ἐπῳδαῖς,
2866 5142 2913 5193 οἱ
2946 5140 3004 5192 δὲ
3034 5142 3436 5211 περιάμμασιν,

1863 5230 1913 5282 οί
1949 5228 2008 5282 δὲ
2051 5228 2255 5297 ἑτέροις
2298 5228 2409 5279 τισὶ
2451 5227 2951 5298 παραμυθήσασθαι
2994 5228 3055 5280 τὸ
3108 5228 3313 5291 κακόν;
3345 5228 3436 5282 διὰ

1867 5317 1959 5370 τὸν
1997 5315 2093 5368 τοῦ
2137 5313 2272 5369 Θεοῦ
2303 5315 2465 5383 φόϐον
2493 5316 2728 5385 ἤνεγκας
2756 5314 3017 5383 γενναίως
3050 5315 3143 5368 καὶ
3171 5315 3429 5380 ἀκλινῶς,

1868 5405 1961 5461 καὶ
1992 5402 2171 5456 πάντα
2198 5400 2264 5454 ἂν
2286 5402 2428 5454 εἵλου
2453 5401 2644 5454 παθεῖν
2670 5401 2701 5469 ἦ
2735 5402 3031 5471 ὑποστῆναί
3060 5419 3113 5453 τι
3138 5400 3243 5453 τῶν
3278 5401 3430 5454 εἰδω-

1866 5491 2035 5547 λικῶν
2066 5489 2303 5561 πρᾶξαι;
2329 5488 2487 5542 τοῦτό
2524 5505 2607 5541 σοι
2641 5490 2942 5559 μαρτυρίου
2970 5489 3230 5556 στέφανον
3256 5489 3430 5560 φέρει.

1867 5584 1979 5645 Καὶ
2034 5584 2121 5654 μὴν
2168 5580 2492 5651 ἀμφίϐαλλε.
2570 5579 2679 5634 Καὶ
2752 5581 2869 5643 πῶς
2919 5581 3015 5633 καὶ
3052 5581 3157 5633 τίνι
3205 5582 3435 5651 τρόπῳ;

1868 5670 1977 5738 ἐγὼ
2007 5670 2168 5737 λέγω.
2194 5671 2317 5724 Ὅτι
2350 5668 2599 5738 καθάπερ
2636 5672 2841 5731 ἐκεῖνος
2880 5669 2977 5733 τὰς
3004 5670 3111 5722 ἀπὸ
3138 5669 3245 5723 τῶν
3269 5669 3436 5739 βασά-

1868 5775 1973 5811 νων
2014 5757 2204 5821 ὀδύνας
2257 5758 2414 5826 φέρει
2463 5756 2745 5822 γενναίως,
2783 5756 2925 5808 ὥστε
2962 5758 3036 5827 μὴ
3062 5757 3435 5829 προσκυνῆσαι

1871 5846 1933 5905 τὸ
1973 5843 2209 5915 εἴδωλον,
2254 5842 2394 5898 οὓτω
2438 5845 2530 5900 καὶ
2576 5845 2638 5899 σὺ
2681 5844 2778 5911 τὰς
2801 5845 2909 5898 ἀπὸ
2937 5846 3035 5917 τῆς
3064 5846 3218 5899 νόσου
3252 5845 3439 5917 φέρεις
