3964 6504
644 362 749 422 H5

638 483 961 554 ἀλγηδόνας,
998 481 1137 536 ὥστε
1164 481 1389 551 μηδενὸς
1404 480 1659 552 δεηθῆναι
1681 478 1789 533 τῶν
1817 480 1946 551 παρ’
1978 478 2207 542 ἐκείνου,

638 570 779 641 μηδι
829 569 1039 642 πρᾶξαι
1102 569 1245 637 άπερ
1287 568 1584 623 ἐπιτάττει.
1651 568 1814 621 Ἀλλὰ
1854 565 2212 638 σφοδρότεραι

633 659 841 712 ἐκεῖναι
867 675 882 724 ;
930 655 1071 709 Ἀλλ’
1098 650 1258 710 αὗται
1287 656 1645 725 μακρότεραι,
1676 654 1817 707 ῶστε
1853 654 1931 716 είς
1965 653 2079 706 ἴσον
2108 667 2211 704 κα-

631 746 881 815 ταλήγει.
919 743 1185 805 Πολλάκις
1218 742 1275 795 δὲ
1297 743 1391 795 καὶ
1424 743 1799 813 σφοδρότεραι.
1834 742 1900 793 Τί
1930 740 2059 810 γάρ,
2090 736 2211 789 εἰπέ

632 849 746 901 μοι,
804 832 934 884 ὅταν
969 830 1190 883 καύσων
1237 830 1383 883 ἔνδον
1411 829 1601 898 ἐνοχλῇ
1630 829 1725 881 καί⁹
1755 828 1948 898 φλέγῃ,
1976 828 2070 879 καὶ
2102 825 2209 877 τῶν

627 918 808 971 ἄλλων
837 916 1247 987 παραινούντων
1272 918 1535 985 ἀποσείσῃ
1557 915 1654 985 τὴν
1679 915 1913 985 ἐπῳδὴν,
1931 912 2053 983 οὐχὶ
2069 928 2210 982 μαρ-

626 1005 818 1075 τυρίου
870 1004 1133 1073 στέφανον
1168 1005 1414 1076 ἁνεδήσω
1441 1022 1456 1071 ;
1484 1004 1650 1056 Πάλιν
1691 1002 1939 1056 ἀπώλεσέ
1962 1019 2044 1064 τις
2073 1002 2209 1073 χρή-

631 1108 821 1159 ματα;
872 1091 1055 1145 πολλοὶ
1097 1095 1145 1144 οἱ
1180 1092 1573 1160 παραινοῦντες
1614 1092 1748 1161 πρὸς
1785 1090 2010 1159 μάντεις
2038 1088 2229 1169 άπελέ

630 1177 775 1231 θεῖν⁹
809 1180 874 1234 σὺ
905 1181 963 1234 δὲ
997 1180 1085 1233 τὸν
1136 1180 1230 1231 τοῦ
1284 1180 1419 1232 θεοῦ
1463 1179 1643 1247 φόϐον,
1691 1179 1878 1249 ἐπειδὴ
1911 1176 2078 1249 [448]
2109 1194 2204 1229 κε-

629 1268 891 1333 κώλυται,
949 1269 1091 1321 εἵλου
1138 1268 1337 1337 μᾶλλον
1383 1268 1458 1338 μὴ
1514 1267 1699 1319 λαϐεῖν
1733 1268 1803 1319 τά
1854 1266 2203 1338 χρήματα,ἢ

628 1354 983 1425 παρακοῦσαι
1017 1354 1110 1407 τοῦ
1141 1354 1310 1419 Θεοῦ;
1354 1356 1470 1407 ἴσον
1512 1354 1657 1423 ἔχεις
1684 1355 1774 1407 τὸν
1811 1355 2004 1424 μισθὸν
2025 1354 2104 1424 τῷ
2124 1356 2205 1417 είς

628 1444 871 1513 πένητας
897 1444 1036 1497 αὐτὰ
1065 1443 1320 1497 δεδωκότι
1342 1459 1356 1472 ·
1377 1443 1443 1494 ἂν
1472 1444 1746 1505 ἀπολέσας
1771 1444 2201 1514 εὐχαριστήσῃς,

627 1533 723 1584 καὶ
770 1532 1069 1601 δυνάμενος
1116 1534 1251 1601 πρὸς
1296 1531 1523 1601 μάντεις
1564 1531 1841 1597 ἀπελθεῖν,
1875 1532 2091 1601 ἀνάσχῃ
2126 1530 2201 1601 μὴ

626 1620 811 1674 λαϐεῖν
853 1622 994 1673 αὐτὰ
1038 1620 1257 1688 μᾶλλον,
1304 1621 1335 1689 ἢ
1371 1620 1514 1673 οὕτω
1548 1620 1753 1685 λαϐεῖν,
1805 1620 1918 1673 ίσον
1944 1619 2088 1690 ἔχεις
2120 1622 2199 1682 είς

625 1709 815 1779 κέρδος
844 1710 920 1778 τῷ
955 1709 1041 1762 διὰ
1072 1710 1165 1761 τὸν
1199 1709 1333 1761 Θεὸν
1370 1709 1673 1762 κενώσαντι
1700 1707 1892 1762 ταῦτα.
1929 1706 2200 1777 Καθάπερ

623 1797 733 1867 γὰρ
795 1798 1003 1860 ἐκεῖνος
1035 1796 1125 1849 διὰ
1160 1798 1253 1849 τὸν
1300 1796 1394 1850 τοῦ
1430 1796 1566 1849 θεοῦ
1612 1795 1779 1865 φόϐον
1821 1796 1904 1857 είς
1932 1795 2058 1857 τοὺς
2078 1793 2198 1846 δεο-

625 1883 823 1951 μένους
851 1883 1145 1948 ἐκένωσεν,
1169 1881 1313 1937 οὕτω
1342 1884 1438 1937 καί⁸
1464 1884 1529 1937 σὺ
1563 1885 1655 1938 διὰ
1684 1884 1777 1936 τὸν
1811 1884 1905 1936 τοῦ
1931 1882 2067 1936 Θεοῦ
2100 1882 2198 1951 φό-

622 1971 740 2036 ϐον,
770 1973 1139 2042 ἁρπασάντων
1158 1972 1402 2036 ἐκείνων,
1432 1974 1534 2025 οὐκ
1562 1972 1845 2035 ἁνέλαϐες.
1881 1971 2073 2041 Ἥμεῖς
2095 1972 2198 2025 κύ·-

623 2075 731 2129 ριοι
782 2061 880 2113 καὶ
920 2058 1015 2114 τοῦ
1062 2059 1273 2113 ἀδικεῖν
1315 2060 1567 2121 ἑαυτοὺς,
1608 2058 1827 2112 καὶτοῦ
1865 2060 1939 2129 μή
1963 2074 1978 2089 ο
2009 2059 2197 2130 ἐτερος

620 2147 680 2201 δὲ
717 2148 918 2210 οὐδείς.
968 2148 1102 2212 Καὶ,
1132 2150 1182 2201 εί
1217 2146 1497 2218 βούλεσθε,
1532 2147 1619 2201 ἐπ’
1648 2147 1820 2217 αὐτῆς
1849 2147 1952 2216 τῆς
1983 2147 2197 2217 κλοπῆς

618 2236 684 2288 τὸ
712 2236 944 2309 πρᾶγμα
975 2224 1372 2306 γυμνάσωμεν.
1401 2234 1555 2287 Διέτε
1567 2252 1634 2304 με
1662 2234 1755 2287 τὸν
1792 2235 1972 2303 τοῖχον
2011 2236 2039 2287 6
2074 2234 2198 2287 κλέ-

619 2338 783 2396 πτης,
824 2324 1188 2395 εἰσεπήδησεν
1216 2325 1297 2387 είς
1328 2323 1420 2377 τὸν
1444 2322 1708 2393 θάλαμον,
1727 2322 2028 2392 ἐξεφόρησε
2058 2339 2194 2393 χρυ-

620 2411 712 2465 σία
757 2411 1105 2482 πολυτίμητα
1140 2412 1240 2464 καὶ
1285 2411 1467 2474 λίθους
1495 2410 1733 2481 τιμίους,
1766 2411 1954 2472 ἁπλῶς
1990 2410 2195 2482 θησαυ-

620 2501 715 2571 ρὸν
736 2501 1030 2573 ὀλόκληρον
1059 2500 1303 2565 ἐξέϐαλε,
1347 2500 1444 2553 καὶ
1472 2501 1569 2570 οὐχ
1600 2500 1763 2554 ἑάλω.
1794 2500 1869 2552 T6
1900 2500 2000 2570 μὲν
2036 2499 2194 2567 γενό-

620 2606 783 2658 μενον
819 2590 983 2660 βαρὺ,
1020 2592 1114 2643 καὶ
1145 2590 1294 2643 δοκεῖ
1316 2590 1490 2661 ζημία
1518 2590 1578 2642 τὸ
1616 2591 1852 2660 πρᾶγμα
1890 2586 2052 2653 εἶναι,
2092 2592 2194 2644 ούκ

617 2679 731 2731 ἔστι
772 2678 829 2731 δὲ
865 2678 1099 2743 οὐδέπω,
1140 2676 1255 2731 ἀλλ’
1300 2679 1359 2730 ἐν
1407 2678 1490 2730 σοὶ
1540 2680 1716 2731 κεῖται
1754 2678 1787 2747 ἢ
1824 2677 2032 2747 ζημίαν
2060 2678 2193 2730 αὐτὸ

616 2768 861 2837 ποιῆσαι,
905 2766 938 2836 ἢ
988 2766 1198 2836 κέρδος.
1242 2767 1350 2819 Καὶ
1396 2766 1512 2829 πῶς
1534 2765 1602 2819 ἂν
1632 2765 1845 2834 γένοιτο
1874 2765 2032 2819 τοῦτο
2058 2765 2189 2837 κέρ-

612 2851 735 2917 δος;
765 2856 951 2925 φησίν.
1005 2850 1148 2923 Ἐγὼ
1183 2854 1342 2907 τοῦτο
1365 2854 1646 2920 ἀποδεῖξαι
1676 2856 2015 2924 πειράσομαι
2045 2854 2188 2920 πῶς.

613 2940 716 2995 Σοῦ
777 2943 1126 3013 βουλομένου,
1182 2944 1370 3014 κέρδος
1426 2942 1581 2996 ἔσται
1638 2944 1814 3013 μέγα·
1876 2944 1951 3014 μὴ
1991 2944 2189 3015 βουλη-

612 3028 794 3093 θέντος
821 3031 897 3092 δὲ,
933 3032 1293 3102 χαλεπωτέρα
1335 3032 1435 3100 τῆς
1484 3032 1787 3101 γενομένης
1820 3032 2014 3102 ζημία.
2040 3033 2190 3085 Καθ-

610 3120 755 3189 άπερ
803 3119 910 3190 γάρ
954 3120 1048 3171 ἐπὶ
1093 3119 1202 3171 τῶν
1239 3118 1498 3188 τεχνιτῶν
1538 3118 1673 3188 ὕλης
1730 3120 2123 3191 ὑποκειμένης,
2158 3122 2188 3175 6

612 3207 714 3275 μὲν
740 3205 1004 3277 ἔμπειρος
1031 3207 1128 3276 τῆς
1144 3206 1340 3276 τέχνης
1370 3209 1451 3269 είς
1475 3206 1596 3259 δέον
1617 3206 1756 3277 αὐτῇ
1784 3208 2070 3278 κέχρηται,
2088 3208 2187 3263 όδὲ

608 3294 834 3363 ἄπειρος
868 3295 1118 3365 ἠφάνισε,
1146 3296 1239 3348 κα)⁸
1280 3295 1537 3364 ἐποίησεν
1581 3295 1729 3365 αύτῷ
1771 3296 2011 3367 ζημίαν·
2042 3298 2187 3352 οὕτω

606 3383 703 3435 καὶ
733 3384 826 3435 ἐπὶ
859 3381 968 3435 τῶν
991 3384 1358 3452 πραγμάτων.
1388 3382 1511 3445 Πῶς
1540 3379 1632 3436 οὖν
1651 3383 1804 3437 ἔσται
1834 3384 2059 3455 κέρδος;
2086 3387 2185 3439 ’Ἂν

605 3470 1006 3541 εὐχαριστήσῃς
1036 3469 1115 3540 τῷ
1140 3469 1275 3540 Θεῷ,
1309 3470 1375 3524 ἂν
1409 3469 1483 3541 μὴ
1511 3472 1731 3542 κωκύῃς
1748 3471 1866 3536 ὀξὺ,
1898 3473 1965 3526 ἂν
1987 3472 2057 3525 τά
2086 3473 2181 3529 τοῦ

617 3556 739 3611 Ἰὼϐ
768 3558 929 3630 εἴπῃς
971 3558 1193 3630 ῥήματα
1222 3573 1236 3587 ο
1264 3559 1320 3610 '0
1366 3560 1583 3625 Κύριος
1613 3558 1859 3625 ἔδωκεν,
1898 3564 1931 3615 ὁ
1969 3563 2183 3630 Κύριος

601 3647 884 3716 ἀφείλετο
904 3663 917 3676 ’
944 3645 1170 3715 γυμνὸς
1184 3646 1251 3710 ἐξ
1262 3645 1449 3715 ἦλθον
1461 3646 1527 3699 ἐκ
1549 3648 1784 3714 κοιλίας
1795 3650 2023 3717 μητρός
2039 3669 2178 3718 μου,

600 3737 829 3806 γυμνὸς
882 3736 981 3790 καί
1034 3737 1465 3803 ἀπελεύσομαι.
1513 3736 1577 3789 Τί
1628 3737 1827 3805 λέγεις,
1868 3739 1921 3791 '0
1964 3742 2180 3808 Κύριος

600 3825 917 3895 dpellsro;
964 3820 1035 3876 ’⁸0
1072 3824 1310 3893 κλέπτης
1342 3824 1614 3892 ἀφείλετο,
1662 3828 1756 3878 καὶ
1812 3826 1927 3889 πῶς
1952 3827 2176 3899 δυνήσῃ,

601 3914 789 3981 φησὶν,
818 3915 1015 3975 εἰπεῖν,
1053 3912 1108 3963 '0
1126 3912 1340 3979 Κύριος
1371 3912 1681 3980 ἀφείλετο;
1723 3916 1815 3983 Μὴ
1846 3915 2133 3988 θαυμάσῃς
2159 3935 2175 3950 ο

598 4000 697 4051 καὶ
728 4000 838 4069 γάρ
865 4000 959 4052 κα)⁸
1010 4001 1038 4051 6
1080 3997 1274 4064 ’1ὼϐ,ἀ
1312 4001 1340 4050 ὁ
1378 3999 1624 4062 διάϐολος
1661 4001 1936 4069 ἀφείλετο,
1978 4005 2174 4069 ταῦτα,

598 4087 821 4156 ἔφησεν,
868 4087 922 4139 '0
960 4088 1173 4153 Κύριος
1214 4087 1507 4155 ἀφείλετο.
1560 4089 1622 4141 Εἰ
1667 4088 1722 4141 δὲ
1756 4092 1963 4152 ἐκεῖνος
2002 4092 2176 4157 οὕτως

598 4176 905 4247 ἐθάρρησεν
929 4177 1121 4239 εἰπεῖν,
1161 4174 1278 4236 πῶς
1302 4176 1337 4229 ἃ
1361 4177 1389 4228 6
1414 4175 1652 4243 κλέπτης
1668 4176 1875 4243 ἔλαϐεν,
1906 4181 2005 4232 ούκ
2034 4182 2176 4253 ἐρεῖς

600 4265 784 4330 σὺ,ὃτι
813 4265 841 4315 ό
870 4262 1073 4333 Κύριος
1098 4262 1383 4329 άφείλετο;
1423 4262 1554 4315 Τίνα
1579 4264 1895 4334 θαυμάζεις,
1922 4268 2041 4319 εἰπέ
2062 4286 2171 4338 μοι,

595 4353 688 4405 τὸν
719 4354 786 4405 τά
826 4351 990 4405 αὑτοῦ
1022 4350 1337 4404 κενώσαντα
1364 4353 1442 4413 είς
1460 4351 1715 4421 πένητας.
1746 4353 1778 4424 ἦ
1806 4354 1898 4406 τὸν
1934 4354 2051 4407 Ἰὼϐ
2080 4359 2173 4410 ἐπὶ

594 4442 703 4494 τῶν
754 4441 1017 4511 ῥημάτων
1064 4440 1292 4503 τούτων;
1357 4436 1466 4510 ἄρα
1523 4441 1597 4511 μὴ
1653 4440 1873 4495 ἔλαττον
1923 4443 2169 4512 ἔχειτοῦ

593 4528 961 4597 ἐλεημοσύνην
990 4527 1169 4590 δόντος
1198 4530 1403 4590 ἐκεῖνος
1432 4528 1461 4578 6
1492 4526 1566 4596 μὴ
1594 4528 1717 4590 δοὺς
1740 4530 1892 4593 τότε;
1946 4532 2035 4601 Μὴ
2063 4531 2169 4601 γὰρ

592 4613 774 4686 εἴπῃς,
807 4616 919 4665 Οὐκ
943 4614 1051 4683 ἔχω
1079 4616 1258 4683 χάριν,
1289 4615 1388 4666 οὐκ
1428 4615 1569 4683 ἐμῆς
1597 4614 1823 4684 γνώμης
1848 4616 1907 4668 τὸ
1935 4620 2170 4687 πρᾶγμα

590 4696 680 4769 ἢν·
709 4700 811 4751 οῦκ
854 4700 1054 4761 εἰδότος
1101 4701 1222 4751 ούδέ
1278 4699 1625 4768 βουλομένου,
1667 4704 1695 4753 6
1728 4701 1930 4772 λῃστὴς
1969 4691 2165 4758 ἔλαϐε⁹

593 4790 745 4849 ποῖος
776 4788 931 4839 ἔσται
974 4805 1063 4856 μοι
1088 4787 1275 4857 μισθός
1303 4803 1316 4851 ;
1346 4790 1479 4841 Ούδέ
1511 4789 1604 4842 τοῦ
1647 4789 1765 4841 Ἰὼϐ
1789 4791 2011 4858 είδότος,
2045 4794 2167 4847 οὐδὲ

591 4875 936 4945 βουλομένου,
996 4878 1169 4928 ταῦτα
1215 4878 1406 4929 ἐλαϐε’
1457 4879 1574 4940 πῶς
1644 4880 1778 4949 γάρ;
1846 4880 1964 4934 ἀλλ’
2017 4884 2167 4952 ὅμως

587 4964 1069 5036 ήθλησεν.”Εξεστι
1102 4967 1195 5019 καὶ
1224 4968 1306 5020 σοὶ
1329 4967 1580 5020 τοσοῦτον
1608 4968 1792 5021 λαϐεῖν
1809 4969 2018 5039 μισθὸν,
2042 4973 2165 5025 ὅσον

584 5054 652 5106 ἂν
678 5056 727 5107 εί
752 5053 893 5106 ἐκὼν
914 5054 1143 5126 ἔρριψας
1171 5055 1329 5108 αὑτά.
1364 5057 1473 5109 Καὶ
1496 5057 1721 5120 εἰκότως
1748 5058 1938 5113 τοῦτον
1967 5060 2165 5130 μᾶλλον

585 5141 942 5212 θαυμάζομεν
970 5144 1061 5194 τὸν
1081 5144 1345 5213 ἐπηρείας
1374 5145 1708 5215 εὐχαρίστως
1729 5147 1982 5217 φέροντα,
2010 5148 2043 5219 ἥ
2072 5150 2165 5202 τὸν

583 5228 781 5282 ἑκόντα
822 5229 1051 5283 διδόντα.
1104 5231 1169 5283 Τί
1216 5232 1456 5299 δήποτε;
1496 5233 1618 5284 Ὅτι
1656 5235 1861 5298 ἐκεῖνος
1901 5236 2001 5305 μὲν
2051 5240 2163 5301 τοῖς

585 5316 833 5379 ἐπαίνοις
882 5317 1165 5387 τρέφεται,
1216 5320 1310 5370 καὶ
1354 5319 1434 5387 τῷ
1487 5319 1750 5372 συνειδότι
1789 5322 1883 5374 καὶ
1920 5325 2162 5393 χρηστὰς

584 5403 698 5473 εχει
736 5405 834 5469 τάς
864 5406 1117 5469 ἐλπίδαςο
1174 5408 1268 5461 καὶ
1309 5409 1573 5479 πρότερον
1612 5411 1873 5477 γενναίως
1921 5412 2160 5480 ἐνεγκὼν

584 5492 685 5561 την
733 5494 991 5564 στέρησιν
1036 5496 1147 5548 τῶν
1177 5498 1500 5567 χρημάτων,
1549 5498 1673 5551 τότε
1718 5499 1858 5552 αύτά
1900 5500 2158 5571 ἔρριψεν·

584 5571 739 5642 οὗτος
773 5582 829 5634 δὲ
867 5582 945 5634 ἔτι
970 5583 1391 5653 προσδεδεμένος
1452 5586 1699 5656 ἀφῃρέθη
1743 5586 1853 5657 βίᾳ.
1900 5590 2012 5641 υύκ
2047 5589 2162 5644 ἔστι

584 5668 642 5720 δέ
675 5670 809 5735 ἴσον,
840 5671 1101 5741 πρότερον
1148 5672 1435 5725 πεισθέντα
1490 5674 1794 5744 ἀποστῆναι
1841 5679 2161 5747 χρημάτων,

588 5754 757 5819 οὕτως
788 5755 925 5810 αὗτά
968 5760 1222 5824 κενῶσαι,
1252 5760 1345 5812 καὶ
1380 5761 1457 5812 ἔτι
1484 5761 1663 5814 αὐτῶν
1695 5764 1997 5831 κρατοῦντα
2024 5767 2160 5821 ἀπο-

592 5845 941 5917 στερηθῆναι.
980 5850 1076 5902 Ἂν
1103 5850 1277 5904 ταῦτα
1292 5849 1450 5921 εἴπῃς
1487 5850 1551 5904 τά
1582 5850 1821 5923 ῥήματα,
1851 5853 1997 5927 λήψῃ
2025 5855 2159 5910 πολι-

1302 362 1361 416 S.
1396 358 1676 417 .IOANNIS
1710 356 2198 415 CHRYSOSTOMI
2232 349 2557 414 ARCHIEP‘;
2586 302 2905 415 CONQ‘I‘AA
2922 354 3131 413 I'INUP.
3712 359 3781 418 ιιι

2317 476 2674 542 λαπλασίονα,
2713 478 2806 531 καὶ
2831 475 3051 529 πλείονα
3076 473 3108 543 ἢ
3135 473 3162 526 ὁ
3199 470 3340 525 Ὶὼϐ.
3378 470 3586 534 Ἐκεῖνος
3615 471 3691 541 μὲν
3710 488 3783 546 γαρ

2322 563 2384 621 εά
2417 564 2735 618 διπλασίονα
2766 562 3000 617 ἐνταῦθα
3033 561 3187 615 ἔλαϐε
3208 578 3220 590 ·
3258 558 3339 612 σοὶ
3365 558 3419 611 δὲ
3448 569 3473 617 ὸ
3497 560 3685 634 Χριστὸς
3702 562 3783 616 tu.

2316 652 2751 705 τονταπλασίονα
2773 649 3155 720 ἐπηγγείλατο.
3195 648 3309 699 Οὐκ
3341 646 3706 715 ἐϐλασφή;ιησας
3724 650 3783 703 διὰ

2310 738 2400 793 τὸν
2430 739 2597 809 φόϐον
2623 738 2719 793 τοῦ
2749 738 2907 801 Θεοῦ,
2957 736 3174 807 ἐχρήσω
3205 734 3481 803 μάντεσιν,
3527 732 3783 806 [446915610-

2313 825 2574 896 ρίστησας
2624 826 2808 888 κακῶς
2849 823 3070 888 παθών;
3123 824 3307 891 ὅμοιος
3351 816 3399 872 εί
3427 820 3498 889 τῷ
3524 838 3783 892 καταπεφρο.

2308 913 2496 982 νηκότι
2542 931 2557 947 ο
2586 912 2680 967 καὶ
2712 912 2819 983 γάρ
2843 913 2937 965 καὶ
2956 910 3132 965 ταῦτα
3157 910 3218 962 ού
3248 908 3468 975 γίνεται,
3500 907 3558 961 ἂν
3587 910 3645 979 μή
3668 929 3783 966 κατα.

2308 1000 2583 1071 φρονήσῃς
2610 1000 2896 1071 πρότερον.
2920 998 3035 1052 υὺκ
3056 997 3171 1050 ἔστι
3188 997 3246 1050 δέ
3279 997 3390 1049 ἴσον
3414 997 3467 1048 ἐν
3502 996 3648 1066 πολλῷ
3662 1003 3783 1069 χρόνῳ

2311 1086 2605 1156 μελετῆσαι
2649 1085 3060 1156 καταφρονῆσαι
3089 1085 3196 1137 τῶν
3225 1083 3532 1154 χρημάτων,
3556 1086 3633 1137 καὶ
3650 1086 3783 1156 ἀθῷον

2308 1174 2510 1245 ζημίαν
2536 1176 2823 1245 συμϐᾶσαν
2852 1176 3117 1242 ἐνεγκεῖν.
3180 1172 3337 1227 Οὕτω
3368 1172 3559 1240 γίνεται
3601 1175 3781 1246 κέρδηςὴ

2307 1259 2513 1330 ζημία,
2572 1263 2667 1316 και
2711 1263 2865 1315 ούδέν
2906 1262 3179 1334 βλαϐήσῃ,
3236 1260 3375 1313 ἀλλά
3424 1261 3781 1333 mammam

2309 1348 2461 1417 παρά
2481 1348 2575 1401 τοῦ
2603 1350 2872 1403 διαϐόλου.

2374 1476 2451 1535 ς’.
2495 1472 2617 1534 Πῶς
2642 1472 2699 1525 δέ
2737 1472 2833 1525 καὶ
2861 1470 3033 1541 ζημία
3067 1472 3277 1537 γίνεται
3310 1467 3541 1537 χαλεπής
3565 1469 3696 1521 Ὅταν
3717 1472 3781 1536 τὴν

2300 1555 2478 1627 ψυχὴν
2500 1559 2803 1629 ζημιωθῇς.
2827 1559 2960 1613 Ιέίπέ
2984 1559 3092 1627 γάρ
3108 1574 3218 1628 μοι,
3237 1557 3559 1626 ἀπεστέρησέ
3575 1559 3779 1627 σεχρημά-

2301 1662 2410 1697 των
2446 1648 2475 1699 6
2500 1646 2782 1716 κλέπτης;
2821 1647 2911 1700 διὰ
2935 1647 2987 1699 τί
3018 1647 3084 1700 σὺ
3136 1645 3333 1697 σαυτὸν
3369 1645 3650 1713 ἀποστερεῖς
3670 1661 3780 1712 σωτη-

2302 1731 2454 1801 ρίας,
2487 1732 2575 1787 διὰ
2601 1733 2655 1786 τί
2685 1732 2866 1801 ἀλγῶν
2896 1735 2981 1801 ἐφ’
3010 1727 3093 1795 οἷς
3127 1733 3261 1805 παρ’
3293 1732 3488 1802 ἐτέρων
3517 1731 3669 1794 κακῶς
3690 1731 3777 1784 Em-

2299 1816 2410 1883 θες,
2438 1820 2598 1883 αὐτὸς
2619 1820 2827 1873 πλείοσι
2851 1820 3197 1891 περιϐάλλεις
3227 1820 3419 1874 σαυτὸν
3446 1822 3640 1882 κακοῖς;
3667 1822 3777 1872 Ἐκεῖ-

2297 1906 2386 1969 νός
2417 1924 2477 1958 σε
2515 1908 2646 1971 ίσως
2686 1908 2847 1979 πενία
2881 1907 3192 1977 περιέϐαλε,
3244 1908 3309 1960 σὺ
3355 1906 3411 1959 δὲ
3441 1907 3610 1959 σαυτὸν
3643 1909 3777 1971 ἐντοῖς

2297 1994 2534 2064 καιρίοις
2579 1995 2814 2063 μάλιστα
2841 1994 3245 2057 καταϐλάπτεις
3278 1994 3583 2064 κακούργως
3606 2010 3619 2023 ⁸
3639 1996 3777 2055 ἐκεῖνος

2297 2083 2641 2154 ἀπεστέρησέ
2686 2102 2746 2137 σε
2770 2084 2841 2137 τά
2874 2084 3033 2147 ἐκτός
3065 2099 3160 2137 σου
3190 2083 3341 2149 ὄντα,
3387 2084 3477 2135 καὶ
3511 2082 3693 2153 ὕστερον
3718 2084 3777 2135 καί

2298 2167 2524 2233 άκοντός
2549 2186 2643 2222 σου
2671 2170 3093 2241 ἀποπηδήσοντα
3120 2185 3134 2197 ’
3166 2170 3233 2223 σὺ
3263 2168 3321 2222 δέ
3350 2169 3439 2222 τὸν
3453 2168 3642 2222 αἰώνιον
3666 2168 3776 2219 :10)-

2295 2273 2387 2309 τον
2418 2258 2609 2310 σαυτὸν
2635 2259 2861 2330 ἀφαιρῇ.
2908 2257 3180 2326 Ἐλύπησέ
3213 2274 3275 2310 σε
3320 2258 3350 2309 6
3400 2257 3617 2319 διάϐολος
3646 2256 3777 2324 60:16-

2298 2360 2459 2414 μενος
2484 2345 2552 2399 τά
2574 2347 2676 2416 χρή
2688 2361 2867 2415 ματα;
2899 2344 3144 2413 λύπησον
3169 2345 3335 2398 αὐτὸν
3357 2344 3448 2397 καὶ
3475 2344 3533 2397 σὺ
3549 2344 3777 2413 εὐχαριστή-

2296 2447 2415 2493 σας,
2456 2431 2549 2485 καὶ
2580 2433 2654 2502 μὴ
2685 2433 2979 2505 εὐφράνῃς.
3022 2433 3119 2483 Ἂν
3151 2432 3292 2503 πρὸς
3343 2431 3552 2501 μάντεις
3585 2429 3775 2499 ἀπέλθῃς,

2295 2516 2566 2588 εὔφρανας
2586 2539 2599 2552 ·
2634 2518 2700 2574 ἂν
2722 2520 3123 2592 εὐχαριστήσῃς
3150 2519 3233 2590 τῷ
3257 2520 3397 2589 Θεῷ,
3424 2519 3618 2589 καιρίαν
3635 2518 3775 2579 ἔδωκας

2294 2606 2443 2677 αὐτῷ
2469 2607 2568 2678 τὴν
2598 2608 2835 2679 πληγήν.
2891 2609 3002 2662 Καὶ
3055 2610 3158 2679 ὅρα
3212 2607 3266 2661 τί
3300 2610 3526 2676 γίνεται’
3570 2606 3667 2660 οὔτε
3686 2605 3775 2658 αὖτὲ

2295 2694 2545 2764 εὑρήσεις
2569 2694 2820 2749 ἀπελθὼν
2873 2696 3007 2766 πρὸς
3038 2697 3165 2758 τοὺς
3198 2696 3420 2766 μάντεις
3444 2713 3459 2726 ·
3490 2696 3546 2748 ού
3576 2695 3774 2764 γάρὲπιν

2294 2781 2516 2834 ἐκείνων
2539 2784 2735 2836 εἰδέναι
2758 2799 2772 2814 ·
2794 2785 2843 2835 εί
2867 2783 2924 2835 δέ
2958 2800 3060 2836 που
3082 2783 3177 2836 καὶ
3205 2779 3360 2837 εἶπον
3384 2783 3699 2852 ἐπιτυχόντες,
3716 2781 3774 2832 καὶ

2288 2868 2389 2938 τὴν
2414 2868 2594 2939 ψυχὴν
2622 2870 3082 2941 προσαπολλύεις,
3111 2872 3208 2923 καὶ
3230 2871 3337 2924 ὑπὸ
3362 2872 3467 2923 τῶν
3490 2869 3688 2939 ἀδελφῶν
3709 2885 3773 2919 κι-

2288 2955 2671 3029 ταγελασθήσῃ
2691 2956 2800 3009 τῶν
2825 2957 2955 3018 σῶν,
2974 2958 3063 3011 καὶ
3079 2958 3245 3011 πάλιν
3260 2958 3399 3012 αύτά
3421 2957 3589 3019 κακῶς
3603 2955 3769 3014 ἀπολεῖς.

2300 3043 2359 3095 Ὀ
2383 3043 2492 3114 γάρ
2520 3043 2727 3113 δαίμων
2752 3044 2906 3108 εἰδὼς
2925 3045 3006 3097 ὅτι
3037 3044 3244 3115 ζημίαν
3264 3046 3328 3098 ού
3354 3046 3549 3115 φέρεις,
3570 3044 3662 3097 ἀλλ’
3681 3041 3771 3109 ὑπὲρ

2286 3130 2491 3184 τούτων
2520 3131 2612 3184 καὶ
2633 3131 2725 3184 τὸν
2764 3132 2896 3184 Θεόν
2943 3149 3036 3184 σου
3080 3133 3256 3203 ἀρνῇ,
3309 3132 3467 3186 πάλιν
3506 3128 3771 3201 χρήματαδίι

2285 3218 2466 3283 δωσιν,
2493 3219 2581 3273 ῐνα
2611 3219 2865 3291 ἀφορμὴν
2913 3222 3012 3291 σχῇ
3038 3221 3131 3274 τοῦ
3166 3222 3338 3275 πάλιν
3369 3238 3427 3273 σε
3451 3220 3695 3289 ἀπατῆσαι.
3733 3216 3769 3268 Et

2283 3306 2341 3361 δὲ
2370 3308 2464 3361 καί
2492 3307 2702 3376 λέγοιεν
2721 3310 2769 3362 οί
2804 3310 3045 3378 μάντεις,
3082 3309 3156 3379 μὴ
3184 3310 3491 3380 θαυμάζετε
3516 3328 3528 3340 ·
3560 3308 3768 3375 ἀσώματός

2283 3396 2431 3448 ἐστιν
2463 3398 2492 3449 6
2527 3396 2765 3466 δαίμων,
2818 3398 3094 3467 πανταχοῦ
3120 3400 3423 3469 περίεισιν’
3458 3399 3603 3460 αὐτὸς
3637 3395 3769 3454 αὐτοὺς

2260 3469 2490 3545 ⁸ὁπλίζει
2522 3484 2649 3546 τοὺς
2674 3484 2876 3556 λῃστάς
2896 3502 2909 3515 ν
2936 3486 2997 3538 οὐ
3026 3485 3135 3556 γὰρ
3163 3487 3294 3540 ἄνευ
3323 3487 3560 3556 δαίμονος
3574 3480 3767 3547 ταῦταγίο

2281 3586 2449 3623 νεται.
2484 3571 2547 3623 Εί
2576 3572 2756 3625 τοίνυν
2778 3572 2985 3637 ὁπλίζει
3017 3574 3263 3637 τούτους,
3286 3576 3378 3627 καὶ
3398 3570 3499 3628 οἶδε
3518 3574 3599 3626 καὶ
3616 3569 3692 3621 ποῦ
3704 3586 3767 3620 και

2280 3656 2586 3711 τατίθενται
2604 3675 2619 3687 ’
2639 3659 2739 3711 οὐκ
2757 3660 2942 3726 ἀγνοεῖ
2955 3661 3083 3724 τοὺς
3097 3661 3266 3714 αὐτοῦ
3284 3662 3567 3732 ὑπηρέτας.
3597 3656 3765 3712 Ούκὲπι

2278 3743 2334 3797 δὲ
2362 3744 2672 3814 θαυμαστὸν
2705 3742 2899 3800 τοῦτο’·
2931 3748 2998 3801 ἀν
3026 3749 3110 3819 ῖδῃ
3138 3750 3413 3819 ἀλγοῦντά
3443 3766 3496 3801 σε
3537 3751 3592 3818 τῇ
3631 3744 3763 3813 ζημίξν

2279 3832 2372 3883 καὶ
2406 3830 2597 3899 ἑτέραν
2617 3832 2824 3900 ,ἐπάγει
2848 3849 2862 3863 ⁸
2903 3833 2969 3887 ἂν
3003 3834 3087 3907 ῖδῃ
3123 3837 3507 3905 καταγελῶντα
3541 3833 3620 3887 καὶ
3657 3846 3764 3883 κατα-

2278 3916 2598 3986 φρονοῦντα,
2631 3919 3001 3991 ἀποστήσεται
3035 3922 3241 3995 ταύτης
3276 3926 3376 3993 τῆς
3417 3921 3547 3975 ὁδοῦ.
3576 3918 3765 3982 Καθάπερ

2275 4004 2385 4074 γὰρ
2421 4008 2584 4076 ἡμεῖς
2613 4008 2797 4060 ἐκεῖνα
2816 4009 2942 4071 τοὺς
2977 4010 3207 4081 ἐχθροὺς
3238 4012 3537 4083 διατίθεμεν
3566 4011 3616 4061 ἐν
3635 4001 3764 4068 οἶςλυ·

2275 4093 2486 4162 ποῦμεν
2514 4093 2710 4157 αὐτούς
2730 4109 2743 4122 '
2779 4094 2846 4148 ἂν
2868 4095 2924 4148 δέ
2962 4095 3160 4167 ἴδωμεν
3185 4099 3268 4152 ὅτι
3290 4101 3388 4153 οὐκ
3417 4098 3654 4166 ἀλγοῦσιν,
3679 4094 3761 4157 ἀφι-

2277 4179 2520 4249 στάμεθα
2546 4178 2754 4244 λοιπὸν,
2780 4182 2856 4246 ὡς
2878 4182 2976 4235 οὐκ
2998 4182 3211 4255 ἔχοντες
3250 4187 3444 4249 αὐτοὺς
3469 4186 3648 4238 δακεῖν*
3668 4176 3761 4231 οὕτω

2274 4268 2370 4320 καὶ
2404 4270 2433 4320 ό
2461 4268 2729 4331 διάϐολος.

2343 4373 2409 4425 Τί
2449 4373 2666 4442 λέγεις;
2705 4376 2802 4445 οὐχ
2842 4377 2975 4445 ὁρᾷς
3011 4378 3137 4439 τοὺς
3182 4380 3240 4431 ἐν
3290 4381 3354 4449 τῇ
3391 4377 3606 4445 θαλάσσῃ
3634 4369 3757 4425 πλέον·

2270 4476 2390 4522 τας,
2422 4459 2539 4517 πῶς
2572 4462 2633 4514 οὐ
2678 4463 3017 4532 φροντίζουσι
3051 4464 3375 4534 χρημάτων,
3404 4464 3638 4534 χειμῶνος
3658 4473 3755 4525 τινο·

2274 4546 2457 4614 μένου,
2482 4547 2618 4600 ἀλλά
2640 4550 2733 4601 καὶ
2763 4548 2832 4601 τὰ
2862 4549 2993 4602 ὄντα
3019 4551 3269 4622 ῥίπτουσι
3292 4568 3306 4615 ;
3332 4553 3424 4604 καὶ
3458 4549 3611 4610 οὐδεὶς
3638 4545 3753 4609 λέγει,

2275 4634 2341 4684 Τί
2402 4637 2617 4698 ποιεῖς,
2687 4635 2974 4705 ἀνθρωπε;
3048 4638 3125 4707 τῷ
3188 4640 3419 4707 χειμῶνι
3466 4635 3754 4706 συμπράττεις

2271 4723 2364 4774 καὶ
2407 4722 2482 4792 τῷ
2504 4724 2779 4792 ναυαγίῳ;
2837 4726 2969 4793 πρὶν
3014 4726 3046 4795 ἡ
3094 4743 3154 4778 σε
3183 4727 3243 4779 τὸ
3296 4726 3444 4797 κῦμα
3478 4726 3560 4777 τὸν
3594 4718 3752 4773 πλοῦτῡν

2266 4808 2555 4877 ἀφέληται,
2601 4810 2663 4862 σὺ
2721 4813 2840 4874 ταῖς
2892 4813 3088 4865 σαυτοῦ
3151 4815 3307 4883 χερσὶ
3356 4812 3507 4867 τοῦτο
3532 4802 3750 4869 ποιεῖςςτί

2266 4894 2374 4963 πρὸ
2433 4894 2527 4948 τοῦ
2580 4898 2839 4965 ναυαγίου
2889 4899 3132 4967 ναυαγίῳ
3198 4900 3533 4970 περιϐάλλεις
3584 4891 3748 4947 σαυτόνς

2278 4982 2435 5035 Ἀλλά
2455 4983 2623 5036 ταῦτα
2645 4985 2744 5055 μὲν
2768 4985 2835 5039 ἂν
2855 4985 2998 5038 εἴποι
3019 4986 3273 5056 ἄγροικος
3294 4986 3390 5040 ἀνθ
3397 5002 3578 5056 ρωπος,
3597 4975 3748 5035 καὶτῶν

2264 5072 2322 5122 ἐν
2351 5070 2587 5145 θαλάττῃ
2638 5074 2962 5144 πειρασμῶν
2983 5075 3205 5144 ἄπειρος
3240 5092 3254 5105 ’
3289 5076 3318 5126 6
3346 5075 3521 5145 μέντοι
3548 5064 3744 5124 ναυτικκι

2264 5160 2358 5211 καὶ
2389 5157 2441 5210 τί
2484 5159 2585 5229 μὲν
2631 5160 2921 5231 ἐργάζεται
2947 5161 3210 5231 γαλήνην,
3244 5162 3299 5213 τί
3330 5161 3386 5215 δὲ
3413 5160 3547 5212 ποιεῖ
3572 5149 3744 5225 χειμῶνα

2264 5248 2507 5316 ἀκριϐῶς
2529 5250 2908 5320 ἐπιστάμενος,
2944 5250 3034 5302 καὶ
3079 5249 3502 5316 καταγελάσεται
3527 5244 3605 5298 τοῦ
3628 5237 3743 5292 ταῦτα

2262 5332 2512 5401 λέγοντος
2538 5352 2551 5363 -
2586 5335 2685 5389 Διά
2706 5336 2813 5408 γὰρ
2838 5336 2994 5390 τοῦτο
3021 5337 3213 5407 ῥίπτω,
3250 5336 3430 5407 φησιν,
3463 5335 3539 5385 ἵνα
3577 5328 3637 5400 μὴ
3656 5323 3743 5377 χλυ.

2262 5420 2368 5472 δὼν
2397 5422 2640 5492 γένηται.
2703 5422 2861 5475 υῦτω
2888 5424 2979 5476 καὶ
3019 5426 3046 5475 ό
3078 5423 3337 5495 ἔμπειρος
3386 5421 3489 5474 τῶν
3514 5422 3563 5471 ἐν
3587 5414 3647 5482 τῷ
3675 5409 3740 5477 βίῳ

2262 5510 2602 5578 πραγμάτων
2623 5511 2843 5564 καὶτῶν
2860 5511 3197 5581 πειρασμῶν,
3220 5512 3345 5564 ὅταν
3367 5511 3444 5579 ῐδῃ
3464 5508 3543 5560 τὸν
3560 5498 3740 5573 χειμῶνι

2261 5596 2576 5660 ἐπιστάντα,
2602 5599 2693 5651 καὶ
2723 5598 2791 5649 τὰ
2812 5600 3154 5668 πνευματικά
3177 5600 3273 5665 τῆς
3292 5596 3534 5666 πονηρίας
3550 5587 3737 5668 Νυάἴίφ

2263 5682 2599 5751 ἐργάσασθαι
2631 5666 2963 5755 βουλόμενα,
2983 5686 3078 5738 καὶ
3102 5686 3169 5739 τά
3194 5685 3439 5736 λείποντα
3461 5680 3555 5733 τῶν
3576 5666 3735 5765 χρημέ·

2259 5786 2368 5822 των
2397 5772 2595 5843 ῥίπτει.
2640 5772 2885 5839 Ἐγένετο
2922 5771 3096 5843 κλοπή
3130 5790 3248 5832 σοι,
3282 5770 3490 5839 ποίησον
3505 5766 3732 5843 ἐλεημοσιξ’

2262 5840 2509 5930 νηνίκαὶ
2538 5862 2810 5931 κουφίζεις
2852 5861 2912 5916 τὸ
2943 5840 3144 5920 πλοῖον,
3180 5862 3454 5934 Ἦρπασαν
3489 5856 3530 5908 οι
3560 5840 3707 5921 λῃσταί
3719 5857 3729 5903 ἱ
