3964 6504
205 399 316 456 ιω

214 520 440 582 propter
480 508 574 564 Dei
614 516 813 563 metum
834 549 849 571 ,
879 505 1129 576 quoniam
1155 512 1239 557 est
1265 499 1510 563 vetitum,
1539 492 1791 565 pecunias

210 619 320 659 non
351 600 623 672 accipere,
656 615 813 670 quam
847 599 954 653 Deo
983 611 1087 651 non
1114 592 1369 650 obedire?
1409 603 1588 660 parem
1630 583 1794 638 habes

209 694 519 753 mercedem
550 702 709 763 atque
748 690 836 745 ille
872 691 960 759 qui
992 704 1081 744 eas
1108 685 1349 757 erogavit
1374 678 1715 754 pauperibus,
1745 673 1793 729 si

209 786 279 842 iis
317 785 531 840 amissis
568 782 766 853 gratias
790 780 985 851 egeris,
1011 789 1065 833 et
1089 793 1211 833 cum
1240 789 1427 847 posses
1457 773 1535 827 ire
1562 770 1626 825 ad
1653 765 1791 822 divi-

206 889 451 943 natores,
472 874 770 932 sustinuisti
797 888 888 929 eas
912 872 1084 942 potius
1111 885 1218 923 non
1248 868 1513 936 accipere,
1532 877 1688 932 quam
1716 860 1793 913 sic

204 970 478 1038 accipere.
510 966 642 1022 Nam
669 966 804 1020 sicut
830 965 921 1019 ille
946 971 1164 1033 propter
1191 959 1287 1014 Dei
1317 966 1514 1012 metum
1539 969 1631 1009 eas
1660 952 1793 1007 εσυ-

202 1062 290 1117 dit
321 1063 372 1117 in
399 1075 599 1132 egenos
622 1078 638 1114 :
659 1064 729 1114 ita
758 1068 813 1114 tu
839 1072 1051 1129 quoque
1074 1064 1289 1125 propter
1314 1051 1407 1107 Dei
1428 1059 1647 1113 metum,
1673 1063 1793 1103 cum

202 1155 284 1209 illi
313 1154 642 1222 rapuissent,
673 1168 779 1207 non
810 1148 1079 1217 recepisti.
1117 1146 1172 1200 In
1214 1155 1396 1201 nostra
1422 1151 1506 1199 est
1534 1147 1793 1212 potestate

202 1257 266 1300 ut
289 1247 372 1301 vel
397 1262 495 1300 nos
516 1245 660 1316 ipsos
681 1244 873 1312 injuria
894 1242 1208 1303 afficiamus,
1234 1238 1319 1293 vel
1350 1252 1453 1293 non
1480 1254 1493 1288 :
1517 1235 1569 1289 in
1596 1232 1794 1288 nullius

199 1335 391 1394 autem
428 1339 669 1392 alterius.
714 1338 782 1391 Et
808 1338 851 1391 si
880 1336 1037 1389 vultis
1056 1375 1071 1399 ,
1100 1335 1152 1388 in
1180 1334 1296 1403 ipso
1321 1331 1461 1386 furto
1485 1345 1598 1384 rem
1624 1329 1794 1398 agite-

201 1447 351 1484 mus.
387 1429 495 1484 Fur
520 1446 730 1484 murum
757 1427 1043 1497 perfregit,
1080 1425 1366 1480 thalamum
1394 1432 1477 1479 est
1503 1423 1792 1492 ingressus,

201 1539 337 1577 vasa
378 1522 681 1592 exportavit
706 1536 865 1575 aurea
896 1519 1071 1590 magni
1100 1518 1293 1587 pretii,
1320 1525 1374 1572 et
1397 1529 1633 1586 gemmas
1673 1528 1795 1584 pre-

200 1615 409 1677 tiosas;
452 1622 509 1667 et
537 1622 595 1667 ut
621 1612 788 1667 semel
814 1611 985 1665 dicam
1005 1651 1021 1675 ,
1064 1610 1326 1679 integrum
1358 1607 1557 1661 amovit
1584 1606 1795 1659 thesau-

200 1720 377 1769 rum,
429 1718 528 1759 nec
579 1704 673 1757 fuit
734 1702 1174 1772 comprehensus.
1230 1700 1403 1755 Grave
1446 1697 1658 1767 quidem
1714 1703 1796 1749 est

200 1796 359 1866 quod
406 1794 602 1849 factum
648 1804 752 1859 est,
783 1804 838 1847 et
881 1792 1076 1847 damno
1118 1806 1237 1845 esse
1277 1805 1364 1845 res
1401 1788 1629 1853 videtur,
1665 1801 1798 1840 non-

202 1889 344 1943 dum
374 1896 455 1941 est
482 1894 698 1952 autem;
741 1885 834 1939 sed
882 1885 933 1939 in
976 1894 1026 1939 te
1062 1883 1221 1937 situm
1267 1890 1349 1937 est
1388 1888 1446 1936 ut
1490 1879 1543 1934 id
1590 1880 1659 1935 sit
1701 1878 1797 1932 tibi

202 1983 301 2038 vel
349 1982 545 2036 damno
590 1981 674 2036 vel
722 1980 891 2034 luero.
937 1979 1005 2033 Et
1045 1977 1342 2048 quomodo,
1388 1975 1575 2045 inquit,
1623 1981 1798 2044 potest

202 2074 317 2129 hoc
346 2089 468 2129 esse
493 2072 681 2127 lucro?
710 2072 823 2142 Ego
849 2070 1067 2125 teutabo
1090 2069 1374 2125 ostendere
1399 2065 1688 2138 quomodo.
1720 2065 1797 2120 Te

200 2167 432 2221 volente
479 2164 584 2219 erit
621 2179 871 2233 magnum
916 2163 1141 2226 lucrum,
1168 2172 1222 2215 et
1252 2161 1295 2214 si
1324 2159 1561 2214 nolueris
1580 2200 1595 2224 ,
1626 2156 1799 2226 majus

202 2259 473 2313 damnum
516 2271 674 2325 quam
717 2255 859 2325 quod
908 2253 1023 2308 fuit.
1069 2252 1201 2306 Nam
1240 2252 1377 2305 sicut
1401 2252 1454 2304 in
1481 2249 1794 2313 artificibus,

202 2348 455 2419 subjecta
486 2344 728 2409 materia,
762 2345 806 2399 is
843 2345 1056 2415 quidem
1088 2344 1175 2413 qui
1202 2352 1282 2397 est
1307 2341 1510 2412 peritus
1538 2341 1702 2404 artis,
1736 2355 1797 2393 ea

202 2442 281 2496 ad
327 2440 472 2511 quod
515 2447 727 2509 oportet
765 2438 962 2501 utitur;
1010 2437 1289 2504 imperitus
1323 2443 1498 2489 autem
1536 2434 1712 2505 perdit
1747 2442 1802 2488 et

201 2532 534 2602 corrumpit,
567 2542 621 2587 et
650 2539 706 2585 ut
738 2529 838 2585 sibi
868 2529 1063 2584 damno
1089 2529 1158 2581 sit
1180 2527 1343 2581 efﬁcit
1374 2544 1389 2581 :
1423 2528 1492 2579 ita
1535 2527 1694 2580 etiam
1744 2526 1799 2579 in

206 2629 299 2683 his
330 2627 511 2682 rebus.
538 2623 817 2692 Quomodo
841 2638 969 2692 ergo
988 2622 1091 2675 erit
1120 2620 1361 2675 lucrum?
1390 2619 1444 2674 Si
1475 2619 1583 2673 Deo
1603 2618 1800 2688 gratias

204 2721 415 2790 egeris,
443 2719 487 2771 si
516 2732 621 2772 non
649 2717 834 2785 lugeas
860 2731 957 2771 nec
986 2715 1174 2783 ejules,
1206 2713 1251 2767 si
1277 2712 1393 2767 Jobi
1423 2713 1581 2766 verba
1608 2712 1753 2765 dicas
1783 2729 1797 2765 :

204 2812 473 2865 Dominus
499 2809 658 2873 dedit,
688 2807 936 2861 Dominus
966 2807 1210 2861 abstulit:
1247 2806 1414 2858 nudus
1440 2821 1552 2857 sum
1577 2819 1801 2874 egressus

205 2921 281 2959 ex
308 2913 453 2956 utero
480 2901 657 2954 matris
683 2914 826 2965 mea,
857 2898 1024 2951 nudus
1060 2898 1212 2950 etiam
1249 2896 1393 2949 abibo
1420 2894 1559 2962 (Job
1590 2895 1638 2947 1.
1668 2894 1728 2947 2i
1759 2896 1798 2962 ).

206 2994 355 3062 Quid
402 2991 559 3056 dicis,
603 2990 864 3043 Dominus
908 2984 1163 3041 abstulit?
1208 2986 1290 3038 fur
1327 2985 1563 3047 abstulit,
1592 2993 1646 3039 et
1669 2999 1805 3054 quo.

207 3086 383 3141 modo
425 3083 648 3155 poteris,
680 3083 866 3153 inquit,
898 3080 1100 3145 dicere,
1142 3080 1398 3133 Dominus
1430 3077 1688 3132 abstulit?
1726 3076 1803 3132 Ne

208 3177 435 3234 mireris
464 3195 477 3229 :
506 3175 704 3231 etenim
733 3174 831 3229 Job
851 3188 969 3243 qua:
990 3172 1233 3226 diabolus
1259 3170 1493 3236 abstulit,
1518 3169 1612 3232 Ea,
1647 3168 1800 3235 dixit,

213 3270 475 3325 Dominus
503 3268 729 3321 abstulit.
769 3266 825 3322 Si
861 3274 1039 3319 autem
1070 3264 1158 3318 ille
1185 3264 1263 3317 sic
1289 3277 1450 3317 ausus
1476 3272 1557 3315 est
1583 3262 1763 3316 dicere
1784 3301 1800 3326 ,

209 3360 493 3433 quomodo
517 3375 636 3428 qua:
668 3357 751 3411 fur
770 3358 995 3425 accepit,
1019 3372 1123 3411 non
1151 3354 1297 3409 dices
1322 3353 1607 3408 abstulisse
1635 3353 1806 3407 Domi-

212 3454 391 3508 num?
418 3452 589 3518 Quem
616 3450 848 3512 miraris,
878 3448 1188 3518 dic,qu:eso,
1218 3462 1409 3501 eumne
1434 3447 1520 3516 qui
1551 3461 1643 3499 sua
1674 3445 1806 3499 effu-

211 3548 300 3602 dit
326 3548 379 3601 in
407 3558 701 3616 pauperes,
732 3558 799 3596 an
825 3542 1015 3595 Jobuni
1047 3548 1264 3609 propter
1293 3539 1406 3592 haec
1440 3537 1635 3592 verba?
1678 3554 1803 3591 num

217 3643 313 3697 ille
341 3641 434 3710 qui
463 3649 587 3692 tunc
614 3652 721 3691 non
751 3634 918 3699 dedit,
944 3632 1119 3686 utinus
1151 3632 1310 3686 habet
1334 3645 1492 3701 quam
1521 3631 1609 3700 qui
1638 3629 1804 3684 dede-

218 3732 394 3788 runt?
420 3729 497 3785 Ne
520 3730 680 3794 dicas,
710 3728 825 3782 Non
860 3726 1028 3779 habeo
1052 3725 1308 3795 gratiam;
1338 3739 1441 3776 non
1470 3738 1533 3777 ex
1562 3721 1666 3776 mei
1689 3721 1805 3773 ani-

220 3826 302 3878 rni
331 3820 597 3875 sententia
621 3834 707 3875 res
730 3818 827 3871 fuit
854 3834 867 3868 :
899 3832 984 3870 me
1012 3831 1110 3869 nec
1133 3814 1334 3868 sciente
1362 3827 1458 3866 nec
1490 3812 1699 3866 volente
1726 3811 1809 3866 fur

219 3915 440 3983 accepit
469 3932 481 3966 :
511 3926 752 3983 quamam
802 3909 904 3965 erit
946 3906 1185 3962 merces?
1233 3905 1413 3974 Neque
1460 3905 1662 3958 sciente
1711 3918 1809 3958 nec

218 4008 441 4059 volente
462 4002 597 4058 Jobo
620 4002 733 4056 haec
753 3999 960 4070 accepit
985 4016 998 4052 :
1020 3996 1287 4068 quomodo
1307 3994 1489 4050 enim?
1515 3995 1608 4049 sed
1634 4004 1807 4049 tamen

219 4097 545 4153 deeertavit.
576 4094 726 4149 Licet
750 4102 929 4146 autem
968 4089 1063 4144 tibi
1104 4097 1301 4143 tantam
1330 4087 1573 4157 accipere
1601 4102 1808 4141 merce-

222 4193 376 4257 dem,
406 4198 655 4259 quantam
679 4188 721 4241 si
744 4201 835 4241 eas
863 4196 948 4239 tua
972 4192 1162 4253 sponte
1191 4182 1501 4251 abjecisses.
1532 4180 1601 4235 Et
1620 4182 1811 4236 merito

225 4285 376 4338 hunc
401 4282 571 4351 magis
595 4279 921 4334 admiramur
951 4276 1038 4346 qui
1065 4275 1284 4345 injurias
1312 4284 1462 4343 grato
1485 4272 1585 4328 fert
1607 4274 1807 4341 animo,

224 4390 391 4444 quam
419 4370 653 4441 eumqui
684 4369 774 4422 dat
796 4382 889 4422 sua
914 4374 1123 4437 sponte.
1163 4363 1378 4432 Quare?
1421 4363 1681 4431 Quoniam
1726 4363 1813 4419 hic

226 4468 450 4539 quidem
492 4464 736 4519 laudibus
772 4463 930 4516 alitur
960 4469 1013 4514 et
1038 4457 1384 4523 conscientia,
1414 4467 1468 4511 et
1496 4456 1689 4510 bonam
1718 4456 1814 4509 ha-

228 4562 324 4617 bet
354 4575 527 4631 spem,
557 4568 611 4613 et
637 4572 757 4611 cum
786 4555 1024 4625 pecunia:
1057 4552 1404 4621 privationem
1436 4551 1581 4621 prius
1606 4551 1814 4605 fortiter

229 4654 465 4717 tulisset,
497 4661 624 4703 tunc
649 4663 766 4702 eam
802 4644 997 4715 abjecit
1025 4660 1038 4695 :
1072 4642 1163 4697 ille
1187 4656 1316 4697 vero
1338 4684 1354 4709 ,
1381 4656 1500 4696 cum
1533 4640 1609 4696 eis
1641 4640 1816 4695 adhuc

228 4753 380 4800 esset
425 4741 711 4810 alligatus,
750 4738 799 4790 vi
843 4738 940 4790 l‘uit
980 4736 1256 4805 spoliatus.
1302 4733 1416 4788 Non
1465 4744 1588 4788 sunt
1636 4744 1812 4788 autem

226 4838 403 4907 paria,
428 4850 548 4889 cum
579 4834 725 4903 prius
751 4830 913 4885 fueris
934 4842 1218 4899 persuasus
1241 4838 1297 4881 ut
1322 4842 1350 4880 a
1382 4828 1617 4897 pecuniis
1646 4828 1818 4883 disce-

228 4930 411 4991 deres,
439 4920 530 4980 eas
558 4926 627 4978 ita
650 4922 919 4982 effudisse.
944 4930 998 4975 et
1024 4935 1146 4974 cum
1175 4934 1265 4974 eas
1288 4917 1463 4973 adhuc
1496 4918 1813 4988 possideres,

229 5024 315 5077 eis
360 5032 481 5073 esse
521 5018 801 5086 privatum.
850 5010 904 5068 Si
952 5014 1063 5065 luce
1111 5009 1273 5065 verba
1317 5008 1547 5077 dixeris,
1591 5011 1817 5078 accipies

234 5111 621 5183 multiplicata,
675 5119 731 5163 et
778 5110 935 5178 longe
990 5108 1145 5177 plura
1198 5121 1358 5174 quam
1390 5104 1509 5158 Job.
1540 5103 1675 5156 Nam
1726 5102 1814 5157 illc

238 5204 464 5273 quidem
508 5202 596 5255 hic
640 5198 852 5268 accepit
890 5196 1122 5266 duplicia
1163 5196 1275 5263 (Job
1325 5194 1454 5264 42);
1492 5194 1588 5247 tibi
1634 5202 1813 5247 autem

237 5296 495 5352 Christus
546 5295 634 5348 hic
681 5291 948 5362 pollicitus
1002 5297 1084 5343 est
1135 5288 1467 5357 centuplum.
1527 5284 1641 5341 Non
1702 5284 1815 5339 bla-

238 5387 539 5458 sphemasti
570 5394 790 5454 propter
831 5392 1032 5435 metum
1068 5380 1179 5441 Dei,
1204 5394 1312 5431 non
1354 5392 1484 5430 usus
1518 5392 1575 5430 es
1612 5376 1817 5429 divina-

240 5480 473 5543 toribus,
506 5478 704 5547 gratias
751 5474 905 5543 egisti
948 5472 1099 5525 malis
1154 5468 1427 5523 affectus?
1457 5483 1516 5521 es
1542 5467 1738 5520 similis
1767 5464 1816 5519 ei

236 5571 334 5639 qui
378 5569 623 5638 despexit
675 5586 687 5620 :
734 5566 935 5620 etenim
982 5564 1093 5616 haec
1143 5576 1253 5614 non
1311 5559 1446 5613 fiunt
1500 5556 1605 5611 nisi
1670 5556 1819 5625 prius

237 5661 583 5732 despexeris.
623 5660 743 5713 Non
784 5666 909 5712 sunt
937 5664 1114 5709 autem
1160 5652 1327 5722 paria,
1360 5650 1529 5705 multo
1579 5659 1819 5718 tempore

242 5752 499 5809 meditari
529 5752 809 5820 deSpieere
838 5747 1114 5820 pecunias,
1139 5753 1193 5799 et
1228 5744 1369 5799 ferre
1387 5744 1642 5797 damnum
1676 5740 1817 5811 quod

242 5853 471 5919 repente
517 5842 793 5900 acciderit.
848 5841 935 5896 Sic
979 5838 1236 5894 damnum
1283 5834 1514 5891 elIicitur
1562 5833 1771 5889 lucrum
1803 5873 1816 5899 ,

996 391 1065 449 IN
1103 388 1316 447 EPIST.
1360 387 1378 441 Ι
1444 379 1533 441 AD
1569 375 1898 439 THESSAL.
1925 375 2073 433 CAP.
2106 375 2191 432 Ill.
2229 376 2462 433 HOMIL.
2493 377 2583 432 111.

3356 370 3462 426 tit
3556 346 3561 353 ’

1901 496 1952 544 et
1978 489 2115 543 nihil
2145 497 2199 543 te
2232 491 2407 555 laedet,
2437 491 2529 544 sed
2570 489 2734 546 etiam
2778 489 2870 543 tibi
2916 487 3156 560 proderit
3194 485 3461 541 diabolus.

1971 579 2026 634 6.
2087 576 2367 644 Quomodo
2429 587 2605 632 autem
2660 577 2718 631 fit
2763 578 2924 634 etiam
2970 592 3130 647 grave
3177 576 3472 634 damnum?

1897 668 2123 738 Quando
2167 668 2420 723 damnum
2459 668 2725 736 acceperit
2764 671 2963 723 anima.
3009 668 3099 724 Dic
3126 669 3268 724 enim
3297 670 3425 725 mihi
3456 690 3471 727 :

1900 759 1983 814 fur
2022 769 2075 816 te
2114 760 2339 829 privavit
2380 760 2661 829 pecuniis?
2689 768 2741 813 tu
2777 774 2874 814 cur
2902 769 2952 813 te
2980 761 3150 829 ipSum
3181 760 3360 829 privas
3390 778 3478 817 sa-

1899 851 2048 906 lute?
2082 866 2249 922 quare
2277 849 2465 905 dolens
2496 858 2712 919 propter
2747 852 2881 904 mala
2922 866 3041 921 qua}
3085 867 3272 921 passus
3310 869 3371 908 es
3411 856 3480 907 ali

1898 942 2037 1007 aliis,
2073 943 2188 1011 ipse
2230 951 2283 996 te
2324 941 2380 995 in
2424 942 2574 1007 plura
2618 941 2756 993 mala
2804 940 3014 1010 iojicis?
3044 942 3137 996 Ille
3169 954 3219 999 te
3250 944 3479 1000 fortasse

1898 1035 2124 1105 conjecit
2154 1036 2206 1090 in
2236 1042 2637 1105 paupertatem;
2686 1043 2739 1087 tu
2772 1044 2822 1089 te
2851 1045 3029 1090 autem
3073 1040 3303 1094 maxime
3331 1039 3481 1095 laedis

1898 1130 1953 1184 in
1976 1129 2255 1201 praecipuis
2286 1148 2300 1185 :
2324 1129 2413 1185 ille
2439 1138 2490 1183 te
2514 1129 2753 1183 externis
2780 1130 3011 1196 privavit
3039 1132 3397 1197 facultatibus,
3429 1145 3483 1187 et

1899 1236 2018 1291 qua:
2046 1223 2131 1278 vel
2160 1233 2213 1285 te
2236 1222 2401 1277 invito
2419 1232 2542 1276 sunt
2564 1229 2746 1290 postea
2772 1221 3087 1288 resiliturac;
3122 1232 3175 1277 tu
3198 1237 3372 1279 autem
3402 1226 3482 1279 di-

1899 1313 2053 1367 vitias
2080 1321 2312 1368 aeternas
2341 1313 2434 1368 tibi
2471 1310 2575 1382 ipsi
2611 1311 2822 1367 adimis.
2850 1312 2928 1366 Te
2956 1312 3198 1367 diabolus
3223 1316 3481 1371 modestia

1897 1405 2077 1461 aﬂeeit
2119 1406 2311 1460 ablatis
2353 1405 2631 1475 pecuniis?
2669 1406 2842 1475 ipsum
2886 1416 2940 1459 tu
2984 1422 3195 1477 quoque
3238 1409 3481 1462 molestia

1899 1497 2053 1554 affice
2078 1499 2278 1568 gratias
2304 1513 2499 1568 agens;
2532 1513 2599 1553 ne
2627 1498 2675 1553 ei
2699 1499 2936 1553 laetitiam
2963 1499 3155 1554 alfcras
3181 1517 3195 1554 :
3224 1500 3268 1554 si
3299 1516 3394 1556 eas
3415 1503 3483 1557 ad

1898 1588 2249 1653 divinatores,
2277 1589 2456 1644 lmtitia
2486 1590 2685 1653 aflicis;
2717 1589 2759 1645 si
2796 1590 2904 1645 Deo
2930 1606 3055 1661 agas
3083 1594 3316 1661 gratias,
3350 1594 3483 1649 leta-

1900 1680 2005 1734 lem
2034 1680 2238 1749 plagam
2275 1681 2323 1734 ci
2364 1680 2579 1749 inﬂigis.
2621 1680 2754 1734 Vide
2783 1691 2959 1737 autem
2991 1683 3116 1752 quid
3146 1684 3273 1737 liat:
3308 1702 3485 1756 neque

1901 1772 2045 1839 ipsas
2092 1772 2354 1838 invenies,
2384 1772 2428 1826 si
2470 1773 2630 1827 iveris
2660 1772 2724 1827 ad
2757 1772 3117 1841 divinatores;
3163 1793 3268 1831 non
3309 1788 3486 1847 potest

1899 1863 2041 1917 enim
2082 1877 2201 1919 esse
2241 1873 2298 1917 ut
2343 1863 2416 1918 illi
2460 1864 2660 1930 sciant;
2703 1865 2845 1936 quod
2894 1865 2937 1920 si
2986 1867 3145 1920 etiam
3189 1869 3477 1938 aliquando

1900 1969 2027 2010 casu
2082 1954 2350 2019 dixerint,
2405 1964 2459 2011 et
2509 1956 2743 2011 animam
2787 1967 3043 2027 prarterea
3102 1962 3296 2028 perdis,
3337 1974 3389 2017 et
3445 1980 3475 2018 a

1902 2044 2157 2101 fratribus
2186 2046 2290 2100 tuis
2320 2045 2649 2112 irrideberis,
2682 2057 2734 2101 et
2764 2062 2855 2101 eas
2883 2063 3071 2102 rursus
3102 2051 3242 2105 male
3273 2052 3482 2121 perdes.

1904 2138 2122 2194 Daemon
2160 2138 2301 2193 enim
2343 2139 2518 2194 sciens
2559 2148 2610 2193 te
2647 2155 2752 2193 non
2794 2155 2948 2209 mque
2986 2142 3163 2196 animo
3208 2142 3349 2197 ferre
3387 2145 3485 2199 da-

1904 2244 2109 2296 mnum,
2137 2228 2230 2284 sed
2258 2244 2354 2299 pro
2382 2229 2465 2283 his
2491 2231 2653 2284 etiam
2681 2231 2845 2285 Deum
2876 2240 3022 2286 tuum
3050 2247 3267 2302 negare,
3299 2251 3486 2290 rursus

1903 2321 1996 2375 dat
2036 2321 2307 2391 pecunias,
2337 2331 2395 2375 nt
2426 2321 2617 2377 habeat
2642 2325 2979 2378 occasionem
3014 2333 3068 2379 te
3105 2324 3404 2394 decipiendi
3432 2340 3487 2384 et

1904 2412 2171 2468 efliciendi
2202 2422 2260 2467 ut
2287 2411 2527 2468 delicias.
2559 2412 2710 2481 Quod
2742 2415 2785 2467 si
2817 2415 2978 2468 etiam
3010 2414 3191 2471 dicant
3215 2416 3484 2474 divinato-

1902 2522 2022 2572 res,
2054 2522 2123 2560 ne
2153 2507 2417 2561 miremini
2451 2524 2466 2562 :
2496 2507 2706 2561 daemon
2751 2516 2833 2563 est
2880 2508 3228 2579 incorporetts
3251 2552 3267 2577 ,
3309 2514 3486 2567 omnis

1904 2598 2018 2653 obit
2037 2598 2183 2653 orbis
2210 2607 2406 2667 partes,
2436 2598 2548 2667 ipse
2574 2608 2747 2653 armat
2767 2599 3003 2654 latrones
3033 2617 3047 2653 :
3074 2616 3177 2654 non
3207 2602 3348 2656 enim
3372 2602 3488 2658 lucc

1906 2690 2040 2746 fiunt
2077 2691 2280 2763 absque
2305 2691 2570 2746 dzemone.
2600 2691 2657 2747 Si
2686 2707 2813 2762 ergo
2844 2707 2938 2746 eos
2963 2700 3169 2758 armat,
3196 2693 3298 2749 scit
3324 2695 3486 2750 etiam

1905 2784 1997 2840 ubi
2027 2784 2132 2840 illa:
2172 2793 2296 2839 sunt
2334 2784 2586 2855 repositze
2616 2802 2630 2837 :
2658 2800 2761 2839 non
2796 2785 3005 2854 ignorat
3032 2799 3160 2839 suos
3188 2785 3484 2842 ministros.

1907 2878 2024 2933 Non
2068 2885 2152 2932 est
2194 2885 2373 2932 autem
2420 2876 2520 2930 hoc
2565 2876 2757 2930 mirum
2790 2895 2802 2930 :
2834 2877 2879 2929 si
2920 2858 2972 2931 te
3001 2877 3196 2931 viderit
3232 2878 3491 2932 damnum

1907 2983 2050 3039 :egre
2077 2969 2358 3033 ferentem,
2390 2978 2447 3021 et
2475 2967 2701 3021 alterum
2729 2966 2916 3021 afferet
2948 2984 2960 3019 :
2994 2966 3037 3021 si
3065 2977 3116 3022 te
3148 2968 3342 3022 viderit
3368 2968 3491 3024 irri-

1907 3061 2122 3115 dcntem
2172 3067 2227 3114 et
2271 3058 2678 3127 despicientem,
2709 3058 2776 3112 ab
2803 3058 2902 3112 hac
2929 3057 3016 3112 via
3055 3059 3293 3113 recedet.
3339 3059 3492 3116 Sicut

1908 3154 2050 3207 enim
2081 3166 2177 3205 nos
2200 3151 2264 3204 iis
2291 3149 2553 3205 al‘ticimus
2576 3150 2817 3205 inimicos
2842 3150 3034 3220 quibus
3054 3166 3146 3205 eos
3169 3153 3489 3222 pangimus;

1907 3243 1988 3298 sin
2005 3252 2182 3297 autem
2210 3240 2498 3295 viderimus
2524 3254 2618 3296 eos
2632 3257 2735 3295 non
2764 3241 2968 3310 dolere,
2994 3240 3250 3313 deinceps
3278 3244 3494 3298 desisti-

1910 3350 2049 3401 mus,
2067 3344 2122 3387 ut
2142 3333 2233 3404 qui
2256 3348 2361 3387 non
2383 3334 2644 3403 pessimus
2668 3334 2912 3389 mordere
2929 3351 2942 3387 :
2959 3334 3028 3388 ita
3048 3335 3208 3389 etiam
3224 3335 3489 3390 diabolus.

1982 3426 2237 3480 Pecunias
2282 3436 2597 3479 contemnere
2636 3426 2834 3480 suadet.
2854 3456 2924 3465 ——
2952 3426 3089 3492 Quid
3117 3427 3288 3481 dicis?
3314 3442 3492 3481 annon

1911 3522 2065 3576 vides
2109 3537 2203 3576 eos
2237 3522 2327 3590 qui
2370 3522 2419 3573 in
2468 3520 2598 3573 mari
2645 3521 2914 3590 navigant,
2946 3521 3214 3591 quomodo
3243 3523 3495 3590 pecunias

1912 3628 2018 3667 non
2045 3621 2235 3668 curent
2261 3613 2303 3665 si
2335 3620 2450 3665 orta
2477 3611 2548 3665 sit
2573 3620 2863 3680 tempestas
2886 3652 2900 3675 ,
2934 3612 3026 3665 sed
3058 3613 3219 3665 etiam
3251 3628 3375 3668 suas
3402 3614 3494 3667 ab-

1907 3708 2096 3777 jiciant
2120 3704 2435 3759 facultates?
2457 3714 2511 3757 et
2542 3718 2700 3757 nemo
2719 3703 2865 3767 dicit,
2888 3703 3024 3772 Quid
3054 3702 3204 3770 facis,
3234 3720 3268 3759 ο
3299 3706 3496 3760 homo?

1913 3809 1970 3855 tu
1996 3814 2117 3853 eum
2147 3805 2461 3867 tempestate
2487 3796 2619 3850 facis
2638 3805 2692 3850 et
2712 3795 3028 3866 naufragio?
3058 3796 3364 3866 priusquam
3393 3798 3497 3852 flu-

1914 3900 2030 3945 ctus
2057 3888 2152 3943 tibi
2179 3887 2436 3942 ademerit
2458 3886 2689 3949 divitias,
2715 3894 2769 3941 tu
2798 3886 2901 3940 tuis
2929 3888 3171 3941 manibus
3205 3886 3306 3941 hoc
3334 3886 3498 3941 facis?

1914 4001 2011 4041 cur
2036 3993 2162 4038 ante
2192 3980 2528 4051 naufragium
2570 3989 2623 4035 te
2662 3980 2715 4033 in
2762 3980 3100 4050 naulragium
3143 3980 3355 4049 injicis?
3393 3980 3497 4035 Sed

1916 4078 2032 4131 haec
2060 4072 2273 4145 quidem
2304 4072 2502 4126 dixerit
2542 4071 2803 4137 rusticus,
2837 4082 2892 4126 et
2936 4072 3101 4125 maris
3141 4072 3497 4140 procellarum

1916 4171 2133 4241 ignarus
2163 4184 2176 4222 :
2207 4167 2284 4221 rei
2311 4176 2487 4219 autem
2519 4165 2747 4219 nauticze
2771 4165 2990 4234 peritus,
3017 4173 3072 4217 et
3096 4166 3183 4233 qui
3214 4165 3314 4218 scit
3339 4182 3499 4219 accu-

1916 4272 2032 4318 rate
2054 4259 2180 4331 quid
2209 4258 2407 4314 efficiat
2436 4256 2873 4326 tranquillitatem
2901 4297 2914 4320 ,
2948 4254 3071 4324 quid
3102 4265 3496 4323 tempestatem.

1917 4367 2039 4406 eum
2068 4352 2158 4420 qui
2191 4351 2305 4404 hxec
2333 4349 2461 4402 dicit
2487 4348 2646 4402 etiam
2680 4346 2922 4400 irridebit
2953 4364 2964 4398 :
2995 4345 3283 4413 Propterea
3312 4347 3454 4400 enim
3482 4388 3496 4410 ,

1919 4444 2111 4515 inquit,
2135 4442 2296 4512 jacio,
2326 4456 2394 4494 ne
2422 4438 2613 4493 fluctus
2641 4438 2889 4491 obruant.
2933 4436 3007 4490 Ita
3037 4438 3198 4490 etiam
3238 4452 3416 4490 rerum
3451 4449 3503 4492 rt

1921 4535 2274 4590 tentationum
2298 4546 2416 4601 quae
2438 4530 2491 4583 in
2514 4530 2615 4584 bac
2635 4536 2764 4583 sunt
2788 4529 2889 4581 vita
2915 4528 3139 4597 peritus,
3164 4544 3283 4581 cum
3306 4529 3504 4583 viderit

1921 4626 2203 4682 imminere
2245 4631 2637 4692 tempestatem.
2667 4630 2721 4675 et
2748 4620 3043 4690 spiritualia
3089 4621 3339 4689 nequitia:
3384 4637 3504 4691 quae

1924 4722 2114 4775 volunt
2142 4718 2318 4772 facere
2348 4715 2680 4784 naufragium
2706 4755 2720 4780 ,
2752 4712 2937 4781 abjicit
2961 4712 3101 4782 quod
3134 4721 3216 4767 est
3242 4713 3503 4783 reliquum

1923 4813 2183 4886 pecuniae.
2219 4810 2523 4865 Admissum
2551 4816 2633 4863 est
2664 4808 2713 4860 in
2743 4816 2794 4861 te
2826 4806 3064 4860 furtum?
3096 4792 3176 4860 fac
3198 4806 3503 4878 elecmosy-

1924 4893 2067 4969 nam,
2102 4915 2154 4959 et
2180 4905 2349 4958 levius
2371 4902 2551 4957 reddis
2579 4901 2865 4971 navigium.
2900 4899 3208 4969 liapueruut
3234 4901 3507 4955 latrones?

1925 5010 1979 5053 tu
2004 4997 2220 5053 Christo
2249 4995 2313 5049 da
2342 4993 2637 5063 reliquias:
2670 4993 2747 5046 sic
2786 5008 2902 5045 eam
2944 5007 3063 5061 qua:
3105 4994 3253 5061 prius
3302 4994 3508 5046 exstitit

1925 5091 2191 5147 solaberis
2213 5096 2597 5158 paupertatem.
2618 5084 2809 5140 Levius
2831 5084 2995 5139 redde
3019 5084 3308 5153 navigium,
3337 5100 3402 5137 ne
3423 5100 3508 5139 rc-

1928 5183 2097 5237 tineas
2119 5196 2179 5234 ea
2208 5196 2325 5249 qure
2356 5187 2686 5241 manserunt,
2720 5192 2788 5231 ne
2809 5175 3005 5245 scapha
3038 5175 3314 5229 obruatur.
3345 5174 3421 5228 Illi
3454 5186 3512 5230 ut

1926 5285 2142 5332 servent
2177 5288 2431 5344 corpora,
2461 5273 2681 5341 cjiciunt
2726 5270 3131 5341 supellcctilem,
3174 5284 3274 5324 nec
3314 5285 3509 5339 exSpe-

1926 5378 2075 5423 ctant
2118 5367 2241 5421 dum
2285 5366 2541 5435 ingruens
2577 5363 2769 5417 fluctus
2806 5372 3014 5417 evertat
3044 5365 3295 5433 scapham
3328 5383 3340 5417 :
3372 5372 3424 5416 tu
3454 5374 3513 5418 ut

1928 5476 2110 5516 serves
2139 5459 2362 5523 animas,
2389 5472 2492 5509 non
2517 5455 2779 5523 reprimes
2809 5452 3176 5521 naufragium?
3206 5453 3505 5507 Periculum

1930 5552 2260 5619 facitc.rogo,
2291 5549 2332 5601 si
2356 5564 2460 5601 non
2489 5545 2741 5611 credatis,
2772 5554 2825 5599 et
2858 5544 3105 5599 videbitis
3131 5543 3354 5615 gloriam
3388 5544 3505 5599 Dei.

1928 5647 2150 5716 Quando
2174 5646 2264 5699 tibi
2291 5643 2487 5713 aliquid
2512 5642 2720 5697 molesti
2740 5640 3040 5709 contigerit,
3061 5638 3124 5692 da
3156 5640 3332 5694 statim
3361 5640 3511 5695 elec-

1930 5754 2204 5811 mosynam
2232 5780 2247 5805 ,
2275 5738 2472 5808 gratias
2517 5750 2614 5805 age
2659 5733 2802 5804 quod
2849 5732 3169 5801 contigerit;
3211 5741 3265 5787 et
3307 5732 3511 5787 videbis

1934 5840 2187 5905 quantum
2234 5829 2422 5887 subeat
2466 5826 2735 5900 gaudium.
2785 5824 3011 5879 Lucrum
3041 5824 3182 5879 cnim
3211 5824 3507 5894 spirituale,
