3964 6508
603 383 709 440 M5

602 496 807 553 etiamsi
837 497 907 551 sit
933 510 1176 567 parvum,
1209 504 1412 552 tantum
1438 506 1598 551 estut
1624 512 1782 551 omne
1810 496 2103 551 abscondat
2119 504 2175 550 et

603 589 851 642 obscuret
890 587 1139 640 damnum
1175 587 1473 657 corporale.
1519 586 1779 655 Quamdiu
1820 585 1985 641 habes
2029 586 2172 656 quod

581 678 696 733 ‘des
718 679 949 743 Christo,
976 694 1037 732 es
1065 679 1234 733 dives.
1270 680 1592 749 Dic,qn:eso,
1622 679 1667 734 si
1699 679 1791 733 tibi
1818 678 2048 748 spoliato
2077 694 2173 733 rex

598 769 860 824 accedens
889 783 1101 823 manum
1130 769 1336 837 tendat,
1362 785 1556 838 rogans
1586 780 1645 824 ut
1672 785 1703 823 a
1729 778 1780 823 te
1809 769 2005 840 aliquid
2035 768 2161 824 acci-

600 861 730 930 piat,
759 874 937 913 annon
977 870 1028 915 te
1066 860 1457 915 existimaveris
1483 861 1721 915 omnium
1760 860 2102 927 ditissimum,
2126 858 2172 914 si

600 968 666 1007 ne
694 961 813 1021 post
853 962 1050 1006 tantam
1077 952 1290 1022 quidem
1321 963 1686 1022 paupertatem
1732 953 1807 1006 tui
1854 952 2047 1022 pudeat
2088 966 2173 1006 re-

597 1044 757 1112 gem?
784 1042 860 1097 Ne
886 1043 1202 1112 abripiaris;
1253 1051 1306 1098 te
1344 1044 1516 1097 solum
1562 1058 1776 1113 supera,
1807 1052 1861 1097 et
1896 1042 2172 1111 superabis

598 1136 816 1191 insidias
843 1135 1058 1190 diaboli.
1100 1134 1251 1190 Licet
1279 1134 1375 1188 tibi
1408 1150 1595 1204 magna
1636 1134 1849 1189 lucrari.
1895 1134 2170 1202 Despicia-

595 1243 714 1281 mus
756 1226 985 1291 divitias,
1018 1234 1076 1280 ut
1115 1242 1181 1280 ne
1224 1226 1580 1294 despiciamus
1606 1226 1862 1279 animam.
1893 1223 2170 1291 Quomodo

594 1328 776 1373 autem
816 1318 1166 1387 despexeris?
1194 1316 1310 1371 Non
1338 1316 1526 1370 videtis
1554 1316 1805 1385 praeclara
1840 1330 2087 1384 corpora,
2114 1322 2169 1368 ct

592 1424 686 1464 eos
722 1410 811 1478 qui
849 1410 989 1479 capti
1024 1416 1148 1462 sunt
1184 1424 1372 1463 eorum
1414 1423 1617 1473 amore,
1661 1406 1912 1478 quamdiu
1952 1408 2166 1477 quidem

590 1513 715 1557 sunt
754 1504 807 1557 in
851 1511 1162 1573 conspectu,
1191 1500 1500 1556 accenditur
1526 1501 1683 1571 ignis,
1717 1499 1954 1570 exsurgit
1982 1501 2132 1570 splen
2162 1536 2165 1541 η

591 1595 715 1650 dida
761 1594 1005 1657 ﬂamma;
1054 1601 1334 1665 postquam
1377 1600 1553 1647 autem
1594 1594 1856 1664 quispiam
1886 1608 1948 1647 ea
1980 1589 2165 1660 procul

580 1684 875 1740 abduxerit
895 1726 910 1752 ,
950 1684 1211 1739 exstincta
1236 1692 1359 1738 sunt
1385 1684 1561 1737 omnia
1590 1691 1645 1738 et
1669 1684 1877 1753 50pita?
1904 1683 1979 1737 lta
2004 1683 2164 1738 etiam

588 1782 643 1834 in
672 1779 870 1834 divitiis
898 1795 913 1833 :
939 1792 1097 1832 nemo
1121 1792 1308 1831 aurum
1337 1776 1434 1830 sibi
1466 1783 1755 1844 comparet,
1781 1791 1936 1830 nemo
1960 1774 2161 1843 lapides

1380 383 1437 441 S.
1479 383 1755 440 JOANNIS
1791 380 2258 440 CllRYSOSTOMI
2298 383 2611 441 ARCHIEP.
2650 385 3181 446 CONSTANTINOP.
3674 412 3742 467 ιι(

2288 497 2549 569 pretiosos
2570 540 2584 565 ,
2627 515 2787 555 nemo
2814 510 3030 571 torques
3054 513 3107 558 et
3133 507 3340 561 monilia
3371 526 3383 561 :
3410 526 3465 564 ea
3491 515 3595 570 dum
3615 524 3745 579 videi.

2280 594 2382 653 tur,
2418 589 2658 645 inescant
2684 593 2885 647 oculos.
2917 594 2972 648 Si
2997 596 3076 649 vis
3097 612 3214 652 esse
3232 599 3377 656 dives
3400 612 3452 657 ut
3477 617 3657 675 veteres,
3673 632 3744 673 ηοη

2278 679 2330 733 in
2360 696 2491 735 auro
2515 682 2765 750 ditescas,
2794 685 2888 740 sed
2921 687 2974 741 in
3011 688 3172 743 rebus
3209 700 3517 763 necessariis,
3556 711 3602 754 ut
3634 708 3743 763 em",

2277 781 2459 840 parata
2490 774 2610 828 aliis
2637 775 3000 833 distribuenda
3033 780 3261 847 habeas;
3308 801 3371 839 ne
3395 797 3666 850 ornamentis
3683 800 3747 854 de

2276 864 2489 921 lecteris
2519 884 2533 919 :
2563 868 2824 937 ejusmodi
2862 870 3061 926 divitice
3089 883 3267 942 patent
3307 878 3496 933 insidiis
3521 882 3743 951 latronum.

2276 965 2329 1010 et
2375 957 2527 1012 nobis
2575 960 2813 1028 praebent
2855 962 3255 1020 sollicitudines.
3299 966 3408 1022 Non
3434 985 3544 1025 vasa
3568 988 3685 1030 aurea
3712 991 3747 1034 et

2276 1057 2525 1115 argentea
2554 1052 2798 1119 posside;
2845 1053 2937 1108 sed
2979 1056 3087 1109 sint
3124 1058 3394 1126 apothecae
3422 1060 3650 1129 frumenti,
3672 1070 3744 1123 vini

2275 1147 2330 1193 et
2352 1140 2455 1194 olei
2484 1158 2497 1192 :
2530 1142 2655 1205 sint,
2686 1158 2794 1197 non
2824 1152 2882 1197 ut
2912 1160 3093 1200 rursus
3117 1149 3343 1203 vendita:
3370 1154 3611 1217 pecuniam
3633 1160 3749 1211 cunti-

2273 1233 2451 1296 ciant,
2482 1234 2572 1286 sed
2601 1242 2657 1287 ut
2684 1245 2969 1304 erogentur
2995 1239 3292 1307 egentibus.
3343 1240 3395 1296 Si
3427 1258 3514 1297 nos
3539 1246 3748 1301 abduxeri-

2274 1337 2393 1377 mus
2418 1325 2485 1377 ab
2512 1324 2615 1378 illis
2651 1330 3061 1395 supervacaneis
3083 1371 3099 1395 ,
3141 1346 3479 1401 assequemur
3505 1335 3617 1390 bona
3642 1340 3747 1394 cale-

2273 1416 2395 1481 stia,
2442 1431 2559 1484 qua:
2600 1418 2753 1471 nobis
2798 1420 3045 1474 oumibus
3083 1424 3335 1492 consequi
3362 1424 3508 1479 detur
3533 1428 3577 1480 in
3599 1428 3747 1484 Christo

2271 1504 2396 1559 Jesu
2426 1506 2650 1562 Domino
2680 1519 2883 1575 nostro,
2913 1526 3034 1566 cum
3062 1528 3168 1581 quo
3198 1513 3342 1567 Patri
3368 1516 3598 1585 simulque
3620 1533 3746 1573 sancto

2271 1595 2490 1666 Spiritui
2518 1597 2707 1666 gloria,
2734 1608 2989 1667 potestas,
3016 1611 3069 1656 et
3110 1604 3303 1670 honor,
3334 1622 3466 1660 nunc
3500 1617 3548 1661 et
3579 1623 3743 1678 semper,

2268 1698 2323 1742 et
2348 1688 2400 1741 in
2431 1690 2622 1743 saacula
2651 1690 2986 1746 smculornm.
3015 1696 3205 1747 Amen.

3636 1883 3729 1898 ἣ-

2058 1908 2405 1973 HOMILIA
2451 1911 2556 1971 IV.

589 2018 719 2073 Car.
751 2018 801 2072 5.
832 2033 883 2069 v.
914 2016 968 2071 5.
1014 1997 1298 2085 Propterea
1326 2023 1370 2067 et
1401 2029 1490 2081 ego
1515 2012 1734 2084 amplius
1762 2029 1864 2066 non
1887 2012 2159 2075 sustinens,

663 2109 777 2163 misi
829 2108 897 2161 ad
935 2105 1330 2178 cognoscendam
1357 2104 1507 2175 ﬁdem
1546 2116 1779 2171 vestram,
1802 2115 1863 2159 ne
1894 2108 2022 2175 forte
2050 2113 2160 2157 ten—

660 2202 836 2256 taverit
862 2219 946 2256 vos
970 2203 1013 2256 is
1038 2198 1123 2272 qui
1149 2209 1325 2264 tentat,
1358 2208 1406 2252 et
1449 2199 1615 2252 inanis
1650 2198 1742 2266 ﬁat
1786 2196 1927 2250 labor
1971 2203 2158 2248 noster.

660 2296 715 2350 6.
750 2293 800 2346 Ν
807 2310 902 2347 unc
926 2302 1092 2346 autem
1120 2294 1341 2346 veniente
1377 2290 1444 2342 ad
1470 2306 1560 2342 nos
1591 2287 1853 2341 Timotheo
1878 2304 1909 2339 a
1935 2287 2093 2352 vobis,
2115 2295 2162 2339 et

659 2387 990 2439 annuntiante
1009 2385 1151 2440 nobis
1176 2385 1331 2452 ﬁdem
1352 2392 1398 2437 et
1417 2384 1678 2437 caritatem
1704 2389 1938 2444 vestram,
1961 2388 2006 2433 et
2025 2378 2161 2449 quod

658 2480 953 2532 memoriam
998 2478 1159 2531 nostri
1200 2475 1393 2530 habetis
1430 2491 1646 2543 semper,
1693 2473 2030 2526 desiderantes
2069 2487 2161 2524 nos

657 2571 843 2636 videre,
873 2571 1001 2623 sicut
1031 2578 1077 2623 et
1120 2585 1212 2623 nos
1245 2583 1442 2638 quoque
1480 2582 1565 2620 vos
1616 2582 1635 2619 :
1678 2567 1733 2619 7.
1762 2565 1874 2618 ideo
1914 2564 2160 2618 consolati

656 2680 849 2729 sumus,
878 2667 1081 2734 fratres,
1114 2662 1167 2714 in
1212 2660 1371 2727 vobis,
1399 2661 1453 2713 in
1483 2660 1621 2713 onmi
1659 2658 1951 2713 necessitate
1993 2666 2040 2710 et
2065 2657 2159 2710 tri-

656 2756 911 2809 bulatione
929 2763 1103 2807 nostra
1130 2769 1219 2821 per
1245 2752 1398 2821 [idem
1423 2761 1672 2805 vestram:
1693 2750 1747 2805 8.
1770 2750 2007 2817 quoniam
2027 2765 2160 2802 nunc

657 2847 886 2909 vivimus,
917 2845 962 2899 si
989 2860 1073 2897 vos
1096 2843 1243 2897 statis
1262 2844 1314 2896 in
1336 2841 1578 2896 Domino.

660 2941 713 2995 1.
755 2938 1077 3007 Proponitur
1109 2936 1262 2991 nobis
1291 2933 1450 2989 hodie
1471 2933 1716 3004 quaestio,
1748 2948 1867 3003 quae
1907 2948 1939 2987 a
1980 2932 2159 2987 multis

579 3030 860 3101 qnteritttr,
894 3037 951 3082 et
991 3026 1228 3096 undique
1264 3026 1551 3095 colligitur.
1581 3025 1836 3091 Quaenam
1874 3033 1957 3079 est
1980 3033 2158 3078 autem

578 3120 844 3193 quarstio?
876 3117 1155 3188 Propterea
1189 3126 1237 3171 et
1266 3132 1378 3188 ego,
1400 3115 1593 3185 inquit,
1627 3115 1846 3185 amplius
1875 3130 1975 3167 non
2002 3113 2157 3168 susti-

581 3230 724 3276 nens,
758 3212 856 3265 nisi
886 3209 1201 3263 Timotheum
1227 3207 1294 3261 ad
1318 3206 1717 3277 cognoscendam
1743 3206 1895 3274 ﬁdem
1919 3215 2154 3260 vestram.

580 3306 717 3375 Quid
762 3303 935 3359 dicis?
964 3301 1060 3372 qui
1103 3310 1211 3355 tam
1258 3300 1422 3354 multa
1470 3299 1587 3364 scit,
1616 3298 1706 3369 qui
1748 3298 1951 3352 audivit
1996 3298 2157 3353 verba

578 3412 795 3459 arcana,
854 3395 942 3465 qui
985 3394 1052 3448 ad
1097 3391 1311 3447 tertium
1350 3407 1521 3461 usque
1564 3389 1752 3444 caelum
1802 3388 2061 3455 ascendit,
2112 3389 2157 3443 is

586 3505 693 3543 non
725 3487 893 3552 novit,
928 3486 1085 3556 idque
1115 3500 1237 3539 cum
1285 3483 1356 3538 sit
1386 3482 1651 3537 Athenis?
1698 3497 2016 3553 quamquam
2058 3495 2157 3536 nec

582 3594 832 3649 magnum
862 3576 1160 3633 intercedat
1178 3574 1536 3639 intervallum,
1556 3588 1729 3644 neque
1756 3573 1829 3627 ita
1854 3572 2058 3643 pridem
2086 3570 2157 3628 ab

534 3652 540 3660 ί
581 3674 661 3727 eis
686 3674 756 3727 sit
784 3670 1100 3740 separatus?
1125 3669 1303 3722 Urbati
1322 3669 1488 3733 enim,
1514 3669 1702 3737 inquit,
1726 3684 1756 3720 a
1781 3666 1916 3721 vobis
1939 3667 2006 3720 ad
2034 3676 2157 3720 tem-

582 3780 677 3833 pus
722 3763 863 3816 hora:
892 3762 1087 3832 (Supra
1113 3762 1168 3815 2.
1203 3761 1315 3831 17).
1346 3759 1462 3815 Non
1491 3760 1640 3815 novit
1668 3761 1826 3830 igitur
1852 3761 1968 3815 talis
1995 3759 2156 3815 homo

576 3871 667 3910 res
714 3853 1295 3917 Thessalonicensium,
1344 3852 1437 3907 sed
1489 3866 1709 3908 necesse
1739 3852 1896 3907 habet
1942 3852 2156 3907 mittere

578 3943 923 4000 Timotheum
969 3944 1036 3997 ad
1089 3943 1513 4012 cognoscendam
1580 3943 1740 3997 [idem
1784 3958 1969 3997 eorum
2012 3960 2026 3996 :
2072 3940 2157 3997 Ne

588 4040 739 4105 forte,
770 4035 959 4105 inquit,
1005 4036 1264 4087 tentaverit
1294 4049 1379 4086 vos
1405 4035 1449 4088 is
1477 4034 1565 4104 qui
1608 4043 1785 4097 tentat,
1808 4043 1854 4087 et
1875 4034 2040 4088 inanis
2064 4034 2155 4102 [int

581 4128 728 4183 labor
753 4127 958 4180 noster?
995 4125 1132 4193 Quid
1164 4125 1324 4194 igitur
1350 4124 1545 4179 dixerit
1572 4125 1800 4195 aliquis?
1841 4140 1946 4179 non
1977 4127 2154 4180 omnia

581 4237 745 4277 nosse
774 4219 1024 4276 sanctos?
1052 4218 1107 4272 ld
1137 4227 1315 4273 autem
1341 4234 1405 4273 ex
1434 4219 1613 4273 multis
1651 4218 1921 4282 didiceris,
1964 4234 2155 4289 nempe

579 4323 639 4371 et
682 4329 713 4368 a
766 4312 971 4383 primis,
1003 4322 1057 4364 et
1104 4310 1169 4364 iis
1216 4325 1334 4380 qua:
1374 4320 1498 4363 sunt
1550 4318 1734 4379 postea
1789 4320 2149 4380 consequuta:

581 4410 728 4464 velut
758 4408 984 4462 Elisteus
1011 4407 1274 4477 ignoravit
1294 4404 1361 4460 de
1386 4404 1610 4459 muliere
1641 4404 1717 4476 (4.
1745 4402 1875 4473 Reg.
1895 4404 1985 4474 ti):
2011 4404 2156 4459 velut

579 4502 727 4556 Elias
755 4500 967 4555 dicebat
994 4499 1124 4565 Deo,
1155 4497 1266 4568 Ego
1292 4497 1495 4551 relictus
1523 4512 1634 4549 sum
1658 4494 1820 4559 solus,
1852 4505 1900 4548 et
1925 4505 2154 4564 quaerunt

579 4598 801 4649 animam
826 4610 989 4647 meam
1018 4591 1094 4664 (5.
1120 4590 1249 4661 Reg.
1274 4590 1362 4645 19.
1388 4589 1475 4644 10.
1501 4586 1615 4658 l8}.
1638 4587 1926 4658 Propterea
1951 4587 2153 4642 audivit

580 4703 611 4739 a
659 4687 785 4749 Deo,
823 4685 1019 4754 Reliqui
1053 4684 1176 4736 mihi
1223 4691 1414 4748 septem
1459 4680 1624 4733 millia
1662 4681 1885 4733 virorum
1914 4679 1989 4749 (1.
2024 4679 2148 4749 Reg.

581 4777 672 4832 16.
697 4778 727 4830 7
734 4786 776 4848 ).
801 4775 868 4830 Ει
890 4774 1106 4829 Samuel
1130 4786 1317 4828 rursus
1337 4770 1553 4842 quando
1582 4771 1778 4825 missus
1806 4769 1905 4825 fuit
1931 4785 1960 4824 a
1987 4769 2153 4825 David

581 4866 890 4937 ungendum
924 4883 937 4919 :
987 4864 1153 4931 Dixit,
1182 4864 1373 4932 inquit,
1400 4864 1446 4916 ei
1482 4861 1733 4918 Dominus
1754 4879 1773 4915 :
1802 4860 1885 4916 Ne
1922 4862 2154 4916 attendas

581 4962 692 5031 ejus
734 4958 973 5028 speciem,
999 4971 1157 5025 neque
1204 4954 1429 5009 habitum
1472 4954 1832 5025 magnitudinis
1865 4956 1996 5025 ejus,
2024 4970 2153 5023 quo-

576 5053 715 5107 niam
762 5067 877 5104 eum
923 5048 1071 5103 nihili
1099 5047 1197 5118 feci
1231 5047 1510 5116 :quoniam
1557 5062 1658 5100 non
1708 5054 1961 5116 tamquam
2006 5045 2154 5099 homo

575 5144 758 5200 videbit
790 5140 923 5196 Deus
949 5156 969 5195 :
1012 5140 1160 5194 homo
1191 5138 1324 5192 enim
1363 5138 1555 5191 vultum
1598 5137 1826 5207 aspiciet,
1864 5152 1949 5190 cor
1987 5147 2155 5190 autem

576 5234 739 5290 Deus.
774 5233 886 5288 lloc
912 5242 1091 5286 autem
1122 5228 1183 5284 fit
1216 5244 1408 5300 magna
1440 5228 1536 5283 Dei
1565 5243 1691 5283 cura
1720 5239 1774 5282 et
1798 5227 2150 5297 providentia.

576 5325 859 5396 Quomodo
883 5334 936 5380 et
961 5337 1191 5395 quanam
1219 5320 1460 5376 ratione?
1490 5319 1559 5375 Et
1594 5328 1812 5391 propter
1858 5320 2002 5389 ipsos
2026 5333 2154 5373 san-

574 5429 715 5487 ctos,
756 5428 811 5473 et
841 5425 1060 5487 pr0pter
1103 5429 1197 5470 eos
1224 5412 1314 5484 qui
1364 5412 1494 5483 ipsis
1518 5411 1760 5466 credunt.
1815 5408 1964 5466 Sicut
2011 5409 2154 5466 enim

577 5515 691 5583 ipse
717 5510 975 5581 permittit
999 5507 1113 5563 tieri
1136 5506 1595 5578 persequutiones,
1616 5506 1687 5560 ita
1708 5505 1867 5561 etiam
1898 5506 2009 5575 ipse
2033 5520 2154 5573 pcr-

577 5604 742 5659 tuittit
770 5618 864 5657 eos
909 5601 1074 5656 multa
1121 5601 1387 5669 ignorare,
1416 5608 1475 5652 ut
1502 5596 1567 5651 ad
1614 5595 1828 5651 modum
1871 5595 2152 5666 quemdam

579 5693 925 5750 reducantur.
971 5691 1261 5760 Propterea
1300 5688 1498 5744 Paulus
1521 5702 1733 5758 quoque
1761 5685 2007 5742 diccbat:
2040 5684 2153 5741 Da-

580 5796 662 5839 tus
703 5796 772 5837 cst
804 5783 927 5836 mihi
956 5781 1190 5836 stimulus
1229 5780 1392 5843 carni,
1424 5781 1634 5852 angelus
1658 5788 1853 5835 satana!
1876 5790 1931 5833 ut
1959 5797 2037 5833 me
2062 5795 2153 5834 co-

582 5876 800 5946 laphisct
829 5876 902 5948 (‘2.
936 5875 1032 5931 Cor
1086 5874 1169 5930 l2.
1200 5874 1283 5945 7),
1317 5890 1382 5931 ne
1414 5874 1634 5931 nimium
1664 5874 1922 5944 extollar;
1958 5883 2009 5931 ct
2038 5890 2156 5931 rur-

2269 2024 2380 2075 sus,
2410 2026 2476 2065 ne
2504 2010 2594 2064 alii
2638 2026 2826 2081 magna
2854 2012 2922 2068 de
2967 2014 3070 2068 illis
3117 2015 3543 2087 itnaginarentur.
3576 2021 3621 2077 Si
3654 2026 3746 2078 enim

2267 2114 2333 2154 ex
2369 2101 2535 2170 signis
2574 2118 2667 2157 eos
2696 2118 2815 2158 esse
2845 2104 2976 2161 deos
3002 2108 3378 2166 existimarunt
3416 2115 3537 2182 (Act.
3573 2116 3640 2170 14.
3673 2119 3746 2185 i0),

2267 2192 2435 2246 multo
2464 2194 2632 2263 magis
2662 2196 2705 2250 si
2746 2207 3005 2267 petpetuo
3029 2200 3358 2256 mansissent
3386 2206 3592 2260 scientes
3610 2211 3745 2262 omnis.

2267 2283 2335 2337 Et
2364 2285 2479 2354 ipsc
2511 2301 2694 2341 rursus
2718 2287 2848 2342 dicit
2872 2306 2887 2343 :
2939 2288 3023 2343 Ne
3048 2292 3162 2359 quis
3189 2293 3253 2345 de
3282 2311 3360 2348 me
3387 2298 3551 2365 cogitet
3576 2315 3691 2367 supra
3715 2302 3748 2352 id

2265 2378 2399 2445 quod
2426 2378 2556 2429 videt
2584 2395 2689 2432 esse
2732 2395 2831 2443 me,
2860 2392 2949 2433 aut
2987 2397 3051 2434 ea:
3087 2398 3165 2435 me
3209 2386 3355 2438 audit
3383 2387 3560 2457 aliquid
3584 2390 3642 2459 (2.
3671 2388 3746 2444 Cor.

2268 2466 2355 2521 12.
2383 2470 2461 2539 6).
2485 2470 2551 2524 Ει
2580 2486 2766 2526 rursus
2791 2473 2916 2528 audi
2947 2473 3161 2529 Petrum
3191 2477 3475 2545 dicentem,
3504 2482 3750 2551 quandocu-

2265 2560 2403 2614 ravit
2432 2561 2715 2616 claudum:
2754 2563 2889 2630 Quid
2936 2581 3026 2619 nos
3068 2568 3185 2634 ﬁxis
3231 2570 3455 2637 aspicitis
3484 2574 3632 2637 oculis,
3665 2584 3750 2625 tam-

2265 2668 2418 2719 quam
2457 2664 2630 2708 nostra
2659 2656 2839 2708 virtute
2880 2667 2968 2709 aut
2999 2659 3183 2727 pietate
3225 2663 3487 2729 fecerimus
3515 2681 3607 2718 eum
3630 2667 3749 2719 ιιιιώιι-

2265 2742 2372 2795 tare
2401 2743 2537 2811 (Act.
2568 2745 2621 2799 '5.
2675 2744 2805 2815 12)?
2834 2747 2890 2803 Si
2937 2757 3119 2804 autem
3166 2750 3255 2804 bis
3304 2754 3415 2807 lucc
3442 2755 3690 2810 dicentibus
3716 2765 3751 2810 et

2264 2834 2600 2901 facientibus,
2633 2837 2717 2891 vel
2760 2853 2826 2892 ex
2871 2841 3055 2909 parvis
3095 2842 3173 2896 sic
3200 2842 3505 2900 oriebantur
3530 2862 3668 2915 prava
3688 2862 3748 2901 su—

2263 2926 2563 2993 spiciones;
2612 2928 2781 2981 multo
2809 2931 2978 2999 magis
3021 2947 3090 2987 ex
3119 2936 3350 3004 magnis.
3382 2937 3536 2992 Porro
3560 2940 3642 2991 alia
3662 2954 3749 3008 quo-

2262 3032 2367 3087 que
2393 3017 2460 3072 de
2484 3033 2642 3073 causa
2680 3021 2793 3074 ham
2825 3022 3307 3090 permittebantur.-
3324 3026 3451 3081 Nam
3477 3043 3538 3083 ne
3561 3030 3749 3098 quispiam

2263 3118 2445 3179 posset
2483 3109 2684 3177 dicere,
2714 3112 2876 3181 ipsos,
2911 3114 3053 3184 quod
3083 3115 3329 3172 homines
3359 3135 3458 3173 non
3500 3130 3664 3183 essent,
3695 3135 3749 3173 res

2264 3211 2440 3257 tantas
2481 3204 2736 3273 gessisse,
2764 3215 2925 3276 atque
2970 3207 3043 3261 ita
3071 3223 3261 3264 omnes
3290 3210 3479 3266 tierent
3517 3211 3689 3266 desides
3715 3223 3749 3266 es

2263 3296 2479 3364 supini:
2513 3306 2794 3367 propterea
2824 3299 3058 3354 ostendit
3086 3315 3274 3355 eorum
3307 3304 3689 3370 imbecillitatem,
3713 3317 3748 3358 ut

2261 3386 2486 3456 ingratis
2520 3388 2712 3443 animis
2738 3390 3080 3460 impudentiae
3106 3408 3323 3450 onmem
3353 3406 3623 3466 amputarct
3643 3413 3748 3451 occa-

2262 3479 2493 3534 sionem.
2526 3480 2819 3550 Propterea
2869 3482 3114 3552 ignorat;
3174 3496 3457 3555 propterea
3505 3490 3638 3543 etiam
3669 3503 3747 3541 cum

2260 3585 2405 3641 saepe
2437 3575 2804 3642 proposuisset
2830 3574 3036 3641 venire,
3065 3591 3170 3630 non
3197 3579 3367 3642 venit,
3398 3590 3452 3633 ut
3475 3579 3647 3634 discant
3667 3593 3747 3632 eum

2260 3663 2426 3718 multa
2456 3664 2683 3719 nescire.
2727 3665 2804 3720 Ex
2835 3666 2935 3720 hoc
2963 3682 3093 3738 ergo
3131 3669 3358 3725 multum
3402 3672 3666 3741 capiebatur
3694 3670 3747 3723 lu-

2260 3769 2434 3808 crum.
2466 3754 2719 3825 Alioquin
2762 3757 2902 3811 enim
2934 3759 3093 3812 etiam
3133 3760 3210 3815 sic
3234 3771 3390 3816 erant
3432 3762 3586 3817 adhuc
3608 3762 3674 3831 qui
3694 3760 3747 3813 di-

2260 3856 2464 3910 cerent,
2508 3846 2649 3902 hunc
2668 3863 2792 3903 esse
2816 3866 3061 3919 magnam
3092 3851 3183 3905 Dei
3216 3854 3484 3920 virtutem,
3511 3864 3559 3909 et
3579 3853 3650 3908 alii
3668 3868 3747 3907 eum

2259 3952 2380 3992 esse
2426 3937 2570 3993 hunc
2607 3948 2661 3993 et
2706 3939 2877 3994 illum.
2910 3941 2964 3995 Si
3018 3942 3130 3995 huic
3160 3959 3267 3997 non
3315 3945 3447 4000 facta
3475 3956 3644 4009 essent,
3665 3941 3748 4012 quid

2260 4046 2365 4082 non
2396 4029 2833 4086 existimassem?
2865 4032 3084 4087 Videtur
3113 4045 3293 4090 autem
3320 4038 3407 4091 hic
3433 4054 3542 4092 esse
3574 4035 3748 4105 quaedam

2259 4136 2443 4175 eorum
2475 4121 2858 4191 reprehensio;
2907 4125 3002 4179 sed
3045 4126 3092 4179 si
3119 4127 3239 4190 quis
3281 4138 3480 4183 attente
3502 4129 3745 4187 consideret,

2257 4216 2425 4271 multo
2455 4216 2625 4286 magis
2666 4217 2864 4271 indicat
2900 4233 2993 4272 eos
3022 4233 3141 4273 esse
3171 4220 3524 4286 admirabiles,
3559 4230 3604 4275 et
3627 4226 3749 4272 osten-

2258 4308 2403 4363 ditur
2443 4309 2793 4364 tentationum
2842 4313 3202 4381 exsuperatio.
3245 4313 3533 4380 Quomodo,
3578 4307 3745 4364 attende.

2261 4401 2390 4456 Nam
2430 4402 2475 4456 si
2506 4403 2585 4457 eis
2633 4402 2781 4472 prius
2820 4402 3021 4465 dixisti.
3071 4403 3137 4457 In
3178 4404 3274 4459 hoc
3320 4406 3469 4476 positi
3506 4421 3666 4465 sumus,
3696 4408 3745 4461 et.

2256 4492 2426 4549 Nemo
2468 4493 2835 4560 conturbetur,
2882 4510 2978 4549 cur
3024 4511 3209 4549 rursus
3256 4498 3423 4552 mittis
3464 4495 3745 4552 Timotheum,

2258 4586 2454 4639 timens
2480 4599 2545 4639 ne
2565 4585 2691 4654 quid
2718 4585 2811 4638 ﬁat
2835 4600 2902 4639 ex
2928 4586 2993 4639 iis
3016 4602 3133 4656 qua:
3161 4602 3268 4641 non
3308 4589 3427 4643 vis?
3475 4587 3575 4643 Hoc
3595 4582 3746 4656 quidem

2257 4676 2384 4730 facit
2429 4690 2495 4730 ex
2542 4676 2708 4730 multa
2744 4675 3032 4732 dilectione
3073 4695 3086 4731 :
3131 4692 3253 4732 nam
3281 4679 3372 4749 qui
3400 4670 3746 4749 diligunt,etiam

2257 4783 2377 4837 quae
2420 4776 2547 4823 sunt
2592 4777 2722 4831 tuta,
2751 4779 2997 4837 suspecta
3041 4768 3236 4824 habent
3264 4786 3329 4824 ex
3361 4785 3541 4839 magno
3566 4767 3743 4822 fervore:

2257 4856 2384 4911 facit
2421 4858 2584 4912 etiam
2626 4871 2846 4927 propter
2888 4859 3085 4913 multas
3138 4865 3475 4915 tentationes.
3529 4858 3637 4913 Nam
3672 4850 3745 4905 dixi

2257 4948 2566 5020 quidem,ln
2596 4951 2690 5004 hoc
2712 4968 2885 5005 sumus
2928 4954 3110 5021 positi;
3163 4952 3469 5022 magnitudo
3505 4960 3651 5004 autem
3672 4957 3745 4997 ma.

2258 5040 2430 5097 lorum
2454 5056 2541 5097 me
2570 5042 2777 5097 terruit.
2822 5043 3178 5110 Quamobrem
3209 5060 3316 5098 non
3342 5044 3488 5108 dixit,
3514 5041 3573 5098 Ut
3596 5038 3664 5108 qui
3683 5046 3745 5086 vos

2258 5133 2657 5189 condemnarim
2711 5134 2905 5198 mitto;
2953 5136 3078 5201 sed,
3131 5133 3249 5189 Non
3293 5136 3504 5204 amplius
3543 5129 3743 5185 sustinent.

2258 5225 2400 5296 quod
2430 5226 2598 5297 magis
2621 5234 2739 5281 erat
2764 5225 3034 5280 amicitiae.
3064 5227 3197 5293 Quid
3222 5238 3339 5294 est,
3370 5225 3453 5280 Ne
3486 5226 3599 5294 [orte
3633 5227 3745 5272 ιεηια·

2257 5320 2323 5372 rit
2363 5334 2447 5373 vos
2490 5319 2535 5373 is
2584 5318 2671 5387 qui
2714 5317 2913 5372 tentat?
2962 5317 3121 5373 Vides
3166 5318 3303 5389 quod
3348 5318 3400 5373 in
3446 5307 3745 5372 tentationibus

2260 5410 2445 5467 labare
2487 5420 2570 5465 est
2616 5409 2935 5466 diabolicum
2962 5451 2977 5476 ,
3007 5420 3061 5464 et
3103 5425 3170 5465 ex
3214 5409 3467 5465 diabolica
3509 5400 3746 5471 seductione

2259 5502 2480 5559 ortum?
2518 5501 2653 5558 Nam
2699 5501 2912 5572 quando
2950 5516 3049 5556 nos
3093 5503 3238 5571 ipsos
3280 5517 3384 5556 non
3426 5496 3643 5571 potuerit,
3674 5486 3747 5542 alio

2261 5594 2423 5650 modo
2451 5609 2546 5665 per
2576 5609 2674 5650 nos
2702 5593 2951 5650 labefacit
2995 5594 3405 5649 imbecilliores:
3434 5587 3559 5661 quod
3589 5579 3746 5653 quidem

2261 5696 2345 5742 est
2369 5686 2600 5741 maxime
2629 5685 3029 5752 imbecillitatis,
3059 5694 3113 5741 et
3137 5701 3255 5755 quae
3295 5683 3482 5739 nullam
3522 5679 3737 5732 hatetex-

2260 5781 2591 5836 cusationem
2624 5797 2637 5833 :
2681 5780 2817 5835 sicut
2845 5779 2968 5835 fecit
2999 5780 3049 5833 in
3076 5778 3198 5845 Job,
3233 5778 3440 5833 incitata
3468 5783 3639 5828 uxore:
3662 5760 3744 5819 De.

2270 5874 2461 5945 inquit,
2512 5872 2717 5943 aliquod
2761 5872 2961 5928 rerbum
3009 5882 3182 5929 contra
3230 5869 3507 5934 Dominum,
3532 5872 3572 5918 et
3600 5864 3747 5911 morere
