3964 6504
252 424 369 480 ιιιῦ

1104 426 1169 481 ΙΝ
1209 426 1423 483 ΕΡΙδΤ.
1456 426 1477 480 l
1506 428 1598 482 AD
1634 425 1965 482 THESSLL.
1999 426 2247 483 C.\P.Ill.
2269 428 2498 486 llOTvll-L.
2536 429 2624 485 IV.

3379 430 3482 485 H6

247 535 408 613 [450]
434 538 499 589 σὺ
536 536 622 599 66;
660 534 729 589 τὰ
766 535 992 605 λείψανα
1023 538 1099 609 τῷ
1144 537 1563 609 Χριστῴοοῦτω
1603 540 1696 592 καὶ
1730 539 1828 608 τὴν
1935 542 2361 612 τάφρονησωμεν
2414 543 2641 597 πλούτου
2664 583 2678 607 ,
2717 546 2804 599 ἵνα
2851 544 2925 614 μὴ
2994 542 3490 615 καταφρονήσωμεν

243 629 349 680 ἐπὶ
378 627 493 688 τοῖς
536 626 820 695 προτέροις
851 625 1221 697 παραμυθήση
1284 628 1496 680 πενίαν.
1552 626 1824 695 Κούφισον

242 715 312 767 τὸ
349 713 564 777 πλοῖον,
612 712 686 782 μὴ
720 713 997 786 κατάσχῃς
1022 716 1089 767 τά
1122 716 1398 783 μείναντα,
1436 716 1523 769 Eva
1560 715 1635 785 μὴ
1662 732 1821 785 περι-

241 803 512 873 ἀνειλῆται
539 814 564 841 ι
589 800 649 853 τὸ
678 802 901 870 σκάφος.
971 802 1230 869 Ἐκεῖνοι,
1274 806 1360 857 ἴνα
1399 803 1626 874 σώματα
1655 804 1822 872 φυλά-

243 891 439 952 ξωσιν,
473 888 699 959 ἐκϐολὴν
729 888 1006 943 ποιοῦνται
1039 891 1146 944 τῶν
1184 892 1413 955 σκευῶν,
1456 892 1551 945 καὶ
1569 893 1629 945 οὐ
1660 910 1819 963 περι-

244 978 479 1045 μένουσι
528 975 588 1028 τὸ
643 975 796 1044 κῦμα
843 976 1069 1030 ἐπελθὸν
1116 978 1441 1049 περιτρέψαι
1475 979 1536 1032 τὸ
1576 981 1817 1047 σκάφοςσ

241 1067 315 1116 σὺ
350 1063 439 1115 ῖνα
486 1062 663 1132 ψυχάς
705 1061 875 1135 σώσῃ,
906 1064 967 1116 οὑ
997 1065 1228 1127 παύσεις
1264 1066 1323 1119 τὸ
1366 1067 1661 1133 ναυάγιον;
1694 1068 1818 1119 Πει-

245 1150 478 1218 ράσατε,
509 1150 558 1201 εί
610 1151 925 1212 ἀπιστεῖτε,
976 1150 1315 1217 παρακαλῶ,
1363 1153 1681 1222 πειράσατε,
1727 1155 1822 1207 καὶ

238 1235 451 1303 δψεσθε
479 1236 580 1304 τὴν
615 1235 772 1299 δόξαν
816 1235 912 1289 τοῦ
944 1236 1102 1290 Θεοῦ.
1150 1236 1319 1290 Ὅταν
1374 1239 1455 1290 σοί
1499 1256 1553 1291 τι
1582 1238 1823 1309 λυπηρὸν

242 1321 461 1395 συμϐῇ,
516 1321 605 1385 δὸς
646 1321 1014 1394 ἐλεημοσύνην
1044 1322 1266 1387 εὑθέως,
1317 1324 1710 1395 εὐχαρίστησον
1740 1326 1821 1377 ὅτι

242 1409 477 1478 συνέϐη,
510 1410 604 1462 καὶ
642 1408 764 1478 δψει
804 1409 944 1479 πόση
987 1409 1133 1479 χαρὰ
1165 1411 1562 1481 ἐπεισέρχεται.
1619 1412 1691 1463 Τὸ
1716 1412 1822 1482 γάρ

242 1498 445 1569 κέρδος
470 1498 533 1551 τὸ
564 1498 932 1567 πνευματικὸν
963 1499 1066 1551 κᾶν
1090 1498 1270 1566 ὀλίγον
1297 1494 1354 1571 ᾖ,
1386 1499 1636 1553 τοσοῦτόν
1652 1500 1821 1562 ἐστιν,

238 1588 328 1649 ὡς
356 1587 541 1639 πᾶσαν
584 1584 900 1655 ἀποκρύψαι
937 1583 1140 1655 ζημίαν
1184 1589 1519 1657 σωματικήν.
1569 1588 1714 1651 Ἕως
1756 1587 1824 1640 ἂν

239 1673 382 1743 ἔχῃς
407 1673 607 1727 διδόναι
632 1672 710 1743 τῷ
736 1672 980 1743 Χριστῷ,
1019 1672 1294 1737 πλουτεῖς.
1348 1674 1484 1726 Εἰπέ
1516 1690 1626 1743 μοι,
1648 1675 1697 1725 εί
1729 1691 1823 1726 συ-

242 1760 470 1830 ληθέντι
501 1776 583 1812 σοι
622 1752 937 1829 προσελθὼν
962 1761 990 1813 6
1043 1759 1293 1829 βασιλεὺς
1341 1761 1497 1830 χεῖρα
1544 1759 1822 1813 ὑπέτεινεν

243 1846 423 1914 ἀξιῶν
441 1864 491 1899 τι
512 1846 697 1900 λαϐεῖν
724 1848 874 1917 παρὰ
894 1845 1011 1912 σοῦ,
1041 1843 1151 1917 ἆρα
1175 1847 1273 1900 οὑκ
1302 1847 1368 1901 ἂν
1394 1848 1651 1918 ἐνόμισας
1685 1848 1820 1901 πάν-

242 1951 365 1987 των
417 1928 557 1986 εἶναι
600 1933 1019 2003 πλουσιώτερος,
1076 1935 1124 1986 εί
1171 1934 1307 2004 μηδὲ
1349 1932 1491 2004 μετὰ
1535 1933 1807 2005 τοσαύτην

208 2006 209 2009 η
240 2021 448 2074 πενίαν
475 2020 862 2091 ἐπαισχύνεταί
900 2039 959 2074 σε
980 2024 1007 2074 ὁ
1033 2021 1313 2091 βασιλεύς;
1344 2022 1434 2094 Μὴ
1452 2024 1821 2093 συναρπαγῇς·

242 2111 421 2182 μόνον
453 2111 725 2181 κράτησον
761 2110 977 2173 σαυτοῦ,
1006 2111 1099 2163 καὶ
1137 2113 1428 2181 κρατήσεις
1457 2111 1554 2181 τῆς
1582 2110 1677 2163 τοῦ
1704 2110 1823 2164 δια-

239 2199 414 2252 ϐόλου
440 2198 750 2269 ἐπιϐουλῆς.
784 2198 1000 2263 Ἔξεστί
1035 2215 1116 2251 σοι
1163 2199 1415 2269 κερδᾶναι
1450 2198 1681 2269 μεγάλα.
1705 2199 1823 2252 Κα-

310 2385 339 2413 ι
374 2370 513 2423 Colb.
536 2379 593 2425 et
621 2386 773 2435 marg.
798 2372 947 2423 Savil.
969 2372 1330 2435 ὑπεραντλῆται.

1928 627 2025 696 τῆς
2081 627 2278 696 ψυχῆς.
2330 629 2452 691 Πῶς
2494 630 2552 682 δὲ
2589 630 2653 682 ἂν
2702 649 2785 693 τις
2839 632 3325 701 καταφρονήσειεν;
3378 633 3489 701 υὺχ

1924 714 2085 783 ὁρᾶτε
2110 715 2177 767 τὰ
2203 714 2427 785 λαμπρά
2465 716 2572 768 τῶν
2610 719 2895 787 σωμάτων,
2936 718 3031 771 καὶ
3076 718 3202 779 τοὺς
3248 717 3490 788 ἐρῶντας

1924 799 2105 853 αὑτῶν
2136 814 2150 827 ⁸
2176 800 2280 861 ἓως
2323 802 2419 870 μὲν
2456 800 2522 853 ἂν
2560 803 2617 854 ἐν
2647 803 2832 871 δψεσιν
2960 804 3239 856 ἐκκαίεται
3264 802 3327 855 τὸ
3358 804 3488 875 πῦρ,

1924 886 2152 957 λαμπρὰ
2201 887 2403 940 ἄνεισιν
2458 888 2491 957 ή
2543 887 2714 956 φλόξ·
2770 890 2984 942 ἐπειδάν
3041 890 3097 944 δέ
3158 908 3243 954 τις
3292 891 3491 955 αὐτοὺς

1923 976 2189 1047 ἀπαγάγῃ
2232 976 2456 1045 πόρρω,
2498 977 2674 1029 πάντα
2723 976 3015 1039 ἔσϐεσται,
3079 980 3257 1032 πάντα
3311 979 3491 1031 κεκοίε-

1929 1078 2151 1132 μισται;
2183 1061 2337 1114 Οῦτω
2371 1064 2466 1115 καὶ
2511 1064 2603 1115 ἐπὶ
2642 1062 2737 1115 τοῦ
2778 1062 3031 1127 πλούτου,
3074 1065 3263 1133 μηδεὶς
3296 1065 3493 1134 χρυσία

1924 1147 2410 1212 κατασκευαζέτω,
2481 1150 2669 1219 μηδεὶς
2738 1149 2919 1212 λίθους
2986 1152 3233 1218 τιμίους,
3304 1152 3492 1221 μηδεὶς

1923 1234 2284 1305 περιδέρραια
2322 1251 2335 1264 ·
2381 1235 2622 1299 δελεάζει
2662 1237 2788 1299 τοὺς
2843 1235 3155 1307 ὀφθαλμοὺς
3207 1236 3483 1307 ὁρώμενα.

1923 1321 1986 1373 Εἰ
2015 1322 2069 1374 δέ
2091 1322 2267 1390 βούλει
2310 1323 2555 1376 πλουτεῖν
2594 1324 2668 1387 ὼς
2697 1325 2745 1376 οί
2790 1324 3028 1389 παλαιοὶ,
3079 1324 3294 1377 πλούτει
3328 1326 3402 1395 μὴ
3424 1328 3482 1378 ἐν

1920 1409 2149 1478 χρυσίῳ,
2195 1410 2308 1462 ἀλλ’
2336 1411 2393 1462 ἐν
2425 1412 2535 1473 τοῖς
2567 1411 2900 1478 ἀναγκαίοις,
2950 1412 3038 1464 ἵνα
3068 1411 3161 1464 καὶ
3186 1410 3246 1475 ἐξ
3268 1412 3488 1482 ἑτοίμου

1909 1496 2167 1567 ’παρέχῃς
2194 1500 2304 1560 τοῖς
2327 1498 2506 1561 ἄλλοις
2533 1514 2547 1527 ’
2584 1501 2659 1570 μὴ
2681 1498 3011 1570 φιλόκοσμος
3034 1500 3125 1552 ἔσο
3154 1515 3169 1529 ο
3200 1501 3229 1552 6
3254 1500 3493 1564 τοιοῦτος

1921 1581 2150 1645 πλοῦτος
2188 1585 2421 1647 καὶτοῖς
2464 1586 2687 1656 λῃσταῖς
2724 1587 2870 1639 ἐστιν
2916 1586 3374 1652 εὑεπιϐούλευτος,
3401 1590 3493 1641 καὶ

1921 1670 2051 1739 ἡμῖν
2075 1671 2297 1740 παρέχει
2316 1673 2601 1741 φροντίδας
2621 1688 2635 1701 °
2666 1674 2739 1743 μὴ
2763 1673 2929 1743 σκεύη
2966 1677 3147 1745 χρυσᾶ
3169 1676 3261 1727 καὶ
3276 1676 3493 1746 ἀργυρᾶ

1922 1755 2054 1820 κτῶ,
2101 1756 2215 1810 ἀλλ’
2252 1757 2495 1810 ἔστωσαν
2546 1759 2818 1828 ἀποθῆκαι
2866 1760 3045 1827 σίτου,
3076 1760 3239 1827 οίνου,
3272 1761 3451 1814 ἐλαίου
3473 1777 3487 1791 ’

1922 1843 2184 1908 εστωσαν,
2208 1842 2305 1913 οὑχ
2334 1844 2421 1897 ἴνα
2448 1844 2609 1898 πάλιν
2649 1844 3026 1916 διαπραθεῖσαι
3067 1846 3306 1917 ἄργυρον
3336 1848 3494 1917 ἐργά-

1922 1946 2140 1994 σωνται,
2189 1930 2305 1982 ἀλλ’
2357 1931 2443 1983 ἵνα
2491 1934 2604 1993 τοῖς
2655 1931 2927 2002 δεομένοις
2975 1932 3338 2004 χορηγῶνται.
3398 1934 3492 1985 Ἂν

1920 2017 2226 2086 ἀπάγωμεν
2259 2017 2485 2079 ἑαυτοὺς
2514 2017 2736 2071 ἐκείνων
2760 2018 2870 2069 τῶν
2909 2018 3197 2089 περιττῶν,
3224 2018 3493 2083 ἐπιτευξό-

1924 2104 2064 2174 μεθα
2090 2104 2199 2156 τῶν
2218 2104 2486 2175 οὐρανίων
2510 2104 2731 2171 ἀγαθῶν
2754 2120 2770 2135 ο
2800 2098 2875 2157 ὧν
2895 2106 3103 2171 γένοιτο
3114 2105 3320 2168 πάντας
3346 2107 3492 2175 ἡμᾶς

1920 2193 2215 2261 ἐπιτυχεῖν,
2242 2194 2300 2244 ἐν
2328 2192 2548 2263 Χριστῷ
2576 2190 2748 2261 Ἰησοῦ
2779 2194 2855 2263 τῷ
2883 2194 3262 2265 Κυρίῳὴμῶν,
3285 2195 3404 2264 μεθ’
3429 2188 3491 2249 οὗ

1914 2278 1996 2347 τῷ
2026 2279 2199 2349 Πατρὶ
2219 2279 2335 2348 ἅμα
2358 2278 2432 2348 τῷ
2448 2279 2588 2346 ἁγίῳ
2615 2278 2893 2347 Πνεύματι
2921 2278 3065 2343 δόξα,
3087 2280 3306 2348 κράτος,
3331 2280 3487 2350 τιμὴ,

1921 2364 2015 2418 νῦν
2052 2364 2147 2419 καὶ
2178 2365 2286 2432 ἀεὶ,
2311 2366 2403 2418 καὶ
2423 2367 2502 2429 είς
2531 2366 2656 2427 τοὺς
2676 2366 2874 2428 αἰῶνας
2897 2366 3005 2418 τῶν
3037 2365 3265 2419 αἰώνων.
3298 2368 3485 2438 Ἀμήν.

1696 2553 1942 2610 ΟΜΙΛῙΛ
1988 2550 2067 2607 Δ’.

240 2647 410 2722 μοι]
434 2648 535 2702 Διὰ
549 2646 737 2722 Δτοῦτο
760 2646 919 2722 κάγὼ
937 2649 1154 2722 μηκέτι
1184 2648 1704 2722 στέγωνηὲπεμψα
1732 2650 1819 2722 εις

319 2716 410 2772 τὸ’
460 2716 680 2788 γνῶναι
716 2716 1085 2788 τὴνίπίστιν
1140 2716 1324 2786 ὑμῶν,
1373 2718 1459 2788 μή
1518 2716 1640 2788 πως
1661 2717 1820 2771 ἐπεί-

309 2786 516 2858 ρασεν
544 2786 700 2855 ὑμᾶς
736 2786 1093 2858 όπειρὰζων,
1124 2789 1234 2858 ﬁxa)
1261 2791 1347 2852 είς
1370 2786 1548 2841 κενὸν
1576 2786 1820 2856 γένηται

318 2857 357 2913 ὁ
404 2858 591 2923 κόπος
643 2859 680 2925 ἠ
742 2857 763 2865 ’
817 2898 830 2910 .
899 2860 1053 2925 Ἄρτι
1108 2857 1177 2910 δὲ
1220 2860 1497 2923 ἐλθόντος
1546 2860 1819 2925 Τιμοθέου

318 2928 476 2981 πρὸς
497 2926 651 2981 ήιιᾶ(
993 2928 1088 2981 καί
1110 2927 1650 2981 εὐαγγελισαμένου
1678 2927 1819 2981 τἰιιῑν

707 2945 864 2997 ΞΡύμ

318 2928 476 2993 πρὸς
497 2926 651 2996 ἡμᾶς
668 2926 767 2997 ἀφ’
787 2927 969 2997 ὑμῶν,
993 2928 1088 2981 καί
1110 2927 1650 2997 εὐαγγελισαμένου
1678 2927 1821 2997 ἡμῖν

318 2998 442 3064 τὴν
500 2996 717 3050 πίστιν
749 2997 846 3050 καὶ
892 2996 1013 3067 τὴν
1059 2996 1295 3065 ἀγάπην
1350 2998 1551 3067 ὑμῶν,
1592 2996 1688 3050 καί
1731 2997 1819 3050 ὅτι

321 3068 497 3135 ἔχετε
536 3068 753 3136 μνείαν
790 3066 958 3136 ἡμῶν
1010 3067 1265 3120 πάντοτε
1312 3068 1562 3136 ἀγαθὴν,
1612 3067 1820 3119 ἐπιπο-

323 3137 578 3206 θοῦντες
606 3136 763 3206 ἡμᾶς
794 3137 942 3192 ίόεῖν
962 3177 976 3199 ,
1001 3136 1261 3204 καθάπερ
1307 3140 1404 3191 καί
1433 3138 1601 3205 ἡμεῖς
1628 3136 1783 3205 ὑμᾶς
1801 3151 1817 3167 ⁶

322 3206 424 3288 «ἳκξ
487 3205 663 3288 tofm
700 3207 1196 3288 περίεθψῖθημειτν
1235 3208 1521 3288 ,ἀδελφοιι
1560 3206 1652 3288 ἐφ’
1680 3206 1822 3288 ὐιέῖϊ

321 3276 426 3347 ἐπί
471 3276 638 3347 πάσῃ
688 3275 1165 3347 τῇίθλίψειίκαὶ
1216 3275 1445 3347 ἀνάγκη
1490 3275 1678 3346 ἡμῶν,
1721 3275 1821 3329 διὰ

319 3345 435 3415 τῆς
468 3345 656 3415 ὑμῶν,
682 3348 938 3412 πίστεως
957 3363 971 3376 ·
1006 3346 1094 3400 ὅτι
1131 3347 1247 3401 νῦν
1279 3345 1481 3417 ζῶμεν,
1515 3345 1625 3403 ἐὰν
1652 3348 1819 3416 ὑμεῖς

319 3416 587 3485 στήκητε
611 3417 680 3470 ἐν
708 3418 916 3484 Κυρίῳ.

317 3433 587 3485 armenta
611 3433 680 3470 εν
708 3433 916 3484 ιιυριῳ.

321 3584 397 3633 α’.
430 3580 655 3650 Ζήτημα
679 3578 963 3647 πρόκειται
992 3580 1227 3650 τήμερον
1272 3581 1403 3650 ἡμῖν
1431 3580 1581 3651 παρά
1606 3582 1817 3636 πολλῶν

246 3664 606 3735 ζητούμενον,
651 3667 745 3719 κα)⁸
776 3664 1101 3735 πολλαχόθεν
1139 3667 1545 3739 συλλεγόμενον.
1579 3668 1643 3721 Τί
1678 3670 1735 3723 δέ
1760 3671 1821 3724 τὸ

250 3752 487 3823 ζήτημά
508 3753 618 3805 ἐστι
640 3752 776 3818 ;Διὰ
788 3752 985 3818 τοῦτο,
1002 3754 1157 3822 φησὶ,
1177 3754 1813 3825 κάγὼμηκέτιστέγων,

248 3842 501 3909 ἔπεμψα
534 3842 808 3911 Τιμόθεον
833 3842 921 3905 είς
945 3842 1010 3893 τὸ
1035 3840 1251 3909 γνῶναι
1268 3845 1383 3910 τὴν
1408 3844 1615 3897 πίστιν
1632 3843 1814 3913 ὑμῶν.

248 3926 327 3981 Τί
379 3926 587 3995 λέγεις;
637 3929 666 3981 6
713 3925 952 3980 τοσαῦτα
990 3926 1163 3992 εἰδὼς,
1198 3929 1227 3980 6
1258 3928 1543 3999 ἀπόρρητα
1577 3930 1815 3993 ἀκούσας

246 4016 500 4084 ῥήματα,
557 4016 588 4068 6
642 4016 805 4085 μέχρι
829 4014 1014 4084 τρίτου
1060 4013 1297 4067 ἀνελθὼν
1346 4016 1613 4086 ούρανοῦ,
1662 4012 1817 4081 οὗτος

242 4104 358 4156 οὑκ
401 4100 544 4168 οἶδε,
596 4104 691 4157 καὶ
731 4107 788 4156 ἐν
828 4103 1077 4175 Ἀθήναις
1115 4104 1221 4170 ὢν;
1271 4106 1449 4159 καίτοι
1507 4107 1567 4158 οὑ
1622 4106 1815 4159 πολλοῦ

242 4191 409 4254 ὄντος
458 4190 553 4244 τοῦ
608 4191 1005 4262 διαστήματος,
1056 4192 1173 4245 οὑδὲ
1243 4192 1348 4263 πρὸ
1401 4192 1596 4246 πολλοῦ
1662 4211 1819 4263 χωρι-

246 4279 405 4342 σθεὶς
443 4278 624 4331 αὑτῶν
649 4296 664 4313 ο
706 4279 1271 4349 Ἀπορςρανισθέντες
1313 4279 1447 4350 γὰρ,
1494 4281 1678 4351 φησὶν,
1715 4283 1815 4351 ἀφ’

241 4366 423 4436 ὑμῶν
459 4366 608 4434 πρὸς
658 4368 865 4435 καιρὸν
902 4366 1078 4436 ὥρας.
1126 4367 1239 4420 Οὑκ
1263 4364 1370 4420 οἶδε
1397 4363 1489 4421 οὖν
1531 4371 1560 4421 ό
1584 4369 1817 4431 τοιοῦτος

240 4454 323 4508 τὰ
346 4454 803 4520 Θεσσαλονικέων,
838 4455 953 4507 ἀλλ’
978 4455 1341 4522 ἀναγκάζεται
1383 4455 1595 4524 πέμψαι
1644 4455 1814 4526 Τιμό-

245 4543 378 4595 θεον
402 4543 481 4604 είς
510 4541 573 4593 τὸ
597 4541 800 4609 γνῶναι
828 4541 925 4612 τὴν
938 4541 1119 4595 πίστιν
1141 4542 1319 4595 αὑτῶν
1342 4556 1357 4572 ο
1385 4543 1481 4617 Μή
1508 4560 1633 4607 πως
1654 4543 1813 4595 ἐπεί-

237 4644 444 4697 ρασεν
473 4628 649 4698 ὑμᾶς,
683 4631 867 4698 φησὶν,
905 4633 937 4684 ό
966 4628 1267 4697 πειράζων,
1294 4630 1391 4683 καί
1410 4633 1497 4695 εἰς
1517 4630 1695 4683 κενὸν
1722 4629 1816 4700 γέ-

244 4732 433 4780 νηται
472 4719 505 4769 ό
537 4719 723 4783 κόπος
759 4716 967 4786 mai»;
1016 4717 1081 4769 Τί
1123 4713 1214 4770 οὖν
1237 4718 1301 4772 ἄν
1329 4735 1415 4781 τις
1438 4717 1621 4784 εἴποις
1650 4718 1731 4771 ὃτι
1754 4717 1816 4771 οὑ

247 4801 435 4855 πάντα
461 4802 679 4873 ᾔδεισαν
703 4806 752 4856 οί
800 4804 945 4872 ἆγιοι
973 4820 987 4867 ;
1021 4804 1130 4858 Καὶ
1161 4805 1241 4858 ὃτι
1275 4806 1373 4859 οὑκ
1402 4806 1644 4879 ᾔδεισαν,
1684 4807 1815 4859 πολ-

245 4889 484 4959 λαχόθεν
530 4890 596 4944 ἀν
631 4907 716 4952 τις
747 4890 927 4960 μάθοι,
960 4892 1067 4945 ἀπό
1107 4908 1165 4945 τε
1194 4892 1302 4945 τῶν
1336 4893 1588 4964 πρώτων,
1622 4893 1730 4947 ἀπό
1756 4912 1815 4947 τε

245 4977 365 5029 τῶν
421 4977 559 5046 μετὰ
614 4975 823 5029 ταῦτα·
878 4977 1126 5051 καθάπερ
1182 4979 1483 5043 Ἐλισσαῖος
1534 4981 1663 5052 περὶ
1717 4982 1817 5049 τῆς

248 5062 511 5131 γυναικὸς
552 5064 785 5134 ἠγνόησε
811 5082 824 5095 ·
850 5065 1097 5136 καθάπερ
1135 5065 1319 5129 Ἠλίας
1360 5067 1509 5135 ἔλεγε
1554 5070 1689 5140 πρὸς
1725 5069 1817 5123 τὸν

252 5149 423 5202 Θεόν·
462 5150 603 5219 Ἐγὼ
642 5152 1018 5221 ὑπελείφθην
1043 5152 1262 5221 μόνος,
1300 5154 1396 5207 καί
1429 5152 1669 5221 ζητοῦσι
1706 5154 1817 5222 τὴν

251 5237 470 5306 ψυχήν
502 5255 640 5307 μου.
696 5239 796 5291 Διὰ
842 5239 999 5293 τοῦτο
1037 5240 1201 5311 ἤκουε
1248 5241 1402 5311 παρά
1426 5241 1519 5295 τοῦ
1554 5241 1708 5307 Θεοῦ,
1736 5243 1819 5297 ὅτι

247 5327 591 5383 Κατέλιπον
673 5328 906 5396 ἐμαυτῷ
994 5328 1487 5399 ἑπτακισχιλίους
1574 5331 1813 5401 ἄνδρας.

247 5412 525 5485 Καθάπερ
554 5416 583 5467 6
613 5413 864 5486 Σαμουὴλ
904 5414 1092 5481 πάλιν,
1132 5416 1296 5486 ἡνίκα
1320 5418 1595 5489 ἀπεστάλη
1632 5422 1817 5490 χρῖσαι

244 5500 344 5552 τὸν
376 5501 540 5555 Δαυῖδ
564 5518 578 5531 ·
610 5498 778 5565 Εἷπε,
825 5502 987 5571 φησὶ,
1033 5504 1245 5572 Κύριος
1285 5505 1433 5573 πρὸς
1474 5506 1692 5559 αὐτόν·
1720 5510 1814 5575 Μὴ

249 5589 521 5658 πρόσχες
577 5592 666 5655 είς
708 5589 823 5657 τὴν
876 5590 1021 5659 ὄψιν
1078 5591 1302 5657 αὐτοῦ,
1348 5592 1503 5662 μηδὲ
1551 5596 1637 5660 είς
1701 5595 1816 5661 τὴν

249 5675 389 5739 ἕξιν
413 5676 522 5731 τοῦ
540 5677 830 5747 μεγέθους
860 5678 1066 5744 αὐτοῦ,
1095 5680 1183 5734 ὅτι
1209 5680 1581 5745 ἑξουδένωκα
1609 5684 1811 5736 αὐτόν·

244 5763 345 5818 ὅτι
368 5767 481 5834 οὐχ
506 5766 587 5831 ὡς
610 5765 919 5835 ἄνθρωπος
936 5768 968 5822 6
976 5772 1142 5836 ψεται
1168 5772 1200 5822 ό
1216 5771 1380 5835 Ὁεός·
1407 5769 1494 5823 ὅτι
1510 5769 1815 5838 ἅνθρωπος

252 5851 467 5918 ὄψεται
478 5854 565 5917 είς
580 5854 923 5921 πρόσωπον,
944 5858 975 5909 ό
989 5856 1057 5909 δὲ
1071 5855 1214 5921 Θεὸς
1238 5859 1323 5920 εἰς
1356 5856 1626 5924 καρδίαν.
1647 5854 1816 5910 Τοῦτο

256 5939 313 5994 δὲ
340 5936 546 6009 γίνεται
578 5940 713 5996 κατά
750 5941 943 6015 πολλὴν
976 5942 1071 5997 τοῦ
1108 5942 1242 5999 Θεοῦ
1269 5943 1611 6016 κηδεμονίαν.
1694 5944 1817 6009 Πῶς

1918 2650 2012 2699 καὶ
2038 2647 2141 2699 τίνι
2169 2642 2388 2718 τρόπῳς
2418 2644 2600 2697 Αὐτῶν
2621 2662 2678 2697 τε
2701 2644 2884 2697 ἕνεκεν
2909 2646 3015 2698 τῶν
3038 2645 3227 2713 ἁγίων,
3261 2644 3354 2699 καὶ
3380 2645 3489 2699 τῶν

1918 2734 2279 2787 πιστευόντων
2300 2735 2501 2798 αὐτοις.
2525 2731 2789 2795 Καθάπερ
2817 2732 2925 2808 γὰρ
2945 2732 3220 2806 καὶδιωγμ
3233 2732 3326 2801 ob;
3352 2750 3483 2807 συγ-

1917 2824 2086 2892 χωρεῖ
2127 2821 2394 2889 γίνεσθαι,
2439 2821 2614 2885 οὑτως
2655 2824 2850 2887 αὑτοὺς
2881 2828 3155 2894 συγχωρεῖ
3184 2825 3355 2879 πολλὰ
3386 2828 3483 2880 καὶ

1917 2907 2150 2975 ἀγνοεῖν,
2184 2907 2269 2960 ἵνα
2304 2909 2791 2963 καταστέλλωνται.
2846 2912 2943 2964 Διά
2971 2911 3127 2964 τοῦτο
3158 2913 3253 2964 καὶ
3278 2913 3488 2979 Παῦλος

1917 2990 2098 3061 ἔλεγεν
2122 3010 2136 3023 ο
2153 2993 2355 3061 Ἐδόθη
2368 3012 2469 3062 μοι
2490 2998 2731 3065 σκόλοψ
2745 2994 2817 3063 τῇ
2835 2998 3489 3068 σαρκίργγελοςΣατᾶν

1917 3079 2017 3131 ἵνα
2052 3096 2122 3147 με
2149 3080 2466 3148 κολαφίζῃ,
2504 3081 2589 3134 ἵνα
2625 3083 2698 3153 μὴ
2728 3083 3107 3154 ὑπεραίρωμαι
3128 3100 3140 3112 ’
3177 3086 3270 3139 καὶ
3304 3086 3486 3153 πάλιν,

1920 3169 2007 3223 ἴνα
2043 3172 2132 3223 καὶ
2158 3173 2205 3223 οί
2234 3170 2383 3223 ἄλλοι
2412 3172 2487 3243 μὴ
2512 3172 2724 3243 μεγάλα
2753 3174 2879 3245 περὶ
2908 3173 3069 3226 αὑτὸν
3091 3172 3485 3242 φαντάζωνται.

1916 3258 1979 3311 Εἰ
2008 3258 2112 3331 γάρ
2147 3260 2254 3312 ἀπὸ
2302 3260 2543 3330 σημείων
2587 3260 2741 3325 θεοὺς
2792 3263 2989 3325 αὑτοὺς
3035 3258 3172 3316 εἶναι
3205 3263 3482 3334 ἐνόμισαν,

1917 3348 2095 3419 πολλῷ
2118 3349 2339 3419 μᾶλλον,
2365 3351 2414 3401 εἰ
2436 3350 2727 3413 διαπαντὸς
2751 3351 3017 3420 ἐπέμενον
3049 3351 3115 3405 τὰ
3143 3352 3320 3404 πάντα
3352 3353 3489 3405 εἰδό-

1915 3453 2023 3499 τες.
2056 3436 2167 3490 Καὶ
2190 3437 2349 3491 τοῦτο
2378 3437 2472 3490 καὶ
2510 3438 2672 3500 αὑτὸς
2701 3438 2862 3491 πάλιν
2895 3438 3056 3508 φησίν
3077 3455 3091 3469 ο
3119 3438 3252 3493 Ἵνα
3281 3438 3365 3508 μή
3399 3456 3488 3505 τις

1916 3526 2003 3589 είς
2022 3522 2125 3593 ἐμὲ
2145 3526 2459 3593 λογίσηται
2482 3523 2634 3591 ὑπὲρ
2663 3524 2693 3577 ὃ
2712 3525 2929 3588 βλέπει
2950 3543 3043 3594 με,
3066 3526 3105 3594 ἢ
3124 3527 3326 3581 ἀκούει
3346 3545 3397 3580 τι
3417 3527 3488 3591 ἐξ

1919 3611 2067 3685 ί452]
2105 3612 2271 3682 ἐμοῦ.
2317 3615 2427 3667 Καὶ
2458 3614 2621 3668 πάλιν
2664 3616 2824 3669 ἄκουε
2859 3613 2950 3667 τοῦ
2981 3615 3186 3685 Πέτρου
3218 3614 3487 3682 λέγοντος,

1916 3701 2078 3769 ἡνίκα
2101 3702 2191 3754 τὸν
2214 3701 2386 3771 χωλὸν
2415 3702 2749 3772 ἐθεράπευσε
2770 3720 2783 3733 ·
2818 3704 2877 3756 Τί
2909 3702 3054 3772 ἡμῖν
3089 3702 3376 3763 ἀτενίζετε
3408 3704 3489 3769 ὡς

1921 3786 2038 3853 ἰδίᾳ
2082 3785 2330 3855 δυνάμει
2368 3786 2407 3855 ἢ
2458 3790 2731 3859 εὐσεϐείᾳ
2764 3788 2939 3844 τοῦτο
2984 3790 3342 3858 πεποιηκόσι
3380 3789 3487 3844 τοῦ

1920 3873 2260 3940 περιπατεῖν
2282 3876 2496 3938 αὐτόν;
2529 3873 2587 3927 Et
2624 3874 2679 3927 δὲ
2713 3876 2805 3929 καὶ
2834 3876 3011 3930 αὑτῶν
3038 3875 3194 3929 τοῦτο
3223 3876 3489 3945 λεγόντων

1918 3958 2013 4010 καὶ
2043 3961 2356 4023 ποιούντων,
2386 3961 2533 4027 ὅμως
2557 3963 2648 4013 καὶ
2673 3962 2780 4014 ἀπὸ
2811 3964 2917 4015 τῶν
2938 3964 3131 4032 ὀλίγων
3157 3966 3249 4018 καὶ
3275 3966 3487 4035 μικρῶν

1916 4044 2087 4108 οὕτως
2138 4046 2410 4099 ἐτίκτοντο
2462 4047 2705 4100 ὑπόνοιαι
2756 4051 3008 4121 πονηραὶ,
3066 4050 3244 4120 πολλῷ
3292 4051 3489 4122 μᾶλλον

1917 4132 2025 4185 ἀπὸ
2068 4131 2177 4186 τῶν
2219 4132 2488 4203 μεγάλων.
2552 4135 2664 4188 Καὶ
2711 4135 2774 4187 δι’
2818 4137 3003 4206 ἓτερον
3052 4137 3107 4189 δέ
3153 4138 3325 4191 ταῦτα
3366 4156 3489 4191 συν-

1917 4222 2197 4290 εχωρεῖτο.
2229 4220 2343 4272 Ἵνα
2364 4219 2473 4290 γὰρ
2513 4222 2585 4290 μή
2620 4238 2703 4284 τις
2733 4221 2829 4292 ἔχῃ
2876 4223 3076 4291 λέγειν,
3111 4224 3191 4275 ὅτι
3240 4225 3361 4293 οὐχὶ
3391 4225 3487 4277 ἀν-

1918 4299 2124 4369 θρωποι
2173 4300 2322 4363 ὄντες
2367 4302 2735 4371 κατώρθωσαν
2781 4304 2924 4374 άπερ
2968 4304 3357 4375 κατώρθωσαν,
3394 4307 3489 4360 καὶ

1916 4388 2057 4440 οὑτω
2088 4388 2288 4451 πάντες
2317 4387 2495 4442 ὕπτιοι
2528 4390 2804 4457 γίνωνται,
2831 4391 2919 4444 διὰ
2949 4392 3105 4445 τοῦτο
3128 4392 3364 4446 δείκνυσι
3395 4394 3489 4446 καὶ

1916 4475 2109 4537 αὐτοὺς
2142 4474 2300 4537 ὄντας
2331 4475 2390 4526 ἐν
2425 4474 2697 4547 ἀσθενείᾳ,
2738 4478 2823 4529 ἵνα
2857 4477 2967 4529 τῶν
3000 4478 3332 4548 ἀγνωμονεῖν
3361 4479 3486 4549 βου-

1916 4559 2157 4630 λομένων
2184 4562 2362 4613 πᾶσαν
2391 4561 2603 4634 ἐγκόψῃ
2646 4564 3026 4633 ἀναισχυντίας
3061 4565 3353 4633 πρόφασιν.
3388 4568 3489 4620 Διά

1915 4646 2073 4699 τοῦτο
2122 4646 2325 4715 ἀγνοεῖ,
2357 4648 2446 4702 διὰ
2493 4648 2653 4702 τοῦτο
2702 4650 2795 4703 καὶ⁵
2847 4651 3105 4716 πολλάκις
3153 4653 3489 4726 προθέμενος

1916 4733 2014 4786 οὑκ
2044 4733 2280 4803 ἔρχεται,
2308 4735 2395 4788 ἵνα
2430 4737 2670 4806 μάθωσιν
2703 4739 2784 4791 ὅτι
2831 4738 2999 4792 πολλά
3042 4742 3142 4793 οὑκ
3187 4736 3314 4797 οἶδε.
3343 4741 3487 4794 Πολὺ

1916 4811 2010 4869 οῦν
2035 4816 2099 4871 ἐκ
2132 4819 2321 4870 τούτου
2349 4819 2411 4871 τὸ
2441 4820 2631 4891 κέρδος
2658 4816 2744 4892 ἦν.
2772 4817 2848 4874 Ἦ
2876 4822 2983 4893 γάρ
3011 4822 3075 4875 ἂν
3104 4818 3242 4894 ἦσαν
3272 4822 3353 4876 ἐτι
3393 4824 3488 4877 καὶ

1915 4902 2059 4957 οῦτω
2090 4904 2338 4973 λέγοντές
2370 4925 2534 4971 τινες,
2563 4908 2643 4961 ὅτι
2692 4902 2858 4973 Οὗτός
2888 4910 3033 4964 ἐστιν
3067 4913 3100 4982 ἡ
3139 4910 3365 4981 δύναμις
3391 4912 3486 4964 τοῦ

1916 4991 2050 5045 Θεοῦ
2097 4993 2130 5063 ἡ
2175 4995 2406 5064 μεγάλη,
2439 4997 2532 5050 καὶ
2584 4997 2732 5053 ἄλλοι
2759 5000 2923 5064 τινὲς,
2944 5001 3025 5054 ὅτι
3065 5001 3123 5053 '0
3155 5001 3300 5053 δεῖνα
3331 5000 3421 5053 καὶ
3458 5000 3486 5052 6

1916 5077 2082 5133 δεῖνα.
2129 5080 2193 5132 El
2240 5079 2315 5152 μὴ
2342 5081 2511 5136 ταῦτα
2558 5083 2824 5151 ἐγένοντο,
2859 5089 2911 5138 τί
2958 5087 3058 5139 οὑκ
3107 5085 3173 5139 ἂν
3201 5089 3484 5157 ἐνομισαν;

1933 5165 2194 5219 Ἐνταῦθα
2234 5167 2291 5220 δέ
2338 5168 2485 5222 δοκεῖ
2528 5171 2712 5239 μέντοι
2750 5168 2888 5226 εἶναι
2932 5173 3112 5226 αὑτῶν
3148 5172 3484 5243 κατηγορία⁸

1918 5250 1999 5321 τῷ
2033 5252 2089 5305 δὲ
2123 5254 2364 5323 ἀκριϐῶς
2396 5258 2683 5313 σκοποῦντι
2711 5259 2804 5313 καὶ
2835 5259 2967 5313 πολὺ
3011 5258 3070 5311 τὸ
3102 5258 3284 5329 θαῦμα
3310 5259 3487 5316 αὑτῶν

1918 5339 2191 5409 ἐμφαίνει,
2218 5344 2312 5394 καὶ
2342 5342 2451 5395 τῶν
2482 5347 2799 5415 πειρασμῶν
2826 5347 2859 5417 η
2888 5345 3162 5417 ὑπερϐολὴ
3192 5346 3484 5400 δείκνυται.

1918 5425 2064 5490 Πῶς,
2087 5427 2338 5497 πρόσεχε.
2364 5429 2429 5483 El
2450 5429 2558 5500 γάρ
2585 5435 2840 5501 προεῖπες
2860 5433 3041 5496 αὑτοῖς
3060 5433 3160 5497 ὃτι,
3187 5434 3290 5498 Είς
3312 5432 3488 5487 τοῦτο

1917 5514 2178 5582 κείμεθα,
2195 5515 2288 5569 καὶ
2308 5516 2510 5588 Μηδεὶς
2531 5518 2880 5589 θορυϐείσθω,
2894 5521 2947 5574 τί
2960 5520 3119 5574 πάλιν
3137 5521 3374 5591 πέμπεις
3396 5522 3488 5574 τὸν

1916 5600 2197 5670 Τιμόθεον,
2219 5602 2405 5674 ὥσπερ
2420 5604 2669 5669 δεδοικὼς
2692 5608 2764 5677 μή
2783 5625 2835 5659 τι
2855 5608 3075 5678 γένηται
3092 5601 3166 5661 ὧν
3191 5608 3249 5659 οὑ
3276 5608 3482 5678 βούλει;

1915 5687 2084 5742 Τοῦτο
2117 5689 2214 5760 μὲν
2242 5687 2333 5745 οῦν
2358 5692 2466 5745 ἀπὸ
2492 5693 2694 5763 πολλῆς
2726 5695 2945 5765 ἀγάπης
2967 5699 3142 5749 ποιεῖ’
3173 5697 3223 5749 οἱ
3253 5696 3360 5767 γὰρ
3393 5714 3481 5765 φι-

1915 5772 2132 5838 λοῦντες
2160 5778 2251 5830 καὶ
2273 5776 2340 5831 τὰ
2368 5779 2581 5851 ἀσφαλῆ
2604 5781 2998 5835 ὑποπτεύουσιν
3027 5783 3132 5837 ἀπὸ
3156 5784 3253 5854 τῆς
3282 5782 3483 5855 πολλῆς

1917 5861 2281 5932 θερμότητος·
2310 5865 2466 5919 τοῦτο
2506 5866 2562 5919 δὲ
2608 5867 2716 5921 ἀπὸ
2748 5868 2855 5922 τῶν
2892 5869 3099 5922 πολλῶν
3140 5871 3477 5940 πειρασμῶν.

1917 5941 2085 6006 Εἶπον
2120 5952 2221 6019 μὲν
2246 5950 2373 6021 γάρ,
2400 5953 2480 6006 ὅτι
2507 5954 2608 6022 Είς
2647 5954 2820 6011 τοῦτο
2859 5958 3093 6026 κείμεθα
3112 5976 3124 5989 -
3154 5961 3184 6028 ἡ
3212 5958 3269 6011 δὲ
3308 5959 3483 6028 ὑπερ-
