3964 6544
427 413 605 525 Nil?

475 526 615 598 ϐολὴ
642 526 751 580 τῶν
799 525 984 579 κακῶν
1010 524 1244 593 ἐφόϐησέ
1285 541 1373 594 με.
1402 524 1492 577 Διὸ
1522 525 1620 576 οὐκ
1651 517 1922 587 εἷπεν,ὃτι
1948 522 2066 573 Κα-

478 614 713 681 ταγνοὺς
759 613 912 683 ὑμῶν
934 611 1267 676 ἀποστέλλω,
1301 610 1697 678 ἁλλὰ,Μηκέτι
1736 609 1996 677 στέγων⁸
2033 606 2062 660 ὃ

455 676 466 770 ί
487 676 894 770 μᾶλλονφιλίας
920 693 1006 766 ἦν.
1034 699 1099 750 Τί
1125 700 1264 758 ἐστι.
1287 698 1381 764 Μή
1403 714 1528 764 πως
1556 676 2068 766 ἐπείρασενὺμᾶς

476 791 518 840 ὀ
539 783 867 852 πειράζων;
897 786 1058 855 Ὁρᾷς
1081 785 1162 838 ὅτι
1193 787 1252 838 τὸ
1279 787 1336 838 ἐν
1360 787 1478 848 ταῖς
1509 783 1719 853 θλίψεσι
1746 780 2068 836 σαλεύεσθαι

481 870 790 924 διαϐολικόν
825 872 965 932 ἐστι,
984 871 1081 925 καὶ
1107 873 1203 942 τῆς
1229 871 1440 925 ἐκείνου
1468 870 1863 943 παρατροπήςς
1896 870 2068 923 Ὅταν

485 960 593 1028 γὰρ
625 959 772 1028 ἡμᾶς
805 958 1004 1021 αὐτοὺς
1047 957 1121 1030 μὴ
1167 958 1390 1030 δυνηθῇ,
1423 958 1622 1029 ἑτέρως
1653 956 1720 1011 δι’
1749 955 1907 1026 ἡμῶν
1944 956 2070 1017 τοὺς

485 1045 911 1114 ἀσθενεστέρους
963 1044 1333 1116 παρασαλεύει
1358 1061 1372 1074 ⁸
1427 1045 1566 1115 ὅπερ
1624 1043 2070 1112 ὑπερϐαλλούσης

485 1131 767 1195 ἀσθενείας
789 1132 928 1196 ἐστὶ,
952 1132 1046 1185 καὶ
1063 1131 1321 1202 οὐδεμίαν
1342 1131 1572 1202 ἐχούσης
1592 1130 1908 1198 ἀπολογίαν·
1933 1129 2069 1182 καθ-

487 1226 632 1294 άπερ
659 1221 752 1274 ἐπὶ
774 1220 868 1274 τοῦ
899 1219 1020 1274 Ἰὼϐ
1062 1222 1349 1292 πεποίηκε,
1386 1222 1487 1290 τὴν
1513 1222 1747 1288 γυναῖκα
1771 1218 2068 1289 διεγείρας*

484 1306 633 1361 Εἰπέ
669 1324 726 1360 τι
769 1306 957 1376 ῥῆμα,
999 1309 1155 1377 φησὶ,
1185 1310 1333 1376 πρὸς
1379 1309 1620 1374 Κύριον,
1658 1307 1757 1360 καὶ
1799 1306 2069 1359 τελεύτα.

387 1387 398 1395 ’
495 1393 604 1445 Ἴδε
637 1392 752 1456 πῶς
785 1392 954 1463 αὑτὴν
1000 1394 1279 1464 ἐπείρασε.
1310 1395 1409 1448 Διὰ
1453 1394 1506 1448 τί
1543 1394 1600 1448 δὲ
1633 1393 1707 1465 μὴ
1737 1388 1911 1457 εἶπεν,
1941 1393 2072 1446 ἐσά-

430 1513 437 1522 ί
489 1481 703 1545 λευσεν,
752 1481 890 1547 ἀλλ’,
953 1482 1339 1550 Ἐπείρασεν;
1379 1483 1505 1536 Ὀτι
1559 1481 1831 1547 τοσοῦτον,
1884 1483 2069 1550 φησὶν,

493 1569 826 1622 ὑπώπτευσα
858 1567 1038 1638 μόνον,
1067 1571 1190 1623 ὅσον
1240 1569 1603 1640 πειρασθῆναι
1654 1569 1829 1638 ὑμᾶς·
1869 1568 1932 1621 οὑ
1965 1569 2072 1638 γάρ

488 1656 556 1729 δὴ
584 1657 682 1726 τὴν
724 1660 918 1727 πεῖραν
957 1657 1123 1710 αὑτοῦ
1158 1657 1316 1712 σάλον
1344 1657 1520 1710 καλεῖ.
1563 1657 1619 1710 '0
1652 1657 1761 1728 γὰρ
1785 1655 2072 1727 δεχόμενος

491 1742 657 1798 αὑτοῦ
687 1743 784 1816 τὴν
829 1743 1152 1816 προσϐολὴν,
1181 1743 1469 1815 ἐσαλεύθη.
1511 1743 1714 1797 Βαϐαὶι
1750 1744 1889 1815 πόση
1924 1743 2074 1811 φιλοο

497 1831 722 1901 στοργία
751 1831 842 1884 τοῦ
879 1830 1091 1884 Παύλου
1112 1848 1126 1862 ο
1158 1833 1258 1884 οὑκ
1292 1830 1484 1900 ἔμελεν
1525 1831 1676 1902 αύτῷ
1702 1829 1810 1884 τῶν
1843 1829 2074 1900 θλίψεων

493 1917 615 1971 οὑδὲ
639 1918 750 1971 τῶν
779 1914 1102 1974 ἐπιϐουλῶν.
1130 1913 1298 1988 Οἶμαι
1332 1920 1441 1989 γὰρ
1479 1917 1638 1972 αὑτὸν
1666 1919 1781 1970 ἐκεῖ
1813 1917 1934 1970 τότε
1973 1933 2074 1987 με-

500 2007 794 2078 μενηκέναι
814 2022 828 2037 ο
857 2006 1110 2075 καθάπερ
1144 2006 1309 2076 φησὶν
1332 2007 1360 2058 ὁ
1393 2007 1627 2071 Λουκᾶς,
1653 2007 1734 2059 ὅτι
1763 2006 1820 2058 ἐν
1847 2007 1913 2075 τῇ
1953 2004 2074 2058 Ἐλ-

498 2093 620 2146 λάδι
668 2093 848 2163 ἔμεινε
899 2091 1183 2162 τρίμηνον,
1225 2092 1526 2164 γενομένης
1583 2091 1733 2163 αὑτῷ
1784 2092 2074 2163 ἐπιϐουλῆς

501 2181 607 2234 ὑπὸ
634 2179 742 2233 τῶν
788 2179 1078 2234 Ἰουδαίων.
1755 2181 1760 2186 ’
1955 2245 1960 2248 μ

572 2268 637 2338 β’.
653 2268 766 2320 Ούκ
782 2266 971 2336 ἔμελεν
987 2263 1080 2320 οὖν
1095 2265 1244 2336 αὑτῷ
1257 2264 1366 2319 τῶν
1391 2264 1667 2327 κινδύνων,
1685 2263 1818 2318 ἀλλὰ
1834 2263 1942 2317 τῶν
1973 2280 2077 2334 μαο

501 2355 896 2426 θητευομένων.
932 2354 1094 2425 Ὁρᾷς
1133 2355 1216 2407 ὅτι
1247 2353 1423 2407 πάντα
1451 2352 1677 2420 φυσικὸν
1703 2351 1913 2422 πατέρα
1933 2368 2075 2421 παρ-

499 2441 782 2513 εληλύθει;
826 2441 1018 2511 Ἡμεῖς
1051 2441 1150 2511 μὲν
1177 2442 1284 2510 γὰρ
1317 2441 1376 2492 ἐν
1441 2441 1564 2502 ταῖς
1606 2438 1817 2508 θλίψεσι
1847 2439 2076 2502 καὶτοῖς

501 2529 652 2602 [455]
700 2528 966 2591 κινδύνοις
1023 2529 1241 2581 πάντων
1279 2526 1379 2596 τὴν
1431 2527 1655 2596 μνήμην
1704 2524 2073 2594 ἐκϐάλλομεν·

497 2617 659 2679 αὐτὸς
699 2615 756 2668 δὲ
807 2614 979 2678 οὑτως
1038 2613 1294 2666 ἐδεδοίκει
1345 2614 1439 2666 καὶ
1495 2612 1726 2682 ἐτρεμεν
1773 2610 1911 2682 ὑπὲρ
1966 2611 2077 2663 τῶν

499 2701 725 2765 παίδων,
759 2700 834 2762 ὼς
865 2702 961 2754 καὶ
1002 2698 1061 2753 ὃν
1104 2699 1264 2770 μόνον
1308 2695 1423 2769 εἶχε
1458 2699 1828 2769 παραμυθίαν,
1863 2698 1952 2750 τὸν
1983 2697 2078 2750 Τι-

501 2786 692 2858 μόθεον
718 2789 812 2840 καὶ
855 2786 1108 2840 κοινωνὸν
1139 2788 1234 2839 καὶ
1268 2786 1549 2856 συνεργὸν,
1575 2785 1765 2838 τοῦτον
1805 2787 1863 2838 ἐν
1892 2785 2077 2848 αὐτοῖς

499 2877 608 2937 τοῖς
643 2873 905 2936 κινδύνοις
935 2873 1145 2942 πέμψαι
1178 2873 1314 2943 πρὸς
1339 2872 1556 2935 αὑτούς.
1599 2873 1710 2927 Kal
1756 2874 1847 2938 είς
1873 2871 2073 2937 κενὸν,

500 2962 656 3031 φησὶ,
693 2960 937 3028 γένηται
979 2963 1011 3012 ό
1045 2960 1232 3026 κόπος
1266 2958 1453 3028 ἡμῶν.
1497 2961 1598 3013 Διά
1630 2960 1715 3025 τίς
1756 2961 1804 3012 εί
1844 2959 1952 3031 γὰρ
1983 2959 2077 3013 καὶ

500 3048 952 3120 παρετράπησαν,
977 3047 1035 3098 οὑ
1067 3049 1220 3118 παρὰ
1239 3048 1337 3120 τήν
1367 3047 1466 3119 σήν
1490 3047 1690 3112 αἰτίαν,
1716 3048 1775 3100 οὑ
1807 3047 1957 3118 παρὰ
1979 3048 2078 3118 τήν

502 3136 603 3204 σὴν
657 3132 952 3204 ῥᾳθυμίαν.
1001 3133 1142 3186 Ἀλλ’
1173 3134 1322 3204 ὅμως
1371 3136 1464 3188 καὶ
1509 3133 1715 3188 τούτων
1763 3133 1954 3199 ὅντων,
1988 3151 2081 3187 κε-

503 3219 770 3276 κενῶσθαί
804 3237 894 3290 μοι
922 3220 1013 3272 τὸν
1037 3220 1203 3273 κόπον
1234 3221 1439 3290 νομίζω
1470 3221 1577 3274 ἀπὸ
1608 3222 1709 3292 τῆς
1738 3220 1938 3290 πολλῆς
1959 3222 2080 3290 φιλ·

502 3307 780 3376 αδελφίας.
821 3307 915 3374 Μή
963 3322 1087 3372 πως
1150 3305 1474 3374 ἐπείρασεν
1515 3307 1670 3376 ὑμᾶς
1699 3310 1732 3360 ό
1773 3306 2076 3376 πειράζων.

505 3394 760 3467 Πειράζει
784 3393 840 3447 δὲ
865 3395 963 3448 οὑκ
993 3393 1148 3456 εἰδὼς
1180 3396 1228 3446 εί
1263 3395 1578 3449 καταϐαλεῖ.
1605 3391 1720 3449 Εἶτ’
1748 3398 1951 3460 ἐκεῖνος
1979 3396 2079 3467 μὲν

505 3484 602 3537 καὶ
645 3483 720 3546 ὡς
771 3483 871 3535 οὑκ
919 3480 1074 3545 εἰδὼς
1117 3482 1429 3553 ἐπέρχεται,
1458 3485 1619 3554 ἡμεῖς
1650 3484 1710 3538 δὲ
1759 3484 1959 3548 εἰδότες
1995 3486 2079 3538 ὅτι

507 3571 710 3642 σφόδρα
748 3569 910 3622 αὑτοῦ
942 3570 1325 3641 περιεσόμεθα,
1347 3571 1407 3624 οὑ
1441 3573 1713 3642 νήφομεν;
1741 3572 1863 3625 Ὅτι
1897 3571 1953 3624 δέ
1980 3573 2080 3625 οὑκ

446 3719 449 3723 _
505 3659 657 3720 εἰδὼς
687 3659 821 3726 ἡμῖν
863 3656 1192 3726 προσϐάλλει
1221 3671 1268 3721 α,
1305 3658 1400 3710 ἐπὶ
1452 3659 1545 3712 τοῦ
1610 3659 1728 3712 Ἰὼϐ
1788 3659 2076 3731 ἐδήλωσεν.

507 3746 697 3812 Ἔλεγε
719 3745 822 3816 γὰρ
857 3744 992 3813 πρὸς
1021 3744 1110 3796 τὸν
1141 3743 1272 3796 Θεὸν
1298 3745 1327 3796 ό
1355 3747 1587 3816 πονηρὸς
1612 3746 1818 3809 ἐκεῖνος
1840 3747 2044 3818 δαίμων
2063 3764 2076 3776 ·

499 3835 582 3886 Οὐ
610 3831 692 3885 σὺ
727 3830 1121 3899 περιέφραξας
1168 3831 1354 3886 αὐτοῦ
1405 3833 1475 3886 τὰ
1517 3833 1638 3884 ἑσω
1687 3834 1785 3886 καὶ
1831 3836 1902 3888 τὰ
1929 3835 2078 3900 ἐξω;

504 3919 750 3984 Περίελε
795 3918 980 3970 αὐτοῦ
1012 3920 1080 3970 τὰ
1107 3919 1482 3988 ὑπάρχοντα⁸
1511 3916 1549 3988 ἦ
1568 3920 1696 3988 μὴν
1730 3925 1818 3988 είς
1849 3923 2080 3990 πρόσω-

505 4011 624 4060 πόν
674 4023 746 4060 σε
797 4006 1139 4073 εὐλογήσει.
1182 4009 1457 4079 Πειράζει.
1493 4009 1590 4062 Ἂν
1625 4009 1708 4081 ἴδῃ
1737 4028 1788 4062 τι
1834 4011 2078 4077 ἀσθενὲς,

504 4094 892 4166 ἐπεχείρησεν·
926 4091 991 4144 ἂν
1046 4093 1283 4162 ἰσχυρὸν,
1331 4093 1562 4164 ἀπέστη.
1595 4095 1704 4148 Καὶ
1745 4099 1832 4161 εὶς
1876 4099 2075 4159 κενὸν,

504 4181 660 4251 φησὶ,
682 4179 924 4249 γένηται
948 4182 981 4232 ό
1008 4182 1197 4244 κόπος
1224 4178 1409 4248 ἡμῶν.
1445 4179 1791 4251 Ἀκούσωμεν
1819 4182 2076 4250 ἅπαντες,

503 4268 622 4331 πῶς
663 4266 899 4336 ἔκαμνεν
946 4268 974 4319 ό
1012 4267 1244 4330 Παῦλος.
1293 4268 1406 4320 Οὑκ
1440 4263 1612 4334 εἶπεν,
1661 4269 1842 4340 ἔργον,
1868 4272 1980 4324 ἀλλ’
2024 4275 2077 4327 '0

500 4357 708 4420 κόπος-⁸
726 4355 824 4406 οὑκ
839 4348 980 4416 εἶπε,
1004 4353 1096 4406 καὶ
1113 4354 1269 4424 ὑμεῖς
1286 4354 1571 4408 ἀπολεῖσθε
1585 4355 1634 4420 ί),
1647 4355 1782 4421 ἀλλ’,
1808 4359 1868 4412 '0
1892 4361 2078 4427 κόπος

499 4442 690 4511 ἡμῶν.
722 4442 882 4493 Ὥστε
917 4443 965 4493 εί
998 4441 1092 4494 καὶ
1122 4441 1318 4512 συνέϐη
1350 4460 1422 4504 τι.
1442 4443 1590 4508 εἰκὸς
1624 4444 1862 4514 ἐγίνετο·
1891 4449 2077 4520 ἐπειδὴ

500 4529 559 4581 δέ
585 4529 644 4581 ού
669 4528 897 4603 συνέϐη,
920 4528 1052 4580 πολὺ
1085 4528 1145 4580 τὸ
1177 4528 1379 4598 θαῦμα.
1404 4530 1588 4584 Ταῦτα
1621 4531 1720 4602 μὲν
1748 4533 2078 4606 προσεδοκή-

504 4632 698 4684 σαμεν,
739 4616 924 4685 φησὶν,
956 4614 1114 4685 ἐξέϐη
1150 4614 1206 4667 δὲ
1257 4617 1326 4669 τά
1374 4616 1624 4671 ἐναντία*
1663 4618 1725 4672 ού
1774 4619 1882 4690 γὰρ
1918 4621 2076 4692 μόνον

501 4703 818 4774 προσθήκην
851 4701 1080 4769 θλίψεως
1131 4702 1389 4773 οὐδεμίαν
1429 4707 1558 4777 παρ’
1589 4706 1740 4777 ὑμῶν
1788 4709 2073 4779 ἐλάϐομεν,

499 4789 636 4842 ἀλλὰ
666 4791 758 4842 καὶ
787 4788 1149 4859 παράκλησιν.
1180 4791 1334 4858 Ἄρτι
1360 4791 1428 4843 δὲ
1456 4793 1742 4860 ἐλθόντος
1777 4797 2072 4866 Τιμοθέου,

499 4878 654 4946 φησὶ,
684 4876 834 4944 πρὸς
857 4875 1013 4944 ἡμᾶς
1045 4877 1147 4946 ἀφ’
1176 4875 1364 4946 ὑμῶν,
1390 4881 1491 4934 καί
1527 4883 2074 4954 εὐαγγελισαμένου

499 4963 642 5031 ἡμῖν
694 4965 810 5031 τὴν
854 4964 1082 5028 πίστιν,
1131 4965 1229 5017 καὶ
1272 4966 1387 5034 τὴν
1433 4966 1675 5038 ἀγάπην
1729 4974 1915 5041 ὑμῶν.
1960 4976 2071 5028 Καὶ

495 5051 1064 5121 εὐαγγελισαμένου,
1117 5053 1304 5122 φησίν.
1365 5055 1528 5128 Ὁρᾷς
1573 5058 1672 5128 τὴν
1718 5061 2072 5134 περιχάρειαν

495 5138 739 5204 Παύλου;
768 5139 881 5192 Οὑκ
919 5135 1094 5203 εἶπεν,
1122 5139 1577 5212 ἀπαγγείλαντος,
1611 5146 1749 5212 ἀλλ’,
1775 5149 2072 5219 Εὑαγγελι-

495 5227 760 5297 σαμένου·
806 5227 1058 5281 τοσοῦτον
1107 5228 1310 5296 ἀγαθὸν
1346 5232 1532 5301 ἡγεῖτο
1581 5234 1680 5305 τὴν
1729 5237 1953 5291 ἐκείνων
1983 5237 2070 5309 βε-

493 5312 720 5368 ϐαίωσιν
748 5315 842 5368 καὶ
882 5316 980 5386 τήν
1009 5315 1250 5387 ἀγάπην.
1289 5317 1525 5392 Ἀνάγκη
1570 5321 1677 5389 γὰρ
1727 5324 1940 5394 ἐκείνης
1979 5324 2071 5395 βε-

485 5396 652 5466 ϐαίας
705 5404 969 5474 μενούσης
1034 5405 1128 5458 καὶ
1190 5404 1392 5476 ταύτην
1445 5408 1785 5478 ἐστηρίχθαι.
1837 5411 1946 5464 Καὶ
2001 5415 2066 5484 τῇ

489 5492 680 5562 ἀγάπη
711 5491 768 5543 δὲ
815 5491 994 5544 αὑτῶν
1036 5491 1275 5563 ἔχαιρεν,
1318 5494 1400 5546 ὅτι
1441 5497 1664 5564 σημεῖον
1693 5497 1790 5566 τῆς
1833 5498 2069 5564 πίστεως

488 5571 577 5646 ἦν,
606 5576 710 5629 Kal
733 5575 822 5629 ὅτι
840 5577 1028 5645 ἔχετε,
1056 5579 1212 5648 φησὶ,
1236 5579 1452 5648 μνείαν
1475 5580 1645 5650 ἡμῶν
1671 5583 1903 5652 ἀγαθὴν
1917 5585 2066 5639 πάν-

492 5679 624 5716 τοτε
649 5664 1078 5731 ἐπιποθοῦντες
1109 5665 1271 5734 ἡμᾶς
1296 5666 1463 5731 ἰδεῖν,
1486 5667 1751 5737 καθάπερ
1777 5671 1874 5724 καὶ
1897 5673 2066 5743 ἡμεῖς

555 5786 581 5851 ξι
607 5783 690 5851 $ic
709 5790 983 5851 qprrqctgm
1008 5798 1069 5835 ex
1093 5785 1250 5848 Colb.,
1280 5801 1385 5851 pro,
1420 5790 1691 5851 προϐάλλει.
1722 5792 1844 5843 Εοιτ.

553 5843 583 5884 δ
619 5843 881 5904 Ἀπὸλησθε
901 5845 926 5894 Ῥ

1171 407 1230 463 S.
1269 401 1558 463 JOANNIS
1591 399 2079 461 CBIlYSOSTOMl
2119 398 2434 456 ARCHIEP.
2474 397 3026 457 CONSTANTINOP.

3637 407 3736 461 ΗΒ

2173 515 2350 584 ὑμᾶς.
2403 516 2659 570 Τουτέστι
2706 518 2843 587 μετὰ
2893 517 3152 570 ἐπαίνων.
3192 519 3305 588 Οὑχ
3338 520 3428 572 ὅτε
3468 520 3738 591 παρῆμεν,

2173 605 2280 659 οὐδ’
2309 606 2398 658 ὅτε
2430 605 3017 676 ἐθαυματουργοῦμεν,
3044 606 3180 660 ἀλλὰ
3209 608 3302 659 καὶ
3327 607 3454 673 νῦν,
3494 609 3585 663 ὅτε
3613 614 3740 682 πόρ-

2170 693 2250 763 ρω
2307 691 2495 762 ἐσμὲν,
2548 690 2643 744 καὶ
2678 691 3070 762 μαστιζόμεθα,
3119 693 3214 746 καὶ
3264 693 3439 764 μυρία
3469 696 3742 765 πάσχομεν

2165 778 2335 844 δεινὰ,
2377 777 2563 849 μνείαν
2609 779 2764 850 ἡμῶν
2812 780 3026 849 ἀγαθὴν
3052 775 3244 850 Ἔχετε.
3288 781 3590 834 Ἀκούσατε
3635 785 3743 846 πῶς

2168 865 2536 936 θαυμάζονται
2561 865 2801 936 μαθηταὶ
2827 865 3018 934 μνείαν
3036 865 3245 936 ἀγαθὴν
3265 868 3395 937 περὶ
3416 867 3744 920 διδασκάλων

2168 952 2405 1024 ἔχοντες,
2467 952 2584 1016 πῶς
2651 952 3064 1023 μακαρίζονται.
3120 953 3437 1023 Μιμώμεθα
3499 955 3741 1016 τούτους·

2167 1043 2316 1112 ἡμᾶς
2349 1042 2457 1112 γὰρ
2487 1043 2685 1105 αὐτοὺς
2712 1040 3054 1112 ὠφελοῦμεν,
3088 1044 3149 1096 οὑ
3175 1044 3302 1106 τοὺς
3327 1031 3742 1113 άγαπωμένους.

2182 1128 2640 1194 Ἑπιποθοῦντες
2682 1127 2863 1196 ἡμᾶς.
2905 1131 3088 1199 φησὶν,
3136 1128 3306 1193 ἰδεῖν,
3341 1131 3610 1196 καθάπερ
3658 1130 3750 1182 καὶ

2169 1218 2342 1287 ἡμεῖς
2368 1215 2541 1287 ὑμᾶς.
2578 1218 2685 1270 Καὶ
2720 1217 2880 1272 τοῦτο
2918 1219 2974 1271 δὲ
3023 1219 3218 1280 αὐτοὺς
3245 1219 3505 1289 εῦφρανε.
3540 1219 3615 1271 Τὸ
3646 1221 3746 1289 γὰρ

2175 1305 2367 1375 μαθεῖν
2393 1305 2483 1357 τὸν
2515 1304 2794 1373 φιλοῦντα,
2821 1305 2902 1358 ὅτι
2951 1305 3112 1359 τοῦτο
3149 1300 3290 1358 οἶδεν
3333 1309 3362 1360 ὁ
3407 1305 3748 1376 φιλούμενος,

2170 1392 2253 1446 ὅτι
2283 1392 2541 1461 φιλεῖται,
2567 1391 2737 1462 πολλὴ
2765 1392 3093 1462 παραμυθία
3124 1394 3219 1446 καὶ
3257 1393 3630 1463 παράκλησις.
3658 1397 3753 1446 Διὰ

2169 1477 2346 1533 τοῦτο
2375 1478 2861 1549 παρεκλήθημεν,
2883 1479 3154 1548 ἀδελφοὶ,
3177 1480 3266 1548 ἐφ’
3287 1480 3432 1549 ὑμῖν
3461 1479 3563 1534 ἐπὶ
3595 1479 3754 1547 πάσῃ

2169 1564 2246 1633 τῇ
2277 1565 2479 1634 θλίψει
2513 1565 2614 1619 καὶ
2657 1565 2890 1635 ἀνάγκῃ
2933 1566 3106 1635 ήμῶν
3148 1565 3246 1620 διὰ
3288 1563 3401 1634 τῆς
3446 1565 3620 1636 ὑμῶν
3663 1582 3753 1618 πι-

2170 1667 2392 1718 στεως’
2444 1653 2533 1707 ὅτι
2574 1653 2693 1708 νῦν
2739 1654 2942 1722 ζῶμεν,
2985 1653 3093 1706 ἐὰν
3131 1652 3301 1721 ὑμεῖς
3361 1652 3638 1720 στήκητε
3692 1654 3753 1707 ἐν

2169 1743 2387 1809 Κυρίῳ.
2420 1742 2488 1794 Τί
2515 1741 2731 1796 Παύλου
2770 1742 2884 1794 ἴσον
2912 1741 3109 1810 γένοιτ’
3140 1741 3227 1807 ἂν,
3253 1741 3314 1804 ὃς
3344 1741 3446 1808 τὴν
3474 1741 3590 1794 τῶν
3625 1743 3752 1810 πλη-

2173 1829 2289 1881 σίον
2333 1828 2608 1900 σωτηρίαν
2651 1828 2897 1899 ἐνόμιζεν
2945 1823 3086 1880 εἶναι
3127 1825 3227 1898 τὴν
3255 1827 3477 1892 ἐαυτοῦ,
3508 1828 3754 1898 καθάπερ

2174 1915 2324 1988 [454]
2352 1915 2515 1986 σῶμα
2558 1915 2696 1987 πρὸς
2746 1915 2906 1986 μέλη,
2932 1913 3074 1968 οὕτω
3112 1914 3249 1985 πρὸς
3279 1916 3493 1979 πάντας
3542 1915 3756 1968 διακεί-

2175 2018 2333 2072 μενος
2347 2018 2362 2066 ;
2377 2002 2458 2065 τίς
2472 2000 2758 2073 δυνήσεται
2773 2000 2977 2072 ταύτην
2994 2001 3153 2073 ῥῆξαι
3168 2003 3264 2072 τήν
3280 2003 3467 2072 φωνὴν
3482 2000 3586 2054 νῦν
3603 2021 3620 2067 ;
3639 2003 3755 2071 μᾶλ-

2171 2087 2260 2140 λον
2281 2087 2339 2140 δὲ
2358 2088 2442 2152 τίς
2469 2088 2757 2160 δυνήσεται
2794 2086 2935 2140 οὕτω
2968 2088 3234 2158 φρονῆσαί
3267 2105 3430 2154 ποτε;
3460 2090 3582 2142 Οὐκ
3611 2088 3754 2156 ἠξίου

2171 2174 2331 2246 χάριν
2363 2176 2563 2238 αὐτοὺς
2593 2175 2790 2228 εἰδέναι
2819 2175 2967 2246 αύτῷ
2997 2175 3102 2227 τῶν
3132 2175 3458 2246 πειρασμῶν
3486 2176 3601 2228 τῶν
3627 2176 3758 2245 ὑπὲρ

2171 2261 2372 2326 αὐτῶν,
2408 2262 2544 2316 ἀλλὰ
2569 2264 2726 2333 χάριν
2769 2263 2950 2324 αὐτοῖς
2980 2263 3116 2333 ⁴ᾔδει,
3145 2263 3223 2316 δτι
3256 2264 3355 2316 οὐκ
3383 2263 3757 2331 ἐσαλεύθησαν

2171 2349 2260 2403 διά
2289 2349 2416 2412 τοὺς
2459 2351 2801 2419 πειρασμοὺς
2848 2350 2975 2412 τοὺς
3021 2350 3186 2403 αὑτοῦ
3207 2366 3220 2381 ⁸
3249 2350 3325 2413 ὡς
3357 2349 3425 2404 ἂν
3456 2353 3507 2404 εί
3552 2344 3752 2420 ἔλεγεν,

2173 2439 2255 2492 ὅτι
2285 2438 2445 2509 Ὑμῖν
2466 2439 2687 2508 μᾶλλον,
2711 2440 2744 2510 ἢ
2774 2441 2903 2510 ἡμῖν
2925 2440 3034 2492 άπδ
3060 2439 3169 2492 τῶν
3193 2441 3523 2510 πειρασμῶν
3550 2441 3758 2509 ἐγένετο

2173 2525 2345 2596 βλάϐη
2365 2542 2378 2556 ο
2409 2526 2568 2596 ὑμεῖς
2596 2526 2958 2596 ἐπειράσθητε
3006 2527 3205 2596 μᾶλλον
3231 2528 3262 2598 ἢ
3296 2529 3482 2596 ἡμεῖς,
3518 2528 3680 2597 ὑμεῖς
3708 2529 3754 2580 οἱ

2176 2611 2339 2681 μηδὲν
2358 2611 2639 2675 παθόντες,
2662 2611 2821 2682 ήμῶν
2843 2613 2949 2663 τῶν
2979 2612 3277 2666 παθόντων.
3318 2614 3539 2684 Ἐπειδὴ
3561 2614 3748 2677 ταῦτα,

2174 2699 2359 2768 φησὶν,
2389 2698 2780 2767 εὐηγγελίσατο
2813 2700 2960 2768 ἡμᾶς
2993 2703 3022 2753 ό
3061 2700 3342 2771 Τιμόθεος,
3373 2701 3527 2754 οὐδὲν
3568 2702 3753 2755 al.101-

2173 2785 2378 2856 νόμεθα
2427 2785 2536 2838 τῶν
2593 2785 2875 2856 λυπηρῶν,
2921 2787 3090 2853 ἀλλὰ,
3139 2789 3620 2856 Πῳεκλήθημεν
3663 2790 3754 2842 ἐπί

2172 2873 2341 2943 πάσῃ
2379 2871 2455 2941 τῇ
2493 2873 2726 2941 θλίψει·
2756 2874 2816 2926 ού
2847 2873 3018 2945 ταύτῃ
3052 2873 3109 2926 δὲ
3159 2876 3342 2945 μόνον,
3374 2876 3514 2928 ἀλλὰ
3549 2878 3650 2930 καὶ
3685 2875 3754 2944 τῇ

2173 2960 2404 3030 ἀνάγκη
2457 2958 2647 3028 ἡμῶν,
2700 2960 2896 3030 φησίνσ
2951 2961 3196 3026 εἰκότως.
3253 2964 3595 3016 Διδασκάλου
3658 2965 3756 3033 γὰρ

2179 3046 2392 3114 ἀγαθοῦ
2423 3046 2572 3099 οὐδὲν
2609 3047 2676 3100 ἂν
2706 3046 2901 3114 ἅψαιτο
2931 3047 3137 3114 λοιπὸν,
3182 3048 3288 3112 ἕως
3315 3051 3382 3104 ἂν
3411 3051 3486 3104 τά
3514 3051 3633 3103 τῶν
3661 3069 3756 3121 μαι

2176 3135 2354 3205 θητῶν
2377 3135 2516 3189 κατὰ
2547 3135 2772 3206 γνώμην
2798 3135 2946 3206 αὑτῷ
2991 3140 3278 3209 προχωρῇ.
3298 3138 3375 3192 Δι’
3395 3139 3582 3209 ὑμῶν.
3607 3142 3752 3208 qua“

2175 3222 2603 3293 παρεκλήθημεν
2621 3240 2634 3253 ·
2667 3223 2966 3288 τουτέστιν,
2994 3223 3154 3294 ὑμεῖς
3182 3226 3329 3295 ἡμᾶς
3355 3225 3747 3298 ἐπερεὼσατε.

2177 3313 2288 3365 Καὶ
2332 3311 2437 3383 μὴν
2472 3312 2782 3365 τούναντίον
2822 3307 2924 3383 ἦν’
2957 3313 3019 3365 τὸ
3067 3313 3176 3385 γὰρ
3226 3315 3503 3377 παθόντας
3555 3318 3634 3387 μὴ
3678 3319 3753 3369 ἐνο

2176 3401 2382 3466 δοῦναι,
2414 3400 2550 3454 ἀλλὰ
2574 3400 2767 3470 στῆναι
2803 3402 3086 3470 γενναίως,
3125 3404 3306 3458 ίκανδν
3337 3405 3467 3470 τοὺς
3510 3406 3754 3478 μαθητὰς

2179 3488 2450 3559 στηρίξαι.
2490 3487 2629 3541 Ἀλλ’
2656 3487 2815 3551 αὐτὸς
2841 3489 2986 3543 ἅπαν
3017 3491 3326 3546 τούναντίον
3356 3497 3523 3556 ποιεῖ,
3549 3495 3650 3546 καὶ
3685 3499 3754 3558 εἰς

2177 3575 2420 3639 ἐκείνους
2484 3575 2803 3646 περιτρέπει
2863 3577 2927 3630 τὺ
3003 3577 3307 3649 ἐγκώμιον·
3381 3580 3542 3649 ὑμεῖς
3619 3583 3754 3653 ἡμᾶς

2175 3663 2456 3735 ἠλείψατε,
2485 3666 2648 3734 φησίν
2667 3682 2682 3695 ·
2712 3667 2869 3736 ὑμεῖς
2899 3667 3030 3736 ἡμῖν
3075 3664 3414 3720 ἀναπνεῦσαι
3455 3668 3753 3722 δεδώκατε·

2178 3753 2335 3820 ὑμεῖς
2368 3750 2470 3805 οὑκ
2506 3753 2754 3824 ἀφήκατε
2798 3751 2908 3804 τῶν
2951 3754 3271 3823 πειρασμῶν
3307 3754 3622 3808 αἰσθέσθαι.
3657 3757 3756 3809 Καὶ

2177 3841 2278 3894 οὑκ
2340 3837 2514 3904 εἶπεν,
2576 3840 3003 3910 άνεπνεύσαμεν,
3062 3842 3207 3908 οὑδὲ,
3250 3844 3753 3915 παρεμυθήθημενο

2177 3927 2315 3980 ἀλλὰ
2338 3932 2422 3994 τί;
2447 3928 2578 3983 Νῦν
2605 3927 2815 3996 ζῶμεν·
2844 3927 3056 3992 δεικνὺς
3089 3931 3171 3983 ὅτι
3211 3932 3304 3983 καὶ
3329 3932 3646 4004 πειρασμὸν
3671 3936 3758 3987 καὶ

2179 4015 2410 4069 θάνατον
2456 4014 2609 4069 οὐδὲν
2662 4016 2790 4071 ἄλλο
2842 4018 3079 4086 ἡγεῖται,
3124 4017 3156 4088 ἢ
3215 4018 3276 4070 τὸ
3339 4019 3650 4073 σκάνδαλον
3703 4020 3758 4073 τὸ

2177 4101 2418 4166 ἐκείνων,
2443 4103 2575 4156 ὅπου
2606 4119 2670 4172 γε
2701 4103 2794 4156 καὶ
2824 4103 2968 4174 ζωήν
3019 4104 3118 4172 τὴν
3172 4105 3394 4158 ἐκείνων
3441 4109 3753 4178 προκοπήν.

2178 4189 2303 4254 Πῶς
2333 4188 2398 4243 ἂν
2439 4189 2597 4253 ἄλλος
2621 4184 2720 4254 ’τις
2741 4200 2762 4228 ο
2793 4190 2826 4262 ἢ
2854 4189 2951 4260 τήν
2985 4189 3161 4260 λύπην
3212 4189 3307 4261 τὴν
3357 4192 3452 4244 ἐπὶ
3521 4197 3593 4264 τῇ
3657 4194 3756 4246 τῶν

2181 4277 2438 4348 μαθητῶν
2478 4277 2822 4350 ἁσθενείᾳ,ἢ
2890 4279 2989 4348 τήν
3050 4277 3224 4349 χαρὰν
3280 4279 3591 4350 ἐδήλωσεν;
3645 4282 3752 4334 Οὐκ

2176 4359 2318 4427 εἷπε,
2349 4365 2631 4436 χαίρομεν,
2677 4365 2830 4433 ἀλλὰ,
2862 4365 3084 4436 Ζῶμεν,
3115 4366 3258 4438 ζωήν
3283 4365 3456 4435 λέγων
3491 4369 3596 4440 τὴν
3630 4369 3752 4439 μέλ-

2175 4449 2394 4506 λουσαν.

2246 4547 2316 4610 γ’.
2355 4541 2519 4594 Ὥστε
2563 4540 2689 4594 ἄνευ
2724 4540 2911 4596 τούτου
2938 4542 3059 4595 οὑδὲ
3089 4543 3188 4612 ζῇν
3212 4544 3274 4596 τὸ
3308 4543 3408 4615 ζῇν
3439 4546 3746 4617 ἡγούμεθα.

2175 4628 2329 4683 Οῦτω
2361 4629 2486 4691 τοὺς
2524 4628 2872 4693 διδασκάλους
2921 4629 3222 4683 διακεῖσθαι
3269 4633 3395 4702 χρὴ,
3441 4633 3588 4686 οὕτω
3630 4637 3751 4698 τοὺς

2183 4714 2452 4785 μαθητὰς,
2486 4716 2580 4768 καὶ
2607 4715 2761 4769 οὐδὲν
2783 4715 2980 4769 ἄτοπον
3001 4717 3153 4769 ἔσται
3179 4720 3329 4771 ποτέ.
3365 4715 3499 4772 Εἶτα
3532 4723 3748 4793 προσλι-

2175 4801 2382 4854 παίνων
2405 4801 2556 4867 αὑτὸ,
2571 4802 2672 4872 δρα
2689 4801 2741 4854 τί
2767 4819 2922 4873 φησι’
2955 4804 3095 4857 Τίνα
3115 4803 3224 4874 γὰρ
3243 4807 3643 4874 εὐχαριστίαν
3653 4809 3746 4862 δυ-

2173 4888 2398 4957 νάμεθα
2413 4887 2491 4954 τῷ
2509 4888 2632 4954 Θεῷ
2644 4889 3086 4944 ἀνταποδοῦναι
3102 4891 3234 4959 περὶ
3251 4891 3419 4960 ὑμῶν
3445 4895 3550 4948 ἐπὶ
3582 4897 3745 4962 πάσῃ

2171 4975 2247 5045 τῇ
2267 4975 2440 5046 χαρᾷ,
2456 4971 2497 5049 ᾗ
2532 4979 2817 5046 χαίρομεν
2840 4977 2915 5031 δι’
2945 4978 3100 5047 ὑμᾶς
3118 4980 3460 5048 ἔμπροσθεν
3479 4984 3588 5037 τοῦ
3602 4984 3742 5038 Θεοῦ

2171 5063 2358 5134 ἡμῖν’
2370 5065 2590 5130 νυκτὸς
2614 5064 2712 5119 καὶ
2737 5064 2959 5134 ἡμέρας
2988 5068 3512 5136 ὑπερεκπερισσώ
3543 5071 3739 5141 δεόμε-

2170 5168 2267 5206 νοι
2285 5154 2372 5218 είς
2406 5151 2474 5206 τὸ
2511 5152 2661 5207 ίδεῖν
2696 5151 2866 5222 ὑμῶν
2886 5153 2953 5208 τὸ
2978 5155 3317 5221 πρόσωπον,
3343 5157 3448 5210 καί
3469 5161 3738 5227 καταρτί-

2169 5255 2277 5292 σαι
2296 5240 2370 5293 τὰ
2388 5239 2769 5310 ὑστερήματα
2793 5238 2904 5310 τῆς
2925 5242 3183 5308 πίστεως
3203 5245 3370 5313 ὑμῶν
3385 5261 3406 5307 ;
3423 5246 3560 5315 Οὐχὶ
3575 5245 3732 5316 ζωῆς,

2171 5328 2357 5399 φησὶν,
2379 5329 2541 5382 αῐτιοι
2572 5329 2701 5398 ἡμῖν
2736 5330 3031 5399 γεγένησθε
3061 5331 3242 5400 μόνον,
3261 5332 3398 5385 ἀλλὰ
3420 5335 3518 5387 καὶ
3545 5336 3732 5404 εὐφρο-

2171 5414 2337 5485 σύνης
2367 5415 2587 5487 πολλῆς,
2620 5417 2712 5468 καὶ
2753 5417 3039 5486 τοσαύτης,
3073 5417 3150 5481 ὡς
3180 5419 3314 5488 μηδὲ
3344 5421 3732 5490 εὐχαριστήσαι

2167 5501 2428 5556 δύνασθαι
2455 5503 2530 5573 τῷ
2562 5502 2681 5574 θεῷ
2707 5504 2828 5557 κατ’
2855 5503 3034 5568 ἀξίαν.
3075 5505 3148 5558 Τὸ
3177 5506 3328 5576 ὑμῶν
3348 5506 3376 5545 ά
3409 5509 3731 5578 κατόρθωμα

2166 5588 2338 5659 δῶρον
2366 5587 2525 5657 εἶναι,
2555 5591 2710 5660 φησὶ,
2732 5590 2825 5644 τοῦ
2851 5591 2986 5644 Θεοῦ
3009 5591 3288 5665 ἡγούμεθα
3309 5610 3322 5625 ⁸
3345 5597 3570 5649 τοιαῦτα
3590 5598 3728 5666 ἡμᾶς

2231 5737 2254 5798 ¢_
2286 5737 2534 5798 Excidism
2555 5739 2750 5788 videtur
2773 5741 2938 5798 οὕτως.
2965 5742 3042 5789 vel
3084 5740 3243 5791 simile
3265 5743 3566 5792 adverbium.
3597 5744 3718 5792 Enn.

2169 5796 2573 5910 ESTLegebatur
2594 5803 2747 5864 ἡμῶν.
2785 5796 3115 5865 Con-reximus,
3149 5808 3425 5866 postulante
3467 5808 3716 5855 sententia.
