3874 6570
214 460 314 515 617

212 577 335 643 (Job
366 576 421 629 2.
446 574 525 641 9).
558 574 691 631 Vide
715 578 983 647 quomodo
1012 578 1181 647 ipsam
1228 575 1664 631 tentaverit..Cur
1693 590 1787 627 an-

212 681 324 724 tem
360 686 464 724 non
491 669 661 736 dixit,
691 669 1056 735 Lahelecerit,
1101 669 1193 724 sed
1216 711 1231 735 ,
1281 668 1610 722 Tentaverit?
1642 667 1787 733 Quo-

216 763 364 815 niam
392 771 618 823 tantum,
655 762 845 831 inquit,
870 763 1169 830 suspicatus
1196 778 1311 815 sum
1347 777 1443 814 vos
1471 774 1589 814 esse
1616 768 1787 814 tenta-

210 863 331 907 tos:
360 868 462 907 non
492 853 635 907 enim
663 853 780 921 ejus
805 855 1149 907 tentationem
1175 862 1327 905 vocat
1353 850 1783 906 commotionem.

208 946 346 999 Nam
378 947 464 1014 qui
496 946 612 1013 ejus
659 944 890 999 admittit
941 945 1208 999 incursum
1238 954 1291 997 et
1341 944 1712 1013 irruptiouem,
1741 942 1788 996 is

209 1048 295 1090 est
346 1035 690 1089 labefactatus
737 1045 791 1091 et
831 1044 1148 1089 commotus.
1212 1035 1403 1102 Papazl
1463 1041 1659 1103 quanta
1706 1042 1787 1086 est

209 1127 367 1181 Pauli
394 1127 765 1182 benevolentia
792 1128 805 1181 !
836 1143 942 1181 non
974 1126 1190 1181 fuerunt
1214 1128 1261 1181 ei
1282 1141 1425 1181 curm
1449 1124 1783 1190 alﬁictiones,

207 1234 315 1273 nec
346 1218 573 1273 insidiae.
619 1218 822 1287 Opinor
860 1220 1003 1273 enim
1034 1234 1156 1273 eum
1196 1227 1319 1272 tunc
1356 1217 1464 1272 illic
1504 1218 1783 1272 mansisse.

206 1307 368 1363 Sicut
414 1307 543 1362 dicit
596 1308 788 1375 Lucas,
817 1324 939 1362 eum
984 1310 1033 1362 in
1087 1308 1308 1363 Hellade
1363 1309 1623 1363 mansisse
1677 1316 1786 1361 tres

208 1415 463 1463 menses,
510 1415 630 1453 eum
676 1401 724 1453 ei
770 1412 987 1454 structa:
1018 1398 1244 1455 fuissent
1285 1399 1491 1454 insidia:
1518 1413 1548 1453 a
1587 1397 1786 1453 Judaeis

209 1492 356 1555 (Act.
386 1492 474 1548 20.
506 1493 586 1561 '5).

283 1582 339 1637 ἓ.
364 1583 479 1637 Νοη
505 1598 634 1653 ergo
680 1583 727 1639 ei
754 1598 895 1638 cura:
920 1593 1072 1639 erant
1103 1582 1357 1654 pericula,
1386 1581 1481 1637 sed
1507 1581 1776 1652 discipuli.

215 1674 382 1730 Vides
402 1675 539 1745 quod
564 1676 806 1745 quemvis
824 1677 1113 1730 naturalem
1134 1685 1337 1745 patrem
1363 1675 1779 1745 exsuperaverit.

208 1765 350 1820 Nam
386 1782 481 1821 nos
506 1766 791 1836 quidemin
820 1766 1196 1823 afflictionibus
1220 1777 1275 1821 et
1304 1768 1554 1837 periculis
1582 1781 1785 1822 memo-

210 1860 353 1912 riam
378 1859 609 1913 omnium
655 1860 1006 1929 expellimus:
1041 1861 1155 1930 ipse
1178 1870 1356 1915 autem
1402 1861 1468 1915 de
1498 1860 1622 1915 ﬁliis
1646 1860 1783 1917 adeo

213 1952 499 2005 timebatet
522 1951 802 2011 tremebat,
825 1962 884 2005 ut
903 1967 1058 2021 quem
1076 1953 1461 2007 consolatorem
1489 1953 1659 2008 solum
1683 1953 1781 2008 ha-

206 2043 370 2095 bebat
422 2042 758 2097 Timotheum
797 2052 849 2097 et
877 2043 1202 2110 adjutorem,
1234 2059 1356 2098 eum
1388 2045 1440 2097 in
1476 2044 1605 2113 ipsis
1631 2045 1778 2115 peri-

204 2134 349 2187 Culis
396 2136 631 2188 mitteret
673 2134 740 2188 ad
790 2150 902 2188 eos.
936 2134 999 2188 Et
1042 2136 1210 2189 inanis
1259 2137 1350 2204 ﬁat
1398 2138 1538 2190 labor
1587 2147 1778 2192 noster.

201 2225 428 2291 Quare?
477 2241 596 2279 nam
625 2225 727 2280 etsi
754 2228 925 2280 eversi
956 2237 1155 2290 essent.
1191 2244 1295 2282 non
1331 2239 1418 2284 tua
1449 2231 1623 2300 culpa,
1672 2246 1781 2285 non

204 2326 301 2369 tua
332 2316 573 2370 socordia
601 2316 654 2371 id
674 2316 974 2371 accidisset.
999 2318 1102 2373 Sed
1129 2328 1303 2374 tamen
1320 2322 1479 2375 rebus
1504 2322 1571 2375 ita
1603 2337 1662 2377 se
1684 2322 1782 2375 ha-

199 2408 483 2471 bentibus,
539 2408 749 2462 inanem
779 2407 941 2462 fuisse
978 2409 1227 2465 existimo
1275 2410 1402 2464 Inibi
1438 2411 1675 2467 laborem
1715 2428 1781 2466 ex

198 2498 381 2550 multo
409 2496 645 2552 fraterno
691 2513 893 2551 amore.
928 2497 1011 2552 Ne
1038 2503 1167 2571 forte
1196 2503 1456 2555 tentaverit
1499 2518 1584 2555 vos
1626 2504 1667 2555 is
1697 2505 1783 2572 qui

200 2598 387 2642 tentat.
418 2589 610 2644 Tentat
660 2598 838 2645 autem
889 2592 1133 2645 nesciens
1169 2607 1237 2646 an
1283 2594 1353 2647 sit
1398 2603 1775 2663 prostraturus.

197 2679 411 2734 Deinde
434 2680 523 2734 ille
544 2681 777 2750 quidem,
803 2682 966 2735 etiam
1003 2691 1061 2736 ut
1086 2698 1192 2736 non
1238 2686 1415 2739 sciens
1440 2685 1777 2754 aggreditur;

198 2788 308 2826 nos
331 2782 531 2838 autem,
554 2773 785 2827 scientes
805 2787 901 2826 nos
930 2788 1051 2828 eum
1081 2775 1237 2845 longe
1264 2786 1609 2845 superaturos
1635 2792 1778 2845 esse,

199 2866 395 2933 vigiles
418 2880 520 2919 non
552 2880 735 2933 sumus
754 2866 776 2918 ?
798 2865 949 2931 Quod
975 2874 1153 2921 autem
1183 2870 1432 2924 nesciens
1461 2884 1558 2923 nos
1588 2885 1778 2941 aggre-

197 2956 403 3019 diatur,
431 2956 483 3010 in
523 2957 625 3015 Job
648 2960 903 3015 ostendit.
948 2961 1058 3016 Deo
1088 2962 1231 3015 enim
1277 2961 1489 3016 dicebat
1517 2963 1779 3033 malignus

200 3048 299 3103 ille
328 3048 534 3104 daemon
565 3066 581 3105 :
616 3049 801 3105 Nonne
829 3060 881 3105 tu
923 3068 1003 3105 res
1046 3054 1155 3123 ejus
1181 3069 1294 3123 qute
1332 3062 1380 3107 et
1418 3055 1553 3107 intus
1577 3064 1624 3109 et
1653 3055 1779 3124 foris

200 3148 327 3193 sunt
346 3141 561 3193 muniisti
581 3141 606 3195 ?
630 3141 788 3211 Aufer
807 3143 916 3211 ejus
941 3142 1228 3213 facultates,
1258 3152 1390 3198 certe
1408 3144 1460 3197 in
1484 3145 1666 3214 [aciem
1691 3145 1779 3198 tibi

202 3230 458 3284 benedicet
486 3230 607 3301 (Job
637 3233 688 3287 1.
722 3231 810 3287 10.
841 3233 953 3303 11).
984 3232 1196 3289 Tentat.
1246 3234 1306 3289 Si
1349 3233 1541 3289 viderit
1571 3235 1776 3305 aliquid

202 3323 551 3387 imbecillum,
604 3324 841 3391 invadit;
872 3325 919 3380 si
966 3325 1221 3392 validum,
1253 3327 1478 3383 recedit.
1516 3325 1583 3380 Et
1610 3327 1776 3381 inanis

195 3415 319 3483 ﬁat,
352 3415 535 3486 inquit,
567 3415 708 3469 labor
735 3428 922 3471 noster.
950 3416 1242 3473 Audiamus
1268 3434 1476 3483 omnes,
1507 3418 1775 3489 quomodo

197 3507 523 3563 laboraverit
550 3510 765 3564 Paulus.
794 3510 911 3565 Non
931 3511 1084 3566 dixit.
1102 3512 1267 3582 Opus,
1294 3513 1410 3581 sed,
1440 3513 1641 3579 Labor;
1666 3529 1773 3569 non

194 3596 358 3659 dixit,
380 3596 446 3651 Et
461 3613 553 3653 vos
567 3599 841 3669 perihitis;
873 3600 989 3665 sed,
1021 3600 1188 3655 Labor
1215 3612 1400 3657 noster.
1419 3605 1773 3672 Quamobrem

194 3687 247 3740 si
293 3686 493 3758 aliquid
537 3690 842 3759 accidisset,
869 3692 1232 3747 verisimiliter
1271 3706 1584 3749 eventurum
1612 3706 1770 3750 erat:

194 3779 451 3846 quoniam
480 3790 655 3835 autem
684 3796 788 3835 non
819 3781 1032 3849 accidit,
1066 3784 1223 3839 valde
1252 3795 1335 3840 est
1380 3787 1769 3842 admirandum.

197 3868 331 3922 Haec
364 3869 599 3938 quidem,
625 3868 816 3939 inquit,
850 3874 1295 3941 exspectavimus,
1342 3887 1635 3931 evenerunt
1673 3893 1779 3932 au-r

196 3972 306 4016 tem
331 3965 596 4018 contraria
623 3981 635 4017 :
657 3981 762 4020 non
782 3968 953 4021 solum
969 3968 1110 4022 enim
1136 3968 1331 4023 nullam
1358 3969 1657 4027 aiﬁiclionis
1676 3987 1772 4028 aca

193 4054 498 4109 cessionem
526 4070 556 4109 a
586 4057 734 4112 vobis
762 4059 1083 4128 accepimus,
1125 4060 1216 4115 sed
1247 4062 1407 4115 etiam
1448 4063 1769 4117 consolatio-

195 4159 345 4199 nem.
380 4143 534 4199 Nunc
558 4157 725 4201 autent
753 4149 976 4204 veniente
1005 4148 1263 4205 Timotheo
1288 4154 1354 4204 ad
1375 4169 1465 4207 nos
1484 4170 1514 4206 a
1540 4155 1694 4218 vobis,
1722 4164 1769 4208 et

193 4237 533 4291 annuntiante
556 4238 697 4292 nobis
725 4241 876 4308 fidem
903 4250 949 4295 et
982 4241 1241 4296 caritatem
1287 4252 1521 4297 vestrant.
1549 4242 1768 4299 Annuu-

196 4328 375 4392 tiante,
406 4328 801 4402 inquit._\’ides
846 4347 1092 4402 magnam
1142 4333 1293 4388 Pauli
1344 4334 1766 4390 laetitiam?Non

198 4422 360 4485 dixit,
384 4400 765 4493 ciaetwslltitv‘ros,
792 4427 845 4482 id
876 4438 981 4496 est,
1015 4430 1315 4493 nuntiante,
1348 4430 1443 4484 sed
1466 4434 1765 4496 εὐαγγελισα-

200 4524 369 4582 μένου,
398 4516 446 4571 id
472 4527 571 4582 est,
614 4521 784 4576 fausta
833 4521 1113 4576 nuntiante
1141 4540 1154 4575 :
1185 4530 1389 4577 tantum
1430 4522 1765 4577 existimabat

202 4606 406 4661 bonum
432 4608 637 4665 illorum
669 4612 995 4677 ﬁrmitatem,
1021 4621 1076 4668 et
1102 4614 1402 4668 caritatem.
1429 4613 1658 4669 Necesse
1683 4623 1765 4670 est

196 4698 346 4750 enim
374 4698 457 4752 illa
482 4700 633 4754 ﬁrma
664 4710 913 4758 manente
943 4712 999 4758 et
1026 4703 1224 4770 stabili,
1255 4703 1393 4758 hanc
1417 4719 1626 4775 quoque
1642 4719 1763 4760 esse

189 4786 402 4841 ﬁrmam
446 4805 510 4844 ac
555 4792 819 4847 stabilem.
868 4792 1173 4849 Laetabatur
1220 4804 1395 4848 autem
1445 4802 1499 4849 et
1547 4804 1762 4864 propter

185 4878 434 4946 ipsorum
464 4882 759 4950 caritatem,
802 4883 944 4952 quod
991 4898 1053 4938 ea
1104 4893 1249 4939 esset
1292 4884 1498 4954 signum
1527 4883 1666 4950 ﬁdei,
1694 4883 1761 4938 Et

180 4970 348 5039 quod,
377 4970 570 5040 inquit,
603 4974 893 5027 memoriam
915 4976 1074 5029 nostri
1099 4975 1289 5030 habetis
1317 4991 1512 5046 semper
1552 4975 1755 5044 bonam,

180 5062 535 5118 desiderantes
580 5081 671 5118 nos
700 5066 886 5132 videre,
912 5067 1040 5120 sicut
1084 5076 1131 5121 et
1174 5082 1265 5122 nos
1292 5083 1488 5136 quoque
1510 5083 1618 5121 vos.
1646 5066 1758 5121 Hoc

180 5163 272 5208 est
302 5168 422 5207 cum
471 5155 719 5213 laudibus
763 5175 777 5212 :
821 5174 929 5215 non
974 5159 1187 5229 quando
1236 5161 1539 5225 aderamus,
1583 5175 1757 5231 neque

178 5244 403 5313 quando
455 5246 710 5302 miracula
751 5249 1111 5317 iaciebamus;
1161 5251 1255 5323 sed
1307 5267 1447 5307 nunc
1498 5266 1749 5323 quoque,

174 5335 402 5404 quando
428 5339 613 5405 procul
652 5340 926 5408 absumus,
958 5352 1015 5396 et
1037 5342 1217 5412 ﬂagris
1254 5342 1509 5399 caedimur
1533 5352 1587 5398 et
1614 5344 1754 5397 mala

170 5426 419 5495 patimur
440 5429 863 5497 innumerabilia,
894 5434 1205 5488 memoriam
1227 5435 1392 5490 nostri
1433 5434 1638 5490 habetis
1658 5434 1754 5491 bo-

169 5532 337 5571 nam.
366 5519 561 5575 Audite
587 5522 855 5591 quomodo
903 5523 956 5578 in
984 5524 1337 5580 admiratione
1366 5524 1626 5581 habentur
1666 5525 1750 5581 di-

166 5611 413 5680 scipuli,
460 5613 528 5667 de
574 5615 840 5682 magistris
888 5616 1084 5672 bonam
1128 5617 1386 5674 habentes
1417 5620 1745 5685 memoriam,

165 5705 450 5774 quomodo
480 5704 618 5760 beati
640 5707 1029 5777 praedicantur:
1056 5724 1149 5766 eos
1165 5711 1465 5766 imitemur:
1488 5726 1585 5766 nos
1606 5712 1749 5767 enim

164 5796 329 5863 ipsos
348 5794 676 5867 juvabimus,
706 5813 813 5854 non
840 5814 935 5856 eos
972 5801 1061 5871 qui
1090 5800 1396 5872 diliguntur.
1441 5800 1748 5857 Desideran-

166 5897 255 5942 ια
283 5904 377 5942 nos
402 5890 589 5956 sidere,
614 5893 742 5947 sicut
766 5903 812 5947 et
838 5909 929 5948 nos
954 5909 1060 5949 vos.
1090 5893 1200 5951 lloc
1237 5909 1446 5966 quoque
1474 5896 1622 5968 ipsos
1652 5896 1745 5951 la:-

1042 460 1109 516 I‘N
1148 460 1360 516 EPIST.
1404 459 1422 513 l
1485 459 1575 514 AD
1613 456 1937 515 TliESSAL.
1976 461 2125 517 CAP.
2168 462 2256 520 Ill.
2295 466 2525 525 llOMlL.
2564 469 2654 530 iV.

3357 479 3463 534 418

1896 577 2005 630 titia
2050 578 2335 639 afﬁciebat.
2366 583 2497 638 Nam
2554 586 2694 656 quod
2723 589 2813 657 qui
2857 588 3028 662 diligit
3064 591 3311 649 didicerit
3337 611 3461 652 eum

1893 671 1980 736 qui
2013 670 2251 741 diligitur
2278 673 2378 730 hoc
2420 691 2599 743 nosse,
2644 696 2837 750 nempe
2866 698 2924 738 se
2948 685 3116 755 diligi,
3163 703 3349 758 magna
3381 701 3464 744 est
3553 694 3566 709 °

1892 761 2186 817 Consolatio
2214 772 2267 817 et
2295 768 2578 821 recreatio.
2614 768 2665 821 7.
2690 768 2821 824 Ideo
2850 775 3095 828 consolati
3122 788 3315 843 sumus,
3355 781 3463 849 [ra-

1892 859 2011 915 trcs,
2039 852 2089 903 in
2120 854 2254 906 vobis
2280 856 2333 909 in
2362 858 2498 910 omni
2526 860 2818 915 necessitate
2842 874 2888 916 et
2917 865 3239 921 tribulatione
3265 881 3461 935 nostra,

1891 953 1979 1005 per
2004 940 2157 1006 [idem
2184 955 2396 997 vestram
2421 962 2438 998 :
2467 947 2708 1014 quoniam
2729 967 2864 1005 nunc
2891 953 3124 1021 vivimus,
3157 958 3200 1008 si
3223 973 3310 1010 vos
3352 969 3463 1011 sta-

1891 1028 1953 1081 tis
1978 1030 2029 1082 in
2057 1029 2294 1088 Domino.
2319 1034 2454 1103 Quid
2476 1036 2639 1093 Paulo
2668 1041 2837 1108 possit
2855 1044 3302 1116 mquiparari,qui
3339 1063 3464 1118 pro~

1890 1119 2204 1190 pinquorum
2232 1126 2457 1181 salutem
2488 1128 2823 1185 existimabat
2846 1147 2967 1188 esse
2990 1150 3174 1200 suam;
3198 1147 3466 1208 tamquam

1889 1226 2083 1280 corpus
2113 1229 2236 1286 erga
2263 1218 2522 1285 membra,
2556 1221 2633 1275 sic
2650 1236 2775 1291 erga
2813 1237 3001 1278 omnes
3051 1225 3311 1283 allectus?
3341 1232 3468 1300 quis

1890 1319 2031 1359 nunc
2050 1309 2244 1374 poterit
2271 1308 2321 1364 in
2352 1309 2487 1365 hanc
2514 1328 2697 1367 vocem
2725 1318 3045 1384 erumpere?
3074 1319 3178 1373 imo
3193 1335 3319 1374 vero
3342 1322 3468 1390 quis

1888 1398 2085 1463 poterit
2112 1399 2189 1452 sic
2214 1417 2462 1470 umquam
2490 1402 2691 1458 sentire
2726 1412 2781 1459 et
2811 1405 3086 1475 cogitare?
3115 1407 3342 1463 Nolehat
3367 1427 3465 1467 eos

1889 1486 1991 1557 ipsi
2020 1488 2216 1545 habere
2236 1495 2458 1562 gratiam
2488 1495 2554 1550 de
2580 1496 2841 1567 susceptis
2869 1514 2966 1568 pro
2993 1499 3122 1569 ipsis
3154 1501 3467 1567 tentatioui-

1886 1575 2022 1644 bus;
2060 1581 2153 1636 sed
2185 1584 2263 1637 eis
2288 1583 2519 1639 habebat
2546 1588 2770 1656 gratiam
2792 1628 2808 1655 ,
2842 1588 2984 1659 quod
3018 1605 3122 1645 non
3154 1590 3465 1649 labaveraut

1887 1680 2109 1742 propter
2124 1673 2239 1743 ejus
2270 1679 2591 1734 tentationes
2622 1697 2635 1733 :
2666 1682 2818 1750 quasi
2842 1682 3066 1747 diceret,
3094 1684 3259 1740 Vobis
3289 1688 3465 1758 magis

1885 1778 2044 1833 quam
2096 1766 2251 1821 nobis
2276 1767 2529 1824 damnum
2559 1772 2754 1827 accidit
2780 1789 2845 1828 ex
2897 1776 3278 1832 tentatiouibus
3320 1796 3335 1833 :
3366 1794 3461 1836 vos

1884 1854 2054 1924 magis
2077 1871 2232 1926 quam
2258 1874 2354 1913 nos
2377 1863 2557 1915 tentati
2584 1863 2747 1919 estis:
2776 1880 2872 1919 vos
2887 1868 2975 1937 qui
2999 1868 3126 1921 nihil
3149 1871 3289 1940 passi
3307 1872 3465 1939 estis,

1883 1958 2041 2013 quam
2074 1962 2171 2000 nos
2200 1949 2288 2017 qui
2323 1951 2461 2018 passi
2508 1966 2711 2008 sumus.
2756 1953 3065 2025 Postquam,
3120 1957 3312 2027 inquit,
3348 1961 3465 2016 hinc

1884 2037 2038 2091 nobis
2075 2041 2408 2095 annuntiavit
2435 2042 2769 2109 Timotheus,
2821 2046 2949 2101 nihil
2980 2048 3261 2105 molestum
3292 2052 3463 2106 senti-

1886 2143 2025 2194 mus,
2054 2129 2433 2194 sed,Consolati
2455 2150 2624 2189 sumus
2652 2136 2705 2190 in
2734 2138 2871 2190 omni
2911 2139 3194 2210 afﬂictione,
3227 2156 3330 2198 non
3361 2140 3464 2198 hac

1884 2220 2077 2283 solum,
2126 2220 2218 2275 sed
2249 2222 2430 2287 etiam,
2466 2222 2532 2276 In
2576 2228 2869 2281 necessitate
2909 2238 3104 2294 nostra,
3154 2230 3358 2300 inquit;
3404 2240 3463 2289 et

1882 2310 2094 2365 merito.
2128 2311 2332 2366 Bonum
2364 2315 2506 2369 enim
2553 2317 2864 2385 magistrum
2898 2317 3028 2372 nihil
3059 2318 3127 2374 de
3152 2329 3349 2376 cancro
3375 2321 3459 2377 of-

1884 2403 2130 2469 fenderit,
2165 2404 2417 2474 quamdiu
2467 2423 2553 2461 res
2595 2408 2977 2479 discipulorum
3020 2412 3068 2466 ei
3100 2414 3462 2482 processerint

1882 2507 1947 2547 ex
1977 2496 2263 2550 sententia.
2287 2496 2390 2551 Per
2409 2512 2527 2563 vos,
2578 2499 3203 2569 inquit,consolationem
3249 2508 3464 2575 accepi-

1882 2602 2000 2640 mus
2025 2604 2037 2639 :
2069 2587 2119 2641 id
2141 2598 2245 2655 est,
2268 2587 2375 2644 Vos
2393 2604 2491 2643 nos
2513 2591 2919 2646 corroborastis.
2946 2594 3103 2665 Atqui
3132 2598 3459 2653 Contrarium

1882 2685 1998 2730 erat
2029 2695 2041 2729 :
2075 2693 2196 2731 nam
2223 2678 2364 2747 quod
2393 2679 2537 2749 passi
2579 2694 2684 2735 non
2712 2683 2994 2748 cesserint,
3026 2684 3117 2738 sed
3150 2684 3359 2741 fortiter
3380 2702 3461 2742 re-

1882 2768 2136 2831 stiterim,
2184 2769 2383 2824 sufﬁcit
2426 2771 2492 2825 ad
2544 2772 2939 2829 conﬁrmandos
2982 2776 3295 2846 diseipulos.
3346 2778 3452 2834 Sed

1882 2867 2049 2913 telum
2079 2860 2200 2914 facit
2228 2862 2576 2927 contrarium,
2601 2871 2655 2919 et
2686 2864 2893 2918 laudem
2921 2866 2974 2920 in
3006 2867 3125 2922 illos
3147 2870 3412 2924 convertit
3442 2887 3458 2925 :

1882 2948 2010 3013 Vos,
2051 2952 2240 3021 inquit,
2287 2967 2387 3008 nos
2432 2955 2658 3010 unxistis
2687 2965 2740 3011 et
2789 2955 3148 3026 instruxistis;
3180 2975 3274 3014 vos
3302 2961 3459 3017 nobis

1881 3040 2104 3096 dedistis
2131 3051 2186 3096 ut
2210 3045 2636 3111 respirarcmus;
2668 3061 2763 3101 vos
2783 3062 2885 3102 non
2907 3050 3222 3117 permisistis
3252 3062 3308 3106 ut
3327 3066 3457 3110 sen-

1880 3132 2101 3187 tiremus
2128 3134 2468 3190 tentationes.
2500 3137 2681 3208 Neque
2708 3138 2860 3205 dicit,
2891 3139 3313 3210 Respiravimus,
3351 3160 3456 3200 ne-

1878 3239 2001 3295 que,
2027 3223 2455 3284 Consolationcm
2480 3232 2803 3300 accepimus,
2829 3231 2922 3287 sed
2946 3233 3115 3302 quid?
3146 3234 3299 3289 Nunc
3333 3238 3458 3291 vivi-

1876 3332 2025 3383 mus;
2052 3319 2342 3375 ostendens
2371 3321 2511 3391 quod
2540 3330 2594 3377 et
2623 3323 2973 3377 tentationem
2993 3332 3047 3377 et
3069 3335 3295 3381 mortem
3320 3330 3455 3383 nihil

1875 3408 2019 3463 aliud
2048 3410 2324 3465 existimat
2380 3427 2539 3480 quam
2592 3412 2805 3467 illorum
2851 3414 3223 3481 offensionem,
3256 3420 3345 3474 ubi
3399 3430 3456 3477 et

1876 3499 2089 3555 illorum
2139 3500 2435 3570 profectum
2477 3503 2746 3557 existimat
2782 3519 2905 3559 esse
2947 3505 3133 3559 vitam.
3171 3507 3452 3574 Quomodo

1882 3597 2020 3650 ullus
2046 3596 2185 3649 alius
2206 3595 2445 3651 dolorem
2471 3604 2689 3665 propter
2714 3596 3094 3667 discipulorum
3117 3600 3453 3656 tmbecillita-

1875 3696 2020 3753 tem,
2068 3697 2159 3742 aut
2204 3688 2453 3757 gaudium
2506 3687 2579 3743 ita
2628 3687 3054 3759 signiﬁcaverit?
3104 3690 3219 3745 Non
3271 3692 3443 3761 dixit,

1872 3776 2158 3842 Lmlamur,
2188 3777 2304 3842 sed,
2347 3774 2589 3841 Vivimus,
2620 3779 2782 3833 vitam
2815 3778 3058 3834 indicans
3081 3780 3333 3838 futuram.

1946 3871 1999 3925 3.
2014 3870 2368 3936 Quamobrem
2395 3870 2595 3940 absque
2618 3870 2719 3927 hoc
2745 3886 2813 3926 ne
2830 3871 3005 3927 vivere
3017 3873 3231 3943 quidem
3260 3877 3447 3933 vivere

1872 3976 1991 4016 esse
2017 3962 2399 4016 existimamus.
2413 3963 2501 4018 Sic
2526 3962 2745 4018 affectos
2765 3973 2975 4033 oportet
2995 3981 3117 4021 esse
3138 3968 3440 4037 magistros,

1871 4055 1949 4110 sic
2002 4054 2330 4124 discipulos;
2385 4063 2440 4110 et
2488 4054 2619 4109 nihil
2676 4071 2924 4127 umquam
2983 4059 3084 4112 erit
3128 4060 3441 4115 absurdum.

1870 4147 2073 4202 Deinde
2100 4148 2201 4202 hoc
2230 4160 2452 4217 augens,
2481 4147 2603 4202 vide
2630 4148 2754 4217 quid
2800 4149 2942 4204 dicat
2969 4167 2982 4203 :
3012 4150 3064 4206 9.
3109 4151 3273 4216 Quam
3311 4155 3444 4209 enim

1867 4239 2146 4309 gratiarum
2173 4239 2419 4292 actionem
2448 4255 2711 4307 possumus
2732 4238 2841 4293 Deo
2866 4242 3140 4298 retribuere
3162 4259 3255 4312 pro
3280 4246 3437 4312 vobis,

1866 4333 1917 4385 in
1937 4333 2073 4385 omni
2092 4331 2276 4403 gaudio
2305 4347 2403 4399 quo
2430 4332 2709 4401 gaudemus
2731 4342 2935 4402 propter
2960 4347 3066 4398 vos,
3094 4344 3211 4387 ante
3254 4333 3438 4402 Deum,

1866 4423 1954 4478 10.
1994 4432 2138 4476 nocte
2157 4433 2205 4476 et
2238 4422 2319 4475 die
2343 4421 2682 4475 abundantius
2712 4433 2931 4488 orantes,
2967 4433 3021 4476 ut
3050 4424 3308 4479 videamus
3350 4430 3437 4497 fa-

1863 4514 1989 4567 ciem
2034 4522 2269 4578 vestram,
2308 4521 2352 4566 et
2381 4512 2722 4580 compleamus
2750 4529 2809 4566 ea
2842 4529 2955 4584 quae
2995 4513 3173 4568 desunt
3208 4515 3329 4583 fidei
3356 4532 3438 4571 ve-

1862 4605 2020 4660 strae?
2044 4603 2160 4658 Non
2177 4603 2371 4668 solum,
2395 4603 2584 4673 inquit,
2609 4602 2782 4659 fuistis
2802 4605 2956 4659 nobis
2976 4606 3097 4660 vitae
3117 4616 3367 4663 auctores
3383 4618 3439 4664 et

1861 4712 2057 4763 causa,
2091 4696 2187 4751 sed
2213 4695 2375 4751 etiam
2404 4695 2552 4749 multi
2580 4695 2777 4766 gaudii,
2807 4704 2862 4751 et
2889 4696 3042 4762 tanti,
3073 4708 3132 4752 ut
3172 4713 3241 4753 ne
3264 4700 3438 4769 possi-

1861 4804 1980 4843 mus
2004 4787 2238 4859 quidem,
2268 4797 2325 4841 ut
2349 4801 2445 4857 par
2472 4794 2572 4853 est,
2598 4787 2708 4841 Deo
2733 4788 2931 4857 gratias
2960 4803 3137 4857 agere.
3162 4790 3313 4856 Quod
3337 4805 3434 4846 vos

1859 4888 2006 4935 recte
2049 4880 2310 4949 gessistis,
2340 4879 2455 4945 Dei,
2490 4878 2680 4949 inquit,
2733 4878 2929 4934 donum
2984 4895 3109 4935 esse
3149 4881 3427 4936 existima-

1860 4987 1978 5026 mus
2012 4988 2024 5023 :
2060 4986 2157 5026 nos
2180 4970 2376 5025 talibus
2398 4969 2649 5025 aﬁ'ecistis
2672 4970 2967 5037 beneﬁciis,
2992 4971 3429 5028 utexistimemus

1857 5078 1918 5118 ea
1940 5077 2059 5119 esse
2084 5062 2202 5128 Dei,
2251 5061 2336 5117 vel
2369 5061 2545 5132 potius
2574 5061 2736 5116 etiam
2766 5076 2887 5117 esse
2926 5075 3059 5131 Opus
3096 5062 3187 5117 Dei
3214 5080 3228 5116 :
3252 5076 3425 5131 neque

1857 5156 2000 5209 enim
2031 5154 2293 5208 humanus
2313 5155 2542 5220 animus,
2574 5167 2673 5208 nec
2694 5152 2926 5206 studium
2958 5161 3011 5206 et
3033 5151 3290 5205 industria
3309 5150 3425 5207 haec

1854 5253 2031 5316 potest
2073 5244 2374 5314 concipere.
2421 5242 2604 5307 Nocte,
2646 5242 2835 5313 inquit,
2886 5250 2935 5295 et
2976 5241 3058 5293 die
3085 5240 3424 5295 abundantius

1854 5347 2076 5393 orantes.
2109 5335 2224 5391 Hoc
2251 5349 2461 5405 quoque
2499 5344 2581 5389 est
2615 5335 2823 5404 signum
2872 5331 3069 5402 gaudii.
3096 5330 3246 5386 Sicut
3274 5331 3420 5386 enim

1853 5428 2085 5500 agricola
2119 5427 2343 5481 audiens
2364 5439 2523 5497 agros
2546 5439 2575 5478 a
2595 5438 2655 5479 se
2682 5423 2855 5478 cultos
2882 5436 3000 5476 esse
3027 5420 3256 5476 refertos
3303 5422 3417 5475 fru-

1852 5520 2045 5586 ctibus,
2074 5516 2346 5573 desiderat
2373 5530 2553 5571 coram
2580 5522 2779 5569 tantam
2807 5511 2991 5566 videre
3016 5510 3253 5565 laetitiam
3285 5526 3298 5562 :
3342 5510 3415 5565 ita

1849 5613 2009 5669 etiam
2035 5610 2227 5666 Paulus
2258 5606 2640 5663 Macedoniam.
2670 5603 3022 5659 Abundantius
3040 5610 3255 5655 orantes.
3282 5599 3417 5657 Vide

1850 5701 2200 5776 hyperbolen.
2238 5698 2305 5755 Ut
2324 5698 2580 5752 videamus
2600 5697 2783 5769 {aciem
2808 5704 3043 5762 vestram,
3074 5701 3123 5747 et
3147 5691 3412 5762 complea-

1848 5812 1961 5850 mus
1985 5812 2043 5850 ea
2060 5808 2171 5864 qua:
2189 5793 2371 5845 desunt
2398 5789 2515 5859 ﬁdei
2531 5796 2723 5843 vestra.
2748 5786 2842 5841 Hic
2858 5799 3045 5856 magna
3064 5791 3147 5840 est
3165 5782 3411 5853 questio.

1849 5889 1904 5948 Si
1932 5889 2073 5955 enim
2101 5898 2239 5940 nunc
2266 5883 2400 5938 vivis
2425 5880 2679 5953 quoniam
2708 5889 2873 5948 stant,
2896 5890 2946 5936 et
2974 5876 3288 5934 Timotheus
3314 5868 3411 5931 tibi
