3964 6514
500 359 605 417 M9

500 470 831 526 aununtiavit
885 471 1121 542 ipsorum
1173 473 1331 531 fidem
1382 487 1438 533 et
1477 482 1774 551 caritatem,
1821 494 1877 541 et
1931 494 2074 541 tanta

499 576 559 615 es
616 561 801 631 plenus
850 562 1064 629 laetitia,
1120 572 1179 617 ut
1231 581 1300 622 ne
1362 570 1533 637 possis
1585 572 1821 641 quidem,
1881 585 1936 630 ut
1985 591 2079 645 par

499 662 623 720 est,
677 655 785 710 Deo
843 671 1003 725 agere
1051 658 1270 726 gratias,
1329 664 1599 731 quomodo
1651 664 1736 720 hic
1780 667 1913 722 dicis
1956 683 2075 723 esse

498 745 621 800 ﬁdei
655 745 939 802 defectus?
984 763 1162 803 annon
1214 761 1340 806 sunt
1381 753 1470 808 illa
1514 756 1677 810 verba
1717 757 2076 814 adulationis?

494 837 856 908 Nequaquam,
883 839 1039 895 absit.
1064 840 1195 896 Nam
1223 842 1369 913 prius
1391 854 1615 902 testatus
1644 856 1729 905 est
1753 864 1847 905 eos
1876 852 2073 907 multos

493 931 807 986 sustinuisse
860 932 1090 1001 labores,
1146 944 1202 990 et
1261 952 1367 993 non
1420 940 1597 994 minus
1658 957 1778 997 esse
1852 944 2072 1001 affectos

492 1038 651 1094 quam
683 1024 936 1078 Ecclesia:
980 1025 1033 1080 in
1075 1025 1279 1083 Judaea.
1318 1029 1457 1097 Quid
1496 1047 1623 1104 ergo
1657 1035 1772 1089 est?
1808 1034 1922 1091 Non
1950 1052 2069 1092 om-

492 1130 615 1170 nem
640 1129 987 1186 perceperant
1025 1120 1347 1190 doctrinam,
1386 1142 1559 1196 neque
1598 1127 1897 1186 didicerant
1923 1149 2069 1203 qua:-

489 1219 721 1276 cumque
752 1210 990 1277 oportuit
1026 1209 1233 1267 discere
1258 1230 1272 1267 :
1297 1224 1352 1269 et
1400 1214 1503 1271 hoc
1541 1217 1806 1288 signiﬁcat
1847 1221 1901 1276 in
1938 1223 2065 1278 line.

489 1296 740 1353 Fortasse
755 1302 1092 1370 quaerebatur
1105 1303 1172 1358 ab
1187 1304 1266 1360 eis
1285 1304 1352 1360 de
1373 1311 1770 1367 resurrectione
1789 1329 1803 1378 ;
1830 1323 1885 1368 et
1913 1315 2066 1371 multi

488 1397 642 1442 erant
666 1388 757 1459 qui
787 1404 881 1444 eos
908 1394 1324 1464 conturbabant,
1356 1413 1462 1452 non
1493 1401 1721 1471 amplius
1752 1407 2064 1464 tentatioui-

488 1481 588 1537 bus
601 1500 698 1539 nec
720 1487 991 1555 periculis,
1023 1490 1115 1545 sed
1140 1493 1452 1549 simulantes
1486 1511 1544 1550 se
1580 1512 1701 1557 esse
1724 1499 1974 1561 doctores
2011 1513 2065 1560 et

492 1576 793 1645 magistros.
846 1578 968 1633 Ideo
1015 1580 1117 1636 hoc
1158 1583 1327 1649 dicit,
1373 1585 1607 1660 Defectus
1653 1593 1795 1661 fidei.
1844 1595 1913 1649 Et
1957 1613 2062 1651 non

487 1667 648 1733 dixit,
680 1667 749 1724 Ut
774 1670 1170 1743 conﬁrmemUS,
1199 1675 1317 1748 Sed,
1348 1676 1415 1738 Ut
1438 1686 1794 1755 compleamus.
1822 1688 1950 1743 Nam
1978 1690 2069 1745 ubi

489 1764 557 1822 de
581 1769 695 1840 ipsa
716 1771 931 1842 puidem
947 1770 1053 1830 ﬂde
1081 1769 1352 1843 timuerat,
1376 1778 1512 1845 Misi,
1539 1782 1726 1852 inquit,
1754 1782 2065 1839 Timotheum

491 1861 561 1912 ad
585 1862 959 1930 conﬁrmandos
1000 1881 1124 1930 vos;
1155 1867 1237 1920 hic
1262 1878 1438 1923 autem
1469 1872 1535 1926 ad
1565 1874 1936 1944 complendum
1966 1877 2063 1932 de-

494 1950 687 2011 fectus.
717 1970 807 2007 seu
834 1970 895 2009 ea
927 1972 1043 2025 qua:
1069 1957 1296 2013 desunt:
1320 1962 1459 2031 quod
1488 1964 1656 2034 magis
1677 1975 1759 2020 est
1782 1966 2059 2035 doctrinm,

492 2058 651 2112 quam
676 2045 1101 2104 confirmationis
1126 2069 1140 2104 :
1162 2051 1298 2107 sicut
1321 2062 1373 2108 et
1398 2054 1518 2110 alibi
1545 2056 1691 2120 dicit.
1724 2059 1790 2113 Ut
1813 2061 1921 2114 sitis
1943 2077 2060 2129 per-

495 2136 615 2204 fecti
654 2137 723 2188 ad
747 2153 893 2191 omne
919 2156 1045 2208 opus
1071 2140 1253 2195 bonum
1288 2146 1360 2214 (1.
1393 2144 1509 2199 Cor.
1542 2147 1592 2202 1.
1627 2148 1735 2218 10).
1766 2148 2060 2205 Perfectum

489 2237 664 2281 autem
696 2239 777 2283 est
798 2271 813 2293 ,
844 2230 927 2284 cui
959 2247 1142 2302 parum
1170 2234 1294 2304 quid
1334 2236 1486 2291 deest
1512 2255 1527 2291 :
1557 2236 1663 2315 hoc
1683 2240 1823 2296 enim
1850 2242 2060 2309 perﬁci-

490 2327 595 2372 tur.
629 2320 712 2374 11.
742 2319 769 2373 1
777 2338 866 2391 pse
893 2335 1059 2377 autem
1094 2324 1230 2380 Deus
1260 2335 1305 2381 et
1332 2326 1487 2383 Pater
1512 2341 1697 2397 noster,
1727 2342 1773 2386 et
1809 2333 2059 2388 Dominus

492 2420 659 2463 uoster
684 2410 834 2466 Jesus
864 2412 1091 2469 Christus
1119 2418 1303 2489 dirigat
1331 2421 1461 2472 viam
1489 2432 1713 2475 nostram
1741 2424 1808 2477 ad
1836 2440 1940 2479 vos.
1970 2426 2056 2482 12.

499 2497 599 2554 Vos
623 2514 786 2555 autem
817 2502 1064 2559 Dominus
1084 2509 1404 2577 multiplicet,
1432 2521 1480 2564 et
1505 2512 1765 2567 abundare
1790 2516 1943 2585 faciat
1971 2532 2060 2569 ca-

488 2593 688 2646 ritatem
715 2605 925 2648 vestram
960 2597 1169 2652 invicem
1208 2610 1253 2654 et
1280 2602 1332 2655 in
1358 2619 1548 2667 omnes,
1579 2607 1994 2675 quemadmodum
2014 2618 2062 2661 et

490 2701 582 2737 nos
621 2687 673 2739 in
703 2688 859 2741 vobis.
899 2688 1008 2743 Hoc
1038 2692 1118 2746 es't
1145 2708 1366 2748 summa:
1393 2695 1716 2766 dilectionis,
1749 2716 1852 2754 non
1885 2702 2057 2757 stilum

489 2775 626 2844 apud
659 2791 716 2831 se
746 2786 929 2846 optare
954 2821 969 2845 ,
1002 2782 1095 2835 sed
1126 2783 1285 2838 etiam
1312 2796 1491 2840 votum
1522 2790 1759 2857 epistola:
1786 2792 2018 2847 inserere
2043 2811 2057 2846 :

488 2866 591 2921 hoc
619 2878 702 2922 est
730 2868 981 2924 ferventis
1026 2873 1223 2941 animi,
1253 2884 1307 2929 et
1333 2878 1418 2945 qui
1449 2878 1601 2946 plane
1632 2896 1737 2935 non
1768 2892 1937 2950 potest
1965 2898 2059 2939 co-

492 2959 663 3014 hiberi
694 2978 706 3013 :
738 2960 840 3016 hoc
871 2973 951 3017 est
979 2965 1139 3019 etiam
1170 2966 1422 3022 indicium
1454 2985 1669 3039 precum
1697 2989 1814 3042 qum
1842 2975 1948 3030 illic
1974 2975 2056 3030 fa-

490 3062 592 3105 cta:
620 3052 848 3121 fuerant,
874 3063 928 3109 et
949 3056 1104 3111 simul
1127 3061 1396 3114 excusatio
1416 3076 1478 3116 ac
1498 3062 1758 3127 defensio.
1784 3068 1924 3137 quod
1952 3083 2057 3124 non

490 3140 760 3209 labentes,
794 3160 890 3199 nec
912 3156 1008 3215 per
1034 3150 1330 3205 socordiam
1363 3167 1469 3208 non
1494 3154 1687 3210 adsint.
1719 3157 1880 3225 Quasi
1908 3160 2058 3217 dice-

456 3226 457 3229 “
493 3241 595 3299 ret,
625 3233 742 3302 lpse
770 3244 946 3290 autem
976 3237 1115 3293 Deus
1138 3252 1372 3310 amputet
1398 3246 1714 3302 tentationes
1743 3265 1859 3319 quas
1882 3265 1979 3306 nos
2006 3253 2057 3307 in

490 3337 702 3377 omnem
736 3335 938 3394 partem
970 3320 1207 3395 trahunt,
1231 3343 1289 3387 ut
1316 3343 1462 3389 recta
1486 3336 1551 3390 ad
1575 3352 1670 3392 vos
1696 3340 1924 3394 veniam.
1959 3340 2059 3397 Vos

488 3424 656 3467 autem
689 3414 934 3473 Dominus
968 3418 1287 3491 multiplicet,
1320 3432 1367 3476 et
1405 3423 1661 3481 abundare
1690 3430 1864 3498 faciat.
1898 3430 2058 3488 Vides

489 3506 790 3565 dilectionis
819 3509 1080 3567 fervorem
1123 3515 1212 3582 qui
1252 3531 1356 3571 non
1392 3527 1564 3588 potest
1587 3522 1822 3578 cohiberi
1847 3566 1860 3588 ,
1891 3527 1980 3596 qui
2006 3537 2060 3582 et

490 3601 667 3657 verbis
711 3605 1043 3660 ostenditur?
1085 3606 1424 3678 Multiplicet,
1466 3612 1665 3681 inquit,
1710 3625 1757 3669 et
1802 3617 2058 3673 abundare

489 3696 643 3765 faciat
667 3711 686 3749 :
705 3712 801 3767 pro
828 3712 892 3751 eo
917 3698 1056 3768 quod
1085 3710 1186 3765 est,
1214 3711 1420 3771 augeat.
1449 3704 1608 3771 Quasi
1634 3706 1852 3774 dixeris,
1885 3724 1950 3764 ex
1971 3726 2059 3765 su-

493 3786 910 3855 perabundantia
940 3790 1332 3859 quodammodo
1366 3794 1633 3850 desiderat
1678 3798 1745 3852 ab
1779 3799 1858 3854 eis
1885 3801 2055 3872 diligi.

494 3876 924 3941 Quemadmodum
952 3891 1001 3937 et
1027 3898 1116 3935 nos
1138 3923 1152 3946 ,
1195 3882 1401 3952 inquit,
1429 3886 1482 3939 in
1522 3886 1677 3940 vobis.
1711 3889 1764 3943 ld
1796 3899 1878 3945 est
1896 3934 1910 3957 ,
1938 3892 2054 3948 Jam

490 3967 702 4035 quidem
729 3977 811 4022 est
835 3978 1103 4035 nostrum,
1131 3970 1375 4028 volumus
1400 3984 1575 4030 autem
1605 3989 1659 4031 ut
1686 3980 1775 4033 liat
1800 3991 2054 4038 vestrum.

495 4059 655 4113 Vides
678 4070 930 4129 quantum
954 4061 1067 4117 vult
1090 4063 1302 4118 extendi
1330 4066 1642 4122 caritatem?
1670 4086 1773 4126 non
1801 4073 1937 4129 inter
1961 4092 2058 4131 nos

491 4152 686 4217 stilum,
717 4151 809 4206 sed
837 4152 994 4206 etiam
1022 4154 1236 4224 ubique.
1264 4154 1393 4211 Nam
1419 4156 1520 4212 hoc
1540 4159 1695 4228 plane
1719 4172 1801 4217 est
1824 4166 2057 4221 caritatis

496 4243 787 4299 secundum
820 4244 983 4299 Deum
1009 4287 1024 4309 ,
1056 4261 1243 4302 omnes
1285 4250 1562 4319 complecti
1588 4269 1601 4305 :
1625 4253 1668 4307 si
1699 4263 1875 4310 autem
1917 4257 2058 4315 hunc

489 4334 700 4403 quidem
731 4336 906 4404 diligis
931 4379 945 4401 ,
981 4337 1125 4391 illum
1165 4353 1292 4394 vero
1335 4341 1550 4398 minime
1570 4385 1585 4410 ,
1612 4353 1694 4399 est
1719 4348 1945 4403 amicitia
1973 4365 2056 4406 se-

488 4427 719 4480 cundum
772 4429 1059 4483 hominem.
1099 4428 1207 4484 Sed
1246 4441 1424 4487 nostra
1463 4450 1568 4490 non
1610 4446 1694 4492 est
1734 4438 2051 4508 hujusmodi.

494 4516 925 4581 Quemadmodum
960 4528 1005 4572 et
1042 4536 1133 4574 nos
1170 4522 1223 4574 in
1259 4523 1394 4578 vobis
1425 4541 1445 4578 :
1477 4527 1563 4581 15.
1602 4528 1670 4580 ad
1708 4531 2058 4599 conﬁrmanda

488 4607 643 4660 corda
680 4618 841 4662 vestra
879 4611 985 4664 sine
1026 4613 1228 4678 querela
1263 4615 1317 4667 in
1353 4618 1617 4674 sanctitate
1653 4632 1769 4676 ante
1809 4624 1967 4680 Deum
2010 4638 2057 4682 et

491 4697 700 4750 Patrem
728 4710 950 4752 nostrum
979 4702 1029 4753 in
1058 4704 1274 4757 adventu
1301 4704 1504 4761 Domini
1544 4713 1699 4765 nostri
1721 4713 1845 4767 Jestt
1873 4716 2055 4772 Christi

489 4803 602 4839 cum
645 4790 873 4841 omnibus
913 4793 1099 4845 sanctis
1146 4796 1273 4864 ejus.
1315 4794 1559 4853 Ostendit
1601 4801 1938 4860 dilectionem
1977 4808 2054 4864 eis

487 4876 680 4932 ail‘erre
705 4878 945 4945 lucrum,
977 4897 1081 4935 non
1111 4884 1174 4938 iis
1204 4884 1295 4955 qui
1333 4887 1640 4959 diliguntur.
1674 4893 1829 4961 Volo,
1863 4898 2050 4968 inquit,

486 4970 757 5027 abundare
788 4974 923 5027 hanc
948 4977 1220 5031 caritatem
1246 5022 1262 5045 ,
1303 4990 1359 5035 ut
1390 4984 1530 5037 nulla
1577 4986 1645 5041 sit
1686 4989 2047 5059 reprehensio.

485 5062 599 5116 Non
628 5062 789 5128 dixit,
824 5064 902 5119 Ad
932 5082 1026 5121 vos
1054 5068 1444 5129 conﬁrmandos
1463 5119 1478 5141 ,
1511 5077 1623 5141 sed,
1654 5078 1820 5135 Corda
1849 5094 2009 5140 vestra
2032 5102 2051 5139 :

484 5152 570 5208 Ex
610 5156 760 5210 corde
785 5156 917 5210 enim
945 5170 1126 5214 exeunt
1165 5162 1313 5217 mala:
1352 5169 1675 5237 cogitationes
1717 5173 1924 5244 (Matth.
1958 5179 2045 5234 15.

483 5249 597 5320 19).
629 5249 769 5304 Fieri
796 5252 938 5306 enim
970 5264 1143 5323 potest
1168 5267 1224 5311 ut
1252 5260 1340 5328 qui
1368 5262 1497 5316 nihil
1524 5265 1631 5335 agit
1659 5267 1727 5321 sit
1756 5270 1926 5324 malus
1951 5288 1963 5324 :
1988 5280 2047 5326 ut

484 5341 525 5395 si
563 5339 755 5395 habeat
791 5342 1075 5413 invidiam,
1104 5348 1563 5422 incredulitatem,
1593 5357 1805 5426 dolum,
1839 5361 2043 5418 lmtctur

481 5434 633 5488 malis
655 5474 671 5501 ,
706 5449 807 5489 non
836 5436 905 5490 sit
933 5452 1226 5507 propensus
1254 5442 1320 5496 ad
1348 5447 1650 5515 amandum,
1678 5450 1920 5521 dogmata
1953 5453 2045 5507 ha-

478 5524 603 5581 beat
628 5540 876 5595 perversa
907 5545 921 5581 :
949 5528 1063 5585 haec
1091 5535 1267 5587 omnia
1298 5545 1423 5589 sunt
1448 5539 1641 5595 cordis.
1675 5541 1787 5597 Hoc
1811 5560 1937 5599 vero
1963 5555 2045 5601 est

476 5620 753 5687 sanctitas,
781 5620 849 5675 ab
874 5621 957 5678 bis
981 5638 1100 5679 esse
1127 5641 1304 5696 puros.
1334 5629 1462 5684 Nam
1492 5634 1703 5702 proprie
1727 5636 1937 5706 quidem
1959 5637 2043 5694 di-

477 5710 620 5763 citur
643 5710 894 5767 sanctitas
916 5720 1261 5784 temperantia
1284 5735 1402 5790 quae
1426 5732 1508 5777 est
1529 5740 1623 5794 per
1647 5728 2038 5799 excellentiam,

476 5800 739 5869 siquidem
768 5803 1098 5863 immunditia
1123 5820 1204 5866 est
1231 5812 1506 5873 lornicatio
1534 5826 1588 5873 et
1615 5819 1963 5880 adulterium:
1986 5825 2038 5882 in

1232 366 1290 423 S.
1330 366 1604 426 JOANNIS
1641 372 2103 432 CHRYSOSTOMI
2140 379 2448 437 ARClllEP.
2490 382 3013 450 CONSTANTINOP.

3650 413 3750 471 «ιΞο

2185 504 2394 547 summa
2436 502 2615 551 autem
2656 513 2816 557 omne
2858 515 3131 572 peccatum
3171 520 3256 568 est
3295 515 3671 586 immunditia.
3700 539 3752 583 et

2181 583 2356 637 oumis
2379 583 2545 640 virtus
2569 591 2769 658 puritas
2790 603 2845 648 et
2867 598 3150 655 mundities
3172 643 3185 655 .
3210 602 3359 659 Beati
3376 610 3544 675 enim,
3566 583 3748 686 inquit,

2178 676 2354 728 mundi
2382 678 2534 733 corde
2554 680 2764 750 (Matth.
2786 686 2842 741 5.
2867 687 2947 761 8).
2966 690 3191 750 Mundos
3218 695 3348 754 dicit
3372 716 3472 757 eos
3499 676 3749 775 qui

2177 778 2244 818 ex
2279 777 2427 835 parte
2447 780 2570 825 sunt
2592 775 2795 830 mundi.

2247 857 2304 911 ι.
2351 858 2474 915 Scio
2518 862 2659 918 enim
2699 867 2803 921 alia
2847 884 3056 942 quoque
3100 890 3203 931 non
3252 880 3429 937 minus
3475 884 3748 954 inquinare

2174 946 2427 1003 animam.
2453 950 2583 1006 Nam
2612 956 2753 1025 quod
2777 958 2958 1014 vitium
2984 964 3183 1031 polluat
3204 968 3459 1037 animam,
3482 946 3607 1031 audi
3628 993 3748 1049 pro-

2175 1035 2390 1104 phetam
2415 1038 2677 1099 dicentem
2703 1062 2716 1098 :
2753 1047 2914 1102 Ablue
2938 1065 2970 1105 a
2996 1054 3113 1108 vitio
3139 1074 3226 1110 cor
3253 1069 3393 1115 tuum
3417 1035 3752 1128 ,ἀπέλιπε

2174 1122 2306 1195 (lar.
2328 1128 2382 1183 4.
2408 1130 2495 1201 14)
2518 1148 2532 1196 ;
2560 1142 2613 1187 et
2639 1149 2844 1202 rursus,
2865 1137 3147 1211 Lavamini,
3172 1151 3348 1203 mundi
3362 1122 3536 1221 estote,
3561 1158 3752 1225 auferte

2174 1219 2444 1283 pravitates
2468 1224 2531 1276 ab
2555 1226 2821 1283 animabus
2846 1234 3019 1288 vestris
3046 1236 3064 1303 (
3074 1235 3202 1294 1.ςαὶ.
3230 1242 3279 1294 1.
3306 1244 3417 1314 16).
3448 1219 3568 1303 Non
3594 1219 3744 1319 dixit,

2170 1307 2574 1370 Fornicationes
2604 1335 2618 1371 :
2647 1322 2897 1388 quocirca
2940 1341 3045 1380 non
3080 1328 3360 1389 fornicatio
3404 1340 3583 1394 solum
3609 1384 3626 1407 ,
3656 1347 3748 1401 sed

2168 1400 2329 1456 etiam
2355 1403 2456 1457 alia
2483 1406 2762 1476 inquinant
2782 1414 3035 1471 animam.
3059 1418 3141 1472 Ad
3160 1425 3531 1493 conﬁrmanda.
3557 1400 3744 1503 inquit,

2168 1493 2322 1546 corda
2360 1507 2523 1550 vestra
2560 1502 2668 1555 sine
2707 1507 2911 1573 querela
2953 1509 3005 1562 in
3050 1517 3316 1571 sanctitate
3344 1535 3518 1576 coram
3562 1524 3671 1579 Deo
3703 1540 3748 1583 ct

2169 1580 2326 1636 Patre
2355 1597 2559 1652 nostra,
2591 1591 2645 1643 in
2683 1593 2900 1649 adventu
2940 1597 3141 1654 Domini
3185 1608 3342 1660 nostri
3379 1609 3505 1664 Jesu
3554 1614 3745 1671 Christi

2168 1687 2283 1726 cum
2301 1678 2531 1733 omnibus
2547 1683 2733 1735 sanctis
2750 1686 2871 1739 suis.
2887 1686 3055 1744 Judex
3073 1707 3201 1763 ergo
3219 1705 3341 1752 tunc
3356 1701 3456 1754 erit
3469 1702 3739 1763 Christus:

2168 1778 2274 1817 non
2302 1777 2426 1821 ante
2455 1768 2625 1837 ipsum
2652 1782 2853 1843 autem,
2877 1779 2968 1832 sed
2995 1782 3155 1837 etiam
3181 1796 3306 1842 ante
3331 1789 3545 1847 Patrem
3568 1798 3739 1854 adstaa

2168 1871 2308 1921 mus,
2338 1857 2463 1912 dum
2487 1860 2807 1929 judicamur.
2842 1869 2947 1923 Aut
2978 1870 3079 1927 hoc
3108 1874 3253 1942 dicit,
3288 1880 3421 1936 nulli
3452 1887 3742 1955 reprehen-

2166 1946 2303 2001 sioni
2331 1948 2519 2005 affines
2547 1968 2665 2010 esse
2695 1970 2945 2026 oportere
2970 1973 3094 2019 ante
3124 1965 3286 2023 Deum
3315 1989 3328 2025 :
3353 1974 3498 2043 quod
3515 1946 3739 2045 quidem

2166 2052 2378 2107 semper
2399 2041 2541 2108 dico,
2570 2060 2749 2102 coram
2778 2050 2888 2105 Deo
2909 2053 3047 2123 (lucc
3071 2060 3212 2113 enim
3237 2041 3404 2119 virtus
3426 2076 3511 2121 est
3538 2041 3672 2137 pura
3691 2084 3742 2128 et

2165 2131 2395 2203 sincera)
2422 2173 2437 2199 ,
2485 2150 2589 2191 non
2629 2153 2807 2195 coram
2838 2143 3157 2203 hominibus.
3188 2152 3391 2209 Caritas
3420 2173 3557 2228 ergo
3586 2162 3740 2219 ellicit

2166 2223 2293 2277 nulli
2322 2225 2510 2282 aftines
2535 2232 2933 2299 reprehensioni
2959 2256 2972 2290 :
2994 2249 3048 2294 et
3072 2257 3197 2299 vere
3221 2223 3521 2319 inculpata;
3551 2254 3737 2311 reddit.

2164 2311 2295 2369 Cum
2320 2331 2416 2386 ego
2440 2319 2724 2388 aliquando
2743 2326 2951 2382 cuidam
2974 2346 3241 2389 narrarem
3266 2348 3319 2392 et
3338 2311 3578 2398 dicerem
3606 2350 3739 2417 quod

2164 2406 2356 2459 caritas
2383 2409 2571 2465 reddat
2615 2414 2742 2468 nulli
2784 2416 2970 2473 affines
3007 2426 3402 2492 reprehensioni
3426 2473 3440 2493 ,
3475 2449 3579 2489 nec
3608 2406 3739 2493 sinat

2165 2511 2248 2557 ea,
2279 2514 2397 2568 qua:
2422 2514 2541 2555 cum
2566 2505 2807 2572 proximo
2834 2509 3112 2567 intercedit
3131 2516 3377 2581 amicitia,
3403 2524 3623 2594 aliquod
3647 2528 3737 2583 de-

2166 2587 2350 2643 lictum
2383 2590 2653 2663 irrepere,
2685 2606 2740 2651 et
2768 2599 2868 2653 alia
2899 2604 3074 2657 omnia
3106 2621 3439 2667 recenserem
3480 2627 3536 2670 et
3568 2619 3737 2675 verbis

2164 2693 2533 2750 persequerer,
2552 2687 2764 2756 quidam
2785 2705 2849 2744 ex
2866 2694 2998 2748 meis
3015 2694 3357 2757 familiaribus
3378 2710 3732 2777 respondens,

2163 2771 2302 2826 dixit
2334 2790 2348 2827 :
2379 2774 2515 2841 Quid
2552 2793 2679 2850 ergo
2717 2786 3006 2841 scortatio?
3034 2802 3207 2846 annon
3242 2793 3363 2849 licet
3392 2808 3447 2851 et
3472 2771 3661 2857 amare
3686 2817 3735 2859 et

2163 2866 2426 2921 scortari?
2456 2876 2509 2923 et
2531 2869 2631 2925 hoc
2650 2872 2861 2943 quidem
2890 2877 2946 2931 lit
2969 2893 3033 2933 ex
3060 2883 3312 2939 amicitia.
3336 2887 3494 2945 Certe
3517 2898 3732 2951 avaritia

2163 2954 2373 3023 quidem
2404 2967 2458 3011 et
2484 2958 2801 3017 adulterium
2821 2965 2836 2995 ¹
2868 2976 2921 3020 et
2947 2969 3138 3025 invidia
3180 2983 3231 3028 et
3262 2976 3503 3045 insidias,
3537 2993 3595 3037 et
3622 3001 3733 3055 quae

2163 3058 2288 3104 sunt
2316 3050 2600 3123 ejusmodi,
2634 3068 2854 3126 possunt
2880 3074 3122 3121 avertere
3148 3083 3178 3121 a
3207 3050 3729 3143 prepinquorum'di-

2162 3138 2420 3207 lectione;
2445 3148 2697 3202 scortatio
2717 3158 2915 3217 autem,
2938 3153 3124 3224 inquit.
3144 3138 3450 3227 quomodo?
3473 3166 3589 3238 Ego
3612 3186 3729 3225 vero

2163 3230 2271 3287 dixi
2296 3275 2311 3301 ,
2344 3235 2483 3305 quod
2512 3237 2611 3294 hoc
2638 3256 2847 3312 quoque
2875 3256 3047 3313 potest
3074 3252 3366 3319 reprimere
3390 3267 3445 3311 et
3476 3230 3729 3331 impedire

2161 3326 2375 3382 caritas.
2406 3328 2539 3384 Nam
2567 3332 2613 3386 si
2643 3334 2761 3404 quis
2788 3347 2931 3392 amet
2958 3341 3237 3399 mulierem
3271 3362 3389 3416 qua:
3422 3363 3723 3419 scortatur,

2161 3418 2230 3471 al)
2264 3419 2384 3475 aliis
2413 3422 2540 3477 viris
2568 3438 2685 3479 eam
2719 3429 2943 3483 tentabit
2971 3431 3237 3491 abducere
3260 3479 3274 3502 ,
3309 3455 3484 3508 neque
3522 3445 3637 3514 ipse
3666 3448 3727 3501 ad

2161 3521 2438 3579 peccatum
2469 3515 2730 3573 admittet.
2756 3519 3108 3586 Quamobrem
3132 3529 3219 3596 qui
3245 3543 3528 3599 scortatur,
3563 3554 3727 3593 mere-

2166 3606 2350 3658 tricem
2381 3606 2665 3664 admodum
2694 3612 2836 3678 odit;
2870 3616 2959 3684 qui
2992 3628 3165 3673 autem
3201 3622 3348 3679 valde
3377 3627 3585 3699 diligit,
3616 3649 3723 3687 eam

2161 3693 2388 3751 abducet
2426 3698 2493 3753 ab
2531 3700 2618 3754 illa
2662 3702 3011 3762 abominanda
3052 3713 3280 3768 actione.
3327 3716 3441 3773 Non
3472 3693 3595 3787 est,
3627 3742 3724 3778 non

2162 3795 2241 3839 est
2269 3787 2432 3841 ullum
2459 3800 2755 3861 peccatum,
2784 3797 2923 3865 quod
2953 3815 3057 3855 non
3089 3811 3351 3876 tamquam
3380 3810 3518 3880 ignis
3540 3830 3728 3871 consu-

2162 3888 2272 3932 mat
2301 3881 2380 3935 vis
2409 3883 2646 3941 caritatis
2671 3897 2724 3941 et
2755 3888 3073 3947 dilectionis.
3103 3893 3331 3954 Facilius
3356 3904 3501 3958 enim
3533 3909 3728 3963 resistit

2162 3970 2266 4024 vile
2291 3986 2615 4029 sarmentum
2645 3993 2834 4048 magno
2860 3981 2994 4051 ignis
3024 4000 3173 4056 rogo,
3202 4005 3357 4059 quam
3390 4004 3582 4051 natura
3614 4016 3729 4068 pec-

2164 4064 2264 4116 cati
2298 4068 2541 4132 potestati
2570 4070 2827 4125 caritatis.
2869 4073 3015 4130 llanc
3057 4094 3186 4149 ergo
3224 4082 3524 4151 plantemus
3555 4064 3728 4146 in-no-

2162 4154 2286 4209 stris
2329 4157 2555 4221 animis,
2598 4171 2655 4214 ut
2688 4170 2891 4219 stemus
2931 4181 3051 4221 cum
3089 4174 3336 4229 omnibus
3373 4181 3577 4235 sanctis
3610 4200 3624 4235 :
3657 4185 3727 4238 illi

2161 4246 2303 4299 enim
2332 4262 2517 4303 omnes
2546 4249 2862 4320 placuerunt
2898 4266 2953 4310 et
2992 4263 3192 4331 accepti
3239 4263 3449 4323 fuerunt
3497 4286 3567 4326 ex
3595 4272 3727 4329 dile-

2160 4338 2335 4393 ctione
2380 4342 2628 4408 proximi.
2671 4342 2822 4401 Unde
2863 4350 3053 4404 accidit
3090 4354 3228 4421 quod
3269 4357 3621 4432 interemptus
3665 4369 3724 4419 sit

2162 4428 2317 4494 Abel,
2348 4439 2401 4485 et
2429 4448 2532 4485 non
2564 4434 2933 4515 interemerit?
2960 4442 3038 4495 Ex
3069 4459 3134 4498 eo
3158 4448 3297 4514 quod
3328 4428 3547 4508 fratrem
3580 4458 3727 4512 valde

2159 4518 2403 4591 diligeret
2428 4542 2441 4577 :
2471 4539 2642 4595 neque
2668 4529 2917 4584 sustinuit
2938 4543 2992 4586 ut
3018 4533 3106 4588 illa
3136 4537 3395 4605 ejusmodi
3419 4544 3469 4597 ei
3500 4544 3551 4598 in
3578 4563 3725 4603 men-

2160 4619 2267 4665 tem
2298 4614 2503 4669 veniret
2541 4617 2809 4686 cogitatio.
2857 4620 3132 4680 Undenam
3183 4628 3392 4686 invidia:
3437 4638 3724 4703 perniciem

2158 4706 2390 4773 suscepit
2441 4706 2606 4761 Cain?
2648 4725 2751 4764 non
2797 4714 2937 4766 enim
2985 4730 3105 4770 eum
3152 4717 3218 4773 de
3260 4731 3457 4777 ctetero
3502 4726 3720 4783 dixerim

2158 4793 2373 4850 fratrem
2400 4795 2600 4851 Abelis.
2624 4799 2883 4866 Quoniam
2906 4805 3044 4873 apud
3068 4821 3189 4862 eum
3216 4825 3319 4863 non
3344 4814 3476 4867 satis
3505 4816 3722 4871 ﬁrmiter

2157 4895 2311 4939 erant
2352 4886 2492 4955 jacta
2521 4891 2756 4945 caritatis
2794 4892 3153 4951 fundamenta.
3182 4897 3461 4956 Undenam
3506 4905 3627 4959 boni
3669 4918 3719 4961 et

2156 4977 2307 5047 probi
2325 4988 2445 5033 sunt
2464 4981 2748 5036 existimati
2774 4983 2865 5037 ﬁlii
2880 4984 2991 5041 Noe
3006 4990 3030 5039 Ἰ
3048 5002 3223 5043 annon
3246 4994 3495 5061 quoniam
3518 5008 3713 5068 patrem

2156 5067 2482 5140 diligebant,
2516 5088 2685 5144 neque
2728 5076 3094 5133 sustinuerunt
3134 5080 3249 5150 ejus
3287 5082 3471 5141 videre
3516 5067 3713 5142 nudita-

2155 5160 2301 5213 tem?
2330 5160 2599 5216 Undenam
2622 5174 2797 5218 autem
2817 5166 2951 5222 alter
2966 5168 3133 5224 diram
3158 5188 3440 5241 perpessus
3462 5190 3543 5232 est
3563 5196 3713 5235 esse-

2153 5250 2443 5305 crationem
2460 5250 2484 5304 7
2504 5267 2679 5308 annon
2702 5270 2766 5309 ex
2784 5270 2848 5310 eo
2866 5258 3004 5327 quod
3028 5275 3131 5313 non
3154 5261 3430 5332 diligeret?
3449 5269 3706 5324 Abraham

2152 5348 2327 5394 autem
2350 5342 2486 5397 unde
2508 5352 2588 5397 est
2608 5357 2920 5415 assequutus
2937 5348 3144 5404 laudem
3166 5363 3217 5405 et
3237 5354 3707 5413 existimationem?

2151 5448 2327 5488 annon
2349 5448 2419 5489 ex
2442 5434 2745 5503 dilectione,
2771 5446 2828 5493 ut
2848 5440 2935 5509 qui
2955 5456 3036 5496 res
3059 5441 3234 5498 fratris
3256 5447 3336 5499 sui
3359 5447 3452 5503 lilii
3476 5453 3703 5505 curat-it?

2214 5655 2229 5684 ¹
2261 5652 2750 5731 lrLColbLetdmarg.
2770 5656 2940 5731 “Savil.
2963 5658 3032 5731 sic
3060 5658 3282 5731 legitur:
3307 5661 3429 5731 Quid
3467 5671 3623 5731 σηιξη
3645 5665 3696 5713 de

2149 5710 2430 5778 scortatione
2450 5713 2611 5766 dicere
2632 5710 2792 5778 potas?
2812 5731 2968 5769 annon
2986 5719 3092 5770 licet
3112 5710 3280 5772 artare
3300 5710 3347 5773 ὰ
3587 5710 3697 5774 ξολλ

2149 5775 2211 5826 sit
2234 5789 2252 5825 :
2277 5780 2489 5846 maxime
2504 5775 2640 5855 vero
2663 5780 2728 5828 ad
2762 5792 2979 5855 antorem
3000 5785 3207 5855 pertinet-
3239 5798 3351 5855 non.
3371 5788 3593 5836 scortari.
3620 5786 3698 5837 Ille

2152 5844 2309 5890 autem
2333 5850 2350 5889 :
2372 5839 2602 5901 Equidem
2637 5840 2854 5904 avaritia,
2881 5839 3049 5908 inquit,
3076 5852 3121 5897 ct
3143 5846 3457 5909 adulterium,
3484 5856 3579 5898 etc.
