3874 6556
203 422 306 475 “9
374 414 377 415 ν

198 535 616 605 εὐηργετήσατε,
654 533 728 596 ὡς
764 534 857 588 τοῦ
897 534 1033 587 Θεοῦ
1083 536 1325 605 νομίζειν
1361 534 1536 593 εἶναι⁹
1570 539 1768 607 μᾶλλον

196 622 251 673 δὲ
289 621 384 675 καὶ
423 621 581 690 ἔργον
628 619 763 673 Θεοῦ
785 638 799 652 ο
834 620 895 673 ού
926 626 1032 692 γὰρ
1066 622 1414 694 ἀνθρωπίνης
1443 625 1622 695 ψυχῆς
1651 626 1772 679 ούδέ

198 706 433 776 σπουδῆς
457 704 709 759 τοσοῦτον
738 707 1013 777 φρόνημα.
1050 710 1305 774 Νυκτὸς,
1334 712 1487 782 φησὶ,
1513 712 1608 765 καί
1630 713 1771 781 ἠμέ-

186 811 302 862 ρας
324 794 839 863 ὑπερεκπερισσοῦ
864 794 1152 864 δεόμενοι.
1176 798 1284 851 Καὶ
1300 799 1459 851 τοῦτο
1478 800 1575 870 τῆς
1603 801 1774 871 χαρᾶς

195 883 438 951 σημεῖον.
458 880 726 952 Καθάπερ
748 881 856 951 γάρ
882 898 967 943 τις
993 880 1257 953 γεωργὸς.
1277 884 1493 938 ἀκούων
1521 887 1649 956 περὶ
1674 886 1773 956 τῆς

194 967 360 1021 αὐτοῦ
402 968 585 1038 χώρας
631 971 730 1039 τῆς
784 968 1111 1039 πονηθείσης
1172 970 1340 1039 αὐτῷ.
1390 972 1472 1025 ὅτι
1530 971 1773 1042 βρίθεται

191 1059 305 1120 τοῖς
329 1060 561 1127 καρποῖς
581 1068 629 1117 ι,
648 1055 804 1108 ποθεῖ
818 1058 934 1109 κατ’
952 1056 1072 1125 ὄψιν
1094 1056 1191 1127 τὴν
1205 1058 1475 1130 τοσαύτην
1497 1058 1626 1112 ίδεῖν
1651 1060 1774 1129 ἠδο-

196 1147 294 1214 νήν
312 1161 324 1173 ·
360 1143 503 1196 οὕτω
531 1144 625 1195 καὶ
656 1142 868 1206 Παῦλος
897 1143 994 1213 τὴν
1022 1143 1383 1199 Μακεδονίαν.
1420 1145 1774 1213 ’Υπερεκπε-

186 1232 413 1299 ρισσοῦ
444 1232 731 1300 δεόμενοι.
761 1232 903 1302 Ὅρα
929 1231 1029 1300 τὴν
1056 1232 1381 1304 ὑπερϐολήν.
1406 1235 1511 1299 Είς
1538 1233 1605 1286 τὸ
1627 1233 1775 1287 ἰδεῖν

192 1317 361 1388 ὑμῶν
378 1319 441 1372 τὸ
459 1320 801 1386 πρόσωπον,
817 1318 916 1371 καὶ
936 1322 1286 1387 καταρτίσαι
1306 1319 1377 1372 τὰ
1397 1320 1775 1389 ὑστερήματα

195 1404 307 1472 τῆς
346 1404 607 1470 πίστεως
650 1403 836 1473 ὑμῶν.
886 1404 1147 1458 Ἐνταῦθα
1181 1406 1314 1460 πολὺ
1344 1407 1404 1460 τὸ
1446 1407 1683 1478 ζήτημα.
1710 1408 1773 1459 Εἰ

193 1491 303 1562 γάρ
331 1493 424 1544 νῦν
463 1490 562 1561 ζῇς
614 1492 695 1544 ὅτι
746 1492 1032 1562 ἑστήκασι,
1075 1494 1170 1546 καὶ
1202 1495 1461 1563 Τιμόθεος
1492 1494 1774 1565 εύηγγελί⁶

198 1580 330 1631 σιιτό
355 1597 413 1631 σε
441 1580 540 1647 τὴν
580 1578 763 1631 πίστιν
796 1580 975 1632 αὐτῶν
1004 1583 1099 1633 καὶ
1120 1582 1218 1652 τὴν
1254 1572 1494 1652 ἀγάπην,
1527 1582 1621 1634 καὶ
1648 1599 1771 1635 τοσ-

194 1667 364 1737 αύτης
573 1664 621 1719 εἷ
649 1669 824 1737 χαρᾶς
855 1669 1070 1737 μεστὸς,
1124 1670 1200 1732 ὡς
1227 1671 1360 1740 μηδὲ
1398 1670 1655 1724 δύνασθαι
1694 1670 1773 1740 τῷ

193 1754 316 1824 Θεῴ
330 1755 446 1807 κατ’
464 1754 621 1819 ἀξίαν
642 1756 1053 1825 εὐχαριστῆσαι,
1074 1758 1187 1819 πῶς
1210 1757 1440 1811 ἐνταῦθα
1461 1759 1528 1811 τά
1549 1760 1774 1829 ὑστερή-

198 1859 346 1911 ματα
391 1842 488 1910 τῆς
521 1843 755 1904 πίστεως
785 1842 963 1895 αὐτῶν
998 1841 1138 1896 εἶναι
1190 1845 1323 1915 φῄς;
1367 1841 1477 1915 ἄρα
1512 1846 1587 1915 μὴ
1618 1846 1775 1897 κολα-

195 1929 350 1991 κείας
374 1928 438 1980 τὰ
466 1928 688 1998 ῥήματα
707 1930 890 1981 ἐκεῖνα
909 1947 923 1994 ;
942 1930 1224 2000 Μηδαμῶς
1243 1948 1257 1961 ο
1284 1931 1358 2000 μὴ
1387 1932 1613 1999 γένοιτο.
1639 1933 1775 2002 Προ-

192 2015 375 2067 λαϐὼν
424 2014 533 2086 γάρ
608 2016 1011 2086 ἐμαρτύρησεν,
1057 2019 1138 2070 ὅτι
1173 2017 1399 2081 πολλοὺς
1446 2018 1641 2082 ἄθλους
1673 2021 1774 2071 ὑπ-

189 2104 439 2173 έμειναν,
476 2104 572 2155 καὶ
606 2104 757 2156 οὐδὲν
786 2106 965 2174 χεῖρον
984 2104 1299 2175 διετέθησαν
1334 2105 1439 2159 τῶν
1465 2108 1522 2159 ἐν
1541 2110 1606 2176 τῇ
1646 2107 1775 2160 Ἰου⁴

187 2191 319 2261 δαίᾳ
362 2190 712 2260 Ἐκκλησιῶν.
739 2191 803 2243 Τί
834 2188 924 2243 οῦν
948 2193 1123 2256 ἐστιν;
1149 2194 1223 2245 Οὐ
1251 2193 1432 2262 πάσης
1461 2194 1773 2247 ἀπέλαυσαν

184 2277 293 2345 τῆς
329 2276 696 2339 διδασκαλίας,
723 2278 841 2330 ούδέ
870 2278 968 2331 ὃσα
996 2279 1162 2349 ἐχρῆν
1193 2280 1384 2349 μαθεῖν
1418 2280 1620 2349 ἔμαθον
1641 2298 1654 2312 ·
1681 2282 1774 2334 καὶ

184 2364 351 2418 τοῦτο
395 2365 545 2434 δηλοῖ
599 2364 735 2436 πρὸς
766 2365 842 2435 τῷ
891 2366 1051 2419 τέλει.
1093 2366 1248 2430 Ἴσως
1298 2368 1355 2419 δὲ
1402 2370 1496 2421 καὶ
1533 2370 1775 2439 ἐζητεῖτο

184 2454 329 2524 παρ’
358 2454 543 2515 αὐτοῖς
574 2452 704 2524 περὶ
747 2454 847 2523 τῆς
884 2454 1251 2519 ἀναστάσεως,
1285 2456 1379 2509 καὶ
1411 2456 1594 2509 πολλοὶ
1631 2452 1774 2528 ἦσαν

184 2542 241 2592 οἱ
280 2540 638 2610 θορυϐοῦντες
675 2540 893 2606 αὐτοὺς,
925 2541 1108 2594 οὐκέτι
1133 2545 1249 2605 τοῖς
1276 2546 1627 2614 πειρασμοῖς,
1655 2546 1774 2599 οὐδὲ

184 2631 306 2689 τοῖς
330 2626 616 2690 κινδύνοις,
646 2626 759 2680 ἀλλ’
792 2628 1213 2699 ὑποκρινόμενοι
1241 2631 1368 2692 τοὺς
1396 2630 1768 2695 διδασκάλους.

186 2714 366 2766 Τοῦτό
388 2715 415 2754 b
439 2731 590 2784 φησι,
622 2715 697 2767 Τὰ
718 2714 1102 2781 ὑστερήματα
1126 2714 1231 2783 τῆς
1257 2717 1544 2783 πίστεως·
1569 2720 1660 2772 καὶ
1687 2719 1774 2772 διά

184 2801 353 2855 τοῦτο
384 2802 554 2865 οὕτως
600 2802 847 2871 ἐνέφηνε,
879 2803 973 2855 καὶ
1023 2804 1124 2855 οὐκ
1163 2799 1335 2869 εἶπεν,
1367 2807 1447 2868 είς
1492 2806 1553 2858 τὸ
1584 2823 1773 2878 στηρι-

191 2890 414 2959 χθῆναι,
438 2889 593 2952 ἀλλά,
618 2889 1000 2958 Καταρτίσαι.
1040 2889 1208 2942 Ἔνθα
1246 2891 1346 2961 μὲν
1385 2893 1494 2963 γὰρ
1526 2894 1653 2964 περὶ
1681 2895 1776 2947 αύ-

183 2978 290 3045 τῆς
341 2976 437 3045 τῆς
484 2975 718 3039 πίστεως
770 2976 1046 3040 ἐδεδοίκει,
1080 2978 1377 3045 Ἔπεμψα,
1409 2979 1563 3049 φησὶ,
1612 2982 1776 3050 Τιμό-

184 3068 335 3117 θεον
359 3066 444 3128 είς
469 3063 535 3115 τὸ
567 3063 843 3130 στηρίξαι
875 3063 1032 3133 ὑμᾶς
1051 3081 1065 3094 ·
1091 3064 1323 3117 ἐνταῦθα
1347 3065 1423 3132 δὲ,
1456 3066 1524 3119 τά
1552 3067 1777 3139 ὑστερή-

194 3170 349 3221 ματα
377 3152 525 3219 λέγει
562 3152 912 3222 καταρτίσαι,
945 3152 974 3205 ὃ
1001 3152 1353 3216 διδασκαλίας
1380 3153 1578 3223 μᾶλλόν
1605 3155 1773 3219 ἐστιν,

191 3240 231 3309 ἢ
280 3237 616 3309 βεϐαιώσεως
641 3254 656 3268 ⁸
696 3237 947 3308 καθάπερ
999 3239 1094 3292 καὶ
1140 3239 1374 3310 ἀλλαχοῦ
1408 3258 1602 3311 φησιν’
1640 3240 1777 3294 Ἵνα

190 3325 304 3395 ἦτε
334 3326 785 3395 κατηρτισμένοι
821 3329 909 3393 είς
959 3326 1084 3381 πᾶν
1121 3328 1299 3398 ἔργον
1341 3329 1585 3398 ἀγαθόν.
1620 3329 1692 3381 Τὸ
1719 3329 1776 3381 δὲ

186 3415 627 3486 κατηρτισμένον
674 3417 849 3469 ἐκεῖνό
910 3418 1080 3479 ἐστιν,
1128 3409 1172 3484 ᾧ
1226 3417 1405 3485 ὀλίγον
1463 3435 1516 3471 τι
1566 3418 1773 3472 λείπει·

182 3503 352 3557 τοῦτο
383 3505 491 3573 γὰρ
524 3504 929 3573 καταρτίζεται.
962 3504 1155 3570 Αὐτὸς
1183 3504 1251 3557 δὲ
1280 3508 1312 3558 ό
1344 3506 1488 3571 Θεὸς
1515 3507 1615 3559 καὶ
1656 3512 1774 3560 Πα-

183 3591 304 3658 τὴρ
350 3589 543 3659 ἡμῶν,
596 3590 695 3643 καὶ
748 3590 779 3643 ὁ
815 3592 1030 3658 Κύριος
1060 3589 1230 3659 ἡμῶν
1258 3590 1493 3658 Ἰησοῦς
1528 3593 1777 3660 Χριστὸς

184 3679 551 3732 κατευθύναι
582 3676 698 3745 τὴν
729 3677 873 3730 ὁδὸν
906 3678 1074 3746 ἡμῶν
1110 3679 1261 3746 πρὸς
1288 3679 1465 3745 ὑμᾶς.
1501 3680 1684 3749 ’Υμᾶς
1709 3680 1778 3734 δὲ

184 3768 223 3818 ὁ
266 3766 487 3833 Κύριος
525 3763 882 3829 πλεονάσαι,
911 3764 1009 3817 καὶ
1050 3766 1452 3832 περισσεύσαι
1478 3764 1551 3833 τῇ
1576 3766 1775 3835 ἀγάπῃ

180 3856 275 3918 εἰς
302 3853 616 3918 ἀλλήλους
647 3853 744 3905 καὶ
777 3854 865 3917 είς
898 3852 1151 3917 πάντας,
1184 3852 1450 3920 καθάπερ
1482 3852 1583 3906 καί
1608 3852 1779 3921 ἡμεῖς

178 3941 271 4001 είς
324 3938 500 4006 ὑμᾶς.
557 3939 725 3992 Τοῦτο
783 3939 1226 4009 ὑπερϐαλλούσης
1286 3940 1525 4010 ἀγάπης,
1575 3941 1635 3992 τὸ
1700 3940 1775 4011 μὴ

184 4030 357 4095 μόνον
380 4026 499 4078 καθ’
526 4026 716 4080 ἑαυτὸν
752 4025 1029 4096 εὔχεσθαι,
1056 4025 1191 4079 ἀλλά
1221 4028 1315 4079 καὶ
1342 4028 1399 4078 ἐν
1427 4029 1492 4097 τῇ
1521 4027 1774 4100 ἐπιστολῇ

178 4114 287 4184 τὴν
306 4114 473 4183 εὐχὴν
500 4113 804 4167 ἐντίθεσθαι
818 4131 831 4145 ο
852 4113 1008 4165 τοῦτο
1024 4112 1251 4183 ζεούσης
1268 4111 1467 4183 ψυχῆς,
1494 4114 1587 4166 καὶ
1605 4114 1774 4179 ὅντως

180 4203 570 4273 ἀκαρτερήτου
586 4219 600 4234 ο
618 4203 775 4256 τοῦτο
795 4202 989 4273 δεῖγμα
1016 4204 1108 4255 καὶ
1134 4202 1242 4253 τῶν
1263 4203 1379 4254 ἐκεῖ
1397 4203 1776 4272 γεγενημένων

180 4288 399 4357 εὐχῶν·
437 4288 552 4358 ἅμα
592 4288 649 4341 δέ
682 4289 778 4343 καὶ
811 4288 1099 4357 ἀπολογία,
1126 4289 1207 4341 ὅτι
1255 4290 1351 4358 οὐχ
1390 4289 1625 4353 ἐκόντες,
1656 4289 1775 4342 ούδέ

190 4375 567 4447 ῥᾳθυμοῦντες
624 4377 686 4429 οὐ
744 4378 1157 4446 παραγίνονται.
1224 4376 1312 4437 Ὠς
1362 4375 1428 4428 ἂν
1467 4377 1514 4427 εί
1560 4375 1771 4444 ἔλεγεν·

160 4464 371 4527 Ἀὐτὸς
403 4465 457 4517 δὲ
486 4467 514 4518 ὁ
542 4466 674 4529 Θεὸς
706 4465 936 4534 ἐκκόψαι
966 4465 1092 4528 τοὺς
1116 4464 1451 4535 πειρασμοὺς
1483 4466 1609 4527 τοὺς
1635 4482 1773 4518 παν-

188 4551 366 4619 ταχοῦ
408 4553 788 4623 περιέλκοντας
837 4554 1005 4622 ἡμᾶς,
1043 4551 1184 4604 ὥστε
1233 4551 1400 4622 ὀρθὴν
1429 4552 1601 4604 ἐλθεῖν
1639 4553 1776 4622 πρὸς

189 4640 365 4708 ὑμᾶς.
399 4639 453 4690 Ὑ
447 4639 565 4708 μᾶς
593 4640 662 4692 δὲ
701 4643 732 4692 ὀ
768 4640 984 4706 Κύριος
1034 4638 1391 4701 πλεονάσαι,
1426 4637 1525 4692 καί
1570 4652 1774 4706 περισ-

180 4728 434 4782 σεύσαι.
482 4729 643 4799 Ὁρᾷς
690 4728 789 4797 τὴν
845 4727 1041 4797 μανίαν
1073 4728 1172 4797 τῆς
1220 4727 1441 4797 ἀγάπης
1496 4726 1592 4796 τὴν
1638 4726 1775 4779 ἀκά-

178 4816 405 4877 θεκτον,
433 4815 531 4886 τὴν
562 4815 651 4867 διὰ
676 4814 785 4868 τῶν
822 4814 1083 4884 ῥημάτων
1109 4813 1464 4883 δεικνυμένην
1483 4828 1496 4876 ;
1514 4812 1775 4866 Πλεονά-

171 4920 319 4965 σαι,
346 4902 513 4971 φησὶ,
557 4902 654 4954 καὶ
712 4901 1129 4968 περισσεύσαι,
1182 4900 1304 4953 ἀντὶ
1352 4898 1467 4963 τοῦ,
1519 4899 1768 4969 αὐξήσαι.

183 4991 287 5053 Ὠς
308 4990 373 5042 ἀν
389 4991 529 5042 εἴποι
546 5007 646 5053 τις,
665 4990 758 5042 Ἐκ
777 4990 1090 5058 περιουσίας
1106 5006 1222 5051 πως
1235 4987 1490 5057 ἐπιθυμεῖ
1502 4988 1772 5056 φιλεῖσθαι

170 5079 325 5148 παρ’
355 5077 556 5129 αὐτῶν.
596 5076 887 5144 Καθάπερ,
928 5077 1081 5145 φησὶ,
1118 5076 1216 5128 καί
1256 5074 1426 5143 ἡμεῖς
1463 5076 1553 5140 είς
1596 5073 1768 5142 ὑμᾶς.

173 5165 475 5228 Τουτέστι,
506 5164 579 5216 Τὸ
610 5166 705 5234 μὲν
738 5165 1004 5235 ἡμέτερον
1034 5166 1132 5234 ἥδη
1166 5164 1315 5216 ἐστί·
1348 5162 1409 5215 τὸ
1432 5161 1487 5214 δὲ
1511 5162 1772 5232 ὑμέτερον

170 5251 449 5319 ἀξιοῦμεν
488 5251 761 5319 γενέσθαι.
797 5252 957 5322 ὐρᾷς
988 5250 1090 5304 ποῦ
1129 5249 1374 5320 βούλεται
1411 5249 1509 5319 τὴν
1553 5249 1773 5319 ἀγάπην

164 5338 563 5405 ἐκτείνεσθαι;
584 5339 683 5392 οὐκ
708 5341 786 5402 είς
810 5339 1071 5409 ἀλλήλους
1106 5338 1284 5409 μόνον,
1309 5335 1444 5389 ἀλλά
1473 5335 1767 5406 πανταχοῦ.

161 5425 362 5478 Τοῦτο
386 5424 494 5493 γάρ
519 5425 686 5488 ὅντως
723 5426 945 5495 ἀγάπης
973 5426 1071 5496 τῆς
1105 5423 1246 5477 κατά
1274 5423 1428 5485 Θεὸν,
1454 5422 1515 5476 τὸ
1561 5424 1770 5486 πάντας

158 5512 652 5583 περιπλέκεσθαι·
684 5512 749 5565 ἂν
795 5513 849 5564 δὲ
908 5512 997 5565 τὸν
1047 5511 1192 5565 δεῖνα
1248 5510 1348 5580 μὲν
1394 5511 1633 5580 ἀγαπᾷς,
1679 5510 1770 5564 τὸν

153 5599 336 5652 δεῖνα
380 5600 437 5653 δέ
468 5599 686 5671 μηκέτι,
720 5600 860 5652 κατὰ
894 5599 1178 5669 ἄνθρωπον
1210 5599 1243 5669 ἡ
1276 5596 1448 5666 φιλία.
1497 5596 1634 5650 Ἀλλ’
1670 5598 1769 5668 οὐχ

156 5688 203 5756 ἠ
238 5686 499 5756 ἡμετέρα
526 5687 769 5759 τοιαύτη.
806 5685 1080 5755 Καθάπερ
1111 5685 1210 5739 καὶ
1254 5684 1425 5755 ἡμεῖς
1451 5686 1538 5750 είς
1572 5683 1727 5754 ὑμᾶς
1749 5701 1763 5714 ⁸

236 5842 271 5871 ⁸
302 5839 446 5906 Colb.
477 5846 531 5906 gl
548 5854 700 5906 marg.
728 5842 878 5893 Savil.
904 5840 1001 5896 τοῖς
1024 5840 1277 5902 ἀστάχυσι.

242 5906 275 5945 b
306 5905 399 5950 Διά
421 5902 564 5952 τοῦτο
581 5901 605 5949 ?

1085 420 1152 477 IN
1182 421 1401 480 EPIS’I‘.
1433 424 1455 477 ῐ
1486 422 1577 476 AD
1612 418 1947 475 THESSAL.
1989 420 2139 477 CAP.
2171 421 2257 486 111,
2300 420 2532 477 ΠΟΜΙΙι.
2574 418 2660 476 IV.

3336 427 3444 483 420

1873 538 1960 600 εἰς
1992 538 2059 590 τὸ
2089 538 2363 606 στηρίξαι
2390 537 2558 606 ὑμῶν
2590 538 2694 602 τὰς
2727 536 2973 605 καρδίας
3000 536 3342 607 ἀμέμπτους
3368 542 3440 593 ἐν

1875 623 2179 692 ἁγιωσύνῃ
2205 626 2545 694 ἔμπροσθεν
2560 625 2668 679 τοῦ
2696 625 2843 680 Θεοῦ
2867 625 2965 678 καὶ
2996 626 3224 693 Πατρδς
3250 627 3438 695 ήμῶν.

1871 709 1942 762 ἐν
1970 709 2043 779 τῇ
2072 713 2372 779 παρουσίᾳ
2393 712 2496 779 τοῦ
2521 713 2743 779 Κυρίου
2774 710 2944 781 ήμῶν
2960 712 3164 780 Ἰησοῦ
3187 714 3443 781 Χριστοῦ

1866 796 2017 866 μετὰ
2076 797 2316 851 πάντων
2367 796 2483 852 τῶν
2554 800 2737 867 ἁγίων
2791 798 2999 852 αὑτοῦ.
3052 799 3163 869 Τὴν
3219 799 3444 868 ἀγάπην

1871 883 2139 938 δείκνυσιν
2176 886 2357 949 αὐτοῖς
2398 884 2584 956 κέρδος
2623 884 2915 956 φέρουσαν,
2944 887 3003 939 ού
3037 888 3149 951 τοῖς
3188 886 3444 957 φιλουμέ·
3475 910 3481 916 -

1872 987 2003 1034 νοις.
2048 970 2336 1043 Βούλομαι,
2378 972 2531 1042 φησὶ,
2576 970 2870 1026 πλεονάσαι
2910 974 3011 1044 τὴν
3047 973 3267 1044 ἀγάπην
3309 972 3443 1028 ταύ-

1871 1074 1993 1127 την,
2037 1059 2127 1112 ἵνα
2180 1058 2368 1130 μηδεὶς
2415 1057 2604 1130 μῶμος
2648 1058 2892 1129 γένηται.
2929 1060 3043 1112 Οὐκ
3092 1054 3264 1123 εἶπεν,
3297 1060 3441 1131 ὑμᾶς

1875 1147 2145 1218 στηρίξαι,
2182 1147 2338 1213 ἀλλὰ,
2373 1147 2486 1214 Τὰς
2528 1148 2776 1217 καρδίας
2809 1147 3004 1217 ὑμῶν·
3041 1148 3144 1203 Ἐκ
3186 1150 3295 1219 γὰρ
3332 1148 3444 1220 τῆς

1873 1235 2119 1304 καρδίας
2146 1234 2489 1306 ἐξέρχονται
2523 1235 2894 1305 διαλογισμοὶ
2924 1237 3193 1302 πονηροί.
3227 1238 3442 1289 Ἔνεστι

1873 1323 1983 1394 γὰρ
2009 1324 2173 1393 μηδὲν
2203 1325 2529 1395 πράττοντα,
2562 1324 2796 1394 πονηρὸν
2824 1317 2987 1384 εἶναι,
3011 1318 3121 1375 οἷον
3146 1322 3441 1391 βασκανίαν

1872 1408 2037 1478 ἔχειν,
2073 1409 2348 1474 ἀπιστίαν,
2395 1410 2564 1473 δόλον,
2594 1410 2654 1464 τὸ
2693 1411 2906 1480 χαίρειν
2950 1410 3043 1463 ἐπὶ
3078 1412 3189 1473 τοῖς
3230 1413 3439 1475 κακοῖς,

1874 1493 2022 1568 [456]
2035 1497 2094 1549 τὸ
2117 1496 2192 1568 μὴ
2217 1492 2357 1549 εἶναι
2384 1496 2613 1565 φιλικὸν,
2635 1497 2695 1550 τὸ
2726 1496 2968 1566 δόγματα
2985 1496 3127 1565 ἐχειν
3152 1497 3441 1565 διεστραμ-

1877 1584 2013 1653 μένα
2031 1601 2045 1614 ·
2071 1582 2244 1636 ταῦτα
2272 1585 2447 1637 πάντα
2486 1585 2586 1653 τῆς
2630 1584 2854 1654 καρδίας
2882 1585 3029 1636 ἐστί·
3054 1583 3115 1635 τὸ
3144 1582 3199 1635 δέ
3238 1583 3443 1635 τούτων

1873 1669 2232 1742 καθαρεύειν,
2294 1671 2440 1723 ἐστὶν
2502 1670 2818 1739 ἀγιωσύνη.
2877 1670 3096 1741 Κυρίως
3178 1670 3275 1740 μὲν
3334 1670 3443 1739 γὰρ

1875 1756 2151 1825 ἀγιωσύνη
2182 1755 2401 1823 λέγεται
2429 1758 2462 1826 ἡ
2497 1757 2818 1828 σωφροσύνη
2864 1757 2985 1809 κατ’
3017 1756 3207 1827 ἐξοχὴν
3256 1756 3442 1825 ἐπειδὴ

1873 1845 1967 1895 καὶ
2009 1843 2319 1913 ἀκαθαρσία
2343 1846 2376 1914 ή
2403 1844 2631 1911 πορνεία
2666 1845 2759 1897 καὶ
2788 1846 2820 1913 ἡ
2853 1844 3068 1914 μοιχεία
3088 1863 3100 1873 ·
3139 1844 3444 1906 καθολικῶς

1872 1929 1927 1981 δὲ
1965 1932 2116 1983 πᾶσα
2148 1931 2390 2000 ἁμαρτία
2435 1931 2766 2002 ἀκαθαρσία,
2799 1932 2893 1983 καὶ
2942 1933 3092 1984 πᾶσα
3145 1932 3313 2001 ἀρετὴ
3344 1949 3444 1985 κα-

1875 2016 2109 2088 θαρότης
2132 2035 2144 2047 °
2165 2017 2453 2085 Μακάριοι
2481 2019 2611 2086 γάρ,
2645 2019 2828 2087 φησὶν,
2856 2021 2909 2071 οὶ
2942 2018 3182 2085 καθαροὶ
3202 2018 3275 2087 τῇ
3298 2035 3439 2087 καρ-

1872 2103 1991 2172 δίᾳ.
2018 2105 2305 2176 Καθαροὺς
2338 2107 2462 2169 τοὺς
2495 2106 2672 2177 πάντῃ
2704 2106 2975 2176 καθαρούς
3011 2125 3195 2177 φησιν.

1940 2193 2004 2247 δ’.
2029 2188 2161 2247 Οἶδα
2187 2194 2296 2265 γάρ
2330 2196 2429 2248 καὶ
2460 2194 2528 2248 τὰ
2559 2194 2695 2248 ἄλλα
2724 2195 2821 2265 οὐχ
2850 2189 3011 2265 ἦττον
3038 2197 3137 2265 τὴν
3154 2194 3329 2264 ψυχὴν
3351 2197 3443 2266 pu-

1872 2279 2027 2333 ποῦν.
2058 2281 2181 2335 Ὅτι
2212 2282 2319 2352 γάρ
2360 2282 2595 2353 πονηρία
2648 2282 2865 2352 μολύνει
2910 2283 3009 2353 τὴν
3052 2282 3246 2353 ψυχὴν,
3277 2281 3443 2335 ἄκουε

1870 2368 1965 2420 τοῦ
1994 2369 2271 2439 προφήτου
2290 2369 2536 2438 λέγοντος
2557 2387 2572 2401 ο
2603 2370 2932 2423 Ἁπόπλυνε
2951 2370 3069 2423 ἀπὸ
3105 2369 3315 2433 κακίας
3332 2368 3445 2436 τὴν

1872 2454 2126 2524 καρδίαν
2145 2471 2281 2519 σου,
2320 2455 2743 2524 Ἰερουσαλήμ·
2773 2456 2868 2508 καὶ
2895 2456 3075 2518 πάλιν,
3106 2456 3440 2516 Λούσασθε,

1873 2542 2117 2612 καθαροὶ
2145 2544 2416 2612 γένεσθε,
2438 2542 2691 2612 ἀφέλετε
2720 2543 2826 2606 τὰς
2857 2542 3145 2609 πονηρίας
3176 2541 3293 2595 ἀπὸ
3326 2540 3445 2594 τῶν

1871 2627 2088 2696 ψυχῶν
2119 2628 2307 2698 ὑμῶν.
2333 2631 2447 2683 υὺκ
2470 2625 2611 2691 εἷπε,
2630 2630 2725 2691 τάς
2753 2628 3008 2700 πορνείας
3031 2645 3043 2657 ·
3065 2627 3203 2681 ὥστε
3226 2628 3285 2680 οὐ
3312 2644 3445 2697 πορε-

1872 2716 1990 2769 νεία
2025 2717 2204 2786 μόνον,
2241 2716 2377 2770 ἀλλά
2415 2715 2511 2769 καὶ
2557 2715 2623 2769 τὰ
2665 2715 2800 2768 ἀλλα
2851 2714 3066 2784 μολύνει
3115 2713 3213 2783 τὴν
3243 2712 3440 2783 ψυχήν.

1872 2804 2151 2873 Στηρίξαι
2182 2805 2371 2879 ὑμῶν,
2397 2805 2552 2874 φησὶ,
2586 2805 2693 2867 τὰς
2731 2801 2976 2869 καρδίας
3010 2800 3347 2870 ἀμέμπτους
3375 2799 3445 2853 ἐν

1872 2894 2176 2963 ἁγιωσύνῃ
2200 2895 2537 2962 ἔμπροσθεν
2566 2891 2671 2946 τοῦ
2706 2891 2852 2946 Θεοῦ
2875 2889 2972 2944 καὶ
3006 2889 3229 2957 Πατρός
3257 2887 3443 2957 ἡμῶν,

1871 2980 1932 3033 ἐν
1968 2978 2042 3047 τῇ
2071 2980 2373 3048 παρουσίᾳ
2393 2979 2500 3033 τοῦ
2523 2980 2743 3046 Κυρίου
2772 2976 2940 3045 ἡμῶν
2972 2975 3171 3042 Ἰησοῦ
3191 2974 3447 3043 Χριστοῦ

1866 3068 2017 3136 μετὰ
2050 3066 2293 3120 πάντων
2325 3067 2443 3120 τῶν
2476 3067 2659 3134 ἀγίων
2694 3064 2901 3118 αὑτοῦ.
2935 3065 3141 3134 Κριτὴς
3182 3062 3289 3133 ἄρα
3322 3063 3445 3115 τότε

1872 3156 2024 3207 ἔσται
2053 3156 2081 3207 ὁ
2126 3155 2390 3224 Χριστός⁶
2419 3154 2517 3206 οὐκ
2544 3152 2850 3223 ἔμπροσθεν
2888 3151 2945 3203 δὲ
2972 3150 3156 3214 αὑτοῦ,
3187 3149 3320 3202 ἀλλά
3351 3150 3446 3203 καὶ

1870 3241 1965 3294 τοῦ
1986 3242 2193 3313 Πατρὸς
2211 3243 2531 3312 παρεστήκα
2538 3257 2636 3311 μεν
2653 3240 2982 3311 κρινόμενοι.
3000 3238 3071 3291 ’Ἡ
3085 3236 3242 3291 τοῦτό
3259 3253 3444 3307 φησιν,

1872 3328 1952 3381 ὅτι
2002 3328 2321 3398 ἀμέμπτους
2373 3326 2683 3398 ἔμπροσθεν
2732 3326 2825 3379 τοῦ
2871 3324 3006 3379 Θεοῦ
3039 3325 3118 3377 δεῖ
3160 3325 3443 3392 γενέσθαι·

1872 3417 2009 3485 ὅπερ
2056 3416 2141 3469 ἀεὶ
2196 3416 2358 3483 λέγω,
2385 3415 2445 3467 τὸ
2474 3413 2702 3467 ἐνώπιον
2747 3413 2837 3466 τοῦ
2881 3411 3016 3465 Θεοῦ
3064 3410 3220 3476 (αῦτη
3259 3412 3367 3482 γάρ
3410 3412 3445 3481 ἡ

1874 3504 2042 3574 ἀρετὴ
2091 3504 2432 3574 εἰλικρινής),
2466 3503 2565 3555 οὐκ
2609 3500 2836 3555 ἐνώπιον
2881 3499 3199 3570 ἀνθρώπων.
3238 3500 3379 3570 Ἀρα
3408 3500 3443 3569 ἡ

1873 3592 2060 3660 ἀγάπη
2105 3590 2427 3659 ἀμέμπτους
2468 3591 2637 3640 ποιεῖ·
2668 3590 2759 3641 καὶ
2798 3587 2906 3658 γάρ
2935 3587 3102 3648 ὅντως
3128 3586 3446 3656 ἀμέμπτους

1874 3679 2035 3730 ποιεῖ.
2068 3678 2176 3731 Καὶ
2221 3676 2355 3745 ἐμοῦ
2388 3676 2520 3727 ποτέ
2556 3674 2715 3727 τοῦτο
2747 3672 3103 3744 διηγουμένου
3138 3672 3270 3743 πρός
3301 3689 3441 3737 τινα,

1873 3765 1968 3817 καὶ
1995 3764 2265 3831 λέγοντος,
2302 3764 2382 3816 ὅτι
2409 3765 2441 3834 ή
2472 3763 2657 3832 ἀγάπη
2688 3763 3006 3832 ἀμέμπτους
3033 3762 3194 3824 ποιεῖ,
3227 3760 3321 3813 καὶ
3343 3760 3442 3813 οὐκ

1873 3853 2096 3921 ἀφίησιν
2141 3853 2174 3920 ἡ
2205 3851 2338 3921 πρὸς
2365 3851 2457 3903 τὸν
2496 3849 2721 3921 πλησίον
2754 3848 2902 3918 φιλία
2933 3847 3280 3920 παρείσδυσίν
3321 3864 3443 3901 τινα

1873 3938 2121 4008 γενέσθαι
2154 3938 2254 4007 τῆς
2276 3937 2648 4008 πλημμελίας,
2670 3936 2852 3991 καὶτὰ
2866 3935 3000 3989 ἄλλα
3024 3936 3202 3989 πάντα
3220 3934 3442 3999 διεξιόν-

1872 4043 1962 4089 τος
1987 4026 2082 4078 καὶ
2110 4026 2541 4097 ἐπεξερχομένου
2560 4024 2638 4095 τῷ
2653 4025 2812 4094 λόγῳ,
2838 4024 2946 4076 τῶν
2980 4022 3101 4092 ἐμοί
3127 4039 3210 4085 τις
3237 4020 3439 4093 γνωρί-

1878 4131 1993 4184 μων
2022 4113 2306 4167 ὑποϐαλὼν
2339 4115 2549 4177 ἐαυτὸν,
2576 4114 2737 4184 φησί·
2783 4114 2847 4165 Τί
2875 4109 2967 4166 οὖν
3008 4115 3041 4183 ἡ
3066 4112 3320 4183 πορνεία;
3341 4111 3441 4163 οὐκ

1875 4200 2079 4254 ἔνεστιν
2106 4196 2197 4254 οὖν
2226 4202 2318 4255 καὶ
2340 4201 2514 4271 φιλεῖν
2543 4188 2637 4255 καί
2669 4201 2984 4270 πορνεύειν;
3007 4202 3101 4252 καὶ
3126 4199 3231 4252 ἀπὸ
3258 4199 3440 4266 φιλίας

1877 4289 1976 4357 μὲν
2009 4288 2165 4341 τοῦτο
2188 4288 2418 4356 γίνεται.
2460 4286 2748 4351 Πλεονεξία
2778 4288 2875 4355 μέν
2913 4283 3005 4340 οὖν
3037 4287 3130 4339 καὶ
3169 4285 3382 4356 μοιχεία
3411 4296 3433 4322 ε

1874 4377 1967 4429 καὶ
1991 4376 2183 4445 φθόνος
2208 4377 2303 4428 καὶ
2323 4374 2603 4428 ἐπιϐουλαὶ⁹
2629 4376 2723 4426 καὶ
2740 4374 2839 4426 ὅσα
2853 4372 3077 4427 τοιαῦτα
3099 4372 3207 4425 ἀπὸ
3223 4372 3441 4441 ἀγάπης

1873 4466 1971 4536 τῆς
1998 4465 2107 4519 τῶν
2144 4464 2377 4533 πλησίον
2408 4463 2676 4532 ἀνακόψαι
2708 4463 3024 4533 δυνήσεταιο
3057 4463 3092 4532 ἡ
3120 4461 3177 4513 δέ
3217 4463 3441 4532 πορνεία

1874 4553 2027 4618 πῶς;
2078 4552 2263 4622 φησίν.
2323 4551 2465 4619 Ἐγὼ
2510 4550 2691 4603 τοίνυν
2733 4546 2906 4614 εἷπον,
2938 4550 3018 4602 ὃτι
3064 4548 3313 4619 ήάγάπη
3349 4552 3440 4603 καὶ

1871 4639 2034 4693 τοῦτο
2063 4640 2287 4693 δύναται
2320 4637 2607 4705 ἀνακόψαι.
2635 4638 2697 4691 Εἰ
2722 4636 2829 4706 γάρ
2868 4635 3049 4705 φιλοίη
3076 4652 3157 4699 τις
3186 4635 3282 4706 τὴν
3312 4653 3441 4707 πορ-

1872 4731 2167 4800 νευομένην
2183 4730 2437 4797 γυναῖκα,
2452 4729 2545 4781 καὶ
2566 4727 2674 4780 τῶν
2696 4726 2870 4780 ἄλλων
2893 4725 3062 4795 αὐτὴν
3107 4724 3314 4794 ἀνδρῶν
3337 4724 3441 4777 ἀπ-

1871 4819 2097 4885 αγαγεῖν
2119 4816 2457 4887 πειράσεται,
2480 4814 2599 4884 οὐχὶ
2620 4813 2676 4865 δὲ
2707 4815 2800 4866 καὶ
2827 4812 2986 4874 αὐτὸς
3011 4811 3353 4882 προστιθέναι
3371 4814 3437 4882 τῇ

1872 4905 2135 4975 ἁμαρτίᾳ.
2164 4904 2327 4957 Ὥστε
2364 4903 2568 4973 σφόδρα
2602 4900 2882 4972 μισοῦντος
2912 4902 3027 4953 ἐστι
3057 4898 3154 4967 τὴν
3183 4916 3440 4970 πορνευο·

1872 4993 2042 5063 μένην
2070 4992 2129 5045 τὸ
2160 4990 2442 5062 πορνεύειν
2463 4991 2542 5053 εἰς
2567 4989 2736 5059 αὑτήν
2753 5004 2767 5019 ’
2787 4986 3067 5054 φιλοῦντος
3098 4987 3153 5039 δὲ
3181 4986 3349 5048 ὅντως
3377 4985 3440 5038 τὸ

1870 5079 2175 5147 ἀπαγαγεῖν
2198 5077 2366 5148 αὐτὴν
2398 5075 2499 5145 τῆς
2532 5076 2779 5146 μυσαρᾶς
2799 5075 3011 5144 ἐκείνης
3034 5071 3300 5144 πράξεως.
3330 5075 3438 5126 Καὶ

1869 5168 1969 5220 ούκ
2001 5166 2168 5230 ἐστιν,
2196 5168 2294 5218 οὐκ
2321 5165 2467 5217 ἔστιν
2485 5164 2636 5216 οὐδὲν
2659 5164 2979 5233 ἁμάρτημα,
3008 5162 3036 5214 ὅ
3068 5162 3162 5231 μὴ,
3184 5158 3437 5231 καθάπερ

1872 5254 2002 5325 πῦρ,
2034 5253 2312 5307 ἀναλίσκει
2340 5251 2438 5320 τῆς
2476 5251 2696 5321 ἀγάπης
2723 5252 2754 5320 ἡ
2786 5250 3029 5319 δύναμις.
3059 5246 3437 5321 Εὑκολώτερον

1870 5342 1978 5413 γὰρ
2006 5341 2281 5413 φρύγανον
2304 5338 2518 5401 εὐτελὲς
2547 5337 2861 5405 ἀντιστῆναι
2889 5337 3037 5406 πυρᾷ
3065 5335 3309 5406 πολλῇ,ἢ
3337 5335 3434 5403 τῆς

1870 5427 2144 5499 ἁμαρτίας
2166 5426 2264 5498 τὴν
2296 5424 2456 5494 φύσιν
2485 5426 2552 5494 τῇ
2585 5424 2683 5494 τῆς
2708 5423 2926 5492 ἀγάπης
2953 5421 3195 5492 δυνάμει.
3220 5421 3434 5491 Ταύτην

1868 5515 1961 5573 οὖν
1989 5516 2342 5588 φυτεύσωμεν
2371 5516 2428 5567 ἐν
2450 5515 2569 5576 ταῖς
2599 5512 2806 5565 ἑαυτῶν
2822 5512 3040 5581 ψυχαῖς,
3061 5512 3146 5563 ἵνα
3169 5509 3304 5582 μετά
3326 5511 3434 5564 τῶν

1869 5608 2039 5676 ἁγίων
2068 5605 2285 5659 πάντων
2322 5601 2565 5671 στῶμενο
2599 5599 2829 5668 καὶγὰρ
2863 5598 3058 5652 ἐκεῖνοι
3083 5598 3282 5661 πάντες
3306 5599 3433 5670 εὐη-

1930 5772 1953 5802 ο
1994 5767 2132 5820 Colb.
2159 5770 2211 5815 et
2234 5763 2582 5827 partimAmaI-g.
2607 5761 2780 5827 sui!"
2805 5760 2850 5827 τί
2875 5760 2915 5809 δ’
2958 5761 3016 5827 ay
3039 5762 3185 5827 εἴποις
3224 5764 3435 5827 περὶτῆς

1863 5831 2081 5895 πορνείας
2091 5827 2160 5903 λῆ
2183 5824 2272 5889 γάρ
2290 5825 2553 5900 ἱούκξένεστι
2579 5824 2659 5896 καὶ
2681 5824 2956 5903 ς›ἱΛ›ιαι“ἰ’πῄΧ
2970 5824 3138 5903 ἄπαγε·
3168 5826 3259 5903 ἀπὸ

1872 5884 2307 5955 μάλισταέσταιτὸ
2341 5888 2405 5948 μὴ
2428 5887 2677 5950 ποριεύειν.
2710 5884 2767 5933 ‘0
2796 5884 2863 5934 δέ.
2890 5884 3141 5941 Πλεονεξία
3173 5890 3252 5944 μὶν
3281 5884 3361 5936 καὶ
3388 5903 3439 5947 μ.
