3964 6510
533 391 631 447 421

512 506 781 576 ρέετησαν
808 505 915 559 ἀπὸ
952 506 1048 575 τῆς
1080 508 1159 570 εἰς
1196 507 1688 580 πλησίονάγάπης.
1722 508 1891 561 Πόθεν
1929 510 2062 581 ἀνῃ-

511 582 668 653 ρέθη,
695 585 784 636 καὶ
816 584 917 637 οὐκ
949 586 1157 639 ἀνεῖλεν
1181 588 1211 639 6
1239 587 1444 651 Ἀϐελς
1479 587 1703 649 Πάντως
1737 585 1817 655 τῷ
1862 587 2072 657 σφόδρα

510 662 682 729 φιλεῖν
726 662 815 714 τὸν
835 662 1061 733 ἀδελφόν
1086 680 1098 692 ·
1138 665 1261 721 οὐδὲ
1292 664 1542 731 δέξασθαι
1579 665 1817 717 τοιοῦτον
1830 666 2076 733 ἠνείχετο

507 740 785 811 λογισμόν.
816 741 986 795 Πόθεν
1009 744 1225 809 ἐδέξατο
1259 745 1353 798 τὸν
1383 748 1479 815 τῆς
1532 743 1830 814 βασκανίας
1858 744 2075 815 ὄλεθρον

507 820 536 870 6
578 818 751 882 Κάῖν;
794 819 856 871 οὐ
896 819 1004 892 γὰρ
1043 821 1110 875 ἂν
1145 823 1328 876 λοιπὸν
1356 827 1566 894 εἴποιμι
1596 823 1758 876 αὐτὸν
1784 822 1879 874 τοῦ
1911 824 2076 877 Ἀϐελ

507 895 619 965 ἐγὼ
651 897 899 966 ἀδελφὸν,
933 899 1013 953 ὅτι
1045 902 1145 954 οὐκ
1166 903 1423 970 ἀσφαλῶς
1445 904 1742 973 ἠρήρειστο
1767 901 1897 972 παρ’
1927 903 2076 973 αύτῷ

506 974 574 1027 τά
606 975 703 1043 τῆς
732 975 952 1047 ἀγάπης
992 978 1238 1050 θεμέλια.
1290 982 1463 1034 Πόθεν
1506 980 1869 1049 εὐδοκίμησαν
1896 982 1943 1033 οί
1983 982 2074 1033 τοῦ

507 1051 653 1122 [457]
692 1052 815 1106 Νῶε
866 1056 1086 1122 παῖδες;
1130 1060 1229 1111 οὐκ
1270 1060 1457 1125 ἐπειδὴ
1499 1058 1705 1129 σφόδρα
1736 1059 1951 1126 ἐφίλουν
1984 1060 2075 1111 τὸν

506 1131 740 1200 πατέρα,
766 1133 884 1185 οὐδὲ
922 1134 1019 1203 τὴν
1041 1134 1322 1204 γύμνωσιν
1354 1138 1645 1205 ἠνέσχοντο
1681 1135 1831 1189 ἰδεῖν.
1881 1137 1938 1189 Ὁ
1965 1138 2079 1190 ἔτεα

509 1223 601 1275 ρος
623 1208 679 1261 δὲ
709 1210 871 1263 πόθεν
896 1212 1181 1281 κατηράθη
1210 1228 1225 1277 ;
1269 1214 1369 1266 οὐκ
1406 1214 1515 1266 ἀπὸ
1543 1212 1636 1264 τοῦ
1667 1212 1741 1282 μὴ
1765 1213 1937 1281 φιλεῖν
1962 1230 1976 1278 ;
2019 1214 2076 1267 '0

502 1286 561 1337 δὲ
614 1287 865 1358 ’Δϐραάμ
887 1290 1049 1342 πόθεν
1082 1291 1449 1361 ηὐδοκίμησεν
1482 1308 1496 1355 ;
1555 1291 1653 1343 οὑκ
1684 1291 1793 1344 ἀπὸ
1823 1292 1921 1361 τῆς
1942 1294 2077 1361 ἀγά-

502 1381 636 1430 πης,
693 1368 761 1420 τά
814 1369 942 1439 περὶ
990 1368 1081 1421 τὸν
1110 1370 1424 1437 ἀδελφιδοῦν
1484 1370 1953 1440 διαπραξάμενος;
2005 1374 2076 1425 τά

503 1445 635 1516 περὶ
662 1446 759 1516 τὴν
784 1449 1061 1518 ἱκετηρίαν
1090 1448 1185 1519 τὴν
1217 1450 1355 1520 ὑπὲρ
1373 1449 1481 1502 τῶν
1505 1449 1835 1518 Σοδομιτῶν;
1864 1450 2075 1521 Σφόδρα

501 1524 632 1596 γὰρ,
693 1526 898 1596 σφόδρα
931 1526 1274 1596 φιλόστοργοι
1296 1522 1434 1597 ἦσαν
1458 1529 1504 1580 οἱ
1535 1527 1703 1594 ἅγιοι.
1733 1529 1825 1581 καὶ
1862 1546 2077 1599 συμπα-

503 1602 734 1670 θητικοί.
782 1605 1061 1675 Ἐννόησον
1105 1606 1213 1675 γάρ
1245 1622 1334 1675 μοι
1372 1606 1489 1668 πῶς
1517 1605 1809 1657 διατίθεται
1854 1605 1912 1670 ἐξ
1940 1606 2076 1674 ἀγά-

502 1699 612 1751 πης
636 1684 664 1735 ὁ
689 1684 781 1735 καὶ
802 1684 973 1753 πυρὸς
997 1683 1353 1753 κατατολμῶν
1379 1683 1611 1746 Παῦλος,
1636 1683 1666 1735 6
1695 1683 2071 1754 ἀδαμάντινος,

499 1762 529 1813 6
558 1763 804 1831 στερρὸς,
838 1764 865 1815 6
894 1763 1142 1830 ἀκλινὴς,
1175 1764 1203 1815 6
1236 1762 1465 1815 πάντοτε
1497 1763 2024 1832 συγκεκροτημένος,
2044 1766 2074 1817 6

500 1840 885 1911 καθηλωμένος
914 1841 991 1912 τῷ
1013 1841 1162 1911 φόϐῳ
1192 1841 1285 1894 τοῦ
1314 1840 1471 1904 Θεοῦ,
1491 1843 1519 1894 6
1544 1842 1824 1911 ἀκαμπής.
1855 1842 1950 1905 Τίς
1964 1842 2072 1914 γάρ

498 1918 676 1987 ἡμᾶς,
696 1922 848 1990 φησὶ,
880 1923 1117 1989 χωρίσει
1139 1920 1258 1974 ἀπὸ
1277 1919 1383 1987 τῆς
1406 1920 1640 1989 ἀγάπης
1656 1921 1761 1974 τοῦ
1784 1923 2039 1988 Χριστοῦ
2052 1939 2070 1987 ;

500 1998 725 2066 θλῖψις,
757 1999 795 2066 ἢ
816 2001 1201 2069 στενοχωρία,
1227 1999 1265 2067 ἢ
1283 1999 1554 2067 διωγμὸς,
1578 2001 1614 2066 ἢ
1641 2000 1836 2068 λιμὸς,
1862 2000 1900 2067 ἢ
1930 2020 2074 2071 γυμ-

498 2079 703 2144 νότης,
739 2078 776 2145 ἢ
807 2078 1108 2142 κίνδυνος,
1143 2080 1182 2146 ἢ
1218 2077 1516 2146 μάχαιρα;
1566 2077 1624 2130 '0
1663 2077 1865 2131 τούτων
1896 2080 2073 2133 τοίνυν

498 2157 753 2209 ἁπάντων
781 2155 1159 2227 κατατολμῶν,
1189 2156 1286 2210 καὶ
1311 2157 1415 2226 γῆς
1443 2158 1536 2210 καὶ
1576 2156 1871 2229 θαλάσσης.
1908 2163 1937 2214 ὁ
1964 2162 2073 2215 τῶν

499 2237 877 2307 ἀδαμαντίνων
903 2238 996 2291 τοῦ
1027 2237 1152 2308 ᾇδου
1192 2238 1379 2291 πυλῶν
1421 2242 1760 2307 καταγελῶν,
1814 2245 1874 2297 6v
1921 2245 2073 2300 οὐδὲν

498 2320 762 2388 ὑφίστατο
809 2320 978 2383 ὃλως’
1023 2316 1175 2383 οὗτος
1200 2322 1387 2392 ἐπειδή
1429 2339 1590 2375 τινων
1633 2326 1932 2396 ἀγαπητῶν
1964 2324 2071 2382 εἶδε

496 2399 727 2470 δάκρυα,
777 2400 918 2452 οὕτω
939 2399 1283 2470 κατεκλάσθη
1324 2402 1417 2453 καὶ
1450 2404 1738 2474 συνετρίϐη
1771 2408 1799 2458 6
1838 2406 2068 2476 ἀδάμας,

497 2480 572 2543 ὡς
609 2480 743 2549 μηδέ
772 2480 978 2551 κρύψαι
1026 2480 1088 2533 τὸ
1133 2479 1324 2542 πάθος,
1355 2480 1471 2532 ἀλλ’
1516 2483 1693 2535 εἰπεῖν
1733 2484 1932 2548 εὐθέως
1958 2504 1970 2514 ·
2010 2488 2070 2540 Τί

496 2557 715 2610 ποιεῖτε
750 2559 1093 2623 κλαίοντες,
1147 2556 1242 2610 καί
1270 2558 1756 2625 συνθρύπτοντές
1796 2581 1915 2630 μου
1959 2564 2072 2631 τὴν

495 2636 784 2704 καρδίαν;
821 2637 885 2689 Τί
912 2636 1121 2703 λέγεις;
1155 2635 1275 2688 εἰπέ
1308 2652 1397 2705 μοι
1421 2651 1436 2665 ο
1468 2636 1683 2708 ἐκείνην
1706 2640 1803 2707 τὴν
1834 2642 2070 2711 ἀδαμαν-

493 2715 647 2785 τίνην
675 2714 852 2784 ψυχὴν
877 2714 1162 2783 συντρίψαι
1195 2714 1427 2785 δάκρυον
1478 2714 1696 2784 ἵσχυσε;
1733 2719 1860 2784 Ναὶ,
1899 2722 2067 2790 φησί’

492 2794 631 2864 πρὸς
665 2794 843 2847 πάντα
879 2792 988 2861 γάρ
1026 2792 1258 2861 ἀντέχω,
1307 2791 1447 2859 πλὴν
1473 2793 1592 2871 τῆς
1637 2797 1857 2866 ἀγάπης
1886 2813 1902 2828 ⁸
1932 2800 2069 2871 αὕτη

494 2890 599 2943 μου
627 2871 963 2943 περιγίνεται
995 2870 1091 2922 καὶ
1130 2873 1344 2941 κρατεῖ.
1389 2870 1560 2923 Τοῦτο
1602 2873 1681 2943 τῷ
1730 2875 1850 2945 Θεῷ
1900 2870 2068 2933 δοκεῖ.

495 2950 764 3013 magno;
802 2949 1069 3027 αὑτὸνγοὺ
1124 2948 1440 3027 συνέτριψεν
1495 2948 1734 3014 ὑδάτων,
1767 2956 1862 3006 καὶ
1904 2958 2071 3027 μικρά

489 3027 701 3097 δάκρυα
746 3026 1052 3096 συνέτριψε.
1121 3026 1183 3079 Τί
1208 3026 1424 3080 ποιεῖτε
1456 3028 1768 3102 κλαίουσα-ῖς
1793 3035 1891 3087 καὶ
1910 3026 2071 3089 συν-

488 3106 791 3173 τρίϐοντες
837 3123 952 3174 μου
995 3102 1109 3171 τὴν
1158 3104 1451 3183 καρδίαν;
1506 3105 1678 3175 Πολλὴ
1703 3109 1811 3179 γὰρ
1837 3112 2069 3183 αύτῆςή

494 3185 666 3255 ἰσχύς.
728 3183 912 3245 Θέλεις
966 3183 1128 3236 αὑτὸν
1194 3182 1320 3234 ἰδεῖν
1375 3184 1538 3235 πάλιν
1561 3184 1850 3251 κλαίοντας
1907 3182 2069 3243 ἄκουε

488 3264 653 3316 αὑτοῦ
707 3259 940 3331 ἀλλαχοῦ
1009 3261 1256 3327 λέγοντος
1288 3276 1303 3290 ⁸
1372 3261 1658 3328 Τριετίαν,
1733 3268 1923 3320 νύκτα
1972 3269 2072 3323 καί

488 3341 925 3411 ἠμέραν,φησὶν,
949 3342 1059 3393 οὐκ
1082 3338 1444 3407 ἐπαυσάμην
1463 3341 1613 3407 μετὰ
1633 3343 1911 3412 δακρύων
1932 3363 2071 3400 νου-

488 3421 675 3475 θετῶν
711 3421 818 3474 ἕνα
848 3420 1126 3472 ἕκαστον.
1160 3418 1292 3470 Ἀπὸ
1317 3419 1514 3489 πολλῆς
1536 3422 1753 3493 ἀγάπης
1791 3425 2066 3491 ἐδεδοίκει,

491 3502 566 3571 μή
597 3518 677 3563 τις
700 3498 985 3568 ἐπεισέλθῃ
1011 3496 1178 3566 λύμη.
1204 3497 1311 3548 Καὶ
1339 3497 1498 3550 πάλιν
1523 3516 1536 3529 ·
1577 3501 1669 3552 Ἐκ
1696 3502 1803 3569 γὰρ
1829 3505 2069 3573 πολλῆς

487 3583 750 3649 θλίψεως
794 3579 891 3634 καὶ
934 3575 1206 3646 συνοχῆς
1245 3579 1489 3646 καρδίας
1532 3581 1765 3650 ἔγραψα
1802 3582 1943 3652 ὑμῖν
1971 3585 2070 3642 διὰ

487 3660 735 3715 πολλῶν
772 3659 1060 3726 δακρύων.
1106 3656 1171 3707 Τί
1198 3655 1296 3708 δὲό
1333 3658 1549 3728 Ἰωσὴφ,
1580 3659 1698 3715 εἰπέ
1719 3680 1828 3731 μοι,
1855 3666 1882 3717 6
1912 3668 2069 3736 στερ-

490 3742 604 3812 ρὸς,
637 3741 665 3792 6
693 3739 829 3811 πρὸς
854 3736 1142 3807 τυραννίδα
1171 3735 1440 3807 τοσαύτην
1457 3740 1609 3804 στάς,
1639 3742 1667 3793 6
1700 3741 1838 3808 πρὸς
1868 3735 2066 3797 τοσαύ-

486 3836 587 3888 την
618 3818 815 3887 ἔρωτος
869 3816 1048 3885 πυρὰν
1094 3816 1237 3868 οὓτω
1285 3820 1530 3883 γενναῖος
1579 3819 1784 3886 ὀφθεὶς,
1850 3822 1879 3874 6
1926 3822 2067 3877 οὕτω

487 3895 997 3963 καταγωνισάμενος
1040 3895 1149 3971 ,καὶ
1215 3896 1623 3958 καταπαλαίσας
1648 3900 1747 3966 τῆς
1781 3898 2067 3971 δεσποίνης

486 3976 588 4045 τὴν
615 3972 882 4041 τοσαύτην
919 3970 1149 4040 μανίαν;
1177 3971 1228 4021 τί
1266 3972 1375 4042 γὰρ
1403 3973 1502 4025 οὐκ
1532 3974 1720 4040 ἔθελγε
1752 3978 1909 4041 τότε;
1944 3970 2066 4046 ὄψις

488 4052 806 4121 εὐπρεπὴς,
866 4048 1171 4117 ἀξιώματος
1215 4048 1401 4116 τῦφος,
1455 4051 1680 4118 ἱματίων
1722 4054 2062 4121 πολυτέλεια,

486 4127 792 4198 ἀρωμάτων
820 4124 1046 4193 εὐοσμία
1081 4123 1196 4193 (καὶ
1237 4123 1342 4193 γὰρ
1394 4126 1487 4178 καὶ
1518 4127 1691 4179 ταῦτα
1720 4132 2065 4200 καταμαλάτ-

484 4223 597 4260 τειν
625 4202 731 4259 οἶδε
760 4204 981 4274 ψυχήν),
1015 4203 1236 4273 ῥήματα
1268 4202 1480 4257 πάντων
1512 4204 1905 4279 μαλακώτερα;

555 4331 616 4379 ε’.
643 4326 786 4377 Ἱστε
814 4324 919 4394 γὰρ
948 4324 1032 4375 ὅτι
1054 4324 1087 4393 ὴ
1114 4322 1313 4391 ἐρῶσα,
1339 4323 1432 4376 καὶ
1452 4322 1594 4377 οὕτω
1620 4327 1882 4397 σφοδρῶς,
1911 4331 2063 4385 οὐδὲν

483 4403 734 4456 ταπεινὸν
783 4402 1185 4471 παραιτήσεται
1233 4403 1429 4466 εἰπεῖν,
1454 4403 1640 4473 σχῆμα
1683 4408 1908 4471 ἱκέτιδος
1936 4411 2062 4463 ἀνα-

483 4482 740 4535 λαϐοῦσα.
794 4480 946 4533 Οὕτω
972 4480 1080 4550 γάρ
1105 4481 1445 4557 κατεκλάσθη
1469 4485 1499 4550 ἡ
1522 4486 1931 4556 χρυσοφοροῦσα
1961 4507 2061 4557 γυ·-

484 4561 571 4629 νὴ,
617 4562 710 4612 καὶ
751 4559 809 4612 ἐν
850 4559 1119 4628 ἀξιώματι
1147 4555 1280 4612 οὖσα
1314 4559 1599 4631 βασιλικῷ,
1646 4564 1720 4626 ὡς
1746 4565 1838 4617 τοῦ
1871 4555 2061 4632 παιδὸς

484 4639 579 4691 τοῦ
612 4638 954 4707 αἰχμαλώτου
991 4637 1125 4706 πρὸς
1157 4638 1223 4690 τὰ
1260 4638 1461 4704 γόνατα
1486 4640 1614 4702 ἴσως
1642 4642 1838 4713 ἑαυτὴν
1885 4648 2059 4716 ῥῖψαι,

487 4718 617 4781 ί¹σως
653 4717 709 4769 δὲ
736 4719 829 4769 καὶ
854 4716 1232 4785 παρακαλέσαι
1268 4717 1610 4786 δακρύουσαν
1636 4723 1729 4774 καί¹
1773 4724 1879 4776 τῶν
1902 4723 2063 4791 γονά-

486 4812 593 4847 των
621 4792 952 4862 άπτομένην,
1001 4794 1094 4845 καὶ
1140 4795 1295 4847 τοῦτο
1338 4797 1438 4865 οὑχ
1472 4798 1640 4863 ἅπαξ,
1682 4802 1744 4852 οὐ
1787 4802 2058 4872 δεύτερον,

486 4872 621 4952 ἀλλά
655 4872 913 4952 πολλάκις
955 4873 1430 4952 μηχανησαμένην.
1473 4876 1626 4945 Ἐνῆν
1654 4878 1747 4929 καὶ
1785 4880 2060 4952 ὀφθαλμὸν

485 4950 615 5003 ίδεϊν
647 4951 765 5002 τότε
802 4949 1037 5018 μάλιστα
1080 4948 1364 5017 λάμποντα
1398 4969 1412 4982 ·
1447 4954 1507 5005 οὐ
1546 4957 1655 5022 γὰρ
1691 4956 1875 5020 ἁπλῶς
1913 4948 2060 5024 εἰκὸς

486 5032 675 5102 αὐτὴν,
704 5030 841 5084 ἀλλά
871 5029 1009 5099 μετὰ
1048 5030 1244 5101 πολλῆς
1293 5033 1393 5101 τῆς
1432 5036 1754 5105 περιεργίας
1782 5038 2058 5092 καλλωπί-

486 5110 695 5174 ζεσθαι,
729 5109 822 5163 ἆτε
855 5108 1186 5177 βουλομένην
1229 5109 1444 5175 πολλοῖς
1487 5115 1601 5177 τοῖς
1639 5113 1876 5179 δικτύοις
1919 5117 2059 5171 ἐλείν

484 5191 547 5242 τὸ
577 5189 760 5260 ἀρνίον
796 5187 890 5240 τοῦ
944 5188 1200 5258 Χριστοῦ.
1262 5190 1500 5259 Πρόσθες
1567 5210 1653 5261 μοι
1706 5194 1939 5249 ἐνταῦθα
1963 5199 2058 5251 καὶ

486 5266 636 5339 [458]
670 5267 898 5337 μαγείας
922 5266 1141 5330 πολλάς.
1207 5268 1347 5320 Ἀλλ’
1378 5270 1528 5339 ὅμως
1550 5273 1578 5322 6
1597 5272 1859 5343 ἀκαμπὴς
1881 5270 2055 5339 οὗτος,

484 5348 511 5398 6
542 5345 784 5416 στερρὸς,
806 5347 834 5397 6
851 5345 1292 5413 πεπετρωμένος,
1312 5347 1498 5418 ἐπειδὴ
1519 5350 1643 5411 τοὺς
1666 5349 1928 5418 ἀδελφοὺς
1951 5350 2057 5406 εἶδε

484 5425 607 5485 τοῦς
630 5424 1144 5492 ἀπέμπολήσαντας,
1165 5426 1290 5488 τοὺς
1311 5427 1389 5489 είς
1412 5426 1610 5480 λάκκον
1633 5428 1911 5497 βαλόντας,
1933 5434 2058 5496 τοὺς

484 5503 870 5572 ἀποδομένους,
902 5504 1025 5565 τοὺς
1054 5504 1150 5555 καί
1175 5506 1488 5558 ἀποκτεῖναι
1519 5506 1892 5576 βουλομένους,
1933 5513 2058 5575 τοὺς

484 5580 579 5633 καὶ
608 5578 702 5631 τοῦ
730 5580 1098 5651 δεσμωτηρίου
1149 5583 1241 5635 καὶ
1270 5584 1369 5648 τῆς
1405 5584 1566 5653 τιμῆς
1592 5587 1796 5648 αἰτίους
1832 5590 2058 5657 γενομέ-

483 5676 605 5721 νους
632 5673 646 5686 ’
670 5658 860 5729 ἐπειδὴ
895 5659 1095 5728 ἢκουσε
1132 5662 1261 5731 παρ’
1298 5663 1498 5733 αὐτῶν,
1534 5662 1567 5715 ἃ
1610 5663 1699 5714 τὸν
1735 5665 1944 5734 πατέρα
1981 5667 2058 5719 δι-

484 5736 705 5804 έθηκαν·
740 5738 1011 5806 Εἴπωμεν
1030 5739 1161 5809 γὰρ,
1189 5741 1371 5808 φησὶν,
1401 5741 1489 5794 ὅτι
1514 5744 1546 5794 ὀ
1573 5736 1658 5806 εἷς
1673 5744 2058 5809 θηριόόρωτος

484 5814 689 5882 γέγονε
715 5832 729 5845 ·
760 5818 1121 5887 κατεκλάσθη,
1159 5819 1561 5890 συνεμαλάχθη,
1611 5820 1921 5889 συνετρίϐη,
1962 5823 2056 5875 καὶ

484 5891 711 5945 ικλαυσε
733 5907 749 5924 ·
781 5894 965 5967 καὶμὴ
999 5897 1177 5967 φέρων
1193 5897 1475 5970 τὸοπάθος,
1502 5898 1756 5953 εἰσελθὼν
1796 5900 2054 5969 Ένεκρα·

1212 396 1274 450 S.
1313 391 1599 450 JOANNIS
1634 391 2113 448 CHRYSOSTOMI
2152 391 2464 450 ARCIIIEP.
2506 394 3047 455 CONSTANTINOP.

3640 408 3744 465 622

2180 509 2434 561 τεύσατο
2454 522 2501 572 α,
2561 511 2857 573 τουτέστιν,
2914 513 3250 583 ἀπεμάξατο.
3300 515 3367 570 Τί
3414 517 3609 585 τοῦτο;
3658 523 3747 573 δαν

2176 590 2383 658 κρύεις,
2412 586 2457 644 ὧ
2495 593 2689 663 Ἰωσήφ
2706 612 2722 655 ;
2750 595 2862 648 Καὶ
2879 596 2985 665 μὴν
3009 598 3108 650 οὐκ
3135 598 3260 663 ἀξια
3284 600 3354 652 τὰ
3382 602 3629 672 παρόντα
3661 605 3748 658 δα-

2176 673 2381 743 κρύων,
2437 676 2550 729 ἀλλ’
2599 678 2769 747 ὀργῆς
2824 680 2916 732 καὶ
2969 679 3143 748 θυμοῦ
3176 684 3269 736 καὶ
3305 685 3749 755 ἀγανακτήσεως,

2178 759 2418 827 μεγάλης
2442 761 2705 838 τιμωρίας
2732 762 2826 814 καὶ
2854 763 3258 829 ἀνταποδόσεως
3288 783 3302 796 ο
3330 766 3477 835 ἔχεις
3522 770 3606 831 εὶς
3637 772 3750 838 χεῖ-

2178 844 2276 912 ρὰς
2299 845 2423 904 τοὺς
2450 836 2675 914 ἐχθροὺς
2699 846 2824 909 τοὺς
2869 847 3285 915 άδελφοκτόνους
3307 892 3322 915 ,
3385 851 3618 905 δύνασαι
3640 836 3751 905 τὸν

2177 924 2343 994 θυμὸν
2370 927 2662 996 ἐμπλῆσαι.
2722 931 2913 983 Καίτοι
2955 930 3075 983 οὐδὲ
3107 930 3263 985 τοῦτο
3302 932 3487 995 ἀδικία
3512 950 3526 964 ·
3560 935 3623 987 ού
3650 934 3751 1005 γάρ

2174 1008 2334 1072 αὐτὸς
2359 1008 2545 1080 ἄρχεις
2573 1011 2768 1081 χειρῶν
2796 1012 3014 1080 ἀδίκων,
3042 1014 3157 1066 ἀλλ’
3180 1015 3365 1086 ἀμύνῃ
3392 1020 3521 1079 τοὺς
3557 1018 3750 1088 ἠδικη-

2176 1092 2355 1156 κότας.
2404 1093 2496 1164 Μὴ
2530 1096 2637 1166 γάρ
2671 1114 2762 1166 μοι
2824 1098 2961 1169 πρὸς
3010 1100 3070 1152 τὸ
3104 1098 3321 1171 ἀξίωμα
3373 1100 3489 1172 ἴδῃς
3514 1119 3529 1131 ο
3568 1102 3629 1154 οὐ
3658 1103 3753 1171 τῆς

2175 1176 2396 1229 ἐκείνων
2426 1177 2639 1243 ἐγένετο
2673 1178 2918 1249 γνώμης,
2975 1180 3109 1235 ἀλλὰ
3142 1182 3235 1234 τοῦ
3279 1182 3411 1235 Θεοῦ
3440 1183 3557 1235 τοῦ
3589 1201 3752 1237 κατα-

2174 1260 2397 1328 χέαντός
2430 1278 2512 1313 σοι
2545 1261 2643 1330 τὴν
2671 1263 2849 1331 χάριν.
2899 1264 2965 1316 Τί
2998 1264 3238 1327 κλαίεις;
3283 1267 3424 1319 Ἀλλ’
3472 1265 3632 1319 εἶπεν
3664 1267 3747 1319 άν-

2173 1344 2262 1413 Μή
2298 1359 2385 1411 μοι
2417 1344 2624 1411 γένοιτο
2645 1345 2702 1396 ἐν
2732 1346 2897 1397 πᾶσιν
2927 1346 3347 1418 εὐδοκιμήσαντι
3378 1350 3561 1401 πάντα
3581 1368 3748 1402 κατα-

2173 1426 2332 1481 λῦσαι
2359 1428 2539 1480 ἐκεῖνα
2570 1429 2657 1482 διὰ
2684 1428 2889 1498 ταύτης
2914 1430 3013 1497 τῆς
3056 1433 3418 1501 μνησικακίας
3456 1452 3468 1464 ·
3496 1435 3750 1501 δακρύων

2173 1510 2340 1573 ὅντως
2355 1511 2542 1581 καιρός
2563 1529 2575 1541 ’
2593 1512 2689 1563 οὐκ
2705 1513 2821 1579 είμὶ
2836 1511 2943 1563 τῶν
2964 1513 3166 1583 θηρίων
3183 1516 3515 1585 ἀγριώτερος
3537 1533 3552 1548 ·
3571 1520 3751 1571 ἐκεῖνα

2174 1592 2311 1662 πρὸς
2344 1592 2439 1663 τὴν
2472 1592 2630 1660 φύσιν
2674 1594 2979 1657 σπένδεται,
3030 1595 3140 1649 πάν
3166 1598 3346 1650 ότιοῦν
3375 1593 3525 1670 πάθῃ
3556 1601 3746 1655 δεινόν.

2174 1675 2380 1738 Κλαίω,
2406 1676 2589 1745 φησὶν,
2613 1677 2693 1729 ὅτι
2719 1694 2786 1746 με
2817 1676 2954 1740 ὅλως
2981 1678 3207 1732 τοιαῦτα
3237 1681 3514 1749 διέθηκαν.
3551 1683 3749 1736 Τοῦτον

2174 1755 2270 1808 καλ⁵
2295 1757 2452 1825 ἡμεῖς
2481 1755 2797 1825 μιμώμεθα.
2818 1757 2914 1810 καὶ
2929 1758 3215 1829 πενθῶμεν
3239 1761 3364 1823 τοὺς
3382 1762 3715 1830 ἠδικηκότας
3730 1779 3743 1792 '

2178 1837 2252 1908 μὴ
2263 1837 2605 1908 ὀργιζώμεθα
2619 1838 2752 1909 πρὸς
2766 1838 2958 1900 αὐτούς
2982 1856 2994 1868 °
3014 1841 3180 1899 ὅντως
3194 1844 3302 1914 γὰρ
3314 1844 3567 1913 δακρύων
3590 1845 3746 1909 ἄξιοι,

2171 1914 2240 1990 ἦς
2267 1922 2488 1981 ἑαυτοὺς
2517 1922 2786 1990 τιμωρίας
2804 1922 2898 1974 καὶ
2921 1924 3219 1993 καταδίκης
3240 1926 3584 1989 ὑπευθύνους
3627 1928 3745 1980 καθ-

2177 2004 2411 2057 ιστῶσιν.
2437 1998 2566 2056 Οἶδα
2595 2003 2711 2066 πῶς
2737 2004 2948 2058 κλαίετε
2970 2006 3083 2069 νῦν,
3108 2009 3225 2071 πῶς
3252 2009 3497 2079 χαίρετε,
3528 2012 3628 2063 καὶ
3654 2012 3740 2064 τὸν

2171 2086 2380 2139 Παῦλον
2410 2086 2796 2152 θαυμάζοντες,
2837 2089 2933 2140 καὶ
2952 2088 3044 2143 τὸν
3059 2083 3255 2160 Ἰωσὴφ
3285 2092 3741 2163 ἐκπληττόμενοι,

2170 2170 2266 2221 καὶ
2298 2167 2709 2237 μακαρίζοντες.
2760 2169 2897 2221 Ἀλλ’
2923 2172 2976 2223 et
3000 2183 3081 2234 τις
3107 2172 3298 2243 ἐχθρὸν
3329 2174 3466 2242 ἔχει,
3498 2177 3582 2237 είς
3615 2179 3743 2246 μνήο

2175 2268 2282 2321 μην
2319 2250 2479 2303 αὑτὸν
2509 2249 2604 2301 νῦν
2635 2250 2975 2319 λαμϐανέτω,
3005 2256 3085 2316 είς
3111 2254 3237 2308 νοῦν
3283 2256 3569 2325 βαλλέσθω
3590 2274 3604 2285 ’
3641 2260 3741 2321 ἵνα,

2169 2334 2273 2396 ἓως
2300 2333 2379 2385 ἔτι
2402 2332 2485 2396 ζεῖ
2513 2333 2542 2372 ι’
2566 2336 2631 2402 τῇ
2663 2336 2847 2403 μνήμῃ
2874 2335 2982 2387 τῶν
3030 2336 3199 2403 ἁγίων
3222 2339 3253 2401 ἡ
3284 2339 3501 2409 καρδία,
3538 2340 3737 2410 δυνηθῇ

2167 2416 2229 2468 τὸ
2258 2416 2502 2486 πεπηγὸς
2525 2416 2623 2484 τῆς
2648 2416 2864 2486 μήνιδος
2895 2417 3075 2482 λῦσαι,
3102 2420 3194 2471 καὶ
3220 2421 3281 2471 τὸ
3293 2424 3471 2491 τραχὺ
3488 2424 3586 2475 καὶ
3613 2426 3743 2476 άπερ

2170 2498 2405 2569 σκληκδς
2451 2498 2849 2567 καταμαλάξαι.
2909 2496 3038 2553 Οἶδα
3072 2504 3153 2554 ὃτι
3193 2504 3329 2572 μετά
3361 2506 3464 2575 τὴν
3494 2507 3740 2560 ἐντεῦθεν

2168 2583 2362 2647 ἔξοδον,
2392 2585 2528 2652 μετά
2548 2582 2607 2635 τὸ
2635 2584 2946 2637 παύσασθαί
2977 2603 3043 2655 με
3060 2587 3307 2654 λέγοντα,
3340 2591 3444 2642 κᾶν
3470 2590 3741 2664 ἀπομείνη

2168 2684 2220 2718 τι
2236 2666 2333 2735 τῆς
2351 2666 2557 2735 θέρμης
2579 2666 2672 2720 καὶ
2696 2667 2797 2736 τῆς
2822 2665 3043 2731 ζέσεως,
3063 2671 3123 2723 οὐ
3149 2670 3400 2724 τοσοῦτόν
3425 2675 3603 2739 ἐστιν,
3626 2677 3742 2728 ὅσον

2168 2750 2262 2800 νῦν
2293 2750 2351 2801 ἐν
2377 2753 2442 2819 τῇ
2468 2750 2745 2819 ἀκροάσει.
2799 2752 2868 2804 Et
2896 2771 2981 2817 τις
3003 2750 3116 2816 οὖν,
3169 2754 3222 2808 εί
3268 2774 3350 2819 τις
3381 2759 3739 2827 κατέψυκται,

2168 2831 2342 2884 λυέτω
2384 2832 2482 2902 τὴν
2512 2832 2722 2903 πάχνην
2749 2850 2764 2865 ο
2802 2835 2982 2906 πάχνη
3016 2835 3125 2905 γὰρ
3156 2838 3322 2902 ὅντως
3359 2842 3453 2893 καὶ
3480 2859 3587 2910 κρυ
3598 2844 3740 2913 μὸςή

2172 2914 2525 2985 μνησικακία.
2575 2914 2736 2967 Ἀλλά
2772 2917 3093 2988 καλέσωμεν
3125 2920 3215 2972 τὸν
3240 2922 3391 2990 ἥλιον
3415 2924 3515 2989 τῆς
3538 2926 3739 2978 δικαιοο

2170 2997 2353 3064 σύνης,
2382 2997 2701 3068 ἀξιώσωμεν
2738 2999 2898 3053 αὑτὸν
2931 3001 3217 3069 ἐπαφεῖναι
3245 3004 3345 3068 τὰς
3368 3007 3623 3073 ἀκτῖνας,
3654 3012 3741 3064 καὶ

2167 3078 2348 3133 οὐκέτι
2377 3079 2526 3132 ἔσται
2560 3081 2735 3151 πάχνη
2766 3084 2986 3151 παχεῖα,
3024 3085 3148 3138 ’ἀλλ’
3192 3086 3333 3156 ὕδωρ
3362 3090 3615 3155 πότιμον.
3647 3094 3738 3145 “Av

2169 3161 2591 3245 616ncaz‘167106
2626 3162 2775 3232 ἡλίου
2818 3164 2919 3235 τῆς
2945 3166 3286 3240 δικαιοσύνης
3329 3170 3441 3242 πῦρ
3466 3173 3571 3241 τῆς
3608 3177 3739 3245 ἡμε-

2167 3243 2329 3328 τέρας
2368 3243 2567 3313 ψυχῆς,
2617 3246 2766 3299 οὐδὲν
2803 3247 2952 3301 ἐάσει
2989 3251 3258 3320 πεπηγὸς,
3295 3254 3451 3306 οὐδὲν
3486 3243 3736 3328 σκληρὸν,

2166 3327 2321 3380 οὐδὲν
2378 3329 2701 3394 καυστικδν,
2746 3330 2897 3383 οὐδὲν
2953 3333 3204 3403 ἄκαρπον
3234 3352 3250 3366 ·
3300 3338 3482 3392 πάντα
3535 3327 3735 3413 ὥριμα,

2166 3410 2365 3494 πάντα
2394 3410 2624 3478 γλυκέα,
2663 3412 2839 3466 πάντα
2894 3414 3097 3486 πολλῆς
3146 3421 3382 3490 γέμοντα
3418 3423 3518 3492 τῆς

2165 3491 2574 3579 ἐπιδείξειἎἊν
2618 3495 2918 3565 ἀγαπῶμεν
2958 3498 3253 3571 ἀλλήλους,
3296 3503 3418 3573 ἥξει
3452 3491 3734 3579 κάκείνη-ἠ

2165 3573 2341 3660 ἀκτίς.
2398 3574 2524 3629 Δότε
2555 3594 2667 3646 μοι,
2700 3580 3022 3649 παρακαλῶ,
3059 3586 3198 3653 μετὰ
3233 3589 3544 3660 προθυμίας
3570 3573 3735 3645 ταῦτα

2164 3658 2345 3742 λέγειν
2364 3675 2377 3687 ⁸
2414 3662 2677 3742 ποιήσατέ
2716 3680 2783 3731 με
2813 3663 3043 3719 ἀκοῦσαι
3085 3668 3167 3721 ὃτι
3200 3670 3307 3722 ἀπὸ
3338 3658 3448 3723 τῶν
3478 3676 3734 3742 ῥημάτων

2164 3740 2366 3794 τούτων
2391 3741 2668 3812 ἠνύσαμέν
2695 3762 2747 3796 τι
2771 3760 2783 3773 ’
2815 3747 2900 3799 ὃτι
2925 3747 3115 3819 ἐχθρόν
3139 3768 3221 3807 τις
3242 3740 3511 3814 ἀπελθὼν,
3538 3740 3733 3820 εὐθέως

2165 3823 2483 3908 περιέϐαλεν
2513 3824 2680 3893 ἄμφω
2709 3827 2784 3879 τὼ
2810 3832 2981 3899 χεῖρε,
3019 3834 3382 3903 περιεπλάκη,
3410 3838 3731 3908 περιεχύθη,

2164 3905 2541 3993 κατεφίλησεν,
2576 3908 2865 3993 ἐδάκρυσε.
2914 3913 3033 3965 Κᾶν
3083 3915 3269 3985 θηρίον
3298 3905 3503 3982 ἐκεῖνος
3535 3905 3608 3993 ᾖ,
3640 3923 3734 3974 κᾶν

2163 3986 2327 4074 λίθος,
2361 3988 2467 4074 κάν
2512 3989 2722 4056 ὁτιοῦν,
2769 3994 2885 4074 Ῠὺπὸ
2938 3995 3035 4064 τῆς
3082 3997 3252 4067 αὐτῆς
3284 4004 3307 4032 °
3339 3986 3733 4074 φιλοφροσύνης

2164 4071 2599 4153 ημερωθήσεται.
2635 4073 2784 4145 1459]
2835 4075 2935 4128 Διά
2972 4079 3024 4130 τί
3051 4079 3159 4148 γάρ
3204 4097 3297 4134 σου
3324 4071 3521 4153 ἐχθρός
3546 4071 3730 4149 ἐστιν-ς

2164 4151 2354 4237 ῦϐρισέ
2390 4170 2482 4219 σε;
2530 4154 2642 4208 ἀλλ’
2692 4158 2844 4209 οὐδὲν
2891 4159 3167 4231 ἠδίκησεν.
3242 4164 3401 4219 ’Λλλά
3425 4151 3731 4237 χρημάτων

2161 4234 2345 4323 ἕνεκεν
2365 4239 2750 4323 ’περιορᾷςᾷτὺν
2773 4239 2996 4309 ἀδελφὸν
3015 4244 3359 4313 ἐχθραίνοντα
3380 4265 3393 4311 ;
3413 4234 3731 4323 παρα·

2161 4317 2338 4404 καλῶἶ
2365 4318 2545 4404 Πάντα
2594 4320 2864 4404 λύσωμεν.
2915 4325 3212 4395 Ἠμέτερος
3256 4331 3284 4381 6
3326 4332 3550 4401 καιρόςο
3596 4317 3729 4404 χρη-

2163 4399 2384 4484 σώμεθα
2405 4401 2555 4471 αὐτῷ
2580 4403 2659 4465 είς
2688 4404 2824 4458 δέον.
2842 4406 2921 4458 Τὰ
2952 4409 3155 4475 σχοινία
3188 4410 3293 4463 τῶν
3319 4399 3729 4484 ἁμαρτημάτων

2161 4481 2547 4567 διακόψωμενο
2600 4486 2792 4567 πρὶνῆ
2853 4487 3106 4542 ἀπελθεῖν
3160 4493 3240 4554 είς
3297 4481 3370 4545 τὸγ
3421 4481 3725 4567 κριτῆριον,

2161 4566 2315 4617 αὐτοὶ
2343 4565 2616 4635 κρίνωμεν
2646 4566 2924 4637 ἀλλήλους.
2969 4570 3031 4623 '0
3078 4571 3271 4641 ἥλιος,
3305 4576 3460 4644 φησὶ,
3493 4565 3729 4647 μίίέετι·

2160 4648 2347 4701 δυέτω
2379 4648 2478 4701 ἐπὶ
2509 4649 2587 4713 τῷ
2612 4651 2992 4720 παροργισμῷ
3016 4653 3198 4722 ὑμῶν.
3265 4659 3471 4728 Μηδεὶς
3494 4664 3726 4717 ἀναϐαλο

2160 4729 2362 4815 λέσῃθωο
2385 4732 2441 4782 αἱ
2462 4731 2720 4815 ἀναϐολαὶ
2744 4734 3028 4805 μελλήσεις
3057 4738 3346 4795 τίκτουσιν.
3373 4741 3472 4795 Ἂν
3496 4747 3726 4815 σήμερον

2162 4811 2393 4898 ὑπέρθῃ,
2413 4812 2631 4898 μᾶλλον
2654 4816 2916 4887 ἐρυθριᾷς
2941 4835 2954 4848 ·
2980 4819 3083 4872 κᾶν
3112 4821 3209 4889 τὴν
3240 4822 3429 4893 αὔριον
3466 4811 3721 4898 προσθῇς,

2163 4894 2363 4980 μείζων
2398 4897 2430 4964 ἡ
2478 4897 2705 4980 αἰσχύνη
2736 4915 2750 4929 ο
2786 4898 2887 4951 κᾶν
2924 4900 3020 4968 τὴν
3046 4902 3255 4971 τρίτην,
3300 4907 3380 4957 ἐτι
3412 4894 3597 4964 πλέον.
3638 4894 3722 4980 διὴ

2158 4975 2222 5044 δὴ
2248 4976 2695 5048 καταισχύνωμεν
2721 4980 2941 5039 ἑαυτοὺς
2959 5021 2973 5044 ,
3003 4983 3116 5035 ἀλλ’
3148 4986 3396 5057 ἀφῶμεν,
3435 4990 3527 5045 ἴνα
3553 4975 3721 5063 ἀφεθῇ

2158 5061 2312 5128 ἡμῖν.
2364 5060 2426 5111 Εἰ
2468 5060 2527 5113 δὲ
2575 5063 2774 5134 ἀφεθῇ,
2824 5067 3040 5118 πάντων
3091 5070 3486 5140 ἐπιτευξόμεθα
3517 5060 3625 5129 τῶν
3668 5060 3720 5128 ἐν

2158 5142 2367 5228 οὐρανῷ
2401 5144 2617 5212 ἀγαθῶν
2654 5148 2712 5198 ἐν
2733 5150 2950 5219 Χριστῷ
2993 5150 3160 5220 Ἰησοῦ
3200 5153 3275 5223 τῷ
3321 5155 3513 5225 Κυρίῳ
3550 5160 3718 5228 ἡμῶν,

2162 5226 2279 5295 μεθ’
2336 5244 2396 5281 ου
2444 5228 2523 5297 τῷ
2574 5231 2747 5300 Πατρὶ
2790 5232 2904 5300 ἅμα
2955 5232 3033 5303 τῷ
3078 5236 3217 5306 ἁγίῳ
3266 5226 3715 5309 Πνεύματιήδόξα,

2160 5310 2376 5378 κράτος,
2409 5312 2564 5381 τιμὴ,
2612 5312 2706 5365 νῦν
2737 5316 2828 5367 καὶ
2856 5317 2960 5380 ἀεὶ,
2991 5319 3083 5368 καὶ
3108 5320 3188 5381 εἰς
3236 5320 3361 5382 τοὺς
3389 5323 3590 5386 αίῶνας
3620 5326 3716 5377 τῶν

2159 5392 2387 5447 αἰώνων.
2469 5396 2521 5448 ’Λ
2534 5397 2659 5465 μήν.

2224 5607 2241 5629 ⁸
2277 5609 2616 5681 Supplqngium
2639 5613 3044 5681 fors_an_ct;mms.
3082 5618 3158 5677 43,
3182 5621 3279 5669 5ος
3326 5624 3543 5671 εἰσελθὼν
3566 5626 3612 5672 δὲ
3649 5627 3705 5679 εἰς

2233 5667 2423 5747 ταμεῖόν
2450 5674 2676 5745 ἔκλαυσεν
2718 5677 2830 5724 ἐκεὶ”
2858 5681 2935 5724 καὶ
2958 5667 3204 5741 νιψάμενος
3226 5685 3280 5730 τὸ
3304 5686 3555 5747 πρόσωπον
3591 5667 3705 5739 ἐξελῖ

2158 5732 2247 5793 θὼν
2269 5731 2649 5793 ἐνεκρατεύσατο.

2159 5790 2441 5902 Ευιςτνυιςη
2489 5798 2552 5849 ὡς
2607 5798 2673 5844 ἔτι
2726 5802 2796 5859 ζῇ.
2838 5800 3098 5850 ιοοῐζοηεπι
3146 5811 3354 5855 nostram
3399 5808 3552 5857 ﬁrmat
3571 5807 3691 5857 €016.

2226 5916 2248 5944 ⁶
2274 5912 2457 5965 Mavult
2488 5918 2579 5965 ὑπὸ
2600 5920 2830 5980 τοσαύτης
2849 5921 3076 5972 Duumus.
