3874 6512
153 366 232 439 tu
920 376 988 435 IN
1026 356 1242 435 Beier.
1282 371 1305 426 l
1367 356 1460 426 At)
1495 346 1827 425 messae
1868 351 2019 423 car.
2059 350 2146 427 tu.
2188 348 2421 431 nouit.
2463 371 2549 431 tv.

141 506 298 549 annon
336 492 493 550 etiam
530 508 597 549 ex
638 492 753 562 eius
794 489 1183 561 supplicatione
1219 501 1317 557 pro
1345 478 1677 541 Sodomitis?

84 602 88 609 '
144 585 291 641 Valde
314 584 475 651 enim,
507 584 660 639 valde
687 589 931 638 amantes
953 588 1106 634 erant
1132 577 1321 641 sancti,
1353 585 1409 632 et
1438 574 1685 645 propensi

142 677 201 731 ad
229 677 758 736 commiserationem.
785 673 968 745 Cogita
996 673 1137 731 enim
1168 670 1307 741 quali
1342 669 1578 726 caritatis
1602 666 1684 721 af-

138 767 266 828 fectu
292 780 426 828 esset
466 768 664 829 Paulus
701 767 793 823 ille
811 807 828 834 ,
857 764 946 838 qui
975 764 1060 819 vel
1085 762 1342 817 adversus
1370 762 1543 833 ignem
1570 767 1687 819 erat

140 864 338 931 audens,
368 863 457 919 ille
482 861 874 927 adamantinos,
904 860 993 916 ille
1024 858 1227 922 ﬁrmus,
1261 857 1567 923 immobilis,
1596 854 1686 910 ille

135 956 265 1009 omni
289 951 347 1014 ex
373 962 522 1024 parte
546 963 817 1024 constans,
846 952 934 1011 ille
960 951 1152 1007 timore
1174 948 1270 1005 Dei
1299 947 1560 1017 conﬁxus,
1595 947 1686 1003 ille

135 1044 434 1103 inﬂexibilis.
466 1045 593 1113 Quis
616 1046 779 1108 enim,
810 1043 1000 1113 inquit,
1024 1058 1115 1097 nos
1142 1041 1395 1111 separabit
1420 1056 1453 1094 a
1477 1040 1686 1094 caritate

134 1134 341 1191 Christi?
366 1136 587 1207 afﬂictio,
606 1152 672 1189 an
698 1136 949 1209 angustia,
971 1139 1038 1187 an
1060 1131 1395 1203 persequutio,
1419 1147 1486 1184 an
1502 1131 1681 1201 fontes,

128 1238 211 1279 aut
239 1228 448 1293 nuditas,
479 1236 569 1280 aut
594 1226 891 1298 periculum,
922 1235 1010 1280 aut
1037 1224 1239 1295 gladius
1267 1223 1440 1294 (Rom.
1467 1222 1519 1279 8.
1552 1219 1686 1291 '55)?

130 1321 218 1377 Ille
242 1318 323 1391 qui
348 1320 606 1375 adversus
639 1319 753 1374 hinc
780 1318 957 1373 omnia
985 1331 1192 1372 summa
1220 1320 1337 1370 erat
1362 1313 1601 1380 audacia,
1629 1314 1685 1370 e't

128 1412 370 1467 adversus
400 1421 596 1465 terram
623 1419 679 1464 et
708 1423 875 1474 mare,
898 1408 985 1480 qui
1003 1407 1368 1462 adamantinas
1391 1405 1682 1460 inferorum

128 1514 296 1573 portas
318 1502 591 1569 irridebat,
615 1502 699 1557 cui
726 1501 859 1557 nihil
881 1499 1099 1555 omnino
1121 1498 1403 1555 resistebat
1430 1515 1443 1550 :
1472 1498 1518 1552 is
1538 1506 1686 1568 post-

126 1604 274 1666 quam
313 1595 437 1648 vidit
476 1593 827 1666 quorumdam
872 1593 971 1647 sibi
1016 1592 1331 1651 dile‘ctorum
1386 1590 1681 1660 lacrymas,

121 1688 254 1744 adeo
276 1688 569 1742 cenfractus
607 1697 661 1742 et
700 1686 961 1742 contritus
989 1685 1085 1741 fuit
1124 1686 1214 1741 ille
1251 1684 1503 1748 adamas,
1534 1692 1685 1739 utne

125 1780 279 1841 animi
318 1778 526 1850 quidem
571 1778 773 1834 celaret
815 1786 1041 1840 motum,
1084 1776 1179 1832 sed
1218 1776 1396 1835 statim
1442 1774 1680 1831 diceret:

129 1873 263 1940 Quid
291 1873 447 1943 facitis
474 1873 655 1941 ﬂentes
679 1910 694 1941 ,
724 1879 770 1924 et
793 1887 880 1924 cor
904 1886 1069 1924 meum
1097 1877 1404 1924 conterentes
1431 1868 1562 1938 (Act.
1591 1867 1681 1922 21.

123 1967 213 2035 15)
230 1966 251 2018 ?
269 1962 390 2037 Quid
417 1965 574 2030 dicis,
597 1963 821 2035 quaeso?
844 1964 1080 2023 animum
1108 1963 1257 2023 illum
1284 1963 1682 2019 adamantinum

118 2067 385 2112 conterere
430 2057 605 2127 potuit
651 2057 927 2130 lacryma?
964 2056 1144 2124 Certe,
1188 2055 1357 2125 inquit
1391 2074 1404 2107 :
1436 2054 1685 2114 omnibus

116 2150 306 2204 resisto
346 2156 544 2218 praeter
587 2148 895 2213 caritatem;
939 2163 1001 2209 ea
1039 2163 1126 2207 me
1161 2155 1409 2218 superat,
1438 2146 1569 2205 etin
1596 2148 1683 2204 me

113 2241 313 2296 obtinet
336 2239 686 2295 dominatum.
734 2240 846 2295 lloc
894 2239 1005 2294 Deo
1036 2240 1228 2311 placet.
1258 2240 1495 2310 Abyssus
1520 2244 1684 2307 aqua;

112 2347 229 2385 rum
254 2345 372 2387 eum
390 2345 502 2389 non
520 2331 773 2399 conterit,
799 2340 853 2385 et
874 2331 1081 2400 exiguae
1103 2333 1388 2389 conterunt
1408 2329 1678 2399 lacrymae.

114 2421 253 2489 Quid
282 2422 444 2493 facitis
473 2424 651 2492 ﬂentes
678 2463 695 2495 ,
727 2432 776 2479 et
802 2439 889 2477 cor
916 2439 1083 2476 meum
1120 2421 1468 2478 continentes?
1493 2420 1681 2491 Magna

109 2522 196 2566 est
220 2512 357 2567 enim
388 2512 627 2573 caritatis
675 2515 932 2587 potentia.
965 2513 1058 2570 Vis
1101 2528 1287 2573 rursus
1313 2513 1494 2574 videre
1530 2514 1680 2571 illum

107 2604 361 2659 ﬂentem?
406 2604 529 2659 audi
578 2605 729 2661 illum
774 2604 1043 2662 dicentem
1070 2623 1084 2660 :
1111 2604 1404 2661 Triennium
1452 2613 1594 2662 nocte
1634 2614 1682 2663 ιι

105 2697 212 2760 die,
239 2695 427 2768 inquit,
458 2675 559 2751 non
583 2697 770 2753 cessavi
795 2709 908 2750 cum
934 2696 1172 2770 Iacrymis
1202 2697 1471 2757 admonere
1498 2706 1685 2755 unum-

102 2804 345 2858 quemque
368 2798 582 2845 vestrum
612 2789 746 2857 (Act.
779 2788 872 2844 9.0.
897 2790 1007 2859 51).
1035 2788 1117 2848 Ex
1144 2788 1306 2849 multa
1334 2788 1559 2847 caritate
1587 2802 1682 2847 ve-

102 2879 322 2933 rebatur
357 2894 425 2933 ne
457 2880 645 2955 aliqua,
676 2880 898 2935 intraret
939 2880 1222 2951 pernicies.
1255 2880 1322 2935 Et
1349 2882 1540 2937 iterum
1568 2897 1578 2937 :
1605 2879 1683 2935 Ex

100 2974 267 3025 multa
299 2972 558 3044 aﬂlictione
585 2982 632 3026 et
670 2974 904 3044 angustia
943 2973 1111 3029 cordis
1153 2972 1338 3043 scripsi
1374 2974 1441 3025 ad
1474 2988 1559 3026 vos
1592 2987 1683 3043 per

97 3066 295 3118 multas
318 3066 566 3137 lacrymas
592 3063 668 3135 (2.
698 3065 815 3121 Cor.
838 3063 891 3117 2.
923 3065 1002 3137 4).
1030 3064 1165 3137 Quid
1190 3068 1679 3133 vero,dic,qutuso,

94 3154 264 3211 fortis
291 3155 377 3212 ille
399 3155 597 3227 Joseph
622 3198 639 3222 ,
671 3155 763 3227 qui
791 3168 977 3215 contra
1007 3164 1208 3215 tantam
1236 3155 1412 3209 Stabat
1437 3155 1680 3226 tyranni-

95 3247 233 3302 dem
258 3287 274 3313 ,
301 3250 385 3320 qui
408 3247 669 3303 adversus
697 3258 898 3303 tantam
923 3249 1125 3303 amoris
1151 3261 1338 3319 pyram
1366 3261 1425 3301 se
1453 3247 1605 3303 tortis
1628 3257 1682 3301 et

91 3339 305 3394 excelsi
346 3340 509 3395 animi
553 3340 896 3405 ostenderat,
935 3339 1026 3411 qui
1070 3348 1271 3394 tantam
1312 3339 1543 3394 domina:
1570 3354 1682 3393 sua:

88 3436 365 3491 insaniam
392 3434 463 3489 ita
494 3423 1029 3505 superat'eratiquid
1060 3434 1204 3490 enim
1246 3440 1352 3491 neu
1395 3443 1520 3488 tunc
1546 3432 1682 3487 deli-

90 3528 329 3583 niisset?
354 3527 546 3583 decora
576 3527 738 3582 facies
756 3570 769 3595 ,
804 3526 972 3582 fastus
996 3527 1290 3597 dignitatis,
1317 3526 1550 3582 vestium
1573 3525 1683 3580 ele.

84 3620 275 3690 gantia
299 3628 355 3674 et
381 3618 796 3690 magniﬁcentia,
819 3626 1115 3675 aromatum
1139 3617 1426 3689 fragrantia
1456 3617 1678 3687 (etenim

84 3712 277 3767 soiunt
304 3711 418 3766 haec
443 3726 654 3783 quoque
673 3710 918 3769 emollire
943 3710 1229 3781 animum),
1257 3711 1415 3767 verba
1441 3712 1680 3767 omnium

82 3804 434 3860 mollissima.

160 3903 217 3955 5.
251 3900 469 3974 Iosephi
496 3903 717 3961 castitas.
745 3901 935 3962 Contra
962 3901 1265 3971 iniuriarum
1293 3899 1680 3957 memoriane—'—

96 3995 257 4049 scitis
298 3996 463 4061 enim,
494 3996 636 4065 quod
663 4011 783 4067 qua:
824 3994 1059 4063 amabat,
1088 4004 1143 4053 et
1184 4004 1291 4049 tam
1334 3993 1682 4051 vehementer

76 4090 331 4154 amabat,
361 4089 491 4148 nihil
536 4089 801 4160 abjectum
830 4098 883 4144 et
920 4086 1121 4146 humile
1147 4096 1291 4144 esset
1329 4094 1637 4145 recnsatura
1660 4124 1676 4151 ,

75 4179 354 4249 supplicis
400 4189 653 4253 suscepto
695 4181 899 4237 habitu.
958 4180 1105 4237 Adeo
1146 4181 1289 4236 enim
1348 4177 1519 4233 fracta
1566 4186 1682 4238 erat

76 4271 296 4329 mulier
321 4286 513 4329 aureas
532 4282 749 4348 gestans
777 4284 1043 4340 vestes,et
1068 4288 1187 4345 quae
1208 4277 1325 4328 erat
1350 4271 1609 4327 collocata
1627 4271 1678 4329 in

76 4364 358 4434 dignitate
380 4368 610 4441 regimut
620 4369 685 4423 ad
697 4368 835 4427 servi
848 4368 1041 4439 captivi
1052 4381 1222 4438 genua
1234 4365 1375 4422 forte
1391 4363 1681 4434 procum

80 4454 189 4521 rit,
212 4463 273 4513 et
291 4460 420 4515 forte
434 4460 594 4515 etiam
610 4460 746 4517 tiens
758 4460 953 4531 rogarit
967 4468 1022 4515 et
1039 4469 1261 4529 tangens
1280 4472 1452 4528 genua
1473 4474 1487 4511 ε
1506 4471 1681 4526 neque

83 4545 150 4600 id
190 4550 367 4609 semel
399 4560 490 4612 aut
512 4551 629 4619 bis,
659 4553 753 4611 sed
781 4553 940 4611 etiam
974 4549 1173 4620 saepius
1194 4550 1436 4611 tentarit.
1461 4547 1683 4603 Licehat

87 4652 231 4698 tunc
248 4644 411 4703 etiam
434 4643 618 4701 videre
636 4645 845 4701 oculum
867 4643 1099 4702 maxime
1116 4641 1402 4712 fulgentem
1434 4658 1447 4694 :
1478 4656 1582 4692 tum
1600 4647 1684 4692 est

76 4735 245 4792 enim
299 4738 591 4795 verisimile
640 4752 759 4792 eam
809 4753 868 4795 se
904 4737 1092 4797 leviter
1132 4746 1191 4793 et
1235 4744 1541 4803 utcumque,
1588 4731 1680 4791 sed

68 4828 314 4884 curiose
342 4838 589 4898 ornasse,
618 4840 675 4884 ut
709 4846 827 4900 quae
854 4830 1034 4889 multis
1058 4828 1262 4889 retibus
1289 4828 1452 4883 vellet
1485 4842 1681 4897 agnum

66 4923 296 4981 Christi
319 4941 539 4997 capere.
558 4926 877 4996 llicquoque
894 4925 1125 4996 adjunge
1145 4924 1274 4981 mihi
1297 4923 1490 4979 multas
1520 4920 1685 4990 magi—

65 5034 181 5073 cas
205 5020 635 5079 incantationes.
666 5019 770 5077 Sed
798 5029 975 5079 tamen
1005 5019 1094 5073 ille
1110 5015 1436 5082 htﬂexibilis,
1461 5014 1551 5075 ille
1574 5014 1685 5069 for-

68 5112 158 5164 tis
185 5124 259 5165 ac
314 5109 560 5180 rigidus,
603 5121 657 5166 et
706 5111 891 5180 quavis
918 5117 1068 5179 petra
1118 5108 1360 5172 solidior,
1404 5115 1685 5176 postquam

65 5204 231 5261 vidit
266 5201 470 5263 fratres
511 5204 598 5275 qui
633 5203 1001 5267 vendiderant,
1028 5204 1117 5272 qui
1150 5203 1201 5257 in
1227 5202 1513 5259 cisternam
1540 5200 1686 5268 jeces

62 5302 245 5361 rant,
302 5294 397 5364 qui
445 5293 808 5358 tradiderant,
860 5295 952 5363 qui
983 5293 1229 5351 volebant
1272 5292 1551 5355 occidere,
1594 5288 1687 5358 qui

58 5390 320 5445 fuerant
348 5402 530 5445 causze
559 5395 616 5442 et
654 5387 884 5445 carceris
925 5398 980 5444 et
1007 5387 1263 5448 bimaris;
1309 5396 1586 5458 postquam
1623 5389 1690 5447 ab

53 5482 160 5534 eis
191 5478 422 5537 audivit
463 5478 734 5549 quomodo
777 5476 997 5535 affccuts
1036 5488 1186 5533 esset
1229 5487 1415 5547 pater;
1448 5477 1691 5539 Dicamus

52 5571 262 5635 extim,
303 5571 504 5643 inquit,
534 5570 670 5639 quod
697 5586 826 5627 unus
867 5569 1021 5639 fuerit
1044 5587 1077 5623 a
1110 5572 1220 5639 [αα
1246 5571 1512 5629 devoratus
1536 5571 1687 5643 (Gen.

50 5669 173 5721 57.
206 5665 318 5734 20)
346 5683 363 5731 ;
397 5663 600 5723 fractus
638 5664 761 5732 fuit,
789 5663 1050 5730 mollitus,
1090 5664 1377 5730 contr-itus,
1405 5679 1468 5723 ac
1507 5664 1688 5731 flevit;

47 5771 120 5817 et
160 5758 354 5817 animi
384 5769 593 5813 motum
621 5772 723 5812 non
760 5757 959 5823 ferens,
1008 5758 1279 5827 ingressus
1306 5758 1379 5814 Sc
1403 5761 1646 5816 continuit
1670 5803 1688 5828 ,

45 5860 187 5913 hoc
209 5864 341 5918 est,
360 5852 634 5915 abstersit.
656 5850 791 5922 Quid
818 5848 935 5915 ﬂes,
954 5847 1201 5920 01056th
1223 5851 1246 5905 ?
1274 5850 1429 5921 Atqui
1456 5868 1695 5923 przesen-

444 5962 717 6023 Pn'uoe.
762 5958 879 6020 Gn.
929 5959 1120 6021 LXII.

3257 386 3365 441 ης

1800 474 1870 529 tia
1899 492 2004 533 non
2033 492 2157 536 sunt
2197 483 2357 555 digna
2404 486 2673 561 lacrymis,
2715 492 2809 548 sed
2839 494 2938 562 ira,
2968 495 3327 569 indignatione
3346 541 3364 569 ,

1791 583 1985 640 magno
2018 575 2280 644 supplicio
2305 576 2360 632 et
2384 579 2585 637 ultione
2609 602 2623 635 :
2653 582 2819 641 habes
2846 586 2897 641 in
2926 591 3169 647 manibus
3194 593 3366 650 inimi-

1789 675 1903 757 eos,
1934 661 2257 732 fratricidas,
2288 678 2440 738 potes
2470 673 2706 729 animum
2728 679 3009 736 exsatiare.
3035 683 3364 757 Quamquam

1789 768 1858 808 ne
1882 752 1985 809 hoc
2027 757 2239 826 quidem
2272 771 2355 814 est
2389 761 2682 833 injustitia;
2716 784 2821 825 non
2863 773 3003 827 enim
3034 777 3179 844 prior
3200 752 3368 836 infers

1789 859 1983 901 manus
2011 847 2256 918 injustas,
2281 851 2373 907 sed
2402 862 2497 909 eo‘s
2540 855 2814 914 ulcisceris
2836 864 2925 933 qui
2952 874 3005 921 te
3027 866 3214 938 injuria
3242 871 3368 927 affe-

1789 946 1995 991 cerant.
2022 938 2154 993 Nam
2178 940 2243 995 ad
2268 951 2410 996 tuam
2437 958 2506 1001 ne
2529 945 2657 1001 mihi
2674 956 2948 1021 aspexeris
2973 962 3364 1019 auctoi'itatem:

1788 1042 1893 1082 non
1925 1030 1974 1084 id
2021 1042 2087 1119 es
2116 1046 2301 1089 eorum
2348 1035 2543 1092 factum
2586 1051 2673 1096 est
2697 1045 2860 1101 animi
2903 1054 3188 1118 sententia,
3215 1055 3309 1111 sed
3337 1073 3369 1112 a

1791 1119 1900 1175 Deo
1924 1122 2015 1192 qui
2057 1124 2151 1179 tibi
2177 1126 2364 1182 eﬂ'udit
2409 1132 2653 1200 gratiam.
2679 1135 2815 1203 Quid
2859 1138 3133 1205 ﬂes?Sed
3172 1146 3371 1204 dixerit

1788 1213 1877 1270 ille
1908 1231 1922 1268 :
1954 1217 2127 1283 Absit,
2154 1229 2212 1275 ut
2233 1223 2322 1293 qui
2355 1223 2404 1279 in
2429 1228 2679 1283 Omnibus
2709 1228 2760 1286 in
2796 1231 2936 1297 bona
2966 1235 3158 1293 fuerim
3184 1244 3369 1299 existi-

1786 1308 2046 1376 matione,
2088 1312 2177 1368 illa
2215 1317 2391 1371 omnia
2430 1318 2662 1375 evertam
2704 1338 2799 1393 per
2831 1324 2968 1382 hanc
3013 1330 3219 1400 injuria:
3260 1350 3367 1390 ac—

1786 1406 1953 1469 cepta:
1979 1404 2398 1462 recordationem
2427 1426 2442 1465 :
2474 1410 2823 1483 lacrymarum
2849 1409 2974 1473 vere
2996 1430 3079 1475 est
3120 1432 3367 1494 tempUs;

1787 1501 1892 1546 non
1945 1510 2063 1548 sum
2112 1497 2236 1551 feris
2287 1499 2571 1558 crudelior.
2629 1505 2741 1563 Illae
2792 1523 2915 1563 eum
2966 1520 3163 1567 natura
3200 1514 3370 1571 ftedus

1788 1584 2009 1654 ineunt,
2039 1588 2410 1662 quodcumque
2438 1595 2560 1648 mali
2592 1611 2761 1667 passae
2791 1598 3006 1657 fuerint.
3041 1603 3201 1673 Fleo,
3224 1610 3367 1677 quod

1786 1678 2007 1734 omnino
2039 1680 2117 1735 sic
2160 1690 2246 1736 me
2275 1683 2569 1741 affecerint.
2604 1688 2753 1746 llunc
2801 1708 2898 1747 nos
2947 1708 3158 1768 quoque
3197 1700 3372 1757 imite-

1787 1784 1928 1836 mur,
1959 1781 2014 1828 et
2041 1772 2314 1845 lugeamus
2355 1777 2449 1834 eds
2473 1780 2560 1850 qui
2596 1781 2837 1852 injuriam
2876 1785 3160 1858 fecerunt;
3197 1792 3265 1850 h'e
3290 1796 3370 1851 eis

1787 1860 2114 1922 irascamur:
2142 1878 2266 1923 sunt
2293 1871 2434 1925 enim
2463 1889 2648 1929 revera
2665 1876 2809 1949 digni
2837 1879 3103 1953 lacrymis,
3127 1886 3269 1959 quod
3294 1903 3371 1943 se-

1788 1955 1933 2025 ipsos
1962 1957 2468 2019 reddantobnoxios
2507 1968 2768 2041 supplicio
2807 1980 2861 2023 et
2882 1955 3231 2036 damnationi.
3252 1977 3369 2035 Non

1787 2046 1976 2118 ignoro
2003 2052 2273 2120 quomodo
2301 2069 2441 2109 nunc
2470 2056 2662 2123 llcatis,
2696 2068 2749 2113 et
2778 2058 3047 2133 quomodo
3072 2066 3367 2137 gaudeatis,

1786 2148 1841 2193 et
1869 2140 2092 2196 Paulum
2121 2142 2448 2202 admirantes
2472 2157 2526 2203 et
2549 2149 2746 2220 Joseph
2774 2163 3072 2225 stupentes,
3097 2162 3160 2214 a‘c
3184 2148 3369 2217 beatos

1787 2234 2214 2309 pronuntiantes.
2269 2237 2375 2293 Sed
2415 2241 2459 2295 si
2500 2242 2619 2313 quis
2664 2243 2855 2301 habeat
2890 2248 3160 2309 inimicum
3187 2294 3200 2317 ,
3245 2269 3367 2309 eum

1786 2340 1928 2381 nunc
1972 2323 2026 2382 i'n
2050 2331 2309 2391 memoria
2343 2332 2555 2400 habeat,
2584 2352 2703 2390 eum
2747 2350 2926 2398 mente
2950 2345 3132 2414 agitet,
3162 2346 3218 2401 ut
3241 2346 3370 2403 dum

1785 2418 1960 2479 adhuc
1988 2436 2083 2475 cor
2114 2422 2283 2479 fervet
2312 2425 2365 2479 in
2411 2430 2671 2484 memoria
2702 2442 3030 2502 sanctorum,
3078 2441 3247 2511 possit
3276 2442 3369 2497 ira:

1785 2510 1999 2602 solvere
2026 2512 2299 2582 duritiem,
2323 2515 2639 2594 mollireqne
2665 2525 3007 2592 asperitatem
3034 2510 3089 2583 “et
3113 2531 3365 2602 rigorem.

1801 2601 1924 2658 Scio
1967 2605 2109 2699 quod
2163 2618 2439 2681 pOStquam
2484 2610 2608 2668 hinc
2648 2612 2916 2685 abieritis,
2960 2601 3239 2692 postquam
3266 2640 3367 2699 ego

1785 2707 2003 2752 cessare
2049 2698 2235 2770 loqui,
2291 2705 2502 2759 etiamsi
2546 2707 2671 2775 quid
2718 2714 3037 2773 remanserit
3080 2717 3273 2779 caloris
3310 2698 3370 2776 et

1788 2789 2029 2858 fervoris,
2057 2807 2162 2847 non
2188 2802 2389 2850 tantum
2422 2806 2504 2853 est
2527 2810 2780 2868 quantum
2809 2821 2970 2874 nunc,
3001 2808 3127 2864 dum
3152 2814 3365 2870 auditis.

1789 2875 1845 2934 Si
1875 2882 1996 2951 quis
2040 2897 2188 2953 ergo,
2216 2885 2259 2939 si
2309 2886 2429 2956 quis
2470 2890 2539 2949 sit
2586 2889 2783 2962 frigore
2828 2909 3145 2965 concretus,
3198 2905 3372 2961 Solvat

1788 2972 2033 3041 pruinam
2065 2988 2079 3025 :
2105 2976 2295 3044 pruina
2322 2978 2463 3032 enim
2510 2996 2695 3037 revera
2724 2994 2778 3039 et
2812 2987 3009 3061 glacies
3055 3002 3136 3051 est
3163 2992 3370 3067 injuriae

1786 3075 2019 3141 acceptae
2060 3066 2374 3126 recordatio.
2425 3072 2529 3133 Sed
2576 3077 2885 3139 invocemus
2927 3084 3092 3145 solem
3114 3066 3366 3157 iustitiae,

1786 3160 2039 3226 rogemus
2060 3173 2180 3257 eum
2211 3171 2265 3216 ut
2288 3162 2535 3225 immittat
2562 3169 2782 3238 radios;
2815 3182 2870 3229 et
2888 3191 2994 3233 non
3014 3179 3119 3235 erit
3144 3183 3373 3257 amplius

1787 3261 1967 3345 crassa
1998 3253 2210 3322 pruina,
2238 3256 2332 3313 sed
2359 3273 2492 3329 aqua
2518 3264 2786 3335 potabilis.
2819 3266 2872 3321 Si
2906 3268 3040 3341 ignis
3066 3273 3197 3331 solis
3214 3253 3374 3345 justi-

1788 3338 1878 3395 tiae
1903 3342 2141 3399 nostram
2192 3347 2425 3418 tetigerit
2471 3353 2725 3419 animam,
2773 3358 2905 3414 nihil
2924 3338 3375 3435 ﬁrelinquet'con-

1786 3438 2017 3531 cretum,
2050 3441 2183 3495 nihil
2207 3441 2421 3510 durum,
2452 3438 2582 3507 nihil
2612 3447 2754 3523 Quod
2786 3452 2892 3511 vim
2920 3453 3116 3519 habeat
3142 3461 3329 3521 arandi
3352 3503 3372 3531 ,

1790 3528 1929 3623 nihil
1973 3532 2115 3623 quod
2162 3532 2337 3593 fructu
2375 3536 2558 3599 careat
2586 3557 2599 3596 :
2627 3543 2804 3603 omnia
2849 3528 3372 3623 ostendctmaltln.

1787 3620 1968 3675 omnia
1996 3622 2196 3693 dulcia,
2229 3628 2408 3687 Omnia
2436 3630 2592 3705 plena
2624 3634 2790 3695 multa
2820 3638 3109 3709 voluptate.
3150 3644 3209 3701 Si
3235 3620 3374 3703 alter

1785 3712 2012 3803 alterum
2043 3715 2362 3787 diligamus,
2394 3722 2574 3783 veniet
2602 3724 2695 3787 ille
2740 3742 2955 3803 quoque
2996 3734 3199 3795 radius.
3241 3739 3373 3801 Date

1786 3802 2183 3878 mihi,rogo,ut
2210 3825 2331 3866 cum
2373 3825 2621 3886 prompto
2662 3828 2717 3875 et
2740 3802 2903 3878 alacri
2935 3827 3117 3884 animo
3143 3830 3259 3887 hac
3275 3832 3366 3887 di.

1787 3911 1903 3992 cam
1934 3892 1950 3949 Ξ
1984 3896 2142 3955 facite
2160 3909 2224 3961 ω
2252 3903 2462 3967 audiam
2490 3922 2587 3964 vos
2613 3907 2696 3965 his
2738 3910 2917 3977 verbis
2949 3916 3147 3988 aliquid
3174 3925 3360 3992 profe-

1783 3988 1945 4052 cisse,
1978 3997 2037 4044 et
2081 3992 2225 4061 quod
2270 3995 2459 4056 abiens
2487 4000 2747 4069 quiSpiam
2798 4006 3039 4074 protinus
3088 3988 3361 4077 inimicum

1786 4083 1853 4169 sit
1881 4082 2215 4153 complexus,
2244 4085 2431 4147 ambas
2457 4093 2795 4151 conseruerit
2820 4110 3033 4169 manus,
3065 4102 3114 4156 ei
3142 4106 3374 4167 circum-

1787 4167 1937 4230 fusus
1966 4176 2055 4243 sit,
2112 4178 2384 4237 osculatus
2409 4188 2465 4239 et
2502 4183 2884 4258 illacrymatus.
2916 4167 3138 4253 Etiamsi
3166 4198 3374 4257 ille.sit

1784 4265 1922 4358 fera,
1952 4267 2167 4329 etiamsi
2203 4268 2359 4341 lapis,
2387 4274 2593 4335 etiamsi
2624 4279 2870 4347 quodvis,
2901 4281 2969 4345 ab
2996 4284 3100 4347 hae
3124 4287 3371 4361 benigni.

1785 4367 1897 4415 tate
1938 4362 2265 4431 mitigabitur
2303 4371 2358 4417 et
2400 4379 2762 4425 mansueseet.
2806 4370 2939 4431 Nam
2984 4390 3081 4435 cur
3125 4388 3207 4434 est
3253 4391 3371 4439 tuus

1790 4454 2079 4509 inimicus?
2136 4466 2187 4510 te
2230 4458 2551 4513 contumelia
2596 4462 2818 4518 affecit?
2854 4466 2950 4527 sed
3001 4468 3201 4531 nullam
3246 4473 3376 4530 fecit

1792 4545 2061 4639 injuriam.
2099 4546 2207 4605 Sed
2237 4560 2461 4619 prepter
2488 4555 2741 4622 pecunias
2769 4557 3002 4629 despicis
3029 4561 3247 4629 fratrem
3272 4584 3373 4639 se-

1791 4648 1998 4693 rentem
2028 4638 2376 4695 inimicitias?
2399 4659 2464 4701 ne
2486 4644 2649 4707 facias
2676 4663 2822 4718 rogo.
2845 4649 3033 4708 Omnia
3057 4638 3330 4715 solvamus
3350 4702 3368 4727 ,

1791 4741 2032 4789 nostrum
2077 4741 2161 4789 est
2188 4741 2398 4804 tempus
2428 4755 2440 4790 :
2473 4752 2540 4790 eo
2582 4749 2794 4799 utamur
2822 4752 2881 4798 ut
2920 4758 3151 4814 oportet.
3194 4750 3371 4809 Funes

1795 4836 2136 4897 peccatorum
2202 4830 2550 4889 concidamus
2593 4851 2607 4888 :
2658 4835 2966 4905 priusquam
3007 4842 3261 4900 abeamus
3307 4848 3374 4903 ad

1788 4919 2070 4993 judicium,
2106 4921 2205 4990 ipsi
2234 4922 2370 4979 alter
2394 4924 2617 4983 alterum
2659 4927 2977 4995 iudicemus.
3011 4932 3127 4998 Sol,
3167 4938 3371 5007 inquit,

1794 5027 1859 5065 ne
1904 5012 2099 5069 occidat
2137 5028 2290 5083 utpar
2336 5014 2653 5073 iracundiam
2702 5030 2918 5075 uestram
2962 5022 3127 5095 (Eph.
3171 5030 3226 5083 4.
3255 5029 3371 5101 26).

1796 5103 1965 5161 Nemo
1992 5103 2205 5163 diﬂ'erat
2239 5124 2252 5161 :
2281 5106 2564 5165 dilationes
2593 5111 2806 5179 pariunt
2848 5130 3026 5170 moras
3046 5128 3109 5172 .et
3151 5131 3371 5175 cuncta-

1800 5198 1994 5258 tiones.
2027 5198 2084 5257 Si
2129 5198 2290 5259 hodie
2334 5200 2630 5269 distuleris,
2680 5206 2848 5274 magis
2890 5208 3201 5272 erubescis;
3244 5221 3298 5265 et
3326 5214 3372 5267 si

1794 5289 2088 5350 crastinum
2124 5289 2420 5356 addideris,
2466 5292 2641 5364 major
2682 5305 2763 5349 est
2804 5297 3011 5367 pudor;
3044 5310 3091 5354 et
3136 5303 3180 5355 si
3228 5303 3370 5357 diem

1798 5381 2040 5447 tertium,
2064 5381 2241 5441 adhuc
2284 5383 2474 5453 major.
2508 5384 2587 5438 Ne
2615 5400 2714 5443 nos
2742 5386 2886 5455 ipsos
2920 5390 3126 5457 pudore
3165 5390 3371 5445 aflicia-

1801 5489 1939 5537 mus,
1968 5474 2066 5532 sed
2094 5476 2454 5539 remittamus,
2482 5485 2540 5534 ut
2576 5476 2731 5532 nobis
2772 5478 3090 5533 remittatur.
3117 5478 3175 5534 Si
3202 5491 3373 5539 autem

1800 5566 2086 5627 remissum
2110 5565 2289 5634 fuerit,
2316 5569 2497 5624 omnia
2542 5568 2795 5624 caelorum
2821 5569 2959 5625 bona
2989 5584 3378 5641 consequemur

1802 5657 1853 5717 in
1885 5656 2098 5719 Christo
2124 5658 2251 5715 Jesu
2280 5659 2509 5717 Domino
2536 5667 2740 5725 nostro,
2765 5676 3021 5731 cumquo
3044 5663 3185 5718 Patri
3216 5665 3375 5721 simul

1802 5765 1923 5805 cum
1951 5759 2136 5806 sancto
2163 5750 2364 5822 Spiritu
2403 5751 2595 5821 gloria,
2622 5762 2879 5822 potestas,
2929 5755 3121 5826 honor,
3150 5773 3295 5814 nunc
3316 5768 3377 5817 et

1808 5858 2041 5915 semper,
2068 5846 2196 5905 etin
2221 5844 2417 5902 saecula
2440 5847 2779 5904 surculorum.
2808 5848 3003 5904 Amen.

2955 5960 3035 6018 27
