3964 6514
492 374 597 429 ιιδ

1227 383 1281 437 S.
1321 383 1594 443 JOANNIS
1628 385 2096 445 CHRYSOSTOMI
2143 388 2449 443 ARCHIEP.
2472 386 2997 444 CONSTANTINOP.

3632 390 3737 447 ια

512 494 3269 522 ———_________________________________

1882 571 2223 632 HOMILIA
2265 572 2340 631 V.

495 707 620 762 CAP.
653 708 703 760 4.
742 722 793 759 v.
826 708 878 760 1.
905 706 980 762 De
1007 718 1183 763 σωτενο
1208 727 1344 780 ergo.
1376 712 1575 780 fratres,
1599 731 1833 785 rogamus
1892 731 1977 768 vos
2025 725 2074 768 et

568 801 880 856 obsecramus
920 805 973 856 in
1012 803 1232 859 Domino
1272 806 1415 871 Jesu,
1453 818 1507 860 ut
1530 809 1946 877 quemadmodum
1972 824 2061 861 ac-

568 896 767 961 cepistis
796 912 827 947 a
856 897 996 949 nobis
1038 899 1287 966 quomodo
1330 909 1557 967 oporteat
1594 916 1679 953 vos
1716 900 1973 953 ambulare
2016 910 2063 953 et

571 988 767 1053 placere
818 989 943 1051 Deo,
995 991 1068 1042 sic
1108 1000 1153 1043 et
1198 992 1460 1046 ambuletis
1490 1004 1543 1045 ut
1572 994 1833 1045 abundetis
1880 994 2060 1063 magis.

568 1080 624 1132 2.
656 1080 811 1134 Scitis
841 1083 972 1134 enim
1000 1098 1110 1151 qua:
1136 1094 1384 1153 prtecepta
1431 1085 1652 1137 dederim
1697 1085 1831 1138 vobis
1858 1102 1944 1150 per
1969 1083 2063 1136 Je-

570 1190 681 1226 sum
730 1172 1001 1228 Christum.
1054 1176 1105 1228 5.
1164 1174 1288 1228 Htec
1337 1185 1406 1229 est
1456 1186 1622 1229 autem
1667 1176 1897 1229 voluntas
1946 1175 2063 1239 Dei,

569 1266 899 1332 sanctiﬁcatio
925 1276 1103 1319 vestra.

574 1357 626 1408 ι.
656 1356 943 1424 Postquam
974 1357 1024 1409 in
1058 1358 1121 1411 iis
1144 1373 1263 1426 qua:
1295 1357 1551 1427 urgebant
1580 1366 1628 1412 et
1660 1374 1777 1429 qua:
1808 1367 1962 1412 erant
2013 1359 2065 1411 in

503 1447 747 1501 manibus
796 1449 1108 1502 immoratus
1158 1460 1259 1515 est,
1315 1466 1375 1505 ea
1423 1451 1673 1520 deinceps
1723 1467 2069 1521 aggressurus

501 1556 619 1607 qua:
646 1549 765 1593 sunt
793 1550 1069 1610 perpetua,
1111 1549 1165 1594 et
1192 1557 1312 1609 quae
1354 1558 1563 1610 semper
1607 1543 1791 1597 audire
1836 1553 2064 1610 oportet,

505 1632 771 1698 praemittit
818 1632 918 1685 hoc
959 1632 1198 1696 verbum,
1247 1632 1322 1686 De
1358 1643 1553 1687 canem.
1580 1633 1692 1687 Hoc
1719 1644 1818 1696 est,
1847 1634 2068 1704 Semper

504 1729 716 1797 quidem
746 1738 799 1783 et
824 1736 1080 1798 perpetuo
1122 1744 1218 1783 vos
1248 1745 1495 1799 rogamus
1534 1739 1587 1783 et
1631 1731 1973 1784 obsecramus
2016 1731 2069 1785 in

508 1822 752 1876 Domino.
802 1821 991 1890 Papaal
1042 1838 1108 1876 ne
1153 1821 1219 1875 ad
1262 1822 1551 1891 rcgandum
1594 1822 1803 1891 quidem
1850 1838 1907 1876 se
1946 1822 2073 1877 dicit

502 1927 621 1967 esse
669 1912 772 1967 ﬁde
815 1912 1072 1981 dignum:
1122 1928 1442 1983 quamquam
1486 1914 1604 1981 quis
1653 1923 1767 1967 erat
1808 1914 1941 1969 adeo
1970 1914 2072 1969 ﬁde

506 2004 733 2074 dignus?
771 2004 865 2059 sed
912 2002 1178 2060 Christum
1224 2006 1465 2058 assumit.
1500 2006 1600 2059 Per
1648 2006 1833 2069 Deum,
1879 2005 2068 2076 inquit,

504 2117 602 2153 vos
642 2113 888 2167 rogamus
932 2107 987 2153 et
1033 2098 1418 2153 obsecramus:
1470 2097 1570 2152 hoc
1617 2100 1756 2153 enim
1811 2099 1910 2153 sibi
1964 2100 2074 2152 vult

505 2190 657 2255 illud,
685 2190 752 2244 lu
780 2190 1017 2244 Domino.
1051 2189 1200 2256 Quod
1229 2190 1388 2243 etiam
1416 2189 1626 2244 dicebat
1646 2189 1711 2242 ad
1729 2188 2033 2243 Corinthios
2056 2210 2067 2242 :

508 2285 666 2345 Deus,
698 2282 890 2352 inquit,
922 2296 1007 2335 vos
1032 2282 1254 2334 obsecrat
1287 2297 1373 2349 per
1398 2297 1487 2332 nos
1528 2280 1606 2348 (2.
1626 2280 1744 2335 Cor.
1778 2280 1830 2334 5.
1861 2280 1967 2350 ΞΟ).
2008 2281 2075 2334 Ut

505 2373 928 2444 quemadmodum
978 2372 1239 2440 accepistis
1286 2388 1317 2425 a
1356 2372 1516 2425 nobis.
1566 2372 1721 2437 Illud,
1776 2371 2070 2440 Accepistis,

509 2480 611 2517 non
644 2473 726 2518 est
763 2463 934 2517 solum
974 2463 1277 2524 verborum,
1328 2463 1421 2516 sed
1471 2462 1628 2517 etiam
1671 2477 1870 2517 rerum.
1917 2462 2071 2526 Illud,

511 2554 772 2621 Quomodo
828 2564 1056 2625 oporteat
1108 2570 1191 2608 vos
1240 2554 1517 2615 ambulare,
1574 2554 1626 2607 in
1686 2553 1787 2608 hoc
1844 2553 2077 2608 ostendit

506 2661 718 2700 nonem
763 2645 885 2699 vita:
928 2645 1408 2698 conversationem.
1462 2644 1529 2697 Et
1592 2644 1697 2698 Deo
1753 2645 1969 2712 placere,
2022 2656 2077 2698 ut

506 2737 770 2790 abundetis
812 2737 1007 2806 magis;
1052 2735 1154 2789 hoc
1193 2747 1294 2798 est,
1330 2734 1397 2789 Ut
1433 2750 1498 2789 ex
1530 2735 1716 2805 majori
1753 2735 2073 2790 abundantia

506 2845 613 2881 non
650 2827 848 2881 sistatis
872 2841 1041 2894 usque
1072 2825 1135 2878 ad
1172 2824 1437 2888 mandata,
1469 2826 1565 2880 sed
1595 2840 1656 2880 ea
1697 2829 2027 2896 exsuperetis
2060 2846 2072 2880 :

508 2920 609 2974 hoc
630 2928 713 2974 est
737 2918 878 2971 enim
907 2916 1053 2980 illud,
1088 2916 1153 2969 Ut
1178 2916 1454 2969 abundetis.
1484 2916 1614 2970 Nam
1647 2918 1697 2969 in
1725 2918 2075 2988 prmeedenti-

510 3013 605 3065 bus
628 3009 813 3063 solida:
847 3024 1034 3062 eorum
1083 3008 1200 3061 ﬁdei
1246 3017 1448 3077 gratam
1494 3017 1550 3061 et
1592 3020 1867 3078 acceptam
1919 3010 2078 3064 habet

498 3102 908 3155 admirationem
935 3116 948 3163 ;
982 3098 1067 3152 hic
1094 3107 1273 3152 autem
1300 3100 1459 3152 vitam
1485 3104 1775 3168 componit.
1802 3101 1915 3156 Hoc
1934 3104 2074 3157 enim

507 3200 590 3246 est
608 3189 898 3260 profectus,
923 3191 1081 3245 etiam
1100 3205 1421 3259 exsuperare
1444 3193 1687 3247 mandata
1706 3204 1760 3248 et
1774 3206 2035 3266 praecepta
2061 3217 2074 3252 :

496 3298 613 3336 non
635 3281 776 3336 enim
815 3281 1042 3350 amplius
1084 3296 1151 3335 ex
1192 3280 1450 3336 doctrinae
1496 3284 1831 3350 necessitate,
1879 3288 1972 3341 scd
2012 3303 2074 3343 ex

508 3374 659 3428 liberi
702 3373 903 3427 arbitrii
951 3372 1212 3427 electione
1256 3372 1314 3425 ﬁt
1358 3374 1692 3429 universum.
1736 3377 1886 3433 Sicut
1934 3381 2074 3434 enim

498 3476 707 3521 terram
750 3479 853 3518 non
897 3463 1069 3517 solum
1109 3472 1321 3532 oportet
1349 3463 1488 3519 ferre
1521 3465 1665 3535 jaeta
1696 3478 1966 3524 sementa:
1999 3472 2077 3525 sic

506 3559 666 3614 etiam
703 3557 934 3611 animam
982 3563 1191 3624 oportet
1235 3570 1343 3611 non
1383 3572 1550 3626 usque
1589 3560 1655 3613 ad
1696 3576 1756 3614 ea
1785 3562 2072 3618 subsistere

499 3666 623 3720 quae
652 3658 777 3705 sunt
800 3664 1005 3719 Sparsa,
1054 3648 1146 3703 sed
1176 3648 1334 3703 etiam
1362 3662 1704 3719 exsuperare.
1754 3651 1915 3708 Vides
1955 3670 2073 3709 eum

500 3745 695 3800 merito
737 3743 936 3797 dixisse
974 3742 1337 3809 exsuperare?
1374 3741 1505 3796 Nam
1543 3744 1594 3796 in
1627 3742 1741 3799 haec
1770 3745 1877 3799 duo
1907 3747 2075 3801 divisa

505 3846 589 3891 est
614 3838 809 3899 virtus,
834 3850 1023 3902 nempe
1053 3835 1319 3888 declinare
1340 3850 1368 3888 a
1390 3836 1551 3902 malo,
1578 3846 1632 3891 et
1652 3838 1828 3893 facere
1853 3839 2072 3896 bonum.

506 3930 621 3983 Non
676 3928 816 3982 enim
863 3926 1059 3980 sufﬁcit
1098 3941 1341 3982 recessus
1387 3942 1415 3980 a
1456 3929 1597 3983 malo
1635 3930 1699 3985 ad
1740 3932 2074 4001 adeptionem

506 4019 736 4081 virtutis,
783 4017 878 4072 sed
926 4026 1008 4071 est
1047 4017 1260 4085 quidem
1304 4020 1384 4070 via
1410 4030 1464 4074 et
1487 4019 1692 4074 initium
1719 4022 1843 4076 illuc
1870 4025 2072 4091 ferens;

504 4125 640 4181 opus
666 4118 750 4164 est
778 4118 957 4162 autem
987 4108 1139 4161 nobis
1167 4109 1326 4162 etiam
1360 4125 1549 4179 magna
1588 4113 1749 4166 animi
1780 4114 2070 4172 alacritate.

503 4205 633 4269 Quae
674 4206 798 4254 sunt
838 4197 1051 4267 quidem
1098 4198 1341 4267 fugienda
1384 4198 1511 4253 dicit
1538 4202 1618 4256 eis
1641 4212 1905 4275 tamquam
1935 4222 2074 4276 prae-

503 4300 657 4362 cepta
683 4299 739 4344 et
761 4288 991 4343 merito:
1026 4303 1147 4340 nam
1179 4288 1291 4341 haec
1315 4289 1532 4357 quidem
1566 4293 1611 4345 si
1652 4292 1801 4360 ﬁant,
1847 4296 2076 4353 afferunt

504 4381 858 4452 supplicium;
908 4378 951 4432 si
994 4394 1099 4432 non
1154 4379 1282 4432 fiant
1332 4390 1532 4445 autem,
1585 4383 1785 4438 nullam
1842 4387 2068 4443 laudem.

502 4475 631 4542 Quae
653 4482 829 4527 autem
856 4470 925 4525 ad
953 4470 1201 4525 virtutem
1229 4472 1512 4539 pertinent,
1537 4481 1593 4525 ut
1618 4472 1892 4531 effundere
1916 4493 2076 4547 pecu-

504 4568 640 4629 nias,
659 4573 713 4618 et
735 4577 1080 4633 quaecumque
1104 4572 1227 4615 sunt
1243 4562 1565 4631 hujusmodi,
1593 4580 1694 4619 non
1718 4578 1859 4633 sunt,
1882 4569 2072 4640 inquit,

505 4654 852 4724 iupraeceptis
881 4653 1284 4713 constituenda;
1315 4654 1407 4707 sed
1436 4654 1598 4723 quid?
1642 4656 1742 4720 Qui
1779 4669 1936 4725 potest
1984 4679 2073 4715 ca-

502 4760 641 4811 pere,
664 4745 832 4812 capiat
861 4741 1070 4812 (Matth.
1101 4743 1191 4797 i9.
1218 4743 1328 4810 12).
1367 4744 1464 4797 Est
1488 4761 1619 4815 ergo
1642 4748 1932 4805 verisimile
1953 4768 2072 4808 eum

503 4852 625 4890 cum
685 4836 851 4889 multo
909 4835 1099 4889 timore
1147 4845 1202 4890 et
1248 4846 1476 4891 tremore
1523 4839 1600 4893 eis
1652 4843 1990 4911 praecepisse,
2023 4858 2077 4902 et

507 4943 600 4996 per
648 4924 746 4980 has
791 4925 970 4979 literas
1016 4927 1094 4978 eis
1140 4926 1191 4979 in
1237 4929 1546 4982 memoriam
1602 4946 1883 4989 revocasse
1928 4937 2070 4992 illam

506 5019 776 5089 pietatem.
801 5016 1155 5084 Quamobrem
1183 5031 1242 5072 ea
1273 5032 1374 5070 non
1407 5020 1577 5087 ponit,
1607 5022 1699 5076 sed
1728 5024 1833 5079 illis
1860 5040 2075 5085 revocat

504 5112 557 5166 in
618 5111 950 5165 memoriam.
1007 5108 1161 5163 Scitis
1214 5110 1367 5173 enim,
1421 5114 1616 5182 inquit,
1661 5132 1775 5184 quin
1822 5133 2075 5191 praecepta

506 5202 643 5256 robis
668 5201 890 5254 dederim
916 5216 1003 5269 per
1030 5200 1301 5253 Dominum
1332 5212 1557 5256 nostrum
1594 5204 1772 5261 Iesum
1794 5209 2067 5268 Christum.

506 5294 634 5348 Hac
654 5303 725 5348 est
743 5302 909 5346 autem
932 5292 1161 5346 voluntas
1190 5292 1307 5360 Dei,
1350 5296 1678 5364 sanctiﬁcatio
1718 5310 1899 5357 vestra.
1942 5280 2074 5362 Vide

505 5396 683 5441 autem
720 5384 987 5455 quomodo
1028 5384 1095 5439 de
1131 5384 1271 5439 nulla
1314 5401 1374 5440 re
1416 5385 1519 5440 alia
1574 5396 1681 5442 tam
1731 5390 2073 5451 vehementer

503 5478 732 5533 obscure
759 5487 813 5531 et
836 5475 1168 5545 mtiigmatice
1211 5476 1473 5546 loquitur,
1519 5495 1674 5549 quam
1713 5481 1780 5537 de
1826 5485 1924 5539 hac
1966 5502 2069 5541 re:

507 5569 642 5624 sicut
662 5568 821 5623 etiam
864 5566 1056 5621 alicubi
1100 5568 1338 5623 scribens
1376 5569 1542 5623 dicit:
1588 5570 1777 5625 Pacem
1817 5578 2071 5631 sectemini

506 5675 624 5713 cum
646 5660 875 5713 omnibus
900 5668 951 5713 et
967 5660 1434 5728 sanctiﬁcationem,
1465 5660 1572 5713 sine
1595 5678 1695 5729 qua
1721 5679 1865 5719 nemo
1890 5665 2068 5722 Domi-

504 5767 627 5805 num
659 5751 842 5805 videbit
879 5751 1060 5821 (Hebr.
1094 5753 1177 5805 12.
1210 5754 1321 5823 14).
1356 5754 1421 5806 Et
1443 5754 1569 5823 quid
1600 5756 1807 5810 miraris
1832 5759 1876 5813 si
1907 5759 2068 5817 disci-

509 5842 645 5912 pulis
670 5841 737 5896 de
763 5840 864 5898 hoc
890 5839 1083 5913 ubique
1103 5842 1306 5910 scribit,
1328 5857 1448 5898 cum
1468 5844 1626 5901 etiam
1648 5846 1715 5903 ad
1735 5847 1777 5903 Τ
1780 5850 2066 5908 imotheum

2175 714 2412 767 scribens
2452 714 2692 769 diceret:
2725 714 2963 786 Teipsum
3001 728 3191 771 castum
3229 721 3423 773 custodi
3486 722 3568 791 (l.
3607 721 3737 777 Tim.

2171 804 2223 858 5.
2274 799 2481 873 29.)?ln
2521 806 2749 860 secunda
2794 822 3003 877 quoque
3046 808 3278 879 Epistola
3320 812 3385 866 ad
3432 811 3739 869 Corinthios

2166 896 2425 961 scribens,
2455 896 2666 952 dicebat
2696 915 2709 950 :
2741 898 2807 951 In
2834 900 3095 954 tolerantia
3124 903 3303 967 multa,
3336 906 3387 957 in
3406 906 3645 975 jejuniis,
3696 920 3743 959 et

2171 987 2396 1039 castitate
2425 987 2502 1057 (2.
2530 988 2645 1043 Cor.
2676 990 2727 1043 6.
2760 992 2813 1044 5.
2847 991 2921 1059 6).
2954 991 3020 1045 Et
3051 994 3229 1047 multis
3260 996 3310 1049 in
3350 997 3481 1052 locis
3517 997 3622 1053 hoc
3666 1000 3745 1053 in-

2170 1079 2401 1141 veneris,
2431 1091 2481 1133 et
2508 1081 2557 1133 in
2586 1082 2814 1150 Epistula
2845 1084 2909 1137 ad
2942 1085 3229 1149 Romanos,
3254 1098 3305 1141 et
3330 1090 3549 1159 ubique,
3590 1102 3642 1145 et
3688 1093 3739 1145 in

2170 1173 2416 1224 omnibus
2469 1173 2726 1241 epistolis.
2782 1174 2988 1229 Revera
3033 1178 3174 1231 enim
3223 1181 3470 1234 omnibus
3518 1184 3740 1236 exitium

2171 1263 2327 1317 affert
2367 1264 2465 1317 hoc
2494 1265 2688 1318 malum
2720 1284 2733 1322 :
2762 1276 2815 1320 et
2842 1268 2979 1321 sicut
3004 1285 3194 1337 porcus
3225 1271 3335 1326 luto
3365 1274 3580 1342 plenus,
3607 1292 3740 1346 quo-

2171 1368 2397 1422 cumque
2444 1354 2712 1423 ingressus
2760 1356 2919 1411 fuerit
2961 1360 3138 1413 omnia
3191 1363 3374 1431 implet
3422 1364 3637 1431 faetore,
3691 1380 3745 1421 et

2172 1457 2360 1496 sensus
2388 1444 2573 1513 implet
2596 1457 2865 1501 stercore:
2896 1449 2966 1502 ita
2992 1453 3150 1504 etiam
3170 1456 3453 1517 scortatio;
3482 1468 3570 1510 est
3603 1458 3741 1511 enim

2174 1533 2367 1587 malum
2395 1534 2539 1603 quod
2571 1535 2786 1591 difﬁcile
2822 1548 2994 1606 potest
3028 1541 3157 1594 elui.
3194 1544 3417 1608 Quando
3436 1556 3616 1600 autem
3646 1547 3743 1602 hoc

2173 1623 2331 1677 etiam
2378 1624 2573 1678 faciunt
2610 1626 2769 1696 aliqui
2810 1628 2896 1697 qui
2940 1630 3135 1684 habent
3176 1647 3388 1701 uxores,
3435 1646 3634 1705 quanta
3667 1652 3746 1691 est.

2173 1714 2591 1769 deformitas?5.
2624 1715 2747 1769 Hcce
2791 1728 2863 1771 est
2902 1730 3087 1783 autem,
3134 1722 3323 1791 inquit,
3369 1727 3609 1780 voluntas
3658 1727 3747 1779 Dei

2173 1808 2504 1875 sanctiﬁcatio
2527 1818 2710 1875 vestra,
2743 1821 2797 1862 ut
2818 1810 3108 1867 abstinentia
3136 1816 3197 1867 ab
3221 1818 3357 1869 omni
3386 1820 3741 1887 fornicatione.

2174 1895 2331 1949 Multa
2377 1907 2501 1952 sunt
2537 1900 2678 1953 enim
2715 1915 2908 1969 genera
2949 1904 3391 1974 intemperantiae,
3422 1912 3745 1979 multiplices

2175 2000 2229 2045 et
2246 1992 2405 2045 varia:
2426 1993 2721 2062 voluptates
2739 1996 2966 2050 lascivia:
2986 2006 3040 2053 et
3056 1996 3308 2066 libidinis,
3326 2018 3459 2072 quas
3476 2022 3546 2059 ne
3569 2006 3743 2062 dicere

2176 2083 2389 2152 quidem
2421 2093 2502 2138 est
2528 2086 2820 2141 tolerabile.
2851 2087 2983 2142 Cum
3010 2099 3184 2145 autem
3222 2092 3463 2157 dixisset,
3496 2097 3577 2149 Ab
3617 2102 3746 2152 omni

2177 2175 2528 2245 fornicatione,
2559 2191 2676 2230 eam
2703 2177 2957 2247 relinquit
2982 2180 3046 2233 iis
3067 2182 3155 2251 qui
3178 2194 3373 2237 norunt
3400 2207 3412 2241 :
3441 2187 3495 2240 4.
3526 2188 3597 2241 Ut
3624 2192 3747 2242 sciat

2176 2269 2513 2338 unusquisque
2541 2280 2755 2324 vestrum
2778 2286 2864 2326 vas
2895 2289 3039 2327 suum
3074 2277 3328 2344 possidere
3363 2280 3419 2331 in
3458 2283 3747 2349 sanctiﬁca-

2178 2359 2310 2413 tione
2348 2371 2393 2413 et
2421 2361 2607 2414 honore
2630 2378 2648 2414 :
2675 2362 2729 2416 5.
2755 2380 2856 2416 non
2887 2365 2937 2417 in
2970 2368 3199 2435 passione
3234 2368 3491 2436 desiderii,
3531 2373 3663 2426 sicut
3702 2384 3747 2425 et

2177 2458 2344 2519 gentes
2390 2466 2501 2519 qua:
2543 2451 2779 2521 ignorant
2838 2451 3018 2507 Deum.
3059 2455 3124 2509 Ut
3166 2458 3311 2525 sciat,
3356 2460 3552 2529 inquit,
3599 2479 3748 2517 utins-

2176 2540 2382 2609 quisque
2411 2551 2623 2594 vestrum
2650 2558 2735 2595 vas
2772 2560 2915 2596 suum
2945 2547 3215 2613 possidere.
3248 2547 3355 2604 Res
3385 2561 3468 2604 est
3510 2567 3644 2622 ergo
3673 2555 3750 2607 di-

2178 2632 2407 2701 ciplinze,
2432 2642 2592 2703 atque
2614 2634 2747 2687 adeo
2766 2651 2987 2705 magum,
3011 2654 3077 2692 ne
3103 2639 3458 2698 lasciviamus.
3487 2643 3599 2698 Nos
3626 2661 3747 2715 ergo

2180 2722 2233 2777 id
2276 2724 2625 2792 possidemus,
2669 2727 2881 2794 quando
2911 2729 3165 2784 manserit
3195 2732 3451 2787 mundum
3481 2744 3536 2789 et
3576 2748 3657 2790 est
3700 2740 3745 2790 in

2179 2814 2635 2871 sanctificatione:
2663 2831 2784 2871 cum
2813 2828 2990 2873 autem
3013 2828 3097 2875 est
3121 2822 3474 2887 immundum,
3507 2829 3745 2895 possidet

2180 2917 2484 2977 peccatum;
2516 2918 2571 2962 et
2604 2911 2818 2965 merito.
2857 2911 2970 2966 Non
3014 2914 3156 2969 enim
3189 2915 3317 2970 facit
3346 2918 3481 2972 ultra
3510 2937 3633 2990 qua:
3664 2938 3749 2973 vo-

2181 2999 2377 3065 lumus,
2434 3001 2529 3053 sed
2578 3016 2697 3070 qua:
2743 3002 2870 3057 illud
2917 3004 3159 3074 imperat.
3219 3007 3339 3063 Non
3390 3010 3445 3063 in
3494 3016 3745 3080 passione,

2181 3092 2371 3162 inquit,
2417 3094 2668 3147 desiderii.
2725 3093 2823 3150 Hic
2874 3098 3106 3153 ostendit
3160 3102 3322 3155 etiam
3370 3106 3594 3159 modum
3646 3125 3747 3177 quo

2180 3196 2393 3255 oportet
2420 3202 2537 3241 esse
2568 3198 2942 3258 temperantes,
2973 3199 3032 3244 ut
3062 3202 3365 3262 amputetur
3392 3209 3575 3253 motus
3604 3202 3742 3254 desi-

2181 3281 2332 3335 derii.
2381 3281 2593 3336 Deliciae
2632 3284 2774 3337 enim
2809 3294 2863 3338 et
2905 3285 3122 3350 divitite,
3168 3288 3433 3356 socordia,
3475 3294 3743 3362 segnities,

2179 3375 2368 3440 Otium,
2411 3384 2465 3429 et
2494 3374 2608 3430 haec
2637 3378 2835 3441 omnia,
2873 3393 2970 3432 nos
3010 3379 3077 3433 ad
3116 3381 3404 3438 absurdum
3444 3396 3498 3441 et
3530 3404 3743 3457 pravum

2180 3465 2447 3519 deducunt
2491 3467 2829 3521 desiderium.
2886 3469 3031 3524 Sicut
3073 3481 3119 3524 et
3166 3483 3354 3542 gentes,
3404 3477 3601 3548 inquit,
3643 3496 3748 3549 quis

2180 3558 2413 3626 ignorant
2434 3556 2619 3612 Deum.
2654 3559 2782 3614 Nam
2814 3561 2915 3614 illa:
2959 3562 3171 3631 quidem
3214 3576 3339 3620 sunt
3370 3569 3523 3634 tales,
3559 3586 3742 3639 exspe-

2181 3657 2386 3701 ctantes
2412 3650 2639 3702 futurum
2666 3660 2721 3703 ut
2746 3649 3096 3721 dentptenas.
3137 3654 3189 3709 6.
3233 3655 3297 3708 Et
3328 3674 3389 3711 ne
3424 3662 3539 3729 quis
3578 3680 3745 3729 super-

2183 3744 2478 3812 grediatur,
2509 3756 2667 3807 neque
2686 3741 3040 3796 circunweniat
3066 3747 3117 3797 in
3135 3749 3330 3815 negotio
3351 3753 3565 3818 fratrem
3587 3771 3743 3807 suum.

2249 3834 2301 3886 2.
2328 3832 2493 3888 Recte
2518 3832 2672 3895 dixit,
2698 3833 2782 3886 Ne
2806 3837 3221 3905 supergrediatur
3242 3854 3262 3892 :
3293 3842 3587 3913 unicuique
3611 3849 3743 3901 enim

2181 3923 2320 3978 Deus
2349 3924 2531 3977 tribuit
2566 3940 2807 3988 uxorem,
2839 3935 2894 3980 et
2920 3937 3122 3982 natura:
3153 3932 3431 3986 constituit
3470 3940 3743 4001 terminus,

2180 4027 2371 4082 nempe
2413 4029 2532 4067 cum
2574 4030 2679 4067 una
2724 4017 3084 4072 concubitum.
3131 4018 3488 4086 Quamobrem
3534 4028 3582 4080 si
3633 4043 3744 4081 cum

2179 4104 2345 4159 altera
2391 4107 2702 4162 concubitus
2746 4119 2827 4162 est
2874 4113 3243 4177 transgressio,
3293 4123 3347 4169 et
3386 4116 3748 4187 latrocinium,

2179 4204 2233 4251 ct
2267 4197 2441 4262 fraus;
2485 4197 2592 4250 imo
2631 4214 2757 4253 vero
2800 4210 2881 4254 est
2923 4203 3138 4268 gravior
3185 4219 3397 4274 quoque
3442 4208 3747 4267 latrocinio.

2179 4286 2294 4341 Non
2323 4288 2464 4341 enim
2501 4288 2634 4341 adeo
2663 4290 2905 4348 dolemus
2949 4292 2992 4344 si
3017 4303 3211 4349 nostrte
3238 4295 3560 4355 auferuntur
3586 4319 3748 4373 pecu-

2180 4378 2301 4444 niae,
2348 4388 2404 4431 ut
2431 4380 2473 4432 si
2508 4390 2746 4433 nostrum
2789 4383 3174 4439 matrimoniale
3200 4388 3532 4455 perfodiatur
3557 4397 3749 4453 cubile.

2178 4469 2417 4524 Fratrem
2445 4485 2622 4536 vocas,
2657 4480 2709 4525 et
2732 4486 2824 4540 per
2843 4476 3117 4529 avaritiam
3142 4477 3342 4534 damno
3364 4482 3559 4552 afficis,
3594 4489 3748 4542 etiam

2179 4559 2231 4612 in
2280 4559 2344 4613 iis
2385 4560 2437 4613 in
2471 4560 2663 4630 quibus
2702 4575 2808 4616 non
2849 4566 3090 4632 oportet?
3120 4566 3479 4640 f‘licvloquitur
3507 4576 3578 4632 de
3608 4582 3750 4633 adul-

2180 4654 2346 4718 terio;
2376 4653 2619 4721 superius
2647 4662 2822 4709 autem
2847 4654 2916 4711 de
2934 4659 3077 4711 omni
3107 4664 3430 4719 seortatione
3461 4680 3559 4722 seu
3584 4669 3748 4725 forni-

2178 4749 2405 4802 catione.
2428 4747 2557 4801 Nam
2587 4750 2832 4817 quoniam
2862 4752 3229 4808 eratdicturus
3252 4754 3473 4813 fratrem
3502 4777 3610 4816 non
3637 4780 3747 4820 esse

2178 4840 2702 4908 supergrediendum,
2751 4858 2921 4911 neque
2963 4858 3059 4914 per
3094 4847 3365 4903 avaritiam
3408 4851 3611 4909 damno
3640 4859 3749 4911 afﬁ-

2175 4930 2457 4998 ciendum,
2488 4932 2565 4986 sic
2602 4931 2851 5001 praefatur
2884 4934 2999 4990 :Ne
3039 4938 3346 5007 existimes,
3379 4944 3580 5014 inquit,
3612 4954 3745 5019 quod

2180 5022 2293 5077 hmc
2316 5024 2487 5076 solum
2517 5022 2689 5077 dicam
2717 5024 2784 5079 de
2810 5025 3004 5092 fratre;
3037 5029 3128 5084 sed
3153 5047 3325 5102 neque
3354 5035 3583 5093 aliorum
3617 5058 3745 5095 uxo.

2177 5130 2285 5183 res,
2316 5130 2487 5185 neque
2531 5132 2622 5171 eas
2664 5133 2782 5187 qua:
2825 5128 3007 5174 carent
3032 5122 3256 5188 maritis,
3284 5140 3459 5195 neque
3504 5146 3742 5186 commu-

2180 5224 2274 5263 nes
2300 5210 2495 5264 habcre
2532 5220 2758 5280 oportet.
2791 5211 2875 5265 Ab
2914 5215 3056 5267 omni
3095 5214 3438 5274 fornicatione
3477 5224 3743 5278 abstinere

2178 5311 2423 5371 oportet:
2457 5302 2575 5357 ideo
2613 5304 2779 5358 dicit:
2816 5306 3062 5372 Quoniam
3098 5310 3282 5364 vindex
3308 5322 3381 5366 est
3410 5312 3659 5370 Dominus
3684 5324 3743 5370 de

2178 5392 2256 5446 his
2275 5394 2521 5447 omnibus.
2550 5393 2779 5463 Rogavit
2800 5411 2894 5450 eos
2918 5398 3162 5465 primum,
3200 5408 3254 5455 et
3277 5403 3536 5470 pudorem
3567 5408 3739 5462 incus-

2178 5488 2272 5550 sit,
2301 5486 2503 5553 dicens,
2535 5487 2681 5542 Sicut
2717 5499 2763 5541 et
2805 5501 2973 5559 gentes
3002 5508 3022 5546 :
3047 5492 3237 5549 deinde
3264 5498 3559 5554 rationibus
3587 5517 3739 5571 quam

2176 5594 2335 5648 prava
2363 5590 2414 5632 et
2437 5579 2662 5633 absurda
2684 5595 2771 5635 res
2800 5582 3137 5651 sitostendit,
3178 5587 3318 5656 quod
3346 5604 3440 5658 per
3464 5594 3734 5647 avaritiam

2176 5671 2338 5725 frater
2377 5671 2571 5725 damno
2598 5672 2877 5729 afﬁciatur.
2909 5676 3169 5748 Deinceps
3207 5679 3474 5752 subiungit
3518 5685 3567 5738 id
3597 5686 3733 5755 quod

2175 5772 2258 5817 est
2280 5774 2437 5832 caput
2455 5774 2509 5818 et
2535 5780 2739 5820 summa
2767 5767 2844 5823 rei
2872 5786 2883 5821 :
2906 5768 3154 5835 Quoniam
3182 5772 3363 5826 vindex
3390 5785 3463 5826 est
3490 5775 3731 5830 Dominus

2177 5855 2239 5910 de
2275 5856 2350 5911 Itis
2395 5858 2643 5925 omnibus,
2690 5860 2814 5914 sicut
2853 5862 3177 5933 pradizrimus
3223 5866 3358 5919 vobis
3398 5877 3442 5921 ιτ
3484 5868 3727 5938 testiﬁcati
