3964 6504
174 350 292 407 423

1104 341 1171 397 ΙΝ
1210 340 1424 397 EPIST.
1462 340 1482 393 ι
1520 339 1611 395 AD
1646 339 1983 395 THESSAL.
2019 340 2172 397 CAP.
2210 342 2300 398 ιν.
2343 340 2575 399 HOMIL.
2606 343 2673 398 Υ.

3341 341 3446 397 428

1671 630 1913 683 ΟΜΙΛΙᾹ
1956 630 2032 686 ιε’.

178 794 247 845 Τὸ
290 791 533 854 λοιπὸν,
570 788 841 859 ἀδελφοὶ,
871 788 1346 860 ἐρωτῶμενύμᾶς
1372 791 1471 844 καί
1502 806 1766 858 παρακα-

242 862 480 929 λοῦμεν
528 860 597 913 ἐν
635 862 845 929 Κυρίῳ
873 859 1102 927 Ἰησοῦ,
1158 859 1353 925 καθὼς
1404 860 1767 927 παρελάϐετε

244 928 390 999 παρ’
447 930 617 1000 ἡμῶν
657 932 730 1000 τὸ
774 928 899 996 πῶς
933 930 1025 982 δεῖ
1068 932 1412 1000 περιπατεῖν
1449 929 1623 998 ὑμᾶς,
1671 930 1767 983 καί

246 998 534 1072 ἀρέσκειν
557 999 697 1064 Θεῷ,
727 1001 826 1052 ἵνα
847 1003 1246 1072 περισσεύητε
1268 998 1768 1072 μᾶλλονηωδατε

245 1069 362 1142 γᾶρ
401 1072 569 1136 τίνας
593 1072 993 1142 παραγγελίας
1022 1070 1324 1142 ἐδώκαμεν
1355 1070 1497 1136 ὑμῖν
1523 1069 1621 1142 διὰ
1662 1070 1768 1123 τοῦ

244 1139 473 1211 Κυρίου
501 1140 670 1211 ἡμῶν
709 1140 910 1206 Ἰησοῦ
938 1139 1215 1211 Χριστοῦ.
1287 1142 1463 1195 Τοῦτο
1494 1140 1602 1209 γάρ
1640 1141 1771 1195 ἑστι

247 1209 485 1282 θέλημα
512 1209 681 1274 Θεοῦ,
722 1214 753 1264 ὀ
783 1211 1075 1280 ἁγιασμὸς
1103 1210 1287 1279 ὑμῶν.

250 1320 512 1375 α’.’οταν
543 1319 676 1389 πρὸς
694 1316 763 1370 τά
780 1317 1172 1384 κατεπείγοντα
1190 1319 1287 1387 στῇ
1303 1318 1394 1369 καὶ
1424 1316 1493 1367 τά
1513 1317 1568 1368 ὲν
1591 1316 1768 1386 χερσὶ,

176 1404 276 1458 καὶ
307 1402 480 1474 μέλλῃ
520 1401 658 1471 πρὸς
680 1400 750 1453 τά
781 1400 1008 1471 διηνεκῆ
1037 1400 1320 1470 ἐμϐαίνειν
1362 1399 1569 1463 λοιπὸν,
1615 1402 1709 1451 καὶ
1735 1398 1771 1451 ὃ.

178 1491 431 1561 συνεχῶς
466 1488 703 1543 ἀκοῦσαι
733 1487 861 1558 χρὴ,
892 1487 1048 1540 τοῦτο
1079 1485 1369 1556 προτίθησι
1408 1486 1468 1538 τὸ
1495 1485 1668 1555 ρἧα,
1699 1486 1769 1539 Τὸ

175 1580 423 1642 λοιπὸν,
442 1577 870 1641 τουτέστιν,Ἀεὶ
910 1575 1009 1645 μὲν
1034 1576 1127 1627 καὶ
1158 1576 1239 1637 είς
1262 1575 1323 1626 τὸ
1351 1574 1599 1644 διηνεκὲς
1629 1576 1770 1643 ἐρω-

176 1668 369 1738 τῶμεν
414 1666 559 1734 ὑμᾶς
597 1665 693 1718 καὶ
739 1660 1167 1732 παρακαλοῦμεν
1218 1662 1275 1713 ἐν
1306 1659 1516 1730 Κυρίῳ.
1568 1648 1767 1715 Βαϐαίί

175 1757 302 1810 οὑδὲ
348 1754 487 1827 πρὸς
528 1753 590 1806 τὸ
633 1750 968 1823 παρακαλεῖν
1017 1749 1208 1802 ἑαυτὸν
1257 1748 1594 1815 ἀξιόπιστον,
1634 1745 1773 1802 εἷναί

178 1859 323 1913 φησι
355 1859 369 1872 ⁸
400 1841 577 1895 καίτοι
631 1839 715 1902 τίς
762 1836 936 1900 οὕτως
984 1835 1299 1901 ἀξιόπιστος
1352 1831 1453 1906 ἦν;
1506 1835 1655 1915 ἀλλὰ,
1682 1836 1772 1892 τὸν

177 1931 424 2003 Χριστὸν
447 1928 887 2002 παραλαμϐάνει.
946 1927 1044 1981 Διά
1091 1926 1184 1979 τοῦ
1240 1925 1376 1979 Θεοῦ
1421 1924 1770 1997 παρακαλοῦ-

178 2037 290 2090 μεν
316 2020 482 2090 ὑμᾶς,
540 2017 696 2087 φησί.
742 2014 916 2069 Τοῦτο
956 2014 1066 2085 γάρ
1110 2015 1276 2078 ἐστιν,
1334 2014 1430 2065 Ἐν
1460 2014 1671 2080 Κυρίῳ.
1708 2015 1773 2064 Ὃ

176 2109 279 2161 καὶ
300 2107 441 2178 πρὸς
474 2102 793 2175 Κορινθίους
818 2102 1003 2171 ἔλεγεν
1027 2118 1040 2131 ο
1071 2102 1132 2155 Ὀ
1158 2102 1301 2165 Θεὸς
1322 2099 1475 2171 ὑμᾶς
1507 2117 1775 2169 παρακα-

176 2194 287 2249 ⁸ζεῖ
307 2194 387 2247 δι’
410 2193 597 2262 ημῶν.
631 2192 768 2246 Ἵνα
799 2191 995 2257 καθὼς
1019 2188 1384 2257 παρελάϐετε
1412 2189 1546 2258 πάθ’
1584 2187 1772 2257 ἡμῶν.

180 2283 283 2349 Τὸ,
321 2280 719 2349 Παρελάϐετε,
774 2268 897 2348 οὐχὶ
937 2277 1197 2349 ῥημάτων
1246 2276 1363 2329 ἐστὶ
1415 2278 1595 2347 μόνον,
1640 2271 1777 2330 άλλά

182 2373 285 2425 καὶ
322 2371 689 2443 πραγμάτων.
750 2367 844 2431 Τὸ,
880 2365 1013 2431 Πῶς
1072 2365 1168 2419 δεῖ
1217 2364 1372 2435 ὑμᾶς
1404 2363 1775 2433 περιπατεῖν,

181 2462 375 2514 πᾶσαν
430 2460 490 2513 ὲν
536 2457 713 2528 τούτῳ
751 2456 849 2527 τὴν
896 2454 1247 2525 ἀναστροφὴν
1296 2453 1390 2507 τοῦ
1439 2455 1555 2524 βίου
1605 2453 1778 2521 δηλοῖ.

182 2550 303 2605 Καὶ
349 2546 638 2618 ἀρέσκειν
700 2544 851 2612 Θεῷ,
901 2546 1004 2600 ἵνα
1060 2544 1459 2613 περισσεύητε
1498 2541 1777 2613 pallor"

181 2639 515 2702 τουτέστιν,
562 2636 683 2691 Ἰνα
741 2637 806 2689 ὲκ
834 2634 1080 2697 πλείονος
1116 2632 1432 2703 περιουσίας
1486 2632 1559 2702 μὴ
1619 2632 1781 2702 μέχρι

182 2728 301 2782 τῶν
331 2726 567 2781 ἐντολῶν
630 2723 871 2785 ἰστᾶσθε,
924 2723 1039 2775 ἀλλ’
1097 2722 1184 2775 ἵνα
1235 2722 1329 2775 καὶ
1381 2719 1779 2790 ὑπερϐαίνητε’

182 2818 351 2873 τοῦτο
392 2818 502 2887 γάρ
540 2817 659 2869 ἐστι
697 2815 779 2879 τὸ,
814 2814 952 2868 Ἵνα
974 2813 1392 2881 περισσεύητε.
1428 2810 1516 2862 Ἐν
1546 2810 1645 2880 μὲν
1673 2810 1783 2889 γάρ

184 2910 304 2971 τοῖς
344 2906 649 2976 προάγουσι
675 2902 776 2974 τῆς
827 2904 1065 2964 πίστεως
1105 2901 1285 2954 αὐτῶν
1308 2901 1408 2969 τῆς
1453 2900 1687 2971 στερρᾶς
1724 2899 1785 2952 τνδ

184 2995 381 3066 θαῦμα
420 2992 783 3062 ἀποδέχεται·
836 2988 1066 3043 ἐνταῦθα
1107 2988 1164 3041 δὲ
1197 2988 1448 3058 ῥυθμίζει
1496 2986 1590 3040 τὸν
1644 2985 1780 3057 βίον.

184 3084 367 3137 Τοῦτο
390 3082 500 3151 γάρ
529 3077 801 3149 προκοπὴ,
837 3076 899 3130 τὸ
937 3076 1031 3130 καὶ
1062 3076 1412 3147 ὑπερϐαίνειν
1438 3075 1535 3140 τὰς
1566 3075 1787 3138 ἐντολὰς

186 3174 291 3226 καὶ
324 3170 396 3224 τὰ
418 3168 806 3237 διατάγματα*
857 3166 1040 3218 οὐκέτι
1089 3163 1198 3235 γὰρ
1244 3163 1352 3217 ἀπὸ
1388 3163 1485 3234 τῆς
1529 3162 1786 3217 διδασκα-

186 3262 355 3330 λικῆς
399 3259 682 3327 ἀνάγκης,
728 3253 845 3309 ἀλλ’
880 3253 988 3306 ἀπὸ
1024 3253 1121 3323 τῆς
1171 3253 1375 3315 οἰκείας
1409 3251 1781 3322 προαιρέσεως

188 3350 408 3419 γίνεται
438 3347 500 3400 τὸ
527 3347 659 3399 πᾶν.
725 3341 995 3412 Καθάπερ
1028 3342 1134 3412 γὰρ
1175 3340 1271 3409 τὴν
1301 3340 1406 3409 γῆν
1441 3340 1503 3392 οῦ
1533 3339 1602 3393 τὰ
1635 3336 1785 3410 [460]

186 3434 612 3503 καταϐληθέντα
631 3432 711 3484 δεῖ
741 3429 927 3500 φέρειν
957 3428 1150 3499 μόνον’
1181 3428 1323 3481 οὕτω
1351 3429 1443 3480 καὶ
1475 3427 1573 3496 τὴν
1610 3426 1791 3496 ψυχὴν

187 3526 254 3577 οῦ
285 3525 481 3594 μέχρις
498 3520 722 3575 ἐκείνων
751 3517 1003 3570 ἵστασθαι
1032 3515 1139 3567 τῶν
1166 3514 1633 3584 καταϐληθέντων,
1658 3513 1793 3567 ἀλλά

188 3614 287 3666 καὶ
320 3609 695 3681 ὑπερϐαίνειν.
743 3606 909 3677 Ὀρᾷς
938 3606 1020 3658 ὅτι
1062 3604 1289 3666 εἰκότως
1317 3599 1489 3666 εἶπεν,
1531 3602 1792 3672 ὑπερϐαί-

187 3718 310 3754 νειν
338 3717 355 3765 ;
379 3700 473 3760 Εἰς
495 3697 584 3749 δύο
603 3696 712 3766 γάρ
732 3694 901 3747 ταῦτα
930 3692 1099 3764 ἀρετὴ
1121 3690 1394 3761 διῄρηται,
1422 3693 1501 3753 εἰς
1520 3690 1581 3742 τὸ
1610 3688 1793 3742 ἐκκλί-

186 3806 315 3845 νειν
348 3786 457 3839 ἀπὸ
487 3786 675 3850 κακοῦ,
711 3782 806 3835 καὶ
864 3782 1035 3833 ποιεῖν
1080 3778 1304 3847 ἀγαθόν.
1363 3780 1435 3830 Οὐ
1472 3778 1579 3845 γάρ
1632 3778 1795 3848 ἀρκεῖ

186 3882 311 3934 τῶν
347 3877 529 3930 κακῶν
561 3876 593 3946 ή
632 3872 980 3943 ἀναχώρησις
1014 3871 1092 3933 είς
1121 3870 1219 3940 τὴν
1263 3869 1364 3938 τῆς
1395 3869 1595 3939 ἀρετῆς
1622 3885 1792 3939 προσ-

186 3966 447 4037 ἀγωγὴν,
472 3964 583 4017 ἀλλ’
610 3964 726 4026 ὁδὸς
760 3962 857 4031 μέν
880 3962 963 4023 τίς
981 3963 1096 4012 ἐστι
1114 3958 1209 4010 καὶ
1232 3957 1373 4029 ἀρχὴ
1396 3959 1511 4009 ἐκεῖ
1528 3957 1789 4027 φέρουσα,

186 4060 278 4112 δεῖ
309 4056 367 4109 δὲ
396 4053 597 4121 πολλῆς
623 4054 755 4120 ἡμῖν
785 4050 882 4119 τῆς
924 4046 1254 4118 προθυμίας.
1279 4047 1358 4097 Τά
1394 4046 1490 4116 μὲν
1532 4040 1624 4097 οὖν
1660 4062 1791 4112 φευ-

190 4144 335 4199 γτέα
370 4144 427 4196 ἐν
453 4141 606 4205 τάξει
644 4135 1020 4208 παραγγελίας
1070 4135 1251 4197 αὐτοῖς
1304 4134 1473 4201 λέγει,
1531 4132 1789 4195 εἰκότως’

190 4235 376 4287 ταῦτα
404 4230 511 4300 γὰρ
536 4228 885 4298 πραττόμενα
926 4226 1023 4293 μὲν
1056 4223 1209 4292 φέρει
1242 4221 1487 4283 κόλασιν,
1523 4222 1596 4290 μὴ
1620 4238 1791 4289 πρατ-

192 4322 406 4391 τόμενα
444 4319 521 4381 δὲ,
574 4314 693 4368 οὑδὲ
739 4310 1034 4382 ἐγκώμιον.
1099 4309 1181 4362 Τά
1228 4309 1407 4379 μέντοι
1438 4308 1537 4375 τῆς
1567 4308 1789 4377 ἀρετῆς,

195 4405 313 4463 οἷον
345 4408 407 4460 τὸ
441 4404 681 4459 κενῶσαι
703 4402 771 4454 τὰ
791 4401 896 4471 χρή
907 4416 1076 4470 ματα,
1095 4398 1191 4449 καὶ
1220 4397 1321 4448 ὅσα
1340 4394 1586 4457 τοιαῦτα,
1607 4394 1792 4446 οὐκέτι

200 4501 262 4552 έν
280 4492 660 4566 παραγγελίας
681 4488 833 4553 τάξει
863 4487 1029 4557 φησίν
1056 4499 1071 4513 ο
1104 4483 1242 4536 ἀλλά
1262 4482 1342 4546 τίς
1386 4482 1437 4531 Ὀ
1459 4478 1793 4566 δυνάμενος

200 4584 425 4655 χωρεῖν
483 4579 762 4651 χωρείτω.
824 4575 985 4635 Εἰκὸς
1038 4569 1131 4624 οὖν
1174 4568 1337 4622 αὑτὸν
1367 4568 1402 4621 ἃ
1434 4567 1571 4639 μετά
1596 4565 1791 4620 πολλοῦ

200 4672 374 4742 φόϐου
400 4671 495 4724 καὶ
512 4668 716 4739 τρόμου
744 4661 811 4735 ἧν
824 4660 1221 4735 παρηγγελκὼς
1242 4658 1444 4719 αὐτοῖς,
1478 4656 1573 4708 καὶ
1596 4656 1791 4724 ἀναμι-

204 4764 477 4830 μνήσκειν
545 4756 635 4809 διὰ
721 4755 831 4805 τῶν
898 4747 1243 4821 γραμμάτων
1318 4744 1520 4799 τούτων
1578 4743 1791 4811 ἐκείνης

202 4850 405 4909 αὐτοὺς
430 4846 530 4915 τῆς
559 4841 864 4903 εὐλαϐείας.
897 4839 1096 4908 Διόπερ
1117 4837 1179 4889 οὑ
1215 4835 1427 4903 τίθησιν
1466 4831 1626 4896 αὑτά,
1676 4830 1790 4883 ἀλλ’

199 4938 405 4999 αὐτοὺς
432 4931 858 5003 ἀναμιμνήσκει.
889 4925 1100 4980 Οἴδατε
1112 4924 1241 4992 γὰρ,
1274 4922 1427 4992 φησὶ,
1452 4921 1620 4984 τίνας
1648 4934 1794 4987 παρ-

201 5026 500 5096 αγγελίας
569 5019 875 5086 ἐδώκαμεν
909 5015 1053 5084 ὑμῖν
1106 5012 1205 5066 διὰ
1244 5013 1351 5065 τοῦ
1380 5009 1603 5078 Κυρίου
1627 5006 1795 5096 ἡμῶν

217 5093 433 5180 ’ίησοῦ
464 5106 744 5177 Χριστοῦ.
809 5103 990 5157 Τοῦτο
1021 5100 1131 5170 γάρ
1188 5100 1317 5152 ἐστι
1351 5096 1579 5165 θέλημα
1625 5093 1794 5159 Θεοῦ,

205 5210 243 5260 ὀ
302 5200 597 5269 ἁγιασμὸς
650 5195 837 5266 ὑμῶν.
922 5193 1034 5246 Καὶ
1074 5191 1170 5245 θέα
1229 5187 1344 5251 πῶς
1382 5186 1618 5257 οὐδαμοῦ
1670 5188 1798 5257 περὶ

205 5292 378 5349 ἄλλου
432 5288 571 5351 τινὸς
630 5284 775 5338 οὕτω
844 5280 1088 5352 σφοδρῶς
1141 5277 1476 5336 αἰνίττεται,
1530 5274 1605 5337 ὡς
1668 5274 1799 5346 περὶ

203 5379 406 5431 τούτου
435 5392 449 5405 ·
502 5370 757 5440 καθάπερ
821 5370 915 5422 καὶ
967 5364 1202 5435 ἀλλαχοῦ
1255 5363 1517 5434 γράφων,
1592 5362 1754 5432 φησίν
1781 5376 1794 5389 ·

208 5463 487 5535 Εἰρήνην
514 5460 753 5514 διώκετε
776 5456 929 5525 μετὰ
957 5454 1199 5508 πάντων
1225 5450 1325 5505 καί
1349 5450 1455 5503 τὸν
1480 5448 1796 5519 ἁγιασμὸν,

208 5549 284 5608 οὗ
323 5549 507 5620 χωρὶς
538 5546 737 5609 οὐδεὶς
776 5544 985 5612 ὄψεται
1026 5541 1135 5594 τὸν
1162 5540 1397 5607 Κύριον.
1456 5538 1567 5589 Καὶ
1598 5536 1801 5589 τίθαυ-

214 5639 435 5712 μάξεις,
458 5639 632 5697 είτοῖς
653 5634 919 5704 μαθηταῖς
937 5628 1211 5699 πανταχοῦ
1232 5629 1357 5699 περὶ
1374 5627 1563 5681 τούτου
1578 5626 1800 5698 γράφει,

210 5732 351 5785 ὅπου
377 5744 441 5796 γε
470 5727 563 5778 καὶ
583 5723 834 5794 Τιμοθέῳ
862 5721 1088 5792 γράφων
1121 5718 1272 5785 ἔλεγε
1304 5734 1316 5747 '
1361 5716 1595 5769 Σαυτὸν
1618 5715 1805 5785 ἁγνὸν

212 5819 417 5886 τήρει;
456 5814 567 5868 Καὶ
595 5814 651 5865 ὲν
670 5815 736 5883 τῇ
766 5811 991 5881 δευτέρᾳ
1015 5810 1070 5863 δὲ
1108 5806 1394 5876 Ἐπιστολῇ
1428 5808 1493 5875 τῇ
1526 5805 1659 5874 πρὸς
1697 5805 1804 5856 Κο-

216 5884 459 5980 ρινθίους
488 5901 719 5971 γράφων
758 5898 941 5969 ἔλεγεν
967 5916 980 5928 ·
1014 5898 1109 5949 Ἑν
1146 5893 1424 5964 ὑπομονῇ
1471 5890 1696 5959 πολλῇ,
1738 5892 1805 5944 ἐν

1872 791 2202 858 νηστείαις,
2261 793 2331 845 ἐν
2382 793 2681 858 ἁγνότητι.
2760 795 2867 846 Καὶ
2920 791 3184 862 πολλαχοῦ
3243 792 3308 846 ἀν
3363 809 3449 855 τις

1870 878 2019 947 εὖροι
2042 878 2328 941 τοῦτο,κα“ι
2357 882 2415 931 ὲν
2436 881 2499 949 τῇ
2518 878 2653 949 πρὸς
2683 879 2984 949 Ῥωμαίους
3020 879 3327 950 Ἐπιστολῇ,
3355 881 3449 933 καί.

1870 968 1927 1019 ἐν
1956 967 2159 1031 πάσαις
2194 968 2313 1029 ταῖς
2355 966 2687 1030 ἐπιστολαῖς.
2736 968 2944 1030 Ὄντως
2980 967 3088 1039 γάρ
3131 969 3261 1021 πᾶσι
3290 967 3452 1022 τοῦτο

1869 1054 2189 1124 λυμαίνεται
2217 1055 2277 1108 τὸ
2300 1055 2466 1108 κακόν
2486 1071 2501 1085 ·
2531 1055 2622 1107 καί⁸
2670 1054 2921 1125 καθάπερ
2973 1058 3151 1127 χοῖρος
3186 1056 3450 1126 βορϐόρου

1871 1141 2322 1213 πεπληρωμένος,
2368 1137 2429 1196 οὑ
2458 1141 2523 1196 ἂν
2570 1142 2818 1215 εἰσέλθῃ,
2856 1142 3121 1206 δυσωδίας
3156 1145 3452 1214 ἐνέπλησεν

1870 1226 2104 1294 ἅπαντα,
2150 1229 2371 1293 καὶτὰς
2399 1230 2681 1300 αἰσθήσεις
2722 1231 3007 1300 ἐπλήρωσε
3048 1232 3273 1301 κόπρου,
3309 1234 3453 1287 οὕτω

1870 1318 1965 1369 καὶ
1992 1318 2025 1386 ἡ
2050 1318 2300 1387 πορνεία’
2323 1317 2678 1373 δυσέκνιπτον
2698 1320 2807 1388 γάρ
2838 1320 2956 1370 ἐστι
2983 1318 3044 1369 τὸ
3067 1320 3255 1373 κακόν.
3284 1320 3453 1373 Ὅταν

1870 1403 1928 1455 δέ
1962 1422 2105 1467 τινες
2130 1406 2223 1457 καὶ
2260 1409 2525 1473 γυναῖκας
2552 1405 2763 1477 ἔχοντες
2790 1405 2949 1459 τοῦτο
2982 1408 3279 1477 πράττωσι,
3313 1408 3452 1478 πόση

1869 1490 1971 1560 τῆς
2007 1492 2237 1555 ἀτοπίας
2294 1495 2328 1563 ἡ
2374 1494 2683 1565 ὑπερϐολῆς
2739 1493 2916 1549 Τοῦτο
2945 1494 3055 1562 γάρ
3093 1493 3242 1558 ἐστι,
3299 1497 3452 1565 φησι,

1872 1580 2101 1650 θέλημα
2122 1582 2269 1636 Θεοῦ
2302 1586 2335 1636 ὀ
2378 1585 2671 1653 ἁγιασμὸς
2717 1584 2903 1653 ὑμῶν,
2937 1584 3265 1652 ἀπέχεσθαι
3299 1583 3457 1650 ὑμᾶς

1870 1668 1990 1721 ἀπὸ
2040 1669 2243 1737 πάσης
2301 1673 2601 1739 πορνείας.
2672 1671 2850 1725 Πολλά
2906 1670 3014 1742 γὰρ
3045 1671 3158 1742 εἴδη
3210 1670 3454 1735 ἀταξίας,

1874 1754 2204 1827 πολύτροποι
2262 1758 2357 1811 καὶ
2405 1758 2649 1812 ποικίλαι
2697 1758 2796 1829 τῆς
2835 1759 3120 1826 ἀσελγείας
3162 1761 3216 1811 αἱ
3249 1758 3456 1829 ἡδοναὶ,

1872 1842 1937 1906 ἃς
1965 1845 2084 1898 οὑδὲ
2113 1848 2287 1898 εἰπεῖν
2310 1847 2555 1900 ἀνεκτόν.
2595 1847 2776 1900 Εἰπὼν
2799 1847 2875 1911 δὲ,
2914 1846 3048 1901 Ἀπὸ
3073 1846 3277 1914 πάσης
3315 1865 3461 1916 πορ-

1872 1931 2060 1999 νείας,
2090 1934 2490 2003 καταλιμπάνει
2520 1936 2633 1995 τοῖς
2660 1934 2877 1987 εἰδόσιν.
2913 1932 3153 1987 Εἱδέναι
3178 1932 3288 1986 ἕνα
3318 1932 3460 1987 ἕκα-

1874 2039 2026 2076 στον
2059 2020 2228 2090 ὑμῶν
2255 2022 2320 2074 τὸ
2346 2022 2563 2075 ἑαυτοῦ
2588 2021 2810 2088 σκεῦος
2828 2021 3077 2076 κτᾶσθαι
3096 2022 3166 2073 ἐν
3186 2021 3460 2091 άγιασμιῖ)

1879 2108 1980 2161 καὶ
2004 2106 2162 2176 τιμῇ.
2203 2106 2300 2174 Μὴ
2323 2108 2392 2160 ἐν
2414 2108 2584 2163 πάθει
2612 2108 2949 2177 ἐπιθυμίας,
2979 2109 3243 2177 καθάπερ
3264 2110 3362 2163 καὶ
3389 2109 3462 2163 τὰ

1878 2194 2023 2263 ἔθνη
2056 2193 2129 2247 τὰ
2156 2194 2242 2264 μὴ
2270 2194 2467 2249 είδότα
2496 2196 2604 2248 τὸν
2627 2199 2791 2252 Θεόν.
2846 2197 3102 2262 Είδέναι,
3135 2198 3321 2267 φησιν,
3353 2198 3463 2253 ἕνα

1878 2282 2141 2336 ἕκαστον
2172 2280 2341 2351 ὑμῶν
2383 2284 2451 2335 τὸ
2482 2283 2700 2337 ἑαυτοῦ
2745 2284 2971 2350 σκεῦος
3006 2284 3280 2340 κτᾶσθαι.
3320 2288 3463 2358 Ἄρα

1884 2369 2171 2441 μαθήσεώς
2224 2372 2341 2423 ἐστι
2395 2373 2455 2423 τὸ
2507 2373 2741 2442 πρᾶγμα
2783 2372 2877 2424 καὶ
2922 2374 3143 2443 πολλῆς,
3198 2374 3339 2427 ὥστε
3387 2375 3463 2444 μὴ

1882 2458 2245 2527 ἀσελγαίνειν.
2282 2458 2423 2526 Ἀρα
2475 2461 2637 2529 ἡμεῖς
2684 2460 2815 2513 αὐτὸ
2862 2459 3141 2529 κτώμεθα,
3165 2463 3294 2516 ὅταν
3328 2462 3465 2533 μένῃ

1882 2545 2125 2617 καθαρὸν
2157 2547 2253 2599 καὶ
2296 2545 2441 2599 ἔστιν
2472 2548 2530 2600 ἐν
2567 2546 2853 2617 ἁγιασμῷ·
2886 2548 3015 2601 ὅταν
3040 2548 3096 2600 δὲ
3130 2548 3481 2619 ἀκάθαρτον,Δ

1885 2634 2168 2706 ἁμαρτίαο
2222 2632 2468 2696 εἰκότως.
2520 2634 2594 2686 Οὑ
2650 2634 2759 2705 γάρ
2802 2635 2838 2688 ἀ
2892 2634 3192 2705 βουλόμεθα
3236 2637 3467 2708 πράττει

1883 2722 2093 2789 λοιπὸν,
2121 2719 2236 2775 ἀλλ’
2265 2721 2301 2774 ἀ
2332 2721 2517 2791 ἐκείνη
2545 2722 2846 2775 ἐπιτάττει·
2902 2721 3000 2789 Μὴ
3032 2724 3101 2775 ἐν
3138 2723 3314 2778 πάθει
3343 2724 3470 2778 ἐπιδ

1885 2811 2121 2881 θυμίας,
2161 2810 2347 2880 φησίν.
2418 2810 2681 2863 Ἐνταῦθα
2722 2809 2960 2863 δείκνυσι
2983 2812 3079 2865 καὶ
3107 2812 3199 2865 τὸν
3246 2813 3467 2883 τρόπον,

1887 2899 2011 2955 καθ’
2039 2899 2099 2952 ὃν
2123 2899 2228 2970 χρὴ
2262 2900 2584 2968 σωφρονεῖν,
2619 2897 2759 2951 ὥστε
2785 2898 2853 2951 τὰ
2878 2898 3022 2969 πάθη
3054 2899 3200 2973 [461]
3228 2901 3328 2970 τῆς
3347 2903 3471 2955 ὲπιο

1888 2986 2087 3058 θυμίας
2118 2987 2426 3042 ἐκκόπτειν.
2475 2988 2584 3040 Καὶ
2604 2987 2712 3057 γάρ
2748 2988 2840 3039 καὶ
2865 2986 3065 3058 τρυφὴ,
3093 2988 3186 3041 καὶ
3219 2987 3469 3052 πλοῦτος,

1889 3078 1981 3130 καὶ
2002 3076 2261 3147 ῥᾳθυμία,
2286 3076 2383 3129 καὶ
2401 3075 2586 3144 ἀργία,
2611 3078 2705 3128 καί
2727 3074 2912 3146 σχολὴ,
2948 3077 3042 3129 καὶ
3066 3078 3280 3131 ἄπαντα
3299 3077 3473 3131 ταῦτα

1890 3165 1970 3227 εἰς
1993 3163 2287 3233 ἐπιθυμίαν
2332 3164 2480 3232 ἡμᾶς
2516 3162 2701 3229 ἐξάγει
2744 3163 2843 3232 τὴν
2898 3162 3118 3217 ἄτοπον.
3173 3164 3469 3233 Καθάπερ,

1892 3252 2048 3322 φησὶ,
2088 3250 2185 3304 καὶ
2218 3251 2289 3304 τὰ
2317 3251 2460 3317 ἔθνη
2488 3251 2558 3304 τὰ
2577 3249 2664 3319 μὴ
2682 3249 2881 3303 εἰδότα
2906 3251 3013 3303 τὸν
3042 3250 3209 3304 Θεὸν.
3246 3252 3475 3305 Ἐκεῖνοι

1894 3340 2004 3409 γὰρ
2066 3337 2297 3391 τοιοῦτοί
2356 3339 2529 3404 εἰσιν,
2579 3338 2629 3389 οἱ
2698 3339 2772 3408 μὴ
2828 3337 3233 3406 προσδοκῶντες
3282 3339 3475 3393 δώσειν

1892 3427 2069 3497 δίκην.
2132 3428 2200 3480 Τὸ
2226 3425 2312 3496 μὴ
2342 3427 2725 3491 ὑπερϐαίνειν
2757 3426 2856 3480 καὶ
2885 3426 3272 3481 πλεονεκτεῖν
3306 3429 3376 3482 ἐν
3395 3429 3476 3494 τῷ

1894 3514 2186 3585 πράγματι
2212 3515 2320 3567 τὸν
2341 3514 2627 3582 ἀδελφόν.

1967 3689 2231 3759 β’.Καλῶς
2260 3685 2401 3754 εἷπε,
2432 3692 2530 3758 Μὴ
2562 3692 2942 3760 ὑπερϐαίνειν
2964 3705 2977 3719 ⁸
2997 3693 3477 3765 καὶγάρέκάστῳό

1894 3779 2025 3841 Θεὸς
2072 3779 2334 3848 ἀπένειμε
2364 3783 2615 3848 γυναῖκα,
2645 3782 2739 3835 καὶ
2786 3782 2943 3853 ὅρους
2992 3781 3155 3853 ἔθηκε
3189 3786 3255 3853 τῇ
3294 3782 3474 3851 φύσει,

1895 3866 1991 3937 τὴν
2022 3866 2168 3936 μίξιν
2187 3869 2402 3939 ἐκείνην
2426 3870 2523 3940 τὴν
2579 3871 2714 3941 πρὸς
2765 3870 2862 3943 τὴν
2918 3871 3068 3941 μίαν.
3092 3872 3254 3925 Ὥστε
3283 3874 3317 3939 ὴ
3342 3874 3487 3943 πρὸς»

1893 3957 1993 4023 τὴν
2032 3956 2224 4026 ἑτέραν
2255 3957 2567 4028 παράϐασίς
2601 3960 2714 4013 ἐστι
2771 3961 2865 4012 καὶ
2912 3959 3132 4031 λῃστεία
3157 3964 3248 4015 καὶ
3286 3962 3478 4014 πλεον-

1895 4044 2014 4110 εξία
2034 4061 2047 4074 ο
2085 4045 2285 4114 μᾶλλον
2304 4046 2361 4098 δὲ
2390 4047 2571 4117 πάσης
2599 4048 2849 4119 λῃστείας
2870 4049 3240 4120 χαλεπωτέρα.
3274 4050 3347 4103 Οὑ
3367 4051 3480 4120 γάρ

1895 4131 2066 4197 οὕτως
2090 4133 2256 4203 ἀλγοῦ
2266 4152 2385 4204 μεν,
2425 4136 2535 4188 τῶν
2560 4138 2856 4207 χρημάτων
2889 4139 3019 4206 ἡμῖν
3036 4138 3475 4207 ὲκφορουμένωι,

1894 4221 1969 4284 ὡς
2004 4222 2097 4275 τοῦ
2125 4223 2305 4293 γάμου
2349 4224 2785 4295 διορυττομένου.
2847 4225 3098 4293 Ἀδελφδν
3149 4226 3353 4288 καλεῖς,
3382 4230 3487 4279 καὶ.

1895 4308 2255 4375 πλεονεκτεῖς,
2283 4312 2379 4363 καὶ
2406 4313 2464 4363 ἐν
2490 4307 2567 4374 οἷς
2601 4314 2662 4364 οὑ
2693 4314 2836 4383 χρής
2908 4312 3171 4366 Ἐνταῦθα
3197 4315 3322 4383 περὶ
3358 4332 3489 4383 μοι-μ

1896 4397 2047 4465 χείας
2079 4399 2244 4466 φησίν
2266 4414 2277 4425 ο
2302 4399 2561 4467 ἀνωτέρω
2588 4399 2645 4452 δὲ
2668 4403 2761 4452 καὶ
2811 4402 2940 4471 περὶ
2969 4401 3224 4470 πορνείας
3274 4403 3475 4471 πάσης.

1911 4484 2125 4554 Ἐπειδὴ
2177 4487 2285 4556 γάρ
2336 4485 2527 4555 ἔμελλε
2583 4485 2762 4554 λέγειν
2807 4489 2880 4556 μὴ
2934 4488 3282 4557 ὑπερϐαίνειν
3344 4491 3479 4559 μηδὲ

1895 4571 2237 4626 πλεονεκτεῖν
2257 4574 2349 4625 τὸν
2382 4575 2631 4644 ἀδελφὸν,
2667 4576 2951 4646 προλαϐὼν
2989 4580 3063 4646 μὴ
3095 4578 3344 4649 νομίσῃς,
3376 4596 3481 4649 φη-

1898 4660 2006 4721 σὶν,
2040 4662 2122 4713 ὅτι
2150 4662 2243 4713 ἐπὶ
2292 4662 2399 4715 τῶν
2450 4664 2693 4733 ἀδελφῶν
2736 4665 2896 4735 μόνον
2950 4666 3123 4718 ταῦτά
3170 4683 3335 4737 φημι,
3365 4668 3480 4721 ἀλλ’

1898 4749 2018 4801 οὑδὲ
2045 4750 2145 4812 τὰς
2179 4750 2381 4821 ἑτέρων
2401 4755 2683 4819 γυναῖκας,
2708 4753 2827 4807 οὐδὲ
2851 4753 2948 4817 τὰς
2967 4754 3154 4818 ἁπλῶς
3185 4756 3481 4827 ἀνάνδρους

1900 4837 1994 4888 καὶ
2027 4837 2209 4902 κοινάς
2233 4837 2377 4909 ἔχειν
2398 4842 2523 4912 χρὴ.
2569 4841 2756 4911 Πάσης
2778 4843 3032 4913 πορνείας
3054 4844 3352 4915 ἀπέχεσθαι
3377 4847 3477 4899 δεῖ·

1899 4927 1979 4979 διό
2014 4932 2341 4999 φησι,Διότι
2362 4931 2599 4999 ἔκδικος
2627 4936 2660 4987 ό
2685 4935 2899 5003 Κύριος
2942 4936 3075 5004 περί
3090 4936 3333 4991 πάντων
3347 4941 3483 4991 τού-

1902 5032 2039 5069 των.
2068 5018 2410 5089 Παρεκάλεσε
2440 5020 2673 5091 πρῶτον,
2700 5021 2985 5094 ἐνέτρεψεν
3005 5023 3193 5087 εἰπὼν,
3209 5025 3484 5093 Καθάπερ

1903 5108 2097 5161 καὶτὰ
2135 5108 2308 5175 ἑθνη’
2342 5103 2461 5161 εἶτα
2512 5109 2620 5163 ἀπὸ
2652 5111 2926 5181 λογισμῶν
2958 5112 3019 5164 τὸ
3041 5111 3244 5165 ἄτοπον
3290 5113 3480 5179 ἔδειξε.

1905 5194 2075 5248 Τοῦτο
2088 5194 2146 5247 δὲ
2180 5191 2249 5266 ἦν
2280 5197 2362 5260 τὸ,
2395 5199 2788 5253 Πλεονεκτεῑν
2808 5200 2915 5252 τὸν
2939 5200 3227 5268 ἀδελφόν.
3256 5201 3487 5269 Ἐπάγει

1904 5284 2088 5338 λοιπὸν
2113 5284 2175 5339 τὸ
2201 5286 2495 5355 κεφάλαιον
2517 5304 2531 5317 ’
2563 5288 2644 5341 διό
2673 5304 2855 5357 φησιν,
2892 5288 3162 5355 Ἔκδικος
3195 5292 3228 5342 ό
3273 5290 3486 5356 Κύριος

1907 5373 2040 5441 περὶ
2064 5371 2307 5426 πάντων
2326 5376 2575 5439 τούτων,
2604 5374 2801 5440 καθὼς
2830 5376 2929 5429 καί
2946 5376 3307 5446 προείπομεν
3342 5377 3486 5446 ὑμῖν

1908 5463 2005 5517 καὶ
2047 5462 2572 5533 διεμαρτυράμεθα.
2633 5465 2767 5518 Οὐδὲ
2801 5464 2908 5535 γάρ
2956 5466 3267 5537 ἀτιμωρητὶ
3313 5466 3487 5520 ταῦτα

1910 5550 2209 5624 πράξομεν,
2239 5551 2359 5604 οὑδὲ
2381 5551 2649 5620 τοσαύτης
2684 5550 3063 5622 ἀπολαύσομεν
3096 5554 3309 5624 ἡδονῆς,
3356 5556 3489 5626 ὅσην

1910 5640 2327 5711 ὑποστησόμεθα
2367 5640 2607 5698 κόλασιν.
2662 5641 2744 5694 Οὐ
2789 5641 2898 5709 γὰρ
2933 5641 3225 5695 ἐκάλεσεν
3264 5641 3419 5711 ἡμᾶς
3454 5646 3488 5698 ὁ

1914 5728 2057 5794 Θεὸς
2070 5728 2169 5781 ἐπὶ
2182 5728 2534 5796 ἀκαθαρσίᾳ,
2557 5729 2697 5783 ἀλλ’
2716 5728 2786 5781 ἐν
2800 5727 3089 5798 ἁγιασμῷ.
3108 5730 3323 5799 Ἐπειδὴ
3344 5728 3487 5795 εἷπε,

1917 5814 2030 5889 Τὸν
2066 5816 2359 5889 ἀδελφὸν,
2404 5820 2497 5871 καὶ
2546 5820 2845 5889 ἐπήγαγεν,
2905 5820 2984 5871 ὃτι
3036 5818 3219 5881 ὀΘεὸς
3264 5820 3488 5880 έκδικεῖ,

1912 5885 2125 5949 δεικνῦς
2178 5885 2258 5940 ὅτι
2309 5889 2412 5942 κᾶν
2465 5885 2691 5951 ἄπιστος
2730 5885 2887 5942 τοῦτο
2937 5889 3104 5959 πάθῃ,
3166 5892 3490 5961 τιμωρίανό
