3964 6536
178 513 293 571 825

179 643 382 682 sumus.
407 624 591 695 Neque
610 624 752 681 enim
782 625 995 696 impune
1023 628 1135 683 haec
1156 644 1393 698 agemus,
1417 644 1591 699 neque
1614 637 1757 684 tanta

179 721 426 772 iruemur
462 718 732 801 voluptate
774 728 1028 789 quantum
1071 720 1364 776 subibimus
1416 722 1756 792 supplicium.

178 809 239 863 7.
272 804 398 863 Non
426 809 562 862 enim
589 810 781 864 vocavit
812 827 903 865 nos
935 810 1068 865 Deus
1088 812 1143 865 in
1170 811 1559 879 immunditiam,
1589 812 1679 867 sed
1705 812 1761 867 in

178 901 658 969 sanctiﬁcationem.
693 901 953 969 Quoniam
982 904 1212 970 dixerat,
1245 904 1505 970 Fratrem,
1542 914 1600 961 et
1627 905 1758 962 sub-

174 993 433 1062 junxerat
451 995 616 1049 Deum
636 1011 754 1051 esse
772 996 1060 1061 vindicem,
1075 997 1364 1053 ostendens
1384 998 1523 1068 quod
1550 999 1758 1054 etiamsi

180 1086 289 1140 hoc
311 1100 498 1155 passus
528 1088 685 1141 fuerit
712 1087 961 1153 inﬁdelis,
989 1101 1174 1158 pmnas
1213 1087 1360 1144 dabit
1406 1088 1452 1143 is
1497 1088 1584 1159 qui
1613 1087 1758 1154 fecit,

183 1178 257 1233 ita
284 1176 423 1234 dixit
449 1196 463 1232 :
486 1175 601 1232 Non
629 1178 776 1233 illum
805 1179 1081 1235 vindicans
1111 1189 1163 1233 te
1187 1180 1363 1250 punit,
1388 1178 1484 1233 sed
1512 1179 1762 1249 quoniam

184 1269 361 1340 ipsum
416 1270 744 1324 contumelia
792 1268 1050 1323 atl‘eeisti:
1081 1270 1196 1338 ipse
1242 1278 1293 1324 te
1342 1270 1596 1325 vocavit:
1638 1282 1762 1323 eum

183 1363 276 1432 qui
354 1371 406 1418 te
474 1364 685 1418 vocavit
762 1362 984 1418 aﬁeeisti
1060 1362 1403 1418 contumelia.
1474 1362 1762 1430 Propterea

182 1452 463 1521 subiunxit
492 1471 505 1507 :
552 1451 606 1509 8.
649 1451 827 1520 Itaque
866 1453 953 1522 qui
984 1454 1092 1507 [nec
1127 1452 1340 1523 spernit,
1375 1468 1477 1506 non
1514 1451 1766 1504 hominem

182 1546 399 1613 spernit,
446 1543 536 1600 sed
579 1545 759 1611 Deum,
805 1546 890 1616 qui
926 1547 1079 1600 etiam
1127 1545 1266 1599 dedit
1311 1544 1575 1615 Spiritum
1615 1560 1765 1599 suum

181 1646 418 1691 sanctum
462 1644 517 1692 in
544 1638 706 1693 nobis.
734 1638 1093 1706 Quamobrem
1118 1653 1215 1693 seu
1244 1637 1482 1705 reginam
1506 1651 1766 1707 corrupe-

182 1730 280 1795 ris,
338 1745 437 1785 seu
488 1731 737 1786 ancillam
783 1741 926 1786 tuam
968 1747 1089 1802 quae
1131 1731 1247 1786 viro
1293 1731 1495 1801 nupsit,
1541 1745 1636 1801 par
1684 1737 1769 1784 est

181 1821 415 1876 crimen.
453 1819 668 1889 Quare?
705 1821 968 1889 Quoniam
996 1838 1101 1877 non
1132 1837 1388 1894 personas
1427 1838 1546 1893 quze
1575 1820 1769 1891 injuria

184 1911 498 1968 afﬁciuntur
530 1914 825 1982 ulciscitur,
848 1914 943 1969 sed
971 1915 1243 1985 seipsum:
1272 1923 1327 1969 tu
1354 1913 1494 1968 enim
1520 1912 1769 1968 similiter

183 2020 245 2057 es
301 2002 575 2074 pollutus;
635 2004 801 2059 Deum
854 2004 1103 2059 similiter
1149 2004 1371 2060 aﬁ‘ecisti
1422 2003 1765 2059 contumelia.

180 2095 320 2152 Nam
367 2107 422 2151 et
462 2096 564 2151 hoc
591 2106 644 2152 et
672 2096 798 2151 illud
824 2106 907 2152 est
936 2097 1277 2163 adulterium,
1309 2098 1431 2166 quia
1470 2105 1528 2151 et
1571 2096 1673 2153 hoc
1715 2105 1770 2152 et

182 2188 318 2242 illud
348 2199 435 2243 est
467 2188 888 2246 matrimonium.
915 2190 1139 2244 Etiamsi
1180 2205 1286 2244 non
1323 2188 1639 2244 adulterium
1676 2188 1770 2243 ad-

180 2281 422 2349 miseris,
476 2281 571 2336 sed
627 2282 704 2337 sis
746 2291 1031 2345 scortatus,
1092 2282 1301 2337 etiamsi
1360 2281 1609 2336 maritum
1663 2295 1771 2335 non

183 2370 387 2427 habeat
442 2373 725 2439 meretrix,
785 2372 923 2429 Deus
967 2385 1143 2428 tamen
1196 2372 1461 2437 vindicat,
1516 2371 1772 2443 quoniam

180 2463 428 2533 seipsum
467 2462 742 2519 vindicat:
776 2479 880 2519 non
916 2464 1059 2520 enim
1088 2474 1194 2519 tam
1222 2464 1371 2518 illum
1399 2478 1559 2535 quam
1602 2463 1771 2519 Deum

181 2555 497 2633 despiciens
533 2555 636 2611 hoc
674 2554 826 2611 facis.
862 2554 917 2611 Id
935 2568 1110 2612 autem
1138 2556 1263 2613 hinc
1298 2556 1471 2626 palam
1498 2565 1603 2617 est.
1629 2556 1772 2626 quod

184 2648 343 2701 illum
382 2646 596 2718 quidem
634 2647 804 2704 latens
832 2646 982 2716 facis,
1016 2650 1183 2704 Deum
1210 2660 1391 2705 autem
1435 2665 1539 2706 non
1591 2649 1773 2706 videre

183 2754 303 2808 pne
333 2747 386 2792 te
414 2736 551 2793 fers.
584 2737 831 2805 Nam,dic
856 2739 1010 2806 mihi,
1037 2739 1080 2794 si
1110 2740 1227 2810 quis
1256 2756 1487 2811 purpura
1516 2740 1584 2795 ab
1606 2740 1775 2810 impe-

184 2842 375 2887 ratore
404 2831 674 2902 dignatus,
705 2842 760 2888 et
781 2832 887 2886 alio
913 2831 1117 2888 honore
1143 2832 1391 2901 plurimo,
1420 2842 1474 2888 et
1497 2833 1678 2902 jussus
1700 2832 1774 2888 vi-

187 2938 321 2978 vere
338 2940 436 2994 pro
454 2923 675 2979 honoris
698 2924 981 2995 dignitate,
997 2925 1257 2981 recedens
1278 2926 1511 2996 aliquam
1539 2926 1778 2981 vitiasset

188 3017 476 3071 mulierem
497 3059 512 3082 ,
542 3032 825 3086 quemnam
854 3017 1119 3073 affecisset
1148 3018 1468 3073 contumelia
1485 3018 1509 3072 ’ἒ
1540 3018 1775 3084 illatnne,

186 3124 263 3164 an
313 3108 693 3177 Imperatorem
736 3109 825 3179 qui
861 3108 1040 3165 dedit?
1083 3107 1417 3164 Contumelia
1452 3108 1668 3180 quidem
1700 3111 1778 3162 af-

188 3202 341 3257 fecta
386 3214 469 3257 eSt
508 3209 563 3257 et
620 3200 732 3266 illa,
779 3200 876 3257 sed
923 3218 1028 3256 non
1077 3202 1346 3258 similiter.
1391 3203 1776 3271 Quamobrem,

189 3308 355 3362 rogo,
377 3308 657 3347 caveamus
679 3288 783 3348 hoc
808 3303 1106 3363 peccatum.
1129 3294 1279 3349 Sicut
1296 3294 1441 3349 enim
1459 3309 1556 3349 nos
1580 3308 1781 3349 uxores

190 3383 471 3456 punimus,
512 3382 726 3453 quando
762 3383 1038 3439 nobiseum
1073 3383 1371 3439 habitantes
1415 3386 1620 3455 seipsas
1660 3384 1782 3440 aliis

191 3474 483 3530 dederint:
517 3474 587 3529 ita
627 3488 728 3529 nos
756 3490 967 3545 quoque
1006 3476 1275 3545 punimur,
1306 3476 1351 3530 si
1379 3492 1487 3531 non
1510 3491 1538 3528 a
1571 3476 1779 3546 legibus

196 3564 686 3641 [Romanorum],
730 3584 761 3623 a
801 3568 913 3623 Deo
953 3569 1167 3639 quidem
1209 3578 1379 3624 certe.
1420 3569 1634 3625 Etenim
1680 3570 1785 3627 hoc

192 3674 417 3730 quoque
451 3668 536 3715 est
579 3658 923 3714 adulterium.
959 3660 1296 3717 Adulterium
1339 3669 1424 3716 est
1466 3662 1632 3727 enim,
1676 3676 1782 3715 non

194 3751 383 3806 solum
408 3749 457 3806 si
485 3751 598 3804 viro
625 3751 909 3822 conjuncta
951 3755 1268 3820 mmehetur,
1306 3754 1401 3809 sed
1428 3755 1589 3809 etiam
1621 3755 1665 3809 si
1697 3755 1787 3810 ille

192 3845 458 3915 alligatus
477 3843 543 3899 sit
561 3844 737 3901 uxori.
755 3845 955 3900 Exacte
982 3845 1198 3899 attende
1223 3845 1362 3915 quod
1391 3846 1511 3900 dico
1536 3863 1550 3901 :
1577 3846 1787 3901 etiamsi

195 3934 352 4009 quod
396 3936 587 3992 dicitur
629 3937 811 3991 multis
839 3937 910 3992 sit
943 3951 1106 4007 grave
1131 3951 1194 3991 ac
1228 3937 1537 4003 molestum,
1567 3952 1788 3995 necesse

196 4040 289 4088 est
337 4039 515 4086 tamen
561 4031 765 4097 dicere,
810 4040 871 4084 ut
915 4028 971 4084 in
1019 4038 1287 4099 posterum
1325 4030 1631 4100 corrigaris.
1671 4030 1789 4086 Non

198 4123 381 4181 solum
408 4133 493 4179 est
517 4122 867 4189 adulterium,
895 4122 1114 4193 quando
1140 4122 1254 4176 viro
1283 4122 1625 4193 conjunctam
1664 4138 1789 4179 eor-

200 4215 509 4286 rumpimus
544 4215 844 4279 mulierem,
892 4212 986 4269 sed
1028 4222 1082 4267 et
1126 4214 1172 4267 si
1217 4212 1438 4268 liberam
1472 4224 1529 4268 et
1558 4213 1791 4270 solutam

202 4307 309 4377 ipsi
340 4304 541 4377 alligati
571 4306 743 4373 uxori,
774 4321 835 4361 ea
865 4321 953 4360 res
980 4312 1065 4360 est
1092 4304 1437 4359 adulterium.
1462 4304 1601 4374 Quid
1622 4306 1791 4373 enim,

203 4396 253 4452 si
274 4412 398 4467 qua:
415 4395 837 4452 mtechaturnon
857 4404 939 4450 est
965 4394 1219 4465 alligata?
1248 4396 1319 4448 At
1347 4403 1404 4449 tu
1432 4410 1491 4450 es
1516 4395 1789 4466 alligatus,

206 4489 384 4561 legem
415 4504 476 4544 es
499 4498 885 4559 transgressus,
909 4486 1101 4557 injuria
1131 4486 1355 4542 all'ecisti
1382 4501 1597 4542 carnem
1621 4496 1789 4543 tuam.

205 4580 349 4637 Nam
387 4595 505 4648 cur,
550 4579 638 4635 die
679 4578 829 4645 mihi,
863 4594 1085 4635 uxorem
1107 4579 1284 4650 punis,
1314 4578 1358 4633 si
1381 4587 1610 4635 scortata
1638 4579 1796 4634 fuerit

207 4689 337 4729 cum
381 4671 599 4729 homine
627 4672 818 4740 libero,
847 4687 947 4729 nec
977 4672 1211 4728 habente
1244 4674 1503 4728 uxorem?
1531 4672 1795 4741 Quoniam

207 4777 299 4823 est
322 4767 662 4822 adulterium.
694 4766 854 4836 Atqui
884 4766 976 4836 qui
1004 4780 1127 4821 cum
1155 4780 1219 4820 ea
1237 4773 1323 4819 est
1352 4774 1641 4829 scortatus,
1686 4780 1793 4820 non

210 4857 380 4913 habet
424 4872 683 4922 uxorem;
730 4856 827 4913 sed
868 4857 983 4926 ipsa
1021 4855 1141 4912 viro
1171 4866 1256 4911 est
1295 4857 1530 4927 alligata.
1558 4857 1698 4927 Ergo
1740 4865 1798 4911 tu

207 4965 430 5021 quoque
471 4937 717 5019 alligatus
742 4963 803 5005 es
833 4948 1006 5003 uxori.
1036 4948 1394 5016 Quamobrem
1433 4958 1489 5005 et
1516 4950 1658 5019 quod
1684 4966 1714 5003 a
1746 4959 1798 5006 te

209 5043 294 5105 lit,
320 5049 403 5095 est
426 5039 673 5094 similiter
702 5039 1045 5094 adulterium.
1073 5039 1175 5106 Qui
1203 5038 1414 5105 dimisit,
1443 5039 1638 5110 inquit,
1664 5057 1798 5096 uxo-

205 5147 325 5185 rem
362 5147 506 5183 suam
542 5138 881 5201 irritataquam
914 5130 1268 5200 fornicationis
1306 5146 1483 5196 causa,
1524 5132 1651 5201 facit
1687 5149 1800 5187 eam

207 5220 493 5284 mwchari;
520 5231 567 5274 et
595 5222 681 5291 qui
705 5220 967 5274 dimissam
992 5220 1151 5286 ducit,
1182 5220 1457 5274 nunc/tatur
1483 5219 1697 5290 (Matth.
1741 5222 1795 5277 5.

206 5311 339 5381 52).
376 5310 431 5367 Si
461 5311 505 5366 is
543 5312 632 5383 qui
673 5310 951 5366 dimissam
989 5310 1136 5367 ducit
1176 5326 1420 5377 uxorem,
1458 5312 1799 5370 mmchatur:

207 5406 305 5475 qui
337 5413 421 5460 est
445 5420 566 5460 cum
607 5420 705 5460 sua
748 5420 937 5470 uxore,
982 5406 1026 5459 si
1076 5405 1221 5460 illam
1266 5407 1581 5476 corrumpit,
1618 5422 1798 5462 annon

210 5496 390 5552 multo
419 5497 590 5567 magis
628 5496 971 5553 moechatur?
997 5494 1180 5552 Cuivis
1206 5505 1352 5553 certe
1373 5496 1542 5567 palam
1564 5508 1665 5553 est.
1693 5497 1800 5555 Sed

210 5589 375 5643 vobis
401 5587 618 5659 quidem
650 5589 781 5644 viris
808 5588 923 5645 hzec
953 5589 1085 5644 satis
1108 5588 1249 5646 dicta
1271 5598 1466 5645 sunto:
1493 5606 1616 5645 nam
1644 5590 1714 5645 de
1733 5591 1799 5649 iis

210 5678 307 5750 qui
358 5689 485 5735 sunt
526 5678 833 5750 hujusmodi
878 5679 1125 5736 Christus
1166 5695 1381 5751 quoque
1417 5680 1569 5748 dicit,
1609 5681 1800 5738 Vermis

212 5788 396 5825 eorum
422 5789 525 5825 non
558 5772 821 5837 morietur,
848 5781 896 5826 et
928 5773 1060 5843 ignis
1095 5788 1196 5827 non
1230 5775 1574 5844 exstinguetur
1603 5773 1797 5847 (Marc.

212 5866 272 5920 9.
312 5863 429 5937 44).
475 5865 703 5935 Pr0pter
727 5864 950 5936 juvenes
986 5875 1166 5922 autem
1196 5865 1348 5922 vobis
1372 5866 1552 5924 dicere
1591 5878 1674 5923 est
1702 5884 1799 5923 ne-

212 5973 408 6026 cesse;
458 5958 567 6014 imo
618 5972 723 6014 non
769 5966 975 6017 tantum
1038 5966 1256 6030 propter
1322 5958 1463 6028 illos,
1537 5969 1797 6031 quantum

1003 512 1067 567 IN
1106 513 1317 570 amsr.
1358 514 1401 570 l.
1442 518 1532 573 AD
1567 518 1899 578 THESSAL.
1938 518 2091 574 CAP.
2134 516 2219 571 tv.
2263 517 2493 574 nouit.
2536 519 2599 574 v.
3332 516 3436 587 42’s

1868 641 2083 699 propter
2121 646 2219 687 vos
2250 650 2264 686 :
2295 648 2403 687 non
2440 635 2545 691 illis
2585 638 2753 703 enim,
2796 638 2891 696 sed
2936 639 3086 697 vobis
3114 644 3214 698 ista
3241 659 3439 700 convc-

1864 721 2050 787 niunt;
2080 731 2135 778 et
2152 723 2442 793 quomodo,
2465 727 2577 795 jam
2601 726 2797 784 dicam.
2819 729 2919 798 Qui
2941 746 3047 788 non
3067 733 3256 791 didicit
3281 752 3435 793 scur-

1866 816 1987 881 tari,
2015 831 2085 872 ne
2102 816 2421 873 adulterium
2450 819 2665 888 quidem
2689 822 2824 877 sciet
2849 823 3171 893 admittere;
3197 829 3289 898 qui
3315 844 3441 884 cum

1869 908 2240 964 meretricibus
2255 909 2523 965 volutatus
2542 921 2649 973 est.
2664 912 2736 967 ad
2750 913 2852 969 hoc
2870 930 3081 986 qunque
3097 919 3205 975 cito
3222 922 3437 989 veniet;

1864 997 2071 1053 etiamsi
2098 1014 2203 1054 non
2226 1015 2351 1056 eum
2366 1001 2489 1056 .viro
2514 1003 2833 1072 conjunctis,
2857 1006 2952 1061 sed
2973 1022 3093 1064 cum
3114 1011 3301 1066 solutis
3324 1023 3441 1069 stu-

1865 1088 1947 1157 pri
1969 1088 2186 1146 habebit
2203 1092 2663 1149 consuetudinem.

1934 1180 1990 1237 5.
2029 1181 2167 1248 Quid
2223 1198 2351 1253 ergo
2408 1184 2651 1240 suadeo?
2696 1184 2767 1242 Ut
2823 1186 3029 1244 radices
3080 1192 3444 1260 exseindatis,

1865 1271 2185 1343 quicumque
2224 1273 2362 1332 ﬁlios
2402 1276 2608 1331 habetis
2636 1278 2896 1346 juvenes,
2937 1289 2992 1336 et
3018 1281 3086 1337 ad
3122 1287 3443 1344 mundanam

1866 1361 2028 1416 vitam
2052 1378 2148 1418 eos
2170 1362 2397 1421 educitis
2415 1405 2435 1432 ,
2474 1366 2583 1420 cito
2605 1381 2701 1422 eos
2719 1369 2924 1438 jungite
2942 1369 3075 1441 jugo
3099 1376 3442 1435 matrimonii.

1867 1451 2003 1507 Nam
2024 1454 2240 1525 quando
2268 1456 2444 1512 adhuc
2474 1456 2661 1527 juveni
2686 1461 2985 1517 molestiam
3009 1462 3264 1521 exhibent
3305 1466 3446 1522 desi-

1868 1542 2055 1610 deria,
2079 1560 2145 1599 eo
2191 1544 2404 1615 quidem
2447 1556 2688 1617 tempore
2716 1550 2857 1619 quod
2886 1552 3139 1620 prazcedit
3184 1557 3448 1613 matrimo-

1870 1634 2041 1701 nium,
2071 1634 2191 1690 illos
2210 1637 2485 1692 continete
2511 1637 2962 1695 admonitionibus
2983 1682 3000 1709 ,
3031 1644 3211 1711 minis,
3241 1648 3450 1703 terrori-

1871 1724 1998 1791 bus,
2026 1726 2326 1796 promissis,
2347 1736 2409 1783 et
2425 1729 2547 1784 aliis
2575 1730 3058 1791 innumerabilibus
3084 1752 3099 1789 :
3127 1736 3182 1792 in
3211 1746 3450 1810 tempore

1871 1824 2046 1871 autem
2070 1818 2395 1873 matrimonii
2423 1831 2586 1875 nemo
2611 1820 2824 1878 diﬁ'erat
2851 1825 2871 1894 (
2902 1839 3026 1881 ecce
3063 1826 3251 1899 loquor
3289 1832 3453 1888 verba

1872 1906 2129 1976 pronuba:
2152 1908 2170 1979 )
2196 1908 2337 1964 ﬁlios
2363 1910 2686 1982 conjungere
2713 1923 2768 1969 et
2785 1917 3063 1981 copulare.
3088 1917 3194 1974 Sed
3228 1936 3314 1976 me
3343 1938 3470 1978 non.

1872 1996 2037 2067 pudet
2060 1998 2177 2055 haec
2205 2001 2386 2060 dicere
2414 2018 2428 2055 :
2459 2018 2581 2058 nam
2610 2019 2715 2060 nee
2748 2006 2935 2076 puduit
2981 2008 3209 2067 Paulam
3248 2012 3449 2080 dicere,

1877 2088 1961 2144 Ne
1987 2090 2234 2159 fraudatis
2256 2109 2344 2148 eos
2385 2093 2599 2148 invicem
2622 2096 2641 2166 (
2664 2096 2716 2150 l.
2743 2096 2864 2152 Cor.
2892 2099 2943 2152 7.
2975 2100 3053 2170 5),
3081 2102 3225 2171 quod
3247 2103 3464 2163 videtur.

1874 2181 2136 2251 majorem
2174 2198 2334 2252 quam
2363 2186 2466 2240 hoc
2494 2184 2687 2242 aﬁ‘erre
2716 2187 2971 2256 pudorem
2999 2208 3015 2255 ;
3059 2192 3155 2247 sed
3197 2209 3319 2249 eum
3347 2213 3473 2253 non.

1874 2270 2083 2343 puduit.
2111 2271 2227 2327 Non
2281 2275 2423 2329 enim
2465 2277 2623 2331 verba
2676 2278 2937 2347 attendit,
2966 2279 3066 2337 Sed
3101 2294 3271 2339 reset
3315 2286 3474 2343 facta.

1877 2380 1997 2435 quae
2026 2379 2057 2419 a
2088 2366 2264 2420 verbis
2292 2367 2721 2436 proﬁciscuntur.

1942 2456 2160 2513 Juvenes
2197 2460 2295 2513 cito
2336 2462 2587 2515 connubio
2615 2463 2891 2535 jungendi.
2911 2466 3136 2524 —-Cum
3165 2485 3297 2542 ergo
3322 2488 3459 2542 puer-

1873 2549 2136 2616 creverit,
2164 2560 2451 2621 antequam
2495 2563 2733 2609 sectetur
2761 2555 3004 2614 militiam
3032 2568 3086 2614 et
3113 2560 3277 2617 ullum
3311 2563 3457 2619 aliud

1875 2644 1997 2701 vitae
2039 2660 2209 2715 genus
2231 2685 2250 2710 ,
2294 2646 2363 2702 de
2394 2646 2513 2716 ejus
2536 2648 2881 2705 matrimonio
2903 2666 3088 2708 curam
3132 2670 3278 2724 gere.
3314 2656 3381 2713 Et
3404 2659 3453 2714 si

1875 2734 1969 2791 ille
2010 2736 2204 2791 viderit
2230 2736 2376 2809 quod
2420 2752 2675 2808 sponsam
2720 2740 2829 2796 cito
2856 2742 2924 2797 ad
2951 2759 3073 2798 eum
3114 2746 3335 2803 adducis
3355 2789 3370 2814 ,
3401 2758 3478 2806 et:

1874 2827 2017 2897 quod
2046 2827 2206 2883 breve
2250 2839 2460 2898 tempus
2490 2830 2791 2887 intercedat
2809 2873 2827 2897 ,
2854 2833 3063 2890 fortiter
3092 2840 3289 2906 poterit
3315 2841 3457 2898 ferre

1877 2917 2143 2973 ﬂammam
2176 2936 2192 2973 :
2224 2920 2306 2974 sin
2331 2930 2506 2976 autem
2538 2923 2593 2976 in
2622 2933 2860 2979 mentem
2887 2927 2937 2980 ei
2967 2931 3176 2985 venerit
3210 2934 3349 3002 quod
3381 2936 3461 2992 sis

1877 3024 2062 3066 socors
2125 3021 2182 3068 et
2241 3013 2551 3084 negligens,
2617 3018 2993 3089 cuneterisque
3040 3032 3099 3076 et
3154 3036 3479 3096 exspectes,

1879 3102 2052 3159 donec
2077 3119 2296 3176 magnos
2326 3107 2589 3174 possideat
2614 3122 2907 3179 proventus
2930 3152 2946 3178 ,
2975 3124 3035 3168 ut
3064 3123 3190 3171 tunc
3218 3118 3268 3173 ei
3297 3134 3477 3187 pares.

1880 3195 2090 3266 nuptias
2110 3234 2127 3262 ,
2165 3197 2235 3251 ob
2261 3198 2515 3267 temporis
2549 3198 2934 3270 longitudinem
2963 3204 3199 3260 animum
3224 3206 3461 3279 despon—

1880 3286 2051 3355 dens,
2076 3288 2186 3343 cito
2225 3288 2433 3344 labetur
2467 3288 2537 3343 ad
2579 3292 2985 3349 scut-tationem.
3029 3295 3137 3352 Sed
3178 3297 3264 3354 hei
3295 3300 3424 3355 mihi
3443 3303 3477 3355 ε’

1882 3379 2031 3435 radix
2071 3381 2333 3435 malorum
2373 3390 2455 3437 est
2508 3380 2595 3438 hic
2620 3399 2834 3455 quoque
2874 3388 3116 3445 avaritia.
3145 3390 3279 3446 Nam
3325 3408 3463 3462 quo-

1885 3470 2029 3525 niam
2068 3471 2199 3527 nulli
2246 3480 2330 3528 est
2376 3487 2522 3527 curae
2570 3476 2841 3545 quomodo
2883 3486 3186 3549 temperans
3239 3492 3295 3538 et
3338 3500 3458 3539 mo-

1884 3560 2068 3616 destus
2110 3560 2203 3616 ﬁat
2251 3562 2430 3627 ﬁlius,
2478 3562 2574 3619 sed
2619 3574 2866 3622 tenentur
2898 3583 3087 3623 omnes
3130 3570 3322 3627 insano
3345 3578 3465 3629 auri

1885 3667 2101 3719 amore,
2133 3652 2235 3709 hac
2271 3653 2338 3709 de
2364 3669 2526 3711 causa
2554 3655 2679 3711 huic
2718 3659 2796 3713 rei
2827 3675 2986 3715 nemo
3016 3662 3213 3719 studet.
3261 3665 3462 3732 Quam-

1887 3744 2071 3800 obrem
2100 3760 2237 3817 rogo
2261 3746 2492 3817 primum
2518 3788 2534 3815 ,
2565 3756 2627 3802 ut
2652 3763 2839 3804 eorum
2867 3751 3076 3807 animos
3104 3758 3463 3826 componatis.

1888 3835 1944 3893 Si
1994 3838 2139 3893 enim
2186 3839 2259 3894 ad
2304 3846 2508 3895 castam
2559 3855 2810 3911 sponsam
2863 3846 3195 3915 accesserit,
3248 3849 3294 3904 si
3324 3850 3467 3906 illius

1888 3929 2066 3987 solum
2093 3929 2288 4003 corpus
2317 3931 2544 4002 viderit,
2571 3943 2628 3991 et
2649 3934 2944 3992 vehemens
2967 3938 3072 3993 erit
3096 3938 3422 3998 desiderium
3448 3987 3465 4010 ,

1891 4034 1946 4079 et
1993 4023 2166 4095 major
2209 4025 2305 4080 Dei
2334 4034 2511 4081 metus
2539 4043 2555 4081 :
2584 4035 2640 4083 et
2667 4042 2794 4084 vere
2837 4028 3152 4088 honorabile
3188 4036 3468 4091 matrimo-

1892 4115 2077 4182 nium,
2120 4116 2315 4171 munda
2345 4125 2403 4172 et
2443 4118 2718 4188 impolluta
2764 4135 2992 4191 corpora
3034 4125 3377 4194 suscipiens;
3410 4137 3468 4183 et

1893 4223 2013 4279 quze
2059 4220 2347 4265 nascentur
2404 4218 2562 4265 erunt
2616 4210 2773 4280 plena
2823 4212 2991 4268 multa
3038 4215 3413 4276 benedictione
3452 4236 3470 4283 ;

1894 4310 1951 4359 et
1973 4302 2109 4358 alter
2144 4302 2301 4358 alteri
2327 4303 2526 4360 cedent
2555 4317 2786 4374 sponsus
2825 4314 2881 4360 et
2913 4320 3109 4375 sponsa
3135 4326 3149 4363 :
3178 4324 3301 4364 nam
3347 4326 3471 4365 cum

1895 4407 2105 4449 morum
2136 4393 2432 4450 alienorum
2463 4395 2674 4464 utrique
2701 4395 2809 4451 sint
2832 4397 3093 4467 imperiti,
3122 4400 3473 4470 subjicientur

1895 4484 2031 4541 alter
2074 4484 2253 4540 alteri.
2300 4483 2488 4540 Iunior
2524 4495 2704 4540 autem
2746 4486 3005 4557 incipiens
3046 4488 3293 4547 lascivire
3333 4502 3385 4548 et
3414 4510 3495 4550 δεῖ

1898 4574 2096 4630 dedere
2138 4574 2386 4641 libidini,
2431 4584 2486 4630 et
2514 4590 2723 4631 morum
2748 4578 3173 4635 meretriciorum
3202 4582 3488 4654 accipiens

1897 4667 2281 4737 experientiam
2307 4708 2323 4734 ,
2354 4682 2522 4738 usque
2541 4667 2610 4723 ad
2639 4668 2863 4737 primam
2890 4680 2945 4725 et
2970 4673 3256 4729 secundam
3284 4691 3474 4747 vespe-

1898 4776 2014 4815 ram
2040 4758 2276 4814 laudabit
2302 4774 2453 4824 suam
2482 4774 2741 4827 uxorem;
2786 4772 2971 4831 postea
2999 4774 3178 4819 autem
3209 4766 3317 4821 cito
3340 4768 3478 4824 dila-

1900 4852 2057 4909 betur
2097 4852 2165 4907 ad
2210 4852 2354 4907 illam
2399 4852 2706 4919 lasciviam,
2752 4853 2819 4908 ad
2847 4855 3012 4909 risum
3038 4854 3266 4912 effusum
3296 4868 3352 4915 et
3375 4861 3477 4916 im-

1901 4946 2199 5001 modestum
2222 4987 2241 5014 ,
2267 4961 2511 5017 quaerens
2538 4947 2697 5002 verba
2723 4947 2888 5002 multa
2917 4948 3274 5007 illiberalitate
3300 4953 3477 5021 plena,

1901 5038 2094 5095 molles
2140 5047 2197 5093 et
2241 5038 2439 5094 fractos
2478 5048 2697 5110 gestus,
2729 5049 2784 5095 et
2822 5055 3038 5096 omnem
3066 5042 3225 5097 aliam
3253 5045 3480 5112 turpitu-

1902 5129 2114 5195 dinem,
2143 5143 2303 5199 quam
2337 5137 2396 5183 ut
2430 5128 2671 5185 dicamus
2694 5171 2710 5197 ,
2743 5130 2962 5186 minime
2995 5140 3080 5185 est
3122 5134 3475 5189 tolerandum.

1902 5223 2134 5292 lngenua
2158 5229 2335 5276 autem
2381 5234 2490 5275 non
2518 5220 2745 5275 sustinet
2800 5220 2918 5275 ltzuc
2967 5220 3259 5289 exhibere,
3301 5240 3476 5295 neque

1904 5328 1963 5369 se
2008 5313 2177 5385 ipsam
2225 5311 2524 5383 inquinare.
2580 5311 2657 5367 Ad
2706 5312 2829 5366 vitae
2874 5312 3016 5366 enim
3068 5313 3378 5370 societatem
3423 5327 3482 5374 et

1904 5405 2194 5461 liberorum
2219 5404 2640 5474 procreationem
2668 5404 2783 5458 viro
2806 5401 2904 5457 l‘uit
2927 5402 3192 5473 desponsa
3215 5445 3232 5471 ,
3279 5422 3385 5460 non
3414 5407 3483 5464 ad

1906 5495 2286 5566 turpitudinem
2308 5505 2363 5552 et
2386 5495 2589 5550 risum:
2620 5504 2680 5550 ut
2701 5495 2917 5549 domum
2947 5496 3235 5563 custodiat,
3256 5506 3315 5552 ut
3332 5498 3480 5555 illum

1903 5606 2118 5663 quoque
2142 5590 2351 5646 erudiat
2373 5604 2495 5646 esse
2527 5589 2807 5643 honestum
2826 5629 2843 5653 ,
2873 5603 2980 5643 non
3009 5599 3065 5643 ut
3094 5589 3197 5660 ipsi
3228 5591 3483 5648 exhibeat

1905 5684 2138 5741 fomenta
2179 5682 2539 5739 scortationis.
2593 5683 2662 5736 At
2699 5680 2918 5751 jucundi
2950 5681 3042 5736 tibi
3088 5682 3335 5737 videntur
3384 5699 3481 5754 ge-

1905 5785 2019 5830 stus
2035 5774 2345 5831 meretricii.
2361 5773 2485 5830 Scio
2504 5794 2517 5829 :
2542 5789 2663 5828 nam
2683 5773 2781 5828 hoc
2803 5787 3015 5843 quoque
3029 5773 3158 5829 dicit
3173 5773 3445 5845 Scriptura
3468 5794 3482 5832 :

1907 5865 2016 5922 uel
2036 5864 2254 5921 'distiuut
2273 5883 2304 5919 a
2324 5866 2471 5921 labiis
2497 5866 2769 5921 meretricis
2796 5862 2986 5937 (Prov.
3018 5865 3074 5921 5.
3108 5864 3199 5936 5).
3233 5865 3483 5936 Propter-

1911 5976 1974 6018 ea
2003 5959 2144 6017 enim
2192 5959 2306 6016 hmo
2351 5958 2525 6027 omnia
2570 5957 2743 6029 facio,
2793 5974 2860 6015 ne
2904 5958 3043 6015 illius
3086 5958 3261 6015 mellis
3308 5958 3489 6030 capias
