3964 6522
490 534 589 588 ιΞἹ
1190 533 1246 589 S.
1286 528 1560 587 JOANNIS
1595 526 2063 585 CHRYSOSTOMI
2101 526 2412 580 ARClllEP.
2453 524 2980 580 CONSTANTINOP.

490 653 874 721 experientiam
906 669 917 703 :
953 651 1003 704 in
1055 649 1123 703 fel
1169 647 1309 702 enim
1357 646 1533 699 statim
1581 642 1824 698 vertitur.
1861 641 1929 695 Et
1970 639 2071 695 hoc

490 761 701 817 quoque
730 745 859 798 dicit
886 742 1161 810 Scriptura
1191 756 1204 792 :
1236 738 1363 804 Quae
1398 736 1464 789 ad
1492 746 1686 804 tempus
1720 740 1859 785 tuum
1899 738 2073 801 guttur

490 839 815 909 impingunt;
862 843 1033 902 postea
1090 839 1253 883 autem
1298 827 1416 897 felle
1465 827 1691 879 amarius
1727 822 1979 884 invenies,
2027 828 2073 871 et

489 930 699 997 ancipiti
729 927 899 998 gladio
928 924 1089 995 magis
1114 930 1315 975 acutum
1342 918 1360 984 (
1384 917 1539 971 Prav.
1570 918 1604 971 5
1654 917 1688 969 4
1712 916 1751 982 ).

559 1019 901 1092 Cbrysostomi
922 1018 1087 1071 cautio
1103 1058 1117 1079 ,
1140 1030 1251 1069 cum
1271 1015 1333 1066 de
1352 1012 1500 1066 rebus
1520 1009 1792 1075 impudicis
1815 1005 2066 1077 loquitur.

488 1144 560 1155 —
596 1113 735 1180 Quid
764 1111 935 1166 dicis?
966 1108 1124 1163 Ferte
1160 1121 1245 1160 me
1272 1103 1469 1173 aliquid
1501 1102 1661 1156 etiam
1689 1093 2021 1152 immundum
2052 1136 2066 1157 ,

490 1216 551 1262 ut
577 1208 648 1261 ita
677 1205 849 1259 dicam
872 1244 888 1269 ,
920 1202 1225 1270 loquentem
1256 1238 1270 1260 ,
1317 1204 1370 1251 et
1402 1192 1740 1262 impudenter
1766 1204 1853 1242 me
1879 1200 2083 1256 geren-

493 1312 600 1357 tem
620 1340 635 1366 ,
667 1297 1030 1368 pudoremque
1055 1301 1109 1346 et
1136 1289 1385 1344 ruborem
1417 1294 1701 1341 exuentem
1735 1300 1749 1336 :
1791 1295 1899 1334 non
1929 1276 2070 1332 enim

488 1393 681 1450 lubens
716 1389 829 1442 haec
860 1388 1030 1457 patior
1050 1426 1062 1449 ,
1093 1382 1187 1438 sed
1217 1389 1435 1451 propter
1464 1392 1557 1432 eos
1588 1389 1721 1446 quos
1747 1387 1928 1428 rerum
1961 1384 2067 1423 non

493 1485 694 1557 pudet,
741 1497 905 1551 cogor
948 1460 1109 1533 verba
1151 1474 1349 1529 dicere.
1395 1470 1555 1525 Multa
1602 1477 1779 1521 autem
1827 1463 2070 1518 videmus

490 1574 751 1647 ejusmodi
781 1572 939 1626 etiam
974 1569 1023 1621 in
1056 1565 1370 1635 Scripturis.
1404 1562 1535 1615 Nam
1567 1557 1813 1613 Ezechiel
1859 1566 2069 1623 quoque

490 1666 785 1723 Jerusalem
815 1660 1143 1730 exprobrans
1165 1657 1325 1709 multa
1347 1654 1474 1708 dicit
1503 1649 1785 1721 ejusmodi,
1816 1662 1914 1701 nec
1943 1660 2069 1698 eru-

491 1759 697 1821 bescit;
724 1764 777 1810 et
802 1754 1030 1808 merito:
1057 1764 1163 1803 non
1194 1748 1337 1802 enim
1364 1760 1425 1800 ea
1455 1743 1663 1798 dicebat
1691 1757 1756 1795 ex
1786 1754 1877 1793 sua
1908 1736 2068 1791 animi

490 1850 794 1912 affectione,
821 1845 913 1901 sed
939 1859 1006 1900 ex
1030 1857 1155 1897 cura
1180 1852 1234 1895 et
1256 1838 1601 1910 providentia.
1632 1834 1765 1888 Nam
1786 1832 1883 1887 etsi
1911 1830 2069 1884 verba

489 1944 738 1999 videntur
766 1954 886 1994 esse
915 1937 1107 1991 decora
1134 1976 1148 1999 ,
1197 1947 1302 1986 non
1334 1939 1417 1986 est
1456 1939 1633 1984 tamen
1683 1939 1876 1994 scepus
1918 1922 2069 1977 inde-

497 2050 656 2090 corus
682 2074 695 2098 ,
729 2031 822 2086 sed
849 2031 1007 2083 etiam
1035 2025 1192 2080 valde
1223 2022 1547 2079 conveniens
1569 2018 1619 2074 ei
1643 2019 1731 2087 qui
1762 2016 1872 2068 vult
1893 2012 2073 2082 expel-

496 2128 608 2181 lere
644 2124 805 2178 animi
854 2118 1244 2175 immunditiam
1275 2134 1288 2169 :
1324 2130 1444 2168 nam
1477 2112 1574 2166 nisi
1619 2111 1731 2180 ipsa
1772 2107 1929 2161 verba
1971 2121 2068 2158 au-

490 2220 647 2275 dierit
689 2214 969 2285 impudens
1016 2211 1261 2271 animus,
1310 2206 1514 2276 pudore
1562 2218 1667 2257 nou
1716 2197 2058 2255 suffunditur.

494 2309 706 2365 Etenim
747 2305 987 2361 medicus
1014 2316 1225 2372 quoque
1255 2299 1438 2353 volens
1467 2296 1663 2366 ejicere
1691 2291 2023 2363 putredinem
2052 2330 2066 2354 ,

491 2403 685 2472 digitos
709 2401 854 2470 prius
880 2397 1115 2453 immittit
1135 2396 1185 2449 in
1211 2394 1420 2457 vulnus,
1451 2401 1505 2445 et
1535 2389 1634 2443 nisi
1664 2388 1806 2456 prius
1833 2384 2071 2453 inquinet

495 2509 685 2549 manus
727 2507 845 2562 qua:
876 2488 1156 2543 medentur
1180 2528 1195 2551 ,
1242 2499 1347 2539 non
1379 2482 1577 2553 poterit
1605 2478 1825 2534 mederi.
1867 2475 1940 2529 Ita
1971 2487 2071 2543 ego

492 2600 723 2657 quoque,
755 2583 853 2637 nisi
882 2581 1027 2651 prius
1052 2594 1114 2633 os
1141 2577 1411 2647 inquinem
1442 2572 1583 2643 quod
1608 2570 1799 2624 vestris
1826 2566 2070 2621 medetur

489 2680 670 2744 vitiis,
703 2693 807 2731 non
840 2685 1023 2745 potero
1062 2671 1214 2725 vobis
1243 2668 1467 2722 mederi.
1508 2665 1619 2719 lmo
1663 2678 1791 2718 vero
1837 2674 1936 2714 nec
1967 2658 2068 2711 hoc

491 2771 802 2842 inquinatur
824 2809 839 2834 ,
889 2781 987 2820 nec
1029 2764 1134 2818 illm
1166 2777 1375 2815 manus.
1407 2758 1627 2825 Quare?
1651 2754 1913 2823 Quoniam
1962 2765 2069 2803 non

493 2874 577 2919 est
613 2862 867 2917 naturalis
899 2856 1228 2913 immunditia
1254 2896 1268 2919 ,
1301 2868 1474 2922 neque
1503 2867 1568 2904 ex
1596 2857 1781 2903 nostro
1805 2857 2031 2913 corpore
2052 2882 2067 2906 ,

490 2958 630 3011 sicut
656 2969 753 3008 nec
783 2953 889 3006 illic
912 2967 975 3005 ex
1004 2947 1250 3003 manibus
1275 2944 1438 3009 illius,
1467 2940 1560 2995 sed
1591 2955 1653 2994 ex
1687 2938 1875 2992 alienis
1897 2949 2069 2989 mem-

492 3050 623 3105 bris.
664 3046 719 3101 Si
746 3053 920 3098 autem
954 3042 1047 3095 ubi
1071 3048 1156 3094 est
1185 3038 1418 3091 alienum
1446 3046 1639 3102 corpus
1660 3072 1675 3096 ,
1710 3046 1816 3084 non
1859 3035 2071 3082 recusat

491 3142 582 3195 ille
608 3153 731 3193 suas
758 3149 947 3189 manus
988 3133 1193 3201 tingere
1223 3146 1237 3181 :
1268 3128 1357 3183 ubi
1402 3135 1642 3180 nostrum
1671 3165 1686 3189 ,
1714 3123 1826 3186 die,
1849 3132 2065 3189 qumso,

493 3226 902 3285 recusabimus?
942 3238 1138 3292 corpus
1165 3220 1305 3275 enim
1339 3227 1583 3272 nostrum
1630 3214 1758 3269 estis
1792 3227 1889 3266 vos
1914 3252 1928 3276 ,
1963 3212 2065 3263 im-

492 3321 741 3377 becillum
770 3316 984 3388 quidem
1011 3323 1061 3369 et
1090 3309 1445 3371 immundum,
1479 3306 1571 3361 sed
1602 3314 1778 3359 tamen
1802 3311 2066 3356 nostrum.

564 3413 617 3468 4.
651 3409 787 3478 Quid
809 3418 1036 3476 estergo
1062 3401 1204 3474 quod
1231 3402 1373 3462 dico,
1402 3408 1571 3454 etcur
1593 3398 1730 3451 hanc
1757 3394 1853 3448 feci
1883 3392 2069 3445 admo-

492 3502 774 3560 nitionem?
808 3499 1021 3555 Vestem
1043 3494 1256 3565 quidem
1291 3508 1448 3563 quam
1479 3490 1637 3544 habet
1667 3503 1877 3552 servus,
1908 3500 2067 3539 num-

492 3611 651 3667 quam
700 3595 837 3649 ferre
881 3595 933 3646 in
981 3591 1214 3645 animum
1260 3585 1565 3649 induxeris,
1616 3597 1732 3639 eam
1774 3581 2070 3634 abhorrens

492 3696 708 3761 prepter
736 3686 954 3750 sordes;
989 3683 1083 3738 sed
1126 3680 1379 3736 malueris
1405 3693 1525 3733 esse
1552 3675 1726 3731 nudus
1746 3714 1762 3740 ,
1790 3687 1947 3744 quam
1983 3671 2070 3725 illa

496 3784 569 3835 uti
602 3800 615 3834 :
650 3792 876 3849 corpore
918 3784 1093 3829 autem
1142 3771 1417 3826 immundo
1454 3780 1509 3825 et
1555 3766 1773 3822 sordido
1795 3808 1810 3832 ,
1846 3774 1899 3819 et
1930 3763 2068 3833 quod

496 3888 602 3926 non
651 3870 822 3925 solum
852 3882 1005 3922 servo
1037 3879 1126 3920 tuo
1153 3906 1168 3929 ,
1218 3863 1312 3940 sed
1340 3861 1500 3917 etiam
1542 3860 1660 3913 aliis
1702 3854 2069 3912 innumerabi-

492 3966 632 4019 libus
662 3972 746 4019 est
776 3964 889 4016 usui
915 4001 931 4024 ,
968 3959 1205 4014 abuteris
1224 3999 1240 4023 ,
1268 3967 1323 4011 et
1348 3972 1451 4009 non
1477 3952 1791 4009 abhorrebis
1810 3952 1833 4003 ’ἰ
1859 3948 2071 4004 Pudore

492 4058 668 4113 affecti
697 4056 827 4111 estis
853 4050 1175 4108 audientes?
1225 4048 1331 4104 Sed
1363 4048 1415 4101 in
1460 4045 1615 4101 factis
1650 4043 1853 4113 pudore
1897 4041 2069 4095 affici-

495 4150 649 4216 miui,
678 4163 783 4202 non
811 4146 865 4200 in
896 4143 1093 4199 verbis.
1117 4141 1232 4196 Alia
1262 4138 1440 4195 omnia
1468 4136 1819 4206 praetermitto
1844 4150 1858 4187 :
1889 4148 2070 4187 mores

493 4255 775 4313 perversos
799 4247 852 4293 et
877 4237 1133 4306 impuros,
1166 4233 1384 4301 reliqua:
1412 4229 1536 4283 vitae
1564 4226 1784 4295 agendas
1814 4226 2062 4281 servilem

496 4348 551 4396 et
577 4335 891 4393 illiberalem
919 4330 1199 4385 rationem.
1243 4326 1338 4380 Dic
1364 4323 1514 4389 mihi,
1541 4332 1593 4376 tu
1622 4319 1863 4376 eamdem
1889 4318 1990 4373 inis
2018 4327 2073 4373 et

493 4443 681 4485 servus
712 4425 873 4480 tuus?
903 4432 957 4477 et
994 4421 1194 4474 utinam
1236 4417 1383 4472 solus
1412 4428 1598 4470 servus
1661 4422 1782 4466 tuus
1805 4452 1819 4476 ,
1870 4418 1925 4464 et
1964 4424 2071 4463 non

494 4523 656 4577 etiam
684 4516 921 4572 carnifex
966 4512 1227 4583 publicus.
1260 4509 1326 4563 Et
1354 4504 1620 4562 carnificis
1643 4503 1856 4573 quidem
1888 4517 2073 4556 manus

494 4623 681 4667 tenere
712 4625 815 4663 non
850 4606 1072 4661 tuleris:
1102 4618 1220 4658 eam
1247 4612 1423 4655 autem
1452 4641 1465 4659 ,
1495 4612 1615 4666 quae
1644 4610 1805 4649 unum
1835 4610 1954 4649 cum
1980 4595 2073 4649 illo

495 4717 691 4773 corpus
724 4701 862 4756 facta
890 4708 973 4753 eSt
998 4739 1011 4761 ,
1042 4693 1382 4765 amplecteris
1415 4701 1469 4744 et
1496 4687 1855 4752 exoscularis,
1884 4697 1938 4741 et
1964 4702 2070 4741 non

496 4799 704 4858 horres,
737 4808 840 4847 non
872 4789 1176 4847 extimescis
1201 4828 1216 4853 ,
1265 4801 1369 4840 non
1401 4783 1600 4854 pudore
1646 4782 1876 4837 afficeris
1900 4823 1915 4847 ,
1964 4797 2069 4835 non

496 4887 770 4946 erubescis
793 4928 809 4952 ,
840 4899 942 4939 non
976 4882 1185 4951 attgeris
1217 4896 1280 4935 ac
1308 4878 1643 4934 conturbaris
1665 4876 1691 4929 ?
1717 4874 1833 4929 Dixi
1856 4873 2069 4943 quidem

499 4979 810 5051 parentibus
837 4976 1028 5030 vestris
1073 4982 1129 5027 ut
1154 4987 1250 5026 vos
1279 4971 1385 5025 cito
1424 4970 1683 5024 ducerent
1719 4967 1784 5021 ad
1813 4966 2023 5036 nuptias
2056 4986 2068 5020 :

498 5074 594 5128 sed
625 5084 799 5125 tamen
831 5082 931 5122 nec
957 5080 1052 5120 vos
1083 5063 1298 5134 quidem
1329 5061 1456 5115 estis
1484 5074 1588 5115 non
1615 5057 1830 5112 obnoxii
1861 5056 2071 5126 suppli-

498 5166 603 5219 cio.
646 5160 779 5217 Nam
820 5159 864 5213 si
895 5173 1000 5212 non
1029 5156 1120 5209 alii
1151 5163 1333 5210 essent
1377 5152 1530 5206 multi
1574 5150 1937 5205 adolescentes
1969 5163 2071 5217 pu-

498 5259 617 5312 dice
645 5262 699 5310 et
722 5264 867 5310 caste
893 5251 1133 5305 viventes
1158 5288 1171 5313 ,
1204 5255 1257 5300 et
1298 5245 1425 5300 olim
1452 5254 1506 5299 et
1536 5258 1706 5309 nunc,
1751 5249 1895 5297 esset
1923 5239 2072 5294 vobis

498 5352 726 5403 fortasse
777 5344 952 5412 aliqua
1001 5338 1275 5395 excusatio
1330 5350 1394 5390 ac
1446 5333 1687 5389 defensio
1736 5348 1751 5389 :
1802 5331 1847 5385 si
1896 5338 2071 5383 autem

497 5448 657 5503 sunt,
709 5434 979 5506 quomodo
1025 5431 1267 5503 poteritis
1313 5429 1495 5482 dicere
1543 5441 1647 5479 non
1697 5423 1929 5493 potuisse
1976 5436 2073 5473 vos

497 5530 751 5585 cohibere
779 5526 1047 5580 ﬂammam
1088 5519 1393 5593 cupidinis?
1437 5517 1518 5571 Illi
1553 5532 1646 5570 vos
1696 5522 1945 5567 accusant
1984 5513 2071 5581 qui

498 5626 824 5692 potuerunt,
884 5616 1029 5687 quod
1074 5616 1180 5669 sint
1236 5611 1476 5682 ejusdem
1526 5619 1727 5661 naturae
1764 5604 2069 5674 participes.

471 5711 694 5806 ‘Audite
719 5709 942 5764 Paulum
970 5706 1235 5761 dicentem
1266 5722 1279 5757 :
1310 5699 1583 5757 Sectemiui
1612 5713 1784 5766 pacem
1810 5708 1855 5749 et
1882 5696 2073 5749 sancti-

531 5805 535 5806 ν
631 5803 640 5806 _
901 5802 908 5806 _
1373 5793 1420 5806 ..
1573 5788 1607 5806 η
1700 5790 1709 5798 .
1868 5785 1883 5806 ,
1919 5785 2048 5806 ..λῃ

502 5803 828 5871 litationem,
870 5802 977 5855 sine
1021 5813 1120 5867 qua
1162 5810 1307 5848 nemo
1337 5791 1519 5845 videbit
1562 5788 1832 5842 Dominum
1864 5785 1883 5859 (
1910 5785 2068 5839 Hebr.

508 5896 592 5967 li.
635 5896 746 5962 li).
778 5893 890 5948 Non
922 5891 1190 5946 sufficiunt
1236 5889 1315 5941 ha:
1344 5886 1499 5940 mium
1528 5884 1592 5938 ad
1620 5899 1712 5937 vos
1753 5880 2025 5937 terrendos
2051 5879 2072 5932 ?

3656 522 3757 578 4‘33

2183 638 2345 695 Vides
2372 640 2505 694 alios
2549 651 2804 711 perpetuo
2831 656 2951 697 esse
2979 641 3234 711 pudicos,
3279 651 3535 712 casteque
3569 652 3625 696 et
3664 642 3746 695 ho-

2179 744 2330 789 neste
2358 735 2553 805 degere
2582 753 2597 800 ;
2626 746 2679 790 et
2700 744 2756 789 tu
2785 751 2852 789 ne
2880 736 2945 790 ad
2971 736 3265 805 juventutis
3292 736 3513 806 quidem
3543 746 3751 804 tempus

2178 838 2230 880 te
2265 825 2473 880 fortiter
2519 827 2707 897 geris?
2754 826 2905 882 vides
2942 828 3077 882 alios
3130 842 3251 882 cum
3303 828 3583 896 voluptate
3636 843 3755 883 esse

2177 917 2372 971 millies
2398 917 2713 973 colluctatos
2741 934 2755 982 ;
2791 927 2845 973 et
2872 926 2926 973 tu
2952 933 3019 973 ne
3047 920 3216 973 semel
3239 919 3457 989 quidem
3483 920 3756 973 sustines?

2175 1008 2231 1064 Si
2268 1010 2444 1073 vultis,
2473 1009 2643 1065 dicam
2671 1025 2908 1064 causam.
2949 1009 3064 1065 Non
3094 1012 3234 1065 enim
3265 1027 3428 1066 causa
3452 1023 3540 1066 est
3562 1012 3756 1081 juven-

2180 1109 2263 1154 tus
2308 1118 2320 1153 :
2370 1100 2566 1170 alioqui
2604 1115 2792 1155 omnes
2833 1101 3056 1169 juvenes
3109 1101 3267 1156 futuri
3310 1112 3466 1157 erant
3504 1104 3758 1174 impudici

2178 1201 2233 1246 et
2259 1192 2649 1249 incontinentes
2677 1214 2688 1247 :
2723 1196 2822 1272 sed~
2856 1211 2952 1250 nos
2980 1198 3124 1265 ipsos
3160 1197 3211 1249 in
3241 1213 3427 1267 rogum
3461 1198 3753 1266 injicimns.

2176 1285 2400 1352 Quando
2468 1288 2608 1341 enim
2633 1287 2684 1341 in
2737 1287 3001 1343 theatrum
3047 1290 3391 1354 ascenderis,
3438 1301 3493 1343 et
3552 1290 3757 1343 sederis

2178 1375 2334 1429 nudis
2364 1378 2643 1432 mulierum
2673 1380 2928 1435 membris
2955 1395 3180 1449 pascens
3203 1382 3387 1438 oculos
3411 1423 3426 1447 ,
3449 1381 3519 1435 ad
3551 1394 3757 1452 tempus

2176 1467 2389 1534 quidem
2440 1470 2671 1535 irctaris;
2715 1483 2895 1541 postea
2947 1483 3123 1527 autem
3167 1474 3312 1529 illinc.
3362 1491 3614 1546 magnam
3659 1478 3755 1531 alis

2179 1557 2397 1614 febrem.
2458 1562 2587 1615 Cum
2629 1562 2827 1618 videris
2869 1565 3117 1618 mulieres
3158 1574 3421 1635 tamquam
3469 1567 3526 1620 in
3578 1570 3757 1637 specie

2176 1655 2417 1722 corporis
2446 1665 2784 1724 apparentes,
2829 1666 2883 1711 et
2927 1659 3225 1727 spectacula
3273 1668 3326 1713 et
3354 1660 3567 1713 cantica
3595 1701 3610 1725 ,
3639 1677 3754 1728 qua:

2177 1743 2305 1797 nihil
2341 1746 2479 1799 aliud
2521 1745 2720 1801 habent
2748 1763 2905 1817 quam
2938 1764 3149 1803 amores
3197 1750 3472 1813 nefarios;
3522 1768 3749 1821 nempe:

2178 1833 2302 1901 Illa,
2336 1836 2525 1905 inquit,
2560 1836 2699 1892 hunc
2738 1840 2970 1902 amavit,
3014 1848 3068 1894 et
3095 1856 3199 1894 non
3231 1850 3308 1895 est
3336 1844 3543 1911 politus
3566 1885 3581 1905 ,
3617 1855 3672 1897 et
3698 1859 3753 1898 se

2175 1926 2490 1993 suﬂocavit;
2545 1938 2599 1983 et
2648 1929 2715 1982 ad
2766 1939 2966 1985 matres
3012 1930 3244 1985 nefarios
3305 1932 3594 1988 devolutos
3640 1951 3750 1989 esse

2175 2033 2384 2074 amores
2414 2038 2427 2071 :
2470 2022 2684 2090 quando
2713 2032 2768 2077 et
2797 2025 3011 2078 auribus
3042 2024 3159 2079 lucc
3201 2026 3475 2095 acceperis
3506 2069 3524 2090 ,
3579 2039 3633 2082 et
3662 2045 3750 2097 per

2176 2112 2444 2178 mulieres,
2476 2124 2529 2166 et
2555 2129 2650 2183 per
2674 2123 2874 2185 gestus,
2907 2114 3120 2169 habitus
3143 2126 3194 2170 et
3226 2117 3422 2186 ﬁguras
3442 2158 3458 2183 ,
3486 2118 3601 2187 jam
3630 2136 3753 2174 vero

2176 2206 2333 2259 etiam
2366 2220 2461 2273 per
2490 2207 2633 2261 viros
2661 2222 2859 2274 senes;
2892 2208 3041 2262 multi
3067 2210 3207 2263 enim
3247 2210 3411 2265 larvis
3441 2212 3549 2265 sibi
3585 2214 3751 2284 impo-

2175 2298 2290 2351 sitis
2321 2298 2425 2353 illic
2455 2310 2616 2369 agunt
2645 2301 2893 2356 mulieres
2925 2322 2937 2354 :
2972 2302 3235 2372 quomodo
3266 2306 3464 2372 poteris
3493 2308 3605 2377 jam
3636 2325 3751 2365 esse

2177 2389 2397 2457 pudicus
2427 2400 2481 2445 et
2509 2400 2813 2460 temperans
2834 2434 2848 2456 ,
2876 2410 2994 2448 cum
3028 2395 3113 2447 illa
3142 2398 3441 2464 Spectacula
3471 2440 3490 2464 ,
3524 2401 3627 2455 illa:
3657 2418 3749 2457 au-

2175 2481 2403 2537 ditiones
2451 2485 2686 2538 animum
2734 2495 2881 2540 tuum
2926 2498 3187 2557 occupent
3231 2505 3294 2545 ac
3354 2491 3661 2562 detineant,
3703 2508 3751 2551 et

2176 2584 2359 2643 postea
2404 2576 2523 2630 talia
2569 2577 2772 2631 somnia
2804 2578 3115 2648 excipiant?
3156 2596 3186 2634 a
3235 2593 3426 2636 natura
3475 2588 3621 2639 enim
3676 2601 3753 2642 est

2178 2666 2393 2719 insitum
2442 2676 2501 2721 ut
2545 2668 2755 2723 animus
2800 2670 2960 2724 multa
3010 2672 3509 2740 cjusmodivisione
3559 2695 3749 2750 apprc-

2178 2758 2376 2810 hendat
2405 2800 2419 2822 ,
2448 2758 2743 2827 cujusmodi
2776 2760 3001 2816 interdiu
3022 2764 3132 2818 vult
3160 2775 3209 2819 et
3237 2769 3592 2838 concupiscit.
3622 2773 3747 2827 Cum

2176 2862 2303 2917 ergo
2334 2849 2441 2904 illic
2480 2859 2533 2905 et
2561 2866 2647 2905 res
2694 2853 2975 2908 obscoenas
3019 2856 3222 2922 videas,
3261 2866 3315 2911 et
3358 2861 3523 2913 verba
3574 2864 3749 2917 audias

2176 2940 2530 3003 obscmniora,
2550 2952 2604 2996 et
2622 2942 2839 2999 vulnera
2861 2945 3071 3014 quidem
3093 2947 3342 3017 accipias,
3367 2952 3747 3008 medicamenta

2176 3042 2351 3086 autem
2379 3046 2481 3086 non
2511 3032 2752 3102 imponas
2778 3052 2790 3086 :
2817 3036 2905 3105 qui
2938 3037 3045 3091 fieri
3076 3047 3249 3106 potest
3273 3049 3328 3093 ut
3358 3056 3463 3094 non
3495 3056 3747 3113 augeatur

2177 3122 2401 3191 putredo
2426 3164 2440 3186 ,
2474 3134 2526 3177 et
2554 3126 2773 3179 morbus
2802 3142 2904 3180 non
2939 3126 3263 3190 intendatur,
3297 3140 3348 3185 et
3379 3133 3555 3187 multo
3585 3136 3747 3208 magis

2176 3230 2332 3282 quam
2362 3215 2411 3266 in
2446 3215 2641 3270 nostris
2671 3218 3020 3285 corporibus?
3060 3219 3287 3275 Facilius
3316 3224 3482 3283 enim.
3515 3227 3562 3278 si
3596 3229 3747 3282 velle-

2178 3322 2293 3359 mus
2318 3346 2331 3370 ,
2373 3322 2529 3374 quam
2555 3322 2777 3376 corpora
2807 3352 2820 3374 ,
2866 3310 3088 3365 liberum
3122 3313 3399 3368 arbitrium
3448 3320 3741 3388 susciperet

2176 3398 2584 3452 correctionem.
2630 3398 2761 3453 Nam
2791 3400 2896 3454 illic
2926 3402 3139 3471 quidem
3167 3414 3220 3458 et
3250 3407 3659 3463 medicamentis
3698 3424 3748 3465 et

2181 3487 2407 3542 medicis
2438 3498 2493 3542 et
2523 3501 2760 3559 tempore
2789 3506 2924 3561 opus
2951 3502 3033 3547 est
3059 3510 3071 3546 :
3119 3495 3202 3549 hic
3231 3508 3406 3551 autem
3444 3500 3642 3557 sufficu
3670 3546 3684 3567 ,
3708 3508 3747 3555 si

2176 3578 2426 3641 volueris,
2459 3589 2513 3633 et
2541 3580 2713 3635 bonus
2742 3596 2861 3637 esse
2886 3591 2941 3637 et
2968 3586 3159 3639 malus.
3201 3587 3562 3655 Quamobrem
3608 3612 3744 3648 mor~

2177 3670 2300 3725 bum
2329 3672 2499 3741 magis
2528 3673 2799 3743 accepisti.
2846 3674 2978 3730 Cum
3010 3692 3137 3746 ergo
3166 3695 3227 3733 ca
3256 3697 3372 3748 quae
3404 3683 3608 3738 lieduut
3641 3688 3747 3755 qui-

2176 3764 2295 3819 dem
2323 3766 2662 3834 congerimus
2687 3809 2701 3831 ,
2751 3783 2936 3823 eorum
2967 3781 3142 3825 autem
3176 3789 3291 3841 qua:
3329 3773 3524 3843 juvant
3557 3778 3745 3831 nullam

2176 3855 2420 3910 ducimus
2451 3856 2717 3913 rationem
2739 3900 2754 3925 ,
2783 3859 2997 3929 quando
3046 3863 3146 3917 erit
3195 3863 3299 3917 ulla
3330 3867 3583 3923 sanitas?
3626 3870 3747 3924 Pro-

2178 3956 2361 4018 pterea
2382 3948 2575 4003 Paulus
2592 3965 2804 4021 quoque
2821 3952 3028 4007 dicebat
3050 3972 3062 4007 :
3089 3955 3236 4010 Sicut
3258 3969 3428 4027 gentes
3450 3978 3568 4029 qua:
3596 3962 3749 4016 Deam

2176 4056 2277 4094 non
2307 4052 2511 4095 norunt.
2540 4041 2749 4097 Pudore
2777 4044 3166 4112 suﬁ'undamur,
3196 4058 3402 4105 terrore
3427 4051 3742 4119 afficiantur,

2176 4132 2219 4185 si
2249 4142 2434 4202 gentes
2475 4148 2593 4201 qua:
2636 4133 2800 4189 Deum
2832 4151 2936 4189 non
2976 4147 3165 4191 norunt
3207 4153 3349 4208 sa-pe
3380 4152 3512 4195 sunt
3554 4144 3753 4212 pudiea:

2175 4236 2229 4279 et
2280 4235 2682 4294 temperantes;
2737 4228 3114 4284 erubescamus
3166 4247 3282 4285 cum
3338 4233 3444 4288 illis
3495 4232 3753 4290 fuerimus

2177 4318 2489 4374 deteriores.
2523 4318 2702 4374 Facile
2722 4330 2805 4375 est
2832 4321 2884 4374 in
2916 4321 3167 4390 pudicitia
3193 4332 3243 4377 et
3275 4329 3630 4392 temperantia
3660 4347 3755 4383 nos

2177 4420 2323 4465 recte
2347 4425 2557 4478 gerere,
2590 4412 2634 4464 si
2661 4411 2886 4466 velimus
2908 4454 2921 4477 ,
2966 4412 3009 4466 si
3039 4429 3136 4468 nos
3167 4416 3307 4483 ipsos
3331 4416 3665 4473 abducamus
3690 4422 3753 4474 ab

2178 4505 2243 4559 iis
2274 4520 2392 4574 qua:
2422 4504 2622 4558 laedunt
2651 4522 2665 4557 :
2695 4504 2890 4573 alioqui
2932 4521 3029 4560 nec
3076 4507 3456 4563 scortationem
3492 4510 3651 4566 facile
3678 4526 3755 4568 est

2179 4596 2361 4666 fugere
2388 4636 2404 4662 ,
2433 4596 2477 4649 si
2507 4596 2757 4649 nolimus.
2807 4596 2943 4661 Quid
2971 4606 3054 4651 est
3081 4599 3219 4652 enim
3246 4598 3459 4655 facilius
3486 4619 3648 4671 quam
3680 4606 3754 4657 ire

2180 4686 2245 4739 ad
2273 4686 2441 4739 forum
2465 4686 2488 4739 ?
2515 4685 2609 4739 sed
2648 4687 2717 4739 ob
2747 4699 2981 4740 nostram
3011 4689 3269 4756 ignaviam
3304 4703 3354 4742 et
3386 4694 3668 4747 mollitiem
3698 4697 3753 4747 tit

2178 4774 2415 4839 difficile,
2450 4790 2554 4828 non
2583 4776 2755 4829 solum
2793 4776 3034 4840 feminis,
3091 4779 3182 4831 sed
3213 4781 3373 4832 etiam
3422 4782 3579 4836 viris.
3620 4785 3751 4851 Quid

2178 4865 2384 4920 facilius
2424 4882 2582 4935 quam
2630 4868 2907 4923 dormire?
2948 4870 3041 4924 sed
3094 4871 3191 4924 hoc
3221 4885 3433 4940 quoque
3486 4875 3752 4930 effecimus

2178 4958 2414 5013 difﬁcile.
2450 4959 2598 5013 Multi
2625 4960 2836 5028 quidem
2879 4972 3024 5015 certe
3059 4961 3249 5016 divites
3285 4972 3392 5015 tota
3444 4976 3607 5021 nocte
3648 4968 3751 5020 cir-

2179 5059 2532 5119 cumaguntur
2558 5092 2571 5113 ,
2600 5065 2665 5105 eo
2692 5050 2833 5120 quod
2860 5066 2964 5105 non
2992 5062 3299 5121 exspectent
3332 5069 3487 5109 usum
3534 5060 3705 5112 somni
3732 5102 3745 5123 ,

2180 5152 2235 5197 et
2263 5151 2386 5195 tunc
2430 5142 2717 5196 dormiant.
2764 5141 2835 5195 Et
2862 5143 2914 5195 in
2946 5158 3152 5196 summa
3199 5144 3331 5198 nihil
3374 5158 3458 5200 est
3498 5148 3741 5213 difficile,

2179 5234 2222 5287 si
2261 5247 2360 5286 nos
2386 5232 2608 5287 velimus
2632 5249 2647 5297 ;
2674 5232 2803 5286 nihil
2835 5232 3005 5299 facile,
3036 5234 3077 5287 si
3106 5236 3336 5289 nolimus
3362 5255 3376 5289 :
3406 5241 3590 5293 omnia
3616 5241 3749 5295 enim

2181 5333 2306 5379 sunt
2350 5325 2400 5378 in
2452 5335 2633 5379 nostra
2692 5333 2974 5393 potestate.
3028 5326 3317 5395 PrOpterea
3369 5331 3499 5385 dicit
3544 5350 3751 5401 quoque

2182 5416 2456 5485 Scriptura
2481 5458 2495 5480 ,
2529 5416 2591 5471 Si
2628 5418 2790 5471 velitis
2813 5460 2829 5483 ,
2874 5420 3083 5488 inquit,
3134 5431 3181 5474 et
3208 5438 3285 5474 me
3324 5423 3547 5477 audiatis
3573 5425 3591 5494 (
3622 5425 3749 5479 Isai.

2184 5508 2235 5560 l.
2276 5507 2368 5576 l9)
2394 5525 2408 5567 ;
2438 5516 2493 5563 et
2519 5523 2705 5563 rursus
2730 5551 2745 5576 ,
2777 5509 2838 5563 Si
2866 5510 3059 5576 nolitis,
3088 5528 3177 5564 nec
3198 5529 3273 5565 me
3293 5513 3533 5568 audiatis.
3565 5516 3749 5570 Totum

2182 5616 2309 5671 ergo
2342 5603 2499 5654 situm
2526 5614 2608 5656 est
2638 5602 2689 5655 in
2740 5617 2805 5657 eo
2834 5602 2975 5672 quod
3006 5612 3089 5658 est
3129 5605 3264 5660 velle
3308 5614 3363 5660 et
3402 5608 3551 5661 nolle
3581 5630 3594 5663 :
3628 5626 3750 5677 pro-

2187 5702 2365 5761 pterea
2390 5701 2445 5746 et
2472 5693 2716 5761 punimur
2739 5703 2791 5748 et
2819 5694 3112 5750 laudamur.
3143 5695 3294 5749 Faxit
3315 5707 3493 5751 autem
3522 5698 3678 5761 Deus,
3698 5708 3747 5750 ut

2183 5798 2302 5836 eum
2326 5781 2580 5837 fuerimus
2604 5799 2669 5837 ex
2701 5784 2764 5838 iis
2789 5784 2875 5853 qui
2904 5784 3205 5848 laudantur,
3232 5799 3582 5855 assequamur
3608 5790 3745 5841 bona

2193 5876 2471 5944 promissa,
2503 5878 2665 5946 gnatia
2701 5886 2750 5930 et
2782 5878 3105 5945 benignitate
3132 5921 3143 5935 .
3177 5887 3278 5931 etc.
