3964 6512
259 440 372 496 42⁸1

334 555 401 607 Τί
447 554 658 623 λεγειςς
694 553 1018 625 ’Δνάσχεσθέ
1049 556 1151 627 μού
1180 575 1233 609 τι
1274 558 1368 612 καὶ
1399 557 1728 629 ἀκάθαρτον,
1760 559 1835 622 ὡς

254 643 460 703 εἰπεῖν,
512 641 915 712 φθεγγομένου,
970 645 1066 695 καὶ
1124 645 1704 712 ἀπαναισχυντοῦντος,
1740 647 1835 699 καὶ

253 729 705 801 ἀπερυθριῶντος
725 745 738 758 ·
768 730 830 782 ού
860 729 966 800 γὰρ
997 729 1137 784 ἑκὼν
1164 730 1321 784 τοῦτο
1351 732 1564 800 πάσχω,
1591 731 1728 786 ἀλλά
1746 732 1836 786 διά

253 817 387 879 τοὺς
431 819 531 870 οὐκ
562 818 984 887 αἰσχυνομένους
1019 818 1085 871 τὰ
1131 818 1454 888 πράγματα,
1500 819 1566 872 τά
1613 821 1835 890 ῥήματα

253 905 424 967 αὐτὸς
476 902 863 975 ἀναγκάζομαι
894 905 1090 972 λέγειν.
1143 907 1318 961 Πολλά
1365 906 1421 959 δὲ
1465 907 1561 960 καὶ
1613 909 1673 961 ἐν
1713 911 1834 972 ταῖς

255 993 508 1063 Γραφαῖς
551 991 769 1062 ὁρῶμεν
792 991 1039 1046 τοιαῦτα.
1070 993 1180 1047 Καὶ
1214 994 1322 1064 7&9
1369 995 1463 1047 καί
1507 997 1536 1048 6
1574 995 1834 1068 Ἰεζεκιὴλ

253 1079 534 1143 ὀνειδίζων
563 1079 663 1149 τὴν
699 1080 1076 1150 Ἰερουσαλὴμ,
1130 1081 1301 1134 πολλά
1339 1081 1564 1135 τοιαῦτα
1603 1083 1836 1152 φθέγγε-

252 1186 370 1234 ται,
405 1170 501 1222 καὶ
539 1168 641 1221 οὐκ
682 1167 1026 1238 αἰσχύνεταιο
1058 1169 1152 1222 κα)⁹
1204 1169 1430 1232 εἰκότως
1453 1185 1467 1199 ⁸
1504 1170 1565 1223 ού
1612 1171 1724 1242 7&9
1773 1171 1833 1238 ἐξ

253 1257 466 1310 οἰκείου
517 1257 724 1320 πάθους
761 1257 901 1311 αύτά
947 1256 1153 1325 ἔλεγεν,
1189 1258 1304 1311 ἀλλ’
1329 1259 1438 1311 ἀπὸ
1486 1259 1830 1328 κηδεμονίας.

257 1342 413 1416 [464]
444 1343 564 1397 Κᾶν
590 1343 699 1413 γὰρ
738 1343 808 1396 τά
841 1346 1061 1414 ῥήματα
1088 1335 1218 1416 δοκῇ
1259 1341 1398 1399 εἶναι
1442 1347 1688 1416 ἀπρεπῆ,
1716 1347 1832 1400 ἀλλ’

250 1434 282 1484 ὁ
313 1431 518 1492 σκοπὸς
536 1431 646 1483 ὀύκ
689 1431 961 1501 ἀπρεπὴς,
1007 1431 1142 1485 ἀλλά
1193 1434 1287 1485 καὶ
1335 1433 1541 1502 σφόδρα
1576 1434 1832 1504 ἁρμόζων

249 1517 333 1586 τῷ
376 1517 686 1588 βουλομένῳ
712 1517 1053 1589 ἀκαθαρσίαν
1083 1518 1332 1571 ἐκϐαλεῖν
1369 1519 1546 1590 ψυχῆς
1568 1536 1581 1550 ο
1623 1521 1690 1574 ἂν
1723 1522 1830 1591 7&9

250 1605 333 1676 μὴ
373 1604 518 1659 αύτά
568 1606 634 1658 τὰ
688 1606 907 1675 ῥήματα
935 1605 1141 1677 ἀκούσῃ
1196 1608 1228 1675 ἡ
1263 1606 1617 1677 ἀναίσχυντος
1661 1608 1828 1680 ψυχὴ,

243 1695 354 1747 οὒκ
405 1693 743 1762 ἐντρέπεται.
775 1692 887 1746 Καὶ
918 1691 1024 1764 7&9
1079 1694 1260 1764 ἰατρὸς
1296 1695 1615 1766 βουλόμενος
1663 1714 1831 1765 σηπε-

245 1782 382 1834 δόνα
437 1781 724 1846 ἐκϐαλεῖν,
770 1781 1030 1852 πρότερον
1090 1782 1215 1845 τοὺς
1282 1781 1577 1846 δακτύλους
1637 1785 1716 1846 εἰς
1770 1783 1831 1836 τὸ

246 1869 478 1939 τραῦμα
533 1867 788 1938 καθίησι,
835 1867 938 1921 κᾶν
1011 1867 1086 1939 μὴ
1148 1869 1411 1940 πρότερον
1471 1870 1673 1940 μολύνῃ
1731 1870 1831 1934 τάς

252 1959 497 2028 ἰωμένας
527 1960 735 2028 χεῖρας,
761 1957 1015 2010 ἰάσασθαι
1043 1957 1103 2010 ού
1133 1958 1438 2029 δυνήσεται.
1471 1959 1625 2012 Οὕτω
1649 1959 1827 2028 κάγὼ,

247 2045 321 2096 ἂν
352 2043 429 2113 μὴ
464 2044 728 2113 πρότερον
758 2043 820 2095 τὸ
849 2044 1022 2112 στόμα
1071 2045 1284 2115 μολύνω
1309 2047 1370 2100 τὸ
1421 2047 1648 2117 ἰώμενον
1678 2049 1830 2118 ὑμῶν

245 2134 320 2185 τά
360 2131 532 2202 πάθη,
564 2133 623 2185 ού
653 2133 952 2203 δυνήσομαι
1003 2135 1144 2204 ὑμᾶς
1197 2137 1468 2202 ἰάσασθαι,
1505 2138 1721 2191 Μᾶλλον
1773 2139 1830 2191 δὲ

245 2221 377 2274 οὐδὲ
409 2221 566 2274 τοῦτο
602 2221 907 2290 μολύνεται,
933 2221 1058 2275 οὔτε
1102 2225 1306 2278 ἐκεῖναι
1331 2228 1384 2279 αἱ
1417 2229 1616 2298 χεῖρες.
1644 2227 1708 2280 Τί
1737 2227 1830 2299 δή·

246 2325 421 2374 ποτε;
453 2311 575 2362 Ὅτι
617 2310 717 2362 ούκ
746 2309 893 2364 ἔστιν
931 2312 964 2382 ἡ
1002 2312 1310 2384 ἀκαθαρσία
1355 2316 1578 2387 φυσικὴ,
1609 2316 1730 2370 οὐδὲ
1766 2317 1829 2370 ἐκ

244 2396 347 2449 τοῦ
387 2396 658 2467 ἡμετέρου
704 2395 956 2467 σώματος
988 2411 1035 2463 α,
1088 2398 1277 2471 ὥσπερ
1311 2402 1430 2454 ούδέ
1459 2404 1576 2455 ἐκεῖ
1617 2404 1682 2456 ἐκ
1721 2403 1830 2456 τῶν

245 2485 466 2536 ἐκείνου
495 2482 713 2554 χειρῶν,
736 2483 852 2536 ἀλλ’
881 2485 939 2550 ἐξ
971 2485 1290 2557 ἀλλοτρίων.
1325 2488 1388 2540 Εἰ
1424 2488 1480 2541 δὲ
1511 2488 1638 2542 ἔνθα
1676 2489 1840 2543 ἀλλό-.

241 2588 404 2643 τριον
448 2571 628 2640 σῶμα,
670 2571 730 2623 ού
776 2575 1119 2642 παραιτεῖται
1166 2577 1370 2639 ἐκεῖνος
1417 2576 1678 2646 βαπτίσαι
1732 2578 1830 2641 τὰς

243 2659 446 2712 ἑαυτοῦ
494 2662 713 2729 χεῖρας·
749 2659 877 2712 ἔνθα
913 2661 975 2712 τὸ
1024 2661 1292 2732 ἡμέτερον
1326 2664 1506 2733 σῶμα,
1553 2681 1828 2735 παραιτη-

245 2745 481 2815 σόμεθα,
504 2745 625 2798 εἰπέ
666 2762 790 2814 μοι;
829 2745 989 2817 σῶμα
1024 2748 1133 2817 7&9
1166 2749 1432 2819 ἡμέτερον
1463 2751 1637 2819 ὑμεῖς,
1664 2752 1828 2806 ἀσθε-

242 2834 338 2896 νές
368 2832 468 2903 μὲν
497 2833 592 2886 καί
623 2833 950 2904 ἀκάθαρτον,
981 2836 1242 2906 ἡμέτερον
1279 2836 1356 2890 δέ.

317 2965 384 3021 δ’.
408 2965 474 3018 Τί
502 2961 595 3018 οὗν
628 2965 774 3018 ἐστιν
793 2966 821 3019 ὃ
842 2982 1004 3037 φημι,
1021 2967 1116 3020 καί
1141 2967 1206 3020 δι’
1233 2967 1262 3020 δ
1280 2967 1548 3042 τοσαύτην
1568 2971 1826 3040 ἐποιησά-

244 3067 362 3121 μην
411 3048 762 3120 παραίνεσιν;
809 3049 932 3101 Ὅτι
965 3050 1178 3119 ἱμάτιον
1212 3051 1334 3122 μὲν,
1382 3053 1516 3124 ὅπερ
1582 3056 1610 3106 6
1641 3053 1826 3119 δοῦλος

241 3135 388 3203 ἔχει,
432 3133 532 3186 οὐκ
565 3131 632 3185 ἂν
662 3131 804 3184 ’ἐλοιό
853 3148 982 3184 ποτε
1030 3133 1254 3204 φορέσαι
1295 3134 1706 3208 βδελυττόμενος
1737 3138 1825 3191 διά

241 3219 343 3270 τὸν
377 3215 691 3286 ρύπον,ἀλλ”
717 3214 858 3268 ἕλοιο
885 3215 951 3268 ἀν
982 3217 1187 3286 γυμνὸς
1210 3213 1371 3280 εἶναι,
1403 3219 1434 3290 ἢ
1461 3221 1656 3290 ἐκείνῳ
1689 3222 1824 3292 χρή-

245 3301 480 3354 σασθαιο
509 3299 723 3370 σώματι
740 3300 798 3352 δὲ
835 3299 1129 3371 ἀκαθάρτῳ
1146 3301 1238 3355 καὶ
1264 3303 1515 3373 ῥυπαρῷ,
1539 3304 1634 3356 καί
1654 3305 1716 3356 ού
1745 3304 1823 3375 τῷ

241 3383 402 3438 παιδὶ
443 3382 521 3452 τῷ
579 3382 656 3453 σῷ
701 3382 881 3452 μόνον,
925 3381 1061 3436 ἀλλά
1116 3385 1326 3453 μυρίοις
1383 3385 1591 3455 ἑτέροις
1631 3404 1824 3457 χρησι-

243 3466 470 3538 μεύοντι
511 3466 871 3538 καταχρήσῃ,
914 3465 1008 3518 καὶ
1058 3467 1119 3518 ού
1175 3465 1430 3537 βδελύξῃς
1491 3467 1822 3538 ᾙσχύνθητε

237 3550 608 3614 ἀκούσαντες;
651 3547 791 3600 Ἀλλ’
821 3549 880 3600 ἐν
918 3550 1030 3609 τοῖς
1071 3549 1251 3620 ἔργοις
1280 3548 1624 3620 αἰσχύνθητε,
1656 3553 1730 3622 μὴ
1764 3555 1826 3604 ἐν

236 3635 360 3694 τοῖς
393 3633 618 3703 ῥήμασι.
664 3632 773 3684 Καὶ
809 3631 877 3684 τά
926 3632 1061 3686 ἀλλα
1093 3633 1271 3685 πάντα
1319 3633 1578 3707 παρίημι,
1610 3635 1670 3687 τὸ
1715 3636 1822 3687 τῶν

238 3715 401 3785 ἠθῶν
426 3715 720 3786 δύστροπον
760 3715 851 3768 καὶ
882 3715 1098 3784 μιαρὸν,
1125 3714 1186 3766 τὸ
1209 3715 1308 3785 τῆς
1336 3716 1503 3784 ἄλλης
1536 3717 1678 3787 ζωῆς
1704 3718 1825 3772 δου-

240 3798 404 3852 λικὸν
428 3797 521 3850 καὶ
544 3795 915 3867 ἀνελεύθερον.
942 3797 1077 3850 Εἰπέ
1112 3814 1222 3868 μοι,
1248 3798 1384 3869 πρὸς
1404 3801 1502 3870 τὴν
1532 3800 1701 3870 αὐτὴν
1729 3802 1823 3855 καίΙ

241 3883 349 3936 καὶ
370 3882 433 3934 σὺ
464 3883 556 3932 καὶ
587 3881 614 3932 ό
640 3879 859 3950 οἰκέτης
877 3881 905 3933 ό
932 3880 1022 3944 σός
1037 3897 1052 3942 ;
1081 3883 1174 3934 καὶ
1204 3881 1313 3935 εῐθε
1343 3885 1371 3935 ὁ
1395 3883 1614 3953 οἰκέτης
1639 3884 1820 3954 μόνον,

237 3964 387 4019 ἀλλά
425 3963 514 4017 καὶ
551 3965 579 4016 ὁ
607 3962 819 4033 δήμιος.
848 3963 956 4016 Καὶ
988 3966 1176 4033 χεῖρας
1224 3966 1322 4035 μὲν
1362 3964 1456 4018 τοῦ
1483 3965 1681 4036 δημίου
1723 3969 1827 4021 οὐκ

237 4047 312 4101 ἂν
341 4047 594 4117 ἀνάσχοιο
623 4049 946 4117 κατασχεῖνο
985 4046 1084 4119 τὴν
1112 4047 1168 4100 δὲ
1205 4048 1262 4103 ἓν
1305 4050 1498 4121 ἐκείνῳ
1543 4051 1702 4121 σῶμα
1733 4069 1822 4120 γε·

234 4131 479 4201 νομένην
507 4130 816 4201 περιπλέκῃ
857 4132 951 4184 καὶ
993 4132 1334 4200 καταφιλεῖς,
1362 4135 1456 4187 καὶ
1487 4134 1547 4186 ού
1579 4135 1823 4204 φρίττεις

233 4214 366 4268 οὐδὲ
409 4213 657 4275 δέδοικας
677 4229 692 4276 ;
714 4212 814 4266 οὐκ
851 4212 1105 4285 αἰσχύνῃ,
1127 4215 1230 4268 οὐκ
1258 4216 1516 4288 ἐντρέπῃ,
1539 4219 1641 4270 οὐκ
1677 4219 1824 4287 ἀγω-

236 4298 392 4365 νιᾷς;
417 4292 583 4347 Εἶπον
622 4295 720 4365 μὲν
751 4293 886 4366 πρὸς
917 4299 1044 4360 τοὺς
1072 4297 1313 4368 πατέρας
1341 4299 1468 4362 τοὺς
1499 4301 1821 4371 ὑμετέρους,

234 4383 330 4434 ὅτι
374 4382 456 4435 δεῖ
498 4382 709 4451 ταχέως
738 4381 875 4452 πρὸς
902 4383 1081 4452 γάμον
1127 4383 1282 4450 ἄγειν
1325 4384 1498 4454 ὑμᾶς·
1531 4385 1644 4438 ἀλλ’
1670 4388 1821 4454 ὅμως

236 4467 366 4518 οὐδὲ
395 4467 556 4536 ὑμεῖς
586 4465 866 4521 ἀνεύθυνοι
910 4468 1006 4537 τῆς
1035 4468 1328 4533 κολάσεως.
1373 4470 1435 4522 Εἰ
1474 4469 1582 4541 7&9
1623 4471 1698 4540 μὴ
1727 4473 1821 4525 καὶ

236 4549 396 4602 ἄλλοι
425 4549 536 4601 νέοι
563 4549 764 4620 μᾶλλον
778 4545 919 4620 ἦσαν
940 4549 1126 4602 πολλοί
1153 4552 1210 4602 ἐν
1245 4552 1566 4624 σωφροσύνῃ
1595 4553 1817 4618 ζῶντες,

237 4635 341 4686 καὶ
373 4633 545 4686 πάλαι
576 4634 671 4686 καὶ
700 4633 817 4699 νῦν,
846 4635 976 4697 ἴσως
999 4634 1062 4687 ἀν
1087 4653 1170 4697 τις
1193 4636 1320 4705 ὑμῖν
1348 4633 1418 4706 ἦν
1445 4637 1711 4705 ἀπολογία
1732 4654 1744 4668 ”
1771 4639 1820 4690 εί

234 4715 297 4770 δὲ
327 4717 457 4778 εἰσί,
485 4715 649 4769 πόθεν
676 4715 828 4780 ἕξετε
863 4719 1057 4781 εἰπεῖν,
1087 4718 1168 4770 ὃτι
1204 4719 1303 4772 οὐκ
1346 4719 1688 4791 ἠδυνήθημεν
1721 4737 1819 4773 κα-

232 4801 460 4868 τασχεῖν
489 4797 588 4870 τὴν
615 4799 786 4868 φλόγα
813 4799 910 4870 τῆς
938 4800 1257 4869 έπιθυμίας;
1299 4803 1522 4855 Ἐκεῖνοι
1545 4803 1654 4873 γάρ
1690 4820 1821 4857 κατ-

234 4882 537 4955 ηγοροῦσιν
582 4883 734 4954 ὑμῶν
791 4884 841 4936 οἱ
881 4883 1220 4954 δυνηθέντες,
1259 4885 1335 4956 τῷ
1378 4887 1478 4957 τῆς
1516 4886 1691 4957 αὐτῆς
1716 4885 1817 4956 φύ-

235 4984 381 5029 σεως
415 4965 682 5036 μετέχειν.
715 4966 965 5018 Ἀκούετε
992 4967 1085 5019 τοῦ
1105 4967 1317 5020 Παύλου
1344 4968 1590 5038 λέγοντος
1611 4986 1625 5000 ⁸
1646 4969 1815 5038 Εἰρήο

233 5068 360 5117 νην
387 5048 628 5102 διώκετε
659 5049 757 5102 καί
797 5052 904 5102 τὸν
935 5053 1252 5120 ἁγιασμόν,
1293 5048 1364 5107 οὗ
1395 5053 1574 5122 χωρὶς
1613 5054 1811 5120 οὐδεὶς

234 5135 451 5201 ὄψεται
482 5134 592 5186 τὸν
625 5134 863 5201 Κύριον.
906 5134 969 5184 Ἠ
1007 5135 1202 5206 ἀπειλὴ
1234 5133 1372 5206 αὕτη
1401 5137 1500 5206 ούχ
1535 5137 1694 5208 ἱκανὴ
1721 5155 1816 5206 φο-

234 5216 443 5284 ϐῆσαις
485 5218 646 5287 Ὁρᾷς
689 5217 908 5288 ἐτέρους
940 5217 1006 5270 δι’
1035 5218 1156 5271 ὅλου
1193 5221 1604 5289 σωφρονοῦντας
1635 5222 1730 5275 καὶ
1758 5223 1815 5274 ἐν

234 5298 529 5369 σεμνότητι
572 5299 878 5368 διάγοντας,
927 5301 1019 5355 καὶ
1069 5303 1133 5356 σὺ
1194 5303 1314 5355 οὐδὲ
1356 5304 1518 5375 μέχρι
1570 5304 1677 5357 τῶν
1717 5305 1815 5375 τῆς

231 5383 490 5450 νεότητος
522 5383 728 5452 χρόνων
781 5386 1104 5454 καρτερεῖς;
1138 5386 1271 5456 ὁρᾷς
1299 5387 1517 5458 ἐτέρους
1565 5406 1816 5442 καταπα·

301 5591 330 5618 ⁸
352 5589 642 5652 Legendum
663 5591 899 5653 στόματος
920 5599 1095 5643 censet
1119 5591 1354 5644 Dunaaus.
1445 5608 1450 5613 ‘

1093 439 1158 494 IN
1201 441 1419 498 EPIST.
1463 442 1478 496 I
1515 443 1606 496 AD
1644 443 1980 499 THESSAL.
2019 445 2174 501 CAP.
2215 447 2300 501 ιν.
2343 447 2574 505 HOMIL.
2603 448 2664 505 Υ.

1937 560 2228 624 λαίσαντας
2254 565 2532 647 ’μυριάκις
2575 569 2673 639 τὴν
2705 571 2919 643 ἡδονὴν,
2966 573 3060 624 καὶ
3097 572 3160 647 σῂ
3195 572 3312 626 ούδέ
3361 572 3508 642 ἅπαξ

1934 643 2129 716 ἀνέχῃ;
2247 644 2524 730 βούλεσθε,
2547 651 2644 719 τὴν
2669 653 2849 706 αἰτίαν
2887 653 2998 722 ἐγὼ
3031 643 3194 722 λέγω.
3230 656 3306 709 Οὐ
3333 657 3442 727 γὰρ
3472 660 3506 730 ἡ

1933 728 2122 798 νεότης
2153 728 2331 781 αἰτίαο
2357 730 2478 784 ἐπεὶ
2499 731 2722 803 ἔμελλον
2759 738 2962 802 πάντες
2998 739 3048 792 οί
3081 740 3190 792 νέοι
3219 728 3510 794 ἀκόλαστοι

1933 806 2101 895 εἶναι’
2140 811 2255 864 ἀλλ’
2291 813 2455 884 ἡμεῖς
2497 816 2724 882 ἑαυτοὺς
2757 819 3006 890 ώθοῦμεν
3043 824 3123 886 εἰς
3175 824 3275 894 τὴν
3305 826 3507 895 πυράν.

1936 891 2104 978 ’(λταν
2134 895 2242 965 7&9
2271 895 2500 968 ἀνέλθῃς
2530 900 2609 962 εἰς
2638 898 2884 971 θέατρον,
2911 904 3005 956 καὶ
3028 891 3258 978 καθίσῃς
3283 891 3511 977 γυμνοῖς

1936 975 2122 1044 μέλεσι
2154 978 2428 1045 γυναικῶν
2467 981 2594 1043 τοὺς
2626 981 2934 1053 ὀφθαλμοὺς
2975 975 3369 1060 ἐστιῶνξπρδςή
3412 991 3513 1061 μὲν

1933 1059 2345 1145 καιρὸνῆσθης,
2368 1061 2594 1133 ὕστερον
2629 1065 2686 1118 δέ
2717 1067 2885 1121 πολὺν
2913 1070 3122 1124 ἐκεῖθεν
3153 1059 3386 1145 ἔθρεψας
3416 1059 3511 1129 τὸν

1933 1142 2186 1212 πυρετόν.
2233 1145 2399 1197 Ὅταν
2445 1146 2598 1220 [465]
2648 1148 2763 1222 ἴδῃς
2815 1149 3004 1224 ὥσπερ
3055 1142 3306 1226 σώματος
3354 1157 3512 1230 τύπῳ

1932 1228 2196 1292 γυναῖκας
2232 1230 2583 1299 φαινομένας,
2619 1232 2747 1286 ὅταν
2775 1235 2869 1286 καὶ
2897 1234 3142 1305 θεάματα
3170 1240 3264 1292 καὶ
3291 1228 3510 1312 ᾄσματα

1935 1308 2100 1377 μηδὲν
2131 1308 2318 1381 ἕτερον
2337 1311 2452 1364 ἀλλ’
2477 1312 2510 1383 ἢ
2531 1313 2736 1384 ἔρωτας
2753 1317 2986 1382 ἀτόπους
3015 1318 3226 1389 ἔχοντα,
3259 1308 3323 1375 Ἦ
3341 1308 3508 1386 δεῖνα.

1932 1396 2088 1464 φησί,
2138 1397 2230 1450 τὸν
2291 1399 2437 1452 δεῖνα
2506 1402 2751 1473 ἐφίλησε,
2797 1407 2892 1458 καί
2951 1407 3052 1461 οὐκ
3105 1409 3360 1480 ἐπέτυχε,
3415 1414 3511 1465 καὶ

1932 1482 2240 1566 ἀπήγξατο,
2287 1487 2381 1538 καί
2421 1489 2502 1550 εἰς
2551 1489 2838 1560 μητέραςι)
2873 1493 2998 1554 τοὺς
3034 1492 3268 1557 ἀτόπους
3304 1494 3512 1566 ἔρωτας

1931 1564 2378 1630 ὲκκυλισθέντας·
2413 1569 2542 1623 ὃταν
2589 1572 2684 1624 καὶ
2732 1571 2798 1625 δι’
2823 1574 2992 1643 ἀκοῆς
3035 1575 3208 1629 ταῦτα
3235 1564 3389 1649 δέχῃ,
3417 1582 3513 1632 καὶ

1930 1648 2018 1701 διά
2043 1651 2339 1716 γυναικῶν,
2371 1653 2467 1704 καὶ
2510 1654 2839 1720 διὰτύπων,
2867 1657 2966 1726 ήδη
2998 1658 3054 1711 δὲ
3083 1659 3177 1712 καὶ
3202 1659 3290 1714 διά
3319 1648 3510 1732 γερόνο

1931 1749 2038 1785 των
2070 1733 2278 1805 ἀνδρῶν
2327 1736 2444 1801 (καί
2486 1737 2595 1807 γάρ
2631 1737 2814 1791 πολλοὶ
2852 1745 3169 1812 προσωπεῖα
3196 1745 3513 1814 περιθέντες

1932 1817 2163 1880 ἑαυτοῖς,
2194 1820 2310 1870 ἐκεῖ
2324 1818 2778 1892 γυναικίζονται),
2803 1823 2989 1887 πόθεν,
3015 1827 3136 1878 εἰπέ
3169 1844 3279 1898 μοι,
3307 1827 3530 1904 δυνήσῃ,

1934 1901 2278 1972 σωφρονῆσαι
2297 1902 2498 1964 λοιπὸν,
2519 1905 2742 1958 ἐκείνων
2759 1906 2865 1959 τῶν
2884 1908 3262 1980 διηγημάτων,
3288 1901 3512 1967 ἐκείνων

1931 1981 2040 2036 τῶν
2079 1984 2386 2054 θεαμάτων,
2417 1985 2642 2039 ἐκείνων
2697 1988 2805 2041 τῶν
2846 1991 3209 2063 ἀκουσμάτων
3248 1997 3512 2066 κατεχόν-

1931 2082 2040 2118 των
2075 2083 2168 2150 σου
2213 2067 2313 2136 τὴν
2363 2068 2561 2140 ψυχὴν,
2597 2071 2692 2124 καὶ
2725 2073 2948 2143 ὀνείρων
2987 2075 3241 2130 τοιούτων
3270 2079 3512 2150 διαδεχο-

1935 2150 2109 2218 μένων
2154 2149 2372 2214 λοιπὸν;
2426 2153 2635 2222 πέφυκε
2693 2156 2802 2226 γὰρ
2838 2156 2914 2220 ώς
2960 2161 3028 2212 τά
3065 2159 3235 2214 πολλά
3283 2149 3510 2218 τοιαῦτα

1932 2232 2353 2300 φαντασιοῦσθαι
2382 2237 2414 2305 ἡ
2447 2236 2616 2307 ψυχὴ,
2647 2231 2734 2290 οἶα
2761 2238 2826 2291 ἂν
2855 2241 2911 2291 ἐν
2939 2241 3122 2314 ἡμέρᾳ
3147 2242 3392 2313 βούλεται
3418 2248 3512 2301 καὶ

1933 2315 2184 2386 ἐπιθυμεῖ
2210 2329 2259 2372 ο.
2284 2318 2452 2372 Ὅταν
2473 2314 2566 2372 οὖν
2598 2321 2716 2373 ἐκεῖ
2746 2321 2844 2389 μὲν
2868 2324 2960 2376 καὶ
2985 2325 3284 2397 πράγματα
3307 2329 3511 2402 βλέπῃς

1932 2401 2152 2470 αἰσχρὰ,
2183 2403 2278 2454 καί
2319 2403 2538 2473 ῥήματα
2572 2404 2777 2476 ἀκούῃς
2819 2408 3169 2480 αἱσχρότερα,
3192 2412 3290 2465 καὶ
3313 2414 3382 2468 τά

1917 2483 2217 2554 .τραύματα
2260 2484 2410 2555 δέχῃ,
2439 2486 2510 2539 τὰ
2559 2487 2616 2539 δὲ
2656 2489 2923 2559 φάρμακα
2976 2491 3051 2563 μὴ
3090 2494 3362 2568 ἐπιτιθῇς,

1929 2569 2029 2620 οὐκ
2066 2568 2291 2631 εἰκότως
2329 2571 2361 2639 ἡ
2409 2569 2658 2639 σηπεδὼν
2689 2571 3090 2643 αύξηθήσεταις
3125 2579 3244 2642 πῶς
3273 2582 3307 2650 ἡ
3355 2581 3510 2647 νόσος

1929 2651 2028 2703 οὐκ
2083 2652 2492 2722 ἐπιταθήσεται,
2543 2653 2638 2706 καὶ
2686 2653 2866 2725 πολλῴ
2911 2657 3132 2725 μᾶλλον,
3177 2661 3210 2732 ἢ
3263 2662 3358 2716 ἐπὶ
3393 2669 3525 2729 τοῖς.

1929 2735 2220 2804 ἡμετέροις
2230 2733 2442 2802 σώμασι
2462 2753 2477 2801 ;
2505 2737 2848 2807 Κουφότερον
2868 2737 2997 2810 γὰρ,
3021 2739 3137 2810 εἴτε
3151 2742 3506 2817 ὲδουλόμεθα.

1926 2816 2036 2868 τῶν
2069 2817 2334 2886 σωμάτων
2361 2819 2394 2888 η
2425 2820 2746 2890 προαίρεσις
2783 2820 2852 2874 τά
2879 2821 2977 2892 τῆς
3005 2816 3353 2893 διορθώσεως
3389 2831 3512 2883 ἐδέ-

1927 2917 2071 2970 χετο.
2103 2901 2251 2954 Ἐκεῖ
2285 2903 2384 2970 μὲν
2421 2903 2531 2974 γάρ
2565 2905 2663 2984 καὶ
2699 2905 3005 2975 φαρμάκων
3034 2910 3129 2962 καὶ
3170 2911 3368 2984 ἰατρῶν
3414 2916 3510 2970 καὶ

1928 2985 2120 3054 χρόνου
2147 2984 2256 3037 δεῖ·
2283 2984 2516 3039 ἐνταῦθα
2549 2983 2605 3039 δὲ
2635 2987 2796 3058 ἀρκεῖ
2821 2988 3143 3059 θελήσαντα,
3170 2983 3267 3049 καί
3303 2999 3508 3066 ἀγαθὸν

1927 3068 2180 3135 γενέσθαι
2225 3070 2327 3151 καὶ1
2367 3071 2557 3125 κακόν.
2586 3071 2748 3124 Ὥστε
2779 3073 2980 3142 μᾶλλον
3009 3076 3172 3141 ἐδέξω
3196 3080 3293 3151 τὴν
3329 3084 3504 3139 νόσον.

1928 3152 2097 3204 Ὅταν
2141 3152 2240 3221 μὲν
2270 3149 2363 3206 οὖν
2397 3153 2465 3237 τά
2498 3154 2596 3224 μὲν
2626 3155 2933 3225 βλάπτοντα
2970 3149 3362 3234 συμφορῶμεν,
3403 3183 3508 3237 μη-

1925 3235 2054 3288 δένα
2078 3235 2132 3288 δὲ
2160 3235 2317 3304 λόγον
2341 3235 2627 3307 ποιώμεθα
2658 3239 2768 3291 τῶν
2793 3240 3166 3309 ὠφελούντων,
3199 3248 3326 3301 πότε
3355 3235 3506 3305 ἔσται

1925 3333 2008 3379 τις
2046 3317 2238 3402 ὑγεία;
2279 3318 2378 3371 Διά
2416 3319 2575 3374 τοῦτο
2618 3322 2713 3376 καὶ
2745 3324 2958 3389 Παῦλος
3009 3327 3182 3396 ἔλεγε,
3232 3333 3513 3402 Καθάπερ

1925 3400 2024 3452 καὶ
2055 3400 2124 3452 τὰ
2142 3401 2288 3470 ἔθνη
2320 3404 2391 3456 τὰ
2416 3403 2503 3472 μὴ
2542 3405 2742 3460 εἰδότα
2759 3403 2868 3462 τόν
2899 3411 3067 3465 Θεόν.
3096 3400 3512 3486 Αἰηυνθῶμεν,

1925 3486 2284 3556 φοϐηθῶμεν,
2312 3491 2362 3542 εἰ
2394 3490 2464 3543 τὰ
2498 3491 2572 3562 μὴ
2603 3493 2781 3546 εἰδότα
2807 3494 2900 3548 τὸν
2929 3496 3061 3550 Θεὸν
3092 3498 3218 3568 εθνη
3245 3501 3506 3568 πολλάκις

1926 3571 2224 3641 σωφρονεῖ·
2253 3571 2634 3655 ἐντραπῶμεν,
2659 3574 2787 3628 ὅταν
2828 3579 3050 3634 ἐκείνων
3091 3581 3306 3654 χείρους
3330 3578 3500 3655 ὦμεν.

1925 3653 2159 3707 Εῠκολον
2217 3654 2560 3739 κατορθῶσαι
2630 3660 3017 3731 σωφροσύνην,
3059 3664 3126 3716 ἂν
3182 3653 3460 3739 ἐθέλωμεν
3485 3707 3500 3731 ,

1929 3736 1996 3790 ἂν
2038 3736 2343 3806 ἀπάγωμεν
2379 3737 2488 3792 τῶν
2527 3740 2870 3810 βλαπτόντων
2909 3745 3163 3810 ἑαυτούς’
3209 3749 3332 3802 ἐπεὶ¹
3362 3736 3512 3805 οὐδὲ·

1925 3818 2183 3906 πορνείαν
2211 3819 2492 3906 διαφυγεῖν
2525 3821 2847 3888 εὖκολον,ἂν
2886 3827 2959 3899 μὴ
2999 3827 3262 3901 θέλωμεν.
3291 3832 3357 3884 Τί
3393 3832 3512 3906 7&9-

1922 3901 2016 3955 τοῦ
2044 3901 2281 3988 βῌαδίᾼζειν
2301 3905 2388 3988 ἐπ’
2413 3905 2623 3988 ἀγορᾶς
2652 3907 3015 3981 εὐκολώτερον
3039 3911 3103 3980 d;
3135 3915 3248 3968 ἀλλ’
3279 3901 3504 3988 ὑπὸτῆς

1928 3983 2126 4067 πολλῆς
2152 3983 2411 4054 βλακείας
2432 3987 2690 4044 δύσκολον
2711 3990 2955 4060 γέγονεν,
2974 3995 3074 4048 οὐκ
3109 3997 3202 4051 ἐπὶ
3225 3983 3504 4067 γυναικών

1925 4066 2106 4137 μόνον,
2144 4067 2258 4121 ἀλλ’
2287 4068 2390 4140 ήδη
2435 4072 2528 4124 καὶ
2564 4073 2657 4126 ἐπὶ
2701 4075 2931 4147 ἀνδρῶν.
2962 4077 3028 4130 Τί
3074 4079 3169 4133 τοῦ
3219 4066 3513 4137 καθεύδειν

1922 4151 2323 4225 εύκολώτερονς
2352 4155 2490 4210 ἀλλά
2516 4159 2610 4211 καί
2640 4157 2800 4213 τοῦτο
2818 4160 3074 4216 δύσκολον
3096 4167 3497 4237 πεποιήκαμεν.

1923 4235 2117 4288 Πολλοί
2150 4237 2280 4305 γοῦν
2317 4238 2426 4292 τῶν
2459 4240 2731 4294 πλουσίων
2769 4243 2836 4295 δι’
2880 4244 3007 4316 ὅλης
3045 4235 3528 4317 περιστρέφονται,

1923 4317 2024 4386 τῆς
2048 4319 2261 4383 νυκτὸς,
2285 4319 2363 4390 τῷ
2394 4321 2468 4392 μὴ
2494 4323 2809 4393 περιμένειν
2835 4325 2933 4397 τὴν
2962 4329 3150 4398 χρείαν
3177 4328 3273 4382 τοῦ
3304 4329 3522 4397 ὕπνου,.

1925 4401 2018 4453 καὶ
2050 4403 2171 4454 τότε
2207 4402 2506 4458 καθεύδειν.
2547 4407 2658 4458 Καὶ
2708 4407 2846 4470 ὅλως
2886 4409 3040 4461 ούδέν
3076 4409 3333 4466 δύσκολον
3372 4412 3498 4482 βου-ι

1925 4481 2188 4551 λομένων,
2209 4482 2398 4556 ὥσπερ
2422 4486 2574 4539 οὐδὲν
2599 4485 2820 4544 εὔκολον
2845 4489 2920 4562 μὴ
2949 4490 3286 4564 βουλομένων
3308 4481 3496 4566 ἡμῶνο

1926 4566 2143 4651 πάντων
2177 4567 2284 4636 γὰρ
2325 4569 2486 4638 ἡμεῖς
2515 4569 2718 4639 κύριοι.
2756 4575 2854 4628 Διά
2881 4573 3039 4629 τοῦτο
3085 4576 3178 4630 καί
3211 4578 3245 4649 ἡ
3283 4578 3504 4651 Γραφὴ,

1926 4649 2028 4700 Ἂν
2052 4649 2284 4717 θέλητε,
2313 4651 2414 4703 καί
2443 4653 2844 4724 εἰσακούσητέ
2877 4674 2998 4726 μου
3017 4674 3032 4689 ·
3067 4661 3160 4713 καὶ
3187 4659 3368 4726 πάλιν,
3397 4649 3510 4718 Ἄιδι

1922 4729 2008 4798 μὴ
2049 4729 2282 4799 θέλητε,
2316 4735 2470 4804 φησί,
2514 4736 2673 4806 μηδὲ
2715 4739 3119 4810 είσακούσητέ
3157 4761 3297 4813 μου.
3334 4737 3496 4799 ’Ὥστε

1925 4815 1984 4865 ἐν
2025 4813 2103 4884 τῷ
2147 4814 2341 4882 θέλειν,
2370 4819 2463 4871 καὶ
2507 4818 2586 4890 τῷ
2634 4820 2708 4892 μὴ
2735 4821 2907 4876 θέλειν
2936 4828 3112 4879 κεῖται
3149 4827 3210 4880 τὺ
3237 4830 3364 4883 πᾶν.
3399 4829 3510 4882 Διά-

1922 4895 2081 4949 τοῦτο
2110 4898 2204 4950 καὶ
2244 4899 2585 4972 κολαζόμεθα
2630 4907 2724 4958 καί
2764 4907 3154 4979 ἐπαινούμεθα.
3187 4911 3402 4965 Γένοιτο
3439 4912 3496 4965 δὲ

1921 4981 2028 5034 τῶν
2085 4982 2489 5058 ἐπαινουμένων
2551 4992 2874 5062 γενομένους
2931 4997 3076 5066 ἡμᾶς
3141 5000 3324 5068 τυχεῖν
3388 4997 3509 5050 τῶν·

1919 5065 2344 5152 ἐπηγγελμένων
2374 5072 2615 5140 ἀγαθῶν,
2643 5076 2825 5145 χάριτι
2860 5079 2952 5132 καὶ
2976 5065 3380 5152 φιλανθρωπίᾳ,
3404 5083 3508 5134 καίτ

1913 5145 1985 5200 τὰ
2019 5148 2166 5219 ἑξῆς.

1981 5295 2009 5368 ξι
2030 5296 2166 5368 βοὶ-ιι..
2192 5306 2244 5346 cl
2265 5313 2416 5368 mgrg.
2447 5303 2574 5368 Sayil
2602 5342 2615 5363 ,
2639 5309 2878 5368 μητρυιὰς.

1983 5360 2003 5387 ο
2030 5358 2121 5406 V’el
2147 5358 2411 5430 legenduﬁl
2450 5358 2745 5426 βούληται...]
2760 5358 2975 5430 ἐπιθυμῇ,
3003 5370 3096 5428 vel,
3117 5371 3254 5431 juxta
3279 5370 3413 5420 Colb.
3440 5379 3492 5422 et

1973 5434 2072 5476 urg.
2099 5419 2272 5476 Sam,
2291 5427 2616 5474 omittendum
2638 5431 2712 5474 ἀν.
2739 5427 2871 5476 Enn.

1921 5434 2072 5480 marg.
2099 5434 2272 5481 bam,
2291 5434 2616 5474 omittendum
2638 5434 2712 5474 οἱν.
2739 5434 2871 5476 Enn.
3196 5490 3207 5499 ο
3381 5492 3392 5501 0
3421 5492 3431 5502 ,

1986 5479 2013 5518 (ι
2037 5483 2306 5551 Gemiapus
2341 5486 2613 5556 ﬂ‘ervelgg
2637 5491 2807 5544 vertit.
2847 5488 2974 5548 Quid
3021 5498 3090 5556 gs!
3127 5505 3266 5556 emmr
3295 5490 3512 5556 (acutus.

1916 5553 2060 5611 quam
2082 5556 2174 5592 non
2196 5545 2352 5618 ἕτερα
2372 5545 2564 5618 [ονηζιιῖζ
2590 5548 2803 5618 [θεοῖ-αι
2826 5545 2945 5618 ρξ’,ςο
2965 5552 3132 5616 τοῦ.μή
3152 5545 3380 5618 βαδίζειν,
3401 5559 3510 5606 sed.

1919 5607 1965 5651 iu
1993 5605 2332 5670 manuscriptis
2365 5605 2419 5658 οι
2441 5610 2590 5660 editis
2609 5605 2808 5675 négalio
2830 5605 2990 5665 ab‘ést.
