3834 6504
148 458 238 514 699

918 459 985 516 ΙΝ
1019 458 1228 517 EPIST.
1272 459 1289 513 1
1354 456 1448 515 AD
1484 454 1813 519 ΤηεεεΑιι.
1849 459 2000 519 CAP.
2043 466 2127 522 Ν.
2169 467 2398 529 ιιοΜιι.
2439 473 2528 529 Vl.

3244 488 3347 543 42’!)

148 588 3288 635 W

1495 664 1827 728 HOMILIA
1872 670 1978 732 VI.

134 811 247 868 CAP.
296 815 340 868 4.
385 829 434 867 v.
486 811 543 869 9.
590 810 669 868 De
713 814 923 869 caritate
965 824 1134 867 autem
1183 815 1513 885 fraternitatis
1558 830 1657 867 non

196 905 423 959 habuimus
448 922 646 960 necesse
667 907 883 960 scribere
908 906 1045 959 vobis
1071 922 1089 959 :
1112 906 1210 973 ipsi
1232 906 1364 958 enim
1389 921 1473 958 vos
1497 921 1529 957 a
1551 904 1657 957 Deo

196 992 405 1048 didicistis
431 1006 482 1047 ut
499 992 720 1064 diligatis
739 996 970 1049 invicem.
1000 994 1087 1050 10.
1117 993 1319 1049 Etenim
1340 995 1470 1048 illud
1491 996 1657 1065 facitis

193 1087 241 1139 in
264 1103 411 1141 omnes
441 1088 623 1157 fratres
649 1087 703 1141 in
725 1088 957 1142 universa
989 1087 1311 1141 Macedonia.

193 1175 240 1234 l.
269 1176 539 1244 Quamnam
566 1177 637 1231 ob
670 1192 905 1244 causnm,
937 1192 1057 1232 cum
1103 1172 1170 1233 de
1213 1177 1560 1246 temperantia
1600 1186 1655 1232 et

126 1267 343 1340 pudicitia
368 1278 469 1323 tam
492 1267 835 1325 vehementer
855 1269 1221 1335 disseruisset,
1249 1281 1304 1325 et
1327 1270 1470 1337 quod
1496 1285 1655 1338 opor-

128 1365 224 1413 teat
248 1361 431 1429 operari
458 1369 600 1414 esset
625 1360 1018 1429 disceptaturus
1044 1402 1059 1420 .
1111 1366 1164 1414 et
1189 1360 1329 1430 quod
1363 1376 1467 1415 non
1494 1376 1653 1430 opor-

126 1456 225 1503 teat
264 1448 428 1503 dolore
481 1448 620 1503 allici
668 1449 739 1504 ob
776 1464 871 1504 eos
916 1449 1007 1519 qui
1052 1447 1401 1503 decesserunt
1448 1467 1463 1501 :
1508 1449 1650 1519 quod

124 1539 361 1596 bonorum
398 1542 634 1596 omnium
676 1550 761 1597 est
806 1553 1005 1612 caput,
1040 1558 1234 1612 nempe
1274 1544 1503 1610 caritas,
1550 1543 1651 1598 hoc

118 1631 256 1705 ponit
300 1631 405 1687 aliis
458 1630 749 1691 derelictis.
805 1628 927 1687 Non
970 1648 1209 1699 necesse,
1255 1634 1460 1704 inquit,
1492 1634 1650 1687 habe-

114 1736 223 1777 mus
249 1724 310 1776 ad
335 1738 412 1777 vos
434 1720 692 1778 scribere?
743 1722 907 1795 quue
958 1739 1026 1779 ex
1063 1726 1229 1779 multa
1273 1725 1549 1794 prudentia
1596 1734 1652 1780 et

114 1816 352 1886 spirituall
399 1812 661 1881 doctrina,
716 1816 827 1875 Duo
875 1819 1019 1874 enim
1073 1817 1158 1872 hic
1213 1818 1451 1873 indicat:
1486 1835 1647 1874 unum

112 1910 339 1979 quidem,
368 1910 507 1980 quod
554 1926 640 1966 res
684 1920 766 1965 est
808 1910 943 1967 adeo
985 1912 1323 1977 necessaria,
1369 1922 1426 1967 ut
1454 1928 1521 1969 ne
1546 1913 1648 1970 do-

107 1996 268 2058 ctrina
304 2001 506 2070 quidem
543 2012 728 2073 egeat;
758 2018 881 2058 nam
909 2019 1027 2074 quae
1068 2013 1197 2058 sunt
1232 2003 1384 2061 valde
1432 2020 1645 2076 magna,

105 2101 226 2147 sunt
247 2093 476 2150 omnibus
511 2095 820 2151 manifesta:
843 2095 1133 2152 secundum
1159 2107 1356 2165 autem,
1385 2099 1465 2155 eis
1488 2099 1650 2169 majo-

106 2195 214 2237 rem
240 2180 477 2253 pudorem
514 2184 737 2253 incutit,
769 2204 927 2258 quam
952 2188 995 2243 si
1022 2188 1386 2245 admonuisset
1426 2190 1528 2245 hoc
1560 2191 1647 2246 di-

102 2288 248 2330 cens.
274 2270 396 2330 Nam
423 2277 513 2347 qui
553 2276 821 2333 existimat
849 2294 944 2335 eos
989 2295 1047 2336 se
1090 2290 1236 2336 recte
1271 2283 1541 2352 gessisse,
1590 2292 1647 2338 et

99 2365 219 2421 ideo
242 2380 337 2422 non
362 2366 642 2436 admonet;
668 2371 713 2425 si
743 2386 801 2426 se
837 2387 943 2427 non
971 2382 1116 2428 recte
1137 2373 1446 2443 gessissent,
1474 2376 1645 2447 magis

96 2460 395 2523 induxisset.
441 2460 572 2517 Vide
596 2472 771 2518 autem
802 2480 941 2520 :non
964 2464 1092 2520 dicit
1117 2466 1185 2521 de
1200 2467 1421 2523 caritate
1447 2469 1501 2523 in
1527 2485 1645 2524 om-

94 2566 212 2619 nes,
242 2552 329 2606 sed
366 2550 430 2608 de
453 2551 672 2611 caritate
698 2554 750 2609 in
786 2552 1001 2615 fratres.
1031 2557 1151 2613 Non
1172 2575 1300 2629 opus
1326 2559 1563 2614 habemus
1580 2561 1647 2613 ad

93 2658 181 2698 vos
202 2643 424 2701 scribere.
466 2643 689 2716 Oportet
731 2664 859 2720 ergo
897 2651 1058 2706 silere
1086 2660 1141 2706 et
1167 2651 1297 2707 nihil
1344 2652 1564 2718 dicere,
1600 2654 1645 2708 si

91 2752 200 2795 non
226 2753 353 2809 opus
380 2738 467 2794 sit.
510 2739 658 2797 Nunc
686 2754 864 2798 autem
892 2744 1119 2799 dicendo
1137 2784 1155 2811 ,
1204 2744 1327 2799 Non
1371 2763 1501 2816 opus
1527 2755 1599 2800 est
1622 2784 1640 2811 ,

88 2831 209 2900 plus
228 2828 347 2885 fecit
367 2848 523 2902 quam
542 2833 587 2887 si
612 2832 849 2891 dixisset.
874 2838 903 2887 1
910 2836 988 2905 psi
1029 2837 1158 2890 enim
1204 2851 1290 2891 vos
1318 2854 1350 2889 a
1378 2837 1486 2892 Deo
1511 2837 1645 2891 didi-

84 2925 245 2985 cistis.
273 2918 398 2980 Vide
422 2935 600 2980 autem
624 2942 742 2981 cum
770 2928 965 2999 quanta
993 2928 1149 2984 laude
1175 2931 1339 2985 Deum
1366 2930 1483 3001 ejus
1511 2931 1643 3000 ipsis

80 3018 353 3074 doctorem
382 3020 696 3075 constituit:
729 3020 843 3075 Non
882 3036 1015 3091 opus
1041 3031 1125 3077 est
1149 3063 1164 3089 ,
1209 3023 1419 3093 inquit,
1463 3033 1522 3078 ut
1545 3040 1642 3080 vos

78 3106 303 3165 discatis
347 3108 413 3164 ab
457 3109 694 3166 homine.
733 3110 884 3178 Quod
916 3111 1172 3183 prepheta
1214 3130 1425 3184 quoque
1471 3114 1646 3172 dicit:

82 3197 159 3251 Et
186 3209 361 3263 erunt,
391 3197 603 3269 inquit,
634 3217 806 3255 omnes
853 3218 884 3254 α
923 3201 1030 3256 Deo
1058 3204 1209 3258 docti.
1264 3203 1359 3258 Vos
1381 3246 1396 3272 ,
1433 3205 1639 3276 inquit,

72 3307 261 3344 omnes
281 3307 312 3343 a
334 3286 435 3345 Deo
474 3288 722 3346 didicistis
742 3334 755 3357 ,
792 3300 846 3346 ut
870 3292 1141 3364 diligeretis
1174 3295 1399 3350 invicem.
1443 3294 1643 3351 Etenim

68 3382 214 3435 illud
240 3381 404 3450 facitis
428 3380 481 3435 in
519 3399 689 3438 omnes
717 3383 936 3454 fratres,
973 3385 1058 3452 qui
1082 3394 1198 3439 sunt
1236 3386 1290 3439 in
1327 3395 1433 3439 tota
1469 3385 1643 3441 Mace-

66 3474 234 3527 donia
264 3493 283 3529 :
314 3484 369 3529 et
395 3474 446 3529 in
474 3491 660 3530 omnes
688 3477 823 3532 alios
848 3517 864 3543 ,
895 3479 1088 3549 inquit.
1132 3479 1257 3533 Hzec
1286 3479 1441 3535 valde
1467 3480 1663 3547 pudo-.

65 3584 187 3629 rem
220 3569 483 3623 incutiunt
524 3570 589 3623 ad
621 3568 722 3625 hoc
758 3581 819 3627 ut
856 3573 907 3627 id
941 3571 1154 3626 faciant.
1217 3571 1283 3627 Et
1323 3588 1426 3627 non
1458 3573 1553 3627 abs
1581 3588 1642 3629 re

61 3659 195 3713 dico
222 3701 238 3722 ,
271 3661 416 3730 quod
456 3678 486 3717 a
534 3662 641 3718 Deo
680 3663 974 3728 didicistis,
1018 3663 1114 3721 sed
1142 3664 1270 3719 illud
1301 3665 1423 3719 novi
1468 3681 1532 3719 ex
1578 3665 1643 3720 iis

58 3767 191 3819 quin
223 3750 418 3807 facitis.
467 3754 540 3808 De
570 3754 670 3810 hac
696 3770 755 3810 re
783 3756 860 3809 eis
890 3756 1052 3809 multa
1082 3754 1284 3825 pnebet
1319 3755 1640 3810 testimonia.

57 3840 343 3911 Rogamus
369 3852 535 3898 autem
558 3860 662 3909 vos,
692 3846 895 3915 fratres,
922 3844 1256 3913 utqabundetis
1273 3846 1450 3915 magis,
1481 3846 1565 3900 11.
1597 3854 1644 3899 et

54 3949 283 4003 operam
296 3934 447 3999 detis,
462 3945 514 3988 ut
527 3937 679 4006 quieti
698 3937 825 4002 sitis,
845 3946 890 3991 et
906 3947 958 3990 ut
972 3946 1182 3990 vestrum
1195 3939 1446 4008 negotium
1458 3938 1642 4008 agatis,

51 4036 108 4079 et
139 4026 433 4095 operemini
454 4024 681 4083 manibus
710 4028 906 4095 vestris,
937 4028 1067 4087 sicut
1094 4030 1422 4098 praecepimus
1465 4028 1601 4083 nobis
1622 4069 1640 4095 ,

50 4128 113 4172 nt
143 4118 365 4171 honeste
398 4116 658 4173 ambuletis
696 4117 764 4172 ad
789 4135 872 4173 eos
900 4119 986 4190 qui
1008 4119 1133 4188 foris
1174 4129 1329 4186 sunt,
1357 4129 1404 4174 et
1451 4121 1644 4175 nullius

46 4210 268 4280 aliquid
293 4208 609 4277 desideratis.
650 4210 747 4265 Hic
774 4211 1007 4266 ostendit
1025 4226 1182 4281 quam
1209 4212 1496 4266 multorum
1525 4228 1641 4265 ma-

48 4305 245 4355 lorum
270 4317 437 4356 causa
466 4300 534 4356 sit
559 4302 748 4368 otium,
778 4318 933 4372 quam
962 4307 1247 4358 multorum
1271 4314 1447 4360 autem
1475 4304 1644 4360 bono-

46 4408 186 4449 rum
220 4394 503 4463 operatio;
549 4394 705 4465 idque
748 4394 909 4451 efﬁcit
939 4396 1270 4450 manifestum
1312 4410 1379 4451 ex
1420 4396 1490 4451 iis
1525 4410 1644 4465 qua:
1696 4455 1715 4472 ο

47 4492 201 4537 sunt
230 4484 379 4553 apud
405 4499 521 4548 nos,
555 4494 612 4540 ut
634 4485 760 4543 facit
796 4480 977 4540 multis
1001 4486 1053 4540 in
1084 4486 1253 4551 locis;
1280 4496 1332 4541 ct
1360 4488 1646 4557 prudenter

45 4589 205 4630 sane
235 4593 253 4626 :
288 4573 377 4631 his
396 4578 537 4633 enim
564 4581 730 4648 magis
756 4578 1079 4632 inducuntur
1104 4577 1285 4646 plures
1311 4618 1326 4643 ,
1350 4593 1506 4648 quam
1535 4579 1646 4648 spi-

42 4666 390 4722 ritualibus.
448 4666 544 4723 Est
574 4670 717 4723 enim
746 4669 984 4723 caritatis
1021 4668 1074 4723 in
1102 4669 1404 4739 proximos,
1445 4684 1549 4724 non
1577 4667 1645 4722 ab

31 4758 165 4812 illis
214 4757 517 4829 accipere,
562 4757 658 4815 sed
704 4759 807 4814 illis
832 4759 1087 4829 praebere.
1129 4758 1260 4815 Vide
1302 4768 1479 4815 autem
1522 4776 1646 4830 pru-

29 4849 313 4904 dentiam
362 4867 378 4903 :
410 4863 527 4905 cum
558 4859 702 4905 esset
738 4860 1018 4921 rogaturus
1046 4860 1101 4907 et
1141 4850 1505 4906 admoniturus
1532 4894 1548 4917 ,
1598 4851 1646 4907 id

23 4938 203 5009 quod
242 4948 408 4994 recte
437 4938 496 4994 lit
520 4940 666 5011 ponit
694 4942 746 4996 in
775 4942 968 5005 medio,
1003 4952 1059 4997 ut
1086 4950 1140 4997 et
1163 4957 1192 4997 a
1218 4943 1380 5012 priori
1409 4943 1650 4998 admoni-

22 5034 208 5088 tione
243 5031 530 5103 respirent
558 5043 612 5089 et
635 5050 664 5088 a
695 5035 851 5089 minis
875 5077 890 5101 ,
937 5035 1150 5105 quando
1173 5035 1386 5091 dicebat
1416 5053 1429 5090 :
1461 5034 1643 5106 Itaque

22 5124 140 5193 qui
175 5124 301 5177 hcec
334 5125 571 5194 spernit,
623 5142 723 5180 non
747 5127 998 5182 hominem
1039 5128 1270 5197 spernit,
1309 5127 1395 5181 sed
1438 5127 1645 5191 Deum;

21 5224 99 5271 et
134 5219 202 5269 ut
232 5214 352 5270 hac
383 5214 592 5271 ratione
619 5232 686 5272 ne
713 5216 977 5273 resiliunt.
1010 5218 1120 5273 lloc
1149 5228 1325 5274 autem
1352 5218 1411 5272 lit
1436 5234 1502 5273 ex
1522 5233 1653 5288 ope-

21 5304 287 5375 ratione
313 5346 332 5373 ,
370 5312 431 5362 ut
460 5320 631 5378 neque
655 5309 953 5379 accipiant,
997 5324 1169 5380 neque
1192 5311 1299 5365 sint
1334 5310 1525 5375 otiosi,
1560 5309 1654 5365 sed

21 5406 381 5467 operantes
414 5398 535 5455 aliis
562 5396 853 5471 praebeant.
893 5401 1097 5457 Beatius
1134 5413 1207 5457 est
1232 5403 1413 5470 enim,
1442 5403 1652 5473 inquit,

21 5492 180 5547 dare
224 5505 409 5559 quam
436 5492 683 5560 accipere.
720 5490 787 5546 Et
835 5494 1142 5561 operemini,
1189 5494 1391 5565 inquit,
1429 5495 1660 5549 manibus

21 5579 251 5634 vestris
290 5579 313 5649 (
346 5581 468 5634 Act.
501 5580 593 5635 ΞΟ.
623 5578 691 5636 55
716 5581 756 5652 ).
801 5582 904 5638 Ubi
948 5593 1069 5637 sunt
1112 5599 1239 5655 ergo
1285 5584 1373 5654 qui
1415 5590 1662 5653 quierunt

22 5686 193 5739 opus
230 5670 575 5742 spirituale?
597 5669 753 5729 Vides
776 5676 1043 5745 quomodo
1071 5677 1149 5731 eis
1175 5692 1384 5732 omnem
1406 5678 1663 5732 ademerit

21 5766 169 5833 ejus
202 5765 309 5820 rei
365 5768 701 5825 occasionem
722 5809 740 5836 ,
767 5769 948 5825 dicens
971 5811 987 5836 ,
1028 5769 1262 5824 Manibus
1286 5773 1477 5825 vestris.
1512 5770 1663 5841 Jeju-

22 5858 306 5929 oiurriuc
356 5871 614 5932 operatur
655 5864 845 5933 aliquis
885 5863 1168 5919 manibus?
1212 5879 1336 5933 num
1376 5873 1661 5921 nocturnas

1765 811 2012 914 vigilias?
2060 833 2185 875 num
2227 822 2727 891 humicubationes?
2763 839 2933 900 Nemo
2959 847 3061 904 hoc
3098 850 3329 914 dixerit:

1764 904 1870 1017 sed.
1888 904 1955 960 de
1983 921 2145 975 opere
2173 911 2303 968 dicit
2327 917 2587 985 spirituali
2624 942 2639 980 :
2668 937 2752 983 est
2789 935 2928 988 enim
2957 901 3339 1017 reveravspiri:

1765 994 1906 1049 tuale
1928 1034 1944 1061 ,
1976 1010 2289 1102 operantem
2318 1005 2439 1062 aliis
2466 1012 2708 1079 praebere
2728 1056 2742 1081 ,
2788 1031 2845 1077 et
2878 994 3327 1104 nulluinopiis-ci

1762 1094 1935 1152 potest
1950 1091 2085 1188 aequi
2093 1096 2283 1161 parari.
2311 1096 2379 1153 Ut
2398 1100 2620 1172 honeste,
2645 1107 2835 1181 inquit,
2856 1120 3137 1178 ambuletis.
3150 1091 3332 1188 'vmés

1759 1179 2027 1277 quomodo
2054 1196 2156 1277 eos
2189 1194 2387 1257 tangat.
2431 1191 2547 1248 Non
2588 1196 2761 1264 dixit,
2809 1179 2887 1259 Ne
2917 1179 3329 1277 itihoneste'vos

1758 1268 1955 1365 geratis
1982 1273 2385 1346 mendicantes;
2427 1284 2522 1340 sed
2551 1286 2779 1358 idipsum
2807 1297 3022 1364 quidem
3046 1268 3206 1363 tacite

1758 1357 2045 1463 gniﬁcavit,
2078 1367 2261 1463 mitius
2284 1382 2460 1429 autem
2491 1357 2674 1447 ponit,
2708 1396 2765 1439 ut
2788 1357 2842 1442 ei
2872 1401 3070 1463 pungat
3093 1357 3202 1461 {Si
3217 1357 3322 1459 non

1757 1449 2108 1557 :ehementer
2127 1455 2226 1515 hos
2251 1474 2456 1530 gravet.
2482 1467 2613 1523 Nam
2641 1473 2686 1526 si
2714 1473 2747 1527 ii
2773 1449 3008 1545 qui-cuni
3035 1449 3319 1557 apndvnovs,

1756 1537 2208 1637 hisoﬂ'enduntur
2231 1591 2246 1614 ,
2296 1555 2465 1612 multo
2499 1563 2669 1631 magis
2710 1537 2914 1624 externi
2938 1612 2958 1634 ν
2992 1537 3324 1637 invenientes

1756 1632 1899 1736 mille
1911 1643 2207 1736 accusandi
2233 1655 2288 1700 et
2310 1649 2737 1718 reprehendendi
2765 1632 2960 1728 ansas
2991 1670 3205 1736 quando

1752 1723 1881 1781 dent
1909 1728 2179 1789 hominem
2211 1750 2402 1795 sanum
2425 1780 2443 1806 ,
2485 1752 2540 1797 et
2566 1747 2657 1815 qui
2688 1748 2788 1804 sibi
2816 1723 2990 1820 potest
3007 1723 3315 1818 sufﬁcere.

1751 1820 2054 1923 mendicare
2083 1835 2138 1879 et
2175 1828 2296 1884 aliis
2319 1846 2452 1900 opus
2476 1833 2697 1894 habere.
2738 1841 2805 1895 Et
2848 1843 2969 1901 ideo
3009 1865 3106 1905 nos
3131 1856 3319 1923 appel-

1752 1907 1863 2001 lant
1917 1912 2380 1988 Christemporos,
2434 1923 2537 1981 hoc
2583 1938 2667 1983 est
2710 1932 2906 1989 Christi
2953 1907 3317 2001 inte-maiores:

1751 1998 2029 2092 Propterea
2051 2047 2068 2072 ,
2096 2009 2298 2080 inquit,
2331 2013 2707 2085 blasphematur
2726 2040 2907 2080 nomen
2943 2027 3058 2083 Dei.
3090 2035 3156 2086 At
3187 1998 3322 2092 nihil

1752 2090 1940 2148 horum
1969 2099 2179 2164 posuit,
2210 2103 2303 2156 sed
2334 2104 2382 2157 id
2411 2108 2551 2175 quod
2581 2112 2813 2168 maxime
2839 2130 2933 2169 eos
2962 2128 3169 2186 poterat
3202 2090 3318 2180 tan;

1749 2196 1894 2252 gere,
1926 2200 2115 2256 nempe
2139 2190 2373 2248 dedecus
2401 2205 2455 2249 et
2481 2201 2863 2268 turpitudinem
2892 2222 2906 2258 :
2942 2207 3024 2263 12.
3054 2209 3311 2270 Nolumus

1749 2286 1915 2331 autent
1954 2295 2040 2334 vos
2067 2283 2332 2354 ignorare,
2360 2291 2560 2356 fratres,
2588 2291 2653 2346 de
2694 2293 3058 2355 dormientibus
3079 2341 3095 2368 ,
3126 2315 3181 2356 ut
3208 2322 3310 2359 non

1748 2370 2125 2520 qtgrtristeﬁmigi
2145 2375 2281 2525 )sicut
2327 2386 2374 2431 et
2435 2383 2603 2436 cieteri
2650 2384 2736 2453 qui
2780 2403 2922 2455 spem
2967 2406 3069 2445 non
3120 2394 3304 2450 habent

1824 2468 1925 2507 om.
2011 2496 2025 2509 .
2171 2494 2184 2509 .

1824 2468 1925 2507 om.
1970 2468 2025 2509 2.
2055 2468 2125 2509 24
2150 2468 2184 2509 l.

1825 2539 1880 2595 2.
1906 2539 2031 2632 limo
2049 2542 2159 2597 duo
2185 2547 2417 2603 maxime
2448 2564 2547 2605 eos
2570 2558 3011 2622 pessumdabant,
3036 2571 3334 2632 paupertas

1754 2638 1811 2683 et
1837 2629 2007 2684 animi
2038 2634 2328 2703 aegritudo,
2363 2646 2426 2692 ut
2451 2642 2695 2713 reliquos
2720 2648 2885 2702 etiam
2916 2629 3331 2709 liomines.Vide

1764 2730 1948 2775 autem
1987 2727 2263 2793 quomodo
2317 2746 2384 2785 ea
2415 2745 2590 2789 curet.
2632 2738 2935 2809 Paupertas
2980 2754 3166 2798 autem
3198 2746 3329 2801 hinc

1754 2819 1877 2865 orta
1921 2822 2025 2878 est,
2063 2816 2210 2884 quod
2254 2817 2461 2875 fuerint
2516 2834 2684 2895 rapta:
2711 2843 2903 2883 eorum
2949 2834 3217 2900 pecunias.
3268 2834 3325 2889 Si

1753 2911 1939 2994 autem
1983 2918 2081 2961 eos
2131 2925 2367 2977 quorum
2413 2916 2660 2983 pecuniae
2710 2920 3067 2989 rapiebantur
3097 2933 3327 2994 propter

1754 2991 2056 3085 tihristum,
2089 2999 2245 3069 jubet
2272 3013 2565 3073 operantes
2595 3008 2688 3074 ali,
2725 3012 2900 3066 multo
2943 2991 3116 3085 magis
3164 2991 3321 3071 alios.

1746 3084 1881 3176 Nam
1904 3088 2052 3156 quod
2072 3100 2239 3160 rapta:
2257 3094 2462 3150 fuerint
2487 3113 2680 3153 eorum
2707 3103 2953 3170 pecuniae
2970 3084 3099 3159 hinc
3118 3105 3321 3176 liquet:

1749 3175 2068 3249 Imitatores,
2092 3184 2290 3253 inquit,
2312 3187 2483 3256 fuistis
2508 3189 2860 3246 Ecclesiarum
2877 3211 2993 3264 qua:
3008 3204 3131 3248 sunt
3156 3175 3209 3249 in
3226 3196 3322 3249 Ju-

1752 3275 1867 3329 daza
1900 3276 1961 3345 (1
1998 3276 2173 3332 Thess.
2199 3279 2252 3334 2.
2290 3280 2399 3349 li).
2427 3281 2746 3347 Quomodo?
2773 3285 2912 3351 Quia
2939 3288 3047 3342 illis
3073 3290 3324 3346 scribens

1743 3368 1963 3424 dicebat
1987 3387 1999 3423 :
2020 3370 2092 3424 Et
2121 3374 2369 3442 rapinam
2388 3372 2645 3430 bonorum
2676 3386 2968 3433 vestrorum
2986 3397 3104 3434 cum
3126 3384 3321 3453 gaudio

1739 3461 2038 3531 suscepistis
2065 3463 2245 3533 (Hebr.
2270 3465 2581 3536 10.54).Hic
2611 3479 2794 3524 autem
2816 3471 2884 3525 de
2916 3474 3321 3530 resurrectione

1744 3554 1915 3624 agitat
1936 3570 2266 3612 sermonem.
2291 3559 2433 3625 Quid
2453 3562 2625 3616 vero?
2650 3577 2832 3616 annon
2854 3564 2922 3618 de
2947 3580 3016 3619 eo
3030 3580 3155 3619 cum
3183 3566 3320 3634 ipsis

1739 3642 2105 3701 disseruerat?
2122 3647 2226 3703 Sed
2240 3649 2331 3703 hic
2345 3651 2620 3719 quoddam
2634 3652 2865 3707 alterum
2880 3654 3193 3711 subindicat
3208 3672 3318 3727 my-

1737 3736 2292 3804 sterium.Quodnam
2312 3751 2496 3796 autem
2520 3742 2628 3798 hoc
2650 3744 2773 3798 est?
2801 3741 2939 3808 Quia
2960 3762 3053 3799 nos
3078 3747 3168 3816 qui
3196 3748 3317 3801 vivi-

1740 3844 1876 3894 mus,
1899 3830 1989 3900 qui
2017 3831 2219 3900 residui
2227 3849 2435 3904 sumus,
2473 3834 2673 3904 inquit,
2705 3836 2762 3889 in
2778 3837 3061 3891 adventum
3076 3837 3309 3903 Domini,

1740 3936 1845 3974 non
1863 3896 2356 3992 prwveniemus.eos,
2372 3928 2462 3997 qui
2486 3927 2813 3982 dormierunt
2830 3929 3199 4001 (v.14).Atque
3213 3947 3312 3985 no-

1737 4010 1823 4068 bis
1833 4012 2054 4083 quidem
2069 4015 2459 4072 suﬂicitsermo
2473 4020 2894 4075 resurrectionis
2906 4022 2972 4076 ad
2989 4038 3113 4076 eum
3130 4039 3309 4078 conso~

1747 4104 1960 4161 landum
1981 4105 2071 4176 qui
2091 4106 2358 4161 cruciatur
2376 4106 2590 4163 dolore:
2614 4108 2808 4164 sufﬁcit
2828 4113 2986 4165 etiam
3010 4114 3149 4183 quod
3172 4130 3313 4170 nunc

1747 4196 1939 4253 dicitur
1963 4199 2195 4254 maxime
2234 4198 2339 4255 ﬁde
2375 4199 2587 4271 dignam
2615 4201 2815 4257 faciens
2840 4205 3308 4260 resurrectionem.

1748 4288 1982 4343 Primum
2002 4301 2178 4344 autem
2197 4289 2346 4355 illud,
2363 4301 2420 4344 ut
2436 4292 2568 4360 ipse,
2589 4290 2825 4347 dicamus
2846 4291 3121 4348 :Notumus
3142 4306 3315 4350 autem

1748 4395 1832 4434 vos
1853 4381 2107 4450 ignorare,
2135 4380 2337 4450 fratres,
2363 4379 2425 4433 de
2451 4380 2832 4448 dormientibus,
2852 4393 2905 4435 ut
2927 4399 3028 4438 non
3052 4387 3316 4439 contriste-

1748 4476 1871 4528 mini
1898 4472 2025 4528 sicut
2042 4480 2088 4527 et
2109 4473 2275 4527 creteri
2293 4472 2378 4544 qui
2393 4488 2534 4543 spem
2557 4489 2661 4527 non
2681 4473 3025 4530 habent."ide
3050 4491 3210 4546 quam
3229 4477 3316 4533 hic

1749 4578 1960 4635 quoque
1983 4563 2227 4633 loquatur
2250 4562 2443 4617 leniter
2469 4571 2523 4617 et
2541 4562 2770 4632 placide.
2800 4562 2916 4620 Non
2947 4564 3081 4621 dixit
3109 4603 3126 4633 ,
3159 4567 3306 4624 Estis

1749 4654 1883 4709 adeo
1904 4653 2050 4708 stulti
2085 4649 2230 4722 (Gal.
2260 4654 2312 4708 ’5.
2346 4654 2424 4721 3),
2460 4653 2598 4708 sicut
2621 4652 2688 4708 ad
2712 4654 3039 4721 Corinthios,
3069 4657 3204 4713 adeo
3234 4658 3317 4714 in-

1751 4746 2004 4816 sipientes
2027 4787 2042 4810 ,
2073 4744 2213 4814 quod
2238 4760 2359 4799 cum
2385 4744 2564 4799 sciatis
2586 4744 3033 4803 resurrectionem
3057 4789 3073 4816 ,
3112 4750 3251 4804 sicut
3280 4752 3315 4805 ii

1752 4838 1840 4906 qui
1869 4853 1975 4892 non
2000 4835 2245 4902 credunt,
2273 4834 2461 4891 dolore
2488 4835 2828 4901 alliciamini;
2859 4837 2957 4893 sed
2986 4839 3059 4893 ita
3090 4839 3315 4909 placide,

1755 4928 1917 4996 Noto,
1940 4929 2073 4984 dixit
2097 4969 2113 4996 ,
2144 4928 2302 4982 aliam
2329 4943 2513 4982 eorum
2539 4927 2787 4982 virtutem
2816 4943 3092 4985 reverens.
3118 4929 3187 4984 Et
3209 4947 3317 4986 non

1754 5024 1913 5086 dixit,
1944 5022 2019 5078 De
2046 5021 2271 5076 mortuis
2289 5062 2305 5088 ,
2331 5019 2511 5075 statim
2538 5034 2571 5074 a
2598 5019 2873 5091 procemiis
2893 5019 3101 5091 iaciens
3129 5020 3319 5076 funda-

1758 5126 1994 5172 mentum
2020 5114 2418 5170 consolationis.

1830 5210 2019 5265 Mortui
2040 5224 2141 5262 non
2157 5203 2599 5276 plangendi.—Ut
2617 5221 2717 5259 non
2731 5204 3109 5270 contristemini,
3130 5204 3321 5275 inquit,

1757 5303 1885 5357 sicut
1906 5312 1952 5356 et
1981 5300 2145 5354 cteteri
2167 5298 2250 5369 qui
2278 5314 2417 5369 spent
2433 5313 2533 5351 non
2550 5295 2751 5349 habent.
2774 5295 3031 5364 Plangere
3046 5310 3174 5365 ergo
3202 5311 3325 5365 pro.

1761 5406 1877 5466 pter
1895 5410 1988 5451 eos
2003 5394 2091 5465 qui
2112 5401 2590 5455 excesserunt,non
2607 5398 2688 5443 est
2700 5401 2885 5445 eorum
2906 5395 3051 5442 certe
3068 5388 3156 5457 qui
3172 5403 3324 5457 spem

1763 5488 1993 5550 habent;
2020 5494 2076 5540 et
2100 5485 2309 5539 merito.
2340 5482 2527 5537 Anima
2554 5480 2697 5534 enim
2722 5493 2842 5549 qua:
2868 5477 3001 5532 nihil
3021 5476 3122 5532 scit
3145 5476 3214 5533 de
3244 5492 3329 5532 re-

1763 5579 2091 5633 surrectione
2114 5617 2131 5641 ,
2160 5573 2254 5630 sed
2281 5573 2418 5627 hanc
2446 5581 2672 5625 mortem
2711 5579 2937 5624 mortem
2978 5581 3098 5623 esse
3127 5576 3278 5637 putat
3307 5609 3324 5633 ,

1767 5671 1957 5727 merito
1981 5668 2182 5740 plangit
2206 5676 2261 5721 et
2291 5665 2611 5720 lamentatur
2640 5658 2697 5717 et
2733 5661 2880 5731 luget
2920 5659 3326 5715 intolerabiliter

1770 5772 2033 5831 tamquam
2059 5758 2128 5814 de
2154 5758 2220 5813 iis
2258 5757 2346 5827 qui
2376 5755 2648 5827 perierunt
2675 5771 2688 5807 :
2716 5762 2770 5807 tu
2798 5759 2975 5806 autem
3018 5751 3107 5821 qui
3135 5765 3324 5821 exspe-

1769 5874 1880 5921 ctas
1906 5853 2368 5918 resurrectionem,
2395 5865 2489 5906 cur
2516 5844 2858 5903 Ianmntarist
2884 5842 3025 5916 Ergo
3054 5844 3234 5916 lugere
3248 5852 3327 5901 est
