3834 6530
582 465 679 522 ﬁt
1193 491 1198 498 -
1297 458 1355 513 S.
1394 455 1674 514 JOANNIS
1711 454 2190 513 CHRYSOSTOMI
2221 455 2538 516 ARCHIEP.
2577 457 3111 522 CONSTANTINOP.
3605 499 3665 552 δεῖ

580 593 766 635 eorum
792 576 879 646 qui
910 587 1058 644 spem
1080 586 1184 626 non
1208 570 1422 627 habent.
1448 569 1660 634 Audite,
1683 586 1717 623 ο
1736 571 2002 634 mulieres,
2029 585 2148 640 quae

584 672 828 725 lubenter
858 664 1237 728 lamentamini,
1260 679 1378 733 quze
1407 664 1536 718 estis
1565 664 1823 732 proclives
1848 671 1903 717 et
1923 678 2152 732 propen-

580 779 654 814 sa:
703 756 1102 816 intolerabiliter
1141 754 1206 808 ad
1257 754 1430 810 luctus
1460 794 1475 820 ,
1512 754 1652 824 quod
1691 769 1752 809 ea
1783 754 1988 808 faciatis
2031 769 2150 823 qua:

577 851 792 906 ethnici.
825 848 880 901 Si
905 856 1080 902 autem
1103 846 1282 901 dolere
1309 855 1522 915 propter
1546 861 1639 900 eos
1667 847 1754 915 qui
1784 851 2147 911 excesserunt,

577 953 659 995 est
679 941 1038 1000 ethnicorum,
1071 939 1323 1008 plangere
1347 948 1400 992 et
1425 953 1589 1008 genas
1621 938 1860 993 lacerare
1889 951 2146 1007 quorum-

579 1047 700 1084 nam
726 1039 808 1085 est
830 1072 846 1096 ,
875 1029 1208 1099 dic,quzeso?
1247 1029 1353 1083 Cur
1375 1029 1680 1084 lamentaris
1704 1070 1718 1094 ,
1746 1030 1790 1082 si
1817 1029 1994 1084 credis
2023 1045 2144 1084 eum

577 1138 698 1177 esse
726 1130 1152 1178 resurrecturum
1184 1121 1207 1173 ?
1250 1121 1293 1174 si
1320 1120 1498 1175 credis
1522 1134 1643 1174 eum
1673 1135 1777 1172 non
1809 1119 2030 1188 periisse
2056 1160 2071 1185 ,
2099 1119 2144 1172 si

575 1229 693 1268 eam
717 1228 826 1267 rem
855 1227 975 1267 esse
995 1227 1238 1265 somnum
1260 1211 1740 1266 etdormitionem?
1769 1211 1992 1279 Propter
2019 1225 2148 1264 con-

576 1305 913 1361 suetudinem
942 1305 1214 1368 amissam,
1249 1303 1461 1372 inquit,
1503 1304 1826 1370 tutelamque
1867 1311 1922 1357 et
1967 1317 2144 1356 rerum

575 1405 847 1462 curam,et
874 1411 1033 1451 omne
1053 1395 1195 1449 aliud
1223 1395 1477 1449 ofﬁcium.
1506 1395 1728 1461 Quando
1755 1411 1882 1466 ergo
1902 1396 2143 1449 amiseris

577 1491 741 1543 illium
769 1489 821 1542 in
853 1489 1130 1540 immatura
1158 1495 1334 1549 aetate,
1368 1488 1456 1555 qui
1482 1487 1716 1541 nomium
1749 1496 1922 1556 potest
1945 1487 2142 1556 aliquid

574 1595 752 1650 agere,
773 1593 870 1632 cur
898 1578 1242 1632 lamentaris?
1272 1577 1397 1647 quid
1425 1579 1689 1647 requiris?
1712 1579 1932 1644 Bonam,
1954 1580 2140 1648 inquit,

575 1687 722 1739 spem
751 1669 1075 1732 ostenderat,
1108 1679 1162 1722 et
1189 1669 1467 1737 sperabam
1498 1670 1608 1724 fore
1637 1680 1691 1723 ut
1713 1671 1814 1724 mei
1843 1687 2024 1724 curam
2046 1687 2141 1739 ge-

575 1772 737 1817 reret.
783 1761 1066 1829 Propterea
1114 1776 1299 1830 quaero
1342 1762 1553 1824 virum,
1596 1772 1878 1830 propterea
1931 1762 2094 1816 lilium
2122 1805 2138 1828 ,

576 1863 856 1923 propterea
893 1853 1082 1921 plango
1105 1861 1157 1905 et
1183 1853 1466 1916 lamentor,
1499 1867 1603 1906 non
1637 1853 1776 1922 quod
1803 1870 1907 1907 non
1929 1853 2141 1908 credam

576 1946 972 2007 resurrectioni,
1006 1946 1096 1999 sed
1123 1945 1262 2014 quod
1287 1945 1384 1998 sim
1415 1945 1667 1999 destituta
1717 1946 1784 2000 ab
1821 1948 2018 2001 auxilio
2042 1990 2057 2013 ,
2090 1957 2145 2002 et

575 2036 843 2089 amiserim
874 2046 1174 2089 curatorem
1205 2045 1258 2090 et
1282 2035 1657 2101 defensorem,
1691 2038 1777 2106 qui
1809 2053 2014 2091 mecum
2045 2041 2140 2091 lia-

575 2125 794 2190 bitabat,
827 2127 912 2194 qui
946 2141 1123 2180 rerum
1155 2128 1393 2180 omnium
1414 2137 1526 2179 erat
1557 2129 1753 2192 socius,
1785 2130 1873 2197 qui
1907 2146 1990 2182 me
2013 2146 2141 2182 con-

575 2217 883 2270 solabatur:
916 2217 1027 2270 hmo
1060 2217 1233 2286 lugeo.
1267 2216 1392 2270 Scio
1422 2215 1538 2269 fore
1563 2230 1615 2270 ut
1648 2228 1905 2287 resurgat,
1932 2220 2022 2274 sed
2057 2221 2140 2273 in-

578 2307 888 2362 termedium
915 2324 1018 2361 non
1039 2308 1150 2361 tero
1167 2308 1556 2376 separationetn
1575 2327 1586 2361 :
1607 2308 1774 2362 afﬁuit
1787 2311 1947 2363 multa
1963 2326 2141 2366 rerum

577 2400 729 2452 turba
753 2439 768 2462 ,
801 2415 916 2451 sutn
942 2399 1179 2465 exposita
1212 2398 1421 2468 injuriae
1446 2403 1683 2453 omnium
1715 2400 1805 2467 qui
1834 2402 2099 2454 voluerint
2125 2421 2138 2456 :

571 2491 660 2558 qui
687 2490 830 2558 prius
863 2488 1119 2542 timebant
1147 2488 1348 2554 famuli,
1377 2505 1516 2542 nunc
1539 2489 1844 2558 despiciunt
1873 2503 1926 2545 et
1968 2493 2139 2546 insul-

574 2594 684 2636 tant
715 2601 728 2634 :
758 2584 800 2637 si
819 2586 900 2635 cui
923 2582 1199 2647 benefecit,
1230 2583 1273 2636 is
1289 2591 1371 2636 est
1390 2583 1585 2636 oblitus
1605 2585 1720 2652 ejus
1738 2583 2138 2641 beneficiorum:

572 2679 615 2730 si
643 2676 760 2746 quis
786 2677 852 2730 ab
876 2692 940 2729 eo
972 2676 1110 2730 male
1135 2676 1378 2742 affectus,
1411 2677 1722 2730 recordatur
1751 2678 1976 2748 injurim,
2005 2680 2135 2733 iram

574 2769 623 2820 in
659 2784 742 2821 Ille
772 2768 1054 2821 convertit.
1088 2767 1209 2821 llaec
1250 2782 1355 2822 non
1406 2769 1588 2822 sinunt
1631 2785 1717 2823 me
1748 2768 1887 2824 ferre
1915 2771 2142 2825 viduita-

575 2871 700 2919 tem,
735 2875 830 2912 nec
852 2859 1055 2927 placide
1085 2859 1266 2928 lugere
1299 2877 1310 2912 ε
1340 2868 1620 2929 propterea
1651 2859 1866 2931 plango,
1895 2873 2139 2931 prepter-

571 2966 632 3003 ea
657 2949 939 3002 l:unentor.
970 2948 1249 3015 Quomodo
1272 2963 1398 3018 ergo
1424 2963 1515 3003 eas
1534 2950 1931 3005 consolabimur
1957 2953 1980 3005 ?
2009 2952 2138 3023 quid

571 3041 842 3095 dicemus?
870 3040 1136 3109 quomodo
1181 3056 1362 3095 earum
1393 3041 1592 3096 luctum
1636 3043 1975 3097 arcebimus?
2017 3044 2136 3098 Pri-

571 3148 719 3188 mum
748 3147 838 3186 eas
868 3134 1102 3187 conabor
1125 3133 1443 3187 convincere
1475 3172 1492 3199 ,
1537 3133 1679 3202 quod
1709 3133 1822 3188 haec
1847 3134 2005 3188 verba
2031 3149 2137 3188 non

571 3226 674 3277 sint
705 3223 1096 3276 lamentationis
1117 3262 1131 3287 ,
1175 3222 1270 3276 sed
1301 3222 1708 3276 inconsiderata:
1733 3223 1894 3277 animi
1924 3234 2136 3294 pertur-

573 3317 818 3373 bationis.
848 3314 902 3369 Si
932 3315 1072 3368 enim
1107 3313 1220 3368 haec
1244 3315 1423 3384 luges,
1453 3324 1726 3384 oporteret
1763 3330 1884 3370 eum
1910 3317 1997 3386 qui
2043 3333 2138 3372 ex-

572 3406 733 3460 cessit
763 3415 1022 3474 perpetuo
1045 3405 1226 3475 lugere
1255 3407 1333 3459 :si
1366 3413 1543 3460 autem
1571 3422 1690 3461 cum
1720 3422 1891 3460 annus
1916 3421 2138 3478 printer-

575 3495 695 3549 ierit
721 3537 735 3561 ,
768 3494 1106 3549 oblivisceris
1141 3495 1364 3564 perinde
1389 3505 1547 3565 atque
1576 3497 1619 3550 si
1651 3497 1783 3551 nihil
1811 3500 2093 3554 accidisset
2121 3543 2137 3565 ,

573 3602 677 3641 non
699 3601 820 3640 eum
843 3587 932 3655 qui
959 3587 1188 3640 excessit
1220 3587 1549 3652 lamentaris,
1578 3603 1675 3642 nec
1696 3590 1809 3658 ejus
1840 3592 2055 3647 tutelam
2086 3603 2141 3648 et

571 3678 959 3734 defensionem.
993 3681 1064 3732 At
1094 3695 1196 3732 nou
1227 3679 1333 3734 fers
1360 3682 1748 3748 separationein
1784 3723 1799 3748 ,
1832 3696 1885 3739 et
1917 3702 2136 3742 consue-

572 3771 768 3825 tudinis
789 3771 1258 3840 interruptionem?
1286 3772 1422 3838 Quid
1447 3773 1678 3828 dixerint
1705 3791 1824 3845 quae
1851 3777 1918 3832 ad
1946 3795 2139 3834 secun-

570 3864 666 3918 das
725 3865 1074 3918 convolarunt
1125 3865 1388 3932 nuptias?
1433 3865 1546 3919 Non
1605 3866 1747 3933 enim
1801 3870 2006 3936 priores
2056 3887 2139 3926 re-

571 3955 788 4023 quirunt
840 3964 895 4010 et
941 3953 1265 4009 desiderant.
1312 3955 1415 4010 Sed
1462 3972 1530 4010 ne
1587 3958 1883 4014 orationem
1928 3961 1998 4015 ad
2047 3977 2139 4018 eas

574 4047 863 4116 dirigamus
888 4088 903 4112 ,
947 4047 1040 4101 sed
1068 4047 1132 4100 ad
1159 4061 1250 4101 eas
1277 4063 1395 4116 qua:
1425 4047 1491 4102 iis
1515 4049 1605 4118 qui
1634 4061 1980 4107 excesserunt
2005 4069 2138 4109 con-

571 4149 788 4195 servant
841 4140 1265 4195 benevolentiam
1303 4157 1314 4192 :
1345 4155 1442 4194 cur
1486 4141 1635 4212 luges
1690 4142 1945 4200 infantem
1978 4146 2007 4199 ?
2045 4162 2141 4202 cur

575 4231 865 4284 maritum?
893 4230 1156 4298 Quoniam
1181 4230 1273 4284 illo
1300 4230 1514 4300 quidem
1538 4231 1642 4286 frui
1673 4249 1778 4287 non
1806 4245 1887 4290 est
1916 4252 2140 4294 conces-

569 4339 686 4378 sum
715 4340 730 4390 ;
766 4325 866 4378 hoc
908 4337 1038 4378 vero
1067 4326 1367 4393 exspectavi
1399 4325 1508 4380 fore
1542 4334 1600 4380 ut
1640 4327 1865 4396 amplius
1908 4327 2135 4386 fruerer.

577 4417 690 4470 lloc
719 4427 894 4470 autem
921 4426 1134 4486 quantm
1161 4425 1242 4471 est
1271 4417 1597 4473 inﬁdelitatis
1624 4462 1637 4484 ,
1669 4421 1975 4478 existimare
1996 4426 2137 4494 quod

570 4516 662 4560 aut
691 4508 913 4561 maritus
941 4517 1033 4561 aut
1055 4507 1227 4563 infans
1256 4518 1306 4563 te
1331 4510 1384 4564 in
1415 4518 1527 4564 tuto
1553 4512 1804 4579 collocet,
1830 4530 1936 4568 non
1957 4525 2136 4570 autem

574 4597 754 4652 Deus?
781 4595 1058 4663 Quomodo
1085 4615 1187 4653 non
1217 4610 1372 4668 putas
1401 4609 1452 4655 te
1473 4617 1592 4656 eum
1616 4603 1862 4659 irritare?
1893 4606 2140 4676 Propter-

571 4703 632 4742 ea
662 4688 801 4740 enim
832 4704 924 4742 eos
953 4704 1094 4759 saepe
1123 4691 1336 4760 accipit,
1365 4710 1431 4748 ne
1455 4696 1533 4748 eis
1559 4695 1627 4748 ita
1657 4695 1731 4750 sis
1761 4695 1918 4751 afﬁxa
1944 4740 1959 4765 ,
1995 4710 2050 4753 ut
2070 4701 2137 4754 ab

573 4777 678 4831 illis
702 4792 848 4846 spem
869 4779 1119 4834 abducas.
1154 4782 1293 4836 Deus
1319 4785 1460 4838 enim
1491 4795 1571 4840 est
1593 4787 1808 4852 zelotes,
1827 4799 1880 4843 ct
1911 4791 2137 4845 maxime

571 4870 809 4923 omnium
837 4870 949 4924 vult
976 4886 1003 4924 a
1037 4872 1187 4927 nobis
1205 4873 1386 4943 diligi;
1412 4876 1568 4945 idque
1594 4880 1842 4947 quoniam
1869 4898 1964 4937 nos
1984 4884 2136 4940 valde

581 4960 771 5029 diligit.
803 4961 961 5016 Scitis
987 4963 1128 5017 enim
1160 4964 1300 5019 hunc
1342 4980 1461 5021 esse
1489 4984 1689 5023 morem
1721 4987 1904 5026 eorum
1936 4977 2023 5044 qui
2051 4977 2134 5030 iu-

569 5065 702 5107 Sano
721 5051 859 5122 capti
885 5062 1249 5109 suntamore:
1280 5058 1561 5112 suntenim
1593 5061 1745 5116 valde
1775 5065 2002 5136 zelotypi
2035 5107 2050 5132 ,
2082 5077 2136 5122 et

570 5142 858 5197 maluerint
882 5143 1112 5197 animam
1145 5145 1428 5216 prodigere
1457 5187 1473 5212 ,
1502 5165 1660 5217 quam
1687 5153 1754 5207 ab
1792 5155 1898 5209 ullo
1929 5173 1994 5211 ex
2023 5159 2135 5213 suis

569 5232 822 5287 rivalibus
867 5234 1258 5291 existimatione
1296 5241 1554 5306 superari.
1589 5242 1814 5312 Pr0pler
1852 5246 1963 5302 haec
1994 5248 2135 5305 Deus

572 5339 691 5378 eum
721 5325 945 5393 accepit,
980 5337 1196 5396 propter
1223 5328 1357 5394 hate,
1391 5331 1621 5400 inquam,
1652 5336 1833 5392 verba.

639 5414 694 5468 3.
723 5414 851 5469 Nam
877 5431 991 5482 cur,
1015 5416 1330 5488 dic,qumso,
1365 5420 1490 5475 olim
1521 5439 1624 5478 non
1654 5424 1865 5484 fuerunt
1893 5429 2122 5485 viduita-

573 5513 672 5568 tes,
704 5519 802 5558 nec
822 5505 1116 5561 immaturae
1143 5509 1429 5565 orbitates?
1457 5526 1554 5566 cur
1587 5515 1854 5572 Abraham
1899 5529 1952 5573 et
1982 5519 2127 5576 Isaac

569 5594 691 5648 sivit
717 5597 891 5652 vivere
923 5597 1136 5668 longum
1164 5603 1414 5671 tempus?
1438 5603 1698 5670 Quoniam
1718 5649 1733 5674 ,
1762 5623 1828 5663 eo
1858 5610 2018 5665 etiam
2052 5613 2132 5666 vi-

570 5697 748 5754 vente,
776 5690 1040 5745 Abraham
1062 5691 1234 5748 'Dcum
1264 5696 1512 5763 prtetulit.
1547 5698 1687 5753 Dixit
1709 5701 1943 5770 quidem,
1972 5704 2128 5759 Occi-

567 5778 945 5844 de,etoccidit.
965 5783 1072 5837 Cur
1085 5783 1297 5840 Sarram
1315 5788 1380 5841 ad
1401 5799 1601 5845 tantum
1623 5793 1863 5860 provexit
1883 5796 2085 5850 senium
2108 5799 2132 5850 ξ)

570 5869 826 5936 Quoniam
850 5887 908 5926 ea
936 5874 1092 5929 etiam
1123 5875 1237 5930 viva
1265 5918 1279 5945 ,
1312 5878 1473 5934 Deum
1515 5882 1684 5951 magis
1721 5883 1920 5941 audivit
1960 5902 2118 5955 quam

2260 569 2446 637 ipsam.
2469 571 2754 642 Propterea
2779 577 2991 634 dicebat
3016 582 3067 636 ei
3098 583 3232 640 Deus
3254 603 3269 638 :
3291 589 3404 645 Audi
3419 595 3664 664 Samum.

2256 675 2362 713 rem
2380 670 2518 715 tuam
2546 665 2565 733 (
2599 664 2724 720 Gen.
2755 669 2844 724 21.
2877 672 2943 725 12
2969 673 3007 738 ).
3036 673 3216 744 Neque
3233 692 3420 750 propter
3434 694 3663 754 maritimo.

2257 764 2372 803 rem
2401 792 2416 816 ,
2451 768 2623 823 neque
2657 769 2874 828 propter
2905 764 3084 818 uxoris
3114 807 3127 827 ,
3158 782 3322 836 neque
3343 786 3518 844 propter
3534 783 3664 845 infantis

2255 852 2436 894 curam
2473 841 2641 898 Deum
2677 849 2955 915 quisquam
3003 853 3068 906 ad
3113 856 3240 910 iram
3277 841 3552 928 provocabat.
3581 841 3665 934 Νυᾷ

2256 938 2434 984 autem
2457 938 2704 1003 quoniam
2727 938 2860 994 adeo
2881 941 3129 999 deorsum
3154 949 3396 1007 tendimus
3415 966 3458 1009 et
3474 957 3663 1032 dilabitur,

2255 1028 2311 1074 et
2338 1024 2517 1078 mariti
2543 1040 2734 1083 uxores
2757 1030 2878 1099 plus
2899 1049 3054 1101 quam
3084 1036 3243 1092 Deum
3271 1024 3665 1115 diligimus,etiue

2254 1127 2343 1168 res
2366 1118 2585 1173 maritos
2616 1121 2724 1176 Deo
2755 1125 3118 1194 prteferitnus;
3149 1131 3265 1187 ideo
3292 1150 3380 1190 nos
3405 1140 3472 1194 vel
3493 1143 3619 1202 inritos
3631 1158 3665 1207 at

2253 1205 2335 1308 sui
2367 1207 2531 1263 trahit
2554 1211 2899 1270 desiderium.
2931 1218 3006 1274 Ne
3031 1222 3220 1292 diligas
3247 1229 3461 1284 maritum
3483 1235 3566 1302 plus
3579 1205 3665 1308 quia

2256 1295 2418 1350 Deum
2447 1339 2461 1362 ,
2493 1309 2546 1354 et
2589 1319 2878 1376 numquam
2921 1314 3122 1368 senties
3160 1315 3442 1374 viduitatem
3469 1295 3666 1387 ίίωθινεω

2253 1386 2457 1442 etiamsi
2479 1393 2752 1462 acciderit,
2777 1397 2893 1466 ejus
2916 1402 3114 1456 nullum
3137 1421 3345 1460 sensum
3365 1412 3524 1477 capies.
3544 1418 3668 1484 Quae!

2252 1478 2510 1545 Quoniam
2547 1485 2882 1546 defensorem
2923 1492 3089 1549 habes
3118 1497 3448 1556 immortalem
3485 1510 3549 1574 qui
3576 1517 3666 1581 magis

2250 1569 2439 1666 diligit.
2495 1574 2551 1628 Si
2598 1577 2763 1635 Deum
2820 1585 2987 1653 magis
3041 1587 3218 1660 diligis
3249 1632 3263 1655 ,
3308 1608 3370 1648 ne
3417 1569 3667 1666 lugeaszniu

2253 1661 2340 1730 qui
2393 1667 2563 1735 magis
2612 1669 2848 1741 diligitur
2901 1687 2985 1731 est
3041 1680 3386 1749 immortalis;
3423 1705 3500 1744 nec
3536 1699 3668 1752 sinite

2248 1755 2535 1824 accipiatur
2572 1777 2761 1818 sensus
2800 1768 2916 1836 ejus
2962 1773 3050 1841 qui
3091 1774 3266 1829 minus
3314 1778 3526 1850 diligitur.
3559 1786 3596 1841 In
3624 1808 3669 1844 u-

2255 1848 2432 1917 emplo
2489 1851 2674 1907 faciam
2717 1857 2817 1912 hoc
2872 1861 2963 1916 tibi
3019 1867 3374 1936 perspicuum.
3405 1848 3490 1928 Dic
3519 1879 3666 1933 mihiza

2249 1937 2442 1996 habeas
2480 1947 2730 2001 maritum
2771 1953 2947 2006 omnia
2977 1953 3262 2011 facientem
3295 1976 3356 2014 ex
3395 1963 3666 2024 animitui

2251 2032 2412 2086 tentia
2439 2074 2452 2098 ,
2485 2037 2573 2105 qui
2602 2039 2673 2092 sit
2698 2040 2749 2094 in
2781 2041 2918 2097 bona
2943 2047 3335 2106 existimatione
3365 2094 3379 2119 ,
3407 2057 3480 2124 qui
3501 2068 3540 2112 te
3562 2062 3666 2113 claram

2250 2121 2442 2190 ubique
2471 2127 2672 2193 reddat,
2700 2147 2800 2186 nec
2825 2141 3270 2195 contemnendam
3294 2184 3306 2206 ,
3332 2121 3670 2218 quisitapodoa

2249 2229 2343 2272 nes
2368 2218 2613 2287 celebris,
2639 2225 2893 2292 prudens,
2925 2232 3140 2300 sapiens
3162 2272 3178 2299 ,
3209 2236 3296 2304 qui
3327 2246 3374 2290 te
3399 2238 3546 2310 diligat
3564 2254 3669 2312 elpm

2248 2319 2366 2376 pter
2405 2325 2526 2365 eum
2558 2313 2708 2368 beata
2742 2321 3007 2387 reputeris
3030 2363 3045 2385 ,
3079 2332 3133 2377 et
3168 2340 3288 2379 cum
3313 2341 3374 2380 eo
3399 2331 3539 2398 parias
3556 2349 3670 2402 qut)th

2248 2397 2409 2451 ﬁlium
2432 2416 2445 2463 ;
2469 2401 2661 2458 deinde
2686 2406 2984 2477 priusquam
3007 2411 3073 2466 ad
3099 2423 3358 2470 maturam
3381 2397 3526 2474 veniat
3540 2397 3671 2486 auten,
3756 2427 3757 2460 l

2247 2491 2486 2554 excedat,
2521 2496 2790 2552 scntiesne
2818 2499 3014 2555 luctum
3035 2504 3060 2556 .9
3084 2504 3416 2575 Nequaquam
3444 2528 3456 2562 :
3481 2526 3568 2565 nam
3587 2514 3613 2565 is
3629 2530 3672 2580 qs!
3756 2509 3757 2520 “

2249 2582 2414 2650 magis
2438 2583 2854 2654 diligitur,illum
2881 2593 3131 2648 obscurat
3157 2606 3210 2651 et
3239 2598 3508 2654 abscondit.
3530 2604 3572 2658 Et
3588 2621 3673 2667 nun,
3756 2593 3757 2667 j

2246 2676 2290 2727 si
2324 2677 2484 2731 Deum
2507 2681 2719 2748 quidem
2741 2683 2858 2752 plus
2873 2699 3196 2757 amesquam
3223 2694 3672 2760 maritum,forteillua
3756 2676 3757 2742 Ῐ

2247 2782 2351 2820 non
2391 2778 2495 2822 tam
2540 2771 2646 2824 cito
2673 2774 2877 2829 auferet
2905 2793 2920 2828 :
2949 2779 3088 2846 quod
3119 2780 3167 2833 si
3205 2783 3436 2850 auferat,
3461 2803 3540 2840 non
3562 2799 3672 2842 unum

2246 2859 2444 2912 senties
2478 2861 2694 2916 luctum.
2719 2864 3000 2936 Propterea
3029 2870 3222 2926 beatus
3249 2873 3346 2928 Job
3370 2876 3481 2928 nihil
3503 2889 3576 2932 tam
3590 2896 3674 2950 grue
3756 2891 3757 2910 ‘

2247 2963 2434 3018 passus
2464 2961 2564 3016 est,
2594 2969 2713 3008 cum
2744 2959 3094 3028 repentinam,
3124 2973 3179 3017 et
3203 2964 3359 3020 simul
3384 2967 3545 3023 illatam
3565 2972 3674 3029 audite»

2246 3049 2328 3094 set
2375 3053 2599 3098 mortem
2646 3046 3190 3122 filiorumzquoniam
3240 3059 3401 3112 Deum
3435 3061 3530 3130 plus
3557 3065 3674 3116 amata

2246 3150 2401 3204 quam
2443 3137 2606 3206 ipsos.
2653 3139 2731 3193 Eo
2771 3156 2898 3212 ergo
2941 3146 3154 3203 vivente
3193 3151 3285 3220 qui
3333 3152 3674 3224 diligebatur,iih

2246 3241 2365 3279 eum
2394 3228 2540 3282 nullo
2569 3241 2724 3285 erant
2753 3233 2938 3290 dolore
2965 3237 3246 3294 aﬁ‘ectura.
3278 3243 3408 3310 Quid
3426 3244 3558 3311 dicis,
3577 3262 3671 3301 ona-

2246 3317 2389 3371 lier?
2420 3321 2641 3374 maritus
2678 3331 2732 3378 et
2769 3325 2910 3380 filius
2941 3337 2990 3383 te
3018 3329 3465 3403 defendebant,et
3487 3342 3673 3398 tuitur:-

2244 3409 2530 3476 gcrebant;
2561 3412 2701 3467 Deus
2728 3426 2904 3471 autem
2947 3419 3038 3474 tibi
3079 3436 3188 3476 non
3235 3427 3672 3498 parcit?illumipsac

2244 3502 2362 3569 quis
2417 3503 2511 3558 tibi
2557 3505 2746 3561 dedit?
2786 3526 2962 3565 annon
2993 3513 3151 3583 ipse?
3189 3526 3244 3573 te
3290 3528 3456 3575 autem
3488 3524 3573 3592 quis
3597 3525 3677 3577 ἰών

2245 3607 2419 3648 annon
2457 3595 2611 3665 ipse?
2637 3598 2737 3665 Qui
2764 3616 2829 3655 ex
2858 3603 3028 3659 nihilo
3055 3606 3120 3660 ad
3152 3608 3260 3665 hoc
3283 3623 3337 3665 ut
3365 3628 3496 3668 esses
3518 3615 3668 3674 addam,

2244 3694 2299 3738 et
2327 3687 2556 3742 animam
2581 3690 2856 3760 inspiravit
2883 3735 2896 3757 ,
2929 3705 2983 3748 et
3004 3708 3242 3754 mentem
3267 3702 3482 3771 indidit,
3506 3717 3546 3761 et
3565 3707 3675 3760 sum

2242 3778 2531 3847 gnitionem
2559 3781 2653 3836 tibi
2678 3783 2853 3854 largiri
2876 3786 3119 3857 dignatus
3142 3801 3248 3859 est,
3270 3806 3324 3850 et
3351 3796 3473 3853 Filio
3489 3815 3561 3852 suo
3576 3805 3676 3868 unge-

2244 3869 2355 3924 nito
2379 3882 2592 3941 propter
2608 3883 2659 3928 te
2682 3891 2783 3929 non
2803 3881 3056 3948 pepercit,
3078 3883 3170 3937 tibi
3190 3901 3300 3941 non
3323 3891 3494 3956 parcit,
3507 3907 3678 3946 conseras

2242 3969 2420 4015 autem
2443 3962 2530 4017 tibi
2555 3967 2754 4033 parcit?
2770 3984 2926 4038 quam
2947 3987 3053 4027 non
3076 3975 3210 4029 iram
3227 3979 3454 4035 excitant
3470 3981 3557 4036 hac
3569 3983 3678 4036 verba?

2243 4053 2381 4117 Quid
2406 4055 2508 4110 tale
2530 4055 2758 4112 habuisti
2778 4075 2807 4113 a
2827 4065 3061 4118 marito?
3091 4066 3238 4124 Nihil
3265 4073 3430 4140 possis
3445 4073 3592 4128 dicere
3612 4074 3678 4127 ita

2243 4145 2451 4199 etiamsi
2479 4156 2530 4201 te
2554 4147 2730 4218 aliquo
2760 4151 2937 4207 aﬁ‘eeit
2963 4155 3228 4213 beneﬁcio
3260 4203 3277 4225 ,
3306 4164 3400 4218 sed
3426 4166 3471 4218 id
3492 4164 3678 4228 fecit,“

2245 4243 2297 4289 tu
2330 4235 2474 4304 prior
2497 4237 2788 4308 incepisses
2818 4260 2832 4297 :
2859 4243 2927 4299 de
2967 4245 3076 4302 Deo
3119 4261 3302 4307 autem
3334 4255 3454 4310 nihil
3493 4257 3570 4310 tale
3601 4256 3679 4308 duo:-

2245 4326 2315 4378 rit
2357 4327 2655 4397 quisquam.
2686 4330 2801 4386 Non
2832 4336 2972 4389 enim
3021 4338 3161 4395 Deus
3210 4345 3368 4399 nobis
3416 4347 3677 4404 beneﬁci"th

2190 4460 2210 4477 .
2245 4419 2388 4487 prius
2444 4420 2702 4478 beneﬁcio
2755 4425 3012 4495 affectus;
3045 4431 3140 4487 sed
3193 4451 3316 4490 cum
3369 4439 3538 4493 nullius
3572 4448 3680 4508 eget.

2242 4525 2311 4563 ex
2361 4512 2470 4566 sola
2536 4513 2771 4572 bonitate
2809 4517 3072 4576 benefacit
3117 4523 3399 4582 hominum
3442 4530 3593 4600 generi.
3627 4528 3679 4580 lb-

2241 4619 2400 4673 gnum
2449 4607 2539 4662 tibi
2587 4617 2667 4662 est
2709 4611 2996 4680 pollicitus,
3028 4617 3177 4672 dedit
3205 4623 3372 4675 vitam
3419 4622 3678 4676 immortalia.

2240 4695 2462 4763 gloriam
2494 4738 2509 4763 ,
2543 4699 2921 4758 fraternitatem
2955 4745 2971 4772 ,
3006 4705 3236 4764 ﬁliorum
3268 4713 3592 4782 adoptiOnem,
3618 4713 3680 4763 {cui

2241 4786 2553 4844 coheredem
2579 4789 2842 4861 Unigeniti
2866 4812 2879 4848 :
2903 4805 2955 4850 tu
2983 4808 3161 4854 autem
3187 4816 3310 4871 post
3333 4814 3408 4859 tot
3429 4815 3475 4861 et
3500 4816 3596 4858 tanta
3608 4805 3677 4856 by

2241 4877 2412 4933 adhuc
2435 4881 2722 4937 meministi
2749 4887 2961 4942 mariti?
2988 4883 3244 4956 Quid1lle
3266 4896 3475 4950 donavit
3494 4894 3678 4966 εῇυεωοῶῗ

2240 4971 2415 5025 Solem
2444 4987 2596 5027 suum
2629 4974 2755 5032 fecit
2782 4979 2938 5048 oriri,
2967 4983 3197 5053 pluviam
3221 4988 3391 5053 dedit,
3418 4992 3571 5044 annuis
3587 4987 3678 5057 Fidi

2240 5061 2525 5118 alimentis.
2560 5065 2649 5120 Va:
2677 5069 2829 5125 nobis
2852 5072 2920 5126 ob
2950 5083 3056 5128 tam
3083 5077 3354 5147 ingratum
3374 5083 3588 5136 animumf
3610 5077 3680 5130 Ρω-

2242 5164 2419 5220 pterea
2441 5163 2585 5210 tuum
2605 5159 2852 5216 maritum
2879 5165 3090 5235 accipit,
3117 5179 3174 5221 ut
3200 5185 3328 5224 eum
3356 5188 3455 5226 non
3476 5176 3681 5242 quenszth

2239 5253 2413 5298 autem
2442 5261 2563 5303 eum
2592 5251 2682 5320 qui
2717 5254 2978 5320 excessit;
3003 5256 3177 5313 adhuc
3201 5271 3446 5324 sectaris,
3476 5265 3597 5317 Deum
3615 5274 3682 5312 vero

2239 5333 2456 5390 dimittis
2467 5353 2586 5394 cum
2605 5351 2874 5411 oporteret
2888 5345 3084 5416 gratias
3097 5362 3279 5418 agere.
3297 5367 3414 5406 cum
3432 5358 3682 5423 oporteatn-

2241 5435 2349 5480 tum
2374 5428 2424 5482 in
2448 5429 2614 5498 ipsum
2633 5434 2924 5504 conjicere?
2936 5439 3068 5506 Quid
3081 5442 3222 5496 enim
3240 5454 3326 5498 est
3341 5446 3471 5514 quod
3485 5439 3685 5506 secuisti:

2239 5521 2429 5573 marito
2443 5521 2471 5573 ?'
2479 5532 2659 5591 partus
2669 5525 2900 5595 dolores,
2920 5530 3126 5587 labores
3139 5543 3191 5587 et
3205 5536 3548 5596 contumelias,
3561 5544 3597 5585 et
3607 5546 3684 5590 ﬁt!

2241 5613 2516 5669 maledicta
2534 5657 2549 5682 ,
2580 5621 2968 5689 increpationes
2986 5665 3000 5688 ,
3031 5625 3439 5697 indignationes.
3464 5627 3607 5682 Nonne
3627 5626 3689 5672 in“

2237 5705 2412 5758 omnia
2439 5722 2468 5760 a
2496 5710 2733 5766 maritis?
2755 5712 2858 5768 Sed
2889 5727 3013 5771 sunt
3037 5717 3207 5774 adhuc
3229 5761 3244 5784 ,
3277 5722 3469 5791 inquit,
3494 5722 3596 5772 bona
3616 5716 3687 5764 alia.

2237 5798 2486 5864 Quaenam
2501 5801 2614 5858 hare
2631 5805 2653 5858 ?
2673 5805 2753 5859 Me
2772 5809 3062 5877 splendidis
3079 5822 3132 5866 et
3151 5813 3396 5882 pretiosis
3410 5811 3578 5867 onmit
3592 5817 3691 5860 usus

2243 5887 2434 5945 mentis
2460 5927 2473 5954 ,
2515 5894 2665 5952 faciei
2691 5914 2876 5956 aurum
2905 5902 3170 5972 imposuit,
3193 5920 3281 5961 me
3306 5901 3691 5960 fecitomnibusn-
