3964 6504
263 347 374 401 ιδδ

258 454 579 513 verendam.
597 451 701 508 Sed
722 452 769 506 si
789 449 942 516 veiis,
963 449 1121 520 longe
1139 448 1352 504 meliori
1371 456 1426 502 te
1442 444 1712 502 decumbit
1729 459 1820 499 or-

258 555 539 612 namento,
565 557 723 614 quam
742 542 788 596 is
810 542 900 610 qui
917 539 1145 596 excessit
1169 557 1183 593 :
1202 539 1359 607 longe
1375 537 1518 592 enim
1537 534 1821 592 aﬂnirabi-

253 639 455 694 liorem
479 650 636 707 quam
675 647 865 688 aurum
897 629 1074 686 reddit
1103 628 1374 684 honestas.
1397 626 1567 682 Habet
1591 625 1678 679 hic
1702 624 1819 678 Rex

269 737 461 794 testes,
484 742 587 784 non
619 727 750 780 tales
779 765 794 790 ,
823 722 916 778 sed
950 723 1106 792 longe
1129 717 1526 791 praestantiores
1559 735 1572 772 :
1601 717 1707 772 illis
1736 756 1752 781 ,
1780 716 1825 769 si

260 821 417 880 velis,
446 816 685 872 induere.
707 814 960 882 Quaenam
980 820 1156 866 autem
1184 819 1306 866 sunt
1321 806 1464 863 ilhc?
1485 805 1579 862 Est
1603 805 1824 861 vestitus

252 925 455 964 aureas
504 907 706 961 habens
745 903 982 958 ﬁmbrias
1011 922 1026 958 :
1057 915 1122 956 eo
1146 900 1191 955 si
1220 899 1352 956 velis
1380 897 1541 953 indue
1569 897 1822 951 animam.

254 1005 330 1056 At
358 1000 534 1056 effecit
559 1007 618 1053 ut
642 1013 747 1052 non
771 993 1094 1063 contemptui
1113 990 1383 1046 habereris
1399 989 1468 1043 ab
1484 987 1827 1043 hominibus?

253 1093 327 1147 Et
366 1090 496 1161 quid
538 1088 640 1143 hoc
672 1086 960 1156 magnum?
989 1084 1214 1138 viduitas
1256 1091 1402 1136 certe
1447 1095 1553 1135 non
1597 1080 1721 1133 sivit
1771 1086 1831 1133 ut

250 1182 588 1252 contemptui
620 1180 862 1234 habearis
893 1193 922 1231 a
951 1175 1297 1231 daemonibus.
1331 1174 1478 1228 Tunc
1498 1172 1825 1227 dominatum

251 1273 543 1330 obtinebas
570 1272 620 1325 in
654 1281 772 1325 tuos
797 1268 1024 1322 fatnulos
1050 1306 1065 1330 ,
1094 1267 1138 1320 si
1171 1265 1328 1318 modo
1368 1263 1587 1316 omnino
1625 1262 1830 1316 obtine-

250 1366 357 1420 bas
385 1382 400 1418 :
430 1378 572 1418 nunc
600 1372 778 1414 autem
812 1375 906 1428 pro
931 1357 1141 1411 famulis
1169 1356 1497 1409 dominatum
1534 1353 1742 1407 obtines
1773 1351 1827 1405 in

252 1461 610 1527 incorporeas
640 1455 886 1518 virtutes,
904 1451 1258 1520 principatus,
1290 1455 1580 1518 potestates
1607 1486 1622 1509 ,
1655 1453 1828 1500 recto—

251 1566 378 1606 rem
404 1548 560 1617 hujus
583 1543 767 1599 mundi
795 1553 962 1598 tenes.
985 1541 1248 1595 Molestias
1277 1547 1452 1592 autem
1475 1551 1579 1591 non
1598 1535 1750 1598 dicis,
1776 1535 1828 1588 in

251 1642 457 1713 quibus
483 1637 642 1693 simul
667 1651 786 1690 cum
812 1649 878 1690 eo
901 1632 1200 1688 versaberis
1231 1673 1246 1699 ,
1280 1631 1325 1684 si
1355 1629 1568 1700 quando
1597 1628 1830 1683 vexabat

252 1744 439 1791 metus
483 1730 919 1800 magistratuum,
965 1725 1010 1780 si
1058 1723 1270 1803 quando
1301 1723 1596 1777 vicinorum
1639 1720 1829 1773 melior

253 1821 604 1880 existimatio.
641 1818 720 1874 Ab
746 1818 828 1872 his
857 1816 1103 1871 omnibus
1125 1829 1270 1869 nunc
1289 1829 1347 1868 es
1374 1813 1595 1868 liberata
1623 1853 1637 1876 ,
1665 1826 1694 1865 a
1725 1820 1830 1865 ter-

253 1931 388 1971 rore
415 1923 472 1969 et
495 1921 661 1968 metu.
679 1909 784 1966 Sed
805 1909 1030 1965 sollicita
1060 1922 1119 1964 es
1141 1907 1260 1978 quis
1286 1906 1500 1960 relictos
1519 1904 1614 1959 tibi
1636 1905 1829 1959 nutriet

257 2008 432 2072 ﬁlios,
467 2005 626 2060 Pater
651 2002 1034 2072 orphanorum.
1053 2000 1184 2068 Quis
1209 1999 1350 2055 enim
1371 1998 1515 2069 ipsos
1543 1997 1828 2064 dedit,die,

255 2098 482 2167 quaeso?
507 2112 611 2151 non
643 2095 794 2150 audis
823 2094 1087 2150 Christum
1114 2092 1376 2148 dicentem
1407 2093 1458 2146 in
1494 2091 1783 2162 Evangelia
1813 2108 1825 2144 :

257 2189 454 2242 Nonne
487 2188 658 2240 anima
703 2195 774 2240 est
804 2186 919 2255 pius
935 2201 1092 2255 quam
1106 2200 1239 2250 esca,
1268 2192 1315 2237 et
1351 2199 1530 2253 corpus
1558 2199 1708 2253 quant
1747 2184 1828 2236 in-

254 2281 554 2333 dumentum
574 2276 787 2345 (Matth.
809 2276 864 2330 6.
882 2274 975 2346 25)
995 2273 1018 2326 ?

329 2375 388 2428 4.
420 2372 581 2426 Vides
606 2369 1035 2425 lamentationem
1062 2383 1170 2423 non
1199 2381 1318 2422 esse
1337 2383 1397 2422 ex
1428 2366 1828 2431 consuetudine,

253 2467 357 2521 sed
383 2482 451 2519 ex
480 2461 891 2517 incredulitate?
923 2462 991 2514 At
1016 2459 1109 2513 ﬁlii
1138 2473 1244 2514 non
1274 2468 1394 2513 sunt
1422 2474 1572 2528 atque
1605 2459 1734 2514 clari
1777 2469 1831 2514 et

253 2560 528 2621 illustres,
553 2571 672 2610 cum
703 2563 852 2624 pater
876 2552 1188 2616 decesserit.
1209 2552 1424 2618 Quare?
1450 2553 1616 2607 Deum
1637 2552 1833 2607 habent

256 2650 499 2713 Patrem,
523 2656 574 2701 et
597 2662 702 2701 non
730 2655 853 2700 sunt
880 2645 1007 2699 clari
1032 2655 1085 2699 et
1109 2643 1386 2698 illustres?
1429 2659 1588 2714 quam
1636 2645 1832 2700 multos

254 2742 355 2796 tibi
387 2739 663 2795 os'tendam
693 2754 722 2792 a
750 2738 920 2793 viduis
949 2737 1200 2793 educatos
1221 2779 1237 2803 ,
1284 2738 1375 2808 qui
1419 2737 1633 2792 fuerunt.
1678 2739 1832 2794 bona:

251 2831 709 2888 existimationis?
751 2845 906 2899 quam
951 2830 1148 2884 multos
1173 2838 1350 2885 autem
1377 2845 1405 2884 a
1433 2831 1669 2900 patribus
1695 2832 1831 2887 edu-

254 2933 430 2987 catos,
467 2922 556 2991 qni
584 2920 888 2991 perierunt?
917 2918 972 2974 Si
1001 2921 1142 2975 enim
1163 2936 1256 2976 eos
1273 2921 1488 2986 educas,
1515 2930 1573 2976 ut
1601 2933 1829 2992 oportet,

254 3029 288 3068 ι
317 3014 491 3083 prima
517 3013 732 3067 ineunte
777 3020 967 3078 aetate,
1018 3011 1206 3081 majori
1251 3010 1492 3067 fruentur
1532 3013 1832 3082 beneﬁcio,

249 3119 420 3174 qnam
444 3117 514 3158 ex
542 3117 669 3156 cura
698 3111 937 3171 paterna.
968 3102 1118 3170 Quod
1148 3104 1288 3157 enim
1317 3103 1418 3159 hoc
1443 3105 1512 3159 sit
1556 3106 1829 3161 viduarum

261 3209 460 3249 munus
482 3234 498 3258 ,
550 3208 742 3261 nempe
767 3193 903 3247 ﬁlios
925 3194 1094 3260 alere,
1119 3196 1242 3249 audi
1273 3195 1494 3250 Paulum
1520 3196 1781 3253 dicentem
1815 3216 1829 3253 :

261 3290 328 3344 Si
354 3290 487 3358 ﬁlios
514 3289 782 3352 educavit;
808 3297 863 3344 et
892 3305 1095 3355 rursus,
1126 3289 1420 3344 Saluabitur
1448 3301 1614 3346 autem
1636 3309 1724 3360 per
1764 3294 1832 3362 ﬁ-

257 3381 448 3435 liorum
476 3382 841 3450 generationem
867 3382 1008 3450 (non
1057 3381 1230 3448 dixit,
1277 3381 1381 3437 Per
1421 3383 1745 3456 maritum),
1791 3386 1836 3441 si

257 3473 631 3543 permanserint
659 3474 711 3526 in
737 3473 837 3542 [ide
864 3483 910 3527 et
951 3476 1158 3526 caritate
1197 3484 1244 3528 et
1285 3477 1678 3544 sanctiﬁcatione
1721 3495 1833 3531 cum

255 3565 591 3634 temperantia
620 3565 704 3635 (1.
731 3559 867 3618 Tim.
894 3566 948 3620 5.
974 3565 1060 3620 10.
1089 3577 1135 3619 et
1169 3566 1222 3619 2.
1257 3568 1383 3637 15).
1414 3569 1580 3623 lndite
1620 3571 1698 3625 eis
1741 3571 1834 3627 Dei

259 3659 514 3712 timorem
536 3658 603 3712 ab
633 3659 851 3714 ineunte
879 3668 1034 3714 :etate
1052 3701 1066 3724 ,
1097 3668 1152 3714 et
1179 3660 1225 3714 is
1253 3676 1345 3716 eos
1367 3663 1534 3732 magis
1574 3663 1837 3719 custodiet

260 3764 428 3818 quam
450 3749 618 3818 quivis
647 3759 831 3819 pater:
865 3749 950 3805 hic
973 3751 1071 3806 erit
1102 3767 1285 3807 murus
1309 3751 1583 3809 infractus.
1611 3755 1835 3821 Quando

261 3843 413 3894 enim
435 3841 573 3894 intus
595 3841 750 3896 fuerit
766 3841 1007 3897 residens
1035 3853 1235 3911 custos,
1271 3844 1401 3899 nihil
1430 3847 1583 3902 nobis
1603 3851 1836 3904 externis

255 3944 401 3999 Opus
445 3939 527 3986 est
569 3932 951 3988 munitionibus
983 3952 997 3989 :
1030 3935 1074 3988 si
1123 3944 1301 3991 autem
1351 3953 1455 3992 non
1503 3939 1610 4005 sit,
1641 3940 1834 3998 frustra

258 4032 388 4074 sunt
416 4037 767 4092 quaecumque
795 4033 1041 4079 externa.
1072 4025 1184 4081 Hoc
1211 4028 1314 4082 erit
1339 4030 1417 4084 eis
1446 4037 1501 4085 et
1545 4031 1742 4088 divitiae
1783 4045 1836 4089 et

257 4111 430 4182 gloria
459 4123 515 4167 et
556 4124 925 4170 ornamentum
955 4135 969 4169 :
999 4116 1099 4173 hoc
1128 4133 1222 4174 eos
1249 4119 1404 4176 faciet
1431 4123 1604 4179 claros
1629 4136 1682 4180 et
1712 4127 1833 4184 illu-

258 4213 428 4268 stres,
449 4219 558 4258 non
582 4204 633 4258 in
664 4213 827 4272 terra,
859 4206 953 4261 sed
978 4208 1140 4262 etiam
1166 4211 1219 4264 in
1248 4213 1412 4266 caelis.
1440 4212 1518 4268 Ne
1542 4215 1833 4272 mihienim

255 4293 330 4348 ad
360 4294 482 4348 illos
506 4296 788 4365 aspexeris
811 4297 900 4366 qui
925 4298 1083 4354 cincti
1109 4309 1231 4356 sunt
1257 4303 1405 4358 zonis
1428 4305 1622 4373 aureis,
1650 4322 1748 4362 nec
1769 4309 1835 4364 ad

257 4399 359 4464 eos
386 4386 475 4454 qui
503 4385 771 4442 vehuntur
795 4389 945 4459 equis
968 4428 984 4455 ,
1013 4405 1114 4445 nec
1137 4390 1204 4446 ad
1232 4407 1326 4447 eos
1351 4393 1439 4463 qui
1466 4393 1744 4464 splendent
1781 4398 1834 4453 in

255 4461 410 4546 regis
441 4486 658 4546 propter
682 4488 882 4548 patres,
914 4496 1012 4537 nec
1038 4482 1104 4536 ad
1133 4499 1226 4538 eos
1254 4485 1340 4554 qui
1368 4461 1599 4542 asseclas
1637 4487 1837 4545 habent

257 4579 318 4623 et
340 4568 677 4639 pedagogos.
702 4569 828 4626 Haec
853 4572 993 4627 enim
1023 4575 1247 4630 fortasse
1271 4576 1454 4632 viduas
1481 4579 1737 4634 inducunt
1780 4591 1838 4636 ut

259 4661 519 4730 plangant
540 4671 760 4731 propter
782 4663 1071 4734 orphanos,
1101 4668 1178 4723 sic
1199 4670 1490 4738 cogitantes
1520 4689 1533 4726 :
1561 4672 1657 4728 llic
1687 4690 1836 4731 meus

261 4752 439 4817 ﬁlius,
484 4753 531 4807 si
577 4762 726 4823 pater
771 4757 820 4811 ei
848 4757 1033 4813 inisset
1060 4770 1358 4829 superstes,
1391 4772 1587 4819 tantam
1615 4766 1837 4838 adeptus

261 4853 410 4898 esset
434 4844 855 4913 beatitudinem;
887 4864 1028 4904 nunc
1051 4859 1226 4906 autem
1275 4863 1358 4907 est
1401 4855 1454 4908 in
1503 4871 1733 4914 maerore
1783 4871 1838 4916 et

260 4942 595 5004 comemptu,
625 4945 682 4990 et
711 4937 762 4990 in
785 4938 926 4993 nulla
951 4940 1356 4998 existimatione.
1379 4945 1455 5000 Ne
1479 4947 1591 5003 lucc
1611 4952 1832 5021 cogites,

261 5038 298 5079 o
324 5024 537 5090 mulier,
567 5026 663 5081 sed
686 5029 1002 5098 cogitatione
1027 5033 1170 5102 aperi
1192 5035 1306 5088 caeli
1333 5047 1530 5104 portas,
1551 5040 1698 5097 disce
1718 5057 1834 5098 eam

264 5129 388 5184 qua
417 5115 524 5170 illic
546 5129 626 5172 est
649 5118 885 5189 Regiam,
915 5134 1097 5191 reputa
1125 5140 1191 5179 an
1221 5127 1254 5180 ii
1281 5128 1368 5196 qni
1401 5140 1522 5184 sunt
1561 5131 1615 5187 in
1654 5141 1795 5188 terra
1815 5176 1830 5201 ,

267 5206 476 5272 possint
499 5223 621 5262 esse
643 5209 896 5267 clariores
923 5213 1031 5268 ﬁlio
1054 5223 1142 5270 tuo
1167 5218 1256 5286 qui
1302 5219 1409 5274 illic
1445 5232 1561 5290 est,
1607 5233 1661 5278 et
1706 5235 1832 5281 tunc

267 5294 604 5364 ingemisce:
649 5300 693 5354 si
723 5309 900 5356 autem
929 5303 980 5358 in
1021 5313 1160 5360 terra
1207 5308 1312 5362 sint
1353 5311 1512 5382 aliqui
1560 5313 1828 5382 illustres,

263 5385 384 5455 ejus
414 5388 489 5442 rei
512 5390 656 5444 nulla
680 5401 764 5446 est
788 5393 1027 5450 habenda
1063 5399 1196 5452 ratio
1223 5417 1236 5453 :
1267 5399 1391 5456 licet
1408 5404 1452 5456 si
1478 5404 1609 5460 velis
1653 5408 1821 5477 ipsum

264 5481 499 5538 militare
528 5484 581 5538 in
606 5484 752 5540 caelis
770 5527 784 5552 ,
813 5491 866 5543 in
908 5489 1046 5546 illius
1073 5492 1340 5549 exercitus
1384 5511 1661 5555 numerum
1706 5517 1825 5557 eum

1074 331 1139 392 IN
1174 331 1389 393 EPIST.
1429 335 1474 390 l.
1515 333 1603 388 AD
1635 328 1966 389 TH'ESSAL.
2007 330 2160 388 CAP.
2197 331 2286 389 IV.
2331 334 2560 392 llOMlL.
2604 335 2694 394 Vl.

3389 339 3496 401 ΔΜ

1933 443 2154 499 referre.
2187 446 2316 500 Nam
2345 448 2432 518 qui
2465 450 2516 502 in
2546 448 2692 503 illum
2720 459 2999 506 numerum
3020 450 3322 509 referuntur
3345 494 3361 521 ,
3391 472 3500 510 non

1933 536 2084 604 equis
2113 535 2396 604 vehuntur,
2430 538 2523 593 sed
2549 539 2790 594 feruntur
2812 540 2863 594 in
2903 541 3168 607 nubibus;
3202 558 3305 598 non
3353 543 3496 598 humi

1931 625 2274 695 gradiuntur,
2305 627 2398 680 sed
2430 629 2702 696 rapiuntur
2725 630 2778 684 in
2807 631 2996 686 caelum
3026 647 3041 684 :
3073 647 3178 687 non
3199 633 3394 689 habent
3418 635 3496 687 fa-

1934 715 2105 768 mulos
2133 716 2220 783 qui
2247 715 2389 784 ipsos
2424 718 2753 786 praecedant,
2788 720 2880 775 sed
2906 720 3050 791 ipsos
3086 723 3340 793 angelos;
3389 740 3497 779 non

1933 807 2190 860 assistunt
2215 808 2328 877 regi
2354 807 2586 873 mortali,
2619 810 2711 864 sed
2741 809 3061 881 immortali,
3102 814 3232 885 Regi
3271 831 3454 885 regum
3479 858 3498 884 ,

1933 908 1989 952 et
2017 899 2238 954 Domino
2267 899 2686 966 dominantium;
2716 918 2820 958 non
2863 903 3061 959 habent
3103 908 3244 962 circa
3290 908 3501 963 lumbos

1933 1003 2120 1044 zonam
2153 991 2454 1060 pelliceam,
2487 992 2578 1047 sed
2609 993 2828 1063 gloriam
2861 995 3000 1050 illam
3044 998 3358 1054 ineffabilem
3384 1042 3397 1064 ,
3447 1011 3502 1054 et

1934 1081 2145 1150 regibus
2171 1084 2302 1137 ﬁunt
2324 1083 2711 1154 splendidiores
2737 1102 2750 1150 ;
2779 1093 2832 1139 et
2863 1087 2926 1140 iis
2956 1089 3045 1156 qui
3068 1090 3350 1160 aliquando
3380 1090 3498 1146 iuc-

1934 1182 2059 1226 runt
2085 1173 2134 1227 in
2168 1173 2371 1229 honore
2393 1185 2446 1230 et
2483 1176 2890 1232 existimatione.
2943 1178 2998 1232 ln
3039 1180 3128 1234 illa
3171 1184 3312 1236 enim
3357 1182 3501 1253 regia

1935 1277 2038 1316 non
2065 1275 2372 1333 quaeruntur
2395 1265 2591 1321 divitiae
2611 1309 2625 1333 ,
2657 1283 2827 1339 neque
2853 1269 3119 1332 nobilitas,
3146 1286 3316 1341 neque
3344 1273 3501 1342 quid-

1933 1371 2089 1425 quam
2116 1358 2278 1424 aliud,-
2312 1358 2406 1412 sed
2433 1359 2607 1413 solum
2632 1361 2886 1430 quaeritur
2909 1362 3108 1426 virtus;
3141 1372 3194 1418 et
3219 1364 3262 1417 si
3299 1378 3360 1418 ea
3404 1364 3500 1418 ad-‘

1934 1448 2033 1514 sit,
2069 1449 2199 1503 nihil
2225 1449 2376 1505 deest
2417 1451 2482 1504 ad
2526 1451 2723 1519 primas
2767 1461 2942 1522 partes
2988 1452 3324 1508 obtinendas.
3364 1449 3502 1509 Nihil

1933 1549 2015 1594 est
2045 1542 2198 1596 nobis
2224 1541 2441 1598 dil‘tieile
2469 1544 2512 1596 si
2538 1545 2764 1600 velimus
2788 1546 3173 1616 phi1050phari.
3202 1547 3422 1618 Suspice
3449 1549 3503 1602 in

1933 1634 2141 1696 cmlum.
2169 1645 2224 1690 et
2253 1636 2370 1692 vide
2399 1648 2652 1707 quantum
2681 1655 2862 1709 regum
2889 1640 3095 1710 fastigio
3122 1641 3222 1695 hoc
3249 1642 3319 1695 sit
3363 1658 3503 1711 pra:-

1933 1725 2148 1780 clarius.
2179 1725 2234 1782 Si
2257 1735 2434 1782 autem
2464 1743 2814 1798 supernorum
2840 1746 3022 1800 regum
3039 1732 3399 1801 pavimentum
3422 1744 3502 1788 est

1935 1815 2242 1871 inferiorum
2274 1832 2456 1888 regum
2509 1820 2812 1888 pavimento
2854 1829 2998 1875 tanto
3043 1823 3501 1892 magniﬁcentius,-

1933 1915 1993 1960 ut
2020 1907 2118 1962 hoc
2148 1923 2260 1978 prae
2289 1909 2379 1963 illo
2403 1924 2614 1964 caenum
2647 1911 2978 1965 existimetur
3007 1926 3021 1963 :
3050 1912 3096 1966 si
3117 1913 3377 1982 quispiam
3423 1913 3504 1967 di-

1932 2013 2069 2069 gnus
2088 2000 2154 2056 sit
2172 2000 2380 2055 habitus
2408 2003 2497 2072 qui
2525 2013 2709 2057 exacte
2736 2012 2788 2057 et
2813 2012 3056 2058 accurate
3085 2005 3260 2058 videat
3283 2006 3501 2076 regiam,

1933 2107 2159 2159 quanam
2187 2109 2292 2148 non
2321 2095 2422 2149 erit
2451 2095 2640 2166 dignus
2669 2096 3033 2153 beatitudine?
3061 2098 3188 2162 Quit
3211 2110 3397 2164 autem,
3433 2101 3502 2154 ine

1932 2182 2064 2249 quit,
2093 2191 2164 2236 est
2191 2197 2305 2238 vere
2332 2185 2502 2249 vidua,
2537 2197 2582 2240 et
2613 2187 2837 2240 desolata
2863 2231 2878 2256 ,
2908 2199 3076 2259 sperat
3101 2193 3154 2243 in
3200 2190 3364 2244 Deum
3408 2197 3502 2260 (1.

1935 2269 2066 2324 Tim.
2100 2274 2154 2328 5.
2186 2274 2284 2342 5).
2315 2275 2426 2330 iloc
2449 2277 2762 2346 quibusnam
2809 2295 2838 2332 a
2888 2295 2973 2335 me
3013 2281 3214 2335 dictum
3265 2283 3389 2337 est?
3433 2283 3505 2339 lis

1933 2376 2051 2431 qua:
2081 2362 2279 2419 habent
2303 2365 2476 2433 ﬁlios,
2507 2369 2647 2438 quod
2676 2370 2829 2440 longe
2876 2373 3208 2441 probatiores
3250 2375 3357 2429 sint
3381 2416 3395 2442 ,
3448 2386 3506 2431 et

1934 2453 2192 2524 majorem
2229 2455 2462 2513 habeant
2490 2460 2825 2516 occasionem
2869 2463 3111 2532 placendi
3159 2466 3306 2531 Deo;
3359 2468 3504 2536 quod

1933 2547 2011 2601 eis
2039 2549 2216 2603 omnia
2247 2551 2417 2605 soluta
2444 2553 2552 2607 sint
2574 2555 2802 2618 vincula,
2833 2571 2988 2611 nemo
3018 2558 3087 2610 sit
3111 2560 3199 2627 qui
3240 2559 3466 2614 retineat
3485 2599 3503 2626 ,

1930 2653 2105 2708 neque
2129 2642 2216 2710 qui
2238 2653 2391 2712 cogat
2418 2644 2533 2698 illas
2555 2646 2766 2701 trahere
2795 2658 3030 2702 catenas.
3071 2649 3327 2718 Separata
3367 2667 3425 2706 es
3471 2667 3504 2706 a

1932 2730 2047 2784 viro
2069 2771 2085 2797 ,
2118 2732 2212 2786 sed
2242 2736 2387 2787 unita
2418 2750 2478 2789 es
2509 2736 2616 2790 Dco
2647 2753 2658 2789 :
2691 2753 2799 2791 non
2846 2739 3009 2794 habes
3058 2755 3379 2797 conservum
3430 2752 3507 2800 te‘

1933 2835 2055 2876 cum
2087 2823 2367 2880 habentem
2396 2829 2854 2897 consuetudinem,
2888 2831 2983 2885 sed
3017 2831 3178 2888 babes
3204 2835 3503 2890 Dominum.

1933 2913 2154 2981 Quando
2177 2931 2298 2971 oras
2317 2958 2334 2984 ,
2363 2933 2541 2973 nonne
2571 2935 2689 2974 eum
2723 2922 2832 2975 Deo
2863 2922 3093 2992 loqueris
3114 2964 3129 2989 ,
3160 2925 3264 2986 dic,
3284 2929 3508 2996 quazso?

1933 3007 2144 3076 quando
2169 3008 2320 3079 legis,
2344 3011 2465 3065 audi
2485 3027 2604 3066 eum
2628 3021 2801 3067 tecum
2829 3015 3152 3085 loquentem.
3172 3018 3305 3084 Quid
3327 3029 3506 3074 autem

1933 3097 2097 3152 dicit?
2124 3099 2296 3155 Verba
2328 3102 2424 3155 viri
2454 3105 2634 3158 verbis
2678 3106 2847 3159 multo
2894 3108 3062 3176 magis
3108 3108 3502 3170 desiderabilia.

1933 3189 2065 3245 Nam
2092 3191 2172 3245 vir
2191 3193 2421 3262 quidem,
2456 3195 2662 3249 etiamsi
2705 3196 2971 3265 aduletur,
3003 3214 3109 3253 non
3160 3217 3383 3270 magnus
3423 3215 3505 3259 est

1934 3281 2140 3349 honor;
2169 3291 2251 3339 est
2276 3284 2415 3339 enim
2442 3299 2731 3340 conservus
2768 3305 2782 3340 :
2812 3289 3023 3356 quando
3048 3301 3224 3346 autem
3251 3293 3506 3350 Dominus

1936 3372 2148 3430 famulae
2169 3376 2436 3443 adulatur,
2468 3387 2592 3434 tunc
2615 3394 2801 3449 magna
2823 3391 2904 3435 est
2923 3397 3048 3435 cura
3067 3393 3119 3436 et
3148 3383 3503 3442 observantia.

1935 3463 2213 3532 Quomodo
2234 3484 2360 3538 ergo
2381 3485 2478 3524 nos
2503 3481 2654 3525 curat
2681 3481 2734 3524 et
2758 3472 3041 3527 observat?
3070 3475 3208 3530 Audi
3239 3493 3332 3546 per
3356 3495 3504 3548 quaa-
3536 3514 3540 3518 -

1937 3574 2058 3613 nam
2086 3560 2200 3616 haec
2224 3561 2347 3614 iacit
2374 3578 2389 3614 :
2429 3561 2618 3628 Venite,
2653 3566 2841 3634 inquit,
2871 3567 2937 3619 ad
2966 3584 3043 3620 me
3071 3585 3238 3623 omnes
3259 3573 3345 3640 qui
3366 3574 3506 3628 tabo-

1935 3650 2060 3703 ratis
2088 3659 2136 3703 et
2163 3653 2355 3705 onerati
2381 3653 2521 3718 estis,
2549 3664 2594 3707 et
2619 3671 2710 3724 ego
2747 3657 2974 3723 reﬁciam
3009 3673 3098 3711 vos
3142 3659 3364 3728 (Matth.
3415 3665 3502 3718 11.

1932 3741 2060 3812 28).
2089 3742 2156 3796 Et.
2181 3759 2369 3798 rursus
2397 3759 2494 3814 per
2523 3745 2835 3814 prophetam
2867 3749 3082 3816 clamat,
3117 3751 3298 3807 dicens
3318 3795 3334 3820 ,
3362 3753 3506 3811 Nunt

1936 3835 2251 3889 obliviscetur
2269 3837 2452 3891 mulier
2480 3840 2700 3892 misereri
2725 3842 2931 3910 {mtuum
2951 3844 3139 3897 ventris
3166 3845 3244 3898 sui
3264 3846 3289 3899 .’
3311 3849 3444 3917 quod
3462 3850 3506 3904 si

1937 3927 2086 3980 etiam
2112 3927 2268 3981 oblita
2291 3931 2446 3998 fuerit
2473 3931 2674 3997 mulier,
2705 3933 2793 3984 sed
2820 3949 2910 4004 ego
2940 3950 3040 3988 non
3070 3935 3354 4006 obliviscar,
3386 3941 3507 3996 dicit

1937 4017 2186 4072 Dominus
2214 4017 2379 4088 (Isai.
2432 4021 2522 4075 49.
2571 4022 2694 4092 15).
2741 4022 2933 4090 Quanti
2981 4027 3184 4082 amoris
3227 4040 3350 4086 sunt
3391 4030 3516 4088 haec-

1935 4112 2136 4168 verba?
2165 4112 2232 4167 Et
2251 4128 2459 4180 rursus,
2484 4113 2838 4169 Convertimini
2862 4117 2931 4169 ad
2947 4134 3024 4171 me
3037 4136 3058 4185 ;
3077 4129 3129 4174 et
3146 4135 3331 4176 rursus
3354 4123 3504 4190 alibi,

1937 4204 2231 4260 Convertere
2253 4205 2320 4260 ad
2339 4223 2438 4273 me,
2469 4216 2514 4261 et
2544 4207 2711 4261 salvus
2736 4209 2831 4262 eris
2858 4208 2875 4278 (
2900 4208 3028 4263 Isai.
3063 4212 3117 4264 4.
3144 4212 3197 4266 5.
3228 4212 3318 4266 22.
3343 4224 3391 4267 et
3410 4216 3503 4270 44.

1929 4296 2005 4350 22
2023 4296 2066 4366 ).
2096 4297 2152 4352 Si
2179 4298 2298 4367 quis
2322 4307 2498 4353 autem
2523 4302 2685 4353 etiam
2711 4315 2778 4353 ex
2802 4299 3035 4356 Canticis
3055 4304 3507 4375 velitexcerpere,

1937 4390 2135 4455 audiet,
2166 4390 2334 4460 magis
2359 4391 2580 4460 mystica
2608 4391 2879 4459 excipiens
2912 4409 2928 4445 :
2970 4391 3199 4447 Pulchra
3232 4413 3344 4449 mea
3367 4437 3383 4464 ,
3415 4415 3506 4452 εο-

1938 4480 2106 4533 tumba
2128 4495 2239 4534 mea
2269 4479 2455 4550 (Cant.
2482 4482 2655 4551 2.10)
2677 4499 2690 4546 ;
2721 4481 2899 4537 audiet
2922 4498 3041 4537 cum
3064 4499 3379 4557 unaquaque
3404 4489 3506 4545 sibi

1936 4573 2284 4627 conveniente
2310 4573 2483 4627 anima
2513 4572 2884 4629 disserentem.
2912 4575 3049 4642 Quid
3094 4576 3178 4632 his
3209 4581 3387 4637 verbis
3421 4582 3509 4653 ju-

1935 4663 2200 4718 cundius?
2224 4663 2387 4719 Vides
2416 4665 2508 4720 Dei
2532 4679 2654 4720 cum
2695 4665 2910 4724 homine
2950 4669 3319 4740 colloquium?
3366 4674 3505 4743 Quid

1937 4752 2491 4827 autem,dic,quazso?
2525 4774 2630 4813 non
2659 4759 2806 4814 vides
2833 4777 2992 4831 quam
3034 4764 3187 4820 multi
3227 4765 3505 4825 beatarum

1938 4846 2144 4900 illarum
2177 4847 2456 4902 mulierum
2488 4848 2580 4904 ﬁlii
2611 4849 2975 4922 decesserunt,
3004 4863 3058 4909 et
3086 4858 3286 4912 suntin
3323 4861 3506 4932 sepul-

1936 4939 2085 4994 cris?
2112 4950 2242 5010 quot
2261 4941 2511 4996 mulieres
2537 4945 2781 5014 graviora
2809 4960 2977 5015 passae
3003 4958 3144 5014 sunt,
3174 4959 3228 5005 et
3251 4965 3369 5006 cum
3395 4968 3509 5006 ma-

1939 5031 2054 5087 ritis
2083 5031 2219 5086 ﬁlios
2248 5049 2456 5103 quoque
2477 5035 2814 5091 amiserunt?
2839 5038 2932 5094 His
2952 5041 3307 5110 attendamus,
3333 5043 3400 5099 de
3421 5044 3506 5101 his

1937 5121 2102 5176 simus
2117 5123 2372 5188 solliciti;
2405 5135 2459 5179 et
2487 5126 2616 5180 nihil
2643 5128 2746 5182 erit
2774 5129 2926 5184 nobis
2955 5133 3267 5197 molestum,
3300 5134 3391 5189 sed
3418 5143 3502 5190 to-

1940 5222 2049 5266 tn-m
2078 5222 2284 5284 tempus
2307 5230 2622 5286 peragamus
2651 5219 2902 5288 degentes
2943 5237 3062 5276 cum
3105 5224 3297 5294 gaudio
3343 5226 3504 5295 spiri-

1942 5304 2086 5370 tuali,
2117 5316 2173 5360 et
2197 5307 2350 5361 bonis
2374 5306 2612 5364 fruemur
2635 5313 2850 5366 aetemis
2878 5329 2893 5371 :
2925 5329 3042 5383 quae
3068 5316 3220 5372 nobis
3245 5318 3492 5377 omnibus

1940 5393 2090 5451 detur
2112 5399 2360 5469 consequi
2383 5399 2546 5470 gratia
2574 5411 2626 5456 et
2654 5401 2995 5473 benignitate,
3033 5415 3139 5462 etc.
