3834 6510
471 298 576 358 43ῗὶ

1220 299 1278 356 8.
1318 294 1594 354 JOANNIS
1629 288 2103 349 CHRYSOSTOMI
2141 290 2453 351 ARCIIIEP.
2485 294 3005 358 CONSTANTINOP.

3630 318 3728 370 536

486 449 3720 480 MM

1867 522 2210 587 HOMILIA
2252 524 2384 590 VII.

482 686 611 743 CAP.
639 687 690 740 4.
722 700 777 737 v.
808 683 893 738 12.
924 681 1061 737 Nolo
1081 692 1247 735 autem
1282 696 1366 735 vos
1414 682 1647 749 ignorare
1667 719 1681 743 ,
1722 680 1905 746 fratres
1929 714 1944 736 ,
1988 671 2051 724 de

555 776 911 830 dormientibus
931 815 943 834 ,
972 785 1025 826 ut
1051 790 1151 826 non
1177 771 1539 825 contristemini
1560 809 1575 833 ,
1626 776 1753 821 sicut
1801 775 1847 819 et
1886 762 2053 817 cwteri

553 868 639 933 qui
662 883 796 935 spem
828 884 927 919 non
957 865 1157 918 habent.

557 964 609 1016 1.
640 961 815 1014 Multa:
849 974 932 1013 res
962 969 1085 1012 sunt
1113 958 1266 1011 nobis
1294 956 1534 1010 molesta:
1556 969 1622 1007 ex
1655 951 1767 1006 sola
1796 950 2049 1019 ignoran-

482 1057 553 1109 tia
587 1073 598 1106 :
632 1052 771 1123 quod
800 1053 845 1106 si
875 1064 966 1107 eas
992 1062 1139 1105 recte
1164 1049 1538 1109 didicerimus,
1568 1046 1807 1099 dolorem
1836 1038 2052 1119 propul-

475 1147 732 1202 sabimus.
768 1145 880 1200 Hoc
904 1158 1033 1213 ergo
1055 1132 1488 1211 Paulus'quoque
1518 1137 1778 1200 indicans,
1802 1132 2042 1188 dicebat:

479 1238 530 1291 Ν
535 1238 615 1292 olo
644 1250 731 1291 vos
758 1236 1012 1307 ignorare,
1042 1244 1097 1287 ut
1125 1251 1225 1287 non
1252 1231 1626 1296 contristemini,
1656 1231 1785 1283 sicut
1813 1237 1858 1280 et
1879 1224 2048 1281 cceteri

475 1330 559 1397 qui
588 1344 727 1398 spem
751 1344 852 1380 non
882 1327 1081 1379 habent.
1115 1324 1250 1393 Quid
1290 1338 1395 1377 non
1441 1323 1520 1376 vis
1570 1323 1711 1391 ipsos
1765 1316 2049 1389 ignorare?

477 1420 813 1483 Sermonem,
848 1417 1035 1487 inquit,
1063 1416 1129 1469 de
1159 1414 1566 1469 resurrectione.
1616 1413 1722 1466 Cur
1768 1424 1897 1464 vero
1940 1424 2047 1462 non

475 1513 611 1568 dicis
656 1510 973 1581 supplicium
1026 1510 1166 1579 quod
1227 1520 1309 1563 est
1357 1508 1649 1576 repositum
1692 1518 1755 1558 ac
1807 1511 2047 1573 paratum

476 1605 839 1675 ignorantibus
883 1602 1101 1656 verbum
1150 1598 1599 1654 resurrectionis?
1643 1595 1775 1663 Quia
1821 1594 1923 1648 hoc
1966 1601 2049 1647 est

476 1698 598 1751 inde
619 1696 976 1759 manifestum,
1020 1704 1073 1749 et
1110 1695 1161 1748 in
1189 1692 1434 1747 confesso
1461 1702 1542 1746 est
1574 1706 1585 1741 :
1620 1688 1827 1743 interim
1867 1697 2044 1741 autem

472 1789 579 1843 erit
605 1802 816 1857 quoque
844 1787 967 1840 inde
995 1802 1099 1840 non
1126 1800 1306 1853 parum
1336 1782 1488 1837 lucri.
1521 1780 1652 1835 Nam
1682 1778 1931 1848 quoniam
1961 1792 2046 1830 re-

472 1878 789 1932 surrectioui
815 1877 1027 1947 quidem
1051 1872 1207 1930 ﬁdem
1244 1874 1545 1936 habebant,
1595 1871 1689 1926 sed
1735 1880 1912 1926 tamen
1967 1869 2045 1922 la-

473 1968 876 2033 mentabantur,
907 1977 1185 2037 prepterea
1211 1967 1288 2021 sic
1316 1964 1469 2020 dicit.
1494 1966 1664 2019 Aliter
1708 1963 1920 2034 quidem
1961 1961 2043 2016 lo-

470 2058 651 2129 quitur
678 2074 924 2113 cumnou
954 2059 1329 2121 credentibus,
1374 2059 1531 2112 aliter
1576 2071 1705 2110 vero
1752 2070 1871 2108 cum
1916 2055 2040 2106 his:

473 2168 593 2206 nam
625 2167 717 2206 eos
747 2153 835 2222 qui
857 2153 1166 2222 quaerebant
1194 2152 1261 2205 de
1294 2152 1617 2219 temporibus
1637 2149 1807 2219 palam
1834 2157 1918 2203 est
1940 2146 2041 2202 hoc

470 2244 714 2298 scivisse.
764 2244 851 2297 1⁸5.
904 2237 967 2297 Si
1009 2243 1139 2296 enim
1168 2242 1449 2306 credimus,
1483 2242 1681 2310 inquit,
1728 2240 1860 2310 quod
1892 2238 2042 2293 Jesus

472 2344 699 2388 mortuus
724 2344 794 2389 est
818 2345 864 2387 et
888 2334 1163 2388 resurrexit
1189 2344 1235 2387 et
1260 2335 1382 2387 vixit
1407 2350 1425 2387 :
1451 2334 1521 2386 ita
1548 2342 1593 2385 et
1630 2332 1761 2386 Deus
1789 2348 1871 2385 eos
1894 2372 1908 2397 ,
1956 2332 2041 2400 qui

468 2426 782 2481 dormierunt
810 2443 897 2494 per
917 2424 1113 2488 Iesum,
1147 2425 1364 2479 adducet
1392 2442 1504 2478 cum
1526 2440 1603 2478 eo.
1637 2423 1735 2479 Ubi
1778 2432 1902 2478 sunt
1949 2423 2037 2492 qui

467 2534 679 2573 carnem
706 2518 992 2587 reprobant
1018 2527 1070 2571 et
1096 2517 1386 2585 rejiciunt?
1410 2516 1544 2571 Nam
1582 2514 1629 2571 si
1675 2530 1893 2571 carnem
1936 2530 2039 2568 non

468 2611 701 2678 accepit,
734 2624 830 2663 nec
857 2618 939 2663 est
965 2618 1206 2664 mortuus
1235 2627 1248 2663 :
1277 2607 1324 2662 si
1354 2622 1458 2662 non
1485 2617 1570 2662 cst
1620 2616 1861 2661 mortuus
1881 2647 1896 2671 ,
1942 2621 2043 2661 nec

467 2701 779 2755 resurrexit.
809 2700 1088 2768 Quomodo
1114 2715 1243 2769 ergo
1271 2714 1370 2754 nos
1395 2715 1460 2754 ex
1492 2698 1574 2753 his
1613 2698 1928 2773 adhortatur
1970 2698 2037 2752 ad

468 2790 622 2846 ﬁdem
648 2792 671 2845 ?
698 2808 902 2855 auium,
937 2791 1077 2860 quod
1103 2788 1169 2844 ad
1218 2806 1405 2845 eorum
1452 2791 1640 2845 attinet
1684 2790 2001 2844 sententiam
2022 2832 2037 2855 ,

464 2893 549 2938 est
578 2884 751 2951 potius
778 2891 1000 2951 nugator
1026 2891 1079 2937 et
1105 2882 1393 2951 impostor?
1419 2882 1547 2935 Nam
1575 2883 1618 2935 si
1642 2893 1907 2937 mortuum
1921 2898 2041 2938 esse

466 2984 549 3026 est
579 2956 802 3043 peccati,
830 2973 1074 3027 Christus
1098 2983 1273 3028 autem
1316 2990 1422 3028 non
1468 2975 1738 3043 peccavit,
1768 2978 2037 3046 quomodo

468 3080 566 3119 nos
584 3080 724 3118 nunc
739 3065 1089 3119 adhortatur?
1105 3066 1369 3133 Quorsum
1392 3081 1519 3120 vero
1540 3067 1699 3121 etiam
1716 3067 1864 3134 dicit,
1888 3068 2037 3123 Sicut

469 3158 648 3225 reliqui
669 3152 756 3226 qui
780 3174 919 3226 spem
940 3174 1039 3210 non
1067 3159 1246 3210 habent
1269 3158 1294 3210 Ρ
1320 3155 1481 3225 Quasi
1512 3159 1734 3226 diceret,
1769 3160 2034 3227 Quosnam

465 3249 712 3315 delletis‘,
746 3266 777 3303 o
805 3248 1087 3304 homines?
1120 3264 1214 3317 pro
1243 3250 1558 3319 quibusnam
1600 3265 1832 3306 maerore
1868 3253 2036 3306 afﬁci-

466 3342 638 3397 mini?
666 3357 760 3411 pro
790 3342 1177 3412 peccatoribus,
1210 3358 1277 3396 an
1301 3357 1397 3411 pro
1420 3343 1484 3397 iis
1532 3352 1733 3397 tantum
1777 3342 1868 3413 qui
1918 3358 2034 3397 mo-

464 3433 718 3488 riuntur?
751 3433 822 3487 illi
851 3434 1010 3504 igitur
1034 3448 1292 3504 quosnam
1327 3428 1559 3489 deﬂent?
1587 3433 1743 3490 Certe
1768 3444 1891 3489 sunt
1932 3434 2035 3488 illis

410 3505 416 3513 I
463 3526 639 3579 omnia
673 3525 870 3579 inania.
905 3524 1312 3596 Primogenitus,
1344 3527 1534 3595 inquit,
1563 3543 1626 3580 ea:
1645 3529 1856 3581 mortuis
1886 3526 2029 3598 (Col.

464 3619 515 3673 1.
551 3616 687 3690 is);
722 3619 772 3674 id
802 3627 904 3685 est,
937 3620 1201 3688 primitiae.
1234 3620 1378 3689 Ergo
1404 3629 1455 3674 et
1482 3629 1706 3675 cmteros
1728 3634 1846 3674 esse
1873 3634 2032 3689 opor-

464 3721 558 3765 tet.
591 3710 724 3765 Vide
745 3720 923 3765 autem
950 3712 1219 3781 quomodo
1246 3711 1331 3766 hic
1355 3711 1488 3765 nihil
1528 3712 1769 3766 adstruat
1808 3713 2029 3766 rationi-

462 3801 582 3869 bus,
616 3807 864 3874 quoniam
896 3815 1049 3860 erant
1081 3807 1235 3861 mites
1269 3816 1323 3860 et
1353 3807 1542 3862 placidi
1573 3824 1586 3859 :
1616 3808 1682 3862 ad
1726 3806 2031 3862 Corinthios

462 3905 640 3950 autem
671 3898 909 3953 scribens
933 3939 948 3964 ,
980 3899 1140 3953 multa
1179 3900 1397 3969 agitavit
1436 3901 1757 3965 rationibus,
1811 3914 1867 3956 et
1905 3911 2029 3954 tunc

460 3986 736 4056 subiunxit
767 4006 780 4042 :
807 3987 1065 4059 Insipiens
1095 4000 1171 4056 tu,
1202 3991 1337 4059 quod
1367 3993 1584 4045 seminus
1620 4008 1719 4046 non
1748 3993 2029 4054 viviﬁcatur

460 4079 480 4148 (
505 4080 554 4134 1.
584 4079 701 4133 Cor.
734 4082 818 4135 15.
847 4081 963 4151 56).
994 4083 1103 4136 lloc
1133 4084 1273 4137 enim
1303 4095 1384 4138 est
1414 4084 1616 4140 ﬁrmius
1639 4097 1689 4140 et
1719 4088 1913 4154 aptius,
1934 4087 2028 4141 sed

459 4173 671 4243 quando
691 4174 1056 4244 disputatcum
1083 4176 1326 4231 ﬁdelibus
1362 4194 1375 4229 :
1406 4179 1543 4246 apud
1571 4188 1822 4234 externos
1848 4189 2026 4233 autem

457 4280 617 4335 quam
645 4266 747 4318 vim
780 4265 881 4322 hoc
912 4267 1199 4322 habuerit?
1228 4267 1309 4323 Ita
1339 4279 1385 4323 et
1413 4269 1549 4324 Deus
1572 4287 1675 4337 eos,
1697 4272 1783 4340 qui
1808 4272 2026 4325 dormie-

455 4368 573 4412 runt
599 4376 687 4429 per
705 4357 901 4424 Iesum,
932 4360 1146 4414 adducet
1170 4378 1281 4414 cum
1305 4378 1380 4416 eo.
1413 4362 1618 4418 Rursus
1638 4405 1651 4428 ,
1681 4365 1781 4430 Qui
1804 4365 2024 4419 dormie-

455 4461 622 4505 runt:
656 4468 914 4521 nusquam
947 4453 1106 4519 dicit,
1134 4454 1321 4508 Mortui
1367 4464 1507 4509 sunt.
1559 4456 1665 4510 Sed
1710 4457 1760 4510 in
1808 4456 2024 4512 Christo

455 4542 667 4611 quidem
696 4545 888 4612 posuit,
921 4544 1157 4599 Mortuus
1180 4556 1271 4610 est,
1303 4550 1548 4617 quoniam
1581 4549 1716 4603 dixit
1762 4566 1885 4604 eum
1935 4566 2022 4606 re-

453 4634 751 4688 surrexisse
781 4652 793 4687 :
827 4636 910 4689 hic
940 4651 1064 4691 vero
1085 4679 1098 4700 ,
1139 4637 1242 4691 Eos
1264 4640 1349 4707 qui
1372 4639 1680 4694 dormierunt
1706 4658 1796 4711 per
1818 4641 2017 4697 Jesum.

455 4721 551 4775 Vel
579 4722 679 4778 hoc
703 4725 847 4790 dicit,
873 4727 1008 4794 quod
1034 4728 1085 4781 in
1113 4728 1216 4783 lide
1242 4729 1367 4784 Jesu
1387 4734 1576 4787 mortui
1606 4734 1750 4799 sint;
1782 4736 1859 4789 vel
1877 4738 2017 4805 quod

455 4830 549 4880 per
573 4812 752 4867 Jesum
787 4816 1105 4871 adducturus
1128 4820 1196 4873 sit
1224 4834 1318 4875 eos
1339 4824 1424 4890 qui
1452 4822 1805 4889 dormierunt,
1838 4827 1887 4881 id
1910 4836 2013 4892 est,

453 4902 659 4958 ﬁdeles.
694 4904 791 4959 Hie
818 4906 1047 4962 lueretici
1077 4910 1360 4980 signiﬁcari
1388 4915 1569 4969 dicunt
1613 4932 1706 4971 eos
1754 4920 1843 4988 qui
1891 4931 2016 4974 sunt

453 4997 722 5064 baptizati.
754 4999 883 5053 Illud
911 5015 1039 5054 vero
1057 5044 1072 5066 ,
1104 5001 1189 5056 Ita
1210 5046 1224 5065 ,
1251 5007 1514 5074 quomodo
1540 5010 1821 5063 consistit?
1858 5010 2014 5067 Jesus

451 5088 591 5142 enim
621 5104 723 5144 non
745 5089 997 5145 dormivit
1023 5107 1117 5161 per
1142 5093 1481 5164 baptismum.
1514 5099 1623 5153 Cur
1658 5116 1786 5170 ergo
1830 5102 1958 5157 dicit
1994 5119 2007 5155 :

464 5180 563 5249 Qui
588 5184 942 5237 dormierunt?
968 5185 1145 5255 Itaque
1169 5202 1272 5241 non
1297 5188 1362 5244 de
1391 5192 1642 5259 generali,
1671 5193 1762 5247 sed
1798 5193 1866 5248 de
1900 5195 2028 5248 siu-'

414 5310 415 5313 η
460 5272 626 5339 gulari
653 5288 746 5328 seu
773 5276 1071 5344 particulari
1102 5278 1335 5346 loquitur
1358 5283 1768 5338 resurrectione.
1800 5283 1901 5337 Eos
1927 5284 2013 5354 qui

449 5373 762 5426 dormierunt
789 5390 876 5443 per
900 5372 1076 5427 Jesum
1101 5374 1313 5427 adducet
1331 5416 1345 5437 ,
1392 5374 1558 5443 inquit
1587 5391 1601 5427 :
1631 5384 1685 5430 et
1730 5377 1909 5430 multis
1959 5380 2007 5430 in

443 5462 574 5518 locis
599 5463 668 5517 ita
698 5462 846 5518 dicit.
876 5464 959 5517 M.
992 5462 1105 5517 Hoc
1124 5465 1254 5517 enim
1272 5464 1405 5517 vobis
1432 5464 1642 5518 dicimus
1664 5468 1715 5519 in
1738 5467 1881 5520 verbo
1908 5466 2012 5520 Do-

414 5510 584 5622 'mini,
612 5558 746 5627 quod
768 5573 858 5611 nos
880 5556 967 5626 qui
989 5557 1217 5620 vivimus,
1243 5557 1328 5627 qui
1347 5558 1536 5611 residui
1560 5576 1728 5612 sumus
1750 5560 1799 5612 in
1816 5559 2004 5612 adven-

442 5660 547 5702 tum
593 5648 843 5718 Domini,
889 5668 991 5706 non
1032 5652 1385 5723 prteveniemus
1433 5668 1515 5705 eos
1554 5652 1639 5721 qui
1667 5650 1996 5705 dormierunt.

443 5739 689 5811 Loquens
717 5741 783 5797 de
810 5739 1053 5798 fidelibus
1087 5742 1250 5813 dicit,
1299 5742 1401 5799 Eos
1440 5744 1525 5814 qui
1564 5743 1909 5813 dormierunt;
1954 5754 2007 5798 et

2163 684 2365 737 rursus,
2400 673 2591 729 Mortui
2613 692 2889 751 resurgent.
2924 683 3125 741 Deinde
3152 701 3254 740 non
3298 688 3476 742 solum
3523 694 3633 759 agit
3669 692 3727 746 de

2157 767 2565 832 resurrectione,
2595 770 2690 825 sed
2718 781 2772 826 et
2796 772 2864 828 de
2889 779 3293 845 resurrectione
3325 791 3383 834 et
3425 782 3638 836 honore
3678 784 3725 839 in

2156 852 2341 923 gloria.
2370 856 2542 926 Atque
2570 865 2963 920 resurrectione
2990 868 3203 937 quidem
3235 886 3429 925 omnes
3461 871 3725 939 fruentur,

2156 945 2358 1014 inquit;
2393 963 2497 1004 non
2528 967 2714 1008 omnes
2741 966 2917 1010 autem
2943 970 3099 1013 erunt
3128 960 3177 1013 in
3205 963 3379 1031 gloria
3399 1004 3415 1027 ,
3447 964 3551 1017 sed
3572 1007 3586 1025 ,
3639 967 3723 1032 Qui

2155 1038 2205 1090 in
2228 1037 2447 1094 Christo.
2479 1041 2742 1108 Quoniam
2772 1062 2901 1118 ergo
2928 1050 3069 1119 ipsos
3112 1052 3225 1105 vult
3267 1055 3587 1117 consolari,
3632 1074 3723 1111 twn

2154 1144 2217 1183 ex
2251 1131 2350 1187 hoc
2374 1134 2549 1187 solum
2578 1137 2887 1193 consolatur
2908 1183 2922 1205 ,
2957 1142 3049 1196 sed
3079 1154 3132 1196 et
3159 1160 3223 1197 ex
3252 1147 3427 1201 multo
3455 1147 3659 1203 honore
3681 1162 3727 1204 et

2153 1237 2215 1275 ex
2242 1223 2545 1289 velocitate,
2572 1230 2822 1297 quoniam
2849 1230 2979 1286 illud
3005 1236 3265 1289 sciebant.
3299 1237 3439 1291 Nam
3483 1240 3627 1308 quod
3670 1259 3725 1298 es

2152 1313 2354 1371 honore
2376 1316 2517 1386 ipsos
2545 1321 2669 1374 velit.
2684 1323 2969 1389 consolari,
2997 1326 3124 1381 dicit
3144 1326 3453 1394 procedens
3478 1348 3494 1382 :
3528 1332 3725 1387 Euen-

2150 1422 2239 1475 per
2262 1424 2375 1461 cum
2405 1408 2622 1465 Domino
2643 1414 2848 1480 erimus,
2872 1425 2946 1483 et,
2968 1416 3274 1475 ln.nubibus
3298 1425 3576 1488 rapientur
3596 1426 3718 1495 (Car.

2150 1512 2198 1549 υ.
2234 1497 2343 1568 16).
2372 1500 2651 1565 Quomodo
2667 1514 2845 1559 autem
2867 1505 3048 1563 ﬁdeles
3082 1525 3177 1579 per
3199 1510 3389 1567 Jesum
3417 1514 3721 1569 dormiunt?

2150 1589 2261 1646 Hoc
2290 1601 2371 1647 est
2393 1634 2409 1657 ,
2441 1594 2709 1651 Christum
2748 1599 2799 1652 in
2825 1614 2882 1654 se
2908 1600 3187 1660 habentes.
3222 1605 3359 1659 Illud
3390 1619 3607 1674 autem,
3632 1613 3723 1663 As-

2149 1680 2295 1736 ducet
2317 1700 2430 1737 cum
2455 1702 2547 1750 eo,
2580 1689 2812 1743 ostendit
2839 1691 3025 1746 adduci
3077 1710 3141 1747 ex
3186 1698 3376 1751 multis
3423 1698 3587 1754 locis.
3634 1702 3721 1755 Hic

2149 1774 2281 1827 enim
2303 1776 2439 1829 vobis
2458 1817 2471 1839 ,
2502 1778 2704 1848 inquit,
2737 1783 2950 1838 dicimus
2981 1786 3032 1837 in
3061 1788 3209 1841 verba
3232 1786 3479 1843 Domini.
3512 1792 3623 1846 Hoc
3648 1811 3723 1850 no-

2148 1881 2270 1919 vum
2293 1878 2347 1921 et
2372 1867 2668 1925 inauditum
2700 1884 2814 1927 erat
2839 1874 3113 1944 dicturus;
3146 1891 3442 1950 propterea
3474 1884 3639 1938 efficit
3679 1902 3721 1939 ut

2147 1956 2216 2009 sit
2242 1956 2342 2013 ﬁde
2368 1959 2605 2030 dignum.
2638 1961 2704 2017 In
2725 1966 2870 2020 verbo
2891 2009 2906 2032 ,
2938 1967 3107 2037 inquit
3133 2012 3149 2035 ,
3182 1969 3427 2026 Domini.
3464 1974 3583 2029 Hoc
3624 1992 3716 2035 εει.

2145 2048 2261 2104 Νοη
2288 2066 2315 2104 a
2345 2054 2497 2108 nobis
2523 2055 2684 2123 ipsis,
2717 2056 2812 2111 sed
2860 2073 2887 2114 a
2941 2059 3154 2116 Christo
3202 2064 3391 2118 edoc1i
3426 2106 3442 2127 ,
3497 2066 3720 2121 dicimus.

2150 2140 2298 2207 Quod
2322 2161 2412 2198 nos
2436 2147 2521 2215 qui
2548 2149 2754 2204 vivimus
2776 2192 2789 2215 ,
2820 2153 2906 2221 qui
2933 2155 3119 2208 residui
3145 2174 3325 2213 sumus
3379 2160 3436 2212 in
3478 2162 3722 2214 αάυειιιιδι

2147 2233 2374 2300 Domini,
2406 2255 2506 2292 non
2537 2244 2895 2309 prwveniemus
2933 2263 3017 2300 eos
3063 2250 3150 2318 qui
3195 2252 3557 2309 dormierunt.
3596 2258 3719 2320 Quod

2146 2326 2359 2395 quidem
2386 2328 2515 2385 dicit
2537 2332 2589 2385 in
2620 2333 2854 2401 Epistola
2883 2336 2946 2389 ad
2978 2337 3284 2396 Corinthios
3318 2358 3333 2394 :
3364 2341 3438 2396 In
3472 2360 3719 2405 momento.

2146 2422 2197 2471 in
2231 2420 2334 2473 ictu
2374 2423 2507 2475 oculi
2548 2422 2722 2495 (Ibid.
2778 2426 2847 2482 5").
2865 2429 2905 2496 ).
2936 2429 3031 2484 Hic
3059 2431 3161 2488 fide
3191 2433 3424 2504 dignam
3470 2440 3723 2494 consumit

2144 2516 2588 2570 resurrectionem
2615 2532 2680 2571 ex
2710 2518 2869 2573 modo
2894 2536 3118 2592 quoque.

2214 2604 2266 2658 2.
2298 2604 2428 2659 Nam
2457 2609 2705 2676 quoniam
2727 2611 3002 2667 videbatur
3032 2630 3118 2669 res
3143 2615 3571 2685 esse’difﬁcilis,
3594 2622 3717 2681 dicit,

2144 2694 2213 2750 Ut
2237 2708 2318 2750 est
2346 2694 2499 2753 facile
2528 2710 2584 2754 ut
2605 2703 2693 2770 qui
2733 2702 2915 2758 vivant
2957 2707 3335 2771 sustollantur,
3382 2712 3469 2765 sic
3498 2716 3650 2766 etiam
3680 2729 3719 2767 et

2146 2787 2179 2875 ii
2201 2789 2291 2857 qui
2320 2788 2685 2848 decesserunt.
2720 2778 2868 2850 illud
2896 2806 3094 2863 autem,
3127 2799 3262 2865 Nos,
3316 2818 3435 2856 non
3470 2804 3542 2859 de
3568 2808 3717 2875 seipse

2141 2872 2311 2935 dicit:
2343 2897 2445 2936 non
2481 2885 2623 2938 enim
2668 2896 2784 2940 erat
2825 2903 3107 2943 mansurus
3158 2907 3339 2961 usque
3390 2895 3463 2948 ad
3498 2872 3716 2951 resurre-

2142 2972 2406 3038 ctionem;
2439 2975 2533 3029 sed
2559 2975 2690 3031 dicit
2728 2978 2933 3034 fideles.
2961 2981 3250 3050 Propterea
3284 2986 3475 3052 addit,
3508 2990 3606 3053 Qui
3642 3007 3713 3042 a-

2142 3080 2251 3117 mas
2276 3066 2464 3119 residui
2489 3068 2541 3121 in
2562 3069 2828 3123 adventum
2856 3071 3076 3135 Domini,
3111 3090 3212 3127 non
3244 3082 3621 3145 prccveniemus
3648 3098 3713 3134 eas

2140 3158 2224 3225 qui
2249 3158 2575 3216 dormierunt.
2604 3162 2763 3229 Quasi
2789 3164 2991 3219 diceret
3019 3183 3032 3219 :
3067 3166 3142 3221 Ne
3165 3169 3463 3224 existimes
3491 3188 3611 3227 esse
3630 3176 3709 3227 δυο

2139 3267 2295 3323 quam
2326 3254 2403 3309 rei
2431 3254 2816 3324 difﬁcultatem,
2848 3258 2972 3312 dum
2994 3261 3164 3324 audis,
3198 3263 3353 3328 quod
3384 3267 3482 3333 qui
3508 3275 3627 3320 tunc
3649 3269 3708 3319 ii-

2140 3353 2289 3411 vuut,
2318 3360 2422 3399 non
2453 3348 2779 3414 praevenient
2806 3363 2900 3403 eos
2928 3350 3017 3418 qui
3044 3360 3165 3404 sunt
3196 3352 3490 3419 dissoluti,
3525 3360 3609 3425 qui
3632 3374 3708 3425 po-

2141 3436 2364 3502 trefacti,
2400 3440 2487 3507 qui
2534 3450 2657 3494 sunt
2699 3441 2897 3496 mortui
2941 3443 3055 3512 plus
3098 3460 3262 3513 quam
3295 3446 3500 3501 decem
3544 3450 3707 3503 abhinc

2137 3542 2393 3583 annorum
2423 3531 2654 3586 millibus
2678 3550 2691 3585 :
2717 3533 2855 3587 Deus
2881 3544 2961 3588 cst
2988 3535 3076 3604 qui
3108 3536 3253 3590 facit.
3272 3537 3389 3592 Sed
3414 3541 3559 3594 sicut
3580 3540 3707 3594 {adire

2137 3628 2219 3673 est
2247 3618 2511 3676 adducere
2541 3622 2663 3679 illos
2691 3623 2782 3692 qui
2829 3634 2951 3678 sunt
2994 3626 3215 3694 perfecti
3270 3636 3331 3682 et
3384 3630 3602 3699 integri,
3650 3633 3703 3683 in

2136 3713 2294 3766 etiam
2334 3729 2428 3768 eos
2474 3715 2563 3785 qui
2610 3725 2736 3769 sunt
2777 3714 3039 3771 dissoluti.
3074 3717 3348 3773 Sed-sunt
3388 3722 3606 3790 quidam
3630 3726 3701 3790 qui

2134 3820 2246 3859 rem
2277 3821 2382 3860 non
2407 3807 2650 3869 credunt,
2667 3809 2912 3877 quoniam
2940 3809 3100 3864 Deum
3120 3813 3398 3866 nesciunt.
3424 3815 3564 3880 Quid
3582 3819 3701 3868 enim

2132 3905 2235 3961 est,
2274 3895 2586 3967 dic,quaeso,
2618 3897 2843 3963 facilius,
2888 3916 2953 3952 an
2982 3916 3046 3954 cx
3091 3902 3263 3956 nihilo
3292 3904 3367 3957 ad
3403 3904 3509 3958 hoc
3537 3916 3590 3958 ut
3614 3910 3703 3959 sint

2132 3988 2418 4052 deducere,
2450 4004 2516 4042 an
2546 3990 2801 4043 dissoluta
2830 3994 3065 4046 excitare
3094 4002 3147 4046 et
3168 3996 3470 4050 restituere
3491 3997 3515 4046 ἲ

2202 4081 2563 4151 Argumentum
2589 4082 2921 4151 quorumdam
2941 4084 3026 4149 qui
3046 4088 3480 4140 resurrectionem
3500 4106 3595 4140 non
3613 4105 3702 4139 cre-

2131 4174 2331 4227 debant.
2387 4173 2833 4245 Melempsyc/iosis
2876 4174 3186 4229 Graecorum.
3217 4208 3288 4217 —
3330 4180 3401 4231 At
3455 4181 3583 4248 quid
3629 4183 3698 4231 ἀμ

2129 4267 2295 4321 cunt?
2324 4267 2418 4321 Ille
2448 4282 2633 4335 passus
2661 4279 2743 4323 est
2785 4269 3137 4339 naufragium,
3168 4280 3224 4324 et
3250 4286 3378 4324 cum
3410 4275 3693 4331 cecidisset.

2128 4358 2280 4412 multi
2309 4374 2428 4412 eum
2456 4370 2778 4427 exceperunt
2804 4361 2974 4428 pisces
2999 4376 3013 4425 ;
3037 4370 3089 4415 et
3109 4361 3343 4430 quilibet
3366 4364 3533 4430 piscis
3552 4380 3696 4415 nien-

2126 4450 2278 4505 brum
2306 4450 2554 4504 comedit.
2590 4451 2789 4506 Deinde
2825 4467 2890 4504 ex
2930 4452 3011 4506 his
3056 4452 3183 4520 ipsis
3214 4454 3360 4507 alius
3400 4454 3613 4523 quidem
3653 4460 3693 4505 ia

2125 4542 2228 4597 hoc
2248 4542 2388 4607 sinu,
2416 4542 2552 4596 alius
2580 4558 2706 4596 vero
2734 4542 2786 4596 in
2834 4544 2924 4597 illo
2950 4552 3029 4597 est
3058 4545 3523 4612 comprehensus,
3567 4557 3617 4598 ct
3639 4546 3691 4597 at.

2124 4634 2227 4687 alio
2248 4633 2554 4688 devoratus.
2584 4634 2650 4687 Et
2679 4634 2763 4688 isti
2795 4650 2979 4688 rursus
3003 4636 3056 4688 in
3085 4636 3208 4689 aliis
3236 4637 3380 4691 locis
3402 4649 3535 4691 sunt
3564 4654 3687 4690 mor-

2126 4727 2219 4789 tui,
2253 4734 2308 4780 et
2336 4726 2432 4795 ipsi
2464 4725 2693 4780 fortasse
2739 4741 2767 4779 a
2798 4726 2989 4781 belluis
3013 4730 3179 4791 exesi,
3225 4731 3320 4797 qui
3352 4731 3689 4783 conzedemt

2124 4817 2314 4884 pisces,
2340 4818 2428 4884 qui
2460 4818 2631 4871 virum
2678 4817 2987 4871 exederant.
3015 4819 3147 4871 Cum
3176 4827 3328 4872 tanta
3376 4831 3560 4874 autem
3587 4819 3683 4871 fue-

2120 4907 2189 4960 rit
2212 4906 2449 4961 confusio
2477 4917 2531 4963 et
2574 4908 2854 4977 dispersio,
2898 4909 3165 4979 quomodo
3220 4910 3301 4963 vir
3362 4911 3462 4965 ille
3518 4912 3685 4964 item

2120 4998 2394 5068 resurget?
2414 5001 2533 5069 quis
2556 5000 2828 5068 pulverem
2860 5000 3135 5055 reduxerit
3159 5001 3180 5052 ?
3205 4999 3318 5054 Cur
3353 5002 3463 5054 hoc
3491 5002 3629 5064 dicis,
3652 5016 3683 5051 ο

2118 5093 2299 5160 homo,
2330 5102 2384 5148 et
2411 5109 2667 5164 nugarum
2721 5096 2962 5148 contexis
3005 5104 3272 5156 catenam,
3321 5105 3383 5147 et
3432 5103 3679 5162 tamquam

2117 5201 2229 5240 rem
2262 5187 2413 5255 ponis
2444 5187 2599 5255 plane
2640 5188 3104 5255 inexplicabilem?
3143 5187 3299 5253 Nam,
3336 5189 3431 5243 dic
3462 5189 3607 5251 mihi,
3640 5189 3681 5239 si

2119 5293 2220 5331 non
2247 5277 2298 5331 in
2326 5294 2473 5333 mare
2496 5278 2767 5340 ceciderit,
2796 5280 2839 5332 si
2872 5279 3029 5347 piscis
3055 5295 3174 5333 eum
3218 5296 3326 5333 non
3377 5282 3677 5339 comederit.

2116 5386 2291 5441 neque
2316 5387 2497 5425 rursus
2538 5371 2695 5426 fuerit
2720 5372 2883 5441 piscis
2932 5372 3213 5425 devoratus
3263 5373 3334 5426 ab
3388 5372 3677 5427 hominibus

2116 5463 2609 5528 innumerabilibus,
2639 5464 2731 5517 sed
2758 5464 2916 5531 justis
2956 5464 3103 5518 factis
3130 5463 3291 5518 fuerit
3324 5468 3414 5517 vir
3440 5464 3681 5532 illepmi-

2116 5565 2198 5609 tus
2224 5555 2276 5609 in
2305 5570 2455 5618 urna,
2484 5565 2537 5609 et
2561 5569 2734 5625 neque
2760 5570 2990 5620 vermes,
3032 5571 3204 5625 neque
3228 5554 3441 5623 aliquid
3474 5552 3608 5606 aliud
3627 5552 3677 5603 ei

2112 5648 2271 5703 fuerit
2298 5649 2603 5713 molestum,
2632 5648 2901 5719 quomodo
2928 5658 3169 5717 resurget
3207 5647 3354 5717 quod
3387 5648 3487 5700 fuit
3515 5645 3677 5698 disso-

2118 5741 2318 5806 lutum;
2369 5740 2633 5811 quomodo
2682 5740 2854 5811 pulvis
2902 5748 2956 5796 et
2996 5738 3131 5795 cinis
3182 5732 3677 5807 conglutinabitur’
