  <div class='ocr_page' id='page_1' title='image "/cluster/home/n/w/nwhite01/storage/ocr_20150623/62/hvd.32044019207836/442.png"; bbox 0 0 3834 6508; ppageno 0'>
   <div class='ocr_carea' id='block_1_1' title="bbox 235 349 340 409">
    <p class='ocr_par' dir='ltr' id='par_1_1' title="bbox 235 349 340 409">
     <span class='ocr_line' id='line_1_1' title="bbox 235 349 340 409; baseline -0.01 0"><span class='ocrx_word' id='word_1_1' title='bbox 235 349 340 409; x_wconf 71' lang='grc'>635</span> 
     </span>
    </p>
   </div>
   <div class='ocr_carea' id='block_1_2' title="bbox 1052 351 2668 417">
    <p class='ocr_par' dir='ltr' id='par_1_2' title="bbox 1052 351 2668 417">
     <span class='ocr_line' id='line_1_2' title="bbox 1052 351 2668 417; baseline 0.006 -11"><span class='ocrx_word' id='word_1_2' title='bbox 1052 351 1124 406; x_wconf 78' lang='lat' dir='ltr'>IN</span> <span class='ocrx_word' id='word_1_3' title='bbox 1162 351 1373 408; x_wconf 78' lang='lat' dir='ltr'>EPIST.</span> <span class='ocrx_word' id='word_1_4' title='bbox 1415 353 1556 408; x_wconf 78' lang='lat' dir='ltr'>IAD</span> <span class='ocrx_word' id='word_1_5' title='bbox 1594 353 1930 415; x_wconf 80' lang='lat' dir='ltr'>THESSAL.</span> <span class='ocrx_word' id='word_1_6' title='bbox 1972 359 2122 414; x_wconf 64' lang='lat' dir='ltr'>CAP.</span> <span class='ocrx_word' id='word_1_7' title='bbox 2168 360 2252 415; x_wconf 86' lang='lat' dir='ltr'>IV.</span> <span class='ocrx_word' id='word_1_8' title='bbox 2293 359 2524 416; x_wconf 74' lang='grc' dir='ltr'>ΙΙΟΜΠι.</span> <span class='ocrx_word' id='word_1_9' title='bbox 2560 359 2668 417; x_wconf 82' lang='lat' dir='ltr'>VII.</span> 
     </span>
    </p>
   </div>
   <div class='ocr_carea' id='block_1_3' title="bbox 3397 365 3499 421">
    <p class='ocr_par' dir='ltr' id='par_1_3' title="bbox 3397 365 3499 421">
     <span class='ocr_line' id='line_1_3' title="bbox 3397 365 3499 421; baseline 0 -1"><span class='ocrx_word' id='word_1_10' title='bbox 3397 365 3499 421; x_wconf 57' lang='lat'>17.6</span> 
     </span>
    </p>
   </div>
   <div class='ocr_carea' id='block_1_4' title="bbox 1741 777 2098 836">
    <p class='ocr_par' dir='ltr' id='par_1_4' title="bbox 1741 777 2098 836">
     <span class='ocr_line' id='line_1_4' title="bbox 1741 777 2098 836; baseline 0.011 -5"><span class='ocrx_word' id='word_1_11' title='bbox 1741 777 1988 832; x_wconf 86' lang='grc' dir='ltr'>ΟΜῙΛΙΑ</span> <span class='ocrx_word' id='word_1_12' title='bbox 2026 778 2098 836; x_wconf 91' lang='grc' dir='ltr'>Ζ’.</span> 
     </span>
    </p>
   </div>
   <div class='ocr_carea' id='block_1_5' title="bbox 234 924 1803 1012">
    <p class='ocr_par' dir='ltr' id='par_1_5' title="bbox 234 924 1803 1012">
     <span class='ocr_line' id='line_1_5' title="bbox 234 924 1803 1012; baseline 0.004 -37"><span class='ocrx_word' id='word_1_13' title='bbox 234 925 312 977; x_wconf 80' lang='grc' dir='ltr'><em>Οῡ</em></span> <span class='ocrx_word' id='word_1_14' title='bbox 370 925 518 978; x_wconf 87' lang='grc' dir='ltr'>θέλω</span> <span class='ocrx_word' id='word_1_15' title='bbox 555 924 623 1012; x_wconf 57' lang='grc' dir='ltr'>δέ</span> <span class='ocrx_word' id='word_1_16' title='bbox 661 924 816 1012; x_wconf 66' lang='grc' dir='ltr'>ὑμᾶς</span> <span class='ocrx_word' id='word_1_17' title='bbox 859 925 1118 1012; x_wconf 56' lang='grc' dir='ltr'>ἀγνοεῖν,</span> <span class='ocrx_word' id='word_1_18' title='bbox 1163 927 1624 1012; x_wconf 47' lang='grc' dir='ltr'>ἀδελφοί,ηπερί</span> <span class='ocrx_word' id='word_1_19' title='bbox 1682 927 1803 1012; x_wconf 68' lang='grc' dir='ltr'>τῶν</span> 
     </span>
    </p>
   </div>
   <div class='ocr_carea' id='block_1_6' title="bbox 296 995 1797 1133">
    <p class='ocr_par' dir='ltr' id='par_1_6' title="bbox 296 995 1797 1133">
     <span class='ocr_line' id='line_1_6' title="bbox 299 995 1797 1064; baseline 0.003 -18"><span class='ocrx_word' id='word_1_20' title='bbox 299 995 750 1063; x_wconf 74' lang='grc' dir='ltr'>κεκοιμημένων,</span> <span class='ocrx_word' id='word_1_21' title='bbox 783 996 882 1047; x_wconf 82' lang='grc' dir='ltr'>ἵνα</span> <span class='ocrx_word' id='word_1_22' title='bbox 909 995 994 1063; x_wconf 78' lang='grc' dir='ltr'>μὴ</span> <span class='ocrx_word' id='word_1_23' title='bbox 1027 995 1326 1062; x_wconf 79' lang='grc' dir='ltr'>λυπῆσθε,</span> <span class='ocrx_word' id='word_1_24' title='bbox 1379 1000 1571 1064; x_wconf 86' lang='grc' dir='ltr'>καθὼς</span> <span class='ocrx_word' id='word_1_25' title='bbox 1601 999 1697 1051; x_wconf 79' lang='grc' dir='ltr'>καὶ</span> <span class='ocrx_word' id='word_1_26' title='bbox 1742 1001 1797 1051; x_wconf 84' lang='grc' dir='ltr'>οἱ</span> 
     </span>
     <span class='ocr_line' id='line_1_7' title="bbox 296 1065 1237 1133; baseline 0.004 -17"><span class='ocrx_word' id='word_1_27' title='bbox 296 1065 492 1116; x_wconf 77' lang='grc' dir='ltr'>λοιποί</span> <span class='ocrx_word' id='word_1_28' title='bbox 526 1068 581 1118; x_wconf 88' lang='grc' dir='ltr'>οί</span> <span class='ocrx_word' id='word_1_29' title='bbox 606 1065 692 1133; x_wconf 75' lang='grc' dir='ltr'>μὴ</span> <span class='ocrx_word' id='word_1_30' title='bbox 723 1065 960 1132; x_wconf 77' lang='grc' dir='ltr'>ἔχοντες</span> <span class='ocrx_word' id='word_1_31' title='bbox 994 1066 1237 1121; x_wconf 85' lang='grc' dir='ltr'>ἐλπίδα.</span> 
     </span>
    </p>
   </div>
   <div class='ocr_carea' id='block_1_7' title="bbox 294 1194 1805 1270">
    <p class='ocr_par' dir='ltr' id='par_1_7' title="bbox 294 1194 1805 1270">
     <span class='ocr_line' id='line_1_8' title="bbox 294 1194 1805 1270; baseline 0.004 -24"><span class='ocrx_word' id='word_1_32' title='bbox 294 1202 361 1248; x_wconf 80' lang='grc' dir='ltr'>α’.</span> <span class='ocrx_word' id='word_1_33' title='bbox 382 1194 558 1248; x_wconf 88' lang='grc' dir='ltr'>Πολλά</span> <span class='ocrx_word' id='word_1_34' title='bbox 581 1196 690 1247; x_wconf 89' lang='grc' dir='ltr'>τῶν</span> <span class='ocrx_word' id='word_1_35' title='bbox 722 1196 1058 1266; x_wconf 84' lang='grc' dir='ltr'>πραγμάτων</span> <span class='ocrx_word' id='word_1_36' title='bbox 1088 1195 1147 1261; x_wconf 81' lang='grc' dir='ltr'>ἐξ</span> <span class='ocrx_word' id='word_1_37' title='bbox 1194 1199 1416 1266; x_wconf 84' lang='grc' dir='ltr'>ἀγνοίας</span> <span class='ocrx_word' id='word_1_38' title='bbox 1462 1201 1610 1270; x_wconf 81' lang='grc' dir='ltr'>ἡμᾶς</span> <span class='ocrx_word' id='word_1_39' title='bbox 1647 1201 1805 1253; x_wconf 82' lang='grc' dir='ltr'><strong>λυπεῖ</strong></span> 
     </span>
    </p>
   </div>
   <div class='ocr_carea' id='block_1_8' title="bbox 231 1278 1804 1352">
    <p class='ocr_par' dir='ltr' id='par_1_8' title="bbox 231 1278 1804 1352">
     <span class='ocr_line' id='line_1_9' title="bbox 231 1278 1804 1352; baseline 0.003 -21"><span class='ocrx_word' id='word_1_40' title='bbox 231 1279 412 1349; x_wconf 82' lang='grc' dir='ltr'>μόνης,</span> <span class='ocrx_word' id='word_1_41' title='bbox 447 1279 540 1342; x_wconf 87' lang='grc' dir='ltr'>ὡς,</span> <span class='ocrx_word' id='word_1_42' title='bbox 573 1278 638 1332; x_wconf 85' lang='grc' dir='ltr'>ἂν</span> <span class='ocrx_word' id='word_1_43' title='bbox 673 1280 812 1330; x_wconf 80' lang='grc' dir='ltr'>αὺτά</span> <span class='ocrx_word' id='word_1_44' title='bbox 843 1278 1022 1340; x_wconf 84' lang='grc' dir='ltr'>καλῶς</span> <span class='ocrx_word' id='word_1_45' title='bbox 1065 1281 1490 1352; x_wconf 82' lang='grc' dir='ltr'>καταμάθωμεν,</span> <span class='ocrx_word' id='word_1_46' title='bbox 1533 1284 1804 1352; x_wconf 89' lang='grc' dir='ltr'>ἀποκρου-</span> 
     </span>
    </p>
   </div>
   <div class='ocr_carea' id='block_1_9' title="bbox 231 1361 1801 1436">
    <p class='ocr_par' dir='ltr' id='par_1_9' title="bbox 231 1361 1801 1436">
     <span class='ocr_line' id='line_1_10' title="bbox 231 1361 1801 1436; baseline 0.005 -24"><span class='ocrx_word' id='word_1_47' title='bbox 231 1361 432 1432; x_wconf 81' lang='grc' dir='ltr'>σόμεθα</span> <span class='ocrx_word' id='word_1_48' title='bbox 454 1362 550 1432; x_wconf 82' lang='grc' dir='ltr'>τὴν</span> <span class='ocrx_word' id='word_1_49' title='bbox 577 1362 788 1431; x_wconf 77' lang='grc' dir='ltr'>ὀδύνην.</span> <span class='ocrx_word' id='word_1_50' title='bbox 815 1362 984 1414; x_wconf 89' lang='grc' dir='ltr'>Τοῦτο</span> <span class='ocrx_word' id='word_1_51' title='bbox 1005 1363 1136 1430; x_wconf 90' lang='grc' dir='ltr'>γοῦν</span> <span class='ocrx_word' id='word_1_52' title='bbox 1169 1368 1262 1417; x_wconf 82' lang='grc' dir='ltr'>καὶ</span> <span class='ocrx_word' id='word_1_53' title='bbox 1295 1368 1324 1418; x_wconf 91' lang='lat'>6</span> <span class='ocrx_word' id='word_1_54' title='bbox 1353 1365 1562 1428; x_wconf 79' lang='grc' dir='ltr'>Παῦλος</span> <span class='ocrx_word' id='word_1_55' title='bbox 1599 1368 1801 1436; x_wconf 79' lang='grc' dir='ltr'>ἐμφαί-</span> 
     </span>
    </p>
   </div>
   <div class='ocr_carea' id='block_1_10' title="bbox 33 1417 1802 1532">
    <p class='ocr_par' dir='ltr' id='par_1_10' title="bbox 33 1417 1802 1532">
     <span class='ocr_line' id='line_1_11' title="bbox 33 1417 1802 1532; baseline 0.004 -34"><span class='ocrx_word' id='word_1_56' title='bbox 227 1417 331 1499; x_wconf 72' lang='grc' dir='ltr'>νων</span> <span class='ocrx_word' id='word_1_57' title='bbox 365 1417 571 1514; x_wconf 74' lang='grc' dir='ltr'>ἔλεγέν,</span> <span class='ocrx_word' id='word_1_58' title='bbox 596 1448 678 1499; x_wconf 83' lang='grc' dir='ltr'><em>Οὐ</em></span> <span class='ocrx_word' id='word_1_59' title='bbox 713 1417 866 1500; x_wconf 82' lang='grc' dir='ltr'>θέλω</span> <span class='ocrx_word' id='word_1_60' title='bbox 897 1417 1050 1514; x_wconf 61' lang='grc' dir='ltr'>ὑμᾶς</span> <span class='ocrx_word' id='word_1_61' title='bbox 1076 1446 1336 1515; x_wconf 74' lang='grc' dir='ltr'>ἀγνοεῖν,</span> <span class='ocrx_word' id='word_1_62' title='bbox 1378 1417 1578 1518; x_wconf 14' lang='grc' dir='ltr'>πάνμῆ</span> 
     </span>
    </p>
   </div>
   <div class='ocr_carea' id='block_1_11' title="bbox 74 1527 1799 1598">
    <p class='ocr_par' dir='ltr' id='par_1_11' title="bbox 74 1527 1799 1598">
     <span class='ocr_line' id='line_1_12' title="bbox 74 1527 1799 1598; baseline 0.003 -18"><span class='ocrx_word' id='word_1_63' title='bbox 225 1531 350 1589; x_wconf 85' lang='grc' dir='ltr'>σθε,</span> <span class='ocrx_word' id='word_1_64' title='bbox 375 1530 459 1593; x_wconf 86' lang='grc' dir='ltr'>ὠς</span> <span class='ocrx_word' id='word_1_65' title='bbox 487 1529 580 1581; x_wconf 83' lang='grc' dir='ltr'>καί</span> <span class='ocrx_word' id='word_1_66' title='bbox 607 1531 662 1582; x_wconf 79' lang='grc' dir='ltr'>οἱ</span> <span class='ocrx_word' id='word_1_67' title='bbox 691 1528 888 1582; x_wconf 80' lang='grc' dir='ltr'>λοιποὶ</span> <span class='ocrx_word' id='word_1_68' title='bbox 909 1532 962 1582; x_wconf 76' lang='grc' dir='ltr'>οἱ</span> <span class='ocrx_word' id='word_1_69' title='bbox 993 1530 1079 1596; x_wconf 80' lang='grc' dir='ltr'>μὴ</span> <span class='ocrx_word' id='word_1_70' title='bbox 1109 1529 1354 1598; x_wconf 84' lang='grc' dir='ltr'>ἔχοντες</span> <span class='ocrx_word' id='word_1_71' title='bbox 1377 1532 1616 1588; x_wconf 83' lang='grc' dir='ltr'>ἐλπίδα.</span> <span class='ocrx_word' id='word_1_72' title='bbox 1654 1534 1718 1586; x_wconf 99' lang='grc' dir='ltr'>Τί</span> <span class='ocrx_word' id='word_1_73' title='bbox 1738 1533 1799 1586; x_wconf 80' lang='grc' dir='ltr'>οὐ</span> 
     </span>
    </p>
   </div>
   <div class='ocr_carea' id='block_1_12' title="bbox 225 1612 1799 1686">
    <p class='ocr_par' dir='ltr' id='par_1_12' title="bbox 225 1612 1799 1686">
     <span class='ocr_line' id='line_1_13' title="bbox 225 1612 1799 1686; baseline 0.004 -21"><span class='ocrx_word' id='word_1_74' title='bbox 225 1612 399 1674; x_wconf 78' lang='grc' dir='ltr'>Θέλεις</span> <span class='ocrx_word' id='word_1_75' title='bbox 434 1613 632 1674; x_wconf 73' lang='grc' dir='ltr'>αὐτοὺς</span> <span class='ocrx_word' id='word_1_76' title='bbox 660 1613 913 1679; x_wconf 76' lang='grc' dir='ltr'>ἀγνοείνς</span> <span class='ocrx_word' id='word_1_77' title='bbox 953 1614 1058 1666; x_wconf 85' lang='grc' dir='ltr'>Τὸν</span> <span class='ocrx_word' id='word_1_78' title='bbox 1110 1615 1238 1684; x_wconf 77' lang='grc' dir='ltr'>περὶ</span> <span class='ocrx_word' id='word_1_79' title='bbox 1285 1617 1384 1686; x_wconf 86' lang='grc' dir='ltr'>τῆς</span> <span class='ocrx_word' id='word_1_80' title='bbox 1431 1617 1799 1684; x_wconf 81' lang='grc' dir='ltr'>ἀναστάσεως,</span> 
     </span>
    </p>
   </div>
   <div class='ocr_carea' id='block_1_13' title="bbox 29 1695 1802 1771">
    <p class='ocr_par' dir='ltr' id='par_1_13' title="bbox 29 1695 1802 1771">
     <span class='ocr_line' id='line_1_14' title="bbox 29 1695 1802 1771; baseline 0.007 -28"><span class='ocrx_word' id='word_1_81' title='bbox 29 1698 51 1730; x_wconf 67' lang='grc' dir='ltr'>τί</span> <span class='ocrx_word' id='word_1_82' title='bbox 70 1701 110 1741; x_wconf 55' lang='grc' dir='ltr'>διά</span> <span class='ocrx_word' id='word_1_83' title='bbox 223 1696 379 1764; x_wconf 73' lang='grc' dir='ltr'>φησὶ,</span> <span class='ocrx_word' id='word_1_84' title='bbox 404 1695 578 1762; x_wconf 85' lang='grc' dir='ltr'>λόγον.</span> <span class='ocrx_word' id='word_1_85' title='bbox 610 1695 708 1747; x_wconf 86' lang='grc' dir='ltr'>Διά</span> <span class='ocrx_word' id='word_1_86' title='bbox 731 1695 784 1748; x_wconf 89' lang='grc' dir='ltr'>τί</span> <span class='ocrx_word' id='word_1_87' title='bbox 805 1695 861 1748; x_wconf 85' lang='grc' dir='ltr'>δὲ</span> <span class='ocrx_word' id='word_1_88' title='bbox 879 1695 953 1766; x_wconf 84' lang='grc' dir='ltr'>μὴ</span> <span class='ocrx_word' id='word_1_89' title='bbox 983 1695 1159 1764; x_wconf 83' lang='grc' dir='ltr'>λέγεις</span> <span class='ocrx_word' id='word_1_90' title='bbox 1188 1698 1287 1766; x_wconf 85' lang='grc' dir='ltr'>τὴν</span> <span class='ocrx_word' id='word_1_91' title='bbox 1311 1699 1528 1752; x_wconf 83' lang='grc' dir='ltr'>κόλασιν</span> <span class='ocrx_word' id='word_1_92' title='bbox 1544 1700 1642 1771; x_wconf 83' lang='grc' dir='ltr'>τὴν</span> <span class='ocrx_word' id='word_1_93' title='bbox 1665 1703 1802 1754; x_wconf 83' lang='grc' dir='ltr'>ἀπο-</span> 
     </span>
    </p>
   </div>
   <div class='ocr_carea' id='block_1_14' title="bbox 38 1777 1799 1852">
    <p class='ocr_par' dir='ltr' id='par_1_14' title="bbox 38 1777 1799 1852">
     <span class='ocr_line' id='line_1_15' title="bbox 38 1777 1799 1852; baseline 0.006 -23"><span class='ocrx_word' id='word_1_94' title='bbox 38 1780 118 1834; x_wconf 68' lang='lat'>&#39;:.&#39;.&#39;;</span> <span class='ocrx_word' id='word_1_95' title='bbox 224 1779 483 1846; x_wconf 77' lang='grc' dir='ltr'>κειμένην</span> <span class='ocrx_word' id='word_1_96' title='bbox 510 1777 586 1847; x_wconf 82' lang='grc' dir='ltr'>τῷ</span> <span class='ocrx_word' id='word_1_97' title='bbox 615 1778 829 1844; x_wconf 81' lang='grc' dir='ltr'>ἀγνοεῖν</span> <span class='ocrx_word' id='word_1_98' title='bbox 849 1779 942 1830; x_wconf 81' lang='grc' dir='ltr'>τὸν</span> <span class='ocrx_word' id='word_1_99' title='bbox 964 1781 1095 1851; x_wconf 75' lang='grc' dir='ltr'>περὶ</span> <span class='ocrx_word' id='word_1_100' title='bbox 1125 1781 1224 1851; x_wconf 85' lang='grc' dir='ltr'>τῆς</span> <span class='ocrx_word' id='word_1_101' title='bbox 1239 1782 1586 1847; x_wconf 86' lang='grc' dir='ltr'>ἀναστάσεως</span> <span class='ocrx_word' id='word_1_102' title='bbox 1614 1785 1799 1852; x_wconf 88' lang='grc' dir='ltr'>λόγον;</span> 
     </span>
    </p>
   </div>
   <div class='ocr_carea' id='block_1_15' title="bbox 99 1861 1796 1938">
    <p class='ocr_par' dir='ltr' id='par_1_15' title="bbox 99 1861 1796 1938">
     <span class='ocr_line' id='line_1_16' title="bbox 99 1861 1796 1938; baseline 0.006 -27"><span class='ocrx_word' id='word_1_103' title='bbox 99 1896 116 1925; x_wconf 59' lang='grc' dir='ltr'>,ι</span> <span class='ocrx_word' id='word_1_104' title='bbox 221 1861 374 1912; x_wconf 77' lang='grc' dir='ltr'>Διότι</span> <span class='ocrx_word' id='word_1_105' title='bbox 422 1861 577 1914; x_wconf 87' lang='grc' dir='ltr'>τοῦτο</span> <span class='ocrx_word' id='word_1_106' title='bbox 621 1862 829 1916; x_wconf 84' lang='grc' dir='ltr'>ἐκεῖθεν</span> <span class='ocrx_word' id='word_1_107' title='bbox 870 1863 1030 1934; x_wconf 79' lang='grc' dir='ltr'>δῆλόν</span> <span class='ocrx_word' id='word_1_108' title='bbox 1060 1867 1198 1926; x_wconf 85' lang='grc' dir='ltr'>ἐστι,</span> <span class='ocrx_word' id='word_1_109' title='bbox 1233 1866 1326 1918; x_wconf 81' lang='grc' dir='ltr'>καὶ</span> <span class='ocrx_word' id='word_1_110' title='bbox 1347 1867 1796 1938; x_wconf 78' lang='grc' dir='ltr'>ὡμολογημένον·</span> 
     </span>
    </p>
   </div>
   <div class='ocr_carea' id='block_1_16' title="bbox 48 1943 1797 2022">
    <p class='ocr_par' dir='ltr' id='par_1_16' title="bbox 48 1943 1797 2022">
     <span class='ocr_line' id='line_1_17' title="bbox 48 1943 1797 2022; baseline 0.007 -27"><span class='ocrx_word' id='word_1_111' title='bbox 48 2009 51 2016; x_wconf 32' lang='grc' dir='ltr'>ι</span> <span class='ocrx_word' id='word_1_112' title='bbox 65 1965 114 2018; x_wconf 38' lang='grc' dir='ltr'><em>ἐξ</em></span> <span class='ocrx_word' id='word_1_113' title='bbox 219 1944 368 2007; x_wconf 85' lang='grc' dir='ltr'>τέως</span> <span class='ocrx_word' id='word_1_114' title='bbox 386 1943 439 1996; x_wconf 80' lang='grc' dir='ltr'>δὲ</span> <span class='ocrx_word' id='word_1_115' title='bbox 463 1946 575 2014; x_wconf 81' lang='grc' dir='ltr'>μετ’</span> <span class='ocrx_word' id='word_1_116' title='bbox 593 1945 798 1998; x_wconf 88' lang='grc' dir='ltr'>ἐκείνου</span> <span class='ocrx_word' id='word_1_117' title='bbox 821 1946 915 1999; x_wconf 72' lang='grc' dir='ltr'>καὶ</span> <span class='ocrx_word' id='word_1_118' title='bbox 937 1948 1094 2000; x_wconf 91' lang='grc' dir='ltr'>τοῦτο</span> <span class='ocrx_word' id='word_1_119' title='bbox 1110 1947 1260 2001; x_wconf 80' lang='grc' dir='ltr'>ἔσται</span> <span class='ocrx_word' id='word_1_120' title='bbox 1277 1950 1465 2020; x_wconf 81' lang='grc' dir='ltr'>κέρδος</span> <span class='ocrx_word' id='word_1_121' title='bbox 1493 1950 1554 2004; x_wconf 79' lang='grc' dir='ltr'>οὑ</span> <span class='ocrx_word' id='word_1_122' title='bbox 1583 1953 1797 2022; x_wconf 86' lang='grc' dir='ltr'>μικρόν.</span> 
     </span>
    </p>
   </div>
   <div class='ocr_carea' id='block_1_17' title="bbox 230 2027 1802 2106">
    <p class='ocr_par' dir='ltr' id='par_1_17' title="bbox 230 2027 1802 2106">
     <span class='ocr_line' id='line_1_18' title="bbox 230 2027 1802 2106; baseline 0.007 -28"><span class='ocrx_word' id='word_1_123' title='bbox 230 2027 452 2096; x_wconf 80' lang='grc' dir='ltr'>Ἐπειδὴ</span> <span class='ocrx_word' id='word_1_124' title='bbox 490 2028 597 2100; x_wconf 83' lang='grc' dir='ltr'>γάρ</span> <span class='ocrx_word' id='word_1_125' title='bbox 643 2029 703 2081; x_wconf 75' lang='grc' dir='ltr'>οὐ</span> <span class='ocrx_word' id='word_1_126' title='bbox 758 2031 823 2099; x_wconf 84' lang='grc' dir='ltr'>τῇ</span> <span class='ocrx_word' id='word_1_127' title='bbox 859 2029 1153 2085; x_wconf 78' lang='grc' dir='ltr'>ἀναστάσει</span> <span class='ocrx_word' id='word_1_128' title='bbox 1186 2033 1470 2101; x_wconf 76' lang='grc' dir='ltr'>ἠπίστουν,</span> <span class='ocrx_word' id='word_1_129' title='bbox 1504 2035 1620 2088; x_wconf 89' lang='grc' dir='ltr'>ἀλλ’</span> <span class='ocrx_word' id='word_1_130' title='bbox 1651 2037 1802 2106; x_wconf 81' lang='grc' dir='ltr'>ὅμως</span> 
     </span>
    </p>
   </div>
   <div class='ocr_carea' id='block_1_18' title="bbox 217 2110 1802 2189">
    <p class='ocr_par' dir='ltr' id='par_1_18' title="bbox 217 2110 1802 2189">
     <span class='ocr_line' id='line_1_19' title="bbox 217 2110 1802 2189; baseline 0.007 -28"><span class='ocrx_word' id='word_1_131' title='bbox 217 2110 504 2179; x_wconf 80' lang='grc' dir='ltr'>ἐθρήνουν,</span> <span class='ocrx_word' id='word_1_132' title='bbox 534 2111 621 2164; x_wconf 79' lang='grc' dir='ltr'>διὰ</span> <span class='ocrx_word' id='word_1_133' title='bbox 643 2112 799 2165; x_wconf 88' lang='grc' dir='ltr'>τοῦτο</span> <span class='ocrx_word' id='word_1_134' title='bbox 822 2112 965 2166; x_wconf 80' lang='grc' dir='ltr'>οὕτω</span> <span class='ocrx_word' id='word_1_135' title='bbox 994 2115 1146 2185; x_wconf 81' lang='grc' dir='ltr'>φησί.</span> <span class='ocrx_word' id='word_1_136' title='bbox 1194 2117 1303 2170; x_wconf 70' lang='grc' dir='ltr'>Καὶ</span> <span class='ocrx_word' id='word_1_137' title='bbox 1333 2119 1534 2188; x_wconf 81' lang='grc' dir='ltr'>ἑτέρως</span> <span class='ocrx_word' id='word_1_138' title='bbox 1562 2118 1660 2189; x_wconf 83' lang='grc' dir='ltr'>μὲν</span> <span class='ocrx_word' id='word_1_139' title='bbox 1689 2122 1802 2184; x_wconf 79' lang='grc' dir='ltr'>τοῖς</span> 
     </span>
    </p>
   </div>
   <div class='ocr_carea' id='block_1_19' title="bbox 213 2193 1799 2271">
    <p class='ocr_par' dir='ltr' id='par_1_19' title="bbox 213 2193 1799 2271">
     <span class='ocr_line' id='line_1_20' title="bbox 213 2193 1799 2271; baseline 0.008 -27"><span class='ocrx_word' id='word_1_140' title='bbox 213 2193 509 2247; x_wconf 81' lang='grc' dir='ltr'>ἀπιστοῦσι</span> <span class='ocrx_word' id='word_1_141' title='bbox 572 2195 912 2263; x_wconf 82' lang='grc' dir='ltr'>διαλέγεται,</span> <span class='ocrx_word' id='word_1_142' title='bbox 971 2199 1170 2270; x_wconf 81' lang='grc' dir='ltr'>ἑτέρως</span> <span class='ocrx_word' id='word_1_143' title='bbox 1215 2200 1270 2252; x_wconf 85' lang='grc' dir='ltr'>δὲ</span> <span class='ocrx_word' id='word_1_144' title='bbox 1322 2201 1565 2265; x_wconf 74' lang='grc' dir='ltr'>τούτοιςο</span> <span class='ocrx_word' id='word_1_145' title='bbox 1604 2204 1652 2254; x_wconf 85' lang='grc' dir='ltr'>οἱ</span> <span class='ocrx_word' id='word_1_146' title='bbox 1692 2203 1799 2271; x_wconf 80' lang='grc' dir='ltr'>γὰρ</span> 
     </span>
    </p>
   </div>
   <div class='ocr_carea' id='block_1_20' title="bbox 33 2273 1792 2353">
    <p class='ocr_par' dir='ltr' id='par_1_20' title="bbox 33 2273 1792 2353">
     <span class='ocr_line' id='line_1_21' title="bbox 33 2273 1792 2353; baseline 0.006 -29"><span class='ocrx_word' id='word_1_147' title='bbox 33 2273 120 2304; x_wconf 43' lang='lat'>“&quot;5</span> <span class='ocrx_word' id='word_1_148' title='bbox 216 2277 342 2346; x_wconf 79' lang='grc' dir='ltr'>περὶ</span> <span class='ocrx_word' id='word_1_149' title='bbox 389 2277 497 2329; x_wconf 88' lang='grc' dir='ltr'>τῶν</span> <span class='ocrx_word' id='word_1_150' title='bbox 525 2278 732 2347; x_wconf 85' lang='grc' dir='ltr'>χρόνων</span> <span class='ocrx_word' id='word_1_151' title='bbox 760 2279 855 2332; x_wconf 80' lang='grc' dir='ltr'>καὶ</span> <span class='ocrx_word' id='word_1_152' title='bbox 895 2280 1001 2333; x_wconf 88' lang='grc' dir='ltr'>τῶν</span> <span class='ocrx_word' id='word_1_153' title='bbox 1034 2284 1242 2352; x_wconf 87' lang='grc' dir='ltr'>καιρῶν</span> <span class='ocrx_word' id='word_1_154' title='bbox 1280 2282 1586 2353; x_wconf 82' lang='grc' dir='ltr'>ζητοῦντες.</span> <span class='ocrx_word' id='word_1_155' title='bbox 1635 2285 1792 2353; x_wconf 82' lang='grc' dir='ltr'>δῆλον</span> 
     </span>
    </p>
   </div>
   <div class='ocr_carea' id='block_1_21' title="bbox 61 2359 1800 2436">
    <p class='ocr_par' dir='ltr' id='par_1_21' title="bbox 61 2359 1800 2436">
     <span class='ocr_line' id='line_1_22' title="bbox 61 2359 1800 2436; baseline 0.02 -34"><span class='ocrx_word' id='word_1_156' title='bbox 212 2359 292 2410; x_wconf 61' lang='lat' dir='ltr'>ac:</span> <span class='ocrx_word' id='word_1_157' title='bbox 328 2359 553 2429; x_wconf 69' lang='grc' dir='ltr'>ᾔδεσαν.</span> <span class='ocrx_word' id='word_1_158' title='bbox 613 2363 683 2414; x_wconf 80' lang='lat' dir='ltr'>El</span> <span class='ocrx_word' id='word_1_159' title='bbox 734 2362 844 2430; x_wconf 80' lang='grc' dir='ltr'>γὰρ</span> <span class='ocrx_word' id='word_1_160' title='bbox 884 2365 1264 2434; x_wconf 77' lang='grc' dir='ltr'>πιστεύομεν,</span> <span class='ocrx_word' id='word_1_161' title='bbox 1313 2367 1508 2436; x_wconf 74' lang='grc' dir='ltr'>φησὶν,</span> <span class='ocrx_word' id='word_1_162' title='bbox 1557 2367 1645 2420; x_wconf 79' lang='grc' dir='ltr'>ὅτι</span> <span class='ocrx_word' id='word_1_163' title='bbox 1688 2369 1800 2436; x_wconf 85' lang='grc' dir='ltr'>Ἰη-</span> 
     </span>
    </p>
   </div>
   <div class='ocr_carea' id='block_1_22' title="bbox 30 2722 103 2770">
    <p class='ocr_par' dir='ltr' id='par_1_22' title="bbox 30 2722 103 2770">
     <span class='ocr_line' id='line_1_23' title="bbox 30 2722 103 2770; baseline 0 0"><span class='ocrx_word' id='word_1_164' title='bbox 30 2722 103 2770; x_wconf 60' lang='lat'>{21:</span> 
     </span>
    </p>
   </div>
   <div class='ocr_carea' id='block_1_23' title="bbox 49 2817 108 2870">
    <p class='ocr_par' dir='ltr' id='par_1_23' title="bbox 49 2817 108 2870">
     <span class='ocr_line' id='line_1_24' title="bbox 49 2817 108 2870; baseline 0 -17"><span class='ocrx_word' id='word_1_165' title='bbox 49 2817 108 2870; x_wconf 46' lang='grc' dir='ltr'>ην</span> 
     </span>
    </p>
   </div>
   <div class='ocr_carea' id='block_1_24' title="bbox 36 2442 1799 2516">
    <p class='ocr_par' dir='ltr' id='par_1_24' title="bbox 36 2442 1799 2516">
     <span class='ocr_line' id='line_1_25' title="bbox 36 2442 1799 2516; baseline 0.009 -27"><span class='ocrx_word' id='word_1_166' title='bbox 36 2457 118 2493; x_wconf 60' lang='grc' dir='ltr'>,ειηι</span> <span class='ocrx_word' id='word_1_167' title='bbox 205 2442 373 2508; x_wconf 82' lang='grc' dir='ltr'>σοῦς</span> <span class='ocrx_word' id='word_1_168' title='bbox 403 2444 660 2498; x_wconf 83' lang='grc' dir='ltr'>ἀπέθανε</span> <span class='ocrx_word' id='word_1_169' title='bbox 705 2447 804 2500; x_wconf 76' lang='grc' dir='ltr'>καί</span> <span class='ocrx_word' id='word_1_170' title='bbox 847 2446 1075 2515; x_wconf 75' lang='grc' dir='ltr'>ἀνέστη</span> <span class='ocrx_word' id='word_1_171' title='bbox 1117 2449 1216 2502; x_wconf 80' lang='grc' dir='ltr'>καὶ</span> <span class='ocrx_word' id='word_1_172' title='bbox 1264 2448 1498 2516; x_wconf 77' lang='grc' dir='ltr'>ἔζησεν,</span> <span class='ocrx_word' id='word_1_173' title='bbox 1549 2451 1738 2516; x_wconf 86' lang='grc' dir='ltr'>οὕτως</span> <span class='ocrx_word' id='word_1_174' title='bbox 1767 2454 1799 2505; x_wconf 90' lang='grc' dir='ltr'>ό</span> 
     </span>
    </p>
   </div>
   <div class='ocr_carea' id='block_1_25' title="bbox 211 2527 1800 2601">
    <p class='ocr_par' dir='ltr' id='par_1_25' title="bbox 211 2527 1800 2601">
     <span class='ocr_line' id='line_1_26' title="bbox 211 2527 1800 2601; baseline 0.008 -23"><span class='ocrx_word' id='word_1_175' title='bbox 211 2527 361 2592; x_wconf 86' lang='grc' dir='ltr'>Θεὸς</span> <span class='ocrx_word' id='word_1_176' title='bbox 411 2527 671 2593; x_wconf 77' lang='grc' dir='ltr'>καὶτοὺς</span> <span class='ocrx_word' id='word_1_177' title='bbox 701 2530 1091 2598; x_wconf 75' lang='grc' dir='ltr'>κοιμηθέντας</span> <span class='ocrx_word' id='word_1_178' title='bbox 1119 2532 1216 2587; x_wconf 87' lang='grc' dir='ltr'>διὰ</span> <span class='ocrx_word' id='word_1_179' title='bbox 1263 2534 1366 2587; x_wconf 88' lang='grc' dir='ltr'>τοῦ</span> <span class='ocrx_word' id='word_1_180' title='bbox 1419 2534 1624 2601; x_wconf 89' lang='grc' dir='ltr'>Ἰησοῦ</span> <span class='ocrx_word' id='word_1_181' title='bbox 1671 2535 1800 2600; x_wconf 76' lang='grc' dir='ltr'>ἄξει</span> 
     </span>
    </p>
   </div>
   <div class='ocr_carea' id='block_1_26' title="bbox 28 2609 1801 2684">
    <p class='ocr_par' dir='ltr' id='par_1_26' title="bbox 28 2609 1801 2684">
     <span class='ocr_line' id='line_1_27' title="bbox 28 2609 1801 2684; baseline 0.001 -19"><span class='ocrx_word' id='word_1_182' title='bbox 28 2631 116 2679; x_wconf 28' lang='grc' dir='ltr'>..τε</span> <span class='ocrx_word' id='word_1_183' title='bbox 211 2609 335 2662; x_wconf 80' lang='grc' dir='ltr'>σὺν</span> <span class='ocrx_word' id='word_1_184' title='bbox 357 2610 542 2676; x_wconf 80' lang='grc' dir='ltr'>αὐτῷ.</span> <span class='ocrx_word' id='word_1_185' title='bbox 598 2611 708 2665; x_wconf 89' lang='grc' dir='ltr'>Ποῦ</span> <span class='ocrx_word' id='word_1_186' title='bbox 739 2613 874 2666; x_wconf 86' lang='grc' dir='ltr'>είσιν</span> <span class='ocrx_word' id='word_1_187' title='bbox 901 2616 950 2667; x_wconf 75' lang='grc' dir='ltr'>οἱ</span> <span class='ocrx_word' id='word_1_188' title='bbox 982 2615 1081 2680; x_wconf 83' lang='grc' dir='ltr'>τὴν</span> <span class='ocrx_word' id='word_1_189' title='bbox 1109 2615 1288 2684; x_wconf 87' lang='grc' dir='ltr'>σάρκα</span> <span class='ocrx_word' id='word_1_190' title='bbox 1317 2615 1670 2684; x_wconf 87' lang='grc' dir='ltr'>ἀθετοῦντες;</span> <span class='ocrx_word' id='word_1_191' title='bbox 1739 2621 1801 2672; x_wconf 77' lang='grc' dir='ltr'><strong>Εἰ</strong></span> 
     </span>
    </p>
   </div>
   <div class='ocr_carea' id='block_1_27' title="bbox 212 2691 1802 2768">
    <p class='ocr_par' dir='ltr' id='par_1_27' title="bbox 212 2691 1802 2768">
     <span class='ocr_line' id='line_1_28' title="bbox 212 2691 1802 2768; baseline 0.006 -23"><span class='ocrx_word' id='word_1_192' title='bbox 212 2691 320 2762; x_wconf 80' lang='grc' dir='ltr'>γάρ</span> <span class='ocrx_word' id='word_1_193' title='bbox 357 2694 437 2762; x_wconf 85' lang='grc' dir='ltr'>μὴ</span> <span class='ocrx_word' id='word_1_194' title='bbox 479 2694 705 2747; x_wconf 77' lang='grc' dir='ltr'>ἀνέλαϐε</span> <span class='ocrx_word' id='word_1_195' title='bbox 743 2693 890 2768; x_wconf 71' lang='grc'>[475]</span> <span class='ocrx_word' id='word_1_196' title='bbox 923 2696 1124 2768; x_wconf 83' lang='grc' dir='ltr'>σάρκα,</span> <span class='ocrx_word' id='word_1_197' title='bbox 1167 2699 1288 2752; x_wconf 82' lang='grc' dir='ltr'>οὐδὲ</span> <span class='ocrx_word' id='word_1_198' title='bbox 1319 2700 1590 2754; x_wconf 80' lang='grc' dir='ltr'>ἀπέθανεν</span> <span class='ocrx_word' id='word_1_199' title='bbox 1613 2719 1627 2734; x_wconf 88' lang='grc'><strong>·</strong></span> <span class='ocrx_word' id='word_1_200' title='bbox 1668 2703 1802 2756; x_wconf 80' lang='grc' dir='ltr'>εἰδὲ</span> 
     </span>
    </p>
   </div>
   <div class='ocr_carea' id='block_1_28' title="bbox 211 2775 1802 2853">
    <p class='ocr_par' dir='ltr' id='par_1_28' title="bbox 211 2775 1802 2853">
     <span class='ocr_line' id='line_1_29' title="bbox 211 2775 1802 2853; baseline 0.006 -24"><span class='ocrx_word' id='word_1_201' title='bbox 211 2775 286 2846; x_wconf 81' lang='grc' dir='ltr'>μὴ</span> <span class='ocrx_word' id='word_1_202' title='bbox 320 2777 621 2845; x_wconf 81' lang='grc' dir='ltr'>ἀπέθανεν,</span> <span class='ocrx_word' id='word_1_203' title='bbox 645 2779 764 2831; x_wconf 79' lang='grc' dir='ltr'>οὐδὲ</span> <span class='ocrx_word' id='word_1_204' title='bbox 788 2779 1009 2850; x_wconf 87' lang='grc' dir='ltr'>ἀνέστη.</span> <span class='ocrx_word' id='word_1_205' title='bbox 1044 2779 1166 2844; x_wconf 93' lang='grc' dir='ltr'>Πῶς</span> <span class='ocrx_word' id='word_1_206' title='bbox 1191 2777 1284 2834; x_wconf 82' lang='grc' dir='ltr'>οῦν</span> <span class='ocrx_word' id='word_1_207' title='bbox 1306 2785 1450 2853; x_wconf 79' lang='grc' dir='ltr'>ἡμᾶς</span> <span class='ocrx_word' id='word_1_208' title='bbox 1471 2784 1578 2837; x_wconf 83' lang='grc' dir='ltr'>ἀπὸ</span> <span class='ocrx_word' id='word_1_209' title='bbox 1599 2784 1802 2838; x_wconf 88' lang='grc' dir='ltr'>τούτων</span> 
     </span>
    </p>
   </div>
   <div class='ocr_carea' id='block_1_29' title="bbox 208 2857 1800 2937">
    <p class='ocr_par' dir='ltr' id='par_1_29' title="bbox 208 2857 1800 2937">
     <span class='ocr_line' id='line_1_30' title="bbox 208 2857 1800 2937; baseline 0.005 -26"><span class='ocrx_word' id='word_1_210' title='bbox 208 2860 520 2929; x_wconf 79' lang='grc' dir='ltr'>προτρέπει</span> <span class='ocrx_word' id='word_1_211' title='bbox 547 2862 626 2922; x_wconf 85' lang='grc' dir='ltr'>είς</span> <span class='ocrx_word' id='word_1_212' title='bbox 655 2862 869 2928; x_wconf 87' lang='grc' dir='ltr'>πίστιν;</span> <span class='ocrx_word' id='word_1_213' title='bbox 906 2857 1016 2931; x_wconf 80' lang='grc' dir='ltr'>ἆρα</span> <span class='ocrx_word' id='word_1_214' title='bbox 1045 2863 1106 2915; x_wconf 84' lang='grc' dir='ltr'>οὐ</span> <span class='ocrx_word' id='word_1_215' title='bbox 1157 2863 1322 2934; x_wconf 85' lang='grc' dir='ltr'>λῆρος</span> <span class='ocrx_word' id='word_1_216' title='bbox 1367 2867 1567 2935; x_wconf 81' lang='grc' dir='ltr'>μᾶλλον</span> <span class='ocrx_word' id='word_1_217' title='bbox 1587 2863 1654 2937; x_wconf 76' lang='grc' dir='ltr'>ἦν</span> <span class='ocrx_word' id='word_1_218' title='bbox 1677 2869 1800 2920; x_wconf 86' lang='grc' dir='ltr'>κατ’</span> 
     </span>
    </p>
   </div>
   <div class='ocr_carea' id='block_1_30' title="bbox 61 2941 1801 3023">
    <p class='ocr_par' dir='ltr' id='par_1_30' title="bbox 61 2941 1801 3023">
     <span class='ocr_line' id='line_1_31' title="bbox 61 2941 1801 3023; baseline 0.011 -27"><span class='ocrx_word' id='word_1_219' title='bbox 201 2949 420 3010; x_wconf 81' lang='grc' dir='ltr'>αὐτοὺς</span> <span class='ocrx_word' id='word_1_220' title='bbox 464 2949 558 3001; x_wconf 74' lang='grc' dir='ltr'>καὶ</span> <span class='ocrx_word' id='word_1_221' title='bbox 586 2948 866 3014; x_wconf 88' lang='grc' dir='ltr'>ἀπατεών;</span> <span class='ocrx_word' id='word_1_222' title='bbox 900 2950 960 3002; x_wconf 74' lang='lat' dir='ltr'>El</span> <span class='ocrx_word' id='word_1_223' title='bbox 994 2949 1104 3020; x_wconf 84' lang='grc' dir='ltr'>γάρ</span> <span class='ocrx_word' id='word_1_224' title='bbox 1125 2948 1186 3002; x_wconf 85' lang='grc' dir='ltr'>τὸ</span> <span class='ocrx_word' id='word_1_225' title='bbox 1206 2950 1498 3004; x_wconf 87' lang='grc' dir='ltr'>ἀποθανεῖν</span> <span class='ocrx_word' id='word_1_226' title='bbox 1527 2953 1801 3023; x_wconf 75' lang='grc' dir='ltr'>ἁμαρτίας</span> 
     </span>
    </p>
   </div>
   <div class='ocr_carea' id='block_1_31' title="bbox 79 3031 1803 3105">
    <p class='ocr_par' dir='ltr' id='par_1_31' title="bbox 79 3031 1803 3105">
     <span class='ocr_line' id='line_1_32' title="bbox 79 3031 1803 3105; baseline 0.003 -22"><span class='ocrx_word' id='word_1_227' title='bbox 79 3039 114 3053; x_wconf 71' lang='grc'>’³</span> <span class='ocrx_word' id='word_1_228' title='bbox 205 3032 392 3095; x_wconf 80' lang='grc' dir='ltr'>ἐστὶν,</span> <span class='ocrx_word' id='word_1_229' title='bbox 415 3033 443 3083; x_wconf 91' lang='lat'>6</span> <span class='ocrx_word' id='word_1_230' title='bbox 468 3031 523 3083; x_wconf 82' lang='grc' dir='ltr'>δὲ</span> <span class='ocrx_word' id='word_1_231' title='bbox 561 3032 796 3102; x_wconf 82' lang='grc' dir='ltr'>Χριστὸς</span> <span class='ocrx_word' id='word_1_232' title='bbox 822 3031 916 3101; x_wconf 80' lang='grc' dir='ltr'>οὐχ</span> <span class='ocrx_word' id='word_1_233' title='bbox 953 3032 1192 3102; x_wconf 80' lang='grc' dir='ltr'>ἥμαρτε,</span> <span class='ocrx_word' id='word_1_234' title='bbox 1239 3033 1356 3096; x_wconf 88' lang='grc' dir='ltr'>πῶς</span> <span class='ocrx_word' id='word_1_235' title='bbox 1389 3036 1535 3105; x_wconf 81' lang='grc' dir='ltr'>ἡμᾶς</span> <span class='ocrx_word' id='word_1_236' title='bbox 1567 3035 1803 3105; x_wconf 88' lang='grc' dir='ltr'>προτρέ-</span> 
     </span>
    </p>
   </div>
   <div class='ocr_carea' id='block_1_32' title="bbox 107 3114 1801 3188">
    <p class='ocr_par' dir='ltr' id='par_1_32' title="bbox 107 3114 1801 3188">
     <span class='ocr_line' id='line_1_33' title="bbox 107 3114 1801 3188; baseline 0.006 -23"><span class='ocrx_word' id='word_1_237' title='bbox 107 3114 118 3144; x_wconf 92' lang='lat'>-&#39;</span> <span class='ocrx_word' id='word_1_238' title='bbox 208 3131 386 3167; x_wconf 86' lang='grc' dir='ltr'>πεται</span> <span class='ocrx_word' id='word_1_239' title='bbox 417 3115 548 3180; x_wconf 87' lang='grc' dir='ltr'>νῦν;</span> <span class='ocrx_word' id='word_1_240' title='bbox 601 3114 701 3168; x_wconf 86' lang='grc' dir='ltr'>Διά</span> <span class='ocrx_word' id='word_1_241' title='bbox 723 3114 775 3168; x_wconf 85' lang='grc' dir='ltr'>τί</span> <span class='ocrx_word' id='word_1_242' title='bbox 808 3115 865 3167; x_wconf 78' lang='grc' dir='ltr'>δὲ</span> <span class='ocrx_word' id='word_1_243' title='bbox 893 3115 987 3168; x_wconf 87' lang='grc' dir='ltr'>καί</span> <span class='ocrx_word' id='word_1_244' title='bbox 1033 3134 1218 3188; x_wconf 85' lang='grc' dir='ltr'>φησιν,</span> <span class='ocrx_word' id='word_1_245' title='bbox 1251 3119 1478 3184; x_wconf 85' lang='grc' dir='ltr'>’Ὠσπερ</span> <span class='ocrx_word' id='word_1_246' title='bbox 1513 3123 1568 3172; x_wconf 82' lang='grc' dir='ltr'>οἱ</span> <span class='ocrx_word' id='word_1_247' title='bbox 1601 3121 1801 3175; x_wconf 76' lang='grc' dir='ltr'>λοιποί</span> 
     </span>
    </p>
   </div>
   <div class='ocr_carea' id='block_1_33' title="bbox 63 3196 1799 3273">
    <p class='ocr_par' dir='ltr' id='par_1_33' title="bbox 63 3196 1799 3273">
     <span class='ocr_line' id='line_1_34' title="bbox 63 3196 1799 3273; baseline 0.002 -21"><span class='ocrx_word' id='word_1_248' title='bbox 63 3209 104 3243; x_wconf 66' lang='grc' dir='ltr'>ςῑλ</span> <span class='ocrx_word' id='word_1_249' title='bbox 205 3200 265 3253; x_wconf 81' lang='grc' dir='ltr'>οι</span> <span class='ocrx_word' id='word_1_250' title='bbox 288 3199 388 3267; x_wconf 80' lang='grc' dir='ltr'>μὴ</span> <span class='ocrx_word' id='word_1_251' title='bbox 417 3197 656 3266; x_wconf 80' lang='grc' dir='ltr'>ἔχοντες</span> <span class='ocrx_word' id='word_1_252' title='bbox 671 3197 920 3260; x_wconf 85' lang='grc' dir='ltr'>ἐλπίδα;</span> <span class='ocrx_word' id='word_1_253' title='bbox 960 3196 1104 3254; x_wconf 72' lang='grc' dir='ltr'>Ὦσεὶ</span> <span class='ocrx_word' id='word_1_254' title='bbox 1123 3199 1275 3269; x_wconf 79' lang='grc' dir='ltr'>ἔλεγε</span> <span class='ocrx_word' id='word_1_255' title='bbox 1296 3218 1308 3230; x_wconf 91' lang='grc'><strong>·</strong></span> <span class='ocrx_word' id='word_1_256' title='bbox 1335 3201 1498 3264; x_wconf 81' lang='grc' dir='ltr'>Τίνας</span> <span class='ocrx_word' id='word_1_257' title='bbox 1531 3201 1799 3273; x_wconf 87' lang='grc' dir='ltr'>θρηνεῖτε,</span> 
     </span>
    </p>
   </div>
   <div class='ocr_carea' id='block_1_34' title="bbox 76 3281 1802 3356">
    <p class='ocr_par' dir='ltr' id='par_1_34' title="bbox 76 3281 1802 3356">
     <span class='ocr_line' id='line_1_35' title="bbox 76 3281 1802 3356; baseline 0.002 -20"><span class='ocrx_word' id='word_1_258' title='bbox 207 3281 536 3352; x_wconf 77' lang='grc' dir='ltr'>ἅνθρωποι;</span> <span class='ocrx_word' id='word_1_259' title='bbox 568 3283 707 3351; x_wconf 79' lang='grc' dir='ltr'>ὑπὲρ</span> <span class='ocrx_word' id='word_1_260' title='bbox 736 3281 898 3335; x_wconf 91' lang='grc' dir='ltr'>τίνων</span> <span class='ocrx_word' id='word_1_261' title='bbox 918 3281 1171 3336; x_wconf 86' lang='grc' dir='ltr'>λυπεῖσθε</span> <span class='ocrx_word' id='word_1_262' title='bbox 1189 3301 1204 3349; x_wconf 87' lang='grc'>;</span> <span class='ocrx_word' id='word_1_263' title='bbox 1238 3283 1379 3354; x_wconf 81' lang='grc' dir='ltr'>ὑπὲρ</span> <span class='ocrx_word' id='word_1_264' title='bbox 1411 3284 1520 3338; x_wconf 90' lang='grc' dir='ltr'>τῶν</span> <span class='ocrx_word' id='word_1_265' title='bbox 1543 3285 1802 3356; x_wconf 88' lang='grc' dir='ltr'>ἀμαρτω-</span> 
     </span>
    </p>
   </div>
   <div class='ocr_carea' id='block_1_35' title="bbox 75 3363 1803 3436">
    <p class='ocr_par' dir='ltr' id='par_1_35' title="bbox 75 3363 1803 3436">
     <span class='ocr_line' id='line_1_36' title="bbox 75 3363 1803 3436; baseline 0.004 -20"><span class='ocrx_word' id='word_1_266' title='bbox 75 3401 110 3430; x_wconf 58' lang='lat'>~_._..</span> <span class='ocrx_word' id='word_1_267' title='bbox 207 3364 342 3428; x_wconf 88' lang='grc' dir='ltr'>λῶν,</span> <span class='ocrx_word' id='word_1_268' title='bbox 376 3365 410 3433; x_wconf 84' lang='grc' dir='ltr'>ἦ</span> <span class='ocrx_word' id='word_1_269' title='bbox 438 3364 577 3431; x_wconf 79' lang='grc' dir='ltr'>ὑπὲρ</span> <span class='ocrx_word' id='word_1_270' title='bbox 605 3363 712 3416; x_wconf 90' lang='grc' dir='ltr'>τῶν</span> <span class='ocrx_word' id='word_1_271' title='bbox 730 3363 918 3427; x_wconf 82' lang='grc' dir='ltr'>ἁπλῶς</span> <span class='ocrx_word' id='word_1_272' title='bbox 934 3365 1429 3436; x_wconf 84' lang='grc' dir='ltr'>ἀποθνησκόντων;</span> <span class='ocrx_word' id='word_1_273' title='bbox 1467 3367 1633 3421; x_wconf 80' lang='grc' dir='ltr'>Ὥστε</span> <span class='ocrx_word' id='word_1_274' title='bbox 1656 3370 1803 3424; x_wconf 86' lang='grc' dir='ltr'>ἐκεῖ-</span> 
     </span>
    </p>
   </div>
   <div class='ocr_carea' id='block_1_36' title="bbox 77 3447 1803 3520">
    <p class='ocr_par' dir='ltr' id='par_1_36' title="bbox 77 3447 1803 3520">
     <span class='ocr_line' id='line_1_37' title="bbox 77 3447 1803 3520; baseline 0.003 -20"><span class='ocrx_word' id='word_1_275' title='bbox 77 3491 116 3520; x_wconf 39' lang='grc' dir='ltr'>ν</span> <span class='ocrx_word' id='word_1_276' title='bbox 205 3467 289 3502; x_wconf 79' lang='grc' dir='ltr'>νοι</span> <span class='ocrx_word' id='word_1_277' title='bbox 309 3449 474 3512; x_wconf 86' lang='grc' dir='ltr'>τίνας</span> <span class='ocrx_word' id='word_1_278' title='bbox 503 3447 757 3519; x_wconf 88' lang='grc' dir='ltr'>θρηνοῦσι</span> <span class='ocrx_word' id='word_1_279' title='bbox 776 3466 790 3514; x_wconf 88' lang='lat'><strong>;</strong></span> <span class='ocrx_word' id='word_1_280' title='bbox 823 3449 1006 3504; x_wconf 87' lang='grc' dir='ltr'>Πάντα</span> <span class='ocrx_word' id='word_1_281' title='bbox 1026 3449 1083 3502; x_wconf 84' lang='grc' dir='ltr'>δὲ</span> <span class='ocrx_word' id='word_1_282' title='bbox 1102 3450 1276 3503; x_wconf 89' lang='grc' dir='ltr'>ταῦτα</span> <span class='ocrx_word' id='word_1_283' title='bbox 1293 3450 1438 3505; x_wconf 71' lang='grc' dir='ltr'>ἕωλα</span> <span class='ocrx_word' id='word_1_284' title='bbox 1454 3451 1639 3515; x_wconf 80' lang='grc' dir='ltr'>αὐτοῖς</span> <span class='ocrx_word' id='word_1_285' title='bbox 1659 3453 1803 3520; x_wconf 86' lang='grc' dir='ltr'>γίνε-</span> 
     </span>
    </p>
   </div>
   <div class='ocr_carea' id='block_1_37' title="bbox 93 3532 1796 3604">
    <p class='ocr_par' dir='ltr' id='par_1_37' title="bbox 93 3532 1796 3604">
     <span class='ocr_line' id='line_1_38' title="bbox 93 3532 1796 3604; baseline 0 -18"><span class='ocrx_word' id='word_1_286' title='bbox 93 3585 110 3600; x_wconf 38' lang='grc' dir='ltr'><strong>ι</strong></span> <span class='ocrx_word' id='word_1_287' title='bbox 204 3551 319 3597; x_wconf 87' lang='grc' dir='ltr'>ται,</span> <span class='ocrx_word' id='word_1_288' title='bbox 347 3533 752 3602; x_wconf 83' lang='grc' dir='ltr'>Πρωτότοκος,</span> <span class='ocrx_word' id='word_1_289' title='bbox 772 3532 956 3602; x_wconf 72' lang='grc' dir='ltr'>φησὶν,</span> <span class='ocrx_word' id='word_1_290' title='bbox 987 3533 1055 3588; x_wconf 83' lang='grc' dir='ltr'>ἐκ</span> <span class='ocrx_word' id='word_1_291' title='bbox 1071 3534 1190 3588; x_wconf 89' lang='grc' dir='ltr'>τῶν</span> <span class='ocrx_word' id='word_1_292' title='bbox 1208 3534 1439 3604; x_wconf 83' lang='grc' dir='ltr'>νεκρῶν</span> <span class='ocrx_word' id='word_1_293' title='bbox 1456 3551 1471 3565; x_wconf 85' lang='grc'>⁶</span> <span class='ocrx_word' id='word_1_294' title='bbox 1497 3536 1796 3591; x_wconf 80' lang='grc' dir='ltr'>τουτέστιν.</span> 
     </span>
    </p>
   </div>
   <div class='ocr_carea' id='block_1_38' title="bbox 73 3611 1800 3692">
    <p class='ocr_par' dir='ltr' id='par_1_38' title="bbox 73 3611 1800 3692">
     <span class='ocr_line' id='line_1_39' title="bbox 73 3611 1800 3692; baseline 0.001 -22"><span class='ocrx_word' id='word_1_295' title='bbox 204 3617 468 3687; x_wconf 80' lang='grc' dir='ltr'>ἀπαρχὴ.</span> <span class='ocrx_word' id='word_1_296' title='bbox 518 3615 724 3668; x_wconf 83' lang='grc' dir='ltr'>Οὐκοῦν</span> <span class='ocrx_word' id='word_1_297' title='bbox 765 3615 858 3668; x_wconf 78' lang='grc' dir='ltr'>καὶ</span> <span class='ocrx_word' id='word_1_298' title='bbox 905 3616 1123 3680; x_wconf 82' lang='grc' dir='ltr'>λοιποὺς</span> <span class='ocrx_word' id='word_1_299' title='bbox 1185 3613 1326 3670; x_wconf 83' lang='grc' dir='ltr'>εἷναι</span> <span class='ocrx_word' id='word_1_300' title='bbox 1373 3618 1474 3671; x_wconf 87' lang='grc' dir='ltr'>δεῖ.</span> <span class='ocrx_word' id='word_1_301' title='bbox 1543 3620 1653 3672; x_wconf 78' lang='grc' dir='ltr'>Καὶ</span> <span class='ocrx_word' id='word_1_302' title='bbox 1699 3620 1800 3678; x_wconf 72' lang='grc' dir='ltr'>ὅσα</span> 
     </span>
    </p>
   </div>
   <div class='ocr_carea' id='block_1_39' title="bbox 61 3698 1798 3774">
    <p class='ocr_par' dir='ltr' id='par_1_39' title="bbox 61 3698 1798 3774">
     <span class='ocr_line' id='line_1_40' title="bbox 61 3698 1798 3774; baseline 0.001 -22"><span class='ocrx_word' id='word_1_303' title='bbox 205 3701 332 3763; x_wconf 81' lang='grc' dir='ltr'>πῶς</span> <span class='ocrx_word' id='word_1_304' title='bbox 378 3698 613 3752; x_wconf 79' lang='grc' dir='ltr'>ἐνταῦθα</span> <span class='ocrx_word' id='word_1_305' title='bbox 652 3699 802 3751; x_wconf 79' lang='grc' dir='ltr'>οὐδὲν</span> <span class='ocrx_word' id='word_1_306' title='bbox 845 3699 952 3751; x_wconf 85' lang='grc' dir='ltr'>ἀπὸ</span> <span class='ocrx_word' id='word_1_307' title='bbox 995 3699 1272 3770; x_wconf 83' lang='grc' dir='ltr'>λογισμῶν</span> <span class='ocrx_word' id='word_1_308' title='bbox 1315 3700 1560 3769; x_wconf 80' lang='grc' dir='ltr'>τίθησιν,</span> <span class='ocrx_word' id='word_1_309' title='bbox 1612 3703 1798 3774; x_wconf 81' lang='grc' dir='ltr'>ἐπειδὴ</span> 
     </span>
    </p>
   </div>
   <div class='ocr_carea' id='block_1_40' title="bbox 81 3771 1796 3855">
    <p class='ocr_par' dir='ltr' id='par_1_40' title="bbox 81 3771 1796 3855">
     <span class='ocr_line' id='line_1_41' title="bbox 81 3771 1796 3855; baseline 0 -19"><span class='ocrx_word' id='word_1_310' title='bbox 81 3771 107 3803; x_wconf 49' lang='grc'><strong>³</strong></span> <span class='ocrx_word' id='word_1_311' title='bbox 205 3785 518 3855; x_wconf 85' lang='grc' dir='ltr'>προσηνεῖς</span> <span class='ocrx_word' id='word_1_312' title='bbox 540 3777 710 3853; x_wconf 80' lang='grc' dir='ltr'>ἦσαν·</span> <span class='ocrx_word' id='word_1_313' title='bbox 747 3781 1059 3852; x_wconf 82' lang='grc' dir='ltr'>Κορινθίοις</span> <span class='ocrx_word' id='word_1_314' title='bbox 1083 3782 1139 3835; x_wconf 80' lang='grc' dir='ltr'>δὲ</span> <span class='ocrx_word' id='word_1_315' title='bbox 1166 3783 1412 3853; x_wconf 81' lang='grc' dir='ltr'>γράφων,</span> <span class='ocrx_word' id='word_1_316' title='bbox 1452 3782 1618 3842; x_wconf 72' lang='grc' dir='ltr'>πολλὰ</span> <span class='ocrx_word' id='word_1_317' title='bbox 1647 3771 1796 3854; x_wconf 58' lang='grc' dir='ltr'>πρῶέ</span> 
     </span>
    </p>
   </div>
   <div class='ocr_carea' id='block_1_41' title="bbox 65 3865 1792 3938">
    <p class='ocr_par' dir='ltr' id='par_1_41' title="bbox 65 3865 1792 3938">
     <span class='ocr_line' id='line_1_42' title="bbox 65 3865 1792 3938; baseline 0.002 -20"><span class='ocrx_word' id='word_1_318' title='bbox 65 3868 102 3903; x_wconf 65' lang='lat'>7&quot;</span> <span class='ocrx_word' id='word_1_319' title='bbox 205 3885 303 3920; x_wconf 87' lang='grc' dir='ltr'>τον</span> <span class='ocrx_word' id='word_1_320' title='bbox 327 3868 434 3920; x_wconf 79' lang='grc' dir='ltr'>καὶ</span> <span class='ocrx_word' id='word_1_321' title='bbox 476 3865 584 3919; x_wconf 84' lang='grc' dir='ltr'>ἀπὸ</span> <span class='ocrx_word' id='word_1_322' title='bbox 617 3865 891 3934; x_wconf 84' lang='grc' dir='ltr'>λογισμῶν</span> <span class='ocrx_word' id='word_1_323' title='bbox 929 3866 1168 3933; x_wconf 89' lang='grc' dir='ltr'>ἐκίνησε,</span> <span class='ocrx_word' id='word_1_324' title='bbox 1211 3867 1304 3918; x_wconf 78' lang='grc' dir='ltr'>καὶ</span> <span class='ocrx_word' id='word_1_325' title='bbox 1327 3866 1444 3917; x_wconf 88' lang='grc' dir='ltr'>τότε</span> <span class='ocrx_word' id='word_1_326' title='bbox 1480 3867 1792 3938; x_wconf 80' lang='grc' dir='ltr'>ἐπήγαγεν·</span> 
     </span>
    </p>
   </div>
   <div class='ocr_carea' id='block_1_42' title="bbox 208 3945 1794 4020">
    <p class='ocr_par' dir='ltr' id='par_1_42' title="bbox 208 3945 1794 4020">
     <span class='ocr_line' id='line_1_43' title="bbox 208 3945 1794 4020; baseline 0 -18"><span class='ocrx_word' id='word_1_327' title='bbox 208 3951 446 4018; x_wconf 76' lang='grc' dir='ltr'>Ἀςορον</span> <span class='ocrx_word' id='word_1_328' title='bbox 459 3948 561 4012; x_wconf 89' lang='grc' dir='ltr'>σὺ,</span> <span class='ocrx_word' id='word_1_329' title='bbox 586 3947 617 4001; x_wconf 82' lang='grc' dir='ltr'><strong>ὃ</strong></span> <span class='ocrx_word' id='word_1_330' title='bbox 653 3948 938 4015; x_wconf 78' lang='grc' dir='ltr'>σπείρεις,</span> <span class='ocrx_word' id='word_1_331' title='bbox 964 3949 1036 4001; x_wconf 86' lang='grc' dir='ltr'>οὐ</span> <span class='ocrx_word' id='word_1_332' title='bbox 1051 3945 1422 4006; x_wconf 81' lang='grc' dir='ltr'>ζωοποιεῖται.</span> <span class='ocrx_word' id='word_1_333' title='bbox 1451 3949 1794 4020; x_wconf 75' lang='grc' dir='ltr'>κυριώτερον</span> 
     </span>
    </p>
   </div>
   <div class='ocr_carea' id='block_1_43' title="bbox 36 4029 1793 4104">
    <p class='ocr_par' dir='ltr' id='par_1_43' title="bbox 36 4029 1793 4104">
     <span class='ocr_line' id='line_1_44' title="bbox 36 4029 1793 4104; baseline 0.001 -21"><span class='ocrx_word' id='word_1_334' title='bbox 36 4054 85 4092; x_wconf 52' lang='grc' dir='ltr'><em>γέ</em></span> <span class='ocrx_word' id='word_1_335' title='bbox 105 4057 116 4072; x_wconf 94' lang='grc'><strong><em>--</em></strong></span> <span class='ocrx_word' id='word_1_336' title='bbox 207 4033 319 4102; x_wconf 82' lang='grc' dir='ltr'>μὲν</span> <span class='ocrx_word' id='word_1_337' title='bbox 338 4033 455 4102; x_wconf 85' lang='grc' dir='ltr'>γάρ</span> <span class='ocrx_word' id='word_1_338' title='bbox 482 4030 661 4094; x_wconf 89' lang='grc' dir='ltr'>τοῦτο,</span> <span class='ocrx_word' id='word_1_339' title='bbox 685 4030 798 4083; x_wconf 86' lang='grc' dir='ltr'>ἀλλ’</span> <span class='ocrx_word' id='word_1_340' title='bbox 821 4031 949 4083; x_wconf 82' lang='grc' dir='ltr'>ὅταν</span> <span class='ocrx_word' id='word_1_341' title='bbox 986 4029 1064 4099; x_wconf 83' lang='grc' dir='ltr'>τῷ</span> <span class='ocrx_word' id='word_1_342' title='bbox 1086 4030 1260 4101; x_wconf 82' lang='grc' dir='ltr'>πιστῷ</span> <span class='ocrx_word' id='word_1_343' title='bbox 1287 4031 1596 4102; x_wconf 83' lang='grc' dir='ltr'>διαλέγηται</span> <span class='ocrx_word' id='word_1_344' title='bbox 1616 4050 1629 4064; x_wconf 77' lang='grc' dir='ltr'><strong><em>ο</em></strong></span> <span class='ocrx_word' id='word_1_345' title='bbox 1658 4033 1793 4104; x_wconf 82' lang='grc' dir='ltr'>πρὸς</span> 
     </span>
    </p>
   </div>
   <div class='ocr_carea' id='block_1_44' title="bbox 29 4112 1790 4185">
    <p class='ocr_par' dir='ltr' id='par_1_44' title="bbox 29 4112 1790 4185">
     <span class='ocr_line' id='line_1_45' title="bbox 29 4112 1790 4185; baseline -0.001 -17"><span class='ocrx_word' id='word_1_346' title='bbox 197 4115 264 4168; x_wconf 84' lang='grc' dir='ltr'>δὲ</span> <span class='ocrx_word' id='word_1_347' title='bbox 294 4115 399 4168; x_wconf 80' lang='grc' dir='ltr'>τὸν</span> <span class='ocrx_word' id='word_1_348' title='bbox 436 4113 542 4178; x_wconf 73' lang='grc' dir='ltr'>ἔξω</span> <span class='ocrx_word' id='word_1_349' title='bbox 569 4115 727 4167; x_wconf 87' lang='grc' dir='ltr'>ποίαν</span> <span class='ocrx_word' id='word_1_350' title='bbox 757 4114 911 4183; x_wconf 83' lang='grc' dir='ltr'>ίσχὺν</span> <span class='ocrx_word' id='word_1_351' title='bbox 930 4113 997 4166; x_wconf 81' lang='grc' dir='ltr'>ἂν</span> <span class='ocrx_word' id='word_1_352' title='bbox 1034 4112 1146 4184; x_wconf 74' lang='grc' dir='ltr'>ἔχοι</span> <span class='ocrx_word' id='word_1_353' title='bbox 1168 4112 1356 4181; x_wconf 89' lang='grc' dir='ltr'>τοῦτο;</span> <span class='ocrx_word' id='word_1_354' title='bbox 1391 4116 1573 4178; x_wconf 83' lang='grc' dir='ltr'>Οὕτω,</span> <span class='ocrx_word' id='word_1_355' title='bbox 1607 4117 1790 4185; x_wconf 74' lang='grc' dir='ltr'>φησὶν,</span> 
     </span>
    </p>
   </div>
   <div class='ocr_carea' id='block_1_45' title="bbox 31 4195 1793 4268">
    <p class='ocr_par' dir='ltr' id='par_1_45' title="bbox 31 4195 1793 4268">
     <span class='ocr_line' id='line_1_46' title="bbox 31 4195 1793 4268; baseline 0 -16"><span class='ocrx_word' id='word_1_356' title='bbox 31 4249 48 4268; x_wconf 48' lang='grc' dir='ltr'><strong>η</strong></span> <span class='ocrx_word' id='word_1_357' title='bbox 72 4247 112 4266; x_wconf 33' lang='grc' dir='ltr'>ς,</span> <span class='ocrx_word' id='word_1_358' title='bbox 203 4201 242 4252; x_wconf 83' lang='grc' dir='ltr'>ό</span> <span class='ocrx_word' id='word_1_359' title='bbox 272 4198 452 4263; x_wconf 82' lang='grc' dir='ltr'>Θεὸς,</span> <span class='ocrx_word' id='word_1_360' title='bbox 479 4197 578 4251; x_wconf 80' lang='grc' dir='ltr'>καί</span> <span class='ocrx_word' id='word_1_361' title='bbox 602 4197 743 4262; x_wconf 83' lang='grc' dir='ltr'>τοὺς</span> <span class='ocrx_word' id='word_1_362' title='bbox 772 4195 1163 4265; x_wconf 81' lang='grc' dir='ltr'>κοιμηθέντας</span> <span class='ocrx_word' id='word_1_363' title='bbox 1189 4196 1286 4251; x_wconf 82' lang='grc' dir='ltr'>διὰ</span> <span class='ocrx_word' id='word_1_364' title='bbox 1306 4196 1413 4251; x_wconf 86' lang='grc' dir='ltr'>τοῦ</span> <span class='ocrx_word' id='word_1_365' title='bbox 1441 4197 1636 4265; x_wconf 74' lang='grc' dir='ltr'>Ἰησοῦ</span> <span class='ocrx_word' id='word_1_366' title='bbox 1661 4198 1793 4263; x_wconf 82' lang='grc' dir='ltr'>ἄξει</span> 
     </span>
    </p>
   </div>
   <div class='ocr_carea' id='block_1_46' title="bbox 29 4269 1788 4353">
    <p class='ocr_par' dir='ltr' id='par_1_46' title="bbox 29 4269 1788 4353">
     <span class='ocr_line' id='line_1_47' title="bbox 29 4269 1788 4353; baseline -0.01 -2"><span class='ocrx_word' id='word_1_367' title='bbox 201 4282 344 4336; x_wconf 75' lang='grc' dir='ltr'>σὺν</span> <span class='ocrx_word' id='word_1_368' title='bbox 393 4279 571 4345; x_wconf 72' lang='grc' dir='ltr'>αὐτῷ·</span> <span class='ocrx_word' id='word_1_369' title='bbox 611 4269 814 4353; x_wconf 53' lang='grc' dir='ltr'>Πάλιν,</span> <span class='ocrx_word' id='word_1_370' title='bbox 856 4279 1262 4348; x_wconf 86' lang='grc' dir='ltr'>Κοιμηθέντας</span> <span class='ocrx_word' id='word_1_371' title='bbox 1290 4297 1303 4311; x_wconf 89' lang='grc'><strong>·</strong></span> <span class='ocrx_word' id='word_1_372' title='bbox 1347 4281 1580 4350; x_wconf 79' lang='grc' dir='ltr'>οὐδαμοῦ</span> <span class='ocrx_word' id='word_1_373' title='bbox 1620 4282 1788 4349; x_wconf 86' lang='grc' dir='ltr'>λέγει,</span> 
     </span>
    </p>
   </div>
   <div class='ocr_carea' id='block_1_47' title="bbox 28 4351 1792 4434">
    <p class='ocr_par' dir='ltr' id='par_1_47' title="bbox 28 4351 1792 4434">
     <span class='ocr_line' id='line_1_48' title="bbox 28 4351 1792 4434; baseline 0.028 -23"><span class='ocrx_word' id='word_1_374' title='bbox 28 4351 96 4380; x_wconf 42' lang='grc' dir='ltr'>θ’</span> <span class='ocrx_word' id='word_1_375' title='bbox 201 4365 612 4428; x_wconf 77' lang='grc' dir='ltr'>ἀποθανόντας.</span> <span class='ocrx_word' id='word_1_376' title='bbox 631 4351 769 4417; x_wconf 70' lang='grc' dir='ltr'>Ἀλλ’</span> <span class='ocrx_word' id='word_1_377' title='bbox 809 4361 900 4416; x_wconf 74' lang='grc' dir='ltr'>ἐπὶ</span> <span class='ocrx_word' id='word_1_378' title='bbox 941 4363 1041 4432; x_wconf 70' lang='grc' dir='ltr'>μὲν</span> <span class='ocrx_word' id='word_1_379' title='bbox 1065 4367 1160 4420; x_wconf 67' lang='grc' dir='ltr'>τοῦ</span> <span class='ocrx_word' id='word_1_380' title='bbox 1191 4363 1424 4434; x_wconf 66' lang='grc' dir='ltr'>Χριστθῦ</span> <span class='ocrx_word' id='word_1_381' title='bbox 1447 4365 1527 4429; x_wconf 70' lang='grc' dir='ltr'>τὸ’</span> <span class='ocrx_word' id='word_1_382' title='bbox 1557 4364 1792 4419; x_wconf 40' lang='lat' dir='ltr'>nam“-</span> 
     </span>
    </p>
   </div>
   <div class='ocr_carea' id='block_1_48' title="bbox 29 4437 1787 4518">
    <p class='ocr_par' dir='ltr' id='par_1_48' title="bbox 29 4437 1787 4518">
     <span class='ocr_line' id='line_1_49' title="bbox 29 4437 1787 4518; baseline 0.001 -19"><span class='ocrx_word' id='word_1_383' title='bbox 206 4463 357 4509; x_wconf 74' lang='grc' dir='ltr'>νεν,</span> <span class='ocrx_word' id='word_1_384' title='bbox 400 4446 611 4516; x_wconf 76' lang='grc' dir='ltr'>ἔθηκεν,</span> <span class='ocrx_word' id='word_1_385' title='bbox 652 4446 837 4516; x_wconf 78' lang='grc' dir='ltr'>ἐπειδὴ</span> <span class='ocrx_word' id='word_1_386' title='bbox 870 4447 960 4499; x_wconf 70' lang='grc' dir='ltr'>καὶ</span> <span class='ocrx_word' id='word_1_387' title='bbox 1018 4447 1079 4499; x_wconf 86' lang='grc' dir='ltr'>τὸ</span> <span class='ocrx_word' id='word_1_388' title='bbox 1103 4449 1203 4518; x_wconf 82' lang='grc' dir='ltr'>τῆς</span> <span class='ocrx_word' id='word_1_389' title='bbox 1234 4446 1580 4510; x_wconf 88' lang='grc' dir='ltr'>ἀναστάσεως</span> <span class='ocrx_word' id='word_1_390' title='bbox 1604 4443 1787 4500; x_wconf 79' lang='grc' dir='ltr'>εἶπεν·</span> 
     </span>
    </p>
   </div>
   <div class='ocr_carea' id='block_1_49' title="bbox 43 4527 1787 4597">
    <p class='ocr_par' dir='ltr' id='par_1_49' title="bbox 43 4527 1787 4597">
     <span class='ocr_line' id='line_1_50' title="bbox 43 4527 1787 4597; baseline 0.007 -24"><span class='ocrx_word' id='word_1_391' title='bbox 43 4527 105 4555; x_wconf 71' lang='lat'>-‘-&quot;</span> <span class='ocrx_word' id='word_1_392' title='bbox 209 4527 468 4581; x_wconf 79' lang='grc' dir='ltr'>ἐνταῦθα</span> <span class='ocrx_word' id='word_1_393' title='bbox 504 4528 575 4592; x_wconf 84' lang='grc' dir='ltr'>δὲ,</span> <span class='ocrx_word' id='word_1_394' title='bbox 635 4528 780 4594; x_wconf 85' lang='grc' dir='ltr'>Τοὺς</span> <span class='ocrx_word' id='word_1_395' title='bbox 815 4528 1206 4597; x_wconf 84' lang='grc' dir='ltr'>κοιμηθέντας</span> <span class='ocrx_word' id='word_1_396' title='bbox 1245 4529 1343 4584; x_wconf 76' lang='grc' dir='ltr'>διὰ</span> <span class='ocrx_word' id='word_1_397' title='bbox 1383 4531 1490 4583; x_wconf 89' lang='grc' dir='ltr'>τοῦ</span> <span class='ocrx_word' id='word_1_398' title='bbox 1555 4530 1747 4596; x_wconf 84' lang='grc' dir='ltr'>Ἰησοῦ</span> <span class='ocrx_word' id='word_1_399' title='bbox 1773 4548 1787 4561; x_wconf 82' lang='lat'><strong><em>°</em></strong></span> 
     </span>
    </p>
   </div>
   <div class='ocr_carea' id='block_1_50' title="bbox 87 4608 1787 4683">
    <p class='ocr_par' dir='ltr' id='par_1_50' title="bbox 87 4608 1787 4683">
     <span class='ocr_line' id='line_1_51' title="bbox 87 4608 1787 4683; baseline 0.002 -21"><span class='ocrx_word' id='word_1_400' title='bbox 87 4613 106 4643; x_wconf 52' lang='grc' dir='ltr'><em>λ</em></span> <span class='ocrx_word' id='word_1_401' title='bbox 205 4611 247 4679; x_wconf 74' lang='grc' dir='ltr'><strong>ἢ</strong></span> <span class='ocrx_word' id='word_1_402' title='bbox 295 4608 459 4663; x_wconf 85' lang='grc' dir='ltr'>τοῦτο</span> <span class='ocrx_word' id='word_1_403' title='bbox 476 4611 663 4680; x_wconf 88' lang='grc' dir='ltr'>λέγων,</span> <span class='ocrx_word' id='word_1_404' title='bbox 687 4612 767 4664; x_wconf 84' lang='grc' dir='ltr'>ὅτι</span> <span class='ocrx_word' id='word_1_405' title='bbox 791 4614 858 4682; x_wconf 83' lang='grc' dir='ltr'>τῇ</span> <span class='ocrx_word' id='word_1_406' title='bbox 882 4613 1062 4665; x_wconf 88' lang='grc' dir='ltr'>πίστει</span> <span class='ocrx_word' id='word_1_407' title='bbox 1089 4611 1180 4666; x_wconf 87' lang='grc' dir='ltr'>τοῦ</span> <span class='ocrx_word' id='word_1_408' title='bbox 1215 4612 1388 4683; x_wconf 86' lang='grc' dir='ltr'>Ἰησοῦ</span> <span class='ocrx_word' id='word_1_409' title='bbox 1412 4613 1787 4683; x_wconf 87' lang='grc' dir='ltr'>κοιμηθέντας,</span> 
     </span>
    </p>
   </div>
   <div class='ocr_carea' id='block_1_51' title="bbox 85 4693 1786 4765">
    <p class='ocr_par' dir='ltr' id='par_1_51' title="bbox 85 4693 1786 4765">
     <span class='ocr_line' id='line_1_52' title="bbox 85 4693 1786 4765; baseline 0.002 -19"><span class='ocrx_word' id='word_1_410' title='bbox 85 4707 102 4730; x_wconf 83' lang='grc'>·’</span> <span class='ocrx_word' id='word_1_411' title='bbox 205 4693 243 4763; x_wconf 83' lang='grc' dir='ltr'><strong><em>ἦ</em></strong></span> <span class='ocrx_word' id='word_1_412' title='bbox 274 4694 369 4746; x_wconf 79' lang='grc' dir='ltr'>ὅτι</span> <span class='ocrx_word' id='word_1_413' title='bbox 407 4693 490 4746; x_wconf 72' lang='grc' dir='ltr'>διὰ</span> <span class='ocrx_word' id='word_1_414' title='bbox 519 4693 608 4746; x_wconf 92' lang='grc' dir='ltr'>τοῦ</span> <span class='ocrx_word' id='word_1_415' title='bbox 647 4693 819 4764; x_wconf 87' lang='grc' dir='ltr'>Ἰησοῦ</span> <span class='ocrx_word' id='word_1_416' title='bbox 844 4693 960 4758; x_wconf 79' lang='grc' dir='ltr'>ἄξει</span> <span class='ocrx_word' id='word_1_417' title='bbox 986 4696 1110 4757; x_wconf 79' lang='grc' dir='ltr'>τοὺς</span> <span class='ocrx_word' id='word_1_418' title='bbox 1131 4695 1511 4765; x_wconf 85' lang='grc' dir='ltr'>κοιμηθέντας,</span> <span class='ocrx_word' id='word_1_419' title='bbox 1530 4697 1786 4760; x_wconf 81' lang='grc' dir='ltr'>τουτέστι,</span> 
     </span>
    </p>
   </div>
   <div class='ocr_carea' id='block_1_52' title="bbox 33 4777 1796 4847">
    <p class='ocr_par' dir='ltr' id='par_1_52' title="bbox 33 4777 1796 4847">
     <span class='ocr_line' id='line_1_53' title="bbox 33 4777 1796 4847; baseline 0.002 -18"><span class='ocrx_word' id='word_1_420' title='bbox 33 4804 94 4846; x_wconf 31' lang='grc' dir='ltr'>ε,</span> <span class='ocrx_word' id='word_1_421' title='bbox 197 4777 351 4839; x_wconf 78' lang='grc' dir='ltr'>τοὺς</span> <span class='ocrx_word' id='word_1_422' title='bbox 419 4777 663 4838; x_wconf 78' lang='grc' dir='ltr'>πιστούς.</span> <span class='ocrx_word' id='word_1_423' title='bbox 715 4777 980 4830; x_wconf 87' lang='grc' dir='ltr'>Ἐνταῦθα</span> <span class='ocrx_word' id='word_1_424' title='bbox 1053 4779 1102 4829; x_wconf 84' lang='grc' dir='ltr'>οἱ</span> <span class='ocrx_word' id='word_1_425' title='bbox 1171 4778 1435 4847; x_wconf 84' lang='grc' dir='ltr'>αίρετικοί</span> <span class='ocrx_word' id='word_1_426' title='bbox 1490 4795 1650 4846; x_wconf 85' lang='grc' dir='ltr'>φασιν</span> <span class='ocrx_word' id='word_1_427' title='bbox 1713 4781 1796 4833; x_wconf 82' lang='grc' dir='ltr'>ὅτι</span> 
     </span>
    </p>
   </div>
   <div class='ocr_carea' id='block_1_53' title="bbox 45 4857 1792 4936">
    <p class='ocr_par' dir='ltr' id='par_1_53' title="bbox 45 4857 1792 4936">
     <span class='ocr_line' id='line_1_54' title="bbox 45 4857 1792 4936; baseline 0.003 -25"><span class='ocrx_word' id='word_1_428' title='bbox 45 4899 92 4936; x_wconf 25' lang='grc' dir='ltr'>,το</span> <span class='ocrx_word' id='word_1_429' title='bbox 196 4860 349 4924; x_wconf 78' lang='grc' dir='ltr'>τοὺς</span> <span class='ocrx_word' id='word_1_430' title='bbox 367 4859 763 4928; x_wconf 76' lang='grc' dir='ltr'>βαπτισθέντας</span> <span class='ocrx_word' id='word_1_431' title='bbox 790 4861 954 4929; x_wconf 81' lang='grc' dir='ltr'>λέγει.</span> <span class='ocrx_word' id='word_1_432' title='bbox 978 4861 1051 4915; x_wconf 78' lang='lat' dir='ltr'><em>T6</em></span> <span class='ocrx_word' id='word_1_433' title='bbox 1069 4857 1181 4927; x_wconf 78' lang='grc' dir='ltr'>οὖν,</span> <span class='ocrx_word' id='word_1_434' title='bbox 1207 4862 1386 4926; x_wconf 83' lang='grc' dir='ltr'>Οὕτω,</span> <span class='ocrx_word' id='word_1_435' title='bbox 1415 4861 1517 4915; x_wconf 90' lang='grc' dir='ltr'>ποῦ</span> <span class='ocrx_word' id='word_1_436' title='bbox 1548 4863 1792 4930; x_wconf 83' lang='grc' dir='ltr'>ἴσταται;</span> 
     </span>
    </p>
   </div>
   <div class='ocr_carea' id='block_1_54' title="bbox 28 4944 1788 5020">
    <p class='ocr_par' dir='ltr' id='par_1_54' title="bbox 28 4944 1788 5020">
     <span class='ocr_line' id='line_1_55' title="bbox 28 4944 1788 5020; baseline 0.001 -20"><span class='ocrx_word' id='word_1_437' title='bbox 28 4987 85 5020; x_wconf 13' lang='grc' dir='ltr'>,ζ</span> <span class='ocrx_word' id='word_1_438' title='bbox 193 4950 229 5000; x_wconf 84' lang='lat'>6</span> <span class='ocrx_word' id='word_1_439' title='bbox 259 4947 390 5016; x_wconf 79' lang='grc' dir='ltr'>γὰρ</span> <span class='ocrx_word' id='word_1_440' title='bbox 434 4944 640 5016; x_wconf 82' lang='grc' dir='ltr'>Ἰησοῦς</span> <span class='ocrx_word' id='word_1_441' title='bbox 695 4947 793 4998; x_wconf 64' lang='grc' dir='ltr'>οὐκ</span> <span class='ocrx_word' id='word_1_442' title='bbox 841 4946 1105 5016; x_wconf 80' lang='grc' dir='ltr'>ἐκοιμήθη</span> <span class='ocrx_word' id='word_1_443' title='bbox 1134 4946 1222 4999; x_wconf 84' lang='grc' dir='ltr'>διὰ</span> <span class='ocrx_word' id='word_1_444' title='bbox 1256 4945 1348 4998; x_wconf 92' lang='grc' dir='ltr'>τοῦ</span> <span class='ocrx_word' id='word_1_445' title='bbox 1394 4946 1788 5017; x_wconf 83' lang='grc' dir='ltr'>βαπτίσματος.</span> 
     </span>
    </p>
   </div>
   <div class='ocr_carea' id='block_1_55' title="bbox 41 5028 1786 5100">
    <p class='ocr_par' dir='ltr' id='par_1_55' title="bbox 41 5028 1786 5100">
     <span class='ocr_line' id='line_1_56' title="bbox 41 5028 1786 5100; baseline 0.002 -19"><span class='ocrx_word' id='word_1_446' title='bbox 193 5030 383 5093; x_wconf 81' lang='grc' dir='ltr'>Τίνος</span> <span class='ocrx_word' id='word_1_447' title='bbox 411 5029 468 5082; x_wconf 81' lang='grc' dir='ltr'>δὲ</span> <span class='ocrx_word' id='word_1_448' title='bbox 495 5028 682 5081; x_wconf 70' lang='grc' dir='ltr'>ἕνεκέν</span> <span class='ocrx_word' id='word_1_449' title='bbox 709 5046 862 5100; x_wconf 86' lang='grc' dir='ltr'>φησι,</span> <span class='ocrx_word' id='word_1_450' title='bbox 902 5029 1046 5094; x_wconf 85' lang='grc' dir='ltr'>Τοὺς</span> <span class='ocrx_word' id='word_1_451' title='bbox 1081 5029 1502 5098; x_wconf 86' lang='grc' dir='ltr'>κοιμηθέντας;</span> <span class='ocrx_word' id='word_1_452' title='bbox 1531 5031 1695 5084; x_wconf 84' lang='grc' dir='ltr'>Ὥστε</span> <span class='ocrx_word' id='word_1_453' title='bbox 1725 5033 1786 5085; x_wconf 82' lang='grc' dir='ltr'>οὐ</span> 
     </span>
    </p>
   </div>
   <div class='ocr_carea' id='block_1_56' title="bbox 32 5103 1788 5192">
    <p class='ocr_par' dir='ltr' id='par_1_56' title="bbox 32 5103 1788 5192">
     <span class='ocr_line' id='line_1_57' title="bbox 32 5103 1788 5192; baseline 0.003 -29"><span class='ocrx_word' id='word_1_454' title='bbox 190 5113 353 5181; x_wconf 69' lang='grc' dir='ltr'>περὶ</span> <span class='ocrx_word' id='word_1_455' title='bbox 377 5111 694 5182; x_wconf 83' lang='grc' dir='ltr'>καθολικῆς,</span> <span class='ocrx_word' id='word_1_456' title='bbox 718 5112 854 5166; x_wconf 89' lang='grc' dir='ltr'>ἀλλά</span> <span class='ocrx_word' id='word_1_457' title='bbox 882 5113 1009 5183; x_wconf 77' lang='grc' dir='ltr'>περὶ</span> <span class='ocrx_word' id='word_1_458' title='bbox 1037 5113 1267 5183; x_wconf 81' lang='grc' dir='ltr'>μερικῆς</span> <span class='ocrx_word' id='word_1_459' title='bbox 1295 5113 1641 5175; x_wconf 75' lang='grc' dir='ltr'>ἀναστάσεως</span> <span class='ocrx_word' id='word_1_460' title='bbox 1670 5115 1788 5168; x_wconf 84' lang='grc' dir='ltr'>δια·</span> 
     </span>
    </p>
   </div>
   <div class='ocr_carea' id='block_1_57' title="bbox 190 5192 1798 5264">
    <p class='ocr_par' dir='ltr' id='par_1_57' title="bbox 190 5192 1798 5264">
     <span class='ocr_line' id='line_1_58' title="bbox 190 5192 1798 5264; baseline 0.004 -19"><span class='ocrx_word' id='word_1_461' title='bbox 190 5193 460 5262; x_wconf 83' lang='grc' dir='ltr'>λέγεται.</span> <span class='ocrx_word' id='word_1_462' title='bbox 514 5192 670 5257; x_wconf 77' lang='grc' dir='ltr'>Ἀξει</span> <span class='ocrx_word' id='word_1_463' title='bbox 699 5195 842 5261; x_wconf 86' lang='grc' dir='ltr'>τοὺς</span> <span class='ocrx_word' id='word_1_464' title='bbox 873 5197 1260 5264; x_wconf 83' lang='grc' dir='ltr'>κοιμηθέντας</span> <span class='ocrx_word' id='word_1_465' title='bbox 1291 5195 1390 5249; x_wconf 86' lang='grc' dir='ltr'>διὰ</span> <span class='ocrx_word' id='word_1_466' title='bbox 1433 5197 1538 5250; x_wconf 88' lang='grc' dir='ltr'>τοῦ</span> <span class='ocrx_word' id='word_1_467' title='bbox 1576 5198 1798 5264; x_wconf 86' lang='grc' dir='ltr'>Ἰησοῦ,</span> 
     </span>
    </p>
   </div>
   <div class='ocr_carea' id='block_1_58' title="bbox 28 5273 1800 5349">
    <p class='ocr_par' dir='ltr' id='par_1_58' title="bbox 28 5273 1800 5349">
     <span class='ocr_line' id='line_1_59' title="bbox 28 5273 1800 5349; baseline 0.008 -27"><span class='ocrx_word' id='word_1_468' title='bbox 28 5273 81 5308; x_wconf 60' lang='grc' dir='ltr'>ελ·</span> <span class='ocrx_word' id='word_1_469' title='bbox 193 5276 362 5347; x_wconf 77' lang='grc' dir='ltr'>φησι</span> <span class='ocrx_word' id='word_1_470' title='bbox 387 5292 405 5307; x_wconf 89' lang='grc'><strong>·</strong></span> <span class='ocrx_word' id='word_1_471' title='bbox 435 5277 528 5330; x_wconf 76' lang='grc' dir='ltr'>καὶ</span> <span class='ocrx_word' id='word_1_472' title='bbox 577 5277 846 5348; x_wconf 88' lang='grc' dir='ltr'>πολλαχοῦ</span> <span class='ocrx_word' id='word_1_473' title='bbox 891 5277 1031 5330; x_wconf 80' lang='grc' dir='ltr'>οὕτω</span> <span class='ocrx_word' id='word_1_474' title='bbox 1062 5277 1230 5346; x_wconf 88' lang='grc' dir='ltr'>λέγει.</span> <span class='ocrx_word' id='word_1_475' title='bbox 1287 5279 1468 5333; x_wconf 85' lang='grc' dir='ltr'>Τοῦτο</span> <span class='ocrx_word' id='word_1_476' title='bbox 1511 5279 1622 5349; x_wconf 81' lang='grc' dir='ltr'>τὰρ</span> <span class='ocrx_word' id='word_1_477' title='bbox 1658 5281 1800 5349; x_wconf 80' lang='grc' dir='ltr'>ὑμῖν</span> 
     </span>
    </p>
   </div>
   <div class='ocr_carea' id='block_1_59' title="bbox 73 5360 1800 5432">
    <p class='ocr_par' dir='ltr' id='par_1_59' title="bbox 73 5360 1800 5432">
     <span class='ocr_line' id='line_1_60' title="bbox 73 5360 1800 5432; baseline 0.032 -23"><span class='ocrx_word' id='word_1_478' title='bbox 185 5361 481 5430; x_wconf 70' lang='grc' dir='ltr'>λέγομεν</span> <span class='ocrx_word' id='word_1_479' title='bbox 505 5360 575 5414; x_wconf 83' lang='grc' dir='ltr'>ἐν</span> <span class='ocrx_word' id='word_1_480' title='bbox 608 5363 767 5431; x_wconf 77' lang='grc' dir='ltr'>λόγω</span> <span class='ocrx_word' id='word_1_481' title='bbox 796 5361 1037 5429; x_wconf 74' lang='grc' dir='ltr'>Κυρίουν</span> <span class='ocrx_word' id='word_1_482' title='bbox 1079 5361 1168 5416; x_wconf 74' lang='grc' dir='ltr'>ὅτι</span> <span class='ocrx_word' id='word_1_483' title='bbox 1206 5362 1376 5432; x_wconf 65' lang='grc' dir='ltr'><strong><em>ἡμεῖς</em></strong></span> <span class='ocrx_word' id='word_1_484' title='bbox 1403 5366 1457 5417; x_wconf 63' lang='grc' dir='ltr'>οἱ</span> <span class='ocrx_word' id='word_1_485' title='bbox 1500 5364 1710 5432; x_wconf 64' lang='grc' dir='ltr'>ζῶντες</span> <span class='ocrx_word' id='word_1_486' title='bbox 1745 5368 1800 5418; x_wconf 59' lang='grc' dir='ltr'>οἱ</span> 
     </span>
    </p>
   </div>
   <div class='ocr_carea' id='block_1_60' title="bbox 28 5444 1796 5519">
    <p class='ocr_par' dir='ltr' id='par_1_60' title="bbox 28 5444 1796 5519">
     <span class='ocr_line' id='line_1_61' title="bbox 28 5444 1796 5519; baseline 0.006 -26"><span class='ocrx_word' id='word_1_487' title='bbox 28 5483 50 5508; x_wconf 39' lang='grc' dir='ltr'>ι.</span> <span class='ocrx_word' id='word_1_488' title='bbox 71 5481 85 5493; x_wconf 80' lang='grc'>.</span> <span class='ocrx_word' id='word_1_489' title='bbox 188 5445 705 5513; x_wconf 73' lang='grc' dir='ltr'>περιλειπόμενοι</span> <span class='ocrx_word' id='word_1_490' title='bbox 764 5446 849 5512; x_wconf 78' lang='grc' dir='ltr'>εἰς</span> <span class='ocrx_word' id='word_1_491' title='bbox 878 5444 994 5512; x_wconf 81' lang='grc' dir='ltr'>τὴν</span> <span class='ocrx_word' id='word_1_492' title='bbox 1029 5447 1370 5514; x_wconf 82' lang='grc' dir='ltr'>παρουσίαν</span> <span class='ocrx_word' id='word_1_493' title='bbox 1406 5449 1512 5504; x_wconf 84' lang='grc' dir='ltr'>τοῦ</span> <span class='ocrx_word' id='word_1_494' title='bbox 1556 5451 1796 5519; x_wconf 85' lang='grc' dir='ltr'>Κυρίου,</span> 
     </span>
    </p>
   </div>
   <div class='ocr_carea' id='block_1_61' title="bbox 29 5527 1800 5604">
    <p class='ocr_par' dir='ltr' id='par_1_61' title="bbox 29 5527 1800 5604">
     <span class='ocr_line' id='line_1_62' title="bbox 29 5527 1800 5604; baseline 0.003 -22"><span class='ocrx_word' id='word_1_495' title='bbox 186 5531 277 5583; x_wconf 78' lang='grc' dir='ltr'>οὐ</span> <span class='ocrx_word' id='word_1_496' title='bbox 341 5528 430 5595; x_wconf 73' lang='grc' dir='ltr'>μὴ</span> <span class='ocrx_word' id='word_1_497' title='bbox 489 5527 811 5598; x_wconf 67' lang='grc' dir='ltr'>φθάσωμεν</span> <span class='ocrx_word' id='word_1_498' title='bbox 865 5528 1008 5595; x_wconf 83' lang='grc' dir='ltr'>τοὺς</span> <span class='ocrx_word' id='word_1_499' title='bbox 1048 5531 1474 5599; x_wconf 88' lang='grc' dir='ltr'>κοιμηθέντας·</span> <span class='ocrx_word' id='word_1_500' title='bbox 1512 5535 1638 5604; x_wconf 77' lang='grc' dir='ltr'>περὶ</span> <span class='ocrx_word' id='word_1_501' title='bbox 1690 5533 1800 5587; x_wconf 86' lang='grc' dir='ltr'>τῶν</span> 
     </span>
    </p>
   </div>
   <div class='ocr_carea' id='block_1_62' title="bbox 33 5609 1801 5683">
    <p class='ocr_par' dir='ltr' id='par_1_62' title="bbox 33 5609 1801 5683">
     <span class='ocr_line' id='line_1_63' title="bbox 33 5609 1801 5683; baseline 0.007 -24"><span class='ocrx_word' id='word_1_502' title='bbox 189 5611 437 5664; x_wconf 78' lang='grc' dir='ltr'>πιστῶν</span> <span class='ocrx_word' id='word_1_503' title='bbox 461 5609 657 5679; x_wconf 87' lang='grc' dir='ltr'>λέγων,</span> <span class='ocrx_word' id='word_1_504' title='bbox 688 5611 788 5666; x_wconf 82' lang='grc' dir='ltr'>καί</span> <span class='ocrx_word' id='word_1_505' title='bbox 821 5615 875 5667; x_wconf 92' lang='grc' dir='ltr'>οί</span> <span class='ocrx_word' id='word_1_506' title='bbox 900 5609 1283 5680; x_wconf 75' lang='grc' dir='ltr'>κοιμηθέντες</span> <span class='ocrx_word' id='word_1_507' title='bbox 1313 5614 1384 5667; x_wconf 82' lang='grc' dir='ltr'>ἐν</span> <span class='ocrx_word' id='word_1_508' title='bbox 1409 5617 1637 5683; x_wconf 84' lang='grc' dir='ltr'>Χριστῷ</span> <span class='ocrx_word' id='word_1_509' title='bbox 1665 5634 1678 5646; x_wconf 89' lang='grc'><strong>·</strong></span> <span class='ocrx_word' id='word_1_510' title='bbox 1707 5619 1801 5671; x_wconf 80' lang='grc' dir='ltr'>καὶ</span> 
     </span>
    </p>
   </div>
   <div class='ocr_carea' id='block_1_63' title="bbox 42 5691 1802 5774">
    <p class='ocr_par' dir='ltr' id='par_1_63' title="bbox 42 5691 1802 5774">
     <span class='ocr_line' id='line_1_64' title="bbox 42 5691 1802 5774; baseline 0.004 -29"><span class='ocrx_word' id='word_1_511' title='bbox 184 5691 414 5754; x_wconf 75' lang='grc' dir='ltr'>πάλιν,</span> <span class='ocrx_word' id='word_1_512' title='bbox 448 5695 516 5746; x_wconf 78' lang='grc' dir='ltr'>οι</span> <span class='ocrx_word' id='word_1_513' title='bbox 555 5693 756 5761; x_wconf 77' lang='grc' dir='ltr'>νεκροὶ</span> <span class='ocrx_word' id='word_1_514' title='bbox 787 5694 1259 5760; x_wconf 83' lang='grc' dir='ltr'>ἀναστήσονται.</span> <span class='ocrx_word' id='word_1_515' title='bbox 1289 5697 1520 5752; x_wconf 83' lang='grc' dir='ltr'>Ἔπειτα</span> <span class='ocrx_word' id='word_1_516' title='bbox 1561 5699 1622 5751; x_wconf 86' lang='grc' dir='ltr'>οὐ</span> <span class='ocrx_word' id='word_1_517' title='bbox 1671 5699 1802 5771; x_wconf 74' lang='grc' dir='ltr'>περὶ</span> 
     </span>
    </p>
   </div>
   <div class='ocr_carea' id='block_1_64' title="bbox 183 5776 1798 5855">
    <p class='ocr_par' dir='ltr' id='par_1_64' title="bbox 183 5776 1798 5855">
     <span class='ocr_line' id='line_1_65' title="bbox 183 5776 1798 5855; baseline 0.002 -23"><span class='ocrx_word' id='word_1_518' title='bbox 183 5776 580 5839; x_wconf 83' lang='grc' dir='ltr'>ἀναστάσεως</span> <span class='ocrx_word' id='word_1_519' title='bbox 605 5776 756 5848; x_wconf 83' lang='grc' dir='ltr'>αὐτῷ</span> <span class='ocrx_word' id='word_1_520' title='bbox 778 5780 806 5831; x_wconf 97' lang='lat'>6</span> <span class='ocrx_word' id='word_1_521' title='bbox 833 5777 991 5847; x_wconf 85' lang='grc' dir='ltr'>λόγος</span> <span class='ocrx_word' id='word_1_522' title='bbox 1014 5780 1195 5849; x_wconf 89' lang='grc' dir='ltr'>μόνον,</span> <span class='ocrx_word' id='word_1_523' title='bbox 1227 5779 1360 5835; x_wconf 80' lang='grc' dir='ltr'>ἀλλὰ</span> <span class='ocrx_word' id='word_1_524' title='bbox 1389 5782 1483 5835; x_wconf 73' lang='grc' dir='ltr'>καὶ</span> <span class='ocrx_word' id='word_1_525' title='bbox 1515 5783 1642 5855; x_wconf 76' lang='grc' dir='ltr'>περὶ</span> <span class='ocrx_word' id='word_1_526' title='bbox 1668 5783 1798 5836; x_wconf 88' lang='grc' dir='ltr'>ἀνα-</span> 
     </span>
    </p>
   </div>
   <div class='ocr_carea' id='block_1_65' title="bbox 191 5861 1800 5936">
    <p class='ocr_par' dir='ltr' id='par_1_65' title="bbox 191 5861 1800 5936">
     <span class='ocr_line' id='line_1_66' title="bbox 191 5861 1800 5936; baseline 0.004 -20"><span class='ocrx_word' id='word_1_527' title='bbox 191 5861 477 5924; x_wconf 79' lang='grc' dir='ltr'>στάσεως</span> <span class='ocrx_word' id='word_1_528' title='bbox 501 5861 598 5916; x_wconf 74' lang='grc' dir='ltr'>καὶ</span> <span class='ocrx_word' id='word_1_529' title='bbox 640 5861 771 5932; x_wconf 73' lang='grc' dir='ltr'>περὶ</span> <span class='ocrx_word' id='word_1_530' title='bbox 809 5861 975 5933; x_wconf 76' lang='grc' dir='ltr'>τιμῆς</span> <span class='ocrx_word' id='word_1_531' title='bbox 1002 5863 1100 5934; x_wconf 83' lang='grc' dir='ltr'>τῆς</span> <span class='ocrx_word' id='word_1_532' title='bbox 1134 5864 1193 5919; x_wconf 83' lang='grc' dir='ltr'>ἑν</span> <span class='ocrx_word' id='word_1_533' title='bbox 1220 5863 1364 5936; x_wconf 80' lang='grc' dir='ltr'>δόξῃ.</span> <span class='ocrx_word' id='word_1_534' title='bbox 1431 5866 1800 5931; x_wconf 82' lang='grc' dir='ltr'>Ἀναστάσεως</span> 
     </span>
    </p>
   </div>
   <div class='ocr_carea' id='block_1_66' title="bbox 1909 926 3489 1014">
    <p class='ocr_par' dir='ltr' id='par_1_66' title="bbox 1909 926 3489 1014">
     <span class='ocr_line' id='line_1_67' title="bbox 1909 926 3489 1014; baseline 0.009 -33"><span class='ocrx_word' id='word_1_535' title='bbox 1909 928 2007 1014; x_wconf 67' lang='grc' dir='ltr'>μέν</span> <span class='ocrx_word' id='word_1_536' title='bbox 2031 926 2124 983; x_wconf 77' lang='grc' dir='ltr'>οὖν</span> <span class='ocrx_word' id='word_1_537' title='bbox 2150 930 2354 1014; x_wconf 80' lang='grc' dir='ltr'>πάντες</span> <span class='ocrx_word' id='word_1_538' title='bbox 2393 929 2812 996; x_wconf 81' lang='grc' dir='ltr'>ἀπολαύσονται,</span> <span class='ocrx_word' id='word_1_539' title='bbox 2861 941 3025 1009; x_wconf 86' lang='grc' dir='ltr'>φησίν</span> <span class='ocrx_word' id='word_1_540' title='bbox 3057 959 3069 972; x_wconf 88' lang='grc'><strong>·</strong></span> <span class='ocrx_word' id='word_1_541' title='bbox 3097 944 3156 997; x_wconf 87' lang='grc' dir='ltr'>ἐν</span> <span class='ocrx_word' id='word_1_542' title='bbox 3186 943 3311 1014; x_wconf 82' lang='grc' dir='ltr'>δόξῃ</span> <span class='ocrx_word' id='word_1_543' title='bbox 3337 941 3393 996; x_wconf 85' lang='grc' dir='ltr'>δὲ</span> <span class='ocrx_word' id='word_1_544' title='bbox 3422 941 3489 998; x_wconf 83' lang='grc' dir='ltr'>οὐ</span> 
     </span>
    </p>
   </div>
   <div class='ocr_carea' id='block_1_67' title="bbox 1904 1012 3486 1088">
    <p class='ocr_par' dir='ltr' id='par_1_67' title="bbox 1904 1012 3486 1088">
     <span class='ocr_line' id='line_1_68' title="bbox 1904 1012 3486 1088; baseline 0.009 -23"><span class='ocrx_word' id='word_1_545' title='bbox 1904 1012 2106 1076; x_wconf 87' lang='grc' dir='ltr'>πάντες</span> <span class='ocrx_word' id='word_1_546' title='bbox 2131 1013 2363 1077; x_wconf 76' lang='grc' dir='ltr'>ἔσονται,</span> <span class='ocrx_word' id='word_1_547' title='bbox 2397 1015 2533 1081; x_wconf 87' lang='grc' dir='ltr'>ἀλλ’,</span> <span class='ocrx_word' id='word_1_548' title='bbox 2570 1021 2632 1071; x_wconf 82' lang='grc' dir='ltr'>Οἱ</span> <span class='ocrx_word' id='word_1_549' title='bbox 2661 1020 2731 1071; x_wconf 82' lang='grc' dir='ltr'>ἐν</span> <span class='ocrx_word' id='word_1_550' title='bbox 2771 1023 3023 1088; x_wconf 83' lang='grc' dir='ltr'>Χριστῷ.</span> <span class='ocrx_word' id='word_1_551' title='bbox 3068 1027 3219 1080; x_wconf 71' lang='grc' dir='ltr'>Ἐπεὶ</span> <span class='ocrx_word' id='word_1_552' title='bbox 3257 1012 3352 1080; x_wconf 76' lang='grc' dir='ltr'>οῦν</span> <span class='ocrx_word' id='word_1_553' title='bbox 3383 1045 3486 1079; x_wconf 86' lang='grc' dir='ltr'>πα-</span> 
     </span>
    </p>
   </div>
   <div class='ocr_carea' id='block_1_68' title="bbox 1907 1098 3486 1178">
    <p class='ocr_par' dir='ltr' id='par_1_68' title="bbox 1907 1098 3486 1178">
     <span class='ocr_line' id='line_1_69' title="bbox 1907 1098 3486 1178; baseline 0.009 -29"><span class='ocrx_word' id='word_1_554' title='bbox 1907 1098 2327 1170; x_wconf 83' lang='grc' dir='ltr'>ραμυθήσασθαι</span> <span class='ocrx_word' id='word_1_555' title='bbox 2351 1099 2598 1167; x_wconf 77' lang='grc' dir='ltr'>βούλεται</span> <span class='ocrx_word' id='word_1_556' title='bbox 2641 1103 2860 1165; x_wconf 77' lang='grc' dir='ltr'>αὐτοὺς,</span> <span class='ocrx_word' id='word_1_557' title='bbox 2888 1107 2949 1157; x_wconf 78' lang='grc' dir='ltr'>οὐ</span> <span class='ocrx_word' id='word_1_558' title='bbox 2974 1109 3147 1176; x_wconf 79' lang='grc' dir='ltr'>τούτῳ</span> <span class='ocrx_word' id='word_1_559' title='bbox 3189 1111 3355 1178; x_wconf 84' lang='grc' dir='ltr'>μόνον</span> <span class='ocrx_word' id='word_1_560' title='bbox 3377 1127 3486 1163; x_wconf 87' lang='grc' dir='ltr'>πα-</span> 
     </span>
    </p>
   </div>
   <div class='ocr_carea' id='block_1_69' title="bbox 1905 1182 3487 1264">
    <p class='ocr_par' dir='ltr' id='par_1_69' title="bbox 1905 1182 3487 1264">
     <span class='ocr_line' id='line_1_70' title="bbox 1905 1182 3487 1264; baseline 0.008 -29"><span class='ocrx_word' id='word_1_561' title='bbox 1905 1183 2249 1252; x_wconf 79' lang='grc' dir='ltr'>ραμυθεῖται,</span> <span class='ocrx_word' id='word_1_562' title='bbox 2308 1182 2444 1236; x_wconf 82' lang='grc' dir='ltr'>ἀλλὰ</span> <span class='ocrx_word' id='word_1_563' title='bbox 2482 1184 2575 1236; x_wconf 78' lang='grc' dir='ltr'>καὶ</span> <span class='ocrx_word' id='word_1_564' title='bbox 2600 1189 2665 1256; x_wconf 85' lang='grc' dir='ltr'>τῇ</span> <span class='ocrx_word' id='word_1_565' title='bbox 2705 1189 2837 1257; x_wconf 83' lang='grc' dir='ltr'>τιμῇ</span> <span class='ocrx_word' id='word_1_566' title='bbox 2881 1191 2944 1257; x_wconf 82' lang='grc' dir='ltr'>τῇ</span> <span class='ocrx_word' id='word_1_567' title='bbox 2980 1193 3146 1263; x_wconf 79' lang='grc' dir='ltr'>πολλῇ</span> <span class='ocrx_word' id='word_1_568' title='bbox 3172 1193 3264 1246; x_wconf 74' lang='grc' dir='ltr'>καὶ</span> <span class='ocrx_word' id='word_1_569' title='bbox 3294 1195 3367 1264; x_wconf 80' lang='grc' dir='ltr'>τῷ</span> <span class='ocrx_word' id='word_1_570' title='bbox 3388 1195 3487 1248; x_wconf 87' lang='grc' dir='ltr'>τά·</span> 
     </span>
    </p>
   </div>
   <div class='ocr_carea' id='block_1_70' title="bbox 1903 1265 3488 1344">
    <p class='ocr_par' dir='ltr' id='par_1_70' title="bbox 1903 1265 3488 1344">
     <span class='ocr_line' id='line_1_71' title="bbox 1903 1265 3488 1344; baseline 0.008 -28"><span class='ocrx_word' id='word_1_571' title='bbox 1903 1281 2009 1333; x_wconf 88' lang='grc' dir='ltr'>χει,</span> <span class='ocrx_word' id='word_1_572' title='bbox 2040 1265 2164 1318; x_wconf 74' lang='grc' dir='ltr'>ἐπεὶ</span> <span class='ocrx_word' id='word_1_573' title='bbox 2194 1267 2372 1319; x_wconf 89' lang='grc' dir='ltr'>ἐκεῖνο</span> <span class='ocrx_word' id='word_1_574' title='bbox 2393 1267 2612 1337; x_wconf 78' lang='grc' dir='ltr'>ᾔδεσαν.</span> <span class='ocrx_word' id='word_1_575' title='bbox 2678 1269 2800 1320; x_wconf 84' lang='grc' dir='ltr'>’Ότι</span> <span class='ocrx_word' id='word_1_576' title='bbox 2830 1269 2938 1341; x_wconf 78' lang='grc' dir='ltr'>γὰρ</span> <span class='ocrx_word' id='word_1_577' title='bbox 2961 1275 3025 1342; x_wconf 84' lang='grc' dir='ltr'>τῇ</span> <span class='ocrx_word' id='word_1_578' title='bbox 3060 1279 3190 1344; x_wconf 77' lang='grc' dir='ltr'>τιμῇ</span> <span class='ocrx_word' id='word_1_579' title='bbox 3241 1275 3488 1344; x_wconf 83' lang='grc' dir='ltr'>βούλεται</span> 
     </span>
    </p>
   </div>
   <div class='ocr_carea' id='block_1_71' title="bbox 1903 1347 3606 1424">
    <p class='ocr_par' dir='ltr' id='par_1_71' title="bbox 1903 1347 3606 1424">
     <span class='ocr_line' id='line_1_72' title="bbox 1903 1347 3606 1424; baseline 0.008 -26"><span class='ocrx_word' id='word_1_580' title='bbox 1903 1347 2097 1410; x_wconf 82' lang='grc' dir='ltr'>αὐτοὺς</span> <span class='ocrx_word' id='word_1_581' title='bbox 2123 1349 2641 1420; x_wconf 84' lang='grc' dir='ltr'>παραμυθήσασθαι,</span> <span class='ocrx_word' id='word_1_582' title='bbox 2675 1352 2875 1421; x_wconf 87' lang='grc' dir='ltr'>προϊών</span> <span class='ocrx_word' id='word_1_583' title='bbox 2903 1371 3054 1424; x_wconf 80' lang='grc' dir='ltr'>φησι,</span> <span class='ocrx_word' id='word_1_584' title='bbox 3083 1357 3192 1409; x_wconf 80' lang='grc' dir='ltr'>Καὶ</span> <span class='ocrx_word' id='word_1_585' title='bbox 3236 1357 3492 1410; x_wconf 85' lang='grc' dir='ltr'>πάντοτε</span> <span class='ocrx_word' id='word_1_586' title='bbox 3583 1348 3606 1370; x_wconf 77' lang='grc'><strong>⁸</strong></span> 
     </span>
    </p>
   </div>
   <div class='ocr_carea' id='block_1_72' title="bbox 1900 1429 3492 1508">
    <p class='ocr_par' dir='ltr' id='par_1_72' title="bbox 1900 1429 3492 1508">
     <span class='ocr_line' id='line_1_73' title="bbox 1900 1429 3492 1508; baseline 0.007 -26"><span class='ocrx_word' id='word_1_587' title='bbox 1900 1429 2024 1482; x_wconf 86' lang='grc' dir='ltr'>σὺν</span> <span class='ocrx_word' id='word_1_588' title='bbox 2050 1432 2246 1498; x_wconf 83' lang='grc' dir='ltr'>Κυρίῳ</span> <span class='ocrx_word' id='word_1_589' title='bbox 2267 1431 2546 1500; x_wconf 73' lang='grc' dir='ltr'>ἐσόμεθαο</span> <span class='ocrx_word' id='word_1_590' title='bbox 2572 1433 2688 1494; x_wconf 72' lang='grc' dir='ltr'>καὶ,</span> <span class='ocrx_word' id='word_1_591' title='bbox 2716 1435 2797 1486; x_wconf 85' lang='grc' dir='ltr'>ὅτι</span> <span class='ocrx_word' id='word_1_592' title='bbox 2813 1436 2910 1488; x_wconf 83' lang='grc' dir='ltr'>Ἐν</span> <span class='ocrx_word' id='word_1_593' title='bbox 2930 1437 3210 1505; x_wconf 63' lang='grc' dir='ltr'>νεφέλαις</span> <span class='ocrx_word' id='word_1_594' title='bbox 3225 1440 3492 1508; x_wconf 76' lang='grc' dir='ltr'>ἁρπαγη-</span> 
     </span>
    </p>
   </div>
   <div class='ocr_carea' id='block_1_73' title="bbox 1899 1513 3492 1592">
    <p class='ocr_par' dir='ltr' id='par_1_73' title="bbox 1899 1513 3492 1592">
     <span class='ocr_line' id='line_1_74' title="bbox 1899 1513 3492 1592; baseline 0.004 -28"><span class='ocrx_word' id='word_1_595' title='bbox 1899 1513 2148 1579; x_wconf 87' lang='grc' dir='ltr'>σόμεθα.</span> <span class='ocrx_word' id='word_1_596' title='bbox 2181 1513 2305 1577; x_wconf 88' lang='grc' dir='ltr'>Πῶς</span> <span class='ocrx_word' id='word_1_597' title='bbox 2335 1515 2391 1567; x_wconf 80' lang='grc' dir='ltr'>δὲ</span> <span class='ocrx_word' id='word_1_598' title='bbox 2419 1515 2467 1566; x_wconf 79' lang='grc' dir='ltr'>οἱ</span> <span class='ocrx_word' id='word_1_599' title='bbox 2494 1517 2675 1568; x_wconf 77' lang='grc' dir='ltr'>πιστοὶ</span> <span class='ocrx_word' id='word_1_600' title='bbox 2707 1517 2794 1569; x_wconf 79' lang='grc' dir='ltr'>διὰ</span> <span class='ocrx_word' id='word_1_601' title='bbox 2825 1517 2918 1570; x_wconf 88' lang='grc' dir='ltr'>τοῦ</span> <span class='ocrx_word' id='word_1_602' title='bbox 2951 1519 3124 1590; x_wconf 85' lang='grc' dir='ltr'>Ἰησοῦ</span> <span class='ocrx_word' id='word_1_603' title='bbox 3157 1524 3492 1592; x_wconf 69' lang='grc' dir='ltr'>κοιμῶνταις</span> 
     </span>
    </p>
   </div>
   <div class='ocr_carea' id='block_1_74' title="bbox 1901 1594 3486 1670">
    <p class='ocr_par' dir='ltr' id='par_1_74' title="bbox 1901 1594 3486 1670">
     <span class='ocr_line' id='line_1_75' title="bbox 1901 1594 3486 1670; baseline 0.008 -24"><span class='ocrx_word' id='word_1_604' title='bbox 1901 1594 2152 1664; x_wconf 89' lang='grc' dir='ltr'>Δηλονότι</span> <span class='ocrx_word' id='word_1_605' title='bbox 2180 1596 2272 1650; x_wconf 87' lang='grc' dir='ltr'>τὸν</span> <span class='ocrx_word' id='word_1_606' title='bbox 2323 1597 2560 1665; x_wconf 85' lang='grc' dir='ltr'>Χριστὸν</span> <span class='ocrx_word' id='word_1_607' title='bbox 2620 1598 2839 1668; x_wconf 78' lang='grc' dir='ltr'>ἔχοντες</span> <span class='ocrx_word' id='word_1_608' title='bbox 2883 1603 2941 1654; x_wconf 80' lang='grc' dir='ltr'>ἐν</span> <span class='ocrx_word' id='word_1_609' title='bbox 2999 1603 3230 1667; x_wconf 78' lang='grc' dir='ltr'>ἑαυτοῖς.</span> <span class='ocrx_word' id='word_1_610' title='bbox 3285 1606 3356 1657; x_wconf 78' lang='grc' dir='ltr'>Τὸ</span> <span class='ocrx_word' id='word_1_611' title='bbox 3404 1606 3486 1670; x_wconf 75' lang='grc' dir='ltr'>δὲ,</span> 
     </span>
    </p>
   </div>
   <div class='ocr_carea' id='block_1_75' title="bbox 1905 1678 3489 1756">
    <p class='ocr_par' dir='ltr' id='par_1_75' title="bbox 1905 1678 3489 1756">
     <span class='ocr_line' id='line_1_76' title="bbox 1905 1678 3489 1756; baseline 0.006 -24"><span class='ocrx_word' id='word_1_612' title='bbox 1905 1678 2066 1741; x_wconf 78' lang='grc' dir='ltr'>Ἀξει</span> <span class='ocrx_word' id='word_1_613' title='bbox 2103 1679 2228 1732; x_wconf 87' lang='grc' dir='ltr'>σὺν</span> <span class='ocrx_word' id='word_1_614' title='bbox 2265 1680 2461 1746; x_wconf 86' lang='grc' dir='ltr'>αὐτῷ,</span> <span class='ocrx_word' id='word_1_615' title='bbox 2507 1681 2748 1735; x_wconf 86' lang='grc' dir='ltr'>δείκνυσι</span> <span class='ocrx_word' id='word_1_616' title='bbox 2789 1683 3118 1756; x_wconf 85' lang='grc' dir='ltr'>πολλαχόθεν</span> <span class='ocrx_word' id='word_1_617' title='bbox 3169 1688 3489 1756; x_wconf 84' lang='grc' dir='ltr'>ἀγομένους.</span> 
     </span>
    </p>
   </div>
   <div class='ocr_carea' id='block_1_76' title="bbox 1906 1761 3488 1838">
    <p class='ocr_par' dir='ltr' id='par_1_76' title="bbox 1906 1761 3488 1838">
     <span class='ocr_line' id='line_1_77' title="bbox 1906 1761 3488 1838; baseline 0.006 -22"><span class='ocrx_word' id='word_1_618' title='bbox 1906 1762 2088 1816; x_wconf 87' lang='grc' dir='ltr'>Τοῦτο</span> <span class='ocrx_word' id='word_1_619' title='bbox 2123 1761 2232 1830; x_wconf 80' lang='grc' dir='ltr'>γὰρ</span> <span class='ocrx_word' id='word_1_620' title='bbox 2262 1761 2424 1831; x_wconf 84' lang='grc' dir='ltr'>ὑμῖν,</span> <span class='ocrx_word' id='word_1_621' title='bbox 2467 1764 2619 1834; x_wconf 72' lang='grc' dir='ltr'>φησὶ,</span> <span class='ocrx_word' id='word_1_622' title='bbox 2661 1766 2918 1835; x_wconf 74' lang='grc' dir='ltr'>λέγομεν</span> <span class='ocrx_word' id='word_1_623' title='bbox 2948 1768 3017 1821; x_wconf 82' lang='grc' dir='ltr'>ἐν</span> <span class='ocrx_word' id='word_1_624' title='bbox 3059 1771 3217 1836; x_wconf 76' lang='grc' dir='ltr'>λόγῳ</span> <span class='ocrx_word' id='word_1_625' title='bbox 3250 1773 3488 1838; x_wconf 84' lang='grc' dir='ltr'>Κυρίου.</span> 
     </span>
    </p>
   </div>
   <div class='ocr_carea' id='block_1_77' title="bbox 1899 1842 3493 1917">
    <p class='ocr_par' dir='ltr' id='par_1_77' title="bbox 1899 1842 3493 1917">
     <span class='ocr_line' id='line_1_78' title="bbox 1899 1842 3493 1917; baseline 0.007 -22"><span class='ocrx_word' id='word_1_626' title='bbox 1899 1842 2059 1896; x_wconf 87' lang='grc' dir='ltr'>Ξένον</span> <span class='ocrx_word' id='word_1_627' title='bbox 2081 1862 2133 1896; x_wconf 90' lang='grc' dir='ltr'>τι</span> <span class='ocrx_word' id='word_1_628' title='bbox 2170 1844 2362 1913; x_wconf 78' lang='grc' dir='ltr'>ἔμελλε</span> <span class='ocrx_word' id='word_1_629' title='bbox 2394 1845 2572 1914; x_wconf 85' lang='grc' dir='ltr'>λέγειν</span> <span class='ocrx_word' id='word_1_630' title='bbox 2602 1863 2617 1878; x_wconf 76' lang='grc' dir='ltr'><strong>ο</strong></span> <span class='ocrx_word' id='word_1_631' title='bbox 2672 1847 2761 1901; x_wconf 84' lang='grc' dir='ltr'>διὰ</span> <span class='ocrx_word' id='word_1_632' title='bbox 2801 1847 2958 1902; x_wconf 89' lang='grc' dir='ltr'>τοῦτο</span> <span class='ocrx_word' id='word_1_633' title='bbox 2991 1853 3162 1904; x_wconf 75' lang='grc' dir='ltr'>καὶτὸ</span> <span class='ocrx_word' id='word_1_634' title='bbox 3182 1853 3493 1917; x_wconf 79' lang='grc' dir='ltr'>ἀξιόπιστον</span> 
     </span>
    </p>
   </div>
   <div class='ocr_carea' id='block_1_78' title="bbox 1899 1926 3492 2000">
    <p class='ocr_par' dir='ltr' id='par_1_78' title="bbox 1899 1926 3492 2000">
     <span class='ocr_line' id='line_1_79' title="bbox 1899 1926 3492 2000; baseline 0.006 -21"><span class='ocrx_word' id='word_1_635' title='bbox 1899 1926 2131 1996; x_wconf 85' lang='grc' dir='ltr'>τίθησιν.</span> <span class='ocrx_word' id='word_1_636' title='bbox 2176 1928 2272 1981; x_wconf 83' lang='grc' dir='ltr'>Ἑν</span> <span class='ocrx_word' id='word_1_637' title='bbox 2305 1929 2466 1996; x_wconf 76' lang='grc' dir='ltr'>λόγῳ</span> <span class='ocrx_word' id='word_1_638' title='bbox 2519 1929 2774 1996; x_wconf 85' lang='grc' dir='ltr'>Κυρίου,</span> <span class='ocrx_word' id='word_1_639' title='bbox 2830 1932 3002 2000; x_wconf 86' lang='grc' dir='ltr'>φησί·</span> <span class='ocrx_word' id='word_1_640' title='bbox 3047 1935 3342 2000; x_wconf 84' lang='grc' dir='ltr'>τουτέστιν,</span> <span class='ocrx_word' id='word_1_641' title='bbox 3379 1937 3492 1990; x_wconf 77' lang='grc' dir='ltr'>Οὐκ</span> 
     </span>
    </p>
   </div>
   <div class='ocr_carea' id='block_1_79' title="bbox 1900 2009 3489 2087">
    <p class='ocr_par' dir='ltr' id='par_1_79' title="bbox 1900 2009 3489 2087">
     <span class='ocr_line' id='line_1_80' title="bbox 1900 2009 3489 2087; baseline 0.006 -25"><span class='ocrx_word' id='word_1_642' title='bbox 1900 2009 1994 2078; x_wconf 83' lang='grc' dir='ltr'>ἀφ’</span> <span class='ocrx_word' id='word_1_643' title='bbox 2027 2011 2256 2072; x_wconf 87' lang='grc' dir='ltr'>ἑαυτῶν,</span> <span class='ocrx_word' id='word_1_644' title='bbox 2289 2010 2424 2064; x_wconf 88' lang='grc' dir='ltr'>ἀλλά</span> <span class='ocrx_word' id='word_1_645' title='bbox 2473 2011 2626 2082; x_wconf 87' lang='grc' dir='ltr'>παρὰ</span> <span class='ocrx_word' id='word_1_646' title='bbox 2670 2011 2764 2064; x_wconf 84' lang='grc' dir='ltr'>τοῦ</span> <span class='ocrx_word' id='word_1_647' title='bbox 2811 2014 3044 2084; x_wconf 75' lang='grc' dir='ltr'>Χριστοῦ</span> <span class='ocrx_word' id='word_1_648' title='bbox 3095 2017 3357 2087; x_wconf 84' lang='grc' dir='ltr'>μαθόντες</span> <span class='ocrx_word' id='word_1_649' title='bbox 3399 2017 3489 2070; x_wconf 81' lang='grc' dir='ltr'>λέ-</span> 
     </span>
    </p>
   </div>
   <div class='ocr_carea' id='block_1_80' title="bbox 1899 2094 3491 2169">
    <p class='ocr_par' dir='ltr' id='par_1_80' title="bbox 1899 2094 3491 2169">
     <span class='ocr_line' id='line_1_81' title="bbox 1899 2094 3491 2169; baseline 0.006 -23"><span class='ocrx_word' id='word_1_650' title='bbox 1899 2111 2092 2162; x_wconf 87' lang='grc' dir='ltr'>γομεν,</span> <span class='ocrx_word' id='word_1_651' title='bbox 2131 2095 2261 2148; x_wconf 82' lang='grc' dir='ltr'>Ὅτι</span> <span class='ocrx_word' id='word_1_652' title='bbox 2293 2094 2467 2163; x_wconf 77' lang='grc' dir='ltr'>ἡμεῖς</span> <span class='ocrx_word' id='word_1_653' title='bbox 2500 2099 2554 2149; x_wconf 85' lang='grc' dir='ltr'>οί</span> <span class='ocrx_word' id='word_1_654' title='bbox 2589 2094 2802 2162; x_wconf 76' lang='grc' dir='ltr'>ζῶντες</span> <span class='ocrx_word' id='word_1_655' title='bbox 2825 2100 2878 2150; x_wconf 87' lang='grc' dir='ltr'>οί</span> <span class='ocrx_word' id='word_1_656' title='bbox 2901 2101 3377 2169; x_wconf 73' lang='grc' dir='ltr'>περιλειπόμενοι</span> <span class='ocrx_word' id='word_1_657' title='bbox 3404 2105 3491 2166; x_wconf 86' lang='grc' dir='ltr'>είς</span> 
     </span>
    </p>
   </div>
   <div class='ocr_carea' id='block_1_81' title="bbox 1899 2176 3491 2252">
    <p class='ocr_par' dir='ltr' id='par_1_81' title="bbox 1899 2176 3491 2252">
     <span class='ocr_line' id='line_1_82' title="bbox 1899 2176 3491 2252; baseline 0.005 -23"><span class='ocrx_word' id='word_1_658' title='bbox 1899 2176 2016 2244; x_wconf 77' lang='grc' dir='ltr'>τὴν</span> <span class='ocrx_word' id='word_1_659' title='bbox 2041 2179 2381 2244; x_wconf 83' lang='grc' dir='ltr'>παρουσίαν</span> <span class='ocrx_word' id='word_1_660' title='bbox 2406 2179 2556 2251; x_wconf 71' lang='grc'>[474]</span> <span class='ocrx_word' id='word_1_661' title='bbox 2580 2180 2687 2234; x_wconf 84' lang='grc' dir='ltr'>τοῦ</span> <span class='ocrx_word' id='word_1_662' title='bbox 2715 2183 2956 2248; x_wconf 81' lang='grc' dir='ltr'>Κυρίου.</span> <span class='ocrx_word' id='word_1_663' title='bbox 2976 2184 3047 2234; x_wconf 89' lang='grc' dir='ltr'>οὺ</span> <span class='ocrx_word' id='word_1_664' title='bbox 3065 2182 3150 2250; x_wconf 82' lang='grc' dir='ltr'>μὴ</span> <span class='ocrx_word' id='word_1_665' title='bbox 3169 2183 3491 2252; x_wconf 68' lang='grc' dir='ltr'>φθάσωμεν</span> 
     </span>
    </p>
   </div>
   <div class='ocr_carea' id='block_1_82' title="bbox 1902 2259 3490 2335">
    <p class='ocr_par' dir='ltr' id='par_1_82' title="bbox 1902 2259 3490 2335">
     <span class='ocr_line' id='line_1_83' title="bbox 1902 2259 3490 2335; baseline 0.005 -24"><span class='ocrx_word' id='word_1_666' title='bbox 1902 2259 2045 2324; x_wconf 83' lang='grc' dir='ltr'>τοὺς</span> <span class='ocrx_word' id='word_1_667' title='bbox 2099 2262 2515 2329; x_wconf 85' lang='grc' dir='ltr'>κοιμηθέντας.</span> <span class='ocrx_word' id='word_1_668' title='bbox 2563 2262 2741 2332; x_wconf 89' lang='grc' dir='ltr'>Ὅπερ</span> <span class='ocrx_word' id='word_1_669' title='bbox 2790 2265 2848 2315; x_wconf 89' lang='grc' dir='ltr'>ἐν</span> <span class='ocrx_word' id='word_1_670' title='bbox 2889 2265 2954 2333; x_wconf 81' lang='grc' dir='ltr'>τῇ</span> <span class='ocrx_word' id='word_1_671' title='bbox 2989 2265 3124 2333; x_wconf 82' lang='grc' dir='ltr'>πρὸς</span> <span class='ocrx_word' id='word_1_672' title='bbox 3167 2267 3490 2335; x_wconf 84' lang='grc' dir='ltr'>Κορινθίους</span> 
     </span>
    </p>
   </div>
   <div class='ocr_carea' id='block_1_83' title="bbox 1903 2343 3490 2415">
    <p class='ocr_par' dir='ltr' id='par_1_83' title="bbox 1903 2343 3490 2415">
     <span class='ocr_line' id='line_1_84' title="bbox 1903 2343 3490 2415; baseline 0.004 -21"><span class='ocrx_word' id='word_1_673' title='bbox 1903 2344 2089 2412; x_wconf 72' lang='grc' dir='ltr'>φησὶν,</span> <span class='ocrx_word' id='word_1_674' title='bbox 2125 2343 2206 2395; x_wconf 81' lang='grc' dir='ltr'>ὅτι</span> <span class='ocrx_word' id='word_1_675' title='bbox 2243 2345 2337 2395; x_wconf 84' lang='grc' dir='ltr'>Ἐν</span> <span class='ocrx_word' id='word_1_676' title='bbox 2357 2345 2662 2413; x_wconf 81' lang='grc' dir='ltr'>ἀτόμῳ,ὲ·ν</span> <span class='ocrx_word' id='word_1_677' title='bbox 2687 2344 3181 2415; x_wconf 67' lang='grc' dir='ltr'>ῥιπῇόςοθαλμοῦ.</span> <span class='ocrx_word' id='word_1_678' title='bbox 3227 2347 3490 2401; x_wconf 85' lang='grc' dir='ltr'>Ἐνταῦθα</span> 
     </span>
    </p>
   </div>
   <div class='ocr_carea' id='block_1_84' title="bbox 1900 2423 3488 2502">
    <p class='ocr_par' dir='ltr' id='par_1_84' title="bbox 1900 2423 3488 2502">
     <span class='ocr_line' id='line_1_85' title="bbox 1900 2423 3488 2502; baseline 0.003 -24"><span class='ocrx_word' id='word_1_679' title='bbox 1900 2425 1961 2478; x_wconf 82' lang='grc' dir='ltr'>τὸ</span> <span class='ocrx_word' id='word_1_680' title='bbox 1998 2423 2306 2490; x_wconf 83' lang='grc' dir='ltr'>ἀξιόπιστον</span> <span class='ocrx_word' id='word_1_681' title='bbox 2361 2429 2426 2498; x_wconf 80' lang='grc' dir='ltr'>τῇ</span> <span class='ocrx_word' id='word_1_682' title='bbox 2456 2428 2747 2482; x_wconf 85' lang='grc' dir='ltr'>ἀναστάσει</span> <span class='ocrx_word' id='word_1_683' title='bbox 2771 2440 2796 2468; x_wconf 78' lang='grc' dir='ltr'>ει</span> <span class='ocrx_word' id='word_1_684' title='bbox 2827 2429 2921 2481; x_wconf 79' lang='grc' dir='ltr'>καὶ</span> <span class='ocrx_word' id='word_1_685' title='bbox 2960 2429 3042 2500; x_wconf 80' lang='grc' dir='ltr'>τῷ</span> <span class='ocrx_word' id='word_1_686' title='bbox 3093 2430 3277 2502; x_wconf 83' lang='grc' dir='ltr'>τρόπῳ</span> <span class='ocrx_word' id='word_1_687' title='bbox 3347 2449 3488 2502; x_wconf 82' lang='grc' dir='ltr'>παρ-</span> 
     </span>
    </p>
   </div>
   <div class='ocr_carea' id='block_1_85' title="bbox 1903 2509 2124 2578">
    <p class='ocr_par' dir='ltr' id='par_1_85' title="bbox 1903 2509 2124 2578">
     <span class='ocr_line' id='line_1_86' title="bbox 1903 2509 2124 2578; baseline 0.005 -16"><span class='ocrx_word' id='word_1_688' title='bbox 1903 2509 2035 2578; x_wconf 86' lang='grc' dir='ltr'>έστη</span> <span class='ocrx_word' id='word_1_689' title='bbox 2045 2527 2124 2563; x_wconf 89' lang='grc' dir='ltr'>σε.</span> 
     </span>
    </p>
   </div>
   <div class='ocr_carea' id='block_1_86' title="bbox 1975 2592 3491 2664">
    <p class='ocr_par' dir='ltr' id='par_1_86' title="bbox 1975 2592 3491 2664">
     <span class='ocr_line' id='line_1_87' title="bbox 1975 2592 3491 2664; baseline -0.002 -14"><span class='ocrx_word' id='word_1_690' title='bbox 1975 2593 2042 2663; x_wconf 87' lang='grc' dir='ltr'>β’.</span> <span class='ocrx_word' id='word_1_691' title='bbox 2059 2593 2167 2647; x_wconf 67' lang='grc' dir='ltr'>Καὶ</span> <span class='ocrx_word' id='word_1_692' title='bbox 2183 2592 2369 2663; x_wconf 83' lang='grc' dir='ltr'>ἐπειδὴ</span> <span class='ocrx_word' id='word_1_693' title='bbox 2395 2593 2455 2646; x_wconf 79' lang='grc' dir='ltr'>τὸ</span> <span class='ocrx_word' id='word_1_694' title='bbox 2468 2595 2700 2664; x_wconf 83' lang='grc' dir='ltr'>πρᾶγμα</span> <span class='ocrx_word' id='word_1_695' title='bbox 2719 2594 2868 2647; x_wconf 85' lang='grc' dir='ltr'>δοκεῖ</span> <span class='ocrx_word' id='word_1_696' title='bbox 2896 2593 3156 2648; x_wconf 85' lang='grc' dir='ltr'>δύσκολον</span> <span class='ocrx_word' id='word_1_697' title='bbox 3190 2593 3351 2655; x_wconf 76' lang='grc' dir='ltr'>εἶναι,</span> <span class='ocrx_word' id='word_1_698' title='bbox 3385 2594 3491 2648; x_wconf 85' lang='grc' dir='ltr'>δεί-</span> 
     </span>
    </p>
   </div>
   <div class='ocr_carea' id='block_1_87' title="bbox 1901 2675 3490 2746">
    <p class='ocr_par' dir='ltr' id='par_1_87' title="bbox 1901 2675 3490 2746">
     <span class='ocr_line' id='line_1_88' title="bbox 1901 2675 3490 2746; baseline 0.001 -17"><span class='ocrx_word' id='word_1_699' title='bbox 1901 2693 2090 2730; x_wconf 90' lang='grc' dir='ltr'>κνυσιν</span> <span class='ocrx_word' id='word_1_700' title='bbox 2117 2676 2280 2738; x_wconf 82' lang='grc' dir='ltr'>αὐτὸς</span> <span class='ocrx_word' id='word_1_701' title='bbox 2308 2676 2395 2728; x_wconf 81' lang='grc' dir='ltr'>ὅτι</span> <span class='ocrx_word' id='word_1_702' title='bbox 2446 2675 2634 2746; x_wconf 83' lang='grc' dir='ltr'>ὥσπερ</span> <span class='ocrx_word' id='word_1_703' title='bbox 2657 2677 2802 2729; x_wconf 76' lang='grc' dir='ltr'>ἐστὶν</span> <span class='ocrx_word' id='word_1_704' title='bbox 2853 2675 3074 2730; x_wconf 74' lang='grc' dir='ltr'>εὔκολον</span> <span class='ocrx_word' id='word_1_705' title='bbox 3109 2679 3231 2740; x_wconf 81' lang='grc' dir='ltr'>τοὺς</span> <span class='ocrx_word' id='word_1_706' title='bbox 3281 2677 3490 2742; x_wconf 80' lang='grc' dir='ltr'>ζῶντας</span> 
     </span>
    </p>
   </div>
   <div class='ocr_carea' id='block_1_88' title="bbox 1901 2757 3488 2831">
    <p class='ocr_par' dir='ltr' id='par_1_88' title="bbox 1901 2757 3488 2831">
     <span class='ocr_line' id='line_1_89' title="bbox 1901 2757 3488 2831; baseline -0.001 -17"><span class='ocrx_word' id='word_1_707' title='bbox 1901 2759 2156 2831; x_wconf 80' lang='grc' dir='ltr'>ἀρθῆναι,</span> <span class='ocrx_word' id='word_1_708' title='bbox 2206 2757 2350 2811; x_wconf 73' lang='grc' dir='ltr'>οὕτω</span> <span class='ocrx_word' id='word_1_709' title='bbox 2376 2759 2619 2822; x_wconf 75' lang='grc' dir='ltr'>καὶτοὺς</span> <span class='ocrx_word' id='word_1_710' title='bbox 2642 2759 2994 2824; x_wconf 86' lang='grc' dir='ltr'>ἀπελθόντας.</span> <span class='ocrx_word' id='word_1_711' title='bbox 3030 2762 3103 2814; x_wconf 87' lang='grc' dir='ltr'>Τὸ</span> <span class='ocrx_word' id='word_1_712' title='bbox 3139 2762 3214 2823; x_wconf 84' lang='grc' dir='ltr'>δὲ,</span> <span class='ocrx_word' id='word_1_713' title='bbox 3267 2761 3488 2831; x_wconf 80' lang='grc' dir='ltr'>Ἡμεῖς,</span> 
     </span>
    </p>
   </div>
   <div class='ocr_carea' id='block_1_89' title="bbox 1901 2840 3489 2916">
    <p class='ocr_par' dir='ltr' id='par_1_89' title="bbox 1901 2840 3489 2916">
     <span class='ocr_line' id='line_1_90' title="bbox 1901 2840 3489 2916; baseline 0 -21"><span class='ocrx_word' id='word_1_714' title='bbox 1901 2842 1962 2895; x_wconf 81' lang='grc' dir='ltr'>οὐ</span> <span class='ocrx_word' id='word_1_715' title='bbox 1998 2841 2128 2913; x_wconf 76' lang='grc' dir='ltr'>περὶ</span> <span class='ocrx_word' id='word_1_716' title='bbox 2162 2840 2354 2894; x_wconf 87' lang='grc' dir='ltr'>ἑαυτοῦ</span> <span class='ocrx_word' id='word_1_717' title='bbox 2374 2858 2537 2912; x_wconf 80' lang='grc' dir='ltr'>φησιν</span> <span class='ocrx_word' id='word_1_718' title='bbox 2554 2857 2566 2871; x_wconf 90' lang='grc'><strong>·</strong></span> <span class='ocrx_word' id='word_1_719' title='bbox 2597 2842 2656 2894; x_wconf 83' lang='grc' dir='ltr'>οὐ</span> <span class='ocrx_word' id='word_1_720' title='bbox 2685 2843 2794 2913; x_wconf 81' lang='grc' dir='ltr'>γάρ</span> <span class='ocrx_word' id='word_1_721' title='bbox 2814 2841 2876 2913; x_wconf 81' lang='grc' dir='ltr'>δὴ</span> <span class='ocrx_word' id='word_1_722' title='bbox 2901 2842 3124 2914; x_wconf 78' lang='grc' dir='ltr'>ἔμελλεν</span> <span class='ocrx_word' id='word_1_723' title='bbox 3145 2844 3303 2902; x_wconf 75' lang='grc' dir='ltr'>αὐτὸς</span> <span class='ocrx_word' id='word_1_724' title='bbox 3329 2843 3489 2916; x_wconf 85' lang='grc' dir='ltr'>μέχρι</span> 
     </span>
    </p>
   </div>
   <div class='ocr_carea' id='block_1_90' title="bbox 1901 2923 3491 2995">
    <p class='ocr_par' dir='ltr' id='par_1_90' title="bbox 1901 2923 3491 2995">
     <span class='ocr_line' id='line_1_91' title="bbox 1901 2923 3491 2995; baseline 0 -17"><span class='ocrx_word' id='word_1_725' title='bbox 1901 2925 2000 2995; x_wconf 84' lang='grc' dir='ltr'>τῆς</span> <span class='ocrx_word' id='word_1_726' title='bbox 2029 2923 2380 2988; x_wconf 87' lang='grc' dir='ltr'>ἀναστάσεως</span> <span class='ocrx_word' id='word_1_727' title='bbox 2401 2923 2602 2995; x_wconf 83' lang='grc' dir='ltr'>μένειν,</span> <span class='ocrx_word' id='word_1_728' title='bbox 2629 2924 2765 2978; x_wconf 83' lang='grc' dir='ltr'>ἀλλὰ</span> <span class='ocrx_word' id='word_1_729' title='bbox 2793 2927 2920 2989; x_wconf 72' lang='grc' dir='ltr'>τοὺς</span> <span class='ocrx_word' id='word_1_730' title='bbox 2944 2925 3165 2989; x_wconf 79' lang='grc' dir='ltr'>πιστοὺς</span> <span class='ocrx_word' id='word_1_731' title='bbox 3193 2925 3360 2992; x_wconf 88' lang='grc' dir='ltr'>λέγει.</span> <span class='ocrx_word' id='word_1_732' title='bbox 3391 2926 3491 2978; x_wconf 79' lang='grc' dir='ltr'>Διά</span> 
     </span>
    </p>
   </div>
   <div class='ocr_carea' id='block_1_91' title="bbox 1903 3006 3490 3078">
    <p class='ocr_par' dir='ltr' id='par_1_91' title="bbox 1903 3006 3490 3078">
     <span class='ocr_line' id='line_1_92' title="bbox 1903 3006 3490 3078; baseline 0 -18"><span class='ocrx_word' id='word_1_733' title='bbox 1903 3007 2066 3060; x_wconf 89' lang='grc' dir='ltr'>τοῦτο</span> <span class='ocrx_word' id='word_1_734' title='bbox 2093 3006 2538 3078; x_wconf 86' lang='grc' dir='ltr'>προσέθηκεν,οί</span> <span class='ocrx_word' id='word_1_735' title='bbox 2567 3009 3056 3076; x_wconf 83' lang='grc' dir='ltr'>περιλειπόμενοι</span> <span class='ocrx_word' id='word_1_736' title='bbox 3076 3010 3163 3074; x_wconf 88' lang='grc' dir='ltr'>είς</span> <span class='ocrx_word' id='word_1_737' title='bbox 3196 3008 3311 3075; x_wconf 79' lang='grc' dir='ltr'>τὴν</span> <span class='ocrx_word' id='word_1_738' title='bbox 3340 3024 3490 3077; x_wconf 85' lang='grc' dir='ltr'>παρ-</span> 
     </span>
    </p>
   </div>
   <div class='ocr_carea' id='block_1_92' title="bbox 1902 3090 3492 3161">
    <p class='ocr_par' dir='ltr' id='par_1_92' title="bbox 1902 3090 3492 3161">
     <span class='ocr_line' id='line_1_93' title="bbox 1902 3090 3492 3161; baseline 0.001 -18"><span class='ocrx_word' id='word_1_739' title='bbox 1902 3091 2122 3143; x_wconf 91' lang='grc' dir='ltr'>ουσίαν</span> <span class='ocrx_word' id='word_1_740' title='bbox 2153 3090 2256 3144; x_wconf 89' lang='grc' dir='ltr'>τοῦ</span> <span class='ocrx_word' id='word_1_741' title='bbox 2301 3091 2542 3158; x_wconf 87' lang='grc' dir='ltr'>Κυρίου,</span> <span class='ocrx_word' id='word_1_742' title='bbox 2585 3092 2656 3144; x_wconf 87' lang='grc' dir='ltr'>οὑ</span> <span class='ocrx_word' id='word_1_743' title='bbox 2710 3090 2795 3159; x_wconf 81' lang='grc' dir='ltr'>μὴ</span> <span class='ocrx_word' id='word_1_744' title='bbox 2840 3090 3162 3161; x_wconf 72' lang='grc' dir='ltr'>φθάσωμεν</span> <span class='ocrx_word' id='word_1_745' title='bbox 3193 3091 3336 3157; x_wconf 86' lang='grc' dir='ltr'>τοὺς</span> <span class='ocrx_word' id='word_1_746' title='bbox 3377 3109 3492 3144; x_wconf 82' lang='grc' dir='ltr'>κοι-</span> 
     </span>
    </p>
   </div>
   <div class='ocr_carea' id='block_1_93' title="bbox 1895 3170 3493 3246">
    <p class='ocr_par' dir='ltr' id='par_1_93' title="bbox 1895 3170 3493 3246">
     <span class='ocr_line' id='line_1_94' title="bbox 1895 3170 3493 3246; baseline -0.001 -19"><span class='ocrx_word' id='word_1_747' title='bbox 1895 3175 2197 3243; x_wconf 84' lang='grc' dir='ltr'>μηθέντας</span> <span class='ocrx_word' id='word_1_748' title='bbox 2217 3191 2229 3204; x_wconf 90' lang='grc'><strong>·</strong></span> <span class='ocrx_word' id='word_1_749' title='bbox 2250 3173 2325 3236; x_wconf 79' lang='grc' dir='ltr'>ὡς</span> <span class='ocrx_word' id='word_1_750' title='bbox 2353 3171 2418 3226; x_wconf 82' lang='grc' dir='ltr'>ἂν</span> <span class='ocrx_word' id='word_1_751' title='bbox 2441 3175 2488 3226; x_wconf 85' lang='grc' dir='ltr'>εί</span> <span class='ocrx_word' id='word_1_752' title='bbox 2513 3174 2688 3242; x_wconf 75' lang='grc' dir='ltr'>ἔλεγεο</span> <span class='ocrx_word' id='word_1_753' title='bbox 2707 3175 2799 3244; x_wconf 81' lang='grc' dir='ltr'>Μὴ</span> <span class='ocrx_word' id='word_1_754' title='bbox 2817 3175 3048 3245; x_wconf 77' lang='grc' dir='ltr'>νομίσῃς</span> <span class='ocrx_word' id='word_1_755' title='bbox 3064 3174 3329 3246; x_wconf 86' lang='grc' dir='ltr'>ἑργωδίαν</span> <span class='ocrx_word' id='word_1_756' title='bbox 3353 3170 3493 3228; x_wconf 75' lang='grc' dir='ltr'>εἷναί</span> 
     </span>
    </p>
   </div>
   <div class='ocr_carea' id='block_1_94' title="bbox 1901 3255 3493 3321">
    <p class='ocr_par' dir='ltr' id='par_1_94' title="bbox 1901 3255 3493 3321">
     <span class='ocr_line' id='line_1_95' title="bbox 1901 3255 3493 3321; baseline 0.001 -13"><span class='ocrx_word' id='word_1_757' title='bbox 1901 3273 2043 3320; x_wconf 88' lang='grc' dir='ltr'>τινα,</span> <span class='ocrx_word' id='word_1_758' title='bbox 2071 3255 2282 3308; x_wconf 78' lang='grc' dir='ltr'>ἀκούων</span> <span class='ocrx_word' id='word_1_759' title='bbox 2301 3256 2442 3310; x_wconf 78' lang='grc' dir='ltr'>ὅτιοί</span> <span class='ocrx_word' id='word_1_760' title='bbox 2461 3255 2662 3320; x_wconf 79' lang='grc' dir='ltr'>ζῶντες</span> <span class='ocrx_word' id='word_1_761' title='bbox 2678 3257 2799 3309; x_wconf 89' lang='grc' dir='ltr'>τότε</span> <span class='ocrx_word' id='word_1_762' title='bbox 2824 3259 2948 3321; x_wconf 80' lang='grc' dir='ltr'>τοὺς</span> <span class='ocrx_word' id='word_1_763' title='bbox 2978 3256 3343 3319; x_wconf 84' lang='grc' dir='ltr'>διαλυθέντας,</span> <span class='ocrx_word' id='word_1_764' title='bbox 3367 3258 3493 3318; x_wconf 80' lang='grc' dir='ltr'>τοὺς</span> 
     </span>
    </p>
   </div>
   <div class='ocr_carea' id='block_1_95' title="bbox 1906 3339 3489 3413">
    <p class='ocr_par' dir='ltr' id='par_1_95' title="bbox 1906 3339 3489 3413">
     <span class='ocr_line' id='line_1_96' title="bbox 1906 3339 3489 3413; baseline -0.002 -20"><span class='ocrx_word' id='word_1_765' title='bbox 1906 3341 2195 3406; x_wconf 82' lang='grc' dir='ltr'>σαπέντας,</span> <span class='ocrx_word' id='word_1_766' title='bbox 2227 3341 2354 3404; x_wconf 80' lang='grc' dir='ltr'>τοὺς</span> <span class='ocrx_word' id='word_1_767' title='bbox 2384 3341 2554 3413; x_wconf 90' lang='grc' dir='ltr'>μυρία</span> <span class='ocrx_word' id='word_1_768' title='bbox 2577 3339 2671 3410; x_wconf 80' lang='grc' dir='ltr'>ἔτη</span> <span class='ocrx_word' id='word_1_769' title='bbox 2697 3340 2920 3410; x_wconf 78' lang='grc' dir='ltr'>ἔχοντας</span> <span class='ocrx_word' id='word_1_770' title='bbox 2949 3341 3009 3392; x_wconf 87' lang='grc' dir='ltr'>οὺ</span> <span class='ocrx_word' id='word_1_771' title='bbox 3049 3339 3122 3411; x_wconf 81' lang='grc' dir='ltr'>μὴ</span> <span class='ocrx_word' id='word_1_772' title='bbox 3145 3340 3452 3411; x_wconf 78' lang='grc' dir='ltr'>προλάϐωσι</span> <span class='ocrx_word' id='word_1_773' title='bbox 3475 3355 3489 3367; x_wconf 80' lang='grc'><strong><em>³</em></strong></span> 
     </span>
    </p>
   </div>
   <div class='ocr_carea' id='block_1_96' title="bbox 1904 3422 3493 3494">
    <p class='ocr_par' dir='ltr' id='par_1_96' title="bbox 1904 3422 3493 3494">
     <span class='ocr_line' id='line_1_97' title="bbox 1904 3422 3493 3494; baseline -0.001 -18"><span class='ocrx_word' id='word_1_774' title='bbox 1904 3423 2037 3486; x_wconf 88' lang='grc' dir='ltr'>Θεός</span> <span class='ocrx_word' id='word_1_775' title='bbox 2062 3425 2250 3476; x_wconf 87' lang='grc' dir='ltr'>ἑστινό</span> <span class='ocrx_word' id='word_1_776' title='bbox 2267 3424 2460 3477; x_wconf 87' lang='grc' dir='ltr'>ποιῶν.</span> <span class='ocrx_word' id='word_1_777' title='bbox 2477 3423 2616 3476; x_wconf 82' lang='grc' dir='ltr'>Ἀλλ’</span> <span class='ocrx_word' id='word_1_778' title='bbox 2638 3422 2827 3494; x_wconf 83' lang='grc' dir='ltr'>ῶσπερ</span> <span class='ocrx_word' id='word_1_779' title='bbox 2845 3422 3066 3476; x_wconf 71' lang='grc' dir='ltr'>εὔκολον</span> <span class='ocrx_word' id='word_1_780' title='bbox 3085 3423 3231 3494; x_wconf 76' lang='grc' dir='ltr'>αὐτῷ</span> <span class='ocrx_word' id='word_1_781' title='bbox 3251 3424 3493 3484; x_wconf 80' lang='grc' dir='ltr'>ἐκείνους</span> 
     </span>
    </p>
   </div>
   <div class='ocr_carea' id='block_1_97' title="bbox 1901 3505 3492 3578">
    <p class='ocr_par' dir='ltr' id='par_1_97' title="bbox 1901 3505 3492 3578">
     <span class='ocr_line' id='line_1_98' title="bbox 1901 3505 3492 3578; baseline 0 -20"><span class='ocrx_word' id='word_1_782' title='bbox 1901 3508 2029 3570; x_wconf 82' lang='grc' dir='ltr'>τοὺς</span> <span class='ocrx_word' id='word_1_783' title='bbox 2058 3506 2502 3578; x_wconf 84' lang='grc' dir='ltr'>ἀπηρτισμένους</span> <span class='ocrx_word' id='word_1_784' title='bbox 2535 3508 2784 3574; x_wconf 88' lang='grc' dir='ltr'>ἀγαγεῖν,</span> <span class='ocrx_word' id='word_1_785' title='bbox 2814 3505 2958 3558; x_wconf 75' lang='grc' dir='ltr'>οὕτω</span> <span class='ocrx_word' id='word_1_786' title='bbox 2978 3507 3071 3558; x_wconf 82' lang='grc' dir='ltr'>καὶ</span> <span class='ocrx_word' id='word_1_787' title='bbox 3097 3507 3222 3568; x_wconf 75' lang='grc' dir='ltr'>τοὺς</span> <span class='ocrx_word' id='word_1_788' title='bbox 3247 3505 3492 3558; x_wconf 83' lang='grc' dir='ltr'>διαλελυ-</span> 
     </span>
    </p>
   </div>
   <div class='ocr_carea' id='block_1_98' title="bbox 1904 3586 3488 3660">
    <p class='ocr_par' dir='ltr' id='par_1_98' title="bbox 1904 3586 3488 3660">
     <span class='ocr_line' id='line_1_99' title="bbox 1904 3586 3488 3660; baseline 0.001 -20"><span class='ocrx_word' id='word_1_789' title='bbox 1904 3590 2122 3660; x_wconf 82' lang='grc' dir='ltr'>μένους.</span> <span class='ocrx_word' id='word_1_790' title='bbox 2165 3589 2303 3642; x_wconf 84' lang='grc' dir='ltr'>Ἀλλ’</span> <span class='ocrx_word' id='word_1_791' title='bbox 2334 3591 2438 3641; x_wconf 80' lang='grc' dir='ltr'>εἰσί</span> <span class='ocrx_word' id='word_1_792' title='bbox 2462 3605 2627 3653; x_wconf 89' lang='grc' dir='ltr'>τινες,</span> <span class='ocrx_word' id='word_1_793' title='bbox 2655 3587 2704 3640; x_wconf 90' lang='grc' dir='ltr'>οἳ</span> <span class='ocrx_word' id='word_1_794' title='bbox 2725 3586 3064 3640; x_wconf 85' lang='grc' dir='ltr'>διαπιστοῦσι</span> <span class='ocrx_word' id='word_1_795' title='bbox 3082 3587 3156 3656; x_wconf 83' lang='grc' dir='ltr'>τῷ</span> <span class='ocrx_word' id='word_1_796' title='bbox 3181 3589 3488 3658; x_wconf 83' lang='grc' dir='ltr'>πράγματι,</span> 
     </span>
    </p>
   </div>
   <div class='ocr_carea' id='block_1_99' title="bbox 1900 3670 3492 3742">
    <p class='ocr_par' dir='ltr' id='par_1_99' title="bbox 1900 3670 3492 3742">
     <span class='ocr_line' id='line_1_100' title="bbox 1900 3670 3492 3742; baseline 0.001 -19"><span class='ocrx_word' id='word_1_797' title='bbox 1900 3671 2088 3742; x_wconf 83' lang='grc' dir='ltr'>ἐπειδὴ</span> <span class='ocrx_word' id='word_1_798' title='bbox 2112 3671 2203 3724; x_wconf 83' lang='grc' dir='ltr'>τὸν</span> <span class='ocrx_word' id='word_1_799' title='bbox 2231 3671 2362 3724; x_wconf 80' lang='grc' dir='ltr'>Θεὸν</span> <span class='ocrx_word' id='word_1_800' title='bbox 2401 3671 2500 3724; x_wconf 82' lang='grc' dir='ltr'>οὐκ</span> <span class='ocrx_word' id='word_1_801' title='bbox 2537 3672 2706 3726; x_wconf 74' lang='grc' dir='ltr'>ἴσασι.</span> <span class='ocrx_word' id='word_1_802' title='bbox 2769 3670 2834 3722; x_wconf 91' lang='grc' dir='ltr'>Τί</span> <span class='ocrx_word' id='word_1_803' title='bbox 2865 3670 2995 3741; x_wconf 82' lang='grc' dir='ltr'>γὰρ,</span> <span class='ocrx_word' id='word_1_804' title='bbox 3026 3670 3147 3722; x_wconf 86' lang='grc' dir='ltr'>εἰπέ</span> <span class='ocrx_word' id='word_1_805' title='bbox 3179 3687 3288 3739; x_wconf 88' lang='grc' dir='ltr'>μοι,</span> <span class='ocrx_word' id='word_1_806' title='bbox 3333 3671 3492 3724; x_wconf 85' lang='grc' dir='ltr'>εὐκο-</span> 
     </span>
    </p>
   </div>
   <div class='ocr_carea' id='block_1_100' title="bbox 1898 3747 3488 3825">
    <p class='ocr_par' dir='ltr' id='par_1_100' title="bbox 1898 3747 3488 3825">
     <span class='ocr_line' id='line_1_101' title="bbox 1898 3747 3488 3825; baseline 0.001 -20"><span class='ocrx_word' id='word_1_807' title='bbox 1898 3752 2154 3825; x_wconf 85' lang='grc' dir='ltr'>λώτερον,</span> <span class='ocrx_word' id='word_1_808' title='bbox 2177 3757 2238 3807; x_wconf 88' lang='grc' dir='ltr'>ἐκ</span> <span class='ocrx_word' id='word_1_809' title='bbox 2269 3754 2362 3807; x_wconf 90' lang='grc' dir='ltr'>τοῦ</span> <span class='ocrx_word' id='word_1_810' title='bbox 2396 3755 2470 3824; x_wconf 85' lang='grc' dir='ltr'>μὴ</span> <span class='ocrx_word' id='word_1_811' title='bbox 2495 3753 2646 3815; x_wconf 74' lang='grc' dir='ltr'>ὄντος</span> <span class='ocrx_word' id='word_1_812' title='bbox 2681 3754 2760 3816; x_wconf 84' lang='grc' dir='ltr'>είς</span> <span class='ocrx_word' id='word_1_813' title='bbox 2787 3754 2847 3806; x_wconf 83' lang='grc' dir='ltr'>τὸ</span> <span class='ocrx_word' id='word_1_814' title='bbox 2878 3747 3017 3806; x_wconf 85' lang='grc' dir='ltr'>εἶναι</span> <span class='ocrx_word' id='word_1_815' title='bbox 3045 3757 3411 3823; x_wconf 81' lang='grc' dir='ltr'>παραγαγεῖν,</span> <span class='ocrx_word' id='word_1_816' title='bbox 3453 3754 3488 3824; x_wconf 83' lang='grc' dir='ltr'>ἢ</span> 
     </span>
    </p>
   </div>
   <div class='ocr_carea' id='block_1_101' title="bbox 1895 3836 2776 3907">
    <p class='ocr_par' dir='ltr' id='par_1_101' title="bbox 1895 3836 2776 3907">
     <span class='ocr_line' id='line_1_102' title="bbox 1895 3836 2776 3907; baseline 0.001 -18"><span class='ocrx_word' id='word_1_817' title='bbox 1895 3836 2212 3891; x_wconf 81' lang='grc' dir='ltr'>διαλυθέντα</span> <span class='ocrx_word' id='word_1_818' title='bbox 2242 3838 2543 3907; x_wconf 85' lang='grc' dir='ltr'>ἀναστῆσαι</span> <span class='ocrx_word' id='word_1_819' title='bbox 2574 3836 2735 3890; x_wconf 87' lang='grc' dir='ltr'>πάλιν</span> <span class='ocrx_word' id='word_1_820' title='bbox 2761 3852 2776 3901; x_wconf 89' lang='lat'><strong>;</strong></span> 
     </span>
    </p>
   </div>
   <div class='ocr_carea' id='block_1_102' title="bbox 1975 3913 3491 3990">
    <p class='ocr_par' dir='ltr' id='par_1_102' title="bbox 1975 3913 3491 3990">
     <span class='ocr_line' id='line_1_103' title="bbox 1975 3913 3491 3990; baseline 0 -18"><span class='ocrx_word' id='word_1_821' title='bbox 1975 3919 2131 3972; x_wconf 88' lang='grc' dir='ltr'>Ἀλλά</span> <span class='ocrx_word' id='word_1_822' title='bbox 2145 3920 2196 3972; x_wconf 87' lang='grc' dir='ltr'>τί</span> <span class='ocrx_word' id='word_1_823' title='bbox 2212 3936 2394 3988; x_wconf 78' lang='grc' dir='ltr'>φασιν;</span> <span class='ocrx_word' id='word_1_824' title='bbox 2413 3919 2471 3971; x_wconf 82' lang='lat'>&#39;0</span> <span class='ocrx_word' id='word_1_825' title='bbox 2483 3919 2652 3984; x_wconf 89' lang='grc' dir='ltr'>δεῖνα,</span> <span class='ocrx_word' id='word_1_826' title='bbox 2673 3920 2825 3990; x_wconf 79' lang='grc' dir='ltr'>φησὶ,</span> <span class='ocrx_word' id='word_1_827' title='bbox 2842 3919 3102 3987; x_wconf 86' lang='grc' dir='ltr'>ναυάγιον</span> <span class='ocrx_word' id='word_1_828' title='bbox 3129 3918 3358 3990; x_wconf 83' lang='grc' dir='ltr'>ὑπέστη,</span> <span class='ocrx_word' id='word_1_829' title='bbox 3392 3913 3491 3972; x_wconf 70' lang='grc' dir='ltr'>καὶ</span> 
     </span>
    </p>
   </div>
   <div class='ocr_carea' id='block_1_103' title="bbox 1893 4001 3492 4074">
    <p class='ocr_par' dir='ltr' id='par_1_103' title="bbox 1893 4001 3492 4074">
     <span class='ocr_line' id='line_1_104' title="bbox 1893 4001 3492 4074; baseline 0.001 -18"><span class='ocrx_word' id='word_1_830' title='bbox 1893 4002 2404 4074; x_wconf 73' lang='grc' dir='ltr'>κατεποντίσθη,καὶ</span> <span class='ocrx_word' id='word_1_831' title='bbox 2415 4003 2644 4056; x_wconf 87' lang='grc' dir='ltr'>πεσόντα</span> <span class='ocrx_word' id='word_1_832' title='bbox 2665 4003 2824 4055; x_wconf 74' lang='grc' dir='ltr'>αὑτὸν</span> <span class='ocrx_word' id='word_1_833' title='bbox 2851 4001 3027 4072; x_wconf 83' lang='grc' dir='ltr'>ίχθύες</span> <span class='ocrx_word' id='word_1_834' title='bbox 3047 4002 3290 4066; x_wconf 84' lang='grc' dir='ltr'>ἐδέξαντο</span> <span class='ocrx_word' id='word_1_835' title='bbox 3311 4003 3492 4056; x_wconf 74' lang='grc' dir='ltr'>πολλοὶ</span> 
     </span>
    </p>
   </div>
   <div class='ocr_carea' id='block_1_104' title="bbox 1893 4082 3492 4156">
    <p class='ocr_par' dir='ltr' id='par_1_104' title="bbox 1893 4082 3492 4156">
     <span class='ocr_line' id='line_1_105' title="bbox 1893 4082 3492 4156; baseline -0.001 -16"><span class='ocrx_word' id='word_1_836' title='bbox 1893 4087 1988 4140; x_wconf 70' lang='grc' dir='ltr'>καὶ</span> <span class='ocrx_word' id='word_1_837' title='bbox 2001 4085 2109 4140; x_wconf 91' lang='grc' dir='ltr'>τῶν</span> <span class='ocrx_word' id='word_1_838' title='bbox 2130 4085 2327 4156; x_wconf 83' lang='grc' dir='ltr'>ἰχθύων</span> <span class='ocrx_word' id='word_1_839' title='bbox 2340 4086 2571 4148; x_wconf 74' lang='grc' dir='ltr'>ἕκαστος</span> <span class='ocrx_word' id='word_1_840' title='bbox 2587 4085 2744 4155; x_wconf 89' lang='grc' dir='ltr'>μέλος</span> <span class='ocrx_word' id='word_1_841' title='bbox 2759 4082 3283 4155; x_wconf 70' lang='grc' dir='ltr'>ἔφαγενΕἷτάὐτῶν</span> <span class='ocrx_word' id='word_1_842' title='bbox 3293 4087 3355 4156; x_wconf 87' lang='grc' dir='ltr'>δὴ</span> <span class='ocrx_word' id='word_1_843' title='bbox 3367 4087 3459 4139; x_wconf 79' lang='grc' dir='ltr'>τού</span> <span class='ocrx_word' id='word_1_844' title='bbox 3472 4109 3492 4120; x_wconf 89' lang='grc'>·</span> 
     </span>
    </p>
   </div>
   <div class='ocr_carea' id='block_1_105' title="bbox 1892 4168 3485 4241">
    <p class='ocr_par' dir='ltr' id='par_1_105' title="bbox 1892 4168 3485 4241">
     <span class='ocr_line' id='line_1_106' title="bbox 1892 4168 3485 4241; baseline 0 -19"><span class='ocrx_word' id='word_1_845' title='bbox 1892 4187 2000 4223; x_wconf 87' lang='grc' dir='ltr'>των</span> <span class='ocrx_word' id='word_1_846' title='bbox 2015 4171 2042 4222; x_wconf 91' lang='lat'>6</span> <span class='ocrx_word' id='word_1_847' title='bbox 2063 4169 2161 4240; x_wconf 81' lang='grc' dir='ltr'>μὲν</span> <span class='ocrx_word' id='word_1_848' title='bbox 2179 4170 2238 4223; x_wconf 85' lang='grc' dir='ltr'>ἐν</span> <span class='ocrx_word' id='word_1_849' title='bbox 2251 4168 2386 4241; x_wconf 85' lang='grc' dir='ltr'>τῷδε</span> <span class='ocrx_word' id='word_1_850' title='bbox 2403 4168 2480 4239; x_wconf 82' lang='grc' dir='ltr'>τῷ</span> <span class='ocrx_word' id='word_1_851' title='bbox 2495 4169 2700 4239; x_wconf 85' lang='grc' dir='ltr'>κόλπῳ,</span> <span class='ocrx_word' id='word_1_852' title='bbox 2720 4171 2747 4222; x_wconf 90' lang='lat'>6</span> <span class='ocrx_word' id='word_1_853' title='bbox 2761 4169 2890 4222; x_wconf 83' lang='grc' dir='ltr'>δὲέν</span> <span class='ocrx_word' id='word_1_854' title='bbox 2905 4169 3038 4238; x_wconf 82' lang='grc' dir='ltr'>τῷδε</span> <span class='ocrx_word' id='word_1_855' title='bbox 3058 4170 3360 4240; x_wconf 82' lang='grc' dir='ltr'>συνελήφθη</span> <span class='ocrx_word' id='word_1_856' title='bbox 3372 4170 3485 4230; x_wconf 73' lang='grc' dir='ltr'>,καὶ</span> 
     </span>
    </p>
   </div>
   <div class='ocr_carea' id='block_1_106' title="bbox 1894 4247 3487 4322">
    <p class='ocr_par' dir='ltr' id='par_1_106' title="bbox 1894 4247 3487 4322">
     <span class='ocr_line' id='line_1_107' title="bbox 1894 4247 3487 4322; baseline 0.001 -19"><span class='ocrx_word' id='word_1_857' title='bbox 1894 4251 2106 4322; x_wconf 79' lang='grc' dir='ltr'>ἐϐρώθη</span> <span class='ocrx_word' id='word_1_858' title='bbox 2127 4252 2216 4321; x_wconf 81' lang='grc' dir='ltr'>ὑφ’</span> <span class='ocrx_word' id='word_1_859' title='bbox 2233 4252 2444 4322; x_wconf 86' lang='grc' dir='ltr'>ἑτέρου,</span> <span class='ocrx_word' id='word_1_860' title='bbox 2471 4252 2563 4304; x_wconf 73' lang='grc' dir='ltr'>καὶ</span> <span class='ocrx_word' id='word_1_861' title='bbox 2578 4247 2732 4314; x_wconf 76' lang='grc' dir='ltr'>οὗτος</span> <span class='ocrx_word' id='word_1_862' title='bbox 2756 4251 2860 4304; x_wconf 85' lang='grc' dir='ltr'>ὑπὸ</span> <span class='ocrx_word' id='word_1_863' title='bbox 2877 4251 3059 4304; x_wconf 82' lang='grc' dir='ltr'>ἄλλου.</span> <span class='ocrx_word' id='word_1_864' title='bbox 3086 4252 3192 4304; x_wconf 81' lang='grc' dir='ltr'>Καὶ</span> <span class='ocrx_word' id='word_1_865' title='bbox 3215 4250 3359 4306; x_wconf 70' lang='grc' dir='ltr'>οὗτοι</span> <span class='ocrx_word' id='word_1_866' title='bbox 3383 4254 3487 4305; x_wconf 82' lang='grc' dir='ltr'>πά-</span> 
     </span>
    </p>
   </div>
   <div class='ocr_carea' id='block_1_107' title="bbox 1893 4333 3488 4404">
    <p class='ocr_par' dir='ltr' id='par_1_107' title="bbox 1893 4333 3488 4404">
     <span class='ocr_line' id='line_1_108' title="bbox 1893 4333 3488 4404; baseline 0 -18"><span class='ocrx_word' id='word_1_867' title='bbox 1893 4334 1976 4386; x_wconf 92' lang='grc' dir='ltr'>λιν</span> <span class='ocrx_word' id='word_1_868' title='bbox 2007 4337 2064 4386; x_wconf 87' lang='grc' dir='ltr'>ἐν</span> <span class='ocrx_word' id='word_1_869' title='bbox 2080 4335 2261 4398; x_wconf 78' lang='grc' dir='ltr'>ἄλλοις</span> <span class='ocrx_word' id='word_1_870' title='bbox 2283 4335 2506 4404; x_wconf 85' lang='grc' dir='ltr'>χωρίοις</span> <span class='ocrx_word' id='word_1_871' title='bbox 2525 4334 2796 4387; x_wconf 89' lang='grc' dir='ltr'>ἀπέθανον</span> <span class='ocrx_word' id='word_1_872' title='bbox 2820 4335 2869 4385; x_wconf 85' lang='grc' dir='ltr'>οἱ</span> <span class='ocrx_word' id='word_1_873' title='bbox 2889 4335 3015 4396; x_wconf 86' lang='grc' dir='ltr'>τοὺς</span> <span class='ocrx_word' id='word_1_874' title='bbox 3049 4333 3198 4404; x_wconf 78' lang='grc' dir='ltr'>ἰχθῦς</span> <span class='ocrx_word' id='word_1_875' title='bbox 3220 4335 3488 4402; x_wconf 81' lang='grc' dir='ltr'>φαγόντες</span> 
     </span>
    </p>
   </div>
   <div class='ocr_carea' id='block_1_108' title="bbox 1892 4415 3487 4488">
    <p class='ocr_par' dir='ltr' id='par_1_108' title="bbox 1892 4415 3487 4488">
     <span class='ocr_line' id='line_1_109' title="bbox 1892 4415 3487 4488; baseline 0 -20"><span class='ocrx_word' id='word_1_876' title='bbox 1892 4417 2017 4481; x_wconf 80' lang='grc' dir='ltr'>τοὺς</span> <span class='ocrx_word' id='word_1_877' title='bbox 2030 4416 2121 4469; x_wconf 83' lang='grc' dir='ltr'>τὸν</span> <span class='ocrx_word' id='word_1_878' title='bbox 2147 4416 2319 4488; x_wconf 79' lang='grc' dir='ltr'>ἄνδρα</span> <span class='ocrx_word' id='word_1_879' title='bbox 2344 4417 2786 4485; x_wconf 86' lang='grc' dir='ltr'>καταφαγόντας,</span> <span class='ocrx_word' id='word_1_880' title='bbox 2815 4415 2909 4468; x_wconf 73' lang='grc' dir='ltr'>καὶ</span> <span class='ocrx_word' id='word_1_881' title='bbox 2930 4416 3084 4468; x_wconf 68' lang='grc' dir='ltr'>αὐτοὶ</span> <span class='ocrx_word' id='word_1_882' title='bbox 3116 4415 3243 4478; x_wconf 74' lang='grc' dir='ltr'>ἴσως</span> <span class='ocrx_word' id='word_1_883' title='bbox 3266 4415 3370 4468; x_wconf 79' lang='grc' dir='ltr'>ὑπὸ</span> <span class='ocrx_word' id='word_1_884' title='bbox 3390 4416 3487 4485; x_wconf 79' lang='grc' dir='ltr'>θη·-</span> 
     </span>
    </p>
   </div>
   <div class='ocr_carea' id='block_1_109' title="bbox 1894 4497 3485 4572">
    <p class='ocr_par' dir='ltr' id='par_1_109' title="bbox 1894 4497 3485 4572">
     <span class='ocr_line' id='line_1_110' title="bbox 1894 4497 3485 4572; baseline -0.001 -20"><span class='ocrx_word' id='word_1_885' title='bbox 1894 4499 2042 4572; x_wconf 87' lang='grc' dir='ltr'>ρίων.</span> <span class='ocrx_word' id='word_1_886' title='bbox 2065 4500 2344 4570; x_wconf 79' lang='grc' dir='ltr'>Τοσαύτης</span> <span class='ocrx_word' id='word_1_887' title='bbox 2369 4499 2424 4552; x_wconf 84' lang='grc' dir='ltr'>δὲ</span> <span class='ocrx_word' id='word_1_888' title='bbox 2452 4501 2551 4567; x_wconf 84' lang='grc' dir='ltr'>τῆς</span> <span class='ocrx_word' id='word_1_889' title='bbox 2579 4499 2891 4569; x_wconf 84' lang='grc' dir='ltr'>συγχύσεως</span> <span class='ocrx_word' id='word_1_890' title='bbox 2921 4497 3218 4569; x_wconf 85' lang='grc' dir='ltr'>γενομένης</span> <span class='ocrx_word' id='word_1_891' title='bbox 3246 4499 3341 4551; x_wconf 77' lang='grc' dir='ltr'>καὶ</span> <span class='ocrx_word' id='word_1_892' title='bbox 3371 4499 3485 4551; x_wconf 87' lang='grc' dir='ltr'>δια-</span> 
     </span>
    </p>
   </div>
   <div class='ocr_carea' id='block_1_110' title="bbox 1894 4581 3487 4653">
    <p class='ocr_par' dir='ltr' id='par_1_110' title="bbox 1894 4581 3487 4653">
     <span class='ocr_line' id='line_1_111' title="bbox 1894 4581 3487 4653; baseline 0 -18"><span class='ocrx_word' id='word_1_893' title='bbox 1894 4583 2406 4653; x_wconf 75' lang='grc' dir='ltr'>σπορᾶς,πῶςπάλιν</span> <span class='ocrx_word' id='word_1_894' title='bbox 2419 4583 2779 4653; x_wconf 85' lang='grc' dir='ltr'>ἀναστήσεται</span> <span class='ocrx_word' id='word_1_895' title='bbox 2792 4584 2819 4634; x_wconf 91' lang='lat'>6</span> <span class='ocrx_word' id='word_1_896' title='bbox 2831 4581 3076 4651; x_wconf 86' lang='grc' dir='ltr'>ἀνήρ;τίς</span> <span class='ocrx_word' id='word_1_897' title='bbox 3089 4585 3117 4634; x_wconf 94' lang='lat'>6</span> <span class='ocrx_word' id='word_1_898' title='bbox 3128 4581 3218 4634; x_wconf 87' lang='grc' dir='ltr'>τὸν</span> <span class='ocrx_word' id='word_1_899' title='bbox 3230 4581 3356 4652; x_wconf 89' lang='grc' dir='ltr'>χοῦν</span> <span class='ocrx_word' id='word_1_900' title='bbox 3371 4599 3487 4635; x_wconf 73' lang='grc' dir='ltr'>συνο</span> 
     </span>
    </p>
   </div>
   <div class='ocr_carea' id='block_1_111' title="bbox 1894 4664 3487 4736">
    <p class='ocr_par' dir='ltr' id='par_1_111' title="bbox 1894 4664 3487 4736">
     <span class='ocr_line' id='line_1_112' title="bbox 1894 4664 3487 4736; baseline 0 -19"><span class='ocrx_word' id='word_1_901' title='bbox 1894 4666 2072 4733; x_wconf 90' lang='grc' dir='ltr'>άγων;</span> <span class='ocrx_word' id='word_1_902' title='bbox 2104 4665 2202 4718; x_wconf 84' lang='grc' dir='ltr'>Διά</span> <span class='ocrx_word' id='word_1_903' title='bbox 2238 4665 2291 4717; x_wconf 86' lang='grc' dir='ltr'>τί</span> <span class='ocrx_word' id='word_1_904' title='bbox 2320 4665 2426 4736; x_wconf 80' lang='grc' dir='ltr'>γὰρ</span> <span class='ocrx_word' id='word_1_905' title='bbox 2452 4664 2611 4718; x_wconf 89' lang='grc' dir='ltr'>τοῦτο</span> <span class='ocrx_word' id='word_1_906' title='bbox 2645 4664 2847 4732; x_wconf 87' lang='grc' dir='ltr'>λέγεις,</span> <span class='ocrx_word' id='word_1_907' title='bbox 2890 4664 3166 4734; x_wconf 77' lang='grc' dir='ltr'>ἄνθρωπε,</span> <span class='ocrx_word' id='word_1_908' title='bbox 3191 4666 3286 4717; x_wconf 78' lang='grc' dir='ltr'>καὶ</span> <span class='ocrx_word' id='word_1_909' title='bbox 3315 4665 3487 4734; x_wconf 86' lang='grc' dir='ltr'>ὁρμα-</span> 
     </span>
    </p>
   </div>
   <div class='ocr_carea' id='block_1_112' title="bbox 1900 4746 3485 4818">
    <p class='ocr_par' dir='ltr' id='par_1_112' title="bbox 1900 4746 3485 4818">
     <span class='ocr_line' id='line_1_113' title="bbox 1900 4746 3485 4818; baseline -0.003 -16"><span class='ocrx_word' id='word_1_910' title='bbox 1900 4748 2025 4812; x_wconf 86' lang='grc' dir='ltr'>θοὺς</span> <span class='ocrx_word' id='word_1_911' title='bbox 2054 4749 2234 4818; x_wconf 89' lang='grc' dir='ltr'>λήρων</span> <span class='ocrx_word' id='word_1_912' title='bbox 2263 4750 2529 4818; x_wconf 80' lang='grc' dir='ltr'>ὑφαίνεις,</span> <span class='ocrx_word' id='word_1_913' title='bbox 2555 4748 2651 4802; x_wconf 79' lang='grc' dir='ltr'>καὶ</span> <span class='ocrx_word' id='word_1_914' title='bbox 2669 4747 2744 4811; x_wconf 87' lang='grc' dir='ltr'>ὡς</span> <span class='ocrx_word' id='word_1_915' title='bbox 2765 4748 2969 4817; x_wconf 79' lang='grc' dir='ltr'>ἄπορον</span> <span class='ocrx_word' id='word_1_916' title='bbox 2997 4746 3196 4813; x_wconf 88' lang='grc' dir='ltr'>τιθεῖς;</span> <span class='ocrx_word' id='word_1_917' title='bbox 3220 4747 3356 4799; x_wconf 79' lang='grc' dir='ltr'><strong>Εἰπὲ</strong></span> <span class='ocrx_word' id='word_1_918' title='bbox 3377 4747 3485 4818; x_wconf 89' lang='grc' dir='ltr'>γάρ</span> 
     </span>
    </p>
   </div>
   <div class='ocr_carea' id='block_1_113' title="bbox 1901 4829 3486 4902">
    <p class='ocr_par' dir='ltr' id='par_1_113' title="bbox 1901 4829 3486 4902">
     <span class='ocr_line' id='line_1_114' title="bbox 1901 4829 3486 4902; baseline -0.003 -18"><span class='ocrx_word' id='word_1_919' title='bbox 1901 4847 2014 4902; x_wconf 91' lang='grc' dir='ltr'>μοι,</span> <span class='ocrx_word' id='word_1_920' title='bbox 2052 4831 2118 4884; x_wconf 83' lang='grc' dir='ltr'>ἂν</span> <span class='ocrx_word' id='word_1_921' title='bbox 2159 4830 2234 4901; x_wconf 78' lang='grc' dir='ltr'>μὴ</span> <span class='ocrx_word' id='word_1_922' title='bbox 2265 4833 2343 4894; x_wconf 83' lang='grc' dir='ltr'>είς</span> <span class='ocrx_word' id='word_1_923' title='bbox 2368 4831 2636 4884; x_wconf 88' lang='grc' dir='ltr'>θάλατταν</span> <span class='ocrx_word' id='word_1_924' title='bbox 2657 4830 2962 4900; x_wconf 82' lang='grc' dir='ltr'>καταπέσῃ,</span> <span class='ocrx_word' id='word_1_925' title='bbox 2992 4829 3058 4882; x_wconf 86' lang='grc' dir='ltr'>ἂν</span> <span class='ocrx_word' id='word_1_926' title='bbox 3087 4829 3195 4897; x_wconf 85' lang='grc' dir='ltr'>γὰρ</span> <span class='ocrx_word' id='word_1_927' title='bbox 3227 4829 3301 4899; x_wconf 82' lang='grc' dir='ltr'>μὴ</span> <span class='ocrx_word' id='word_1_928' title='bbox 3334 4830 3486 4898; x_wconf 78' lang='grc' dir='ltr'>ἰχθὺς</span> 
     </span>
    </p>
   </div>
   <div class='ocr_carea' id='block_1_114' title="bbox 1899 4913 3483 4988">
    <p class='ocr_par' dir='ltr' id='par_1_114' title="bbox 1899 4913 3483 4988">
     <span class='ocr_line' id='line_1_115' title="bbox 1899 4913 3483 4988; baseline -0.003 -20"><span class='ocrx_word' id='word_1_929' title='bbox 1899 4915 2068 4988; x_wconf 79' lang='grc' dir='ltr'>φάγῃ,</span> <span class='ocrx_word' id='word_1_930' title='bbox 2103 4916 2237 4984; x_wconf 77' lang='grc' dir='ltr'>μηδὲ</span> <span class='ocrx_word' id='word_1_931' title='bbox 2255 4916 2436 4987; x_wconf 84' lang='grc' dir='ltr'>βρωθῇ</span> <span class='ocrx_word' id='word_1_932' title='bbox 2477 4915 2639 4969; x_wconf 89' lang='grc' dir='ltr'>πάλιν</span> <span class='ocrx_word' id='word_1_933' title='bbox 2667 4917 2695 4968; x_wconf 92' lang='lat'>6</span> <span class='ocrx_word' id='word_1_934' title='bbox 2728 4913 2876 4985; x_wconf 75' lang='grc' dir='ltr'>ἰχθὺς</span> <span class='ocrx_word' id='word_1_935' title='bbox 2907 4913 3010 4966; x_wconf 75' lang='grc' dir='ltr'>ὑπὸ</span> <span class='ocrx_word' id='word_1_936' title='bbox 3039 4913 3249 4983; x_wconf 88' lang='grc' dir='ltr'>μυρίων</span> <span class='ocrx_word' id='word_1_937' title='bbox 3269 4913 3483 4982; x_wconf 83' lang='grc' dir='ltr'>ἀνθρώ-</span> 
     </span>
    </p>
   </div>
   <div class='ocr_carea' id='block_1_115' title="bbox 1896 4996 3483 5069">
    <p class='ocr_par' dir='ltr' id='par_1_115' title="bbox 1896 4996 3483 5069">
     <span class='ocr_line' id='line_1_116' title="bbox 1896 4996 3483 5069; baseline -0.001 -17"><span class='ocrx_word' id='word_1_938' title='bbox 1896 5017 2036 5064; x_wconf 89' lang='grc' dir='ltr'>πων,</span> <span class='ocrx_word' id='word_1_939' title='bbox 2071 4999 2204 5052; x_wconf 82' lang='grc' dir='ltr'>ά).λά</span> <span class='ocrx_word' id='word_1_940' title='bbox 2261 4999 2543 5069; x_wconf 77' lang='grc' dir='ltr'>κηδευθεὶς</span> <span class='ocrx_word' id='word_1_941' title='bbox 2588 5000 2645 5052; x_wconf 87' lang='grc' dir='ltr'>ἐν</span> <span class='ocrx_word' id='word_1_942' title='bbox 2703 4997 2937 5069; x_wconf 83' lang='grc' dir='ltr'>λάρνακι</span> <span class='ocrx_word' id='word_1_943' title='bbox 2969 4997 2996 5048; x_wconf 89' lang='lat'>6</span> <span class='ocrx_word' id='word_1_944' title='bbox 3027 4997 3167 5068; x_wconf 81' lang='grc' dir='ltr'>ἀνὴρ</span> <span class='ocrx_word' id='word_1_945' title='bbox 3205 4996 3358 5065; x_wconf 78' lang='grc' dir='ltr'>τεθῇ,</span> <span class='ocrx_word' id='word_1_946' title='bbox 3386 4998 3483 5050; x_wconf 78' lang='grc' dir='ltr'>καὶ</span> 
     </span>
    </p>
   </div>
   <div class='ocr_carea' id='block_1_116' title="bbox 1896 5078 3480 5154">
    <p class='ocr_par' dir='ltr' id='par_1_116' title="bbox 1896 5078 3480 5154">
     <span class='ocr_line' id='line_1_117' title="bbox 1896 5078 3480 5154; baseline -0.003 -20"><span class='ocrx_word' id='word_1_947' title='bbox 1896 5083 2034 5154; x_wconf 87' lang='grc' dir='ltr'>μήτε</span> <span class='ocrx_word' id='word_1_948' title='bbox 2075 5081 2372 5153; x_wconf 81' lang='grc' dir='ltr'>σκώληκες,</span> <span class='ocrx_word' id='word_1_949' title='bbox 2415 5084 2551 5153; x_wconf 87' lang='grc' dir='ltr'>μήτε</span> <span class='ocrx_word' id='word_1_950' title='bbox 2584 5081 2714 5136; x_wconf 81' lang='grc' dir='ltr'>ἄλλο</span> <span class='ocrx_word' id='word_1_951' title='bbox 2752 5099 2804 5134; x_wconf 92' lang='grc' dir='ltr'>τι</span> <span class='ocrx_word' id='word_1_952' title='bbox 2833 5080 3173 5150; x_wconf 82' lang='grc' dir='ltr'>διενοχλήσῃ,</span> <span class='ocrx_word' id='word_1_953' title='bbox 3207 5078 3323 5140; x_wconf 87' lang='grc' dir='ltr'>πῶς</span> <span class='ocrx_word' id='word_1_954' title='bbox 3351 5079 3480 5130; x_wconf 77' lang='grc' dir='ltr'>ἁνα-</span> 
     </span>
    </p>
   </div>
   <div class='ocr_carea' id='block_1_117' title="bbox 1903 5161 3478 5236">
    <p class='ocr_par' dir='ltr' id='par_1_117' title="bbox 1903 5161 3478 5236">
     <span class='ocr_line' id='line_1_118' title="bbox 1903 5161 3478 5236; baseline -0.003 -18"><span class='ocrx_word' id='word_1_955' title='bbox 1903 5166 2159 5236; x_wconf 88' lang='grc' dir='ltr'>στήσεται</span> <span class='ocrx_word' id='word_1_956' title='bbox 2179 5165 2239 5218; x_wconf 81' lang='grc' dir='ltr'>τὸ</span> <span class='ocrx_word' id='word_1_957' title='bbox 2261 5165 2510 5219; x_wconf 87' lang='grc' dir='ltr'>διαλυθέν</span> <span class='ocrx_word' id='word_1_958' title='bbox 2540 5182 2554 5231; x_wconf 87' lang='lat'><strong>;</strong></span> <span class='ocrx_word' id='word_1_959' title='bbox 2589 5165 2704 5227; x_wconf 89' lang='grc' dir='ltr'>πῶς</span> <span class='ocrx_word' id='word_1_960' title='bbox 2727 5166 2760 5234; x_wconf 83' lang='grc' dir='ltr'><strong>ἡ</strong></span> <span class='ocrx_word' id='word_1_961' title='bbox 2785 5164 2932 5226; x_wconf 87' lang='grc' dir='ltr'>κόνις</span> <span class='ocrx_word' id='word_1_962' title='bbox 2958 5164 3052 5216; x_wconf 75' lang='grc' dir='ltr'>καὶ</span> <span class='ocrx_word' id='word_1_963' title='bbox 3078 5164 3113 5231; x_wconf 80' lang='grc' dir='ltr'><strong>ἡ</strong></span> <span class='ocrx_word' id='word_1_964' title='bbox 3141 5161 3314 5232; x_wconf 73' lang='grc' dir='ltr'>τέφρα</span> <span class='ocrx_word' id='word_1_965' title='bbox 3348 5177 3478 5227; x_wconf 85' lang='grc' dir='ltr'>συγ-</span> 
     </span>
    </p>
   </div>
   <div class='ocr_carea' id='block_1_118' title="bbox 1901 5243 3475 5320">
    <p class='ocr_par' dir='ltr' id='par_1_118' title="bbox 1901 5243 3475 5320">
     <span class='ocr_line' id='line_1_119' title="bbox 1901 5243 3475 5320; baseline -0.004 -18"><span class='ocrx_word' id='word_1_966' title='bbox 1901 5249 2332 5320; x_wconf 84' lang='grc' dir='ltr'>κολληθήσεται,</span> <span class='ocrx_word' id='word_1_967' title='bbox 2382 5249 2543 5302; x_wconf 83' lang='grc' dir='ltr'>πόθεν</span> <span class='ocrx_word' id='word_1_968' title='bbox 2568 5249 2626 5302; x_wconf 81' lang='grc' dir='ltr'>τὸ</span> <span class='ocrx_word' id='word_1_969' title='bbox 2663 5249 2824 5310; x_wconf 80' lang='grc' dir='ltr'>ἄνθος</span> <span class='ocrx_word' id='word_1_970' title='bbox 2858 5247 3044 5300; x_wconf 77' lang='grc' dir='ltr'>λοιπὸν</span> <span class='ocrx_word' id='word_1_971' title='bbox 3075 5246 3226 5299; x_wconf 77' lang='grc' dir='ltr'>ἔσται</span> <span class='ocrx_word' id='word_1_972' title='bbox 3248 5245 3342 5299; x_wconf 85' lang='grc' dir='ltr'>τοῦ</span> <span class='ocrx_word' id='word_1_973' title='bbox 3369 5243 3475 5296; x_wconf 84' lang='grc' dir='ltr'>σώ-</span> 
     </span>
    </p>
   </div>
   <div class='ocr_carea' id='block_1_119' title="bbox 1905 5323 3475 5404">
    <p class='ocr_par' dir='ltr' id='par_1_119' title="bbox 1905 5323 3475 5404">
     <span class='ocr_line' id='line_1_120' title="bbox 1905 5323 3475 5404; baseline -0.004 -20"><span class='ocrx_word' id='word_1_974' title='bbox 1905 5350 2106 5400; x_wconf 86' lang='grc' dir='ltr'>ματος;</span> <span class='ocrx_word' id='word_1_975' title='bbox 2133 5332 2290 5385; x_wconf 90' lang='grc' dir='ltr'>τοῦτο</span> <span class='ocrx_word' id='word_1_976' title='bbox 2318 5333 2374 5386; x_wconf 80' lang='grc' dir='ltr'>δὲ</span> <span class='ocrx_word' id='word_1_977' title='bbox 2411 5333 2511 5386; x_wconf 82' lang='grc' dir='ltr'>οὐκ</span> <span class='ocrx_word' id='word_1_978' title='bbox 2544 5334 2748 5404; x_wconf 81' lang='grc' dir='ltr'>ἄπορον</span> <span class='ocrx_word' id='word_1_979' title='bbox 2775 5349 2789 5398; x_wconf 90' lang='grc'>;</span> <span class='ocrx_word' id='word_1_980' title='bbox 2830 5334 2927 5384; x_wconf 76' lang='grc' dir='ltr'>Ἂν</span> <span class='ocrx_word' id='word_1_981' title='bbox 2957 5328 3057 5400; x_wconf 86' lang='grc' dir='ltr'>μὲν</span> <span class='ocrx_word' id='word_1_982' title='bbox 3089 5323 3182 5381; x_wconf 83' lang='grc' dir='ltr'>οῦν</span> <span class='ocrx_word' id='word_1_983' title='bbox 3213 5328 3475 5394; x_wconf 83' lang='grc' dir='ltr'>Ἕλληνες</span> 
     </span>
    </p>
   </div>
   <div class='ocr_carea' id='block_1_120' title="bbox 1900 5406 3473 5484">
    <p class='ocr_par' dir='ltr' id='par_1_120' title="bbox 1900 5406 3473 5484">
     <span class='ocr_line' id='line_1_121' title="bbox 1900 5406 3473 5484; baseline -0.003 -20"><span class='ocrx_word' id='word_1_984' title='bbox 1900 5406 2034 5464; x_wconf 81' lang='grc' dir='ltr'>ὦσιν</span> <span class='ocrx_word' id='word_1_985' title='bbox 2080 5415 2127 5466; x_wconf 86' lang='grc' dir='ltr'>οί</span> <span class='ocrx_word' id='word_1_986' title='bbox 2173 5412 2348 5466; x_wconf 86' lang='grc' dir='ltr'>ταῦτα</span> <span class='ocrx_word' id='word_1_987' title='bbox 2400 5412 2801 5484; x_wconf 84' lang='grc' dir='ltr'>διαποροῦντες,</span> <span class='ocrx_word' id='word_1_988' title='bbox 2855 5411 2991 5482; x_wconf 75' lang='grc' dir='ltr'>πρὸς</span> <span class='ocrx_word' id='word_1_989' title='bbox 3056 5409 3253 5472; x_wconf 78' lang='grc' dir='ltr'>αὐτοὺς</span> <span class='ocrx_word' id='word_1_990' title='bbox 3303 5407 3473 5478; x_wconf 87' lang='grc' dir='ltr'>μυρία</span> 
     </span>
    </p>
   </div>
   <div class='ocr_carea' id='block_1_121' title="bbox 1900 5486 3471 5563">
    <p class='ocr_par' dir='ltr' id='par_1_121' title="bbox 1900 5486 3471 5563">
     <span class='ocr_line' id='line_1_122' title="bbox 1900 5486 3471 5563; baseline -0.002 -21"><span class='ocrx_word' id='word_1_991' title='bbox 1900 5490 2152 5563; x_wconf 80' lang='grc' dir='ltr'>ἐροῦμεν.</span> <span class='ocrx_word' id='word_1_992' title='bbox 2227 5491 2294 5544; x_wconf 86' lang='grc' dir='ltr'>Τί</span> <span class='ocrx_word' id='word_1_993' title='bbox 2354 5491 2584 5562; x_wconf 87' lang='grc' dir='ltr'>δήποτε;</span> <span class='ocrx_word' id='word_1_994' title='bbox 2658 5491 2766 5544; x_wconf 80' lang='grc' dir='ltr'>εἰσὶ</span> <span class='ocrx_word' id='word_1_995' title='bbox 2810 5489 2915 5562; x_wconf 82' lang='grc' dir='ltr'>γὰρ</span> <span class='ocrx_word' id='word_1_996' title='bbox 2979 5489 3108 5560; x_wconf 82' lang='grc' dir='ltr'>παρ’</span> <span class='ocrx_word' id='word_1_997' title='bbox 3173 5486 3355 5549; x_wconf 78' lang='grc' dir='ltr'>αὐτοῖς</span> <span class='ocrx_word' id='word_1_998' title='bbox 3421 5488 3471 5539; x_wconf 89' lang='grc' dir='ltr'>οἱ</span> 
     </span>
    </p>
   </div>
   <div class='ocr_carea' id='block_1_122' title="bbox 1899 5569 3470 5644">
    <p class='ocr_par' dir='ltr' id='par_1_122' title="bbox 1899 5569 3470 5644">
     <span class='ocr_line' id='line_1_123' title="bbox 1899 5569 3470 5644; baseline -0.003 -18"><span class='ocrx_word' id='word_1_999' title='bbox 1899 5574 2017 5638; x_wconf 58' lang='grc' dir='ltr'>τὰς’</span> <span class='ocrx_word' id='word_1_1000' title='bbox 2047 5573 2221 5644; x_wconf 80' lang='grc' dir='ltr'>ψυχὰς</span> <span class='ocrx_word' id='word_1_1001' title='bbox 2275 5575 2367 5629; x_wconf 64' lang='grc' dir='ltr'>καλ¹</span> <span class='ocrx_word' id='word_1_1002' title='bbox 2398 5576 2478 5638; x_wconf 84' lang='grc' dir='ltr'>είς</span> <span class='ocrx_word' id='word_1_1003' title='bbox 2512 5573 2654 5644; x_wconf 85' lang='grc' dir='ltr'>φυτὰ</span> <span class='ocrx_word' id='word_1_1004' title='bbox 2696 5574 2790 5627; x_wconf 73' lang='grc' dir='ltr'>καὶ</span> <span class='ocrx_word' id='word_1_1005' title='bbox 2849 5575 2928 5636; x_wconf 86' lang='grc' dir='ltr'>εἰς</span> <span class='ocrx_word' id='word_1_1006' title='bbox 2955 5571 3191 5643; x_wconf 88' lang='grc' dir='ltr'>θάμνους</span> <span class='ocrx_word' id='word_1_1007' title='bbox 3245 5569 3470 5638; x_wconf 79' lang='grc' dir='ltr'>ἄγοντες</span> 
     </span>
    </p>
   </div>
   <div class='ocr_carea' id='block_1_123' title="bbox 1901 5653 3466 5728">
    <p class='ocr_par' dir='ltr' id='par_1_123' title="bbox 1901 5653 3466 5728">
     <span class='ocr_line' id='line_1_124' title="bbox 1901 5653 3466 5728; baseline -0.003 -18"><span class='ocrx_word' id='word_1_1008' title='bbox 1901 5657 1995 5710; x_wconf 80' lang='grc' dir='ltr'>καὶ</span> <span class='ocrx_word' id='word_1_1009' title='bbox 2023 5659 2102 5720; x_wconf 84' lang='grc' dir='ltr'>είς</span> <span class='ocrx_word' id='word_1_1010' title='bbox 2124 5656 2288 5720; x_wconf 85' lang='grc' dir='ltr'>κύνας</span> <span class='ocrx_word' id='word_1_1011' title='bbox 2313 5673 2326 5687; x_wconf 76' lang='grc'><strong><em>⁸</em></strong></span> <span class='ocrx_word' id='word_1_1012' title='bbox 2367 5658 2490 5711; x_wconf 83' lang='grc' dir='ltr'>εἰπέ</span> <span class='ocrx_word' id='word_1_1013' title='bbox 2525 5675 2637 5728; x_wconf 88' lang='grc' dir='ltr'>μοι,</span> <span class='ocrx_word' id='word_1_1014' title='bbox 2684 5656 2737 5708; x_wconf 88' lang='grc' dir='ltr'>τί</span> <span class='ocrx_word' id='word_1_1015' title='bbox 2775 5655 3158 5726; x_wconf 76' lang='grc' dir='ltr'>εὐκολώτερον,</span> <span class='ocrx_word' id='word_1_1016' title='bbox 3185 5654 3244 5709; x_wconf 78' lang='grc' dir='ltr'>τὸ</span> <span class='ocrx_word' id='word_1_1017' title='bbox 3265 5653 3466 5707; x_wconf 74' lang='grc' dir='ltr'>οἰκεῖον</span> 
     </span>
    </p>
   </div>
   <div class='ocr_carea' id='block_1_124' title="bbox 1961 5873 2926 5947">
    <p class='ocr_par' dir='ltr' id='par_1_124' title="bbox 1961 5873 2926 5947">
     <span class='ocr_line' id='line_1_125' title="bbox 1961 5873 2926 5947; baseline -0.001 -22"><span class='ocrx_word' id='word_1_1018' title='bbox 1961 5873 1993 5907; x_wconf 76' lang='grc'>⁸</span> <span class='ocrx_word' id='word_1_1019' title='bbox 2029 5875 2177 5947; x_wconf 79' lang='lat' dir='ltr'><strong>Forte</strong></span> <span class='ocrx_word' id='word_1_1020' title='bbox 2199 5877 2470 5941; x_wconf 75' lang='lat' dir='ltr'>legendum</span> <span class='ocrx_word' id='word_1_1021' title='bbox 2495 5884 2578 5938; x_wconf 81' lang='grc' dir='ltr'>τῆς</span> <span class='ocrx_word' id='word_1_1022' title='bbox 2607 5878 2926 5932; x_wconf 73' lang='grc' dir='ltr'>ἀναστάσεως.</span> 
     </span>
    </p>
   </div>
  </div>
