3834 6510
141 404 232 459 837

140 533 203 570 un
216 518 390 569 denam
413 511 518 566 erit
542 509 639 564 llos
665 518 720 563 et
741 507 891 576 vigor
916 500 1200 571 corporis?
1228 499 1329 552 hoc
1364 505 1541 551 autem
1582 508 1688 548 non

137 617 216 663 est
241 599 645 672 inexplicabile?
672 598 728 653 Si
759 598 868 652 sint
905 594 1119 665 quidem
1148 591 1318 646 Graeci
1356 589 1445 658 qui
1492 586 1559 641 de
1610 584 1691 637 his

135 698 401 758 dubitant,
451 694 531 748 eis
578 691 819 746 dicemus
867 683 1296 741 innumerabilia.
1329 678 1466 749 Quid
1496 676 1691 733 enim?

131 801 247 848 sunt
265 789 397 843 enim
419 784 558 857 apud
586 785 730 852 ipsos
750 782 837 853 qui
863 780 1069 834 animas
1087 776 1153 831 ad
1177 775 1382 845 plantas
1396 772 1684 833 deducunt,

130 884 191 938 ad
220 881 425 936 frutices
452 887 506 932 et
548 890 713 932 canes
755 893 768 929 :
810 873 902 928 die
950 870 1097 935 mibi,
1153 867 1281 938 quid
1330 877 1414 920 est
1457 863 1686 927 facilius,

128 990 271 1030 suum
311 987 500 1041 corpus
544 969 808 1037 accipere,
841 980 909 1019 an
956 960 1225 1017 alienum?
1264 959 1365 1012 Alii
1396 971 1580 1011 rursus
1610 954 1690 1007 di-

127 1075 246 1122 cunt
283 1064 346 1117 ab
395 1062 516 1132 igne
544 1057 810 1119 consumi,
840 1055 1174 1122 vestiutnqne
1203 1061 1258 1105 et
1298 1048 1600 1104 calceorum
1635 1046 1687 1098 in

129 1161 379 1227 integrum
408 1153 522 1206 fieri
555 1149 969 1210 restitutionem,
998 1154 1052 1200 et
1096 1160 1200 1197 non
1231 1140 1521 1195 irridentur
1548 1155 1562 1191 :
1595 1136 1688 1190 alii

123 1249 370 1305 inducunt
396 1254 626 1298 atomos.
660 1241 766 1296 Sed
797 1239 1056 1294 adversus
1083 1236 1200 1290 illos
1232 1233 1371 1287 nulla
1416 1241 1499 1286 est
1530 1229 1686 1283 nobis

120 1341 395 1412 disputatio
420 1356 434 1392 :
459 1337 707 1392 fidelibus
734 1345 933 1397 autem,
959 1333 1001 1385 si
1028 1330 1208 1383 fideles
1235 1336 1357 1380 sunt
1383 1322 1683 1393 appellandi

116 1434 201 1504 qui
250 1434 588 1499 interrogent,
633 1427 872 1482 dicemus
901 1435 1076 1477 tamen
1110 1420 1236 1473 illud
1280 1415 1633 1488 apostolicum
1667 1429 1681 1466 :

116 1526 297 1579 Omnis
320 1523 420 1575 vita
448 1536 477 1574 a
505 1517 847 1587 corruptione
874 1525 927 1569 et
948 1511 1166 1567 interitu
1190 1508 1425 1564 nascitur
1454 1507 1531 1566 (1.
1560 1504 1682 1559 Cor.

114 1619 199 1673 15.
234 1616 340 1685 56),
385 1628 575 1668 omnes
602 1612 817 1682 plantzc,
868 1606 1047 1664 omnia
1099 1605 1323 1659 semina.
1374 1600 1490 1655 Non
1534 1597 1685 1651 vides

113 1720 360 1779 quantum
385 1718 631 1761 truncum
661 1703 851 1757 habeat
880 1699 1122 1759 ficulnea,
1142 1703 1271 1765 quot
1295 1693 1525 1762 stipites,
1554 1696 1684 1759 quot

112 1802 262 1867 folia,
290 1807 411 1870 quot
438 1811 639 1857 ramos,
667 1802 798 1863 quot
823 1789 1060 1854 frondes,
1088 1796 1217 1857 quot
1246 1783 1453 1839 radices
1479 1791 1678 1835 tantum

111 1894 269 1963 spatii
306 1896 625 1960 occupantes
673 1895 730 1941 et
775 1898 834 1939 se
886 1878 1258 1937 insinuantes?
1302 1876 1416 1946 Ipsa
1449 1891 1567 1944 quae
1597 1882 1681 1928 est

110 1996 257 2042 tanta
284 1997 333 2041 et
361 1986 479 2040 talis
519 1999 585 2040 ex
616 1983 706 2037 illo
739 1980 975 2035 nascitur
1004 1990 1192 2044 grano,
1224 1971 1364 2043 quod
1398 1970 1495 2024 fuit
1534 1967 1681 2037 deje-

105 2093 275 2144 etum,
307 2080 580 2148 ipsumque
623 2076 798 2146 primo
841 2079 1155 2140 corruptum
1189 2065 1393 2121 interiit
1431 2080 1445 2117 :
1492 2071 1546 2116 et
1578 2060 1679 2115 nisi

104 2173 266 2226 fuerit
294 2170 641 2239 putrefactum
691 2176 746 2222 et
791 2164 1133 2226 dissolutum,
1163 2175 1226 2215 ex
1265 2158 1346 2213 his
1389 2155 1520 2211 nihil
1554 2156 1675 2210 erit.

103 2263 197 2315 Die
235 2264 353 2315 inihi
384 2261 521 2315 unde
550 2259 652 2313 hoc
680 2258 777 2312 fit?
829 2256 943 2326 Ipsa
973 2268 1187 2325 quoque
1216 2252 1359 2317 vitis,
1389 2265 1507 2320 qua:
1534 2256 1589 2303 et
1610 2245 1678 2301 ad

100 2354 388 2408 videndum
419 2363 470 2409 et
510 2353 575 2406 ad
607 2351 885 2405 fruendum
915 2360 1020 2402 tam
1056 2356 1140 2402 est
1168 2344 1411 2416 pulchra,
1443 2342 1679 2396 nascilur

96 2460 163 2500 ex
193 2448 289 2500 illo
317 2457 417 2500 tam
448 2444 674 2499 deformi
695 2444 869 2498 acino.
895 2440 1031 2509 Quid
1061 2454 1208 2505 vero,
1232 2437 1547 2507 dic,quucso,
1577 2450 1677 2488 au-

96 2556 205 2595 non
248 2550 325 2597 est
361 2556 492 2611 aqua
546 2538 676 2593 illud
719 2553 878 2592 unum
927 2534 1069 2605 quod
1100 2532 1342 2588 defertur
1367 2545 1396 2583 a
1427 2525 1678 2598 superis?

92 2632 369 2701 quomodo
414 2640 590 2685 autem
634 2630 688 2684 in
718 2637 824 2683 tam
866 2626 1030 2681 multa
1061 2623 1336 2679 mutatur?
1384 2621 1498 2676 Hoc
1532 2619 1674 2675 enim

94 2734 180 2776 est
239 2722 598 2776 admirabilius
654 2719 1067 2775 resurrectione.
1122 2714 1254 2771 Nam
1305 2714 1412 2768 illic
1459 2710 1672 2782 quidem

92 2818 247 2872 idem
278 2817 563 2885 subjectum
585 2824 667 2869 est
699 2828 881 2869 semen
914 2820 968 2866 et
989 2809 1173 2866 eadem
1192 2808 1462 2877 planta,et
1482 2820 1672 2874 magna

89 2921 177 2964 est
212 2911 455 2980 cognatio
478 2926 493 2957 ε
524 2908 609 2963 hic
649 2916 849 2970 autem,
881 2905 968 2960 die
1014 2903 1175 2969 mihi,
1218 2898 1487 2970 quomodo
1516 2912 1674 2951 unam

91 3001 307 3054 habens
353 3000 657 3070 qualitatem
690 3008 742 3052 et
775 3012 931 3051 unam
980 3004 1245 3058 naturam,
1278 2992 1331 3045 in
1364 3001 1468 3043 tam
1513 2989 1676 3042 multa

88 3094 358 3147 vertitur?
390 3091 443 3145 In
493 3092 644 3145 vinea
678 3090 735 3143 fit
764 3090 966 3153 vinum,
1001 3102 1104 3141 non
1145 3084 1317 3139 solum
1346 3082 1550 3142 vinum,
1582 3078 1674 3133 sed

88 3196 154 3235 (ιι
186 3184 310 3237 folia
338 3193 387 3238 et
414 3197 607 3237 succus
633 3199 647 3235 :
676 3181 874 3236 etenim
914 3195 1018 3233 non
1051 3178 1224 3233 solum
1270 3176 1476 3234 botrus.
1499 3172 1592 3228 sed
1624 3180 1675 3225 et

89 3278 253 3347 quod
280 3277 529 3347 reliquum
572 3285 655 3331 est
696 3276 883 3340 vinem,
924 3273 975 3327 in
1009 3273 1120 3341 ipsa
1150 3269 1310 3325 alitur
1339 3285 1353 3323 :
1385 3280 1571 3322 rursus
1623 3265 1675 3319 in

86 3376 223 3427 olea
258 3373 446 3435 oleum,
479 3380 533 3426 et
562 3382 909 3441 quaecumque
955 3376 1079 3421 sunt
1122 3364 1244 3416 alia.
1292 3362 1356 3416 Et
1398 3358 1539 3430 quod
1592 3368 1676 3411 est

86 3466 368 3531 mirabile,
397 3464 481 3519 hic
509 3462 805 3526 lunnidnm,
839 3460 946 3513 illic
970 3459 1207 3520 siceum;
1236 3454 1321 3507 hic
1362 3452 1536 3513 dulce,
1568 3449 1678 3502 illic

85 3574 263 3623 acre;
310 3558 412 3612 illic
455 3557 705 3611 acerbum
752 3564 807 3609 et
852 3552 1208 3621 adstringens,
1259 3546 1382 3601 alibi
1414 3560 1675 3599 amarum.

84 3654 399 3724 Quomodo,
438 3654 546 3714 die,
581 3666 786 3721 quaeso,
834 3646 1065 3702 vertitur
1107 3646 1158 3698 in
1208 3652 1313 3697 tam
1364 3640 1566 3694 multa?
1593 3637 1680 3692 die

83 3750 364 3803 rationem
396 3745 524 3801 :sed
552 3761 657 3798 non
689 3742 910 3813 poteris.
942 3739 998 3794 In
1029 3739 1199 3806 teipso
1226 3745 1400 3789 autem
1415 3731 1681 3801 cid,qn:e-

85 3858 153 3895 so
184 3859 200 3905 ;
234 3851 317 3893 est
362 3840 500 3894 enim
544 3837 649 3892 hoc
692 3834 943 3908 propius;
980 3847 1173 3887 semen
1227 3827 1369 3899 quod
1412 3825 1678 3895 dejieitur,

82 3933 371 4005 quomodo
401 3933 450 3985 in
484 3931 688 3991 oculos,
716 3926 986 3999 quomodo
1017 3926 1067 3979 in
1098 3938 1279 3987 aures,
1303 3922 1354 3975 in
1389 3934 1597 3982 manus,
1628 3918 1677 3970 in

82 4044 213 4086 eor,
250 4025 515 4095 quomodo
546 4025 596 4077 in
630 4033 735 4076 tam
767 4021 935 4074 multa
964 4018 1315 4073 concinnatur
1345 4023 1401 4068 et
1425 4011 1680 4067 effortna-

80 4122 236 4175 tur?
272 4123 457 4172 Annon
507 4119 559 4171 in
611 4129 839 4185 corpore
884 4107 1302 4167 innumerabiles
1352 4116 1475 4161 sunt
1524 4101 1681 4157 diffe-

82 4215 313 4276 rentize,
366 4215 689 4283 figurarum,
732 4204 1177 4277 magnitudinum,
1227 4200 1562 4271 qualitatum,
1611 4196 1683 4249 si-

83 4317 277 4369 tuum,
301 4304 625 4366 facultatum,
656 4312 999 4353 numerorum
1025 4304 1078 4349 et
1100 4288 1532 4347 harmoniarum?
1553 4303 1686 4355 quo-

81 4395 269 4448 modo
300 4395 462 4456 nervi,
488 4408 656 4456 venae,
676 4405 884 4452 carnes,
907 4401 1052 4452 ossa,
1078 4383 1426 4446 membran:e,
1450 4381 1697 4459 arterite,

85 4489 340 4552 articuli,
370 4486 725 4555 eartilagines,
756 4492 811 4535 et
839 4492 1188 4550 quaecumque
1218 4485 1343 4530 sunt
1384 4473 1465 4526 his
1510 4472 1681 4541 plura,

82 4582 174 4633 de
202 4581 393 4649 quibus
436 4578 626 4632 medici
668 4585 853 4629 exacte
881 4581 937 4627 et
961 4581 1207 4626 accurate
1243 4568 1535 4628 disserunt,
1566 4580 1685 4635 qua:

84 4684 347 4725 nostram
385 4672 661 4723 continent
706 4676 973 4723 naturam.
998 4678 1168 4732 eaque
1196 4661 1264 4713 ab
1290 4676 1396 4712 uno
1444 4656 1687 4713 semine?

71 4768 131 4820 Α
149 4780 299 4817 nnnn
331 4763 429 4815 boe
456 4760 666 4814 videtur
693 4759 785 4813 tibi
812 4773 932 4811 esse
953 4755 1120 4809 multo
1144 4752 1448 4823 perplexius
1464 4760 1515 4805 et
1541 4751 1689 4803 inex-

68 4854 430 4927 plicabilius,
481 4849 750 4921 quomodo
794 4846 937 4918 quod
986 4856 1066 4901 est
1097 4844 1375 4899 humidum
1423 4852 1477 4896 et
1526 4840 1689 4896 molle

64 4949 409 5003 concrescit
438 4945 489 4998 in
518 4959 579 4999 os
604 4944 794 4998 durum
824 4949 880 4998 et
907 4938 1192 5009 frigidum?
1219 4935 1490 5007 quomodo
1516 4935 1567 4987 in
1594 4949 1686 4987 ca-

66 5038 271 5093 lidum
303 5046 359 5088 ct
390 5034 684 5097 luunidum,
721 5046 914 5099 nempe
940 5029 1250 5097 sanguinem
1285 5024 1526 5079 uuitutn?
1550 5041 1687 5094 quo-

64 5132 272 5186 :nmlo
292 5130 348 5182 in
377 5127 622 5198 frigidum
647 5136 699 5179 et
720 5124 900 5187 molle,
924 5136 1117 5188 nempe
1145 5120 1405 5175 nervum?
1425 5119 1691 5187 quomodo

68 5224 150 5275 in
179 5220 436 5289 frigidum
465 5227 517 5271 et
545 5215 837 5277 luunidum,
868 5228 1059 5280 nempe
1088 5210 1337 5265 arteriam
1361 5209 1384 5262 ?
1413 5207 1691 5275 Quomodo

54 5314 161 5368 de
195 5310 309 5373 his,
356 5324 560 5379 quzeso,
591 5323 695 5361 non
724 5304 970 5359 dubitas?
996 5304 1110 5358 Non
1156 5301 1306 5356 vides
1334 5300 1572 5370 quotidie
1610 5314 1693 5352 re-

53 5402 503 5461 surrectionem
532 5408 586 5454 et
627 5406 852 5451 mortem
880 5395 992 5449 ﬁeri
1040 5395 1089 5447 in
1121 5392 1391 5447 :etatibus?
1429 5406 1534 5461 quo
1564 5391 1695 5445 abiit

44 5494 408 5571 juventus?
455 5492 719 5546 undenam
766 5488 914 5544 venit
957 5485 1248 5542 senectus?
1298 5483 1567 5556 quomodo
1604 5484 1694 5553 qui

50 5586 418 5648 consenuit,
440 5584 672 5653 seipsum
698 5580 912 5652 quidem
943 5595 1046 5633 non
1079 5587 1256 5649 potest
1274 5578 1531 5647 juvenem
1554 5575 1697 5631 face—

54 5702 173 5748 re,
216 5682 493 5734 infantem
543 5684 720 5732 autem
769 5682 1014 5743 procreat
1057 5673 1285 5726 maxime
1324 5670 1599 5741 juvenem,
1644 5678 1697 5725 et

48 5775 242 5849 quod
275 5774 385 5827 sibi
412 5770 654 5843 praebere
682 5782 785 5820 nou
817 5773 1012 5835 potest,
1043 5765 1241 5834 praebet
1266 5762 1464 5817 alteri?

157 5867 221 5923 ὅ.
272 5864 397 5921 Hoc
434 5863 560 5917 licet
587 5857 766 5913 videre
796 5864 851 5912 et
881 5856 930 5909 in
960 5855 1261 5924 arboribus,
1289 5865 1341 5911 et
1370 5854 1424 5910 iu
1461 5852 1699 5909 animau-

424 5983 697 6044 PATnOL.
745 5980 862 6042 Gn.
910 5984 1102 6057 LXII.

927 389 994 447 IN
1034 387 1242 444 EPIST.
1281 384 1321 440 ι.
1365 384 1455 440 AD
1494 380 1823 437 THESSAL.
1862 381 2016 436 car.
2061 378 2147 435 tv.
2192 380 2421 437 uouit.
2467 362 2575 436 vit.

3282 383 3383 439 ιῖεό

1797 493 1959 548 tibus.
1987 493 2316 564 Quamquam
2347 495 2487 565 qttod
2518 494 2717 565 prtebet
2756 495 2930 563 alteri,
2960 492 3060 547 sibi
3103 493 3246 562 prius
3283 494 3380 546 de-

1800 585 1888 637 bet
1936 585 2247 653 prtebuisse.
2299 587 2403 641 Sed
2463 587 2561 641 hoc
2613 587 2844 655 postulat
2900 585 3128 640 humana
3182 587 3317 638 ratio
3360 598 3377 637 ;

1795 674 2008 746 quando
2032 687 2208 732 autem
2239 678 2376 731 Deus
2398 687 2479 732 est
2506 679 2702 748 opifex,
2734 678 2923 733 cedant
2952 678 3149 731 omnia.
3180 676 3235 729 Si
3265 681 3379 729 haec

1795 779 1919 825 sunt
1948 770 2082 825 adeo
2108 768 2511 839 inexplicabilia,
2539 779 2592 825 et
2619 786 2825 825 summe
2849 767 3257 838 inexplicabilia,
3283 780 3378 821 ve-

1796 862 1873 914 nit
1903 861 2030 916 mihi
2066 861 2117 915 in
2151 872 2381 917 mentem
2403 877 2588 916 eorum
2615 863 2703 931 qui
2736 862 3023 927 insaniunt,
3047 859 3188 916 etde
3209 859 3377 914 ineor-

1794 966 1954 1023 pnrea
2003 954 2120 1010 Filii
2170 956 2514 1025 generatione
2565 958 2776 1011 curiose
2824 958 3109 1026 inquirunt.
3156 957 3226 1010 Ea
3255 970 3375 1026 quze

1793 1044 2028 1111 quotidie
2061 1047 2211 1112 liuut,
2244 1055 2298 1101 et
2324 1047 2559 1116 subjecta
2593 1056 2717 1101 sunt
2746 1049 3011 1112 tnnnibus,
3051 1048 3212 1102 etiam
3251 1046 3373 1101 mil-

1793 1133 1890 1189 lies
1915 1137 2135 1206 qumsita
2165 1153 2321 1191 nemo
2341 1154 2590 1207 umquam
2615 1139 2780 1207 potuit
2812 1138 3068 1193 invenire.
3096 1138 3376 1207 Quomodo

1792 1241 1921 1298 ergo
1944 1228 2013 1285 de
2039 1231 2124 1285 illa
2157 1231 2403 1286 ineffabili
2429 1242 2483 1287 et
2509 1232 2863 1301 inexplicabili
2894 1234 3255 1301 generatione,
3273 1234 3380 1298 dic,

1791 1334 1993 1387 quteso,
2040 1323 2250 1378 curiose
2295 1324 2602 1393 inquirunt?
2643 1337 2818 1377 an-non
2867 1334 2949 1377 est
2978 1323 3182 1378 defessa
3223 1338 3377 1378 mens

1790 1428 1975 1468 eorum
2003 1417 2091 1486 qui
2124 1418 2246 1471 talia
2273 1418 2497 1472 scrutari
2544 1416 2781 1471 audent?
2819 1431 2994 1471 annon
3023 1425 3105 1469 est
3146 1416 3196 1469 in
3228 1416 3376 1471 mille

1788 1522 2045 1564 conversa
2074 1510 2404 1581 vertigines?
2440 1525 2616 1565 annon
2656 1510 2814 1581 plane
2857 1508 3022 1564 lueret
3062 1513 3117 1563 et
3157 1509 3376 1576 stupet?

1790 1600 1855 1653 Et
1886 1612 2064 1656 tamen
2095 1617 2161 1657 ne
2188 1603 2266 1657 sic
2292 1602 2505 1673 quidem
2537 1604 2883 1672 castigantur.
2911 1600 3043 1656 Cum
3074 1601 3141 1656 de
3174 1601 3289 1654 uvis
3320 1611 3376 1655 et

1788 1689 1993 1746 ficubus
2030 1707 2098 1747 ne
2126 1686 2329 1760 possint
2354 1694 2567 1755 quidem
2594 1694 2790 1759 dicere,
2819 1693 2887 1747 de
2922 1692 3032 1747 Deo
3057 1694 3265 1746 curiose
3290 1691 3375 1745 in-

1787 1785 2068 1852 vestigaut.
2096 1784 2352 1851 Nam,die
2367 1784 2797 1856 mihi,qnomodo
2818 1787 3002 1839 acinus
3032 1784 3119 1839 ille
3150 1783 3374 1839 resolvi-

1787 1885 1874 1930 tur
1903 1877 1954 1930 in
1984 1875 2108 1931 folia
2153 1884 2209 1931 et
2254 1876 2506 1947 stipites?
2535 1877 2804 1948 quomodo
2854 1877 2906 1931 in
2959 1892 3025 1932 eo
3064 1886 3219 1932 antea
3264 1891 3373 1931 non

1785 1978 1938 2025 erant
1963 1984 2062 2025 nec
2096 1970 2499 2025 cernebantur?
2538 1972 2607 2023 At
2634 1985 2738 2023 non
2769 1981 2871 2034 est,
2900 1968 3089 2039 inquit,
3120 1968 3222 2024 hoc
3261 1970 3376 2024 aci-

1788 2079 1908 2126 nus,
1940 2062 2033 2117 sed
2064 2072 2230 2118 totum
2250 2071 2333 2119 est
2354 2073 2529 2117 terr-.e.
2558 2061 2628 2116 Et
2653 2061 2922 2132 quomodo
2948 2061 3149 2130 absque
3174 2077 3238 2115 eo
3260 2061 3376 2130 ipsa

1784 2173 1851 2213 ex
1878 2174 1936 2213 se
1964 2157 2097 2212 nihil
2140 2157 2279 2212 fert?
2318 2155 2422 2213 Sed
2454 2172 2521 2210 ne
2547 2154 2908 2223 desipiamus;
2940 2168 3037 2208 nec
3079 2164 3234 2208 terra:
3276 2168 3374 2208 nec

1784 2252 1931 2320 grani
1961 2259 2043 2303 est
2067 2248 2211 2320 quod
2242 2247 2318 2313 fit,
2352 2247 2450 2303 sed
2480 2248 2595 2316 ejus
2622 2247 2712 2316 qui
2740 2254 2823 2301 est
2852 2244 3105 2300 Dominus
3134 2256 3184 2299 ct
3215 2254 3373 2300 terra:

1784 2351 1838 2396 et
1863 2341 2150 2396 seminum.
2184 2340 2471 2407 Propterea
2492 2346 2546 2393 et
2572 2338 2772 2407 absque
2797 2336 2879 2391 his
2906 2346 2962 2390 et
2988 2351 3109 2391 cum
3141 2351 3222 2390 ms
3248 2335 3373 2391 fecit

1785 2442 1843 2487 ttt
1872 2433 1985 2488 lucc
2025 2432 2390 2503 gignerentur,
2420 2431 2611 2500 partim
2650 2426 2866 2498 quidem
2904 2442 3054 2483 suam
3084 2427 3373 2482 ostendens

1785 2525 2097 2594 potentiam,
2141 2523 2354 2596 quando
2395 2521 2634 2584 dicebat,
2681 2520 2939 2575 Producat
2983 2528 3116 2573 terra
3167 2520 3372 2574 herbam

1785 2616 1905 2687 {mni
1939 2615 2090 2687 (Gen.
2120 2617 2174 2671 1.
2208 2615 2300 2681 ll)
2326 2631 2340 2679 ;
2373 2613 2565 2684 partim
2595 2622 2772 2667 autem
2811 2627 2933 2667 cum
2963 2626 3028 2666 eo
3054 2610 3192 2680 quod
3220 2627 3369 2666 suam

1784 2707 2017 2761 ostendit
2062 2706 2376 2777 potentiam,
2422 2720 2519 2759 nos
2566 2718 2777 2774 quoque
2822 2703 3074 2758 erudiens
3114 2710 3169 2757 ut
3204 2702 3372 2756 simus

1787 2798 2035 2854 laboriosi
2060 2806 2115 2853 et
2139 2796 2382 2852 lubenter
2407 2810 2711 2866 operemur.
2734 2794 2843 2849 Cur
2868 2802 3043 2849 autem
3074 2793 3187 2847 luce
3213 2808 3242 2846 a
3273 2809 3368 2847 uo-

1786 2892 1866 2945 bis
1894 2891 2033 2946 dieta
2062 2889 2225 2945 sunt?
2253 2888 2367 2944 Non
2400 2890 2495 2944 abs
2525 2903 2617 2951 re;
2654 2886 2749 2942 sed
2780 2896 2836 2940 ut
2864 2896 2916 2940 et
2960 2884 3240 2942 credamus
3279 2901 3370 2940 re-

1784 2983 2169 3036 surrectionem
2203 2999 2216 3036 :
2244 2988 2299 3036 et
2322 2979 2536 3050 quando
2571 2977 2770 3047 aliquid
2806 2976 3045 3031 volentes
3075 2976 3375 3037 rationibus

1781 3073 2261 3144 comprehendere,
2294 3074 2338 3127 si
2371 3088 2477 3126 non
2500 3071 2782 3140 possimus,
2819 3084 2922 3123 non
2944 3083 3084 3138 mgre
3109 3067 3368 3134 feramus,

1791 3189 1966 3244 neque
2004 3185 2447 3235 suecenseamus,
2499 3169 2594 3226 sed
2639 3168 3025 3239 cogitationem
3073 3164 3366 3235 prudenter

1790 3264 2115 3330 avertentes,
2168 3273 2222 3317 et
2274 3263 2654 3332 reprimentes,
2714 3261 2779 3315 ad
2832 3260 2936 3315 hoc
2962 3257 3364 3330 confugiamus,

1791 3357 1937 3428 quod
1970 3353 2104 3409 nihil
2152 3354 2223 3408 sit
2253 3352 2396 3423 quod
2431 3351 2574 3408 Deus
2599 3367 2705 3406 non
2746 3351 2920 3421 possit
2966 3358 3019 3404 et
3065 3366 3171 3403 non
3209 3348 3366 3404 facile

1791 3446 1978 3502 faciat.
2011 3445 2138 3500 llaec
2163 3460 2293 3515 ergo
2318 3459 2441 3499 cum
2467 3446 2728 3505 sciamus,
2762 3441 3117 3511 cogitationes
3148 3450 3366 3495 nostras

1794 3538 2151 3602 refrenemus,
2182 3550 2356 3606 neque
2382 3534 2647 3615 terminos
2674 3532 3221 3603 transgrediamur,et
3249 3548 3370 3588 mo—

1795 3635 1893 3688 dos
1920 3631 2245 3702 cognitionis
2268 3631 2424 3685 nobis
2447 3632 2619 3685 datos.
2651 3628 2784 3683 Nam
2811 3628 2868 3683 Si
2889 3629 3028 3699 quis,
3055 3616 3250 3696 inquit,
3268 3645 3370 3697 pu-

1798 3735 1875 3779 tat
1912 3724 2115 3777 sescire
2143 3721 2365 3792 aliquid,
2384 3722 2615 3775 nondum
2633 3720 2921 3791 quidquam
2954 3720 3092 3773 novit
3113 3718 3373 3788 quomodo

1798 3818 1928 3873 scire
1948 3825 2148 3885 oportet
2177 3816 2250 3886 (l.
2280 3813 2402 3868 (lor.
2430 3812 2485 3867 8.
2517 3814 2595 3883 2).
2628 3812 2743 3866 Non
2773 3812 2838 3867 de
2861 3810 2991 3876 Deo,
3012 3811 3207 3881 inquit,
3228 3811 3371 3875 dico,

1800 3909 1891 3965 sed
1919 3909 1985 3963 de
2013 3923 2070 3961 re
2096 3907 2353 3976 qualibet.
2394 3905 2533 3972 Quid
2560 3906 2704 3959 enim
2739 3904 2821 3959 vis
2858 3903 2925 3958 de
2964 3912 3106 3958 terra
3130 3902 3373 3957 discere?

1755 4034 1769 4043 ι
1800 4001 1931 4071 quid
1964 4001 2127 4060 nosti,
2156 3998 2243 4053 die
2267 3999 2439 4052 mihi?
2467 4008 2670 4066 quanta
2692 3996 2763 4051 sit
2789 3995 2907 4065 ejus
2925 4010 3201 4056 mensura.
3225 4009 3375 4065 qua:-

1801 4110 1922 4147 nam
1946 4089 2284 4160 magnitudo,
2310 4089 2488 4160 qualis
2513 4088 2671 4151 situs,
2697 4102 2945 4157 quaenam
2968 4087 3225 4153 essentia,
3242 4102 3377 4157 qua-

1797 4187 1865 4240 lis
1900 4185 2077 4245 locus,
2112 4182 2334 4235 ubinam
2363 4188 2469 4234 stet
2492 4190 2545 4233 et
2575 4179 2662 4233 cui
2696 4179 2997 4232 innitatur?
3022 4175 3166 4232 Nihil
3193 4194 3258 4231 ex
3290 4177 3378 4232 bis

1802 4276 2003 4345 poteris
2024 4273 2204 4328 dicere
2231 4286 2244 4323 :
2280 4272 2370 4326 sed
2399 4271 2542 4340 quod
2566 4270 2638 4324 sit
2671 4270 2886 4338 quidem
2924 4268 3135 4340 frigida,
3157 4270 3299 4324 sicea
3321 4282 3377 4327 et

1801 4369 1976 4438 nigra,
1996 4365 2110 4417 haec
2128 4362 2327 4446 pote-ris
2356 4362 2553 4424 dicere,
2577 4360 2802 4415 ulterius
2832 4368 3008 4413 autem
3033 4360 3184 4413 nihil.
3220 4362 3289 4415 At
3309 4363 3376 4417 de

1802 4460 1938 4514 mari
1963 4458 1985 4510 ?
2012 4456 2115 4511 Sed
2140 4455 2391 4510 similiter
2414 4453 2617 4508 incides
2640 4454 2691 4507 in
2716 4454 3145 4522 perplexitatem,
3169 4472 3233 4510 ex
3268 4473 3375 4525 qua

1804 4559 1855 4603 te
1909 4548 2056 4601 nulla
2088 4546 2298 4599 ratione
2328 4544 2529 4613 poteris
2590 4545 2879 4608 extricare,
2928 4556 2988 4598 ιιι
3033 4546 3125 4615 qui
3167 4549 3379 4603 nescias

1804 4641 2026 4694 ubinam
2060 4637 2304 4706 incipiat,
2348 4636 2439 4691 ubi
2470 4636 2701 4701 desinat,
2741 4636 2828 4690 cui
2866 4637 3113 4692 innixum
3148 4637 3375 4702 feratur.

1803 4730 1933 4800 quid
1953 4728 2179 4783 fundum
2204 4727 2324 4795 ejus
2344 4734 2544 4796 portet,
2568 4728 2818 4797 quisnam
2843 4729 2913 4783 sit
2933 4729 2981 4784 ei
3008 4730 3181 4795 locus,
3200 4745 3380 4786 utrum

1804 4834 1926 4896 post
1958 4825 2137 4895 ipsum
2170 4825 2241 4879 sit
2266 4835 2407 4878 terra
2434 4823 2739 4888 continens,
2765 4840 2833 4877 an
2869 4822 2921 4877 in
2946 4839 3144 4895 aquam
3168 4826 3382 4880 desinat
3434 4806 3446 4819 ’

1804 4924 1857 4971 et
1893 4932 2094 4972 aerem.
2127 4915 2232 4971 Sed
2262 4924 2316 4969 et
2336 4928 2402 4967 ex
2426 4913 2490 4968 iis
2515 4929 2634 4982 qua:
2665 4914 2716 4967 in
2754 4918 2873 4986 ipso
2901 4928 3030 4973 sunt
3059 4920 3189 4989 quid
3215 4916 3383 4971 nosti?

1805 5012 1909 5065 Sed
1931 5011 1998 5066 de
2029 5027 2155 5066 aere
2184 5011 2403 5066 dicam?
2442 5007 2535 5062 sed
2560 5008 2625 5062 de
2651 5010 2971 5064 elementis?
3006 5009 3203 5066 Verum
3246 5009 3381 5064 nihil

1805 5104 1973 5157 dices.
1998 5103 2124 5158 Hmc
2148 5102 2472 5171 relinquam.
2502 5100 2596 5157 Vis
2619 5117 2682 5156 ex
2713 5102 2909 5171 plantis
2936 5103 2985 5156 id
3019 5103 3260 5170 quodest
3280 5102 3350 5154 mi
3368 5128 3382 5141 -

1806 5195 2013 5248 nimum
2040 5194 2343 5264 eligamus?
2370 5194 2606 5248 Gramen
2634 5195 2763 5247 illud
2781 5194 3012 5249 fructum
3038 5210 3144 5248 non
3179 5192 3381 5256 ferens,

1808 5288 1952 5361 quod
1982 5288 2188 5343 scimus
2222 5302 2437 5351 omnes,
2462 5286 2549 5341 die
2586 5287 2860 5355 quomodo
2887 5283 3176 5340 nascatur?
3199 5299 3381 5338 annon

1806 5383 1926 5449 ejus
1953 5379 2257 5449 subjectum
2279 5391 2365 5434 est
2402 5394 2542 5447 aqua
2580 5389 2633 5432 et
2672 5386 2812 5431 terra
2840 5385 2894 5431 et
2922 5377 3116 5430 fimus?
3149 5375 3276 5445 quid
3300 5383 3383 5431 est

1805 5474 1949 5543 quod
1979 5471 2112 5525 facit
2138 5480 2196 5525 ut
2218 5480 2476 5541 appareat
2498 5479 2604 5524 tam
2627 5470 2931 5539 pulchrum,
2950 5478 3001 5521 et
3021 5468 3257 5521 colorem
3286 5467 3383 5521 ba-

1809 5568 1932 5621 beat
1961 5564 2362 5619 admirabilem?
2392 5564 2662 5618 undenam
2696 5563 2784 5616 illa
2810 5570 3110 5615 marcescat
3138 5561 3382 5631 pulchri-

1807 5658 1972 5713 tudo?
2001 5656 2118 5712 Non
2143 5666 2225 5712 est
2257 5672 2432 5727 aqum,
2487 5671 2594 5709 non
2635 5664 2790 5709 terrae
2832 5670 2992 5724 opus.
3038 5653 3196 5709 Vides
3233 5654 3376 5725 quod

1806 5752 2007 5819 ubique
2044 5749 2149 5803 fide
2187 5749 2254 5803 sit
2275 5748 2749 5817 opus?Quomodo
2779 5748 3215 5816 producitterra?
3247 5762 3384 5817 quo-

1808 5844 1968 5898 modo
1998 5842 2249 5914 parturit,
2282 5842 2390 5909 die,
2422 5843 2644 5913 quaeso?
2684 5840 2787 5895 Sed
2824 5841 2956 5894 nihil
3007 5841 3198 5896 horum
3228 5848 3378 5911 potes

2962 5958 3043 6021 28
