3964 6512
548 327 653 384 ιω

547 442 748 500 dicere.
781 446 1078 516 Erudiaris,
1119 465 1152 505 ο
1193 451 1372 523 homo,
1401 458 1453 514 in
1484 460 1549 515 iis
1576 478 1694 531 qua:
1721 474 1847 519 sunt
1876 465 2031 531 infra,
2062 450 2122 520 et.

548 535 600 589 in
632 537 698 591 iis
726 554 844 606 qua:
871 540 955 594 hic
984 552 1128 605 sunt,
1154 561 1249 600 nec
1273 550 1485 605 curiose
1510 557 1761 611 scruteris
1787 574 1885 613 nec
1909 560 2126 615 investi-

545 642 642 694 ges
676 630 862 683 cat-lum
896 649 908 684 :
938 641 1097 702 atque
1138 637 1339 693 utinam
1377 642 1590 709 caelum,
1634 656 1689 702 et
1731 665 1837 704 non
1866 653 1981 707 caeli
2016 654 2124 709 Do-

547 719 773 772 minum.
802 720 1022 776 Terram
1056 740 1162 777 non
1194 731 1354 795 nosti,
1397 731 1484 787 die
1512 735 1664 801 mihi,
1693 752 1759 793 ex
1798 756 1900 810 qna
1947 754 2122 809 natus,

547 807 600 861 in
630 823 731 878 qua
760 823 820 863 es
849 813 1099 881 nutritus,
1128 816 1178 870 in
1205 833 1307 887 qua
1340 820 1566 890 habitas,
1598 842 1756 897 quam
1785 807 1981 899 calcas,
2005 807 2123 890 sine

544 914 646 967 qua
678 916 746 956 ne
776 903 1042 972 respirare
1070 909 1284 976 quidem
1316 923 1505 983 potes;
1552 928 1606 973 et
1644 919 1711 975 de
1751 921 1816 977 iis
1853 941 1973 995 qua:
1999 939 2125 985 sunt

541 994 678 1049 adeo
700 1007 904 1053 remota
935 1014 995 1055 es
1022 1004 1311 1061 curiosus?
1353 1009 1563 1067 Revera
1594 1015 1755 1072 ltomo
1783 1029 1866 1073 est
1892 1023 2118 1078 vanitas.
2187 1018 2192 1031 ’

542 1083 613 1138 Ει
651 1086 697 1140 si
738 1090 857 1157 quis
879 1090 1067 1159 jubeat
1093 1104 1145 1149 te
1168 1097 1493 1157 descendere
1536 1105 1587 1160 in
1616 1109 1932 1176 profundum
1962 1126 2015 1169 et
2042 1116 2125 1170 in-

544 1177 811 1248 vestigare
831 1196 948 1250 qua:
968 1193 1094 1239 sunt
1115 1187 1164 1240 in
1191 1188 1351 1245 fundo
1370 1194 1555 1263 maris,
1573 1196 1780 1265 jussum
1808 1218 1913 1256 non
1942 1204 2081 1261 feres
2105 1225 2119 1262 :

544 1271 761 1326 nemine
818 1284 997 1328 autem
1045 1288 1311 1349 cogente,
1369 1285 1483 1355 ipse
1533 1289 1614 1342 vis
1664 1295 2123 1363 comprehendere

540 1357 794 1429 abyssum
858 1378 977 1434 qua:
1039 1370 1222 1437 nequit
1278 1375 1619 1447 investigari?
1670 1381 1747 1437 Ne
1790 1357 1902 1441 hoc
1951 1387 2116 1446 facias

540 1646 660 1685 mur
689 1650 702 1687 :
733 1635 828 1689 sed
853 1637 1049 1693 divinis
1083 1651 1291 1700 utentes
1315 1646 1625 1720 Scripturis,
1650 1663 1918 1730 tamquam
1940 1664 2121 1735 aliquo

540 1723 775 1793 uatigio,
822 1730 1114 1797 paudamus
1160 1737 1276 1791 vela
1316 1738 1458 1795 lidei.
1504 1743 1559 1798 Si
1591 1746 1642 1799 in
1675 1747 1757 1804 his
1782 1755 2114 1826 navigemus,

1276 341 1333 397 S.
1374 342 1649 403 JOANNIS
1684 346 2153 409 CHRYSOSTOMI
2190 352 2503 418 ARCHIEP.
2541 361 3074 429 CONSTANTINOP.
3641 384 3722 442 ilo

2229 475 2553 541 gubernator
2598 481 2753 537 nobis
2800 485 2972 541 aderit
3017 505 3192 546 sermo
3236 493 3329 550 Dei
3365 502 3481 557 ;sin
3511 516 3657 564 autem
3689 532 3728 570 to

2230 563 2475 623 humanis
2519 581 2759 628 notemus
2795 578 3132 650 rationibus,
3182 602 3519 660 nequaquam.
3557 601 3727 661 Cuinam

2230 660 2372 713 enim
2404 676 2468 715 ex
2503 663 2565 717 iis
2589 666 2677 734 qui
2702 668 2781 723 sic
2810 680 2995 726 natant
3017 676 3193 731 adstat
3216 681 3561 747 gubernator?
3583 692 3731 759 Quam-

2228 752 2412 807 obrem
2442 756 2639 823 duplici
2678 759 2747 815 de
2787 776 2944 818 causa
2973 776 3056 821 est
3081 770 3390 839 periculum,
3427 787 3479 831 et
3514 752 3632 849 quod
3652 804 3727 842 nun

2227 843 2297 897 sit
2328 845 2614 915 navigium,
2661 862 2717 906 et
2752 854 2893 922 quod
2938 856 3079 912 absit
3113 859 3455 928 gubernator.
3493 843 3605 923 Nam
3637 876 3725 933 siin

2229 936 2468 1003 periculo
2492 948 2574 993 est
2598 943 2793 1012 scapha
2820 947 3021 1015 absque
3050 950 3425 1019 gubernatore.
3460 964 3641 1029 quando
3660 970 3728 1019 ali-

2227 1036 2306 1079 est
2351 1037 2652 1100 utrumque,
2685 1049 2930 1103 quasnam
2958 1050 3041 1093 est
3066 1056 3191 1111 spes
3228 1047 3455 1100 Salutis?
3490 1050 3641 1119 Neque
3663 1072 3731 1110 uos

2227 1116 2279 1169 iu
2308 1119 2646 1177 manifestum
2678 1126 3026 1194 conjiciannts
3052 1132 3364 1201 periculum,
3388 1138 3477 1192 sed
3507 1149 3602 1195 tuto
3629 1143 3733 1200 ince-

2226 1208 2434 1277 damns,
2461 1228 2488 1264 a
2514 1228 2668 1269 sacra
2694 1232 2792 1271 nos
2818 1221 3203 1288 suspendentes
3243 1226 3493 1283 anchora.
3528 1230 3601 1287 Sic
3628 1238 3731 1291 enim

2226 1302 2277 1355 in
2310 1307 2647 1374 tranquillum
2677 1319 2887 1378 portum
2917 1315 3279 1385 navigahimns
3302 1334 3422 1373 cum
3447 1323 3605 1379 multis
3631 1342 3733 1381 mer-

2225 1400 2374 1454 cibus
2400 1409 2455 1455 et
2481 1417 2667 1471 magna
2699 1405 2983 1460 securitate
3009 1424 3023 1472 ;
3073 1417 3126 1462 et
3153 1424 3498 1481 assequemur
3528 1416 3642 1470 bona
3674 1436 3735 1473 re-

2226 1490 2395 1558 posita
2427 1490 2492 1543 iis
2517 1493 2603 1561 qui
2634 1494 2803 1562 ipsum
2825 1494 3067 1565 diligunt,
3099 1500 3145 1551 in
3177 1498 3396 1556 Christo
3422 1502 3539 1559 .lesu
3562 1506 3734 1564 Dontino

2225 1588 2431 1647 nostro,
2470 1596 2591 1636 cum
2637 1596 2747 1648 quo
2787 1584 2929 1639 Patri
2972 1588 3129 1642 simul
3178 1604 3301 1644 cum
3352 1606 3528 1649 sancto
3566 1598 3732 1666 Spiritu,

2222 1670 2411 1738 gloria,
2449 1681 2556 1728 etc.

1885 1959 2230 2026 HOMILIA
2282 1968 2450 2029 VIII.

538 2080 665 2135 (In.
703 2083 757 2138 4.
798 2099 850 2139 v.
895 2086 982 2141 14.
1029 2086 1143 2142 Hoc
1169 2092 1301 2145 enint
1338 2095 1472 2149 vobis
1500 2098 1711 2155 dicimus
1744 2103 1802 2156 in
1826 2107 1974 2161 verbo
2002 2108 2111 2164 Do-

608 2175 754 2235 mini,
779 2176 913 2243 quod
939 2194 1030 2232 nos
1056 2182 1142 2250 qui
1167 2183 1377 2237 vivimus
1397 2228 1413 2252 ,
1461 2190 1549 2257 qui
1599 2194 1792 2248 residui
1843 2215 2018 2253 sumus
2061 2202 2116 2255 in

607 2266 871 2322 adventum
894 2268 1115 2340 Domini,
1144 2291 1244 2329 non
1276 2283 1638 2348 prteveniemus
1666 2302 1751 2341 eos
1779 2291 1865 2357 qui
1892 2292 2116 2345 dormie-

606 2369 744 2413 runt.
774 2362 862 2416 15.
897 2362 1149 2429 Quoniam
1174 2369 1283 2438 ipse
1321 2370 1569 2428 Dominus
1597 2377 1649 2429 in
1669 2379 1822 2450 jussu
1853 2391 1899 2435 et
1925 2383 1976 2435 in
1998 2400 2117 2439 voce

607 2453 923 2524 archangeli,
956 2465 1003 2509 et
1030 2458 1082 2511 in
1115 2460 1232 2513 tuba
1257 2461 1350 2516 Dei
1377 2465 1647 2522 descendet
1673 2474 1736 2525 de
1759 2474 1885 2527 ccelo
1908 2495 1926 2530 :
1963 2487 2010 2530 et
2031 2480 2116 2548 qui

608 2545 793 2597 mortui
817 2545 869 2598 in
899 2546 1096 2601 Christo
1116 2559 1271 2617 sunt,
1318 2568 1579 2626 resurgent
1604 2560 1774 2628 primi.
1806 2564 1892 2617 16.
1922 2545 2120 2623 Deinde

610 2650 701 2687 nos
738 2635 825 2703 qui
856 2638 1101 2705 vivimus,
1149 2644 1235 2712 qui
1276 2646 1625 2717 relinquimur,
1670 2654 1819 2708 simul
1863 2660 2121 2727 rapiemur

609 2741 722 2778 cum
750 2726 855 2780 illis
881 2729 934 2781 in
961 2732 1171 2785 nubibus
1200 2734 1393 2789 obviam
1426 2737 1643 2795 Domino
1673 2744 1725 2797 in
1761 2762 1879 2799 aera
1898 2790 1913 2815 ,
1959 2760 2005 2802 et
2046 2753 2119 2806 sic

608 2831 804 2883 semper
832 2834 946 2872 cum
977 2819 1191 2877 Domino
1218 2826 1423 2881 erimus.

610 2907 662 2959 1.
705 2906 983 2979 Propheta:
1027 2913 1239 2981 quidem
1267 2956 1281 2980 ,
1344 2919 1585 2976 volentes
1632 2926 1915 2982 ostendere
1959 2946 2116 3001 quam

538 2996 648 3051 sint
684 2998 788 3053 lide
838 3000 993 3071 digna
1033 3019 1153 3072 qua:
1193 3006 1465 3073 dicuntur,
1496 3023 1622 3067 ante
1665 3017 1768 3071 alia
1796 2996 1991 3075 omnia—
2017 3023 2117 3079 hoc

538 3086 724 3142 dicunt
754 3106 769 3142 ε
807 3088 946 3145 Visio
990 3109 1141 3163 quam
1188 3097 1312 3152 vidit
1343 3098 1510 3155 Isaias
1546 3102 1694 3173 (lsai.
1720 3108 1889 3180 1.1);
1918 3121 1973 3166 et
1996 3128 2116 3169 rur-

538 3194 654 3245 sus,
692 3180 908 3237 Verbum
950 3185 1157 3242 Domini
1195 3192 1332 3257 quod
1377 3197 1571 3264 factum
1620 3209 1692 3252 est
1739 3201 1807 3253 ad
1845 3200 2117 3261 Jeremiam

539 3273 749 3344 (Jerem.
786 3278 837 3331 1.
862 3277 921 3350 2)
947 3298 961 3344 ;
1008 3291 1062 3335 et
1089 3298 1297 3350 rursus,
1347 3284 1471 3339 ch
1512 3289 1634 3343 dicit
1662 3290 1934 3361 Dominus,
1964 3308 2016 3351 et
2045 3300 2118 3353 si-

537 3367 706 3422 milia.
754 3369 898 3425 Multi
940 3374 1100 3429 etiam
1132 3376 1303 3446 ipsum
1330 3379 1579 3436 videbant
1604 3384 1881 3443 sedentem
1912 3389 2075 3446 Deum
2097 3433 2113 3457 ,

536 3460 713 3529 quoad
735 3462 850 3531 ejus
878 3464 991 3519 lieri
1020 3476 1231 3537 poterat
1257 3478 1313 3524 ut
1334 3472 1595 3529 viderent.
1621 3476 1815 3535 Paulus
1847 3497 1972 3538 vero
1993 3500 2113 3539 cum

538 3565 643 3605 non
674 3552 879 3622 videret
914 3556 1214 3625 sedentem,
1265 3562 1358 3616 sed
1402 3563 1452 3618 itt
1484 3568 1664 3636 seipse
1705 3569 1929 3628 haberet
1950 3574 2110 3630 Chri-

535 3653 677 3698 stum
722 3645 1052 3717 loquentem,
1104 3652 1219 3707 vice
1266 3654 1428 3717 illius.
1472 3657 1599 3713 Hac
1646 3664 1771 3717 dicit
1828 3663 2110 3733 Dominus,

534 3735 746 3792 dicebat
778 3755 791 3791 :
821 3739 901 3794 An
939 3744 1333 3813 experimentum
1376 3752 1601 3817 qttteritis
1642 3754 1751 3823 ejus
1768 3758 1864 3826 qui
1890 3759 1943 3812 in
1971 3760 2114 3814 nobis

536 3828 758 3898 loquitur
800 3831 985 3887 Christi
1025 3836 1099 3905 (Ξ.
1130 3834 1253 3892 Cor.
1292 3840 1378 3895 15.
1412 3842 1509 3912 3)?
1553 3852 1609 3899 et
1654 3862 1868 3915 rursus,
1919 3850 2114 3909 Paulus

532 3921 795 3986 apostolus
836 3919 963 3976 Iesu
1011 3925 1231 3993 Christi,
1279 3933 1568 3989 ostendens
1596 3936 1729 3992 nihil
1757 3954 1879 3995 esse
1908 3958 2062 3998 suum
2094 3964 2108 4000 :

533 4013 808 4079 apostolus
837 4016 979 4069 enim
1006 4031 1067 4071 ea
1101 4019 1339 4088 loquitur
1362 4038 1479 4093 quae
1510 4037 1634 4082 sunt
1672 4029 1791 4098 ejus
1823 4034 1911 4101 qui
1945 4037 2108 4091 misit.

534 4100 601 4156 Et
638 4118 846 4170 rursus,
883 4105 1015 4161 Puto
1043 4118 1212 4164 autem
1241 4120 1378 4181 quod
1406 4124 1452 4168 et
1492 4134 1583 4188 ego
1610 4100 1863 4190 Spiritum
1885 4122 1983 4180 Dei
2012 4128 2110 4182 Ita-

531 4192 675 4247 beam
722 4194 801 4266 (1.
830 4195 948 4251 Cor.
977 4199 1034 4253 7.
1070 4199 1183 4270 40).
1224 4203 1400 4274 Atque
1432 4207 1517 4262 illa
1547 4210 1761 4280 quidem
1799 4216 1986 4285 spiritu
2025 4220 2109 4275 lo-

532 4288 795 4356 quebatur
815 4292 1026 4359 omnia;
1057 4292 1161 4350 hoc
1189 4306 1366 4353 autem
1396 4300 1535 4370 quod
1558 4318 1699 4359 nunc
1718 4305 1867 4372 dicit,
1891 4309 2109 4369 disertis

530 4379 712 4435 verbis
749 4396 779 4435 a
810 4380 920 4438 Deo
940 4384 1183 4444 audivit:
1213 4389 1350 4445 sicut
1375 4394 1536 4447 etiam
1566 4395 1696 4451 illud
1724 4400 1867 4469 quod
1894 4402 2107 4463 dicebat

531 4471 805 4530 disserens
845 4490 964 4531 cum
1011 4478 1315 4536 senioribus
1354 4481 1731 4555 Ephesiorum,
1774 4489 1983 4549 Beatius
2034 4507 2108 4552 est

530 4562 655 4615 dare
674 4604 690 4629 ,
736 4580 884 4634 quam
912 4568 1141 4636 accipere
1167 4570 1302 4638 (Act.
1332 4572 1422 4630 20.
1453 4576 1545 4646 55)
1563 4618 1579 4641 ,
1607 4591 1815 4637 secreto
1841 4585 2102 4643 audierat.

533 4650 819 4709 Videamus
843 4656 1021 4727 itaque
1047 4659 1174 4729 qttid
1206 4677 1348 4717 nunc
1373 4680 1585 4737 quoque
1610 4668 1772 4727 dicat.
1820 4673 1934 4729 Hoc
1972 4680 2106 4733 enim

530 4742 666 4797 vobis
692 4745 908 4800 dicimus
936 4748 989 4801 in
1013 4750 1158 4804 verba
1185 4749 1413 4821 Domini,
1458 4758 1595 4827 quod
1633 4777 1722 4816 nos
1755 4765 1844 4832 qui
1870 4767 2101 4839 vivimus,

529 4837 618 4903 qui
640 4838 827 4890 residui
853 4854 1026 4894 sumus
1051 4842 1103 4895 in
1130 4843 1401 4900 adventum
1431 4848 1672 4919 Domini,
1701 4871 1801 4908 non
1826 4861 2099 4926 praevenie-

528 4946 640 4984 nms
689 4947 773 4984 eos
816 4933 903 5001 qui
949 4934 1280 4991 dormierunt.
1331 4940 1586 5008 Quoniam
1621 4948 1730 5017 ipse
1766 4950 2011 5007 Dominus
2048 4955 2103 5010 in

519 5020 733 5089 jussuet
746 5017 1248 5096 invocearchangeli,
1262 5038 1311 5083 et
1321 5030 1374 5085 in
1394 5034 1513 5087 tuba
1534 5035 1716 5092 ultima
1740 5040 2002 5097 descendet
2040 5047 2103 5100 de

526 5113 671 5166 .‘tBlO.
703 5111 856 5180 Quod
883 5116 1043 5171 etiam
1073 5118 1322 5176 Christus
1348 5132 1479 5180 tunc
1505 5126 1658 5195 dixit,
1701 5130 1922 5189 Virtutes
1950 5137 2100 5191 ecclo—

521 5223 637 5260 rum
680 5207 1006 5262 movebuntur
1049 5210 1271 5277 (Matth.
1299 5214 1551 5291 2439).
1598 5221 1775 5290 Quare
1819 5236 1993 5282 autem
2045 5230 2097 5284 in

526 5299 689 5354 tuba?
735 5301 943 5357 Etenim
987 5305 1038 5358 in
1077 5318 1257 5364 monte
1281 5306 1426 5365 Sittai
1456 5312 1557 5369 hoc
1588 5315 1863 5386 videmus,
1908 5330 1962 5375 et
1992 5323 2098 5378 illic
2143 5312 2154 5324 ’

525 5407 739 5460 quoque
782 5396 1018 5465 angelos.
1067 5397 1201 5466 Quid
1243 5412 1420 5457 autem
1463 5405 1563 5459 sibi
1594 5408 1706 5462 vult
1745 5425 1843 5464 vox
1869 5412 2098 5467 archan-

522 5483 668 5551 geli?
715 5485 864 5541 Sicut
908 5487 1117 5544 dicebat
1141 5491 1208 5547 de
1232 5493 1525 5565 virginibus
1555 5515 1569 5551 :
1599 5499 1900 5572 Exsurgite,
1950 5507 2098 5561 venit

521 5589 750 5641 sponsus
773 5576 984 5646 (Matth.
1012 5580 1105 5636 ‘25.
1132 5582 1207 5653 6).
1236 5586 1342 5640 Aut
1372 5585 1471 5642 hoe
1497 5588 1643 5657 dicit,
1678 5601 1770 5646 aut
1792 5594 1931 5663 quod
1957 5597 2095 5652 sicut

524 5663 581 5718 lit
610 5682 732 5736 erga
762 5684 941 5739 regem
977 5689 989 5723 :
1019 5672 1089 5726 ita
1128 5675 1288 5730 etiam
1336 5685 1461 5733 tunc
1507 5681 1629 5746 erit,
1680 5685 1885 5753 angelis
1930 5686 2090 5743 mini-

521 5754 898 5816 strantibusad
925 5766 1390 5824 resurrectionem.
1425 5769 1560 5826 Dicit
1590 5773 1754 5843 enim,
1788 5775 2088 5849 Resurgant

2224 2115 2416 2168 mortui
2442 2132 2457 2178 ;
2489 2125 2544 2170 et
2563 2117 2622 2171 ﬁt
2647 2133 2805 2188 opus,
2844 2136 2949 2175 non
2976 2123 3179 2193 angelis
3205 2125 3273 2180 ad
3304 2125 3406 2182 hoc
3430 2130 3529 2184 vim
3553 2131 3736 2187 habenti-

2227 2204 2344 2269 bus,
2389 2205 2482 2259 sed
2521 2208 2685 2261 verbo
2734 2210 2851 2279 ejus
2887 2228 2899 2264 :
2931 2226 2995 2265 ae
3032 2214 3076 2267 si
3118 2230 3211 2269 rex
3238 2216 3459 2285 jusserit
3486 2229 3533 2273 et
3553 2221 3732 2279 dixerit:

2224 2293 2429 2348 Est-ant
2458 2297 2547 2366 qui
2576 2308 2699 2352 sunt
2726 2301 2963 2356 conclusi
2984 2344 2999 2368 ,
3048 2313 3103 2358 et
3132 2306 3367 2362 ministri
3407 2309 3628 2375 educant,
3662 2330 3732 2368 non

2226 2385 2409 2455 utique
2457 2387 2559 2443 hoc
2597 2391 2707 2458 jam
2747 2393 2946 2448 faciunt
2992 2411 3060 2451 ex
3104 2415 3198 2452 sua
3241 2402 3473 2465 virtute,
3501 2406 3583 2459 sed
3606 2422 3656 2460 ex
3676 2409 3734 2460 illa

2224 2494 2377 2535 voce.
2407 2481 2521 2537 Hoc
2549 2484 2673 2540 alibi
2711 2502 2924 2558 quoque
2945 2490 3077 2546 dicit
3104 2492 3354 2551 Christus
3379 2514 3393 2551 :
3419 2498 3570 2553 Mittet
3586 2506 3734 2572 angelos

2221 2588 2341 2628 suos
2376 2591 2491 2627 cum
2520 2579 2640 2631 tuba
2669 2596 2885 2651 magna,
2932 2593 2979 2636 et
3017 2590 3396 2657 congregabunt
3433 2594 3594 2646 eiectos
3622 2596 3736 2663 ipsius

2220 2680 2253 2715 α
2294 2675 2509 2733 quatuor
2554 2670 2732 2733 ventis,
2779 2670 2843 2725 ab
2889 2678 3121 2730 extremis
3159 2679 3410 2734 caelorum
3452 2681 3633 2751 (Matth.
3670 2686 3732 2739 ει.

2220 2757 2312 2827 31)
2358 2776 2371 2811 :
2400 2766 2452 2813 et
2483 2759 2678 2830 ubique
2706 2763 2858 2819 vides
2884 2765 3250 2824 discurrentes
3279 2775 3515 2843 angelos.
3546 2777 3731 2831 Art-lun-

2219 2849 2397 2916 gelum
2426 2865 2554 2920 ergo
2581 2854 2812 2909 arbitror
2836 2872 2957 2913 esse
2978 2874 3099 2914 cum
3129 2864 3217 2931 qui
3246 2875 3463 2933 prmest,
3490 2877 3540 2921 et
3560 2867 3643 2924 hoc
3660 2870 3735 2922 cla—

2222 2950 2331 2994 mat
2362 2942 2426 2995 iis
2452 2944 2541 3013 qui
2570 2945 2717 2999 missi
2745 2957 2871 3001 sunt
2901 2968 2913 3002 :
2947 2946 3129 3006 Facite
3151 2963 3210 3006 ut
3253 2955 3363 3009 sint
3390 2972 3565 3011 omnes
3585 2961 3730 3027 parati:

2220 3031 2371 3085 adest
2415 3034 2557 3088 enim
2601 3035 2792 3092 Judex.
2839 3038 2977 3105 Quid
3026 3052 3141 3106 est,
3185 3043 3253 3098 In
3286 3047 3466 3100 ultima
3494 3050 3635 3102 tuba?
3668 3050 3733 3103 llic

2219 3124 2455 3178 ostendit
2482 3128 2676 3182 multas
2702 3144 2822 3185 esse
2852 3132 3008 3187 tubas
3029 3175 3044 3199 ,
3075 3144 3128 3189 et
3173 3137 3225 3190 in
3259 3138 3444 3193 ultima
3477 3142 3733 3196 descendere

2218 3215 2481 3274 Iudicem.
2516 3220 2580 3273 Et
2613 3225 2800 3277 mortui
2824 3227 2912 3294 qui
2936 3227 2988 3280 in
3010 3228 3208 3283 Christo
3232 3243 3357 3285 sunt
3376 3246 3642 3305 ,‘resurgcnt
3661 3236 3731 3303 pri-

2219 3309 2308 3361 mi.
2358 3309 2555 3364 Deinde
2597 3331 2689 3367 nos
2725 3316 2812 3385 qui
2855 3318 3100 3384 vivimus,
3139 3322 3224 3390 qui
3261 3325 3597 3393 relinquimur,
3622 3325 3730 3379 simul

2219 3401 2478 3471 rapientur
2504 3420 2618 3457 cum
2647 3406 2751 3460 illis
2779 3409 2829 3461 in
2854 3410 3068 3466 nubibus
3088 3415 3286 3468 obviam
3318 3416 3532 3473 Domino
3564 3420 3608 3471 in
3630 3434 3728 3483 ma,

2218 3502 2265 3545 et
2290 3494 2364 3563 sic
2389 3511 2586 3565 semper
2610 3515 2723 3552 cum
2753 3498 2973 3557 Domino
3016 3507 3222 3562 erinms.
3272 3511 3364 3565 17.
3399 3511 3569 3583 Itaque
3602 3530 3731 3566 conso-

2219 3585 2396 3640 lamini
2424 3588 2635 3643 invicem
2663 3592 2716 3646 in
2744 3595 2904 3648 verbis
2930 3595 3059 3650 istis.
3091 3599 3145 3653 Si
3173 3609 3260 3654 est
3293 3601 3644 3670 descensurus,
3666 3619 3731 3658 cur

2217 3680 2521 3748 rapiemur?
2561 3682 2792 3740 Honoris
2834 3702 3016 3742 causa.
3062 3690 3207 3762 Rege
3234 3696 3380 3749 enim
3417 3697 3650 3752 civitatem
3672 3697 3728 3750 in.

2214 3771 2508 3838 grediente,
2554 3775 2643 3845 qui
2674 3787 2798 3831 sunt
2828 3779 2880 3833 in
2914 3778 3136 3850 honore,
3174 3796 3375 3841 exeunt
3424 3789 3611 3843 obviam
3637 3788 3728 3856 :qtti

2216 3872 2340 3917 sunt
2362 3874 2537 3920 autem
2566 3868 2643 3923 rei
2671 3878 2725 3923 et
2751 3872 3114 3941 condemnati,
3141 3877 3285 3933 intus
3307 3891 3600 3950 exspectant
3625 3880 3727 3949 judi-

2215 3967 2355 4009 cem.
2388 3954 2455 4010 Et
2495 3971 2617 4012 cum
2662 3960 2955 4017 benevolus
3000 3967 3214 4035 quidem
3272 3971 3561 4027 adventarit
3601 3981 3725 4041 pater.

2216 4046 2309 4103 lilii
2336 4049 2574 4119 quidem,
2601 4062 2654 4106 et
2679 4055 2767 4123 qui
2800 4054 2944 4126 digni
2973 4068 3097 4113 sunt
3123 4060 3217 4115 lilii
3238 4103 3254 4127 ,
3280 4062 3334 4117 in
3363 4080 3515 4119 curru
3550 4064 3727 4119 educam

2214 4147 2321 4202 tur,
2348 4150 2407 4194 ut
2431 4140 2644 4197 videant
2680 4153 2734 4199 et
2762 4148 3145 4206 exoscnleutnr
3177 4170 3190 4206 :
3219 4154 3310 4223 qui
3339 4165 3510 4210 autem
3536 4154 3723 4209 olle-nde-

2213 4237 2337 4283 runt
2378 4231 2577 4296 famuli,
2605 4250 2726 4288 eum
2773 4236 2913 4291 intus
2936 4251 3273 4310 exspectant.
3309 4243 3363 4299 ln
3389 4245 3611 4301 vehiculo
3633 4244 3724 4299 leri-

2213 4335 2332 4375 mur
2357 4321 2527 4377 Patris
2559 4340 2572 4377 :
2615 4326 2815 4381 etenim
2845 4328 2959 4397 ipse
2986 4346 3109 4387 eum
3136 4337 3352 4405 excepit
3382 4338 3433 4392 in
3462 4339 3726 4402 nubibus,ct

2210 4426 2311 4467 nos
2352 4414 2621 4483 rapiemur
2654 4416 2707 4472 in
2750 4418 2999 4475 nubibus.
3037 4421 3196 4479 Vides
3226 4437 3457 4496 quantus
3481 4430 3546 4485 sit
3566 4427 3723 4483 honor?

2209 4502 2338 4557 etei
2366 4502 2710 4561 descendenti
2756 4509 2967 4565 obviam
3017 4516 3356 4583 procedimus
3380 4562 3395 4586 ,
3442 4519 3634 4597 etquod
3660 4528 3719 4573 est

2210 4594 2444 4647 omnium
2473 4596 2857 4665 beatissimum,
2905 4603 2983 4657 sic
3024 4619 3144 4659 cum
3178 4622 3244 4663 eo
3269 4611 3490 4665 erimus.
3526 4594 3641 4675 (Qui:
3664 4610 3720 4660 lo-

2208 4694 2390 4754 quetur
2415 4690 2661 4755 potentias
2693 4688 2931 4757 Domini,
2986 4698 3188 4753 auditas
3231 4702 3383 4770 faciet
3410 4719 3565 4756 omnes
3585 4701 3720 4753 lauda-

2208 4775 2365 4829 tiones
2386 4777 2498 4847 ejus
2534 4777 2708 4848 (Psal.
2738 4783 2861 4837 105.
2885 4784 2944 4852 2)
2964 4786 2986 4839 ?
3009 4786 3176 4854 Quam
3201 4792 3385 4847 multis
3416 4793 3557 4847 bonis
3579 4791 3719 4861 δίεπε·

2209 4872 2296 4918 tus
2336 4876 2419 4920 est
2462 4883 2631 4938 genus
2677 4871 3013 4930 humanum?
3052 4878 3213 4933 Primi
3255 4895 3532 4953 resurgunt
3555 4884 3627 4952 qui
3650 4896 3717 4933 ex-

2206 4969 2503 5027 cesserunt,
2537 4971 2592 5017 et
2625 4966 2703 5019 sic
2728 4968 2883 5022 simul
2912 4968 3004 5024 ﬁet
3033 4987 3310 5030 occursus.
3349 4977 3478 5031 Abel
3516 4975 3593 5047 qui
3629 4984 3717 5027 ante

2206 5064 2394 5105 omnes
2419 5050 2669 5118 decessit,
2704 5067 2830 5112 tunc
2865 5060 3022 5115 simul
3070 5063 3163 5118 ibit
3206 5065 3412 5121 obviam
3459 5084 3565 5122 cum
3588 5064 3715 5120 omni—

2206 5140 2324 5196 bus.
2379 5141 2735 5210 Quamobrem
2771 5148 2823 5201 in
2853 5148 2953 5205 hoc
2980 5137 3099 5207 aliis
3137 5154 3304 5208 nihilo
3343 5168 3497 5211 erunt
3522 5154 3712 5225 superiov

2204 5248 2327 5299 res;
2352 5236 2446 5291 sed
2477 5239 2563 5307 qui
2594 5239 2816 5307 interiit,
2841 5244 2930 5312 qui
2962 5254 3036 5299 tot
3061 5261 3231 5303 annos
3267 5249 3361 5303 fuit
3388 5250 3438 5303 iu
3464 5262 3603 5311 terra,
3621 5259 3710 5301 cum

2205 5324 2311 5381 illis
2355 5328 2449 5382 ibit
2474 5329 2707 5396 obviam,
2743 5342 2797 5388 et
2838 5350 3025 5391 omnes
3069 5339 3182 5393 alii.
3226 5341 3352 5395 Nam
3381 5345 3422 5395 si
3452 5342 3521 5395 illi
3546 5338 3709 5408 quidem

2205 5433 2304 5473 nos
2326 5432 2728 5492 exspectassent
2758 5437 2815 5481 ut
2844 5443 3241 5497 coronarentur,
3293 5436 3427 5491 sicut
3468 5436 3579 5490 alibi
3614 5428 3709 5486 dicit

2202 5511 2462 5577 scribens,
2491 5512 2601 5567 Deo
2641 5534 2733 5587 pro
2775 5519 2916 5573 nobis
2943 5524 3139 5591 aliquid
3164 5528 3340 5581 melius
3366 5528 3644 5595 providente.
3668 5529 3708 5573 tt!

2200 5617 2301 5655 non
2326 5604 2433 5657 sine
2468 5608 2609 5659 nobis
2635 5624 3103 5667 consummatentur
3126 5616 3309 5685 (Hebr.
3344 5621 3425 5674 11.
3447 5618 3558 5689 40);
3579 5615 3706 5671 multo

2200 5693 2368 5762 magis
2423 5710 2520 5750 nos
2563 5713 2778 5769 quoque
2823 5702 2964 5759 illos.
2996 5704 3088 5760 Vel
3121 5710 3293 5776 potius
3322 5710 3392 5765 illi
3421 5709 3606 5780 quidem
3634 5719 3707 5759 ex-

2201 5794 2550 5856 spectarent,
2599 5803 2699 5846 nos
2736 5801 2914 5851 autem
2942 5796 3160 5855 minime
3191 5817 3207 5856 :
3236 5801 3286 5855 in
3326 5810 3571 5857 momento
3593 5795 3702 5854 enim
