3964 6550
390 348 488 404 ιιι

390 463 685 535 γνυμένην,
719 467 846 529 ἴσως
873 467 1099 520 πάντοτε
1125 466 1444 537 ἐγειρόμενα
1464 467 1534 519 τά
1560 463 1810 532 σώματα,
1827 459 1971 512 οὐδε-

391 549 482 611 νὸς
515 549 651 618 πρὸς
680 547 836 600 τοῦτο
876 548 1291 619 ὑπηρετοῦντος,
1315 549 1452 602 ἀλλά
1487 548 1582 601 τοῦ
1598 546 1964 613 κελεύσματος

392 632 689 701 ἀρκοῦντος
736 633 836 700 τὴν
859 632 962 701 γῆν
1007 633 1446 702 πεπληρωμένην
1470 633 1652 684 πᾶσαν
1679 628 1917 681 κενῶσαι
1945 641 1960 657 ⁸

393 717 645 786 ἐννόησον
670 715 778 786 γὰρ
806 716 932 767 ὅσον
965 717 1082 769 ἐστὶ
1105 719 1231 779 τοὺς
1253 717 1363 770 ἀπὸ
1417 715 1512 768 τοῦ
1571 713 1742 784 Ἀδάμ
1800 713 1968 782 μέχρι

391 799 491 868 τῆς
524 797 685 850 αὑτοῦ
719 797 1022 867 παρουσίας
1058 802 1264 862 πάντας
1303 799 1543 863 ἐκείνους
1577 798 1798 851 ἑστάναι
1849 796 1970 849 τότε

395 880 534 951 μετὰ
561 879 839 947 γυναικῶν
866 883 960 934 καὶ
987 881 1189 934 παίδων
1212 897 1226 912 ⁸
1263 882 1392 936 ὅταν
1415 881 1565 935 ἴδωσι
1598 877 1851 933 τοσοῦτον
1878 878 1971 930 ἐπὶ

390 964 492 1032 τῆς
514 965 618 1031 γῆς
645 961 892 1034 θόρυϐον,
929 965 1049 1018 τότε
1085 966 1340 1019 εἴσονται.
1374 965 1586 1033 ’Ὠσπερ
1608 960 1702 1017 οὖν
1741 964 1833 1015 ἐπὶ
1871 962 1977 1031 τῆς

392 1048 533 1102 κατά
558 1049 736 1117 σάρκα
766 1048 1078 1120 οἰκονομίας
1107 1049 1260 1104 οὐδὲν
1300 1049 1778 1122 προεωράκεισαν,
1829 1045 1971 1100 οὕτω

394 1133 490 1184 καὶ
526 1132 670 1187 τότε.

465 1215 532 1286 β’.
556 1217 729 1269 Ὅταν
761 1212 855 1270 οῦν
886 1216 1059 1270 ταῦτα
1092 1217 1339 1288 γένηται,
1377 1218 1498 1271 τότε
1515 1217 1664 1287 καὶὴ
1698 1213 1850 1286 φωνὴ
1875 1214 1969 1268 τοῦ

393 1299 737 1369 ἀρχαγγέλου
793 1299 948 1352 ἔσται
995 1301 1110 1362 τοῖς
1152 1301 1409 1368 ἀγγέλοις
1451 1303 1830 1363 ἐπιτάττοντος
1876 1299 1971 1352 καὶ

396 1383 646 1452 βοῶντος,
678 1383 770 1436 καὶ
821 1384 879 1435 αἱ
933 1383 1254 1453 σάλπιγγες,
1315 1383 1516 1454 μᾶλλον
1548 1385 1605 1437 δὲ
1643 1386 1671 1437 6
1695 1383 1803 1436 τῶν
1838 1381 1971 1435 σαλ-

396 1467 608 1535 πίγγων
652 1460 804 1535 ἦχος.
857 1466 1013 1529 Ποῖος
1049 1466 1158 1537 ἄρα
1202 1467 1406 1540 τρόμος
1452 1467 1586 1532 ἕξει,
1629 1470 1778 1530 ποῖος
1807 1465 1970 1536 φόϐος

393 1550 520 1615 τοὺς
544 1549 637 1603 ἐπὶ
664 1550 764 1620 τῆς
794 1550 897 1620 γῆς
928 1551 1335 1620 ἀπομένοντας;
1363 1553 1479 1607 Μία
1499 1553 1608 1624 γὰρ
1644 1551 1967 1624 ἀρπάζεται,

397 1634 491 1688 καὶ
527 1634 624 1704 μία
667 1635 1137 1705 καταλιμπάνεται
1171 1652 1185 1666 ⁸
1221 1637 1316 1690 καὶ
1345 1633 1425 1700 εἷς
1461 1635 1968 1709 παραλαμϐάνεται,

397 1717 492 1772 καὶ
521 1712 602 1780 εἷς
627 1718 869 1788 ἀφίεται.
922 1719 1017 1782 Τίς
1087 1719 1241 1773 ἔσται
1288 1722 1321 1790 ἡ
1375 1719 1519 1792 ψυχὴ
1566 1721 1808 1784 ἐκείνων,
1843 1721 1971 1774 ὅταν

394 1801 521 1864 τοὺς
548 1801 647 1870 μὲν
675 1801 999 1871 αίρομένους
1021 1802 1242 1872 ὁρῶσιν,
1269 1804 1498 1868 ἑαυτοὺς
1523 1805 1580 1858 δὲ
1603 1803 1968 1874 ἀφιεμένουςς

397 1880 508 1954 ἆρα
536 1884 596 1936 ού
639 1883 820 1955 πάσης
857 1885 1082 1956 γεέννης
1137 1886 1512 1959 φοϐερώτερον
1560 1889 1758 1946 αὐτοὺς
1799 1886 1972 1941 ταῦτα

396 1966 748 2020 διασαλεῦσαι
828 1968 1150 2039 δυνήσεται;
1223 1971 1587 2040 ’Υποθώμεθα
1646 1972 1825 2025 τοίνυν
1871 1972 1968 2043 ἤδη

397 2049 557 2102 τοῦτο
593 2052 848 2121 παρεῖναι
871 2051 950 2123 τῷ
978 2052 1142 2124 λόγῳ.
1179 2054 1243 2106 ΕΞ
1279 2054 1388 2124 γὰρ
1427 2053 1657 2117 Θάνατος
1684 2053 1969 2122 αἰφνίδιος,

397 2132 431 2202 ἦ
479 2132 689 2187 πόλεων
735 2135 969 2204 σεισμοὶ,
1027 2137 1122 2190 καὶ
1169 2135 1394 2190 ἀπειλαὶ
1435 2136 1579 2190 οὕτω
1629 2137 1844 2215 ποιοῦσι
1871 2136 1972 2200 τάς

397 2215 670 2287 ἡμετέρας
731 2216 944 2287 ψυχάς⁶
1000 2219 1130 2274 ὅταν
1170 2219 1270 2292 τὴν
1326 2221 1432 2290 γῆν
1480 2217 1972 2291 ἀναρρηγνυμένην

399 2299 600 2368 ἴδωμεν
626 2301 718 2352 καὶ
773 2300 1218 2374 πεπληρωμένην
1272 2305 1490 2358 πάντων
1535 2303 1794 2364 ἐκείνων,
1843 2302 1970 2354 ὅταν

394 2383 505 2435 τῶν
543 2382 859 2452 σαλπίγγων
906 2385 1252 2456 ἀκούσωμεν,
1307 2386 1436 2440 ὅταν
1486 2384 1587 2454 τῆς
1641 2387 1824 2456 φωνῆς
1874 2385 1970 2438 τοῦ

397 2465 736 2537 ἀρχαγγέλου
777 2467 960 2538 πάσης
1004 2468 1304 2538 σάλπιγγος
1344 2468 1730 2541 λαμπροτέρας
1767 2469 1983 2540 οῦσηςν,

395 2549 524 2602 ὅταν
552 2550 642 2603 τὸν
667 2550 894 2621 οὐρανὸν
925 2552 1406 2622 συνανελκόμενον,
1437 2555 1566 2606 ὅταν
1598 2551 1762 2607 αὐτὸν
1788 2569 1982 2623 παρα-ε

394 2632 680 2702 γινόμενον
725 2634 817 2686 τὸν
850 2634 1106 2689 ἁπάντων
1143 2635 1371 2706 βασιλέα
1415 2637 1508 2690 τὸν
1555 2636 1709 2712 θεὸν,
1748 2637 1829 2698 τίς
1863 2639 1981 2707 ἀραρ

393 2719 526 2786 ἡμῖν
550 2716 703 2771 ἔσται
735 2719 768 2788 ἡ
797 2717 978 2789 ψυχὴξ
1013 2719 1320 2790 Φρίξωμεν,
1373 2721 1702 2792 παρακαλῶ,
1745 2721 1839 2774 καὶ
1873 2738 1971 2789 φο-

395 2799 673 2870 ϐηθῶμεν,
698 2800 774 2864 ὼς
797 2802 897 2872 ἤδη
925 2800 1128 2855 τούτων
1154 2804 1454 2873 γινομένων
1475 2820 1488 2834 ⁸
1527 2803 1602 2874 μὴ
1623 2807 1686 2874 τῇ
1718 2803 1970 2873 μελλήσει

395 2885 854 2954 παραμυθώμεθα
897 2886 1124 2950 ἑαυτούς
1146 2901 1160 2916 ⁸
1194 2889 1327 2941 ὅταν
1366 2887 1475 2959 γὰρ
1517 2888 1737 2952 πάντως
1760 2888 1854 2961 δέῃ
1876 2903 1971 2954 γε-

394 2966 606 3028 νέσθαι,
633 2965 787 3020 οὐδὲν
829 2969 863 3038 ἡ
897 2969 1156 3039 μέλλησις
1197 2968 1416 3038 ὠφελεῖ.
1456 2971 1627 3033 Πόσος
1669 2972 1699 3024 6
1735 2970 1967 3042 τρόμος;

395 3051 563 3113 πόσος
587 3053 616 3103 6
645 3051 810 3120 φόϐος
848 3052 1008 3119 τότε;
1055 3052 1240 3105 Είδετέ
1277 3071 1406 3107 ποτε
1428 3054 1557 3116 τοὺς
1582 3055 1969 3125 ἀπαγομένους

393 3134 493 3205 τὴν
531 3133 624 3187 ἐπὶ
663 3133 892 3187 θάνατον
931 3149 989 3199 ﬂ;
1024 3137 1186 3188 ποίαν
1215 3139 1467 3208 νομίζετε
1502 3139 1688 3203 αὐτοῖς
1707 3135 1845 3192 εἶναι
1871 3139 1972 3210 τὴν

394 3217 593 3288 ψυχὴν,
624 3217 722 3288 τὴν
753 3219 915 3287 μέχρι
945 3219 1045 3288 τῆς
1074 3220 1249 3291 πύλης
1288 3223 1404 3276 ὁδὸν
1442 3223 1744 3292 βαδίζουσι;
1789 3225 1972 3280 πόσων

396 3303 642 3357 θανάτων
671 3304 733 3356 οὐ
769 3303 1024 3374 χείρονα;
1057 3304 1109 3357 τί
1139 3306 1239 3359 ούκ
1287 3305 1354 3360 ἂν
1401 3306 1606 3362 ἕλοιντο
1648 3309 1742 3363 καὶ
1768 3311 1972 3381 πρᾶξαι

396 3387 494 3440 καὶ
532 3386 745 3449 παθεῖν,
783 3387 925 3442 ὥστε
963 3389 1350 3461 ἀπαλλαγῆναι
1382 3392 1481 3462 τῆς
1520 3392 1720 3463 ἀχλύος
1758 3395 1974 3464 ἐκείνης

395 3469 491 3523 τοῦ
514 3470 737 3539 νέφους;
776 3471 920 3542 Ἐγὼ
939 3473 1152 3528 πολλῶν
1182 3476 1391 3545 ἥκουσα
1425 3476 1695 3545 λεγόντων
1717 3479 1826 3533 τῶν
1851 3481 1971 3548 φιλ-

397 3552 680 3626 ανθρωπία
710 3555 962 3628 βασιλικῇ
999 3559 1138 3629 μετά
1164 3557 1262 3630 τὴν
1287 3559 1594 3632 ἀπαγωγὴν
1620 3563 1702 3624 είς
1732 3563 1974 3616 τούπίσω

398 3636 732 3708 κληθέντων,
767 3641 849 3694 ὅτι
877 3641 1000 3694 οὐδὲ
1031 3641 1358 3712 ἀνθρώπους
1386 3642 1576 3716 ἐώρων
1601 3645 1728 3709 τοὺς
1761 3646 1973 3716 ἀνθρώ-

398 3738 552 3786 πους,
578 3723 1023 3796 τεθορυϐημένης
1053 3727 1151 3798 τῆς
1173 3727 1351 3798 ψυχῆς
1381 3729 1476 3783 καὶ
1514 3730 1974 3802 ἐκπεπληγμένης

398 3805 494 3858 καὶ
519 3806 895 3877 ἐξεστηκυίας.
926 3809 988 3862 EE
1016 3810 1196 3863 τοίνυν
1219 3806 1533 3881 σωματικὸς
1565 3812 1712 3885 [480]
1747 3813 1974 3878 θάνατος

397 3888 571 3952 οὕτως
617 3892 765 3959 ἡμᾶς
821 3891 994 3959 φοϐεῖ,
1043 3894 1170 3946 ὅταν
1221 3894 1440 3960 αἰώνιος
1497 3897 1897 3968 παραγένηται,
1922 3898 1974 3951 τί

399 3972 732 4039 πεισόμεθα;
783 3973 894 4025 Καὶ
951 3975 1004 4027 τί
1061 3975 1204 4044 λέγω
1248 3977 1378 4046 περὶ
1421 3977 1530 4031 τῶν
1572 3979 1972 4049 ἀπαγομένωνς

401 4053 560 4123 ὄχλος
591 4054 921 4125 περιέστηκε
955 4062 1096 4121 τότε,
1141 4059 1189 4110 οἱ
1223 4059 1442 4124 πλείους
1485 4061 1607 4115 οὐδὲ
1639 4061 1840 4126 εἰδότες
1877 4064 1974 4117 αύ-

397 4136 546 4201 τούς.
571 4137 641 4190 Εἴ
668 4154 753 4200 τις
791 4138 1014 4192 ἐκείνων
1038 4141 1138 4204 τὰς
1173 4141 1351 4213 ψυχάς
1401 4144 1858 4215 περιεσκόπησεν,
1885 4147 1978 4200 ού·

400 4218 510 4282 δεὶς
533 4218 704 4280 οὕτως
733 4220 916 4290 ὠμὸς,
960 4222 1135 4286 οὐδεὶς
1181 4223 1325 4280 οὕτω
1360 4225 1588 4297 θρασὺς,
1631 4228 1808 4292 οΰδεὶς
1833 4227 1976 4283 οὕτω

402 4306 665 4368 γενναῖος,
709 4304 766 4368 ὂς
793 4306 856 4358 ού
882 4312 1381 4363 καταπεπτωκυίαν
1413 4310 1582 4384 αὐτὴν
1619 4311 1754 4382 ἔχει,
1785 4330 1978 4382 παρει-

407 4386 572 4455 μένην
609 4387 716 4440 ὑπὸ
743 4388 837 4441 τοῦ
864 4389 1032 4456 φόϐου
1059 4390 1157 4444 καὶ
1192 4391 1293 4462 τῆς
1318 4393 1575 4464 ἀθυμίας.
1603 4397 1666 4448 Et
1694 4396 1749 4447 δὲ
1775 4397 1977 4465 ἐτέρων

403 4470 812 4543 ἀναιρουμένων
850 4472 942 4527 τόν
985 4474 1212 4529 θάνατον
1244 4476 1455 4540 τοῦτον,
1494 4479 1586 4531 τὸν
1626 4478 1796 4533 ὕπνου
1825 4481 1978 4535 οὐδὲν

401 4550 744 4624 διαφέροντα,
764 4557 811 4608 οἱ
846 4557 1013 4627 μηδὲν
1028 4555 1424 4622 ⁹κοινωνοῦντες
1451 4561 1594 4614 οὕτω
1622 4562 1974 4618 διατίθενται·

404 4637 531 4690 ὅταν
582 4641 740 4708 ἡμεῖς
783 4641 936 4692 αὐτοὶ
983 4643 1098 4706 τοῖς
1144 4643 1357 4713 μείζοσι
1405 4647 1843 4717 περιπίπτωμεν,
1893 4649 1978 4714 τίς

405 4720 512 4792 ἄρα
541 4721 693 4774 ἔσται
722 4724 1080 4791 κατάστασις
1113 4727 1226 4780 Οὐκ
1260 4728 1426 4795 ἐστιν,
1459 4730 1558 4782 ούκ
1580 4729 1716 4792 ἐστι,
1751 4731 1978 4785 πιστεύ-

408 4819 559 4863 σατε,
586 4805 936 4874 παραστῆσαι
959 4807 1101 4880 λόγῳ
1130 4809 1191 4862 τὸ
1219 4811 1412 4874 πάθος.
1442 4812 1566 4873 Ναὶ,
1602 4813 1768 4882 φησίν
1793 4831 1806 4843 ⁸
1842 4816 1980 4870 ἀλλά

406 4887 785 4958 φιλάνθρωπος
814 4891 841 4941 6
865 4890 1017 4954 Θεὸς,
1045 4892 1141 4944 καὶ
1171 4894 1322 4947 οὐδὲν
1348 4895 1552 4948 τούτων
1573 4896 1748 4951 ἔσται.
1772 4898 1982 4954 Οὐκοῦν

405 4971 532 5041 εικῆ
559 4972 886 5043 γέγραπται.
910 4971 1005 5035 Οὒ,
1032 4978 1216 5046 φησὶν,
1241 4978 1377 5031 ἀλλά
1397 4979 1531 5050 πρὸς
1553 4981 1781 5054 ἀπειλὴν
1799 4984 1980 5054 μόνον,

406 5056 496 5108 ἵνα
534 5055 920 5127 σωφρονῶμεν.
951 5059 1078 5111 Ἐὰν
1124 5055 1218 5112 οὗν
1277 5060 1352 5132 μὴ
1405 5065 1794 5136 σωφρονῶμεν,
1843 5068 1984 5122 ἀλλά

300 5157 305 5161 '
409 5140 660 5211 μένωμεν
695 5141 852 5193 κακοὶ
874 5181 889 5205 ,
921 5143 1021 5195 οὐκ
1066 5141 1255 5208 ἑπάξει
1290 5146 1390 5217 τὴν
1425 5147 1667 5214 κόλασιν,
1696 5151 1820 5204 είπέ
1853 5171 1977 5221 μοις

405 5223 602 5276 οὐκοῦν
636 5223 754 5277 οὐδὲ
783 5227 893 5288 τοῖς
942 5227 1168 5294 ἀγαθοῖς
1224 5229 1498 5286 ἀποδώσει
1558 5234 1660 5297 τὰς
1705 5235 1978 5305 ἀμοιϐἀς;

407 5309 536 5372 Ναὶ,
561 5308 724 5379 φησίν
760 5326 776 5340 ⁸
814 5312 989 5362 ἐκεῖνο
1017 5310 1125 5384 γάρ
1147 5313 1302 5382 αὐτῷ
1335 5316 1546 5386 πρέπον
1577 5319 1694 5370 ἐστὶ⁸
1724 5319 1819 5372 καὶ
1843 5319 1983 5389 ύπέρ

407 5391 506 5462 τὴν
533 5391 689 5456 ἀξίαν
743 5393 1076 5464 εὐεργετεῖν.
1109 5395 1274 5450 Ὥστε
1326 5399 1508 5452 ἐκεῖνα
1553 5401 1650 5470 μὲν
1685 5401 1861 5473 ἀληθῆ
1889 5402 1985 5454 καὶ

411 5475 628 5537 πάντως
657 5474 809 5528 ἔσται
834 5496 846 5506 ⁸
888 5477 958 5529 τά
985 5477 1042 5530 δὲ
1061 5477 1170 5532 τῶν
1202 5481 1476 5536 κολάσεων
1504 5482 1563 5534 ού
1593 5484 1831 5548 πάντως,
1857 5483 1987 5538 ἀλλ’

411 5558 640 5637 ἀπειλῆς
689 5559 872 5614 ἕνεκεν
901 5562 996 5615 καὶ
1030 5563 1228 5633 φόϐου;
1266 5566 1435 5619 Πόθεν
1470 5567 1613 5637 ὑμᾶς
1660 5568 1853 5634 πείσω,
1885 5569 1986 5622 ὀὐκ

411 5635 547 5693 οἶδα.
591 5642 688 5694 Ἂν
709 5643 849 5697 εἴπω
882 5645 964 5697 ὅτι
998 5647 1028 5697 6
1077 5647 1295 5718 σκώληξ
1329 5635 1517 5703 αὐτῶν
1549 5651 1608 5704 ού
1653 5651 1984 5724 τελευτήσει,

479 5883 513 5922 ⁸
528 5886 694 5941 Attice
717 5889 967 5943 diceretur
987 5893 1074 5950 τὴν
1100 5893 1176 5942 ἐπὶ
1200 5893 1414 5944 θανάτου.

1058 346 1114 401 s.
1153 346 1439 402 JOANNIS
1475 319 1967 403 cunvsdsmm
2003 337 2329 396 Αιιοιιιερ.
2377 339 2934 398 οοΝδτΑΝτιΝορ.

3544 339 3679 396 46S

2076 458 2253 513 καὶτὸ
2279 459 2390 530 πῦρ
2437 460 2498 511 οὗ
2553 459 2934 527 σϐεσθήσεται,
2976 457 3070 512 ἐὰν
3111 459 3252 511 εἴπω
3283 459 3362 511 ὅτι
3411 457 3677 511 61:51.36-

2075 558 2253 594 σονται
2287 544 2366 605 εἰς
2397 542 2511 612 πῦρ
2539 541 2756 595 αἰώνιον
2775 582 2790 603 ,
2823 543 2889 596 ἂν
2921 543 3014 595 τὸν
3043 542 3295 595 πλούσιον
3339 543 3676 612 παραγάγω

2071 627 2168 697 ἤδη
2204 627 2594 696 κολαζόμενον,
2621 627 2800 679 πάντα
2822 626 3055 695 ἀπειλῆς
3083 621 3223 679 εἶναι
3253 627 3446 695 ἐρεῖτε.
3478 627 3673 678 Πόθεν

2070 706 2163 762 οὖν
2199 711 2344 780 ὑμᾶς
2384 710 2590 773 πείσω;
2633 710 2931 771 Σατανικὸς
2969 709 3078 781 γάρ
3119 704 3274 772 οὗτος
3311 707 3670 777 όλογισμὸς,

2071 796 2230 865 χάριν
2266 794 2522 863 ἀνόνητον
2557 793 2938 865 χαριζόμενος,
2993 795 3089 847 καὶ
3131 793 3405 866 ῥᾳθύμους
3451 793 3671 846 ποιῶν.

2073 878 2198 940 Πῶς
2233 875 2328 932 οὖν
2352 879 2516 932 αὑτὸν
2539 878 2846 950 ὲξέλωμενς
2882 879 3021 932 Ὅσα
3045 879 3112 932 ἂν
3137 878 3378 946 εἴπωμεν
3405 879 3513 931 ἀπὸ
3541 878 3674 930 τῶν

2072 963 2326 1032 Γραφῶν,
2351 965 2529 1035 ἐρεῖτε
2555 965 2639 1018 ὅτι
2668 965 2897 1036 ἀπειλῆς
2924 965 3132 1018 ἕνεκεν.
3174 963 3337 1017 Ἀλλά
3357 965 3520 1017 τοῦτο
3552 968 3676 1033 μὲν

2073 1049 2199 1118 περὶ
2229 1048 2339 1100 τῶν
2362 1048 2664 1118 μελλόντων
2690 1047 2805 1120 ἔχοι
2834 1066 2918 1112 τις
2941 1048 3007 1102 ἂν
3045 1050 3220 1101 εἰπεῖν
3244 1065 3258 1077 ⁸
3299 1050 3427 1118 περὶ
3455 1049 3510 1101 δὲ
3541 1048 3674 1101 τῶν

2073 1131 2452 1202 ἐκϐεϐηκότων
2471 1133 2565 1187 καλ⁵
2587 1134 2741 1197 τέλος
2759 1134 3092 1204 ἐσχηκότων,
3113 1134 3318 1188 οὐκέτι.
3342 1134 3674 1187 Ἠκούσατε

2074 1219 2273 1282 πάντες
2330 1219 2457 1289 περὶ
2505 1218 2603 1272 τοῦ
2655 1218 3045 1289 κατακλυσμοῦ
3103 1235 3118 1249 ⁸
3181 1219 3257 1290 μὴ
3314 1220 3408 1272 καὶ
3460 1221 3672 1272 ἐκεῖνα

2073 1301 2302 1370 ἀπειλῆς
2328 1301 2516 1354 ἕνεκεν
2546 1303 2760 1373 είρηται
2779 1319 2794 1366 ;
2816 1302 2938 1372 οὐχ).
2966 1301 3060 1354 καὶ
3093 1301 3254 1372 ἐξέϐη
3285 1304 3380 1355 καὶ
3406 1301 3618 1369 γέγονε
3650 1317 3670 1364 ;

2074 1384 2309 1437 Τοιαῦτα
2336 1385 2430 1438 καὶ
2481 1386 2678 1439 ἐκεῖνοι
2743 1386 2914 1439 πολλά
2969 1386 3154 1453 ἔλεγον
3178 1401 3196 1417 ⁸
3224 1387 3318 1439 καὶ
3365 1387 3424 1438 ἐν
3447 1385 3672 1438 ἕκατον

2074 1466 2218 1520 ἔτεσι
2270 1467 2371 1536 τῆς
2425 1467 2659 1522 κιϐωτοῦ
2717 1469 3159 1539 τεκταινομένης,
3206 1469 3301 1521 καὶ
3341 1468 3450 1520 τῶν
3475 1468 3676 1534 ξύλων

2075 1551 2462 1622 ύφαινομένων,
2485 1553 2579 1605 καὶ
2611 1551 2706 1604 τοῦ
2739 1552 2948 1606 δικαίου
2974 1553 3222 1622 βοῶντος,
3262 1552 3438 1615 οὐδεὶς
3481 1553 3509 1604 6
3563 1568 3676 1602 1::-

2073 1636 2278 1690 στεύων
2316 1632 2406 1708 ἦν.
2437 1637 2578 1689 ’Λλλ’
2609 1637 2798 1707 ἐπειδὴ
2825 1638 2924 1690 οὐκ
2949 1637 3274 1690 ἐπίστευσαν
3303 1639 3367 1706 τῇ
3398 1635 3489 1688 διὰ
3533 1633 3670 1686 τῶν

2076 1723 2142 1792 ρη
2153 1720 2343 1791 μάτων
2370 1720 2587 1791 ἀπειλῇ,
2613 1721 2924 1791 ὑπέστησαν
2945 1721 3045 1789 τὴν
3059 1720 3147 1774 διὰ
3177 1719 3284 1773 τῶν
3306 1719 3678 1789 πραγμάτων

2071 1803 2360 1874 τιμωρίαν.
2402 1803 2572 1857 Τοῦτο
2599 1805 2692 1863 καὶ
2711 1803 3209 1873 ἡμεῖςπεισόμεθα,
3234 1803 3300 1857 ἂν
3320 1804 3392 1873 μὴ
3419 1802 3675 1856 πιστεύ-

2075 1904 2274 1956 σωμεν.
2327 1886 2428 1940 Διά
2453 1903 2534 1938 τοι
2562 1887 2722 1940 τοῦτο
2753 1887 2848 1940 καὶ
2875 1889 2976 1958 τὴν
3013 1890 3313 1958 παρουσίαν
3338 1886 3504 1939 αὐτοῦ
3531 1889 3680 1950 ταῖς

2073 1968 2308 2040 ἡμέραις
2370 1970 2709 2040 παραϐάλλει
2763 1969 2858 2022 τοῦ
2913 1971 3036 2022 Νῶε
3075 1986 3088 1999 ⁸
3160 1970 3348 2041 ἐπειδὴ
3396 1970 3677 2037 καθάπερ

2075 2053 2268 2122 ἐκείνῳ
2301 2051 2379 2123 τῷ
2430 2052 2800 2122 κατακλυσμῷ
2836 2053 3147 2122 ἠπίστησάν
3192 2070 3358 2115 τινες,
3389 2052 3538 2106 οὕτω
3565 2053 3678 2105 καὶ

2073 2134 2150 2204 τῷ
2197 2135 2565 2207 κατακλυσμῷ
2623 2136 2725 2205 τῆς
2778 2137 3021 2208 γεέννης.
3091 2136 3182 2208 Μὴ
3223 2137 3420 2207 ἀπειλὴ
3471 2137 3679 2190 ἐκεῖνά

2074 2219 2258 2285 ἐστινς
2288 2219 2406 2289 οὐχὶ
2447 2219 2608 2290 ἔργον
2648 2219 2903 2286 γέγονεν;
2961 2215 3092 2272 Εἶτα
3145 2221 3172 2273 6
3216 2220 3436 2273 κόλασιν
3481 2221 3679 2282 οὕτως

2073 2301 2267 2372 ἀθρόον
2325 2303 2445 2355 τότε
2484 2301 2798 2370 ἐπαγαγὼν,
2854 2303 2914 2355 ού
2976 2301 3152 2372 πολλῷ
3183 2302 3379 2372 μᾶλλον
3423 2305 3522 2362 καὶ
3568 2302 3676 2354 νῦν

2073 2383 2296 2450 iniit-2L;
2332 2385 2394 2438 ού
2425 2385 2534 2456 γάρ
2568 2386 2631 2456 δὴ
2666 2385 2927 2440 ἐλάττονα
2974 2386 3082 2438 τῶν
3118 2386 3238 2438 τότε
3283 2386 3352 2439 τά
3389 2385 3489 2438 νῦν
3512 2386 3677 2454 γινό-

2076 2486 2228 2538 μενα.
2260 2470 2416 2533 Πῶς;
2445 2469 2589 2529 Ὅτι,
2620 2470 2740 2520 τότε
2769 2466 3039 2538 εἰσῆλθον,
3070 2470 3254 2538 φησὶν,
3303 2470 3354 2522 οἱ
3398 2471 3508 2521 υἱοὶ
3563 2468 3675 2522 τοῦ

2071 2553 2206 2605 Θεοῦ
2236 2553 2371 2622 πρὸς
2421 2553 2519 2616 τὰς
2572 2553 2882 2624 θυγατέρας
2925 2552 3036 2604 τῶν
3079 2551 3402 2623 ἀνθρώπων,
3454 2552 3551 2604 καὶ
3612 2552 3676 2604 αἱ

2068 2635 2340 2704 ἐπιμιξίαι
2358 2631 2498 2705 ἦσαν
2513 2634 2573 2687 τὸ
2585 2636 2775 2688 δεινόν’
2798 2637 2892 2688 νῦν
2905 2635 2960 2688 δὲ
2975 2635 3127 2688 οὐδέν
3146 2637 3291 2688 ἐστιν
3302 2631 3443 2697 εἶδος
3459 2635 3677 2698 κακίας

2071 2720 2207 2788 ὅπερ
2236 2718 2562 2788 ἀτόλμητον.
2597 2714 2746 2788 τΑρα
2785 2714 2880 2770 οῦν
2921 2717 3205 2771 πιστεύετε
3250 2718 3331 2770 ὅτι
3377 2719 3614 2786 γέγονεν
3642 2720 3674 2770 6

2073 2800 2471 2870 κατακλυσμὸς,
2537 2801 2569 2870 ἢ
2618 2801 2783 2871 λῆρος
2842 2801 2970 2870 ύμῖν
3006 2801 3186 2864 δοκεῖς
3234 2801 3424 2854 Καίτοι
3457 2817 3524 2868 γε
3564 2801 3675 2854 καὶ

2063 2885 2140 2937 ιτά
2167 2885 2288 2954 ὅρη,
2321 2883 2504 2956 ἔνθαὴ
2535 2884 2768 2948 κιϐωτὸς
2817 2883 3060 2955 ἱδρύνθη,
3095 2887 3380 2957 μαρτυρεῖ,
3416 2886 3489 2938 τά
3528 2886 3673 2956 Ἀρ-

2066 2967 2268 3033 ημενίας
2288 2966 2453 3035 λέγω.

2145 3049 2292 3122 [481]
2328 3056 2394 3119 γ’.
2425 3049 2573 3122 Πλὴν
2606 3050 2670 3104 ἐκ
2692 3049 3008 3117 περιουσίας
3023 3048 3221 3119 πολλῆς
3245 3049 3338 3102 καὶ
3361 3048 3444 3118 ἐφ’
3470 3050 3677 3121 ἕτερον

2073 3132 2282 3187 ἐκείνου
2313 3133 2648 3203 σαφέστερον
2677 3131 2790 3196 ἄξω
2822 3131 2914 3185 τὸν
2955 3132 3130 3200 λόγον.
3189 3132 3534 3202 Ἐπεδήμησέ
3579 3151 3674 3194 τις

2073 3218 2226 3287 ὑμῶν
2253 3219 2320 3288 τῇ
2355 3216 2690 3290 Παλαιστίνῃ
2724 3214 2855 3268 ποτέ
2880 3231 2895 3280 ;
2928 3215 3111 3268 λοιπὸν
3135 3215 3244 3284 γὰρ
3273 3215 3457 3268 οὐκέτι
3477 3215 3672 3283 λόγον,

2065 3299 2210 3354 ἀλλά
2256 3300 2558 3371 πράγματα
2595 3299 2740 3370 ἐρῶ⁸
2774 3299 2954 3352 καίτοι
3003 3297 3098 3352 καὶ
3129 3299 3197 3352 τά
3229 3299 3471 3369 πρότερα
3514 3317 3673 3367 πρα-

2074 3386 2302 3455 γμάτων
2334 3385 2644 3455 σαφέστερα
2667 3379 2770 3455 ἦν·
2813 3384 2957 3455 άπερ
2985 3382 3093 3454 γὰρ
3128 3384 3194 3436 ἂν
3223 3383 3349 3454 εἴπῃ
3379 3384 3411 3453 ἡ
3437 3383 3670 3452 Γραφὴ,

2073 3469 2248 3521 ταῦτα
2291 3467 2401 3520 τῶν
2444 3467 2737 3537 ὁρωμένων
2783 3466 3097 3537 πιστότερα.
3144 3466 3519 3536 Ἐπεδήμησεν
3565 3463 3676 3518 οὖν

2077 3551 2230 3622 ὑμῶν
2260 3570 2346 3615 τις
2365 3554 2430 3623 τῇ
2466 3550 2798 3622 Παλαιστίνῃ
2828 3550 2996 3612 ποτέ;
3042 3549 3219 3618 ἔγωγε
3241 3546 3411 3620 οἶμαι.
3444 3551 3515 3603 Τί
3534 3547 3672 3613 οὗνς

2075 3633 2479 3708 Μαρτυρήσατέ
2523 3651 2614 3705 μοι
2647 3635 2806 3704 ὑμεῖς
2850 3634 2899 3686 oi
2955 3635 3084 3694 τοὺς
3125 3633 3321 3697 τόπους
3353 3634 3676 3703 ἑωρακότες

2077 3721 2212 3791 πρὸς
2249 3720 2371 3782 τοὺς
2403 3719 2463 3772 ού
2493 3719 2818 3788 γενομένους
2841 3718 2974 3771 ἐκεῖ.
3029 3717 3361 3780 Ἀσκάλωνος
3397 3718 3510 3788 γὰρ
3551 3718 3679 3771 ἀνω

2077 3804 2172 3856 καὶ
2199 3803 2379 3874 Γάζης
2404 3803 2485 3866 είς
2514 3802 2646 3856 αὐτὸ
2675 3801 2768 3856 τοῦ
2809 3802 3075 3873 Ἰορδάνου
3112 3801 3356 3872 ποταμοῦ
3392 3801 3454 3854 τὸ
3485 3801 3675 3864 τέλκ,

2077 3887 2191 3941 ἔστι
2223 3887 2374 3959 χώρα
2402 3887 2570 3958 πολλή
2598 3904 2681 3949 τις
2705 3886 2800 3939 καὶ
2828 3884 3055 3956 εὔφορος
3080 3902 3096 3916 ⁸
3133 3885 3328 3956 μᾶλλον
3353 3885 3410 3938 δὲ
3438 3881 3511 3956 ἧν
3530 3902 3542 3914 ⁸
3566 3886 3679 3937 νῦν

2077 3972 2185 4044 γὰρ
2212 3973 2311 4026 οὐκ
2331 3973 2477 4024 ἔστιν
2497 3988 2514 4003 ⁸
2548 3970 2684 4041 αὕτη
2712 3970 2775 4040 δὴ
2805 3966 2896 4024 οὖν
2918 3969 2994 4033 ὡς
3044 3969 3368 4039 παράδεισος
3394 3965 3486 4038 ῆν.
3523 3965 3680 4022 Εἷδε

2079 4059 2207 4128 γάρ,
2243 4056 2396 4125 φησὶ,
2418 4055 2547 4110 Λὼτ
2564 4054 2770 4109 πᾶσαν
2794 4054 2907 4122 τὴν
2927 4054 3063 4121 περί
3067 4071 3258 4120 κωρον
3293 4054 3398 4107 τοῦ
3435 4053 3677 4120 Ἰορδάο

2078 4159 2212 4203 νου,
2235 4139 2331 4192 καὶ
2358 4134 2433 4208 ἦν
2465 4137 2836 4207 ποτιζομένῃ,
2873 4139 2955 4204 ὠς
2984 4135 3346 4205 παράδεισος
3360 4135 3466 4189 τοῦ
3489 4139 3674 4193 Θεοῦ.

2078 4224 2228 4294 Αὕτη
2261 4222 2325 4291 δὴ
2352 4217 2444 4275 οῦν
2472 4223 2505 4293 ἠ
2536 4221 2711 4286 οὕτως
2740 4221 2993 4292 εὐθαλὴς,
3028 4220 3122 4274 καὶ
3156 4220 3291 4290 πρὸς
3333 4220 3519 4283 πάσας
3567 4222 3678 4285 τάς

2080 4308 2266 4380 χώρας
2305 4307 2680 4378 ἁμιλλωμένη,
2719 4307 2752 4376 ἠ
2780 4306 3058 4376 φθάνουσα
3085 4307 3151 4375 τῇ
3181 4303 3404 4376 εύθηνίᾳ
3448 4305 3536 4357 τὸν
3564 4323 3677 4356 πα-

2084 4391 2324 4463 ράδεισον
2362 4390 2456 4444 τοῦ
2500 4388 2658 4452 Θεοῦ,
2703 4388 2893 4442 πασῶν
2941 4388 3052 4443 τῶν
3087 4387 3308 4458 ἐρήμων
3354 4387 3678 4457 ἐρημοτέρα

2081 4474 2198 4527 ἐστὶ
2227 4472 2322 4526 νῦν
2345 4490 2358 4504 ⁸
2397 4475 2489 4527 καὶ
2534 4473 2735 4543 ἕστηκε
2779 4473 2877 4540 μὲν
2904 4471 3116 4542 δένδρα,
3146 4471 3240 4524 καὶ
3270 4472 3480 4540 καρπὸν
3514 4472 3630 4542 ἔχει
3655 4488 3674 4502 ο

2079 4559 2108 4610 6
2132 4557 2190 4610 δέ
2241 4557 2452 4630 καρπὸς
2507 4556 2604 4626 τῆς
2655 4555 2747 4608 τοῦ
2779 4555 2914 4608 Θεοῦ
2957 4555 3127 4626 ὀργῆς
3165 4557 3314 4607 ἐστιν
3343 4555 3673 4625 ὑπόμνημα.

2077 4641 2385 4708 ’Ἐστήκασι
2432 4640 2530 4710 μὲν
2567 4640 2674 4710 γάρ
2714 4639 2855 4710 ῥόαι,
2899 4640 2996 4694 καὶ
3041 4639 3101 4693 τὸ
3145 4638 3300 4703 ξύλον
3340 4638 3484 4706 λέγω
3517 4639 3612 4692 καὶ
3644 4641 3677 4693 ὁ

2083 4724 2314 4795 καρπὸς,
2357 4723 2613 4794 λαμπρὰν
2650 4724 2748 4794 τὴν
2779 4725 3099 4792 ἐπιφάνειαν
3144 4724 3384 4792 ἔχουσαι,
3442 4723 3538 4776 καὶ
3592 4723 3676 4790 τῷ

2082 4807 2288 4876 ἀγνῶτι
2349 4805 2694 4878 παρέχουσαι
2767 4806 2970 4870 πολλάς
3022 4807 3121 4870 τὰς
3177 4807 3402 4867 ἐλπίδας
3432 4821 3449 4836 ⁸
3507 4807 3559 4858 εξ
3613 4805 3676 4859 δὲ

2083 4890 2338 4963 ληφθεῖεν
2357 4892 2437 4953 είς
2456 4893 2664 4960 χεῖρας,
2680 4890 3084 4943 διακλασθεῖσαι
3103 4890 3317 4961 καρπὸν
3337 4889 3439 4958 μὲν
3455 4890 3670 4952 οὐδένα,

2085 4978 2231 5029 κόνιν
2255 4974 2420 5028 δὲκαὶ
2440 4974 2646 5044 τέφραν
2668 4973 2868 5044 πολλὴν
2883 4973 3216 5028 δεικνύουσιν
3239 4974 3674 5046 ἐναποκειμένην

2084 5059 2249 5112 ἔνδον.
2291 5056 2526 5129 Τοιαύτη
2585 5058 2679 5112 καὶ
2715 5059 2748 5128 ἠ
2789 5058 2862 5128 γῆ
2900 5059 3086 5111 πᾶσα⁸
3138 5056 3241 5110 κᾶν
3288 5057 3439 5111 λίθον
3479 5057 3667 5128 εὕρῃς,

2084 5143 2492 5212 τετεφρωμένον
2523 5143 2796 5214 εὑρήσεις.
2859 5144 2969 5197 Καὶ
2999 5144 3053 5195 τί
3083 5142 3224 5211 λέγω
3247 5142 3394 5196 λίθον
3425 5143 3670 5207 καὶξύλα

2086 5228 2180 5280 καὶ
2215 5226 2335 5296 γῆν,
2370 5226 2504 5279 ὅπου
2527 5243 2591 5294 γε
2627 5225 2721 5279 καὶ
2742 5227 2872 5297 ἀὴρ,
2897 5227 2991 5279 καὶ
3020 5228 3087 5279 τὰ
3110 5227 3276 5280 ὕδατα
3310 5227 3543 5297 μετέσχε
3571 5227 3672 5295 τῆς

2087 5311 2413 5381 συμφορᾶςς
2456 5311 2726 5381 Καθάπερ
2774 5311 2884 5381 γὰρ
2940 5311 3191 5381 σώματος
3251 5310 3672 5382 ἐμπρησθέντος

2088 5395 2179 5447 καὶ
2203 5393 2663 5456 κατακαυθέντος,
2693 5393 2754 5446 τὸ
2779 5395 2876 5464 μὲν
2905 5393 3092 5464 σχῆμα
3132 5393 3304 5464 μένει,
3329 5395 3425 5447 καὶ
3447 5395 3474 5446 6
3496 5393 3670 5454 τύπος

2088 5480 2144 5530 ἐν
2165 5479 2231 5548 τῇ
2255 5477 2349 5530 τοῦ
2374 5477 2544 5546 πυρός
2564 5477 2702 5547 ὄψει,
2739 5479 2834 5532 καὶ
2858 5479 3020 5541 ὄγκος
3045 5479 3133 5531 καὶ
3175 5480 3206 5548 ὴ
3235 5478 3516 5544 ἀναλογία,
3540 5480 3575 5548 ἡ
3612 5477 3667 5529 δὲ

2087 5561 2316 5632 δύναμις
2352 5560 2536 5614 οὐκέτι
2561 5577 2576 5592 ⁸
2610 5561 2756 5615 οῦτω
2776 5563 2839 5635 δὴ
2885 5565 3002 5616 ἐκεῖ
3028 5566 3131 5634 γῆν
3165 5562 3312 5615 ἔστιν
3364 5563 3512 5625 ἰδεῖν,
3553 5561 3668 5614 ἀλλ’

2088 5645 2241 5699 οὐδὲν
2275 5644 2504 5714 ἔχουσαν
2531 5647 2653 5715 γῆς,
2693 5645 2827 5698 ἀλλά
2857 5648 3030 5700 πάντα
3053 5647 3253 5717 τέφραν
3277 5661 3290 5674 ⁸
3338 5645 3528 5716 δένδρα
3576 5647 3672 5699 καὶ

2091 5731 2360 5801 καρποὺς,
2411 5729 2528 5782 ἀλλ’
2579 5729 2733 5784 οὐδὲν
2765 5731 2952 5803 ἔχοντα
2987 5733 3222 5802 δένδρων
3247 5731 3367 5784 οὐδὲ
3399 5732 3668 5800 καρπῶν

2092 5814 2230 5885 ἀέρα
2263 5813 2356 5866 καὶ
2427 5813 2593 5885 ὕδωρ,
2625 5813 2741 5866 ἀλλ’
2780 5815 2932 5868 οὐδὲν
2974 5815 3136 5884 ἀέρος
3159 5815 3280 5870 ούδέ
3313 5814 3504 5876 ὓδατος
3527 5830 3542 5844 ⁸
3575 5813 3669 5867 καὶ

2095 5898 2202 5968 γὰρ
2225 5895 2513 5953 καὶταῦτα
2533 5897 2890 5970 τετέφρωται.
2941 5899 3131 5952 Καίτοι
3179 5899 3298 5963 πῶς
3340 5898 3405 5953 ἂν
3432 5899 3537 5969 ἀὴρ
3567 5899 3669 5969 ἐμ-
