3834 6540
195 497 282 555 ιιι
954 489 1020 554 ΙΝ
1057 497 1272 555 EPIST.
1314 497 1356 552 Ι.
1397 498 1490 553 AD
1527 495 1853 553 TllESSAL
1891 495 2050 552 CAP.
2093 497 2180 554 IV.
2224 487 2456 556 DOMIL.
2501 499 2633 559 Vill.

197 609 249 664 fit
299 608 636 677 resurrectio,
694 609 747 665 iu
801 611 907 665 ictu
945 610 1106 666 oculi.
1155 610 1308 677 Quod
1349 620 1526 666 autem
1551 609 1748 666 dicitur

193 700 321 774 quod
349 691 759 772 congregantur,
789 701 840 757 id
864 711 968 768 est,
996 703 1189 772 ubique
1210 702 1423 772 quidem
1447 710 1749 772 resurgunt,

193 802 570 864 congregantur
610 802 788 848 autem
825 794 894 848 ab
921 795 1152 864 angelis.
1197 796 1371 864 Atque
1400 793 1544 864 quod
1576 809 1754 848 resur—

189 894 306 959 gant
327 926 339 950 ,
373 893 454 939 est
480 885 570 938 Dei
599 885 849 953 potentiae
869 885 1106 955 jubentis
1128 893 1326 941 terram
1367 885 1637 939 dimittere
1661 884 1756 939 de-

192 977 441 1050 positum,
487 964 586 1030 nec
612 986 694 1030 est
734 976 872 1030 ullus
892 977 981 1046 qui
1014 977 1273 1032 inserviat
1307 995 1320 1031 :
1347 977 1486 1030 sicut
1516 986 1640 1031 tunc
1663 992 1754 1029 vo-

189 1069 318 1124 cavit
360 1066 641 1133 Lazarum,
689 1065 906 1128 Lazare,
954 1069 1066 1122 veni
1109 1068 1250 1137 foras
1279 1067 1458 1138 (Joan.
1487 1069 1577 1122 11.
1611 1069 1706 1134 45)
1739 1085 1752 1122 :

190 1158 442 1215 adducere
469 1167 644 1212 autem
673 1166 755 1212 est
785 1157 1175 1212 ministrorum.
1231 1158 1302 1212 At
1341 1159 1388 1214 si
1428 1167 1755 1227 congregant

193 1261 244 1305 ct
291 1249 597 1303 discurrunt
635 1249 843 1325 angeli,
892 1249 1160 1319 quomodo
1190 1249 1290 1319 ipsi
1320 1249 1404 1304 hic
1430 1249 1753 1318 rapiuntur?

190 1345 475 1415 Itapinntur
521 1351 797 1412 postquam
863 1343 1268 1409 descenderint,
1332 1352 1610 1414 postquam
1643 1342 1755 1398 fue-

186 1439 289 1492 rint
325 1435 627 1504 congregati
664 1453 678 1488 :
712 1434 812 1488 hoc
851 1435 992 1488 enim
1024 1435 1182 1490 simul
1213 1436 1267 1488 fit
1293 1436 1497 1489 sciente
1518 1431 1753 1488 nemine.

186 1528 312 1583 Nam
353 1524 565 1595 quando
592 1525 823 1583 viderint
849 1535 1046 1580 terram
1075 1525 1314 1588 moveri,
1348 1525 1620 1594 pulverem
1651 1524 1755 1576 mi-

186 1620 344 1680 sceri.
371 1634 436 1672 ex
464 1632 617 1687 aquo
657 1617 890 1688 undique
920 1618 1140 1672 excitari
1169 1632 1415 1687 corpora,
1451 1616 1661 1670 nemine
1689 1616 1755 1670 ad

185 1711 284 1765 hoc
326 1709 680 1772 inserviente,
722 1709 816 1762 sed
841 1707 993 1778 jussu
1015 1707 1314 1762 sufficiente
1343 1707 1409 1760 ad
1441 1718 1637 1760 terram
1669 1721 1757 1760 re-

183 1802 377 1871 plutam
423 1798 869 1864 exinaniendam;
901 1800 1070 1868 cogita
1098 1799 1238 1853 enim
1268 1809 1523 1867 quantum
1553 1797 1624 1851 sit
1643 1811 1759 1850 om-

184 1908 280 1947 nvs
322 1891 390 1944 ab
422 1889 627 1944 Adamn
677 1905 844 1960 usque
889 1890 954 1944 ad
993 1890 1108 1959 ejus
1153 1890 1438 1945 adventum
1485 1900 1609 1944 tunc
1649 1889 1759 1942 illic

181 1993 324 2036 stare
367 1997 488 2035 cum
541 1981 796 2035 uxoribus
843 1990 898 2035 et
949 1981 1071 2035 filiis
1102 1999 1116 2036 :
1150 1981 1398 2051 quando,
1429 1981 1675 2050 inquam,
1704 1979 1756 2034 in

177 2087 319 2129 terra
353 2083 556 2128 tantum
584 2073 816 2128 viderint
843 2073 1158 2138 tumultum,
1211 2082 1337 2127 tunc
1378 2072 1570 2128 scient.
1608 2072 1759 2126 Sicut

176 2185 304 2239 ergo
331 2168 386 2222 in
416 2181 478 2221 ea
503 2182 622 2237 quae
652 2166 943 2221 secundum
982 2182 1197 2221 carnem
1229 2166 1323 2220 fuit
1351 2165 1756 2237 dispensatione

174 2262 308 2316 nihil
345 2261 722 2329 prmviderant,
752 2260 820 2313 ita
847 2269 901 2314 et
927 2269 1072 2314 tunc.

239 2356 296 2408 2.
341 2354 570 2422 Quando
599 2367 727 2424 ergo
753 2352 870 2407 haec
896 2353 1030 2408 facta
1059 2352 1276 2418 fuerint,
1308 2362 1431 2406 tunc
1452 2348 1551 2406 erit
1581 2359 1634 2406 et
1655 2366 1760 2405 vox

167 2447 486 2516 archangeli
507 2445 864 2516 prmcipientis
886 2445 1091 2516 angelis
1118 2456 1171 2501 et
1199 2445 1503 2512 clamantis,
1525 2455 1576 2500 et
1595 2445 1756 2509 tuba},

171 2541 255 2593 νι·ι
282 2540 466 2608 potius
493 2539 736 2593 tubarum
767 2539 990 2592 sonitus.
1018 2537 1198 2606 Qualis
1228 2554 1356 2606 ergo
1385 2549 1605 2604 tremor,
1631 2554 1762 2608 qua-

166 2632 232 2686 lis
263 2639 450 2684 metus
481 2629 696 2684 invadet
725 2643 820 2683 eos
853 2629 942 2698 qui
965 2630 1140 2683 vivent
1165 2629 1216 2683 in
1245 2629 1425 2683 terra?
1469 2628 1583 2685 Una
1613 2629 1756 2684 enim

165 2724 410 2792 rapitur,
440 2731 493 2775 et
511 2737 612 2775 una
635 2721 950 2788 dimittitur;
982 2732 1035 2776 et
1061 2736 1196 2775 unus
1211 2721 1518 2783 assumitur,
1539 2730 1595 2776 et
1623 2736 1762 2776 unus

162 2775 470 2869 minata}...
518 2813 750 2884 (Matth.
779 2775 868 2869 ei.
892 2775 1003 2870 ab.
1021 2815 1113 2877 41;
1143 2823 1188 2866 ει
1230 2775 1472 2867 Luem.
1501 2775 1590 2868 si.
1619 2813 1688 2867 35
1719 2813 1759 2882 ).

162 2908 301 2974 Quis
333 2907 446 2962 erit
474 2922 657 2961 eorum
685 2907 927 2970 animus,
960 2921 1078 2961 cum
1104 2906 1224 2961 illos
1253 2905 1468 2975 quidem
1509 2905 1560 2960 in
1594 2907 1759 2959 altum

162 2999 307 3064 tolli,
330 3013 401 3052 se
431 3013 557 3052 vero
576 2997 769 3052 dimitti
797 2997 1065 3066 viderint?
1089 3012 1266 3052 annon
1295 2997 1486 3068 quavis
1515 2996 1760 3067 gehenna

6 3100 70 3147 5;;
161 3089 475 3142 terribilius
523 3097 773 3158 poterunt
818 3088 932 3143 luce
972 3089 1609 3158 perterrere?Ponamus
1634 3103 1763 3158 ergo

159 3179 358 3233 verbis
382 3180 494 3247 jam
525 3179 625 3234 hoc
647 3179 856 3235 adesse.
899 3180 954 3236 Si
983 3179 1124 3235 enim
1165 3195 1312 3235 mors
1347 3181 1644 3250 repentina,
1677 3180 1762 3235 vel

24 3286 70 3316 :1.
160 3271 219 3323 in
251 3271 486 3324 urbibus
512 3282 670 3326 terrm
693 3281 885 3333 motus,
917 3280 972 3326 et
997 3273 1155 3326 mina:
1190 3273 1260 3328 ita
1293 3280 1503 3327 nostros
1525 3272 1764 3326 afficiunt

2 3367 76 3403 7:1"
151 3362 389 3416 animos
419 3381 435 3416 :
462 3362 675 3432 quando
704 3362 993 3417 viderimus
1022 3361 1297 3418 effractam
1327 3372 1547 3428 terram,
1579 3371 1633 3417 et
1659 3363 1763 3417 illis

6 3453 68 3536 ς’
149 3456 434 3510 omnibus
454 3455 743 3524 repletam;
766 3456 978 3525 quando
1005 3453 1159 3510 tubas
1184 3455 1529 3521 audierimus,
1549 3454 1764 3525 quando

15 3537 76 3606 τῖ’
147 3545 493 3613 archangeli
523 3561 705 3601 vocem
733 3546 920 3616 quavis
948 3547 1070 3601 tuba
1100 3547 1416 3611 clariorem,
1446 3547 1660 3617 quando
1686 3550 1760 3600 vi—

3334 501 3443 561 442

1861 609 2115 680 explicari
2163 614 2434 681 quomodo
2469 614 2784 671 afficiemur.
2837 616 3030 684 Certe,
3078 617 3288 690 inquit;
3339 619 3438 673 sed

1865 700 2006 756 Deus
2028 711 2112 757 est
2137 702 2374 759 clemens
2399 713 2456 760 et
2492 706 2820 772 misericors,
2848 714 2906 764 et
2929 707 3122 765 borum
3149 709 3282 765 nihil
3308 721 3437 765 erit.

1861 792 2002 865 Ergo
2047 793 2162 849 haze
2209 795 2403 850 frustra
2452 799 2650 867 scripta
2697 801 2860 855 sunt?
2913 799 3032 856 Non
3084 802 3286 874 inquit,
3342 803 3437 859 sed

1861 902 2030 956 usque
2077 887 2142 942 ad
2190 889 2362 942 minas
2408 889 2579 944 solum
2631 892 2922 959 procedet,
2956 905 3014 948 ut
3057 895 3346 966 sapiamus.
3381 894 3438 952 Si

1862 993 1990 1048 ergo
2015 995 2120 1033 non
2151 981 2440 1049 sapiamus,
2469 980 2564 1035 sed
2592 983 2712 1035 mali
2738 998 2858 1038 esse
2888 999 3195 1054 pergamus,
3227 1004 3333 1041 nou
3363 987 3444 1042 in-

1864 1067 2016 1135 feret,
2048 1069 2134 1124 dic
2160 1071 2310 1139 mihi,
2331 1071 2682 1141 supplicium“!
2712 1073 2852 1143 Ergo
2870 1090 2969 1131 nec
2995 1077 3162 1132 bonos
3187 1093 3440 1133 remune-

1864 1159 2086 1214 rabitur.
2110 1161 2290 1230 Certe,
2323 1163 2494 1232 inquit
2524 1181 2537 1216 :
2567 1164 2714 1218 illum
2744 1167 2886 1220 enim
2907 1165 3062 1222 decet
3089 1170 3248 1223 etiam
3275 1184 3436 1237 supra

1864 1252 2053 1305 merita
2096 1251 2314 1308 afficere
2358 1253 2654 1310 beneficiis.
2701 1256 3058 1325 Quamobrem
3097 1260 3185 1314 illa
3222 1261 3438 1330 quidem

1863 1361 2009 1412 vera,
2037 1355 2090 1400 et
2119 1347 2340 1402 omnino
2389 1357 2582 1412 erunt;
2606 1364 2726 1419 quae
2769 1350 2836 1405 ad
2873 1351 3130 1420 supplicia
3155 1364 3334 1406 autem
3359 1363 3440 1407 at-

1866 1439 2054 1505 tinent,
2109 1455 2214 1494 non
2258 1450 2417 1496 erunt
2457 1441 2702 1507 omnino,
2745 1442 2840 1497 sed
2870 1438 3188 1498 suntsofuin
3219 1455 3440 1514 propter

1863 1530 2035 1584 minas
2062 1540 2115 1584 et
2142 1531 2376 1585 metum?
2418 1533 2698 1600 Quomodo
2724 1534 2823 1588 siin
2854 1534 3004 1588 vobis
3046 1549 3398 1604 persuasurus
3423 1575 3440 1597 ,

1862 1622 2067 1676 nescio.
2097 1621 2154 1677 Si
2189 1622 2377 1677 dixero
2418 1623 2562 1694 quod
2593 1625 2793 1678 vermis
2819 1639 3004 1679 eormn
3031 1641 3138 1680 non
3160 1625 3440 1690 morietur,

1862 1721 1918 1766 et
1960 1711 2099 1781 ignis
2139 1727 2247 1766 non
2296 1713 2663 1783 exstinguetur
2713 1713 2904 1784 (Marc.
2935 1715 2987 1770 9.
3017 1716 3150 1786 45);
3183 1716 3226 1770 si
3255 1716 3442 1771 dixero

1863 1803 2004 1874 quod
2028 1803 2360 1859 descendent
2386 1809 2438 1858 in
2467 1807 2643 1875 ignem
2673 1814 2962 1870 aeternum;
2992 1807 3035 1861 si
3059 1807 3330 1862 adduxere
3356 1806 3410 1860 di
3429 1839 3444 1848 -

1863 1895 2028 1949 vitem
2055 1894 2145 1965 qni
2169 1895 2279 1965 jam
2311 1895 2550 1965 punitur,
2577 1896 2749 1951 minas
2785 1911 2847 1950 ea
2873 1912 2994 1952 esse
3028 1897 3216 1952 dicetis
3240 1900 3441 1952 omnia.

1864 1977 2143 2056 Quomodo
2172 2003 2300 2058 ergo
2326 1987 2477 2042 vobis
2509 1987 2876 2057 persuadebo?
2907 1989 3031 2044 llrce
3067 1998 3152 2044 est
3189 1989 3332 2044 enim
3360 2005 3445 2044 sa-

1866 2077 2040 2133 tanica
2067 2078 2343 2148 cogitatio,
2376 2077 2616 2134 inutilem
2640 2081 2889 2150 prmbens
2915 2085 3166 2150 gratiam,
3195 2081 3444 2151 ignavos-

1863 2183 1970 2238 que
1996 2168 2229 2223 reddens
2271 2179 2327 2223 et
2373 2169 2607 2224 desides.
2651 2170 2930 2238 Quomodo
2957 2187 3074 2226 eam
3104 2171 3447 2228 eximemus?

1867 2260 2234 2329 Quaecumque
2273 2261 2516 2316 dicemus
2555 2277 2620 2318 ex
2670 2264 2979 2334 Scripturis,
3017 2279 3080 2319 ea
3111 2265 3300 2320 dicetis
3325 2281 3448 2322 esse

1865 2353 2060 2407 minas.
2084 2352 2191 2408 Sed
2212 2352 2316 2408 hoc
2343 2355 2566 2424 quidem
2597 2355 2797 2410 dixeris
2825 2355 2891 2409 de
2920 2355 3150 2422 futuris;
3179 2357 3272 2412 sed
3293 2358 3361 2412 de
3384 2356 3448 2412 iis

1865 2457 1984 2513 qua».
2025 2453 2321 2499 evenerunt
2363 2454 2417 2500 et
2457 2445 2524 2499 ad
2569 2445 2729 2499 fidem
2771 2456 3161 2515 pervenerunt,
3206 2448 3443 2503 minimc.

1866 2534 2169 2590 Audivistis
2212 2550 2400 2590 omnes
2423 2535 2493 2591 de
2517 2536 2719 2591 diluvio
2747 2554 2761 2590 :
2794 2553 2920 2592 num
2953 2538 3040 2592 illa
3069 2554 3281 2609 quoque
3305 2538 3444 2594 dicta

1866 2636 1990 2680 sunt
2029 2635 2248 2695 promer
2279 2627 2506 2698 plinas?
2557 2642 2741 2682 annon
2785 2639 2840 2684 et
2875 2638 3172 2683 evenerunt
3214 2641 3269 2686 et
3312 2631 3447 2686 facta

1866 2719 2034 2773 sunt?
2066 2718 2341 2788 Ejusmodi
2373 2719 2540 2773 multa
2577 2719 2653 2774 illi
2692 2736 2904 2790 quoque
2935 2721 3202 2788 dicebant,
3231 2731 3286 2777 et
3325 2740 3446 2777 cum

1867 2819 2080 2866 centum
2101 2826 2362 2866 annorum
2389 2812 2562 2882 spatio
2590 2812 2943 2868 fabricaretur
2960 2830 3104 2880 arca,
3129 2824 3185 2870 et
3207 2817 3449 2886 compin-

1866 2912 2117 2971 gerentur
2159 2901 2336 2972 ligna,
2394 2911 2448 2956 et
2485 2901 2665 2972 justus
2709 2904 2990 2971 clamaret,
3030 2921 3188 2960 nemo
3214 2915 3331 2960 erat
3359 2910 3450 2976 qui

1872 2994 2114 3048 crederet
2151 3011 2163 3048 :
2195 2992 2290 3047 sed
2319 2994 2570 3063 quoniam
2609 3011 2714 3050 non
2766 2996 3112 3052 crediderunt
3142 2999 3300 3053 minis
3329 3014 3448 3068 qua:

1867 3083 2065 3138 fiebant
2094 3086 2292 3148 verbis,
2322 3087 2484 3142 rebus
2511 3086 2641 3155 ipsis
2663 3087 2942 3142 subierunt
2964 3089 3304 3158 supplicium.
3337 3091 3450 3145 lloe

1867 3175 2040 3245 ipsum
2087 3192 2300 3248 quoque
2343 3177 2501 3234 nobis
2541 3177 2770 3246 accidet,
2804 3180 2849 3234 si
2894 3195 3000 3234 non
3027 3180 3442 3236 crediderimus.

1867 3268 2154 3339 Propterea
2185 3271 2301 3341 ejus
2330 3286 2542 3342 quoque
2588 3271 2878 3327 adventum
2928 3283 3205 3344 comparat
3258 3273 3449 3329 diebus

1868 3349 2005 3424 Noe;
2049 3362 2307 3430 quoniam
2353 3361 2491 3416 sicut
2532 3361 2607 3416 illi
2633 3362 2836 3416 diluvio
2862 3362 3080 3432 quidam
3121 3379 3227 3418 non
3271 3364 3448 3418 credi-

1866 3451 2081 3520 derunt,
2117 3453 2187 3508 ita
2210 3453 2370 3508 etiam
2395 3454 2596 3509 diluvio
2621 3454 2900 3524 gehennae.
2924 3454 3089 3510 llfane
3115 3466 3240 3511 sunt
3266 3456 3446 3523 minae,

1867 3561 2046 3600 annon
2088 3561 2273 3601 revera
2305 3545 2444 3601 facta
2477 3548 2643 3600 sunt?
2694 3547 2895 3601 Deinde
2939 3548 3028 3616 qui
3072 3557 3177 3603 tam
3231 3561 3450 3617 repente

57 3645 70 3654 ’
142 3636 417 3689 «ferimus
465 3636 652 3688 caelum
693 3636 937 3690 contrahi
961 3676 974 3699 ,
999 3636 1210 3705 quando
1237 3637 1408 3706 ipsum
1430 3637 1621 3693 adesse
1647 3654 1762 3691 om-

144 3728 307 3781 nium
336 3727 553 3798 Regem
585 3729 770 3795 Deum,
799 3730 918 3799 quis
947 3731 1050 3784 erit
1080 3730 1232 3784 nobis
1261 3731 1511 3786 animus?
1534 3732 1763 3786 llorrea-

138 3833 298 3880 mus,
328 3833 498 3887 rogo,
525 3827 578 3872 et
596 3819 1025 3882 extimescanius,
1047 3829 1312 3890 tamquam
1339 3823 1451 3875 haec
1473 3822 1583 3890 jam
1611 3823 1760 3876 fiant.

136 3909 225 3965 Ne
274 3909 561 3964 dilatione
598 3919 651 3964 et
697 3926 846 3966 mora
895 3926 992 3965 nos
1023 3911 1166 3981 ipsos
1203 3913 1546 3968 consolemur
1578 3931 1591 3967 :
1625 3929 1748 3968 nam

0 3995 58 4072 :5.
130 4019 273 4057 cum
309 4003 556 4057 omnino
580 4003 696 4059 fieri
719 4012 997 4073 oporteat,
1024 4004 1152 4058 nihil
1177 4004 1331 4075 juvat
1359 4005 1564 4061 dilatio.
1591 4006 1761 4074 Quan-

134 4106 230 4148 tus
284 4103 439 4148 tunc
485 4105 566 4147 est
618 4103 837 4161 tremor,
882 4105 1114 4164 quantus
1145 4098 1364 4150 metus?
1398 4096 1614 4151 Vidistis
1654 4099 1758 4152 ali-

126 4186 386 4255 quando
423 4200 522 4240 eos
547 4187 634 4255 qui
665 4185 998 4240 abducuntur
1025 4186 1091 4240 ad
1125 4187 1394 4242 mortem?
1436 4204 1542 4258 quo
1582 4189 1762 4246 animo

0 4316 24 4345 εν
60 4306 62 4308 τ
126 4292 242 4332 eos
273 4291 424 4331 esse
457 4277 650 4344 putatis
679 4276 1042 4346 ingredientes
1067 4278 1204 4331 viam
1236 4293 1401 4346 usque
1426 4279 1491 4332 ad
1526 4289 1760 4350 portam,

121 4383 281 4440 quot
307 4369 598 4424 mortibus
626 4386 732 4424 non
761 4371 1032 4441 pejorem?
1057 4370 1185 4442 quid
1213 4387 1319 4426 non
1346 4373 1539 4444 eligant
1561 4383 1615 4428 et
1638 4389 1763 4444 age-

125 4477 200 4515 re
285 4471 353 4514 et
384 4462 503 4531 pati
538 4472 591 4514 ut
621 4463 689 4516 ab
736 4462 820 4516 illa
865 4462 1160 4517 liberentur
1205 4463 1433 4534 caligine
1482 4475 1534 4519 et
1580 4466 1761 4521 nube?

0 4567 50 4605 εςῖ
126 4557 266 4625 Ego
298 4555 521 4608 multos
548 4554 726 4608 audivi
766 4559 855 4625 qui
885 4553 1228 4626 Imperatoris
1254 4555 1538 4610 clementia
1565 4598 1577 4619 ,
1613 4566 1760 4626 post-

9 4657 56 4688 7~
118 4661 320 4716 quam
380 4645 607 4699 abducti
651 4648 896 4708 fuerant,
943 4656 1098 4700 erant
1141 4648 1417 4712 revocati,
1473 4649 1615 4719 quod
1665 4664 1763 4704 nec

11 4730 30 4747 ”
111 4740 423 4796 homines
460 4740 687 4794 vidi-rint
731 4749 996 4810 tamquam
1027 4741 1270 4795 homines
1301 4759 1314 4796 :
1342 4741 1478 4797 adeo
1504 4752 1620 4796 erat
1651 4751 1764 4796 tur-

106 4835 304 4890 batus
359 4843 438 4889 et.
477 4833 808 4902 stupefactus
855 4842 909 4887 et
945 4842 1154 4888 emotus
1199 4834 1429 4890 animus.
1473 4834 1529 4890 Si
1555 4851 1652 4890 nos
1691 4836 1761 4891 ita

10 4911 54 4936 ⁸
103 4934 316 4982 terret
364 4939 535 4979 mors
584 4924 920 4993 corporalis;
973 4925 1184 4994 quando
1213 4924 1489 4981 advenerit
1518 4938 1756 4993 mterna,

7 5003 52 5086 ’ς
96 5014 452 5089 quomodo
480 5013 682 5069 erimus
711 5013 928 5068 affecti?
967 5012 1035 5069 Et
1067 5015 1198 5085 quid
1229 5016 1349 5072 dico
1370 5017 1438 5072 de
1465 5017 1528 5072 iis
1555 5018 1644 5089 qui
1691 5019 1758 5072 ad

15 5105 38 5117 ”
95 5117 396 5164 "mrtem
452 5105 830 5159 abducuntur?
872 5117 995 5160 tunc
1036 5123 1131 5162 eos
1170 5108 1515 5164 circumsistit
1555 5110 1711 5164 turba
1740 5151 1756 5176 ,

91 5203 330 5272 plures
403 5197 568 5267 ipsos
617 5197 941 5267 ignorantes.
1007 5197 1061 5253 Si
1122 5200 1243 5269 quis
1300 5209 1476 5255 tamen
1540 5202 1754 5256 illorum

84 5293 366 5350 animos
452 5291 944 5360 circumspexerit,
1010 5308 1166 5346 nemo
1217 5302 1300 5348 est
1352 5293 1486 5348 adeo
1538 5309 1755 5361 saevus,

10 5373 42 5430 ’.
83 5403 293 5441 nemo
356 5379 672 5438 lam'forti
715 5389 770 5437 et
814 5399 1006 5453 magno
1034 5385 1248 5448 animo,
1289 5385 1380 5453 qui
1426 5401 1533 5439 non
1580 5387 1752 5456 ipsam

35 5511 42 5539 ;
77 5481 337 5535 habent
370 5473 634 5530 animam
664 5484 1060 5531 consternatam
1100 5491 1162 5531 ac
1195 5477 1481 5546 dejectam,
1515 5487 1569 5533 et
1606 5492 1753 5533 metu

5 5611 10 5614 -
74 5584 142 5628 ct
201 5566 598 5641 a-gritudiue
632 5565 964 5621 dissolutam.
993 5566 1049 5622 Si
1089 5579 1265 5622 autem
1305 5569 1422 5623 aliis
1445 5569 1581 5625 hanc
1612 5586 1757 5624 mor-

0 5698 12 5706 .
71 5673 209 5717 tetu
274 5655 752 5724 suscipientibus
789 5672 907 5727 qua:
935 5671 964 5711 a
1003 5671 1192 5712 somno
1235 5659 1368 5714 nihil
1415 5659 1626 5725 differt,
1675 5661 1746 5715 ita

65 5753 491 5810 afﬁciuntur
532 5746 620 5815 qui
663 5747 780 5816 ejus
819 5763 926 5802 non
969 5758 1094 5802 sunt
1137 5750 1419 5820 participes
1464 5769 1478 5805 :
1527 5751 1740 5822 quando

60 5864 192 5903 nos
229 5843 370 5916 ipsi
418 5839 710 5906 inmajora
737 5839 1098 5905 inciderimus,
1136 5843 1402 5911 quomodo
1443 5859 1539 5898 nos
1584 5841 1751 5899 liabe-

51 5937 347 5998 bimus?
428 5927 568 5987 Non
619 5939 832 6001 potest,
883 5947 989 5987 nou
1041 5941 1244 6002 potest,
1290 5935 1528 6001 credite,
1569 5933 1745 5991 verbis

1870 3636 2049 3690 intulit
2087 3636 2442 3705 supplicium,
2494 3652 2601 3692 non
2647 3638 2814 3691 multo
2846 3638 3014 3708 magis
3057 3654 3197 3694 nunc
3235 3655 3451 3710 quoque

1868 3729 2104 3783 inferet?
2149 3745 2255 3783 non
2302 3729 2444 3783 enim
2473 3745 2592 3799 qua:
2625 3745 2765 3784 nunc
2794 3729 2960 3794 fiunt,
2993 3740 3120 3784 sunt
3147 3731 3354 3786 minora
3387 3733 3451 3786 iis

1868 3837 1984 3890 qua:
2011 3829 2136 3875 tunc
2167 3821 2382 3876 fiebant.
2415 3821 2738 3890 Quomodo?
2790 3821 2940 3876 Tunc
2971 3822 3224 3891 ingressi,
3250 3823 3445 3893 inquit,

1869 3921 1994 3967 sunt
2027 3911 2118 3965 filii
2151 3912 2243 3966 Dei
2283 3911 2350 3966 ad
2388 3912 2524 3968 filias
2551 3911 2827 3966 hominum
2853 3912 3003 3984 (Gen.
3031 3913 3084 3968 6.
3111 3912 3210 3983 8.);
3263 3923 3317 3967 et
3361 3930 3448 3969 res

1873 4002 2050 4072 gravis
2078 4012 2196 4057 erat
2223 4001 2314 4056 ille
2346 4003 2662 4058 concubitus
2689 4021 2700 4055 :
2733 4018 2878 4057 nunc
2917 4015 3096 4059 autem
3130 4006 3335 4059 nullum
3368 4017 3451 4061 est
3504 4065 3509 4076 ἶ

1869 4108 2037 4162 genus
2066 4092 2178 4147 vitii
2202 4104 2255 4148 et
2277 4094 2498 4147 sceleris
2529 4093 2671 4164 quod
2701 4109 2805 4147 non
2836 4093 3165 4148 :nhnittatur.
3190 4095 3450 4149 Creditis-

1870 4202 1938 4240 ne
1967 4187 2131 4241 fuissc
2176 4187 2461 4249 diluvium,
2493 4202 2560 4241 an
2593 4187 2645 4240 id
2683 4191 2833 4242 vobis
2859 4187 3067 4242 videtur
3103 4204 3224 4242 esse
3265 4189 3452 4257 uaga-7

1871 4279 2029 4348 Atqui
2058 4288 2113 4332 et
2159 4289 2369 4334 montes
2400 4281 2451 4333 in
2478 4279 2671 4348 quibus
2695 4281 2844 4334 Stetit
2871 4295 3026 4344 arca,
3071 4278 3124 4334 id
3166 4290 3446 4343 testantur,

1873 4379 2104 4435 montes,
2138 4371 2374 4440 inquam,
2407 4371 2698 4425 Armeniae.

1939 4462 1990 4515 3.
2021 4460 2100 4514 De
2135 4461 2471 4516 Sodomorum
2506 4462 2839 4518 lacu.—-Sed
2868 4479 2932 4516 ex
2962 4462 3148 4529 multa,
3171 4480 3290 4533 qua:
3319 4463 3449 4518 mihi

1867 4553 2137 4622 suppetit,
2168 4554 2319 4622 copia
2350 4553 2415 4606 ad
2445 4556 2670 4608 alterum
2700 4555 2801 4608 hoc
2830 4555 3163 4610 manifestius
3189 4556 3449 4610 deducam

1867 4645 2181 4699 orationem.
2211 4645 2654 4715 Peregrinatusne
2678 4658 2759 4701 cst
2785 4662 2849 4702 ex
2879 4646 3028 4700 vobis
3055 4649 3316 4718 quispiam
3343 4665 3451 4702 uin-

1867 4751 2024 4804 quam
2055 4735 2106 4788 in
2138 4735 2458 4790 Palaestina?
2486 4736 2602 4791 Jam
2631 4739 2771 4791 enim
2795 4753 2900 4792 non
2928 4739 3154 4808 amplius
3178 4739 3336 4794 verba
3366 4741 3452 4794 di-

1866 4841 2004 4892 cam,
2033 4827 2124 4880 sed
2154 4827 2286 4881 facta
2318 4846 2330 4882 :
2356 4843 2674 4898 quamquam
2700 4829 2859 4884 etiam
2903 4830 3077 4899 priora
3109 4841 3262 4886 erant
3289 4832 3450 4888 rebus

1867 4920 1996 4989 ipsis
2021 4920 2347 4975 evidentiora
2374 4940 2387 4976 :
2417 4938 2537 4975 nam
2562 4938 2678 4992 quae
2707 4922 2900 4979 dixerit
2923 4924 3217 4994 Scriptura,
3239 4941 3300 4980 ea
3327 4937 3450 4980 sunt

1866 5015 1952 5080 iis,
1970 5031 2088 5084 quae
2109 5013 2372 5078 videntur,
2391 5015 2745 5070 credibiliora.
2766 5016 3206 5088 Peregrinatusne
3219 5028 3303 5072 est
3321 5034 3451 5087 ergo

1867 5120 1932 5161 ex
1961 5106 2113 5160 vobis
2140 5106 2401 5176 quispiam
2432 5107 2483 5160 in
2513 5107 2831 5162 Palaestina?
2871 5125 2969 5179 ego
2996 5106 3208 5176 quidem
3235 5109 3446 5177 Opinor.

1865 5199 2002 5266 Quid
2032 5200 2199 5269 ergo?
2227 5199 2335 5254 Vos
2363 5200 2449 5270 qui
2477 5200 2564 5255 illa
2591 5201 2705 5255 loca
2733 5201 2954 5264 vidistis,
2985 5201 3118 5256 ferte
3146 5201 3274 5254 mihi
3303 5203 3449 5255 testi-

1865 5291 2102 5345 monium
2132 5291 2271 5360 apud
2301 5306 2394 5346 eos
2421 5293 2510 5363 qui
2542 5291 2648 5346 illic
2676 5308 2781 5346 non
2818 5290 3048 5345 fuerunt.
3083 5292 3250 5362 Supra
3285 5293 3450 5345 Asca-

1867 5380 2040 5435 lonem
2071 5391 2126 5435 et
2150 5381 2366 5446 Gazam,
2397 5383 2484 5435 ubi
2511 5382 2708 5437 desinit
2732 5381 2978 5436 Jordanis
3004 5381 3213 5447 fluvius,
3238 5392 3321 5437 est
3344 5398 3451 5437 meo

1863 5489 1962 5544 gna
2001 5475 2144 5544 regio
2174 5483 2226 5528 et
2267 5474 2492 5540 fertilis;
2524 5475 2632 5528 imo
2657 5489 2783 5528 vero
2814 5484 2964 5537 erat;
2993 5490 3133 5528 nunc
3169 5475 3310 5529 enim
3339 5491 3448 5530 non

1864 5575 1944 5617 est
1973 5582 1986 5618 :
2017 5563 2126 5636 ipsa
2156 5580 2283 5634 ergo
2313 5575 2426 5618 erat
2455 5573 2512 5619 ut
2541 5563 2816 5632 paradisus
2840 5581 2854 5621 ;
2894 5563 3029 5618 Vidit
3058 5567 3222 5632 enim,
3251 5567 3445 5636 inquit,

1863 5653 1960 5708 Lot
1985 5656 2267 5709 universam
2293 5657 2426 5708 circa
2452 5655 2730 5708 Jordanem
2755 5656 3028 5726 regionem,
3056 5667 3102 5712 et
3127 5670 3234 5711 erat
3253 5660 3445 5729 irrigua

1863 5747 1990 5800 sicut
2019 5745 2114 5798 Dei
2142 5748 2410 5815 paradisus
2439 5745 2590 5815 (Gen.
2622 5747 2708 5800 13.
2741 5746 2850 5817 10).
2887 5746 3000 5817 Ipsa
3027 5764 3155 5818 ergo
3183 5767 3302 5818 qua:
3327 5761 3445 5805 erat

1862 5839 1996 5894 adeo
2035 5839 2219 5893 ﬂorida
2244 5882 2259 5907 ,
2289 5849 2342 5894 et
2379 5856 2499 5894 cum
2538 5840 2784 5894 omnibus
2820 5842 3057 5897 certabat
3095 5843 3399 5914 regionibus
3425 5888 3441 5910 ,

1863 5949 1980 6003 qua:
2005 5931 2276 5990 fertilitate
2305 5934 2546 6006 arquabat
2573 5933 2664 5990 Dei
2694 5932 3018 6006 paradisum,
3048 5946 3130 5992 est
3160 5953 3296 5994 nunc
3329 5940 3444 6009 qui-
