3834 6508
20 693 101 741 ἐτη,

30 880 79 917 ff:

215 438 305 495 MS

227 547 477 627 πρησθείη
506 547 635 601 ποτέ
664 563 679 612 ;
735 546 851 611 πῶς
893 547 936 601 δ’
967 548 1032 602 ἂν
1059 548 1201 620 ὕδωρ
1235 550 1396 621 μένον
1427 550 1611 622 ὖδωρ;
1655 550 1788 614 ξύλα

229 648 315 721 μὲν
334 644 433 713 γὰρ
462 642 555 694 καὶ
578 640 760 705 λίθους
780 641 1006 694 δυνατὸν
1040 641 1234 707 καίειν,
1259 642 1397 713 ἀέρα
1424 643 1481 697 δὲ
1513 647 1609 695 καὶ
1640 643 1786 714 ὕδωρ

225 734 451 805 οὐδαμῶς
495 733 740 789 δυνατόν.
797 733 961 802 Ἡμῖν
1006 735 1069 786 ού
1108 734 1356 799 δυνατὸν,
1400 732 1481 805 τῷ
1526 734 1583 787 δὲ
1645 735 1791 787 αύτά

221 828 490 897 ποιήσαντι
537 823 782 877 δυνατόν.
821 822 1125 895 Τοιγαροῦν
1169 824 1322 877 οὐδὲν
1367 824 1555 892 ἕτερον
1610 824 1642 894 ἢ
1688 826 1789 879 κά-

224 922 361 995 μινός
382 920 525 970 ἐστιν
558 918 587 970 6
609 915 736 987 ἀὴρ,
774 916 1001 986 κάμινος
1028 916 1089 970 τὸ
1122 914 1267 987 ὕδωρ
1295 932 1309 945 '
1334 916 1513 971 πάντα
1540 916 1787 989 ἄκαρπα,

220 1016 381 1068 πάντα
414 1010 603 1079 ἄγονα,
630 1008 806 1063 πάντα
829 1007 930 1077 τῆς
954 1007 1334 1080 προλαϐούσης
1354 1008 1531 1078 ὀργῆς
1555 1008 1787 1073 εἰκόνες,

218 1108 307 1177 τῆς
346 1101 643 1173 μελλούσης
694 1104 990 1172 τεκμήρια.
1045 1100 1136 1171 Μὴ
1203 1104 1297 1155 καὶ
1343 1100 1517 1156 ταῦτα
1565 1102 1790 1156 ἀπειλαὶ

217 1197 506 1273 ρημάτων;
566 1194 640 1263 μὴ
702 1194 796 1246 καὶ
838 1193 1017 1248 ταῦτα
1070 1193 1236 1263 ψόφοι
1287 1194 1591 1265 ρημάτωνς
1633 1194 1790 1265 Ἐμοὶ

217 1294 306 1365 μὲν
328 1289 433 1359 γάρ
463 1288 585 1341 οὐδὲ
607 1288 675 1341 τά
703 1288 944 1358 πρότερα
990 1287 1217 1351 ἄπιστα,
1273 1286 1390 1341 ἀλλ’
1437 1286 1641 1357 ὁμοίως
1673 1290 1789 1351 τοῖς

210 1381 498 1454 ὁρωμένοις
540 1379 608 1433 τά
656 1380 730 1450 μὴ
777 1378 1034 1449 ὁρώμενα
1092 1378 1262 1431 πιστά
1294 1393 1310 1408 ο
1372 1377 1450 1448 τῷ
1476 1378 1532 1431 δὲ
1572 1378 1789 1449 ἀπίστῳ

211 1474 299 1529 καὶ
334 1470 502 1524 ταῦτα
532 1470 691 1523 ίκανά
719 1469 901 1522 πίστιν
933 1470 1257 1537 παρασχεῖν.
1290 1466 1357 1520 El
1376 1485 1458 1530 τις
1481 1468 1785 1537 ἀπιστεῖτῇ

8 1540 95 1645 vim
209 1566 411 1636 γεέννῃ,
440 1562 508 1617 τά
540 1562 752 1632 Σόδομα
778 1560 1103 1629 λογιζέσθω,
1118 1560 1187 1613 τά
1219 1559 1477 1632 Γόμορρα
1508 1559 1787 1625 ἐννοείτω,

209 1664 300 1731 τὴν
320 1659 592 1729 τιμωρίαν
636 1656 735 1727 τὴν
782 1655 1175 1726 γεγενημένην,
1224 1653 1320 1708 καὶ
1352 1653 1433 1707 ἐτι
1491 1653 1784 1724 μένουσαν.

211 1749 370 1804 Τοῦτο
395 1751 493 1799 τοῦ
522 1744 848 1809 διαιωνίζειν
878 1743 976 1815 τὴν
1006 1742 1227 1796 κόλασιν
1278 1743 1602 1813 τεκμήριον.
1649 1743 1787 1813 Φορ-

209 1843 331 1897 τικά
354 1839 527 1893 ταῦτα
554 1853 568 1867 ⁸
609 1840 795 1892 ἐκεῖνα
832 1837 890 1891 δὲ
923 1837 984 1890 ού
1020 1835 1276 1909 φορτικά,
1329 1835 1459 1889 ὅταν
1488 1835 1675 1907 λέγῃς,
1702 1834 1786 1888 δτι

43 1914 97 2017 ξ
212 1936 305 1989 οὐκ
336 1932 451 1986 ἐστι
485 1931 702 2000 γέεννα,
728 1928 841 1983 ἀλλ’
869 1927 1056 1991 ἁπλῶς
1086 1927 1427 1999 ἠπείλησενὸ
1455 1927 1587 1991 θεάς
1611 1944 1627 1994 5
1655 1927 1786 1980 ὅταν

207 2025 437 2096 έκλύσῖὶῖ
466 2024 566 2087 τὰς
594 2025 784 2094 Χεῖρας
814 2023 908 2076 τοῦ
942 2018 1106 2088 Maii;
1139 2018 1211 2073 Σύ
1248 2037 1317 2091 με
1343 2019 1518 2074 ταῦτα
1542 2019 1787 2089 ἀναγκά-

205 2123 312 2188 ζεις
339 2116 491 2192 [482]
521 2117 700 2185 λέγειν
732 2117 762 2170 6
785 2115 1102 2169 διαπιστῶν.
1138 2114 1203 2167 Εἰ
1230 2116 1346 2178 τοῖς
1390 2115 1629 2186 ῥήμασιν
1662 2114 1788 2167 ἐπί-

204 2226 431 2271 στευσας
461 2207 557 2261 τοῦ
586 2205 846 2278 Χριστοῦ,
881 2206 982 2259 οὐκ
1010 2204 1404 2276 ἠναγκαζόμην
1428 2204 1528 2277 τὴν
1549 2204 1658 2259 ἀπὸ
1676 2204 1789 2257 τῶν

201 2300 547 2375 πραγμάτων
611 2298 794 2351 πίστιν
842 2301 1189 2369 παραγαγεῖν
1214 2313 1229 2329 ⁶
1270 2298 1461 2368 ἐπειδὴ
1505 2296 1562 2350 δὲ
1602 2299 1787 2351 ἐκεῖνα

199 2396 510 2464 πέφευγας,
549 2392 647 2446 καὶ
680 2392 825 2445 ἑκὼν
852 2391 949 2444 καὶ
991 2392 1142 2446 ἄκων
1174 2390 1453 2464 πεισθήσῃ
1484 2390 1692 2446 λοιπόν.
1719 2388 1786 2442 Τί

200 2489 305 2559 γάρ
335 2489 489 2558 ἔχεις
516 2488 646 2557 περὶ
676 2486 784 2540 τῶν
810 2484 1057 2555 Σοδόμων
1089 2486 1297 2550 εἰπεῖν;
1346 2483 1537 2537 Βούλει
1569 2485 1663 2537 καὶ
1686 2483 1787 2554 τὴν

199 2583 376 2637 αἰτίαν
414 2581 634 2652 μαθεῖν,
670 2580 738 2633 δι’
779 2581 846 2650 ἣν
896 2579 1019 2632 τότε
1070 2577 1241 2631 ταῦτα
1282 2577 1535 2647 ἐγένετο;
1590 2578 1687 2630 Ἐν
1718 2573 1789 2648 ἦν

200 2676 512 2746 ἁμάρτημα
542 2672 777 2744 χαλεπὸν
810 2672 909 2743 μὲν
936 2671 1031 2726 καὶ
1050 2671 1345 2742 ἐπάρατον,
1378 2670 1518 2741 πλὴν
1545 2671 1661 2725 ἀλλ’
1691 2670 1749 2724 ἓν
1767 2687 1785 2704 δ

198 2768 383 2821 παισὶν
429 2766 794 2836 ὲπεμαίνοντο
838 2766 890 2817 οἱ
942 2763 1087 2825 τότε.
1124 2764 1219 2817 καὶ
1261 2762 1353 2817 διὰ
1395 2763 1553 2817 τοῦτο
1584 2762 1791 2834 ταύτην

196 2860 383 2912 ἔδοςαν
413 2859 520 2929 τὴν
540 2857 716 2927 δίκην.
773 2855 888 2909 Νῦν
918 2855 974 2908 δὲ
1008 2853 1179 2926 μυρία
1210 2856 1304 2908 καὶ
1332 2853 1444 2919 ἶσα,
1498 2855 1594 2907 καὶ
1626 2853 1788 2924 χαλε-

195 2951 421 3020 πώτερα
453 2949 666 3018 γίνεται
697 2946 902 3001 τούτων
945 2947 1344 3016 ἁμαρτήματα.
1402 2939 1539 2999 Εἶτα
1587 2946 1615 2998 6
1649 2944 1790 3018 ὑπὲρ

195 3045 310 3106 ἑνὸς
327 3042 738 3112 ἁμαρτήματος
763 3037 1033 3110 τοσαύτην
1063 3037 1267 3108 ὲκχέων
1292 3037 1483 3109 ὀργήν,
1528 3038 1621 3091 καὶ
1652 3038 1791 3108 μήτε

194 3137 291 3188 τοῦ
333 3133 595 3205 Ἀϐραάμ
642 3131 744 3203 τὴν
800 3131 1079 3203 ἱκετηρίαν
1119 3131 1483 3202 δυσωπηθεὶς,
1533 3132 1671 3201 μήτε
1698 3131 1793 3183 τὸν

199 3228 406 3280 ἐνοικον
443 3226 596 3290 Λὼτ,
625 3226 718 3279 τὸν
764 3226 905 3297 ὑπὲρ
950 3226 1052 3297 τῆς
1089 3228 1169 3289 είς
1207 3225 1336 3288 τοὺς
1362 3223 1585 3287 δούλους
1628 3223 1793 3279 αὑτοῦ

195 3324 362 3392 τιμῆς
392 3321 496 3383 τὰς
517 3321 820 3391 θυγατέρας
841 3319 922 3381 είς
946 3317 1104 3389 ὓϐριν
1128 3318 1429 3389 προέμενον
1446 3318 1546 3381 τὰς
1570 3317 1791 3382 ἑαυτοῦ,

190 3416 468 3469 τοσούτων
502 3414 670 3468 ὄντων
695 3415 804 3467 τῶν
830 3413 1267 3485 ἁμαρτημάτων,
1308 3411 1559 3481 φείσεται
1579 3428 1594 3477 ;
1616 3410 1793 3474 Γέλως

190 3511 361 3573 ὅντως
394 3508 577 3562 ταῦτα
634 3509 730 3561 καὶ
784 3507 949 3578 λῆρος
1010 3508 1104 3559 καὶ
1134 3504 1312 3576 πλάνη
1364 3504 1462 3559 καὶ
1514 3504 1794 3577 διαϐολικὴ

4 3614 91 3655 μέίιτ
190 3605 406 3675 ἀπάτη.
487 3602 679 3657 Βούλει
729 3602 824 3656 καὶ
872 3603 1056 3670 ἕτερον
1100 3599 1408 3669 ὲπαγάγω;
1449 3599 1553 3652 Τὸν
1596 3598 1797 3668 Φαραὼ

190 3700 418 3761 πάντως
474 3696 699 3759 ἀκούεις
762 3696 853 3748 τὸν
901 3694 1215 3763 Αἰγυπτίων
1280 3692 1539 3763 βασιλέα*
1599 3691 1796 3746 οὐκοῦν

8 3792 19 3839 ξ,
62 3822 77 3827 ,λ
187 3788 338 3853 οἶδας
369 3791 474 3844 καὶ
507 3790 605 3861 τὴν
628 3790 783 3860 δίκην
814 3789 881 3860 ῆν
902 3788 1093 3854 ἔδωκε,
1124 3789 1217 3840 καὶ
1242 3786 1359 3850 πῶς
1380 3786 1565 3849 αὐτοῖς
1587 3785 1797 3856 ἅρμασι

190 3886 288 3938 καὶ
351 3885 555 3946 ἵπποις
610 3881 749 3954 μετά
788 3880 885 3934 τοῦ
935 3877 1299 3950 στρατοπέδου
1354 3877 1557 3941 παντὸς
1599 3880 1678 3941 είς
1738 3876 1800 3931 τὸ

198 3977 544 4047 Ἐρυθραῖον
575 3970 973 4041 κατεποντίσθη
1002 3971 1260 4038 πέλαγος.
1293 3967 1482 4023 Βούλει
1507 3970 1602 4022 καὶ
1635 3968 1800 4039 ἕτερα

192 4072 437 4140 μαθεῖν;
470 4071 682 4130 ἐκεῖνος
713 4067 812 4137 μὲν
842 4066 951 4136 γάρ
984 4064 1116 4127 ἴσως
1134 4064 1343 4134 ἀσεϐὴς
1380 4059 1470 4135 ἦν,
1510 4062 1712 4133 μᾶλλον
1742 4062 1801 4115 δὲ

187 4165 292 4216 οὒκ
326 4164 498 4227 ἴσως,
537 4160 651 4213 ἀλλ’
685 4158 856 4221 ὅντως
883 4158 1086 4228 ἀσεϐὴς
1114 4151 1203 4227 ἡν.
1261 4155 1451 4209 Βούλει
1482 4156 1577 4209 καὶ
1601 4157 1667 4209 ἐκ
1691 4154 1800 4209 τῶν

62 4242 75 4289 ἶ
190 4256 587 4308 πιστευόντων
636 4254 731 4306 καὶ
781 4251 1158 4322 προσεχόντων
1199 4249 1278 4320 τῷ
1309 4249 1450 4321 Θεῷ,
1479 4249 1593 4319 βίου
1618 4249 1673 4302 δὲ
1702 4249 1803 4303 οὐκ

186 4348 366 4401 ὅντων
430 4343 646 4417 ὀρθοῦ,
699 4342 1155 4414 τιμωρουμένους
1208 4341 1374 4408 ἱδεῖν;
1424 4341 1657 4395 ἄκουσον
1705 4341 1801 4395 τοῦ

192 4440 417 4493 Παύλου
446 4438 714 4506 λέγοντος
739 4454 753 4468 ·
784 4437 951 4503 Μηδὲ
975 4436 1379 4504 πορνεύωμεν,
1411 4433 1607 4501 καθώς
1643 4452 1804 4502 τινες

193 4529 401 4583 αὐτῶν
453 4530 942 4596 ὲξεπόρνευσιιν,
1003 4526 1103 4579 καὶ
1132 4525 1361 4579 ἔπεσον
1397 4524 1467 4577 ἐν
1482 4523 1592 4594 μιᾷ
1614 4524 1806 4595 ἡμέρᾳ

193 4620 571 4690 εἰκοσιτρεῖς
614 4618 913 4688 χιλιάδες’
959 4618 1114 4688 μηδὲ
1164 4615 1559 4688 γογγύζωμεν,
1610 4615 1803 4684 καθώς

185 4733 356 4781 τινες
391 4711 612 4767 αὐτῶν
650 4711 1013 4781 ἐγόγγυσαν,
1041 4710 1140 4763 καὶ
1176 4709 1494 4765 ἀπώλοντο
1543 4711 1662 4765 ὐπό
1696 4711 1804 4766 τοῦ

183 4806 585 4874 ὀλοθρευτοῦ
612 4822 625 4835 ·
672 4805 829 4875 μηδὲ
890 4801 1323 4873 ἐκπειράζωμεν
1368 4804 1475 4857 τὸν
1520 4803 1804 4872 Χριστὸν,

176 4902 394 4967 καθώς
460 4918 632 4966 τινες
683 4897 881 4953 αὐτῶν
943 4899 1310 4965 ἐπείρασαν,
1374 4896 1475 4951 καὶ
1526 4896 1647 4952 ὑπὸ
1687 4896 1807 4951 τῶν

180 4997 397 5063 ὄφεων
431 4993 785 5048 ἀπώλοντο.
848 4991 910 5043 Εἰ
939 4989 997 5042 δὲ
1029 4988 1256 5057 πορνεία
1276 4987 1530 5041 τοσοῦτον
1564 4988 1806 5058 ῐσχυσεν,

178 5092 232 5144 εἰ
268 5091 332 5143 δὲ
372 5087 735 5159 γογγυσμὸς,
772 5085 824 5137 τί
853 5085 953 5137 οὐκ
984 5082 1285 5152 ἐργάσεται
1316 5080 1385 5134 τά
1427 5081 1716 5153 ἡμέτερα;
1745 5080 1809 5134 Εἰ

178 5186 243 5239 δὲ
271 5185 354 5255 μὴ
384 5182 634 5236 ἀπαιτεῖ
659 5178 756 5231 νῦν
788 5178 969 5249 δίκην,
1003 5176 1077 5247 μή
1105 5175 1396 5246 θαυμάσῃς
1417 5190 1433 5207 ο
1461 5176 1657 5228 ἐκεῖνοι
1708 5174 1809 5245 μὲν

177 5277 298 5346 γάρ
329 5275 447 5327 οὐκ
486 5271 696 5342 ᾔδεσαν
741 5268 840 5339 τὴν
877 5267 1102 5336 γέενναν
1126 5280 1140 5293 ·
1183 5264 1267 5317 διὸ
1301 5268 1425 5326 ταῖς
1457 5262 1613 5333 παρὰ
1640 5263 1811 5326 πόδας

174 5367 549 5430 ἐκολάζοντο
567 5360 888 5431 τιμωρίαις·
922 5359 985 5410 σὺ
1036 5356 1093 5408 δὲ
1126 5355 1228 5408 ὅσα
1272 5353 1339 5407 ἂν
1390 5354 1665 5425 ἁμάρτῃς,
1706 5351 1811 5407 κᾶν

172 5457 500 5532 μηδεμίαν
533 5454 687 5525 δίκην
718 5452 842 5523 δῷς,
881 5450 1161 5514 ἀποτίσεις
1181 5451 1319 5505 ἐκεῖ.
1376 5445 1512 5502 Εἶτα
1542 5447 1670 5510 τοὺς
1712 5446 1813 5516 μὲν

169 5544 717 5619 νηπιωδεστὲρους,
748 5543 844 5596 καὶ
872 5542 932 5594 ού
962 5540 1203 5595 τοσαῦτα
1249 5541 1543 5602 πταίοντας
1572 5536 1814 5592 τοσαῦτα

168 5639 508 5703 ἐκόλαζεν,
572 5636 725 5707 ἡμῶν
771 5634 830 5688 δὲ
882 5633 1171 5704 φείσεται;
1229 5632 1345 5685 Οὐκ
1384 5630 1452 5685 ἂν
1477 5630 1592 5702 ἔχοι
1626 5630 1808 5699 λόγον.

168 5740 309 5791 Κᾶν
363 5734 504 5803 γὰρ
560 5732 625 5782 τά
678 5728 817 5783 αύτά
873 5728 1210 5800 ἀμάρτωμεν
1257 5724 1504 5791 ἐκείνοις,
1565 5722 1811 5794 μείζονός

170 5832 372 5901 ἐσμεν
408 5824 710 5888 κολάσεως
748 5823 909 5887 ἄξιοι.
978 5822 1076 5876 Διά
1119 5821 1208 5885 τί;
1239 5821 1362 5874 Ὀτι
1408 5819 1657 5882 πλείονος
1708 5819 1813 5873 ἀπ-

166 5921 550 5987 ελαύσαμεν
581 5917 817 5987 χάριτος.
841 5914 1013 5967 Ὂταν
1066 5911 1124 5966 δὲ
1162 5912 1254 5966 καὶ
1288 5911 1507 5965 πλείονα
1559 5911 1651 5963 καὶ
1690 5911 1811 5981 μεί-

166 6018 318 6083 ζονα
361 6008 618 6067 ἐκείνων
646 6007 943 6078 πταίωμεν,
984 6003 1105 6059 τίνι
1138 6004 1235 6076 οὐχ
1289 6002 1704 6076 ύποστησόμεθα
1726 6005 1806 6059 δί-

981 431 1048 486 ΙΝ
1082 428 1305 488 EPIST.
1350 433 1492 489 [AD
1526 430 1868 488 TIIESSAL.
1904 434 2060 492 CAP.
2106 439 2194 494 IV.
2239 443 2473 501 HUMIL.
2516 446 2648 503 VIII.

3369 452 3475 510 4M

1896 569 2037 623 κ-ην;
2076 556 2305 613 Ἐκεῖνοι
2336 563 2453 629 (καὶ
2491 563 2566 634 μὴ
2608 564 2676 634 μέ
2717 581 2801 629 τις
2828 564 3098 636 νομιζέτω
3125 565 3477 638 θαυμάζοντα

1896 643 2114 711 αὐτοὺς,
2161 648 2673 721 ἢησυγγινώσκοντα
2694 656 2877 718 αὐτοῖς
2904 654 3103 720 λέγειν,
3138 654 3212 727 μή
3242 657 3476 725 γένοιτοο

1890 736 2019 790 ὅταν
2043 739 2152 812 γάρ
2178 742 2207 793 ό
2238 742 2370 807 Θεὸς
2407 746 2630 818 κολάζῃ,
2672 749 2701 801 6
2750 749 2848 816 τὴν
2877 749 3128 803 ἐναντίαν
3158 749 3345 821 φέρων
3371 750 3477 821 ψῆ⁹

1897 848 2019 900 φον,
2053 834 2162 888 ἀπὸ
2181 835 2497 907 διαὼλικῆς
2533 838 2773 903 διανοίας
2796 838 2955 893 τοῦτο
2990 843 3135 895 ποιεῖ
3158 856 3172 871 ·
3206 842 3269 895 ού
3296 842 3477 897 τοίνυν

1889 929 2132 984 ἐπαινῶν
2156 929 2377 994 αὐτοὺς,
2402 930 2522 985 οὐδὲ
2544 930 2935 999 συγγινώσκων
2963 933 3121 987 τοῦτό
3149 951 3314 1005 φημι,
3340 934 3480 1001 ἀλλά

1893 1019 2109 1086 δεικνὺς
2140 1020 2237 1093 τὴν
2266 1022 2541 1094 ἡμετέραν
2580 1024 2823 1093 κακίαν)·
2849 1026 3047 1079 ἐκεῖνοι
3068 1026 3269 1089 τοίνυν,
3300 1029 3349 1079 εί
3381 1028 3478 1080 καὶ

1891 1114 2211 1185 ἐγόγγυζον,
2231 1114 2347 1170 ἀλλ’
2372 1116 2454 1179 είς
2472 1115 2678 1187 ἔρημον
2693 1116 2923 1188 ἡρχοντο
2943 1133 2956 1149 '
2978 1120 3142 1188 ἡμεῖς
3160 1120 3218 1172 δὲ
3241 1119 3478 1191 πατρίδα

1890 1208 2128 1279 ἔχοντες,
2163 1210 2261 1261 καὶ
2282 1211 2339 1263 ὲν
2363 1209 2561 1274 οἰκίαις
2593 1210 2715 1273 ταῖς
2744 1210 3043 1279 ἡμετέραις
3070 1210 3244 1275 ὄντες,
3270 1217 3474 1282 γογγύ-

1889 1298 2074 1369 ζομεν.
2119 1300 2350 1354 Ἐκεῖνοι
2402 1300 2482 1366 δὲ,
2523 1302 2572 1354 εί
2611 1300 2709 1354 καὶ
2737 1300 3053 1372 ὲπόρνευον,
3093 1300 3210 1355 ἀλλ’
3248 1303 3357 1356 ἀπὸ
3387 1303 3478 1356 Αί-
3591 1337 3599 1347 ι

1888 1392 2211 1460 γυπτιακῶν
2238 1391 2546 1457 ἐξελθόντες
2576 1391 2705 1465 ἄρτι
2732 1393 2941 1459 κακῶν,
2977 1395 3072 1447 καὶ
3092 1394 3259 1466 νόμου
3290 1396 3479 1467 σχεδὸν

1887 1484 1989 1539 ούκ
2024 1484 2360 1549 ἀκούσαντες
2380 1484 2626 1539 τοιούτου
2653 1502 2671 1518 ο
2704 1487 2864 1558 ἡμεῖς
2897 1485 2955 1540 δὲ
2982 1486 3049 1540 ἐκ
3075 1488 3359 1560 προγόνων
3409 1490 3479 1544 τά

1890 1573 2139 1644 σωτήρια
2167 1574 2580 1645 παραλαϐόντες
2600 1575 2849 1647 δόγματα
2874 1594 2890 1609 ’
2922 1576 3066 1635 ὥστε
3095 1578 3346 1649 μείζονος
3385 1598 3479 1635 κο-

1887 1666 2097 1730 λάσεώς
2122 1665 2273 1740 [485]
2308 1668 2477 1739 ἐσμεν
2502 1668 2667 1734 ἄξιοι.
2693 1668 2883 1723 Βούλει
2905 1670 2998 1724 καὶ
3026 1670 3189 1741 ἕτερα
3217 1671 3475 1739 ἀκοῦσαι,

1887 1758 1987 1812 ὅσα
2014 1759 2215 1814 ἔπαθον
2245 1764 2303 1814 ἐν
2331 1761 2685 1834 Παλαιστίνῃ,
2737 1762 2961 1832 λιμοὺς,
3020 1764 3243 1835 λοιμοὺς
3262 1805 3279 1831 ,
3315 1767 3477 1819 πολέ-

1890 1870 2046 1924 μους,
2086 1854 2487 1925 αἰχμαλωσίας,
2533 1855 2631 1918 τὰς
2668 1856 2762 1909 ἐπὶ
2798 1855 3176 1925 Βαϐυλωνίων,
3224 1856 3325 1923 τὰς
3382 1861 3477 1914 ἐπὶ

1899 1947 2227 2019 Ἀσσυρίων,
2258 1947 2327 2003 τά
2345 1947 2451 2002 ὑπὸ
2476 1947 2809 2004 Μακεδόνων
2836 1949 3004 2017 κακά,
3027 1949 3098 2004 τά
3130 1952 3224 2003 ἐπὶ
3262 1951 3477 2021 Ἀδρια-

1888 2038 1980 2093 νοῦ
2016 2040 2111 2093 καὶ
2144 2038 2558 2095 Οὐεσπασιανοῦ
2586 2056 2602 2105 ;
2657 2038 2932 2110 Βούλομαί
2973 2057 3078 2105 σοι,
3109 2041 3386 2111 ἀγαπητὲ,
3420 2042 3477 2094 τὶ

1886 2130 2277 2201 διηγήσασθαι,
2321 2130 2460 2185 ἀλλὰ
2497 2133 2572 2203 μὴ
2621 2132 2985 2205 ἀποπηδήσῃς
3009 2150 3025 2164 ο
3059 2132 3340 2204 μᾶλλονδὲ
3367 2134 3478 2205 πρὸ

1886 2225 2080 2276 τούτου
2114 2222 2301 2294 ἕτερον
2336 2223 2466 2293 ἐρῶ.
2528 2223 2702 2295 Λιμὸς
2730 2224 2949 2293 ἐγένετό
2975 2241 3107 2277 ποτε
3133 2262 3153 2290 ,
3185 2225 3340 2295 φησὶ,
3380 2226 3477 2278 καὶ

1888 2319 1917 2371 6
1965 2316 2218 2387 βασιλεὺς
2273 2316 2519 2382 ἐϐάδιζεν
2572 2317 2667 2371 ἐπὶ
2723 2316 2818 2370 τοῦ
2869 2317 3120 2388 τείχουςο
3169 2311 3289 2371 εἶτα
3334 2316 3475 2389 γυνὴ

1889 2408 2263 2480 προσελθοῦσα
2285 2409 2458 2463 ταῦτα
2473 2408 2770 2479 φθέγγεται
2795 2408 2931 2481 πρὸς
2953 2409 3116 2464 αὑτὸν
3134 2408 3202 2463 τά
3222 2411 3471 2481 ῥήματασ

1889 2501 2174 2568 Βασιλεῦ,
2200 2497 2333 2557 εἷπέ
2351 2519 2452 2571 μοι
2481 2502 2520 2570 ἡ
2558 2501 2896 2572 γυνήαῦτη·
2939 2499 3330 2571 Ὀπτήσωμέν
3357 2517 3476 2555 σου

1889 2593 2160 2664 σήμερον
2184 2592 2292 2647 τὸν
2329 2592 2463 2647 υἱόν
2487 2593 2585 2647 καὶ
2637 2591 2936 2662 φάγωμεν,
2988 2591 3087 2646 καὶ
3132 2592 3344 2661 αὔριον
3368 2592 3477 2646 τὸν

1889 2688 2037 2758 ἐμόν
2064 2706 2078 2719 ο
2134 2686 2235 2741 καὶ
2265 2687 2651 2755 ὠπτήσαμεν,
2708 2685 2805 2739 καὶ
2857 2682 3157 2755 ἐφάγομεν
3187 2701 3200 2713 ·
3241 2685 3338 2739 καὶ
3383 2685 3479 2738 τὸν

1890 2782 2061 2854 αὐτῆς
2090 2780 2273 2835 ούκὲτι
2299 2779 2485 2833 ἔδωκε.
2524 2777 2591 2829 Τί
2629 2776 2834 2846 ταύτης
2857 2776 2957 2846 τῆς
3000 2778 3288 2848 συμφορᾶς
3317 2775 3481 2847 χαλε-

1890 2872 2143 2942 πώτερον
2170 2890 2185 2939 ;
2222 2871 2393 2926 Πάλιν
2429 2869 2665 2940 ἀλλαχοῦ
2688 2871 2717 2922 ό
2759 2870 3048 2940 προφήτης
3073 2868 3207 2940 φησί
3229 2886 3244 2900 ·
3276 2868 3481 2936 Χεῗρες

1890 2963 2195 3038 γυναικῶν
2230 2962 2617 3033 οὶκτιρμόνων
2660 2960 2916 3028 ἥψησάν
2951 2958 3026 3012 τὰ
3053 2959 3238 3014 τέκνα
3260 2960 3480 3021 αὐτῶν.

1905 3058 2149 3111 Ἰουδαῖοι
2180 3055 2277 3127 μὲν
2305 3051 2399 3107 οὖν
2425 3052 2684 3123 τοιαύτην
2713 3053 2903 3105 ἔδοσαν
2932 3050 3089 3123 δίκην
3106 3066 3121 3082 ⁸
3148 3050 3312 3122 ἡμεῖς
3339 3048 3398 3103 δὲ
3417 3049 3480 3102 ού

1894 3148 2077 3218 πολλῷ
2101 3147 2302 3219 μᾶλλον
2334 3144 2583 3216 δώσομεν
2608 3162 2624 3211 ;

1964 3337 2026 3390 δ’.
2054 3333 2239 3389 Βούλει
2268 3333 2363 3387 καὶ
2384 3332 2576 3403 ἐτέρας
2593 3329 2775 3383 αὐτῶν
2795 3329 3027 3384 ἀκοῦσαι
3057 3328 3378 3400 συμφοράς;
3413 3328 3483 3383 τά

1907 3428 2219 3498 ἰωσὴππου
2243 3424 2458 3488 ἔπελθε,
2489 3425 2583 3477 καὶ
2617 3422 2840 3495 μαθήσῃ
2878 3422 3062 3475 πᾶσαν
3104 3421 3323 3492 ἐκείνην
3349 3439 3480 3491 τρα-

1895 3518 2122 3588 γῳδίαν,
2149 3517 2216 3570 ἂν
2239 3516 2348 3586 ἄρα
2382 3532 2442 3567 σε
2495 3514 2774 3582 πείσωμεν
2830 3512 2939 3565 ἀπὸ
2983 3511 3191 3566 τούτων
3239 3513 3323 3566 ὃτι
3358 3512 3477 3565 ἔστι

1896 3611 2108 3679 γέεννα.
2148 3606 2433 3675 Ἐννόησον
2453 3603 2582 3676 γάρ·
2611 3605 2660 3657 εί
2690 3604 2887 3657 ἐκεῖνοι
2920 3603 3266 3666 ἐκολάζοντο,
3306 3603 3401 3655 διὰ
3419 3602 3475 3655 τί

1897 3703 2060 3772 ἡμεῖς
2090 3698 2165 3770 μὴ
2189 3696 2532 3768 κολαζόμεθα
2558 3712 2572 3759 ;
2601 3696 2634 3766 ἦ
2665 3694 2783 3758 πῶς
2811 3694 2957 3758 εἰκὸς
2988 3695 3137 3764 ἡμᾶς
3163 3694 3238 3765 μὴ
3258 3694 3484 3759 κολάςε-

1901 3792 2049 3858 σθαι,
2077 3791 2299 3861 χείρονα
2316 3788 2542 3841 ἐκείνων
2574 3786 2903 3851 πταίοντας;
2932 3781 2967 3855 ἦ
2990 3785 3168 3853 δῆλον,
3199 3785 3281 3838 ὅτι
3311 3784 3403 3838 διά
3424 3785 3486 3838 τὸ

1898 3882 2226 3940 ἀποκεῖσθαι
2260 3883 2391 3951 ἡμῖν
2415 3880 2514 3951 τὴν
2540 3879 2795 3945 κόλασιν;
2826 3879 2890 3931 Εἰ
2940 3877 2997 3931 δὲ
3022 3876 3225 3947 βούλει,
3260 3877 3356 3930 καὶ
3393 3876 3488 3929 ἐπὶ

1901 3976 2192 4049 προσώπου
2221 3974 2338 4037 ἐνὸς
2354 3972 2584 4026 ἑκάστου
2611 3970 2847 4042 ὲρῶπῶς
2870 3968 3285 4039 ἐκολάσθησανῇ
3305 3968 3488 4021 Ἀδελ-

1901 4065 2000 4134 φδν
2045 4062 2371 4117 ἀπέκτεινεν
2414 4060 2443 4112 6
2474 4059 2636 4115 Κάῖν.
2678 4057 2863 4112 Δεινὸν
2917 4058 3017 4129 μὲν
3066 4058 3129 4111 τὸ
3158 4058 3485 4130 ἀμάρτημω

1903 4154 2021 4220 πῶς
2059 4155 2170 4226 γὰρ
2205 4153 2301 4218 οὓς
2353 4152 2468 4207 ἀλλ’
2496 4151 2665 4205 ἔδωκε
2714 4150 2895 4220 δίκην,
2933 4149 3026 4203 καὶ
3078 4149 3339 4221 χαλεπὴν,
3393 4149 3491 4203 καὶ

1907 4248 2114 4321 μυρίων
2142 4244 2401 4310 ἀνταξίαν
2435 4243 2703 4305 θανάτων,
2730 4243 2826 4296 καὶ
2853 4240 2995 4313 ὑπὲρ
3016 4238 3085 4313 ἦς
3114 4240 3289 4293 είλετο
3304 4240 3371 4294 ἂν
3392 4243 3491 4294 καὶ¹

1907 4342 2163 4415 μυριάκις
2187 4339 2498 4394 ἀποθανεῖν’
2525 4338 2692 4392 ἄκουε
2739 4337 2850 4408 γὰρ
2883 4334 3050 4388 αὑτοῦ
3094 4334 3368 4402 λέγοντος,
3421 4335 3491 4386 El

1903 4434 2218 4499 ἐκϐάλλεις
2234 4448 2309 4501 με
2327 4431 2446 4485 ἀπὸ
2472 4428 2585 4497 τῆς
2607 4427 2739 4499 γῆς,
2756 4427 2856 4482 καί
2888 4428 3007 4482 ἀπὸ
3024 4426 3133 4480 τοῦ
3160 4424 3491 4493 προσώπου

1905 4548 2023 4587 σου
2049 4527 2447 4599 κρυϐήσομαι,
2478 4524 2765 4579 καὶὲσται
2800 4522 2920 4589 πᾶς
2950 4525 2984 4577 ό
3032 4522 3337 4591 εὑρίσκων
3388 4536 3489 4588 με,

1905 4621 2223 4680 ἀποκτενεῖ
2243 4637 2340 4690 με.
2370 4616 2507 4672 Εἰπὲ
2535 4611 2628 4671 οὖν
2662 4633 2773 4686 μοι,
2804 4615 2864 4668 ού
2898 4614 2968 4668 τὰ
2997 4613 3138 4667 αὐτὰ
3160 4611 3493 4681 πράττουσιν

1907 4714 2101 4784 ἐκείνῳ
2126 4712 2312 4765 πολλοὶ
2340 4710 2436 4765 καὶ
2462 4708 2591 4775 νῦν;
2620 4709 2749 4762 ὅταν
2773 4708 2882 4777 γὰρ
2914 4706 2989 4777 μὴ
3018 4704 3303 4776 σαρκικδν,
3356 4703 3494 4758 ἀλλά

1908 4805 2279 4877 πνευματικὸν
2306 4804 2500 4877 ἀνέλῃς
2529 4801 2780 4870 ἀδελφὸν,
2812 4799 2935 4869 ούχὶ
2973 4798 3171 4851 ταυτὸν
3199 4796 3445 4869 εἰργάσω
3474 4812 3490 4859 ;

1909 4901 1975 4956 Τί
2004 4902 2133 4972 γάρ,
2158 4900 2207 4953 εί
2231 4898 2327 4952 καὶ
2368 4896 2443 4967 μὴ
2482 4894 2650 4963 ξίφει,
2674 4892 2790 4947 ἀλλ’
2852 4891 3026 4961 ὲτέρῳ
3081 4889 3270 4960 τρόπῳ
3298 4928 3313 4954 ,
3360 4889 3493 4941 ὅταν

1907 4994 2201 5063 δυνάμενος
2214 4989 2373 5045 λῦσαι
2397 4988 2447 5041 λι
2456 4987 2579 5058 μὸν,
2598 4983 2871 5057 περιίδῃς;
2885 4981 2952 5035 Τί
2971 4977 3098 5046 οὖν;
3128 4979 3306 5042 οὐδεὶς
3329 4976 3492 5047 ἐφθό-

1909 5105 2042 5158 νησε
2077 5084 2171 5139 νῦν
2201 5084 2278 5155 τῷ
2311 5080 2562 5152 ἀδελφῷ;
2595 5078 2775 5138 οὐδεὶς
2825 5073 3119 5148 περιέϐαλε
3178 5071 3447 5133 κινδύνοις
3475 5087 3491 5135 ;

1912 5180 2027 5235 ἀλλ’
2084 5176 2319 5231 ἐνταῦθα
2364 5175 2465 5227 οὐκ
2515 5172 2725 5225 ἔδωκαν
2783 5169 2959 5238 δίκην.
3009 5165 3173 5220 Ἀλλά
3204 5163 3490 5217 δώσουσιν.

1912 5268 2046 5326 Εἶτα
2070 5272 2098 5323 6
2133 5269 2232 5340 μὲν
2281 5265 2357 5338 μὴ
2381 5265 2560 5336 νόμων
2610 5260 2850 5323 ἀκούσας
2899 5258 3163 5329 γραπτῶν
3196 5255 3331 5327 μηδὲ
3360 5268 3495 5327 προ-

1915 5362 2121 5434 φητῶν,
2186 5360 2327 5431 μήτε
2378 5359 2585 5429 σημεῖα
2621 5353 2959 5421 θεασάμενος
3015 5349 3248 5420 μεγάλα,
3297 5347 3496 5402 τοσαύ-

1913 5477 2012 5531 την
2061 5457 2245 5510 δίδωσι
2305 5452 2597 5524 τιμωρίανο
2654 5449 2683 5500 6
2714 5447 2771 5500 δὲ
2819 5445 3070 5513 ὲτέρωςει
3120 5442 3188 5495 τά
3225 5440 3366 5495 αὐτὰ
3407 5438 3495 5493 δε-

1912 5550 2152 5622 δρακὼς,
2205 5547 2300 5601 καὶ
2333 5545 2469 5616 μηδὲ
2517 5539 2795 5602 τοσούτοις
2836 5536 3250 5609 παραδείγμασι
3280 5549 3494 5604 σωφρο-

1913 5644 2216 5714 νιζόμενος,
2250 5637 2599 5710 ἀτιμώρητος
2649 5632 2838 5697 ἕσταις
2899 5632 2991 5685 καὶ
3040 5629 3143 5683 ποῦ
3176 5628 3237 5681 τὸ
3283 5628 3494 5681 δίκαιον

1912 5736 2008 5790 τοῦ
2031 5734 2203 5793 Θεοῦ;
2233 5732 2268 5804 ἡ
2294 5730 2399 5783 ποῦ
2428 5730 2490 5781 τὸ
2531 5726 2772 5794 ἀγαθόν;
2806 5723 2998 5777 ιΠάλιν
3030 5721 3163 5787 ξύλα
3191 5738 3276 5785 τις
3305 5719 3495 5773 συλλέ-

1916 5831 2009 5895 ξας
2043 5830 2104 5881 ὲν
2142 5824 2220 5896 τῷ
2249 5822 2526 5893 σαϐϐάτῳ,
2563 5816 2922 5885 κατελεύσθη·
2974 5813 3154 5867 καίτοι
3193 5829 3271 5882 εγε
3320 5810 3495 5883 μικρά

1977 6020 2001 6049 ι
2024 6004 2206 6059 Mavult
2231 6002 2460 6056 Halesius
2482 6013 2593 6051 cum
2616 5996 2886 6059 Florilegio
2909 5994 3084 6057 legere
3106 5989 3330 6054 ὑστέρως.
