3964 6506
130 442 257 499 με

133 563 376 614 tratrem
399 554 755 619 interemeris,
774 568 879 608 non
900 553 1041 608 idem
1062 550 1268 607 fecisti?
1286 550 1422 619 Quid
1440 560 1549 605 tum
1569 549 1736 613 enim,

134 650 187 709 si
210 664 325 703 non
347 662 497 712 ense,
520 645 616 702 sed
638 645 745 700 alio
766 643 963 698 modo?
982 643 1195 713 quando
1213 641 1334 696 cuin
1359 642 1530 710 possis
1549 639 1739 694 sedare

134 741 389 806 (amem,
421 740 739 815 neglexeris.
782 737 917 804 Quid
955 737 1125 806 ergo?
1153 735 1342 790 Nullus
1383 734 1571 789 invidit
1599 747 1740 787 nunc

137 832 340 888 fratri?
372 848 530 889 nemo
557 829 790 899 coniecit
816 830 867 882 in
895 826 1172 897 pericula?
1197 826 1291 881 sed
1323 826 1408 880 hic
1442 840 1546 879 non
1577 824 1740 879 dede-

139 935 280 979 runt
309 938 517 994 pmnas.
551 922 750 977 Verum
781 920 1002 975 dabunt.
1053 919 1253 975 Deinde
1280 918 1370 988 qui
1418 933 1523 972 non
1566 916 1738 987 legem

142 1016 372 1085 quidem
398 1014 569 1069 audiit
588 1013 866 1081 scriptam,
896 1026 1069 1081 neque
1094 1008 1402 1079 prophetas,
1433 1022 1603 1077 neque
1629 1024 1740 1061 ma-

141 1124 256 1177 gna
283 1108 437 1178 signa
466 1104 617 1171 vidit,
651 1115 855 1159 tantum
885 1102 977 1158 dat
1006 1102 1324 1172 supplicium
1358 1117 1372 1153 :
1400 1100 1535 1154 alter
1561 1108 1740 1153 autem

145 1201 244 1269 qui
266 1201 462 1255 eadem
486 1198 631 1261 fecit,
654 1204 709 1251 et
730 1210 901 1264 neque
924 1204 1029 1248 tam
1052 1194 1231 1247 multis
1251 1191 1538 1261 castigatur
1558 1204 1741 1244 exem-

145 1291 280 1359 plis,
313 1289 485 1344 abibit
520 1287 777 1358 impune?
808 1287 873 1341 Et
900 1286 988 1340 ubi
1020 1292 1103 1339 est
1141 1284 1233 1339 Dei
1259 1282 1500 1352 justitia?
1530 1281 1617 1336 ubi
1648 1281 1742 1335 bo-

145 1381 343 1436 nitas?
374 1380 581 1433 Rursus
622 1377 837 1448 quidam
875 1377 965 1446 qui
1011 1376 1232 1429 sabbato
1274 1374 1412 1441 ligna
1455 1372 1744 1440 collegerat

146 1472 349 1540 (Nam.
376 1472 465 1526 15.
493 1471 608 1538 52),
639 1469 899 1538 lapidibus
919 1477 1000 1522 est
1024 1467 1246 1521 obrutus
1274 1483 1287 1519 :
1312 1465 1410 1519 etsi
1435 1463 1741 1519 mandatum

145 1574 237 1618 est
267 1568 407 1627 leve,
434 1572 488 1615 et
516 1560 926 1616 circumcisione
952 1560 1147 1613 minus.
1172 1557 1271 1625 Qui
1294 1557 1433 1627 ligna
1457 1555 1747 1625 collegerat

148 1656 206 1709 in
237 1655 469 1708 sabbato
499 1652 763 1721 lapidatus
792 1661 912 1715 est;
940 1651 1031 1723 qui
1058 1661 1234 1704 autem
1274 1662 1417 1717 stupe
1442 1648 1748 1701 innumera-

146 1744 287 1799 bilia
319 1744 655 1797 admiserunt
695 1752 881 1795 contra
912 1741 1058 1810 leges
1082 1781 1098 1805 ,
1127 1740 1347 1794 abibunt
1392 1737 1648 1805 impune?
1687 1734 1744 1791 Si

149 1851 291 1903 ergo
317 1852 423 1890 non
452 1845 534 1890 est
559 1835 802 1903 gehenna
822 1874 838 1896 ,
867 1833 954 1887 ubi
993 1842 1076 1886 est
1099 1830 1349 1901 justitia?
1379 1830 1467 1883 ubi
1496 1837 1579 1884 est
1604 1826 1745 1897 quod

149 1928 390 1991 dicitur,
432 1940 542 1982 non
585 1940 707 1981 esse
751 1924 1114 1994 aceeptioncm
1163 1921 1543 1993 personarum?
1586 1920 1747 1989 Atqui

148 2020 455 2073 lnllllOl'tlm
477 2016 737 2086 ejusmodi
761 2031 856 2071 eos
881 2015 1209 2079 insimulant,
1232 2013 1371 2083 quod
1398 2011 1614 2067 sabbata
1640 2026 1748 2065 non

149 2110 489 2164 Custodiant.
523 2108 730 2162 Rursus
758 2105 973 2177 quidam
1007 2105 1142 2159 alius
1182 2104 1322 2160 lilius
1362 2103 1576 2159 Charini
1614 2116 1748 2158 ana-

154 2201 345 2255 thema
374 2200 663 2255 sutl‘uratus
684 2239 698 2263 ,
731 2213 853 2253 cum
884 2207 996 2253 toto
1019 2212 1214 2267 genere
1239 2196 1462 2251 obrutus
1490 2193 1587 2249 fuit
1618 2194 1751 2262 lapi-

151 2293 341 2346 dibus.
358 2291 495 2358 Quid
517 2307 673 2361 ergo,
690 2306 848 2345 nemo
863 2305 932 2344 ex
953 2289 1044 2342 illo
1062 2296 1300 2357 tempore
1322 2288 1418 2341 fuit
1433 2286 1751 2356 sacrilegus?

152 2387 290 2440 Sani
336 2400 556 2449 rursus,
598 2384 687 2454 qui
733 2394 931 2454 praeter
976 2382 1067 2436 Dei
1109 2382 1436 2436 voluntatem
1476 2378 1748 2450 pepercit,

155 2488 372 2531 tantum
397 2476 651 2531 sustinuit
675 2474 992 2543 supplicium
1026 2490 1041 2528 :
1069 2472 1245 2527 nullus
1270 2488 1399 2542 ergo
1417 2471 1487 2525 ab
1508 2473 1597 2525 illo
1618 2483 1753 2527 tem-

155 2587 295 2641 pore
334 2569 609 2639 pepercit?
642 2568 851 2624 Utinam
890 2567 1105 2636 quidem
1136 2567 1205 2619 ita
1235 2575 1413 2631 esset,
1442 2574 1498 2621 et
1523 2581 1628 2619 non
1654 2580 1753 2620 nos

157 2665 337 2729 inagis
357 2678 516 2732 quam
539 2660 691 2726 ferte,
712 2660 852 2714 alter
868 2660 1094 2713 alterum
1118 2657 1541 2721 comederemus,
1565 2669 1753 2712 contra

155 2772 325 2828 quam
355 2756 464 2809 Deo
493 2754 737 2823 placeat;
764 2762 819 2807 et
844 2768 1004 2807 nemo
1036 2752 1087 2806 in
1119 2751 1259 2806 bello
1282 2751 1585 2806 cecidisset.
1619 2750 1758 2805 Rur-

156 2865 257 2901 sus
302 2848 396 2903 lilii
446 2846 531 2901 Eli
576 2847 830 2916 quoniam
873 2843 1230 2900 comedebant
1272 2853 1395 2898 ante
1438 2845 1753 2908 incensum,

156 2938 514 3007 gravissimas
552 2952 738 3006 pmnas
762 2936 1027 2991 dederunt
1051 2950 1171 2989 cum
1214 2944 1387 3005 patre.
1416 2934 1602 2990 Nullus
1629 2950 1757 3003 ergo

155 3043 322 3100 pater
353 3031 448 3084 luit
474 3030 750 3100 negligens
773 3038 829 3085 et
858 3028 1142 3099 indulgens
1169 3029 1220 3082 in
1252 3029 1429 3093 lilios;
1462 3044 1636 3098 neque
1664 3028 1758 3084 lilii

160 3124 398 3193 improbi
422 3132 478 3177 et
511 3122 794 3179 scelerati?
827 3130 883 3176 at
920 3136 1078 3176 nemo
1116 3120 1263 3175 dedit
1301 3135 1505 3189 pmnas.
1534 3120 1758 3188 Quando

158 3230 301 3285 ergo
337 3214 577 3279 dabunt,
616 3214 663 3268 si
702 3229 810 3268 non
855 3214 926 3268 sit
964 3212 1251 3284 gehenna?
1288 3212 1493 3267 Rursus
1521 3213 1760 3283 potueris

162 3321 453 3362 recensere
477 3304 907 3359 innumerabilia.
932 3304 1069 3372 Quid
1100 3305 1268 3359 vero?
1294 3304 1530 3359 Ananias
1553 3313 1607 3359 et
1626 3306 1761 3375 Sap-

161 3397 346 3466 pbira,
378 3396 631 3465 quoniam
656 3394 898 3450 suti‘urati
924 3404 1077 3449 erant
1095 3410 1162 3449 ex
1191 3394 1252 3449 iis
1274 3410 1392 3464 quae
1417 3395 1526 3449 Deo
1550 3394 1761 3451 obtule-

161 3495 291 3541 rant
312 3494 365 3541 et
384 3493 788 3546 consecrarant.
814 3500 991 3538 nonne
1011 3485 1188 3539 statim
1210 3484 1377 3555 puniti
1400 3486 1557 3539 sunt?
1578 3484 1761 3541 Nullus

162 3593 300 3647 ergo
345 3577 459 3631 haec
500 3576 627 3631 fecit
655 3592 719 3631 ex
757 3576 849 3630 illo
877 3576 1161 3645 tempore?
1186 3575 1464 3642 Quomodo
1488 3592 1616 3646 ergo
1654 3592 1761 3631 non

161 3668 390 3723 oasdem
439 3668 653 3722 luerunt
702 3668 929 3736 ptenas?
976 3666 1166 3722 Tibine
1221 3666 1600 3736 persuademus
1641 3681 1762 3723 esse

161 3762 504 3832 gehennam,
533 3776 601 3814 an
632 3760 873 3830 pluribus
913 3759 1007 3815 tibi
1044 3773 1179 3828 opus
1204 3767 1287 3813 est
1324 3757 1622 3827 exemplis?
1652 3757 1761 3814 Ve-

166 3856 388 3908 nieinus
417 3868 543 3923 ergo
570 3854 730 3908 etiam
756 3853 820 3907 ad
847 3868 911 3907 ea
941 3867 1060 3923 quin
1090 3867 1196 3906 non
1222 3859 1349 3906 sunt
1385 3850 1580 3920 scripta
1601 3891 1616 3916 ,
1643 3865 1762 3920 qua:

165 3964 317 4001 nunc
346 3949 479 4000 tinnt
507 3963 522 3999 :
554 3960 775 4001 necesse
795 3954 878 3999 cst
898 3945 1043 3999 enim
1071 3942 1207 3997 hanc
1230 3943 1502 3997 notionem
1532 3941 1763 4012 undique

165 4041 331 4097 nobis
356 4039 556 4108 colligi,
590 4054 657 4092 ne
688 4047 890 4092 temere
919 4036 1074 4090 nobis
1100 4034 1459 4105 indulgentes,
1487 4048 1587 4089 nos
1621 4034 1764 4103 ipsos

165 4134 454 4189 ladamus.
480 4130 596 4185 Non
622 4131 772 4184 vides
801 4128 996 4183 multos
1024 4128 1077 4182 in
1105 4127 1495 4184 calamitatibus
1523 4127 1764 4197 corporis

168 4237 397 4278 mancos
425 4236 490 4276 ac
520 4221 795 4275 mutilatos
814 4260 830 4285 ,
859 4220 997 4275 mala
1025 4220 1132 4289 pati
1159 4217 1598 4285 innumerabilia,
1630 4219 1764 4272 alios

166 4325 354 4369 autem
399 4313 591 4367 ﬂorere
620 4321 674 4367 et
706 4312 758 4366 in
795 4310 933 4367 bona
970 4326 1091 4366 esse
1132 4308 1573 4365 existimatione?
1599 4324 1765 4379 quare

168 4410 261 4464 alii
294 4407 513 4476 quidem
549 4405 678 4461 dant
720 4420 906 4476 pinnas
939 4404 1130 4469 etedis;
1168 4404 1258 4458 alii
1289 4418 1419 4458 vero
1448 4402 1598 4456 non?
1625 4402 1764 4456 Audi

165 4523 1836 4549 _____________________.________.

942 437 1010 494 IN
1047 435 1261 493 EPIST.
1302 434 1342 491 l.
1384 433 1475 490 AD
1511 431 1843 490 THESSAL.
1881 430 2035 486 CAP.
2080 432 2142 487 ν.
2182 430 2412 489 1101111..
2453 431 2542 489 IX.

3314 437 3419 494 NB

1847 546 2069 602 Paulum
2091 547 2354 604 dicentem
2385 568 2398 604 :
2429 551 2777 618 Quorumdam
2802 551 3062 607 hominum
3082 562 3286 623 peccata
3312 570 3423 605 ma-

1844 641 2030 711 nifcsta
2079 650 2195 696 sunt
2247 642 2580 712 prtecedentia
2629 644 2699 697 ad
2750 645 3036 712 iudicium;
3086 646 3422 715 quorumdam

1843 741 2012 785 autem
2036 732 2404 801 subsequuntur
2423 732 2503 803 (1.
2530 732 2666 788 Tim.
2697 734 2749 790 5.
2777 735 2889 807 Ἡ).
2918 737 3087 805 Quam
3114 736 3265 792 multi
3296 751 3422 792 etra-

1843 833 2030 879 serunt
2056 824 2145 893 qui
2167 823 2370 880 caedem
2398 824 2669 881 fecerant?
2693 843 2850 897 quam
2875 829 3026 884 multi
3051 828 3417 899 sepulcrorum

1843 916 2167 972 etl‘ossores?
2194 915 2299 973 Sed
2327 917 2441 971 haec
2471 917 2633 972 missa
2661 918 2807 973 ﬁant.
2840 919 2978 985 Quot
3006 931 3128 975 sunt
3151 936 3287 991 quos
3312 936 3421 975 non

1844 1006 1993 1061 vides
2019 1007 2166 1077 gravi
2189 1008 2362 1078 puniri
2388 1008 2691 1078 supplicio?
2716 1009 2806 1064 alii
2827 1012 3036 1080 quidem
3063 1014 3209 1081 gravi
3233 1012 3423 1068 morbo

1846 1101 2023 1156 traditi
2048 1110 2191 1170 sunt,
2220 1102 2308 1157 alii
2332 1118 2460 1157 vero
2490 1102 2757 1173 perpetuis
2785 1106 3080 1169 tormentis,
3112 1106 3202 1160 alii
3241 1119 3423 1161 autem

1847 1194 2001 1248 malis
2043 1194 2539 1251 innumerabilibus.
2568 1195 2793 1263 Quando
2834 1211 2961 1267 ergo
2994 1198 3193 1253 videris
3230 1214 3422 1269 quem-

1848 1285 2010 1353 piam,
2041 1285 2133 1355 qui
2159 1285 2343 1340 eadem
2371 1300 2489 1356 quae
2516 1286 2614 1356 ipsi
2644 1287 2941 1353 admiserit,
2970 1299 3024 1343 et
3054 1290 3221 1343 multo
3250 1291 3423 1360 plura,

1846 1384 1901 1429 et
1926 1389 2032 1429 non
2060 1374 2152 1429 dat
2177 1389 2389 1442 pteuas,
2414 1391 2593 1430 annon
2621 1377 2706 1431 vel
2738 1377 2933 1431 invitus
2958 1378 3255 1447 gehennam
3290 1381 3423 1436 fate-

1847 1464 2032 1520 beris?
2060 1465 2212 1534 erige
2239 1482 2332 1521 eos
2360 1468 2449 1536 qui
2481 1467 2565 1522 hic
2594 1479 2717 1524 ante
2744 1478 2796 1525 te
2820 1479 2945 1525 sunt
2970 1472 3199 1539 graviter
3223 1473 3423 1542 puniti:

1847 1556 2021 1625 cogita
2050 1557 2191 1627 quod
2224 1560 2362 1612 Deus
2394 1573 2649 1627 personas
2692 1576 2795 1614 non
2836 1561 3084 1630 respicit,
3116 1578 3214 1619 nec
3242 1580 3428 1620 earum

1851 1647 2008 1702 habet
2036 1648 2293 1702 rationem
2320 1664 2334 1712 ;
2361 1648 2501 1718 quod
2530 1659 2583 1703 et
2608 1664 2728 1703 cum
2754 1651 2889 1705 mala
2912 1651 3103 1709 feceris
3128 1654 3423 1720 innumera,

1850 1736 1982 1790 nihil
2024 1737 2292 1805 ejusmodi
2333 1754 2520 1808 passus
2549 1756 2607 1795 es
2632 1781 2646 1802 ,
2677 1751 2731 1796 et
2762 1742 2852 1797 tibi
2896 1744 2947 1799 in
2991 1756 3223 1801 mentem
3252 1748 3432 1802 veniet

1849 1830 2111 1899 gehenna.
2144 1831 2216 1885 lta
2243 1834 2387 1887 enim
2419 1834 2573 1888 nobis
2606 1835 2744 1889 Deus
2783 1852 2900 1891 eam
2931 1841 3121 1896 inserit
3141 1882 3155 1905 ,
3188 1850 3245 1896 ut
3274 1857 3432 1897 nemo

1851 1939 2100 1992 umquam
2130 1924 2230 1979 hoc
2258 1926 2594 1995 ignoraverit.
2623 1927 2755 1983 Nant
2782 1938 2835 1983 et
2859 1942 3028 2001 poeta:
3050 1942 3103 1986 et
3129 1933 3431 2004 philosophi

1851 2022 1907 2068 et
1933 2013 2226 2069 tabularum
2256 2017 2575 2086 scriptores,
2608 2028 2661 2073 et
2687 2035 2904 2084 omnes,
2934 2032 2991 2077 ut
3018 2025 3185 2079 semel
3225 2025 3429 2095 dicam,

1852 2101 2127 2169 homines,
2155 2105 2223 2160 de
2250 2108 2685 2164 remuneratione
2709 2125 2826 2180 quae
2854 2111 2959 2166 illic
2986 2114 3073 2178 tit,
3106 2126 3226 2169 sunt
3257 2116 3432 2185 philo-

1853 2195 2102 2266 sophati,
2131 2206 2189 2253 et
2227 2198 2427 2255 multos
2466 2199 2714 2255 dixerunt
2753 2204 2927 2272 puniri
2955 2205 3092 2273 apud
3131 2207 3347 2262 inferos.
3375 2210 3433 2264 Si

1853 2288 1942 2343 illa
1962 2300 2140 2344 autem
2161 2299 2284 2345 sunt
2304 2292 2517 2359 fabulae,
2540 2293 2633 2347 sed
2657 2309 2763 2348 non
2786 2310 2847 2349 ea
2868 2312 2985 2365 quae
3008 2309 3131 2351 sunt
3151 2300 3289 2367 apud
3314 2316 3431 2355 nos.

1854 2378 1981 2433 llaec
2005 2379 2113 2434 dixi
2140 2381 2326 2436 volens
2351 2397 2448 2435 vos
2475 2397 2578 2436 non
2611 2392 2815 2439 temere
2839 2395 3059 2452 terrere,
3089 2404 3192 2442 non
3213 2405 3437 2459 gravare

1855 2482 2062 2526 vestros
2101 2473 2309 2527 animos
2331 2515 2347 2537 ,
2383 2474 2479 2529 sed
2511 2479 2816 2531 moderatos
2844 2488 2897 2532 et
2929 2478 3159 2535 leniores
3187 2482 3435 2538 reddere.

1858 2560 2063 2617 Vellem
2092 2564 2205 2632 ipse
2229 2579 2441 2635 quoque
2469 2580 2574 2620 non
2602 2581 2724 2621 esse
2748 2569 3064 2638 supplicium
3089 2612 3102 2631 .
3129 2581 3184 2625 et
3208 2575 3439 2629 maxime

1856 2654 2094 2709 omnium
2115 2670 2237 2725 ego.
2259 2656 2614 2724 Quamobrem
2632 2659 2657 2712 ?
2675 2660 2934 2727 Quoniam
2954 2665 3316 2735 unusquisque
3330 2670 3442 2736 qui-

1856 2744 1979 2799 dem
2019 2760 2085 2799 cx
2123 2748 2274 2801 vobis
2308 2747 2377 2802 de
2417 2764 2512 2802 sua
2556 2750 2706 2805 timet
2738 2753 2911 2807 anima
2941 2771 2955 2809 :
2985 2770 3085 2824 ego
3111 2766 3288 2813 autem
3320 2773 3438 2813 sum

1858 2835 2122 2890 obnoxius
2154 2835 2440 2893 reddendae
2469 2840 2661 2895 rationi
2690 2841 2849 2912 hujus
2887 2845 3213 2913 praefectum
3238 2867 3252 2913 ;
3284 2850 3354 2905 ita
3384 2860 3444 2908 ut

1859 2942 1960 2995 ego
1985 2928 2222 3006 omnium
2248 2931 2481 2985 maxime
2504 2931 2742 3003 ell'ugere
2767 2949 3044 3005 nequeam.
3070 2938 3174 2993 Sed
3198 2939 3311 2996 ﬁeri
3335 2958 3441 2998 non

1861 3029 2037 3088 putest
2064 3026 2123 3073 ut
2149 3035 2255 3073 non
2283 3021 2354 3074 sit
2379 3022 2619 3092 gehenna
2644 3032 2700 3078 et
2729 3026 3065 3095 supplicium.
3092 3028 3229 3097 Quid
3252 3034 3443 3102 agant?

1860 3110 2068 3165 Rursus
2093 3111 2339 3166 dubitant
2365 3126 2421 3168 et
2443 3114 2626 3170 dicunt
2654 3134 2668 3170 :
2693 3115 2795 3172 Ubi
2821 3127 2907 3173 est
2934 3135 3063 3191 ergo
3091 3122 3184 3177 Dei
3210 3124 3445 3181 clemen-

1862 3202 1978 3257 tia?
2010 3202 2236 3273 Ubique.
2268 3203 2372 3260 Sed
2405 3207 2574 3277 magis
2604 3207 2671 3262 de
2694 3209 2795 3263 hoc
2820 3209 3079 3267 disseram
3107 3214 3212 3270 alio
3242 3226 3447 3288 tempo-

1860 3309 1954 3359 re,
1983 3310 2052 3349 ne
2080 3309 2384 3351 sermonem
2422 3298 2513 3367 qui
2560 3298 2619 3353 ﬁt
2655 3298 2723 3355 de
2758 3300 2999 3370 gehenna
3037 3306 3443 3364 confundamns.

1864 3385 2077 3442 Interim
2105 3399 2282 3444 autem
2326 3405 2431 3443 non
2459 3390 2646 3445 efﬂuat
2673 3393 2815 3461 quod
2851 3410 2915 3449 ex
2955 3394 3111 3452 dictis
3137 3398 3324 3455 lucrati
3351 3417 3445 3455 su.

1862 3493 1983 3534 mus
2012 3496 2026 3533 :
2055 3494 2160 3534 non
2189 3490 2272 3535 est
2306 3482 2447 3536 enim
2476 3497 2660 3551 parum
2691 3484 2826 3539 lucri
2858 3486 2926 3541 de
2967 3488 3207 3557 gehenna
3246 3504 3445 3549 certam

1864 3568 2062 3625 habere
2088 3572 2506 3640 persuasionem.
2532 3573 2733 3629 Horum
2764 3576 2906 3630 enim
2932 3579 3214 3634 verborum
3246 3599 3450 3638 memo-

1862 3662 1976 3727 ria,
2017 3672 2285 3732 tamquam
2332 3680 2459 3720 acre
2500 3667 2715 3737 aliquod
2763 3669 3246 3741 medicamentum,
3289 3691 3448 3734 omne

1862 3756 2048 3810 vitium
2087 3757 2282 3825 poterit
2306 3758 2637 3828 abstergere,
2665 3761 2830 3815 menti
2856 3770 3052 3817 nostra:
3080 3765 3294 3821 assidue
3317 3768 3448 3823 insi-

1864 3845 2021 3901 dens.
2048 3846 2186 3917 Ergo
2208 3858 2420 3902 utamur
2440 3849 2550 3915 illo,
2576 3858 2633 3903 ut
2657 3850 2780 3906 inde
2804 3852 3056 3907 mundum
3078 3869 3170 3909 cor
3191 3856 3450 3919 habentes

1864 3939 2009 4010 digni
2034 3941 2345 4007 habeamur,
2369 3942 2457 4013 qui
2476 3942 2750 4000 videamus
2770 3960 2889 4015 quae
2906 3962 3077 4016 neque
3093 3950 3279 4005 oculus
3296 3950 3448 4018 vidit,

1866 4050 1968 4092 nec
1987 4036 2132 4091 auris
2157 4036 2380 4103 audivit,
2406 4053 2581 4108 neque
2604 4038 2657 4092 in
2678 4053 2773 4093 cor
2800 4039 3034 4097 hominis
3058 4045 3448 4102 ascenderunt:

1865 4144 1985 4199 qurc
2018 4129 2174 4183 detur
2217 4130 2372 4185 nobis
2416 4131 2665 4186 omnibus
2704 4134 2999 4203 consequi,
3029 4137 3196 4205 gratia
3224 4146 3278 4191 et
3305 4139 3453 4192 beni-

1867 4221 2069 4290 gnitate
2112 4221 2322 4275 Domini
2366 4223 2535 4275 nostri
2577 4221 2704 4277 Jesu
2746 4223 2984 4290 Christi,
3013 4241 3134 4279 cum
3169 4242 3277 4295 quo
3310 4228 3452 4283 Patri

1868 4312 2134 4381 simulque
2176 4312 2397 4381 Spiritui
2444 4322 2632 4367 sancto
2660 4314 2864 4381 gloria,
2901 4314 3215 4384 imperium,
3246 4317 3451 4386 honor,

1869 4418 2011 4458 nunc
2036 4412 2089 4459 et
2112 4418 2345 4474 semper,
2373 4416 2428 4459 et
2453 4405 2507 4458 in
2537 4405 2733 4459 saecula
2762 4405 3103 4462 saeculorum.
3138 4410 3329 4463 Amen.

1580 4585 1927 4647 HOMILIA
1970 4585 2083 4649 IX.

168 4742 304 4797 (ΞΜ).
331 4739 384 4794 5.
420 4739 532 4792 v.1.
553 4736 632 4792 De
659 4736 964 4806 temporibus
990 4745 1156 4788 autem
1178 4742 1222 4787 et
1246 4731 1532 4796 momentis,
1559 4732 1761 4801 fratres,

246 4849 351 4886 non
372 4831 604 4902 indigetis
621 4840 672 4882 ut
690 4829 967 4883 scribamus
984 4827 1137 4881 vobis.
1150 4825 1203 4879 9..
1231 4824 1338 4895 Ipsi
1356 4825 1485 4878 enim
1502 4824 1768 4894 diligenter

243 4924 388 4977 uitis
413 4922 533 4989 quia
558 4922 663 4974 dies
694 4920 922 4985 Domini,
955 4920 1083 4972 sicut
1110 4921 1193 4989 fur
1218 4918 1269 4970 in
1299 4926 1459 4980 nocte,
1490 4918 1560 4968 ita
1586 4914 1764 4968 veniet.

245 5017 302 5070 l.
327 5014 491 5077 Nihil,
510 5023 565 5067 ut
582 5013 809 5077 videtur,
825 5023 909 5067 est
929 5028 1079 5081 aeque
1100 5012 1369 5065 curiosum
1398 5021 1452 5064 et
1476 5009 1541 5063 ad
1566 5025 1627 5063 ea
1648 5023 1766 5079 qua:

168 5116 304 5164 sunt
322 5107 550 5161 obscura
585 5116 638 5161 et
668 5107 873 5159 occulta
902 5104 1185 5159 ediscenda
1207 5104 1652 5172 cupidum,atque
1671 5101 1768 5153 hu-

170 5216 336 5252 mana
357 5209 566 5251 natura.
592 5198 702 5251 Hoc
723 5206 901 5251 autem
926 5196 973 5249 ei
1002 5196 1136 5249 solet
1161 5194 1424 5258 accidere,
1448 5192 1659 5261 quando
1684 5191 1768 5243 lia-

173 5291 268 5344 bet
303 5302 532 5343 mentem
575 5292 749 5344 minus
784 5288 1069 5358 perfectam
1094 5298 1145 5342 et
1188 5288 1403 5341 cultant.
1436 5286 1589 5339 Pueri
1622 5285 1765 5339 enim

171 5383 539 5451 simpliciores
578 5399 681 5435 non
706 5391 920 5435 cessant
949 5381 1242 5434 obtundere
1281 5379 1626 5442 educatores,
1656 5393 1767 5447 pm-

170 5476 412 5545 dagogos
430 5488 493 5527 ac
521 5483 769 5541 parentes
790 5472 1077 5527 crebritate
1100 5471 1474 5541 quzcstionum,
1500 5469 1551 5523 in
1575 5469 1768 5538 quibus

173 5570 305 5620 nihil
339 5575 425 5620 est
467 5565 634 5631 aliud,
663 5580 822 5635 quam
848 5607 862 5628 ,
904 5564 1127 5631 Quando
1180 5564 1279 5616 hoc
1322 5572 1424 5624 est,
1456 5570 1510 5615 et
1558 5562 1768 5630 quando

172 5659 326 5715 illud.
360 5659 474 5713 Hoc
500 5670 678 5712 autem
717 5657 910 5712 accidit
935 5667 989 5710 et
1009 5673 1070 5711 ex
1098 5672 1163 5710 eo
1190 5656 1331 5725 quod
1363 5657 1569 5708 vivatur
1593 5655 1643 5706 itt
1667 5652 1767 5707 de-

173 5753 337 5811 liciis.
369 5760 425 5805 et
451 5766 514 5804 ex
540 5766 605 5803 eo
631 5749 772 5820 quod
803 5748 932 5803 nihil
964 5748 1192 5802 habeant
1220 5745 1360 5816 quod
1387 5755 1563 5815 agant.
1596 5747 1769 5815 Atque

168 5844 342 5897 multa
375 5842 590 5912 quidem
616 5843 725 5911 jam
750 5842 959 5896 discere
980 5851 1033 5895 ct
1058 5838 1518 5909 comprehendere
1542 5848 1765 5893 conten-

166 5931 254 5989 dit
283 5920 440 5989 mens
468 5943 651 5989 nostra
672 5975 685 5999 ,
718 5934 947 5988 maxime
974 5941 1149 5988 autem
1181 5940 1390 6001 tempus
1417 5946 1759 5995 consumma-

1875 4732 2051 4787 tionis.
2090 4733 2154 4786 Et
2197 4732 2324 4802 quid
2366 4732 2594 4798 mirum,
2639 4732 2682 4788 si
2716 4732 2817 4788 hoc
2858 4733 3012 4790 nobis
3052 4735 3300 4790 accidat?
3330 4753 3455 4791 nam

1871 4825 2030 4876 etiam
2055 4823 2183 4894 ipsis
2207 4824 2314 4877 illis
2332 4824 2533 4878 sanctis
2554 4825 2811 4892 apostolis
2834 4824 2933 4879 hoc
2957 4829 3192 4881 omnium
3223 4829 3457 4883 maxime

1871 4914 2067 4968 accidit
2097 4931 2109 4967 :
2143 4924 2199 4969 et
2234 4925 2358 4971 ante
2384 4914 2585 4970 ChriSti
2614 4915 2831 4985 quidem
2871 4918 3270 4987 perpessionem
3297 4934 3454 4975 acce-

1871 5007 2061 5063 dentes
2076 5009 2486 5065 dicunthristo
2512 5028 2524 5065 :
2547 5008 2642 5064 Dic
2671 5011 2813 5065 nobis
2838 5014 3039 5081 quando
3065 5014 3173 5067 [nec
3198 5015 3384 5068 erant?
3410 5023 3461 5066 et

1870 5098 2007 5161 quod
2036 5108 2109 5152 est
2137 5101 2337 5171 signant
2369 5103 2610 5156 adventus
2641 5104 2710 5154 tui
2735 5113 2782 5155 et
2811 5105 3255 5158 consummationis
3283 5106 3459 5159 siccati

1876 5188 2090 5258 (Matth.
2119 5190 2210 5246 24.
2241 5192 2341 5260 5)?
2371 5202 2490 5260 post
2526 5194 2925 5263 perpessionem
2958 5203 3136 5249 autem
3178 5204 3234 5248 ct
3266 5209 3452 5250 resur-

1873 5282 2164 5335 rectionem
2187 5297 2216 5334 a
2250 5284 2496 5349 mortuis,
2528 5282 2778 5339 dicebant
2810 5285 2905 5353 ipsi
2937 5302 2950 5338 :
2986 5284 3082 5338 Dic
3108 5289 3247 5339 nobis
3267 5326 3283 5352 ,
3310 5304 3376 5340 an
3402 5288 3458 5341 iu

1874 5372 1968 5425 hoc
2017 5382 2238 5442 tempore
2274 5375 2493 5427 restituis
2545 5391 2756 5445 regnum
2800 5373 2965 5429 Israel
3007 5375 3155 5447 (Act.
3192 5380 3238 5432 l.
3267 5377 3375 5449 6)?
3402 5391 3457 5434 et

1873 5466 2002 5519 nihil
2034 5476 2158 5520 ante
2184 5465 2286 5520 hoc
2313 5466 2485 5536 ipsum
2534 5479 2810 5537 rogarunt.
2844 5467 2948 5524 Sed
2989 5486 3092 5525 non
3137 5472 3213 5524 sic
3245 5483 3450 5541 postea.

1871 5557 2005 5612 Nam
2035 5557 2246 5628 quando
2287 5570 2473 5612 Sancto
2510 5557 2712 5629 Spiritu
2742 5560 2885 5631 digni
2929 5570 3055 5615 sunt
3092 5563 3255 5617 habiti
3284 5606 3298 5628 ,
3352 5564 3454 5632 ipsi

1876 5666 1981 5704 non
2014 5651 2188 5704 solum
2218 5666 2325 5704 non
2354 5639 2706 5720 interrogant,
2740 5668 2913 5723 neque
2938 5670 3078 5724 aigre
3105 5654 3279 5710 lerunt
3308 5656 3449 5727 igno-

1875 5744 2159 5809 rationem,
2192 5742 2285 5796 scd
2316 5758 2409 5797 eos
2447 5744 2608 5797 etiam
2640 5746 2935 5815 reprimunt
2963 5749 3051 5818 qui
3085 5747 3183 5802 hac
3212 5748 3456 5804 laborant

1881 5837 2252 5907 intempestiva
2283 5838 2611 5891 curiositate.
2645 5839 2781 5893 Audi
2810 5856 2938 5910 ergo
2964 5841 3139 5911 qualia
3164 5857 3305 5897 nunc
3327 5843 3457 5900 dicit

1875 5932 2061 5988 beatus
2105 5930 2297 5986 Paulus
2328 5948 2339 5983 :
2376 5928 2449 5985 De
2475 5933 2785 6002 temporibus
2815 5944 2983 5989 autent
3023 5946 3112 5991 aut
3150 5938 3445 5999 momentis,
