  <div class='ocr_page' id='page_1' title='image "/cluster/home/n/w/nwhite01/storage/ocr_20150623/62/hvd.32044019207836/453.png"; bbox 0 0 3964 6540; ppageno 0'>
   <div class='ocr_carea' id='block_1_1' title="bbox 536 441 640 498">
    <p class='ocr_par' dir='ltr' id='par_1_1' title="bbox 536 441 640 498">
     <span class='ocr_line' id='line_1_1' title="bbox 536 441 640 498; baseline -0.029 0"><span class='ocrx_word' id='word_1_1' title='bbox 536 441 640 498; x_wconf 70' lang='grc' dir='ltr'><strong>ΗἾ</strong></span> 
     </span>
    </p>
   </div>
   <div class='ocr_carea' id='block_1_2' title="bbox 540 546 2110 628">
    <p class='ocr_par' dir='ltr' id='par_1_2' title="bbox 540 546 2110 628">
     <span class='ocr_line' id='line_1_2' title="bbox 540 546 2110 628; baseline -0.007 -14"><span class='ocrx_word' id='word_1_2' title='bbox 540 563 745 626; x_wconf 71' lang='lat' dir='ltr'><strong>fratres,</strong></span> <span class='ocrx_word' id='word_1_3' title='bbox 769 575 866 612; x_wconf 78' lang='lat' dir='ltr'><strong>non</strong></span> <span class='ocrx_word' id='word_1_4' title='bbox 890 546 1121 628; x_wconf 77' lang='lat' dir='ltr'><strong>indigetis</strong></span> <span class='ocrx_word' id='word_1_5' title='bbox 1143 565 1195 607; x_wconf 79' lang='lat' dir='ltr'><strong>ut</strong></span> <span class='ocrx_word' id='word_1_6' title='bbox 1219 555 1494 607; x_wconf 80' lang='lat' dir='ltr'><strong>scribamus</strong></span> <span class='ocrx_word' id='word_1_7' title='bbox 1516 554 1675 607; x_wconf 83' lang='lat' dir='ltr'><strong>vobis.</strong></span> <span class='ocrx_word' id='word_1_8' title='bbox 1700 554 1807 609; x_wconf 91' lang='lat' dir='ltr'><strong>Cur</strong></span> <span class='ocrx_word' id='word_1_9' title='bbox 1828 568 1934 607; x_wconf 89' lang='lat' dir='ltr'><strong>non</strong></span> <span class='ocrx_word' id='word_1_10' title='bbox 1957 550 2110 615; x_wconf 90' lang='lat' dir='ltr'><strong>dixit,</strong></span> 
     </span>
    </p>
   </div>
   <div class='ocr_carea' id='block_1_3' title="bbox 540 640 2110 710">
    <p class='ocr_par' dir='ltr' id='par_1_3' title="bbox 540 640 2110 710">
     <span class='ocr_line' id='line_1_3' title="bbox 540 640 2110 710; baseline -0.005 -5"><span class='ocrx_word' id='word_1_11' title='bbox 540 650 708 705; x_wconf 82' lang='lat' dir='ltr'><strong>Nemo</strong></span> <span class='ocrx_word' id='word_1_12' title='bbox 735 648 923 701; x_wconf 83' lang='lat' dir='ltr'><strong>novit?</strong></span> <span class='ocrx_word' id='word_1_13' title='bbox 950 663 1046 700; x_wconf 91' lang='lat' dir='ltr'><strong>cur</strong></span> <span class='ocrx_word' id='word_1_14' title='bbox 1072 659 1176 698; x_wconf 89' lang='lat' dir='ltr'><strong>nou</strong></span> <span class='ocrx_word' id='word_1_15' title='bbox 1204 644 1357 710; x_wconf 90' lang='lat' dir='ltr'><strong>dixit,</strong></span> <span class='ocrx_word' id='word_1_16' title='bbox 1382 644 1496 698; x_wconf 88' lang='lat' dir='ltr'><strong>Non</strong></span> <span class='ocrx_word' id='word_1_17' title='bbox 1529 645 1819 699; x_wconf 89' lang='lat' dir='ltr'><strong>revelatum</strong></span> <span class='ocrx_word' id='word_1_18' title='bbox 1842 651 1961 705; x_wconf 88' lang='lat' dir='ltr'><strong>est;</strong></span> <span class='ocrx_word' id='word_1_19' title='bbox 1993 640 2110 706; x_wconf 84' lang='lat' dir='ltr'><strong>sed,</strong></span> 
     </span>
    </p>
   </div>
   <div class='ocr_carea' id='block_1_4' title="bbox 544 730 2114 806">
    <p class='ocr_par' dir='ltr' id='par_1_4' title="bbox 544 730 2114 806">
     <span class='ocr_line' id='line_1_4' title="bbox 544 730 2114 806; baseline -0.005 -14"><span class='ocrx_word' id='word_1_20' title='bbox 544 739 665 792; x_wconf 82' lang='lat' dir='ltr'><strong>Non</strong></span> <span class='ocrx_word' id='word_1_21' title='bbox 704 737 940 806; x_wconf 85' lang='lat' dir='ltr'><strong>indigetis</strong></span> <span class='ocrx_word' id='word_1_22' title='bbox 975 746 1031 787; x_wconf 90' lang='lat' dir='ltr'><strong>ut</strong></span> <span class='ocrx_word' id='word_1_23' title='bbox 1068 735 1343 787; x_wconf 81' lang='lat' dir='ltr'><strong>scribamus</strong></span> <span class='ocrx_word' id='word_1_24' title='bbox 1387 732 1525 787; x_wconf 74' lang='lat' dir='ltr'><strong>vobis</strong></span> <span class='ocrx_word' id='word_1_25' title='bbox 1545 735 1570 786; x_wconf 84' lang='lat'><strong>.’</strong></span> <span class='ocrx_word' id='word_1_26' title='bbox 1600 731 1859 798; x_wconf 87' lang='lat' dir='ltr'><strong>Quoniam</strong></span> <span class='ocrx_word' id='word_1_27' title='bbox 1891 732 2010 785; x_wconf 90' lang='lat' dir='ltr'><strong>illos</strong></span> <span class='ocrx_word' id='word_1_28' title='bbox 2036 730 2114 785; x_wconf 89' lang='lat' dir='ltr'><strong>sic</strong></span> 
     </span>
    </p>
   </div>
   <div class='ocr_carea' id='block_1_5' title="bbox 543 818 2149 901">
    <p class='ocr_par' dir='ltr' id='par_1_5' title="bbox 543 818 2149 901">
     <span class='ocr_line' id='line_1_5' title="bbox 543 818 2149 901; baseline -0.006 -15"><span class='ocrx_word' id='word_1_29' title='bbox 543 833 730 901; x_wconf 89' lang='lat' dir='ltr'><strong>tuajori</strong></span> <span class='ocrx_word' id='word_1_30' title='bbox 758 830 1025 883; x_wconf 85' lang='lat' dir='ltr'><strong>all&#39;eeisset</strong></span> <span class='ocrx_word' id='word_1_31' title='bbox 1052 828 1292 882; x_wconf 89' lang='lat' dir='ltr'><strong>molestia</strong></span> <span class='ocrx_word' id='word_1_32' title='bbox 1314 843 1329 892; x_wconf 90' lang='lat'><strong>;</strong></span> <span class='ocrx_word' id='word_1_33' title='bbox 1355 828 1434 882; x_wconf 87' lang='lat' dir='ltr'><strong>sic</strong></span> <span class='ocrx_word' id='word_1_34' title='bbox 1462 836 1641 880; x_wconf 88' lang='lat' dir='ltr'><strong>autem</strong></span> <span class='ocrx_word' id='word_1_35' title='bbox 1670 826 1786 879; x_wconf 89' lang='lat' dir='ltr'><strong>illos</strong></span> <span class='ocrx_word' id='word_1_36' title='bbox 1806 824 2113 880; x_wconf 75' lang='lat' dir='ltr'><strong>consolatus</strong></span> <span class='ocrx_word' id='word_1_37' title='bbox 2137 818 2149 828; x_wconf 82' lang='grc'><em>’</em></span> 
     </span>
    </p>
   </div>
   <div class='ocr_carea' id='block_1_6' title="bbox 539 920 2115 989">
    <p class='ocr_par' dir='ltr' id='par_1_6' title="bbox 539 920 2115 989">
     <span class='ocr_line' id='line_1_6' title="bbox 539 920 2115 989; baseline -0.006 -11"><span class='ocrx_word' id='word_1_38' title='bbox 539 936 623 978; x_wconf 88' lang='lat' dir='ltr'><strong>est</strong></span> <span class='ocrx_word' id='word_1_39' title='bbox 654 940 669 988; x_wconf 88' lang='lat'><strong>;</strong></span> <span class='ocrx_word' id='word_1_40' title='bbox 700 922 826 977; x_wconf 91' lang='lat' dir='ltr'><strong>illud</strong></span> <span class='ocrx_word' id='word_1_41' title='bbox 855 921 1021 983; x_wconf 91' lang='lat' dir='ltr'><strong>enim,</strong></span> <span class='ocrx_word' id='word_1_42' title='bbox 1059 920 1181 974; x_wconf 87' lang='lat' dir='ltr'><strong>Non</strong></span> <span class='ocrx_word' id='word_1_43' title='bbox 1208 920 1462 989; x_wconf 74' lang='lat' dir='ltr'><strong>indigetis,</strong></span> <span class='ocrx_word' id='word_1_44' title='bbox 1485 930 1539 973; x_wconf 91' lang='lat' dir='ltr'><strong>et</strong></span> <span class='ocrx_word' id='word_1_45' title='bbox 1561 929 1826 988; x_wconf 90' lang='lat' dir='ltr'><strong>tamquam</strong></span> <span class='ocrx_word' id='word_1_46' title='bbox 1857 930 2115 986; x_wconf 86' lang='lat' dir='ltr'><strong>superva-</strong></span> 
     </span>
    </p>
   </div>
   <div class='ocr_carea' id='block_1_7' title="bbox 540 1006 2112 1083">
    <p class='ocr_par' dir='ltr' id='par_1_7' title="bbox 540 1006 2112 1083">
     <span class='ocr_line' id='line_1_7' title="bbox 540 1006 2112 1083; baseline -0.006 -13"><span class='ocrx_word' id='word_1_47' title='bbox 540 1032 785 1078; x_wconf 87' lang='lat' dir='ltr'><strong>caneum,</strong></span> <span class='ocrx_word' id='word_1_48' title='bbox 810 1022 866 1069; x_wconf 90' lang='lat' dir='ltr'><strong>et</strong></span> <span class='ocrx_word' id='word_1_49' title='bbox 893 1024 1158 1083; x_wconf 76' lang='lat' dir='ltr'><strong>tamquam</strong></span> <span class='ocrx_word' id='word_1_50' title='bbox 1188 1012 1372 1068; x_wconf 92' lang='lat' dir='ltr'><strong>inutile</strong></span> <span class='ocrx_word' id='word_1_51' title='bbox 1397 1027 1501 1066; x_wconf 92' lang='lat' dir='ltr'><strong>non</strong></span> <span class='ocrx_word' id='word_1_52' title='bbox 1531 1011 1659 1065; x_wconf 90' lang='lat' dir='ltr'><strong>sinit</strong></span> <span class='ocrx_word' id='word_1_53' title='bbox 1686 1025 1944 1079; x_wconf 60' lang='lat' dir='ltr'><strong>quairere.</strong></span> <span class='ocrx_word' id='word_1_54' title='bbox 1976 1006 2112 1075; x_wconf 86' lang='lat' dir='ltr'><strong>Quid</strong></span> 
     </span>
    </p>
   </div>
   <div class='ocr_carea' id='block_1_8' title="bbox 541 1100 2113 1174">
    <p class='ocr_par' dir='ltr' id='par_1_8' title="bbox 541 1100 2113 1174">
     <span class='ocr_line' id='line_1_8' title="bbox 541 1100 2113 1174; baseline -0.006 -13"><span class='ocrx_word' id='word_1_55' title='bbox 541 1109 717 1171; x_wconf 88' lang='lat' dir='ltr'><strong>enim,</strong></span> <span class='ocrx_word' id='word_1_56' title='bbox 748 1107 834 1160; x_wconf 91' lang='lat' dir='ltr'><strong>die</strong></span> <span class='ocrx_word' id='word_1_57' title='bbox 855 1121 1055 1174; x_wconf 68' lang='lat' dir='ltr'><strong>quaeso,</strong></span> <span class='ocrx_word' id='word_1_58' title='bbox 1094 1105 1219 1159; x_wconf 91' lang='lat' dir='ltr'><strong>hinc</strong></span> <span class='ocrx_word' id='word_1_59' title='bbox 1244 1104 1375 1157; x_wconf 90' lang='lat' dir='ltr'><strong>lucri</strong></span> <span class='ocrx_word' id='word_1_60' title='bbox 1407 1102 1666 1157; x_wconf 89' lang='lat' dir='ltr'><strong>accedat?</strong></span> <span class='ocrx_word' id='word_1_61' title='bbox 1691 1102 1955 1155; x_wconf 91' lang='lat' dir='ltr'><strong>Ponamus</strong></span> <span class='ocrx_word' id='word_1_62' title='bbox 1994 1100 2113 1153; x_wconf 78' lang='lat' dir='ltr'><strong>fore</strong></span> 
     </span>
    </p>
   </div>
   <div class='ocr_carea' id='block_1_9' title="bbox 541 1191 2105 1265">
    <p class='ocr_par' dir='ltr' id='par_1_9' title="bbox 541 1191 2105 1265">
     <span class='ocr_line' id='line_1_9' title="bbox 541 1191 2105 1265; baseline -0.005 -14"><span class='ocrx_word' id='word_1_63' title='bbox 541 1196 1051 1251; x_wconf 79' lang='lat' dir='ltr'><strong>consummationem</strong></span> <span class='ocrx_word' id='word_1_64' title='bbox 1094 1203 1214 1265; x_wconf 90' lang='lat' dir='ltr'><strong>post</strong></span> <span class='ocrx_word' id='word_1_65' title='bbox 1244 1194 1426 1264; x_wconf 85' lang='lat' dir='ltr'><strong>viginti</strong></span> <span class='ocrx_word' id='word_1_66' title='bbox 1475 1208 1679 1257; x_wconf 88' lang='lat' dir='ltr'><strong>annos,</strong></span> <span class='ocrx_word' id='word_1_67' title='bbox 1713 1202 1831 1261; x_wconf 89' lang='lat' dir='ltr'><strong>post</strong></span> <span class='ocrx_word' id='word_1_68' title='bbox 1864 1191 2105 1261; x_wconf 81' lang='lat' dir='ltr'><strong>triginta,</strong></span> 
     </span>
    </p>
   </div>
   <div class='ocr_carea' id='block_1_10' title="bbox 543 1284 2112 1359">
    <p class='ocr_par' dir='ltr' id='par_1_10' title="bbox 543 1284 2112 1359">
     <span class='ocr_line' id='line_1_10' title="bbox 543 1284 2112 1359; baseline -0.004 -15"><span class='ocrx_word' id='word_1_69' title='bbox 543 1302 661 1359; x_wconf 86' lang='lat' dir='ltr'><strong>post</strong></span> <span class='ocrx_word' id='word_1_70' title='bbox 683 1301 932 1357; x_wconf 85' lang='lat' dir='ltr'><strong>centum;</strong></span> <span class='ocrx_word' id='word_1_71' title='bbox 960 1288 1086 1359; x_wconf 92' lang='lat' dir='ltr'><strong>quid</strong></span> <span class='ocrx_word' id='word_1_72' title='bbox 1110 1289 1212 1343; x_wconf 92' lang='lat' dir='ltr'><strong>hoc</strong></span> <span class='ocrx_word' id='word_1_73' title='bbox 1234 1289 1300 1342; x_wconf 88' lang='lat' dir='ltr'><strong>ad</strong></span> <span class='ocrx_word' id='word_1_74' title='bbox 1332 1287 1473 1341; x_wconf 86' lang='lat' dir='ltr'><strong>nos?</strong></span> <span class='ocrx_word' id='word_1_75' title='bbox 1498 1301 1673 1340; x_wconf 89' lang='lat' dir='ltr'><strong>nonne</strong></span> <span class='ocrx_word' id='word_1_76' title='bbox 1700 1284 2112 1352; x_wconf 81' lang='lat' dir='ltr'><strong>uniuscujusque</strong></span> 
     </span>
    </p>
   </div>
   <div class='ocr_carea' id='block_1_11' title="bbox 542 1374 2111 1446">
    <p class='ocr_par' dir='ltr' id='par_1_11' title="bbox 542 1374 2111 1446">
     <span class='ocr_line' id='line_1_11' title="bbox 542 1374 2111 1446; baseline -0.005 -12"><span class='ocrx_word' id='word_1_77' title='bbox 542 1381 929 1436; x_wconf 84' lang='lat' dir='ltr'><strong>consummatio</strong></span> <span class='ocrx_word' id='word_1_78' title='bbox 955 1389 1037 1435; x_wconf 87' lang='lat' dir='ltr'><strong>est</strong></span> <span class='ocrx_word' id='word_1_79' title='bbox 1082 1380 1201 1434; x_wconf 84' lang='lat' dir='ltr'><strong>linis</strong></span> <span class='ocrx_word' id='word_1_80' title='bbox 1241 1380 1362 1433; x_wconf 66' lang='lat' dir='ltr'><strong>vita:</strong></span> <span class='ocrx_word' id='word_1_81' title='bbox 1393 1392 1503 1431; x_wconf 74' lang='lat' dir='ltr'><strong>sua:</strong></span> <span class='ocrx_word' id='word_1_82' title='bbox 1524 1377 1546 1429; x_wconf 87' lang='lat'><strong>?</strong></span> <span class='ocrx_word' id='word_1_83' title='bbox 1571 1376 1697 1446; x_wconf 92' lang='lat' dir='ltr'><strong>quid</strong></span> <span class='ocrx_word' id='word_1_84' title='bbox 1735 1374 1801 1429; x_wconf 92' lang='lat' dir='ltr'><strong>de</strong></span> <span class='ocrx_word' id='word_1_85' title='bbox 1842 1374 2111 1429; x_wconf 91' lang='lat' dir='ltr'><strong>communi</strong></span> 
     </span>
    </p>
   </div>
   <div class='ocr_carea' id='block_1_12' title="bbox 543 1462 2111 1535">
    <p class='ocr_par' dir='ltr' id='par_1_12' title="bbox 543 1462 2111 1535">
     <span class='ocr_line' id='line_1_12' title="bbox 543 1462 2111 1535; baseline -0.006 -10"><span class='ocrx_word' id='word_1_86' title='bbox 543 1474 649 1528; x_wconf 88' lang='lat' dir='ltr'><strong>line</strong></span> <span class='ocrx_word' id='word_1_87' title='bbox 670 1472 881 1527; x_wconf 85' lang='lat' dir='ltr'><strong>curiose</strong></span> <span class='ocrx_word' id='word_1_88' title='bbox 907 1487 966 1526; x_wconf 89' lang='lat' dir='ltr'><strong>es</strong></span> <span class='ocrx_word' id='word_1_89' title='bbox 993 1470 1253 1526; x_wconf 91' lang='lat' dir='ltr'><strong>sollicitus</strong></span> <span class='ocrx_word' id='word_1_90' title='bbox 1273 1478 1327 1523; x_wconf 92' lang='lat' dir='ltr'><strong>et</strong></span> <span class='ocrx_word' id='word_1_91' title='bbox 1352 1467 1513 1522; x_wconf 90' lang='lat' dir='ltr'><strong>veluti</strong></span> <span class='ocrx_word' id='word_1_92' title='bbox 1545 1466 1775 1535; x_wconf 88' lang='lat' dir='ltr'><strong>parturis</strong></span> <span class='ocrx_word' id='word_1_93' title='bbox 1798 1466 1821 1518; x_wconf 83' lang='lat'><strong>?</strong></span> <span class='ocrx_word' id='word_1_94' title='bbox 1845 1464 1947 1519; x_wconf 89' lang='lat' dir='ltr'><strong>Sed</strong></span> <span class='ocrx_word' id='word_1_95' title='bbox 1970 1462 2111 1533; x_wconf 91' lang='lat' dir='ltr'><strong>quod</strong></span> 
     </span>
    </p>
   </div>
   <div class='ocr_carea' id='block_1_13' title="bbox 542 1555 2112 1630">
    <p class='ocr_par' dir='ltr' id='par_1_13' title="bbox 542 1555 2112 1630">
     <span class='ocr_line' id='line_1_13' title="bbox 542 1555 2112 1630; baseline -0.006 -13"><span class='ocrx_word' id='word_1_96' title='bbox 542 1565 596 1617; x_wconf 89' lang='lat' dir='ltr'><strong>in</strong></span> <span class='ocrx_word' id='word_1_97' title='bbox 621 1564 759 1629; x_wconf 88' lang='lat' dir='ltr'><strong>aliis,</strong></span> <span class='ocrx_word' id='word_1_98' title='bbox 787 1563 838 1617; x_wconf 92' lang='lat' dir='ltr'><strong>in</strong></span> <span class='ocrx_word' id='word_1_99' title='bbox 870 1562 970 1615; x_wconf 89' lang='lat' dir='ltr'><strong>hoc</strong></span> <span class='ocrx_word' id='word_1_100' title='bbox 998 1576 1208 1630; x_wconf 90' lang='lat' dir='ltr'><strong>quoque</strong></span> <span class='ocrx_word' id='word_1_101' title='bbox 1244 1558 1399 1614; x_wconf 90' lang='lat' dir='ltr'><strong>nobis</strong></span> <span class='ocrx_word' id='word_1_102' title='bbox 1434 1558 1644 1613; x_wconf 87' lang='lat' dir='ltr'><strong>accidit.</strong></span> <span class='ocrx_word' id='word_1_103' title='bbox 1694 1558 1838 1611; x_wconf 87' lang='lat' dir='ltr'><strong>Sicut</strong></span> <span class='ocrx_word' id='word_1_104' title='bbox 1872 1555 2014 1610; x_wconf 91' lang='lat' dir='ltr'><strong>enim</strong></span> <span class='ocrx_word' id='word_1_105' title='bbox 2059 1555 2112 1608; x_wconf 91' lang='lat' dir='ltr'><strong>in</strong></span> 
     </span>
    </p>
   </div>
   <div class='ocr_carea' id='block_1_14' title="bbox 540 1646 2109 1724">
    <p class='ocr_par' dir='ltr' id='par_1_14' title="bbox 540 1646 2109 1724">
     <span class='ocr_line' id='line_1_14' title="bbox 540 1646 2109 1724; baseline -0.008 -15"><span class='ocrx_word' id='word_1_106' title='bbox 540 1657 680 1722; x_wconf 91' lang='lat' dir='ltr'><strong>aliis,</strong></span> <span class='ocrx_word' id='word_1_107' title='bbox 705 1655 931 1724; x_wconf 81' lang='lat' dir='ltr'><strong>propriis</strong></span> <span class='ocrx_word' id='word_1_108' title='bbox 946 1652 1203 1715; x_wconf 85' lang='lat' dir='ltr'><strong>dimissis,</strong></span> <span class='ocrx_word' id='word_1_109' title='bbox 1220 1665 1469 1705; x_wconf 71' lang='lat' dir='ltr'><strong>curamus</strong></span> <span class='ocrx_word' id='word_1_110' title='bbox 1489 1649 1812 1712; x_wconf 89' lang='lat' dir='ltr'><strong>communia,</strong></span> <span class='ocrx_word' id='word_1_111' title='bbox 1837 1646 2109 1701; x_wconf 85' lang='lat' dir='ltr'><strong>dicentes:</strong></span> 
     </span>
    </p>
   </div>
   <div class='ocr_carea' id='block_1_15' title="bbox 541 1737 2113 1808">
    <p class='ocr_par' dir='ltr' id='par_1_15' title="bbox 541 1737 2113 1808">
     <span class='ocr_line' id='line_1_15' title="bbox 541 1737 2113 1808; baseline -0.008 -6"><span class='ocrx_word' id='word_1_112' title='bbox 541 1748 637 1803; x_wconf 88' lang='lat' dir='ltr'><strong>Ille</strong></span> <span class='ocrx_word' id='word_1_113' title='bbox 675 1756 757 1800; x_wconf 88' lang='lat' dir='ltr'><strong>est</strong></span> <span class='ocrx_word' id='word_1_114' title='bbox 797 1754 1065 1800; x_wconf 84' lang='lat' dir='ltr'><strong>scortator</strong></span> <span class='ocrx_word' id='word_1_115' title='bbox 1085 1784 1099 1808; x_wconf 89' lang='lat'><strong>,</strong></span> <span class='ocrx_word' id='word_1_116' title='bbox 1132 1742 1217 1799; x_wconf 89' lang='lat' dir='ltr'><strong>hic</strong></span> <span class='ocrx_word' id='word_1_117' title='bbox 1245 1753 1328 1797; x_wconf 91' lang='lat' dir='ltr'><strong>est</strong></span> <span class='ocrx_word' id='word_1_118' title='bbox 1356 1741 1563 1795; x_wconf 86' lang='lat' dir='ltr'><strong>adulter</strong></span> <span class='ocrx_word' id='word_1_119' title='bbox 1586 1782 1602 1804; x_wconf 93' lang='lat'><strong>,</strong></span> <span class='ocrx_word' id='word_1_120' title='bbox 1632 1739 1723 1793; x_wconf 92' lang='lat' dir='ltr'><strong>ille</strong></span> <span class='ocrx_word' id='word_1_121' title='bbox 1751 1738 1945 1807; x_wconf 85' lang='lat' dir='ltr'><strong>rapuit,</strong></span> <span class='ocrx_word' id='word_1_122' title='bbox 1978 1737 2113 1790; x_wconf 87' lang='lat' dir='ltr'><strong>alius</strong></span> 
     </span>
    </p>
   </div>
   <div class='ocr_carea' id='block_1_16' title="bbox 541 1828 2113 1907">
    <p class='ocr_par' dir='ltr' id='par_1_16' title="bbox 541 1828 2113 1907">
     <span class='ocr_line' id='line_1_16' title="bbox 541 1828 2113 1907; baseline -0.008 -13"><span class='ocrx_word' id='word_1_123' title='bbox 541 1837 944 1907; x_wconf 81' lang='lat' dir='ltr'><strong>fecitinjuriam;</strong></span> <span class='ocrx_word' id='word_1_124' title='bbox 964 1851 1141 1890; x_wconf 90' lang='lat' dir='ltr'><strong>rerum</strong></span> <span class='ocrx_word' id='word_1_125' title='bbox 1162 1843 1337 1889; x_wconf 87' lang='lat' dir='ltr'><strong>autem</strong></span> <span class='ocrx_word' id='word_1_126' title='bbox 1360 1848 1575 1887; x_wconf 90' lang='lat' dir='ltr'><strong>suarum</strong></span> <span class='ocrx_word' id='word_1_127' title='bbox 1594 1846 1750 1887; x_wconf 91' lang='lat' dir='ltr'><strong>nemo</strong></span> <span class='ocrx_word' id='word_1_128' title='bbox 1772 1830 1934 1884; x_wconf 89' lang='lat' dir='ltr'><strong>ullam</strong></span> <span class='ocrx_word' id='word_1_129' title='bbox 1954 1828 2113 1882; x_wconf 84' lang='lat' dir='ltr'><strong>habet</strong></span> 
     </span>
    </p>
   </div>
   <div class='ocr_carea' id='block_1_17' title="bbox 540 1921 2113 1995">
    <p class='ocr_par' dir='ltr' id='par_1_17' title="bbox 540 1921 2113 1995">
     <span class='ocr_line' id='line_1_17' title="bbox 540 1921 2113 1995; baseline -0.006 -10"><span class='ocrx_word' id='word_1_130' title='bbox 540 1931 799 1985; x_wconf 85' lang='lat' dir='ltr'><strong>rationem</strong></span> <span class='ocrx_word' id='word_1_131' title='bbox 819 1970 833 1994; x_wconf 92' lang='lat'><strong>,</strong></span> <span class='ocrx_word' id='word_1_132' title='bbox 873 1927 966 1983; x_wconf 90' lang='lat' dir='ltr'><strong>sed</strong></span> <span class='ocrx_word' id='word_1_133' title='bbox 995 1928 1168 1982; x_wconf 87' lang='lat' dir='ltr'><strong>omnia</strong></span> <span class='ocrx_word' id='word_1_134' title='bbox 1194 1934 1345 1980; x_wconf 89' lang='lat' dir='ltr'><strong>curat</strong></span> <span class='ocrx_word' id='word_1_135' title='bbox 1363 1924 1529 1995; x_wconf 74' lang='lat' dir='ltr'><strong>magis</strong></span> <span class='ocrx_word' id='word_1_136' title='bbox 1567 1939 1727 1994; x_wconf 88' lang='lat' dir='ltr'><strong>quam</strong></span> <span class='ocrx_word' id='word_1_137' title='bbox 1757 1938 1891 1977; x_wconf 90' lang='lat' dir='ltr'><strong>sua:</strong></span> <span class='ocrx_word' id='word_1_138' title='bbox 1924 1922 1995 1975; x_wconf 90' lang='lat' dir='ltr'><strong>ita</strong></span> <span class='ocrx_word' id='word_1_139' title='bbox 2027 1921 2113 1976; x_wconf 90' lang='lat' dir='ltr'><strong>hic</strong></span> 
     </span>
    </p>
   </div>
   <div class='ocr_carea' id='block_1_18' title="bbox 537 2017 2109 2095">
    <p class='ocr_par' dir='ltr' id='par_1_18' title="bbox 537 2017 2109 2095">
     <span class='ocr_line' id='line_1_18' title="bbox 537 2017 2109 2095; baseline -0.005 -17"><span class='ocrx_word' id='word_1_140' title='bbox 537 2038 752 2095; x_wconf 91' lang='lat' dir='ltr'><strong>quoque</strong></span> <span class='ocrx_word' id='word_1_141' title='bbox 770 2064 786 2088; x_wconf 92' lang='lat'><strong>,</strong></span> <span class='ocrx_word' id='word_1_142' title='bbox 814 2023 1089 2077; x_wconf 84' lang='lat' dir='ltr'><strong>mittentes</strong></span> <span class='ocrx_word' id='word_1_143' title='bbox 1117 2021 1481 2090; x_wconf 82' lang='lat' dir='ltr'><strong>unusquisque</strong></span> <span class='ocrx_word' id='word_1_144' title='bbox 1505 2034 1660 2073; x_wconf 86' lang='lat' dir='ltr'><strong>suum</strong></span> <span class='ocrx_word' id='word_1_145' title='bbox 1700 2017 1858 2073; x_wconf 81' lang='lat' dir='ltr'><strong>linem</strong></span> <span class='ocrx_word' id='word_1_146' title='bbox 1887 2031 2109 2079; x_wconf 89' lang='lat' dir='ltr'><strong>curare,</strong></span> 
     </span>
    </p>
   </div>
   <div class='ocr_carea' id='block_1_19' title="bbox 537 2107 2111 2178">
    <p class='ocr_par' dir='ltr' id='par_1_19' title="bbox 537 2107 2111 2178">
     <span class='ocr_line' id='line_1_19' title="bbox 537 2107 2111 2178; baseline -0.004 -9"><span class='ocrx_word' id='word_1_147' title='bbox 537 2117 780 2171; x_wconf 85' lang='lat' dir='ltr'><strong>volumus</strong></span> <span class='ocrx_word' id='word_1_148' title='bbox 813 2129 1152 2169; x_wconf 88' lang='lat' dir='ltr'><strong>communem</strong></span> <span class='ocrx_word' id='word_1_149' title='bbox 1181 2113 1319 2168; x_wconf 91' lang='lat' dir='ltr'><strong>scire</strong></span> <span class='ocrx_word' id='word_1_150' title='bbox 1345 2110 1771 2167; x_wconf 80' lang='lat' dir='ltr'><strong>dissolutionem.</strong></span> <span class='ocrx_word' id='word_1_151' title='bbox 1801 2107 1937 2178; x_wconf 85' lang='lat' dir='ltr'><strong>Quid</strong></span> <span class='ocrx_word' id='word_1_152' title='bbox 1967 2108 2111 2164; x_wconf 89' lang='lat' dir='ltr'><strong>enim</strong></span> 
     </span>
    </p>
   </div>
   <div class='ocr_carea' id='block_1_20' title="bbox 539 2204 2113 2272">
    <p class='ocr_par' dir='ltr' id='par_1_20' title="bbox 539 2204 2113 2272">
     <span class='ocr_line' id='line_1_20' title="bbox 539 2204 2113 2272; baseline -0.006 -8"><span class='ocrx_word' id='word_1_153' title='bbox 539 2209 633 2264; x_wconf 89' lang='lat' dir='ltr'><strong>tibi</strong></span> <span class='ocrx_word' id='word_1_154' title='bbox 658 2218 741 2263; x_wconf 88' lang='lat' dir='ltr'><strong>est</strong></span> <span class='ocrx_word' id='word_1_155' title='bbox 765 2223 885 2263; x_wconf 91' lang='lat' dir='ltr'><strong>cum</strong></span> <span class='ocrx_word' id='word_1_156' title='bbox 909 2208 997 2263; x_wconf 89' lang='lat' dir='ltr'><strong>illa</strong></span> <span class='ocrx_word' id='word_1_157' title='bbox 1017 2221 1301 2261; x_wconf 87' lang='lat' dir='ltr'><strong>commune</strong></span> <span class='ocrx_word' id='word_1_158' title='bbox 1322 2206 1345 2259; x_wconf 66' lang='grc' dir='ltr'><strong>ἲ</strong></span> <span class='ocrx_word' id='word_1_159' title='bbox 1372 2205 1428 2260; x_wconf 87' lang='lat' dir='ltr'><strong>Si</strong></span> <span class='ocrx_word' id='word_1_160' title='bbox 1454 2205 1593 2259; x_wconf 89' lang='lat' dir='ltr'><strong>hunc</strong></span> <span class='ocrx_word' id='word_1_161' title='bbox 1619 2204 1778 2259; x_wconf 89' lang='lat' dir='ltr'><strong>linem</strong></span> <span class='ocrx_word' id='word_1_162' title='bbox 1808 2211 1954 2258; x_wconf 92' lang='lat' dir='ltr'><strong>recte</strong></span> <span class='ocrx_word' id='word_1_163' title='bbox 1974 2216 2113 2272; x_wconf 75' lang='lat' dir='ltr'><strong>pne-</strong></span> 
     </span>
    </p>
   </div>
   <div class='ocr_carea' id='block_1_21' title="bbox 537 2290 2113 2371">
    <p class='ocr_par' dir='ltr' id='par_1_21' title="bbox 537 2290 2113 2371">
     <span class='ocr_line' id='line_1_21' title="bbox 537 2290 2113 2371; baseline -0.005 -17"><span class='ocrx_word' id='word_1_164' title='bbox 537 2301 847 2371; x_wconf 83' lang='lat' dir='ltr'><strong>paraveris,</strong></span> <span class='ocrx_word' id='word_1_165' title='bbox 888 2299 957 2354; x_wconf 86' lang='lat' dir='ltr'><strong>ab</strong></span> <span class='ocrx_word' id='word_1_166' title='bbox 1000 2299 1090 2354; x_wconf 92' lang='lat' dir='ltr'><strong>illo</strong></span> <span class='ocrx_word' id='word_1_167' title='bbox 1129 2300 1234 2353; x_wconf 90' lang='lat' dir='ltr'><strong>line</strong></span> <span class='ocrx_word' id='word_1_168' title='bbox 1273 2297 1365 2352; x_wconf 85' lang='lat' dir='ltr'><strong>tibi</strong></span> <span class='ocrx_word' id='word_1_169' title='bbox 1403 2311 1563 2367; x_wconf 75' lang='lat' dir='ltr'><strong>grave</strong></span> <span class='ocrx_word' id='word_1_170' title='bbox 1606 2294 1736 2349; x_wconf 85' lang='lat' dir='ltr'><strong>nihil</strong></span> <span class='ocrx_word' id='word_1_171' title='bbox 1776 2292 2000 2348; x_wconf 88' lang='lat' dir='ltr'><strong>accidet.</strong></span> <span class='ocrx_word' id='word_1_172' title='bbox 2031 2290 2113 2347; x_wconf 88' lang='lat' dir='ltr'><strong>Sit</strong></span> 
     </span>
    </p>
   </div>
   <div class='ocr_carea' id='block_1_22' title="bbox 539 2386 2110 2462">
    <p class='ocr_par' dir='ltr' id='par_1_22' title="bbox 539 2386 2110 2462">
     <span class='ocr_line' id='line_1_22' title="bbox 539 2386 2110 2462; baseline -0.005 -16"><span class='ocrx_word' id='word_1_173' title='bbox 539 2393 713 2462; x_wconf 78' lang='lat' dir='ltr'><strong>longe.</strong></span> <span class='ocrx_word' id='word_1_174' title='bbox 743 2392 813 2445; x_wconf 92' lang='lat' dir='ltr'><strong>sit</strong></span> <span class='ocrx_word' id='word_1_175' title='bbox 852 2405 1053 2461; x_wconf 86' lang='lat' dir='ltr'><strong>prope;</strong></span> <span class='ocrx_word' id='word_1_176' title='bbox 1089 2389 1190 2444; x_wconf 90' lang='lat' dir='ltr'><strong>hoc</strong></span> <span class='ocrx_word' id='word_1_177' title='bbox 1227 2388 1357 2443; x_wconf 85' lang='lat' dir='ltr'><strong>nihil</strong></span> <span class='ocrx_word' id='word_1_178' title='bbox 1397 2387 1465 2442; x_wconf 90' lang='lat' dir='ltr'><strong>ad</strong></span> <span class='ocrx_word' id='word_1_179' title='bbox 1512 2402 1630 2442; x_wconf 88' lang='lat' dir='ltr'><strong>nos.</strong></span> <span class='ocrx_word' id='word_1_180' title='bbox 1673 2386 1957 2455; x_wconf 85' lang='lat' dir='ltr'><strong>Propterea</strong></span> <span class='ocrx_word' id='word_1_181' title='bbox 2002 2399 2110 2438; x_wconf 93' lang='lat' dir='ltr'><strong>non</strong></span> 
     </span>
    </p>
   </div>
   <div class='ocr_carea' id='block_1_23' title="bbox 533 2474 2111 2551">
    <p class='ocr_par' dir='ltr' id='par_1_23' title="bbox 533 2474 2111 2551">
     <span class='ocr_line' id='line_1_23' title="bbox 533 2474 2111 2551; baseline -0.004 -15"><span class='ocrx_word' id='word_1_182' title='bbox 533 2482 670 2537; x_wconf 90' lang='lat' dir='ltr'><strong>dixit</strong></span> <span class='ocrx_word' id='word_1_183' title='bbox 698 2481 939 2536; x_wconf 85' lang='lat' dir='ltr'><strong>Christus</strong></span> <span class='ocrx_word' id='word_1_184' title='bbox 963 2523 978 2547; x_wconf 90' lang='lat'><strong>,</strong></span> <span class='ocrx_word' id='word_1_185' title='bbox 1027 2481 1280 2551; x_wconf 89' lang='lat' dir='ltr'><strong>quoniam</strong></span> <span class='ocrx_word' id='word_1_186' title='bbox 1308 2496 1415 2532; x_wconf 89' lang='lat' dir='ltr'><strong>non</strong></span> <span class='ocrx_word' id='word_1_187' title='bbox 1462 2476 1800 2547; x_wconf 80' lang='lat' dir='ltr'><strong>expediebat.</strong></span> <span class='ocrx_word' id='word_1_188' title='bbox 1833 2474 2111 2543; x_wconf 88' lang='lat' dir='ltr'><strong>Quomodo</strong></span> 
     </span>
    </p>
   </div>
   <div class='ocr_carea' id='block_1_24' title="bbox 535 2568 2111 2643">
    <p class='ocr_par' dir='ltr' id='par_1_24' title="bbox 535 2568 2111 2643">
     <span class='ocr_line' id='line_1_24' title="bbox 535 2568 2111 2643; baseline -0.003 -17"><span class='ocrx_word' id='word_1_189' title='bbox 535 2589 641 2629; x_wconf 90' lang='lat' dir='ltr'><strong>non</strong></span> <span class='ocrx_word' id='word_1_190' title='bbox 666 2574 1018 2643; x_wconf 83' lang='lat' dir='ltr'><strong>expediebat?</strong></span> <span class='ocrx_word' id='word_1_191' title='bbox 1052 2573 1239 2643; x_wconf 88' lang='lat' dir='ltr'><strong>inquit.</strong></span> <span class='ocrx_word' id='word_1_192' title='bbox 1291 2572 1410 2642; x_wconf 86' lang='lat' dir='ltr'><strong>Ipse</strong></span> <span class='ocrx_word' id='word_1_193' title='bbox 1447 2570 1539 2635; x_wconf 86' lang='lat' dir='ltr'><strong>qui</strong></span> <span class='ocrx_word' id='word_1_194' title='bbox 1569 2568 1806 2635; x_wconf 89' lang='lat' dir='ltr'><strong>celavit,</strong></span> <span class='ocrx_word' id='word_1_195' title='bbox 1839 2568 1988 2623; x_wconf 87' lang='lat' dir='ltr'><strong>novit</strong></span> <span class='ocrx_word' id='word_1_196' title='bbox 2016 2582 2111 2622; x_wconf 92' lang='lat' dir='ltr'><strong>cur</strong></span> 
     </span>
    </p>
   </div>
   <div class='ocr_carea' id='block_1_25' title="bbox 533 2660 2107 2734">
    <p class='ocr_par' dir='ltr' id='par_1_25' title="bbox 533 2660 2107 2734">
     <span class='ocr_line' id='line_1_25' title="bbox 533 2660 2107 2734; baseline -0.003 -15"><span class='ocrx_word' id='word_1_197' title='bbox 533 2680 639 2719; x_wconf 89' lang='lat' dir='ltr'><strong>non</strong></span> <span class='ocrx_word' id='word_1_198' title='bbox 663 2665 940 2734; x_wconf 89' lang='lat' dir='ltr'><strong>expediret</strong></span> <span class='ocrx_word' id='word_1_199' title='bbox 971 2682 983 2718; x_wconf 93' lang='lat'>:</span> <span class='ocrx_word' id='word_1_200' title='bbox 1015 2664 1137 2718; x_wconf 92' lang='lat' dir='ltr'><strong>audi</strong></span> <span class='ocrx_word' id='word_1_201' title='bbox 1160 2663 1301 2718; x_wconf 91' lang='lat' dir='ltr'><strong>enim</strong></span> <span class='ocrx_word' id='word_1_202' title='bbox 1331 2664 1500 2733; x_wconf 89' lang='lat' dir='ltr'><strong>ipsum</strong></span> <span class='ocrx_word' id='word_1_203' title='bbox 1521 2663 1786 2717; x_wconf 89' lang='lat' dir='ltr'><strong>dicentem</strong></span> <span class='ocrx_word' id='word_1_204' title='bbox 1817 2660 2107 2731; x_wconf 84' lang='lat' dir='ltr'><strong>apostolis:</strong></span> 
     </span>
    </p>
   </div>
   <div class='ocr_carea' id='block_1_26' title="bbox 537 2754 2109 2827">
    <p class='ocr_par' dir='ltr' id='par_1_26' title="bbox 537 2754 2109 2827">
     <span class='ocr_line' id='line_1_26' title="bbox 537 2754 2109 2827; baseline -0.003 -14"><span class='ocrx_word' id='word_1_205' title='bbox 537 2758 660 2813; x_wconf 72' lang='lat' dir='ltr'><strong>Non</strong></span> <span class='ocrx_word' id='word_1_206' title='bbox 687 2769 759 2812; x_wconf 88' lang='lat' dir='ltr'><strong>est</strong></span> <span class='ocrx_word' id='word_1_207' title='bbox 786 2770 1003 2813; x_wconf 86' lang='lat' dir='ltr'><strong>vestrum</strong></span> <span class='ocrx_word' id='word_1_208' title='bbox 1031 2775 1179 2812; x_wconf 87' lang='lat' dir='ltr'><strong>nosse</strong></span> <span class='ocrx_word' id='word_1_209' title='bbox 1204 2769 1432 2827; x_wconf 87' lang='lat' dir='ltr'><strong>tempora</strong></span> <span class='ocrx_word' id='word_1_210' title='bbox 1458 2758 1534 2811; x_wconf 81' lang='lat' dir='ltr'><strong>vel</strong></span> <span class='ocrx_word' id='word_1_211' title='bbox 1563 2767 1830 2821; x_wconf 86' lang='lat' dir='ltr'><strong>momenta,</strong></span> <span class='ocrx_word' id='word_1_212' title='bbox 1861 2771 1974 2827; x_wconf 69' lang='lat' dir='ltr'><strong>qua:</strong></span> <span class='ocrx_word' id='word_1_213' title='bbox 1998 2754 2109 2809; x_wconf 86' lang='lat' dir='ltr'><strong>Pa-</strong></span> 
     </span>
    </p>
   </div>
   <div class='ocr_carea' id='block_1_27' title="bbox 533 2846 2111 2919">
    <p class='ocr_par' dir='ltr' id='par_1_27' title="bbox 533 2846 2111 2919">
     <span class='ocr_line' id='line_1_27' title="bbox 533 2846 2111 2919; baseline -0.003 -15"><span class='ocrx_word' id='word_1_214' title='bbox 533 2861 607 2904; x_wconf 85' lang='lat' dir='ltr'><strong>ter</strong></span> <span class='ocrx_word' id='word_1_215' title='bbox 633 2853 798 2919; x_wconf 85' lang='lat' dir='ltr'><strong>posuit</strong></span> <span class='ocrx_word' id='word_1_216' title='bbox 840 2852 893 2903; x_wconf 91' lang='lat' dir='ltr'><strong>in</strong></span> <span class='ocrx_word' id='word_1_217' title='bbox 938 2866 1029 2903; x_wconf 89' lang='lat' dir='ltr'><strong>sua</strong></span> <span class='ocrx_word' id='word_1_218' title='bbox 1060 2858 1305 2919; x_wconf 74' lang='lat' dir='ltr'><strong>potestate</strong></span> <span class='ocrx_word' id='word_1_219' title='bbox 1334 2850 1484 2919; x_wconf 84' lang='lat' dir='ltr'><strong>(Act.</strong></span> <span class='ocrx_word' id='word_1_220' title='bbox 1520 2850 1570 2902; x_wconf 80' lang='grc'><strong>1.</strong></span> <span class='ocrx_word' id='word_1_221' title='bbox 1607 2849 1681 2917; x_wconf 86' lang='lat'><strong>7).</strong></span> <span class='ocrx_word' id='word_1_222' title='bbox 1726 2847 1861 2915; x_wconf 91' lang='lat' dir='ltr'><strong>Quid</strong></span> <span class='ocrx_word' id='word_1_223' title='bbox 1900 2846 2111 2901; x_wconf 83' lang='lat' dir='ltr'><strong>curiose</strong></span> 
     </span>
    </p>
   </div>
   <div class='ocr_carea' id='block_1_28' title="bbox 534 2939 2109 3008">
    <p class='ocr_par' dir='ltr' id='par_1_28' title="bbox 534 2939 2109 3008">
     <span class='ocr_line' id='line_1_28' title="bbox 534 2939 2109 3008; baseline -0.003 -12"><span class='ocrx_word' id='word_1_224' title='bbox 534 2942 843 2997; x_wconf 76' lang='lat' dir='ltr'><strong>scrutaniini</strong></span> <span class='ocrx_word' id='word_1_225' title='bbox 866 2941 889 2994; x_wconf 91' lang='lat'><strong>?</strong></span> <span class='ocrx_word' id='word_1_226' title='bbox 917 2941 1015 2995; x_wconf 89' lang='lat' dir='ltr'><strong>hoc</strong></span> <span class='ocrx_word' id='word_1_227' title='bbox 1036 2940 1237 2995; x_wconf 85' lang='lat' dir='ltr'><strong>audivit</strong></span> <span class='ocrx_word' id='word_1_228' title='bbox 1256 2955 1377 2994; x_wconf 88' lang='lat' dir='ltr'><strong>cum</strong></span> <span class='ocrx_word' id='word_1_229' title='bbox 1404 2941 1514 2994; x_wconf 88' lang='lat' dir='ltr'><strong>suis</strong></span> <span class='ocrx_word' id='word_1_230' title='bbox 1537 2940 1724 2994; x_wconf 90' lang='lat' dir='ltr'><strong>Petrus</strong></span> <span class='ocrx_word' id='word_1_231' title='bbox 1747 2939 2109 3008; x_wconf 86' lang='lat' dir='ltr'><strong>apostolorum</strong></span> 
     </span>
    </p>
   </div>
   <div class='ocr_carea' id='block_1_29' title="bbox 533 3029 2109 3102">
    <p class='ocr_par' dir='ltr' id='par_1_29' title="bbox 533 3029 2109 3102">
     <span class='ocr_line' id='line_1_29' title="bbox 533 3029 2109 3102; baseline -0.004 -15"><span class='ocrx_word' id='word_1_232' title='bbox 533 3034 783 3102; x_wconf 86' lang='lat' dir='ltr'><strong>princeps</strong></span> <span class='ocrx_word' id='word_1_233' title='bbox 811 3040 865 3085; x_wconf 89' lang='lat' dir='ltr'><strong>et</strong></span> <span class='ocrx_word' id='word_1_234' title='bbox 902 3031 1255 3102; x_wconf 77' lang='lat' dir='ltr'><strong>corypha-us;</strong></span> <span class='ocrx_word' id='word_1_235' title='bbox 1289 3039 1343 3085; x_wconf 92' lang='lat' dir='ltr'><strong>ut</strong></span> <span class='ocrx_word' id='word_1_236' title='bbox 1370 3030 1456 3100; x_wconf 89' lang='lat' dir='ltr'><strong>qui</strong></span> <span class='ocrx_word' id='word_1_237' title='bbox 1496 3029 1865 3085; x_wconf 83' lang='lat' dir='ltr'><strong>desiderarent</strong></span> <span class='ocrx_word' id='word_1_238' title='bbox 1907 3029 2109 3098; x_wconf 88' lang='lat' dir='ltr'><strong>majora</strong></span> 
     </span>
    </p>
   </div>
   <div class='ocr_carea' id='block_1_30' title="bbox 533 3120 2110 3194">
    <p class='ocr_par' dir='ltr' id='par_1_30' title="bbox 533 3120 2110 3194">
     <span class='ocr_line' id='line_1_30' title="bbox 533 3120 2110 3194; baseline -0.001 -17"><span class='ocrx_word' id='word_1_239' title='bbox 533 3140 689 3194; x_wconf 89' lang='lat' dir='ltr'><strong>quam</strong></span> <span class='ocrx_word' id='word_1_240' title='bbox 715 3139 808 3179; x_wconf 88' lang='lat' dir='ltr'><strong>eos</strong></span> <span class='ocrx_word' id='word_1_241' title='bbox 827 3123 1069 3178; x_wconf 90' lang='lat' dir='ltr'><strong>decebat.</strong></span> <span class='ocrx_word' id='word_1_242' title='bbox 1097 3123 1341 3187; x_wconf 84' lang='lat' dir='ltr'><strong>Maxime,</strong></span> <span class='ocrx_word' id='word_1_243' title='bbox 1369 3122 1680 3191; x_wconf 89' lang='lat' dir='ltr'><strong>inquit;sed</strong></span> <span class='ocrx_word' id='word_1_244' title='bbox 1707 3122 1784 3177; x_wconf 90' lang='lat' dir='ltr'><strong>sic</strong></span> <span class='ocrx_word' id='word_1_245' title='bbox 1804 3120 1994 3175; x_wconf 88' lang='lat' dir='ltr'><strong>licebat</strong></span> <span class='ocrx_word' id='word_1_246' title='bbox 2015 3134 2110 3175; x_wconf 84' lang='lat' dir='ltr'><strong>ora</strong></span> 
     </span>
    </p>
   </div>
   <div class='ocr_carea' id='block_1_31' title="bbox 534 3212 2109 3283">
    <p class='ocr_par' dir='ltr' id='par_1_31' title="bbox 534 3212 2109 3283">
     <span class='ocr_line' id='line_1_31' title="bbox 534 3212 2109 3283; baseline -0.003 -12"><span class='ocrx_word' id='word_1_247' title='bbox 534 3216 840 3271; x_wconf 56' lang='lat' dir='ltr'><strong>Graecorum</strong></span> <span class='ocrx_word' id='word_1_248' title='bbox 863 3215 1161 3271; x_wconf 88' lang='lat' dir='ltr'><strong>obstruere.</strong></span> <span class='ocrx_word' id='word_1_249' title='bbox 1184 3214 1489 3283; x_wconf 70' lang='lat' dir='ltr'><strong>Quomodo?</strong></span> <span class='ocrx_word' id='word_1_250' title='bbox 1501 3212 1589 3268; x_wconf 89' lang='lat' dir='ltr'><strong>die</strong></span> <span class='ocrx_word' id='word_1_251' title='bbox 1607 3228 1807 3283; x_wconf 52' lang='lat' dir='ltr'><strong>quasso.</strong></span> <span class='ocrx_word' id='word_1_252' title='bbox 1849 3213 2109 3281; x_wconf 90' lang='lat' dir='ltr'><strong>Quoniam</strong></span> 
     </span>
    </p>
   </div>
   <div class='ocr_carea' id='block_1_32' title="bbox 535 3306 2111 3364">
    <p class='ocr_par' dir='ltr' id='par_1_32' title="bbox 535 3306 2111 3364">
     <span class='ocr_line' id='line_1_32' title="bbox 535 3306 2111 3364; baseline -0.001 -1"><span class='ocrx_word' id='word_1_253' title='bbox 535 3309 611 3364; x_wconf 89' lang='lat' dir='ltr'><strong>illi</strong></span> <span class='ocrx_word' id='word_1_254' title='bbox 632 3308 818 3363; x_wconf 91' lang='lat' dir='ltr'><strong>dicunt</strong></span> <span class='ocrx_word' id='word_1_255' title='bbox 842 3308 983 3363; x_wconf 91' lang='lat' dir='ltr'><strong>hunc</strong></span> <span class='ocrx_word' id='word_1_256' title='bbox 1006 3308 1258 3363; x_wconf 88' lang='lat' dir='ltr'><strong>nmudum</strong></span> <span class='ocrx_word' id='word_1_257' title='bbox 1287 3322 1407 3363; x_wconf 85' lang='lat' dir='ltr'><strong>esse</strong></span> <span class='ocrx_word' id='word_1_258' title='bbox 1430 3307 1591 3363; x_wconf 89' lang='lat' dir='ltr'><strong>deum</strong></span> <span class='ocrx_word' id='word_1_259' title='bbox 1623 3324 1636 3360; x_wconf 91' lang='lat'><strong>:</strong></span> <span class='ocrx_word' id='word_1_260' title='bbox 1666 3307 1710 3361; x_wconf 91' lang='lat' dir='ltr'><strong>si</strong></span> <span class='ocrx_word' id='word_1_261' title='bbox 1738 3316 1915 3362; x_wconf 87' lang='lat' dir='ltr'><strong>autem</strong></span> <span class='ocrx_word' id='word_1_262' title='bbox 1942 3306 2111 3362; x_wconf 88' lang='lat' dir='ltr'><strong>scire-</strong></span> 
     </span>
    </p>
   </div>
   <div class='ocr_carea' id='block_1_33' title="bbox 534 3400 2105 3474">
    <p class='ocr_par' dir='ltr' id='par_1_33' title="bbox 534 3400 2105 3474">
     <span class='ocr_line' id='line_1_33' title="bbox 534 3400 2105 3474; baseline -0.002 -16"><span class='ocrx_word' id='word_1_263' title='bbox 534 3420 655 3459; x_wconf 88' lang='lat' dir='ltr'><strong>mus</strong></span> <span class='ocrx_word' id='word_1_264' title='bbox 686 3412 895 3474; x_wconf 88' lang='lat' dir='ltr'><strong>tempus</strong></span> <span class='ocrx_word' id='word_1_265' title='bbox 920 3403 1309 3467; x_wconf 89' lang='lat' dir='ltr'><strong>dissolutionis,</strong></span> <span class='ocrx_word' id='word_1_266' title='bbox 1339 3417 1432 3457; x_wconf 90' lang='lat' dir='ltr'><strong>ora</strong></span> <span class='ocrx_word' id='word_1_267' title='bbox 1458 3416 1645 3457; x_wconf 90' lang='lat' dir='ltr'><strong>eorum</strong></span> <span class='ocrx_word' id='word_1_268' title='bbox 1685 3400 2105 3455; x_wconf 89' lang='lat' dir='ltr'><strong>obstrueremus.</strong></span> 
     </span>
    </p>
   </div>
   <div class='ocr_carea' id='block_1_34' title="bbox 536 3492 2109 3562">
    <p class='ocr_par' dir='ltr' id='par_1_34' title="bbox 536 3492 2109 3562">
     <span class='ocr_line' id='line_1_34' title="bbox 536 3492 2109 3562; baseline -0.002 -13"><span class='ocrx_word' id='word_1_269' title='bbox 536 3496 699 3550; x_wconf 81' lang='lat' dir='ltr'><strong>Plane</strong></span> <span class='ocrx_word' id='word_1_270' title='bbox 723 3513 737 3550; x_wconf 88' lang='lat'><strong>:</strong></span> <span class='ocrx_word' id='word_1_271' title='bbox 763 3495 932 3549; x_wconf 91' lang='lat' dir='ltr'><strong>hocne</strong></span> <span class='ocrx_word' id='word_1_272' title='bbox 953 3504 1035 3550; x_wconf 87' lang='lat' dir='ltr'><strong>est</strong></span> <span class='ocrx_word' id='word_1_273' title='bbox 1058 3494 1269 3548; x_wconf 89' lang='lat' dir='ltr'><strong>illorum</strong></span> <span class='ocrx_word' id='word_1_274' title='bbox 1291 3508 1382 3547; x_wconf 91' lang='lat' dir='ltr'><strong>ora</strong></span> <span class='ocrx_word' id='word_1_275' title='bbox 1411 3492 1713 3556; x_wconf 88' lang='lat' dir='ltr'><strong>obstruere,</strong></span> <span class='ocrx_word' id='word_1_276' title='bbox 1737 3492 1945 3547; x_wconf 89' lang='lat' dir='ltr'><strong>discere</strong></span> <span class='ocrx_word' id='word_1_277' title='bbox 1967 3492 2109 3562; x_wconf 89' lang='lat' dir='ltr'><strong>quod</strong></span> 
     </span>
    </p>
   </div>
   <div class='ocr_carea' id='block_1_35' title="bbox 533 3582 2113 3656">
    <p class='ocr_par' dir='ltr' id='par_1_35' title="bbox 533 3582 2113 3656">
     <span class='ocr_line' id='line_1_35' title="bbox 533 3582 2113 3656; baseline -0.001 -18"><span class='ocrx_word' id='word_1_278' title='bbox 533 3585 819 3656; x_wconf 82' lang='lat' dir='ltr'><strong>aliquando</strong></span> <span class='ocrx_word' id='word_1_279' title='bbox 844 3584 1152 3640; x_wconf 83' lang='lat' dir='ltr'><strong>dissolvitur</strong></span> <span class='ocrx_word' id='word_1_280' title='bbox 1180 3584 1266 3639; x_wconf 86' lang='lat' dir='ltr'><strong>vel</strong></span> <span class='ocrx_word' id='word_1_281' title='bbox 1296 3582 1511 3654; x_wconf 89' lang='lat' dir='ltr'><strong>quando</strong></span> <span class='ocrx_word' id='word_1_282' title='bbox 1540 3582 1910 3637; x_wconf 79' lang='lat' dir='ltr'><strong>dissolvatur?</strong></span> <span class='ocrx_word' id='word_1_283' title='bbox 1937 3582 1992 3637; x_wconf 87' lang='lat' dir='ltr'><strong>Si</strong></span> <span class='ocrx_word' id='word_1_284' title='bbox 2019 3597 2113 3636; x_wconf 81' lang='lat' dir='ltr'><strong>eo-</strong></span> 
     </span>
    </p>
   </div>
   <div class='ocr_carea' id='block_1_36' title="bbox 534 3672 2111 3741">
    <p class='ocr_par' dir='ltr' id='par_1_36' title="bbox 534 3672 2111 3741">
     <span class='ocr_line' id='line_1_36' title="bbox 534 3672 2111 3741; baseline -0.005 -8"><span class='ocrx_word' id='word_1_285' title='bbox 534 3694 653 3733; x_wconf 90' lang='lat' dir='ltr'><strong>rum</strong></span> <span class='ocrx_word' id='word_1_286' title='bbox 677 3695 771 3733; x_wconf 91' lang='lat' dir='ltr'><strong>ora</strong></span> <span class='ocrx_word' id='word_1_287' title='bbox 799 3679 1080 3733; x_wconf 88' lang='lat' dir='ltr'><strong>obstruere</strong></span> <span class='ocrx_word' id='word_1_288' title='bbox 1109 3677 1268 3731; x_wconf 80' lang='lat' dir='ltr'><strong>vultis</strong></span> <span class='ocrx_word' id='word_1_289' title='bbox 1287 3718 1303 3741; x_wconf 96' lang='lat'><strong>,</strong></span> <span class='ocrx_word' id='word_1_290' title='bbox 1333 3674 1494 3729; x_wconf 91' lang='lat' dir='ltr'><strong>dicite</strong></span> <span class='ocrx_word' id='word_1_291' title='bbox 1522 3675 1602 3729; x_wconf 89' lang='lat' dir='ltr'><strong>eis</strong></span> <span class='ocrx_word' id='word_1_292' title='bbox 1620 3689 1740 3729; x_wconf 88' lang='lat' dir='ltr'><strong>eum</strong></span> <span class='ocrx_word' id='word_1_293' title='bbox 1770 3674 1929 3728; x_wconf 87' lang='lat' dir='ltr'><strong>linem</strong></span> <span class='ocrx_word' id='word_1_294' title='bbox 1959 3672 2111 3727; x_wconf 85' lang='lat' dir='ltr'><strong>habi-</strong></span> 
     </span>
    </p>
   </div>
   <div class='ocr_carea' id='block_1_37' title="bbox 538 3764 2107 3834">
    <p class='ocr_par' dir='ltr' id='par_1_37' title="bbox 538 3764 2107 3834">
     <span class='ocr_line' id='line_1_37' title="bbox 538 3764 2107 3834; baseline -0.005 -10"><span class='ocrx_word' id='word_1_295' title='bbox 538 3780 713 3824; x_wconf 90' lang='lat' dir='ltr'><strong>turum</strong></span> <span class='ocrx_word' id='word_1_296' title='bbox 745 3787 761 3823; x_wconf 80' lang='lat' dir='ltr'>z</span> <span class='ocrx_word' id='word_1_297' title='bbox 792 3769 839 3823; x_wconf 90' lang='lat' dir='ltr'><strong>si</strong></span> <span class='ocrx_word' id='word_1_298' title='bbox 891 3768 993 3822; x_wconf 91' lang='lat' dir='ltr'><strong>hoc</strong></span> <span class='ocrx_word' id='word_1_299' title='bbox 1032 3783 1137 3821; x_wconf 91' lang='lat' dir='ltr'><strong>non</strong></span> <span class='ocrx_word' id='word_1_300' title='bbox 1166 3766 1428 3832; x_wconf 87' lang='lat' dir='ltr'><strong>credant,</strong></span> <span class='ocrx_word' id='word_1_301' title='bbox 1479 3780 1651 3834; x_wconf 88' lang='lat' dir='ltr'><strong>neque</strong></span> <span class='ocrx_word' id='word_1_302' title='bbox 1697 3764 1825 3818; x_wconf 89' lang='lat' dir='ltr'><strong>illud</strong></span> <span class='ocrx_word' id='word_1_303' title='bbox 1866 3764 2107 3818; x_wconf 88' lang='lat' dir='ltr'><strong>credent.</strong></span> 
     </span>
    </p>
   </div>
   <div class='ocr_carea' id='block_1_38' title="bbox 534 3858 2108 3929">
    <p class='ocr_par' dir='ltr' id='par_1_38' title="bbox 534 3858 2108 3929">
     <span class='ocr_line' id='line_1_38' title="bbox 534 3858 2108 3929; baseline -0.006 -11"><span class='ocrx_word' id='word_1_304' title='bbox 534 3864 673 3918; x_wconf 86' lang='lat' dir='ltr'><strong>Audi</strong></span> <span class='ocrx_word' id='word_1_305' title='bbox 717 3862 938 3917; x_wconf 89' lang='lat' dir='ltr'><strong>Paulum</strong></span> <span class='ocrx_word' id='word_1_306' title='bbox 977 3861 1242 3915; x_wconf 90' lang='lat' dir='ltr'><strong>dicentem</strong></span> <span class='ocrx_word' id='word_1_307' title='bbox 1270 3877 1282 3912; x_wconf 91' lang='lat'>:</span> <span class='ocrx_word' id='word_1_308' title='bbox 1319 3859 1433 3929; x_wconf 87' lang='lat' dir='ltr'><strong>Ipsi</strong></span> <span class='ocrx_word' id='word_1_309' title='bbox 1475 3860 1607 3911; x_wconf 86' lang='lat' dir='ltr'><strong>enim</strong></span> <span class='ocrx_word' id='word_1_310' title='bbox 1636 3858 1903 3927; x_wconf 79' lang='lat' dir='ltr'><strong>diligenter</strong></span> <span class='ocrx_word' id='word_1_311' title='bbox 1929 3858 2067 3910; x_wconf 81' lang='lat' dir='ltr'><strong>scitis</strong></span> <span class='ocrx_word' id='word_1_312' title='bbox 2092 3896 2108 3919; x_wconf 90' lang='lat'><strong>,</strong></span> 
     </span>
    </p>
   </div>
   <div class='ocr_carea' id='block_1_39' title="bbox 534 3947 2110 4025">
    <p class='ocr_par' dir='ltr' id='par_1_39' title="bbox 534 3947 2110 4025">
     <span class='ocr_line' id='line_1_39' title="bbox 534 3947 2110 4025; baseline -0.003 -18"><span class='ocrx_word' id='word_1_313' title='bbox 534 3955 667 4025; x_wconf 84' lang='lat' dir='ltr'><strong>quod</strong></span> <span class='ocrx_word' id='word_1_314' title='bbox 696 3953 802 4007; x_wconf 83' lang='lat' dir='ltr'><strong>dies</strong></span> <span class='ocrx_word' id='word_1_315' title='bbox 842 3952 1047 4004; x_wconf 84' lang='lat' dir='ltr'><strong>Domini</strong></span> <span class='ocrx_word' id='word_1_316' title='bbox 1082 3951 1209 4005; x_wconf 82' lang='lat' dir='ltr'><strong>sicut</strong></span> <span class='ocrx_word' id='word_1_317' title='bbox 1239 3954 1324 4020; x_wconf 81' lang='lat' dir='ltr'><strong>fur</strong></span> <span class='ocrx_word' id='word_1_318' title='bbox 1346 3952 1398 4003; x_wconf 90' lang='lat' dir='ltr'><strong>in</strong></span> <span class='ocrx_word' id='word_1_319' title='bbox 1426 3960 1569 4003; x_wconf 86' lang='lat' dir='ltr'><strong>nocte</strong></span> <span class='ocrx_word' id='word_1_320' title='bbox 1590 3990 1605 4013; x_wconf 91' lang='lat'><strong>,</strong></span> <span class='ocrx_word' id='word_1_321' title='bbox 1654 3952 1725 4002; x_wconf 88' lang='lat' dir='ltr'><strong>ita</strong></span> <span class='ocrx_word' id='word_1_322' title='bbox 1767 3948 1944 4002; x_wconf 83' lang='lat' dir='ltr'><strong>veniet.</strong></span> <span class='ocrx_word' id='word_1_323' title='bbox 1994 3947 2110 4002; x_wconf 86' lang='lat' dir='ltr'><strong>Non</strong></span> 
     </span>
    </p>
   </div>
   <div class='ocr_carea' id='block_1_40' title="bbox 536 4039 2112 4111">
    <p class='ocr_par' dir='ltr' id='par_1_40' title="bbox 536 4039 2112 4111">
     <span class='ocr_line' id='line_1_40' title="bbox 536 4039 2112 4111; baseline -0.003 -12"><span class='ocrx_word' id='word_1_324' title='bbox 536 4044 835 4099; x_wconf 88' lang='lat' dir='ltr'><strong>communis</strong></span> <span class='ocrx_word' id='word_1_325' title='bbox 871 4044 1075 4107; x_wconf 89' lang='lat' dir='ltr'><strong>solum,</strong></span> <span class='ocrx_word' id='word_1_326' title='bbox 1109 4041 1202 4097; x_wconf 88' lang='lat' dir='ltr'><strong>sed</strong></span> <span class='ocrx_word' id='word_1_327' title='bbox 1244 4043 1405 4095; x_wconf 89' lang='lat' dir='ltr'><strong>etiam</strong></span> <span class='ocrx_word' id='word_1_328' title='bbox 1452 4042 1674 4111; x_wconf 79' lang='lat' dir='ltr'><strong>singulis</strong></span> <span class='ocrx_word' id='word_1_329' title='bbox 1706 4040 1949 4108; x_wconf 87' lang='lat' dir='ltr'><strong>proprius</strong></span> <span class='ocrx_word' id='word_1_330' title='bbox 1978 4056 1991 4093; x_wconf 92' lang='lat'>:</span> <span class='ocrx_word' id='word_1_331' title='bbox 2025 4039 2112 4094; x_wconf 89' lang='lat' dir='ltr'><strong>hic</strong></span> 
     </span>
    </p>
   </div>
   <div class='ocr_carea' id='block_1_41' title="bbox 537 4130 2112 4202">
    <p class='ocr_par' dir='ltr' id='par_1_41' title="bbox 537 4130 2112 4202">
     <span class='ocr_line' id='line_1_41' title="bbox 537 4130 2112 4202; baseline -0.004 -10"><span class='ocrx_word' id='word_1_332' title='bbox 537 4138 678 4192; x_wconf 87' lang='lat' dir='ltr'><strong>enim</strong></span> <span class='ocrx_word' id='word_1_333' title='bbox 710 4135 856 4190; x_wconf 90' lang='lat' dir='ltr'><strong>illum</strong></span> <span class='ocrx_word' id='word_1_334' title='bbox 880 4134 1134 4195; x_wconf 86' lang='lat' dir='ltr'><strong>imitatur,</strong></span> <span class='ocrx_word' id='word_1_335' title='bbox 1158 4132 1407 4202; x_wconf 88' lang='lat' dir='ltr'><strong>quoniam</strong></span> <span class='ocrx_word' id='word_1_336' title='bbox 1438 4141 1517 4186; x_wconf 91' lang='lat' dir='ltr'><strong>est</strong></span> <span class='ocrx_word' id='word_1_337' title='bbox 1539 4132 1636 4199; x_wconf 86' lang='lat' dir='ltr'><strong>ipsi</strong></span> <span class='ocrx_word' id='word_1_338' title='bbox 1662 4139 1937 4200; x_wconf 82' lang='lat' dir='ltr'><strong>cognatus.</strong></span> <span class='ocrx_word' id='word_1_339' title='bbox 1960 4130 2112 4200; x_wconf 85' lang='lat' dir='ltr'><strong>Quod</strong></span> 
     </span>
    </p>
   </div>
   <div class='ocr_carea' id='block_1_42' title="bbox 536 4223 2109 4293">
    <p class='ocr_par' dir='ltr' id='par_1_42' title="bbox 536 4223 2109 4293">
     <span class='ocr_line' id='line_1_42' title="bbox 536 4223 2109 4293; baseline -0.006 -7"><span class='ocrx_word' id='word_1_340' title='bbox 536 4233 677 4286; x_wconf 91' lang='lat' dir='ltr'><strong>enim</strong></span> <span class='ocrx_word' id='word_1_341' title='bbox 703 4229 792 4285; x_wconf 90' lang='lat' dir='ltr'><strong>ille</strong></span> <span class='ocrx_word' id='word_1_342' title='bbox 816 4226 974 4282; x_wconf 85' lang='lat' dir='ltr'><strong>simul</strong></span> <span class='ocrx_word' id='word_1_343' title='bbox 995 4236 1051 4282; x_wconf 89' lang='lat' dir='ltr'><strong>et</strong></span> <span class='ocrx_word' id='word_1_344' title='bbox 1070 4226 1382 4291; x_wconf 86' lang='lat' dir='ltr'><strong>acervatim,</strong></span> <span class='ocrx_word' id='word_1_345' title='bbox 1416 4224 1516 4279; x_wconf 90' lang='lat' dir='ltr'><strong>hoc</strong></span> <span class='ocrx_word' id='word_1_346' title='bbox 1541 4223 1626 4278; x_wconf 89' lang='lat' dir='ltr'><strong>hic</strong></span> <span class='ocrx_word' id='word_1_347' title='bbox 1651 4224 1776 4277; x_wconf 77' lang='lat' dir='ltr'><strong>facit</strong></span> <span class='ocrx_word' id='word_1_348' title='bbox 1801 4223 2068 4293; x_wconf 77' lang='lat' dir='ltr'><strong>sigillatim</strong></span> <span class='ocrx_word' id='word_1_349' title='bbox 2092 4240 2109 4289; x_wconf 89' lang='lat'><strong>;</strong></span> 
     </span>
    </p>
   </div>
   <div class='ocr_carea' id='block_1_43' title="bbox 537 4304 2111 4390">
    <p class='ocr_par' dir='ltr' id='par_1_43' title="bbox 537 4304 2111 4390">
     <span class='ocr_line' id='line_1_43' title="bbox 537 4304 2111 4390; baseline -0.004 -14"><span class='ocrx_word' id='word_1_350' title='bbox 537 4332 590 4377; x_wconf 93' lang='lat' dir='ltr'><strong>et</strong></span> <span class='ocrx_word' id='word_1_351' title='bbox 628 4330 837 4390; x_wconf 88' lang='lat' dir='ltr'><strong>tempus</strong></span> <span class='ocrx_word' id='word_1_352' title='bbox 873 4304 1356 4375; x_wconf 70' lang='lat' dir='ltr'><strong>consummationis</strong></span> <span class='ocrx_word' id='word_1_353' title='bbox 1404 4317 1473 4371; x_wconf 88' lang='lat' dir='ltr'><strong>ab</strong></span> <span class='ocrx_word' id='word_1_354' title='bbox 1513 4317 1719 4371; x_wconf 86' lang='lat' dir='ltr'><strong>Adamo</strong></span> <span class='ocrx_word' id='word_1_355' title='bbox 1759 4316 1967 4386; x_wconf 88' lang='lat' dir='ltr'><strong>accepit</strong></span> <span class='ocrx_word' id='word_1_356' title='bbox 2005 4315 2111 4371; x_wconf 82' lang='lat' dir='ltr'><strong>itii-</strong></span> 
     </span>
    </p>
   </div>
   <div class='ocr_carea' id='block_1_44' title="bbox 541 4409 2111 4482">
    <p class='ocr_par' dir='ltr' id='par_1_44' title="bbox 541 4409 2111 4482">
     <span class='ocr_line' id='line_1_44' title="bbox 541 4409 2111 4482; baseline -0.001 -16"><span class='ocrx_word' id='word_1_357' title='bbox 541 4418 669 4473; x_wconf 87' lang='lat' dir='ltr'><strong>tium</strong></span> <span class='ocrx_word' id='word_1_358' title='bbox 694 4430 710 4476; x_wconf 92' lang='lat'><strong>;</strong></span> <span class='ocrx_word' id='word_1_359' title='bbox 739 4422 794 4469; x_wconf 91' lang='lat' dir='ltr'><strong>et</strong></span> <span class='ocrx_word' id='word_1_360' title='bbox 821 4413 936 4467; x_wconf 85' lang='lat' dir='ltr'><strong>linis</strong></span> <span class='ocrx_word' id='word_1_361' title='bbox 962 4412 1219 4482; x_wconf 86' lang='lat' dir='ltr'><strong>cujusque</strong></span> <span class='ocrx_word' id='word_1_362' title='bbox 1247 4419 1488 4465; x_wconf 87' lang='lat' dir='ltr'><strong>nostrum</strong></span> <span class='ocrx_word' id='word_1_363' title='bbox 1522 4409 1643 4464; x_wconf 85' lang='lat' dir='ltr'><strong>vita:</strong></span> <span class='ocrx_word' id='word_1_364' title='bbox 1671 4419 1754 4463; x_wconf 91' lang='lat' dir='ltr'><strong>est</strong></span> <span class='ocrx_word' id='word_1_365' title='bbox 1781 4409 1954 4479; x_wconf 77' lang='lat' dir='ltr'><strong>imago</strong></span> <span class='ocrx_word' id='word_1_366' title='bbox 1977 4424 2111 4464; x_wconf 89' lang='lat' dir='ltr'><strong>eon-</strong></span> 
     </span>
    </p>
   </div>
   <div class='ocr_carea' id='block_1_45' title="bbox 538 4502 2113 4573">
    <p class='ocr_par' dir='ltr' id='par_1_45' title="bbox 538 4502 2113 4573">
     <span class='ocr_line' id='line_1_45' title="bbox 538 4502 2113 4573; baseline -0.004 -11"><span class='ocrx_word' id='word_1_367' title='bbox 538 4507 908 4562; x_wconf 86' lang='lat' dir='ltr'><strong>summationis</strong></span> <span class='ocrx_word' id='word_1_368' title='bbox 928 4547 945 4572; x_wconf 92' lang='lat'><strong>,</strong></span> <span class='ocrx_word' id='word_1_369' title='bbox 976 4521 1074 4561; x_wconf 90' lang='lat' dir='ltr'><strong>nec</strong></span> <span class='ocrx_word' id='word_1_370' title='bbox 1103 4504 1363 4561; x_wconf 88' lang='lat' dir='ltr'><strong>erraverit</strong></span> <span class='ocrx_word' id='word_1_371' title='bbox 1387 4544 1400 4568; x_wconf 96' lang='lat'><strong>,</strong></span> <span class='ocrx_word' id='word_1_372' title='bbox 1428 4503 1517 4573; x_wconf 89' lang='lat' dir='ltr'><strong>qui</strong></span> <span class='ocrx_word' id='word_1_373' title='bbox 1541 4502 1737 4557; x_wconf 86' lang='lat' dir='ltr'><strong>dixerit</strong></span> <span class='ocrx_word' id='word_1_374' title='bbox 1761 4517 2113 4558; x_wconf 85' lang='lat' dir='ltr'><strong>consumma-</strong></span> 
     </span>
    </p>
   </div>
   <div class='ocr_carea' id='block_1_46' title="bbox 541 4593 2116 4665">
    <p class='ocr_par' dir='ltr' id='par_1_46' title="bbox 541 4593 2116 4665">
     <span class='ocr_line' id='line_1_46' title="bbox 541 4593 2116 4665; baseline -0.003 -14"><span class='ocrx_word' id='word_1_375' title='bbox 541 4601 762 4653; x_wconf 89' lang='lat' dir='ltr'><strong>tionem.</strong></span> <span class='ocrx_word' id='word_1_376' title='bbox 800 4597 931 4651; x_wconf 84' lang='lat' dir='ltr'><strong>Nam</strong></span> <span class='ocrx_word' id='word_1_377' title='bbox 972 4612 1094 4650; x_wconf 88' lang='lat' dir='ltr'><strong>cum</strong></span> <span class='ocrx_word' id='word_1_378' title='bbox 1124 4594 1358 4665; x_wconf 88' lang='lat' dir='ltr'><strong>quotidie</strong></span> <span class='ocrx_word' id='word_1_379' title='bbox 1388 4594 1681 4648; x_wconf 87' lang='lat' dir='ltr'><strong>moriantur</strong></span> <span class='ocrx_word' id='word_1_380' title='bbox 1708 4593 1973 4648; x_wconf 86' lang='lat' dir='ltr'><strong>innumeri</strong></span> <span class='ocrx_word' id='word_1_381' title='bbox 2002 4633 2017 4657; x_wconf 89' lang='lat'><strong>,</strong></span> <span class='ocrx_word' id='word_1_382' title='bbox 2061 4602 2116 4648; x_wconf 92' lang='lat' dir='ltr'><strong>et</strong></span> 
     </span>
    </p>
   </div>
   <div class='ocr_carea' id='block_1_47' title="bbox 546 4687 2108 4757">
    <p class='ocr_par' dir='ltr' id='par_1_47' title="bbox 546 4687 2108 4757">
     <span class='ocr_line' id='line_1_47' title="bbox 546 4687 2108 4757; baseline -0.002 -16"><span class='ocrx_word' id='word_1_383' title='bbox 546 4690 692 4743; x_wconf 87' lang='lat' dir='ltr'><strong>illum</strong></span> <span class='ocrx_word' id='word_1_384' title='bbox 718 4690 861 4744; x_wconf 91' lang='lat' dir='ltr'><strong>diem</strong></span> <span class='ocrx_word' id='word_1_385' title='bbox 884 4697 1212 4757; x_wconf 83' lang='lat' dir='ltr'><strong>exSpectent,</strong></span> <span class='ocrx_word' id='word_1_386' title='bbox 1240 4699 1291 4742; x_wconf 89' lang='lat' dir='ltr'><strong>et</strong></span> <span class='ocrx_word' id='word_1_387' title='bbox 1322 4698 1445 4741; x_wconf 89' lang='lat' dir='ltr'><strong>ante</strong></span> <span class='ocrx_word' id='word_1_388' title='bbox 1471 4688 1615 4741; x_wconf 91' lang='lat' dir='ltr'><strong>illum</strong></span> <span class='ocrx_word' id='word_1_389' title='bbox 1638 4687 1814 4741; x_wconf 90' lang='lat' dir='ltr'><strong>nullus</strong></span> <span class='ocrx_word' id='word_1_390' title='bbox 1842 4696 2108 4756; x_wconf 81' lang='lat' dir='ltr'><strong>resurgat,</strong></span> 
     </span>
    </p>
   </div>
   <div class='ocr_carea' id='block_1_48' title="bbox 542 4780 2117 4849">
    <p class='ocr_par' dir='ltr' id='par_1_48' title="bbox 542 4780 2117 4849">
     <span class='ocr_line' id='line_1_48' title="bbox 542 4780 2117 4849; baseline -0.001 -14"><span class='ocrx_word' id='word_1_391' title='bbox 542 4797 647 4835; x_wconf 86' lang='lat' dir='ltr'><strong>non</strong></span> <span class='ocrx_word' id='word_1_392' title='bbox 676 4780 816 4835; x_wconf 89' lang='lat' dir='ltr'><strong>illius</strong></span> <span class='ocrx_word' id='word_1_393' title='bbox 837 4789 919 4835; x_wconf 90' lang='lat' dir='ltr'><strong>est</strong></span> <span class='ocrx_word' id='word_1_394' title='bbox 947 4780 1120 4847; x_wconf 83' lang='lat' dir='ltr'><strong>opus?</strong></span> <span class='ocrx_word' id='word_1_395' title='bbox 1146 4781 1198 4834; x_wconf 88' lang='lat' dir='ltr'><strong>Si</strong></span> <span class='ocrx_word' id='word_1_396' title='bbox 1231 4780 1390 4833; x_wconf 84' lang='lat' dir='ltr'><strong>vultis</strong></span> <span class='ocrx_word' id='word_1_397' title='bbox 1413 4789 1588 4833; x_wconf 89' lang='lat' dir='ltr'><strong>autem</strong></span> <span class='ocrx_word' id='word_1_398' title='bbox 1617 4780 1754 4834; x_wconf 86' lang='lat' dir='ltr'><strong>seire</strong></span> <span class='ocrx_word' id='word_1_399' title='bbox 1790 4796 1887 4833; x_wconf 89' lang='lat' dir='ltr'><strong>cur</strong></span> <span class='ocrx_word' id='word_1_400' title='bbox 1909 4781 2028 4849; x_wconf 90' lang='lat' dir='ltr'><strong>ipse</strong></span> <span class='ocrx_word' id='word_1_401' title='bbox 2048 4781 2117 4835; x_wconf 89' lang='lat' dir='ltr'><strong>sit</strong></span> 
     </span>
    </p>
   </div>
   <div class='ocr_carea' id='block_1_49' title="bbox 543 4870 2116 4941">
    <p class='ocr_par' dir='ltr' id='par_1_49' title="bbox 543 4870 2116 4941">
     <span class='ocr_line' id='line_1_49' title="bbox 543 4870 2116 4941; baseline 0.001 -18"><span class='ocrx_word' id='word_1_402' title='bbox 543 4870 801 4934; x_wconf 86' lang='lat' dir='ltr'><strong>occultus,</strong></span> <span class='ocrx_word' id='word_1_403' title='bbox 834 4880 884 4925; x_wconf 89' lang='lat' dir='ltr'><strong>et</strong></span> <span class='ocrx_word' id='word_1_404' title='bbox 913 4886 1008 4924; x_wconf 89' lang='lat' dir='ltr'><strong>cur</strong></span> <span class='ocrx_word' id='word_1_405' title='bbox 1039 4881 1303 4939; x_wconf 86' lang='lat' dir='ltr'><strong>tamquam</strong></span> <span class='ocrx_word' id='word_1_406' title='bbox 1350 4871 1431 4924; x_wconf 85' lang='lat' dir='ltr'><strong>l&#39;ur</strong></span> <span class='ocrx_word' id='word_1_407' title='bbox 1461 4873 1634 4925; x_wconf 88' lang='lat' dir='ltr'><strong>veniat</strong></span> <span class='ocrx_word' id='word_1_408' title='bbox 1678 4870 1730 4923; x_wconf 89' lang='lat' dir='ltr'><strong>in</strong></span> <span class='ocrx_word' id='word_1_409' title='bbox 1776 4879 1933 4923; x_wconf 84' lang='lat' dir='ltr'><strong>nocte</strong></span> <span class='ocrx_word' id='word_1_410' title='bbox 1959 4911 1973 4935; x_wconf 92' lang='lat'><strong>,</strong></span> <span class='ocrx_word' id='word_1_411' title='bbox 2017 4886 2116 4941; x_wconf 81' lang='lat' dir='ltr'><strong>ego</strong></span> 
     </span>
    </p>
   </div>
   <div class='ocr_carea' id='block_1_50' title="bbox 549 4962 2117 5031">
    <p class='ocr_par' dir='ltr' id='par_1_50' title="bbox 549 4962 2117 5031">
     <span class='ocr_line' id='line_1_50' title="bbox 549 4962 2117 5031; baseline -0.001 -14"><span class='ocrx_word' id='word_1_412' title='bbox 549 4964 723 5017; x_wconf 89' lang='lat' dir='ltr'><strong>dicam</strong></span> <span class='ocrx_word' id='word_1_413' title='bbox 745 5005 759 5029; x_wconf 97' lang='lat'><strong>,</strong></span> <span class='ocrx_word' id='word_1_414' title='bbox 790 4972 847 5016; x_wconf 94' lang='grc' dir='ltr'><strong>ιιι</strong></span> <span class='ocrx_word' id='word_1_415' title='bbox 874 4963 986 5031; x_wconf 90' lang='lat' dir='ltr'><strong>ipse</strong></span> <span class='ocrx_word' id='word_1_416' title='bbox 1016 4974 1159 5016; x_wconf 84' lang='lat' dir='ltr'><strong>recte</strong></span> <span class='ocrx_word' id='word_1_417' title='bbox 1187 4979 1244 5016; x_wconf 89' lang='lat' dir='ltr'><strong>se</strong></span> <span class='ocrx_word' id='word_1_418' title='bbox 1270 4963 1469 5017; x_wconf 88' lang='lat' dir='ltr'><strong>habere</strong></span> <span class='ocrx_word' id='word_1_419' title='bbox 1501 4964 1773 5017; x_wconf 85' lang='lat' dir='ltr'><strong>existimo.</strong></span> <span class='ocrx_word' id='word_1_420' title='bbox 1807 4962 1975 5016; x_wconf 86' lang='lat' dir='ltr'><strong>Nemo</strong></span> <span class='ocrx_word' id='word_1_421' title='bbox 2004 4980 2117 5016; x_wconf 84' lang='lat' dir='ltr'><strong>ttlll-</strong></span> 
     </span>
    </p>
   </div>
   <div class='ocr_carea' id='block_1_51' title="bbox 546 5054 2115 5124">
    <p class='ocr_par' dir='ltr' id='par_1_51' title="bbox 546 5054 2115 5124">
     <span class='ocr_line' id='line_1_51' title="bbox 546 5054 2115 5124; baseline 0 -16"><span class='ocrx_word' id='word_1_422' title='bbox 546 5070 705 5124; x_wconf 86' lang='lat' dir='ltr'><strong>quam</strong></span> <span class='ocrx_word' id='word_1_423' title='bbox 752 5055 959 5107; x_wconf 90' lang='lat' dir='ltr'><strong>virtutis</strong></span> <span class='ocrx_word' id='word_1_424' title='bbox 1009 5068 1101 5122; x_wconf 87' lang='lat' dir='ltr'><strong>per</strong></span> <span class='ocrx_word' id='word_1_425' title='bbox 1134 5062 1296 5107; x_wconf 89' lang='lat' dir='ltr'><strong>totam</strong></span> <span class='ocrx_word' id='word_1_426' title='bbox 1328 5054 1489 5107; x_wconf 90' lang='lat' dir='ltr'><strong>vitam</strong></span> <span class='ocrx_word' id='word_1_427' title='bbox 1537 5068 1717 5107; x_wconf 87' lang='lat' dir='ltr'><strong>curam</strong></span> <span class='ocrx_word' id='word_1_428' title='bbox 1761 5055 2026 5123; x_wconf 84' lang='lat' dir='ltr'><strong>gesserit,</strong></span> <span class='ocrx_word' id='word_1_429' title='bbox 2073 5054 2115 5108; x_wconf 89' lang='lat' dir='ltr'><strong>si</strong></span> 
     </span>
    </p>
   </div>
   <div class='ocr_carea' id='block_1_52' title="bbox 544 5143 2117 5210">
    <p class='ocr_par' dir='ltr' id='par_1_52' title="bbox 544 5143 2117 5210">
     <span class='ocr_line' id='line_1_52' title="bbox 544 5143 2117 5210; baseline 0.001 -12"><span class='ocrx_word' id='word_1_430' title='bbox 544 5148 660 5199; x_wconf 86' lang='lat' dir='ltr'><strong>dies</strong></span> <span class='ocrx_word' id='word_1_431' title='bbox 686 5145 775 5199; x_wconf 90' lang='lat' dir='ltr'><strong>ille</strong></span> <span class='ocrx_word' id='word_1_432' title='bbox 795 5144 1054 5210; x_wconf 88' lang='lat' dir='ltr'><strong>sciretur,</strong></span> <span class='ocrx_word' id='word_1_433' title='bbox 1086 5159 1185 5198; x_wconf 89' lang='lat' dir='ltr'><strong>nec</strong></span> <span class='ocrx_word' id='word_1_434' title='bbox 1212 5143 1451 5198; x_wconf 88' lang='lat' dir='ltr'><strong>occultus</strong></span> <span class='ocrx_word' id='word_1_435' title='bbox 1482 5153 1657 5209; x_wconf 81' lang='lat' dir='ltr'><strong>esset;</strong></span> <span class='ocrx_word' id='word_1_436' title='bbox 1688 5145 1781 5199; x_wconf 89' lang='lat' dir='ltr'><strong>sed</strong></span> <span class='ocrx_word' id='word_1_437' title='bbox 1809 5161 1929 5200; x_wconf 88' lang='lat' dir='ltr'><strong>eum</strong></span> <span class='ocrx_word' id='word_1_438' title='bbox 1957 5146 2117 5201; x_wconf 88' lang='lat' dir='ltr'><strong>sciret</strong></span> 
     </span>
    </p>
   </div>
   <div class='ocr_carea' id='block_1_53' title="bbox 546 5234 2120 5304">
    <p class='ocr_par' dir='ltr' id='par_1_53' title="bbox 546 5234 2120 5304">
     <span class='ocr_line' id='line_1_53' title="bbox 546 5234 2120 5304; baseline -0.002 -14"><span class='ocrx_word' id='word_1_439' title='bbox 546 5247 841 5290; x_wconf 87' lang='lat' dir='ltr'><strong>extremum</strong></span> <span class='ocrx_word' id='word_1_440' title='bbox 863 5235 1036 5300; x_wconf 87' lang='lat' dir='ltr'><strong>diem,</strong></span> <span class='ocrx_word' id='word_1_441' title='bbox 1065 5244 1181 5304; x_wconf 90' lang='lat' dir='ltr'><strong>post</strong></span> <span class='ocrx_word' id='word_1_442' title='bbox 1212 5234 1357 5289; x_wconf 90' lang='lat' dir='ltr'><strong>mille</strong></span> <span class='ocrx_word' id='word_1_443' title='bbox 1386 5244 1587 5304; x_wconf 85' lang='lat' dir='ltr'><strong>patrata</strong></span> <span class='ocrx_word' id='word_1_444' title='bbox 1613 5236 1813 5290; x_wconf 89' lang='lat' dir='ltr'><strong>scelera</strong></span> <span class='ocrx_word' id='word_1_445' title='bbox 1832 5276 1847 5303; x_wconf 92' lang='lat'><strong>,</strong></span> <span class='ocrx_word' id='word_1_446' title='bbox 1876 5236 1941 5290; x_wconf 89' lang='lat' dir='ltr'><strong>ad</strong></span> <span class='ocrx_word' id='word_1_447' title='bbox 1976 5236 2120 5290; x_wconf 87' lang='lat' dir='ltr'><strong>lava-</strong></span> 
     </span>
    </p>
   </div>
   <div class='ocr_carea' id='block_1_54' title="bbox 546 5326 2120 5398">
    <p class='ocr_par' dir='ltr' id='par_1_54' title="bbox 546 5326 2120 5398">
     <span class='ocr_line' id='line_1_54' title="bbox 546 5326 2120 5398; baseline -0.001 -17"><span class='ocrx_word' id='word_1_448' title='bbox 546 5343 695 5381; x_wconf 89' lang='lat' dir='ltr'><strong>crum</strong></span> <span class='ocrx_word' id='word_1_449' title='bbox 734 5337 857 5381; x_wconf 89' lang='lat' dir='ltr'><strong>tuue</strong></span> <span class='ocrx_word' id='word_1_450' title='bbox 888 5329 1130 5393; x_wconf 85' lang='lat' dir='ltr'><strong>veniret,</strong></span> <span class='ocrx_word' id='word_1_451' title='bbox 1163 5334 1323 5395; x_wconf 89' lang='lat' dir='ltr'><strong>atque</strong></span> <span class='ocrx_word' id='word_1_452' title='bbox 1353 5326 1421 5378; x_wconf 88' lang='lat' dir='ltr'><strong>ita</strong></span> <span class='ocrx_word' id='word_1_453' title='bbox 1453 5326 1581 5381; x_wconf 87' lang='lat' dir='ltr'><strong>hinc</strong></span> <span class='ocrx_word' id='word_1_454' title='bbox 1612 5327 1887 5398; x_wconf 76' lang='lat' dir='ltr'><strong>migraret.</strong></span> <span class='ocrx_word' id='word_1_455' title='bbox 1918 5326 2047 5380; x_wconf 85' lang='lat' dir='ltr'><strong>Nam</strong></span> <span class='ocrx_word' id='word_1_456' title='bbox 2074 5326 2120 5380; x_wconf 90' lang='lat' dir='ltr'><strong>si</strong></span> 
     </span>
    </p>
   </div>
   <div class='ocr_carea' id='block_1_55' title="bbox 550 5419 2122 5481">
    <p class='ocr_par' dir='ltr' id='par_1_55' title="bbox 550 5419 2122 5481">
     <span class='ocr_line' id='line_1_55' title="bbox 550 5419 2122 5481; baseline -0.002 -7"><span class='ocrx_word' id='word_1_457' title='bbox 550 5436 688 5475; x_wconf 84' lang='lat' dir='ltr'><strong>IltlllC</strong></span> <span class='ocrx_word' id='word_1_458' title='bbox 711 5459 724 5481; x_wconf 86' lang='lat'><strong>,</strong></span> <span class='ocrx_word' id='word_1_459' title='bbox 757 5436 875 5474; x_wconf 89' lang='lat' dir='ltr'><strong>cum</strong></span> <span class='ocrx_word' id='word_1_460' title='bbox 900 5420 1004 5474; x_wconf 88' lang='lat' dir='ltr'><strong>diei</strong></span> <span class='ocrx_word' id='word_1_461' title='bbox 1038 5420 1225 5474; x_wconf 89' lang='lat' dir='ltr'><strong>incerti</strong></span> <span class='ocrx_word' id='word_1_462' title='bbox 1258 5428 1435 5473; x_wconf 87' lang='lat' dir='ltr'><strong>metus</strong></span> <span class='ocrx_word' id='word_1_463' title='bbox 1462 5419 1702 5475; x_wconf 88' lang='lat' dir='ltr'><strong>onmium</strong></span> <span class='ocrx_word' id='word_1_464' title='bbox 1742 5420 1979 5474; x_wconf 89' lang='lat' dir='ltr'><strong>concutit</strong></span> <span class='ocrx_word' id='word_1_465' title='bbox 2007 5419 2122 5472; x_wconf 89' lang='lat' dir='ltr'><strong>ani-</strong></span> 
     </span>
    </p>
   </div>
   <div class='ocr_carea' id='block_1_56' title="bbox 550 5513 2120 5583">
    <p class='ocr_par' dir='ltr' id='par_1_56' title="bbox 550 5513 2120 5583">
     <span class='ocr_line' id='line_1_56' title="bbox 550 5513 2120 5583; baseline 0.001 -17"><span class='ocrx_word' id='word_1_466' title='bbox 550 5528 689 5577; x_wconf 87' lang='lat' dir='ltr'><strong>mos,</strong></span> <span class='ocrx_word' id='word_1_467' title='bbox 720 5526 923 5576; x_wconf 79' lang='lat' dir='ltr'><strong>mones,</strong></span> <span class='ocrx_word' id='word_1_468' title='bbox 956 5513 1291 5583; x_wconf 61' lang='lat' dir='ltr'><strong>pra-cedente</strong></span> <span class='ocrx_word' id='word_1_469' title='bbox 1320 5513 1426 5566; x_wconf 87' lang='lat' dir='ltr'><strong>vita</strong></span> <span class='ocrx_word' id='word_1_470' title='bbox 1457 5513 1509 5567; x_wconf 89' lang='lat' dir='ltr'><strong>in</strong></span> <span class='ocrx_word' id='word_1_471' title='bbox 1537 5514 1681 5567; x_wconf 83' lang='lat' dir='ltr'><strong>vitiis</strong></span> <span class='ocrx_word' id='word_1_472' title='bbox 1706 5521 2041 5580; x_wconf 88' lang='lat' dir='ltr'><strong>consumpta,</strong></span> <span class='ocrx_word' id='word_1_473' title='bbox 2068 5513 2120 5567; x_wconf 91' lang='lat' dir='ltr'><strong>in</strong></span> 
     </span>
    </p>
   </div>
   <div class='ocr_carea' id='block_1_57' title="bbox 547 5603 2123 5673">
    <p class='ocr_par' dir='ltr' id='par_1_57' title="bbox 547 5603 2123 5673">
     <span class='ocr_line' id='line_1_57' title="bbox 547 5603 2123 5673; baseline 0.001 -15"><span class='ocrx_word' id='word_1_474' title='bbox 547 5616 794 5659; x_wconf 80' lang='lat' dir='ltr'><strong>extremo</strong></span> <span class='ocrx_word' id='word_1_475' title='bbox 822 5603 989 5658; x_wconf 87' lang='lat' dir='ltr'><strong>halitu</strong></span> <span class='ocrx_word' id='word_1_476' title='bbox 1019 5619 1079 5659; x_wconf 92' lang='lat' dir='ltr'><strong>se</strong></span> <span class='ocrx_word' id='word_1_477' title='bbox 1102 5604 1232 5659; x_wconf 87' lang='lat' dir='ltr'><strong>dant</strong></span> <span class='ocrx_word' id='word_1_478' title='bbox 1260 5604 1562 5673; x_wconf 88' lang='lat' dir='ltr'><strong>baptismati</strong></span> <span class='ocrx_word' id='word_1_479' title='bbox 1590 5623 1602 5658; x_wconf 85' lang='lat'><strong>:</strong></span> <span class='ocrx_word' id='word_1_480' title='bbox 1628 5604 1669 5657; x_wconf 88' lang='lat' dir='ltr'><strong>si</strong></span> <span class='ocrx_word' id='word_1_481' title='bbox 1697 5619 1820 5658; x_wconf 90' lang='lat' dir='ltr'><strong>eum</strong></span> <span class='ocrx_word' id='word_1_482' title='bbox 1862 5604 1961 5657; x_wconf 89' lang='lat' dir='ltr'><strong>sibi</strong></span> <span class='ocrx_word' id='word_1_483' title='bbox 2001 5619 2123 5659; x_wconf 86' lang='lat' dir='ltr'><strong>esse</strong></span> 
     </span>
    </p>
   </div>
   <div class='ocr_carea' id='block_1_58' title="bbox 549 5695 2121 5767">
    <p class='ocr_par' dir='ltr' id='par_1_58' title="bbox 549 5695 2121 5767">
     <span class='ocr_line' id='line_1_58' title="bbox 549 5695 2121 5767; baseline -0.001 -18"><span class='ocrx_word' id='word_1_484' title='bbox 549 5706 843 5750; x_wconf 78' lang='lat' dir='ltr'><strong>extremum</strong></span> <span class='ocrx_word' id='word_1_485' title='bbox 869 5697 1023 5766; x_wconf 89' lang='lat' dir='ltr'><strong>plane</strong></span> <span class='ocrx_word' id='word_1_486' title='bbox 1045 5696 1354 5752; x_wconf 89' lang='lat' dir='ltr'><strong>habuissent</strong></span> <span class='ocrx_word' id='word_1_487' title='bbox 1376 5709 1707 5767; x_wconf 86' lang='lat' dir='ltr'><strong>persuasum,</strong></span> <span class='ocrx_word' id='word_1_488' title='bbox 1732 5695 1851 5764; x_wconf 88' lang='lat' dir='ltr'><strong>quis</strong></span> <span class='ocrx_word' id='word_1_489' title='bbox 1872 5710 2121 5763; x_wconf 88' lang='lat' dir='ltr'><strong>umquam</strong></span> 
     </span>
    </p>
   </div>
   <div class='ocr_carea' id='block_1_59' title="bbox 549 5786 2123 5856">
    <p class='ocr_par' dir='ltr' id='par_1_59' title="bbox 549 5786 2123 5856">
     <span class='ocr_line' id='line_1_59' title="bbox 549 5786 2123 5856; baseline 0.001 -17"><span class='ocrx_word' id='word_1_490' title='bbox 549 5803 730 5840; x_wconf 91' lang='lat' dir='ltr'><strong>curam</strong></span> <span class='ocrx_word' id='word_1_491' title='bbox 775 5789 1025 5856; x_wconf 79' lang='lat' dir='ltr'><strong>gessisset</strong></span> <span class='ocrx_word' id='word_1_492' title='bbox 1066 5788 1273 5841; x_wconf 89' lang='lat' dir='ltr'><strong>virtutis</strong></span> <span class='ocrx_word' id='word_1_493' title='bbox 1295 5789 1318 5841; x_wconf 66' lang='grc' dir='ltr'><strong>’ἐ</strong></span> <span class='ocrx_word' id='word_1_494' title='bbox 1358 5787 1501 5841; x_wconf 80' lang='lat' dir='ltr'><strong>Multi</strong></span> <span class='ocrx_word' id='word_1_495' title='bbox 1532 5794 1878 5841; x_wconf 86' lang='lat' dir='ltr'><strong>excesserunt</strong></span> <span class='ocrx_word' id='word_1_496' title='bbox 1921 5786 2123 5855; x_wconf 78' lang='lat' dir='ltr'><strong>ab3quo</strong></span> 
     </span>
    </p>
   </div>
   <div class='ocr_carea' id='block_1_60' title="bbox 551 5877 2112 5952">
    <p class='ocr_par' dir='ltr' id='par_1_60' title="bbox 551 5877 2112 5952">
     <span class='ocr_line' id='line_1_60' title="bbox 551 5877 2112 5952; baseline 0.003 -20"><span class='ocrx_word' id='word_1_497' title='bbox 551 5877 969 5948; x_wconf 83' lang='lat' dir='ltr'><strong>illuminationc,</strong></span> <span class='ocrx_word' id='word_1_498' title='bbox 1002 5896 1193 5951; x_wconf 87' lang='lat' dir='ltr'><strong>nempe</strong></span> <span class='ocrx_word' id='word_1_499' title='bbox 1223 5880 1536 5952; x_wconf 75' lang='lat' dir='ltr'><strong>baptismate</strong></span> <span class='ocrx_word' id='word_1_500' title='bbox 1562 5924 1575 5950; x_wconf 93' lang='lat'><strong>,</strong></span> <span class='ocrx_word' id='word_1_501' title='bbox 1609 5889 1661 5936; x_wconf 88' lang='lat' dir='ltr'><strong>et</strong></span> <span class='ocrx_word' id='word_1_502' title='bbox 1691 5896 1756 5936; x_wconf 87' lang='lat' dir='ltr'><strong>uc</strong></span> <span class='ocrx_word' id='word_1_503' title='bbox 1789 5879 1872 5936; x_wconf 88' lang='lat' dir='ltr'><strong>hic</strong></span> <span class='ocrx_word' id='word_1_504' title='bbox 1900 5879 2112 5952; x_wconf 86' lang='lat' dir='ltr'><strong>quidem</strong></span> 
     </span>
    </p>
   </div>
   <div class='ocr_carea' id='block_1_61' title="bbox 1275 437 3067 499">
    <p class='ocr_par' dir='ltr' id='par_1_61' title="bbox 1275 437 3067 499">
     <span class='ocr_line' id='line_1_61' title="bbox 1275 437 3067 499; baseline -0.002 0"><span class='ocrx_word' id='word_1_505' title='bbox 1275 441 1332 499; x_wconf 81' lang='lat' dir='ltr'><strong>S.</strong></span> <span class='ocrx_word' id='word_1_506' title='bbox 1370 440 1646 497; x_wconf 75' lang='lat' dir='ltr'><strong>JOANNIS</strong></span> <span class='ocrx_word' id='word_1_507' title='bbox 1682 437 2153 498; x_wconf 74' lang='lat' dir='ltr'><strong>CHRYSOSTOMI</strong></span> <span class='ocrx_word' id='word_1_508' title='bbox 2190 438 2501 496; x_wconf 77' lang='lat' dir='ltr'><strong>ARCHIEP.</strong></span> <span class='ocrx_word' id='word_1_509' title='bbox 2541 438 3067 497; x_wconf 69' lang='lat' dir='ltr'><strong>CONSTANTINOP.</strong></span> 
     </span>
    </p>
   </div>
   <div class='ocr_carea' id='block_1_62' title="bbox 3697 438 3793 492">
    <p class='ocr_par' dir='ltr' id='par_1_62' title="bbox 3697 438 3793 492">
     <span class='ocr_line' id='line_1_62' title="bbox 3697 438 3793 492; baseline 0 0"><span class='ocrx_word' id='word_1_510' title='bbox 3697 438 3793 492; x_wconf 71' lang='lat' dir='ltr'><strong>tta</strong></span> 
     </span>
    </p>
   </div>
   <div class='ocr_carea' id='block_1_63' title="bbox 2221 550 3796 621">
    <p class='ocr_par' dir='ltr' id='par_1_63' title="bbox 2221 550 3796 621">
     <span class='ocr_line' id='line_1_63' title="bbox 2221 550 3796 621; baseline 0.001 -17"><span class='ocrx_word' id='word_1_511' title='bbox 2221 558 2396 606; x_wconf 88' lang='lat' dir='ltr'><strong>metus</strong></span> <span class='ocrx_word' id='word_1_512' title='bbox 2423 566 2519 606; x_wconf 86' lang='lat' dir='ltr'><strong>eos</strong></span> <span class='ocrx_word' id='word_1_513' title='bbox 2543 550 2739 605; x_wconf 88' lang='lat' dir='ltr'><strong>erudiit</strong></span> <span class='ocrx_word' id='word_1_514' title='bbox 2760 593 2776 616; x_wconf 91' lang='lat'><strong>,</strong></span> <span class='ocrx_word' id='word_1_515' title='bbox 2809 563 2865 605; x_wconf 91' lang='lat' dir='ltr'><strong>ut</strong></span> <span class='ocrx_word' id='word_1_516' title='bbox 2902 567 3084 607; x_wconf 90' lang='lat' dir='ltr'><strong>curam</strong></span> <span class='ocrx_word' id='word_1_517' title='bbox 3113 560 3298 621; x_wconf 78' lang='lat' dir='ltr'><strong>gerant</strong></span> <span class='ocrx_word' id='word_1_518' title='bbox 3324 567 3520 606; x_wconf 83' lang='lat' dir='ltr'><strong>eorum</strong></span> <span class='ocrx_word' id='word_1_519' title='bbox 3545 566 3667 620; x_wconf 66' lang='lat' dir='ltr'><strong>qua:</strong></span> <span class='ocrx_word' id='word_1_520' title='bbox 3695 552 3796 605; x_wconf 75' lang='lat' dir='ltr'><strong>Deo</strong></span> 
     </span>
    </p>
   </div>
   <div class='ocr_carea' id='block_1_64' title="bbox 2219 642 3797 712">
    <p class='ocr_par' dir='ltr' id='par_1_64' title="bbox 2219 642 3797 712">
     <span class='ocr_line' id='line_1_64' title="bbox 2219 642 3797 712; baseline 0.002 -17"><span class='ocrx_word' id='word_1_521' title='bbox 2219 642 2459 711; x_wconf 88' lang='lat' dir='ltr'><strong>placent:</strong></span> <span class='ocrx_word' id='word_1_522' title='bbox 2498 643 2541 696; x_wconf 92' lang='lat' dir='ltr'><strong>si</strong></span> <span class='ocrx_word' id='word_1_523' title='bbox 2572 643 2657 697; x_wconf 70' lang='lat' dir='ltr'><strong>hic</strong></span> <span class='ocrx_word' id='word_1_524' title='bbox 2687 646 2848 698; x_wconf 82' lang='lat' dir='ltr'><strong>etiam</strong></span> <span class='ocrx_word' id='word_1_525' title='bbox 2893 644 3099 698; x_wconf 77' lang='lat' dir='ltr'><strong>ablatus</strong></span> <span class='ocrx_word' id='word_1_526' title='bbox 3126 654 3267 698; x_wconf 87' lang='lat' dir='ltr'><strong>esset</strong></span> <span class='ocrx_word' id='word_1_527' title='bbox 3312 655 3511 707; x_wconf 87' lang='lat' dir='ltr'><strong>metus,</strong></span> <span class='ocrx_word' id='word_1_528' title='bbox 3542 645 3665 712; x_wconf 81' lang='lat' dir='ltr'><strong>quis</strong></span> <span class='ocrx_word' id='word_1_529' title='bbox 3691 662 3797 698; x_wconf 80' lang='lat' dir='ltr'><strong>um-</strong></span> 
     </span>
    </p>
   </div>
   <div class='ocr_carea' id='block_1_65' title="bbox 2218 733 3792 803">
    <p class='ocr_par' dir='ltr' id='par_1_65' title="bbox 2218 733 3792 803">
     <span class='ocr_line' id='line_1_65' title="bbox 2218 733 3792 803; baseline 0.004 -19"><span class='ocrx_word' id='word_1_530' title='bbox 2218 747 2377 801; x_wconf 88' lang='lat' dir='ltr'><strong>quam</strong></span> <span class='ocrx_word' id='word_1_531' title='bbox 2408 744 2550 787; x_wconf 83' lang='lat' dir='ltr'><strong>esset</strong></span> <span class='ocrx_word' id='word_1_532' title='bbox 2579 733 2851 789; x_wconf 88' lang='lat' dir='ltr'><strong>modestus</strong></span> <span class='ocrx_word' id='word_1_533' title='bbox 2875 735 2898 788; x_wconf 80' lang='lat'><strong>?</strong></span> <span class='ocrx_word' id='word_1_534' title='bbox 2925 735 3044 803; x_wconf 86' lang='lat' dir='ltr'><strong>quis</strong></span> <span class='ocrx_word' id='word_1_535' title='bbox 3072 735 3244 788; x_wconf 90' lang='lat' dir='ltr'><strong>bonus</strong></span> <span class='ocrx_word' id='word_1_536' title='bbox 3271 745 3328 789; x_wconf 85' lang='lat' dir='ltr'><strong>et</strong></span> <span class='ocrx_word' id='word_1_537' title='bbox 3347 750 3540 803; x_wconf 73' lang='lat' dir='ltr'><strong>mquus</strong></span> <span class='ocrx_word' id='word_1_538' title='bbox 3560 738 3586 787; x_wconf 68' lang='grc' dir='ltr'><strong>Υ</strong></span> <span class='ocrx_word' id='word_1_539' title='bbox 3614 735 3792 791; x_wconf 74' lang='lat' dir='ltr'><strong>Nenw.</strong></span> 
     </span>
    </p>
   </div>
   <div class='ocr_carea' id='block_1_66' title="bbox 2218 823 3792 894">
    <p class='ocr_par' dir='ltr' id='par_1_66' title="bbox 2218 823 3792 894">
     <span class='ocr_line' id='line_1_66' title="bbox 2218 823 3792 894; baseline 0.003 -18"><span class='ocrx_word' id='word_1_540' title='bbox 2218 823 2395 877; x_wconf 84' lang='lat' dir='ltr'><strong>Alium</strong></span> <span class='ocrx_word' id='word_1_541' title='bbox 2418 840 2603 879; x_wconf 84' lang='lat' dir='ltr'><strong>rursus</strong></span> <span class='ocrx_word' id='word_1_542' title='bbox 2622 841 2765 879; x_wconf 90' lang='lat' dir='ltr'><strong>nunc</strong></span> <span class='ocrx_word' id='word_1_543' title='bbox 2786 827 3024 880; x_wconf 89' lang='lat' dir='ltr'><strong>continet</strong></span> <span class='ocrx_word' id='word_1_544' title='bbox 3043 837 3096 880; x_wconf 91' lang='lat' dir='ltr'><strong>et</strong></span> <span class='ocrx_word' id='word_1_545' title='bbox 3119 828 3361 894; x_wconf 87' lang='lat' dir='ltr'><strong>reprimit</strong></span> <span class='ocrx_word' id='word_1_546' title='bbox 3382 835 3567 881; x_wconf 85' lang='lat' dir='ltr'><strong>metus</strong></span> <span class='ocrx_word' id='word_1_547' title='bbox 3594 831 3792 889; x_wconf 83' lang='lat' dir='ltr'><strong>mortis,</strong></span> 
     </span>
    </p>
   </div>
   <div class='ocr_carea' id='block_1_67' title="bbox 2216 915 3794 986">
    <p class='ocr_par' dir='ltr' id='par_1_67' title="bbox 2216 915 3794 986">
     <span class='ocr_line' id='line_1_67' title="bbox 2216 915 3794 986; baseline 0.003 -19"><span class='ocrx_word' id='word_1_548' title='bbox 2216 922 2271 967; x_wconf 90' lang='lat' dir='ltr'><strong>et</strong></span> <span class='ocrx_word' id='word_1_549' title='bbox 2298 929 2450 968; x_wconf 90' lang='lat' dir='ltr'><strong>amor</strong></span> <span class='ocrx_word' id='word_1_550' title='bbox 2476 915 2595 969; x_wconf 76' lang='lat' dir='ltr'><strong>vita:</strong></span> <span class='ocrx_word' id='word_1_551' title='bbox 2623 932 2637 968; x_wconf 90' lang='lat'><strong>:</strong></span> <span class='ocrx_word' id='word_1_552' title='bbox 2668 917 2711 969; x_wconf 91' lang='lat' dir='ltr'><strong>si</strong></span> <span class='ocrx_word' id='word_1_553' title='bbox 2739 926 2914 971; x_wconf 89' lang='lat' dir='ltr'><strong>autem</strong></span> <span class='ocrx_word' id='word_1_554' title='bbox 2947 920 3108 970; x_wconf 89' lang='lat' dir='ltr'><strong>sciret</strong></span> <span class='ocrx_word' id='word_1_555' title='bbox 3133 917 3507 986; x_wconf 83' lang='lat' dir='ltr'><strong>unusquisque</strong></span> <span class='ocrx_word' id='word_1_556' title='bbox 3539 916 3794 982; x_wconf 77' lang='lat' dir='ltr'><strong>futurum,</strong></span> 
     </span>
    </p>
   </div>
   <div class='ocr_carea' id='block_1_68' title="bbox 2219 1008 3795 1074">
    <p class='ocr_par' dir='ltr' id='par_1_68' title="bbox 2219 1008 3795 1074">
     <span class='ocr_line' id='line_1_68' title="bbox 2219 1008 3795 1074; baseline 0.006 -18"><span class='ocrx_word' id='word_1_557' title='bbox 2219 1013 2275 1056; x_wconf 91' lang='lat' dir='ltr'><strong>ut</strong></span> <span class='ocrx_word' id='word_1_558' title='bbox 2298 1018 2416 1060; x_wconf 85' lang='lat' dir='ltr'><strong>cras</strong></span> <span class='ocrx_word' id='word_1_559' title='bbox 2445 1019 2745 1061; x_wconf 90' lang='lat' dir='ltr'><strong>moreretur</strong></span> <span class='ocrx_word' id='word_1_560' title='bbox 2776 1052 2789 1074; x_wconf 87' lang='lat'><strong>,</strong></span> <span class='ocrx_word' id='word_1_561' title='bbox 2840 1008 2971 1061; x_wconf 88' lang='lat' dir='ltr'><strong>nihil</strong></span> <span class='ocrx_word' id='word_1_562' title='bbox 3000 1020 3127 1063; x_wconf 90' lang='lat' dir='ltr'><strong>ante</strong></span> <span class='ocrx_word' id='word_1_563' title='bbox 3163 1025 3284 1063; x_wconf 90' lang='lat' dir='ltr'><strong>eum</strong></span> <span class='ocrx_word' id='word_1_564' title='bbox 3326 1010 3477 1064; x_wconf 86' lang='lat' dir='ltr'><strong>diem</strong></span> <span class='ocrx_word' id='word_1_565' title='bbox 3531 1025 3795 1065; x_wconf 80' lang='lat' dir='ltr'><strong>recusaret</strong></span> 
     </span>
    </p>
   </div>
   <div class='ocr_carea' id='block_1_69' title="bbox 2218 1092 3795 1168">
    <p class='ocr_par' dir='ltr' id='par_1_69' title="bbox 2218 1092 3795 1168">
     <span class='ocr_line' id='line_1_69' title="bbox 2218 1092 3795 1168; baseline 0.008 -22"><span class='ocrx_word' id='word_1_566' title='bbox 2218 1092 2391 1150; x_wconf 79' lang='lat' dir='ltr'><strong>facere</strong></span> <span class='ocrx_word' id='word_1_567' title='bbox 2412 1138 2426 1162; x_wconf 93' lang='lat'><strong>,</strong></span> <span class='ocrx_word' id='word_1_568' title='bbox 2454 1096 2547 1151; x_wconf 91' lang='lat' dir='ltr'><strong>sed</strong></span> <span class='ocrx_word' id='word_1_569' title='bbox 2588 1108 2641 1152; x_wconf 93' lang='lat' dir='ltr'><strong>et</strong></span> <span class='ocrx_word' id='word_1_570' title='bbox 2670 1098 2993 1153; x_wconf 81' lang='lat' dir='ltr'><strong>interﬁceret</strong></span> <span class='ocrx_word' id='word_1_571' title='bbox 3018 1114 3152 1168; x_wconf 85' lang='lat' dir='ltr'><strong>quos</strong></span> <span class='ocrx_word' id='word_1_572' title='bbox 3180 1100 3350 1155; x_wconf 84' lang='lat' dir='ltr'><strong>vellet</strong></span> <span class='ocrx_word' id='word_1_573' title='bbox 3371 1141 3387 1165; x_wconf 92' lang='lat'><strong>,</strong></span> <span class='ocrx_word' id='word_1_574' title='bbox 3418 1102 3578 1156; x_wconf 86' lang='lat' dir='ltr'><strong>mille</strong></span> <span class='ocrx_word' id='word_1_575' title='bbox 3602 1104 3795 1158; x_wconf 70' lang='lat' dir='ltr'><strong>scelera</strong></span> 
     </span>
    </p>
   </div>
   <div class='ocr_carea' id='block_1_70' title="bbox 2219 1189 3045 1255">
    <p class='ocr_par' dir='ltr' id='par_1_70' title="bbox 2219 1189 3045 1255">
     <span class='ocr_line' id='line_1_70' title="bbox 2219 1189 3045 1255; baseline 0.012 -17"><span class='ocrx_word' id='word_1_576' title='bbox 2219 1198 2453 1255; x_wconf 88' lang='lat' dir='ltr'><strong>patraret</strong></span> <span class='ocrx_word' id='word_1_577' title='bbox 2482 1189 2744 1246; x_wconf 86' lang='lat' dir='ltr'><strong>ulciscens</strong></span> <span class='ocrx_word' id='word_1_578' title='bbox 2782 1191 3045 1248; x_wconf 90' lang='lat' dir='ltr'><strong>inimicos.</strong></span> 
     </span>
    </p>
   </div>
   <div class='ocr_carea' id='block_1_71' title="bbox 2287 1280 3796 1355">
    <p class='ocr_par' dir='ltr' id='par_1_71' title="bbox 2287 1280 3796 1355">
     <span class='ocr_line' id='line_1_71' title="bbox 2287 1280 3796 1355; baseline 0.005 -22"><span class='ocrx_word' id='word_1_579' title='bbox 2287 1282 2340 1333; x_wconf 75' lang='lat'><strong>2.</strong></span> <span class='ocrx_word' id='word_1_580' title='bbox 2384 1280 2531 1336; x_wconf 79' lang='lat' dir='ltr'><strong>Finis</strong></span> <span class='ocrx_word' id='word_1_581' title='bbox 2568 1284 2679 1336; x_wconf 67' lang='lat' dir='ltr'><strong><em>vita</em></strong></span> <span class='ocrx_word' id='word_1_582' title='bbox 2719 1284 2985 1355; x_wconf 83' lang='lat' dir='ltr'><strong>ignoratur</strong></span> <span class='ocrx_word' id='word_1_583' title='bbox 3007 1285 3076 1338; x_wconf 84' lang='lat' dir='ltr'><strong>ad</strong></span> <span class='ocrx_word' id='word_1_584' title='bbox 3111 1285 3382 1340; x_wconf 77' lang='lat' dir='ltr'><strong>utilitatem</strong></span> <span class='ocrx_word' id='word_1_585' title='bbox 3409 1288 3715 1341; x_wconf 62' lang='lat' dir='ltr'><strong>rit-entiam.</strong></span> <span class='ocrx_word' id='word_1_586' title='bbox 3740 1321 3796 1331; x_wconf 90' lang='lat'><strong>—-</strong></span> 
     </span>
    </p>
   </div>
   <div class='ocr_carea' id='block_1_72' title="bbox 2218 1373 3800 1449">
    <p class='ocr_par' dir='ltr' id='par_1_72' title="bbox 2218 1373 3800 1449">
     <span class='ocr_line' id='line_1_72' title="bbox 2218 1373 3800 1449; baseline 0.004 -21"><span class='ocrx_word' id='word_1_587' title='bbox 2218 1373 2389 1429; x_wconf 82' lang='lat' dir='ltr'><strong>Hoan</strong></span> <span class='ocrx_word' id='word_1_588' title='bbox 2418 1375 2561 1429; x_wconf 87' lang='lat' dir='ltr'><strong>enim</strong></span> <span class='ocrx_word' id='word_1_589' title='bbox 2604 1377 2845 1447; x_wconf 90' lang='lat' dir='ltr'><strong>impurus</strong></span> <span class='ocrx_word' id='word_1_590' title='bbox 2881 1387 2935 1431; x_wconf 91' lang='lat' dir='ltr'><strong>et</strong></span> <span class='ocrx_word' id='word_1_591' title='bbox 2980 1378 3293 1444; x_wconf 83' lang='lat' dir='ltr'><strong>sceleratus,</strong></span> <span class='ocrx_word' id='word_1_592' title='bbox 3325 1380 3419 1448; x_wconf 92' lang='lat' dir='ltr'><strong>qui</strong></span> <span class='ocrx_word' id='word_1_593' title='bbox 3477 1379 3644 1449; x_wconf 83' lang='lat' dir='ltr'><strong>hujus</strong></span> <span class='ocrx_word' id='word_1_594' title='bbox 3687 1382 3800 1435; x_wconf 77' lang='lat' dir='ltr'><strong>vita:</strong></span> 
     </span>
    </p>
   </div>
   <div class='ocr_carea' id='block_1_73' title="bbox 2215 1464 3801 1542">
    <p class='ocr_par' dir='ltr' id='par_1_73' title="bbox 2215 1464 3801 1542">
     <span class='ocr_line' id='line_1_73' title="bbox 2215 1464 3801 1542; baseline 0.008 -26"><span class='ocrx_word' id='word_1_595' title='bbox 2215 1478 2365 1534; x_wconf 90' lang='lat' dir='ltr'><strong>spem</strong></span> <span class='ocrx_word' id='word_1_596' title='bbox 2390 1464 2607 1535; x_wconf 86' lang='lat' dir='ltr'><strong>abjeeit,</strong></span> <span class='ocrx_word' id='word_1_597' title='bbox 2638 1482 2707 1521; x_wconf 91' lang='lat' dir='ltr'><strong>ne</strong></span> <span class='ocrx_word' id='word_1_598' title='bbox 2731 1467 2847 1537; x_wconf 90' lang='lat' dir='ltr'><strong>ejus</strong></span> <span class='ocrx_word' id='word_1_599' title='bbox 2874 1469 3089 1538; x_wconf 82' lang='lat' dir='ltr'><strong>quidem</strong></span> <span class='ocrx_word' id='word_1_600' title='bbox 3115 1471 3273 1525; x_wconf 84' lang='lat' dir='ltr'><strong>habet</strong></span> <span class='ocrx_word' id='word_1_601' title='bbox 3299 1473 3582 1526; x_wconf 85' lang='lat' dir='ltr'><strong>rationem</strong></span> <span class='ocrx_word' id='word_1_602' title='bbox 3612 1476 3700 1542; x_wconf 88' lang='lat' dir='ltr'><strong>qui</strong></span> <span class='ocrx_word' id='word_1_603' title='bbox 3726 1486 3801 1528; x_wconf 84' lang='lat' dir='ltr'><strong>est</strong></span> 
     </span>
    </p>
   </div>
   <div class='ocr_carea' id='block_1_74' title="bbox 2217 1555 3800 1629">
    <p class='ocr_par' dir='ltr' id='par_1_74' title="bbox 2217 1555 3800 1629">
     <span class='ocr_line' id='line_1_74' title="bbox 2217 1555 3800 1629; baseline 0.007 -21"><span class='ocrx_word' id='word_1_604' title='bbox 2217 1555 2431 1610; x_wconf 90' lang='lat' dir='ltr'><strong>indutus</strong></span> <span class='ocrx_word' id='word_1_605' title='bbox 2461 1572 2714 1627; x_wconf 89' lang='lat' dir='ltr'><strong>purpura.</strong></span> <span class='ocrx_word' id='word_1_606' title='bbox 2742 1560 2839 1625; x_wconf 84' lang='lat' dir='ltr'><strong>Qui</strong></span> <span class='ocrx_word' id='word_1_607' title='bbox 2868 1576 2997 1629; x_wconf 78' lang='lat' dir='ltr'><strong>ergo</strong></span> <span class='ocrx_word' id='word_1_608' title='bbox 3038 1560 3200 1614; x_wconf 89' lang='lat' dir='ltr'><strong>habet</strong></span> <span class='ocrx_word' id='word_1_609' title='bbox 3240 1578 3569 1629; x_wconf 87' lang='lat' dir='ltr'><strong>persuasum</strong></span> <span class='ocrx_word' id='word_1_610' title='bbox 3615 1564 3725 1619; x_wconf 81' lang='lat' dir='ltr'><strong>fore</strong></span> <span class='ocrx_word' id='word_1_611' title='bbox 3750 1578 3800 1619; x_wconf 82' lang='lat' dir='ltr'><strong>ut</strong></span> 
     </span>
    </p>
   </div>
   <div class='ocr_carea' id='block_1_75' title="bbox 2215 1649 3799 1723">
    <p class='ocr_par' dir='ltr' id='par_1_75' title="bbox 2215 1649 3799 1723">
     <span class='ocr_line' id='line_1_75' title="bbox 2215 1649 3799 1723; baseline 0.004 -21"><span class='ocrx_word' id='word_1_612' title='bbox 2215 1649 2433 1702; x_wconf 89' lang='lat' dir='ltr'><strong>omnino</strong></span> <span class='ocrx_word' id='word_1_613' title='bbox 2462 1649 2705 1714; x_wconf 87' lang='lat' dir='ltr'><strong>excedat,</strong></span> <span class='ocrx_word' id='word_1_614' title='bbox 2736 1659 2791 1704; x_wconf 87' lang='lat' dir='ltr'><strong>et</strong></span> <span class='ocrx_word' id='word_1_615' title='bbox 2817 1650 3102 1709; x_wconf 82' lang='lat' dir='ltr'><strong>ulciscetut&#39;</strong></span> <span class='ocrx_word' id='word_1_616' title='bbox 3132 1652 3407 1707; x_wconf 89' lang='lat' dir='ltr'><strong>inimicum</strong></span> <span class='ocrx_word' id='word_1_617' title='bbox 3438 1664 3501 1708; x_wconf 86' lang='lat' dir='ltr'><strong>et</strong></span> <span class='ocrx_word' id='word_1_618' title='bbox 3530 1671 3636 1707; x_wconf 84' lang='lat' dir='ltr'><strong>suo</strong></span> <span class='ocrx_word' id='word_1_619' title='bbox 3666 1659 3799 1723; x_wconf 75' lang='lat' dir='ltr'><strong>prius</strong></span> 
     </span>
    </p>
   </div>
   <div class='ocr_carea' id='block_1_76' title="bbox 2214 1741 3797 1814">
    <p class='ocr_par' dir='ltr' id='par_1_76' title="bbox 2214 1741 3797 1814">
     <span class='ocr_line' id='line_1_76' title="bbox 2214 1741 3797 1814; baseline 0.006 -21"><span class='ocrx_word' id='word_1_620' title='bbox 2214 1741 2408 1796; x_wconf 82' lang='lat' dir='ltr'><strong>satiato</strong></span> <span class='ocrx_word' id='word_1_621' title='bbox 2430 1742 2613 1797; x_wconf 82' lang='lat' dir='ltr'><strong>animo</strong></span> <span class='ocrx_word' id='word_1_622' title='bbox 2639 1783 2653 1803; x_wconf 88' lang='lat'><strong>.</strong></span> <span class='ocrx_word' id='word_1_623' title='bbox 2682 1744 2760 1797; x_wconf 90' lang='lat' dir='ltr'><strong>sic</strong></span> <span class='ocrx_word' id='word_1_624' title='bbox 2790 1754 3016 1798; x_wconf 90' lang='lat' dir='ltr'><strong>mortem</strong></span> <span class='ocrx_word' id='word_1_625' title='bbox 3047 1746 3260 1814; x_wconf 87' lang='lat' dir='ltr'><strong>accipit.</strong></span> <span class='ocrx_word' id='word_1_626' title='bbox 3294 1747 3489 1801; x_wconf 82' lang='lat' dir='ltr'><strong>Dicam</strong></span> <span class='ocrx_word' id='word_1_627' title='bbox 3518 1750 3686 1803; x_wconf 84' lang='lat' dir='ltr'><strong>etiam</strong></span> <span class='ocrx_word' id='word_1_628' title='bbox 3713 1752 3797 1803; x_wconf 81' lang='lat' dir='ltr'><strong>ali-</strong></span> 
     </span>
    </p>
   </div>
   <div class='ocr_carea' id='block_1_77' title="bbox 2214 1831 3798 1909">
    <p class='ocr_par' dir='ltr' id='par_1_77' title="bbox 2214 1831 3798 1909">
     <span class='ocr_line' id='line_1_77' title="bbox 2214 1831 3798 1909; baseline 0.005 -23"><span class='ocrx_word' id='word_1_629' title='bbox 2214 1831 2341 1901; x_wconf 88' lang='lat' dir='ltr'><strong>quid</strong></span> <span class='ocrx_word' id='word_1_630' title='bbox 2370 1833 2583 1887; x_wconf 89' lang='lat' dir='ltr'><strong>tertium</strong></span> <span class='ocrx_word' id='word_1_631' title='bbox 2610 1852 2624 1889; x_wconf 88' lang='lat'><strong>:</strong></span> <span class='ocrx_word' id='word_1_632' title='bbox 2653 1835 2743 1904; x_wconf 88' lang='lat' dir='ltr'><strong>qui</strong></span> <span class='ocrx_word' id='word_1_633' title='bbox 2785 1836 2991 1891; x_wconf 84' lang='lat' dir='ltr'><strong>vivendi</strong></span> <span class='ocrx_word' id='word_1_634' title='bbox 3021 1847 3148 1891; x_wconf 91' lang='lat' dir='ltr'><strong>sunt</strong></span> <span class='ocrx_word' id='word_1_635' title='bbox 3194 1838 3405 1908; x_wconf 85' lang='lat' dir='ltr'><strong>cupidi,</strong></span> <span class='ocrx_word' id='word_1_636' title='bbox 3454 1850 3516 1893; x_wconf 88' lang='lat' dir='ltr'><strong>et</strong></span> <span class='ocrx_word' id='word_1_637' title='bbox 3542 1856 3667 1909; x_wconf 68' lang='lat' dir='ltr'><strong>qn:</strong></span> <span class='ocrx_word' id='word_1_638' title='bbox 3689 1851 3798 1895; x_wconf 76' lang='lat' dir='ltr'><strong>sunt</strong></span> 
     </span>
    </p>
   </div>
   <div class='ocr_carea' id='block_1_78' title="bbox 2215 1923 3794 2005">
    <p class='ocr_par' dir='ltr' id='par_1_78' title="bbox 2215 1923 3794 2005">
     <span class='ocr_line' id='line_1_78' title="bbox 2215 1923 3794 2005; baseline 0.006 -26"><span class='ocrx_word' id='word_1_639' title='bbox 2215 1923 2304 1981; x_wconf 89' lang='lat' dir='ltr'><strong>hic</strong></span> <span class='ocrx_word' id='word_1_640' title='bbox 2331 1925 2482 1982; x_wconf 87' lang='lat' dir='ltr'><strong>valde</strong></span> <span class='ocrx_word' id='word_1_641' title='bbox 2501 1936 2780 1997; x_wconf 87' lang='lat' dir='ltr'><strong>appetunt,</strong></span> <span class='ocrx_word' id='word_1_642' title='bbox 2810 1928 2973 1983; x_wconf 89' lang='lat' dir='ltr'><strong>animi</strong></span> <span class='ocrx_word' id='word_1_643' title='bbox 3003 1930 3317 2000; x_wconf 61' lang='lat' dir='ltr'><strong>aegritudine</strong></span> <span class='ocrx_word' id='word_1_644' title='bbox 3346 1940 3403 1988; x_wconf 89' lang='lat' dir='ltr'><strong>et</strong></span> <span class='ocrx_word' id='word_1_645' title='bbox 3432 1932 3641 1989; x_wconf 81' lang='lat' dir='ltr'><strong>dolore</strong></span> <span class='ocrx_word' id='word_1_646' title='bbox 3668 1936 3794 2005; x_wconf 78' lang='lat' dir='ltr'><strong>peri-</strong></span> 
     </span>
    </p>
   </div>
   <div class='ocr_carea' id='block_1_79' title="bbox 2214 2019 3797 2092">
    <p class='ocr_par' dir='ltr' id='par_1_79' title="bbox 2214 2019 3797 2092">
     <span class='ocr_line' id='line_1_79' title="bbox 2214 2019 3797 2092; baseline 0.004 -16"><span class='ocrx_word' id='word_1_647' title='bbox 2214 2030 2357 2076; x_wconf 91' lang='lat' dir='ltr'><strong>rent.</strong></span> <span class='ocrx_word' id='word_1_648' title='bbox 2385 2019 2442 2076; x_wconf 89' lang='lat' dir='ltr'><strong>Si</strong></span> <span class='ocrx_word' id='word_1_649' title='bbox 2485 2022 2606 2091; x_wconf 89' lang='lat' dir='ltr'><strong>quis</strong></span> <span class='ocrx_word' id='word_1_650' title='bbox 2629 2022 2771 2076; x_wconf 91' lang='lat' dir='ltr'><strong>enim</strong></span> <span class='ocrx_word' id='word_1_651' title='bbox 2799 2022 3011 2092; x_wconf 87' lang='lat' dir='ltr'><strong>juvenis</strong></span> <span class='ocrx_word' id='word_1_652' title='bbox 3035 2025 3199 2080; x_wconf 87' lang='lat' dir='ltr'><strong>sciret</strong></span> <span class='ocrx_word' id='word_1_653' title='bbox 3227 2040 3288 2080; x_wconf 90' lang='lat' dir='ltr'><strong>se</strong></span> <span class='ocrx_word' id='word_1_654' title='bbox 3317 2033 3647 2082; x_wconf 68' lang='lat' dir='ltr'><strong>extremum</strong></span> <span class='ocrx_word' id='word_1_655' title='bbox 3672 2028 3797 2083; x_wconf 80' lang='lat' dir='ltr'><strong>diem</strong></span> 
     </span>
    </p>
   </div>
   <div class='ocr_carea' id='block_1_80' title="bbox 2214 2112 3796 2182">
    <p class='ocr_par' dir='ltr' id='par_1_80' title="bbox 2214 2112 3796 2182">
     <span class='ocr_line' id='line_1_80' title="bbox 2214 2112 3796 2182; baseline 0.004 -16"><span class='ocrx_word' id='word_1_656' title='bbox 2214 2112 2519 2168; x_wconf 89' lang='lat' dir='ltr'><strong>clausurum</strong></span> <span class='ocrx_word' id='word_1_657' title='bbox 2546 2122 2671 2169; x_wconf 90' lang='lat' dir='ltr'><strong>ante</strong></span> <span class='ocrx_word' id='word_1_658' title='bbox 2694 2124 3049 2182; x_wconf 87' lang='lat' dir='ltr'><strong>senectutem,</strong></span> <span class='ocrx_word' id='word_1_659' title='bbox 3077 2116 3215 2171; x_wconf 88' lang='lat' dir='ltr'><strong>sicut</strong></span> <span class='ocrx_word' id='word_1_660' title='bbox 3241 2116 3595 2173; x_wconf 79' lang='lat' dir='ltr'><strong>debilissima</strong></span> <span class='ocrx_word' id='word_1_661' title='bbox 3616 2127 3673 2173; x_wconf 92' lang='lat' dir='ltr'><strong>et</strong></span> <span class='ocrx_word' id='word_1_662' title='bbox 3696 2120 3796 2172; x_wconf 74' lang='lat' dir='ltr'><strong>Iu-</strong></span> 
     </span>
    </p>
   </div>
   <div class='ocr_carea' id='block_1_81' title="bbox 2198 2203 3798 2280">
    <p class='ocr_par' dir='ltr' id='par_1_81' title="bbox 2198 2203 3798 2280">
     <span class='ocr_line' id='line_1_81' title="bbox 2198 2203 3798 2280; baseline 0.008 -27"><span class='ocrx_word' id='word_1_663' title='bbox 2198 2203 2523 2273; x_wconf 11' lang='lat' dir='ltr'><strong>nguidissima</strong></span> <span class='ocrx_word' id='word_1_664' title='bbox 2550 2205 2823 2273; x_wconf 86' lang='lat' dir='ltr'><strong>animalia,</strong></span> <span class='ocrx_word' id='word_1_665' title='bbox 2852 2217 3132 2277; x_wconf 86' lang='lat' dir='ltr'><strong>postquam</strong></span> <span class='ocrx_word' id='word_1_666' title='bbox 3161 2207 3362 2264; x_wconf 78' lang='lat' dir='ltr'><strong>fuerint</strong></span> <span class='ocrx_word' id='word_1_667' title='bbox 3381 2210 3798 2280; x_wconf 78' lang='lat' dir='ltr'><strong>comprehensa,</strong></span> 
     </span>
    </p>
   </div>
   <div class='ocr_carea' id='block_1_82' title="bbox 2215 2294 3801 2369">
    <p class='ocr_par' dir='ltr' id='par_1_82' title="bbox 2215 2294 3801 2369">
     <span class='ocr_line' id='line_1_82' title="bbox 2215 2294 3801 2369; baseline 0.006 -21"><span class='ocrx_word' id='word_1_668' title='bbox 2215 2294 2384 2365; x_wconf 83' lang='lat' dir='ltr'><strong>magis</strong></span> <span class='ocrx_word' id='word_1_669' title='bbox 2421 2294 2674 2351; x_wconf 88' lang='lat' dir='ltr'><strong>delleiunt</strong></span> <span class='ocrx_word' id='word_1_670' title='bbox 2699 2336 2716 2361; x_wconf 90' lang='lat'><strong>,</strong></span> <span class='ocrx_word' id='word_1_671' title='bbox 2758 2297 2917 2353; x_wconf 88' lang='lat' dir='ltr'><strong>linem</strong></span> <span class='ocrx_word' id='word_1_672' title='bbox 2964 2302 3324 2369; x_wconf 72' lang='lat' dir='ltr'><strong>exspectantis</strong></span> <span class='ocrx_word' id='word_1_673' title='bbox 3359 2318 3375 2356; x_wconf 88' lang='lat'><strong>:</strong></span> <span class='ocrx_word' id='word_1_674' title='bbox 3408 2305 3501 2356; x_wconf 88' lang='lat' dir='ltr'><strong>sic</strong></span> <span class='ocrx_word' id='word_1_675' title='bbox 3552 2302 3650 2357; x_wconf 86' lang='lat' dir='ltr'><strong>ille</strong></span> <span class='ocrx_word' id='word_1_676' title='bbox 3676 2314 3801 2358; x_wconf 77' lang='lat' dir='ltr'><strong>esset</strong></span> 
     </span>
    </p>
   </div>
   <div class='ocr_carea' id='block_1_83' title="bbox 2215 2385 3801 2458">
    <p class='ocr_par' dir='ltr' id='par_1_83' title="bbox 2215 2385 3801 2458">
     <span class='ocr_line' id='line_1_83' title="bbox 2215 2385 3801 2458; baseline 0.008 -20"><span class='ocrx_word' id='word_1_677' title='bbox 2215 2385 2460 2441; x_wconf 66' lang='lat' dir='ltr'><strong>allectus.</strong></span> <span class='ocrx_word' id='word_1_678' title='bbox 2490 2386 2671 2458; x_wconf 84' lang='lat' dir='ltr'><strong>Neque</strong></span> <span class='ocrx_word' id='word_1_679' title='bbox 2697 2389 2794 2443; x_wconf 91' lang='lat' dir='ltr'><strong>viri</strong></span> <span class='ocrx_word' id='word_1_680' title='bbox 2823 2388 2992 2445; x_wconf 85' lang='lat' dir='ltr'><strong>fortes</strong></span> <span class='ocrx_word' id='word_1_681' title='bbox 3018 2390 3333 2447; x_wconf 88' lang='lat' dir='ltr'><strong>habuissent</strong></span> <span class='ocrx_word' id='word_1_682' title='bbox 3378 2396 3727 2450; x_wconf 80' lang='lat' dir='ltr'><strong>mercedem.</strong></span> <span class='ocrx_word' id='word_1_683' title='bbox 3752 2395 3801 2450; x_wconf 85' lang='lat' dir='ltr'><strong>Si</strong></span> 
     </span>
    </p>
   </div>
   <div class='ocr_carea' id='block_1_84' title="bbox 2212 2476 3802 2556">
    <p class='ocr_par' dir='ltr' id='par_1_84' title="bbox 2212 2476 3802 2556">
     <span class='ocr_line' id='line_1_84' title="bbox 2212 2476 3802 2556; baseline 0.008 -26"><span class='ocrx_word' id='word_1_684' title='bbox 2212 2476 2356 2530; x_wconf 88' lang='lat' dir='ltr'><strong>enim</strong></span> <span class='ocrx_word' id='word_1_685' title='bbox 2386 2478 2589 2534; x_wconf 90' lang='lat' dir='ltr'><strong>scirent</strong></span> <span class='ocrx_word' id='word_1_686' title='bbox 2620 2479 2762 2549; x_wconf 86' lang='lat' dir='ltr'><strong>quod</strong></span> <span class='ocrx_word' id='word_1_687' title='bbox 2790 2481 3012 2535; x_wconf 87' lang='lat' dir='ltr'><strong>omnino</strong></span> <span class='ocrx_word' id='word_1_688' title='bbox 3042 2491 3161 2551; x_wconf 87' lang='lat' dir='ltr'><strong>post</strong></span> <span class='ocrx_word' id='word_1_689' title='bbox 3187 2493 3294 2538; x_wconf 88' lang='lat' dir='ltr'><strong>tres</strong></span> <span class='ocrx_word' id='word_1_690' title='bbox 3319 2499 3510 2539; x_wconf 83' lang='lat' dir='ltr'><strong>annos</strong></span> <span class='ocrx_word' id='word_1_691' title='bbox 3536 2497 3802 2556; x_wconf 78' lang='lat' dir='ltr'><strong>oporteret</strong></span> 
     </span>
    </p>
   </div>
   <div class='ocr_carea' id='block_1_85' title="bbox 2212 2568 3800 2649">
    <p class='ocr_par' dir='ltr' id='par_1_85' title="bbox 2212 2568 3800 2649">
     <span class='ocr_line' id='line_1_85' title="bbox 2212 2568 3800 2649; baseline 0.008 -27"><span class='ocrx_word' id='word_1_692' title='bbox 2212 2568 2474 2624; x_wconf 85' lang='lat' dir='ltr'><strong>excedere</strong></span> <span class='ocrx_word' id='word_1_693' title='bbox 2496 2610 2513 2635; x_wconf 94' lang='lat'><strong>,</strong></span> <span class='ocrx_word' id='word_1_694' title='bbox 2541 2584 2641 2625; x_wconf 88' lang='lat' dir='ltr'><strong>nec</strong></span> <span class='ocrx_word' id='word_1_695' title='bbox 2662 2580 2786 2626; x_wconf 90' lang='lat' dir='ltr'><strong>ante</strong></span> <span class='ocrx_word' id='word_1_696' title='bbox 2815 2571 2936 2627; x_wconf 91' lang='lat' dir='ltr'><strong>illos</strong></span> <span class='ocrx_word' id='word_1_697' title='bbox 2963 2584 3180 2641; x_wconf 84' lang='lat' dir='ltr'><strong>possent</strong></span> <span class='ocrx_word' id='word_1_698' title='bbox 3205 2574 3334 2644; x_wconf 88' lang='lat' dir='ltr'><strong>quid</strong></span> <span class='ocrx_word' id='word_1_699' title='bbox 3382 2578 3583 2632; x_wconf 76' lang='lat' dir='ltr'><strong>facere</strong></span> <span class='ocrx_word' id='word_1_700' title='bbox 3609 2620 3627 2644; x_wconf 93' lang='lat'><strong>,</strong></span> <span class='ocrx_word' id='word_1_701' title='bbox 3657 2595 3800 2649; x_wconf 76' lang='lat' dir='ltr'><strong>quam</strong></span> 
     </span>
    </p>
   </div>
   <div class='ocr_carea' id='block_1_86' title="bbox 2214 2661 3801 2739">
    <p class='ocr_par' dir='ltr' id='par_1_86' title="bbox 2214 2661 3801 2739">
     <span class='ocr_line' id='line_1_86' title="bbox 2214 2661 3801 2739; baseline 0.007 -25"><span class='ocrx_word' id='word_1_702' title='bbox 2214 2661 2474 2717; x_wconf 91' lang='lat' dir='ltr'><strong>haberent</strong></span> <span class='ocrx_word' id='word_1_703' title='bbox 2507 2664 2808 2720; x_wconf 88' lang='lat' dir='ltr'><strong>mercedem</strong></span> <span class='ocrx_word' id='word_1_704' title='bbox 2833 2706 2848 2729; x_wconf 90' lang='lat'><strong>,</strong></span> <span class='ocrx_word' id='word_1_705' title='bbox 2878 2665 2923 2720; x_wconf 91' lang='lat' dir='ltr'><strong>si</strong></span> <span class='ocrx_word' id='word_1_706' title='bbox 2964 2681 3051 2720; x_wconf 88' lang='lat' dir='ltr'><strong>res</strong></span> <span class='ocrx_word' id='word_1_707' title='bbox 3075 2682 3263 2737; x_wconf 81' lang='lat' dir='ltr'><strong>graves</strong></span> <span class='ocrx_word' id='word_1_708' title='bbox 3287 2678 3344 2723; x_wconf 92' lang='lat' dir='ltr'><strong>et</strong></span> <span class='ocrx_word' id='word_1_709' title='bbox 3372 2684 3620 2739; x_wconf 86' lang='lat' dir='ltr'><strong>asperas</strong></span> <span class='ocrx_word' id='word_1_710' title='bbox 3652 2673 3801 2725; x_wconf 68' lang='lat' dir='ltr'><strong>aude.</strong></span> 
     </span>
    </p>
   </div>
   <div class='ocr_carea' id='block_1_87' title="bbox 2215 2756 3799 2831">
    <p class='ocr_par' dir='ltr' id='par_1_87' title="bbox 2215 2756 3799 2831">
     <span class='ocr_line' id='line_1_87' title="bbox 2215 2756 3799 2831; baseline 0.007 -22"><span class='ocrx_word' id='word_1_711' title='bbox 2215 2764 2337 2810; x_wconf 89' lang='lat' dir='ltr'><strong>rent</strong></span> <span class='ocrx_word' id='word_1_712' title='bbox 2377 2756 2638 2825; x_wconf 81' lang='lat' dir='ltr'><strong>aggredi?</strong></span> <span class='ocrx_word' id='word_1_713' title='bbox 2684 2758 2771 2811; x_wconf 83' lang='lat' dir='ltr'><strong>Eis</strong></span> <span class='ocrx_word' id='word_1_714' title='bbox 2796 2758 2938 2812; x_wconf 90' lang='lat' dir='ltr'><strong>enim</strong></span> <span class='ocrx_word' id='word_1_715' title='bbox 2966 2759 3228 2828; x_wconf 89' lang='lat' dir='ltr'><strong>quispiam</strong></span> <span class='ocrx_word' id='word_1_716' title='bbox 3258 2760 3469 2817; x_wconf 81' lang='lat' dir='ltr'><strong>dixerit</strong></span> <span class='ocrx_word' id='word_1_717' title='bbox 3502 2782 3519 2816; x_wconf 88' lang='lat'><strong>:</strong></span> <span class='ocrx_word' id='word_1_718' title='bbox 3548 2766 3799 2831; x_wconf 73' lang='lat' dir='ltr'><strong>Quoniam</strong></span> 
     </span>
    </p>
   </div>
   <div class='ocr_carea' id='block_1_88' title="bbox 2215 2848 3800 2928">
    <p class='ocr_par' dir='ltr' id='par_1_88' title="bbox 2215 2848 3800 2928">
     <span class='ocr_line' id='line_1_88' title="bbox 2215 2848 3800 2928; baseline 0.006 -27"><span class='ocrx_word' id='word_1_719' title='bbox 2215 2864 2311 2918; x_wconf 91' lang='lat' dir='ltr'><strong>pro</strong></span> <span class='ocrx_word' id='word_1_720' title='bbox 2340 2848 2508 2902; x_wconf 90' lang='lat' dir='ltr'><strong>tribus</strong></span> <span class='ocrx_word' id='word_1_721' title='bbox 2531 2850 2685 2902; x_wconf 90' lang='lat' dir='ltr'><strong>annis</strong></span> <span class='ocrx_word' id='word_1_722' title='bbox 2712 2850 2852 2904; x_wconf 89' lang='lat' dir='ltr'><strong>bono</strong></span> <span class='ocrx_word' id='word_1_723' title='bbox 2890 2859 2943 2905; x_wconf 90' lang='lat' dir='ltr'><strong>et</strong></span> <span class='ocrx_word' id='word_1_724' title='bbox 2987 2850 3173 2905; x_wconf 84' lang='lat' dir='ltr'><strong>ﬁdenti</strong></span> <span class='ocrx_word' id='word_1_725' title='bbox 3217 2854 3348 2907; x_wconf 90' lang='lat' dir='ltr'><strong>estis</strong></span> <span class='ocrx_word' id='word_1_726' title='bbox 3396 2856 3602 2909; x_wconf 87' lang='lat' dir='ltr'><strong>animo</strong></span> <span class='ocrx_word' id='word_1_727' title='bbox 3632 2898 3648 2921; x_wconf 91' lang='lat'><strong>,</strong></span> <span class='ocrx_word' id='word_1_728' title='bbox 3698 2875 3800 2928; x_wconf 83' lang='lat' dir='ltr'><strong>pro-</strong></span> 
     </span>
    </p>
   </div>
   <div class='ocr_carea' id='block_1_89' title="bbox 2216 2939 3801 3010">
    <p class='ocr_par' dir='ltr' id='par_1_89' title="bbox 2216 2939 3801 3010">
     <span class='ocr_line' id='line_1_89' title="bbox 2216 2939 3801 3010; baseline 0.007 -17"><span class='ocrx_word' id='word_1_729' title='bbox 2216 2951 2395 3010; x_wconf 91' lang='lat' dir='ltr'><strong>pterea</strong></span> <span class='ocrx_word' id='word_1_730' title='bbox 2421 2939 2580 2993; x_wconf 90' lang='lat' dir='ltr'><strong>aditis</strong></span> <span class='ocrx_word' id='word_1_731' title='bbox 2606 2940 2839 3009; x_wconf 88' lang='lat' dir='ltr'><strong>pericula</strong></span> <span class='ocrx_word' id='word_1_732' title='bbox 2858 2980 2874 3005; x_wconf 94' lang='lat'><strong>,</strong></span> <span class='ocrx_word' id='word_1_733' title='bbox 2903 2942 3134 2997; x_wconf 87' lang='lat' dir='ltr'><strong>scientes</strong></span> <span class='ocrx_word' id='word_1_734' title='bbox 3162 2958 3258 2998; x_wconf 91' lang='lat' dir='ltr'><strong>vos</strong></span> <span class='ocrx_word' id='word_1_735' title='bbox 3294 2955 3462 2999; x_wconf 87' lang='lat' dir='ltr'><strong>antea</strong></span> <span class='ocrx_word' id='word_1_736' title='bbox 3516 2950 3666 3002; x_wconf 88' lang='lat' dir='ltr'><strong>mori</strong></span> <span class='ocrx_word' id='word_1_737' title='bbox 3711 2966 3801 3004; x_wconf 76' lang='lat' dir='ltr'><strong>non</strong></span> 
     </span>
    </p>
   </div>
   <div class='ocr_carea' id='block_1_90' title="bbox 2214 3032 3799 3110">
    <p class='ocr_par' dir='ltr' id='par_1_90' title="bbox 2214 3032 3799 3110">
     <span class='ocr_line' id='line_1_90' title="bbox 2214 3032 3799 3110; baseline 0.008 -25"><span class='ocrx_word' id='word_1_738' title='bbox 2214 3047 2391 3102; x_wconf 86' lang='lat' dir='ltr'><strong>posse.</strong></span> <span class='ocrx_word' id='word_1_739' title='bbox 2419 3032 2517 3098; x_wconf 91' lang='lat' dir='ltr'><strong>Qui</strong></span> <span class='ocrx_word' id='word_1_740' title='bbox 2548 3032 2690 3085; x_wconf 91' lang='lat' dir='ltr'><strong>enim</strong></span> <span class='ocrx_word' id='word_1_741' title='bbox 2711 3042 2983 3101; x_wconf 88' lang='lat' dir='ltr'><strong>exspectat</strong></span> <span class='ocrx_word' id='word_1_742' title='bbox 3012 3035 3127 3089; x_wconf 82' lang='lat' dir='ltr'><strong>fore</strong></span> <span class='ocrx_word' id='word_1_743' title='bbox 3154 3045 3210 3089; x_wconf 91' lang='lat' dir='ltr'><strong>ut</strong></span> <span class='ocrx_word' id='word_1_744' title='bbox 3233 3051 3297 3090; x_wconf 81' lang='lat' dir='ltr'><strong>ex</strong></span> <span class='ocrx_word' id='word_1_745' title='bbox 3324 3041 3534 3106; x_wconf 89' lang='lat' dir='ltr'><strong>quovis</strong></span> <span class='ocrx_word' id='word_1_746' title='bbox 3568 3043 3799 3110; x_wconf 76' lang='lat' dir='ltr'><strong>periculo</strong></span> 
     </span>
    </p>
   </div>
   <div class='ocr_carea' id='block_1_91' title="bbox 2214 3124 3797 3204">
    <p class='ocr_par' dir='ltr' id='par_1_91' title="bbox 2214 3124 3797 3204">
     <span class='ocr_line' id='line_1_91' title="bbox 2214 3124 3797 3204; baseline 0.007 -27"><span class='ocrx_word' id='word_1_747' title='bbox 2214 3125 2490 3189; x_wconf 90' lang='lat' dir='ltr'><strong>moriatur,</strong></span> <span class='ocrx_word' id='word_1_748' title='bbox 2523 3131 2578 3178; x_wconf 92' lang='lat' dir='ltr'><strong>et</strong></span> <span class='ocrx_word' id='word_1_749' title='bbox 2606 3124 2706 3177; x_wconf 90' lang='lat' dir='ltr'><strong>scit</strong></span> <span class='ocrx_word' id='word_1_750' title='bbox 2745 3124 2859 3180; x_wconf 78' lang='lat' dir='ltr'><strong>fore</strong></span> <span class='ocrx_word' id='word_1_751' title='bbox 2898 3125 3111 3195; x_wconf 89' lang='lat' dir='ltr'><strong>quidem</strong></span> <span class='ocrx_word' id='word_1_752' title='bbox 3141 3138 3196 3181; x_wconf 93' lang='lat' dir='ltr'><strong>ut</strong></span> <span class='ocrx_word' id='word_1_753' title='bbox 3225 3129 3408 3196; x_wconf 88' lang='lat' dir='ltr'><strong>vivat,</strong></span> <span class='ocrx_word' id='word_1_754' title='bbox 3443 3132 3497 3184; x_wconf 88' lang='lat' dir='ltr'><strong>si</strong></span> <span class='ocrx_word' id='word_1_755' title='bbox 3528 3148 3644 3188; x_wconf 87' lang='lat' dir='ltr'><strong>non</strong></span> <span class='ocrx_word' id='word_1_756' title='bbox 3678 3150 3797 3204; x_wconf 72' lang='lat' dir='ltr'><strong>pr:-</strong></span> 
     </span>
    </p>
   </div>
   <div class='ocr_carea' id='block_1_92' title="bbox 2211 3217 3797 3288">
    <p class='ocr_par' dir='ltr' id='par_1_92' title="bbox 2211 3217 3797 3288">
     <span class='ocr_line' id='line_1_92' title="bbox 2211 3217 3797 3288; baseline 0.005 -15"><span class='ocrx_word' id='word_1_757' title='bbox 2211 3234 2341 3288; x_wconf 88' lang='lat' dir='ltr'><strong>ceps</strong></span> <span class='ocrx_word' id='word_1_758' title='bbox 2379 3227 2435 3273; x_wconf 90' lang='lat' dir='ltr'><strong>et</strong></span> <span class='ocrx_word' id='word_1_759' title='bbox 2474 3217 2817 3273; x_wconf 89' lang='lat' dir='ltr'><strong>temerarium</strong></span> <span class='ocrx_word' id='word_1_760' title='bbox 2845 3219 3020 3288; x_wconf 87' lang='lat' dir='ltr'><strong>capiat</strong></span> <span class='ocrx_word' id='word_1_761' title='bbox 3063 3220 3391 3286; x_wconf 86' lang='lat' dir='ltr'><strong>consilium;</strong></span> <span class='ocrx_word' id='word_1_762' title='bbox 3437 3232 3505 3277; x_wconf 89' lang='lat' dir='ltr'><strong>ut</strong></span> <span class='ocrx_word' id='word_1_763' title='bbox 3550 3227 3797 3280; x_wconf 81' lang='lat' dir='ltr'><strong>moriatur</strong></span> 
     </span>
    </p>
   </div>
   <div class='ocr_carea' id='block_1_93' title="bbox 2209 3310 3799 3383">
    <p class='ocr_par' dir='ltr' id='par_1_93' title="bbox 2209 3310 3799 3383">
     <span class='ocr_line' id='line_1_93' title="bbox 2209 3310 3799 3383; baseline 0.004 -18"><span class='ocrx_word' id='word_1_764' title='bbox 2209 3320 2409 3375; x_wconf 89' lang='lat' dir='ltr'><strong>autem,</strong></span> <span class='ocrx_word' id='word_1_765' title='bbox 2436 3310 2480 3365; x_wconf 90' lang='lat' dir='ltr'><strong>si</strong></span> <span class='ocrx_word' id='word_1_766' title='bbox 2505 3326 2567 3365; x_wconf 88' lang='lat' dir='ltr'><strong>ea</strong></span> <span class='ocrx_word' id='word_1_767' title='bbox 2600 3320 2798 3366; x_wconf 88' lang='lat' dir='ltr'><strong>temere</strong></span> <span class='ocrx_word' id='word_1_768' title='bbox 2824 3320 2875 3366; x_wconf 91' lang='lat' dir='ltr'><strong>et</strong></span> <span class='ocrx_word' id='word_1_769' title='bbox 2924 3311 3186 3366; x_wconf 89' lang='lat' dir='ltr'><strong>audenter</strong></span> <span class='ocrx_word' id='word_1_770' title='bbox 3212 3314 3570 3383; x_wconf 76' lang='lat' dir='ltr'><strong>aggrediatur</strong></span> <span class='ocrx_word' id='word_1_771' title='bbox 3592 3357 3613 3382; x_wconf 90' lang='lat'><strong>,</strong></span> <span class='ocrx_word' id='word_1_772' title='bbox 3647 3321 3799 3371; x_wconf 80' lang='lat' dir='ltr'><strong>maxi-</strong></span> 
     </span>
    </p>
   </div>
   <div class='ocr_carea' id='block_1_94' title="bbox 2213 3401 3792 3479">
    <p class='ocr_par' dir='ltr' id='par_1_94' title="bbox 2213 3401 3792 3479">
     <span class='ocr_line' id='line_1_94' title="bbox 2213 3401 3792 3479; baseline 0.005 -23"><span class='ocrx_word' id='word_1_773' title='bbox 2213 3419 2357 3456; x_wconf 89' lang='lat' dir='ltr'><strong>mum</strong></span> <span class='ocrx_word' id='word_1_774' title='bbox 2388 3401 2612 3472; x_wconf 91' lang='lat' dir='ltr'><strong>protulit</strong></span> <span class='ocrx_word' id='word_1_775' title='bbox 2640 3402 2890 3457; x_wconf 88' lang='lat' dir='ltr'><strong>indicium</strong></span> <span class='ocrx_word' id='word_1_776' title='bbox 2919 3403 3083 3457; x_wconf 89' lang='lat' dir='ltr'><strong>animi</strong></span> <span class='ocrx_word' id='word_1_777' title='bbox 3109 3404 3190 3457; x_wconf 91' lang='lat' dir='ltr'><strong>sui</strong></span> <span class='ocrx_word' id='word_1_778' title='bbox 3218 3405 3549 3472; x_wconf 87' lang='lat' dir='ltr'><strong>alacritatis,</strong></span> <span class='ocrx_word' id='word_1_779' title='bbox 3580 3418 3641 3462; x_wconf 90' lang='lat' dir='ltr'><strong>et</strong></span> <span class='ocrx_word' id='word_1_780' title='bbox 3665 3412 3792 3479; x_wconf 80' lang='lat' dir='ltr'><strong>quod</strong></span> 
     </span>
    </p>
   </div>
   <div class='ocr_carea' id='block_1_95' title="bbox 2214 3493 3798 3563">
    <p class='ocr_par' dir='ltr' id='par_1_95' title="bbox 2214 3493 3798 3563">
     <span class='ocr_line' id='line_1_95' title="bbox 2214 3493 3798 3563; baseline 0.005 -16"><span class='ocrx_word' id='word_1_781' title='bbox 2214 3494 2350 3548; x_wconf 91' lang='lat' dir='ltr'><strong>hanc</strong></span> <span class='ocrx_word' id='word_1_782' title='bbox 2391 3494 2551 3547; x_wconf 89' lang='lat' dir='ltr'><strong>vitam</strong></span> <span class='ocrx_word' id='word_1_783' title='bbox 2575 3493 2854 3563; x_wconf 85' lang='lat' dir='ltr'><strong>despiciat.</strong></span> <span class='ocrx_word' id='word_1_784' title='bbox 2886 3493 3142 3563; x_wconf 85' lang='lat' dir='ltr'><strong>Exemplo</strong></span> <span class='ocrx_word' id='word_1_785' title='bbox 3170 3506 3347 3550; x_wconf 87' lang='lat' dir='ltr'><strong>autem</strong></span> <span class='ocrx_word' id='word_1_786' title='bbox 3395 3496 3507 3554; x_wconf 87' lang='lat' dir='ltr'><strong>hoc</strong></span> <span class='ocrx_word' id='word_1_787' title='bbox 3536 3501 3694 3555; x_wconf 87' lang='lat' dir='ltr'><strong>vobis</strong></span> <span class='ocrx_word' id='word_1_788' title='bbox 3732 3503 3798 3555; x_wconf 57' lang='lat' dir='ltr'><strong>lac</strong></span> 
     </span>
    </p>
   </div>
   <div class='ocr_carea' id='block_1_96' title="bbox 2211 3584 3793 3663">
    <p class='ocr_par' dir='ltr' id='par_1_96' title="bbox 2211 3584 3793 3663">
     <span class='ocr_line' id='line_1_96' title="bbox 2211 3584 3793 3663; baseline 0.003 -23"><span class='ocrx_word' id='word_1_789' title='bbox 2211 3587 2349 3641; x_wconf 90' lang='lat' dir='ltr'><strong>ciam</strong></span> <span class='ocrx_word' id='word_1_790' title='bbox 2392 3586 2752 3663; x_wconf 68' lang='lat' dir='ltr'><strong>manifestum.</strong></span> <span class='ocrx_word' id='word_1_791' title='bbox 2786 3584 2844 3641; x_wconf 86' lang='lat' dir='ltr'><strong>Si</strong></span> <span class='ocrx_word' id='word_1_792' title='bbox 2872 3586 3169 3655; x_wconf 87' lang='lat' dir='ltr'><strong>patriarcha</strong></span> <span class='ocrx_word' id='word_1_793' title='bbox 3196 3588 3473 3643; x_wconf 83' lang='lat' dir='ltr'><strong>Abraham</strong></span> <span class='ocrx_word' id='word_1_794' title='bbox 3510 3597 3793 3661; x_wconf 61' lang='lat' dir='ltr'><strong>praescius</strong></span> 
     </span>
    </p>
   </div>
   <div class='ocr_carea' id='block_1_97' title="bbox 2215 3676 3789 3752">
    <p class='ocr_par' dir='ltr' id='par_1_97' title="bbox 2215 3676 3789 3752">
     <span class='ocr_line' id='line_1_97' title="bbox 2215 3676 3789 3752; baseline 0.006 -21"><span class='ocrx_word' id='word_1_795' title='bbox 2215 3678 2328 3733; x_wconf 80' lang='lat' dir='ltr'><strong>fore</strong></span> <span class='ocrx_word' id='word_1_796' title='bbox 2352 3687 2409 3732; x_wconf 93' lang='lat' dir='ltr'><strong>ut</strong></span> <span class='ocrx_word' id='word_1_797' title='bbox 2434 3677 2601 3731; x_wconf 88' lang='lat' dir='ltr'><strong>lilium</strong></span> <span class='ocrx_word' id='word_1_798' title='bbox 2646 3692 2750 3732; x_wconf 90' lang='lat' dir='ltr'><strong>non</strong></span> <span class='ocrx_word' id='word_1_799' title='bbox 2778 3676 3068 3741; x_wconf 88' lang='lat' dir='ltr'><strong>occideret,</strong></span> <span class='ocrx_word' id='word_1_800' title='bbox 3100 3696 3221 3733; x_wconf 90' lang='lat' dir='ltr'><strong>eum</strong></span> <span class='ocrx_word' id='word_1_801' title='bbox 3249 3696 3467 3735; x_wconf 86' lang='lat' dir='ltr'><strong>sursum</strong></span> <span class='ocrx_word' id='word_1_802' title='bbox 3518 3684 3789 3752; x_wconf 82' lang='lat' dir='ltr'><strong>duxisset,</strong></span> 
     </span>
    </p>
   </div>
   <div class='ocr_carea' id='block_1_98' title="bbox 2215 3770 3793 3842">
    <p class='ocr_par' dir='ltr' id='par_1_98' title="bbox 2215 3770 3793 3842">
     <span class='ocr_line' id='line_1_98' title="bbox 2215 3770 3793 3842; baseline 0.006 -18"><span class='ocrx_word' id='word_1_803' title='bbox 2215 3770 2554 3825; x_wconf 89' lang='lat' dir='ltr'><strong>habnissetne</strong></span> <span class='ocrx_word' id='word_1_804' title='bbox 2576 3771 2806 3842; x_wconf 88' lang='lat' dir='ltr'><strong>aliquam</strong></span> <span class='ocrx_word' id='word_1_805' title='bbox 2834 3771 3178 3827; x_wconf 83' lang='lat' dir='ltr'><strong>mercedem?</strong></span> <span class='ocrx_word' id='word_1_806' title='bbox 3201 3774 3335 3840; x_wconf 89' lang='lat' dir='ltr'><strong>Quid</strong></span> <span class='ocrx_word' id='word_1_807' title='bbox 3365 3791 3504 3830; x_wconf 88' lang='lat' dir='ltr'><strong>vero</strong></span> <span class='ocrx_word' id='word_1_808' title='bbox 3527 3818 3544 3842; x_wconf 95' lang='lat'><strong>,</strong></span> <span class='ocrx_word' id='word_1_809' title='bbox 3578 3781 3627 3833; x_wconf 87' lang='lat' dir='ltr'><strong>si</strong></span> <span class='ocrx_word' id='word_1_810' title='bbox 3671 3781 3793 3834; x_wconf 83' lang='lat' dir='ltr'><strong>Pau-</strong></span> 
     </span>
    </p>
   </div>
   <div class='ocr_carea' id='block_1_99' title="bbox 2215 3861 3788 3939">
    <p class='ocr_par' dir='ltr' id='par_1_99' title="bbox 2215 3861 3788 3939">
     <span class='ocr_line' id='line_1_99' title="bbox 2215 3861 3788 3939; baseline 0.006 -24"><span class='ocrx_word' id='word_1_811' title='bbox 2215 3861 2319 3927; x_wconf 86' lang='lat' dir='ltr'><strong>lus,</strong></span> <span class='ocrx_word' id='word_1_812' title='bbox 2342 3877 2461 3917; x_wconf 87' lang='lat' dir='ltr'><strong>cum</strong></span> <span class='ocrx_word' id='word_1_813' title='bbox 2486 3862 2843 3931; x_wconf 75' lang='lat' dir='ltr'><strong>przeseivisset</strong></span> <span class='ocrx_word' id='word_1_814' title='bbox 2863 3862 2975 3918; x_wconf 82' lang='lat' dir='ltr'><strong>fore</strong></span> <span class='ocrx_word' id='word_1_815' title='bbox 2998 3875 3052 3917; x_wconf 90' lang='lat' dir='ltr'><strong>ut</strong></span> <span class='ocrx_word' id='word_1_816' title='bbox 3076 3880 3177 3919; x_wconf 91' lang='lat' dir='ltr'><strong>non</strong></span> <span class='ocrx_word' id='word_1_817' title='bbox 3202 3877 3532 3934; x_wconf 87' lang='lat' dir='ltr'><strong>moreretur,</strong></span> <span class='ocrx_word' id='word_1_818' title='bbox 3562 3872 3788 3939; x_wconf 79' lang='lat' dir='ltr'><strong>pericula</strong></span> 
     </span>
    </p>
   </div>
   <div class='ocr_carea' id='block_1_100' title="bbox 2215 3952 3789 4023">
    <p class='ocr_par' dir='ltr' id='par_1_100' title="bbox 2215 3952 3789 4023">
     <span class='ocr_line' id='line_1_100' title="bbox 2215 3952 3789 4023; baseline 0.006 -17"><span class='ocrx_word' id='word_1_819' title='bbox 2215 3952 2549 4022; x_wconf 77' lang='lat' dir='ltr'><strong>despexisset</strong></span> <span class='ocrx_word' id='word_1_820' title='bbox 2568 3994 2586 4021; x_wconf 94' lang='lat'><strong>,</strong></span> <span class='ocrx_word' id='word_1_821' title='bbox 2614 3968 2843 4023; x_wconf 86' lang='lat' dir='ltr'><strong>quonam</strong></span> <span class='ocrx_word' id='word_1_822' title='bbox 2873 3956 3032 4009; x_wconf 90' lang='lat' dir='ltr'><strong>modo</strong></span> <span class='ocrx_word' id='word_1_823' title='bbox 3060 3954 3247 4010; x_wconf 80' lang='lat' dir='ltr'><strong>fuisset</strong></span> <span class='ocrx_word' id='word_1_824' title='bbox 3276 3959 3639 4013; x_wconf 83' lang='lat' dir='ltr'><strong>admirandus</strong></span> <span class='ocrx_word' id='word_1_825' title='bbox 3663 3961 3687 4013; x_wconf 88' lang='lat'>?</span> <span class='ocrx_word' id='word_1_826' title='bbox 3711 3961 3789 4016; x_wconf 68' lang='lat' dir='ltr'><strong>Sic</strong></span> 
     </span>
    </p>
   </div>
   <div class='ocr_carea' id='block_1_101' title="bbox 2214 4042 3787 4117">
    <p class='ocr_par' dir='ltr' id='par_1_101' title="bbox 2214 4042 3787 4117">
     <span class='ocr_line' id='line_1_101' title="bbox 2214 4042 3787 4117; baseline 0.007 -22"><span class='ocrx_word' id='word_1_827' title='bbox 2214 4042 2355 4096; x_wconf 89' lang='lat' dir='ltr'><strong>enim</strong></span> <span class='ocrx_word' id='word_1_828' title='bbox 2382 4043 2466 4097; x_wconf 89' lang='lat' dir='ltr'><strong>vel</strong></span> <span class='ocrx_word' id='word_1_829' title='bbox 2496 4043 2866 4113; x_wconf 82' lang='lat' dir='ltr'><strong>ignavissimus</strong></span> <span class='ocrx_word' id='word_1_830' title='bbox 2894 4045 2944 4098; x_wconf 92' lang='lat' dir='ltr'><strong>in</strong></span> <span class='ocrx_word' id='word_1_831' title='bbox 2980 4045 3153 4115; x_wconf 81' lang='lat' dir='ltr'><strong>ignem</strong></span> <span class='ocrx_word' id='word_1_832' title='bbox 3176 4047 3457 4113; x_wconf 90' lang='lat' dir='ltr'><strong>desilierit,</strong></span> <span class='ocrx_word' id='word_1_833' title='bbox 3491 4052 3539 4103; x_wconf 90' lang='lat' dir='ltr'><strong>si</strong></span> <span class='ocrx_word' id='word_1_834' title='bbox 3565 4053 3787 4117; x_wconf 80' lang='lat' dir='ltr'><strong>aliquem</strong></span> 
     </span>
    </p>
   </div>
   <div class='ocr_carea' id='block_1_102' title="bbox 2215 4133 3793 4209">
    <p class='ocr_par' dir='ltr' id='par_1_102' title="bbox 2215 4133 3793 4209">
     <span class='ocr_line' id='line_1_102' title="bbox 2215 4133 3793 4209; baseline 0.004 -20"><span class='ocrx_word' id='word_1_835' title='bbox 2215 4136 2317 4191; x_wconf 91' lang='lat' dir='ltr'><strong>lide</strong></span> <span class='ocrx_word' id='word_1_836' title='bbox 2341 4133 2558 4202; x_wconf 81' lang='lat' dir='ltr'><strong>dignum</strong></span> <span class='ocrx_word' id='word_1_837' title='bbox 2607 4136 2824 4192; x_wconf 90' lang='lat' dir='ltr'><strong>haberet</strong></span> <span class='ocrx_word' id='word_1_838' title='bbox 2865 4151 3177 4207; x_wconf 81' lang='lat' dir='ltr'><strong>Spousorem</strong></span> <span class='ocrx_word' id='word_1_839' title='bbox 3203 4140 3341 4209; x_wconf 90' lang='lat' dir='ltr'><strong>quod</strong></span> <span class='ocrx_word' id='word_1_840' title='bbox 3381 4150 3534 4197; x_wconf 88' lang='lat' dir='ltr'><strong>tutus</strong></span> <span class='ocrx_word' id='word_1_841' title='bbox 3557 4146 3632 4197; x_wconf 89' lang='lat' dir='ltr'><strong>sit</strong></span> <span class='ocrx_word' id='word_1_842' title='bbox 3661 4146 3793 4198; x_wconf 80' lang='lat' dir='ltr'><strong>lutu-</strong></span> 
     </span>
    </p>
   </div>
   <div class='ocr_carea' id='block_1_103' title="bbox 2215 4226 3792 4304">
    <p class='ocr_par' dir='ltr' id='par_1_103' title="bbox 2215 4226 3792 4304">
     <span class='ocr_line' id='line_1_103' title="bbox 2215 4226 3792 4304; baseline 0.003 -23"><span class='ocrx_word' id='word_1_843' title='bbox 2215 4242 2326 4281; x_wconf 90' lang='lat' dir='ltr'><strong>rus.</strong></span> <span class='ocrx_word' id='word_1_844' title='bbox 2354 4226 2457 4281; x_wconf 90' lang='lat' dir='ltr'><strong>Sed</strong></span> <span class='ocrx_word' id='word_1_845' title='bbox 2500 4238 2606 4282; x_wconf 83' lang='lat' dir='ltr'><strong>tres</strong></span> <span class='ocrx_word' id='word_1_846' title='bbox 2648 4229 2795 4298; x_wconf 90' lang='lat' dir='ltr'><strong>pueri</strong></span> <span class='ocrx_word' id='word_1_847' title='bbox 2822 4246 2926 4282; x_wconf 88' lang='lat' dir='ltr'><strong>non</strong></span> <span class='ocrx_word' id='word_1_848' title='bbox 2953 4239 3075 4283; x_wconf 90' lang='lat' dir='ltr'><strong>sunt</strong></span> <span class='ocrx_word' id='word_1_849' title='bbox 3098 4231 3380 4299; x_wconf 88' lang='lat' dir='ltr'><strong>ejusmodi,</strong></span> <span class='ocrx_word' id='word_1_850' title='bbox 3412 4248 3607 4287; x_wconf 82' lang='lat' dir='ltr'><strong>verum</strong></span> <span class='ocrx_word' id='word_1_851' title='bbox 3631 4236 3792 4304; x_wconf 80' lang='lat' dir='ltr'><strong>quid?</strong></span> 
     </span>
    </p>
   </div>
   <div class='ocr_carea' id='block_1_104' title="bbox 2215 4319 3789 4394">
    <p class='ocr_par' dir='ltr' id='par_1_104' title="bbox 2215 4319 3789 4394">
     <span class='ocr_line' id='line_1_104' title="bbox 2215 4319 3789 4394; baseline 0.004 -20"><span class='ocrx_word' id='word_1_852' title='bbox 2215 4319 2351 4374; x_wconf 82' lang='lat' dir='ltr'><strong>Audi</strong></span> <span class='ocrx_word' id='word_1_853' title='bbox 2377 4335 2469 4373; x_wconf 90' lang='lat' dir='ltr'><strong>eos</strong></span> <span class='ocrx_word' id='word_1_854' title='bbox 2494 4319 2767 4374; x_wconf 86' lang='lat' dir='ltr'><strong>dicentes:</strong></span> <span class='ocrx_word' id='word_1_855' title='bbox 2803 4320 2935 4389; x_wconf 76' lang='lat' dir='ltr'><strong>Rex,</strong></span> <span class='ocrx_word' id='word_1_856' title='bbox 2965 4331 3040 4375; x_wconf 82' lang='lat' dir='ltr'><strong>est</strong></span> <span class='ocrx_word' id='word_1_857' title='bbox 3067 4320 3201 4375; x_wconf 83' lang='lat' dir='ltr'><strong>Deus</strong></span> <span class='ocrx_word' id='word_1_858' title='bbox 3229 4323 3281 4375; x_wconf 90' lang='lat' dir='ltr'><strong>in</strong></span> <span class='ocrx_word' id='word_1_859' title='bbox 3308 4325 3433 4377; x_wconf 74' lang='lat' dir='ltr'><strong>ctelo</strong></span> <span class='ocrx_word' id='word_1_860' title='bbox 3460 4326 3555 4394; x_wconf 82' lang='lat' dir='ltr'><strong>qui</strong></span> <span class='ocrx_word' id='word_1_861' title='bbox 3581 4343 3675 4381; x_wconf 74' lang='lat' dir='ltr'><strong>nos</strong></span> <span class='ocrx_word' id='word_1_862' title='bbox 3696 4327 3789 4381; x_wconf 48' lang='lat' dir='ltr'><strong>eti.</strong></span> 
     </span>
    </p>
   </div>
   <div class='ocr_carea' id='block_1_105' title="bbox 2217 4410 3788 4483">
    <p class='ocr_par' dir='ltr' id='par_1_105' title="bbox 2217 4410 3788 4483">
     <span class='ocr_line' id='line_1_105' title="bbox 2217 4410 3788 4483; baseline 0.006 -21"><span class='ocrx_word' id='word_1_863' title='bbox 2217 4411 2316 4479; x_wconf 80' lang='lat' dir='ltr'><strong>piet</strong></span> <span class='ocrx_word' id='word_1_864' title='bbox 2344 4426 2371 4464; x_wconf 78' lang='grc' dir='ltr'><em>ε</em></span> <span class='ocrx_word' id='word_1_865' title='bbox 2408 4410 2635 4463; x_wconf 86' lang='lat' dir='ltr'><strong>manibus</strong></span> <span class='ocrx_word' id='word_1_866' title='bbox 2665 4410 2763 4464; x_wconf 87' lang='lat' dir='ltr'><strong>tuis</strong></span> <span class='ocrx_word' id='word_1_867' title='bbox 2782 4452 2796 4475; x_wconf 92' lang='lat'><strong>,</strong></span> <span class='ocrx_word' id='word_1_868' title='bbox 2828 4422 2875 4465; x_wconf 87' lang='lat' dir='ltr'><strong>et</strong></span> <span class='ocrx_word' id='word_1_869' title='bbox 2902 4428 2967 4465; x_wconf 79' lang='lat' dir='ltr'><strong>ea:</strong></span> <span class='ocrx_word' id='word_1_870' title='bbox 3004 4412 3099 4465; x_wconf 78' lang='lat' dir='ltr'><strong>hac</strong></span> <span class='ocrx_word' id='word_1_871' title='bbox 3124 4415 3347 4483; x_wconf 75' lang='lat' dir='ltr'><strong>fornace.</strong></span> <span class='ocrx_word' id='word_1_872' title='bbox 3396 4417 3554 4480; x_wconf 74' lang='lat' dir='ltr'><strong>Quod</strong></span> <span class='ocrx_word' id='word_1_873' title='bbox 3584 4420 3633 4471; x_wconf 81' lang='lat' dir='ltr'><strong>si</strong></span> <span class='ocrx_word' id='word_1_874' title='bbox 3661 4434 3788 4483; x_wconf 72' lang='lat' dir='ltr'><strong>non,</strong></span> 
     </span>
    </p>
   </div>
   <div class='ocr_carea' id='block_1_106' title="bbox 2217 4502 3791 4570">
    <p class='ocr_par' dir='ltr' id='par_1_106' title="bbox 2217 4502 3791 4570">
     <span class='ocr_line' id='line_1_106' title="bbox 2217 4502 3791 4570; baseline 0.005 -15"><span class='ocrx_word' id='word_1_875' title='bbox 2217 4502 2304 4556; x_wconf 86' lang='lat' dir='ltr'><strong>tibi</strong></span> <span class='ocrx_word' id='word_1_876' title='bbox 2333 4511 2504 4555; x_wconf 80' lang='lat' dir='ltr'><strong>notion</strong></span> <span class='ocrx_word' id='word_1_877' title='bbox 2530 4502 2594 4555; x_wconf 88' lang='lat' dir='ltr'><strong>sit</strong></span> <span class='ocrx_word' id='word_1_878' title='bbox 2622 4502 2756 4570; x_wconf 84' lang='lat' dir='ltr'><strong>quod</strong></span> <span class='ocrx_word' id='word_1_879' title='bbox 2785 4503 2883 4556; x_wconf 86' lang='lat' dir='ltr'><strong>diis</strong></span> <span class='ocrx_word' id='word_1_880' title='bbox 2905 4503 3003 4557; x_wconf 78' lang='lat' dir='ltr'><strong>tuis</strong></span> <span class='ocrx_word' id='word_1_881' title='bbox 3030 4520 3133 4557; x_wconf 84' lang='lat' dir='ltr'><strong>non</strong></span> <span class='ocrx_word' id='word_1_882' title='bbox 3157 4506 3427 4559; x_wconf 78' lang='lat' dir='ltr'><strong>serviemus</strong></span> <span class='ocrx_word' id='word_1_883' title='bbox 3448 4546 3466 4570; x_wconf 91' lang='lat'><strong>,</strong></span> <span class='ocrx_word' id='word_1_884' title='bbox 3512 4517 3561 4562; x_wconf 85' lang='lat' dir='ltr'><strong>et</strong></span> <span class='ocrx_word' id='word_1_885' title='bbox 3589 4524 3791 4563; x_wconf 61' lang='lat' dir='ltr'><strong>auream</strong></span> 
     </span>
    </p>
   </div>
   <div class='ocr_carea' id='block_1_107' title="bbox 2216 4593 3787 4668">
    <p class='ocr_par' dir='ltr' id='par_1_107' title="bbox 2216 4593 3787 4668">
     <span class='ocr_line' id='line_1_107' title="bbox 2216 4593 3787 4668; baseline 0.004 -23"><span class='ocrx_word' id='word_1_886' title='bbox 2216 4603 2455 4658; x_wconf 87' lang='lat' dir='ltr'><strong>statuam,</strong></span> <span class='ocrx_word' id='word_1_887' title='bbox 2486 4610 2636 4662; x_wconf 87' lang='lat' dir='ltr'><strong>quant</strong></span> <span class='ocrx_word' id='word_1_888' title='bbox 2664 4593 2904 4661; x_wconf 84' lang='lat' dir='ltr'><strong>statuisti,</strong></span> <span class='ocrx_word' id='word_1_889' title='bbox 2936 4610 3036 4647; x_wconf 88' lang='lat' dir='ltr'><strong>non</strong></span> <span class='ocrx_word' id='word_1_890' title='bbox 3062 4596 3384 4649; x_wconf 79' lang='lat' dir='ltr'><strong>adorabintus</strong></span> <span class='ocrx_word' id='word_1_891' title='bbox 3410 4595 3585 4668; x_wconf 77' lang='lat' dir='ltr'><strong>(Dan.</strong></span> <span class='ocrx_word' id='word_1_892' title='bbox 3620 4600 3677 4653; x_wconf 82' lang='lat'><strong>5.</strong></span> <span class='ocrx_word' id='word_1_893' title='bbox 3710 4602 3787 4655; x_wconf 73' lang='lat' dir='ltr'><strong>i7.</strong></span> 
     </span>
    </p>
   </div>
   <div class='ocr_carea' id='block_1_108' title="bbox 2218 4685 3789 4758">
    <p class='ocr_par' dir='ltr' id='par_1_108' title="bbox 2218 4685 3789 4758">
     <span class='ocr_line' id='line_1_108' title="bbox 2218 4685 3789 4758; baseline 0.002 -16"><span class='ocrx_word' id='word_1_894' title='bbox 2218 4688 2329 4755; x_wconf 77' lang='grc'><strong>18).</strong></span> <span class='ocrx_word' id='word_1_895' title='bbox 2365 4685 2551 4742; x_wconf 88' lang='lat' dir='ltr'><strong>Videte</strong></span> <span class='ocrx_word' id='word_1_896' title='bbox 2579 4702 2735 4755; x_wconf 89' lang='lat' dir='ltr'><strong>quam</strong></span> <span class='ocrx_word' id='word_1_897' title='bbox 2764 4687 2928 4740; x_wconf 88' lang='lat' dir='ltr'><strong>multa</strong></span> <span class='ocrx_word' id='word_1_898' title='bbox 2968 4688 3075 4741; x_wconf 89' lang='lat' dir='ltr'><strong>sint</strong></span> <span class='ocrx_word' id='word_1_899' title='bbox 3107 4687 3273 4751; x_wconf 89' lang='lat' dir='ltr'><strong>lucra,</strong></span> <span class='ocrx_word' id='word_1_900' title='bbox 3304 4699 3358 4742; x_wconf 91' lang='lat' dir='ltr'><strong>et</strong></span> <span class='ocrx_word' id='word_1_901' title='bbox 3388 4689 3471 4741; x_wconf 86' lang='lat' dir='ltr'><strong>his</strong></span> <span class='ocrx_word' id='word_1_902' title='bbox 3506 4691 3667 4758; x_wconf 83' lang='lat' dir='ltr'><strong>plura</strong></span> <span class='ocrx_word' id='word_1_903' title='bbox 3688 4732 3704 4753; x_wconf 87' lang='lat'><strong>,</strong></span> <span class='ocrx_word' id='word_1_904' title='bbox 3732 4709 3789 4745; x_wconf 80' lang='lat' dir='ltr'><strong>ex</strong></span> 
     </span>
    </p>
   </div>
   <div class='ocr_carea' id='block_1_109' title="bbox 2218 4777 3790 4846">
    <p class='ocr_par' dir='ltr' id='par_1_109' title="bbox 2218 4777 3790 4846">
     <span class='ocr_line' id='line_1_109' title="bbox 2218 4777 3790 4846; baseline 0.001 -15"><span class='ocrx_word' id='word_1_905' title='bbox 2218 4794 2283 4831; x_wconf 87' lang='lat' dir='ltr'><strong>eo</strong></span> <span class='ocrx_word' id='word_1_906' title='bbox 2309 4777 2451 4846; x_wconf 90' lang='lat' dir='ltr'><strong>quod</strong></span> <span class='ocrx_word' id='word_1_907' title='bbox 2496 4778 2765 4846; x_wconf 85' lang='lat' dir='ltr'><strong>ignoretur</strong></span> <span class='ocrx_word' id='word_1_908' title='bbox 2792 4778 3045 4833; x_wconf 89' lang='lat' dir='ltr'><strong>decessus</strong></span> <span class='ocrx_word' id='word_1_909' title='bbox 3066 4778 3089 4829; x_wconf 82' lang='lat'><strong>?</strong></span> <span class='ocrx_word' id='word_1_910' title='bbox 3114 4779 3326 4833; x_wconf 89' lang='lat' dir='ltr'><strong>Interim</strong></span> <span class='ocrx_word' id='word_1_911' title='bbox 3368 4789 3554 4833; x_wconf 88' lang='lat' dir='ltr'><strong>autem</strong></span> <span class='ocrx_word' id='word_1_912' title='bbox 3599 4782 3790 4835; x_wconf 67' lang='lat' dir='ltr'><strong>sufﬁt-it</strong></span> 
     </span>
    </p>
   </div>
   <div class='ocr_carea' id='block_1_110' title="bbox 2220 4868 3792 4940">
    <p class='ocr_par' dir='ltr' id='par_1_110' title="bbox 2220 4868 3792 4940">
     <span class='ocr_line' id='line_1_110' title="bbox 2220 4868 3792 4940; baseline -0.001 -16"><span class='ocrx_word' id='word_1_913' title='bbox 2220 4869 2334 4924; x_wconf 77' lang='lat' dir='ltr'><strong>lucc</strong></span> <span class='ocrx_word' id='word_1_914' title='bbox 2361 4868 2628 4923; x_wconf 88' lang='lat' dir='ltr'><strong>didicisse.</strong></span> <span class='ocrx_word' id='word_1_915' title='bbox 2660 4869 2952 4940; x_wconf 86' lang='lat' dir='ltr'><strong>Propterea</strong></span> <span class='ocrx_word' id='word_1_916' title='bbox 2993 4882 3255 4940; x_wconf 89' lang='lat' dir='ltr'><strong>tamquam</strong></span> <span class='ocrx_word' id='word_1_917' title='bbox 3289 4870 3374 4923; x_wconf 80' lang='lat' dir='ltr'><strong>fur</strong></span> <span class='ocrx_word' id='word_1_918' title='bbox 3396 4911 3412 4936; x_wconf 93' lang='lat'><strong>,</strong></span> <span class='ocrx_word' id='word_1_919' title='bbox 3457 4874 3543 4927; x_wconf 88' lang='lat' dir='ltr'><strong>sic</strong></span> <span class='ocrx_word' id='word_1_920' title='bbox 3571 4886 3716 4927; x_wconf 81' lang='lat' dir='ltr'><strong>venit</strong></span> <span class='ocrx_word' id='word_1_921' title='bbox 3748 4876 3792 4924; x_wconf 88' lang='lat' dir='ltr'><strong>in</strong></span> 
     </span>
    </p>
   </div>
   <div class='ocr_carea' id='block_1_111' title="bbox 2221 4961 3792 5032">
    <p class='ocr_par' dir='ltr' id='par_1_111' title="bbox 2221 4961 3792 5032">
     <span class='ocr_line' id='line_1_111' title="bbox 2221 4961 3792 5032; baseline 0.002 -17"><span class='ocrx_word' id='word_1_922' title='bbox 2221 4971 2395 5027; x_wconf 89' lang='lat' dir='ltr'><strong>nocte,</strong></span> <span class='ocrx_word' id='word_1_923' title='bbox 2428 4977 2495 5016; x_wconf 91' lang='lat' dir='ltr'><strong>ne</strong></span> <span class='ocrx_word' id='word_1_924' title='bbox 2523 4976 2620 5015; x_wconf 92' lang='lat' dir='ltr'><strong>nos</strong></span> <span class='ocrx_word' id='word_1_925' title='bbox 2661 4962 2714 5015; x_wconf 90' lang='lat' dir='ltr'><strong>in</strong></span> <span class='ocrx_word' id='word_1_926' title='bbox 2742 4961 2925 5016; x_wconf 89' lang='lat' dir='ltr'><strong>vitium</strong></span> <span class='ocrx_word' id='word_1_927' title='bbox 2955 4962 3247 5032; x_wconf 64' lang='lat' dir='ltr'><strong>prtecipites</strong></span> <span class='ocrx_word' id='word_1_928' title='bbox 3272 4963 3482 5027; x_wconf 86' lang='lat' dir='ltr'><strong>demus,</strong></span> <span class='ocrx_word' id='word_1_929' title='bbox 3518 4982 3589 5020; x_wconf 90' lang='lat' dir='ltr'><strong>ne</strong></span> <span class='ocrx_word' id='word_1_930' title='bbox 3617 4966 3672 5019; x_wconf 88' lang='lat' dir='ltr'><strong>in</strong></span> <span class='ocrx_word' id='word_1_931' title='bbox 3708 4982 3792 5018; x_wconf 80' lang='lat' dir='ltr'><strong>so-</strong></span> 
     </span>
    </p>
   </div>
   <div class='ocr_carea' id='block_1_112' title="bbox 2221 5052 3791 5124">
    <p class='ocr_par' dir='ltr' id='par_1_112' title="bbox 2221 5052 3791 5124">
     <span class='ocr_line' id='line_1_112' title="bbox 2221 5052 3791 5124; baseline 0.001 -18"><span class='ocrx_word' id='word_1_932' title='bbox 2221 5052 2486 5117; x_wconf 88' lang='lat' dir='ltr'><strong>cordiam,</strong></span> <span class='ocrx_word' id='word_1_933' title='bbox 2515 5068 2581 5106; x_wconf 90' lang='lat' dir='ltr'><strong>ne</strong></span> <span class='ocrx_word' id='word_1_934' title='bbox 2609 5067 2814 5108; x_wconf 88' lang='lat' dir='ltr'><strong>merces</strong></span> <span class='ocrx_word' id='word_1_935' title='bbox 2844 5052 2998 5107; x_wconf 84' lang='lat' dir='ltr'><strong>nobis</strong></span> <span class='ocrx_word' id='word_1_936' title='bbox 3026 5063 3349 5123; x_wconf 87' lang='lat' dir='ltr'><strong>amputetur.</strong></span> <span class='ocrx_word' id='word_1_937' title='bbox 3381 5052 3499 5124; x_wconf 78' lang='lat' dir='ltr'><strong>Ipsi</strong></span> <span class='ocrx_word' id='word_1_938' title='bbox 3529 5058 3684 5119; x_wconf 81' lang='lat' dir='ltr'><strong>enim,</strong></span> <span class='ocrx_word' id='word_1_939' title='bbox 3720 5058 3791 5109; x_wconf 79' lang='lat' dir='ltr'><strong>in-</strong></span> 
     </span>
    </p>
   </div>
   <div class='ocr_carea' id='block_1_113' title="bbox 2222 5145 3789 5214">
    <p class='ocr_par' dir='ltr' id='par_1_113' title="bbox 2222 5145 3789 5214">
     <span class='ocr_line' id='line_1_113' title="bbox 2222 5145 3789 5214; baseline 0.004 -18"><span class='ocrx_word' id='word_1_940' title='bbox 2222 5145 2357 5213; x_wconf 90' lang='lat' dir='ltr'><strong>quit,</strong></span> <span class='ocrx_word' id='word_1_941' title='bbox 2384 5153 2556 5198; x_wconf 72' lang='lat' dir='ltr'><strong>exacte</strong></span> <span class='ocrx_word' id='word_1_942' title='bbox 2583 5154 2630 5197; x_wconf 91' lang='lat' dir='ltr'><strong>et</strong></span> <span class='ocrx_word' id='word_1_943' title='bbox 2658 5156 2891 5198; x_wconf 87' lang='lat' dir='ltr'><strong>accurate</strong></span> <span class='ocrx_word' id='word_1_944' title='bbox 2918 5145 3072 5199; x_wconf 86' lang='lat' dir='ltr'><strong>scitis.</strong></span> <span class='ocrx_word' id='word_1_945' title='bbox 3097 5145 3231 5211; x_wconf 83' lang='lat' dir='ltr'><strong>Quid</strong></span> <span class='ocrx_word' id='word_1_946' title='bbox 3258 5161 3386 5214; x_wconf 81' lang='lat' dir='ltr'><strong>ergo</strong></span> <span class='ocrx_word' id='word_1_947' title='bbox 3409 5148 3629 5203; x_wconf 85' lang='lat' dir='ltr'><strong>curiose</strong></span> <span class='ocrx_word' id='word_1_948' title='bbox 3654 5164 3789 5202; x_wconf 76' lang='lat' dir='ltr'><strong>scru-</strong></span> 
     </span>
    </p>
   </div>
   <div class='ocr_carea' id='block_1_114' title="bbox 2226 5233 3789 5304">
    <p class='ocr_par' dir='ltr' id='par_1_114' title="bbox 2226 5233 3789 5304">
     <span class='ocr_line' id='line_1_114' title="bbox 2226 5233 3789 5304; baseline -0.001 -15"><span class='ocrx_word' id='word_1_949' title='bbox 2226 5234 2407 5289; x_wconf 83' lang='lat' dir='ltr'><strong>tamini</strong></span> <span class='ocrx_word' id='word_1_950' title='bbox 2427 5275 2443 5301; x_wconf 93' lang='lat'><strong>,</strong></span> <span class='ocrx_word' id='word_1_951' title='bbox 2472 5234 2515 5288; x_wconf 87' lang='lat' dir='ltr'><strong>si</strong></span> <span class='ocrx_word' id='word_1_952' title='bbox 2547 5233 2596 5287; x_wconf 92' lang='lat' dir='ltr'><strong>id</strong></span> <span class='ocrx_word' id='word_1_953' title='bbox 2624 5244 2705 5288; x_wconf 89' lang='lat' dir='ltr'><strong>est</strong></span> <span class='ocrx_word' id='word_1_954' title='bbox 2736 5235 2883 5289; x_wconf 90' lang='lat' dir='ltr'><strong>vobis</strong></span> <span class='ocrx_word' id='word_1_955' title='bbox 2922 5234 3275 5304; x_wconf 82' lang='lat' dir='ltr'><strong>persuasum?</strong></span> <span class='ocrx_word' id='word_1_956' title='bbox 3305 5236 3457 5302; x_wconf 87' lang='lat' dir='ltr'><strong>Quod</strong></span> <span class='ocrx_word' id='word_1_957' title='bbox 3490 5249 3680 5292; x_wconf 86' lang='lat' dir='ltr'><strong>autem</strong></span> <span class='ocrx_word' id='word_1_958' title='bbox 3721 5239 3789 5290; x_wconf 80' lang='lat' dir='ltr'><strong>fu-</strong></span> 
     </span>
    </p>
   </div>
   <div class='ocr_carea' id='block_1_115' title="bbox 2229 5325 3787 5395">
    <p class='ocr_par' dir='ltr' id='par_1_115' title="bbox 2229 5325 3787 5395">
     <span class='ocr_line' id='line_1_115' title="bbox 2229 5325 3787 5395; baseline -0.001 -15"><span class='ocrx_word' id='word_1_959' title='bbox 2229 5336 2400 5380; x_wconf 87' lang='lat' dir='ltr'><strong>turum</strong></span> <span class='ocrx_word' id='word_1_960' title='bbox 2436 5326 2506 5379; x_wconf 91' lang='lat' dir='ltr'><strong>sit</strong></span> <span class='ocrx_word' id='word_1_961' title='bbox 2534 5325 2814 5391; x_wconf 90' lang='lat' dir='ltr'><strong>incertum,</strong></span> <span class='ocrx_word' id='word_1_962' title='bbox 2839 5325 2987 5380; x_wconf 88' lang='lat' dir='ltr'><strong>disce</strong></span> <span class='ocrx_word' id='word_1_963' title='bbox 3010 5341 3078 5380; x_wconf 89' lang='lat' dir='ltr'><strong>ex</strong></span> <span class='ocrx_word' id='word_1_964' title='bbox 3112 5326 3191 5380; x_wconf 90' lang='lat' dir='ltr'><strong>eis</strong></span> <span class='ocrx_word' id='word_1_965' title='bbox 3214 5341 3328 5395; x_wconf 82' lang='lat' dir='ltr'><strong>qua:</strong></span> <span class='ocrx_word' id='word_1_966' title='bbox 3350 5326 3484 5380; x_wconf 87' lang='lat' dir='ltr'><strong>dixit</strong></span> <span class='ocrx_word' id='word_1_967' title='bbox 3513 5328 3787 5381; x_wconf 81' lang='lat' dir='ltr'><strong>Christus:</strong></span> 
     </span>
    </p>
   </div>
   <div class='ocr_carea' id='block_1_116' title="bbox 2226 5415 3791 5486">
    <p class='ocr_par' dir='ltr' id='par_1_116' title="bbox 2226 5415 3791 5486">
     <span class='ocr_line' id='line_1_116' title="bbox 2226 5415 3791 5486; baseline 0.001 -19"><span class='ocrx_word' id='word_1_968' title='bbox 2226 5415 2366 5485; x_wconf 85' lang='lat' dir='ltr'><strong>quod</strong></span> <span class='ocrx_word' id='word_1_969' title='bbox 2394 5416 2536 5471; x_wconf 91' lang='lat' dir='ltr'><strong>enim</strong></span> <span class='ocrx_word' id='word_1_970' title='bbox 2581 5425 2861 5484; x_wconf 89' lang='lat' dir='ltr'><strong>propterea</strong></span> <span class='ocrx_word' id='word_1_971' title='bbox 2895 5416 2997 5470; x_wconf 88' lang='lat' dir='ltr'><strong>hoc</strong></span> <span class='ocrx_word' id='word_1_972' title='bbox 3022 5416 3249 5482; x_wconf 82' lang='lat' dir='ltr'><strong>dixerit,</strong></span> <span class='ocrx_word' id='word_1_973' title='bbox 3290 5418 3411 5470; x_wconf 88' lang='lat' dir='ltr'><strong>audi</strong></span> <span class='ocrx_word' id='word_1_974' title='bbox 3454 5419 3587 5486; x_wconf 86' lang='lat' dir='ltr'><strong>quid</strong></span> <span class='ocrx_word' id='word_1_975' title='bbox 3619 5418 3791 5472; x_wconf 85' lang='lat' dir='ltr'><strong>dicat:</strong></span> 
     </span>
    </p>
   </div>
   <div class='ocr_carea' id='block_1_117' title="bbox 2241 5508 3791 5579">
    <p class='ocr_par' dir='ltr' id='par_1_117' title="bbox 2241 5508 3791 5579">
     <span class='ocr_line' id='line_1_117' title="bbox 2241 5508 3791 5579; baseline 0.002 -19"><span class='ocrx_word' id='word_1_976' title='bbox 2241 5509 2452 5579; x_wconf 71' lang='lat' dir='ltr'><strong>Vigilat¢</strong></span> <span class='ocrx_word' id='word_1_977' title='bbox 2476 5524 2615 5578; x_wconf 83' lang='lat' dir='ltr'><strong>ergo,</strong></span> <span class='ocrx_word' id='word_1_978' title='bbox 2644 5508 2766 5578; x_wconf 81' lang='lat' dir='ltr'><strong>quia</strong></span> <span class='ocrx_word' id='word_1_979' title='bbox 2791 5509 2990 5562; x_wconf 83' lang='lat' dir='ltr'><strong>nescitis</strong></span> <span class='ocrx_word' id='word_1_980' title='bbox 3016 5526 3115 5579; x_wconf 85' lang='lat' dir='ltr'><strong>qua</strong></span> <span class='ocrx_word' id='word_1_981' title='bbox 3142 5511 3266 5561; x_wconf 77' lang='lat' dir='ltr'><strong>liora</strong></span> <span class='ocrx_word' id='word_1_982' title='bbox 3293 5510 3375 5577; x_wconf 78' lang='lat' dir='ltr'><strong>[ur</strong></span> <span class='ocrx_word' id='word_1_983' title='bbox 3399 5510 3568 5562; x_wconf 78' lang='lat' dir='ltr'><strong>veniat</strong></span> <span class='ocrx_word' id='word_1_984' title='bbox 3587 5510 3791 5579; x_wconf 65' lang='lat' dir='ltr'><strong>(Matth.</strong></span> 
     </span>
    </p>
   </div>
   <div class='ocr_carea' id='block_1_118' title="bbox 2228 5600 3796 5671">
    <p class='ocr_par' dir='ltr' id='par_1_118' title="bbox 2228 5600 3796 5671">
     <span class='ocr_line' id='line_1_118' title="bbox 2228 5600 3796 5671; baseline -0.002 -17"><span class='ocrx_word' id='word_1_985' title='bbox 2228 5600 2315 5654; x_wconf 74' lang='lat' dir='ltr'><strong>2i.</strong></span> <span class='ocrx_word' id='word_1_986' title='bbox 2349 5600 2461 5670; x_wconf 69' lang='grc'><strong>42).</strong></span> <span class='ocrx_word' id='word_1_987' title='bbox 2489 5601 2776 5671; x_wconf 88' lang='lat' dir='ltr'><strong>Propterea</strong></span> <span class='ocrx_word' id='word_1_988' title='bbox 2819 5601 3014 5655; x_wconf 89' lang='lat' dir='ltr'><strong>Paulus</strong></span> <span class='ocrx_word' id='word_1_989' title='bbox 3053 5617 3261 5671; x_wconf 90' lang='lat' dir='ltr'><strong>quoque</strong></span> <span class='ocrx_word' id='word_1_990' title='bbox 3300 5602 3513 5656; x_wconf 85' lang='lat' dir='ltr'><strong>dicebat</strong></span> <span class='ocrx_word' id='word_1_991' title='bbox 3539 5621 3553 5655; x_wconf 92' lang='lat'>:</span> <span class='ocrx_word' id='word_1_992' title='bbox 3583 5605 3638 5657; x_wconf 81' lang='lat'><strong>5.</strong></span> <span class='ocrx_word' id='word_1_993' title='bbox 3677 5602 3796 5657; x_wconf 66' lang='lat' dir='ltr'><strong>Cum</strong></span> 
     </span>
    </p>
   </div>
   <div class='ocr_carea' id='block_1_119' title="bbox 2230 5691 3796 5762">
    <p class='ocr_par' dir='ltr' id='par_1_119' title="bbox 2230 5691 3796 5762">
     <span class='ocr_line' id='line_1_119' title="bbox 2230 5691 3796 5762; baseline -0.001 -16"><span class='ocrx_word' id='word_1_994' title='bbox 2230 5694 2359 5746; x_wconf 86' lang='lat' dir='ltr'><strong>enim</strong></span> <span class='ocrx_word' id='word_1_995' title='bbox 2386 5693 2641 5759; x_wconf 73' lang='lat' dir='ltr'><strong>dixerint,</strong></span> <span class='ocrx_word' id='word_1_996' title='bbox 2671 5691 2787 5747; x_wconf 76' lang='lat' dir='ltr'><strong>Pax</strong></span> <span class='ocrx_word' id='word_1_997' title='bbox 2831 5702 2877 5747; x_wconf 87' lang='lat' dir='ltr'><strong>et</strong></span> <span class='ocrx_word' id='word_1_998' title='bbox 2926 5695 3167 5747; x_wconf 81' lang='lat' dir='ltr'><strong>securitas</strong></span> <span class='ocrx_word' id='word_1_999' title='bbox 3191 5733 3206 5757; x_wconf 95' lang='lat'><strong>,</strong></span> <span class='ocrx_word' id='word_1_1000' title='bbox 3250 5704 3363 5745; x_wconf 85' lang='lat' dir='ltr'><strong>tunc</strong></span> <span class='ocrx_word' id='word_1_1001' title='bbox 3410 5694 3708 5762; x_wconf 76' lang='lat' dir='ltr'><strong>repentinus</strong></span> <span class='ocrx_word' id='word_1_1002' title='bbox 3734 5694 3796 5744; x_wconf 75' lang='lat' dir='ltr'><strong>eis</strong></span> 
     </span>
    </p>
   </div>
   <div class='ocr_carea' id='block_1_120' title="bbox 2230 5784 3798 5852">
    <p class='ocr_par' dir='ltr' id='par_1_120' title="bbox 2230 5784 3798 5852">
     <span class='ocr_line' id='line_1_120' title="bbox 2230 5784 3798 5852; baseline -0.001 -15"><span class='ocrx_word' id='word_1_1003' title='bbox 2230 5784 2539 5852; x_wconf 77' lang='lat' dir='ltr'><strong>superveniet</strong></span> <span class='ocrx_word' id='word_1_1004' title='bbox 2571 5784 2800 5838; x_wconf 82' lang='lat' dir='ltr'><strong>interitus</strong></span> <span class='ocrx_word' id='word_1_1005' title='bbox 2823 5828 2836 5852; x_wconf 97' lang='lat'><strong>,</strong></span> <span class='ocrx_word' id='word_1_1006' title='bbox 2868 5786 2995 5839; x_wconf 78' lang='lat' dir='ltr'><strong>sicut</strong></span> <span class='ocrx_word' id='word_1_1007' title='bbox 3025 5785 3170 5839; x_wconf 83' lang='lat' dir='ltr'><strong>dolor</strong></span> <span class='ocrx_word' id='word_1_1008' title='bbox 3199 5785 3249 5836; x_wconf 86' lang='lat' dir='ltr'><strong>in</strong></span> <span class='ocrx_word' id='word_1_1009' title='bbox 3281 5796 3416 5836; x_wconf 85' lang='lat' dir='ltr'><strong>utero</strong></span> <span class='ocrx_word' id='word_1_1010' title='bbox 3446 5785 3679 5836; x_wconf 76' lang='lat' dir='ltr'><strong>habentis</strong></span> <span class='ocrx_word' id='word_1_1011' title='bbox 3702 5826 3717 5847; x_wconf 89' lang='lat'><strong>,</strong></span> <span class='ocrx_word' id='word_1_1012' title='bbox 3755 5793 3798 5836; x_wconf 69' lang='lat' dir='ltr'><strong>et</strong></span> 
     </span>
    </p>
   </div>
   <div class='ocr_carea' id='block_1_121' title="bbox 2238 5874 3791 5948">
    <p class='ocr_par' dir='ltr' id='par_1_121' title="bbox 2238 5874 3791 5948">
     <span class='ocr_line' id='line_1_121' title="bbox 2238 5874 3791 5948; baseline -0.002 -15"><span class='ocrx_word' id='word_1_1013' title='bbox 2238 5894 2333 5933; x_wconf 85' lang='lat' dir='ltr'><strong>non</strong></span> <span class='ocrx_word' id='word_1_1014' title='bbox 2361 5874 2617 5948; x_wconf 70' lang='lat' dir='ltr'><strong>clfuyicnt.</strong></span> <span class='ocrx_word' id='word_1_1015' title='bbox 2646 5876 2743 5935; x_wconf 86' lang='lat' dir='ltr'><strong>llic</strong></span> <span class='ocrx_word' id='word_1_1016' title='bbox 2769 5877 2821 5934; x_wconf 87' lang='lat' dir='ltr'><strong>id</strong></span> <span class='ocrx_word' id='word_1_1017' title='bbox 2848 5877 3198 5934; x_wconf 79' lang='lat' dir='ltr'><strong>subiudicavit</strong></span> <span class='ocrx_word' id='word_1_1018' title='bbox 3217 5918 3231 5943; x_wconf 91' lang='lat'><strong>,</strong></span> <span class='ocrx_word' id='word_1_1019' title='bbox 3269 5874 3405 5946; x_wconf 76' lang='lat' dir='ltr'><strong>(juud</strong></span> <span class='ocrx_word' id='word_1_1020' title='bbox 3432 5876 3598 5930; x_wconf 77' lang='lat' dir='ltr'><strong>etiam</strong></span> <span class='ocrx_word' id='word_1_1021' title='bbox 3631 5876 3685 5930; x_wconf 89' lang='lat' dir='ltr'><strong>in</strong></span> <span class='ocrx_word' id='word_1_1022' title='bbox 3716 5891 3791 5930; x_wconf 81' lang='lat' dir='ltr'><strong>se-</strong></span> 
     </span>
    </p>
   </div>
  </div>
