3964 6506
132 341 229 398 H9

125 558 171 610 in
221 554 541 617 afﬂictione,
587 549 659 604 illi
712 558 891 605 autem
940 550 992 604 in
1043 552 1155 604 otio
1205 560 1259 606 et
1310 551 1549 614 deliciis,
1601 551 1693 622 qui

123 664 235 699 cuin
264 645 372 699 illis
409 643 602 698 bellum
631 642 890 712 gerebant
917 659 930 695 :
961 641 1186 698 subinde
1234 643 1371 697 mala
1411 645 1692 713 pra-sentis

124 736 424 792 consolatur
475 734 577 788 hoc
623 748 873 788 sermone
913 734 983 788 de
1033 736 1443 789 resurreCtione.
1486 734 1558 788 llli
1612 734 1695 789 in-

125 833 381 884 sultabant
433 842 495 882 ex
542 841 761 879 avorum
821 827 1098 895 loquentes
1145 828 1593 895 Cogitationibus,
1638 837 1690 883 et

127 923 358 975 dicentes
404 934 419 971 :
466 917 689 985 Quando
737 918 882 971 erit?
913 917 1085 987 (quod
1137 917 1352 987 quidem
1400 920 1691 987 carpebant

128 1014 273 1065 ctiam
325 1010 599 1079 prophetae
638 1025 653 1062 :
711 1007 799 1063 νω
840 1008 1095 1076 dicentes,
1131 1008 1242 1064 Cito
1283 1012 1689 1081 appropinquant

126 1121 229 1173 qua:
250 1103 399 1170 faciet
438 1099 706 1163 Dominus,
735 1110 792 1154 ut
825 1086 1079 1154 videamus
1102 1118 1123 1165 ;
1146 1112 1192 1154 et
1214 1103 1381 1155 veniat
1421 1104 1687 1157 consilium

129 1194 273 1251 s-mcti
304 1191 489 1253 Israel,
518 1200 573 1244 ut
597 1207 962 1261 cognoscamus
989 1190 1139 1263 [Isai.
1162 1194 1212 1248 5.
1248 1191 1336 1265 19]
1358 1209 1372 1256 ;
1397 1204 1451 1248 et
1476 1211 1682 1262 rursus,

137 1284 212 1337 ναν
233 1285 315 1353 qui
357 1282 646 1337 desiderant
689 1283 823 1335 diem
863 1282 1069 1337 Domini
1096 1282 1291 1356 [.lmos.
1320 1286 1374 1340 5.
1407 1284 1494 1357 18]
1531 1304 1550 1338 t
1580 1302 1687 1340 non

123 1376 252 1430 enim
280 1374 527 1429 absolute
555 1374 684 1429 dicit
727 1389 821 1429 eos
847 1375 935 1445 qui
976 1375 1323 1443 desiderant,
1354 1378 1447 1431 sed
1479 1393 1572 1432 eos
1597 1380 1686 1448 qui

124 1468 412 1521 desiderant
440 1482 507 1521 eo
528 1467 670 1536 quod
709 1482 814 1521 non
856 1468 1105 1533 credant;
1130 1488 1148 1521 ι
1184 1481 1259 1535 et,
1299 1468 1418 1525 Dies
1447 1470 1685 1540 Domini,

127 1561 311 1631 inquit,
340 1560 575 1623 tenebrat,
608 1571 654 1613 et
688 1579 789 1616 non
824 1564 912 1617 tua:
932 1563 1155 1636 [Ibid.])
1192 1581 1207 1619 :
1239 1564 1359 1620 ideo
1401 1567 1501 1622 hoc
1534 1567 1683 1622 dicit.

126 1652 243 1708 Vide
269 1668 396 1723 ergo
423 1653 692 1721 quomodo
721 1669 817 1709 eos
843 1657 1150 1711 consolatur
1176 1657 1390 1725 Paulus,
1418 1661 1569 1730 quasi
1599 1661 1677 1716 di.

128 1754 293 1799 ceret:
325 1742 441 1798 Neu
474 1760 546 1798 ex
575 1759 641 1799 eo
661 1784 677 1811 ,
703 1745 845 1815 quod
876 1746 928 1801 in
957 1749 1228 1817 voluptate
1257 1749 1437 1805 vivant
1463 1763 1519 1806 et
1542 1751 1683 1807 deli-

125 1838 242 1902 ciis,
281 1835 571 1903 conjiciant
613 1836 756 1907 quod
792 1852 899 1891 non
938 1838 1188 1893 adveniat
1224 1840 1483 1910 judicium
1514 1860 1529 1896 :
1560 1860 1683 1898 nam

124 1930 193 1982 sic
218 1943 417 1999 quoque
446 1929 687 1985 advenit.
730 1930 918 1999 Opera:
960 1936 1189 2000 pretium
1216 1943 1298 1989 est
1340 1945 1516 1991 autem
1558 1938 1681 1993 illud

124 2034 315 2090 quoque
362 2036 613 2091 qumrere
656 2040 671 2077 :
709 2020 765 2078 Si
810 2024 1168 2079 Antichristns
1211 2028 1396 2093 venit,
1440 2038 1496 2085 et
1540 2032 1684 2086 Elias

126 2112 267 2177 venit,
289 2112 562 2181 quomodo
586 2111 802 2182 quando
827 2113 1029 2179 dicunt,
1056 2114 1173 2169 Pax
1201 2127 1246 2170 et
1270 2121 1533 2186 securitas,
1559 2131 1684 2177 tunc

124 2203 193 2256 eis
216 2204 525 2272 repentinus
566 2205 875 2272 supervenit
916 2204 1203 2261 interitus?
1232 2207 1348 2264 hate
1388 2212 1531 2266 enim
1576 2228 1681 2268 non

125 2295 286 2348 sinunt
308 2295 448 2349 diem
476 2296 731 2365 ignorari,
759 2312 883 2351 cum
909 2298 1015 2351 sint
1041 2299 1233 2353 indicia
1256 2299 1375 2370 ejus
1397 2302 1677 2359 adventus.

123 2389 210 2442 Sed
246 2405 346 2443 non
388 2389 497 2443 hoc
538 2398 749 2458 tempus
777 2389 1089 2444 Antichristi
1128 2391 1423 2448 subindicat
1450 2434 1465 2460 ,
1513 2411 1682 2466 neque

127 2484 251 2537 illum
295 2483 479 2547 diem;
530 2486 782 2552 quoniam
840 2484 969 2538 illud
1015 2486 1118 2539 erit
1164 2487 1373 2556 signum
1420 2487 1680 2543 adventus

125 2573 329 2637 Christi,
362 2574 484 2644 ipse
516 2583 692 2630 autem
724 2590 828 2629 non
860 2576 1076 2631 habebit
1104 2577 1311 2645 signum
1334 2618 1350 2643 ,
1378 2579 1472 2632 sed
1502 2580 1679 2634 statim

126 2676 171 2719 et
195 2677 402 2735 repente
423 2667 610 2721 veniet
627 2676 682 2721 et
705 2681 772 2720 ex
797 2661 1089 2736 inopinato.
1118 2669 1180 2721 At
1202 2670 1343 2722 enim
1363 2671 1677 2739 przrgnanti,

127 2758 290 2827 inquit,
318 2767 537 2828 tempus
562 2773 667 2812 non
701 2760 838 2812 clam
874 2760 1222 2827 supervenit;
1253 2761 1356 2814 scit
1390 2763 1533 2815 enim
1561 2770 1679 2830 post

126 2868 289 2908 novem
331 2867 550 2907 menses
568 2862 779 2923 partum
824 2852 1080 2906 futurum.
1114 2853 1226 2907 lmo
1266 2870 1394 2909 vero
1415 2855 1567 2911 valde
1595 2856 1681 2910 in-

124 2954 248 2997 certa
275 2959 357 2999 res
382 2954 473 2999 est
500 2961 513 2997 :
547 2960 666 2998 nam
690 2944 808 2998 alia:
833 2945 1040 3013 pariunt
1065 2945 1292 3014 septimo
1310 2961 1496 3001 mense
1518 2989 1532 3011 ,
1563 2948 1681 3004 alite

125 3049 247 3089 nono
278 3052 290 3088 :
320 3035 559 3104 alioquin
599 3035 758 3089 etiam
789 3043 842 3089 et
885 3033 1001 3089 dies
1028 3043 1084 3090 et
1126 3034 1255 3090 hora
1286 3047 1468 3105 partus
1491 3047 1573 3092 est
1597 3039 1680 3093 in-

123 3137 270 3182 certa.
300 3127 388 3183 llic
417 3142 555 3197 ergo
583 3134 668 3181 est
692 3126 842 3181 Pauli
872 3142 1088 3197 scopus.
1121 3127 1189 3182 Et
1224 3139 1468 3185 accurata
1495 3142 1577 3185 est
1602 3131 1679 3187 si-

123 3217 376 3273 militudo:
405 3234 518 3272 non
550 3227 674 3272 sunt
698 3218 838 3272 enim
871 3220 1035 3273 multa
1063 3232 1249 3289 partus
1281 3221 1471 3277 indicia
1503 3240 1518 3278 :
1551 3223 1674 3279 naui

124 3312 283 3367 multa:
306 3313 469 3367 etiam
501 3313 554 3367 in
594 3313 694 3366 viis
734 3315 945 3381 pariunt
970 3322 1026 3366 et
1062 3323 1210 3367 extra
1250 3314 1467 3369 domum
1495 3356 1510 3380 ,
1556 3332 1677 3372 cum

126 3419 216 3456 non
245 3402 656 3473 prtcscivissent.
690 3401 804 3457 Non
826 3403 997 3456 solum
1030 3415 1208 3458 autem
1235 3403 1322 3459 hic
1344 3404 1517 3460 innuit
1544 3414 1679 3461 tem-

125 3513 209 3565 pus
232 3498 493 3553 incertum
518 3537 535 3564 ,
574 3496 666 3552 sed
705 3497 865 3551 etiam
892 3497 1097 3551 doloris
1127 3498 1497 3552 acerbitatem.
1529 3499 1679 3557 Sicut

124 3590 247 3642 enim
270 3590 352 3643 illa
380 3589 614 3655 ludens,
648 3588 828 3643 ridens
852 3630 868 3656 ,
914 3588 1044 3642 nihil
1088 3589 1307 3643 omnino
1340 3590 1635 3660 praevidens
1659 3633 1676 3660 ,

126 3689 321 3747 repente
369 3678 838 3747 inexplicabilibns
866 3688 1077 3747 arrepta
1128 3678 1407 3734 doloribus
1431 3720 1447 3745 ,
1494 3680 1545 3734 in
1578 3696 1676 3750 pa-

126 3769 286 3823 riendo
306 3770 491 3825 labore
510 3768 830 3838 discerpitur
862 3787 875 3823 :
907 3769 974 3822 ita
999 3770 1159 3823 etiam
1183 3770 1374 3824 animat
1403 3771 1525 3836 illic,
1552 3787 1673 3828 cum

123 3861 219 3916 dies
243 3863 536 3919 advenerit.
582 3860 650 3915 Et
696 3879 796 3916 non
824 3859 1085 3932 effugient.
1142 3862 1345 3919 Deinde
1384 3865 1675 3923 ostendens

124 3973 171 4012 se
194 3960 253 4016 de
278 3961 377 4015 illis
411 3976 524 4015 non
571 3958 736 4029 loqui,
765 3958 1038 4028 subjuugit
1067 3976 1081 4013 :
1110 3958 1165 4014 4.
1210 3957 1306 4013 Vos
1330 3971 1499 4015 autem
1524 4003 1540 4029 ,
1569 3966 1679 4033 fra-

123 4062 226 4120 tres,
256 4069 351 4108 non
375 4054 500 4107 estis
527 4051 580 4104 in
609 4050 821 4105 tenebris
838 4084 854 4110 ,
880 4059 936 4104 ut
956 4066 1043 4104 vos
1067 4051 1173 4105 dies
1198 4051 1287 4106 ille
1315 4063 1570 4123 tamquam
1594 4056 1679 4125 fur

122 4146 511 4214 comprehendat.

182 4236 228 4290 3.
266 4235 359 4291 llic
383 4234 777 4291 tenebricosam
802 4243 855 4290 et
876 4235 1139 4305 impuram
1167 4235 1297 4291 dicit
1321 4240 1503 4293 vitam.
1529 4236 1679 4293 Tam-

124 4345 262 4395 quam
282 4332 421 4385 enim
456 4331 508 4384 in
542 4339 701 4384 nocte
732 4329 913 4384 omnia
939 4338 1101 4398 agunt
1127 4329 1318 4398 impuri
1347 4339 1402 4385 et
1428 4330 1676 4386 scelerati

125 4419 363 4487 homines,
404 4436 601 4477 omnes
642 4420 886 4484 latentes,
929 4429 985 4475 et
1021 4435 1082 4476 se
1124 4420 1176 4475 in
1222 4422 1458 4477 tenebris
1506 4423 1680 4476 inclu-

125 4512 309 4568 dentes.
356 4514 516 4575 Nam,
543 4513 631 4568 dic
676 4512 829 4578 mihi,
874 4526 1054 4566 nonne
1100 4526 1379 4587 vesperam
1427 4513 1679 4568 observat

125 4602 329 4671 adulter,
361 4620 544 4659 nonne
577 4603 661 4658 fur
686 4603 938 4658 noctem?
965 4615 1021 4658 et
1054 4606 1143 4673 qui
1185 4603 1427 4673 sepulcra
1466 4603 1675 4668 ellndit,

125 4712 283 4751 arinen
315 4706 475 4752 nocte
508 4696 563 4751 id
597 4704 767 4751 totum
807 4696 1097 4765 Operatur?
1126 4694 1262 4763 Quid
1305 4711 1467 4761 vero;
1494 4711 1677 4752 annon

126 4794 369 4858 tamquam
412 4789 498 4843 lur
524 4803 619 4843 eos
646 4787 1093 4857 comprehendit?
1130 4802 1307 4842 annon
1344 4789 1425 4842 eis
1463 4790 1677 4843 clancu-

124 4878 216 4931 lum
256 4880 504 4935 advenit?
552 4879 657 4935 Sed
707 4880 836 4949 ipsis
861 4878 1189 4935 scientibus?
1227 4879 1505 4948 Quomodo
1547 4896 1676 4952 ergo

124 4967 258 5032 dicit,
290 4971 406 5025 Non
437 4971 673 5042 indigetis
701 4981 756 5024 ut
784 4970 1061 5024 scribamus
1103 4971 1276 5025 vobis?
1315 4972 1410 5027 llic
1441 4972 1674 5043 loquitur

124 5076 217 5115 non
243 5063 530 5133 respiciens
558 5063 625 5117 ad
663 5063 925 5118 incertum
957 5072 1190 5132 tempus,
1221 5062 1317 5119 sed
1357 5064 1423 5119 ad
1453 5066 1674 5120 calami—

125 5162 272 5207 tatem
305 5172 319 5207 :
349 5156 447 5210 hoc
469 5165 572 5221 est,
602 5170 709 5209 non
740 5155 917 5209 veniet
943 5154 997 5209 in
1028 5154 1225 5211 malum
1253 5156 1509 5226 ipsorum.
1539 5157 1673 5213 Nam

122 5246 334 5301 obscure
366 5258 417 5303 et
442 5248 579 5302 clam
611 5248 690 5302 eis
716 5247 877 5302 etiam
908 5247 1105 5311 veniet,
1133 5246 1228 5302 sed
1251 5262 1346 5304 eos
1390 5249 1441 5302 in
1474 5249 1672 5304 nullam

124 5338 352 5409 conjiciet
374 5340 693 5396 molestiam.
725 5338 792 5395 Ut
821 5338 949 5403 dies,
974 5339 1164 5409 inquit,
1192 5354 1279 5393 vos
1305 5349 1561 5411 tamquam
1585 5341 1674 5411 fur

122 5418 509 5503 comprehendat.
540 5434 670 5487 Nam
712 5431 853 5502 apud
887 5445 982 5487 eos
1017 5431 1107 5501 qui
1137 5432 1356 5502 vigilant
1383 5442 1438 5486 et
1462 5441 1588 5487 sunt
1617 5433 1668 5487 in

124 5520 247 5586 luce,
293 5527 496 5581 etiamsi
549 5527 821 5596 ingressus
876 5524 1034 5579 luerit
1085 5523 1242 5589 latro,
1298 5523 1430 5578 nihil
1488 5524 1671 5578 damni

126 5612 300 5669 stlerre
327 5616 517 5686 poterit
546 5634 561 5671 :
590 5616 663 5670 ita
688 5615 848 5672 etiam
877 5613 930 5669 in
956 5614 1022 5669 iis
1048 5615 1136 5684 qui
1164 5622 1306 5669 recte
1334 5615 1549 5679 vivunt;
1574 5614 1671 5669 sed

129 5705 222 5759 illis
262 5711 347 5777 qui
376 5710 648 5766 dormiunt
689 5709 834 5765 omni
882 5725 943 5765 re
984 5710 1222 5781 spoliatis
1250 5719 1304 5764 et
1332 5709 1544 5764 nudatis
1585 5724 1673 5765 re-

116 5798 262 5869 cedit,
290 5800 377 5868 iis,
409 5801 643 5874 inquam,
671 5801 762 5873 qui
794 5801 879 5858 his
902 5802 1120 5858 nimium
1146 5801 1438 5859 conﬁdunt.
1469 5801 1669 5863 Deinde

926 343 993 401 IN
1031 343 1248 401 EPIST.
1292 345 1334 401 ι.
1375 344 1468 399 AD
1504 342 1833 402 THESSAL.
1874 347 2024 402 CAP.
2066 347 2132 405 V.
2172 347 2402 407 HOMIL.
2438 350 2532 408 IX.

123 461 285 519 ctttnla
342 458 597 531 Epistola.
648 457 782 514 Nam
837 460 1089 528 quoniam
1138 460 1224 514 isti
1277 459 1490 530 quidem
1539 471 1695 515 erant

3267 354 3373 411 λεςο

1801 462 1942 515 aliud
1970 462 2239 534 subjungit
2270 488 2281 521 :
2314 470 2367 522 5.
2405 466 2595 522 Omnes
2618 469 2749 523 enim
2775 484 2877 533 vos,
2910 469 3098 539 inquit,
3126 471 3222 539 [illi
3247 473 3375 529 lucis

1797 553 1936 618 estis,
1968 563 2015 607 et
2039 556 2134 623 ﬁlii
2160 559 2276 611 diei.
2309 560 2373 612 Et
2402 562 2671 630 quomodo
2702 562 2814 616 ﬁeri
2846 572 3019 631 potest
3046 575 3101 617 ut
3135 565 3242 618 sint
3277 565 3373 620 lilii

1796 644 1949 699 diei?
1989 646 2283 718 Tamquam
2326 651 2417 705 tilli
2465 652 2797 720 perditionis,
2832 664 3099 723 tamquam
3146 656 3237 709 lilii
3279 671 3374 727 ge-

1797 736 2005 793 hennae.
2054 739 2179 795 Ideo
2202 742 2443 797 Christus
2470 744 2680 799 dicebat
2715 746 3001 801 Pharisaais
3035 764 3047 799 :
3093 747 3178 801 Vw
3211 749 3370 810 vobis,

1793 834 2030 900 quoniam
2073 835 2293 887 circuitis
2341 852 2479 890 mare
2521 846 2568 890 et
2617 840 2813 892 aridam
2858 850 2911 893 ut
2963 843 3165 907 faciatis
3212 859 3372 896 unum

1793 924 2143 995 prosclytum;
2179 936 2225 979 et
2267 943 2379 979 cum
2427 927 2591 996 [actus
2620 930 2790 998 fuerit,
2839 933 3006 998 facitis
3051 950 3162 985 eum
3204 935 3371 1002 ﬁlium

1791 1016 2031 1086 gehenna:
2056 1015 2265 1088 (Matth,
2285 1017 2375 1072 9.5.
2402 1018 2509 1089 15);
2538 1028 2592 1072 el.
2622 1021 2834 1084 Paulus,
2857 1021 3075 1091 Propter
3100 1040 3211 1091 quia
3240 1027 3372 1078 venit

1790 1111 1868 1161 ira
1888 1106 1983 1161 Dei
2002 1127 2155 1179 super
2172 1110 2304 1178 ﬁlios
2333 1112 2682 1166 inobedientiw
2698 1113 2830 1179 (Col.
2850 1115 2902 1168 5.
2923 1115 3001 1180 6);
3027 1115 3127 1169 hoc
3155 1132 3258 1182 eSI,
3279 1120 3368 1188 qni

1792 1218 1912 1270 quin
1944 1213 2067 1256 sunt
2092 1204 2352 1273 gehennte
2383 1204 2601 1271 faciunt,
2632 1207 2719 1275 qui
2749 1223 2866 1277 qua:
2898 1218 3021 1262 sunt
3053 1210 3368 1266 inobedien-

1791 1294 1896 1347 tite.
1929 1295 1994 1349 Ut
2019 1311 2147 1364 ergo
2170 1296 2257 1349 lilii
2289 1297 2379 1350 Dei
2404 1299 2640 1367 suntqui
2670 1307 2832 1368 agunt
2854 1316 2971 1366 quae
2995 1300 3102 1354 Deo
3135 1302 3366 1369 placent,

1789 1385 1861 1441 ita
1890 1389 2048 1441 etiam
2079 1388 2167 1442 lilii
2213 1390 2318 1444 dici
2364 1400 2417 1444 et
2457 1391 2548 1445 lilii
2592 1392 2747 1455 lucis,
2777 1392 2865 1462 qni
2898 1404 3060 1462 agunt
3099 1410 3217 1463 quae
3247 1406 3371 1450 sunt

1790 1477 1947 1531 lucis.
1985 1477 2100 1533 Non
2142 1496 2317 1533 sumus
2346 1480 2507 1534 noctis
2547 1498 2703 1550 neque
2737 1476 3073 1537 tenebrarum.
3117 1486 3169 1538 6.
3203 1484 3371 1555 Igitur

1789 1585 1889 1623 non
1920 1568 2256 1634 dormiamus,
2287 1571 2418 1624 sicut
2446 1582 2493 1625 et
2520 1573 2706 1637 caeteri,
2735 1573 2826 1626 sed
2856 1574 3116 1644 vigilemus
3141 1584 3188 1628 et
3214 1578 3368 1630 sobrii

1789 1660 1964 1714 simus.
2008 1661 2061 1713 7.
2110 1659 2209 1727 Qui
2244 1659 2522 1725 dormiunt,
2552 1672 2699 1715 nocte
2735 1661 3023 1729 dormiunt;
3062 1674 3108 1716 et
3135 1666 3219 1733 qui
3247 1666 3387 1719 ebrii'

1786 1759 1923 1818 sunt,
1958 1760 2101 1803 nocte
2131 1752 2252 1805 ebrii
2282 1762 2396 1805 sunt
2428 1768 2447 1806 :
2473 1752 2522 1809 8.
2572 1769 2665 1806 nos
2692 1764 2880 1815 autent,
2909 1756 2994 1822 qui
3028 1756 3128 1808 diei
3169 1773 3365 1823 sumus,

1787 1842 1942 1894 sobrii
1978 1842 2154 1895 simus.
2220 1842 2317 1897 llic
2350 1843 2582 1897 ostendit
2619 1843 2760 1913 quod
2792 1845 2845 1898 in
2875 1845 2964 1899 die
2999 1861 3139 1912 esse,
3172 1848 3242 1901 sit
3268 1863 3367 1902 no—

1787 1944 1977 1989 strum.
2009 1935 2138 1989 Nam
2165 1935 2250 1990 hic
2272 1937 2506 2007 quidem,
2535 1938 2657 1993 dico
2679 1939 2748 1993 de
2774 1938 2970 1995 hacdie
2986 1951 3034 1994 et
3060 1950 3234 2005 nocte,
3259 1959 3364 1998 non

1786 2037 1869 2082 est
1900 2039 2163 2095 nostrum,
2192 2029 2285 2083 sed
2313 2030 2394 2084 vel
2424 2030 2576 2084 nobis
2605 2031 2781 2085 invitis
2808 2033 2954 2087 venit
2978 2049 3105 2099 nos,
3133 2044 3183 2088 et
3212 2035 3366 2090 nobis

1786 2119 2095 2175 nolentibus
2144 2120 2295 2174 adest
2340 2136 2609 2178 somnus:
2646 2123 2699 2176 in
2748 2122 2836 2177 illa
2883 2136 3059 2179 autem
3115 2136 3269 2181 nocte
3311 2135 3366 2183 et

1786 2226 1979 2268 somno
2004 2228 2108 2267 non
2147 2221 2231 2267 est
2261 2216 2353 2278 ita,
2386 2213 2480 2268 sed
2517 2214 2635 2267 licet
2666 2224 2921 2284 perpetuo
2962 2215 3201 2285 vigilare,
3239 2218 3365 2274 licet

1785 2311 2044 2372 perpetuo
2072 2302 2216 2358 diem
2245 2318 2426 2372 agere.
2466 2303 2598 2358 Nam
2641 2305 2835 2360 animm
2875 2306 3127 2360 claudere
3151 2308 3361 2371 oculos,

1784 2408 1838 2452 et
1865 2414 1891 2449 a
1932 2397 2059 2450 vitio
2105 2410 2351 2450 somnum
2400 2396 2678 2459 inducere,
2722 2413 2827 2450 non
2875 2407 2957 2452 est
3000 2408 3221 2464 naturae,
3266 2400 3362 2455 sed

1784 2491 1938 2546 liberi
1972 2489 2201 2545 arbitrii.
2229 2490 2336 2545 Sed
2369 2491 2649 2559 vigilemus,
2698 2491 2885 2573 inquit,
2914 2503 2960 2545 et
2988 2494 3143 2547 sobrii
3179 2510 3359 2548 simus.

1783 2582 1933 2639 Licet
1957 2584 2101 2637 enim
2127 2584 2175 2639 ei
2202 2584 2292 2653 qui
2314 2584 2496 2652 vigilat
2521 2584 2777 2650 dormire,
2808 2584 2935 2639 nihil
2964 2584 3083 2640 boni
3113 2588 3317 2658 agendo
3342 2606 3359 2644 :

1783 2684 2062 2744 propterea
2086 2675 2383 2744 subjunxit,
2418 2674 2480 2727 Et
2508 2674 2662 2728 sobrii
2681 2676 2857 2728 simus.
2885 2676 3090 2730 Etenim
3120 2677 3170 2732 in
3202 2679 3288 2732 die
3312 2678 3360 2733 si

1781 2766 1899 2836 quis
1914 2765 2111 2836 vigilet,
2130 2781 2233 2817 non
2250 2764 2317 2818 sit
2334 2775 2510 2820 autem
2531 2766 2759 2831 sobrius,
2777 2767 2828 2820 in
2847 2769 2981 2821 mala
2998 2769 3190 2823 incidet
3208 2771 3361 2825 innu-

1783 2856 2082 2911 merabilia.
2107 2855 2463 2923 Quamobrem
2498 2857 2690 2924 vigilia:
2719 2857 2947 2913 intensio
2967 2868 3049 2912 est
3074 2860 3356 2914 sobrietas.

1860 2946 2023 3001 Omne
2068 2947 2242 3000 vitium
2280 2956 2350 2999 est
2387 2946 2600 3000 ebrietas
2633 2948 3041 3017 animm—Qui
3078 2951 3356 3019 dormiunt,

1784 3038 1974 3108 inquit,
2004 3047 2155 3091 noctu
2184 3038 2478 3102 dormiunt;
2505 3047 2551 3092 et
2584 3039 2673 3107 qui
2707 3039 3036 3106 inebriantur,
3068 3052 3217 3095 noctu
3245 3043 3358 3096 ine-

1782 3128 2036 3182 briantur.
2067 3129 2396 3184 Ebrietatem
2430 3127 2519 3183 hic
2553 3129 2701 3195 dicit,
2734 3144 2839 3184 non
2868 3146 2986 3185 eam
3027 3132 3200 3187 solum
3240 3150 3361 3203 qua:

1782 3230 1862 3277 est
1912 3221 2116 3284 avino,
2159 3221 2254 3277 sed
2310 3236 2428 3277 eam
2480 3221 2639 3275 etiam
2690 3238 2811 3292 quae
2861 3232 2943 3279 est
2992 3224 3061 3278 ab
3113 3227 3360 3282 omnibus

1783 3313 1957 3367 malis.
2013 3313 2260 3367 Ebrietas
2312 3313 2454 3367 enim
2496 3312 2689 3371 anima:
2743 3323 2869 3368 sunt
2908 3313 3128 3382 divitiae,
3172 3328 3227 3371 et
3263 3332 3359 3386 pe-

1782 3407 1955 3463 cuniae
1992 3406 2274 3475 cupiditas,
2305 3414 2361 3460 et
2407 3421 2561 3461 amor
2600 3421 2919 3475 corporum;
2960 3417 3016 3463 et
3065 3409 3364 3478 quodcum-

1782 3514 1888 3569 que
1935 3499 2172 3561 dixeris,
2221 3508 2304 3553 est
2349 3498 2582 3553 ebrietas
2627 3500 2839 3554 animm.
2892 3499 3002 3554 Cur
3050 3511 3228 3556 autem
3281 3504 3361 3555 vi-

1783 3593 1915 3646 tium
1968 3591 2177 3646 vocavit
2228 3592 2510 3645 somnum?
2547 3591 2808 3658 Quoniam
2862 3593 3091 3661 primum
3147 3594 3360 3664 quidem

1783 3684 1872 3754 qui
1899 3693 1979 3739 est
2001 3683 2287 3752 ejusmodi,
2312 3693 2458 3737 caret
2483 3683 2629 3737 omni
2654 3684 2865 3739 actione
2884 3684 3095 3738 virtutis
3124 3702 3139 3740 :
3166 3686 3359 3740 deinde

1783 3777 1988 3830 visione
2026 3783 2082 3829 et
2134 3773 2409 3844 phantasia
2452 3773 2631 3827 omnia
2668 3773 3047 3843 apprehendit,
3092 3776 3223 3829 nihil
3271 3792 3364 3832 ve-

1782 3883 1900 3923 rum
1926 3866 2089 3931 videt,
2128 3864 2222 3920 sed
2275 3874 2358 3919 est
2394 3865 2584 3935 plenus
2612 3866 2837 3920 somniis
2865 3876 2919 3922 et
2944 3868 3190 3923 absurdis
3218 3882 3363 3938 saepe

1782 3959 1947 4014 rebus
1980 3976 1991 4011 :
2021 3959 2064 4011 si
2101 3957 2226 4028 quid
2267 3968 2445 4012 autem
2488 3957 2611 4011 boni
2649 3957 2861 4024 viderit,
2904 3959 3037 4012 nihil
3070 3957 3228 4013 habet
3272 3958 3359 4013 lir-

1782 4066 1928 4106 mum
1959 4064 2057 4105 nec
2081 4049 2331 4105 solidum.
2366 4048 2511 4103 Talis
2538 4057 2621 4103 est
2650 4048 2756 4103 vita
2783 4064 3019 4118 prasens
3052 4066 3065 4102 :
3094 4058 3177 4104 est
3206 4051 3362 4119 plena

1782 4144 2005 4200 somniis
2033 4153 2085 4198 et
2121 4142 2345 4198 visione.
2380 4141 2584 4195 Divitia:
2624 4152 2748 4195 sunt
2778 4142 3065 4208 somnium,
3093 4152 3146 4197 et
3170 4143 3359 4211 gloria,

1781 4245 1835 4291 et
1864 4249 2215 4305 quaaeumque
2245 4242 2370 4289 sunt
2400 4232 2720 4302 hujusmodi.
2750 4232 2849 4295 Qui
2891 4232 3108 4298 dormit,
3138 4248 3199 4287 ea
3240 4250 3361 4303 qua:

1783 4338 1907 4384 sunt
1948 4338 2004 4383 et
2028 4343 2149 4399 qua:
2179 4341 2307 4382 vere
2333 4327 2637 4381 consistunt
2672 4340 2777 4377 non
2815 4323 2957 4378 videt
2984 4341 2999 4377 :
3026 4339 3146 4392 qua:
3179 4334 3358 4379 autem

1783 4435 1889 4474 non
1921 4427 2067 4483 sunt,
2103 4429 2372 4487 tamquam
2417 4430 2538 4484 quae
2587 4415 2695 4468 sint
2737 4414 2945 4469 visione
2984 4413 3357 4483 apprehendit.

1781 4510 1912 4565 Tale
1960 4518 2043 4564 est
2089 4509 2295 4571 vitium,
2337 4515 2393 4562 et
2435 4520 2555 4576 qua)
2598 4506 2651 4561 in
2688 4506 2817 4560 vitio
2862 4506 3037 4576 agitur
3072 4505 3178 4560 vita
3208 4521 3223 4560 :
3252 4521 3360 4561 non

1780 4601 1926 4657 videt
1962 4616 2082 4672 qua:
2125 4608 2268 4662 sunt,
2299 4599 2399 4653 hoc
2428 4607 2527 4663 est,
2580 4596 2895 4668 spiritualia,
2941 4597 3194 4663 molestia,
3240 4614 3358 4652 tua-

1782 4694 1996 4758 nentia;
2026 4693 2120 4746 sed
2150 4706 2269 4761 quae
2293 4689 2466 4744 ﬂuunt
2492 4700 2546 4745 et
2572 4690 2807 4757 avolant,
2837 4700 2888 4745 et
2916 4691 3023 4745 cito
3042 4706 3071 4744 a
3096 4691 3250 4745 nobis
3276 4708 3361 4745 re-

1780 4786 1983 4840 siliunt.
2013 4783 2129 4839 Non
2157 4784 2288 4840 satis
2308 4794 2393 4840 est
2411 4793 2585 4838 autem
2616 4783 2853 4854 vigilare,
2881 4794 2933 4839 et
2957 4799 3075 4841 esse
3095 4786 3356 4853 sobrium,

1781 4878 1877 4933 sed
1918 4877 2080 4931 etiam
2122 4884 2337 4945 Oportet
2364 4875 2582 4929 armari.
2625 4875 2755 4929 Nam
2802 4876 3007 4931 etiamsi
3036 4878 3155 4948 quis
3183 4880 3251 4933 sit
3283 4879 3358 4932 vi.

1781 4974 1950 5044 gilans
1988 4979 2044 5026 et
2069 4970 2300 5033 sobrius,
2335 4983 2439 5023 non
2472 4968 2663 5022 habeat
2705 4980 2884 5023 autem
2914 4984 3081 5034 arma,
3121 4974 3357 5026 latrones

1782 5081 1903 5121 eum
1931 5066 2037 5119 cito
2076 5063 2383 5118 conﬁciunt.
2414 5060 2544 5117 Cum
2572 5077 2700 5131 ergo
2731 5077 2830 5117 nos
2856 5073 3098 5132 oporteat
3138 5073 3192 5118 et
3220 5064 3354 5132 vigi-

1782 5157 1915 5222 lare,
1955 5166 2008 5211 et
2038 5170 2159 5209 esse
2189 5154 2417 5219 sobrios,
2446 5163 2500 5209 et
2526 5155 2756 5218 armari;
2798 5155 2964 5207 simus
2991 5163 3167 5209 autem
3208 5154 3355 5211 iner-

1781 5264 1897 5305 tnes
1925 5259 1981 5304 et
2003 5248 2149 5313 nudi,
2193 5260 2248 5302 et
2276 5247 2603 5301 dormiamus
2633 5264 2647 5301 :
2680 5247 2799 5317 quis
2824 5246 3024 5301 vetabit
3070 5247 3354 5317 quominus

1780 5344 1832 5399 in
1873 5356 1973 5396 nos
1997 5340 2195 5399 deligat
2224 5354 2407 5394 ensem
2432 5339 2455 5390 ?
2482 5338 2660 5405 Quare
2696 5338 3001 5408 signiﬁcans
3038 5340 3203 5392 armis
3220 5352 3353 5406 opus

1781 5449 1901 5491 esse
1928 5432 2102 5499 nobis,
2131 5432 2399 5501 subjungit
2428 5447 2440 5484 :
2470 5432 2522 5486 8.
2572 5429 2684 5485 Nos
2723 5441 2891 5484 autent
2918 5430 3006 5499 qui
3032 5430 3132 5484 dici
3155 5446 3349 5494 sumus,

1779 5527 2063 5598 vigilemus,
2089 5526 2255 5578 induti
2298 5524 2507 5577 loricam
2549 5523 2668 5591 ﬁdei
2707 5532 2753 5575 et
2794 5522 3043 5587 caritatis,
3072 5530 3119 5574 ct
3156 5520 3355 5590 galeam

1780 5634 1921 5688 spem
1968 5618 2167 5672 salutis.
2220 5615 2392 5679 Fidei,
2436 5616 2624 5684 inquit,
2670 5625 2714 5666 et
2756 5614 2998 5667 caritatis.
3044 5613 3141 5668 llic
3190 5612 3351 5666 vitam

1780 5709 1955 5766 innuit
1983 5716 2037 5764 et
2066 5717 2211 5764 recta
2236 5707 2501 5778 dogmata.
2531 5704 2660 5761 Vide
2686 5706 2953 5776 quomodo
2975 5704 3206 5760 ostendit
3228 5704 3353 5773 quid

1782 5805 1852 5860 sit
1883 5802 2100 5875 vigilare
2133 5811 2189 5859 et
2215 5815 2335 5858 esse
2364 5797 2625 5869 sobrium,
2666 5816 2859 5872 nempe
2895 5800 3091 5856 habere
3130 5798 3353 5855 loricam
