3964 6508
653 330 752 389 ιδ,

656 447 778 503 lidei
807 457 862 503 et
885 448 1145 503 caritatis.
1182 447 1299 503 Non
1329 447 1571 517 quamvis
1607 444 1740 500 dicit
1765 442 1948 508 ﬁdem,
1986 437 2081 495 sed
2124 436 2234 492 fer-

654 550 889 607 ventem,
916 540 1205 605 sinceram,
1235 555 1356 609 qua:
1385 547 1527 594 tutos
1555 552 1770 592 servare
1801 535 1964 605 possit
1990 546 2052 587 ea
2081 539 2238 584 utenv

656 642 758 687 tes.
799 632 947 687 Sicut
990 631 1208 685 loricam
1256 629 1389 684 nihil
1435 628 1588 684 facile
1630 625 1965 690 dissecuerit,
2014 621 2109 677 sed
2154 628 2239 675 est

655 729 896 780 occultus
932 738 1119 778 murus
1147 723 1349 794 pectori
1382 742 1397 777 :
1431 721 1501 775 ita
1541 720 1701 776 etiam
1739 729 1794 773 tu
1824 716 1979 772 fidem
2009 724 2064 769 et
2091 711 2235 768 cari-

654 827 815 871 tatem
844 817 999 885 adige
1025 816 1237 878 animm,
1267 824 1324 870 et
1350 814 1554 868 nullum
1581 828 1649 867 ex
1681 810 1860 882 ignitis
1892 808 2012 863 telis
2035 801 2235 860 diaboli

656 908 850 976 poterit
893 906 1060 976 infigi.
1101 905 1199 961 Ubi
1236 904 1581 961 enim’armis
1621 902 1861 957 caritatis
1906 905 2139 969 protecta
2181 903 2239 951 et

656 1001 857 1053 munita
906 1010 990 1053 est
1043 998 1124 1052 vis
1174 997 1391 1063 animae,
1441 998 1619 1049 omnia
1678 1003 1882 1049 temere
1927 1005 1990 1044 ac
2038 987 2234 1044 frustra

655 1099 868 1147 struunt
891 1099 947 1144 et
976 1099 1169 1161 parant
1196 1089 1286 1156 qui
1320 1086 1639 1141 insidiantur
1666 1102 1681 1141 :
1715 1098 1889 1152 neque
1910 1080 2052 1134 enim
2084 1078 2238 1131 mali-

657 1186 750 1247 tia,
784 1198 887 1237 nec
919 1180 1234 1245 illilliiClliT,
1267 1195 1366 1234 nec
1400 1178 1619 1243 invidia,
1653 1191 1759 1229 non
1788 1173 2098 1233 assentatio,
2130 1183 2236 1222 non

659 1276 979 1348 hypocrisis,
1009 1284 1101 1328 aut
1137 1273 1262 1344 quid
1293 1271 1556 1343 ejusmodi
1590 1270 1821 1324 animam
1849 1264 2047 1334 poterit
2071 1263 2237 1315 attin-

659 1383 807 1439 gere.
840 1367 954 1422 Non
981 1368 1153 1422 solum
1183 1366 1318 1421 dixit
1344 1363 1644 1427 caritatem,
1673 1361 1767 1415 sed
1803 1369 2070 1428 tamquam
2106 1354 2235 1409 lori.

657 1475 777 1515 cam
808 1458 1037 1513 validam
1072 1458 1216 1511 indui
1246 1468 1499 1528 oportere
1522 1452 1677 1509 dixit.
1712 1449 1916 1506 Deinde
1944 1444 2237 1516 subjungit,

660 1552 726 1607 Et
765 1550 965 1623 galeam
1002 1567 1143 1619 spem
1174 1549 1375 1603 salutis.
1407 1548 1556 1603 Sicut
1594 1544 1737 1601 enim
1767 1542 1915 1614 galea
1958 1544 2241 1595 conservat

657 1645 711 1700 id
737 1643 880 1715 quod
919 1652 1004 1699 est
1043 1642 1367 1713 przecipuum
1402 1642 1452 1694 in
1483 1639 1658 1703 nobis,
1703 1650 1895 1705 nempe
1918 1641 2099 1703 caput,
2125 1644 2241 1684 am-

661 1737 901 1807 plectens
928 1744 985 1790 ct
1010 1734 1245 1805 undique
1275 1744 1459 1802 tegens
1490 1748 1503 1783 :
1533 1730 1604 1784 ita
1633 1727 1794 1783 etiam
1826 1740 1950 1795 spes
1982 1739 2087 1777 non
2115 1720 2243 1774 sinit

659 1830 922 1884 rationem
952 1827 1263 1891 concidere,
1296 1824 1390 1880 sed
1424 1832 1623 1877 rectam
1666 1817 1945 1875 constituit
1972 1824 2239 1884 tamquam

656 1932 858 1992 caput,
910 1921 1041 1976 nihil
1107 1930 1386 1975 externum
1452 1916 1504 1970 in
1561 1915 1734 1985 ipsum
1788 1912 1970 1968 sinens
2027 1908 2238 1963 cadere.

659 2013 924 2079 Quamdiu
964 2022 1143 2067 autem
1175 2009 1307 2066 nihil
1361 2010 1414 2063 in
1459 2022 1578 2063 eam
1609 2005 1773 2069 cadit,
1814 2018 1914 2058 nec
1951 2001 2062 2070 ipsa
2104 1998 2241 2053 labi-

658 2120 793 2166 tur:
824 2107 869 2161 is
908 2105 1052 2161 enim
1100 2104 1190 2175 qui
1230 2112 1313 2159 est
1353 2101 1436 2155 his
1478 2099 1644 2154 armis
1682 2097 1938 2160 munitus,
1979 2092 2089 2146 fieri
2134 2105 2241 2145 non

661 2214 837 2274 potest
864 2209 921 2255 ut
949 2200 1124 2254 cadat.
1158 2197 1363 2251 Manent
1398 2196 1531 2248 enim
1558 2193 1706 2261 ﬁdes,
1739 2207 1872 2259 spes,
1910 2189 2115 2251 caritas,
2146 2186 2243 2238 tria

661 2297 861 2365 tunc“.
892 2293 1010 2349 Cor.
1041 2294 1129 2347 {5.
1156 2291 1264 2360 13).
1300 2287 1499 2343 Deinde
1518 2300 1640 2340 cum
1670 2282 1910 2347 dixisset,
1940 2278 2163 2341 Induitc,
2190 2286 2245 2331 ct

656 2386 1045 2457 circumponite
1071 2425 1086 2448 ,
1118 2386 1233 2452 ipse
1272 2388 1495 2449 apparat
1531 2390 1701 2440 arma,
1744 2383 1800 2428 ct
1825 2370 2058 2427 ostendit
2099 2368 2244 2424 unde

659 2481 920 2553 prodeant
940 2478 1092 2542 fides,
1121 2488 1264 2546 spes.
1288 2481 1343 2527 et
1361 2471 1577 2535 caritas,
1600 2476 1656 2524 et
1676 2470 1802 2521 fiant
1820 2480 1968 2520 arma
1994 2461 2243 2518 fortiora:

661 2578 715 2631 ‘J.
752 2572 1006 2639 Quoniam
1053 2585 1156 2622 non
1186 2566 1353 2636 posuit
1380 2579 1471 2617 nos
1498 2562 1635 2615 Deus
1676 2561 1731 2613 in
1755 2560 1906 2625 iram,
1937 2556 2026 2610 sed
2056 2555 2108 2608 in
2153 2568 2244 2607 ac-

661 2666 982 2735 quisitionem
1005 2661 1183 2714 salutis
1220 2673 1309 2727 per
1339 2653 1613 2709 Dominum
1636 2661 1862 2705 nostrum
1886 2647 2064 2702 Iesum
2091 2642 2247 2701 Chri-

660 2769 816 2822 stum,
838 2756 924 2810 lO.
958 2754 1044 2825 qui
1067 2760 1293 2804 mortuus
1316 2756 1389 2801 est
1418 2763 1509 2815 pro
1534 2742 1695 2798 nobis.

733 2851 788 2905 ι.
830 2845 1192 2916 Quamobrem
1235 2857 1339 2896 non
1379 2840 1444 2894 ad
1478 2838 1581 2892 hoc
1624 2835 1834 2891 vocavit
1874 2842 1933 2888 ut
1975 2830 2240 2902 perderet,

664 2945 758 2999 sed
805 2952 863 2996 ut
906 2945 1167 2995 servaret.
1210 2932 1363 3001 Quod
1407 2940 1585 2986 autem
1632 2928 1737 2983 hoc
1780 2926 1928 2992 velit,
1976 2924 2242 2979 undenam

663 3035 912 3093 constat?
942 3033 1132 3088 Filium
1163 3044 1317 3085 suum
1348 3026 1496 3082 dedit
1526 3040 1622 3094 pro
1645 3021 1802 3078 nobis
1834 3036 1849 3075 :
1880 3020 2015 3075 adeo
2035 3017 2246 3073 deside-

665 3137 748 3183 rat
786 3136 843 3179 ut
887 3137 985 3178 nos
1021 3119 1154 3175 salvi
1193 3119 1381 3185 simus,
1412 3124 1469 3170 ut
1501 3113 1695 3169 Filium
1737 3127 1891 3167 suum
1922 3109 2148 3173 dederit,
2191 3117 2247 3161 et

665 3236 773 3275 non
812 3216 984 3271 solum
1013 3210 1240 3271 dederit,
1274 3208 1367 3262 sed
1413 3205 1623 3262 dederit
1662 3203 1730 3258 ad
1760 3210 2009 3257 mortem.
2054 3197 2133 3253 Ex
2163 3195 2246 3251 his

666 3306 1079 3381 cogitationibus
1103 3313 1159 3357 et
1185 3297 1706 3356 consideratiouibus
1737 3309 1859 3365 spes
1885 3291 2138 3347 nascitur.
2167 3288 2247 3346 Ne

665 3404 735 3459 de
762 3410 815 3457 te
843 3400 985 3456 enim
1011 3397 1288 3466 desperes,
1316 3409 1350 3449 o
1379 3392 1561 3457 homo,
1592 3389 1659 3445 ad
1689 3390 1854 3443 Deum
1881 3386 2125 3451 veniens,
2156 3383 2247 3454 qui

669 3504 886 3565 propter
912 3501 963 3547 te
998 3506 1064 3544 ne
1092 3488 1227 3543 Filio
1254 3485 1470 3557 quidem
1498 3498 1596 3538 suo
1625 3481 1861 3551 pepercit
1888 3496 1904 3534 :
1936 3493 2005 3533 ne
2031 3486 2247 3546 propter

667 3588 807 3644 mala
855 3580 1137 3654 pra-sentin
1181 3578 1418 3634 animum
1460 3573 1820 3644 despondeas.
1862 3569 1966 3638 Qui
1994 3567 2248 3639 Unigeni-

667 3690 779 3734 tum
800 3677 946 3733 dedit
973 3686 1029 3729 ut
1058 3684 1109 3730 te
1137 3678 1400 3736 servaret,
1431 3676 1485 3724 et
1509 3669 1743 3737 eriperet
1776 3679 1806 3719 a
1837 3663 2102 3731 gehenna,
2134 3658 2247 3714 cui-

669 3787 793 3828 nam
833 3769 902 3824 de
933 3776 1131 3822 cietero
1170 3772 1355 3834 parcet
1382 3775 1479 3832 pro
1518 3769 1605 3813 tua
1641 3756 1849 3813 salute?
1886 3752 2246 3823 Quamobrem

663 3870 876 3932 oportet
904 3858 1080 3912 omnia
1105 3856 1245 3910 booa
1274 3866 1515 3924 sperare.
1543 3850 1599 3906 Si
1627 3848 1769 3904 enim
1794 3847 1993 3901 iremus
2012 3843 2077 3899 ad
2105 3842 2247 3912 judi-

666 3970 784 4011 cem
807 3967 905 4009 nos
928 3950 1312 4021 iudicaturum,
1343 3953 1399 4000 et
1422 3944 1511 4015 qui
1539 3957 1636 4015 pro
1658 3940 1812 3995 nobis
1838 3947 2037 3994 tantam
2066 3946 2249 3992 osten-

666 4048 836 4102 disset
882 4041 1225 4098 dilectionem
1274 4046 1333 4092 ut
1386 4036 1551 4091 lilium
1600 4048 1754 4089 suum
1810 4038 2090 4093 mactaret,
2138 4042 2245 4083 non

666 4140 1161 4196 estimescrrcmus.
1204 4132 1351 4187 Bona
1408 4142 1536 4199 ergo
1581 4139 1861 4197 Speremus
1907 4133 1963 4179 et
2010 4136 2245 4191 magna:

665 4240 825 4302 caput
844 4230 987 4285 enim
1015 4236 1071 4284 et
1093 4239 1358 4282 summam
1375 4219 1702 4291 accepimus,
1725 4218 1770 4274 si
1793 4216 2080 4273 credimus.
2104 4213 2249 4269 Vidi-

667 4339 787 4379 mus
838 4321 981 4377 enim
1033 4317 1375 4388 exemplum;
1415 4312 1699 4383 diligamus
1745 4326 1759 4364 :
1809 4317 2062 4363 extremae
2103 4307 2246 4361 enim

666 4424 810 4472 esset
832 4413 1102 4478 amentice,
1137 4427 1261 4466 eum
1290 4425 1396 4465 non
1423 4408 1652 4478 diligere
1676 4404 1767 4476 qui
1799 4403 1869 4459 ita
1894 4411 1977 4458 est
2000 4404 2244 4458 affectus.

672 4506 739 4562 Ut
777 4506 878 4560 sive
919 4505 1201 4575 vigilemus,
1230 4505 1332 4557 sive
1360 4500 1692 4562 dormiamus,
1720 4497 1872 4552 simul
1904 4513 2018 4551 cum
2048 4495 2139 4549 illo
2168 4496 2247 4549 vi-

668 4614 860 4652 vamus.
892 4597 979 4650 il.
1010 4593 1229 4661 Propter
1252 4591 1387 4663 quod
1415 4591 1741 4645 consulamini
1767 4589 1976 4644 invicem
2000 4598 2047 4642 et
2074 4588 2247 4657 redi/i-

670 4702 779 4745 cate
806 4690 1128 4750 alterutrum,
1168 4687 1299 4740 sicut
1327 4695 1375 4740 et
1406 4684 1594 4755 facitis.
1626 4683 1693 4737 Et
1724 4696 1908 4737 rursus
1939 4679 2087 4747 alibi,
2127 4680 2249 4735 Sive

669 4784 951 4855 vigilemus,
974 4782 1075 4836 sive
1100 4778 1412 4833 dormiamus
1442 4778 1509 4848 (v.
1546 4777 1600 4848 6)
1632 4774 1727 4848 [a].
1757 4775 1861 4831 Sed
1883 4775 2112 4829 alterum
2136 4773 2248 4828 illic

668 4878 796 4932 dicit
817 4890 1086 4940 somnum,
1108 4883 1164 4929 et
1183 4872 1269 4927 hic
1290 4872 1514 4927 alterum
1544 4890 1557 4926 :
1590 4871 1676 4925 hic
1698 4872 1839 4926 enim
1867 4880 2093 4927 mortem
2118 4871 2249 4925 dicit

668 4966 1024 5037 corporalem,
1049 4965 1158 5019 illic
1178 4978 1305 5018 vero
1331 4964 1590 5017 incuriam
1616 4964 1757 5017 circa
1786 4966 1966 5017 vitam.
1998 4962 2110 5018 Hoc
2139 4974 2247 5029 est,

672 5059 910 5116 Pericula
954 5073 1024 5113 ne
1071 5056 1403 5122 formidatis;
1450 5055 1657 5111 etiamsi
1707 5058 1900 5111 mortui
1949 5058 2244 5123 fuerimus,

668 5154 907 5207 vivemus
950 5166 965 5204 :
1005 5164 1074 5204 ne
1115 5148 1399 5218 desperes,
1455 5148 1705 5219 quoniam
1757 5164 1816 5205 es
1867 5150 1918 5204 in
1970 5150 2244 5220 periculo;

670 5245 837 5300 habes
879 5243 1069 5314 pignus
1114 5250 1323 5297 certum
1365 5249 1421 5297 et
1463 5240 1695 5296 validum
1754 5258 1767 5295 :
1823 5242 1869 5296 si
1919 5258 2024 5297 non
2076 5243 2246 5296 nostri

667 5351 852 5392 amore
901 5333 1055 5389 valde
1101 5332 1349 5399 arderet,
1400 5332 1593 5387 Filium
1642 5347 1796 5387 suum
1846 5350 1949 5388 non
1986 5334 2244 5391 dedisset.

666 5428 1022 5498 Quamobrem
1048 5428 1255 5483 etiamsi
1286 5437 1530 5482 mortuus
1555 5426 1740 5490 fueris.
1768 5429 1915 5483 vives
1940 5448 1954 5484 :
1979 5444 2099 5485 nam
2133 5433 2247 5500 ipse

667 5537 880 5594 quoque
903 5529 986 5575 est
1013 5530 1273 5574 mortuus.
1299 5517 1423 5574 Sive
1452 5533 1580 5589 ergo
1605 5522 1800 5574 mortui
1826 5519 2106 5591 fuerimus,
2133 5525 2246 5580 sive

733 5676 813 5749 (a)_
839 5674 1018 5747 Melius
1041 5676 1295 5787 legeretur
1315 5689 1446 5749 anon
1471 5675 1791 5748 dormiamus.
1819 5673 1903 5751 seti
1930 5678 2177 5743 vigilemus
2199 5689 2245 5734 et

733 5738 815 5787 πη
836 5746 1067 5787 ssmusntt
1113 5740 1301 5787 iubetur
1336 5752 1384 5785 ιη
1418 5745 1557 5787 textu
1581 5753 1728 5787 auem
1751 5746 2002 5787 cttavunus
2034 5749 2087 5787 et
2108 5753 2245 5787 certe

671 5738 815 5803 sobrii
836 5738 1067 5803 adornauit
1096 5738 1301 5803 habetur
1336 5739 1384 5785 in
1418 5745 1728 5803 textn_quem
1751 5738 2002 5790 citav'tmus
2034 5749 2087 5793 et
2108 5753 2245 5797 certe

673 5799 724 5849 lu
745 5807 913 5851 mente
937 5801 1104 5851 habuit
1128 5801 1509 5865 Cbrysostomus.
1537 5799 1710 5851 Mtinda
1732 5803 2057 5865 subrepserit.

1390 326 1447 382 S.
1487 324 1763 381 JOANNlS
1799 315 2269 378 CllRYSOS'l'OMI
2300 314 2613 372 ARCHIEP.
2644 315 3174 376 CONSTANTINOP.
3723 346 3786 401 ‘52

2344 456 2607 522 vivamus,
2651 472 2773 512 cum
2820 458 2937 527 ipso
2980 459 3236 513 vivemus.
3278 458 3387 516 Hoc
3425 471 3499 518 est
3535 463 3783 528 indiﬂems;

2342 547 2473 602 nihil
2503 564 2621 603 mea
2655 549 2819 603 refert
2848 550 3094 604 vivamue
3119 565 3186 604 an
3238 557 3455 617 moriar;
3483 568 3587 611 cum
3610 560 3679 615 illo
3697 520 3784 622 enini

2340 640 2604 693 vivemus.
2642 640 2831 695 Omnia
2865 655 2996 711 ergo
3033 656 3250 711 agamus
3292 658 3387 712 pro
3423 646 3500 701 illa
3538 650 3643 718 vita,
3673 662 3788 713 omni.

2341 745 2630 802 operemur
2656 731 2722 786 ad
2755 732 2898 787 illam
2929 734 3268 803 aSpicientes.
3300 736 3539 795 Tenebrae
3560 751 3627 796 est
3652 747 3785 811 vilium,

2342 836 2376 874 ο
2411 820 2627 887 dilecte,
2668 837 2817 877 mors
2843 832 2946 886 est.
2977 838 3082 878 nox
3122 836 3228 888 est,
3275 827 3404 880 nihil
3445 830 3649 887 videmus
3672 853 3787 895 eorum

2340 928 2460 983 qua:
2486 925 2719 983 oportet,
2748 914 2881 970 nihil
2909 916 3114 987 agimus
3142 930 3324 971 eorum
3353 934 3464 988 quae
3485 928 3699 981 wnvenit.
3721 930 3785 985 Sic-

2344 1013 2402 1059 ut
2434 1007 2629 1061 mortul
2660 1017 2785 1062 sunt
2811 1006 3084 1064 deformes
3108 1017 3163 1063 et
3182 1009 3369 1076 faetidi,
3402 1012 3464 1065 ita
3498 1016 3651 1070 anima:
3671 1035 3787 1076 eorum

2342 1098 2432 1168 qui
2479 1108 2603 1152 sunt
2651 1100 2703 1154 in
2746 1101 2896 1168 vitio,
2941 1109 3069 1155 sunt
3110 1101 3281 1170 plena:
3321 1103 3476 1157 multa
3523 1106 3788 1166 immunditia:

2342 1190 2510 1245 clausi
2538 1200 2664 1243 sunt
2688 1206 2877 1246 eorum
2910 1192 3076 1258 oculi,
3104 1207 3168 1248 os
3198 1200 3281 1248 est
3308 1210 3648 1266 compressum,
3669 1203 3789 1257 immu-

2345 1281 2481 1336 biles
2508 1292 2727 1337 manent
2755 1283 2807 1337 in
2839 1284 2978 1339 lecto
3004 1285 3116 1339 vitii
3141 1303 3155 1349 ;
3186 1285 3295 1341 imo
3334 1302 3455 1341 vero
3482 1300 3587 1341 sunt
3609 1293 3791 1349 miserabi-

2342 1371 2507 1429 liores
2536 1376 2601 1429 iis
2629 1376 2822 1445 quibus
2850 1376 2964 1431 haec
2992 1378 3261 1433 accidunt.
3306 1378 3434 1433 Nam
3470 1380 3543 1434 isti
3580 1385 3734 1451 quidem
3754 1390 3790 1442 ad

2344 1476 2568 1535 utraque
2593 1476 2713 1521 sunt
2752 1467 2984 1532 mortui;
3019 1469 3093 1523 illi
3121 1480 3301 1524 autem
3334 1470 3396 1523 ad
3423 1471 3634 1525 virtutem
3657 1477 3790 1543 quidem

2344 1557 2494 1611 nullo
2524 1567 2649 1613 sunt
2686 1572 2846 1613 sensu
2877 1558 3102 1629 prtcditi,
3135 1560 3380 1614 viventes
3411 1573 3568 1615 autem
3596 1564 3789 1622 Idl’lllltm.

2345 1647 2609 1702 Mortuum
2638 1649 2682 1703 si
2710 1649 2830 1718 quis
2863 1650 3204 1718 percusserit,
3234 1665 3341 1705 non
3369 1643 3520 1706 sentit
3551 1670 3631 1710 nec
3657 1659 3787 1713 ulcisci-

2346 1752 2451 1806 tur,
2479 1741 2572 1797 sed
2602 1743 2742 1798 sicut
2770 1743 2971 1814 lignum
2997 1744 3231 1809 aridum,
3257 1746 3326 1799 ita
3349 1746 3497 1801 etiam
3521 1748 3659 1803 anima
3678 1768 3787 1809 rem

2343 1844 2429 1888 est
2473 1833 2641 1898 arida,
2694 1843 2752 1888 ut
2795 1850 2915 1905 qua:
2961 1836 3125 1891 vitam
3175 1836 3416 1891 amiserit
3456 1856 3469 1891 :
3507 1838 3787 1896 innumerabilia

2343 1926 2583 1995 quotidie
2622 1928 2817 1997 accipit
2860 1927 3104 1994 vulnera,
3146 1938 3201 1985 et
3244 1929 3377 1983 nihil
3418 1932 3579 1994 sentit.
3611 1933 3679 1987 sed
3706 1936 3787 1988 nullo

2343 2019 2535 2075 dolore
2560 2020 2787 2076 afficitur
2808 2020 2876 2076 ad
2896 2023 3093 2079 omnia.
3123 2021 3237 2077 Non
3265 2023 3573 2078 aberraverit
3593 2025 3627 2077 si
3645 2026 3789 2092 quiseas

2343 2122 2620 2183 comparet
2649 2113 2885 2181 furiosis,
2919 2114 3086 2169 ebriis
3113 2123 3168 2169 et
3192 2114 3546 2169 delirantibus.
3573 2114 3667 2169 llaec
3684 2129 3787 2168 autin

2344 2206 2524 2259 omnia
2573 2205 2733 2260 habet
2778 2204 2991 2270 vitium,
3034 2216 3090 2261 et
3133 2205 3383 2260 omnibus
3428 2206 3584 2259 adhuc
3623 2207 3789 2276 gmina.

2344 2297 2573 2352 Furioso
2603 2298 2824 2352 multmn
2852 2298 3145 2367 ignoscitur
3167 2313 3195 2350 a
3226 2297 3547 2363 videntibus;
3569 2312 3650 2351 non
3668 2297 3791 2352 labant

2345 2390 2489 2445 enim
2531 2391 2719 2445 morbo
2768 2391 2923 2446 liberi
2960 2390 3187 2455 arbitrii,
3232 2390 3327 2445 sed
3366 2390 3521 2445 solius
3560 2400 3792 2448 naturane

2346 2491 2525 2537 autem
2558 2484 2646 2550 qui
2675 2484 2821 2552 degit
2852 2484 2905 2537 in
2934 2483 3064 2537 vitio
3092 2483 3365 2552 quomodo
3398 2483 3687 2552 ignoscetur?
3707 2482 3792 2537 Unde

2348 2589 2478 2645 ergo
2522 2575 2752 2629 vitium?
2782 2577 2924 2631 unde
2954 2576 3011 2629 fit
3053 2575 3194 2645 quod
3241 2577 3418 2643 plures
3459 2585 3568 2629 sunt
3604 2575 3792 2628 malill'n-

2346 2666 2895 2739 denam?interrogas
2927 2680 3015 2723 tu:
3054 2670 3140 2724 die
3176 2669 3310 2724 mihi
3344 2669 3584 2724 undenam
3606 2681 3666 2723 est
3684 2671 3790 2723 vitium

2348 2760 2696 2816 morborum?
2724 2760 2864 2815 unde
2892 2762 3099 2816 morbi?
3121 2762 3263 2818 unde
3291 2773 3372 2818 est
3409 2762 3791 2833 plirenesislunde-

2348 2865 2471 2907 nam
2511 2860 2595 2907 est
2618 2852 2795 2921 gravis
2821 2855 3083 2908 somnus?
3120 2868 3301 2909 annon
3332 2870 3396 2910 ex
3441 2855 3632 2925 segnitie
3655 2863 3693 2909 et
3713 2854 3793 2923 igu-

2348 2945 2481 3000 via?
2508 2943 2567 3000 Si
2608 2944 2777 2999 morbi
2812 2946 3082 3000 naturales
3125 2945 3326 3001 habent
3370 2947 3558 3000 initium
3584 2946 3636 3001 ab
3657 2946 3792 3013 eligunt

2346 3039 2655 3104 voluntate,
2716 3040 2887 3095 multo
2940 3039 3107 3110 magis
3167 3041 3259 3109 qui
3318 3050 3440 3096 sunt
3492 3040 3619 3095 liberi
3656 3039 3789 3093 arlntrii.

2350 3132 2503 3190 Unde
2553 3132 2827 3188 ebrietas?
2883 3148 3061 3187 annon
3129 3148 3195 3190 ex
3249 3135 3414 3189 animi
3478 3130 3793 3201 intemperantia?

2348 3227 2668 3298 phrenesis,
2717 3241 2895 3282 annon
2940 3242 3007 3282 ex
3050 3227 3212 3282 nimia
3264 3227 3428 3284 febris
3470 3227 3554 3281 vi?
3605 3225 3719 3279 febris
3744 3239 3793 3275 an-

2349 3328 2479 3385 tem,
2516 3333 2693 3373 annon
2737 3334 2803 3372 ex
2834 3318 3115 3373 elementis
3156 3333 3280 3388 qua:
3318 3317 3572 3373 abundant
3606 3316 3647 3372 in
3682 3315 3794 3369 nobis’

2347 3425 2533 3465 corum
2573 3418 2751 3465 autem
2778 3424 2896 3480 quae
2921 3419 3046 3464 sunt
3075 3410 3126 3463 in
3156 3409 3313 3463 nobis
3339 3409 3493 3463 nimia
3532 3407 3792 3461 elementum

2348 3502 2692 3567 abundantia,
2723 3516 2902 3556 annon
2945 3516 3011 3556 ex
3060 3501 3288 3573 segnitie
3331 3510 3386 3557 et
3420 3517 3481 3556 ex
3521 3515 3579 3556 eo
3612 3497 3796 3567 quodnon

2348 3593 2694 3648 attendatur?
2739 3593 2967 3660 Quando
3009 3595 3151 3648 enim
3196 3592 3282 3649 vel
3324 3593 3527 3649 defectu
3563 3591 3629 3646 vel
3660 3602 3797 3655 exuite

2348 3686 2559 3741 ratione
2597 3686 2940 3740 eduxerimns
2984 3684 3268 3740 humornm
3317 3696 3597 3740 nosuorum
3634 3679 3794 3736 immode-

2348 3778 2634 3842 rationem,
2678 3778 2854 3847 ignem
2901 3778 3051 3831 illum
3093 3776 3455 3832 accendimus.
3496 3776 3679 3837 Rursus,
3700 3772 3727 3825 si
3745 3784 3794 3819 π·

2348 3886 2566 3927 censam
2614 3870 2882 3926 flammam
2929 3885 3211 3940 pergamus
3263 3871 3567 3941 despicere,
3609 3879 3738 3937 rogum
3768 3863 3795 3913 in

2350 3962 2507 4018 nobis
2545 3960 2833 4028 efficimus,
2864 3977 3021 4032 quem
3055 3977 3122 4017 ne
3152 3976 3435 4031 possumus
3467 3960 3648 4030 quidem
3676 3955 3795 4010 exstin-

2347 4069 2531 4124 gnere.
2559 4053 2630 4108 Ita
2662 4054 2824 4109 etiam
2866 4054 2921 4108 fit
2954 4053 3005 4107 in
3032 4053 3180 4117 vitio,
3217 4053 3429 4123 quando
3462 4053 3613 4124 ipsum
3637 4047 3797 4116 incipiens

2349 4159 2456 4201 non
2495 4144 2839 4215 prohibemus
2880 4158 2981 4200 nec
3016 4143 3399 4211 exscindimus,
3439 4157 3593 4214 neque
3626 4140 3674 4193 ad
3705 4140 3795 4189 tinea

2348 4236 2466 4307 ejus
2507 4236 2764 4308 deinceps
2805 4249 3090 4306 possumus
3130 4236 3435 4305 pervenire,
3474 4233 3558 4290 sed
3596 4232 3637 4287 id
3672 4238 3798 4284 nosms

2349 4328 2494 4384 vires
2531 4337 2766 4399 superat.
2802 4326 3161 4394 Quamobrem
3207 4341 3338 4398 rogo
3382 4326 3549 4381 omnia
3577 4326 3632 4379 ita
3664 4330 3797 4389 agam

2349 4431 2408 4476 ut
2429 4434 2714 4489 numquam
2751 4418 3124 4474 dormitemus.
3151 4418 3266 4472 Non
3289 4418 3479 4473 videtis
3502 4415 3621 4486 quod
3643 4428 3726 4467 cum
3748 4423 3797 4461 w-

2352 4514 2534 4568 stodes
2561 4526 2705 4580 saepe
2746 4525 2938 4565 somno
2981 4526 3043 4566 se
3076 4526 3260 4581 parum
3301 4510 3555 4575 dederint,
3592 4506 3655 4562 eis
3682 4515 3794 4569 magis

2349 4603 2588 4659 custodia
2613 4602 2741 4656 nihil
2767 4602 3001 4671 profuit?
3023 4619 3144 4658 nam
3175 4618 3272 4672 per
3297 4601 3426 4657 illud
3453 4615 3645 4673 paucum
3667 4595 3796 4649 univcr-

2349 4712 2465 4753 sum
2508 4695 2879 4765 perdiderunt.
2912 4712 3102 4767 magna
3144 4696 3266 4751 data
3300 4696 3503 4751 licentia
3538 4708 3591 4747 ac
3614 4688 3798 4745 securi!ale

2351 4791 2399 4844 ei
2422 4788 2511 4858 qui
2540 4786 2769 4842 voluerit
2795 4787 3061 4841 sulfurari.
3096 4786 3229 4841 Nam
3259 4787 3396 4841 sicut
3422 4802 3512 4841 nos
3536 4798 3624 4838 non
3648 4773 3795 4833 invide

2350 4897 2469 4937 mus
2504 4881 2649 4937 fures
2694 4882 2834 4936 sicut
2876 4881 2950 4935 illi
2978 4895 3097 4947 nos,
3127 4883 3196 4935 ita
3222 4882 3379 4935 etiam
3405 4879 3623 4934 diabolus
3645 4872 3795 4925 omnium

2348 4975 2578 5031 maxime
2620 4976 2782 5029 instat
2808 4984 2863 5030 et
2898 4973 3175 5030 insidiatur
3206 4983 3261 5030 et
3299 4973 3483 5029 stridet
3521 4968 3725 5025 dentibus.
3754 4958 3796 5011 Ne

2350 5069 2511 5137 igitur
2534 5068 2884 5122 dormitemus
2909 5085 2923 5122 :
2951 5082 3017 5122 ne
3042 5066 3302 5130 dicamus,
3342 5064 3478 5120 Nihil
3523 5061 3625 5118 mali
3661 5072 3705 5112 ex
3738 5052 3795 5105 htc

2349 5159 2561 5225 accidit,
2592 5158 2721 5212 nihil
2747 5173 2811 5213 ex
2841 5158 2956 5215 illo.
2985 5158 3137 5214 Unde
3167 5174 3270 5213 non
3301 5154 3693 5228 exspectavimus,
3712 5154 3793 5209 ςτινε

2350 5250 2547 5307 fuimus
2574 5252 2806 5321 spoliati.
2836 5252 2912 5307 lla
2940 5252 3096 5307 etiam
3130 5251 3184 5306 in
3227 5252 3373 5317 vitio,
3415 5248 3542 5304 unde
3567 5260 3649 5300 non
3678 5248 3792 5303 exste-

2350 5343 2629 5408 ctavimus,
2680 5343 2953 5412 periimus.
2986 5341 3173 5396 Omnia
3225 5342 3499 5413 diligenter
3560 5346 3604 5391 et
3634 5335 3793 5387 aecum“

2350 5436 2840 5504 circumspiciamus
2866 5452 2879 5489 :
2904 5450 2971 5490 ne
2999 5435 3320 5490 inebriemur
3363 5444 3413 5489 et
3436 5449 3528 5487 non
3550 5426 3787 5484 dormientes;

2351 5541 2420 5582 ne
2447 5542 2544 5581 nos
2570 5526 2886 5596 expleamus
2910 5526 3137 5591 deliciis,
3166 5536 3221 5581 et
3249 5542 3348 5581 non
3374 5524 3677 5581 dormiamus;
3697 5506 3788 5567 "83d

2349 5634 2411 5674 ea
2448 5635 2567 5688 qua:
2601 5628 2723 5673 sunt
2749 5627 2969 5672 externa
2997 5619 3341 5685 insaniamus,
3368 5627 3420 5673 et
3453 5606 3786 5687 perseverabimus

2349 5710 2404 5765 in
2447 5710 2774 5765 sobrietate:
2804 5724 2901 5766 nos
2941 5713 3081 5765 omni
3110 5726 3175 5766 cx
3216 5721 3361 5784 parte
3404 5694 3785 5776 componamusul

2350 5801 2490 5858 sicut
2527 5816 2618 5859 eos
2645 5803 2733 5872 qui
2781 5818 2942 5874 super
2980 5803 3158 5860 funem
3184 5807 3434 5861 intonsum
3469 5797 3784 5873 gradimuuLM
