3964 6518
130 369 245 426 851

119 484 255 538 πὼν
279 479 500 550 ἐπάγει·
519 478 627 533 Καὶ
646 475 1138 545 περικεφαῑιιίαν,
1161 472 1379 527 ἐλπίδα
1400 472 1718 539 σωτηρίας.

121 573 405 641 Καθάπερ
431 570 596 640 γάρή
629 566 1025 637 περικεφαλαία
1070 564 1131 615 τὸ
1176 562 1388 633 καίριον
1422 561 1585 625 σώζει
1612 560 1722 613 τῶν

116 663 185 713 ἐν
218 661 382 729 ἡμῖν,
441 656 539 727 τὴ)
584 655 826 724 κεφαλὴν
861 651 1264 722 περιϐάλλουσα
1320 650 1415 702 καὶ
1460 647 1724 701 πάντοθεν

121 750 477 815 στεγάζουσα
504 763 519 776 ·
580 743 726 801 οῦτω
785 742 879 796 καὶ
932 743 965 811 ἠ
994 740 1150 803 ἐλπὶς
1182 739 1272 792 τὸν
1320 738 1579 807 λογισμὸν
1629 737 1731 789 οὑκ

118 839 332 907 ἀφίησι
357 836 654 897 διαπεσεῖν,
685 830 801 885 ἀλλ’
826 829 984 899 ὀρθὸν
1008 830 1221 895 ἵστησιν
1251 828 1436 897 ὥσπερ
1467 825 1726 895 κεφαλὴν,

118 924 289 979 οὐδὲν
323 924 431 976 τῶν
462 921 659 985 ἔξωθεν
686 919 762 981 είς
791 916 953 970 αὑτὸν
986 920 1173 969 πεσεῖν
1215 915 1381 969 ἐῶσα.
1420 914 1564 975 Ἕως
1592 913 1637 965 δ’
1661 912 1728 966 ἂν

124 1012 306 1081 μηδὲν
325 1007 725 1076 καταφέρηται,
751 1005 872 1057 οὐδε
902 1003 1040 1074 αῦτη
1074 1003 1437 1056 ἐπολισθαίνει
1458 1017 1475 1033 ο
1494 1002 1585 1054 τὸν
1620 1000 1727 1069 7&9

119 1101 349 1162 τούτοις
380 1099 769 1168 πεφραγμένον
792 1096 903 1157 τοῖς
931 1094 1115 1157 ὅπλοις
1141 1094 1239 1146 οὐκ
1260 1093 1337 1147 ἔνι
1366 1092 1495 1145 ποτέ
1518 1094 1722 1144 πεσεῖν.

120 1189 316 1243 Μένει
350 1187 483 1254 γὰρ,
517 1185 674 1254 φησὶ,
705 1184 933 1246 πίστις,
978 1182 1177 1245 ἐλπίς,
1220 1180 1442 1250 ἀγάπη,
1481 1181 1553 1234 τὰ
1594 1178 1729 1247 τρία

121 1274 346 1327 ταῦτα.
377 1270 513 1326 Εἶτα
540 1271 728 1331 εἰπὼν,
759 1269 1051 1323 ἐνδύσασθε
1081 1271 1176 1321 καὶ
1205 1268 1513 1338 περιθέσθε,
1565 1267 1727 1329 αὐτὸς

120 1360 543 1424 κατασκευάζει
575 1358 644 1412 τὰ
688 1358 829 1412 ὅπλα
857 1358 1061 1424 λοιπὸν,
1093 1358 1189 1411 καὶ
1213 1357 1483 1411 δείκνυσιν
1516 1356 1639 1410 ὅθεν
1660 1355 1726 1408 ἂν

117 1449 358 1520 τεχθείη
384 1448 569 1509 πίστις
598 1446 694 1500 καὶ
731 1445 889 1509 ἐλπὶς
937 1445 1031 1497 καὶ
1078 1445 1291 1514 ἀγάπη,
1340 1446 1436 1497 καὶ
1481 1444 1549 1497 τά
1588 1444 1727 1497 ὅπλα

123 1538 471 1608 ἰσχυρότερα
518 1536 751 1604 γένοιτο,
812 1534 1033 1602 ἐπάγων
1080 1535 1175 1586 καὶ
1204 1533 1378 1601 λέγων
1404 1550 1419 1565 ·
1446 1532 1577 1585 Ὀτι
1614 1535 1726 1585 οὐκ

117 1627 305 1680 ἔθετο
328 1624 488 1693 ἡμᾶς
514 1627 545 1677 ό
564 1623 707 1689 Θεὸς
732 1624 821 1689 είς
840 1621 1048 1691 ὀργὴν,
1078 1622 1216 1676 ἀλλ’
1239 1624 1326 1687 είς
1345 1620 1728 1688 περιποίησιν

117 1713 440 1782 σωτηρίας
467 1711 565 1764 διὰ
612 1710 723 1763 τοῦ
753 1709 975 1776 Κυρίου
1009 1707 1180 1778 ἡμῶν
1214 1708 1418 1778 Ἰησοῦ
1446 1707 1725 1777 Χριστοῦ,

120 1801 246 1856 τοῦ
276 1797 694 1862 ἀποθανόντος
732 1795 888 1863 ὑπὲρ
916 1794 1109 1865 ήμῶν.

202 1966 272 2017 δ’.
294 1961 459 2013 ’Ὥστε
484 1957 547 2012 οῦ
586 1952 723 2030 πρὸς
749 1958 909 2011 τοῦτο
927 1958 1187 2013 ἐκάλεσεν
1233 1959 1315 2022 είς
1351 1959 1413 2013 τὸ
1441 1959 1723 2023 ἀπολέσαι,

119 2052 249 2109 ἀλλ’
303 2052 388 2110 είς
439 2048 502 2101 τὸ
547 2048 740 2103 σῶσαι.
795 2049 905 2102 Καὶ
956 2050 1038 2102 ότι
1089 2048 1246 2102 τοῦτο
1268 2048 1536 2118 βούλεται,
1563 2049 1726 2103 πόθεν

116 2138 297 2209 δῆλον
324 2153 340 2201 ;
371 2135 475 2188 Τὸν
516 2135 643 2188 Υίὸν
672 2135 837 2187 αὑτοῦ
869 2135 1072 2188 ἔδωκεν
1111 2136 1250 2206 ὑπὲρ
1283 2137 1462 2208 ἡμῶν,
1522 2138 1686 2207 φησίν
1709 2154 1721 2166 ·

119 2226 312 2288 οὕτως
341 2226 487 2295 ἡμᾶς
518 2222 778 2292 ἐπιθυμεῖ
811 2222 1073 2292 σωθῆναι,
1126 2224 1208 2277 ὅτι
1253 2225 1344 2276 τὸν
1393 2224 1519 2277 Υίὸν
1561 2225 1727 2278 αὑτοῦ

121 2315 332 2376 ιδωκε,
360 2312 456 2365 καὶ
473 2313 572 2381 οὐχ
592 2310 781 2374 ἁπλῶς
810 2310 1031 2377 ἔδωκεν,
1056 2311 1169 2365 ἀλλ’
1203 2314 1280 2375 εἰς
1312 2313 1560 2369 θάνατον.
1592 2316 1731 2369 Ἀπὸ

117 2403 347 2456 τούτων
390 2398 503 2452 τῶν
567 2398 848 2469 λογισμῶν
909 2401 944 2469 ὴ
995 2399 1151 2463 ἐλπὶς
1195 2401 1458 2455 τίκτεται.
1495 2403 1587 2472 Μὴ
1621 2403 1730 2475 γὰρ

120 2488 417 2559 ἁπογνῴς,
457 2488 737 2560 ἄνθρωπε,
765 2488 901 2558 πρὸς
938 2488 1030 2542 τὸν
1068 2489 1200 2543 Θεὸν
1234 2490 1606 2562 ἀπερχόμενος
1641 2492 1731 2546 τὸν

119 2579 277 2650 μηδὲ
308 2576 438 2629 Υἰοῦ
463 2577 791 2647 φεισάμενον
825 2576 913 2630 διὰ
943 2577 1005 2629 σέ
1030 2593 1047 2611 ο
1084 2578 1160 2649 μὴ
1211 2578 1595 2653 ἀπαγορεύσῃς
1616 2583 1731 2643 τοῖς

124 2666 382 2737 παροῦσι
412 2669 625 2728 κακοῖς.
671 2667 730 2717 ’0
759 2665 851 2718 τὸν
884 2667 1163 2738 Μονογενῆ
1193 2668 1337 2733 δοὺς,
1372 2668 1458 2721 ἵνα
1491 2686 1550 2721 σε
1581 2670 1731 2740 σώσῃ

124 2755 358 2825 καὶτῆς
379 2755 606 2823 γεέννης
621 2752 895 2824 ἐξέληται,
912 2754 1056 2818 τίνος
1097 2757 1346 2825 φείσεται
1384 2756 1569 2810 λοιπὸν
1592 2758 1732 2827 ὑπὲρ

123 2846 239 2915 τῆς
272 2843 375 2912 σῆς
408 2842 719 2912 σωτηρίας;
746 2842 911 2894 Ὥστε
960 2843 1202 2908 ἐλπίζειν
1246 2845 1350 2915 χρὴ
1378 2846 1556 2899 πάντα
1594 2863 1732 2917 χρη-

127 2935 264 2989 στά.
308 2934 443 2985 οὐδὲ
484 2932 614 3002 γάρ,
642 2935 692 2985 εί
716 2934 854 3003 πρὸς
874 2933 1133 3005 δικαστὴν
1154 2934 1424 3005 ἀπῄειμεν
1472 2935 1731 3006 μέλλοντα

124 3024 351 3094 κρίνειν
368 3022 518 3093 [591]
540 3021 708 3091 ἡμᾶς,
741 3021 837 3074 καὶ
865 3022 1139 3092 τοσαύτην
1161 3024 1381 3093 ἀγάπην
1405 3024 1546 3095 ὑπὲρ
1575 3024 1733 3095 ἡμῶν

124 3114 155 3164 ἐ
167 3110 603 3180 πιδεδειγμένον,
626 3110 701 3173 ὼς
717 3109 810 3162 τὸν
826 3109 938 3163 υίὸν
956 3111 1322 3179 κατασφάξαι,
1342 3112 1627 3183 ἐδείσαμεν
1641 3113 1729 3168 ἀν.

141 3200 500 3270 Ἐλπίζωμεν
523 3195 616 3253 οῦν
641 3199 855 3271 χρηστά
888 3201 984 3254 καὶ
1023 3200 1235 3271 μεγάλα
1260 3218 1275 3232 ·
1324 3202 1385 3256 τὸ
1412 3202 1521 3274 γὰρ
1557 3205 1729 3273 κεφά-

124 3291 299 3344 λαιον
327 3288 615 3357 ἐλάϐομεν,
657 3289 706 3340 εί
735 3287 1085 3357 πιστεύομεν.
1118 3288 1344 3358 Εῖδομεν
1371 3290 1480 3362 γὰρ
1505 3290 1566 3344 τὸ
1597 3290 1730 3344 ὑπό-

123 3380 347 3446 δειγμα
370 3390 382 3402 ·
410 3376 791 3446 ἀγαπήσωμεν
816 3391 829 3404 ο
857 3376 1094 3448 ἐσχάτης
1115 3376 1222 3447 γὰρ
1246 3378 1430 3442 ἀνοίας
1458 3377 1518 3431 τὸ
1545 3378 1619 3450 μὴ
1641 3378 1733 3431 τὸν

128 3464 289 3519 οὕτω
302 3463 621 3517 διατεθέντα
636 3464 940 3535 ἀγαπῆσαι.
966 3464 1119 3530 Ἵνα,
1154 3467 1275 3519 εἴτε
1306 3468 1730 3536 γρηγοροῦμεν,

131 3555 332 3625 φησὶν,
357 3553 482 3606 ειτε
517 3552 907 3621 καθεύδομεν,
950 3552 1072 3623 ἅμα
1099 3554 1222 3609 σὺν
1241 3556 1402 3622 αὐτῷ
1441 3556 1729 3626 ζήσωμεν.

131 3644 246 3699 Διὸ
272 3641 677 3710 παρακαλεῖτε
713 3642 1053 3711 ἀλλήλους,
1093 3644 1195 3698 καί
1238 3644 1601 3715 οἰκοδομεῖτε
1646 3640 1735 3711 εἷς

132 3728 255 3785 τὸν
285 3730 417 3794 ἕνα,
463 3728 659 3794 καθὼς
699 3730 799 3783 καί
845 3730 1085 3787 ποιεῖτε.
1132 3732 1244 3785 Καὶ
1290 3732 1521 3804 ἀλλαχοῦ
1549 3733 1731 3798 πάλιν,

134 3819 290 3877 Εἴτε
315 3817 747 3889 γρηγοροῦμεν,
777 3817 900 3872 εἴτε
950 3818 1321 3889 καθεύδομεν
1341 3833 1391 3874 ι.
1432 3819 1570 3873 Ἀλλ’
1613 3821 1733 3875 ἐτε-

138 3926 244 3981 ρον
260 3910 379 3961 ἐκεῖ
389 3908 482 3960 τὸν
494 3907 660 3961 ὕπνον
692 3909 847 3978 φησὶ,
875 3908 968 3962 καὶ
990 3909 1178 3981 ἕτερον
1215 3909 1447 3965 ἐνταῦθα
1466 3924 1483 3941 ⁸
1504 3910 1737 3966 ἐνταῦθα

138 3999 254 4070 μὲν
269 3995 382 4066 γάρ
402 3995 495 4055 τὸν
517 3994 747 4050 θάνατον
769 3996 920 4068 δηλοῖ
936 3997 1029 4051 τὸν
1057 3998 1388 4069 σωματικὸν,
1415 4000 1609 4054 ἐκεῖδέ
1635 4001 1736 4071 τήν

136 4086 284 4156 περὶ
304 4085 398 4139 τὸν
420 4083 536 4155 βίον
548 4085 834 4157 ἀμέλειαν.
858 4086 924 4140 Ὃ
944 4081 1039 4140 οὖν
1057 4084 1226 4157 δηλοῖ,
1244 4086 1403 4141 τοῦτό
1422 4090 1539 4143 ἐστι
1557 4104 1571 4118 ·
1598 4090 1736 4157 Τοὺς

138 4171 438 4237 κινδύνους
460 4171 536 4245 μὴ
557 4173 835 4228 δεδοίκατε
862 4190 877 4205 ο
910 4172 1014 4228 κάν
1028 4174 1408 4246 ἀποθάνωμεν,
1432 4178 1733 4250 ζησόμεθα.

138 4262 246 4333 Μὴ
263 4260 597 4334 άπελπίσῃς,
618 4261 700 4315 ὅτι
723 4261 872 4315 κινδυ
885 4261 1052 4327 δεύεις
1076 4278 1092 4293 ·
1123 4262 1268 4334 ἔχεις
1289 4264 1543 4338 ἐνέχυρον
1562 4268 1739 4338 ἀσφα-

139 4351 241 4417 λές
264 4367 283 4382 ο
301 4349 403 4403 οὐκ
425 4349 513 4415 ἂν,
537 4352 587 4404 εί
609 4352 685 4420 μὴ
712 4350 916 4423 σφόδρα
937 4352 1095 4423 ἡμῶν
1118 4356 1484 4427 περιεκαίετο,
1505 4356 1595 4411 τὸν
1610 4357 1737 4412 Υίὸν

142 4440 326 4495 αὐτοῦ
339 4438 563 4494 ἔδωκεν.
586 4440 749 4493 Ὥστε
761 4440 863 4494 κᾶν
876 4440 1176 4514 ἀποθάνῃς,
1201 4442 1342 4517 ζήσῃ
1358 4459 1370 4473 ·
1398 4444 1496 4499 καὶ
1512 4445 1621 4516 γάρ
1644 4447 1739 4500 καὶ

142 4530 322 4593 αὐτὸς
342 4529 633 4584 ἀπέθανεν.
659 4531 760 4585 Ἂν
780 4546 839 4584 τε
854 4526 948 4584 οὖν
965 4531 1344 4604 ἀποθάνωμεν,
1371 4534 1435 4589 άν
1448 4551 1507 4587 τε
1531 4536 1736 4605 ζῶμεν,

146 4621 278 4691 μετ’
309 4618 478 4673 αὑτοῦ
508 4617 812 4688 ζησόμεθα.
871 4620 1188 4692 Ἀδιάφορον
1217 4622 1373 4676 τοῦτο
1398 4622 1508 4693 ἔχω
1532 4640 1547 4655 ·
1585 4625 1738 4679 οὐδέν

147 4726 251 4781 μοι
289 4708 465 4779 μέλει,
497 4708 564 4761 ἀν
591 4724 651 4759 τε
679 4707 787 4770 ζῶ,
838 4709 904 4763 ἀν
936 4726 995 4762 τε
1040 4710 1325 4764 ἀποθάνω·
1363 4713 1482 4782 μετ’
1524 4714 1735 4769 ἐκείνου

140 4800 266 4869 γάρ
292 4797 591 4868 ζησόμεθα.
627 4798 815 4852 Πάντα
859 4794 954 4851 οὖν
986 4798 1126 4870 ὑπὲρ
1163 4800 1378 4871 ἐκείνης
1409 4802 1737 4874 πράττωμεν

140 4887 253 4955 τῆς
286 4885 454 4955 ζωῆς,
474 4887 654 4942 πάντα
677 4888 814 4958 πρὸς
842 4886 1058 4959 ἐκείνην
1086 4888 1323 4958 δρῶντες
1351 4891 1734 4964 ἐργασώμεθά.

144 4974 358 5037 Σκότος
391 4976 539 5028 ἐστὶν
565 4977 597 5047 η
629 4976 797 5033 κακία
821 5015 837 5040 ,
869 4977 1153 5047 ἀγαπητέ,
1196 4977 1424 5043 θάνατός
1455 4983 1593 5046 ἐστι,
1641 4981 1737 5049 νύξ

141 5067 327 5128 ἐστιν,
359 5064 511 5117 οὐδὲν
538 5065 759 5137 ὁρῶμεν
784 5066 894 5119 τῶν
933 5067 1183 5132 δεόντων,
1236 5068 1389 5122 οὐδὲν
1423 5072 1736 5142 πράττομεν

140 5152 268 5205 τῶν
304 5155 711 5224 προσηκόντων.
744 5156 1013 5226 Καθάπερ
1039 5158 1086 5209 οἱ
1118 5156 1303 5226 νεκροὶ
1342 5157 1601 5223 δυσειδεῖς
1632 5162 1737 5214 εἰσι

143 5242 252 5297 καὶ
280 5242 557 5309 ὀδωδότες,
593 5245 736 5298 οῦτω
764 5247 860 5299 καὶ
888 5247 944 5299 αἱ
976 5246 1149 5316 ψυχαὶ
1177 5246 1286 5299 τῶν
1310 5249 1369 5301 ὲν
1408 5248 1577 5321 κακίᾳ
1606 5250 1740 5303 πολ-

144 5331 253 5399 λῆς
283 5331 421 5383 εἰσιν
447 5332 789 5404 ἀκαθαρσίας
820 5334 1038 5404 μεσταί·
1062 5333 1308 5405 μέμυκεν
1336 5336 1517 5390 αὐτῶν
1541 5338 1609 5391 τά
1638 5338 1740 5409 ὅμ-

149 5436 331 5488 ματα,
360 5419 421 5472 τὸ
465 5420 639 5490 στόμα
671 5421 1049 5492 συνείληπται,
1087 5423 1333 5494 ἀκίνητοι
1383 5424 1637 5495 μένουσιν
1682 5429 1740 5480 ἐν

143 5510 218 5576 τῇ
254 5506 418 5577 κλίνῃ
445 5507 544 5577 τῆς
572 5507 792 5570 κακίας·
835 5507 1037 5578 μᾶλλον
1087 5509 1143 5564 δὲ
1172 5511 1282 5564 τῶν
1335 5510 1509 5565 ταῦτα
1536 5512 1740 5567 παθόν-

146 5611 263 5645 των
287 5593 658 5665 ἐλεεινότερσι.
678 5588 837 5649 Οὗτοι
862 5596 963 5667 μὲν
984 5597 1092 5669 γὰρ
1117 5599 1253 5670 πρὸς
1278 5599 1513 5670 ἑκάτερα
1533 5605 1740 5672 νεκροὶ,

148 5682 358 5734 ἐκεῖνοι
405 5680 464 5733 δέ
496 5682 634 5753 πρὸς
678 5683 778 5753 μὲν
836 5683 1036 5755 ἀρετὴν
1070 5685 1407 5758 ἀναίσθητοι,
1461 5687 1659 5753 ζῶντες
1685 5688 1741 5741 δὲ

214 5817 245 5847 ³
273 5817 550 5880 Scripserit
601 5820 771 5881 procul
807 5820 958 5869 dubio
1004 5819 1399 5879 Chrysoslomus,
1441 5822 1740 5871 versiculum

143 5887 358 6007 :exgvm
395 5882 637 5946 allegans,
654 5884 718 5946 μὴ
752 5883 1074 5947 καθεύδωμεν,
1093 5883 1214 5933 ἀλλὰ
1236 5885 1539 5948 γρηγορῶμεν
1557 5885 1637 5933 καὶ
1659 5887 1742 5943 νή·

180 5960 226 5991 ω
324 5978 338 5993 .
1556 5972 1559 5975 δ

180 5960 338 5993 ωιιεν.
1556 5972 1559 5975 ’

928 356 997 415 IN
1034 355 1258 414 EPIST.
1290 356 1310 411 l
1337 356 1431 412 AD
1462 351 1803 415 THESSAL.
1832 352 1986 409 CAP.
2029 354 2093 409 ν.
2128 352 2361 410 HOMIL.
2404 353 2496 411 IX.

3228 354 3398 419 7.152

1840 469 1976 541 πρὸς
1998 471 2442 541 κακίαν.Νεκρὸν
2473 470 2575 525 κᾶν
2604 470 2782 543 πλήξῃ
2808 487 2912 533 τις.
2938 470 3037 524 οὐκ
3065 469 3396 534 αἰσθάνεται,

1826 561 1947 614 ούδέ
1984 563 2271 631 ἀμύνεται·
2308 563 2421 617 ἀλλ’
2455 563 2644 634 ὥσπερ
2679 564 2832 629 ξύλον
2854 560 2983 618 αῦον
3014 565 3041 603 ιι
3069 564 3213 617 οὕτω
3241 567 3335 618 καὶ
3363 572 3399 637 ὴ

1831 647 1977 719 ψυχὴ
2004 644 2133 702 αὖον
2169 660 2191 688 ε
2215 649 2383 713 ὅντως
2412 650 2577 714 ἐστὶν,
2612 651 2957 705 ἀποϐαλοῦσα
2985 652 3082 722 τὴν
3101 652 3264 725 ζωήν·
3298 672 3403 725 μυ-

1832 736 1922 807 ρία
1951 737 2073 789 καθ’
2100 738 2338 808 ἑκάστην
2368 738 2580 809 ἡμέραν
2611 738 2874 809 λαμϐάνει
2936 740 3247 811 τραύματα,
3307 744 3403 796 καὶ

1827 824 2035 888 οὐδενὸς
2075 825 2408 891 αἰσθάνεται,
2442 826 2554 881 ἀλλ’
2578 827 2896 896 ἀναλγήτως
2928 828 3063 899 πρὸς
3088 831 3264 884 πάντα
3285 830 3401 884 διά-

1828 930 2025 967 κειται.
2053 914 2166 967 υὺκ
2213 913 2279 967 ἀν
2305 932 2388 978 τις
2429 916 2663 985 ἁμάρτοι
2721 919 2834 979 τοῖς
2878 918 3175 987 μεμηνόσιν
3205 920 3401 982 αὐτοὺς

1826 1000 2333 1071 παραϐάλλων,τοῖς
2357 1001 2633 1073 μεθύουσι,
2656 1005 2769 1066 τοῖς
2795 1003 3186 1072 παραπαίουσι.
3215 1008 3399 1059 Πάντα

1824 1087 1881 1140 δὲ
1912 1087 2083 1141 ταῦτα
2110 1088 2223 1159 ἔχει
2250 1092 2283 1159 ἠ
2319 1091 2507 1153 κακία,
2562 1093 2656 1145 καὶ
2688 1090 2907 1143 πάντων
2974 1094 3090 1144 ἐστὶ
3150 1094 3399 1163 χαλεπω-

1824 1175 1977 1246 τέρα.
2014 1175 2072 1229 Ὀ
2098 1178 2418 1247 μαινόμενος
2467 1176 2592 1246 -ἔχει
2626 1176 2828 1246 πολλὴν
2865 1176 3193 1249 συγγνώμην
3250 1184 3401 1251 παρὰ

1824 1264 1933 1316 τῶν
1965 1263 2234 1334 ὁρώντων·
2270 1266 2330 1319 οὺ
2352 1266 2459 1337 γάρ
2494 1268 2612 1319 ἐστι
2669 1266 3043 1337 προαιρέσεως
3074 1266 3137 1318 τὸ
3166 1268 3398 1338 νόσημα,

1826 1349 1960 1403 ἀλλά
1987 1352 2203 1420 φύσεως
2252 1353 2442 1422 μόνης·
2488 1352 2599 1405 όδέ
2650 1353 2710 1404 ἐν
2744 1352 2911 1423 κακίᾳ
2963 1352 3185 1420 διάγων,
3239 1357 3401 1409 πόθεν

1828 1438 2330 1510 συγγνωσθήσεται;
2351 1440 2543 1502 Πόθεν,
2560 1436 2651 1494 οῦν
2664 1444 2697 1511 ὴ
2716 1441 2881 1495 κακία
2902 1458 2917 1507 ;
2942 1440 3106 1493 πόθεν
3121 1444 3169 1493 οί
3185 1442 3404 1507 πλείους

1826 1527 2018 1590 κακοί;
2049 1527 2239 1592 Πόθεν,
2274 1530 2524 1599 ἐρωτᾷς;
2562 1529 2683 1581 εξπέ
2721 1546 2811 1598 μοι
2847 1529 2935 1587 σὺ,
2969 1528 3131 1581 πόθεν
3166 1532 3199 1599 ἡ
3235 1532 3402 1583 κακία

1825 1614 1934 1667 τῶν
1965 1615 2326 1684 νοσημάτων;
2370 1616 2535 1669 πόθεν
2576 1618 2848 1686 φρενῖτις;
2907 1614 3070 1667 πόθεν
3105 1614 3269 1678 ὕπνος
3300 1616 3399 1685 βα-

1826 1701 1959 1771 ρύς;
2015 1703 2135 1772 οὐχὶ
2186 1702 2244 1769 ἐξ
2274 1702 2633 1773 ἀπροσεξίας;
2667 1703 2727 1756 El
2758 1702 2826 1756 τά
2862 1702 3068 1771 φυσικά
3119 1706 3402 1772 νοσήματα

1824 1788 1934 1843 ἀπὸ
1964 1790 2332 1858 προαιρέσεως
2360 1790 2472 1860 ἔχει
2489 1795 2587 1859 τὴν
2639 1791 2833 1862 ἀρχὴν,
2869 1789 3047 1860 πολλῷ
3082 1789 3282 1861 μᾶλλον
3334 1792 3404 1844 τά

1826 1878 2204 1948 προαιρετικά.
2248 1878 2313 1931 Ἢ
2351 1879 2490 1949 μέθη
2518 1878 2715 1945 πόθεν;
2771 1879 2891 1947 οὐχὶ
2921 1876 2979 1941 ἐξ
2999 1879 3268 1949 ἀκρασίας
3300 1878 3405 1948 ψυ-

1825 1968 1963 2037 χῆς;
1994 1967 2027 2035 ἡ
2064 1968 2306 2038 φρενῖτις
2337 1967 2458 2037 ούχὶ
2487 1966 2595 2020 ἀπὸ
2630 1966 2939 2037 ὑπερϐολῆς
2973 1966 3245 2037 πυρετοῦ;
3286 1970 3314 2020 ὁ
3344 1967 3401 2020 δὲ

1827 2053 2061 2125 πυρετὸς
2092 2055 2213 2123 οὐχὶ
2245 2054 2351 2107 ἀπὸ
2373 2054 2777 2119 πλεοναζόντων
2806 2056 2866 2107 ἐν
2898 2056 3031 2127 ἡμῖν
3083 2055 3400 2125 στοιχείων;

1828 2141 1862 2212 ἡ
1893 2140 2174 2211 πλεονεξία
2188 2142 2243 2194 δὲ
2266 2141 2373 2195 τῶν
2398 2144 2455 2195 ἐν
2480 2144 2610 2213 ἡμῖν
2644 2142 2921 2211 στοιχείων
2943 2144 3064 2212 οὐχὶ
3099 2142 3157 2207 ἐξ
3187 2146 3399 2214 ἀπροσ-

1828 2228 2016 2293 εξίας;
2051 2230 2219 2283 Ὅταν
2271 2230 2381 2300 γάρ
2435 2230 2469 2300 ἢ
2521 2229 2776 2301 ἐνδείᾳ,ἧ
2812 2229 3095 2301 πλεονεξίᾳ
3126 2233 3207 2294 εἰς
3261 2233 3399 2302 ἀμε-

1827 2318 1986 2387 τρίαν
2010 2333 2062 2369 τι
2087 2315 2195 2371 τῶν
2225 2318 2282 2370 ἐν
2305 2318 2437 2387 ἡμῖν
2466 2316 2844 2388 ἐξαγάγωμεν,
2876 2319 3190 2389 ἀνάπτομεν
3224 2320 3402 2372 ἐκεῖνο

1831 2403 1982 2476 [492]
2010 2404 2071 2458 τὸ
2102 2405 2233 2475 πῦρ.
2266 2404 2456 2468 Πάλιν,
2491 2406 2556 2460 ἂν
2585 2408 2683 2476 τῆς
2710 2406 2904 2473 φλογὸς
2934 2406 3219 2477 ἀφθείσης.
3276 2408 3402 2460 ἐπι-

1831 2493 2081 2564 μένωμεν
2115 2493 2615 2565 καταφρονοῦντες,
2668 2494 2788 2547 καθ⁹
2816 2494 3023 2547 ἑαυτῶν
3056 2494 3403 2565 ἐργαζόμεθα

1829 2582 2028 2652 πυρὰν,
2064 2583 2130 2652 ἢν
2155 2582 2276 2634 οὐδὲ
2303 2582 2495 2637 σϐέσαι
2536 2581 2831 2652 δυνάμεθα.
2866 2584 3021 2636 Οῦτω
3051 2584 3147 2636 καὶ
3174 2584 3266 2636 ἐπὶ
3296 2584 3399 2653 τῆς

1830 2670 2027 2732 κακίας
2059 2670 2287 2737 γίνεται⁸
2319 2670 2446 2723 ὅταν
2496 2668 2809 2740 ἀρξαμένην
2840 2669 3008 2741 αὐτὴν
3064 2671 3136 2739 μὴ
3175 2668 3401 2722 κωλύω-

1833 2775 1952 2830 μεν,
1992 2758 2127 2829 μηδὲ
2156 2758 2530 2827 ἐκκόπτωμεν,
2550 2759 2668 2811 οὐδὲ
2690 2757 2970 2826 ἐφικέσθαι
3004 2758 3277 2828 δυνάμεθα
3306 2760 3400 2812 τοῦ

1827 2846 2017 2911 τέλους
2054 2846 2260 2912 λοιπὸν,
2319 2845 2455 2899 ἀλλά
2492 2846 2691 2915 μείζων
2736 2846 2943 2913 γίνεται
2997 2846 3094 2915 τῆς
3128 2845 3405 2916 ἡμετέρας

1833 2935 2035 3006 ἰσχύος.
2058 2933 2170 2997 Διὸ,
2199 2934 2521 3005 παρακαλῶ,
2550 2934 2724 2987 πάντα
2757 2934 3105 3004 πράττωμεν,
3140 2932 3283 2986 ὥστε
3308 2952 3408 3004 μη-

1829 3024 2023 3078 δέποτε
2051 3023 2439 3088 ἀπονυστάξαι.
2466 3023 2578 3094 Οὐχ
2627 3023 2790 3095 ὁρᾶτε
2813 3023 2941 3083 τοὺς
2998 3021 3264 3089 φύλακας,
3322 3023 3405 3075 δτι

1831 3112 2087 3177 πολλάκις
2117 3112 2311 3182 μικρὸν
2340 3111 2566 3175 ἐαυτοῦς
2587 3110 2766 3173 δόντες
2797 3111 2876 3180 τῷ
2898 3109 3071 3180 ὕπνῳ,
3120 3110 3272 3163 οὐδὲν
3303 3114 3410 3165 ἀπ-

1831 3198 2039 3254 ώναντο
2062 3200 2163 3270 τῆς
2191 3198 2392 3270 πολλῆς
2421 3199 2701 3269 φυλακῆς;
2731 3198 2797 3251 δι’
2823 3199 3031 3251 ἐκείνου
3060 3198 3170 3270 γὰρ
3193 3198 3289 3252 τοῦ
3315 3217 3404 3267 μι-

1830 3287 1965 3359 κροῦ
1995 3288 2057 3341 τὸ
2094 3289 2203 3341 πᾶν
2224 3287 2559 3357 διέφθειραν,
2600 3286 2679 3356 τῷ
2711 3286 3018 3357 βουλομένῳ
3053 3286 3247 3355 κλέψαι
3276 3287 3409 3339 πολ-

1829 3376 1927 3447 λὴν
1950 3376 2131 3441 δόντες
2160 3377 2259 3448 τὴν
2288 3377 2489 3432 ἄδειαν.
2521 3377 2785 3446 Καθάπερ
2806 3376 2913 3446 γὰρ
2933 3376 3030 3446 οὐχ
3049 3374 3221 3439 οὕτως
3243 3378 3409 3447 ἡμεῖς

1828 3466 1957 3528 τοὺς
1988 3463 2224 3527 κλέπτας
2245 3464 2481 3535 ὁρῶμεν,
2513 3464 2587 3527 ῶς
2620 3466 2815 3516 ἐκεῖνοι
2836 3464 2982 3533 ἡμᾶς
3012 3462 3228 3533 ὁρῶσιν·
3265 3464 3410 3516 οὕτω

1831 3553 2244 3617 καὶὸδιάϐολος
2298 3553 2533 3623 μάλιστα
2591 3553 2809 3606 πάντων
2858 3553 3123 3622 ἐφέστηκε
3166 3552 3262 3605 καὶ
3319 3553 3409 3605 ὲν-

1831 3639 2061 3711 εδρεύει,
2100 3641 2195 3694 καὶ
2240 3641 2415 3711 τρίζει
2444 3642 2571 3703 τοὺς
2630 3640 2868 3703 ὀδόντας.
2914 3639 3006 3710 Μὴ
3059 3639 3412 3711 νυστάξωμεν

1831 3728 2027 3783 τοίνυν·
2058 3728 2132 3799 μὴ
2157 3727 2421 3799 εἴπωμεν,
2456 3726 2609 3798 παρά
2641 3726 2799 3780 τοῦτο
2825 3727 3000 3793 οὐδὲν,
3066 3726 3196 3797 παρ’
3232 3731 3411 3781 ἐκεῖνο

1832 3816 2003 3872 οὐδέν.
2035 3816 2197 3869 Ὀθεν
2247 3815 2307 3869 οὐ
2361 3815 2861 3886 προσεδοκήσαμεν,
2898 3814 3159 3878 πολλάκις
3210 3814 3410 3884 ἐσυλὴ-

1835 3904 2028 3977 θημεν.
2082 3904 2238 3957 Οῦτω
2274 3903 2367 3956 καὶ¹
2420 3904 2512 3956 ἐπὶ
2551 3902 2754 3966 κακίας
2777 3918 2793 3933 ·
2825 3902 2947 3956 ὅθεν
2982 3903 3043 3956 ού
3077 3900 3411 3974 προσεδοκήο

1838 4011 2032 4066 σαμεν,
2056 3991 2403 4063 ἀπωλόμεθα.
2435 3992 2619 4046 Πάντα
2667 3991 3093 4063 περισκοπῶμεν
3141 3991 3408 4063 ἀκριϐῶς,

1840 4082 1915 4154 μὴ
1944 4080 2365 4151 μεθυσκώμεθα,
2396 4080 2491 4133 καὶ
2531 4080 2629 4151 οὐχ
2662 4078 3003 4151 ύπνώσομεν·
3063 4080 3141 4151 μὴ
3196 4070 3416 4150 4790;35-

1840 4188 1959 4244 μεν,
1990 4172 2085 4224 καὶ
2108 4170 2169 4223 οὐ
2195 4169 2625 4240 καθευδήσομεν
2659 4167 2736 4239 μὴ
2771 4168 3094 4239 μαινώμεθα
3154 4169 3291 4240 πρὸς
3339 4169 3413 4223 τὰ

1837 4257 1962 4325 ἔξω,
1999 4258 2095 4311 καὶ
2121 4259 2179 4310 ἐν
2206 4258 2368 4328 νήψει
2396 4254 2795 4325 διατελέσομεν.
2850 4255 3228 4324 Ῥυθμίζωμεν
3286 4256 3414 4308 ἐαυ-

1836 4348 1964 4410 τοὺς
1991 4345 2275 4400 πάντοθεν.
2318 4346 2426 4400 Καὶ
2458 4344 2706 4414 καθάπερ
2741 4345 2834 4397 ἐπὶ
2863 4344 3077 4413 σχοίνου
3105 4343 3412 4412 τεταμένης

1840 4435 2156 4505 βαδίζοντας
2189 4434 2290 4487 οὐκ
2318 4434 2399 4487 ἔνι
2434 4432 2750 4505 ρᾳθυμῆσαι
2804 4431 2927 4484 οὐδὲ
2954 4429 3168 4501 μικρόν·
3198 4429 3260 4482 τὸ
3302 4430 3413 4500 7&9

1842 4522 2040 4592 μικρὸν
2067 4520 2215 4591 μέγα
2244 4517 2533 4591 ἐργάζεται
2572 4518 2762 4571 κακόν·
2788 4517 3148 4588 περιτραπεὶς
3181 4516 3291 4588 γὰρ
3322 4516 3413 4569 εὖ-

1839 4606 1977 4669 θέως
2005 4604 2313 4675 κατηνέχθη
2347 4606 2441 4657 καὶ
2462 4603 2729 4656 ἀπώλετο·
2771 4601 2942 4664 οὕτως
2980 4603 3099 4655 οὐδὲ
3128 4604 3277 4673 ἡμᾶς
3323 4601 3414 4655 δυ-

1841 4696 2003 4749 νατὸν
2029 4692 2316 4765 ῥᾳθυμεῖν.
2351 4691 2549 4762 Στενὴν
2581 4691 2867 4762 βαδίζομεν
2883 4691 3003 4744 ὁδὸν
3028 4690 3132 4742 ὑπὸ
3154 4688 3415 4760 κρημνῶν

1838 4780 2175 4853 ἑκατέρωθεν
2204 4777 2640 4850 ἀπειλημμένην,
2691 4780 2826 4849 ὁμοῦ
2852 4777 2944 4832 δύο
2970 4778 3135 4840 πόδας
3158 4779 3217 4830 ού
3264 4777 3415 4848 δεχο-

1841 4870 2029 4942 μένην.
2063 4868 2229 4939 Ὀρᾷς
2255 4868 2428 4938 πόσης
2458 4869 2588 4939 ἡμῖν
2615 4867 2900 4939 ἀκριϐείας
2952 4868 3065 4933 δεῖς
3119 4868 3231 4938 Οὐχ
3280 4869 3412 4941 ὁρᾷς

1837 4960 1961 5021 τοὺς
1988 4958 2085 5021 τὰς
2117 4959 2543 5029 ἀμφικρήμνους
2570 4958 2981 5030 ὁδοιποροῦντας
3005 4958 3178 5022 ὁδοὺς,
3209 4958 3325 5021 πῶς
3350 4958 3410 5010 ού

1837 5048 1962 5110 τοὺς
1982 5046 2147 5111 πόδας
2176 5034 2564 5116 ἀσφαλίζονται
2597 5045 2926 5118 μόνον,ἀλλά
2947 5048 3188 5110 καὶτοὺς
3218 5046 3418 5115 ὀφθαλ-

1841 5135 2002 5205 μούς;
2035 5136 2133 5188 Ἂν
2165 5136 2274 5204 γὰρ
2299 5136 2426 5209 δόξῃ
2460 5146 2481 5174 ε
2518 5136 2742 5205 ἑτέρωθι
2776 5136 3062 5207 προσέχειν
3099 5134 3280 5194 αὐτὸν,
3313 5134 3417 5185 κᾶν

1838 5227 1867 5278 ό
1904 5226 2038 5288 ποῦς
2069 5224 2299 5295 βεϐαίως
2357 5226 2586 5299 ἑστήκῃ,
2626 5224 2931 5294 ἰλιγγιάσας
2966 5224 3072 5277 ἀπὸ
3097 5221 3191 5275 τοῦ
3222 5222 3419 5292 βάθους

1839 5315 1868 5367 ὁ
1893 5312 2167 5383 ὀφθαλμὸς
2189 5313 2249 5365 τὸ
2260 5315 2368 5366 πᾶν
2390 5315 2748 5385 κατήνεγκεν.
2768 5312 2906 5366 Ἀλλ’
2934 5311 3114 5381 ἐαυτῷ
3141 5311 3221 5364 δεῖ
3245 5327 3416 5379 προσ-

1842 5408 2007 5472 έχειν,
2043 5401 2135 5453 καὶ
2162 5402 2228 5470 τῇ
2290 5400 2515 5470 βαδίσει·
2548 5402 2635 5454 διὰ
2682 5401 2839 5453 τοῦτό
2880 5418 3032 5470 φησι.
3065 5401 3216 5469 Μήτε
3242 5398 3417 5464 δεξιὰ,

1843 5494 1980 5559 μήτε
2013 5491 2296 5561 ἀριστερά.
2331 5489 2504 5553 Πολὺς
2525 5492 2553 5543 ὁ
2586 5490 2745 5560 βυθὸς
2771 5491 2865 5557 τῆς
2900 5490 3096 5552 κακίας
3144 5489 3281 5552 ἐστὶ,
3322 5504 3418 5556 με-

1840 5578 1992 5648 γάλοι
2016 5579 2065 5631 οί
2108 5581 2364 5650 κρημνοὶ,
2393 5578 2528 5631 πολὺ
2561 5581 2709 5632 κάτω
2742 5580 2952 5641 σκότος,
3010 5578 3167 5650 στενὴ
3196 5578 3229 5647 ὴ
3279 5576 3415 5639 ὁδός·

1841 5667 2199 5738 προσέχωμεν
2225 5668 2364 5737 μετά
2391 5667 2577 5736 φόϐου,
2613 5669 2750 5737 μετά
2778 5668 2979 5737 τρόμου
3006 5667 3418 5738 περιπατῶμεν.

1844 5755 2031 5819 Οὐδεὶς
2057 5754 2316 5825 τοιαύτην
2343 5755 2541 5809 ὁδεύων
2569 5755 2705 5820 όδὸν,
2731 5756 3027 5826 ἐκκέχυται
3054 5755 3272 5823 γέλωτι,
3294 5754 3418 5808 οὐδὲ

1910 5892 1938 5955 lg
1961 5889 2279 5955 Qulbertinus
2299 5904 2444 5950 unus,
2467 5892 2630 5953 ὥσπερ
2665 5891 2797 5948 ξύλον
2820 5891 2954 5955 ξηρὸν
2980 5889 3109 5940 αὖον.

1912 5954 1934 5983 ο
1958 5952 2136 6003 Melius
2154 5953 2418 6013 quadraret
2449 5952 2624 6017 συμϐῇ.
