3964 6514
591 346 700 401 455
740 404 743 407 ν

592 462 836 533 βαρεῖται
868 458 1029 531 μέθῃ,
1052 456 1165 512 ἀλλ’
1193 458 1249 510 ἐν
1272 457 1432 527 νήψει
1462 457 1557 509 καὶ
1582 460 1822 528 προσοχῇ
1850 458 1951 527 τὴν
1977 455 2159 511 τοιαύ·

589 568 688 618 την
720 546 894 601 ὁδεύει
918 546 1057 599 ὁδόν⁸
1083 545 1257 607 οὐδεὶς
1288 544 1543 616 τοιαύτην
1580 545 1777 598 ὁδεύων
1804 545 1945 610 ὁδὸν,
1971 544 2159 611 ἐπιφέ-

594 636 747 706 ρεταί
777 654 830 688 τι
861 634 970 687 τῶν
993 632 1283 704 περιττῶν·
1320 633 1603 703 ἀγαπητὸν
1628 632 1737 704 γάρ
1771 632 2006 697 εῦζωνον
2031 633 2161 684 ὄντα

590 724 883 794 δυνηθῆναι
915 721 1251 791 διαδραμεῖνο
1282 720 1456 783 οὐδεὶς
1488 721 1806 789 συμποδίξει
1836 722 1962 784 τοὺς
1994 720 2162 783 πόδας

589 813 715 872 τοὺς
754 810 969 873 ἐαυτοῦ,
1000 807 1114 862 ἀλλ’
1139 807 1392 871 εὐλύτους
1419 808 1662 876 ἀφίησιν.

656 905 718 953 ε’.
737 898 995 969 Ἡμεῖςδέ
1013 897 1233 967 μυρίαις
1250 896 1525 964 φροντίσιν
1538 896 1759 958 ἑαυτοὺς
1775 894 2165 966 καταδεσμοῦν-

589 1003 703 1048 τες.
736 988 830 1039 καὶ
868 984 1037 1055 μυρία
1067 982 1262 1054 φορτία
1296 982 1524 1052 βιωτικά
1558 982 1965 1052 ἐπιφερόμενοι,
2000 999 2163 1052 κεχη-

589 1074 741 1137 νότες
775 1074 869 1126 καὶ
897 1071 1407 1141 ἐκκεχυμένοι.πῶς
1432 1072 1532 1141 τήν
1562 1071 1751 1141 στενὴν
1776 1071 2164 1141 προσδοκῶμεν

592 1163 827 1232 βαδίζειν
855 1163 1006 1227 δδόν;
1053 1164 1165 1231 Οὐχ
1197 1160 1385 1223 ἁπλῶς
1432 1156 1607 1225 εἶπεν,
1664 1160 1747 1213 δτι
1800 1161 1958 1229 στενή
2012 1163 2161 1213 ἐστιν

590 1248 726 1301 ἀλλά
764 1249 902 1318 μετά
931 1248 1277 1319 θαυμασμοῦ⁶
1318 1249 1377 1299 Τί
1404 1248 1592 1314 στενὴ
1620 1248 1658 1315 ἡ
1685 1246 1844 1313 ὁδός·
1892 1250 2162 1312 τουτέστι,

591 1336 798 1406 σφόδρα
831 1337 1010 1406 στενή.
1069 1335 1239 1388 Τοῦτο
1283 1336 1377 1388 καὶ
1415 1337 1575 1405 ἡμεῖς
1621 1335 1884 1405 ποιοῦμεν
1917 1336 2011 1387 ἐπὶ
2053 1335 2165 1388 τῶν

588 1426 732 1479 πάνυ
763 1424 1213 1495 θαυμαζομένων.
1244 1424 1354 1478 Καὶ
1376 1424 1558 1487 πάλιν,
1580 1425 1963 1493 Τεθλιμμένη,
1979 1426 2164 1494 φησὶν,

591 1512 741 1586 [495]
780 1515 818 1582 ἠ
849 1512 989 1578 ὁδὸς
1015 1513 1052 1579 ἡ
1080 1512 1405 1581 ἀπάγουσα
1432 1515 1520 1577 είς
1547 1512 1661 1580 τὴν
1694 1512 1867 1576 ζωήν.
1903 1513 2014 1567 Καὶ
2061 1531 2164 1567 κα-

589 1602 693 1664 λῶς
736 1597 857 1655 εἷπε
914 1599 1123 1663 στενή.
1181 1601 1352 1654 Ὅταν
1404 1603 1512 1671 γὰρ
1576 1603 1671 1654 καὶ
1737 1603 1997 1672 ῥημάτων
2072 1604 2165 1656 καὶ

588 1691 805 1742 ἐννοιῶν
867 1688 963 1741 καὶ
1015 1688 1267 1759 πράξεων
1312 1689 1406 1742 καὶ
1458 1690 1673 1742 πάντων
1729 1689 2015 1760 ὀφείλομεν
2078 1692 2166 1744 εὐ-

588 1777 752 1839 θύνας
777 1776 1019 1845 ὑπέχειν,
1056 1776 1216 1846 στενὴ
1249 1774 1414 1838 ὅντως
1460 1776 1597 1828 ἐστί,
1631 1776 1959 1848 Στενοτέραν
1984 1777 2041 1830 δὲ
2069 1780 2166 1830 αύ-

587 1866 686 1936 τὴν
725 1863 984 1933 ποιοῦμεν
1015 1864 1195 1933 ἡμεῖς,
1227 1861 1587 1926 πλατύνοντες
1631 1864 1859 1928 ἑαυτοὺς
1885 1866 1977 1919 καὶ
2001 1866 2164 1937 εὐρύ-

588 1969 770 2014 νοντες
790 1952 881 2004 καὶ
906 1952 1031 2014 τοὺς
1058 1950 1222 2013 πόδας
1250 1950 1553 2020 ἐκχέοντες.
1595 1951 1663 2003 Ἦ
1684 1952 1791 2023 γὰρ
1820 1953 1979 2023 στενὴ
2002 1955 2166 2009 παντὶ

592 2044 690 2113 μὲν
711 2040 997 2111 δυσχερὴς,
1050 2039 1283 2109 μάλιστα
1309 2039 1367 2093 δὲ
1398 2038 1473 2109 τῷ
1517 2039 1901 2113 λιπαινομένῳ,
1936 2043 2012 2106 ώς
2043 2044 2072 2097 ὅ
2101 2061 2165 2113 γε

590 2132 912 2202 κατατὴκων
944 2129 1156 2193 ἐαυτὸν,
1188 2130 1307 2182 οὐδὲ
1324 2129 1640 2200 αἰσθήσεται
1662 2132 1759 2201 τῆς
1784 2133 2161 2203 στενοχωρίας·

590 2222 732 2275 ὥστε
755 2224 783 2274 ὁ
815 2218 1203 2291 μεμελετηκὼς
1236 2218 1535 2285 θλίϐεσθαι,
1582 2221 1703 2275 οὐδέ
1729 2222 2166 2294 ἀποδυσπετήσει

592 2310 727 2381 πρὸς
748 2309 813 2361 τὸ
840 2308 1144 2373 πιέζεσθαι.

659 2399 751 2469 Μή
771 2397 951 2451 τοίνυν
992 2396 1128 2467 μετά
1145 2396 1384 2460 ἀνέσεως
1412 2397 1763 2468 προσδοκάτω
1784 2416 1867 2463 τις
1894 2399 1986 2453 τὸν
2005 2400 2167 2469 οὐρα-

592 2485 683 2540 νδν
715 2485 960 2554 δψεσθαισ
992 2486 1054 2537 οὐ
1081 2485 1190 2554 γὰρ
1223 2484 1323 2537 ἐνι.
1358 2486 1565 2554 Μηδεὶς
1607 2486 1745 2554 μετά
1778 2486 1991 2557 τρυφῆς
2015 2487 2167 2539 ἐλπι-

592 2574 731 2637 ζέτω
754 2576 854 2645 τὴν
885 2573 1077 2645 στενὴν
1107 2572 1313 2627 ὁδεύειν
1339 2574 1477 2626 ὁδόν⁶
1514 2576 1576 2628 οὐ
1609 2575 1718 2645 γὰρ
1770 2573 2012 2629 δυνατόν.
2046 2577 2168 2647 Μη-

590 2663 702 2726 δεὶς
726 2664 826 2734 τὴν
877 2661 1186 2733 εὐρύχωρον
1248 2662 1500 2733 βαδίζων,
1550 2662 1649 2733 τὴν
1694 2663 1839 2735 ζωὴν
1874 2663 2162 2727 ἐλπιζέτω.

600 2754 770 2805 Ὄταν
798 2745 890 2803 οῦν
923 2750 1036 2821 ἴδῃς
1060 2749 1324 2820 λουτροῖς,
1358 2750 1603 2822 τραπέζῃ
1635 2751 1935 2817 πολυτελεῖ,
1994 2752 2026 2822 ἥ
2085 2752 2167 2804 δοο

595 2839 880 2910 ρυφορίαις
904 2836 1255 2908 ἐντρυφῶντα
1283 2837 1374 2890 τὸν
1397 2838 1565 2900 δεῖνα,
1598 2839 1672 2908 μὴ
1714 2838 2006 2911 ταλανίσῃς
2034 2856 2166 2894 σαυ-

594 2928 704 2988 τὸν,
737 2926 812 2988 ώς
846 2928 905 2977 οὐ
933 2924 1227 2994 μετέχοντα
1259 2924 1484 2991 τούτων,
1508 2925 1643 2979 ἀλλά
1662 2925 1912 2991 στέναξον
1936 2929 2162 2990 ἐκεῖνον,

593 3015 675 3066 ὅτι
708 3013 803 3082 τὴν
860 3012 1240 3083 ἀπολλυμένην
1302 3012 1473 3064 ὁδεύει
1515 3013 1651 3067 ὁδόν.
1713 3013 1779 3065 Τί
1811 3014 1921 3085 γὰρ
1974 3015 2165 3083 ὄφελος

595 3100 795 3170 ταύτης
834 3101 931 3170 τῆς
959 3099 1100 3164 ὀδοῦ,
1146 3101 1274 3153 ὃταν
1303 3102 1383 3163 εἰς
1426 3100 1605 3171 θλῖψιν
1644 3102 1900 3173 τελευτᾷ;
1927 3105 2076 3156 ποῖον
2108 3104 2167 3157 δὲ

597 3189 792 3259 βλάϐος
822 3188 914 3239 ἀπ’
946 3187 1162 3257 ἐκείνης
1184 3188 1283 3258 τῆς
1335 3188 1712 3260 στενοχωρίας,
1726 3190 1854 3243 ὅταν
1875 3192 1955 3254 εἰς
1984 3190 2166 3245 ἄνεσιν

596 3278 853 3351 ἰρχηται;
890 3277 1024 3331 Εἰπέ
1056 3294 1169 3348 μοι,
1218 3276 1374 3341 εἴτις
1395 3280 1473 3343 εἰς
1504 3280 1571 3333 τά
1600 3279 1846 3349 βασίλεια
1894 3280 2168 3352 καλούμε-

594 3383 705 3430 νος,
743 3365 831 3418 διὰ
883 3363 1174 3417 στενωπῶν
1206 3364 1471 3434 θλιὸερῶν
1522 3366 1617 3418 καὶ
1671 3367 2039 3438 ἀποκρήμνων
2071 3367 2163 3438 βα-

596 3453 753 3517 δίζοι,
781 3453 966 3523 ἐτερος
994 3452 1052 3505 δέ
1087 3469 1173 3515 τις
1220 3452 1319 3523 τὴν
1373 3453 1462 3506 ἐπὶ
1501 3452 1730 3509 θάνατον
1771 3456 2037 3526 ἀγόμενος
2082 3456 2170 3511 διὰ

602 3542 775 3612 μέσης
799 3540 1012 3593 ἐλκοιτο
1066 3540 1165 3607 τῆς
1196 3541 1419 3612 ἀγορᾶς,
1462 3542 1582 3594 τίνα
1621 3542 2018 3614 μακαριοῦμεν,
2050 3544 2171 3597 τίνα

600 3629 963 3699 στενάξομεν;
999 3629 1059 3681 οὐ
1096 3628 1190 3681 τὸν
1217 3628 1305 3681 διὰ
1346 3630 1445 3700 τῆς
1490 3630 1804 3703 εὐρυχώρου
1851 3631 2166 3702 βαδίζοντα;

598 3716 753 3769 Οὕτω
782 3716 877 3769 καὶ
928 3715 1045 3780 νῦν,
1092 3715 1166 3786 μὴ
1199 3717 1324 3779 τοὺς
1375 3718 1695 3787 τρυφῶντας
1752 3720 2169 3789 μακαρίζωμεν,

598 3803 735 3857 ἀλλά
779 3804 905 3865 τοὺς
938 3802 1013 3873 μὴ
1052 3802 1392 3871 τρυφῶντας’
1435 3797 1582 3856 οῦτοι
1623 3804 1759 3875 πρὸς
1797 3805 1890 3857 τὸν
1944 3806 2171 3876 οὐρανὸν

601 3890 943 3951 σπεύδουσιν,
981 3892 1178 3942 ἐκεῖνοι
1214 3890 1349 3960 πρὸς
1379 3890 1476 3961 τὴν
1504 3891 1749 3959 γέενναν.
1782 3893 1890 3946 Καὶ
1914 3893 2042 3956 ἴσως
2074 3894 2172 3963 μὲν

602 3975 782 4029 αὐτῶν
799 3975 986 4027 πολλοὶ
1002 3976 1095 4028 καὶ
1116 3975 1434 4042 γελάσονται
1458 3979 1525 4030 τὰ
1561 3980 1691 4049 παρ’
1709 3980 1863 4049 ἡμῶν
1880 3980 2167 4049 λεγόμενα·

602 4064 714 4131 ἐγὼ
737 4064 793 4116 δὲ
832 4063 1067 4133 μάλιστα
1103 4064 1190 4116 διὰ
1220 4064 1377 4116 τοῦτο
1434 4066 1693 4136 ὀδύρομαι
1734 4070 1827 4120 καὶ
1857 4070 2059 4139 θρηνῶ,
2089 4071 2171 4124 ὅτι

602 4150 726 4205 οὐδὲ
756 4151 933 4204 ἴσασιν
953 4152 1037 4218 ἐφ’
1054 4146 1135 4213 οἷς
1157 4152 1261 4223 χρὴ
1283 4152 1468 4223 γελᾷν,
1509 4154 1645 4224 ὑπὲρ
1662 4148 1737 4207 ὧν
1757 4156 1921 4226 ἐχρῆν
1938 4156 2173 4225 μάλιστα

605 4237 845 4292 πενθεῖνο
874 4237 1011 4291 ἀλλὰ
1052 4239 1229 4292 πάντα
1263 4240 1550 4309 συγχέουσι
1583 4242 1677 4294 καὶ
1707 4244 2032 4313 ταράττουσι
2078 4248 2173 4300 καὶ

603 4326 917 4398 θορυϐοῦσι.
949 4326 1049 4378 Διά
1072 4326 1245 4379 ταῦτα
1274 4327 1469 4390 αὐτοὺς
1505 4328 1617 4397 ἐγὼ
1646 4329 1849 4399 θρηνῶ.
1873 4332 1939 4384 Τί
1973 4331 2172 4401 λέγεις,

602 4415 891 4487 άνθρωπε;
925 4412 1135 4484 μέλλων
1178 4414 1598 4484 ἀναστήσεσθαι,
1646 4417 1741 4471 καὶ
1767 4418 1924 4487 λόγον
1957 4420 2175 4489 ὑφέξειν

603 4502 711 4554 τῶν
739 4518 819 4553 σοι
847 4500 1272 4571 πεπραγμένων,
1315 4504 1411 4556 καὶ
1448 4503 1547 4572 τὴν
1584 4504 1819 4575 ἐσχάτην
1869 4507 2173 4579 ὑποστήσε-

608 4589 733 4641 σθαι
764 4588 943 4657 δίκην,
967 4587 1171 4641 τούτων
1207 4588 1307 4659 μὲν
1350 4590 1538 4644 οὐδένα
1586 4592 1741 4660 λόγον
1772 4598 1921 4666 ποιῇ,
1951 4596 2176 4666 γαστρί-

606 4675 794 4740 ζεσθαι
826 4675 883 4728 δὲ
924 4676 1152 4747 μελετᾷς
1208 4678 1303 4731 καὶ
1370 4678 1612 4748 μεθύειν,
1652 4682 1912 4752 καὶπρὸς
1960 4683 2170 4748 τούτοις

607 4764 803 4834 γελᾷς;
847 4763 988 4817 Ἀλλ’
1018 4764 1127 4834 ἐγώ
1163 4783 1221 4819 σε
1248 4765 1451 4838 θρηνῶ,
1498 4769 1567 4822 τὰ
1601 4770 1830 4840 μένοντά
1859 4789 1920 4825 σε
1946 4774 2169 4828 ἐπιστά-

1271 342 1333 396 5.
1364 336 1654 395 JOANNIS
1683 336 2166 396 CHRYSOSTOMI

2267 337 2533 392 RCNIEI”.
2572 337 3129 395 CONSTANTINOP.
3730 346 3819 400 £55

2266 472 2427 525 μενος
2460 454 2624 514 κακὰ,
2656 454 2755 524 τὴν
2776 454 3162 526 διαδεξομένην
3192 473 3251 510 σε
3297 460 3603 530 τιμωρίανο
3633 460 3727 512 καὶ
3748 460 3822 513 διὰ

2258 548 2420 600 τοῦτο
2441 547 2624 618 θρηνῶ
2656 548 2911 616 μάλιστα,
2935 549 3016 601 ὃτι
3036 548 3222 619 γελᾷς.
3253 552 3536 620 Πένθησσν
3570 554 3667 605 σὺν
3692 557 3821 622 ἐμοὶ,

2261 636 2533 705 θρήνησον
2573 635 2688 704 μετ’
2724 634 2857 703 ἐμοῦ
2888 636 2957 688 τὰ
2989 636 3057 687 σὰ
3082 638 3245 692 κακά.
3302 640 3439 693 Εἰπέ
3475 658 3594 710 μοι,
3618 642 3711 693 ἐάν
3754 646 3827 703 ti;

2262 740 2346 775 σοι
2379 721 2488 775 τῶν
2523 722 2739 774 οἰκείων
2767 721 3053 792 ἀπόληται,
3091 724 3210 794 οὐχὶ
3240 728 3366 790 τοὺς
3424 728 3525 797 μὲν
3568 730 3829 795 γελῶντας

2261 810 2355 863 ἐπὶ
2374 812 2441 880 τῇ
2481 808 2706 879 τελευτῇ
2764 810 2858 862 καὶ
2900 811 3241 881 ἀποστρέφῃ,
3277 816 3372 865 καὶ
3424 815 3657 885 ἐχθροὺς
3711 819 3829 884 ἡγῇ,

2260 899 2387 960 τοὺς
2419 897 2476 949 δὲ
2512 896 2846 965 δακρύοντας
2874 896 2970 949 καὶ
2998 900 3441 967 συμπενθοῦντας
3470 904 3679 969 φιλείς;
3714 901 3831 955 Εἶτα

2260 987 2361 1056 τῆς
2397 986 2496 1054 μὲν
2517 986 2773 1053 γυναικὸς
2804 986 3170 1056 προκειμένης
3207 993 3428 1059 νεκρᾶς,
3483 993 3577 1043 τὸν
3602 984 3833 1059 γελῶντα

2262 1072 2602 1143 ἀποστρέφῃ,
2637 1072 2734 1141 τῆς
2763 1072 2820 1124 δὲ
2869 1071 3053 1141 ψυχῆς
3093 1090 3177 1126 σοι
3226 1075 3706 1145 τεθανατωμένης,
3755 1080 3834 1132 τὸν

2261 1160 2566 1231 δακρύοντα
2617 1160 2959 1231 ἀποστρέφῃ,
2984 1161 3149 1231 γελᾷς
3185 1163 3243 1215 δὲ
3289 1164 3488 1229 αὐτόςς
3530 1166 3699 1235 Ὁρᾷς

2264 1250 2411 1319 ἡμᾶς
2436 1247 2685 1318 διέθηκεν
2717 1250 2745 1299 ὁ
2772 1247 3039 1313 διάϐολος,
3064 1249 3291 1319 ἐχθροὺς
3323 1252 3540 1314 ἑαυτοῖς
3585 1249 3727 1305 εἶναι
3757 1260 3839 1308 καὶ

2263 1335 2391 1387 πολε
2401 1335 2583 1405 μίους;
2628 1335 3018 1405 Ἀνανήψωμέν
3041 1354 3191 1397 ποτε,
3212 1337 3622 1410 διαδλέψωμεν,
3648 1359 3837 1411 γρηγο-

2266 1418 3055 1493 ρήσωμεν,ἐπιλα6ώμεθατῆς
3081 1425 3297 1477 αἰωνίου
3332 1424 3505 1496 ζωῆς,
3562 1430 3657 1480 τὸν
3684 1431 3837 1482 πολὺν

2267 1510 2433 1563 ὕπνον
2474 1508 2951 1579 άποτιναξώμεθα.
3002 1509 3199 1580 Κρίσις
3248 1513 3384 1579 ἐστὶ,
3416 1515 3649 1579 κόλασίς
3682 1518 3831 1579 ἐστιν,

2264 1601 2559 1664 ἀνάστασίς
2593 1602 2761 1662 ἐστιν,
2794 1600 3040 1663 ἐξέτασις
3063 1599 3170 1652 τῶν
3200 1606 3642 1673 πεπραγμένων
3681 1610 3710 1659 ὁ
3737 1610 3833 1661 κύ-

2269 1706 2382 1759 ριος
2403 1690 2620 1759 ἔρχεται
2655 1690 2712 1741 ἐν
2732 1687 3002 1756 νεφέλαις.
3029 1688 3155 1755 Πῦρ
3190 1688 3449 1743 ἐνώπιον
3484 1694 3678 1748 αὐτοῦ
3706 1714 3831 1749 um.

2266 1774 2531 1839 θήσεται,
2559 1773 2711 1846 [494]
2737 1774 2833 1826 καί
2860 1775 3064 1840 κύκλῳ
3086 1775 3272 1828 αὐτοῦ
3290 1780 3565 1845 mrtuch
3594 1784 3831 1852 σφοδρὰ,

2267 1862 2420 1930 φησί’
2450 1862 2693 1930 ποταμὸς
2719 1861 2886 1932 πυρὸς
2903 1861 3125 1931 σύρεται
3154 1862 3467 1933 ἔμπροσθεν
3496 1866 3688 1929 αὐτοῦ,

2266 1946 2364 2016 ληξ
2398 1947 2776 2018 ἀτελεύτητος,
2835 1947 2948 2018 πῦρ
2977 1948 3264 2012 ἄσϐεστον,
3314 1952 3509 2014 σκότος
3565 1954 3830 2029 ἐξώτερον,

2268 2034 2510 2105 βρυγμὸς
2540 2035 2649 2089 τῶν
2674 2036 2922 2089 ὀδόντων.
2951 2037 3068 2090 Κᾶν
3097 2039 3359 2107 μυριάκις
3382 2042 3480 2094 ἐπὶ
3509 2043 3727 2105 τούτος
3756 2049 3834 2100 δυ-

2269 2124 2610 2193 σχεραίνητε,
2632 2123 2744 2191 ἐγὼ
2769 2123 2942 2191 λέγων
2983 2126 3043 2177 οὐ
3066 2126 3367 2195 παύσομαι.
3398 2129 3465 2180 Εἰ
3497 2129 3615 2200 γὰρ
3640 2131 3836 2196 1201;6-

2270 2228 2423 2281 μενοι
2452 2213 2501 2264 οἱ
2549 2212 2824 2282 προφῆται
2850 2213 2951 2266 οὐκ
2977 2213 3193 2281 ἐσίγων,
3226 2215 3409 2285 πολλῷ
3446 2218 3662 2283 μᾶλλον

2265 2300 2561 2370 ἀπεχθείας
2579 2300 2663 2352 δεῖ
2709 2300 2918 2371 φέρειν,
2954 2302 3046 2354 καὶ
3080 2304 3154 2373 μὴ
3205 2306 3341 2375 πρὸς
3370 2306 3544 2377 χάριν
3573 2310 3705 2377 ὑμῖν
3733 2312 3837 2381 δμιο

2266 2388 2399 2449 λεῖν,
2430 2388 2518 2441 ἴνα
2551 2387 2626 2458 μὴ
2654 2389 3039 2459 ἀπατήσαντες
3085 2392 3249 2461 ὑμᾶς,
3282 2394 3439 2446 αὐτοὶ
3480 2394 3837 2467 διχοτομηῡῶ-

2268 2493 2386 2546 μεν.
2431 2476 2575 2529 Ἐκεῖ
2608 2474 2827 2540 κόλασίς
2854 2479 3006 2531 ἐστιν
3064 2478 3351 2544 ἀθάνατος,
3387 2484 3838 2555 ἀπαραμύθητος

2264 2564 2293 2615 6
2318 2565 2754 2633 προστησάμενος
2784 2564 2979 2628 οὐδείς.
3018 2567 3109 2634 Τίς
3149 2569 3413 2634 ἐλεήσει,
3440 2574 3642 2641 φησὶν,
3664 2575 3839 2628 ἐπαιτι-

2264 2649 2375 2703 δόν
2398 2650 2760 2719 ὀφιόδηκτον
2779 2670 2798 2717 ;
2844 2652 3013 2706 Ὅταν
3047 2656 3205 2724 ἡμεῖς
3238 2657 3474 2722 ἑαυτοὺς
3510 2660 3594 2730 μὴ
3623 2661 3837 2731 ἐῶσα)-

2268 2754 2389 2807 μεν,
2447 2736 2531 2800 τίς
2586 2738 2819 2808 ἐλεήσει,
2885 2740 3007 2793 εἰπέ
3046 2759 3165 2811 μοι;
3208 2744 3335 2797 Ἐὰν
3382 2746 3506 2818 ἴδῃς
3546 2750 3678 2801 “vi
3711 2749 3837 2818 ξίφθς

2264 2824 2555 2878 ἐλαύνοντα
2574 2825 2642 2877 δι’
2675 2826 2889 2887 ἑαυτοῦ.
2920 2828 3110 2883 τούτου
3135 2831 3343 2905 δυνήσῃ
3367 2836 3668 2902 φείδεσθαί
3697 2856 3835 2903 ποα;

2266 2913 2531 2984 Οὐδαμῶς
2549 2929 2563 2942 ·
2602 2914 2781 2984 πολλῷ
2805 2914 3027 2985 μᾶλλον,
3060 2918 3187 2971 ὅταν
3220 2920 3396 2989 παρὸν
3424 2917 3835 2996 ᾖκατορθῶσαι,

2269 3001 2362 3052 καὶ
2391 2999 2465 3071 μὴ
2494 3001 2951 3073 κατορθώσωμεν,
2979 3005 3063 3067 τίς
3100 3005 3258 3076 ἡμῶν
3288 3010 3541 3075 φείσεται
3573 3030 3590 3075 ;
3654 3015 3836 3075 Οὐδείς.

2280 3086 2621 3158 Ἐλεὴσωμεν
2654 3090 2900 3154 ἑαυτούς·
2924 3092 3053 3145 ὅταν
3080 3093 3368 3165 εὐχώμεθα
3396 3098 3481 3167 τῷ
3513 3100 3645 3171 Θεῴ
3676 3102 3836 3169 λέγειν

2266 3191 2379 3249 τες,
2423 3175 2675 3247 Ἐλέησόν
2712 3194 2802 3249 με,
2826 3178 3020 3249 Κύριε,
3046 3180 3295 3250 λέγωμεν
3320 3183 3461 3252 πρὸς
3488 3187 3741 3251 ἑαυτοὺς,
3761 3192 3835 3242 καὶ

2267 3262 2495 3325 ἐαυτούς
2520 3262 2853 3335 ἐλεήσωμεν.
2888 3266 3079 3337 Ἡμεῖς
3102 3271 3270 3339 ἐσμεν
3290 3269 3475 3338 κύριοι
3490 3272 3593 3324 τοῦ
3616 3275 3706 3326 τὸν
3725 3276 3834 3327 Θεὸν

2269 3350 2414 3420 ἡμᾶς
2444 3348 2685 3419 ἐλεῆσαι·
2733 3352 2895 3416 αὐτὸς
2945 3355 3077 3423 ἡμῖν
3137 3356 3293 3409 τοῦτο
3324 3358 3652 3428 ἐχαρίσατο.
3732 3364 3835 3415 Ἐὰν

2269 3439 2394 3504 ἄξια
2423 3437 2604 3503 ἐλέους
2637 3441 2985 3511 πράττωμεν,
3022 3443 3117 3495 ἐὰν
3138 3443 3263 3510 ἄξια
3304 3448 3731 3519 φιλανθρωπίας
3754 3453 3835 3518 τῆς

2270 3527 2400 3597 παρ’
2431 3528 2621 3589 αὐτοῦ,
2662 3529 2873 3601 ἐλεήσει
2903 3532 3051 3601 ἡμᾶς
3079 3534 3108 3585 ὁ
3134 3532 3286 3597 Θεὸς·
3306 3536 3404 3587 ἐὰν
3429 3536 3491 3588 δὲ
3515 3539 3748 3603 ἑαυτοὺς
3774 3542 3834 3609 μή

2270 3614 2529 3685 ἐλεῶμεν,
2556 3616 2639 3679 τίς
2678 3617 2835 3686 ἡμῶν
2866 3618 3146 3686 φείσεται;
3183 3621 3437 3691 Ἐλέησον
3468 3625 3566 3677 τὸν
3604 3627 3831 3695 πλησίον.

2270 3703 2367 3755 καὶ
2397 3703 2669 3777 ἐλεηθήσῃ
2699 3706 2825 3775 παρ’
2859 3704 3025 3760 αὐτοῦ
3048 3707 3139 3759 τοῦ
3161 3708 3322 3762 Θεοῦ.
3355 3712 3529 3765 Πόσοι
3569 3715 3695 3768 καθ’
3724 3716 3832 3768 ἐλιά-

2273 3806 2407 3859 στην
2422 3789 2633 3861 ἡμέραν
2652 3791 3043 3862 προσέρχονται
3075 3794 3342 3863 λέγοντες,
3363 3798 3630 3871 Ἐλέησόν
3660 3820 3745 3873 με,
3760 3808 3831 3855 καὶ

2270 3876 2391 3930 οὐδὲ
2426 3877 2765 3950 ἐπιστρέφῃ;
2794 3880 2948 3933 πόσοι
2982 3885 3199 3952 γυμνοὶ,
3237 3886 3395 3938 πόσοι
3422 3889 3729 3958 άνάπηροι,
3758 3894 3831 3941 κεί

2270 3965 2369 4017 οὐκ
2398 3964 2879 4037 ἐπικαμπτόμεθα,
2912 3969 3048 4023 ἀλλά
3083 3976 3581 4045 παραπεμπόμεθα
3614 3992 3641 4020 ι
3678 3980 3831 4031 αὐτῶν

2270 4051 2368 4114 τὰς
2400 4053 2715 4122 ἰκετηρία;;
2750 4055 2875 4116 Πῶς
2898 4052 2991 4110 οὖν
3020 4058 3191 4123 ἀξιοῖς
3217 4060 3536 4132 ἐλεηθῆναι,
3572 4068 3733 4128 αὐτὸ,
3764 4071 3831 4118 σὲ-

2270 4139 2357 4192 δὲν
2382 4138 2529 4203 ἄξιον
2557 4140 2707 4193 ἐλέου
2740 4143 2907 4197 ποιῶν
2930 4162 2943 4209 ;
2975 4146 3266 4215 Γενώμεθα
3286 4150 3667 4221 οἰκτίρμονες,
3686 4158 3831 4221 γεώ-

2277 4231 2416 4301 μεθα
2445 4232 2758 4302 ἐλεήμονες
2790 4236 2856 4288 ἵν’
2890 4235 3062 4300 οὕτως
3116 4240 3581 4313 εὐαρεστήσωμεν
3608 4246 3689 4316 τῷ
3711 4248 3828 4315 Θεῷ,

2272 4318 2370 4371 καὶ
2418 4319 2762 4391 ἐπιτύχωμεν
2809 4322 2916 4376 τῶν
2976 4326 3402 4396 ἐπηγγελμένων
3456 4332 3693 4398 ἀγαθῶν
3738 4340 3829 4395 τοῖς

2270 4405 2557 4474 ἀγαπῶσιν
2583 4409 2962 4482 αὐτὸν,χάριτι
2990 4416 3083 4464 καὶ
3105 4414 3486 4487 φιλανθρωπίᾳ
3510 4420 3613 4472 τοῦ
3648 4424 3827 4491 Κυρξω

2273 4492 2430 4562 ἡμῶν
2471 4494 2646 4565 Ἰησοῦ
2675 4496 2936 4566 Χριστοῦ,
2993 4499 3112 4568 μεθ’
3155 4495 3215 4554 οὗ
3248 4502 3324 4571 τῷ
3382 4504 3567 4576 Πατρὶ
3602 4510 3720 4577 ἅμα
3766 4509 3828 4576 τῷ

2271 4580 2411 4650 ἁγίῳ
2433 4580 2711 4651 Πνεύματι
2738 4584 2885 4649 δόξα,
2911 4588 3131 4655 κράτος,
3175 4589 3329 4658 τιμὴ,
3364 4590 3463 4645 νῦν
3500 4596 3596 4649 καὶ
3619 4598 3724 4664 ἀεὶ,
3748 4599 3827 4649 καὶ

2273 4666 2353 4727 εἰς
2386 4668 2510 4730 τοὺς
2537 4667 2737 4732 αἰῶνας
2776 4671 2883 4723 τῶν
2906 4673 3137 4727 αἰώνων.
3180 4676 3372 4747 Ἀμήν.

2341 4844 2363 4870 ⁸
2390 4841 2569 4916 νςηδίηι,
2591 4846 2711 4916 ἀ)λά
2750 4854 3171 4916 παραπεμπόμεθα,
3210 4868 3319 4916 quae
3354 4858 3405 4904 in
3430 4860 3557 4908 solis
3601 4862 3761 4912 Morel.
3783 4872 3825 4911 ει

2277 4901 2465 5011 ἓρζιοᾱ.
2495 4913 2635 4955 eum.
2666 4901 2889 4970 deerainl,
2930 4901 2957 4960 ὁ
2984 4901 3172 4965 εοὲιρτὶἐ
3215 4901 3822 4975 ὂιῆιιίίίῦεηιίὲνοῖὲιίῖἇυξ

2297 4980 2305 4994 ‘
2319 4980 2347 5010 υ
2366 4980 2409 5011 ‘l'.

2297 4980 2409 5014 ινιτ.
