3834 6506
68 388 121 441 Ρῒό
831 378 895 431 ΙΝ
938 378 1147 434 EPIST.
1194 376 1209 431 I
1274 378 1363 432 AD
1403 375 1572 429 'l'llliF

1676 377 1731 429 L.
1774 376 1925 432 CAP.
1980 378 2032 429 ν,
2082 377 2307 431 llOMIL.
2350 376 2438 430 ΙΧ.

67 510 188 551 mum
210 491 413 563 quidem
455 491 573 543 licet
603 505 724 544 esse
750 490 1025 552 socordes;
1056 505 1177 543 nam
1205 488 1347 557 quod
1381 503 1565 556 parum

67 601 115 650 st,
156 600 382 653 magnum
423 582 574 636 all'ert
614 582 903 646 dalnnum;
936 596 1157 635 eversus
1197 582 1359 645 enim,
1389 582 1565 635 statim

67 676 347 745 rrecipilatur
368 682 421 727 et
454 676 585 740 perit
618 691 629 725 :
660 675 727 725 lla
762 689 859 727 nec
890 674 1012 728 licet
1038 689 1137 727 nos
1166 690 1286 729 esse
1312 674 1566 727 Socordes

67 767 311 824 tdesides.
356 769 647 835 Angustam
693 758 1018 835 ingredimur
1051 769 1213 830 viam,
1263 767 1567 837 prmeipitiis

68 861 225 928 udique
249 857 642 922 circumdatam,
678 874 796 927 quae
835 858 990 913 simul
1022 859 1153 912 duos
1182 874 1285 913 neu
1310 860 1451 928 capit
1480 876 1570 927 pe-

68 968 124 1009 as,
159 949 301 1002 Vides
336 958 529 1017 quanta
561 948 631 1002 sit
671 949 825 1002 nobis
863 964 997 1019 Opus
1035 949 1345 1019 diligentia?
1376 952 1566 1003 Annon

69 1045 150 1095 des
170 1054 253 1092 eos
278 1041 362 1108 qui
394 1041 529 1093 inter
546 1040 651 1092 duo
683 1040 971 1109 prmeipitia
998 1050 1240 1111 pergunt,
1272 1057 1374 1093 non
1396 1043 1566 1095 solmu

68 1134 163 1187 ades
188 1132 404 1193 munire,
432 1130 523 1184 sed
547 1130 706 1184 etiam
736 1130 954 1183 oculos?
977 1131 1107 1185 Nam
1136 1132 1176 1186 si
1209 1132 1332 1185 alibi
1360 1133 1568 1186 videtur

68 1222 284 1280 tendere.
316 1220 526 1274 etiamsi
557 1234 647 1288 pes
679 1220 834 1273 lirmo
865 1219 1063 1275 haereat
1092 1221 1336 1292 vestigio,
1370 1238 1397 1274 a
1441 1237 1567 1295 pro-

70 1313 162 1365 udo
208 1311 438 1380 caligaus
486 1310 673 1364 oculus
705 1314 1013 1365 universum
1060 1312 1259 1382 dejieit.
1314 1314 1418 1368 Sed
1467 1315 1567 1367 sibi

68 1414 204 1458 »οι-[ει
236 1412 289 1456 et
328 1418 424 1456 suo
463 1403 665 1472 gressui
715 1405 993 1459 attendere
1024 1422 1036 1457 :
1071 1413 1350 1474 propterea
1392 1406 1519 1459 dicit
1552 1424 1564 1459 :

68 1511 177 1565 eque
218 1496 281 1548 ad
323 1495 623 1557 dexteram,
660 1510 833 1567 neque
876 1496 941 1550 ad
984 1496 1277 1553 sinistram.
1322 1495 1567 1567 Magnum

68 1598 82 1640 t
113 1585 216 1639 vitii
256 1586 596 1655 profundum,
632 1602 820 1656 magna
852 1587 1163 1656 prmcipitia,
1197 1603 1400 1659 magna:
1432 1588 1567 1643 inle-

70 1698 111 1735 ις
142 1681 392 1745 tenebrm,
424 1689 644 1752 angusta
676 1682 759 1735 via
794 1701 805 1736 :
838 1682 1174 1737 attendamus
1206 1700 1326 1737 cum
1355 1685 1565 1751 timore,

69 1788 117 1825 m
164 1780 394 1826 tremore
440 1772 793 1827 ambulemus.
827 1772 1012 1828 Nullus
1054 1773 1137 1828 via
1180 1773 1443 1843 ejusmodi
1487 1776 1569 1831 in-

68 1862 241 1915 edieus
270 1871 349 1916 est
380 1862 431 1915 in
467 1863 631 1916 risum
664 1862 884 1927 ell‘usus,
917 1879 1086 1934 neque
1116 1875 1367 1935 gravatur
1395 1866 1570 1920 ebrie-

75 1968 121 2009 e.
152 1951 246 2006 sed
277 1953 325 2006 in
354 1954 644 2008 sobrietate
686 1963 740 2007 et
777 1954 983 2023 jejunio
1010 1971 1070 2009 ea
1104 1956 1185 2009 via
1229 1957 1524 2026 ingreditur
1554 1975 1566 2009 :

72 2042 170 2095 llus
214 2040 315 2096 hac
344 2045 427 2096 via
475 2044 728 2098 incedens
759 2045 954 2114 aliquid
1002 2046 1155 2100 alit-rt
1197 2047 1567 2116 superﬂuum;

68 2133 246 2187 celare
285 2133 423 2187 enim
473 2149 592 2188 cum
624 2149 689 2187 (ο
719 2136 889 2203 agitur
915 2136 958 2189 si
989 2138 1289 2191 succinctus
1326 2148 1380 2193 et
1404 2154 1568 2208 expe-

68 2240 125 2277 ns
156 2226 327 2293 possit
355 2226 579 2281 evadere
613 2245 625 2279 :
660 2228 834 2281 nullus
859 2243 985 2284 suos
1014 2229 1235 2300 impedit
1264 2232 1446 2300 pedes,
1476 2233 1569 2287 sed

67 2331 182 2369 eros
212 2315 433 2370 dimittit
460 2328 513 2371 et
534 2319 761 2373 solutos.

68 2409 105 2461 5.
140 2407 253 2460 Nos
283 2418 461 2463 autem
494 2425 613 2463 cum
645 2425 740 2464 nos
764 2412 907 2479 ipsos
934 2414 1079 2467 curis
1107 2414 1390 2484 alligemus
1418 2415 1572 2467 innu-

68 2498 355 2565 rabilibus,
403 2508 456 2554 et
502 2515 664 2554 onera
709 2503 1109 2558 innumerabilia
1156 2520 1274 2575 quzc
1322 2506 1388 2559 ad
1435 2506 1574 2563 hanc

68 2606 142 2644 im
193 2591 469 2659 pertinent
515 2600 808 2661 gestamus,
861 2593 1071 2651 hiantes
1116 2606 1169 2651 et
1212 2596 1386 2664 ell‘usi,
1436 2614 1571 2668 quo-

68 2681 139 2735 do
181 2690 559 2748 exSpectamus
610 2694 886 2753 angustam
941 2688 1076 2741 hanc
1128 2688 1263 2742 viam
1321 2691 1576 2761 ingredi?

74 2790 89 2825 ι
121 2772 451 2840 simpliciter
478 2772 629 2841 dixit,
664 2774 760 2829 Est
800 2788 1037 2847 angusta,
1073 2784 1164 2834 sed
1197 2797 1316 2836 cum
1344 2783 1575 2839 admira-

73 2878 120 2917 ie
142 2905 157 2929 ,
196 2863 373 2928 Quam
399 2874 612 2933 angusta
637 2865 725 2919 illa
754 2867 831 2921 via
865 2868 1075 2937 (Matth.
1104 2871 1150 2925 7.
1194 2873 1310 2941 li)!
1343 2872 1444 2928 hoc
1470 2885 1573 2945 est,

68 2954 127 3008 ie
179 2968 437 3025 angusta.
484 2956 596 3011 Hoc
637 2973 734 3013 nos
773 2974 983 3029 quoque
1016 2959 1239 3017 iacimus
1279 2964 1329 3019 iu
1362 2964 1427 3019 iis
1457 2980 1576 3035 qua:

74 3060 261 3101 :entnr
293 3049 349 3102 in
379 3063 565 3118 magna
596 3049 964 3107 admiratione.
1015 3054 1080 3108 Et
1118 3072 1301 3111 rursus
1321 3099 1336 3124 ,
1381 3058 1533 3112 Arcta
1556 3102 1572 3126 ,

67 3141 163 3204 uit,
198 3141 289 3193 via
320 3156 435 3209 qua:
471 3143 611 3196 ducit
635 3146 704 3196 ad
732 3146 883 3197 vitam
919 3144 1125 3217 (Ibid.).
1155 3148 1222 3202 Et
1246 3161 1392 3206 recte
1420 3153 1574 3217 dixit,

69 3241 143 3283 ta.
181 3230 422 3297 Quando
451 3224 675 3288 enimet
708 3235 991 3290 verborum
1034 3247 1088 3292 et
1116 3239 1494 3309 cogitationum
1524 3253 1578 3297 ei.

70 3336 250 3374 onum
281 3328 340 3374 et
362 3322 599 3377 omnitnn
624 3323 882 3380 debemus
911 3328 1173 3383 rationem
1206 3331 1450 3393 reddere.
1488 3350 1575 3388 re-

67 3428 85 3465 ι
119 3422 213 3466 est
243 3423 500 3484 angusta.
533 3416 906 3485 Augustiorem
934 3429 1111 3475 autem
1152 3437 1268 3476 eam
1312 3424 1534 3478 facimus
1558 3468 1574 3491 ,

68 3522 86 3559 ι
121 3522 235 3561 nos
270 3507 420 3576 ipsos
442 3508 775 3564 extendimus
804 3520 859 3566 et
885 3512 1190 3582 dilatauius,
1220 3525 1273 3569 et
1301 3518 1463 3585 pedes
1493 3519 1571 3571 εἷς

68 3600 280 3654 limus.
314 3599 447 3654 Nam
477 3617 594 3670 qua:
624 3612 705 3656 est
733 3612 953 3673 angusta
984 3606 1223 3674 quidem,
1250 3620 1332 3662 est
1360 3610 1578 3663 cuilibet

72 3693 231 3758 cilis,
282 3693 522 3747 maxime
547 3702 724 3747 autem
758 3696 805 3749 ei
837 3698 925 3766 qui
957 3706 1039 3750 est
1068 3697 1262 3753 obesus
1294 3716 1305 3750 :
1338 3716 1459 3752 nam
1487 3702 1576 3769 qui

69 3799 204 3837 sum
261 3783 489 3851 quidem
533 3797 795 3850 macerat,
829 3803 897 3840 ne
941 3786 1103 3841 sentit
1146 3791 1357 3858 quidem
1406 3809 1576 3863 angu-

67 3892 103 3929 ς.
153 3876 540 3943 Quamobrem
571 3878 657 3946 qui
700 3878 987 3933 meditatus
1028 3879 1187 3934 luerit
1215 3884 1498 3953 comprimi
1526 3895 1580 3939 et

67 3970 139 4037 gi,
182 3982 267 4021 ne
300 3982 445 4036 :egre
476 3968 687 4037 quidem
721 3968 851 4023 feret
881 3970 923 4023 si
949 3974 1351 4041 comprimatur.

71 4058 265 4111 elicita
312 4058 447 4110 nihil
490 4071 719 4128 prosunt.
750 4089 821 4098 ——
848 4060 926 4116 Ne
963 4076 1091 4132 ergo
1130 4076 1402 4133 exspectet
1427 4070 1573 4137 quis-

68 4168 87 4204 ι
153 4151 298 4205 fore
354 4160 410 4204 ut
454 4151 508 4205 in
552 4153 663 4205 otio
705 4164 759 4207 et
799 4154 977 4221 quiete
1007 4158 1168 4211 ca‘los
1206 4159 1415 4225 videat;
1464 4163 1576 4216 lieri

74 4258 91 4293 ι
122 4257 253 4294 non
296 4249 476 4310 potest
505 4258 517 4292 :
549 4257 706 4296 nemo
731 4255 907 4312 speret
934 4261 1053 4300 cum
1084 4248 1290 4303 deliciis
1318 4252 1454 4306 viam
1478 4269 1576 4306 an-

67 4350 163 4387 am
202 4333 468 4403 ingredi;
510 4349 615 4389 non
645 4346 819 4409 potest
846 4339 989 4392 enim
1014 4340 1118 4395 hoc
1145 4357 1264 4397 esse
1294 4362 1307 4396 :
1336 4362 1492 4399 nemo
1526 4348 1575 4401 in

93 4430 196 4481 via
262 4427 551 4493 incedens,
585 4432 745 4484 vitam
787 4441 985 4500 speret.
1036 4431 1170 4488 Cum
1215 4452 1341 4507 ergo
1381 4440 1577 4494 videris

67 4536 176 4576 eas
198 4564 215 4587 ,
270 4536 524 4575 mensam
553 4532 919 4593 sumptuosam
960 4526 1243 4584 habentem
1274 4536 1575 4604 quempiam

75 4629 251 4683 agno
303 4613 562 4681 stipatum
609 4615 895 4681 satellitio,
928 4632 1048 4671 esse
1081 4620 1130 4671 in
1164 4620 1397 4688 deliciis,
1432 4641 1495 4678 ne
1531 4640 1577 4680 te

68 4723 213 4762 rum
260 4708 595 4776 pronunties
625 4709 764 4777 quod
794 4725 853 4763 ea
886 4710 976 4764 tibi
1013 4728 1115 4764 non
1146 4725 1451 4783 suppetant,
1482 4719 1575 4772 sed

67 4818 75 4852 l
106 4798 316 4863 defle,
347 4797 487 4866 quod
514 4799 715 4865 perdita
736 4801 813 4853 via
844 4801 1070 4856 incedat.
1096 4803 1228 4871 Quid
1255 4807 1394 4859 enim
1419 4811 1579 4878 prod-

72 4904 171 4945 u‘c
210 4890 346 4954 via,
375 4905 493 4943 cum
522 4890 728 4945 desinat
756 4897 806 4944 in
837 4892 1177 4948 alllictionem
1200 4896 1221 4948 ?
1248 4897 1372 4965 quid
1399 4911 1573 4954 autem

67 4994 138 5038 nt
200 4984 342 5037 illa:
390 4983 669 5051 angustia),
714 4998 834 5038 cum
881 4986 1098 5041 veniant
1140 4987 1205 5042 ad
1250 4991 1480 5057 quietem
1525 5004 1578 5047 et

70 5079 84 5129 i
128 5073 609 5129 relaxntionem?
637 5075 730 5129 Dic
757 5091 957 5144 quaeso,
986 5079 1028 5131 si
1062 5079 1323 5149 quispiam
1355 5097 1577 5140 vocatus

68 5172 284 5239 agiam
356 5182 450 5233 per
496 5178 751 5235 angustos
801 5170 1127 5239 ingrediatur
1163 5175 1473 5245 angiportns
1524 5189 1578 5233 et

67 5261 287 5329 ipitia,
333 5257 477 5309 alius
502 5268 679 5312 autem
710 5260 967 5317 abductus
993 5263 1057 5317 ad
1084 5277 1306 5320 mortem
1340 5270 1577 5324 trahatur

75 5355 345 5408 iedium
396 5350 601 5417 lorum,
653 5368 809 5421 quem
856 5354 1067 5410 beatum
1098 5359 1374 5415 dicemus?
1419 5380 1573 5432 quem

68 5450 290 5505 simus
312 5445 346 5498 ?
377 5459 553 5499 annon
596 5460 717 5499 cum
748 5449 835 5516 qui
878 5466 969 5518 per
1000 5451 1138 5505 viam
1168 5465 1444 5523 angustam
1492 5460 1570 5509 in-

67 5539 227 5595 tnr?
290 5538 384 5591 Ita
428 5551 567 5590 llllllC
607 5552 818 5607 quoque
861 5556 963 5595 non
996 5558 1089 5597 eos
1122 5543 1307 5598 beatos
1341 5561 1576 5615 pronun-

76 5651 110 5689 s
152 5632 276 5705 qui
321 5628 518 5684 vivunt
546 5631 595 5684 in
627 5633 852 5696 deliciis,
885 5634 977 5687 sed
1010 5651 1103 5688 eos
1130 5636 1217 5705 qui
1249 5654 1352 5691 non
1384 5637 1573 5693 delici-

98 5749 113 5784 :
164 5727 236 5781 lii
286 5708 599 5797 properant
624 5726 688 5777 ad
721 5728 930 5791 Caium,
962 5728 1032 5781 illi
1065 5729 1128 5783 ad
1158 5732 1474 5800 gehennam.
1510 5734 1575 5787 Et

69 5840 147 5877 se
207 5815 407 5871 uiitlti
452 5832 514 5869 ex
564 5818 691 5885 ipsis
724 5819 882 5871 etiam
915 5820 1158 5873 ridebunt
1190 5840 1305 5892 quae
1346 5842 1375 5877 ει
1421 5825 1572 5879 nobis

280 5912 585 5973 PATuOL.
632 5910 752 5970 Gn.
800 5913 989 5972 LXll.

3160 372 3256 425 ιῗίί

1672 487 1919 539 dietmtur
1957 504 1970 538 ~:
2003 503 2104 556 ego
2151 498 2327 542 autem
2378 489 2500 543 ideo
2544 488 2773 541 maxime
2816 487 2918 543 lico
2959 498 3013 544 et
3044 490 3250 559 lugeo,

1671 576 1811 644 quod
1856 577 2099 631 nesciant
2144 590 2361 646 prepter
2390 594 2630 648 quamam
2672 578 2847 633 ridere
2890 589 3155 648 oporteat,
3199 598 3252 635 et

1673 680 1770 735 pro
1796 665 1989 734 quibus
2016 667 2247 721 maxime
2288 678 2531 736 Oporteat
2558 668 2686 724 ﬂere
2722 679 2776 725 et
2814 670 3129 737 lamentari,
3158 672 3251 725 sed

1672 759 1847 812 omnia
1871 757 2202 813 confundunt
2222 768 2275 813 et
2292 761 2522 815 turbant.
2556 760 2840 830 Propterea
2872 779 2972 834 ego
2998 765 3143 834 ipsos
3163 765 3255 820 de-

1673 847 1796 903 ﬂeo.
1827 849 1964 916 Quid
1989 850 2143 916 dicis,
2173 865 2206 905 o
2237 850 2396 905 homo
2413 853 2437 905 ?
2457 867 2515 906 es
2539 864 2958 922 resurrecturus,
2988 865 3043 911 ct
3067 871 3252 911 eorum

1673 954 1792 1007 qua:
1820 940 2052 1009 gesseris
2079 940 2339 995 rationem
2373 943 2702 1008 redditurus,
2735 954 2789 999 et
2818 946 3063 1001 ultimum
3093 948 3249 1002 datu-

1675 1043 1764 1081 rus
1793 1029 2142 1098 supplicium;
2178 1031 2476 1101 horumque
2507 1034 2706 1089 nullam
2748 1036 2909 1090 habes
2950 1039 3211 1094 rationein
3239 1083 3254 1102 ,

1675 1117 1950 1173 meditaris
1979 1130 2155 1174 autem
2196 1122 2366 1176 ventri
2397 1122 2673 1193 indulgere
2697 1134 2749 1179 et
2781 1128 3034 1183 inebriari
3060 1172 3075 1197 ,
3100 1140 3160 1185 et
3188 1131 3253 1186 ad

1677 1207 1791 1262 hrcc
1842 1208 2025 1264 rides?
2074 1210 2178 1264 Sed
2224 1226 2325 1281 ego
2376 1222 2426 1267 te
2466 1214 2662 1279 deﬂeo,
2709 1228 2768 1270 ut
2809 1219 2899 1287 qui
2940 1221 3105 1274 sciam
3135 1237 3257 1291 quae

1674 1300 1809 1353 mala
1839 1311 1888 1353 te
1915 1312 2183 1364 maneant,
2218 1314 2271 1358 et
2299 1305 2613 1375 supplicium
2646 1309 2788 1377 quod
2818 1318 2868 1364 te
2890 1321 2976 1365 est
3003 1324 3256 1381 exceptu-

1674 1404 1820 1454 rum;
1852 1399 1907 1444 et
1937 1391 2055 1446 ideo
2082 1395 2253 1464 magis
2280 1394 2382 1449 ﬂeo
2407 1398 2547 1466 quod
2580 1408 2633 1451 tu
2658 1399 2821 1454 rides.
2850 1400 2993 1471 L‘uge
3020 1417 3254 1467 meeum,

1675 1487 1728 1532 tu
1775 1481 1913 1533 mala
1965 1496 2172 1537 mecum
2217 1483 2458 1553 deplora.
2508 1481 2603 1542 Die
2650 1489 2800 1555 mihi,
2833 1491 2879 1544 si
2907 1493 3028 1561 quis
3055 1508 3122 1547 ex
3155 1496 3259 1547 tuis

1675 1572 1994 1626 necessariis
2025 1573 2117 1627 tibi
2151 1575 2400 1644 perierit,
2430 1591 2607 1632 annon
2640 1594 2732 1635 eos
2758 1583 2847 1651 qui
2892 1595 3112 1653 propter
3140 1589 3257 1656 ejus

1672 1663 1955 1719 decessum
1996 1666 2172 1744 rident
2200 1670 2465 1723 aversaris
2494 1680 2547 1726 et
2578 1672 2822 1730 inimicos
2872 1687 3120 1745 reputas;
3165 1694 3259 1735 eos

1674 1764 1853 1810 autem
1882 1757 1971 1827 qui
2005 1757 2135 1814 ﬂent
2161 1768 2215 1814 et
2244 1770 2420 1815 tecum
2453 1763 2656 1833 lugent,
2689 1765 2903 1837 diligis?
2930 1768 3080 1825 Itane
3103 1776 3148 1826 Si
3170 1775 3259 1841 ja-

1673 1856 1792 1902 ceat
1822 1863 1958 1905 uxor
1997 1860 2205 1906 mortua
2230 1893 2243 1916 ,
2277 1854 2443 1907 risum
2487 1857 2722 1923 avertis;
2754 1860 2848 1915 tibi
2877 1872 3054 1918 autem
3082 1877 3261 1923 morte

1673 1938 1861 1993 allecta
1908 1942 2108 2007 anima,
2160 1942 2545 2014 lacrymantem
2588 1951 2874 2017 aversaris,
2923 1953 3039 2023 ipse
3077 1966 3256 2014 autem

1673 2029 1853 2084 rides?
1881 2030 2042 2086 Vides
2068 2034 2340 2101 quomodo
2373 2050 2469 2089 nos
2501 2038 2739 2093 atiecerit
2758 2040 3035 2111 diabolus,
3066 2055 3126 2101 ut
3152 2065 3256 2104 no-

1677 2119 1755 2172 bis
1781 2120 1915 2190 ipsis
1945 2122 2112 2176 simus
2139 2124 2337 2179 inimici
2363 2136 2416 2180 et
2456 2127 2674 2183 hostes?
2702 2130 2942 2189 Tandem
2970 2138 3258 2208 resipisca-

1674 2225 1813 2275 mus,
1864 2211 2378 2282 circumspiciamus,
2431 2220 2741 2290 vigilemus,
2787 2225 2951 2282 vitam
2997 2238 3255 2289 mtemam

1674 2302 2175 2371 apprehendamus,
2224 2309 2545 2376 profundum
2590 2327 2836 2371 somnum
2876 2323 3259 2382 excutiamus:

1674 2403 1758 2448 est
1805 2394 2086 2462 judicium,
2138 2408 2223 2452 est
2268 2402 2612 2470 supplicium,
2669 2415 2753 2461 est
2801 2415 3151 2481 resurrectio,
3203 2428 3261 2473 et

1674 2489 1999 2543 examinatio
2023 2505 2206 2544 eorum
2234 2510 2356 2562 qua:
2381 2506 2528 2564 gesta
2558 2508 2681 2552 sunt
2710 2516 2723 2553 :
2758 2500 3013 2559 Dominus
3039 2510 3184 2561 venit
3208 2511 3257 2563 in

1676 2579 1927 2644 nubibus,
1956 2579 2099 2650 Ignis
2126 2583 2181 2635 in
2216 2582 2486 2653 conspectu
2509 2588 2622 2657 ejus
2645 2591 2859 2655 ardebit,
2887 2605 2932 2647 et
2956 2597 3012 2650 in
3040 2599 3257 2654 circuitu

1678 2673 1899 2740 procella
1927 2674 2187 2729 vehemens
2217 2676 2385 2748 (Psal.
2419 2679 2509 2734 49.
2539 2681 2620 2749 5),
2664 2682 2867 2754 inquit;
2900 2686 3092 2745 ﬂuvius
3125 2693 3261 2763 ignis

1676 2771 1802 2817 ante
1848 2764 2020 2832 ipsum
2066 2768 2324 2835 trahitur,
2358 2772 2563 2827 vermis
2606 2773 2696 2842 qui
2726 2791 2832 2834 non
2858 2782 3222 2852 exstinguitur
3243 2828 3259 2849 ,

1678 2856 1916 2909 tenebrae
1946 2858 2266 2927 exteriores,
2296 2861 2496 2917 stridor
2520 2865 2784 2922 dentium.
2818 2869 3042 2927 Etiamsi
3067 2879 3263 2934 millies

1676 2943 1797 2999 hinc
1841 2961 1985 3017 aegre
2030 2948 2235 3015 feratis,
2282 2966 2383 3022 ego
2422 2970 2529 3008 nun
2555 2959 2777 3013 cessabo
2807 2962 3007 3019 dicere.
3035 2964 3168 3023 Nam
3212 2974 3256 3025 si

1676 3036 1949 3109 hpidibus
1977 3043 2198 3111 appetiti
2225 3044 2502 3115 prophetae
2530 3064 2641 3104 non
2669 3051 2917 3121 silebant,
2946 3061 3115 3117 multo
3142 3082 3256 3118 nta-

1676 3134 1758 3203 gis
1787 3133 1942 3189 nobis
1971 3134 2205 3191 ferendas
2232 3147 2357 3192 sunt
2380 3139 2671 3198 inimicitia:
2694 3161 2708 3211 ;
2734 3154 2789 3200 et.
2823 3162 2929 3203 non
2965 3163 3047 3206 est
3082 3156 3258 3211 vobis-

1678 3242 1799 3280 cum
1830 3228 2151 3297 loquendum
2173 3230 2238 3285 ad
2265 3233 2515 3301 gratiam,
2548 3250 2614 3291 ne
2657 3237 2701 3293 si
2734 3254 2826 3295 vos
2869 3240 3262 3313 deceperimns,

1681 3319 1781 3389 ipsi
1810 3321 2197 3378 discindamur.
2248 3327 2359 3382 lllic
2417 3338 2499 3384 est
2547 3333 2869 3402 supplicium
2917 3338 3261 3405 immortale,

1679 3424 1831 3480 cujus
1863 3414 2067 3467 nullum
2103 3415 2278 3470 afferri
2311 3420 2508 3487 poterit
2544 3422 2789 3479 solatium
2818 3443 2832 3491 ;
2876 3432 3053 3486 nullus
3077 3445 3161 3489 est
3191 3435 3265 3490 ibi

1678 3504 1767 3570 qni
1811 3503 2081 3558 defendat.
2134 3507 2260 3574 Quis
2299 3511 2644 3579 miserebitur,
2692 3515 2883 3587 inquit,
2932 3521 3264 3581 incantatoris

1678 3596 1834 3645 marsi
1863 3610 1895 3646 a
1921 3606 2151 3663 serpente
2171 3596 2190 3668 (
2212 3597 2369 3652 Eccli.
2410 3601 2493 3656 l2.
2526 3603 2631 3673 l3)
2653 3604 2827 3662 ?Cuu:
2858 3624 2957 3663 nos
2982 3616 3150 3668 nostri
3183 3617 3265 3684 ips

1680 3700 1862 3740 soi-um
1894 3702 1996 3741 non
2028 3688 2412 3757 misereantur,
2444 3695 2595 3762 quis,
2629 3696 2713 3751 dic
2742 3713 2952 3767 quaeso,
2978 3704 3265 3761 miserebi-

1678 3780 1801 3833 tur?
1830 3779 1884 3835 Si
1919 3780 2118 3835 videris
2160 3785 2462 3853 quempiam
2504 3801 2565 3842 se
2606 3802 2737 3843 ense
2770 3795 3218 3867 transadigeutem
3246 3840 3261 3865 ,

1682 3872 1803 3925 eine
1844 3874 2044 3940 poteris
2076 3888 2324 3942 umquam
2358 3891 2578 3943 parcere
2599 3880 2622 3931 ?
2647 3880 2990 3953 Nequaquam
3032 3905 3051 3940 7:
3095 3893 3263 3952 nptlto

1681 3963 1848 4030 magis
1875 3977 1996 4015 cum
2022 3963 2163 4017 adsit
2191 3974 2339 4020 recte
2364 3982 2571 4036 gerere,
2606 3979 2661 4025 et
2686 3989 2791 4026 non
2820 3986 2966 4032 recte
2990 3994 3261 4048 geramus,

1680 4053 1803 4121 quis
1832 4053 1987 4108 nobis
2017 4057 2242 4123 parcet?
2264 4056 2454 4113 Nemo.
2486 4060 2665 4117 Nostri
2692 4066 3051 4125 misereantur
3087 4090 3101 4127 :
3139 4090 3259 4130 eum

1683 4142 1848 4198 Deum
1872 4158 2169 4213 precemur,
2190 4146 2453 4215 dicentes,
2484 4151 2735 4209 Miserere
2758 4159 2878 4227 mei,
2901 4161 3147 4230 Domine,
3162 4180 3259 4219 no-

1676 4235 1895 4307 »bisipsis
1918 4237 2183 4303 dicamus,
2214 4239 2280 4293 Et
2309 4243 2477 4295 nostri
2507 4244 2745 4313 ipsorum
2777 4249 3146 4309 misereantur.
3167 4258 3261 4312 Est

1680 4326 1735 4381 in
1762 4337 1944 4383 nostra
1977 4337 2258 4397 potestate,
2288 4341 2345 4385 ut
2376 4331 2516 4387 Deus
2559 4339 2723 4389 nostri
2757 4340 3074 4397 misereatur
3103 4364 3118 4399 :
3151 4348 3263 4417 ipse

1681 4417 1783 4472 hoc
1805 4418 1958 4473 nobis
1983 4418 2220 4474 donavit.
2236 4419 2295 4474 Si
2323 4435 2542 4491 agamus
2560 4440 2686 4494 qua:
2711 4440 2835 4482 sunt
2860 4430 3017 4501 digna
3042 4437 3260 4493 miseri-

1680 4508 1883 4573 cordia,
1905 4524 2025 4579 quae
2053 4510 2210 4579 digna
2238 4520 2364 4564 sunt
2384 4512 2502 4580 ejus
2529 4514 2856 4586 benignitate
2874 4533 2932 4577 et
2951 4526 3256 4597 clementia,

1679 4601 1826 4655 Deus
1856 4602 2022 4655 nostri
2054 4602 2399 4656 miserebitur
2434 4620 2449 4655 :
2488 4606 2531 4658 si
2556 4618 2734 4662 autem
2767 4614 2936 4668 nostri
2964 4630 3069 4671 non
3096 4620 3257 4675 misc'

1679 4706 1913 4755 reamur,
1964 4692 2083 4761 quis
2128 4692 2282 4746 nobis
2322 4697 2542 4762 parcet?
2589 4698 2842 4758 Miserere
2888 4709 3155 4778 proximi,
3208 4726 3262 4770 et

1680 4782 1823 4837 Deus
1844 4783 1960 4851 ipse
1985 4784 2061 4836 tui
2093 4784 2449 4839 miserebitur.
2480 4788 2646 4853 Quam
2671 4794 2823 4848 multi
2845 4800 3082 4867 quotidie
3105 4818 3262 4860 acco-

1678 4875 1815 4928 dunt
1840 4874 2078 4928 dicentes
2106 4892 2118 4926 :
2149 4874 2401 4931 Miserere
2439 4880 2566 4946 mei,
2596 4890 2651 4937 et
2688 4899 2758 4940 ne
2782 4895 3113 4949 converteris
3140 4899 3259 4966 qui-

1678 4967 1843 5021 dem?
1876 4976 2005 5035 quot
2035 4967 2183 5035 nudi,
2216 4978 2344 5038 quot
2372 4973 2548 5027 manci
2589 4984 2644 5029 et
2684 4980 2930 5049 mutilati,
2963 4994 3148 5044 etnon
3173 4993 3260 5045 in-

1678 5060 1962 5125 ﬂectimur,
2013 5060 2107 5115 sed
2151 5064 2501 5120 amandamus
2553 5082 2743 5125 eorum
2798 5078 3262 5148 supplicationes?

1676 5152 1959 5219 Quornodo
1978 5168 2106 5223 ergo
2135 5155 2217 5207 vis
2240 5155 2661 5217 misericordiam
2689 5171 2967 5237 consequi,
2996 5187 3116 5228 cum
3145 5177 3260 5246 ipse

1680 5245 1810 5298 nihil
1853 5244 2014 5298 facias
2050 5245 2266 5315 dignum
2308 5248 2925 5314 misericordia?Simus
2963 5244 3258 5325 clementes

1677 5348 1732 5390 ct
1756 5336 1992 5406 benigni;
2017 5338 2181 5393 simus
2206 5340 2600 5409 misericordes,
2625 5354 2681 5399 ut
2705 5348 2781 5401 sic
2804 5349 2912 5404 Deo
2933 5354 3252 5424 placeamus,

1678 5439 1733 5481 et
1757 5444 2104 5498 assequamur
2125 5430 2260 5484 bona
2287 5433 2547 5501 promissa
2583 5436 2646 5489 iis
2670 5440 2759 5506 qui
2789 5441 2959 5510 ipsum
2992 5446 3213 5518 diligunt
3239 5494 3255 5518 ,

1677 5523 1844 5591 gratia
1896 5531 1951 5576 et
1997 5523 2320 5593 benignitate
2374 5527 2583 5582 Domini
2638 5535 2805 5587 nostri
2845 5536 2971 5593 .lesu
3024 5542 3256 5610 Christi,

1677 5628 1798 5667 cum
1840 5629 1947 5683 quo
1990 5614 2134 5668 Patri
2181 5625 2236 5669 et
2276 5614 2499 5685 Spiritui
2540 5631 2730 5676 sancto
2765 5627 2954 5696 gloria,
2999 5642 3253 5701 potestas,

1681 5703 1869 5773 honor,
1918 5720 2056 5761 nunc
2103 5716 2157 5761 et
2199 5721 2430 5777 semper,
2482 5720 2536 5765 et
2579 5713 2629 5767 in
2674 5719 2868 5774 saecula
2913 5730 3248 5784 szeculorunt.

1681 5801 1866 5852 Amen.

2862 5896 2942 5956 eo
