3834 6528
616 391 716 445 435

1339 373 1391 425 S.
1434 371 1708 426 J0.\NNIS
1742 366 2210 424 CllRYSOSTOMI
2250 368 2564 424 ARCIIIEP.
2606 372 3135 431 (IONS’I‘ANTINOP.

2041 571 2380 635 HOMILIA
2433 575 2511 634 X.

616 744 743 795 (lar.
777 739 827 791 5.
858 752 913 790 v.
945 732 1030 787 12.
1066 730 1323 800 Rogamus
1348 734 1513 779 autem
1539 738 1647 785 vos,
1678 725 1881 791 fratres,
1911 727 1964 771 ut
1992 715 2192 770 noveri-

687 834 750 882 (is
779 844 861 880 eos
886 825 970 897 qui
996 821 1224 877 laborant
1254 821 1382 873 inter
1401 832 1505 880 vos,
1533 824 1578 867 et
1603 822 1827 883 praesunt
1858 810 1992 864 vobis
2011 809 2065 860 in
2090 806 2195 859 Do-

688 921 823 971 mino
846 956 864 982 ,
904 924 949 969 et
979 920 1183 967 monent
1209 926 1313 973 vos,
1340 909 1424 961 15.
1457 917 1502 958 et
1532 902 1755 956 habeatis
1782 900 1896 953 illos
1924 897 2194 951 abundan-

684 1012 784 1063 tius
822 1010 876 1061 in
904 1006 1113 1059 caritate
1150 1011 1354 1072 prapter
1393 1013 1519 1066 Opus
1553 994 1790 1057 illorum;
1821 1006 1995 1060 pacem
2020 987 2197 1043 habete

684 1118 796 1156 cum
821 1100 910 1153 eis.

689 1197 741 1250 t.
775 1193 1007 1248 Necesse
1034 1196 1119 1243 est
1164 1196 1220 1238 ut
1267 1182 1354 1254 qui
1397 1187 1593 1251 przcest
1633 1177 1827 1231 multas
1874 1174 2069 1229 habeat
2116 1173 2194 1228 si-

617 1287 895 1342 multatum
925 1280 1237 1337 occasiones
1267 1296 1279 1330 :
1311 1285 1366 1329 ct
1412 1272 1548 1327 sicut
1596 1268 1785 1323 medici
1826 1279 2047 1321 necesse
2096 1264 2194 1318 ha-

617 1371 745 1435 bent
797 1377 851 1432 in
918 1372 1099 1428 multis
1154 1366 1365 1423 molesti
1404 1379 1524 1418 esse
1566 1361 1799 1431 :egrotis,
1854 1368 1907 1413 et
1952 1357 2103 1412 cibos
2143 1364 2197 1411 et

615 1470 1002 1526 medicamenta
1035 1471 1287 1533 parantes
1322 1472 1440 1527 qua:
1480 1454 1807 1522 voluptatem
1839 1450 2055 1520 quidem
2085 1463 2193 1502 non

616 1564 836 1623 habent,
867 1558 962 1612 sed
994 1555 1212 1609 multam
1244 1552 1553 1612 utilitatem;
1587 1556 1642 1601 et
1681 1546 1821 1601 sicut
1862 1554 2045 1615 patres
2073 1558 2194 1599 cre-

617 1656 715 1708 hro
746 1652 869 1705 filiis
903 1656 1027 1704 sunt
1053 1644 1264 1700 molesti
1295 1660 1307 1695 :
1338 1641 1411 1695 ita
1442 1641 1603 1694 etiam
1640 1637 1919 1703 doctores,
1949 1644 2003 1690 et
2029 1634 2197 1689 multo

614 1745 803 1815 magis.
834 1741 963 1796 Nam
998 1738 1237 1794 medicus
1260 1734 1475 1805 quidem
1504 1730 1714 1787 etiamsi
1741 1727 1808 1782 ab
1836 1729 2049 1799 aegrotis
2098 1728 2197 1779 lia-

614 1838 803 1891 bcatur
843 1831 988 1898 odio,
1035 1843 1067 1882 a
1114 1825 1357 1896 cognatis
1397 1832 1574 1877 tamen
1620 1830 1673 1875 et
1720 1819 2033 1890 propinquis
2080 1818 2195 1885 ejus

613 1926 822 1999 placide
849 1923 1154 1992 excipitur;
1185 1926 1240 1973 et
1269 1931 1410 1986 saepe
1435 1916 1502 1970 ab
1530 1928 1596 1970 eo
1622 1913 1712 1983 qui
1741 1920 2004 1982 aegrotat:
2030 1921 2081 1963 et
2106 1926 2196 1978 pa-

613 2032 694 2075 ter
724 2031 936 2089 quoque
963 2023 1069 2069 tam
1100 2022 1288 2067 natura
1329 2023 1489 2080 quam
1523 2005 1762 2063 externis
1793 2004 1956 2059 fretus
1993 2002 2196 2072 legibus

614 2126 806 2182 magna
833 2108 1090 2163 facilitate
1118 2104 1285 2158 utitur
1305 2116 1403 2156 suo
1428 2100 1482 2154 in
1513 2099 1651 2152 ﬁlios
1676 2098 1931 2168 imperio;
1957 2105 2011 2151 et
2037 2096 2079 2149 si
2112 2096 2195 2148 in-

614 2207 782 2260 vitum
810 2198 1146 2270 castigaverit
1170 2204 1225 2250 et
1258 2193 1629 2262 increpaverit,
1660 2204 1817 2243 nemo
1844 2197 1927 2243 est
1954 2186 2193 2257 prohibi-

614 2309 787 2359 turus,
838 2293 932 2350 sed
983 2306 1081 2347 nec
1129 2289 1220 2344 ille
1264 2288 1378 2357 ipse
1423 2300 1545 2340 cum
1593 2281 1813 2336 audebit
1859 2296 1924 2336 ex
1969 2281 2195 2334 adverso

611 2391 855 2460 aSpicere
884 2405 897 2442 :
931 2388 983 2441 in
1013 2383 1293 2440 sacerdote
1321 2390 1500 2435 autem
1530 2393 1720 2447 magna
1764 2385 1847 2432 est
1889 2375 2193 2431 difficultas.

612 2488 785 2552 Atque
825 2480 1054 2550 primum
1090 2475 1305 2546 quidem
1344 2473 1505 2528 debet
1548 2473 1812 2540 imperare
1856 2483 1919 2524 ac
1966 2483 2196 2538 pratesse

613 2580 936 2638 volentibus,
967 2576 1056 2646 qui
1105 2575 1156 2629 ci
1196 2572 1422 2641 gratiam
1462 2568 1694 2622 habeant
1739 2566 1880 2636 quod
1928 2566 2191 2635 imperet:

612 2676 727 2731 fieri
764 2682 940 2726 autem
970 2682 1075 2721 non
1108 2672 1281 2733 potest
1312 2671 1369 2715 ut
1400 2660 1502 2715 hoc
1538 2659 1650 2713 cito
1679 2656 1909 2712 accidat.
1938 2655 2069 2710 Nam
2097 2656 2187 2724 qui

612 2766 850 2837 arguitur
893 2770 947 2815 et
994 2754 1443 2828 reprehenditur,
1499 2748 2030 2820 cuiusmodicumque
2087 2746 2191 2811 sit,

611 2858 830 2915 omnino
856 2854 1074 2908 mittens
1117 2847 1315 2902 habere
1350 2843 1602 2914 gratiam,
1632 2850 1717 2895 est
1742 2838 1983 2894 infensus
2006 2857 2019 2892 :
2043 2837 2195 2891 simi-

613 2953 735 3008 liter
779 2948 937 3002 etiam
988 2940 1143 2996 faciet
1188 2939 1234 2993 is
1280 2937 1364 2991 cui
1411 2933 1686 2995 suadetur,
1733 2930 1821 2995 qui
1852 2938 2100 2984 monetur
2142 2936 2196 2983 et

611 3052 849 3112 rogatur.
891 3037 951 3092 Si
995 3035 1171 3102 itaque
1200 3029 1387 3083 dixero
1408 3068 1423 3092 ,
1469 3024 1728 3079 Pecunias
1751 3032 1873 3075 tuas
1902 3019 2114 3076 effunde
2141 3018 2194 3072 in

610 3142 848 3204 egentes,
887 3126 1003 3184 dixi
1033 3124 1158 3194 quid
1202 3136 1362 3191 grave
1406 3127 1459 3173 et
1502 3116 1786 3171 molestum
1835 3131 1849 3167 :
1898 3115 1943 3169 si
1983 3113 2190 3177 dixero,

609 3226 750 3281 Seda
776 3224 940 3285 iram,
968 3214 1132 3272 animi
1160 3212 1440 3280 cxstiugue
1466 3207 1704 3262 furorem
1723 3247 1737 3270 ,
1765 3204 2020 3260 nefariam
2048 3219 2192 3259 com-

611 3329 772 3387 pesce
799 3308 1097 3373 libidinem,
1129 3320 1193 3359 ex
1221 3302 1424 3358 deliciis
1451 3299 1682 3370 aliquam
1711 3307 1917 3367 partem
1950 3306 2189 3365 amputa,

611 3417 733 3465 sunt
775 3404 953 3461 omnia
983 3400 1162 3472 gravia
1191 3407 1241 3452 et
1272 3394 1520 3449 molesta.
1555 3392 1622 3446 Et
1661 3392 1705 3446 si
1746 3389 2079 3459 castigavcro
2104 3403 2191 3442 so-

608 3498 826 3555 cordem
855 3503 909 3550 et
936 3493 1203 3563 ignavum,
1231 3496 1323 3541 aut
1351 3484 1623 3540 abduxero
1649 3482 1716 3537 ab
1746 3481 1994 3545 ecclesia,
2023 3490 2108 3534 aut
2141 3480 2189 3535 ci

612 3589 984 3648 communibus
1028 3583 1279 3655 precibus
1322 3578 1672 3639 interdixero,
1703 3573 1869 3639 dolet,
1902 3588 2006 3627 non
2048 3570 2191 3643 quod

609 3689 679 3742 ab
720 3686 785 3740 iis
826 3680 1105 3742 exciderit,
1141 3675 1234 3731 sed
1277 3682 1495 3745 prepter
1523 3684 1808 3723 commune
1838 3665 2088 3735 probrum
2130 3680 2194 3719 ac

607 3779 865 3836 dedecus.
894 3773 1028 3829 Nam
1055 3770 1159 3824 hoc
1197 3780 1408 3838 quoque
1441 3773 1523 3817 est
1555 3761 1724 3816 morbi
1757 3761 2147 3815 incrementum
2173 3798 2189 3822 ,

613 3870 755 3942 quod
784 3862 1038 3937 prohibiti
1068 3876 1097 3913 a
1138 3856 1525 3928 spiritualibus,
1554 3868 1658 3907 non
1686 3852 1933 3906 dolemus
1975 3858 2193 3919 propter

614 3964 875 4017 bonorum
904 3961 1170 4008 tantorum
1200 3947 1572 4019 privationem,
1617 3943 1711 3999 sed
1752 3951 1965 4010 prepter
2005 3955 2190 3996 eorum

612 4052 703 4124 qui
747 4048 927 4104 vident
955 4043 1212 4114 pudorem
1238 4057 1251 4093 :
1282 4055 1395 4095 rem
1423 4039 1591 4108 ipsam
1624 4052 1729 4090 non
1759 4036 2063 4100 horremus,
2091 4047 2192 4088 nec

611 4139 1032 4200 extimescimus.
1067 4134 1355 4204 Propterea
1383 4130 1451 4186 de
1479 4129 1563 4183 his
1588 4128 1785 4183 Paulus
1810 4127 1974 4181 multa
1997 4140 2193 4196 susque

610 4239 784 4307 deque
825 4231 1062 4289 disserit.
1108 4228 1177 4283 Et
1215 4224 1462 4282 Christus
1502 4222 1719 4293 quidem
1748 4239 1840 4277 cos
1884 4236 2004 4277 cum
2046 4229 2190 4276 tanta

608 4329 850 4389 subdidit
892 4324 1216 4381 necessitate
1265 4329 1322 4374 ut
1370 4316 1575 4372 diceret
1621 4332 1635 4369 :
1686 4316 1856 4384 Super
1893 4315 2189 4369 cathedram

612 4423 773 4478 Hosis
805 4419 1043 4474 sederunt
1078 4412 1258 4468 scribat
1289 4420 1339 4465 et
1374 4407 1653 4463 Pharistei.
1690 4406 2027 4477 Quaecumque
2071 4424 2189 4477 ergo

610 4518 747 4572 vobis
774 4512 992 4568 dixerint
1021 4518 1076 4563 ut
1100 4505 1323 4569 servetis,
1352 4512 1543 4557 servate
1568 4516 1589 4556 :
1614 4501 1892 4555 secundum
1917 4519 2071 4570 opera
2099 4518 2189 4555 au-

611 4620 708 4663 tem
753 4622 923 4661 eorum
968 4601 1124 4656 nolite
1168 4602 1335 4668 facere
1382 4593 1594 4665 (Matth.
1643 4592 1735 4647 ‘25.
1765 4591 1843 4662 2).
1876 4592 1944 4646 Ει
1981 4607 2187 4657 rursus,

610 4697 822 4769 quando
849 4692 1051 4749 curavit
1079 4691 1382 4758 leprosum,
1416 4683 1629 4738 dicebat
1659 4701 1670 4735 :
1718 4682 1885 4747 Vade,
1917 4683 2120 4736 ostende
2144 4693 2192 4737 te

610 4789 879 4851 sacerdoti,
912 4796 957 4839 et
986 4782 1113 4849 o/I'er
1142 4796 1322 4833 munus
1366 4787 1505 4831 tuum
1543 4777 1677 4847 quod
1710 4778 1947 4845 prcecepit
1988 4777 2191 4848 Moyses

609 4885 683 4938 eis
730 4881 784 4933 in
828 4874 1165 4929 testimonium
1191 4869 1351 4936 (ibid.
1385 4871 1439 4923 8.
1469 4868 1548 4937 4).
1596 4870 1755 4937 Atqui
1786 4877 1840 4923 tu
1877 4868 2011 4923 dicis
2041 4887 2055 4922 :
2092 4870 2191 4922 Fa-

540 4952 541 4957 γ
606 4975 731 5027 citis
777 4983 898 5024 eum
954 4965 1118 5018 lilium
1160 4961 1419 5032 gehennze
1460 4958 1622 5027 duplo
1670 4959 1836 5029 magis
1883 4975 2043 5028 quam
2071 4974 2186 5015 vos.

612 5066 899 5131 PrOpterea
941 5055 1086 5118 dixi,
1135 5051 1305 5119 inquit
1343 5064 1355 5104 :
1401 5048 1526 5113 Qua:
1572 5049 1761 5117 faciunt
1805 5050 1960 5103 nolite
2005 5051 2187 5119 facere.

606 5158 832 5213 Omnem
873 5164 1002 5219 ergo
1040 5146 1265 5202 exclusit
1306 5151 1622 5213 prmtcxtum
1666 5150 1721 5195 et
1761 5142 2096 5197 occasionem
2140 5143 2191 5198 ei

607 5249 700 5315 qui
731 5253 815 5300 est
851 5240 1122 5309 subjectus
1162 5235 1407 5303 imperio.
1442 5232 1537 5287 Hic
1566 5233 1725 5286 etiam
1756 5232 1822 5287 ad
1852 5233 2189 5288 Titumheum

608 5338 849 5394 scribens
882 5331 1089 5391 dicebat
1129 5346 1142 5381 :
1187 5326 1286 5391 Qui
1324 5333 1456 5377 recte
1494 5335 1719 5392 prtesunt
1766 5326 2059 5393 presbyteri,
2091 5326 2191 5377 du-

608 5428 729 5501 plici
773 5426 961 5479 honore
993 5418 1134 5490 digni
1174 5418 1450 5471 habeantur
1481 5415 1555 5485 (ι.
1588 5413 1724 5469 Tim.
1756 5416 1809 5469 5.
1840 5414 1951 5483 17).
1980 5417 2060 5470 Ad
2090 5417 2190 5472 lle.

612 5521 787 5577 brmos
825 5530 1035 5586 quoque
1063 5511 1304 5566 scribens
1333 5508 1546 5563 dicebat
1592 5524 1605 5558 :
1653 5506 1863 5561 Obedite
1906 5509 2189 5576 prtepositis

610 5615 804 5676 nostris,
827 5620 871 5665 et
898 5609 966 5664 eis
990 5606 1147 5661 cedite
1174 5602 1354 5672 (Hebr.
1388 5601 1475 5655 15.
1508 5599 1595 5669 17)
1619 5615 1634 5664 ;
1662 5609 1717 5653 et
1745 5600 1830 5655 hic
1850 5614 2056 5666 rursus,
2081 5600 2189 5654 Ro-

611 5720 787 5774 gamus
809 5710 974 5755 autem
1008 5714 1094 5751 vos
1115 5738 1130 5762 ,
1160 5700 1341 5766 fratres
1357 5734 1372 5759 ,
1400 5701 1450 5744 ut
1478 5691 1717 5746 noveritis
1740 5708 1824 5746 eos
1848 5692 1936 5761 qui
1958 5691 2190 5746 laborant

609 5798 741 5853 inter
780 5811 882 5856 vos,
923 5801 969 5846 et
1008 5798 1227 5861 pra'suut
1256 5785 1389 5841 vobis
1416 5785 1466 5838 in
1508 5783 1746 5838 Domino.
1780 5781 1909 5837 Nam
1937 5783 2186 5853 quoniam

2302 714 2454 777 dixit,
2487 715 2771 786 Afdi/icate
2798 720 3134 788 alterutrum;
3167 740 3232 779 ne
3254 728 3654 808 existimarentqmd
3668 758 3695 799 si

2300 805 2535 862 doctoris
2581 810 2893 879 dignitatem
2931 830 3025 869 eos
3072 820 3382 885 provexerit,
3411 805 3699 899 ltocsulzimm

2299 912 2362 952 ac
2405 899 2449 952 si
2497 900 2741 957 diceret:
2774 903 2879 959 Sed
2925 906 3100 961 videte
3143 909 3281 977 quod
3332 915 3457 967 vobis
3502 926 3701 986 permiseris

2301 989 2437 1042 alter
2464 991 2691 1046 alterum
2715 994 2984 1051 aedificare
3012 1016 3025 1049 :
3058 999 3172 1053 ﬁeri
3203 1001 3338 1055 enim
3364 1020 3451 1059 non
3475 1021 3597 1077 ιιοιεςι
3616 1028 3703 1071 ιιιά-

2302 1088 2418 1135 ctor
2438 1080 2582 1136 dicat
2610 1086 2807 1138 omnia.
2840 1086 2947 1141 Eos
2976 1090 3063 1157 qui
3087 1090 3333 1157 laborant,
3374 1097 3527 1164 inquit,
3548 1104 3688 1161 interra

2301 1182 2348 1225 et
2390 1185 2616 1244 pra’sunt
2644 1176 2780 1232 vobis
2808 1180 2860 1233 in
2898 1179 3137 1247 Domino,
3164 1193 3212 1236 et
3238 1198 3421 1240 monent
3438 1158 3525 1245 'ml

2300 1280 2451 1357 ergo,
2483 1267 2673 1337 inquit,
2707 1285 2813 1324 non
2840 1282 2921 1327 est
2950 1273 3283 1329 absurdum?
3309 1279 3429 1344 Quid
3451 1282 3581 1337 dicis?
3600 1298 3632 1341 tu
3650 1300 3693 1357 qui

2299 1352 2445 1421 dem,
2474 1357 2518 1411 si
2548 1356 2708 1413 homo
2739 1363 3093 1429 patrocinium
3140 1367 3386 1435 suscipiat
3423 1380 3468 1424 et
3503 1383 3541 1427 te
3570 1352 3708 1435 delata

2300 1445 2439 1514 apud
2483 1445 2752 1503 hominem
2776 1490 2791 1514 ,
2845 1452 3023 1506 omnia
3072 1454 3219 1524 agis,
3261 1468 3313 1509 et
3350 1472 3526 1515 onmem
3560 1467 3594 1517 ei
3624 1468 3708 1523 inin

2300 1538 2526 1607 gratiam
2577 1557 2590 1593 :
2640 1540 2726 1597 hic
2766 1552 2944 1598 autem
2991 1546 3130 1615 apud
3178 1547 3343 1602 Deum
3392 1553 3455 1605 tui
3495 1562 3707 1623 patrocinia

2299 1629 2524 1699 suscipit
2562 1639 2616 1686 et
2660 1640 2713 1687 te
2740 1633 3000 1702 defendit,
3028 1646 3082 1690 et
3108 1638 3156 1692 ei
3188 1653 3293 1693 non
3320 1641 3464 1696 babes
3492 1650 3709 1713 δηιὶιωτῐέ

2299 1719 2592 1787 quomodo,
2621 1721 2810 1792 inquit,
2846 1739 2931 1779 me
2960 1724 3236 1781 defendit?
3264 1728 3494 1795 Quoniam
3515 1748 3707 1808 protegi.

2300 1818 2470 1874 catur,
2500 1820 2554 1865 et
2582 1811 2726 1866 dono
2752 1813 2897 1883 quod
2924 1828 3022 1885 per
3052 1815 3370 1885 baptismum
3396 1822 3525 1879 datur
3541 1828 3605 1881 tibi
3624 1832 3710 1884 itm-

2300 1900 2397 1965 vit,
2430 1901 2630 1969 visitat,
2661 1902 2907 1959 hortatur
2931 1915 2985 1960 et
3013 1919 3214 1975 monet,
3252 1921 3306 1966 et
3330 1914 3709 1973 media‘noctesia.

2300 1991 2509 2046 caveris
2536 1994 2681 2047 venit
2705 2009 2719 2059 ;
2750 1994 2794 2048 is
2821 2010 2949 2051 vero
2975 1998 3105 2052 nihil
3132 2000 3279 2055 aliud
3310 2017 3452 2073 quam
3474 2022 3710 2076 perpetuus

2299 2081 2475 2136 adstat
2511 2082 2575 2136 ad
2618 2097 2699 2147 os,
2730 2093 2783 2139 et
2808 2101 2926 2155 qua:
2967 2097 3020 2141 tu
3058 2088 3110 2142 in
3137 2105 3263 2145 eum
3306 2096 3521 2163 congeris
3550 2098 3617 2152 [ττι
3632 2106 3710 2153 ηιξ.

2299 2173 2457 2228 dicta.
2483 2175 2737 2243 Quasnam
2782 2193 2904 2233 eum
2933 2182 3126 2249 pressit
3166 2186 3482 2241 necessitas?
3515 2203 3655 2247 reuere
3676 2196 3711 2248 le-

2298 2266 2372 2320 cit
2427 2282 2492 2322 an
2541 2268 2724 2323 male?
2752 2269 2829 2324 Tu
2886 2272 3098 2341 quidem
3128 2285 3185 2330 et
3233 2274 3392 2331 habes
3426 2294 3608 2343 uxorem.
3638 2298 3667 2338 et
3689 2298 3710 2339 ρ

2304 2358 2489 2426 exples
2538 2358 2769 2425 deliciis,
2801 2370 2855 2416 et
2904 2363 3064 2417 vitam
3113 2368 3340 2422 sectaris
3384 2370 3574 2425 deditam
3604 2391 3710 2430 mu-

2302 2456 2432 2501 lUl'iB
2465 2466 2477 2500 :
2507 2449 2758 2507 sacerdos
2795 2459 2976 2506 autem
3022 2455 3072 2507 in
3126 2454 3231 2510 hoc
3275 2472 3418 2512 suum
3444 2464 3610 2517 contulit
3634 2484 3711 2534 agt

2303 2539 2431 2593 tiutn
2454 2558 2469 2606 ;
2503 2541 2645 2595 nulla
2671 2552 2753 2597 est
2776 2544 2824 2598 ei
2854 2544 2955 2599 alia
2977 2547 3080 2601 vita
3105 2562 3267 2617 quam
3291 2559 3344 2604 ut
3364 2563 3567 2608 versetur
3580 2558 3614 2610 iu
3629 2557 3713 2611 [(ιὶο

2298 2632 2398 2686 sia.
2428 2631 2495 2686 Ut
2536 2633 2791 2703 habeatis,
2817 2636 3007 2706 inquit,
3031 2639 3146 2693 illos
3185 2644 3506 2699 abundantius
3544 2648 3583 2700 is
3609 2664 3711 2701 annm

2299 2737 2505 2794 prapter
2529 2744 2659 2797 opus
2684 2730 2888 2784 illorum
2914 2747 2934 2785 :
2961 2742 3006 2786 et
3036 2750 3209 2803 pacem
3238 2738 3408 2793 habete
3446 2755 3541 2795 cum
3567 2743 3657 2812 ipsis.
3675 2745 3714 2791 ii.

2298 2816 2395 2871 des
2420 2822 2690 2888 quomodo
2720 2827 2926 2878 noverit
2955 2840 3017 2879 ea
3048 2842 3166 2896 qua:
3197 2829 3435 2883 oriuntur
3471 2833 3713 2887 dissidittiu

2298 2910 2493 2977 solum,
2535 2912 2761 2983 Diligite,
2806 2915 2999 2986 inquit,
3048 2918 3141 2972 sed
3184 2920 3545 2989 abundantius,
3576 2926 3713 2979 similia

2302 3010 2499 3070 patres.
2538 3002 2640 3059 Per
2674 3020 2769 3060 eos
2798 3008 2939 3061 cnim
2975 3011 3214 3079 generati
3256 3013 3384 3067 estis
3418 3026 3578 3069 interna
3603 3032 3713 3083 rem

2298 3096 2470 3161 tione;
2509 3111 2605 3166 per
2639 3098 2783 3168 ipsos
2821 3102 2951 3156 estis
2986 3118 3207 3173 regnum
3252 3109 3519 3175 assequuti,
3544 3123 3714 3178 peridis

2299 3188 2534 3257 ipsorum
2565 3189 2697 3244 fiunt
2726 3193 2925 3258 omnia,
2964 3210 3057 3263 per
3086 3198 3233 3265 ipsos
3262 3199 3409 3253 vobis
3434 3211 3567 3270 porta:
3588 3204 3714 3255 causa

2297 3280 2626 3349 aperiuntur.
2657 3281 2826 3338 Nemo
2849 3285 3164 3341 seditionem
3188 3290 3374 3358 agitet,
3394 3306 3529 3344 nemo
3543 3295 3713 3346 conteri:

2297 3373 2399 3439 Qui
2429 3372 2697 3428 Clu-istum
2731 3376 2922 3445 diligit,
2948 3379 3469 3453 cuiusmodicumque
3499 3386 3714 3443 sitmst:

2297 3478 2418 3518 eum
2454 3466 2655 3536 diliget,
2684 3468 2824 3538 quod
2858 3485 2952 3538 per
2982 3486 3102 3525 eum
3128 3473 3199 3527 sit
3227 3476 3510 3530 veneranda
3535 3492 3715 3547 asseasse

2297 3567 2649 3612 sacramenta.
2664 3559 2754 3613 Dic
2767 3560 2966 3623 mihi,si
2984 3563 3147 3617 velles
3162 3564 3349 3621 videre
3363 3569 3535 3636 regiam
3546 3572 3713 3621 multam

2297 3649 2693 3719 Splendentem,
2717 3662 2771 3708 et
2792 3668 3125 3722 gemmarum
3157 3657 3366 3727 fulgore
3387 3664 3716 3715 contmnam

2297 3743 2509 3796 veneris
2530 3752 2705 3799 autem
2727 3759 2849 3799 eum
2873 3746 2962 3816 qui
2986 3745 3145 3802 habet
3163 3748 3374 3815 claves;
3402 3751 3481 3806 ille
3501 3768 3598 3805 vero
3611 3764 3717 3819 rogus

2297 3834 2477 3887 statim
2505 3836 2797 3905 aperuerit,
2824 3845 2879 3892 et
2914 3837 3270 3894 intromiserit
3296 3860 3310 3894 :
3340 3857 3499 3896 annon
3524 3844 3643 3911 imm
3666 3859 3713 3891 es

2298 3926 2454 3981 nibus
2495 3942 2856 3996 praeponeres,
2907 3944 3014 3983 non
3058 3946 3211 4000 reque
3250 3942 3409 4003 atque
3432 3936 3579 3988 oculos
3600 3950 3714 3986 anuis

2298 4032 2403 4072 non
2454 4018 2808 4073 osculareris?
2849 4019 2948 4074 llic
2991 4023 3181 4076 caelum
3236 4024 3330 4078 tibi
3377 4025 3583 4093 aperuit,
3612 4037 3645 4077 et
3674 4042 3715 4073 aut

2297 4111 2586 4173 oscularis,
2618 4128 2722 4165 non
2751 4113 3123 4182 amplecteris?
3145 4115 3199 4170 Si
3246 4133 3459 4173 uxorem
3499 4120 3651 4176 habeas,
3673 4132 3717 4167 sa

2298 4218 2419 4255 etttn
2451 4201 2683 4256 maxime
2723 4200 2898 4273 diligis
2926 4204 3013 4271 qui
3056 4218 3175 4258 eam
3211 4207 3305 4260 tibi
3334 4208 3617 4262 conciliarit?
3642 4206 3679 4257 lu
3700 4222 3717 4253 ς

2297 4294 2566 4351 Christum
2588 4293 2782 4364 diligis,
2811 4294 2853 4349 si
2882 4295 3059 4365 diligis
3082 4311 3305 4366 regnum
3338 4300 3717 4366 cmlorumggtrsx-

2299 4403 2393 4455 per
2414 4403 2549 4457 quos
2577 4388 2627 4442 id
2654 4387 2921 4442 habueris.
2957 4387 3270 4457 Propterea,
3298 4390 3479 4459 inquit,
3502 4388 3717 4455 Ρτοβίσοῖλ

2297 4480 2502 4533 illorum
2527 4496 2546 4533 :
2570 4495 2743 4550 pacem
2770 4480 2946 4533 habete
2972 4495 3084 4532 cum
3124 4481 3216 4534 eis.
3272 4482 3359 4536 Η.
3408 4481 3615 4552 Rogamus
3642 4490 3719 4529 ωε

2298 4584 2404 4634 vos,
2434 4574 2637 4640 fratres,
2664 4569 2901 4637 corripite
2940 4569 3185 4639 inquietos
3205 4611 3220 4634 ,
3253 4572 3559 4626 consulamini

2298 4678 2422 4725 mes,
2451 4663 2691 4730 suscipite
2714 4662 2962 4730 inﬁrmos,
2995 4663 3240 4731 patientes
3264 4674 3423 4717 estote
3444 4664 3502 4716 ad
3522 4676 3654 4714 mea

2368 4756 2421 4809 2.
2453 4754 2548 4809 ilic
2575 4754 2862 4824 alloquitur
2887 4769 2982 4808 eos
3009 4756 3097 4822 qui
3128 4766 3364 4823 praesunt
3407 4772 3421 4808 :
3458 4754 3719 4822 Corripilmr

2298 4850 2430 4919 quit,
2461 4849 2756 4918 inquietos;
2790 4848 2840 4901 id
2869 4858 2984 4910 est,
3020 4846 3095 4901 Nc
3124 4864 3186 4902 ex
3223 4857 3478 4918 potestate
3498 4890 3511 4913 ,
3537 4848 3720 4915 inquit,»

2296 4951 2531 5011 crepate,
2591 4956 2688 4995 nec
2739 4956 2807 4995 cx
2855 4939 3193 5010 arrogantia;
3249 4955 3371 4995 eum
3416 4941 3637 5011 aequitate.
3666 4948 3717 4985 est

2300 5035 2724 5091 mansuetudine.
2789 5032 3138 5089 Cansolamini
3187 5036 3555 5103 pusillanimes,
3601 5044 3717 5083 ςωοτῖί

2298 5128 2529 5196 inﬁrmos
2553 5169 2567 5194 ,
2595 5127 2844 5195 patientes
2880 5135 3033 5180 estote
3059 5128 3127 5179 ad
3152 5143 3347 5181 omnes.
3388 5126 3505 5180 Nam
3536 5124 3601 5193 qui
3627 5130 3718 5173 aut:

2301 5220 2658 5289 reprehensus
2681 5218 2749 5274 de
2776 5233 2836 5273 se
2863 5219 3130 5287 deSperat,
3167 5218 3223 5271 fit
3252 5217 3495 5273 audacior
3516 5212 3698 5283 despiciat

2297 5328 2575 5387 propterea
2603 5322 2815 5385 oportet
2853 5312 3215 5368 admonitione
3248 5312 3408 5367 dulce
3441 5309 3615 5365 reddere
3639 5300 3707 5354 πετὲ

2297 5421 2620 5467 cameutum.
2648 5408 2874 5475 Quinam
2913 5414 3093 5462 autem
3132 5417 3255 5460 sunt
3280 5401 3569 5460 inordinati?
3595 5398 3619 5451 li
3648 5396 3717 5462 pl!

2298 5506 2386 5574 (ιυί
2418 5513 2578 5574 agunt
2605 5512 2799 5573 przcter
2828 5500 2970 5571 quod
3004 5502 3110 5556 Deo
3148 5500 3378 5555 videtur.
3421 5499 3502 5552 Est
3531 5493 3630 5548 enim
3657 5488 3720 5537 axi:-

2301 5598 2397 5651 tari
2427 5595 2612 5650 ordine
2643 5596 2755 5663 ipse
2790 5593 3043 5648 Ecclesia:
3090 5590 3223 5645 ordo
3251 5588 3540 5645 concinnior
3566 5592 3603 5637 rt
3622 5586 3717 5629 (vita

2299 5690 2547 5743 nientior.
2592 5685 2947 5755 Quamobrem
2986 5695 3038 5739 ct
3066 5682 3355 5738 maledicus
3394 5694 3467 5737 est
3506 5673 3707 5731 inutilium

2300 5791 2353 5836 et
2373 5782 2614 5836 ebriosus
2645 5777 2995 5844 inordinatus,
3028 5785 3082 5830 ct
3111 5789 3325 5841 avarus,
3354 5780 3406 5825 et
3424 5778 3574 5823 omnes
3591 5768 3718 5831 qui?“
