3964 6500
145 396 256 453 655

963 394 1028 449 IN
1068 392 1289 449 EPIST.
1326 393 1345 446 1
1392 361 1490 447 Αυ·
1521 393 1856 450 ιιιεεελι..
1900 394 2052 450 CAP.
2098 394 2158 450 v.
2194 393 2429 451 IIOMIL.
2469 392 2535 448 x.

3299 390 3403 448 £56

1644 720 1888 778 OMIAIA
1927 722 1981 777 ι’.

154 862 508 945 Ἐρωητῶμεν
534 862 832 945 βὲρμᾶς,
866 864 1138 945 αδελφοί,
1188 864 1408 945 εἰδέναι
1451 864 1596 945 τοὺς
1641 881 1735 945 κο-

215 934 485 1014 πιῶντας
616 934 776 1014 ὑμῖν,
806 935 906 1014 καὶ
930 935 1415 1014 προϊσταμένους
1454 934 1626 1014 ἡμῶν
1650 935 1733 1014 ,ἐν

212 1005 433 1073 Κυρίῳ,
460 1004 571 1074 καὶ,
604 1005 1045 1070 νουθετοῦντας
1091 1004 1267 1074 ὑμᾶς,
1316 1007 1417 1058 καὶ
1455 1005 1733 1073 ἡγεῖσθαι

211 1072 440 1140 αὐτοὺς
462 1072 616 1140 ὑπὲρ
639 1074 1008 1142 ἐκπερισσώ
1024 1076 1096 1128 ἐν
1115 1072 1317 1143 ἀγάπῃ
1347 1074 1448 1129 διὰ
1469 1072 1536 1128 τὸ
1555 1075 1734 1143 ἔργον

213 1144 419 1199 αὐτῶν
442 1158 455 1171 ·
498 1144 836 1211 εἰρηνεύετε
857 1145 927 1197 ἐν
952 1145 1180 1211 αὐτοῖς.

212 1260 285 1309 α’.
309 1254 520 1319 Πολλάς
550 1254 765 1323 ἀνάγκη
790 1252 880 1307 τὸν
901 1254 1135 1325 ἄρχοντα
1163 1253 1538 1325 μικροψυχιῶν
1566 1254 1736 1325 ἀφορ-

145 1338 255 1409 μάς
290 1338 437 1408 ἒχειν
457 1355 471 1369 '
500 1338 597 1391 καὶ
627 1336 880 1407 καθάπερ
916 1337 1117 1408 ίατρῶν
1144 1337 1331 1402 παῖδες
1354 1336 1521 1391 πολλὰ
1545 1337 1736 1389 λυπεῖν

141 1421 549 1489 ἀναγκάζονται
576 1419 702 1481 τοὺς
736 1417 1066 1489 κάμνοντας,
1096 1420 1189 1473 καὶ
1219 1419 1362 1473 σιτία
1390 1421 1483 1473 καὶ
1514 1420 1737 1490 φάρμα-

142 1520 216 1555 κα
250 1501 783 1566 κατασκευάζοντες,
818 1501 1012 1572 ἡδονὴν
1045 1502 1145 1573 μὲν
1168 1502 1269 1555 οὐκ
1292 1500 1501 1573 ἔχοντα,
1530 1501 1735 1570 πολλὴν

141 1586 200 1639 δὲ
239 1586 345 1656 τὴν
389 1585 658 1654 ὠφέλειαν
683 1603 700 1618 ·
746 1587 842 1640 καὶ
879 1585 1132 1656 καθάπερ
1175 1585 1412 1657 πατέρες
1463 1585 1735 1655 πολλαχοῦ

139 1672 258 1732 τοῖς
286 1670 429 1732 υἱοῖς
460 1671 568 1723 εἰσι
598 1670 845 1741 φορτικοί
876 1686 890 1701 ·
916 1668 1061 1724 οὕτω
1081 1669 1176 1724 καὶ
1205 1671 1256 1724 οἰ
1278 1670 1610 1737 διδάσκαλοι,
1643 1672 1737 1725 καὶ

140 1751 329 1821 πολλῷ
358 1752 582 1822 μᾶλλον.
634 1753 696 1806 '0
725 1752 825 1822 μὲν
857 1752 968 1824 γὰρ
999 1754 1183 1826 ἰατρὸς
1209 1753 1313 1808 κᾶν
1348 1755 1487 1825 πρὸς
1519 1755 1613 1808 τὸν
1634 1756 1737 1810 κά-

142 1835 511 1908 μνονταμθῦ]
539 1836 936 1907 ἀπεχθάνηται,
958 1835 1095 1889 ἀλλά
1122 1837 1260 1907 πρὸς
1288 1838 1414 1902 τοὺς
1442 1840 1740 1910 προσήκονο

138 1934 242 1980 τας
271 1917 425 1988 αὐτῷ
451 1919 546 1972 καὶ
566 1917 909 1989 ἐπιτηδείους
935 1918 1049 1990 ἔχει
1074 1919 1267 1991 ἡδέως,
1289 1921 1387 1973 καὶ
1414 1920 1552 1991 πρὸς
1575 1920 1739 1973 αὐτὸν

136 2000 198 2053 δὲ
246 2001 517 2066 πολλάκις
562 2002 657 2056 τὸν
700 2002 979 2072 κάμνοντα
1003 2021 1020 2037 ο
1062 2003 1159 2057 καὶ
1184 2004 1214 2056 6
1238 2002 1422 2073 πατὴρ
1450 2004 1510 2056 δὲ
1537 2004 1648 2056 ἀπό
1680 2021 1737 2057 τε

137 2082 254 2135 τῶν
284 2084 387 2154 τῆς
420 2084 656 2153 φύσεως,
675 2085 785 2139 ἀπό
811 2102 873 2139 τε
905 2086 1015 2141 τῶν
1032 2086 1213 2156 νόμων
1241 2087 1352 2140 τῶν
1380 2086 1579 2151 ἔξωθεν
1599 2087 1737 2157 μετά

139 2166 352 2237 πολλῆς
392 2168 496 2237 τῆς
528 2167 779 2231 εὐκολίας
820 2169 1088 2240 κέχρηται
1115 2173 1181 2241 τῇ
1220 2170 1363 2223 κατά
1399 2169 1494 2223 τοῦ
1546 2170 1735 2233 παιδὸς

139 2248 291 2320 ἀρχῇ
312 2266 329 2282 ο
366 2250 471 2304 κᾶν
499 2250 708 2304 ἄκοντα
735 2252 1001 2324 παιδεύσῃ
1048 2253 1144 2306 καὶ
1176 2251 1474 2323 ἐπιπλήξῃ,
1504 2252 1680 2315 οὐδεὶς
1706 2252 1735 2303 ὁ

139 2331 433 2397 κωλύσων,
460 2332 577 2385 ἀλλ’
606 2333 727 2387 οὐδὲ
754 2332 917 2398 αὐτὸς
933 2335 1142 2398 ἐκεῖνος
1161 2334 1480 2404 ἀντιϐλέψαι
1508 2334 1734 2404 δυνήσε-

138 2432 232 2469 ται
262 2432 276 2444 ·
302 2416 397 2468 ἐπὶ
411 2416 468 2469 δὲ
497 2415 591 2470 τοῦ
618 2418 807 2487 ἱερέως
833 2418 1003 2489 πολλὴ
1025 2421 1056 2488 ἡ
1085 2419 1363 2472 δυσκολία.
1390 2419 1611 2490 Πρῶτον
1636 2419 1734 2489 μὲν

140 2494 246 2551 οὖν
278 2498 516 2551 ἑκόντων
540 2499 731 2571 ἄρχειν
758 2500 984 2570 ὀφείλει,
1011 2501 1105 2555 καὶ
1130 2502 1289 2572 χάριν
1320 2501 1472 2570 αύτῷ
1502 2500 1604 2569 τῆς
1633 2502 1732 2571 ἀρ-

139 2582 251 2649 χῆς
278 2580 497 2633 εἰδότων
530 2595 543 2609 ·
576 2581 735 2635 τοῦτο
755 2582 812 2635 δὲ
841 2585 942 2636 οὐκ
966 2582 1048 2635 ἔνι
1070 2582 1394 2652 συμϐαίνειν
1409 2584 1640 2652 ταχέως.
1675 2583 1735 2635 ’0

140 2664 261 2733 γάρ
279 2663 639 2732 ἐλεγχόμενος
669 2666 762 2718 καί
785 2665 1216 2736 ἐπιτιμώμενος,
1229 2659 1341 2727 οἷος
1360 2665 1427 2718 ἂν
1442 2663 1498 2737 ᾖ,
1517 2666 1735 2728 πάντως

139 2746 249 2815 τὴν
272 2746 434 2816 χάριν
464 2748 645 2814 ἀφεὶς,
673 2748 931 2819 ἀπεχθῶς
957 2749 1093 2820 ἔχει’
1112 2747 1377 2811 ὡσαύτως
1406 2749 1504 2802 καὶ
1530 2750 1560 2800 6
1593 2766 1734 2818 παρ-

140 2829 493 2899 αινούμενος,
530 2830 625 2885 καὶ
653 2833 695 2883 δη
714 2831 1168 2903 νουθετούμενος,
1203 2835 1298 2887 καὶ
1325 2835 1355 2886 6
1380 2833 1733 2905 παρακαλού-

142 2929 316 2982 μενος
368 2914 607 2984 ποιήσει.
646 2914 745 2967 ’Ἂν
781 2916 921 2968 είπω
947 2916 1126 2969 τοίνυν
1148 2933 1161 2945 ’
1193 2916 1466 2987 Χρήματα
1494 2916 1733 2970 κένωσον

139 2998 223 3059 είς
260 2997 388 3059 τοὺς
415 2997 722 3066 δεομένους,
758 2998 998 3068 ἐπαχθὲς
1025 2996 1180 3053 εἶπόν
1219 3016 1271 3052 τι
1306 3000 1398 3053 καὶ
1428 3001 1686 3071 φορτικόν
1714 3016 1727 3031 °

138 3080 207 3131 ἂν
250 3080 668 3134 εῖτ-,ω’Κόλασον
697 3081 794 3153 τὴν
818 3081 1011 3153 ὀργὴν,
1041 3081 1235 3136 σῦέσον
1250 3082 1341 3137 τὸν
1371 3082 1565 3154 θυμὸν,
1594 3084 1733 3138 παῦ-

141 3181 245 3217 σον
272 3164 370 3235 τὴν
396 3165 597 3218 ἀτοπον
615 3164 934 3235 ἐπιθυμίαν,
953 3166 1118 3220 ὐπότε
1126 3184 1193 3237 με
1211 3167 1311 3237 τῆς
1327 3168 1540 3236 τρυφῆς
1567 3170 1732 3241 μέρος

141 3246 372 3319 μικρὸν,
418 3248 599 3301 πάντα
634 3248 870 3319 φορτικά
913 3249 1008 3302 καὶ
1056 3249 1294 3320 ἐπαχθῆ.
1349 3250 1470 3304 Κᾶν
1517 3252 1734 3307 κολάσω

141 3330 523 3401 ῥᾳθυμοῦντα,
552 3331 584 3401 ῆ
619 3332 716 3401 τῆς
746 3330 1041 3401 ἐκκλησίας
1073 3332 1368 3401 ἀπαγάγω,
1402 3334 1436 3404 ἢ
1472 3334 1568 3403 τῆς
1615 3354 1732 3389 κοι-

140 3416 245 3484 νῆς
271 3413 439 3483 εὐχῆς
459 3413 725 3484 ἀπείρξω,
744 3413 919 3482 ἀλγεῖ,
936 3414 996 3466 οὐ
1022 3414 1111 3467 διά
1134 3414 1196 3468 τὸ
1224 3415 1426 3469 τούτων
1455 3420 1731 3486 ἐκπεσεῖν,

139 3498 287 3549 ἀλλὰ
336 3496 425 3573 διὰ
467 3496 563 3565 τὴν
600 3497 787 3566 κοινὴν
825 3496 1110 3568 αἰσχύνην.
1163 3499 1274 3551 Καὶ
1304 3499 1465 3554 τοῦτο
1498 3501 1607 3572 γὰρ
1634 3502 1734 3573 τῆς

139 3581 308 3635 νόσου
352 3570 624 3646 ἐπίτασις,
660 3581 744 3633 ὅτι
784 3580 895 3634 τῶν
937 3583 1329 3652 πνευματικῶν
1376 3570 1730 3656 κωλυόμενοι,

139 3666 207 3718 οὐ
233 3664 325 3717 διά
343 3665 444 3736 τὴν
475 3664 730 3735 στέρησιν
757 3666 867 3720 τῶν
890 3666 1162 3720 τοσούτων
1184 3668 1407 3735 ἀγαθῶν
1434 3670 1730 3740 ἀλγοῦμεν,

141 3747 287 3799 ἀλλά
317 3748 411 3799 διά
432 3746 531 3818 τὴν
551 3748 662 3801 τῶν
680 3747 936 3819 ὁρώντων
959 3751 1225 3821 αἰσχύνην
1247 3767 1263 3784 ⁸
1311 3751 1373 3805 οὐ
1414 3751 1730 3823 φρίττομεν,

140 3831 209 3883 οὐ
242 3830 565 3900 δεδοίκαμεν
589 3831 651 3884 τὸ
680 3833 934 3903 πρᾶγμα.
976 3834 1077 3887 Διά
1107 3834 1266 3889 τοῦτο
1306 3836 1419 3891 ἀνω
1454 3837 1542 3889 καὶ
1578 3838 1734 3891 κάτω

141 3917 367 3977 Παῦλος
414 3916 545 3984 περὶ
598 3915 804 3972 τούτων
850 3917 1022 3971 πολλὰ
1055 3918 1389 3988 διαλέγεται.
1424 3921 1536 3973 Καὶ
1561 3923 1588 3975 6
1633 3923 1733 3992 μὲν

142 3998 393 4069 Χριστὸς
426 3999 624 4064 αὐτοὺς
665 4002 804 4071 μετὰ
844 4001 1118 4072 τοσαύτης
1161 4004 1401 4071 ὑπέταξε
1436 4006 1535 4076 τῆς
1563 4007 1734 4076 ἀνάγ-

142 4100 278 4153 κης,
309 4082 385 4146 ὡς
426 4085 620 4136 εἰπεῖν·
670 4085 804 4140 Ἐπί
830 4085 942 4155 τῆς
962 4086 1263 4155 Μωῦσέως
1284 4090 1578 4159 καθέδρας
1599 4091 1734 4145 ἑκά-

142 4174 336 4222 θισαν
372 4170 427 4221 οἱ
442 4169 798 4238 γραμματεῖς
815 4169 914 4225 καί
937 4173 990 4225 οἱ
1022 4172 1352 4241 Φαρισαῖοι.
1376 4172 1580 4228 Πάντα
1598 4169 1730 4241 οὖν,

141 4252 272 4305 ὅσα
306 4250 385 4304 ἂν
413 4254 678 4320 λέγωσιν
714 4253 859 4323 ὑμῖν
904 4255 1132 4322 τηρεῖν,
1174 4256 1407 4325 τηρεῖτε
1427 4274 1443 4290 ο
1485 4258 1639 4313 κατὰ
1665 4257 1735 4312 δὲ

142 4336 225 4389 τὰ
262 4334 412 4403 ἔργα
435 4335 636 4401 αὐτῶν
657 4335 744 4405 μὴ
796 4337 1036 4393 ποιεῖτε.
1078 4341 1189 4393 Καὶ
1222 4341 1406 4405 πάλιν,
1439 4342 1605 4412 ἡνίκα
1640 4343 1735 4398 τὸν

147 4417 357 4487 λεπρὸν
383 4416 772 4489 ἐθεράπευσεν,
821 4420 1038 4490 ἔλεγενο
1069 4422 1321 4493 ’Υπαγε,
1345 4424 1548 4487 δεῖξον
1586 4440 1737 4479 σαυ-

142 4503 260 4553 τὸν
284 4498 367 4565 τῷ
390 4500 555 4569 ἱερεῖ.
585 4502 686 4555 καὶ
718 4504 1119 4573 προσένεγκαι
1149 4506 1219 4560 τὸ
1268 4505 1461 4574 δῶρόν
1518 4523 1657 4574 σου,
1702 4507 1734 4561 ὃ

143 4585 491 4653 προσέταξε
512 4586 772 4656 Μωῦσῆς
797 4592 885 4655 εἰς
902 4591 1230 4659 μαρτύριον
1246 4592 1469 4657 αὐτοῖς.
1488 4593 1600 4645 Καὶ
1627 4595 1736 4665 μὴν

143 4670 219 4722 σὺ
274 4668 491 4737 λέγεις’
528 4672 743 4725 Ποιεῖτε
799 4674 964 4727 αὐτὸν
1006 4674 1120 4728 υἰὸν
1164 4676 1390 4747 γεέννης
1420 4676 1735 4748 διπλότερον

141 4750 330 4823 ὑμῶν.
359 4752 459 4805 Διά
492 4753 649 4807 τοῦτο
678 4750 851 4821 εἶπον,
880 4757 1065 4827 φησὶν,
1102 4759 1169 4813 Ἀ
1209 4758 1473 4825 ποιοῦσι,
1493 4760 1581 4829 μὴ
1602 4776 1732 4815 ποις

137 4837 291 4891 εἶτε.
338 4836 523 4891 Πᾶσαν
576 4838 756 4918 τοίνυν
801 4839 1076 4904 ἐξέκλεισε
1119 4842 1394 4913 πρόφασιν
1447 4844 1526 4915 τῷ
1564 4845 1734 4918 ἀρχοο

141 4920 299 4993 μένῳ
338 4923 366 4974 6
396 4922 652 4992 Χριστός.
675 4917 841 4986 Οὗτος
870 4924 927 4978 δὲ
956 4928 1050 4978 καὶ
1079 4926 1330 4998 Τιμοθέῳ
1364 4917 1737 4999 γράφωνί-ἣε-

136 5022 243 5073 γεν
272 5022 287 5035 ’
328 5007 392 5058 Ol
422 5003 621 5072 καλῶς
650 5005 1032 5074 προεστῶτες
1078 5012 1473 5080 πρεσϐύτεροι
1511 5014 1737 5084 διπλῆς

134 5087 330 5156 τιμῆς
370 5088 817 5153 ἀξιούσθωσαν.
860 5093 969 5144 Καὶ
1019 5095 1157 5163 πρὸς
1184 5095 1468 5165 Ἐϐραίους
1510 5097 1567 5150 δὲ
1601 5101 1739 5170 γρά-

136 5188 264 5240 φων
297 5170 453 5237 ἔλεγε
475 5186 489 5200 ’
526 5173 817 5227 Πείθεσθε
856 5174 983 5241 τοῖς
1012 5177 1370 5247 ἡγουμένοις
1402 5180 1589 5248 ὑμῶν,
1634 5184 1733 5237 καί

136 5256 429 5308 ὑπείκετε
453 5272 467 5286 ⁸
489 5257 587 5310 καὶ
618 5258 854 5312 ἐνταῦθα
884 5260 1067 5315 πάλιν·
1112 5261 1455 5332 Ἐρωτῶμεν
1473 5264 1540 5317 δὲ
1558 5266 1734 5335 ὑμᾶς,

134 5339 426 5407 ἀδελφοὶ,
475 5341 699 5395 εἰδέναι
747 5344 889 5411 τοὺς
942 5346 1281 5412 κοπιῶντας
1330 5349 1399 5401 ἐν
1440 5350 1603 5419 ὑμῖν.
1636 5354 1735 5406 καὶ

136 5423 631 5493 προϊσταμένους
654 5426 823 5496 ὑμῶν
844 5429 914 5481 ἐν
935 5432 1153 5497 Κυρίῳ.
1195 5432 1410 5503 Ἐπειδὴ
1435 5435 1542 5505 γάρ
1559 5432 1732 5489 εἶπεν·

141 5506 528 5577 Οἰκοθομεῖτε
551 5505 639 5576 εἷς
661 5514 770 5565 τὸν
797 5513 927 5578 ἕνα,
957 5515 1040 5567 ἵνα
1074 5516 1148 5586 μὴ
1180 5517 1502 5585 νομίσωσιν,
1538 5520 1619 5571 ὅτι
1656 5524 1735 5584 εἰς

136 5588 204 5641 τὸ
227 5589 338 5641 τῶν
379 5590 719 5647 διδασκάλων
761 5596 982 5667 ἀξίωμα
1021 5599 1218 5661 αὐτοὺς
1256 5601 1522 5669 ἀνήγαγε,
1574 5602 1734 5658 τοῦτο

136 5672 422 5742 ἐπήγαγε,
460 5679 747 5748 μονονουχὶ
781 5678 981 5749 λέγων,
1014 5681 1094 5734 ὅτι
1141 5682 1252 5735 Καὶ
1288 5683 1417 5753 ὑμῖν
1456 5686 1732 5757 ἐπέτρεψα

135 5757 452 5829 οἰκοδομεῖν
490 5762 758 5834 ἀλλήλους
781 5783 792 5794 ·
829 5766 891 5818 οὐ
927 5768 1034 5838 γάρ
1063 5768 1287 5822 δυνατὸν
1321 5771 1496 5825 πάντα
1533 5773 1622 5825 τὸν
1654 5774 1729 5827 δι-

1836 860 2104 916 δάσκαλον
2172 863 2363 918 εἰπεῖν.
2436 863 2581 929 Τοὺς
2640 859 3011 929 κοπιῶντας,
3083 868 3279 934 φησιν,
3343 866 3413 919 ἐν

1834 947 1999 1017 ὑμῖν,
2064 946 2161 1000 καὶ
2215 945 2692 1016 προϊσταμένους
2735 943 3010 1021 ὑμῶνρν
3052 946 3280 1013 Κυρίῳ,
3310 952 3411 1002 καὶ

1835 1029 2281 1094 νουθετοῦντας
2312 1028 2492 1096 ὑμᾶς.
2532 1028 2640 1081 Καὶ
2688 1026 2805 1089 πῶς
2847 1028 2949 1080 οὐκ
2978 1028 3200 1091 ἄτοπον,
3242 1032 3413 1101 φησί;

1836 1113 1903 1165 Τί
1943 1112 2155 1180 λέγεις;
2195 1114 2257 1165 σὺ
2308 1104 2447 1182 μὲνξ
2485 1112 2551 1165 ἂν
2601 1111 2699 1181 μὲν
2739 1109 3025 1180 ἄνθρωπός
3064 1128 3159 1165 σου
3203 1117 3412 1186 προστῇ

1836 1196 1975 1267 πρὸς
2008 1196 2330 1267 ἄνθρωπον,
2370 1195 2548 1249 πάντα
2588 1193 2874 1265 πράττεις,
2908 1196 3089 1247 πᾶσαν
3132 1196 3415 1265 ὁμολογεῖς

1835 1281 2018 1353 χάριν
2035 1278 2188 1345 οὗτος
2203 1282 2261 1335 δὲ
2278 1281 2413 1353 πρὸς
2428 1281 2518 1334 τὸν
2536 1280 2667 1334 Θεὸν
2681 1280 3007 1351 προΐσταται
3026 1297 3142 1343 σου,
3163 1280 3309 1352 [496]
3325 1285 3416 1336 καὶ

1836 1365 1935 1437 οὐχ
1979 1367 2264 1437 ὁμολογεῖς
2292 1366 2487 1436 χάριν;
2523 1365 2635 1418 Καὶ
2668 1364 2788 1427 πῶς
2818 1364 3173 1432 προΐσταται,
3218 1367 3413 1434 φησίνς

1840 1449 1963 1505 Ὅτι
1995 1448 2217 1519 εὔχεται
2248 1448 2389 1518 ὑπὲρ
2421 1447 2538 1513 σοῦ,
2567 1448 2734 1516 ὅτιτῇ
2765 1448 3109 1517 πνευματικῇ
3140 1446 3318 1517 δωρεᾷ
3348 1450 3416 1517 τῇ

1837 1531 1927 1586 διὰ
1975 1531 2072 1585 τοῦ
2115 1531 2492 1601 βαπτίσματος
2540 1531 2924 1600 ὐπηρετεῖται,
2981 1528 3416 1592 ὲπισκέπτεται,

1838 1618 2100 1687 παραινεῖ
2138 1615 2234 1669 καὶ
2268 1614 2539 1678 νουθετεῖ,
2589 1614 2782 1683 μέσαις
2824 1614 2995 1681 νυξὶν,
3034 1612 3101 1667 ἂν
3158 1612 3417 1685 καλέσῃς,

1837 1699 1984 1768 ἥκει,
2009 1698 2162 1752 οὐδὲν
2190 1696 2319 1751 ἄλλο
2344 1698 2378 1767 ἢ
2414 1696 2573 1766 μόνον
2603 1696 2891 1748 ὑπόκειταί
2926 1712 3021 1748 σου
3053 1695 3129 1765 τῷ
3166 1694 3417 1766 στόματι,

1838 1781 1935 1834 καὶ
1958 1781 2058 1845 τὰς
2081 1778 2435 1850 βλασφημίας
2461 1777 2618 1849 φέρει
2638 1777 2736 1841 τὰς
2757 1777 2913 1848 παρὰ
2939 1778 3055 1831 σοῦ.
3078 1777 3244 1832 Ποίαν
3273 1775 3420 1849 εἶχεν

1839 1861 2118 1933 ἀνάγκην;
2169 1862 2352 1924 καλῶς
2408 1859 2753 1931 ἑποίησεν,ἢ
2800 1859 3022 1926 κακῶς;
3070 1861 3141 1913 Σὺ
3186 1860 3285 1931 μὲν
3325 1862 3421 1913 καὶ

1838 1947 2072 2011 γυναῖκα
2109 1944 2275 2015 ἔχεις,
2292 1944 2388 1997 καὶ
2412 1944 2646 2013 τρυφᾷς,
2676 1943 2770 1995 καὶ
2797 1941 2912 2012 βίον
2944 1943 3073 2015 αἱρῇ
3096 1944 3416 2015 ἐμπορικὸν·

1838 2032 1867 2081 6
1886 2030 1943 2082 δὲ
1974 2029 2154 2100 ἱερεὺς
2184 2029 2323 2101 πρὸς
2354 2026 2513 2081 τοῦτο
2550 2027 2742 2080 ἑαυτὸν
2784 2027 3165 2099 ἀπησχόλησεν
3196 2043 3209 2056 °
3245 2027 3421 2092 οὐδεὶς

1842 2113 1992 2184 αὐτῷ
2025 2114 2140 2183 βίος
2164 2115 2383 2184 ἔτερος,
2423 2112 2561 2167 ἀλλά
2592 2112 2720 2183 περὶ
2756 2110 2857 2182 τὴν
2906 2111 3229 2182 Ἐκκλησίαν
3262 2112 3422 2181 στρέ-

1842 2215 2003 2266 φεται
2027 2210 2077 2251 ι.
2122 2197 2424 2267 Ἡγεῖσθαι
2459 2195 2705 2261 αὐτοὺς,
2746 2194 2935 2265 φησὶν,
2959 2194 3111 2263 ὑπὲρ
3139 2195 3418 2263 ἐκπερισ-

1840 2282 1959 2337 σοῦ
1981 2282 2051 2335 ἐν
2076 2281 2278 2352 ἀγάπῃ
2304 2281 2401 2336 διὰ
2428 2280 2495 2334 τὸ
2528 2280 2708 2350 ἔργον
2727 2279 2928 2334 αὐτῶν
2948 2294 2962 2309 ·
2989 2279 3333 2347 εἰρηνεύετε
3349 2279 3421 2333 ἐν

1838 2364 2066 2432 αὐτοῖς.
2103 2365 2265 2437 Ὁρᾷς
2287 2364 2403 2428 πῶς
2435 2364 2545 2417 οῐδε
2583 2362 2954 2434 μικροψυχίας
2980 2363 3301 2432 γινομένας
3325 2364 3417 2433 Μὴ

1842 2447 2051 2513 ἁπλῶς,
2084 2449 2273 2518 φησὶν,
2301 2448 2574 2515 ἀγαπᾶτε,
2592 2447 2731 2511 ἀλλ’,
2755 2446 2897 2518 ὑπὲρ
2927 2448 3062 2499 ἑκπε
3074 2445 3282 2515 ρισσοῦ,
3305 2446 3418 2498 ῶσ-

1840 2532 1958 2586 ανεὶ
1993 2532 2186 2595 παῖδες
2222 2531 2490 2602 πατέραςδ
2515 2530 2615 2584 Διά
2652 2531 2763 2598 γὰρ
2801 2528 2980 2582 αὐτῶν
3024 2526 3288 2599 ὲτέχθητε
3319 2529 3418 2598 τὴν

1830 2618 2097 2687 γέννησιν
2126 2614 2226 2684 τὴν
2256 2613 2493 2679 αἰώνιον,
2534 2613 2605 2666 δι’
2635 2611 2816 2665 αὐτῶν
2857 2612 2958 2683 τῆς
2997 2611 3274 2681 βασιλείας
3322 2611 3421 2664 ιπ-

1841 2704 2090 2776 ετύχετε,
2129 2702 2219 2756 διὰ
2256 2702 2366 2755 τῶν
2399 2700 2601 2773 χειρῶν
2628 2700 2809 2754 αὐτῶν
2836 2699 3016 2752 πάντα
3064 2698 3275 2767 γίνεται
3293 2688 3319 2765 ,’
3346 2697 3417 2751 δι’

1842 2791 2023 2845 αὐτῶν
2051 2788 2183 2859 ὑμῖν
2216 2786 2385 2840 πύλαι
2413 2783 2665 2856 οὐρανίαι
2695 2783 3025 2850 ἀνοίγονται.
3058 2782 3267 2852 Μηδεὶς
3288 2796 3418 2834 στα-

1843 2872 2105 2938 σιαζέτω,
2135 2871 2331 2943 μηδεὶς
2361 2867 2759 2938 φιλονεικείτω.
2807 2867 2864 2920 Ὀ
2896 2867 2991 2919 τὸν
3022 2866 3258 2938 Χριστὸν
3282 2866 3419 2934 ἀγα-

1843 2958 1982 3020 πῶν,
2012 2950 2125 3019 οίος
2156 2955 2225 3010 ἂν
2321 2956 2351 3007 6
2397 2951 2601 3025 ίερεύς,
2645 2951 2927 3020 ἀγαπήσει
2982 2950 3168 3014 αὐτὸν,
3218 2951 3302 3004 ὅτι
3348 2951 3417 3003 δι’

1838 3040 2006 3093 αὐτοῦ
2026 3039 2139 3093 τῶν
2169 3037 2417 3109 φρικτῶν
2458 3036 2774 3108 μυστηρίων
2803 3035 3087 3105 ἐπέτυχεν.
3132 3035 3269 3089 Εἰπέ
3303 3052 3415 3106 μοι,

1840 3126 1889 3177 εἰ
1925 3122 2210 3194 βουληθεὶς
2238 3122 2366 3175 ἰδεῖν
2386 3118 2457 3173 τὰ
2491 3120 2738 3188 βασίλεια
2763 3117 2943 3188 πολλῷ
2986 3118 3419 3189 καταλάμποντα

1839 3208 1919 3277 τῷ
1941 3206 2150 3279 χρυσῷ,
2169 3207 2264 3261 καὶ
2287 3205 2803 3275 περιαστράπτοντα
2826 3205 2894 3274 τῇ
2921 3202 3030 3255 τῶν
3049 3201 3211 3257 λίθων
3231 3204 3416 3277 αἴγλῃ,

1841 3294 2023 3365 εὕροις
2050 3292 2143 3345 τὸν
2175 3290 2275 3355 τὰς
2318 3290 2468 3353 κλεῖς
2502 3288 2718 3359 ἔχοντα,
2749 3289 2778 3340 6
2806 3287 2866 3341 δὲ
2900 3285 3298 3358 παρακληθεὶς,
3328 3289 3417 3340 εύ-

1841 3376 1980 3440 θέως
2005 3374 2206 3445 ἤνοιξε,
2236 3374 2331 3427 καλ⁸
2361 3370 2695 3442 παρέπεμψέ
2729 3386 2789 3422 σε
2829 3368 2999 3432 ἔνδον,
3044 3369 3167 3440 οὐχὶ⁹
3201 3370 3418 3423 πάντων

1838 3459 1907 3514 ἂν
1939 3460 2105 3512 αὐτὸν
2127 3456 2469 3528 προετίθεις;
2504 3454 2629 3523 οὐχί
2654 3452 2761 3505 τῶν
2800 3451 3097 3521 ὀφθαλμῶν
3127 3453 3241 3504 ἴσον
3275 3454 3415 3521 ἠγά-

1836 3559 2040 3612 πησας
2071 3542 2193 3611 οὐχὶ
2221 3539 2458 3608 ἐφίλεις;
2486 3538 2591 3590 Τὸν
2607 3534 2833 3605 οὐρανόν
2864 3550 2949 3586 σοι
2976 3533 3210 3603 ἀνέῳξεν
3238 3529 3413 3598 οὗτος,

1836 3627 1932 3679 καὶ
1965 3626 2026 3678 οὐ
2052 3625 2235 3694 φιλεῖς
2268 3624 2365 3677 καὶ
2393 3622 2712 3692 περιέπεις;
2737 3620 2801 3673 Et
2832 3621 3067 3687 γυναῖκα
3102 3618 3265 3687 ἔχοις,
3293 3620 3419 3688 οὐχὶ

1834 3710 1927 3763 τὸν
1958 3711 2369 3782 προξενήσαντα
2407 3705 2592 3768 ποθεῖς
2628 3704 2851 3756 πάντων
2890 3702 3154 3773 μάλιστα;
3204 3701 3414 3767 Οὖτως,

1836 3798 1887 3849 εί
1922 3796 2100 3865 φιλεῖς
2132 3794 2225 3848 τὸν
2253 3791 2524 3862 Χριστὸν,
2559 3792 2606 3843 εἰ
2639 3788 2815 3857 φιλεῖς
2848 3787 2949 3859 τὴν
2997 3786 3277 3857 βασιλείαν
3305 3786 3417 3839 τῶν

1835 3877 2102 3951 οὐρανῶν,
2133 3874 2397 3944 ὲπίγνωθι
2421 3874 2511 3928 διὰ
2536 3872 2701 3926 τίνων
2725 3870 2883 3941 ἔσχες
2904 3870 3097 3942 αὐτήν.
3126 3870 3227 3923 Διά
3257 3869 3419 3923 τοῦτό

1837 3978 1995 4032 φησι,
2023 3960 2128 4013 Διὰ
2160 3960 2226 4013 τὸ
2264 3961 2443 4028 ἔργον
2468 3953 2670 4013 αὐτῶν
2698 3970 2713 3986 ·
2742 3954 3080 4023 εἰρηνεύετε
3105 3953 3174 4007 ἐν
3188 3953 3415 4018 αὐτοῖς.

1836 4043 2313 4114 Παρακαλοῦμεν
2343 4040 2413 4094 δὲ
2440 4038 2618 4110 ὑμᾶς,
2640 4036 3264 4107 ἁδελφοί,νουθετεῖτε
3278 4036 3412 4102 τοὺς

1835 4122 2156 4189 ἀτάκτους,
2197 4118 2598 4192 παραμυθεῒτε
2628 4116 2773 4182 τοὺς
2816 4116 3249 4185 ὀλιγοψύχους,
3281 4116 3419 4169 ἀντ-

1835 4208 2053 4279 έχεσθε
2080 4207 2201 4261 τῶν
2239 4205 2539 4269 ἀσθενῶν,
2574 4200 3012 4274 μακροθυμεῖτε
3061 4200 3212 4269 πρὸς
3264 4198 3412 4253 πάνυ

1837 4310 1966 4360 τας.

1909 4415 1976 4483 β’.
1995 4410 2261 4466 Ἐνταῦθα
2284 4410 2415 4481 πρὸς
2432 4410 2558 4471 τοὺς
2579 4406 2846 4477 ἄρχοντας
2864 4403 3190 4471 διαλέγεται.
3210 4400 3414 4454 Νουθε-

1836 4499 2003 4562 τεῖτε,
2028 4496 2183 4565 φησὶ,
2207 4495 2332 4556 τοὺς
2370 4494 2639 4553 ἀτάκτους
2671 4506 2686 4521 ο
2714 4488 2985 4550 τουτέστι,
3017 4487 3093 4556 μὴ
3126 4485 3235 4539 ἀπὸ
3264 4486 3412 4550 ἐξου-

1838 4580 1980 4643 σίας,
2009 4576 2143 4648 μηδὲ
2172 4576 2281 4630 ἀπὸ
2330 4572 2621 4637 αὐθαδείας
2656 4571 3043 4642 ἐπιπλήσσετε,
3094 4567 3230 4622 ἀλλὰ
3283 4570 3421 4637 μετὰ

1843 4662 2166 4726 ἐπιεικείας,
2203 4660 2340 4731 μετά
2388 4658 2747 4730 ἡμερότητος.
2799 4650 3251 4722 Παραμυθεῖσθε
3276 4650 3419 4715 τοὺς

1841 4746 2267 4815 ὀλιγοψύχους,
2296 4743 2622 4813 ἀντέχεσθε
2643 4739 2762 4793 τῶν
2786 4733 3081 4799 ἀσθενῶν,
3124 4735 3423 4804 μακροθυ-

1835 4830 1999 4901 μεῖτε
2035 4830 2184 4898 πρὸς
2222 4828 2453 4893 πάντας
2497 4827 2557 4879 '0
2592 4826 2700 4895 γὰρ
2750 4820 3038 4892 αὐστηρῶς
3089 4818 3420 4889 επιπληττό-

1846 4932 2002 4987 μενος
2020 4956 2036 4981 ,
2058 4912 2394 4981 ἀπεγνωκὼς
2414 4909 2630 4975 ἑαυτοῦ,
2656 4907 2987 4980 θρασύτερος
3017 4905 3226 4974 γίνεται
3254 4920 3422 4956 κατα-

1844 5005 2059 5075 φρονῶν
2083 5022 2097 5035 °
2131 5004 2219 5058 διὰ
2246 5002 2402 5056 τοῦτο
2427 5004 2493 5073 τῇ
2517 4999 2769 5070 νουθεσία
2794 4997 2901 5069 χρὴ
2939 4997 3038 5066 ἡδὺ
3074 4992 3423 5047 κατασκευά-

1842 5088 1955 5152 ζειν
1977 5088 2038 5142 τὸ
2066 5088 2376 5158 φάρμακον.
2404 5086 2561 5149 Τίνες
2586 5084 2643 5137 δέ
2673 5084 2812 5136 εἰσιν
2839 5081 3165 5139 claram-.01.;
3198 5076 3423 5134 Πάντως

1840 5173 1890 5225 οἱ
1929 5172 2082 5242 παρά
2107 5171 2168 5223 τὸ
2190 5172 2266 5242 τῷ
2292 5170 2412 5240 Θεῷ
2437 5167 2628 5222 δοκοῦν
2659 5167 3011 5240 πράττοντες.
3048 5159 3267 5223 Τάξεως
3311 5158 3421 5242 γᾴρ

1840 5257 1956 5308 ἐστι
1981 5241 2082 5325 τῆς
2128 5241 2526 5325 στρατιωτικῆς
2580 5248 2958 5321 ἀρμοδιωτέρα
3005 5244 3212 5313 αὖτηή
3271 5241 3423 5305 τάξις

1840 5339 1940 5408 τῆς
1980 5338 2323 5408 Ἐκκλησίας.
2359 5338 2523 5388 ’Ὥστε
2553 5336 2646 5389 καὶ
2678 5336 2706 5386 6
2737 5333 2974 5401 λοίδορος
3010 5328 3265 5388 ἄτακτος,
3326 5325 3422 5377 καὶ

1839 5427 1868 5477 ὁ
1898 5424 2127 5493 μέθυσος
2155 5422 2387 5484 ἄτακτος
2409 5420 2504 5474 καὶ
2539 5422 2567 5472 6
2599 5416 2928 5483 πλεονέκτης
2972 5412 3066 5465 καὶ
3125 5410 3323 5470 πάντες
3372 5409 3420 5459 οἱ

1841 5510 2274 5579 ἁμαρτάνοντες·
2312 5507 2376 5560 οὐ
2416 5506 2523 5575 γὰρ
2549 5502 2859 5573 τεταγμένα
2904 5495 3211 5567 βαδίζουσιν
3253 5495 3308 5545 ὲν
3354 5493 3420 5561 τῇ

1903 5780 1928 5808 ⁸
1955 5777 2035 5826 Sic
2057 5775 2191 5827 Colb.
2219 5774 2395 5823 melius
2417 5786 2560 5835 quam
2585 5769 2750 5831 V023,,
2778 5764 3072 5829 στρέφεσθαι,
3103 5736 3238 5809 Ebur.
