3834 6504
56 465 78 513 τ
788 449 854 520 tu
893 447 1108 514 EPIST.
1151 447 1167 500 ι
1232 443 1322 499 Μ)
1361 437 1688 500 messae.
1734 437 1885 495 car.
1930 439 1994 495 v.
2037 440 2268 497 unum.
2310 437 2378 495 x.

56 587 90 631 ιι
112 593 124 630 :
152 587 243 628 nou
263 568 408 624 cnim
433 566 676 634 ordinate
697 565 948 624 incedunt
977 566 1028 619 iu
1055 563 1191 630 acie,
1217 560 1316 618 sed
1340 571 1522 629 prave;

55 684 88 721 ιο
111 651 418 720 erertuntut‘.
471 658 737 728 Craterum
780 665 858 716 est
913 654 1055 710 aliud
1101 666 1314 724 quoque
1359 663 1527 720 genus

55 761 212 813 dorum
233 793 247 817 ,
283 767 386 809 non
421 750 524 818 tale
568 748 782 819 quidem
808 786 824 811 ,
869 746 963 804 sed
1003 747 1174 814 ipsum
1204 757 1418 813 quoque
1446 743 1527 794 vi-

56 867 116 912 m,
142 859 322 913 nempe
367 841 674 904 dissensio:
708 855 840 908 nam.
875 839 990 908 ipsa
1031 851 1244 906 quoque
1283 834 1530 894 similiter

56 940 134 994 alit
156 944 303 1003 atque
329 931 572 994 socordia
603 939 658 988 et
676 929 949 1002 segnities.
989 929 1090 994 Qui
1133 941 1240 984 non
1272 925 1374 986 fert
1401 940 1528 982 con-

55 1026 244 1087 ueliam,
267 1032 345 1078 est
369 1022 543 1092 pusilli
565 1021 732 1078 animi
756 1019 878 1090 :qui
906 1034 1010 1076 non
1036 1017 1141 1072 fert
1161 1015 1528 1080 tentationem,

80 1116 238 1189 pusilli
267 1114 438 1174 animi
465 1131 484 1166 :-
514 1113 601 1170 hic
630 1121 716 1167 est
742 1112 832 1182 qui
874 1125 1033 1181 supra
1079 1120 1283 1179 petram
1325 1115 1407 1167 est
1447 1121 1532 1166 se-

55 1220 207 1270 natus.
260 1207 373 1266 Est.
403 1215 457 1260 et
500 1205 645 1268 aliud
689 1219 895 1274 genus,
946 1217 1138 1272 nempe
1187 1201 1530 1256 inﬁrmitatis.

55 1301 229 1370 scipite,
255 1297 445 1367 inquit,
474 1297 721 1366 inﬁrmos.
742 1295 986 1350 inﬁrmos
1011 1294 1138 1350 dicit
1165 1293 1305 1348 circa
1333 1291 1492 1346 ﬁdem
1516 1308 1528 1342 :

55 1410 102 1449 ca
150 1390 288 1447 illam
331 1389 472 1454 enim
525 1387 805 1448 infirmitas
849 1399 968 1440 esse
1013 1394 1207 1455 potest.
1257 1383 1362 1440 Sed
1415 1381 1540 1436 vide.

61 1480 223 1536 nnodo
251 1494 355 1538 non
379 1478 519 1534 sinat
549 1491 643 1534 eos
672 1476 855 1531 haberi
888 1475 1205 1544 despicatui.
1237 1473 1375 1530 Alibi
1404 1488 1537 1540 quo.-

56 1591 70 1626 ξ
94 1569 326 1624 scribens
354 1567 566 1632 diccbat
591 1585 603 1621 :
631 1565 872 1633 Inﬁrmos
893 1567 945 1620 in
974 1566 1074 1633 ﬁde
1098 1564 1333 1634 suscipite
1358 1562 1534 1632 (Rom.

89 1661 156 1733 l).
185 1658 392 1714 Etenim
420 1657 472 1712 in
523 1657 718 1720 nostris
762 1657 1075 1726 corporibus
1120 1656 1385 1716 infirmam
1413 1669 1536 1722 par-

56 1774 73 1809 ι
101 1769 200 1808 ιιοιι
229 1752 453 1812 sinimus
482 1749 679 1822 perire.
715 1748 972 1812 Patientes
995 1789 1009 1813 ,
1041 1748 1248 1818 inquit,
1283 1756 1442 1808 estote
1469 1745 1538 1799 ad

55 1864 151 1900 nes.
185 1842 320 1912 Quid
347 1827 513 1920 ergo?
540 1841 702 1907 etiam
725 1855 850 1912 erga
883 1838 1251 1904 inordinatos?
1282 1836 1352 1900 Et
1385 1835 1546 1895 valde

61 1937 172 1990 dem
209 1951 222 1988 :
251 1931 456 1998 nullum
472 1932 624 2003 enim
654 1926 1336 1996 medicatuentutudoctori
1371 1927 1540 1995 magis

55 2045 118 2082 un
147 2025 248 2082 hoc
276 2023 529 2090 convenit
557 2040 570 2076 :
608 2023 809 2090 nullum
836 2031 921 2078 est
957 2021 1128 2090 magis
1167 2029 1350 2089 aptum
1373 2019 1421 2074 ei
1448 2017 1542 2088 qui

55 2128 111 2173 'et
140 2134 153 2170 :
185 2115 344 2188 plane
383 2123 556 2184 potest
583 2113 841 2183 pudorem
871 2113 1113 2178 incutere
1139 2112 1189 2168 ei
1219 2112 1384 2172 etiam
1405 2151 1420 2176 ,
1451 2111 1541 2180 qui

72 2209 312 2275 omnium
345 2207 645 2274 ferissimus
665 2215 720 2264 et
747 2205 1258 2276 impudentissimus.

55 2302 170 2356 Vera
196 2301 325 2364 ultio
358 2315 486 2376 quat.
517 2299 705 2362 -15.
749 2298 920 2352 Videte
963 2314 1025 2361 ne
1065 2298 1179 2367 quis
1228 2297 1415 2352 malum
1453 2313 1546 2366 pro

55 2397 94 2448 to
121 2393 278 2448 alicui
309 2392 510 2456 reddat.
552 2391 610 2450 Si
641 2391 836 2448 malum
865 2405 961 2460 pro
999 2391 1139 2454 malo
1182 2377 1286 2447 non
1319 2401 1400 2445 est
1428 2390 1549 2445 red-

56 2486 208 2549 ulum,
237 2483 416 2548 multo
433 2483 608 2540 minus
627 2483 823 2540 malum
848 2497 944 2552 pro
966 2483 1136 2548 bono;
1162 2482 1330 2537 multo
1357 2482 1544 2552 magis,

55 2578 230 2630 mltum
273 2575 426 2648 prius
470 2574 629 2638 fuerit
660 2575 898 2641 malum,
931 2589 1036 2638 non
1066 2584 1150 2630 est
1189 2575 1386 2630 malum
1427 2575 1550 2629 red-

56 2668 209 2721 ldum.
245 2665 361 2728 Sed
393 2666 513 2734 iste,
538 2665 728 2737 inquit,
753 2676 835 2720 εει
856 2666 1150 2735 improbus,
1175 2674 1230 2722 et
1253 2681 1340 2721 me
1373 2666 1554 2721 limitis

62 2761 132 2813 cit
163 2757 405 2833 injuriis,
441 2757 530 2813 Vis
568 2757 720 2826 illum
748 2755 976 2812 ulcisci?
1019 2773 1088 2814 ne
1116 2758 1167 2814 ei
1205 2773 1303 2827 par
1333 2759 1443 2827 pari
1471 2773 1556 2811 re-

55 2849 141 2903 is':
176 2850 301 2904 sine
333 2849 488 2910 abeat
531 2847 770 2922 impune,
818 2848 1031 2904 Satisne
1077 2858 1160 2904 est
1202 2848 1556 2919 hucusque?

56 2956 332 3014 tuaquatu.
370 2939 477 3002 Sed
506 2957 701 3011 semper
728 2941 862 3012 quod
891 2942 1076 2996 bonum
1103 2951 1174 2995 est
1201 2942 1482 3005 sectamini,
1511 2950 1560 2994 et

58 3049 192 3100 cem,
221 3041 271 3085 et
303 3031 358 3097 in
385 3048 577 3086 omnes.
609 3032 733 3094 llazc
753 3033 925 3102 major
954 3041 1039 3088 est
1064 3032 1422 3103 philosophia,
1453 3049 1559 3088 non

56 3143 127 3180 nn
178 3125 330 3186 mala
379 3125 537 3190 malis
581 3140 686 3180 non
732 3126 1026 3195 rependere
1050 3166 1066 3190 ,
1095 3126 1188 3182 sed
1229 3127 1414 3182 bona:
1447 3127 1562 3188 haec

55 3235 96 3271 ιιι
125 3233 327 3283 revera
358 3227 443 3272 est
465 3217 616 3280 ultio.
641 3226 696 3274 et
725 3217 801 3271 illi
827 3217 1079 3282 danmum
1101 3217 1351 3285 afferens,
1383 3227 1439 3272 et
1467 3218 1563 3283 tibi

58 3313 248 3374 italum
273 3328 289 3374 ;
321 3312 434 3365 imo
461 3310 536 3364 illi
557 3326 772 3381 quoque
803 3327 1082 3381 magnam,
1105 3312 1151 3367 si
1179 3313 1338 3377 velit,
1361 3311 1562 3366 utilita-

67 3441 81 3454 .
115 3402 190 3456 Et
241 3417 319 3456 ne
368 3401 646 3456 existimes
679 3403 778 3456 hoc
803 3401 1004 3458 dictum
1050 3418 1172 3459 esse
1215 3403 1283 3459 de
1318 3403 1567 3464 fidelibus

61 3510 151 3557 un,
184 3502 491 3564 propterea
519 3493 684 3560 dicit,
727 3492 794 3548 Et
821 3495 1064 3558 invicem,
1093 3504 1140 3548 et
1167 3495 1222 3549 in
1254 3511 1446 3549 omnes.
1482 3495 1563 3550 l6.

63 3601 175 3653 ιρει·
200 3585 461 3655 gaudete.
503 3583 616 3653 Hoc
661 3583 728 3638 de
774 3584 1152 3648 tentatiouibus
1193 3601 1312 3651 qum
1359 3587 1574 3655 pariunt

67 3679 346 3728 ctionem.
382 3673 581 3734 Audite
610 3674 936 3744 quicumque
970 3674 1236 3733 incidistis
1260 3677 1312 3731 in
1339 3691 1571 3746 pauper-

69 3782 140 3828 m,
171 3774 234 3820 et
259 3763 369 3834 qui
412 3764 468 3825 in
513 3779 602 3824 res
640 3765 924 3830 adversas;
967 3779 1034 3826 ex
1059 3765 1141 3820 his
1166 3767 1309 3822 enim
1340 3769 1576 3830 nascitur

71 3855 234 3909 lium.
267 3854 512 3924 Quando
541 3856 684 3909 enim
715 3857 815 3910 hoc
842 3870 1027 3916 sumus
1058 3856 1258 3920 animo,
1287 3866 1346 3911 ut
1370 3858 1578 3913 nullum

73 3962 323 4012 scamur,
344 3944 452 4006 sed
469 3961 653 4004 ιιιιιιιεε
667 3944 961 4010 afﬁciamus
983 3945 1262 4011 beneficio,
1285 3949 1577 4018 quomodo,

75 4053 159 4106 so,
183 4036 413 4110 poterit
438 4036 618 4098 subire
639 4036 884 4100 stimulus
904 4036 1140 4102 doloris?
1167 4037 1267 4104 Qui
1289 4040 1432 4098 enim
1452 4040 1579 4095 dum

77 4145 88 4181 ι
119 4127 394 4184 afﬁcitur
423 4127 505 4200 sic
545 4129 751 4184 Iactatur
775 4168 792 4194 ,
823 4137 881 4183 ut
908 4126 1180 4194 beneﬁciis
1211 4144 1271 4192 se
1293 4130 1580 4190 laedentem

80 4229 258 4274 catur
281 4259 301 4284 ,
345 4218 628 4288 quomodo
656 4219 723 4274 de
757 4229 957 4276 caetero
1001 4223 1198 4291 poterit
1240 4237 1470 4282 maerore
1505 4225 1584 4280 af-

102 4313 181 4366 Et
214 4309 525 4382 quomodo
548 4319 760 4382 potest,
804 4311 975 4382 inquit
998 4355 1012 4379 ,
1047 4313 1148 4378 hoc
1175 4315 1335 4376 ﬁeri?
1375 4316 1428 4372 Si
1457 4308 1586 4372 veli-

137 4403 272 4458 fieri
311 4409 535 4476 potest.
587 4402 790 4468 Deinde
824 4405 986 4468 etiam
1023 4405 1160 4472 viam
1197 4405 1466 4470 ostendit:
1495 4409 1581 4464 17.

140 4493 565 4558 intermissione
617 4505 794 4560 orate;
846 4495 934 4552 18.
1005 4497 1061 4549 in
1115 4498 1345 4563 omnibus
1397 4500 1589 4570 gratias

116 4609 138 4647 :
190 4595 324 4648 haec
380 4599 468 4644 est
510 4590 645 4648 enim
683 4591 916 4652 voluntas
957 4588 1078 4656 Dei.
1123 4591 1346 4660 Semper
1389 4593 1590 4662 gratias

91 4703 125 4752 ι,
163 4684 286 4737 hoc
335 4689 440 4738 est
469 4681 630 4735 animi
663 4680 1034 4751 pbilosophici.
1072 4682 1266 4746 Passus
1305 4697 1364 4744 es
1394 4683 1591 4753 aliquid

92 4778 105 4830 Ρ
138 4775 264 4831 Sed
301 4775 359 4828 si
407 4772 570 4836 velis,
605 4782 812 4830 nonest
837 4774 1033 4838 malum
1065 4789 1079 4825 ε
1111 4787 1212 4842 age
1237 4773 1346 4829 Deo
1370 4775 1589 4844 gratias,

95 4878 288 4922 ttatur
333 4863 560 4922 malum
602 4864 654 4920 in
702 4865 900 4932 bonum
933 4881 947 4930 _;
979 4864 1066 4920 die
1106 4873 1160 4930 tu
1203 4880 1416 4935 quoque
1456 4867 1597 4924 sicut

110 4958 214 5014 Sit
246 4971 477 5011 nontam
507 4953 714 5014 Domini
735 4955 1046 5018 benedictum
1073 4956 1126 5010 in
1151 4956 1340 5024 swcula
1379 4957 1500 5030 (Job
1540 4959 1593 5014 1.

99 5050 258 5119 Quid
293 5049 478 5112 enim
505 5087 520 5112 ,
551 5045 638 5101 dic
683 5046 812 5106 mihi
838 5089 853 5113 ,
899 5047 1003 5112 tale
1035 5062 1223 5117 passus
1263 5050 1360 5112 es?
1403 5049 1598 5110 invasit

102 5123 161 5201 is
188 5148 217 5200 ἲ
255 5141 380 5199 sed
422 5155 540 5194 non
569 5150 648 5194 est
691 5155 884 5202 novum
916 5155 1014 5195 nec
1047 5141 1313 5208 alienum;
1341 5152 1424 5200 est
1453 5145 1598 5204 enim

114 5249 365 5308 corpus
409 5231 654 5286 mortale
674 5240 725 5285 ct
757 5230 994 5302 patibile.
1024 5233 1092 5286 At
1117 5232 1210 5287 tibi
1237 5233 1448 5291 accedit
1475 5251 1600 5306 ege-

105 5329 360 5385 ecuniae
383 5323 420 5378 τ
457 5320 556 5376 sed
584 5337 645 5376 ea
675 5330 728 5375 ει
765 5321 969 5392 acquiri
999 5333 1051 5378 ει
1085 5324 1259 5386 amitti
1289 5335 1500 5396 potest,
1547 5336 1603 5382 et

107 5431 306 5477 Ianct.
364 5417 460 5472 At
503 5415 595 5469 tibi
637 5414 858 5470 insidias
908 5424 1164 5483 pararunt
1210 5417 1433 5482 inimici.
1463 5427 1520 5474 et
1550 5428 1604 5474 te

111 5505 477 5571 alumniati
501 5503 525 5556 ?
551 5505 645 5560 sed
678 5521 776 5568 nos
813 5506 868 5568 in
894 5505 978 5562 his
1008 5507 1254 5578 injuriatn
1306 5526 1411 5564 non
1450 5525 1602 5566 acce-

113 5645 126 5672 ,
163 5603 283 5658 sed
344 5597 447 5654 illi
503 5596 590 5664 qui
641 5595 881 5650 fecerunt
913 5614 927 5655 :
959 5597 1141 5652 Anima
1179 5599 1358 5667 enim,
1393 5601 1598 5670 inquit,

115 5703 311 5761 εει-αι,
349 5690 506 5756 ipsa
549 5687 790 5740 morietur
831 5685 1043 5754 (Ezech.
1089 5690 1176 5748 18.
1207 5690 1324 5762 20).
1362 5693 1609 5749 Peccavit

137 5803 274 5844 non
307 5782 430 5855 qui
472 5779 618 5833 male
660 5788 742 5832 est
780 5795 967 5848 passus
993 5822 1008 5846 ,
1039 5782 1133 5837 sed
1170 5782 1260 5853 qui
1293 5785 1428 5842 male
1461 5786 1604 5842 fecit.

122 5899 241 5955 rgo
280 5875 402 5951 qui
460 5881 560 5929 cst
595 5881 840 5928 mortuus
872 5888 978 5929 non
1008 5886 1214 5944 Oportet
1257 5879 1438 5935 ulcisci
1468 5924 1480 5948 ,
1513 5881 1606 5937 sed

3121 441 3222 498 458

1636 569 1732 622 pro
1759 569 1826 609 eo
1861 570 2038 620 orare,
2072 563 2132 609 ut
2173 556 2286 624 ipse
2314 569 2344 609 a
2377 563 2550 610 morte
2601 554 2876 612 liberetur.
2904 554 3020 612 Non
3069 556 3221 613 vide-

1637 644 1702 704 tis
1749 644 1890 715 quod
1917 645 2034 713 apis
2063 645 2112 700 in
2152 645 2370 699 stimulo
2413 645 2704 700 moriatur?
2736 647 2836 702 Per
2876 646 2980 702 hoc
3020 648 3220 702 animal

1635 749 1735 796 nos
1760 735 1936 803 erudit
1971 735 2132 800 Deus,
2155 751 2223 790 ne
2253 736 2580 806 propinquos
2612 737 2854 792 molestia
2883 737 3180 794 afficiamus
3205 756 3217 792 :

1637 827 1736 897 ipsi
1765 829 1912 881 enim
1943 827 2090 895 prius
2116 835 2344 880 mortem
2374 828 2691 896 accipimus.
2721 829 2843 884 Illos
2867 831 3080 899 quidem
3116 830 3221 886 fur-

1638 929 1784 972 tasse.
1803 934 1990 986 parum
2013 918 2259 973 molestia
2291 916 2604 986 effecimus;
2637 919 2737 988 ipsi
2764 932 2942 974 autem
2973 938 3076 977 non
3108 941 3224 977 am-

1638 1009 1774 1078 plius
1793 1011 2056 1075 vivemus,
2084 1011 2222 1064 sicut
2246 1024 2346 1063 nec
2368 1009 2498 1064 illud
2519 1011 2739 1065 animal.
2768 1013 2925 1082 Atqm
2947 1013 3220 1083 Scriptura

1638 1100 1690 1164 id
1718 1100 1895 1155 laudat
1925 1101 2130 1164 dicens,
2167 1092 2334 1168 Qbam
2361 1102 2618 1170 oper-atria;
2639 1112 2707 1156 est
2737 1104 2850 1173 opis
2875 1119 2892 1158 :
2914 1107 3064 1172 cujus
3091 1122 3224 1176 Opus

1638 1209 1791 1263 reges
1816 1203 1872 1249 et
1893 1194 2082 1263 privati
2104 1193 2170 1248 ad
2193 1195 2477 1248 sanitatem
2506 1193 2765 1249 adhibent
2793 1213 2804 1246 :
2836 1195 2927 1249 scd
2953 1197 3080 1251 nihil
3104 1212 3222 1251 eam

1639 1287 1868 1356 protegit
1898 1295 1955 1340 ut
1985 1302 2090 1341 non
2133 1287 2392 1341 moriatur
2415 1328 2430 1353 ,
2462 1286 2560 1341 sed
2590 1287 2809 1341 omnino
2842 1297 3026 1356 pereat
3056 1303 3223 1359 opor-

1641 1387 1732 1438 tet.
1763 1378 1817 1434 Si
1848 1393 1965 1433 eam
1993 1388 2172 1434 autem
2215 1379 2352 1433 male
2381 1378 2660 1434 facientem
2701 1393 2808 1433 non
2841 1380 3068 1436 liberant
3097 1383 3227 1436 reli-

1640 1484 1763 1539 qua.
1796 1469 1988 1539 quibus
2020 1470 2297 1540 praecellit,
2327 1471 2498 1526 multo
2523 1475 2693 1542 magis
2722 1488 2838 1527 nos.

1711 1562 1764 1616 5.
1781 1561 2035 1615 Ferarum
2054 1563 2194 1616 enim
2215 1563 2629 1618 smvissimarum
2649 1571 2733 1619 est
2755 1563 2904 1630 illud,
2925 1565 3087 1636 quod,
3104 1580 3225 1621 cum

1643 1653 1819 1706 nullus
1843 1663 1895 1706 te
1924 1653 2114 1722 injuria
2143 1653 2361 1719 alliciat,
2385 1662 2438 1707 tu
2464 1655 2608 1722 prior
2634 1653 2880 1725 injuriam
2905 1656 3096 1722 facias;
3119 1659 3227 1712 imo

1645 1747 1732 1800 ne
1759 1745 1990 1800 ferarum
2036 1746 2252 1815 quidem
2297 1746 2427 1800 illud
2471 1757 2576 1802 est.
2606 1745 2736 1800 Nam
2783 1749 2826 1801 si
2875 1748 2993 1803 illas
3039 1750 3230 1805 siveris

1646 1835 1787 1905 pasci
1812 1837 1868 1890 in
1894 1836 2203 1900 solitudine,
2233 1844 2416 1891 etnon
2448 1839 2499 1901 in
2530 1846 2814 1907 angustum
2832 1839 3087 1895 adductas
3104 1842 3231 1896 adeo

1643 1927 1786 1997 geris
1814 1928 1889 1989 ad
1911 1929 2286 1983 necessitatem
2311 1970 2324 1993 ,
2355 1944 2643 2000 numquam
2682 1939 2734 1985 te
2774 1932 2970 1987 lmdent
2992 1974 3008 2000 ,
3057 1949 3231 2004 neque

1645 2020 1936 2085 accedent,
1981 2035 2154 2091 neque
2200 2021 2559 2087 mordebunt,
2609 2023 2705 2079 sed
2755 2025 2892 2078 viam
2933 2040 3084 2080 suam
3135 2029 3232 2080 ab.

1649 2112 1800 2168 ibunt
1830 2129 1843 2165 :
1877 2120 1932 2168 tu
1965 2123 2141 2167 autem
2167 2153 2182 2178 ,
2209 2128 2328 2167 eum
2373 2115 2447 2168 sis
2493 2114 2656 2170 homo
2705 2117 2911 2171 ratione
2954 2118 3241 2188 pra-ditus,

1651 2211 1903 2272 tantoque
1935 2203 2185 2272 imperio,
2221 2203 2426 2260 honore
2453 2215 2506 2260 et
2534 2205 2702 2275 gloria
2733 2215 2973 2274 ornatus,
3009 2225 3074 2261 ne
3096 2209 3237 2263 foras

1651 2295 1869 2364 quidem
1896 2295 2120 2349 imitaris
2148 2296 2200 2349 in
2231 2311 2324 2350 eos
2355 2297 2442 2366 qui
2475 2307 2600 2350 sunt
2629 2297 2870 2367 ejusdem
2903 2302 3114 2368 generis
3140 2342 3155 2365 ,
3188 2312 3241 2355 et

1656 2389 1870 2441 tratrem
1900 2385 2095 2454 injuria
2123 2385 2297 2442 afﬁcis
2325 2398 2383 2442 et
2409 2389 2638 2442 εκεᾱίεὲ
2680 2389 2745 2442 Et
2773 2392 3044 2459 quomodo
3071 2401 3120 2445 te
3148 2407 3243 2461 po-

1657 2482 1785 2535 teris
1823 2481 2159 2539 defendere?
2205 2495 2310 2535 non
2351 2481 2503 2536 audis
2533 2481 2752 2536 Paulum
2794 2483 3058 2537 dicentem
3095 2501 3107 2537 :
3140 2484 3246 2538 Cur

1657 2588 1756 2625 non
1788 2573 1955 2642 potius
1995 2573 2243 2640 injuriam
2277 2571 2544 2642 accipitis?
2581 2588 2738 2642 quare
2779 2588 2878 2626 non
2909 2577 3068 2642 magis
3098 2576 3243 2646 frau-

1659 2667 1772 2718 dem
1800 2664 2034 2736 patimini
2059 2665 2084 2718 2
2113 2664 2218 2718 Sed
2239 2680 2324 2716 vos
2349 2665 2592 2734 injurimn
2613 2665 2780 2732 facitis
2801 2674 2844 2717 et
2869 2667 3120 2735 fraudatis
3151 2681 3168 2721 :
3193 2677 3239 2721 et

1661 2760 1756 2813 hoc
1782 2758 2026 2828 fratribus
2058 2757 2134 2825 (ιι.
2177 2755 2297 2812 Cor.
2330 2758 2382 2811 6.
2415 2757 2467 2809 7.
2497 2757 2577 2825 8).
2630 2755 2791 2811 Vides
2819 2757 2960 2826 quod
3008 2757 3058 2811 in
3108 2759 3246 2812 male

1663 2849 1904 2904 faciundo
1931 2849 2000 2902 sit
2025 2848 2162 2902 unde
2190 2847 2296 2916 pati
2325 2889 2340 2914 ,
2383 2856 2437 2900 et
2467 2847 2518 2900 in
2548 2847 2686 2902 male
2718 2847 2966 2916 patiendo
2991 2849 3248 2904 beneﬁcio

1661 2942 1846 2997 afﬁci?
1886 2941 2046 3006 Nam,
2078 2941 2166 2995 die
2191 2955 2404 3010 quaeso,
2439 2942 2482 2994 si
2514 2941 2632 3010 quis
2659 2942 2945 2996 maledicto
2974 2952 3252 3012 appeteret

1665 3034 2028 3104 magistratus,
2061 3033 2104 3086 si
2135 3033 2256 3102 quis
2285 3033 2608 3086 contumelia
2644 3033 2880 3088 afficeret
2912 3050 3004 3087 eos
3032 3035 3121 3104 qui
3150 3035 3248 3088 do-

1667 3126 1926 3182 minatum
1955 3124 2216 3188 obtinent,
2251 3124 2460 3178 cuinam
2491 3123 2614 3177 facit
2640 3124 2928 3192 iniuriam?
2961 3126 3153 3190 sibine,
3185 3142 3252 3182 an

1669 3217 1812 3272 illis?
1844 3217 1938 3270 Est
1963 3215 2300 3286 perspicuum
2330 3215 2471 3284 quod
2499 3215 2600 3269 sibi
2627 3216 2804 3270 faciat.
2839 3215 2987 3272 Itane
3017 3217 3107 3287 qui
3137 3235 3253 3272 ma-

1670 3311 1946 3382 gistratum
1974 3309 2188 3378 quidem
2220 3307 2384 3362 afﬁcit
2413 3309 2732 3363 contumelia
2751 3350 2765 3374 ,
2799 3325 2907 3364 non
2938 3310 3086 3366 illum
3111 3352 3128 3378 ,
3159 3312 3255 3366 sed

1673 3404 1906 3472 seipsum
1932 3401 2257 3457 contumelia
2284 3400 2480 3464 afﬁcit;
2509 3401 2598 3470 qui
2621 3403 2797 3456 autem
2825 3401 3097 3458 hominem
3123 3419 3257 3459 con-

1677 3493 1892 3547 tumelia
1918 3491 2125 3557 afﬁcit,
2155 3491 2209 3546 in
2247 3491 2364 3559 ipso
2389 3490 2660 3545 Christum
2705 3507 2815 3546 non
2858 3491 3024 3548 afﬁcit
3073 3506 3261 3550 contu—

1678 3582 1874 3638 melia?
1905 3581 2270 3651 Nequaquam,
2301 3580 2490 3650 inquit.
2521 3581 2656 3649 Quid
2682 3581 2856 3637 dicis?
2881 3583 2971 3654 qui
3004 3586 3262 3655 imagines

1681 3672 2022 3744 Imperatoris
2049 3672 2252 3742 appetit
2277 3672 2543 3742 lapidibus
2563 3714 2578 3738 ,
2608 3686 2868 3743 quosnam
2897 3679 3099 3746 appetit
3129 3679 3264 3749 lapi-

1680 3765 1876 3822 dibus?
1903 3778 2082 3818 annon
2110 3763 2382 3833 seipsum?
2406 3763 2462 3819 Si
2490 3764 2534 3818 is
2557 3764 2648 3833 qui
2669 3765 2809 3834 regis
2837 3769 3105 3824 terrestris
3133 3770 3266 3825 ima-

1683 3859 1860 3930 ginem
1892 3855 2157 3926 lapidibus
2184 3856 2423 3924 appetit,
2455 3856 2690 3925 seipsum
2721 3860 2924 3927 appetit
2953 3860 3219 3929 lapidibus
3250 3879 3265 3917 :

1684 3949 1998 4022 quiChristi
2031 3957 2211 4004 autem
2260 3947 2544 4017 imaginem
2587 3949 2908 4004 contumelia
2955 3950 3271 4025 afﬁcit(cst

1686 4043 1830 4097 enim
1861 4040 2022 4096 homo
2051 4041 2143 4094 Dei
2169 4037 2386 4110 imago),
2416 4053 2523 4092 non
2555 4041 2790 4111 seipsum
2833 4042 2998 4096 afﬁcit
3034 4043 3272 4112 injuria?

1688 4130 1951 4200 Quamdiu
1983 4129 2235 4200 pecunias
2261 4129 2733 4190 amabimus‘i'non
2762 4130 2902 4186 enim
2930 4135 3155 4189 cessabo
3179 4135 3274 4190 ad-

1689 4237 1877 4278 versus
1901 4236 1993 4278 eas
2020 4220 2255 4284 clamare
2282 4237 2295 4273 :
2325 4220 2410 4278 hae
2435 4222 2578 4276 enim
2609 4230 2728 4275 sunt
2750 4223 3011 4278 malorum
3033 4225 3271 4280 omnium

1691 4330 1884 4378 causa.
1918 4316 2208 4382 Quousque
2253 4311 2395 4365 nulla
2446 4325 2544 4365 nos
2591 4312 2735 4381 capit
2784 4313 3002 4368 satietas
3033 4314 3273 4383 inexple-

1693 4407 1818 4463 bilis
1853 4405 2014 4474 ltujus
2042 4402 2389 4473 cupiditatis?
2418 4401 2670 4472 quidnam
2703 4402 2912 4472 pulchri
2953 4402 3148 4461 bonive
3177 4405 3273 4460 ha-

1695 4499 1785 4563 bet
1807 4499 2031 4553 aurum?
2057 4496 2225 4551 Totus
2261 4495 2418 4564 plane
2444 4503 2636 4564 stupeo
2667 4515 2681 4547 :
2712 4495 2814 4550 hoc
2852 4496 3006 4566 plane
3033 4498 3275 4567 qumdam

1697 4602 1822 4648 sunt
1847 4589 2150 4660 praestigiae,
2188 4601 2376 4641 aurum
2406 4596 2459 4642 et
2498 4598 2776 4658 argentum
2807 4604 2836 4642 a
2871 4590 3096 4646 nobisin
3129 4598 3278 4647 tanto

1698 4685 1906 4741 honore
1932 4682 2137 4736 haberi.
2171 4682 2343 4749 Atque
2371 4679 2667 4735 animarum
2707 4681 2922 4751 quidem
2969 4692 3276 4740 nostrarum

1699 4793 1799 4834 nos
1827 4777 2024 4832 nullam
2055 4773 2311 4827 habemus
2335 4771 2618 4837 rationem,
2647 4773 2911 4829 inanimas
2935 4785 3112 4832 autem
3145 4777 3283 4833 ima-

1700 4873 1853 4941 gines
1879 4866 2031 4921 valde
2073 4863 2321 4920 colimus.
2355 4863 2633 4919 Undeuam
2672 4865 2857 4921 orbem
2891 4875 3046 4921 terra:
3089 4868 3284 4923 invasit

1703 4961 1792 5017 hic
1818 4957 2074 5014 morbus?
2101 4956 2220 5027 quis
2246 4970 2368 5010 eum
2399 4956 2593 5024 poterit
2611 4956 3014 5012 exterminare?
3037 4975 3283 5028 quamam

1706 5055 1844 5110 ratio
1872 5052 2156 5106 immanem
2187 5047 2322 5101 hanc
2358 5047 2589 5102 belluam
2625 5047 2944 5102 exscindere
2989 5058 3045 5103 ct
3076 5051 3282 5117 penitus

1706 5143 1888 5200 delere
1919 5139 2152 5210 poterit?
2181 5139 2340 5192 Insita
2380 5146 2463 5192 est
2490 5137 2543 5190 in
2587 5137 2783 5191 animis
2827 5137 3103 5192 hominum
3131 5142 3283 5209 cupi-

1707 5236 1866 5301 ditas,
1891 5235 2052 5289 etiam
2078 5247 2262 5287 eorum
2290 5231 2380 5301 qui
2408 5230 2656 5285 videntur
2691 5244 2812 5286 esse
2839 5231 2907 5300 pii
2938 5246 3002 5286 ac
3029 5233 3286 5301 religiosi.

1710 5327 2150 5398 Evangelicorum
2183 5339 2279 5378 nos
2308 5322 2503 5394 pudeat
2530 5331 2918 5392 praeceptorum
2950 5341 2965 5376 :
2995 5326 3158 5378 verba
3183 5327 3286 5378 sita

1710 5429 1835 5476 sunt
1857 5417 2027 5473 solum
2053 5416 2104 5470 in
2129 5413 2424 5482 Scriptura,
2455 5412 2606 5466 factis
2625 5422 2806 5466 autem
2837 5427 3096 5483 nusquam
3124 5429 3290 5484 appa.

1711 5520 1854 5567 rent.
1885 5508 1990 5569 Sed
2015 5505 2142 5577 quid
2163 5506 2406 5574 speciose
2425 5503 2621 5558 dicitur
2645 5519 2673 5557 a
2703 5504 2886 5558 multis
2905 5505 2929 5557 ?
2949 5505 3132 5560 llabeo
3157 5548 3170 5568 ,
3203 5507 3286 5560 in-

1713 5606 1848 5673 quit,
1882 5602 2037 5667 ﬁlios,
2070 5607 2126 5653 ει
2154 5607 2334 5651 metuo
2360 5612 2426 5650 ne
2452 5597 2567 5664 ipse
2593 5597 2801 5649 veniam
2835 5597 2886 5650 in
2916 5599 3289 5652 neceSsitatctu

1716 5697 1870 5752 famis
1893 5703 1947 5748 et
1976 5692 2249 5761 egestatis,
2280 5704 2347 5744 ne
2377 5689 2495 5742 aliis
2523 5702 2706 5756 egeam
2738 5704 2750 5741 :
2783 5689 2943 5758 pudet
2972 5706 3057 5744 me
3089 5694 3291 5746 tuendi-

1716 5806 1858 5845 care.
1903 5788 2189 5855 Propterea
2219 5800 2346 5852 ergo
2375 5782 2506 5836 facis
2552 5792 2606 5833 ut
2649 5782 2734 5835 alii
2785 5784 3134 5839 tneudit‘ont?
3180 5786 3292 5839 Non

1721 5897 1958 5949 possunt,
2008 5878 2204 5947 inquit,
2236 5875 2458 5932 esurire.
2509 5875 2794 5943 Propterea
2837 5879 2972 5933 alios
3017 5879 3066 5933 in
3105 5878 3292 5933 fantem
