3964 6508
566 448 668 505 4-39

566 559 824 631 conjicis?
849 559 965 615 Scis
994 570 1150 627 quam
1178 567 1337 624 grave
1366 553 1436 607 sit
1456 550 1784 616 mendicare,
1809 564 1967 619 quam
1988 559 2151 619 grave

569 653 706 706 fame
729 648 944 719 perire?
971 661 1129 716 parce
1154 643 1407 699 fratribus
1440 642 1565 719 tuis.
1596 640 1674 696 Te
1721 638 1885 709 pudet
1921 638 2149 703 esurire,

567 744 599 796 ti
624 756 653 795 c
678 740 829 803 mihi,
851 752 949 791 nec
982 745 1033 790 te
1055 734 1217 804 pudet
1242 735 1472 802 rapere?
1500 732 1656 787 times
1677 746 1744 786 ne
1772 728 1913 785 fame
1941 742 2150 798 pereas,

570 833 704 886 alios
726 838 902 883 autem
935 841 1040 881 non
1062 825 1266 881 vereris
1297 822 1596 893 perimere?
1619 821 1779 891 Atqui
1805 820 2011 876 esurire
2037 819 2154 888 qui-

568 924 692 978 dem
736 934 835 974 nec
861 918 1120 987 probrum
1163 915 1324 969 habet
1367 928 1465 968 nec
1493 914 1739 975 crimen;
1785 913 1837 966 in
1875 925 1939 965 ea
1978 919 2153 962 autem

570 1015 702 1067 alios
734 1010 1019 1081 conjicere,
1049 1023 1153 1061 non
1184 1006 1354 1062 solum
1385 1004 1537 1058 affert
1567 1004 1840 1072 probrum,
1873 999 1968 1056 sed
1996 999 2157 1054 etiam

575 1104 818 1157 ultimum
868 1098 1209 1169 supplicium.
1258 1097 1384 1151 Haec
1434 1095 1612 1148 omnia
1666 1102 1791 1148 sunt
1833 1098 2156 1162 praetextas,

575 1196 733 1249 verba
764 1202 816 1247 et
848 1206 1019 1261 nugae.
1063 1190 1195 1245 Nam
1226 1188 1369 1259 quod
1412 1186 1641 1241 ﬁliorum
1684 1199 1846 1239 causa
1896 1183 2011 1237 haec
2052 1198 2159 1236 non

578 1286 806 1351 faciatis,
841 1291 1105 1339 testantur
1126 1281 1215 1351 qui
1250 1279 1389 1333 ﬁlios
1411 1277 1627 1347 quidem
1658 1290 1763 1329 non
1792 1274 2027 1337 habent,
2064 1286 2163 1326 nec

580 1378 868 1439 habebunt,
900 1390 1003 1429 non
1029 1388 1183 1427 secus
1212 1380 1387 1426 tamen
1410 1377 1670 1424 vexantur
1685 1376 1738 1422 et
1761 1366 1957 1421 misere
1979 1372 2163 1434 agunt,

578 1478 632 1523 et
663 1475 836 1522 tantas
862 1464 1291 1534 complectuntur
1320 1460 1533 1516 divitias
1559 1499 1574 1525 ,
1628 1465 1856 1527 quantas
1887 1456 1931 1510 si
1959 1470 2051 1510 eas
2082 1470 2168 1509 re-

582 1559 752 1615 li'cturi
784 1564 966 1613 essent
992 1554 1138 1610 mille
1168 1552 1313 1608 ﬁliis.
1341 1550 1457 1606 Non
1484 1560 1568 1605 est
1597 1547 1901 1602 sollicitudo
1926 1546 1993 1601 de
2022 1544 2165 1611 ﬁliis,

580 1667 698 1721 qua:
743 1648 920 1705 reddit
969 1646 1209 1716 pecunia:
1261 1642 1517 1707 avidum,
1573 1639 1668 1695 sed
1722 1640 1942 1694 morbus
1981 1637 2166 1692 animi.

584 1742 873 1812 PrOpterea
901 1747 955 1795 et
975 1737 1127 1793 multi
1149 1736 1239 1807 qui
1265 1749 1370 1789 nou
1400 1733 1600 1789 habent
1630 1731 1789 1796 ﬁlios,
1820 1731 2066 1786 laborant
2086 1730 2171 1785 in-

582 1848 714 1888 sano
740 1845 925 1888 amore
952 1829 1191 1899 pecuniae
1222 1843 1237 1880 :
1268 1825 1360 1881 alii
1390 1834 1568 1880 autem
1599 1836 1937 1879 numerosam
1966 1821 2173 1877 haben-

585 1940 666 1983 tes
686 1924 947 1987 sobolem,
971 1922 1132 1978 etiam
1152 1934 1285 1991 quas
1311 1918 1513 1974 habent
1533 1917 1814 1972 iacultates
1834 1914 2135 1985 despiciunt
2157 1932 2173 1971 :

585 2019 660 2073 illi
684 2018 736 2071 in
769 2015 861 2070 illo
887 2014 975 2069 die
1005 2023 1057 2067 te
1083 2010 1432 2067 accusabunt.
1460 2007 1593 2064 Nam
1633 2009 1677 2063 si
1720 2014 2091 2077 susceptorum
2114 2004 2177 2059 ﬁ-

586 2110 781 2164 liorum
804 2103 1096 2159 necessitas
1108 2102 1212 2155 vim
1231 2099 1445 2155 aﬂerret
1466 2098 1533 2154 ad
1551 2097 1880 2168 colligendas
1898 2095 2175 2167 pecunias,

588 2207 862 2270 Oporteret
893 2197 1015 2251 illos
1040 2195 1179 2249 idem
1212 2192 1411 2247 habere
1437 2189 1787 2254 desiderium,
1811 2187 2057 2243 eamdem
2084 2201 2179 2243 cu-

590 2290 897 2360 piditatem:
923 2287 969 2341 si
996 2295 1176 2341 autem
1200 2298 1305 2340 non
1328 2282 1608 2346 habemus,
1642 2280 1887 2343 furimus,
1914 2293 2020 2333 non
2054 2292 2179 2349 pro-

589 2394 709 2455 pter
736 2381 968 2436 ﬁliorum
1000 2377 1424 2441 multitudinem,
1452 2373 1546 2429 sed
1576 2383 1795 2443 propter
1822 2372 2098 2425 avaritiam
2125 2379 2182 2425 et

593 2475 831 2543 pecuniae
852 2470 1222 2542 cupiditatem.
1242 2469 1309 2523 Et
1331 2468 1549 2538 quinam
1570 2472 1717 2532 sunt,
1737 2464 1927 2535 inquit,
1947 2465 2036 2534 qui
2057 2478 2179 2518 cum

595 2569 719 2622 ﬁliis
766 2567 1017 2636 pecunias
1050 2562 1390 2633 despiciunt?
1419 2560 1612 2627 Multi,
1657 2568 1713 2615 et
1753 2558 1965 2614 crebro.
2012 2558 2068 2613 Si
2103 2558 2183 2612 vis

593 2670 792 2722 autem,
821 2657 994 2712 dicam
1022 2655 1184 2710 etiam
1214 2653 1280 2707 de
1324 2652 1613 2707 veteribus.
1658 2652 1853 2706 Annon
1891 2649 2055 2705 Jacob
2084 2650 2182 2702 ha-

595 2752 708 2807 buit
735 2748 1019 2804 duodecim
1068 2746 1244 2801 ﬁlios?
1275 2760 1454 2799 annon
1482 2744 1644 2798 vitam
1689 2742 1799 2813 egit
1824 2739 2184 2797 mercenarii?

594 2858 772 2897 annon
805 2840 995 2910 injuria
1031 2836 1412 2892 afliciebatura
1434 2834 1665 2891 socero?
1692 2849 1818 2888 num
1862 2848 2086 2904 magnus
2120 2832 2185 2887 li-

598 2937 851 2991 berorum
892 2946 1151 2987 numerus
1198 2930 1376 2999 coegit
1415 2943 1538 2983 eum
1580 2935 1640 2981 ut
1665 2925 1807 2996 quod
1845 2939 1953 2980 non
2002 2924 2187 2980 debuit

595 3036 813 3098 caperet
841 3023 1166 3081 consilium?
1196 3021 1331 3090 Quid
1363 3035 1493 3076 vero
1523 3018 1832 3074 Abraham?
1855 3032 2033 3073 annon
2061 3031 2183 3071 cum

598 3121 745 3177 Isaac
775 3120 911 3174 alios
936 3131 1152 3188 quoque
1179 3115 1375 3169 multos
1416 3112 1603 3168 habuit
1645 3110 1823 3167 ﬁlios?
1851 3110 1981 3179 quid
2018 3110 2185 3180 ergo?

596 3228 774 3268 annon
805 3226 867 3268 ea
896 3226 1015 3280 quae
1046 3206 1274 3263 habebat
1301 3203 1599 3274 peregrinis
1643 3200 1994 3272 possidebat?
2030 3200 2187 3255 Vides

598 3305 740 3375 quod
760 3319 865 3358 non
890 3301 1065 3357 solum
1092 3298 1339 3368 iujuriam
1364 3311 1469 3350 non
1497 3294 1744 3359 faciebat,
1767 3293 1862 3349 sed
1885 3293 1999 3348 suis
2024 3293 2186 3348 etiam

600 3399 756 3453 bonis
784 3395 1033 3459 cedebat,
1083 3407 1189 3447 non
1234 3390 1411 3445 solum
1439 3389 1579 3445 bene
1610 3388 1815 3444 faciens
1838 3429 1854 3455 ,
1887 3388 1983 3443 sed
2021 3388 2185 3443 etiam

601 3503 695 3544 sua
720 3496 913 3556 sponte
942 3483 1134 3553 injuria
1162 3480 1388 3536 affectus
1419 3494 1449 3533 a
1483 3478 1595 3535 ﬁlio
1624 3479 1803 3535 fratris
1827 3479 1851 3532 ?
1879 3478 2012 3535 Nam
2059 3493 2187 3549 pro-

602 3596 720 3655 pter
757 3583 923 3638 Deum
952 3580 1090 3634 ferre
1115 3619 1130 3644 ,
1177 3576 1303 3631 dum
1333 3585 1421 3631 tua
1455 3574 1548 3630 tibi
1588 3575 1889 3646 rapiuntur,
1914 3574 2081 3629 multo
2107 3580 2191 3630 est

602 3677 774 3746 majus
800 3688 960 3744 quam
1006 3670 1147 3725 bene
1192 3667 1388 3724 facere.
1418 3666 1635 3735 Quare?
1663 3664 1796 3721 Nam
1826 3665 1930 3721 hoc
1972 3665 2187 3737 quidem

601 3778 686 3822 est
716 3766 919 3820 fructus
965 3760 1129 3816 animi
1159 3769 1215 3815 et
1261 3759 1416 3814 liberi
1448 3756 1696 3822 arbitrii;
1748 3755 1892 3811 unde
1941 3756 2102 3812 etiam
2131 3754 2191 3810 ﬁt

605 3860 757 3915 iaciie
792 3875 805 3911 :
832 3854 961 3910 illud
992 3868 1123 3908 vero
1146 3863 1229 3907 est
1260 3851 1494 3906 insultas
1520 3859 1576 3905 et
1602 3848 1877 3912 violentia,
1904 3858 1959 3904 et
1981 3847 2190 3903 facilius

605 3947 868 4019 quispiam
899 3959 995 3999 sua
1023 3951 1218 4012 sponte
1256 3940 1440 3996 decies
1467 3940 1615 3995 mille
1636 3938 1945 4009 prodegerit
1967 3939 2187 4008 talenta,

606 4051 661 4097 ct
685 4034 1019 4095 existimabit
1050 4049 1111 4089 se
1158 4032 1291 4087 nihil
1316 4046 1482 4101 grave
1520 4045 1642 4087 esse
1667 4045 1885 4100 passum
1909 4070 1925 4095 ,
1955 4043 2116 4100 quam
2143 4030 2191 4085 si

607 4134 658 4188 ci
678 4131 843 4186 invito
865 4127 1007 4199 rapti
1031 4114 1379 4200 fueriut'tres
1400 4122 1568 4186 oboli,
1591 4122 1798 4192 placide
1820 4122 1975 4177 feret.
1995 4122 2193 4191 Quam-

607 4224 793 4278 obrem
843 4221 946 4274 huc
988 4226 1071 4274 est
1101 4216 1271 4287 magis
1299 4214 1494 4269 animae
1536 4213 1904 4284 pliilOSOphia.
1936 4213 2052 4269 Hoc
2090 4228 2191 4268 au-

606 4329 715 4373 tem
758 4313 1007 4371 videmus
1053 4309 1361 4366 Abrahamo
1408 4306 1726 4361 usuvenisse
1776 4322 1791 4361 :
1853 4305 1987 4362 Vidit
2022 4308 2190 4373 enim,

609 4408 800 4479 inquit,
833 4405 931 4461 Lat
953 4401 1284 4459 circumcirca
1309 4399 1463 4453 sitam
1491 4397 1782 4469 regionem,
1814 4408 1860 4452 et
1886 4398 2196 4470 irrigabatur

608 4505 737 4559 sicut
766 4499 1036 4571 paradisus
1062 4495 1158 4548 Dei
1184 4535 1199 4561 ,
1228 4501 1274 4548 et
1300 4508 1411 4546 eam
1436 4491 1585 4561 elegit
1615 4488 1783 4563 (Gen.
1826 4491 1913 4546 15.
1949 4491 2036 4547 10.
2079 4491 2193 4556 Η).

613 4596 706 4648 llle
732 4601 911 4646 autem
940 4603 1045 4642 non
1080 4583 1429 4641 contradixit.
1474 4581 1637 4637 Vides
1681 4581 1825 4652 quod
1866 4597 1971 4637 non
2018 4584 2193 4639 solum

615 4700 723 4740 non
746 4681 973 4737 faciebat
996 4676 1270 4747 injuriam,
1298 4674 1393 4730 sed
1420 4674 1584 4730 etiam
1617 4673 1810 4743 injuria
1837 4674 2195 4731 afﬁciebatur?

612 4774 751 4843 Quid
779 4782 899 4826 tuos
948 4769 1088 4823 ﬁlios
1131 4781 1355 4821 accusas
1380 4807 1395 4831 ,
1456 4781 1489 4820 ο
1538 4765 1735 4819 homo?
1764 4764 1879 4821 Non
1911 4775 2195 4835 pr0pterea

614 4866 769 4920 nobis
795 4867 934 4917 Deus
961 4858 1109 4915 dedit
1134 4858 1295 4921 ﬁlios,
1325 4866 1382 4912 ut
1410 4858 1584 4912 aliena
1616 4871 1949 4927 raperemus.
1970 4858 2105 4914 Vide
2127 4875 2196 4915 ne

617 4957 718 5013 hoc
745 4953 929 5008 dicens
961 4951 1128 5006 Deum
1164 4948 1367 5003 irrites.
1412 4947 1545 5003 Nam
1586 4948 1630 5003 si
1671 4949 1808 5004 dicis
1835 4965 1930 5005 eos
1953 4966 2075 5007 esse
2100 4952 2196 5008 tibi

613 5058 864 5103 auctores
893 5056 947 5101 et
985 5057 1177 5099 causas
1204 5041 1408 5112 rapina:
1437 5051 1491 5096 et
1525 5043 1762 5097 avaritiae
1780 5085 1795 5108 ,
1832 5043 1996 5098 timeo
2023 5059 2091 5099 ne
2117 5045 2195 5101 eis

616 5140 865 5213 priveris,
890 5148 951 5193 ut
972 5137 1065 5209 qui
1088 5136 1284 5191 laedant
1308 5144 1362 5190 et
1387 5133 1727 5190 insidientur.
1758 5135 1903 5190 Deus
1926 5135 2075 5191 dedit
2100 5138 2194 5194 tibi

613 5233 755 5288 ﬁlios
780 5239 838 5285 ut
864 5231 940 5286 tui
965 5242 1148 5284 curam
1173 5235 1365 5298 gerant
1398 5225 1451 5281 in
1475 5234 1771 5293 senectute,
1799 5235 1858 5281 ut
1886 5226 2139 5283 virtutem
2164 5243 2195 5282 a

612 5337 667 5383 te
694 5326 923 5381 discant.

566 5488 567 5491 η
683 5422 737 5476 4.
778 5419 911 5474 Nam
941 5424 1223 5488 propterea
1248 5424 1418 5484 genus
1445 5408 1720 5465 hominum
1757 5409 1828 5464 ita
1858 5409 2000 5467 Deus
2026 5412 2196 5467 voluit

570 5490 585 5510 ⁴
613 5513 934 5576 consiStere,
982 5507 1088 5563 duo
1132 5505 1363 5560 maxima
1408 5514 1716 5571 apparatis:
1751 5516 1913 5555 unum
1956 5502 2192 5572 quidem,

610 5613 791 5672 patres
838 5600 1123 5670 magistros
1159 5606 1214 5652 et
1254 5596 1503 5650 doctores
1543 5592 1917 5658 constituens;
1968 5594 2194 5649 alterum

612 5705 813 5757 autem,
868 5705 1113 5759 magnam
1157 5690 1478 5760 iugenerans
1533 5686 1896 5742 dilectionem.
1951 5688 2007 5742 Si
2052 5688 2194 5743 enim

614 5796 817 5838 temere
848 5784 1191 5854 gignerentur
1220 5782 1488 5847 homines,
1516 5779 1698 5835 nullus
1737 5779 1999 5836 adversus
2033 5782 2194 5837 alium

613 5876 861 5935 aitet-tum
894 5875 1133 5932 haberet.
1176 5875 1309 5931 Nam
1346 5877 1392 5932 si
1432 5889 1573 5932 nunc
1614 5896 1737 5937 cum
1784 5878 1888 5933 sint
1918 5888 2096 5950 patres
2143 5890 2195 5935 et

1356 440 1415 497 S.
1454 436 1732 494 JOANNIS
1765 433 2236 492 CIIRYSOSTOMI
2285 434 2601 490 ARCHIEP.
2643 435 3179 495 CONSTANTINOP.
3695 452 3766 509 ιω

2263 543 2356 599 ﬁlii
2382 555 2434 601 et
2459 557 2707 615 nepotes,
2733 548 2883 602 multi
2910 549 3105 605 multos
3126 565 3231 605 non
3254 563 3456 651 curapt.
3481 555 3630 612 multo
3647 565 3766 632 magis

2258 649 2400 694 tunc.
2424 638 2712 709 Propterea
2740 641 2875 695 ﬁlios
2900 641 2993 697 tibi
3026 642 3172 698 dedit
3200 645 3337 700 Deus
3364 638 3455 701 “ire
3474 664 3662 705 accuses
3677 670 3766 724 ergo

2258 733 2417 787 ﬁlios.
2436 731 2491 787 Si
2514 742 2690 786 autem
2710 734 2744 787 ii
2764 732 2955 803 quibus
2973 745 3097 789 sunt
3113 735 3225 800 ﬁlii,
3246 738 3435 792 nullam
3453 740 3766 800 habeutdeicn-

2256 825 2464 878 sionem
2495 833 2550 879 et
2577 827 2996 892 excusationem,
3024 828 3059 881 ii
3090 829 3178 899 qui
3207 830 3378 885 nullos
3401 831 3600 899 habent,
3623 848 3665 889 et
3685 852 3768 891 cru-

2259 916 2468 970 ciantur
2484 917 2535 969 in
2549 915 2862 986 colligendis
2884 917 3102 981 divitiis,
3125 919 3374 988 quidnam
3396 921 3699 991 habentun
3711 928 3769 982 di-

2261 1006 2428 1061 cant?
2467 1005 2574 1061 Sed
2601 1006 2634 1060 ii
2663 1022 2877 1077 quoque
2907 1008 3331 1082 dicunt'aliquid
3366 1012 3501 1081 quod
3524 1026 3647 1069 caret
3669 1021 3769 1072 omni

2263 1097 2593 1153 defensione.
2610 1098 2873 1166 Quidnam
2887 1110 3062 1156 autem
3081 1100 3180 1157 hoc
3190 1103 3387 1159 estYUt
3399 1121 3488 1172 pro
3501 1105 3620 1169 ﬁliis,
3637 1108 3770 1179 inquit,

2267 1190 2650 1244 monimentum
2682 1190 2972 1247 habeamus
2997 1192 3226 1250 divitias.
3259 1195 3424 1251 Plane
3452 1212 3533 1252 res
3568 1211 3638 1254 est
3665 1202 3772 1258 valde

2268 1281 2509 1336 ridicula.
2535 1282 2639 1337 Pro
2666 1283 2809 1351 ﬁliis,
2836 1285 3027 1355 inquit,
3056 1286 3247 1342 domus
3270 1290 3371 1343 erit
3401 1289 3677 1346 immortalis
3695 1309 3771 1349 me-

2270 1376 2438 1426 moria
2486 1372 2673 1443 gloriaa
2712 1390 2866 1431 mem.
2910 1375 3027 1431 Non
3063 1385 3167 1432 ture
3200 1379 3421 1448 gloria,
3460 1393 3492 1434 ο
3520 1379 3680 1447 homo,
3711 1386 3774 1437 sed

2272 1472 2377 1517 ture
2405 1464 2641 1519 avaritiae
2666 1466 2769 1520 erit
2797 1467 3076 1522 memoria.
3101 1467 3215 1525 Non
3241 1469 3392 1524 vides
3416 1472 3654 1539 quomodo
3678 1489 3775 1528 nunc

2274 1555 2426 1609 multi
2461 1556 2750 1624 pneclaras
2788 1557 2980 1613 domos
3017 1560 3280 1615 obeuntes
3327 1560 3444 1616 hmc
3486 1561 3645 1617 dicunt
3681 1564 3776 1620 inter

2274 1662 2334 1702 se
2367 1665 2379 1700 :
2412 1648 2582 1713 Quam
2610 1650 2775 1704 multa
2808 1650 2909 1705 iste
2935 1652 3137 1707 nefarie
3178 1652 3628 1708 circumvenieudo
3650 1658 3777 1725 acqui-

2274 1737 2421 1801 sivit,
2448 1754 2608 1808 quam
2640 1740 2803 1795 multa
2830 1745 3004 1811 rapuit
3032 1750 3091 1796 ut
3115 1742 3254 1798 hanc
3282 1743 3500 1800 domum
3524 1747 3776 1803 aediﬁcaret?

2277 1836 2334 1883 et
2357 1843 2500 1883 nunc
2526 1830 2614 1884 ille
2648 1829 2865 1900 quidem
2903 1830 3074 1887 factus
3117 1843 3202 1889 est
3232 1835 3408 1902 pulvis
3435 1846 3487 1890 et
3526 1838 3671 1903 cinis;
3703 1841 3776 1908 ipsa

2281 1934 2409 1975 vero
2436 1919 2759 1976 hereditaria
2788 1932 2936 1979 sorte
2960 1924 3049 1978 alii
3080 1925 3287 1996 obtigit.
3321 1926 3439 1981 Non
3469 1940 3563 1982 tua!
3588 1945 3690 2000 ergo
3705 1932 3778 2002 glu-

2278 2010 2393 2077 riae,
2442 2010 2537 2066 sed
2582 2012 2821 2067 avaritize
2872 2013 3133 2084 relinquis
3175 2019 3510 2074 memoriam.
3559 2020 3617 2075 Et
3644 2037 3778 2090 corpus

2279 2102 2493 2172 quidem
2540 2112 2687 2157 tuum
2729 2104 2876 2159 humi
2913 2114 2991 2161 est
3037 2106 3353 2175 conditum;
3405 2112 3622 2167 avaritia:
3657 2125 3779 2168 autem

2280 2195 2613 2260 memoriam,
2638 2210 2756 2265 qua;
2777 2195 3127 2254 diuturnitate
3155 2199 3415 2270 temporis
3444 2201 3598 2258 latere
3619 2213 3780 2271 potent,

2282 2300 2387 2340 non
2436 2287 2589 2352 sinis,
2621 2287 2715 2342 sed
2744 2297 2801 2342 ut
2850 2298 3069 2343 eruatur
3112 2300 3167 2346 et
3195 2291 3483 2348 eﬁ‘odiatur
3522 2310 3607 2363 per
3629 2295 3781 2351 domum

2282 2376 2473 2432 efﬁcis.
2507 2379 2771 2445 Quamdiu
2802 2380 2946 2434 enim
2974 2396 3035 2436 ea
3064 2386 3271 2438 steterit
3312 2398 3345 2438 a
3396 2395 3448 2439 te
3474 2384 3651 2442 habens
3672 2389 3783 2442 deno-

2284 2467 2649 2533 minatiouem,
2682 2481 2736 2543 et
2763 2478 2848 2524 tua
2888 2485 3009 2527 esse
3048 2471 3273 2539 dicatur,
3315 2474 3477 2543 plane
3522 2491 3703 2533 necesse
3730 2490 3783 2532 est

2285 2567 2342 2612 ut
2368 2560 2606 2614 onmium
2636 2575 2728 2615 ora
2774 2561 3031 2617 adversus
3063 2573 3114 2619 te
3142 2565 3252 2620 sint
3288 2576 3499 2636 aperta.
3537 2569 3668 2624 Vides
3685 2570 3780 2639 quod

2285 2652 2475 2707 melius
2501 2653 2570 2707 sit
2614 2652 2743 2706 nihil
2771 2655 2987 2717 habere,
3017 2671 3175 2725 quam
3204 2656 3368 2712 talem
3400 2659 3645 2716 sustinere
3679 2677 3783 2715 accu-

2285 2744 2594 2797 sationem?
2647 2744 2715 2797 Et
2760 2744 2874 2799 haec
2922 2746 3136 2816 quidem
3191 2746 3321 2802 hic:
3358 2750 3470 2805 illic
3506 2762 3689 2817 autem,
3730 2753 3784 2806 dic

2286 2849 2490 2904 qmeso,
2523 2836 2647 2906 quid
2673 2837 2951 2900 faciemus.
2987 2847 3093 2893 tam
3123 2841 3417 2896 multorum
3447 2842 3701 2899 dominium
3732 2845 3785 2899 hic

2285 2928 2578 2996 assequuti,
2609 2942 2676 2983 ex
2721 2929 2785 2982 iis
2825 2938 3003 2983 autem
3047 2945 3167 2999 quae
3195 2930 3482 2998 habemus,
3510 2934 3585 2989 vel
3612 2935 3713 2990 nihil
3732 2936 3785 2988 rei

2286 3033 2453 3089 pauca
2492 3018 2777 3073 admodum
2807 3020 3107 3090 inipertiti?
3137 3024 3413 3092 quomodo
3438 3040 3550 3094 quae
3587 3026 3786 3095 injusteet

2289 3125 2385 3178 per
2411 3110 2688 3163 avaritiam
2717 3126 2745 3163 a
2777 3111 2931 3165 nobis
2958 3120 3083 3166 sunt
3114 3114 3377 3183 acquisita
3406 3118 3676 3171 exuemus?
3698 3115 3783 3170 Nam

2287 3200 2378 3270 qui
2406 3200 2516 3255 vult
2541 3215 2699 3254 avare
2724 3212 2871 3270 parta
2900 3217 3118 3268 exuere,
3143 3218 3247 3258 non
3274 3219 3445 3274 pauca
3466 3205 3553 3261 dat
3571 3222 3626 3262 ex
3648 3208 3783 3271 multis,

2288 3293 2381 3346 sed
2410 3292 2591 3347 multis
2620 3293 2858 3362 partibus
2886 3294 3034 3362 plura
3079 3295 3145 3351 iis
3173 3311 3293 3366 quae
3324 3300 3522 3369 rapuit,
3565 3308 3612 3353 et
3644 3298 3787 3354 desistit

2288 3399 2498 3452 rapere.

2361 3473 2549 3527 Contra
2576 3490 2660 3528 cos
2694 3475 2781 3545 qui
2823 3476 2992 3530 aliena
3031 3477 3259 3546 rapiunt.
3285 3508 3358 3517 —
3383 3478 3521 3534 Audi
3558 3480 3665 3550 quin
3699 3477 3788 3531 ditat

2289 3564 2597 3629 Zacchazus,
2648 3564 2713 3618 Et
2754 3581 2929 3619 eorum
2981 3583 3095 3634 qua:
3138 3568 3286 3635 rapui
3328 3571 3490 3623 reddo
3529 3568 3788 3639 quadruplum

2291 3655 2443 3725 (Luc.
2471 3655 2560 3712 19.
2584 3656 2664 3726 8).
2702 3656 2784 3711 Tu
2815 3665 2994 3712 autem
3024 3657 3203 3713 decies
3231 3659 3383 3716 mille
3412 3660 3615 3730 rapiens
3638 3662 3786 3719 talum,

2291 3748 2334 3802 si
2358 3762 2554 3819 paucas
2580 3748 2664 3801 vix
2688 3747 2904 3803 dederis
2932 3748 3235 3816 drachmas,
3280 3760 3330 3806 te
3375 3762 3541 3806 totum
3570 3752 3789 3807 reddidisse

2290 3843 2588 3907 existimas,
2618 3851 2675 3895 et
2702 3842 2773 3896 ita
2801 3856 2861 3897 es
2898 3841 3119 3896 affectus
3146 3852 3419 3914 tamquam
3452 3846 3593 3916 plura
3622 3844 3787 3900 dederis.

2292 3936 2451 4005 Atqui
2471 3944 2684 4004 oportet
2705 3943 2761 3989 et
2786 3934 2875 3989 illa
2899 3936 3011 4005 ipsa
3037 3935 3283 4002 reddere,
3315 3945 3371 3991 et
3401 3954 3468 3993 ex
3492 3939 3553 3994 iis
3580 3954 3677 4008 qum
3694 3935 3789 3991 domi

2293 4038 2397 4083 tuae
2439 4036 2566 4082 sunt
2611 4027 2712 4081 alia
2744 4027 2967 4083 addere.
2997 4028 3147 4084 Sicut
3174 4030 3314 4084 enim
3347 4029 3437 4087 fur
3476 4048 3577 4087 non
3616 4031 3686 4085 illa
3717 4027 3789 4082 sola

2292 4120 2524 4178 reddens
2563 4135 2623 4178 se
2650 4120 2910 4186 defendit,
2944 4120 3040 4177 sed
3067 4136 3210 4190 saepe
3236 4123 3402 4179 etiam
3433 4125 3575 4179 addit
3605 4124 3789 4183 animam,

2294 4227 2545 4284 smpeque
2588 4214 2833 4284 transigit
2881 4214 3039 4285 longe
3079 4214 3320 4284 pluribus
3365 4216 3508 4271 datis
3536 4234 3550 4271 :
3579 4218 3640 4270 ita
3682 4215 3789 4268 etiam

2293 4318 2506 4359 avarus.
2540 4306 2749 4359 Avarus
2772 4304 2917 4359 enim
2942 4314 3026 4359 est
3052 4305 3133 4360 fur
3156 4314 3212 4360 et
3237 4305 3397 4373 latro,
3432 4308 3524 4362 illo
3566 4306 3703 4361 multo
3723 4320 3790 4357 sa-

2296 4398 2412 4453 vior
2436 4408 2491 4454 et
2527 4399 2832 4463 immanior,
2857 4412 2964 4468 quo
2992 4398 3153 4454 etiam
3183 4400 3352 4469 magis
3380 4399 3581 4457 accedit
3602 4398 3658 4453 ad
3688 4406 3791 4452 natu-

2295 4508 2409 4547 ram
2442 4492 2676 4562 tyranni.
2699 4490 2833 4545 Nam
2862 4491 2952 4546 ille
2977 4491 3215 4561 quidem,
3246 4492 3388 4561 quod
3418 4503 3471 4548 et
3497 4493 3743 4548 clanculum
3757 4496 3791 4540 et

2296 4593 2455 4639 noctu
2480 4583 2837 4654 aggrediatur,
2868 4598 2935 4639 ex
2967 4582 3186 4638 audacia
3229 4585 3450 4641 sceleris
3492 4584 3686 4640 multum
3714 4595 3789 4634 am-

2298 4684 2468 4746 putat,
2518 4675 2693 4745 utqui
2741 4684 2797 4730 et
2838 4674 3122 4729 erubescat
3162 4684 3218 4730 et
3266 4676 3448 4731 timeat
3476 4672 3788 4746 peccarezistc

2297 4778 2474 4823 autem
2495 4783 2708 4824 omnem
2740 4783 2941 4824 exuens
2972 4767 3249 4838 pudorem,
3294 4771 3439 4824 nudo
3476 4769 3633 4840 capite
3653 4767 3694 4821 in
3713 4778 3787 4817 meo

2298 4860 2387 4913 dio
2416 4858 2533 4913 foro
2559 4859 2697 4913 bona
2726 4860 2965 4913 omnium
3010 4859 3169 4928 rapit,
3202 4868 3257 4913 ut
3286 4860 3374 4929 qui
3420 4860 3571 4915 simul
3596 4859 3652 4911 sit
3673 4856 3785 4908 iuret

2300 4963 2556 5023 tyrannus
2585 4969 2599 5005 ε
2630 4966 2734 5006 non
2758 4965 2939 5004 muros
2957 4942 3111 5013 fodit,
3136 4966 3239 5004 non
3264 4952 3529 5006 lucernam
3555 4942 3785 5015 exstinguit,

2299 5061 2402 5101 nec
2426 5046 2663 5100 arculam
2692 5044 2880 5114 aperit,
2915 5059 3014 5101 nec
3035 5044 3301 5114 signacula
3324 5046 3545 5107 evertit;
3572 5040 3649 5096 sed
3673 5034 3788 5108 quid?

2299 5139 2376 5194 Ea
2426 5138 2553 5194 facit
2598 5154 2718 5209 qua:
2766 5147 2892 5191 sunt
2938 5136 3022 5191 his
3064 5138 3381 5207 juveniliora
3407 5155 3421 5191 :
3452 5135 3712 5191 videntibus
3747 5128 3786 5181 iis

2297 5233 2491 5303 quibus
2518 5231 2577 5286 ﬁt
2600 5232 2812 5304 injuria,
2847 5246 2942 5302 per
2973 5240 3178 5301 portam
3206 5230 3369 5300 ejicit,
3404 5242 3633 5300 proterve
3664 5223 3784 5280 omnia

2298 5328 2489 5395 aperit,
2518 5328 2661 5395 cogit
2682 5325 2779 5381 hos
2807 5326 2949 5395 ipsos
2970 5338 3065 5379 sua
3093 5338 3361 5393 exponere
3386 5341 3397 5376 :
3428 5323 3555 5377 adeo
3573 5318 3785 5372 vehemens

2298 5426 2353 5471 et
2377 5430 2703 5486 exsuperans
2744 5424 2829 5470 est
2855 5414 2973 5483 ejus
3010 5412 3283 5468 violentia.
3327 5411 3427 5466 Iste
3456 5421 3535 5466 est
3565 5410 3654 5465 illis
3677 5407 3783 5470 longe

2300 5508 2558 5577 impurior
2578 5523 2641 5562 ac
2660 5506 2991 5571 sceleratior,
3017 5520 3125 5574 quo
3147 5514 3229 5558 cst
3247 5502 3588 5573 impudentior
3603 5508 3648 5553 et
3671 5494 3785 5562 magis

2300 5602 2632 5673 tyrannicus.
2662 5599 2792 5655 Nam
2820 5598 2908 5669 qui
2934 5598 3059 5653 dolo
3088 5596 3302 5666 quidem
3328 5593 3517 5664 aliquid
3543 5602 3615 5647 est
3635 5598 3782 5673 passus.

2300 5672 2446 5749 dolet
2472 5693 2707 5763 quidem,
2746 5690 2840 5747 sed
2870 5706 2975 5745 non
3002 5705 3223 5761 parvqu
3248 5688 3405 5744 habet
3429 5672 3782 5745 solatium.un

2302 5787 2391 5842 ille
2420 5787 2532 5857 ipse
2551 5787 2641 5856 qui
2668 5786 2857 5855 injuria
2884 5784 3047 5840 afﬁcit
3072 5784 3421 5847 extimescat;
3450 5781 3542 5835 iste
3564 5785 3706 5831 autem
3726 5766 3781 5835 εἶυί

2304 5879 2440 5934 male
2471 5892 2678 5948 passus,
2721 5876 2882 5932 etiam
2907 5875 3179 5947 despectui
3212 5874 3448 5939 habetur,
3480 5872 3575 5925 vim
3600 5881 3655 5922 ne
3687 5860 3780 5916 itm
