3964 6508
162 457 274 513 459

157 575 391 643 τούτοις,
432 575 532 631 οὐκ
563 575 827 649 αἰσχύνην
859 575 1040 648 μόνον,
1073 576 1208 630 ἀλλά
1238 577 1332 630 καὶ
1374 577 1593 631 κόλασιν
1628 580 1753 631 ἐπι-

155 658 316 731 φέρει
333 658 431 730 τὴν
454 659 709 730 ἐσχάτην.
736 660 945 729 Σκῆψις
970 660 1147 713 πάντα
1171 659 1343 713 ταῦτα
1367 660 1461 714 καὶ
1492 660 1637 729 λόγοι
1662 662 1755 714 καὶ

155 742 447 815 φλυαρίαι.
488 742 613 796 Ὀτι
644 742 752 812 γὰρ
789 743 853 795 οὐ
878 743 1087 797 παίδων
1112 744 1299 797 ἕνεκεν
1338 743 1512 797 ταῦτα
1550 748 1755 799 ποιεῖτε

156 826 533 899 μαρτυροῦσιν
554 828 669 879 ὅσοι
691 828 891 890 ¹παῖδας
919 829 1017 897 μὲν
1039 828 1139 881 οὐκ
1154 828 1369 898 ἔχουσιν
1398 828 1519 881 οὐδὲ
1548 829 1751 896 ἕξουσι,

153 910 452 964 κόπτονται
499 910 558 963 δὲ
589 908 734 963 οὕτω
763 910 859 964 καὶ
907 908 1353 981 ταλαιπωροῦσι,
1386 912 1482 965 καὶ
1524 912 1755 967 πλοῦτον

154 994 600 1065 περιϐάλλονται,
633 994 757 1048 ὅσον
794 992 861 1047 ἂν
891 995 941 1047 εἰ
984 993 1197 1064 μυρίοις
1229 990 1377 1064 εἶχον
1428 995 1756 1065 καταλεῖψαι

154 1078 365 1131 παισίν.
402 1078 516 1131 υύκ
551 1078 668 1131 ἐστι
701 1075 908 1131 παίδων
938 1076 1160 1148 φροντὶς
1188 1078 1222 1147 ή
1263 1076 1493 1132 ποιοῦσα
1533 1095 1754 1149 χρημα-

150 1161 419 1224 τιστικὸν,
444 1160 579 1214 ἀλλά
600 1160 781 1231 ψυχῆς
807 1160 979 1223 νόσος.
1010 1159 1111 1213 Διὰ
1135 1159 1343 1229 ταύτην
1370 1161 1465 1213 καὶ
1484 1162 1583 1215 οὐκ
1600 1161 1750 1231 ἕχον-

148 1260 239 1307 τες
272 1243 472 1306 παῖδας
508 1244 698 1297 πολλοὶ
730 1242 1014 1312 μαίνονται
1038 1242 1128 1297 διὰ
1153 1241 1224 1296 τὰ
1248 1245 1509 1314 χρήματα
1531 1260 1545 1274 ⁸
1574 1244 1752 1317 ἕτεροι

145 1327 201 1379 δὲ
236 1330 295 1379 ἐν
345 1328 681 1399 πολυπαιδία
727 1326 951 1393 ζῶντες,
989 1325 1224 1380 καὶτῶν
1265 1326 1435 1382 ὄντων
1476 1345 1754 1399 καταφρο-

143 1410 329 1463 νοῦσιν
363 1428 378 1441 ·
432 1411 632 1464 ἐκεῖνοί
690 1427 786 1462 σου
836 1411 1304 1481 κατηγορήσουσιν
1355 1412 1414 1463 ἐν
1467 1412 1651 1483 ἐκείνῃ
1683 1416 1749 1483 τῇ

144 1494 353 1564 ἡμέρᾳ.
399 1494 463 1548 Εἰ
494 1493 605 1563 7&9
646 1495 678 1563 ἡ
708 1492 817 1545 τῶν
855 1494 1061 1547 παίδων
1092 1493 1307 1564 ἀνάγκη
1349 1495 1486 1565 πρὸς
1514 1494 1614 1568 τὴν
1641 1495 1750 1549 τῶν

145 1579 454 1648 χρημάτων
483 1577 740 1641 ἐϐιάζετο
788 1577 1079 1650 συλλογὴν,
1120 1580 1289 1650 ἐχρῆν
1341 1579 1629 1645 κάκείνους
1657 1581 1749 1635 τὸν

138 1662 308 1713 αὐτὸν
344 1661 495 1730 ἔχειν
522 1662 708 1725 πόθον,
736 1661 840 1733 τὴν
881 1662 1055 1733 αὐτὴν
1102 1662 1402 1733 ἐπιθυμίαν
1426 1679 1440 1694 ⁸
1470 1666 1519 1718 εἰ
1548 1664 1605 1718 δέ
1647 1666 1749 1718 οὐκ

138 1744 385 1814 ἔχουσιν,
409 1744 512 1797 οὐκ
538 1744 651 1798 άπό
674 1744 777 1814 τῆς
816 1745 1176 1810 πολυπαιδίας·
1196 1786 1212 1812 ,
1246 1746 1364 1801 ἀλλ’
1397 1748 1505 1801 ἀπὸ
1532 1751 1633 1817 τῆς
1658 1766 1747 1818 φι-

136 1826 529 1898 λοχρηματίας
559 1828 887 1900 μαινόμεθα.
926 1830 1037 1884 Kal
1085 1831 1232 1893 τίνες
1280 1832 1416 1897 εἰσὶ,
1452 1832 1641 1902 φησὶν,
1696 1834 1745 1885 οἱ

140 1912 287 1981 μετά
308 1910 522 1965 παίδων
544 1913 1020 1983 καταφρονοῦντες
1048 1932 1151 1985 χρη
1161 1915 1350 1984 μάτων
1372 1933 1385 1979 ;
1416 1916 1629 1979 Πολλοὶ,
1650 1920 1745 1971 καὶ

135 1993 417 2064 πολλαχοῦ
443 2011 457 2026 ⁸
491 1995 542 2047 εἰ
588 1994 646 2048 δὲ
682 1994 885 2065 βούλει,
918 1997 1014 2051 καὶ
1057 1998 1149 2050 ἐπὶ
1194 1998 1304 2051 τῶν
1330 1998 1578 2053 παλαιῶν
1609 2000 1741 2069 ἐρῶ.

133 2076 279 2145 Οὐχὶ
328 2076 540 2132 δώδεκα
585 2078 784 2142 παῖδας
812 2076 957 2149 εἶχεν
996 2081 1027 2132 6
1066 2080 1291 2143 Ἰακώϐς
1333 2082 1455 2152 οὐχὶ
1498 2083 1592 2136 τὸν
1631 2084 1743 2138 τῶν

132 2159 483 2229 θητευόντων
512 2159 611 2229 ἔζη
658 2160 775 2231 βίον
800 2178 816 2227 ;
847 2162 949 2216 οὐκ
985 2162 1223 2233 ἠδικεῖτο
1254 2166 1407 2235 παρὰ
1436 2165 1532 2218 τοῦ
1590 2168 1744 2237 κηδεο

134 2242 305 2307 στοῦς
339 2242 465 2311 οὐχὶ
499 2242 764 2307 πολλάκις
806 2244 971 2299 αὐτὸν
1014 2245 1284 2317 ἡθέτησες
1328 2248 1403 2319 μὴ
1429 2249 1741 2318 ἠνάγκασεν

129 2325 303 2379 αὐτὸν
329 2328 363 2397 ἡ
395 2327 727 2381 πολυπαιδία
760 2328 1114 2397 βουλεύεσθαί
1142 2347 1196 2383 τι
1225 2331 1336 2385 τῶν
1370 2332 1444 2403 μὴ
1467 2331 1737 2397 δεόντων;

130 2410 195 2464 Τί
230 2411 295 2463 δὲ
323 2413 353 2464 6
400 2410 689 2483 ⁹Λϐραάμ;
718 2412 837 2481 οὐχὶ
863 2412 1004 2483 μετὰ
1039 2413 1134 2467 τοῦ
1180 2415 1365 2469 Ἰσαὰκ
1394 2416 1489 2469 καί
1517 2417 1739 2487 ἐτέρους

130 2492 368 2557 πολλοὺς
397 2489 511 2563 εἶχε
535 2494 731 2556 παῖδας
760 2510 775 2559 ;
801 2493 853 2547 τί
880 2489 1009 2561 οῦν;
1037 2496 1159 2567 οὐχὶ
1186 2499 1299 2559 τοῖς
1324 2496 1495 2562 ξένοις
1518 2497 1587 2552 τά
1604 2499 1739 2553 ὅντα

130 2575 434 2645 ἐκέκτητο;
480 2577 664 2648 Ὁρᾷς,
696 2578 780 2630 ὅτι
806 2578 869 2631 οὐ
912 2578 1072 2648 μόνον
1101 2579 1203 2631 οὐκ
1229 2580 1432 2649 ἠδίκει,
1463 2580 1603 2634 ἀλλά
1640 2581 1738 2633 καὶ

127 2657 265 2710 τῶν·
293 2658 465 2714 ὄντων
516 2659 852 2732 παρεχώρει,
899 2661 1003 2714 οὐκ
1028 2656 1087 2715 εὖ
1143 2661 1313 2715 ποιῶν
1368 2662 1552 2731 μόνον,
1599 2663 1736 2716 ἀλλὰ

134 2742 229 2796 καὶ
257 2742 585 2813 αἱρούμενος
627 2743 934 2798 ἀδικεῖσθαι
962 2744 1116 2814 παρὰ
1138 2744 1235 2797 τοῦ
1265 2744 1584 2815 ἀδελφιδοῦ;
1627 2746 1733 2800 Τοῦ

131 2825 249 2893 γάρ
274 2821 335 2878 εὖ
374 2828 550 2880 ποιεῖν
593 2826 655 2880 τὸ
705 2828 893 2897 φέρειν
935 2827 1318 2899 ἁρπαζόμενον
1360 2828 1449 2881 διὰ
1486 2829 1578 2881 τὸν
1602 2828 1734 2883 Θεὸν

128 2906 317 2978 πολλῷ
348 2908 536 2978 μεῖζόν
576 2912 713 2963 ἐστι.
760 2910 860 2963 Διά
891 2910 981 2974 τίς
1014 2909 1140 2964 Ὅτι
1168 2910 1232 2963 τὸ
1274 2909 1375 2980 μὲν
1403 2910 1583 2981 ψυχῆς
1615 2912 1733 2965 ἐστι

128 2992 356 3063 καρπὸς
389 2993 482 3045 καὶ
522 2993 918 3063 προαιρέσεως,
945 2991 1067 3046 ὅθεν
1099 2992 1194 3047 καὶ
1227 2993 1465 3056 εὐκόλως
1498 2994 1729 3061 γίνεταν

126 3076 298 3128 τοῦτο
326 3075 386 3130 δὲ
427 3077 662 3148 ἐπήρεια
700 3076 795 3130 καὶ
829 3077 941 3147 βία.
984 3078 1097 3130 Kal
1134 3078 1504 3150 εὐκολώτερον
1542 3078 1607 3132 ἄν
1645 3096 1729 3143 τις

128 3157 311 3227 μυρία
336 3159 559 3229 πρόοιτο
588 3159 826 3213 τάλαντα
854 3158 1017 3222 ἐκὼν,
1041 3160 1134 3213 καὶ
1157 3160 1308 3213 οὐδὲν
1334 3163 1602 3233 ἡγήσεται
1631 3179 1724 3215 πε-

123 3239 391 3295 πονθέναι
424 3240 621 3306 δεινὸν,
652 3242 685 3312 ἢ
720 3245 872 3313 τρεῖς
896 3241 1120 3305 ὀϐολοὺς
1156 3242 1428 3314 ἀρπαγεὶς
1457 3246 1552 3298 καὶ
1578 3244 1729 3313 παρὰ

120 3324 381 3395 γνώμην,
410 3324 548 3379 οίσει
580 3326 790 3395 πράως.
826 3326 990 3379 ’Ὠστε
1034 3324 1194 3379 τοῦτο
1245 3327 1539 3398 φιλοσοφία
1590 3330 1727 3398 μᾶλ-

122 3407 214 3460 λον
278 3408 484 3479 ψυχῆς.
546 3409 656 3461 Καὶ
718 3408 875 3462 τοῦτο
921 3408 1137 3480 ὁρῶμεν
1204 3410 1427 3477 γεγονὸς
1482 3412 1576 3465 ἐπὶ
1628 3412 1722 3465 τοῦ

132 3490 399 3561 Ἀϐραάμ
427 3506 441 3519 ·
478 3486 619 3545 Εἶδε
645 3491 776 3562 7&9,
803 3492 987 3561 φησὶν,
1006 3492 1121 3557 τὴν
1139 3492 1477 3561 περίχωρον
1504 3496 1537 3547 ό
1569 3494 1720 3558 Λὼτ,

116 3576 221 3629 καί
252 3571 337 3645 ἦν
359 3573 733 3643 ποτιζομένῃ,
762 3575 843 3640 ὡς
860 3577 892 3628 ό
918 3574 1286 3642 παράδεισος
1302 3576 1409 3629 τοῦ
1429 3577 1599 3640 Θεοῦ,
1623 3578 1723 3632 καί

115 3659 450 3725 ἐξελέξατο
473 3660 665 3730 αὐτήν.
690 3659 802 3712 Kal
817 3658 973 3711 οὐδὲν
998 3659 1207 3721 ἐκεῖνος
1230 3660 1507 3713 ἀντεῖπεν.
1534 3661 1717 3731 Ὁρᾷς,

114 3744 202 3797 ὅτι
246 3744 310 3796 οὐ
349 3744 511 3813 μόνον
533 3742 634 3795 οὐκ
665 3742 863 3810 ἠδίκει,
896 3740 1035 3795 ἀλλὰ
1062 3741 1159 3793 καὶ
1187 3741 1461 3809 ἡδικεῖτο;
1488 3742 1554 3794 Τί
1588 3760 1720 3796 κατ-

114 3829 347 3899 ηγορεῖς
391 3827 505 3879 τῶν
552 3828 761 3880 παίδων
794 3825 905 3879 τῶν
932 3822 1159 3889 σαυτοῦ,
1193 3823 1479 3895 ἀνθρωπε;
1513 3826 1588 3880 Οὐ
1629 3826 1719 3881 διά

112 3911 280 3965 τοῦτο
306 3912 445 3980 ἡμῖν
471 3912 501 3963 6
537 3909 671 3972 Θεὸς
699 3910 867 3962 ἔδωκε
900 3910 1031 3972 τοὺς
1061 3907 1284 3972 παῖδας,
1310 3908 1423 3962 ’ἵνα
1464 3908 1720 3978 ἁρπάζω-

116 4010 225 4065 μεν
260 3991 334 4045 τά
367 3993 593 4062 ἐτέρων.
624 3993 769 4063 Ὅρα
807 3992 881 4062 μὴ
924 3991 1017 4045 τὸν
1055 3990 1190 4045 Θεὸν
1226 3989 1536 4064 παροξύνῃς
1559 3992 1719 4048 τοῦτο

110 4078 318 4145 λέγων.
347 4078 411 4131 Εἰ
440 4074 727 4148 γάρτοῦτο
756 4075 954 4144 λέγεις,
973 4075 1058 4129 ὅτι
1096 4075 1253 4129 αὐτοί
1292 4092 1376 4128 σοι
1396 4075 1499 4145 τῆς
1534 4077 1716 4147 ἀρπα-

108 4165 220 4234 γῆς
252 4163 497 4231 γίνονται
519 4160 682 4214 αἴτιοι
716 4160 922 4214 καὶτοῦ
943 4159 1358 4231 χρηματισμοῦ,
1391 4160 1605 4215 δέδοικα
1636 4164 1712 4236 μὴ

108 4248 301 4300 αὐτῶν
337 4244 743 4315 ἀποπερηθῇς,
768 4243 844 4308 ὡς
862 4244 1207 4314 βλαπτόντων
1225 4244 1319 4296 καὶ
1345 4243 1716 4299 ἐπιϐουλευόν-

105 4346 249 4383 των.
487 4327 547 4380 '0
585 4327 719 4391 Θεός
758 4345 840 4381 σοι
871 4328 999 4390 τούς
1038 4327 1236 4390 παῖδας
1272 4326 1494 4389 ἔδωκεν,
1536 4328 1623 4382 ἰνα
1654 4346 1713 4383 σε

107 4411 547 4483 ηροκομῶσιν,
606 4412 695 4466 ’ίνα
750 4412 852 4481 τὴν
914 4410 1119 4482 ἀρετὴν
1188 4407 1501 4481 μανθάνωσι
1559 4411 1713 4482 παρὰ

108 4516 234 4552 σου.

180 4582 245 4634 δ’.
264 4579 366 4633 Διά
385 4580 493 4651 7&9
506 4577 665 4633 τοῦτο
683 4578 743 4631 τὸ
765 4578 875 4632 τῶν
902 4576 1207 4649 ἀνθρώπων
1221 4576 1377 4646 γένος
1390 4575 1563 4639 οὕτως
1580 4577 1713 4649 ηθέ-

104 4666 246 4736 λησε
294 4664 639 4729 συνεστάναι,
672 4662 766 4715 δύο
788 4659 860 4715 τὰ
903 4662 1135 4731 μέγιστα
1165 4660 1608 4725 κατασκευάζων,
1650 4660 1710 4715 ἐν

106 4752 237 4819 μὲν.
278 4745 633 4807 διδασκάλους
676 4743 914 4813 ἐφιστὼν
944 4744 1071 4806 τούς
1118 4742 1381 4813 πατέρας,
1412 4741 1601 4813 ἐτερον
1627 4742 1704 4809 δὲ,

101 4832 318 4901 πολλὴν
346 4830 571 4898 ἀγάπην
610 4829 891 4883 ἐντίκτων.
929 4828 992 4881 Εἰ
1022 4828 1130 4898 γὰρ
1164 4825 1349 4889 ἁπλῶς
1404 4824 1626 4896 ἔμελλον
1657 4828 1707 4880 οί

97 4917 393 4987 ἄνθρωποι
434 4912 701 4983 γίνεσθαι,
752 4912 928 4975 οὐδεὶς
974 4911 1041 4966 ἂν
1108 4910 1245 4982 πρὸς
1294 4909 1484 4963 οὐδένα
1523 4911 1705 4981 σχέσιν

100 5001 290 5069 ἔσχεν.
324 4998 388 5050 Εἰ
439 4997 549 5067 7&9
583 4996 678 5048 νῦν
721 4994 974 5067 πατέρων
1016 4994 1185 5047 ὀντων
1220 4994 1313 5047 καὶ
1356 4993 1563 5047 παίδων
1610 4997 1705 5049 καὶ

99 5084 376 5152 ἐκγόνων,
407 5081 593 5134 πολλοὶ
623 5079 834 5133 πολλῶν
863 5080 924 5133 οὐ
952 5077 1321 5148 φροντίζουσι,
1346 5077 1526 5147 πολλῷ
1564 5079 1701 5149 μᾶλ-

96 5168 200 5221 λον
249 5167 394 5220 τότε.
423 5164 523 5218 Διά
566 5162 727 5217 τοῦτό
758 5179 842 5215 σοι
874 5163 1069 5224 παῖδας
1109 5161 1341 5215 δέδωκεν
1372 5162 1400 5213 6
1425 5160 1557 5225 Θεός
1576 5178 1590 5189 ·
1626 5162 1701 5233 μὴ

93 5251 291 5305 τοίνυν
316 5249 613 5319 κατηγόρει
641 5247 750 5301 τῶν
778 5245 1006 5299 παίδων.
1039 5246 1103 5300 Εἰ
1148 5246 1205 5299 δὲ
1231 5246 1279 5298 οἰ
1318 5244 1512 5308 παῖδας
1546 5244 1699 5315 έχον-

94 5351 197 5398 τες
242 5333 499 5401 οὐδεμίαν
538 5332 755 5402 ἔχουσιν
800 5328 1119 5398 ἀπολογίαν,
1154 5330 1201 5382 οἰ
1238 5327 1313 5399 μὴ
1342 5328 1575 5397 ἔχοντες,
1608 5330 1701 5382 καὶ

96 5418 439 5489 κοπτόμενοι
470 5418 599 5488 περὶ
622 5416 724 5487 τὴν
759 5414 854 5467 τοῦ
888 5412 1121 5467 πλούτου
1147 5411 1430 5482 συλλογὴν,
1460 5416 1608 5466 ποῖον
1632 5412 1698 5467 ἂν

97 5506 313 5557 εἷποιεν
341 5502 536 5570 λόγον;
596 5500 737 5553 Ἀλλ’
778 5498 893 5552 ἐστι
920 5516 1008 5562 τις
1044 5500 1137 5553 καὶ
1164 5499 1351 5559 αὐτοῖς
1392 5496 1550 5565 λόγος
1590 5498 1696 5550 πά-

100 5604 208 5657 σης
260 5584 556 5655 ἀπολογίας
591 5584 1059 5655 ἀπεστερημένος.
1087 5581 1182 5646 Τίς
1210 5580 1273 5652 δὴ
1308 5574 1457 5645 οὗτός
1512 5583 1693 5646 ἐστιν;

99 5672 227 5723 Ἰνα
279 5670 404 5723 ἀντὶ
444 5670 555 5724 τῶν
584 5668 813 5731 παίδων,
850 5666 1040 5738 φησὶν,
1098 5664 1312 5736 ἔχωμεν
1344 5664 1435 5718 τὸν
1466 5664 1696 5719 πλοῦτον

95 5756 428 5827 ὑπόμνημα.
462 5756 672 5817 Ὄντως
704 5752 877 5821 γέλως
908 5749 1095 5814 πολύς.
1140 5749 1288 5804 Ἀντὶ
1320 5749 1429 5803 τῶν
1462 5749 1694 5809 παίδων,

95 5842 295 5910 φησὶν,
324 5841 357 5910 ἡ
390 5839 533 5893 οἰκία
560 5839 752 5909 μνήμη
769 5835 1035 5898 ἀθάνατος
1049 5835 1255 5904 γίνεται
1284 5836 1381 5906 τῆς
1410 5835 1564 5904 δόξης
1597 5837 1694 5904 τῆς

93 5924 265 5995 ἐμῆς.
300 5924 377 5978 υύ
404 5926 498 5996 τῆς
524 5921 681 5994 δόξης
724 5937 840 5991 σου,
876 5919 1155 5993 ἄνθρωπε,
1192 5918 1329 5975 ἀλλὰ
1366 5920 1465 5991 τῆς
1503 5920 1692 5973 πλεον-

1018 456 1088 513 IN
1130 456 1353 513 EPIST.
1396 456 1415 511 l
1455 456 1547 510 AD
1584 456 1917 517 TIIESSAL.
1956 464 2109 523 CAP.
2145 468 2210 529 V.
2251 471 2486 532 HOMIL.
2522 476 2590 533 Χ.

3333 487 3439 543 ὀῦθ

1862 582 2025 674 εξίαςΔ
2041 604 2133 640 σου
2168 590 2320 645 ἔσται
2363 597 2571 667 μνήμη.
2611 598 2682 651 ’Ἡ
2711 599 2808 669 οὐχ
2839 600 2971 674 ὀρᾷς
2993 600 3089 655 νῦν
3118 603 3231 666 πῶς
3264 605 3446 659 πολλοὶ

1861 668 2153 755 παριόντες
2200 674 2299 737 τὰς
2330 676 2591 748 λαμπράς
2631 682 2810 744 οἰκίας
2854 668 3078 738 τοιαῦτα
3108 685 3447 755 διαλέγονται

1862 750 1998 838 πρὸς
2041 753 2328 826 ἀλλήλους·
2388 761 2530 816 πόσα
2575 766 2602 816 6
2638 765 2786 819 δεῖνα
2833 750 3445 838 ἐπλεονέκτησεξπόσα

1858 832 2126 921 ᾕρπασεν,
2162 840 2248 893 ἵνα
2274 847 2479 914 ταύτην
2508 847 2839 919 οίκοδομήσῃ
2874 850 2972 921 τὴν
2994 832 3199 912 οἰκίαν;
3228 832 3322 906 καὶ
3351 854 3447 908 νῦν

1858 915 2069 1007 ἐκεῖνος
2095 921 2197 989 μὲν
2233 925 2420 993 γέγονε
2449 927 2624 999 τέφρα
2663 915 2763 983 κάί
2783 915 2952 997 κόνις..
2978 932 3114 1007 αῦτη
3138 935 3195 988 δὲ
3226 939 3305 999 εἰς
3325 938 3445 989 ἐτέ-

1862 1016 1969 1086 ρων
2018 1003 2221 1076 κλῆρον
2271 1010 2447 1082 διέϐη.
2486 1015 2559 1066 Οὐ
2596 1014 2697 1084 τῆς
2730 1016 2887 1086 δόξης
2918 1034 3011 1069 σου
3055 1003 3231 1071 τοίνυν
3278 1037 3446 1074 κατα-

1858 1083 2150 1174 λι-μπάνεις
2186 1094 2429 1164 μνήμην,
2452 1097 2598 1151 ’ἀλλά
2615 1099 2712 1168 τῆς
2747 1083 3079 1167 πλεονεξίας.
3113 1103 3222 1156 Kal
3250 1104 3311 1155 τὸ
3346 1104 3446 1174 μὲν

1861 1169 2018 1259 σῶμά
2046 1188 2138 1259 σου
2163 1175 2469 1247 κέκρυπται
2519 1185 2579 1253 τῇ
2619 1186 2711 1254 γῇ,
2744 1184 2843 1253 τῆς
2879 1184 2935 1237 δὲ
2968 1184 3281 1249 πλεονεξίας
3312 1169 3448 1259 μ’νή·

1861 1268 1969 1341 μην
1999 1254 2181 1309 λαθεῖν
2213 1260 2406 1331 πλήθει
2422 1265 2531 1317 τῶν
2559 1268 2765 1337 χρόνων
2794 1266 3102 1337 δυναμένην
3124 1269 3221 1322 οὐκ
3251 1254 3439 1341 ἀφίης,

1856 1339 1970 1393 ἀλλ’
1987 1344 2387 1411 ἀνακρούεσθαι
2425 1349 2519 1401 καὶ
2548 1350 2994 1404 ἀνασκάπτεσθαι
3024 1355 3196 1416 ποιεῖς
3228 1353 3314 1406 διά
3344 1339 3441 1425 τῆς

1854 1436 2053 1497 οἰκίας.
2090 1437 2238 1497 Ἕως
2268 1433 2378 1504 7&9
2407 1432 2476 1485 ἂν
2514 1432 2653 1503 αὐτη
2708 1434 2934 1505 ἑστήκῃ,
2977 1434 3077 1505 τὴν
3122 1436 3443 1506 ἐπωνυμίαν

1856 1518 2058 1587 ἔχουσα
2094 1520 2194 1589 τὴν
2230 1518 2349 1589 σὴν,
2393 1518 2489 1570 καὶ
2539 1515 2633 1568 τοῦ
2683 1516 2854 1580 δεῖνος
2897 1517 3189 1588 λεγομένη,
3227 1521 3443 1585 πάντως

1854 1602 2066 1672 ἀνάγκη
2091 1604 2186 1656 καὶ
2211 1602 2280 1654 τὰ
2296 1602 2514 1655 πάντων
2534 1600 2849 1671 ἀνοιχθῆναι
2879 1602 3126 1671 στόματα
3154 1604 3295 1657 κατά
3327 1604 3440 1659 σοῦ.

1862 1686 2026 1757 Ὁρᾷς
2059 1687 2140 1739 ὅτι
2192 1686 2399 1755 βέλτιον
2431 1685 2599 1755 μηδὲν
2643 1684 2809 1755 ἔχειν,
2838 1684 2869 1756 ἢ
2904 1685 3107 1755 ταύτην
3148 1687 3444 1758 ὑπομένειν

1849 1769 1949 1839 τὴν
1990 1768 2357 1839 κατηγορίαν;
2397 1768 2507 1821 Kal
2537 1767 2713 1820 ταῦτα
2741 1768 2839 1837 μὲν
2868 1767 3100 1821 ἐνταῦθα
3124 1785 3138 1800 ·
3171 1770 3288 1823 ἐκεῖ
3313 1772 3368 1824 δὲ
3392 1771 3443 1825 τί

1851 1854 2173 1923 ποιήσομεν,
2204 1853 2327 1905 είπέ
2356 1849 2756 1922 μοι,τοσούτων
2778 1850 2876 1921 μὲν
2904 1850 3139 1905 ἐνταῦθα
3166 1854 3441 1924 γινόμενοι

1849 1937 2051 2007 κύριοι,
2097 1937 2272 1991 οὐδενὶ
2312 1937 2369 1990 δὲ
2397 1936 2507 1989 τῶν
2566 1935 2736 1989 ὄντων
2779 1936 3116 2006 μεταδόντες.
3158 1938 3189 2007 ἢ
3238 1941 3443 2012 σφόδρα

1848 2021 2046 2089 ὀλίγων
2075 2034 2136 2087 ις
2165 2021 2283 2085 πῶς
2319 2022 2417 2084 τὰς
2452 2019 2770 2086 πλεονεξίας
2791 2021 3205 2090 ἀποδυσόμεοας
3244 2026 3299 2075 Ὀ
3336 2026 3442 2097 γάρ

1849 2105 2173 2176 βουλόμενος
2203 2103 2304 2175 τὴν
2352 2101 2667 2167 πλεονεξίαν
2705 2102 3101 2169 ἀποδύσασθαι,
3151 2106 3251 2159 οὐκ
3284 2108 3440 2176 ὀλίγα

1847 2190 1955 2243 ἀπὸ
1992 2187 2207 2243 πολλῶν
2236 2187 2476 2251 δίδωσιν,
2499 2186 2638 2240 ἀλλὰ
2663 2186 3103 2241 πολλαπλασίονα
3132 2190 3240 2243 τῶν
3268 2192 3444 2262 ἁρπα-

1847 2274 2103 2338 σθέντων,
2136 2272 2232 2327 καὶ
2269 2272 2482 2326 ἵσταται
2512 2272 2607 2324 καλ.
2637 2270 2920 2341 ἁρπάζων.

1916 2413 2206 2474 Ἄκουσον,
2231 2413 2259 2464 6
2283 2410 2550 2480 Ζακχαῖος
2568 2406 2621 2460 τί
2644 2406 2826 2475 λέγει’
2846 2406 2955 2461 Καί
2973 2408 3137 2461 ὅσων
3166 2410 3437 2478 ἦρπασα,

1843 2494 2327 2562 τετραπλασίονα
2359 2490 2709 2559 ἀποδίδωμι.
2750 2490 2823 2543 Σὺ
2857 2490 2914 2543 δέ
2970 2490 3233 2560 ἁρπάζων
3266 2496 3437 2563 μυρία

1842 2576 2101 2641 τάλαντα,
2123 2575 2189 2629 ἄν
2207 2576 2395 2644 ὀλίγας
2413 2575 2519 2645 δῷς
2540 2572 2809 2645 δραχμάς,
2824 2574 2917 2625 καὶ
2928 2572 3071 2627 οὕτω
3099 2574 3153 2627 δὲ
3179 2575 3350 2645 μόλις,
3375 2578 3437 2630 τὸ

1842 2662 1951 2713 πᾶν
1992 2658 2389 2713 ἀποδεδωκέναι
2424 2657 2687 2728 νομίζεις,
2706 2657 2799 2711 καὶ
2825 2656 2900 2719 ὡς
2934 2656 3159 2711 πλείονα
3186 2658 3437 2724 δεδωκὼς

1839 2744 2111 2797 διάκεισαι
2134 2760 2149 2774 '
2172 2743 2351 2797 καίτοι
2370 2742 2452 2795 δεῖ
2469 2742 2609 2795 αὐτά
2634 2757 2692 2794 τε
2721 2740 3015 2796 ἀποδοῦναι
3034 2742 3238 2808 ἐκεῖνα,
3257 2746 3352 2798 καὶ
3370 2746 3434 2799 ἐκ

1838 2828 1946 2882 τῶν
1965 2827 2176 2881 οἴκοθεν
2195 2826 2510 2898 προσθεῖναι
2525 2824 2704 2895 ἐτερα.
2728 2824 2997 2896 Καθάπερ
3014 2825 3122 2895 7&9
3152 2829 3179 2879 6
3193 2828 3431 2899 κλέπτης

1838 2911 1939 2963 οὐκ
1966 2912 2153 2965 ἐκεῖνα
2187 2910 2421 2973 ἀποδοὺς
2460 2910 2595 2981 μόνα
2630 2910 3051 2981 άπολελόγηται,
3080 2910 3214 2965 άλλά
3235 2911 3433 2966 πολλά-

1837 3012 1926 3057 κις
1956 2995 2054 3065 μὲν
2076 2994 2169 3046 καὶ
2197 2994 2295 3064 τὴν
2323 2992 2500 3063 ψυχὴν
2538 2992 2869 3065 προσέθηκε,
2906 2993 3166 3057 πολλάκις
3205 2994 3260 3049 δέ
3300 2994 3431 3047 πολέ

1836 3075 2172 3130 λαπλασίονα
2214 3076 2337 3139 δοὺς
2370 3075 2675 3137 διελύσατο,
2717 3074 2861 3128 οὕτω
2897 3076 2991 3129 καὶ
3019 3078 3046 3129 6
3078 3076 3426 3147 πλεονέκτης.

1834 3161 1946 3214 Kal
1974 3162 2083 3232 7&9
2112 3162 2208 3215 καὶ
2244 3161 2273 3214 6
2311 3160 2641 3230 πλεονέκτης
2668 3158 2910 3227 κλέπτης
2932 3158 3070 3224 ἐστὶ,
3106 3161 3199 3213 καὶ
3228 3160 3429 3233 λῃστὴς

1833 3244 2041 3297 ἐκείνου
2064 3243 2244 3314 πολλῷ
2261 3240 2662 3314 χαλεπώτερος,
2692 3243 2801 3312 ὅσῳ
2820 3243 2913 3295 καὶ
2932 3241 3302 3312 τυραννικώτε
3310 3261 3422 3315 ρος.

1845 3330 2080 3393 Ἐκεῖνος
2110 3328 2208 3399 μὲν
2225 3329 2334 3401 γὰρ
2356 3328 2451 3382 καὶ
2481 3325 2558 3397 τῷ
2585 3324 2944 3397 κρύπτεσθαι,
2976 3326 3070 3378 καὶ
3084 3324 3164 3395 τῷ
3184 3329 3242 3380 ἐν
3270 3330 3428 3381 νυκτὶ

1833 3416 2150 3483 ἐπιχειρεῖν,
2186 3413 2322 3465 πολὺ
2363 3411 2459 3465 τοῦ
2492 3410 2843 3479 τολμήματος
2896 3408 3283 3479 ὑποτέμνεται,
3322 3411 3427 3464 ώσ-

1830 3498 1949 3551 ανεὶ
2137 3495 2544 3567 αἰσχυνόμενος,
2565 3493 2661 3548 καὶ
2679 3491 2931 3553 δεδοικὼς
2959 3491 3021 3545 τὸ
3044 3492 3381 3563 ἁμαρτάνειν
3409 3512 3421 3527 ·

1827 3574 1982 3643 οὗτος
2009 3579 2067 3631 δέ
2103 3577 2643 3647 άπαναισχυντήσας,
2680 3578 2859 3645 γυμνῇ
2906 3577 2972 3645 τῇ
3018 3576 3227 3646 κεφαλῇ
3280 3576 3423 3631 κατὰ

1832 3665 2005 3734 μέσην
2036 3661 2241 3733 ἀγορὰν
2268 3658 2506 3729 ἁρπάζει
2535 3659 2604 3712 τά
2631 3657 2873 3717 πάντων,
2912 3656 3152 3725 κλέπτης
3178 3676 3238 3710 τε
3284 3659 3420 3726 όμοῦ

1827 3747 1920 3799 καὶ
1950 3745 2213 3815 τύραννος
2244 3740 2319 3795 ὥν
2344 3759 2358 3771 '
2389 3743 2450 3794 οὐ
2480 3741 2748 3813 διορύττει
2770 3740 3004 3810 τοίχους,
3029 3740 3151 3793 οὐδὲ
3169 3741 3419 3794 σϐέννυσι

1825 3828 2105 3899 λαμπάδα,
2133 3826 2254 3880 οὐδὲ
2280 3824 2534 3878 κιϐώτιον
2563 3824 2789 3893 ἀνοίγει,
2823 3823 2944 3876 οὐδέ
2976 3824 3261 3894 σήμαντρα
3287 3827 3418 3878 ἀνα-

1826 3912 2019 3983 τρέπει
2035 3926 2048 3939 ·
2070 3909 2207 3965 ἀλλά
2236 3908 2290 3961 τί
2312 3925 2327 3975 ;
2358 3906 2438 3960 Τὰ
2454 3906 2659 3961 τούτων
2681 3905 3050 3978 νεανικώτερα
3066 3910 3230 3971 ποιεῖ,
3249 3905 3417 3974 ὁρών-

1824 4011 1932 4047 των
1980 3993 2089 4047 τῶν
2122 3991 2515 4063 ἀδικουμένων,
2573 3989 2662 4043 διὰ
2705 3990 2803 4060 τῆς
2853 3989 3024 4062 θύρας
3076 3989 3326 4043 ἐκϐάλλει
3363 3990 3415 4057 δ,

1829 4076 1965 4148 μετὰ
1989 4075 2302 4149 παρρησίας
2333 4074 2509 4128 πάντα
2527 4072 2970 4142 ἀνοίγει,αὐτούς
2995 4075 3417 4143 ἐκείνουςάναγ-

1823 4161 1984 4227 κάζει
2004 4160 2075 4215 τὰ
2101 4159 2283 4214 αὐτῶν
2311 4157 2591 4212 ἐκθέσθαι.
2621 4157 2871 4227 Τοσαύτη
2901 4157 3003 4227 τῆς
3037 4158 3209 4229 βίαςή
3244 4159 3413 4229 ὐπερ-

1823 4244 1979 4319 ϐολή.
2042 4237 2213 4309 Οὗτος
2260 4243 2485 4297 ἐκείνων
2526 4239 2707 4310 πολλῷ
2769 4241 3131 4312 μιαρώτερος,
3183 4242 3292 4312 ὅσῳ
3318 4243 3414 4296 καὶ

1820 4329 2301 4401 άναισχυντότερος
2372 4326 2467 4379 καὶ
2526 4323 3007 4394 τυραννικώτερος.
3050 4324 3109 4376 '0
3152 4326 3251 4395 μὲν
3303 4327 3411 4397 γὰρ

1820 4413 1958 4483 δόλῳ
1993 4430 2045 4466 τι
2074 4411 2287 4476 παθὼν,
2321 4410 2479 4477 ἀλγεῖ
2513 4406 2634 4479 μὲν,
2685 4405 2828 4478 πλὴν
2868 4406 2984 4460 ἀλλ’
3011 4406 3126 4478 ἔχει
3153 4426 3409 4480 παραμυ-

1820 4499 1941 4553 θίαν
1969 4499 2032 4551 οὐ
2067 4494 2290 4567 μικρὰν,
2324 4492 2385 4546 τὸ
2409 4492 2511 4546 κᾶν
2551 4490 2850 4561 φοϐηθῆναι
2879 4490 3047 4544 αὐτὸν
3083 4494 3289 4548 ἐκεῖνον
3316 4495 3408 4549 τὸν

1816 4579 2108 4636 ἀδικοῦντα
2134 4596 2149 4612 ·
2174 4580 2202 4631 6
2230 4578 2286 4630 δέ
2335 4576 2473 4646 μετά
2508 4574 2603 4628 τοῦ
2634 4574 2818 4638 κακῶς
2848 4575 3043 4628 παθεῖν
3088 4576 3183 4629 καὶ
3235 4595 3406 4632 κατα-

1817 4663 2202 4736 φρονούμενος,
2233 4660 2353 4714 οὐδὲ
2383 4659 2626 4727 ἐνεγκεῖν
2658 4657 2759 4728 τὴν
2789 4657 2910 4729 βίαν
2932 4658 3216 4729 δυνήσεται
3235 4676 3248 4690 ο
3285 4661 3406 4731 μει..

1817 4750 1926 4813 ζων
1948 4747 2057 4818 γὰρ
2085 4747 2113 4800 6
2134 4744 2327 4815 γέλως.
2372 4741 2507 4795 Εἰπέ
2532 4758 2644 4812 μοι,
2673 4741 2725 4793 εἰ
2752 4758 2837 4804 τις
2864 4745 3092 4808 γυναῖκα
3118 4744 3405 4815 ἐμοίχευσε

1814 4831 2014 4897 λαθὼν,
2038 4830 2227 4900 ἕτερος
2242 4828 2297 4881 δέ
2319 4828 2552 4899 ὁρῶντος
2574 4823 2668 4879 τοῦ
2692 4825 2884 4896 ἀνδρὸς
2904 4824 3059 4879 τοῦτο
3087 4829 3400 4897 εἰργάσατο,

1812 4917 1895 4981 τίς
1932 4914 2131 4987 μᾶλλον
2163 4912 2435 4983 ἐλύπησεν
2469 4911 2556 4977 ἂν,
2594 4909 2688 4962 καὶ
2716 4910 2899 4964 δακεῖν
2935 4905 3003 4981 ἦν
3035 4912 3258 4980 ίκανός;
3305 4915 3401 4986 οὐχ

1811 4996 1999 5065 οὗτοςς
2041 4997 2102 5053 '0
2132 4998 2231 5068 μὲν
2267 4996 2379 5068 γὰρ
2417 4995 2553 5067 μετὰ
2601 4995 2697 5050 τοῦ
2724 4996 2909 5059 κακῶς
2944 4998 3165 5068 ποιῆσαι
3201 5000 3296 5051 καὶ
3322 4999 3402 5053 δι-

1810 5084 2042 5140 έπτυσεν
2066 5097 2082 5113 ⁸
2114 5084 2143 5135 6
2170 5081 2249 5148 δὲ,
2294 5082 2342 5133 εἰ
2378 5080 2545 5151 μηδὲν
2585 5078 2793 5150 ἓτερον,
2826 5078 3029 5145 ἔδειξεν
3059 5081 3139 5132 ὅτι
3192 5080 3397 5135 δέδοικε

1809 5168 1900 5221 τὸν
1922 5166 2271 5237 ἠδικημένον.
2301 5163 2460 5218 Οὕτω
2493 5165 2589 5217 καὶ
2620 5165 2713 5217 ἐπὶ
2732 5163 2842 5217 τῶν
2872 5163 3192 5234 χρημάτων,
3230 5167 3258 5217 6
3296 5165 3399 5234 μὲν

1809 5250 1985 5320 λάθρα
2037 5248 2238 5313 λαϐὼν,
2282 5247 2453 5319 ταύτῃ
2502 5247 2784 5319 τετίμηκε,
2831 5247 2908 5317 τῷ
2959 5246 3134 5316 λάθρα
3170 5246 3353 5303 λαϐεῖν
3378 5266 3393 5279 ’

1805 5337 1833 5388 6
1876 5335 1933 5389 δὲ
1973 5332 2223 5405 φανερῶς
2260 5332 2354 5385 καὶ
2395 5330 2667 5401 δημοσίᾳ,
2716 5330 2854 5401 μετά
2897 5330 2994 5399 τῆς
3044 5330 3245 5399 ζημίας
3302 5333 3394 5385 καὶ

1806 5418 2068 5489 αἰσχύνην
2097 5418 2364 5485 ἐπήγαγε.
2398 5412 2742 5482 Παυσώμεθα
2762 5409 2856 5467 οὖν
2885 5413 2955 5466 τὰ
2984 5413 3184 5485 ἑτέρων
3212 5416 3394 5486 ἀρπά.

1807 5505 2009 5567 ζοντες,
2035 5504 2128 5556 καὶ
2162 5500 2395 5568 πένητες
2433 5499 2526 5551 καὶ
2558 5498 2837 5553 πλούσιοι·
2861 5500 2923 5553 οὐ
2947 5498 3055 5569 7&9
3094 5498 3233 5568 πρὸς
3266 5500 3391 5562 τοὺς

1809 5587 2094 5649 πλουσίους
2150 5602 2240 5656 μοι
2278 5581 2437 5652 μόνον
2486 5577 2640 5646 οὗτος
2670 5584 2698 5635 6
2732 5582 2909 5651 λόγος,
2944 5582 3079 5635 ἀλλά
3117 5583 3211 5635 καὶ
3253 5581 3390 5652 πρὸς

1805 5674 1930 5736 τοὺς
1968 5672 2225 5742 πένητας.
2261 5672 2373 5726 Kal
2391 5671 2500 5741 7&9
2528 5670 2621 5723 καὶ
2646 5668 2799 5721 αὐτοὶ
2822 5668 3130 5739 ἁρπάζουσι
3151 5668 3277 5730 τοὺς
3292 5666 3389 5722 αὐο

1863 5872 1887 5899 ⁸
1916 5872 2198 5931 Legcndum,
2223 5874 2287 5920 ait
2318 5872 2599 5935 Dunmusﬁ
2623 5888 2703 5933 οφ.
2729 5870 2918 5935 ὀλίγοις,
2940 5868 3015 5916 vel
3042 5866 3193 5935 ὀλίγα..

1868 5935 1892 5973 Ιι
1918 5927 2129 5983 Omnino
2154 5935 2420 5997 legendum
2443 5927 2687 5996 ἐμϐάλλει,
2707 5927 2853 5982 sensi:
2880 5929 3120 5982 irruendi.
3151 5927 3286 5977 Εοιτ.
