3964 6564
262 463 389 518 ΜΠ

255 578 491 649 quidem
521 576 719 648 poterit
749 594 764 631 :
791 580 961 647 magis
1006 577 1151 634 enim
1195 576 1523 633 irridebitur.
1574 577 1668 632 Dic
1697 577 1850 643 mihi,

255 672 312 725 si
362 670 483 740 quis
518 670 823 729 chaoniam
868 685 991 725 cum
1029 670 1253 725 muliere
1304 669 1610 724 admitteret
1646 669 1856 724 adulto-

252 760 435 824 rinm,
466 761 606 814 alius
644 771 823 815 autem
852 760 1069 815 vidente
1098 760 1292 815 marito
1318 760 1420 814 hoc
1443 760 1658 814 fecisset
1689 777 1702 814 :
1735 760 1856 829 quis

251 853 461 921 majori
499 851 688 907 dolore
722 852 1012 918 affecisset,
1066 860 1121 907 et
1163 852 1231 907 ad
1275 852 1627 907 mordendum
1668 852 1858 908 fuisset

253 944 488 1011 aptior?
518 957 698 999 nonne
744 943 873 999 hic?
914 944 1047 999 Nam
1092 944 1179 998 hic
1208 944 1424 1014 quidem
1469 958 1593 999 cum
1621 958 1685 998 eo
1711 942 1855 1013 quod

253 1034 412 1089 male
438 1034 563 1090 fecit
581 1035 743 1090 etiam
773 1037 919 1091 illum
952 1035 1136 1090 habuit
1164 1025 1441 1104 despectui
1469 1053 1482 1089 :
1516 1035 1608 1090 ille
1646 1044 1851 1099 autem,

251 1126 305 1179 si
359 1125 492 1180 nihil
522 1126 687 1190 aliud,
737 1127 971 1181 OStendit
1016 1142 1073 1181 se
1117 1126 1357 1181 timuisse
1399 1140 1522 1181 eum
1562 1126 1651 1196 qui
1681 1126 1856 1180 fuerat

249 1216 497 1271 affectus
520 1215 734 1285 injuria.
767 1216 842 1270 Ita
874 1219 1035 1272 etiam
1068 1217 1120 1271 in
1156 1219 1417 1287 pecuniis,
1446 1217 1535 1287 qui
1568 1217 1703 1271 clam
1734 1218 1855 1287 qui-

249 1306 392 1360 dem
424 1308 653 1375 accepit,
681 1321 751 1362 eo
792 1307 908 1376 ipso
938 1308 1237 1371 honoravit,
1268 1307 1411 1377 quod
1454 1308 1594 1362 clam
1641 1309 1853 1377 accipe-

251 1406 347 1451 ret
380 1415 396 1451 :
430 1397 521 1467 qui
550 1406 732 1452 autem
779 1409 963 1467 aperte
997 1406 1053 1453 et
1080 1398 1309 1467 publice,
1342 1412 1460 1454 cum
1496 1397 1693 1452 damno
1723 1410 1849 1466 pro-

248 1486 421 1541 brum
441 1486 602 1542 etiam
623 1487 802 1543 intulit
819 1496 875 1543 et
894 1488 1146 1543 dedecus.
1166 1488 1455 1543 Cessemus
1477 1503 1605 1557 ergo
1622 1488 1848 1542 aliorum

250 1576 408 1631 bona
437 1592 626 1648 rapere
651 1586 706 1633 et
733 1592 992 1648 pauperes
1016 1588 1071 1633 et
1094 1578 1287 1634 divites
1312 1597 1323 1633 :
1350 1594 1455 1633 non
1485 1580 1659 1633 solum
1704 1580 1847 1632 enim

248 1670 382 1725 iure
423 1670 614 1741 loquor
659 1670 935 1736 divitibus,
981 1670 1075 1726 sed
1117 1672 1277 1727 etiam
1328 1673 1669 1741 pauperibus.
1717 1671 1863 1747 Nam,

247 1761 363 1829 ipsi
392 1775 609 1831 quoque
634 1776 822 1817 eorum
848 1762 989 1816 bona
1019 1762 1231 1831 rapiunt
1255 1763 1343 1832 qui
1391 1772 1515 1816 sunt
1558 1777 1616 1817 se
1651 1777 1848 1832 paupe-

244 1851 454 1914 riores,
486 1858 543 1906 et
564 1850 788 1907 ditiores
814 1859 870 1906 et
896 1853 1223 1920 potentiores
1246 1851 1467 1921 opifices
1497 1866 1591 1907 eos
1621 1865 1847 1906 venum-

243 1939 412 2007 dant,
442 1942 535 2012 qui
572 1950 697 1997 sunt
723 1943 1032 2014 egentiores
1074 1954 1129 1999 et
1166 1944 1534 2014 pauperiores,
1567 1956 1841 2013 caupones

1097 461 1159 515 IN
1202 456 1415 517 EPIST.
1460 458 1480 515 1
1543 460 1635 515 AD
1674 458 2004 518 THESSAL.
2045 461 2200 516 CAP.
2245 461 2306 517 V.
2352 462 2562 523 IlOMlL
2630 462 2720 518 XI.

3444 469 3551 523 «ιω

1965 591 2253 647 caupones,
2284 588 2339 632 et
2366 593 2555 635 omnes
2583 582 2673 650 qui
2695 589 2819 637 sunt
2848 582 2903 636 in
2935 582 3068 637 foro.
3095 582 3277 654 itaque
3304 586 3544 641 omnium

1967 670 2090 724 volo
2130 671 2444 738 injustitiam
2487 673 2789 730 eliminare.
2836 674 2951 730 Non
2997 676 3139 730 enim
3189 677 3244 731 in
3290 689 3540 731 mensura

1964 777 2151 816 eorum
2173 776 2291 831 quae
2327 763 2608 832 rapiuntur
2637 775 2692 819 et
2718 766 2860 820 furto
2886 765 3219 832 auferuntur,
3251 766 3345 822 sed
3373 767 3426 820 in
3452 766 3535 821 fu-

1966 853 2130 906 rantis
2157 852 2429 907 voluntate
2467 862 2520 907 et
2546 854 2769 909 arbitrio
2789 857 3034 911 consistit
3063 857 3308 926 injuriam
3338 856 3541 911 facien-

1966 944 2033 995 tis
2073 943 2413 997 maleﬁcium.
2443 944 2596 1011 Quod
2628 954 2807 1000 autem
2840 948 2927 1001 isti
2964 949 3071 1001 sint
3096 948 3264 1018 magis
3288 947 3455 1012 fures,
3488 958 3545 1003 et

1966 1034 2114 1103 plura
2146 1034 2378 1088 habendi
2407 1034 2714 1105 cupiditatis
2742 1038 2913 1106 magis
2941 1038 3181 1093 laborent
3208 1040 3340 1093 vitio
3366 1038 3423 1103 ii,
3450 1040 3541 1107 qui

1964 1141 2064 1180 nec
2088 1140 2250 1196 parva
2291 1126 2611 1195 despiciunt,
2660 1127 2774 1180 scio
2817 1136 2871 1181 et
2898 1129 3122 1182 memini
3161 1144 3247 1183 me
3275 1128 3418 1199 apud
3445 1144 3542 1184 vos

1962 1216 2163 1282 dicere,
2193 1217 2239 1272 si
2279 1231 2375 1270 vos
2412 1215 2752 1270 meministis.
2782 1216 2885 1271 Sed
2915 1216 2982 1271 de
3012 1217 3094 1271 his
3132 1218 3264 1272 nihil
3290 1228 3542 1274 accurate

1962 1310 2202 1364 dicamus
2234 1327 2249 1363 :
2277 1310 2385 1363 sint
2416 1308 2452 1361 ii
2481 1322 2693 1377 quoque
2724 1308 2945 1377 perinde
2973 1318 3134 1377 atque
3160 1311 3373 1365 divites.
3399 1311 3540 1366 Eru-

1960 1401 2171 1454 diamus
2194 1400 2430 1453 animum
2458 1407 2513 1452 ut
2543 1398 2799 1467 deinceps
2817 1413 2923 1452 non
2948 1401 3151 1467 majora
3174 1402 3539 1471 concupiscat,

1959 1492 2099 1561 quod
2130 1502 2213 1547 est
2241 1492 2401 1545 nimis
2432 1506 2536 1546 non
2567 1499 2801 1560 appetat.
2836 1492 2891 1544 lu
2919 1492 3222 1546 crelestibus
3252 1508 3540 1563 numquam

1960 1583 2153 1637 habeat
2174 1582 2458 1638 terminum
2491 1580 2621 1636 illud
2658 1582 2886 1651 amplius
2911 1581 3262 1648 desiderium,
3295 1583 3388 1637 sed
3422 1584 3542 1650 plus

1957 1686 2169 1741 semper
2193 1672 2555 1742 unusquisque
2582 1680 2796 1741 appetat
2829 1690 2841 1725 :
2876 1672 2928 1725 in
2959 1682 3099 1725 terra
3130 1686 3259 1727 vero
3289 1674 3355 1726 ad
3386 1688 3542 1728 usum

1956 1773 2010 1820 et
2036 1763 2404 1818 sufﬁcientiam
2441 1765 2699 1818 consistat
2730 1764 3113 1833 unusquisque,
3147 1774 3200 1820 et
3224 1765 3369 1821 nihil
3394 1781 3544 1835 quae-

1956 1864 2039 1909 rat
2080 1853 2329 1924 amplius,
2381 1862 2441 1907 ut
2483 1854 2560 1907 sic
2604 1854 2871 1921 possimus
2917 1868 3035 1919 quae
3073 1868 3199 1908 vere
3243 1854 3379 1909 bona
3417 1864 3544 1910 sunt

1956 1946 2190 2015 assequi,
2219 1946 2385 2016 gratia
2415 1953 2469 1999 et
2492 1945 2835 2014 benignitate,
2866 1953 2971 1999 etc.

1682 2128 2029 2190 HOMILIA
2076 2130 2191 2190 ΧΙ.

242 2271 387 2328 Car.
417 2273 473 2327 5.
505 2287 559 2326 ν.
587 2271 679 2327 19.
722 2271 974 2342 Spiritum
1013 2271 1169 2326 nolite
1208 2272 1559 2342 exstinguere:
1585 2270 1675 2327 20.
1724 2286 1847 2340 pro-

323 2364 529 2435 phetia:
570 2363 725 2418 nolite
764 2380 1018 2436 spernere.
1059 2363 1149 2417 21.
1180 2362 1367 2417 Omnia
1406 2372 1576 2416 autem
1605 2363 1847 2432 probate;

323 2456 467 2526 quod
492 2454 675 2508 bonum
699 2464 772 2508 est
797 2464 973 2510 tenete.
1000 2454 1090 2508 22.
1112 2454 1185 2507 Ab
1212 2456 1346 2508 onmi
1374 2455 1540 2524 specie
1563 2454 1702 2507 mala
1728 2454 1850 2508 abs-

326 2550 485 2602 tinete
512 2563 618 2602 vos.

328 2641 384 2694 1.
416 2639 611 2693 Crassa
639 2637 883 2707 quaedam
912 2637 1084 2707 caligo
1115 2638 1457 2706 tenebraeque
1482 2645 1536 2691 et
1565 2636 1736 2691 nubes
1765 2636 1850 2691 of-

253 2732 380 2785 fusa
423 2740 507 2786 est.
549 2730 814 2785 universae
856 2738 1036 2796 terrze,
1082 2729 1241 2798 idque
1288 2730 1593 2799 significans
1641 2728 1853 2784 dicebat

259 2824 470 2878 l‘aulus
499 2841 513 2877 :
543 2821 757 2876 Fuimus
803 2823 937 2875 enim
979 2821 1255 2886 aliquando
1295 2823 1509 2876 tenebrae
1549 2820 1766 2893 (Ephes.
1794 2821 1850 2875 5.

260 2917 365 2983 8);
412 2923 467 2969 et
503 2928 711 2977 rursus,
746 2912 865 2978 Vos,
903 2917 1106 2983 fratres,
1151 2928 1251 2966 non
1282 2913 1397 2966 estis
1438 2912 1493 2965 in
1535 2911 1767 2977 tenebris,
1799 2920 1852 2964 ut

254 3006 375 3059 dies
406 3021 499 3065 vos
537 3013 791 3074 tamquam
834 3004 919 3073 fur
961 3002 1353 3073 comprehendat
1376 3003 1456 3069 (1.
1492 3001 1667 3055 Thess.
1692 3002 1745 3057 5.
1768 2999 1849 3071 4).

253 3095 531 3163 Quoniam
562 3110 691 3166 ergo
721 3109 826 3149 nos
853 3105 955 3161 est,
985 3103 1041 3148 ut
1079 3094 1147 3147 ita
1174 3092 1370 3157 dicam,
1400 3093 1523 3147 luna
1550 3107 1763 3155 carens,
1798 3099 1854 3146 et

257 3189 316 3242 in
348 3186 452 3241 hac
479 3196 635 3241 nocte
677 3184 1052 3251 ambulamus;
1080 3183 1226 3239 dedit
1272 3184 1425 3239 nobis
1458 3185 1598 3237 Deus
1627 3181 1848 3251 praecla-

256 3295 389 3334 rum
416 3278 740 3349 lampadem,
766 3288 828 3333 ut
852 3279 940 3347 qui
966 3278 1195 3347 Spiritus
1218 3279 1388 3332 sancti
1417 3278 1642 3348 gratiam
1675 3278 1726 3331 itt
1755 3292 1850 3331 no-

256 3377 399 3429 stris
439 3373 632 3428 animis
658 3372 985 3428 accenderit.
1016 3371 1122 3427 Sed
1154 3370 1293 3425 hanc
1318 3370 1492 3426 lucem
1520 3371 1608 3426 alii
1636 3370 1852 3440 quidem

252 3478 544 3536 acceptam
573 3464 995 3536 splendidiorem
1025 3462 1268 3518 fecerunt
1310 3464 1593 3533 laetamque
1632 3473 1687 3518 et
1713 3462 1854 3516 hila-

257 3575 410 3627 rem,
440 3568 500 3614 ut
523 3558 735 3624 Petrus,
764 3566 821 3612 ut
844 3557 1062 3623 Paulus,
1100 3564 1160 3611 ut
1196 3570 1383 3611 omnes
1414 3556 1490 3610 illi
1520 3556 1689 3610 sancti
1720 3573 1734 3609 :
1762 3556 1853 3611 alii

255 3661 449 3707 autem
478 3651 638 3707 etiam
659 3650 1049 3715 esstinxernnt,
1078 3657 1135 3703 ut
1157 3650 1392 3719 quinque
1415 3650 1667 3720 virgines,
1693 3659 1749 3702 ut
1777 3651 1852 3704 illi

257 3746 359 3815 qui
391 3744 532 3799 circa
564 3742 722 3799 ﬁdem
750 3742 994 3798 fecerunt
1028 3742 1381 3811 naufragium,
1411 3751 1467 3796 ut
1492 3743 1581 3812 qui
1608 3742 1853 3797 Corinthi

258 3844 358 3889 est
381 3842 668 3898 scortatus,
699 3844 757 3889 ut
784 3834 987 3889 Galate:
1009 3834 1207 3888 aversi.
1236 3834 1525 3903 Pr0pterea
1566 3848 1707 3887 nunc
1726 3833 1858 3888 dicit

258 3926 470 3982 Paulus
492 3924 773 3995 :Spiritunt
791 3923 946 3978 nolite
968 3924 1320 3993 exstinguere;
1345 3923 1445 3977 hoc
1462 3931 1565 3987 est,
1591 3924 1816 3993 gratiam
1838 3940 1853 3977 :

260 4020 347 4072 ita
392 4017 534 4073 enim
573 4030 692 4071 mos
720 4024 803 4071 est
845 4016 894 4071 ei
924 4030 1115 4070 vocare
1156 4014 1382 4085 gratiam
1425 4013 1674 4085 Spiritus.
1723 4014 1855 4070 Eam

258 4118 455 4163 autem
478 4107 766 4177 exstinguit
793 4105 899 4161 vita
925 4106 1220 4161 immunda.
1252 4105 1322 4162 Ut
1343 4106 1486 4161 enim
1514 4106 1559 4160 si
1590 4107 1854 4176 quispiam

261 4201 329 4254 in
359 4198 496 4254 hanc
520 4199 751 4253 lucernae
772 4197 942 4252 lucem
972 4204 1027 4252 et
1051 4211 1243 4265 aquam
1267 4205 1321 4251 et
1348 4205 1541 4251 terram
1571 4196 1845 4259 infuderit,

262 4294 549 4347 lucernam
572 4288 882 4358 exstinguit,
908 4296 963 4342 et
988 4288 1032 4342 si
1053 4288 1136 4342 vel
1160 4287 1291 4341 nihil
1315 4286 1504 4342 horum
1528 4288 1732 4352 fecerit,
1762 4288 1857 4343 sed

262 4383 457 4438 oleum
502 4390 709 4435 tantum
754 4379 1013 4456 exemerit
1044 4396 1057 4431 :
1085 4379 1156 4433 ita
1203 4379 1363 4434 etiam
1409 4378 1462 4432 in
1512 4379 1856 4445 charismate,

273 4489 379 4529 seu
409 4472 553 4527 dono
595 4472 801 4542 gratim,
848 4471 895 4525 si
936 4479 1148 4525 terrena
1192 4477 1246 4523 et
1289 4466 1644 4524 difﬂuentium
1678 4485 1855 4535 rerum

198 4546 203 4551 ”
273 4581 445 4621 curas
483 4556 823 4634 insperseris,
870 4562 1112 4631 spiritum
1159 4560 1497 4629 exstingnis;
1544 4572 1598 4615 et
1639 4561 1684 4615 si
1729 4561 1861 4615 nihil

270 4660 389 4715 tale
413 4659 627 4724 feceris,
656 4655 903 4712 alicunde
926 4662 1105 4710 autem
1129 4654 1422 4708 adveniens
1446 4654 1662 4708 irruerit
1693 4663 1859 4708 tenta-

271 4755 356 4808 tZo
393 4752 683 4806 vehemens
723 4758 991 4817 tamquam
1035 4747 1256 4815 spiritus
1290 4745 1505 4815 aliquis,
1555 4755 1608 4800 et
1650 4745 1861 4799 ﬂamma

274 4860 390 4900 non
422 4845 490 4898 sit
514 4843 824 4905 vehemens,
847 4848 937 4892 aut
959 4838 1182 4892 multum
1212 4837 1413 4893 habens
1440 4838 1566 4902 olei,
1597 4846 1689 4891 aut
1717 4836 1861 4891 fora-

275 4953 408 4993 tnen
466 4951 573 4989 non
624 4931 993 4996 obstrttxeris,
1044 4940 1137 4985 aut
1174 4930 1371 4985 ostium
1424 4944 1528 4986 non
1572 4930 1862 4993 clauseris,

276 5042 507 5106 pereunt
535 5032 734 5086 omnia.

358 5124 710 5179 Altercationis
752 5119 974 5175 vitandw
1030 5117 1232 5171 modus.
1271 5115 1504 5183 ——Quid
1555 5124 1639 5170 est
1684 5126 1862 5169 autem

282 5218 567 5275 foramen?
594 5215 744 5270 Sicut
765 5214 814 5267 in
842 5212 1081 5271 lucerna,
1111 5210 1181 5263 ita
1209 5208 1371 5263 etiam
1392 5208 1443 5261 in
1476 5207 1651 5273 nobis,
1680 5207 1865 5262 oculus

280 5325 339 5369 et
367 5312 532 5367 auris.
564 5309 642 5365 Ne
670 5309 815 5362 sinas
842 5315 900 5359 ut
926 5305 978 5359 in
1009 5317 1104 5356 eos
1133 5302 1302 5355 irruat
1330 5301 1621 5355 vehemens
1646 5298 1866 5368 spiritus

282 5404 558 5475 nequitias,
588 5401 843 5471 quoniam
874 5398 1146 5451 lucernam
1191 5394 1499 5464 exstinguit,
1545 5392 1640 5448 sed
1670 5393 1862 5446 obtura

286 5499 483 5551 timore
513 5493 629 5547 Dei.
667 5489 739 5546 Os
768 5498 850 5544 est
878 5488 1075 5542 ostium
1106 5505 1118 5540 :
1148 5485 1338 5540 claude
1367 5494 1423 5540 et
1454 5486 1667 5548 obsera,
1714 5494 1770 5537 ut
1813 5494 1868 5539 et

282 5588 461 5642 lucem
508 5572 765 5651 praebeat,
807 5589 862 5636 et
907 5588 1183 5633 externam
1228 5577 1447 5646 repellat
1494 5576 1862 5644 irruptionem.

283 5674 529 5743 Exempli
554 5687 736 5737 causa,
763 5682 813 5726 te
839 5669 1164 5724 contumelia
1188 5667 1364 5721 aﬂecit
1388 5668 1671 5735 quispiam,
1702 5667 1865 5721 male-

283 5767 430 5823 dicto
456 5763 757 5834 appetivit?
801 5775 861 5815 os
908 5758 1097 5814 claude
1130 5776 1143 5812 :
1178 5773 1299 5812 nam
1342 5759 1385 5811 si
1416 5759 1709 5825 aperueris,
1739 5774 1865 5812 vcn-

288 5867 399 5914 tum
424 5856 648 5911 excitos.
679 5851 793 5907 Non
823 5849 969 5906 vides
994 5851 1044 5904 itt
1068 5849 1289 5914 sedibus,
1314 5848 1523 5918 quando
1545 5864 1610 5902 ex
1636 5848 1860 5902 adverso

1957 2280 2013 2328 et
2040 2273 2241 2328 directe
2285 2275 2532 2329 steterint
2567 2275 2685 2330 dua:
2707 2276 2908 2345 januae,
2955 2278 3127 2348 sitque
3153 2287 3344 2334 ventus
3374 2279 3539 2334 vehe-

1957 2379 2131 2431 mens,
2180 2364 2225 2418 si
2255 2366 2479 2420 alteram
2524 2366 2806 2433 clauseris,
2855 2378 2909 2422 et
2938 2368 3196 2424 adversus
3241 2385 3347 2423 non
3377 2369 3539 2424 fuerit

1956 2454 2132 2521 ﬂatus,
2167 2456 2307 2509 nihil»
2328 2465 2503 2525 potest
2529 2467 2742 2521 ventus,
2792 2458 2886 2513 sed
2928 2474 3121 2531 magna
3150 2475 3273 2529 pars
3306 2461 3426 2530 ejus
3451 2462 3537 2514 vi-

1954 2547 2092 2599 rium
2119 2546 2463 2615 praeciditur?
2494 2548 2569 2602 fta
2598 2563 2742 2603 nunc
2767 2564 3001 2619 quoque,
3032 2549 3151 2604 dua:
3189 2559 3312 2605 sunt
3335 2550 3535 2619 januze,

1957 2652 2018 2692 os
2050 2646 2217 2702 tuum,
2256 2646 2312 2692 et
2339 2637 2456 2707 ejus
2481 2639 2571 2709 qui
2604 2648 2655 2693 te
2699 2640 3040 2695 contumeliis
3065 2640 3230 2695 afficit
3268 2650 3324 2696 et
3348 2642 3537 2696 convi-

1956 2728 2055 2782 ciis
2086 2745 2101 2783 :
2136 2729 2182 2783 si
2233 2737 2376 2782 tuam
2421 2729 2717 2793 clauseris,
2760 2740 2817 2785 et
2862 2730 3044 2785 ﬂatum
3095 2731 3379 2787 adversum
3426 2748 3534 2787 non

1956 2820 2191 2885 dederis,
2223 2821 2519 2891 exstinguis
2559 2830 2731 2875 totum
2771 2823 3016 2890 Spiritum
3042 2839 3058 2888 ;
3090 2823 3173 2878 sin
3198 2835 3377 2879 autem
3407 2840 3539 2892 ape-

1956 2914 2149 2981 rueris,
2180 2929 2287 2968 non
2320 2922 2491 2983 potest
2519 2914 2778 2969 cohiberi.
2802 2915 2878 2969 Ne
2904 2915 3063 2983 igitur
3082 2915 3305 2983 gratiam
3328 2916 3532 2969 exstin-

1955 3019 2200 3073 guamus.
2234 3005 2389 3073 Saepe
2415 3016 2591 3059 autem
2627 3006 2906 3075 contingit,
2944 3015 3001 3059 ut
3029 3006 3129 3060 esti
3162 3006 3293 3060 nihil
3336 3006 3531 3060 irrum-

1957 3105 2067 3164 pat,
2086 3096 2454 3165 exstinguatur
2482 3095 2693 3149 ﬂamma
2726 3113 2740 3147 :
2768 3111 2891 3151 cum
2918 3095 3178 3151 defecerit
3198 3095 3536 3158 oleum,cum

1960 3187 2359 3257 eleemosynam
2413 3201 2518 3240 non
2574 3186 2838 3251 facimus,
2887 3187 3244 3253 exstinguitur
3292 3185 3534 3253 spiritus.

1959 3277 2170 3332 Etenim
2200 3277 2266 3332 ad
2297 3286 2348 3332 te
2372 3277 2519 3331 venit
2557 3292 2587 3331 a
2618 3277 2711 3331 Dei
2740 3277 3080 3346 cleemosyna
3129 3286 3185 3331 et
3224 3275 3536 3331 misericor-

1958 3367 2043 3421 dia
2072 3385 2085 3421 :
2115 3367 2308 3422 deinde
2335 3366 2479 3421 videt
2503 3366 2645 3436 apud
2678 3377 2727 3420 te
2756 3382 2861 3419 non
2884 3381 3005 3421 esse
3037 3365 3178 3419 hunc
3202 3364 3452 3428 fructum,
3481 3372 3538 3419 et

1959 3459 2168 3524 avolat;
2215 3475 2319 3514 non
2362 3468 2542 3512 manet
2584 3459 2728 3512 enim
2772 3459 2823 3511 in
2874 3459 3047 3511 anima
3105 3457 3535 3512 immisericordi.

1961 3550 2239 3604 Exstincto
2262 3558 2439 3604 autem
2470 3549 2681 3617 spiritu,
2718 3549 2919 3619 reliqua
2961 3548 3110 3602 scitis
3139 3556 3398 3617 quotquot
3422 3563 3536 3602 am-

1961 3638 2185 3693 bulastis
2231 3640 2281 3692 in
2330 3647 2485 3693 nocte
2516 3638 2689 3692 illuni.
2738 3638 2792 3693 Si
2834 3650 3011 3693 autent
3044 3639 3183 3691 viam
3215 3653 3334 3707 qtue
3364 3637 3465 3693 fert
3509 3654 3541 3691 a

1964 3740 2104 3805 terra
2134 3731 2184 3784 in
2216 3740 2415 3783 terram
2457 3738 2614 3784 noctu
2658 3730 2738 3784 ire
2766 3737 2850 3783 est
2878 3728 3115 3791 difﬁcile,
3142 3728 3411 3798 quomodo
3455 3738 3542 3785 est

1964 3829 2134 3875 tutum
2179 3821 2385 3891 ingredi
2410 3821 2490 3873 via
2518 3835 2638 3890 qute
2677 3836 2707 3874 a
2740 3829 2882 3875 terra
2910 3820 3057 3875 ducit
3084 3820 3136 3874 in
3177 3821 3407 3875 ca-lum?
3432 3820 3541 3875 Ne-

1964 3913 2111 3969 scitis
2132 3928 2291 3982 quam
2322 3912 2472 3966 mttlti
2504 3912 2610 3966 sint
2641 3912 2913 3966 daemones
2943 3911 2994 3965 in
3027 3911 3129 3965 hoc
3155 3912 3349 3979 spatio,
3378 3926 3538 3981 quam

1963 4006 2146 4060 multa:
2173 4006 2315 4072 ferte,
2349 4019 2506 4074 quam
2535 4005 2695 4059 multa
2717 4004 3012 4074 spiritualia
3039 4003 3326 4073 nequitia)?
3368 4005 3541 4073 Atque

1964 4101 2008 4154 si
2036 4099 2177 4153 illam
2208 4098 2423 4169 quidem
2461 4097 2753 4151 habeamus
2781 4097 2977 4163 lucem,
3012 4095 3141 4151 nihil
3167 4110 3264 4150 nos
3297 4103 3545 4165 poterunt

1966 4189 2161 4245 laedere
2193 4208 2205 4243 :
2235 4190 2319 4244 sin
2371 4198 2549 4243 autem
2599 4188 2742 4243 illam
2795 4188 3231 4250 exstinxerimus,
3287 4202 3385 4240 nos
3433 4186 3545 4240 cito

1966 4288 2310 4343 consumunt,
2340 4280 2448 4334 cito
2491 4279 2669 4332 omnia
2719 4287 2898 4332 nostra
2925 4276 3177 4331 auferunt
3203 4275 3543 4345 quandoqui—

1966 4370 2088 4424 dem
2117 4381 2170 4424 et
2193 4371 2430 4424 latrones
2455 4370 2715 4424 exstincta
2742 4368 2958 4422 lucerna
2978 4367 3191 4421 demum
3214 4366 3541 4419 latrocinan-

1970 4471 2074 4516 tur.
2106 4459 2237 4514 Nam
2268 4460 2341 4514 illi
2372 4460 2584 4529 quidem
2616 4458 2797 4529 vident
2822 4458 2873 4511 in
2904 4457 2985 4511 his
3008 4456 3263 4520 tenebris,
3293 4455 3554 4524 quoniam.

1970 4562 2133 4623 agunt
2158 4566 2275 4620 quae
2304 4559 2429 4605 Sunt
2460 4548 2832 4613 tenebrarum;
2866 4562 2963 4601 IlOS
3006 4556 3182 4600 autem
3228 4561 3331 4599 non
3363 4560 3563 4600 sumus

1970 4644 2168 4699 assueti
2198 4644 2271 4696 illi
2302 4643 2424 4697 luci.
2457 4641 2536 4696 Ne
2565 4656 2693 4711 ergo
2732 4642 2867 4695 hanc
2897 4640 3318 4710 cxstingnamtts.
3358 4638 3557 4692 Omnis

1971 4736 2111 4789 mala
2131 4735 2271 4789 actio
2296 4733 2588 4803 exstinguit
2615 4732 2752 4787 hanc
2780 4733 2976 4796 lucem,
3019 4741 3071 4786 et
3102 4731 3465 4793 maledictum,
3493 4739 3555 4786 et,

1972 4829 2295 4884 contumelia
2333 4836 2387 4883 et
2413 4825 2667 4896 quidquid
2697 4826 2919 4880 dixeris.
2960 4824 3109 4881 Sicut
3144 4826 3285 4879 enim
3319 4826 3370 4877 in
3404 4824 3555 4894 igne,

1971 4922 2225 4996 quidquid
2255 4930 2337 4976 est
2360 4920 2428 4974 ab
2453 4935 2519 4975 eo
2545 4920 2797 4983 alienum,
2829 4919 2972 4972 illum
3003 4919 3253 4988 perimit;
3287 4916 3336 4971 id
3368 4926 3551 4970 autem

1974 5033 2095 5073 eum
2127 5014 2374 5069 accendit
2394 5012 2535 5083 quod
2568 5021 2649 5066 est
2678 5012 2753 5065 illi
2784 5020 3063 5081 cognatum
3100 5026 3113 5062 :
3144 5011 3221 5064 sic
3250 5017 3303 5063 et
3333 5008 3384 5061 in
3410 5007 3553 5073 luce,

1972 5110 2017 5163 si
2046 5107 2172 5178 quid
2200 5115 2282 5160 est
2306 5107 2529 5171 siccum,
2562 5104 2607 5158 si
2635 5103 2760 5174 quid
2791 5103 3044 5166 calidum,
3077 5101 3120 5155 si
3148 5100 3273 5170 quid
3303 5099 3555 5168 ignitum,

1974 5199 2027 5254 id
2068 5191 2321 5253 accendit
2352 5195 2621 5250 ﬂammam
2667 5195 2908 5264 spiritus.
2955 5191 3098 5246 Nihil
3142 5205 3270 5261 ergo
3300 5189 3552 5258 frigidum

1974 5290 2284 5355 inferamus,
2319 5302 2417 5343 nec
2447 5286 2721 5341 humidum
2756 5303 2768 5337 :
2800 5284 2915 5339 haec
2938 5284 3079 5337 enim
3107 5280 3235 5335 illud
3262 5282 3554 5350 perimunt.

1975 5387 2070 5440 Est
2109 5385 2268 5439 etiam
2295 5383 2398 5437 alia
2441 5380 2728 5448 expositio.
2763 5376 2911 5431 Multi
2936 5375 3075 5445 apud
3106 5375 3270 5441 ipsos,
3313 5373 3403 5427 alii
3431 5371 3553 5441 qui-

1974 5478 2098 5531 dem
2145 5488 2271 5529 vere
2311 5471 2692 5542 przrdicebant,
2737 5468 2825 5521 alii
2866 5481 2995 5521 vero
3044 5464 3233 5518 falsum
3281 5461 3553 5517 dicebant.

1977 5570 2087 5625 Hoc
2107 5572 2269 5621 etiam
2321 5565 2453 5618 dicit
2500 5563 2555 5616 in
2602 5559 2841 5630 Epistola
2895 5557 2961 5612 ad
3010 5554 3335 5615 Corinthios,
3385 5554 3555 5608 Deum

1976 5669 2258 5731 prepterea
2279 5655 2492 5712 dedisse
2507 5652 2882 5707 discretionem
2906 5649 3185 5719 Spiritnum
3218 5647 3293 5717 (l.
3319 5648 3436 5701 Cor.
3466 5646 3553 5700 12.

1983 5754 2091 5823 10).
2124 5754 2251 5808 Nam
2283 5765 2402 5805 eum
2429 5748 2717 5803 sceleratus
2743 5746 2812 5799 sit
2832 5744 3098 5808 diabolus,
3128 5742 3297 5795 voluit
3326 5754 3421 5810 per
3452 5739 3554 5792 hnc

1979 5846 2175 5899 donum
2222 5842 2513 5913 prophetite
2552 5846 2734 5894 everte
2750 5851 2807 5891 re
2855 5835 3255 5890 universitatem
3287 5832 3563 5889 Ecclesiae.
