3964 6574
457 435 562 491 ωδ

462 553 591 605 Nam
630 550 752 619 quia
793 545 952 600 ambo
997 543 1171 597 lutura
1214 538 1594 610 prmdieebaut,
1644 545 1701 591 et
1730 533 1939 589 daemon
1982 541 2037 586 et

459 643 700 710 spiritus,
745 638 838 691 sed
885 637 974 690 ille
1002 632 1217 703 quidem
1263 630 1456 684 falsum
1486 627 1693 692 dicens,
1740 626 1825 678 hic
1859 631 2037 677 autem

459 746 678 792 verum;
703 740 959 797 nusquam
991 731 1196 792 poterat
1220 720 1525 774 alterutrius
1554 718 1721 787 accipi
1749 717 1957 785 signum
1982 722 2039 767 et

460 815 737 884 iudicium,
775 818 868 874 sed
906 818 1023 871 sine
1049 815 1361 871 discrimine
1388 821 1612 867 eventus
1649 810 1862 876 utrique
1891 807 2037 861 dice-

461 915 608 977 bant,
638 922 693 965 ut
720 910 982 967 Jeremias
1006 919 1061 963 et
1089 906 1336 963 Ezechiel
1366 923 1380 958 :
1405 920 1526 959 cum
1547 903 1782 957 venisset
1805 910 2034 968 tempus,

462 1002 673 1072 probati
691 1001 971 1055 fueruntet
989 997 1314 1069 deprehensi
1332 1013 1347 1060 ;
1366 994 1512 1050 dedit
1530 993 1670 1047 enim
1687 990 2039 1045 discretiones

461 1095 764 1166 spirituum.
797 1092 1059 1158 Quoniam
1090 1106 1218 1157 ergo
1245 1098 1370 1142 tunc
1397 1099 1607 1155 quoque
1634 1082 1772 1151 apud
1802 1081 2035 1134 Thessa-

462 1186 766 1240 lonicenses
797 1182 947 1237 multi
989 1179 1398 1251 prophetabant,
1431 1188 1565 1246 quos
1591 1173 1749 1229 etiam
1794 1171 1921 1225 alibi
1952 1170 2036 1222 iu-
2070 1232 2071 1235 η

462 1277 577 1330 nuit
598 1275 803 1339 dicens,
832 1273 914 1327 Ne
938 1272 1247 1334 terreamini,
1269 1283 1426 1337 neque
1450 1283 1539 1337 per
1562 1280 1860 1327 sermonem,
1885 1277 2039 1330 neque

465 1382 554 1433 per
584 1365 873 1433 epistolam,
903 1373 1159 1431 tamquam
1184 1376 1273 1428 per
1300 1374 1410 1421 nos,
1442 1356 1586 1425 quasi
1613 1354 1760 1407 ins.'et
1785 1354 1889 1405 dies
1931 1350 2037 1404 Do-

461 1456 587 1509 mini
632 1454 709 1525 (2.
743 1454 918 1508 Thess.
955 1452 1010 1506 2.
1040 1452 1137 1520 2);
1186 1465 1307 1503 cum
1356 1447 1442 1501 hic
1486 1446 1734 1510 dixisset,
1782 1443 2035 1512 Spiritum

459 1546 611 1599 nolite
640 1546 976 1615 exstinguere,
1004 1548 1304 1610 Opportune
1332 1538 1529 1607 adjecit
1564 1535 1862 1605 sequentia,
1900 1533 2033 1587 Pro-

458 1636 655 1706 phetias
700 1635 853 1688 nolite
902 1647 1155 1700 spernere.
1200 1629 1311 1683 Hoc
1347 1638 1452 1694 est,
1505 1626 1583 1681 Ne
1626 1626 1876 1694 quoniam
1913 1633 2036 1678 sunt

456 1727 597 1795 apud
640 1742 734 1781 vos
763 1725 926 1795 aliqui
966 1720 1463 1793 pseudoprophetas,
1494 1719 1590 1773 hos
1619 1733 1831 1788 quoque
1856 1716 2035 1786 prohi-

453 1818 625 1872 beatis
670 1825 725 1872 et
767 1814 1094 1871 aversemini
1128 1830 1140 1866 :
1172 1811 1337 1866 nolite
1390 1825 1486 1866 eos
1533 1809 1904 1877 exstinguere;
1934 1806 2035 1862 hoc

455 1917 559 1972 est,
592 1905 898 1975 Prophetias
924 1905 1079 1959 nolite
1097 1917 1356 1972 spernere.

522 1998 580 2051 2.
609 1996 771 2050 Vides
799 1994 936 2064 quod
971 1994 1072 2048 hoc
1103 1993 1173 2048 sit
1200 1991 1342 2063 quod
1375 1990 1503 2046 dicit
1531 2008 1544 2044 :
1577 1989 1761 2044 Omnia
1784 1987 2032 2057 probate?

451 2087 713 2154 Quoniam
746 2095 923 2140 autem
950 2083 1103 2150 dixit,
1136 2082 1438 2153 PrOphetias
1475 2081 1630 2135 nolite
1664 2096 1933 2148 spernere,
1963 2093 2032 2132 ne

451 2178 823 2234 existimarent
851 2192 973 2232 eum
993 2175 1241 2231 omnibus
1257 2174 1533 2245 aperuisse
1556 2182 1886 2244 suggestum,
1904 2170 2031 2225 0m-

450 2268 564 2331 nia,
586 2268 785 2337 inquit,
810 2268 1060 2339 probate;
1084 2268 1221 2338 quod
1251 2268 1439 2320 bonum
1464 2275 1540 2319 est
1573 2276 1757 2329 tenete,
1794 2266 1897 2321 hoc
1921 2276 2024 2329 est,

451 2371 547 2414 eas
589 2374 713 2428 qua:
742 2375 869 2414 vere
888 2369 1019 2415 sunt
1044 2358 1370 2429 prophetize.
1398 2356 1474 2411 Ab
1506 2359 1649 2409 omni
1671 2359 1840 2426 specie
1881 2357 2025 2410 mala

448 2448 689 2503 abstinete
714 2462 735 2502 :
759 2458 871 2501 non
888 2446 956 2500 ab
980 2444 1081 2501 hac
1105 2453 1198 2499 aut
1224 2444 1332 2511 illa,
1360 2443 1475 2509 sed,
1504 2444 1579 2497 Ab
1604 2444 1741 2497 omni
1772 2459 1791 2497 :
1818 2452 1871 2497 et
1900 2457 2029 2497 vera

448 2552 506 2596 et
530 2539 683 2605 falsa,
711 2549 767 2592 ut
794 2553 915 2593 cum
945 2537 1338 2593 examinatione
1366 2536 1685 2591 discernatis
1708 2577 1723 2599 ,
1752 2534 1895 2589 etab
1924 2534 2029 2588 illis

450 2633 785 2699 abstineatis,
814 2632 899 2687 his
923 2646 1053 2687 vero
1096 2630 1437 2685 adlimreatis.
1467 2630 1541 2683 lta
1568 2629 1708 2683 enim
1734 2638 1786 2683 et
1814 2628 2024 2683 illorum

447 2725 737 2780 vehemens
781 2723 883 2777 erit
910 2722 1092 2777 odium
1110 2763 1124 2785 ,
1152 2730 1206 2776 et
1246 2720 1438 2775 horum
1466 2735 1650 2785 amor,
1682 2719 1895 2789 quando
1920 2733 2026 2774 non

445 2818 636 2872 leviter
660 2826 714 2871 et
741 2815 874 2871 citra
901 2828 1149 2875 examen,
1174 2813 1272 2868 sed
1290 2820 1476 2866 exacte
1493 2821 1548 2866 et
1567 2821 1814 2866 accurate
1839 2810 2021 2865 omnia

447 2906 751 2963 fecerimus.
765 2905 856 2959 95.
879 2903 906 2956 1
913 2920 999 2973 pse
1017 2912 1183 2957 autem
1212 2902 1352 2957 Deus
1370 2903 1510 2972 pacis
1532 2902 1808 2970 sanctiﬁcet
1827 2917 1913 2956 vos
1937 2919 2025 2971 per

444 2999 636 3065 omnia,
667 3006 714 3051 et
734 2998 923 3066 integer
950 2997 1157 3065 spiritus
1185 3005 1347 3049 vester
1374 3005 1419 3049 et
1439 2997 1611 3048 animo
1641 3004 1688 3048 et
1709 3012 1895 3065 corpus
1913 2996 2024 3050 sine

442 3091 648 3159 querela
673 3088 724 3141 in
749 3088 962 3142 adventu
996 3088 1199 3141 Domini
1230 3087 1385 3140 nostri
1409 3085 1534 3140 Jesu
1565 3085 1750 3140 Christi
1778 3096 2019 3141 servetur.

444 3180 580 3236 Vide
598 3180 832 3235 doctoris
854 3178 1274 3235 benevolentiam
1295 3195 1309 3231 :
1330 3187 1449 3246 post
1464 3177 1878 3231 admonitionem
1900 3192 2024 3248 pre-

440 3288 534 3328 ces
558 3286 768 3342 quoque
796 3270 1085 3340 subjungil,
1113 3285 1219 3323 non
1247 3268 1418 3323 solum
1442 3283 1709 3333 sermone,
1735 3268 1828 3323 sed
1858 3269 2018 3323 etiam

440 3364 495 3418 ln
513 3363 710 3417 literis:
728 3376 862 3430 opus
879 3369 959 3415 est
976 3360 1117 3416 enim
1134 3360 1419 3413 etconsilio
1432 3368 1486 3411 et
1503 3359 1763 3426 precibus.
1782 3359 2023 3427 Propter-

441 3467 503 3506 ea
527 3467 623 3506 nos
635 3467 846 3521 quoque
869 3452 1012 3520 prius
1030 3450 1390 3515 consulentes,
1408 3459 1532 3503 tunc
1551 3465 1645 3517 pro
1659 3449 1811 3503 vobis
1835 3464 2019 3519 preces

439 3545 737 3600 fundimus:
760 3555 813 3598 et
838 3544 939 3598 hoc
960 3545 1133 3598 sciunt
1162 3544 1250 3614 qui
1282 3554 1403 3599 sunt
1423 3544 1588 3597 sacris
1611 3544 1799 3600 initiati
1830 3554 2022 3614 myste-

439 3638 553 3691 riis.
578 3637 681 3691 Sed
707 3637 902 3691 Paulus
923 3638 1138 3706 quidem
1157 3636 1351 3691 merito
1379 3636 1479 3691 hoc
1506 3636 1747 3700 faciebat,
1772 3651 2017 3707 magnam

439 3728 576 3796 apud
607 3728 772 3781 Deum
806 3728 1008 3782 habens
1038 3727 1286 3782 liduciam
1313 3737 1367 3782 et
1393 3728 1640 3797 loquendi
1671 3728 1969 3783 libertatem
2002 3747 2058 3785 :.

440 3834 539 3872 nos
566 3829 741 3873 autem
775 3829 827 3872 et
858 3820 1060 3886 pudore
1085 3818 1268 3873 sull'usi
1301 3835 1485 3872 sumus
1514 3861 1527 3883 ,
1560 3828 1612 3873 et
1638 3819 1882 3874 ﬁduciam
1912 3837 2016 3875 non

440 3910 728 3975 habemus;
763 3910 857 3964 sed
897 3910 1146 3977 quoniam
1174 3908 1242 3965 ad
1273 3913 1373 3964 hoc
1401 3912 1672 3966 constituti
1699 3923 1752 3967 et
1789 3914 2015 3969 ordinati

438 4014 645 4063 sumus,
690 4000 791 4053 hoe
840 3999 1067 4065 agimus,
1099 4014 1221 4053 cum
1267 3999 1465 4069 indigni
1515 4002 1730 4070 quidem
1760 4004 1926 4059 simus
1964 4015 2019 4059 et

438 4089 721 4154 adsistere,
753 4099 811 4145 et
856 4091 942 4143 vel
971 4090 1278 4144 ultimorum
1307 4091 1685 4161 discipulorum
1738 4094 1912 4150 locum
1942 4106 2019 4151 te-

439 4196 601 4245 nere;
646 4181 896 4250 quoniam
931 4190 1108 4235 autem
1136 4182 1297 4237 etiam
1350 4199 1444 4252 per
1485 4184 1733 4253 indignos
1763 4197 2016 4256 operatur

435 4273 624 4342 gratia,
672 4286 780 4327 non
818 4280 1035 4342 propter
1062 4271 1206 4342 ipsos
1231 4315 1247 4337 ,
1288 4274 1380 4329 sed
1427 4286 1644 4345 propter
1690 4291 1784 4332 eos
1825 4279 2016 4348 quibus

437 4374 562 4420 sunt
603 4363 901 4434 profutura,
932 4374 1111 4419 nostra
1144 4364 1436 4422 ali‘erimns.
1468 4368 1763 4437 Sanctiﬁcet
1792 4386 1898 4434 vos,
1928 4371 2014 4427 in-

436 4456 550 4524 quit
568 4497 582 4518 ,
630 4472 719 4527 per
743 4460 934 4521 ontnia,
962 4466 1007 4511 et
1034 4459 1225 4529 integer
1252 4459 1461 4528 spiritus
1498 4471 1655 4514 vester
1686 4472 1730 4515 et
1753 4464 1924 4517 anima
1968 4474 2015 4519 ct

437 4563 619 4612 corpus
682 4550 790 4602 sine
840 4550 1042 4619 querela
1093 4551 1147 4604 in
1190 4552 1409 4604 adventu
1450 4550 1652 4606 Domini
1691 4556 1850 4608 nostri
1889 4555 2015 4611 Iesu

436 4636 624 4693 Christi
652 4651 892 4694 servetur.
935 4641 1190 4711 Spiritum
1236 4642 1361 4713 quid
1406 4643 1491 4698 hic
1536 4644 2011 4706 dieit?Cltarisma

438 4746 532 4785 seu
563 4731 759 4785 donum
795 4734 1105 4802 gratuitum.
1136 4734 1265 4788 Nam
1290 4736 1335 4790 si
1371 4739 1752 4794 recesserimus
1777 4740 2014 4809 splendi-

436 4821 531 4875 das
552 4822 811 4877 habentes
843 4826 1133 4893 lampades,
1169 4828 1529 4896 ingrediemur
1558 4831 1606 4884 in
1629 4833 1809 4899 Sponsi
1839 4833 2013 4887 thala-

437 4928 581 4966 mum
614 4928 627 4964 :
674 4913 754 4966 sin
777 4925 957 4970 autem
986 4918 1293 4983 exetinetas,
1338 4935 1694 4989 nequaquam.
1725 4923 2010 4994 Propterea

435 5003 582 5063 dicit.
616 5003 819 5075 Integer
848 5016 1003 5061 vester
1029 5007 1238 5076 spiritus
1268 5025 1286 5062 :
1307 5010 1400 5063 illo
1426 5013 1568 5066 enim
1599 5025 1847 5069 manente
1872 5016 2012 5072 intc-

435 5110 551 5164 gro,
583 5105 637 5148 et
666 5096 709 5149 is
739 5104 937 5150 manet.
968 5095 1033 5150 Et
1062 5097 1255 5163 anima,
1289 5099 1475 5169 inquit,
1504 5111 1551 5155 et
1595 5119 1798 5173 corpus.
1829 5105 2012 5176 Neque

434 5189 575 5241 enim
601 5189 709 5256 ipsa
737 5188 935 5258 aliquid
964 5190 1158 5243 malum
1182 5191 1395 5261 accipit,
1428 5208 1525 5247 nec
1544 5194 1693 5249 illud.
1725 5196 1816 5252 24.
1852 5197 2012 5254 Fide-

433 5277 496 5331 lis
516 5287 588 5331 est
615 5280 701 5348 qui
739 5281 925 5332 vocavit
955 5297 1057 5343 vos,
1083 5283 1167 5350 qui
1195 5284 1345 5335 etiam
1374 5285 1543 5355 faciet.
1575 5286 1707 5342 Vide
1740 5288 2011 5345 humilita-

432 5376 587 5422 tem:
625 5386 743 5423 nam
774 5381 1048 5440 postquam
1097 5386 1342 5443 precatus
1396 5387 1498 5441 est,
1552 5378 1629 5433 Ne
1673 5382 2010 5451 existimetis,

433 5458 623 5528 inquit,
649 5462 787 5530 quod
819 5462 918 5517 hoc
947 5466 1035 5518 tiat
1063 5480 1128 5519 ex
1151 5468 1283 5522 meis
1307 5469 1573 5538 precibus,
1604 5472 1696 5525 sed
1726 5488 1790 5527 ex
1813 5490 2009 5545 propo-

435 5552 542 5604 sito
562 5567 667 5620 quo
696 5569 789 5607 vos
814 5558 1040 5609 vocavit.
1071 5556 1126 5612 Si
1158 5560 1299 5612 enim
1327 5561 1535 5614 vocavit
1555 5561 1620 5615 ad
1652 5564 1897 5630 salutem,
1928 5579 2011 5623 est

433 5653 610 5697 autem
661 5661 857 5710 verus,
904 5648 1122 5701 omnino
1181 5651 1405 5705 salutem
1462 5652 1609 5706 dabit
1679 5671 1799 5708 cum
1855 5659 2003 5713 velit.

431 5731 521 5785 25.
558 5733 783 5799 Fratres,
810 5748 948 5790 orate
967 5756 1062 5809 pro
1082 5740 1241 5795 nobis.
1273 5742 1450 5812 Papze,
1480 5754 1673 5813 quanta
1699 5746 1967 5804 humilitas
1992 5752 2005 5805 !

427 5820 533 5875 Sed
552 5821 635 5877 ille
656 5824 865 5894 quidem
890 5826 993 5885 hoc
1021 5829 1230 5885 diccbat
1252 5841 1466 5903 propter
1491 5834 1842 5895 humilitatem
1871 5857 1884 5908 ;
1912 5858 2009 5898 nos

1196 425 1253 482 s.
1293 421 1569 483 JOANNIS
1604 418 2074 477 CHRYSOSTOMI
2114 420 2426 477 ARClllEP.
2466 392 2990 483 cousrAN'rtsor.
3603 440 3687 494 ιω

2148 545 2325 589 autem
2357 552 2462 590 non
2492 547 2710 607 propter
2737 540 3112 607 humilitatem,
3135 543 3233 599 sed
3258 556 3471 615 propter
3495 550 3683 606 multam

2149 626 2452 693 utilitatem,
2487 639 2539 682 et
2560 648 2588 682 a
2623 632 2773 685 vobis
2802 648 3049 699 inagnum
3078 636 3284 705 aliquod
3316 640 3516 693 lucrum
3540 642 3682 697 volen-

2148 723 2229 768 tes
2288 718 2561 785 accipere,
2614 719 2842 775 dicimus
2901 740 2915 776 :
2967 723 3130 778 Orate
3183 725 3341 780 etiam
3402 745 3495 796 pro
3538 732 3679 788 nobis.

2144 804 2274 858 Nam
2323 810 2419 861 etsi
2474 825 2579 863 non
2626 826 2868 881 magnam
2922 829 3019 868 nec
3059 815 3425 873 admirandam
3481 836 3509 874 a
3562 824 3683 878 nobis

2143 897 2379 963 accipitis
2423 899 2722 968 utilitatem,
2778 902 2871 956 sed
2918 913 3092 958 tamen
3146 916 3361 975 promer
3411 909 3570 977 ipsum
3609 914 3684 967 hu-

2144 1000 2349 1051 norem,
2398 999 2612 1057 propter
2649 992 2814 1060 ipsam
2872 997 3299 1063 appellationem.
3349 1001 3532 1055 llabuit
3565 1008 3683 1071 quis-

2146 1074 2283 1140 piam
2337 1080 2620 1146 aliquando
2680 1083 2857 1149 lilios,
2898 1094 2952 1139 et
3006 1096 3180 1140 tamen
3216 1090 3424 1142 etiamsi
3470 1092 3573 1160 ipse
3610 1111 3684 1149 eos

2144 1165 2271 1217 nihil
2312 1167 2525 1234 juverit,
2583 1172 2676 1225 sed
2723 1183 2895 1229 tamen
2949 1179 3195 1245 quoniam
3253 1180 3349 1233 luit
3404 1193 3561 1248 pater,
3603 1185 3684 1242 hoc

2144 1254 2274 1310 forte
2327 1260 2404 1312 eis
2460 1260 2803 1331 improperat,
2859 1265 3041 1321 dicens
3093 1286 3105 1319 :
3153 1269 3271 1323 Uno
3324 1271 3413 1325 die
3450 1289 3547 1327 non
3589 1291 3682 1331 sum

2142 1362 2169 1397 a
2219 1349 2367 1403 vobis
2416 1362 2632 1406 vocatus
2674 1366 2843 1423 pater.
2876 1358 3160 1427 Propterea
3193 1378 3288 1415 nos
3333 1378 3541 1432 quoque
3573 1368 3680 1424 dici-

2142 1451 2258 1489 llllls
2289 1454 2300 1490 :
2334 1438 2493 1496 Orate
2518 1444 2677 1498 etiam
2704 1463 2797 1513 pro
2816 1449 2966 1502 nobis
2991 1466 3004 1511 ;
3040 1466 3143 1502 non
3165 1460 3367 1507 temere
3394 1454 3678 1522 hocdicens,

2141 1528 2234 1581 sed
2285 1542 2489 1587 vestras
2536 1551 2722 1602 preces
2764 1540 2919 1593 valde
2961 1541 3295 1599 desiderans.
3343 1546 3399 1601 Si
3430 1551 3563 1603 enim
3586 1566 3678 1606 sum

2140 1618 2403 1676 obnoxius
2455 1626 2696 1679 omnium
2739 1639 2973 1684 vestrum
3025 1647 3207 1686 curam
3256 1652 3465 1704 gerere,
3512 1650 3681 1697 etsutn

2140 1708 2443 1767 redditurus
2470 1714 2727 1770 rationem
2759 1735 2773 1770 :
2800 1720 2967 1773 multo
2994 1724 3159 1791 magis
3186 1724 3362 1782 debeo
3393 1739 3585 1785 vestras
3607 1748 3681 1786 as-

2137 1800 2288 1869 sequi
2331 1817 2536 1871 preces.
2572 1804 2796 1876 Propter
2822 1824 2917 1863 vos
2963 1825 3079 1867 sum
3105 1816 3275 1884 magis
3305 1817 3563 1874 obnoxius
3584 1824 3679 1877 red-

2137 1889 2327 1952 dendis
2369 1894 2699 1964 rationibus,
2747 1908 2801 1952 et
2838 1914 2935 1955 vos
2965 1918 3094 1973 ergo
3123 1905 3253 1961 mihi
3297 1908 3507 1965 debetis
3538 1915 3679 1984 majus

2134 1980 2262 2035 dare
2289 1984 2563 2040 auxilium.
2590 1986 2679 2041 26.
2725 1988 2958 2046 Salutate
3020 1998 3204 2063 fratres
3252 2015 3431 2055 omnes
3460 2003 3510 2055 in
3535 1980 3680 2059 oscilla

2134 2083 2327 2129 sancto.
2378 2075 2553 2144 Pajxe,
2591 2089 2821 2147 quantus
2866 2082 3055 2139 ardor!
3082 2102 3255 2157 papa},
3286 2106 3413 2159 quae
3452 2108 3592 2148 mens
3626 2107 3671 2150 et

2134 2160 2254 2229 quis
2296 2165 2504 2218 animus
2530 2167 2543 2219 !
2592 2168 2853 2234 Quoniam
2873 2212 2888 2237 ,
2918 2186 3038 2227 cum
3084 2186 3228 2231 esset
3256 2179 3457 2235 absens
3479 2224 3495 2248 ,
3525 2186 3679 2238 oscqu

2134 2265 2227 2305 eos
2269 2254 2503 2311 salutare
2540 2273 2645 2314 non
2681 2270 2934 2329 poterat,
2982 2280 3077 2333 per
3099 2268 3236 2324 alios
3261 2286 3361 2326 eos
3386 2273 3587 2329 salutat.
3611 2277 3679 2333 Sic

2134 2355 2232 2397 nos
2256 2344 2499 2414 facimus,
2530 2357 2587 2403 ut
2614 2353 2825 2420 quando
2840 2354 3070 2411 dicimus
3098 2375 3112 2411 :
3144 2359 3247 2416 Pro
3276 2379 3367 2418 me
3411 2381 3527 2420 eum
3548 2383 3675 2423 oscu-

2133 2434 2260 2488 lare.
2316 2435 2388 2490 lta
2434 2453 2528 2494 vos
2576 2456 2788 2513 quoque
2833 2456 3011 2503 tenete
3051 2449 3223 2518 ignem
3252 2456 3493 2511 caritatis
3542 2478 3554 2512 :
3593 2477 3674 2515 non

2131 2525 2272 2579 enim
2301 2529 2529 2585 sustinet
2560 2531 2798 2588 locorum
2824 2537 3123 2604 intervalla,
3156 2545 3247 2597 sed
3276 2548 3442 2601 etiam
3474 2566 3560 2617 per
3585 2568 3674 2605 me-

2130 2614 2246 2671 dias
2272 2618 2382 2671 vias
2413 2621 2643 2689 seipsam
2679 2627 2939 2692 extendit,
2968 2640 3017 2683 et
3035 2631 3186 2686 adest
3215 2636 3437 2705 ubique.
3475 2614 3564 2693 v27.
3590 2642 3675 2694 Ad-

2124 2705 2242 2777 juro
2272 2723 2356 2761 vos
2402 2727 2490 2778 per
2516 2711 2825 2780 Dominum,
2854 2727 2909 2771 ut
2936 2720 3132 2790 legatur
3170 2725 3387 2794 epistola
3414 2730 3515 2783 ha’c
3540 2734 3671 2785 amni-

2129 2797 2218 2851 bus
2240 2801 2425 2855 sanctis
2452 2803 2713 2868 fratribus.
2749 2807 2863 2863 Hoc
2882 2826 3096 2880 quoque
3122 2817 3361 2872 maxime
3386 2830 3468 2873 est
3490 2822 3669 2877 deside-

2126 2890 2214 2956 rii,
2248 2909 2353 2946 non
2402 2894 2539 2949 adeo
2588 2896 2911 2954 doctrinae:
2962 2912 3019 2956 ut
3069 2904 3192 2959 illos
3226 2922 3462 2978 quoque,
3512 2912 3668 2980 inquit,

2126 2982 2386 3052 alloquar.
2418 2986 2508 3041 28.
2537 2986 2715 3042 Gratia
2742 2989 2949 3045 Domini
2979 2996 3139 3048 nostri
3163 2995 3291 3052 Jesu
3322 2998 3510 3055 Christi
3537 3002 3671 3055 vobis-

2125 3092 2259 3128 cum.
2293 3078 2472 3132 Amen.
2503 3080 2616 3134 Non
2666 3081 2856 3139 leviter
2886 3086 3165 3156 przeccpit,
3197 3090 3295 3145 sed
3326 3092 3568 3161 adjurans
3590 3136 3603 3160 ,
3628 3103 3669 3149 et

2127 3168 2228 3221 hoc
2277 3184 2489 3239 queque
2532 3188 2597 3227 ex
2649 3172 2875 3230 ferventi
2924 3178 3123 3240 animo.
3167 3190 3225 3234 ut
3267 3183 3478 3237 etiamsi
3527 3184 3666 3253 ipsum

2123 3258 2488 3328 despexerint,
2515 3273 2734 3333 propter
2751 3264 3138 3335 adjurationem
3168 3269 3365 3326 faciant
3384 3273 3519 3343 quod
3534 3273 3667 3329 fuerit

2130 3360 2476 3421 pne-ceptum.
2538 3354 2666 3424 Ejus
2721 3357 2797 3411 rei
2847 3372 3096 3428 magnum
3144 3360 3417 3417 habebant
3462 3374 3665 3426 metum;

2126 3457 2267 3496 nunc
2306 3453 2481 3498 autem
2528 3447 2629 3502 hoc
2671 3463 2883 3518 quoque
2910 3458 2994 3504 est
3040 3453 3431 3508 conculcatum.
3470 3458 3529 3509 Et
3550 3470 3667 3525 saepe

2114 3535 2381 3611 contingit
2408 3546 2463 3590 ut
2497 3553 2628 3605 puer
2657 3540 2836 3605 ﬂagris
2866 3541 3102 3596 credatur
3128 3553 3182 3596 et
3212 3543 3378 3598 Deum
3409 3546 3601 3615 adjuret
3625 3556 3667 3599 et

2121 3625 2392 3680 Christum
2423 3627 2561 3695 eius,
2593 3637 2649 3683 et
2678 3629 2820 3683 dicat
2845 3672 2859 3695 ,
2892 3630 2965 3684 Ita
2993 3631 3324 3688 Christianus
3353 3637 3601 3699 moriaris,
3624 3646 3667 3690 et

2121 3731 2280 3770 nemo
2296 3718 2553 3784 attendat,
2569 3736 2726 3774 nemo
2737 3721 2976 3777 advertat
2990 3734 3044 3777 et
3067 3734 3217 3781 curet
3240 3741 3254 3778 :
3291 3727 3374 3780 sin
3399 3739 3565 3782 autem
3592 3743 3664 3796 per

2123 3809 2398 3878 proprium
2430 3810 2643 3881 adjuret
2670 3814 2857 3881 lilium,
2880 3816 3058 3871 statim
3089 3826 3142 3871 et
3173 3817 3371 3874 invitus
3399 3831 3450 3875 et
3468 3819 3665 3874 stridens

2121 3902 2369 3957 dentibus
2391 3944 2405 3966 ,
2446 3904 2577 3958 iram
2608 3907 2847 3960 remittit.
2876 3908 3025 3962 Alius
3072 3924 3256 3965 rursus
3283 3910 3408 3965 dum
3441 3912 3661 3975 trahitur;

2121 4001 2175 4046 et
2200 3992 2251 4046 in
2282 3994 2457 4049 medio
2486 3995 2604 4050 l‘oro
2631 3996 2911 4052 abducitur
2933 4040 2949 4066 ,
2974 3998 3305 4058 adstantibus
3334 4012 3390 4058 et
3416 4002 3599 4058 Graecis
3622 4010 3663 4055 et

2118 4083 2340 4151 Iudaeis,
2372 4085 2603 4141 maxime
2635 4086 2917 4143 horrendis
2940 4104 3061 4145 eum
3101 4090 3191 4161 qui
3228 4092 3445 4148 abducit
3485 4094 3660 4162 adjurat

2119 4176 2488 4241 sacramentis,
2509 4188 2564 4233 et
2586 4194 2742 4235 nemo
2757 4181 3000 4236 attendit.
3021 4181 3157 4249 Quid
3179 4200 3283 4238 non
3301 4184 3477 4240 dicent
3496 4184 3658 4247 Graci,

2117 4267 2332 4337 quando
2382 4268 2553 4326 ﬁdelis
2603 4270 2813 4341 adjurat
2867 4272 3075 4329 lidelem
3122 4286 3175 4330 et
3216 4275 3585 4343 Christianum,
3616 4285 3659 4330 et

2119 4360 2261 4414 nulla
2285 4362 2403 4430 ejus
2428 4361 2652 4418 habetur
2675 4364 2811 4418 ratio
2835 4404 2851 4430 ,
2874 4364 2966 4418 sed
2999 4367 3157 4420 etiam
3187 4367 3542 4436 despicimus?

2188 4453 2240 4507 ὅ.
2271 4451 2501 4506 Historia
2527 4455 2795 4524 cujusdam
2834 4454 3053 4509 ancilla.
3083 4486 3155 4496 —
3179 4456 3353 4512 Vultis
3386 4474 3493 4513 rem
3532 4457 3655 4511 vobis

2119 4560 2352 4610 narrem,
2378 4560 2537 4615 quam
2567 4545 2683 4615 ipse
2710 4546 2930 4600 audivi?
2960 4562 3132 4616 neque
3172 4548 3311 4602 enim
3345 4564 3455 4604 rem
3483 4550 3654 4616 ﬁngens

2116 4635 2256 4699 dico,
2287 4634 2379 4689 scd
2411 4634 2647 4689 auditam
2674 4650 2704 4689 a
2733 4636 2846 4689 viro
2877 4636 2980 4690 lide
3008 4636 3190 4705 digno.
3220 4638 3425 4691 Ancilla
3446 4638 3652 4707 quaedam

2115 4726 2327 4781 cuidam
2352 4729 2467 4780 viro
2498 4726 2743 4795 improbo
2787 4736 2841 4780 et
2884 4728 3091 4796 impure
3136 4726 3354 4797 fugitivo
3384 4731 3651 4799 conjuncta,

2118 4820 2251 4888 ipsa,
2300 4835 2421 4874 cum
2470 4818 2551 4873 vir
2595 4818 2711 4889 ejus
2754 4819 2976 4873 multum
3021 4831 3309 4888 peccasset,
3339 4834 3391 4876 et
3418 4821 3650 4876 adomiua

2115 4926 2258 4969 esset
2295 4914 2602 4969 vendendus
2632 4931 2644 4967 :
2674 4913 2875 4983 majora
2905 4914 3047 4969 enim
3098 4924 3249 4970 erant
3289 4929 3494 4986 peccata
3522 4932 3649 4986 quam

2118 5016 2174 5059 ut
2202 5008 2247 5059 ei
2270 5006 2383 5059 dari
2408 5014 2587 5075 poSset
2612 5007 2765 5061 venia
2789 5022 2804 5072 ;
2837 5015 2892 5061 et
2918 5006 3111 5063 mulier
3140 5019 3255 5062 erat
3283 5009 3452 5075 vidua,
3481 5020 3528 5063 et
3551 5023 3647 5061 eum

2115 5099 2398 5168 castigare,
2430 5114 2550 5154 cum
2577 5098 2692 5169 ejus
2735 5098 2950 5154 domum
2982 5099 3233 5170 perderet
3260 5142 3275 5166 ,
3310 5117 3414 5156 non
3443 5108 3646 5171 poterat;

2114 5190 2209 5245 sed
2246 5192 2758 5248 statueratvendere
2794 5191 3026 5246 :deinde
3052 5207 3173 5248 esse
3213 5192 3468 5248 nefarium
3494 5191 3647 5247 existi-

2116 5298 2267 5337 mans
2292 5284 2504 5339 domina
2531 5286 2702 5339 virum
2730 5286 2798 5339 ab
2827 5300 2991 5339 uxore
3021 5300 3295 5354 separare,
3326 5288 3503 5340 maluit
3530 5285 3646 5338 illam

2117 5378 2390 5430 mulierem
2419 5378 2660 5446 quamiis
2689 5377 2896 5447 l‘rugiet
2925 5376 3105 5430 utilem
3134 5377 3289 5431 simul
3320 5393 3438 5431 cum
3468 5393 3525 5431 eo
3546 5390 3643 5428 ven-

2115 5469 2241 5524 dere
2267 5510 2281 5536 ,
2315 5485 2473 5539 quam
2506 5470 2645 5523 illaut
2675 5471 3092 5539 separationem.
3132 5470 3331 5525 Videns
3356 5486 3478 5540 ergo
3500 5467 3641 5538 puella

2116 5575 2173 5615 se
2217 5575 2335 5615 esse
2387 5562 2656 5615 redactam
2688 5564 2739 5615 in
2770 5577 3014 5631 magnam
3044 5562 3204 5615 animi
3256 5564 3640 5632 perplexitatem,

2115 5653 2331 5707 veniens
2358 5656 2421 5707 ad
2456 5656 2802 5709 reverendam
2834 5670 3114 5723 personam
3141 5655 3370 5709 domin-.e
3397 5671 3498 5711 sna:
3522 5651 3642 5707 fatui-

2116 5746 2317 5809 liarem,
2351 5763 2468 5814 qua:
2498 5757 2551 5801 et
2578 5747 2707 5801 mihi
2739 5747 3006 5811 narravit,
3039 5758 3090 5799 et
3129 5762 3297 5816 genua
3331 5743 3639 5815 prehendeuS.

2113 5839 2442 5909 nmltumquc
2485 5840 2784 5911 laerymans
2831 5847 2881 5892 et
2922 5837 3147 5907 ejulans,
3192 5838 3390 5908 rogavit
3436 5843 3483 5890 ut
3519 5844 3638 5889 suam
