3964 6556
242 459 369 516 465

246 576 457 645 δηλοῦν
480 576 751 648 βούλεται,
781 578 940 634 τοῦτό
971 582 1089 635 ἐστι
1111 599 1125 613 ”
1146 585 1236 638 Μή
1270 583 1456 655 ἐπειδή
1486 601 1630 647 τινες
1649 581 1844 653 ψευδο-

246 662 552 731 προφῆται
584 664 720 733 παρ’
754 663 887 733 ύμῖν
912 666 1043 729 είοι,
1076 665 1146 719 δι’
1188 668 1434 730 ἐκείνους
1476 668 1572 720 καὶ
1620 667 1847 729 τούτους

244 746 545 815 κωλύσητε
570 748 662 801 καὶ
685 747 1078 819 ἀποπραφῆτε
1107 750 1336 814 αὐτούς’
1366 750 1442 820 μὴ
1467 750 1725 804 σϐέννυτε
1756 748 1849 803 αύο

239 832 419 893 τούς·
459 831 730 897 τουτέστι,
765 833 1135 900 προφητείας
1154 833 1240 903 μὴ
1264 833 1656 898 ἐξουθενεῖτε.

331 916 398 986 β’.
416 917 583 987 Ὁρᾷς
596 918 680 970 ὅτι
697 916 856 971 τοῦτό
870 920 1018 972 ἐστιν
1031 921 1059 973 ὅ
1075 936 1233 990 φησι,
1257 919 1460 975 Πάντα
1481 919 1843 990 δοκιμάζετε.

258 1003 491 1075 Ἐπειδὴ
521 1000 664 1068 εἷπε,
696 1006 1065 1075 Προφητείας
1097 1005 1184 1075 μὴ
1211 1007 1601 1073 ἐξουθενεῖτε,
1644 1008 1730 1061 ἵνα
1770 1007 1848 1078 μὴ

243 1090 557 1158 νομίσωσιν
586 1090 667 1143 ὅτι
698 1092 865 1145 πᾶσιν
895 1092 1097 1163 ἀνέῳξε
1128 1096 1191 1145 τὸ
1227 1093 1401 1164 βῆμα,
1438 1094 1659 1156 Πάντα.
1689 1096 1845 1165 φησὶ,

241 1174 626 1246 δοκιμάζετε,
669 1178 736 1232 τὸ
788 1178 858 1231 δὲ
890 1180 1085 1232 καλὸν
1114 1180 1415 1248 κατέχετε,
1449 1181 1716 1247 τουτέστι,
1746 1180 1846 1244 τάς

241 1262 429 1326 ὅντως
464 1264 803 1334 προφητείας
823 1276 871 1319 ε.
916 1264 1060 1319 Ἀπὸ
1088 1265 1318 1330 παντὸς
1346 1264 1547 1331 εἴδους
1574 1265 1845 1333 πονηροῦ

240 1344 558 1413 ἀπέχεσθε
576 1361 593 1378 ο
619 1346 695 1416 μὴ
723 1345 913 1399 τούτου
947 1346 982 1417 ἢ
1017 1347 1248 1408 ἐκείνου,
1268 1346 1405 1411 ἀλλ’,
1430 1348 1572 1401 Ἀπὸ
1596 1347 1841 1413 παντός·

242 1438 352 1489 καὶ
382 1436 452 1489 τά
472 1435 641 1507 ψευδῆ
668 1436 760 1489 καὶ
799 1437 866 1489 τά
886 1436 1063 1506 ἀληθῆ
1094 1436 1182 1490 ἵνα
1211 1436 1349 1505 μετά
1374 1437 1702 1506 δοκιμασίας
1729 1438 1845 1491 δια-

240 1522 505 1592 κρίνητε,
539 1523 632 1575 καὶ
658 1521 883 1575 ἐκείνων
908 1522 1214 1593 ἀπέχησθε,
1256 1524 1352 1577 καὶ
1385 1524 1591 1577 τούτων
1618 1523 1842 1595 ἐχησθε.

240 1605 419 1659 Οῦτω
456 1605 565 1676 γὰρ
618 1606 886 1659 κάκείνων
931 1607 1160 1676 σφοδρὸν
1208 1606 1272 1659 τὸ
1322 1609 1481 1677 μῖσος
1526 1606 1703 1675 ἐσται,
1748 1608 1844 1661 καὶ

240 1689 467 1742 τούτων
514 1693 546 1759 ἡ
607 1688 757 1761 [504]
807 1690 993 1759 ἀγάπη
1046 1689 1279 1757 γίνεται,
1331 1692 1462 1744 ὅταν
1519 1692 1594 1761 μὴ
1656 1691 1844 1755 ἁπλῶς

245 1774 401 1843 μηδέ
447 1772 857 1839 ἀνεξετάστως,
921 1772 1058 1826 ἀλλά
1112 1774 1251 1843 μετὰ
1292 1773 1576 1844 ἀκριϐείας
1630 1775 1845 1828 ἅπαντα

243 1862 609 1931 πράττωμεν.
647 1860 842 1924 Αὐτὸς
888 1859 957 1914 δὲ
1005 1861 1041 1918 ὁ
1073 1861 1216 1926 Θεὸς
1248 1860 1361 1930 τῆς
1399 1861 1645 1931 εἰρήνης
1679 1860 1844 1932 ἁγιά-

244 1965 365 2002 σαι
420 1948 577 2017 ὑμᾶς
632 1948 954 2015 ὁλοτελεῖς,
1007 1949 1108 2003 καί
1165 1950 1511 2018 ὁλόκληρον
1565 1949 1734 2019 ὑμῶν
1774 1950 1843 2004 τὸ

242 2032 499 2101 πνεῦμα
550 2030 650 2085 καί
691 2032 731 2101 ἡ
784 2030 958 2101 ψυχὴ
1002 2032 1102 2089 καί
1140 2033 1206 2085 τὸ
1234 2032 1407 2103 σῶμα
1436 2033 1741 2103 ἀμέμπτως
1775 2034 1846 2087 ἐν

245 2118 333 2187 τῇ
368 2119 675 2187 παρουσίᾳ
720 2118 827 2173 τοῦ
877 2118 1103 2186 Κυρίου
1145 2118 1318 2188 ἡμῶν
1359 2119 1564 2186 Ἰησοῦ
1593 2121 1845 2190 Χριστοῦ

244 2207 567 2275 τηρηθείη.
589 2207 734 2277 Ὅρα
767 2204 1090 2260 διδασκάλου
1131 2206 1547 2277 φιλοστοργίαν*
1581 2208 1720 2280 μετά
1746 2207 1845 2279 τὴν

247 2294 587 2366 παραίνεσιν
629 2294 729 2346 καὶ
769 2291 936 2365 εὐχήν
973 2293 1172 2361 ἐπάγει
1202 2310 1216 2324 ·
1256 2295 1351 2347 καὶ
1375 2294 1437 2347 οὐ
1464 2294 1620 2349 τοῦτο
1662 2296 1842 2365 μόνον,

247 2378 402 2433 ἀλλά
424 2379 518 2431 καὶ
550 2379 610 2431 ἐν
638 2379 749 2440 τοῖς
777 2377 1071 2447 γράμμασι
1097 2389 1113 2405 ⁸
1143 2376 1224 2429 δεῖ
1254 2376 1365 2448 γὰρ
1404 2378 1499 2431 καὶ¹
1527 2378 1845 2449 συμϐουλῆς

248 2462 359 2516 καὶ
406 2462 589 2531 εὐχῆς.
631 2460 731 2514 Διά
769 2458 930 2513 τοῦτο
972 2459 1067 2513 καὶ
1101 2461 1266 2530 ἡμεῖς
1296 2459 1563 2532 πρότερον
1608 2462 1847 2531 συμϐου-

247 2545 534 2609 λεύοντες,
556 2543 676 2597 τότε
705 2543 804 2607 τάς
844 2542 988 2614 ὑπὲρ
1017 2542 1172 2610 ὑμῶν
1195 2543 1359 2613 εύχάς
1391 2542 1693 2615 ποιούμεθα
1718 2561 1731 2575 ·
1750 2548 1847 2599 καὶ

246 2628 421 2682 τοῦτο
448 2630 629 2682 ίσασιν
657 2628 706 2679 οί
736 2625 1101 2697 μεμυημένοι.
1120 2624 1262 2678 Ἀλλ’
1289 2627 1318 2678 ό
1352 2626 1453 2697 μὲν
1480 2627 1693 2691 Παῦλος
1709 2630 1848 2683 είκό-

247 2729 371 2774 τως
405 2710 565 2763 τοῦτο
589 2709 786 2774 ἐποίει,
823 2708 1026 2779 πολλὴν
1051 2709 1189 2781 πρὸς
1211 2708 1305 2762 τὸν
1337 2708 1470 2763 Θεὸν
1498 2711 1599 2781 τὴν
1624 2713 1846 2783 παρῤη-

254 2795 388 2849 σίαν
426 2794 566 2865 ἐχων
592 2810 606 2823 ο
659 2795 823 2864 ἡμεῖς
870 2792 927 2845 δὲ
968 2792 1421 2863 κατῃσχυμμένοι
1454 2794 1551 2847 καὶ
1583 2794 1844 2867 ἀπαρῤη-

251 2880 476 2934 σίαστοι
491 2878 641 2940 ὄντες
660 2892 674 2906 ⁸
693 2877 808 2930 ἀλλ’
830 2875 1019 2947 ἐπειδὴ
1048 2878 1131 2938 είς
1147 2874 1307 2929 τοῦτο
1330 2876 1656 2948 ἐτάχθημεν,
1682 2878 1848 2949 πράτ-

248 2981 429 3033 τομεν
451 2961 603 3025 αὐτὸ,
616 2959 823 3025 ἀνάξιοι
840 2959 937 3031 μὲν
956 2959 1106 3023 ὄντες
1128 2959 1221 3013 καὶ
1250 2961 1608 3031 παρεστάναι,
1628 2961 1848 3017 καὶτῶν

254 3054 510 3124 ἐσχάτων
541 3049 803 3122 μαθητῶν
829 3048 921 3102 τὸν
945 3048 1110 3103 τόπον
1146 3048 1364 3119 ἐπέχειν
1396 3066 1410 3080 ο
1440 3052 1633 3121 ἐπειδὴ
1663 3052 1722 3105 δέ
1753 3052 1849 3107 καὶ

254 3138 328 3192 δι’
353 3136 585 3203 ἀναξίων
621 3137 653 3205 ἡ
681 3136 840 3205 χάρις
869 3134 1103 3202 ἐνεργεῖ,
1137 3133 1199 3186 ού
1224 3133 1293 3187 δι’
1333 3134 1553 3201 αὐτοὺς,
1586 3135 1727 3191 ἀλλά
1759 3137 1849 3192 διά

253 3222 392 3284 τοὺς
440 3219 733 3291 μέλλοντας
791 3215 1119 3285 ὠφελεῖσθαι
1163 3215 1235 3269 τὰ
1298 3219 1430 3289 παρ’
1483 3219 1693 3273 ἐαυτῶν
1739 3222 1852 3274 είσ-

253 3306 524 3376 φέρομεν.
560 3301 833 3371 Ἀγιάσαι
893 3299 1070 3370 ὑμᾶς,
1122 3300 1308 3372 φησιν,
1359 3303 1682 3371 ὁλοτελεῖς,
1748 3307 1849 3359 καὶ

254 3391 602 3458 ὀλόκληρον
658 3387 826 3456 ὑμῶν
872 3385 942 3439 τὸ
992 3385 1228 3455 πνεῦμα
1271 3385 1369 3439 καί
1427 3386 1467 3453 ἡ
1521 3386 1691 3456 ψυχὴ
1751 3390 1853 3445 καί

253 3479 329 3532 τὸ
364 3475 544 3545 σῶμα
586 3474 906 3544 ἀμέμπτως
958 3473 1029 3527 ἐν
1089 3471 1167 3540 τῇ
1206 3474 1511 3541 παρουσίᾳ
1567 3474 1675 3529 τοῦ
1738 3481 1854 3531 Κυ-

248 3562 395 3631 ρίου
437 3559 607 3629 ἡμῶν
656 3556 853 3627 Ἰησοῦ
890 3555 1148 3627 Χριστοῦ
1194 3556 1496 3625 τηρηθείη.
1537 3557 1611 3612 Τὸ
1638 3560 1855 3632 πνεῦμα

252 3647 311 3699 τί
343 3663 509 3716 φησιν
541 3641 778 3697 ἐνταῦθα
800 3658 816 3707 ;
842 3642 915 3695 Τὸ
942 3641 1325 3713 χάρισμα.”Αν
1372 3641 1470 3711 μὲν
1528 3642 1639 3714 γὰρ
1696 3644 1851 3715 ἕχον-

256 3746 357 3792 τες
414 3727 672 3800 λαμπρὰς
722 3727 821 3790 τάς
861 3722 1153 3796 λαμπάδας
1202 3722 1563 3793 ἀπέλθωμεν,
1620 3727 1854 3780 είσελευ-

260 3819 473 3889 σόμεθα
501 3819 580 3880 είς
611 3816 702 3869 τὸν
728 3812 995 3885 νυμφῶνα
1014 3829 1028 3843 ·
1060 3813 1127 3868 ἂν
1163 3813 1220 3865 δὲ
1246 3810 1605 3881 ἐσϐεσμένας,
1639 3815 1849 3872 οὐκέτι.

256 3902 364 3955 Διά
416 3899 573 3954 τοῦτό
620 3914 806 3970 φησιν,
852 3896 1222 3963 Ὀλόκληρον
1251 3897 1420 3968 ὑμῶν
1461 3896 1530 3950 τὸ
1562 3898 1804 3968 πνεῦμα
1830 3916 1844 3930 ο

259 3985 475 4039 ἐκείνου
532 3984 641 4055 γὰρ
698 3982 950 4053 μένοντος
988 3981 1269 4052 ἀκεραίου,
1312 3983 1409 4036 καὶ
1458 3981 1616 4035 τοῦτο
1674 3983 1847 4053 μένει.

258 4068 379 4124 Kal
415 4069 455 4137 ὴ
494 4066 692 4137 ⁴Ψυχὴ,
733 4064 890 4136 φησὶ,
938 4062 1130 4119 καὶτὸ
1167 4066 1357 4136 σῶμα.
1401 4064 1538 4120 Οῦτε
1569 4066 1678 4137 γὰρ
1712 4067 1850 4139 αύτὴ

258 4170 318 4208 τι
349 4151 588 4222 πονηρὸν
612 4150 848 4220 δέχεται,
867 4145 1186 4202 οὔτ’ἐκεῖνο.
1204 4148 1400 4213 Πιστὸς
1426 4151 1455 4203 ό
1480 4149 1661 4203 καλῶν
1685 4150 1851 4221 ὑμᾶς,

259 4236 325 4300 ὃς
357 4235 452 4289 καὶ
482 4234 722 4305 ποιήσει.
768 4232 909 4301 Ὃρα
945 4229 1045 4301 τὴν
1076 4231 1579 4303 ταπεινοφροσύνην
1600 4249 1613 4263 ·
1665 4232 1852 4305 ἐπειδὴ

262 4323 380 4395 γὰρ
409 4321 637 4392 ηὔξατο,
670 4319 745 4391 μὴ
771 4317 1057 4388 νομίσητε,
1088 4317 1272 4387 φησὶν,
1303 4318 1384 4371 ὅτι
1412 4319 1521 4372 ἀπὸ
1554 4317 1665 4373 τῶν
1701 4319 1851 4390 ἐμῶν

262 4410 443 4481 εὐχῶν
472 4407 631 4464 τοῦτο
650 4408 883 4476 γίνεται,
906 4404 1022 4458 ἀλλ’
1046 4405 1114 4458 ἐκ
1141 4405 1241 4476 τῆς
1265 4404 1597 4476 προθέσεως,
1610 4401 1678 4479 ἦς
1706 4406 1852 4478 ὑμᾶς

264 4497 552 4553 ἐκάλεσεν.
584 4496 647 4548 Et
679 4493 788 4565 γάρ
827 4494 907 4555 είς
946 4491 1221 4563 σωτηρίαν
1256 4492 1534 4559 ἐκάλεσεν,
1562 4493 1768 4565 ἀληθής
1793 4494 1851 4549 δέ

265 4590 410 4651 ἐστι,
445 4585 665 4646 πάντως
688 4581 852 4635 σώσει
877 4580 1222 4649 βουλόμενος.
1269 4578 1559 4649 Ἀδελφοί,
1599 4582 1853 4648 προσεύ-

264 4673 457 4740 χεσθε
486 4666 586 4721 καὶ
607 4666 743 4733 περὶ
768 4663 957 4733 ἡμῶν.
978 4661 1325 4732 Βαϐαὶ,πόση
1345 4663 1848 4734 ταπεινοφροσύνηί

280 4758 427 4811 Ἀλλ’
441 4759 649 4819 ἐκεῖνος
677 4756 775 4825 μὲν
795 4752 1295 4824 ταπεινοφροσύνης
1320 4751 1525 4819 ἕνεκεν,
1542 4752 1705 4807 τοῦτο
1736 4753 1853 4807 ἐλε-

265 4862 389 4914 γεν,
441 4845 605 4914 ἡμεῖς
627 4842 684 4896 δὲ
710 4842 773 4895 οὐ
801 4839 1303 4911 ταπεινοφροσύνης
1334 4838 1542 4906 ἕνεκεν,
1569 4840 1684 4894 ἀλλ’
1711 4841 1853 4911 ὠφε-

267 4934 426 4995 λείας
455 4930 679 4999 πολλῆς,
705 4928 801 4982 καὶ
833 4929 976 4999 μέγα
1007 4945 1060 4981 τι
1090 4928 1219 4997 παρ’
1254 4925 1407 4998 ὑμῶν
1436 4928 1694 5001 κερδᾶναι
1724 4929 1852 4999 βου-

267 5023 523 5091 λόμενοι,
556 5018 821 5087 λέγομεν,
861 5014 1237 5087 Προσεύχεσθε
1285 5017 1379 5068 καὶ
1412 5017 1541 5087 περὶ
1578 5016 1755 5089 ἡμῶν.
1788 5018 1853 5072 ΕΖ

270 5108 383 5179 γὰρ
414 5108 511 5160 καὶ
552 5106 719 5176 μηδὲν
739 5103 1021 5173 ὠφελῆσθε
1050 5104 1179 5171 παρ’
1215 5101 1372 5172 ἡμῶν
1399 5102 1541 5172 μέγα
1570 5104 1704 5173 μηδέ
1720 5104 1851 5158 θαυ-

275 5193 510 5267 μαστὸν,
552 5193 666 5247 ἀλλ’
713 5194 863 5262 ὅμως
895 5190 964 5244 δι’
997 5190 1171 5260 αὐτὴν
1211 5188 1311 5258 τὴν
1354 5188 1543 5261 τιμὴν,
1573 5188 1643 5242 δι’
1682 5191 1851 5261 αὐτὴν

270 5286 372 5353 τὴν
412 5281 805 5353 προσηγορίαν.
837 5280 1001 5349 Ἔσχε
1029 5294 1114 5340 τις
1153 5275 1349 5339 παῖδάς
1388 5293 1538 5339 ποτε,
1575 5278 1673 5331 καὶ
1702 5278 1852 5348 ὅμως

269 5370 320 5420 εί
374 5366 473 5419 καὶ
518 5365 687 5436 μηδὲν
731 5362 1043 5433 ὠφέληνται
1092 5362 1224 5431 παρ’
1274 5360 1461 5425 αὐτοῦ,
1514 5362 1629 5414 ἀλλ’
1666 5362 1851 5432 ἐπειδὴ

271 5450 463 5519 πατὴρ
495 5448 710 5515 γέγονε,
739 5445 899 5499 τοῦτο
928 5445 1057 5507 ἴσως
1086 5443 1447 5513 προϐάλλεται
1481 5443 1679 5513 λέγων,
1703 5446 1852 5500 Μίαν

269 5531 431 5601 ὑμῶν
475 5530 690 5600 ἡμέραν
726 5528 825 5582 ούκ
862 5527 1098 5598 ἐκλήθην
1145 5527 1350 5597 πατήρ.
1403 5525 1502 5580 Διά
1550 5527 1704 5581 τοῦτο
1758 5528 1853 5582 καὶ

268 5616 438 5686 ἡμεῖς
472 5612 728 5684 λέγομεν,
768 5607 1144 5683 Προσεύχεσθε
1200 5612 1295 5663 καὶ
1340 5610 1470 5681 περὶ
1513 5610 1705 5680 ἡμῶνο
1754 5612 1852 5683 ούχ

339 5776 370 5805 ⁸
402 5772 540 5829 Haec,
557 5772 795 5830 τουτέστι,
814 5771 896 5827 τὰς
921 5772 1068 5826 ὅντως
1105 5770 1407 5833 προφητείας,
1447 5784 1559 5833 qua:
1587 5779 1697 5833 post
1722 5774 1851 5821 δοκιο

272 5837 448 5897 μάζετε
470 5833 782 5897 legebantur.
818 5834 913 5885 huc
945 5838 1298 5894 remeavimus,
1327 5833 1609 5896 postulante
1633 5847 1781 5885 sensu
1801 5842 1853 5886 et

272 5894 690 5961 probanta'Colb.
715 5896 847 5946 Ευιτ.

1181 467 1247 522 IN
1288 466 1506 525 EPIST.
1549 468 1570 523 l
1617 467 1708 522 AD
1744 463 2082 521 THESSAL.
2122 466 2275 522 CAP.
2316 467 2378 525 γ.
2418 468 2656 527 IIOMIL.
2697 470 2790 526 XI.

3426 479 3537 533 ιοιι

1950 577 2137 643 ἁπλῶς
2162 579 2321 634 τοῦτο
2347 582 2542 651 λέγων,
2585 584 2722 637 ἀλλά
2752 584 2894 638 πάνυ
2938 585 3225 655 ἐφιέμενος
3248 586 3355 641 τῶν
3396 589 3534 660 ύμε-

1950 662 2129 730 τέρων
2154 662 2350 733 εὐχῶν.
2404 667 2464 718 Et
2497 666 2608 737 γὰρ
2638 667 2937 731 ὑπεύθυνος
2970 670 3239 738 ἐγενόμην
3271 670 3372 739 τῆς
3401 673 3538 725 πάν-

1949 760 2059 798 των
2085 745 2238 815 ὑμῶν
2290 750 2651 816 προστασίας,
2682 750 2779 804 καὶ
2818 750 3009 818 λόγους
3051 751 3274 821 ὑπέχειν
3320 752 3529 821 μέλλω,

1948 829 2131 899 πολλῷ
2170 830 2370 899 μᾶλλον
2410 832 2609 900 ὀφείλω
2640 833 2740 900 τῆς
2773 836 2907 903 παρ’
2940 833 3094 903 ὑμῶν
3122 835 3416 888 ἀπολαύειν
3451 837 3539 889 εὐο

1946 912 2066 982 χῆς.
2095 913 2162 965 Αί
2191 913 2413 966 εὐθῦναί
2441 931 2533 985 μοι
2578 914 2797 984 μείζους
2837 915 3086 983 ἐγένοντο
3110 917 3178 970 δι’
3207 918 3373 988 ὑμᾶς·
3405 919 3537 971 οὐκ·

1950 993 2043 1047 οῦν
2075 995 2223 1066 καὶὴ
2258 995 2483 1065 βοήθεια
2530 996 2731 1049 πλείων
2760 999 2889 1069 παρ’
2916 998 3093 1069 ὑμῶν.
3133 1000 3531 1054 Ἀσπάσασθε

1947 1076 2089 1142 τοὺς
2119 1078 2426 1147 ἀδελφοὺς
2459 1078 2695 1145 πάντας
2733 1080 2804 1132 ἐν
2831 1080 2978 1149 ἁγίῳ
3008 1082 3317 1150 φιλήματι.
3361 1083 3537 1135 Βαϐαῖ

1945 1160 2042 1230 τῆς
2075 1159 2439 1231 θερμότητοςί
2480 1161 2644 1232 βαϐαὶ
2672 1162 2774 1232 τῆς
2812 1163 3084 1226 διανοίαςί
3128 1164 3347 1236 Ἐπειδὴ
3377 1165 3537 1236 φιλή-

1950 1259 2083 1310 ματι
2133 1245 2334 1306 αὐτοὺς
2383 1241 2734 1297 ἀσπάσασθαι
2774 1245 2874 1298 οὐκ
2906 1244 3137 1314 ἡδύνατο
3160 1245 3312 1317 [505)
3355 1246 3534 1312 ἀπὼν,

1946 1323 2015 1376 δι’
2038 1325 2240 1393 ἐτέρων
2268 1326 2464 1388 αὐτοὺς
2488 1324 2795 1390 ἀσπάζεται
2819 1344 2834 1359 ·
2860 1326 3003 1379 οὕτω
3034 1329 3128 1380 καὶ
3161 1329 3320 1397 ἡμεῖς
3350 1329 3537 1382 ποιοῦ-

1951 1423 2070 1476 μεν,
2127 1407 2203 1469 ὡς
2240 1407 2369 1460 ὅταν
2428 1407 2699 1477 λέγωμεν,
2745 1407 2979 1478 Φίλησον
3025 1408 3189 1461 αὐτὸν
3228 1409 3341 1462 ἀντ’
3371 1409 3531 1480 ἐμοῦ.

1948 1487 2105 1541 Οῦτω
2136 1490 2229 1541 καὶ
2266 1489 2423 1541 αὐτοὶ
2462 1490 2722 1560 κατέχετε
2761 1489 2826 1544 τὸ
2874 1489 2986 1561 πῦρ
3028 1491 3130 1562 τῆς
3181 1492 3435 1563 ἀγάπηςο
3468 1494 3534 1547 ού

1945 1572 2054 1642 γὰρ
2101 1573 2358 1644 ἀνέχεται
2420 1573 2845 1643 διαστημάτων,
2890 1574 3028 1629 ἀλλά
3081 1577 3175 1629 καὶ
3216 1577 3304 1629 διὰ
3352 1578 3537 1646 μέσων

1944 1658 2055 1709 τῶν
2080 1656 2216 1709 έδῶν
2252 1658 2454 1728 ἑαυτὴν
2492 1657 2747 1721 ἐκτείνει,
2785 1659 2883 1712 καὶ
2924 1658 3204 1728 πανταχοῦ
3243 1660 3532 1729 πάρεστιν.

1957 1738 2188 1807 Ὁρκίζω
2215 1737 2369 1808 ὑμᾶς
2392 1739 2501 1792 τὸν·
2527 1741 2767 1808 Κύριον,
2795 1741 3255 1812 ἀναγνωσθῆναι
3275 1741 3391 1810 τὴν
3405 1743 3539 1797 ἐπιν

1945 1821 2182 1887 στολὴν
2214 1819 2364 1875 πᾶσι
2391 1821 2516 1889 τοῖς
2542 1822 2734 1891 ἁγίοις
2763 1822 3071 1893 ἀδελφοῖς.
3104 1825 3216 1877 Καὶ
3247 1824 3405 1878 τοῦτο
3433 1826 3535 1879 πό-

1946 1904 2040 1957 θου
2077 1904 2341 1972 μάλιστα,
2385 1906 2446 1957 ού
2484 1905 2837 1970 διδασκαλίας
2877 1907 3135 1961 τοσοῦτον
3163 1923 3178 1939 ο
3221 1908 3308 1961 ἵνα
3346 1909 3536 1963 κάκεί-

1944 2003 2055 2050 νοις
2077 1980 2120 2040 EI)
2146 1986 2693 2058 προσδιαλεγόμενος,
2717 1990 2909 2060 φησίν’
2959 1989 3030 2044 Ἠ
3071 1979 3245 2059 χάρις
3280 1990 3385 2044 τοῦ
3419 1992 3536 2045 Κυ-

1937 2076 2076 2144 ρίου
2117 2074 2287 2145 ήμῶν
2331 2077 2538 2145 Ἰησοῦ
2584 2078 2847 2147 Χριστοῦ
2889 2081 3019 2149 μεθ’
3068 2077 3257 2149 ὑμῶν.
3322 2078 3532 2149 Ἀμήν.

1946 2161 2059 2215 Καὶ
2087 2161 2186 2230 οὐχ
2215 2160 2402 2225 ἁπλῶς
2433 2162 2732 2230 ἐπιτάττει,
2762 2163 2878 2217 ἀλλ’
2909 2164 3165 2235 όρκίςων,
3196 2163 3304 2217 ἀπὸ
3323 2163 3534 2235 θερμῆς

1943 2243 2184 2307 διανοίας
2215 2245 2308 2296 καὶ
2338 2242 2497 2296 τοῦτο
2532 2244 2725 2311 ποιῶν,
2758 2246 2844 2298 ἵνα
2866 2245 2970 2299 κᾶν
3006 2244 3170 2299 αὑτοῦ
3193 2246 3534 2316 καταφρονὴ-

1946 2344 2103 2389 σωσι,
2136 2326 2226 2381 διά
2262 2327 2353 2381 τὸν
2390 2327 2654 2398 όρκισμὸν
2698 2328 2946 2399 πράξωσι
2978 2329 3039 2382 τὸ
3071 2329 3383 2399 ἐπιταχθέν.
3413 2330 3531 2383 Μέ-

1945 2428 2050 2479 γαν
2090 2409 2200 2481 γάρ
2243 2406 2389 2480 εἶχον
2425 2410 2547 2463 τότε
2582 2411 2748 2479 φόϐον
2780 2411 2875 2465 τοῦ
2922 2412 3247 2482 πράγματος
3268 2428 3283 2443 ’
3321 2413 3440 2466 νυνὶ
3473 2412 3533 2466 δὲ

1946 2494 2040 2548 καὶ
2070 2493 2231 2547 τοῦτο
2262 2494 2594 2564 πεπάτηται.
2614 2495 2724 2547 Καὶ
2751 2494 2867 2547 ἐστι
2887 2493 3151 2557 πολλάκις
3169 2496 3312 2558 ,παῖς
3340 2511 3535 2564 μαστι-

1946 2579 2192 2648 ζόμενος,
2218 2579 2314 2632 καὶ
2339 2578 2579 2649 όρκίζων
2603 2578 2693 2631 τὸν
2725 2578 2859 2630 Θεὸν
2896 2578 2993 2632 καὶ
3035 2578 3127 2631 τὸν
3168 2578 3404 2650 Χριστὸν
3433 2579 3533 2632 αύ-

1945 2663 2063 2728 τοῦ,
2087 2664 2201 2729 καὶ,
2223 2663 2368 2716 οὕτω
2388 2662 2712 2732 Χριστιανὸς
2732 2660 3049 2726 ἀποθάνοις,
3073 2661 3168 2715 καὶ
3177 2661 3352 2726 οὐδεὶς
3370 2678 3536 2733 προσ-

1946 2746 2259 2817 έχει,ούδεὶς
2275 2745 2648 2817 ἐπισρέφεται·
2669 2746 2737 2799 ἀν
2759 2744 2817 2797 δὲ
2844 2745 2938 2798 τὸν
2960 2743 3076 2797 υἱὸν
3113 2744 3203 2796 τὸν
3228 2744 3357 2798 ίδιον
3380 2744 3535 2816 ὁρκί-

1950 2847 2037 2901 σῃ,
2058 2828 2259 2892 εὐθέως
2280 2829 2376 2882 καὶ
2392 2828 2562 2893 ἀκων,
2584 2826 2895 2898 καὶτρίζων
2923 2828 3051 2890 τοὺς
3080 2827 3322 2892 ὀδόντας,
3340 2827 3534 2897 ύφίησι

1946 2914 2043 2966 τοῦ
2084 2911 2281 2983 θυμοῦ.
2310 2911 2503 2973 Ἀλλος
2534 2910 2699 2965 πάλιν
2722 2910 3034 2980 ἑλκόμενος,
3057 2910 3404 2981 ἀπαγόμενος
3440 2910 3535 2964 ἐπὶ

1953 2997 2124 3069 μέσης
2146 2998 2245 3067 τῆς
2269 2994 2599 3066 ἀγορᾶς,καὶ
2628 2992 2897 3062 Ἐλλήνων
2918 2991 3012 3045 καί⁵
3044 2992 3311 3047 Ἰουδαίων
3332 2993 3533 3065 παρόν-

1949 3098 2077 3144 των,
2101 3080 2253 3151 όρκοῑ
2278 3077 2371 3131 τὸν
2403 3078 2687 3144 ἀπάγοντα
2705 3076 2902 3145 ὅρκους
2928 3076 3424 3147 φρικωδεστάτους,
3441 3075 3538 3128 καὶ

1950 3164 2125 3227 οὐδεὶς
2158 3162 2447 3234 προσέχει.
2492 3159 2559 3213 Τί
2616 3159 2717 3213 ούκ
2756 3158 2975 3230 ἐροῦσιν
3009 3160 3059 3211 οί
3100 3159 3383 3231 Ἕλληνες,
3406 3159 3536 3212 ὅταν

1953 3247 2147 3311 πιστὸς
2175 3245 2268 3299 τὸν
2299 3245 2490 3299 πιστὸν
2518 3243 2615 3298 καὶ
2634 3243 2972 3313 Χριστιανὸν
3002 3244 3177 3314 όρκοῖ,
3215 3244 3314 3297 καὶ
3345 3242 3535 3314 μηδεὶς

1953 3331 2173 3400 γίνηται
2199 3329 2381 3398 λόγος,
2407 3326 2546 3382 ἀλλά
2576 3326 2672 3380 καὶ
2705 3325 3181 3397 καταφρονῶμεν;

2022 3483 2091 3545 γ’.
2116 3473 2380 3528 Βούλεσθε
2414 3473 2543 3544 ύμῖν
2573 3470 2918 3542 διηγήσωμαί
2938 3489 2991 3526 τι
3011 3472 3411 3544 πρᾶγμα,ὄπερ
3441 3472 3535 3525 καὶ

1952 3561 2113 3624 αὐτὸς
2124 3559 2339 3629 ἀκήκοα
2354 3574 2369 3622 ;
2381 3555 2502 3610 ούδέ
2518 3556 2625 3626 γάρ
2636 3553 2885 3608 πλάττων
2897 3554 3060 3623 λέγω,
3074 3554 3208 3608 ἀλλά
3219 3572 3294 3609 πα
3302 3555 3370 3625 ρά
3379 3571 3536 3625 προσο

1951 3644 2103 3699 ώπου
2124 3641 2440 3707 ἀξιοπίστου
2461 3638 2733 3709 ἀκηκοώς.
2768 3638 3034 3708 Παιδίσκη
3048 3655 3131 3701 τις
3145 3638 3300 3707 ἀνδρὶ
3314 3638 3537 3707 πονηρῷ

1954 3724 2381 3801 συνεζευγμένη,
2417 3721 2621 3793 μιαρῷ,
2646 3720 2910 3791 δραπέτῃ,
2935 3720 3096 3790 αῦτη,
3129 3719 3299 3773 πολλὰ
3326 3719 3419 3772 τοῦ
3445 3722 3538 3773 άν-

1952 3808 2076 3879 δρος
2091 3809 2202 3878 ἡμα
2215 3805 2490 3877 ρτηκότος,
2509 3803 2604 3857 καί¹
2631 3801 2915 3873 μέλλοντος
2932 3802 3037 3856 ἀπε
3046 3801 3363 3873 μπολεῖσθαι
3384 3801 3538 3872 παρὰ

1951 3892 2053 3962 τῆς
2088 3889 2409 3959 δεσποίνης⁸
2458 3887 2555 3941 καὶ
2587 3886 2696 3959 γάρ
2752 3886 2975 3957 μείζονα
3025 3885 3355 3956 συγγνώμης
3376 3880 3443 3957 ἦν
3468 3886 3538 3939 τά

1953 3974 2349 4045 ἁμαρτήματα,
2377 3970 2472 4025 καὶ
2492 3971 2637 4042 χήρα
2670 3965 2739 4040 ἦν
2775 3971 2809 4041 ἡ
2845 3970 3007 4040 γυνὴ,
3040 3971 3135 4023 καὶ
3168 3969 3413 4034 κολάζειν
3441 3969 3538 4022 αύ-

1949 4060 2043 4112 τὸν
2069 4056 2463 4127 λυμαινόμενον
2502 4054 2673 4125 αὐτῆς
2698 4052 2798 4124 τήν
2827 4053 3006 4107 οίκίαν
3056 4053 3156 4107 οὐκ
3185 4054 3392 4123 ἴσχυεν,
3421 4052 3537 4106 ἀλλ’

1952 4143 2093 4212 ἐγνω
2128 4138 2423 4195 ἀποδόσθαι
2447 4154 2461 4169 ο
2498 4133 2618 4192 εἷτα
2639 4137 2853 4191 ἀνόσιον
2892 4131 3030 4190 εἶναι
3059 4135 3353 4207 νομίζουσα
3381 4136 3413 4205 ἡ
3450 4134 3538 4188 δέ-

1954 4243 2149 4280 σποινα
2175 4223 2474 4278 διασπάσαι
2501 4220 2602 4290 τῆς
2635 4219 2895 4289 γυναικὸς
2956 4219 3049 4272 τὸν
3085 4218 3275 4289 ἀνδρα,
3320 4217 3540 4272 κατεδέ-

1954 4308 2083 4373 ξατο
2115 4308 2209 4361 καὶ
2230 4305 2511 4377 χρησίμην
2539 4298 2705 4356 οὖσαν
2733 4301 2830 4372 τὴν
2859 4301 3051 4372 κόρην,
3085 4299 3228 4371 ὑπὲρ
3248 4300 3346 4369 τῆς
3363 4297 3538 4352 ἀπαλ-

1951 4390 2127 4459 λιτῆς
2159 4388 2261 4459 τῆς
2288 4387 2499 4441 ἐκείνου
2532 4382 3021 4454 συναπεμπολῆσαι
3045 4382 3140 4435 καὶ
3158 4380 3257 4452 τὴν
3280 4383 3534 4449 γυναῖκα.

1963 4474 2177 4545 Ὀρῶσα
2201 4471 2380 4525 τοίνυν
2402 4471 2438 4541 ἡ
2465 4467 2602 4537 κόρη
2636 4465 2835 4538 ἑαυτὴν
2857 4467 2915 4519 ἐν
2947 4467 3059 4528 τοῖς
3088 4465 3317 4536 ἀπόροις
3340 4459 3533 4526 οὖσαν,

1951 4554 2182 4609 ἐλθοῦσα
2229 4552 2368 4622 πρὸς
2424 4550 2703 4620 αἰδέσιμον
2754 4548 3049 4620 πρόσωπον
3077 4547 3173 4601 καὶ
3208 4546 3438 4618 σύνηθες
3464 4550 3534 4620 τῇ

1950 4637 2207 4708 δεσποίνῃ
2230 4634 2421 4706 αὐτῆς,
2443 4632 2504 4686 τὸ
2519 4632 2688 4703 κάμοὶ
2703 4632 3124 4703 διηγησάμενον,
3139 4629 3356 4684 καὶτῶν
3377 4631 3537 4698 γονά-

1950 4739 2059 4775 των
2083 4717 2383 4789 ἀπτομένη,
2415 4716 2509 4770 καὶ
2540 4716 2711 4786 μυρία
2734 4714 3136 4786 ἀποδυρομένη,
3162 4713 3537 4784 παρεκάλεσεν

1950 4804 2091 4857 ὥστε
2123 4804 2222 4873 τὴν
2260 4800 2429 4871 αὐτῆς
2456 4798 2687 4866 ἀξιῶσαι
2716 4799 3001 4852 δέσποιναν
3035 4798 3174 4870 ὑπὲρ
3204 4798 3373 4869 αὐτῆς
3395 4815 3408 4829 ·
3442 4798 3537 4852 καὶ

1952 4886 2180 4949 πολλοὺς
2206 4884 2529 4939 ἀναλώσασα
2562 4882 2771 4951 λόγους,
2795 4880 3021 4955 ὕστερον
3063 4882 3157 4935 καὶ
3180 4880 3340 4935 τοῦτο
3368 4897 3536 4947 προσ-

1952 4970 2167 5040 έθηκεν,
2185 4968 2259 5031 ὠς
2276 4956 2449 5038 τούτῳ
2464 4966 2725 5020 πείσουσα
2744 4965 2997 5036 μάλιστα,
3017 4965 3180 5035 ὅρκον
3199 4964 3319 5017 τινὰ
3332 4980 3538 5033 φρικωο

1950 5053 2206 5107 δέστατον
2252 5051 2533 5118 ἐπάγουσα
2554 5064 2568 5078 '
2601 5051 2630 5103 ὁ
2656 5048 2713 5101 δὲ
2745 5050 2907 5119 ὅρκος
2936 5044 3004 5119 ἦν
3031 5041 3187 5111 οὗτος
3211 5063 3223 5075 ·
3254 5046 3411 5100 Οὕτω
3443 5045 3536 5098 τὸν

1950 5133 2184 5203 Χριστὸν
2204 5130 2332 5192 ἴδοις
2350 5132 2406 5183 ἐν
2431 5129 2615 5200 ἡμέρα
2643 5128 2899 5199 κρίσεως,
2929 5128 3002 5199 μὴ
3035 5126 3269 5197 παρίδῃς
3305 5142 3407 5195 μου
3436 5124 3536 5193 τὴν

1950 5215 2201 5281 ἀξίωσιν’
2255 5214 2348 5266 καὶ
2385 5212 2561 5266 ταῦτα
2592 5211 2821 5264 εἰποῦσα
2847 5209 3112 5280 ἀπῆλθεν.
3155 5210 3218 5260 Ἦ
3250 5207 3305 5260 δὲ
3354 5223 3534 5277 παρα·

1952 5299 2230 5369 κληθεῖσα,
2264 5295 2542 5368 φροντίδος
2573 5294 2717 5359 τινὸς
2747 5292 3094 5365 ἐμπεσούσης
3140 5290 3419 5362 βιωτικῆς,
3447 5289 3534 5342 οἵα

1954 5379 2242 5451 συμϐαίνει
2295 5382 2353 5430 ἐν
2398 5378 2519 5439 ταῖς
2570 5377 2787 5441 οἰκίαις,
2844 5374 3158 5428 ἐπελάθετο.
3202 5369 3336 5426 Εἶτα
3379 5372 3533 5439 ἄφνω

1950 5465 2129 5534 δείλης
2161 5460 2506 5533 μεσημϐρίας
2526 5461 2605 5521 είς
2642 5459 2863 5529 μνήμην
2888 5452 3018 5527 ἦλθε
3043 5457 3137 5509 τοῦ
3164 5455 3533 5526 φρικωδεστά-

1950 5565 2043 5602 του
2074 5549 2260 5617 ὅρκου,
2318 5547 2413 5597 καὶ
2460 5541 2733 5611 κατενύγη
2775 5540 3043 5611 σφοδρῶς,
3099 5542 3193 5593 καὶ
3219 5537 3533 5592 ἀπελθοῦσα

1951 5631 2151 5702 ἠξίωσε
2190 5630 2327 5699 μετά
2347 5625 2548 5695 πολλῆς
2578 5626 2677 5693 τῆς
2712 5623 3050 5693 ἐπιμελείας,
3082 5623 3177 5677 καὶ
3203 5622 3264 5675 τὸ
3298 5621 3531 5693 πρᾶγμα.

1952 5718 2136 5787 ἡνυσε.
2172 5712 2283 5766 Καὶ
2310 5712 2431 5764 κατ’
2463 5708 2680 5779 ἐκείνην
2713 5706 2812 5776 τὴν
2842 5706 3009 5760 νύκτα
3039 5706 3193 5774 ἄφνω
3217 5706 3342 5767 τοὺς
3368 5705 3531 5787 ούρα-

1950 5782 2075 5862 νοὺς
2106 5794 2244 5852 εἶδεν
2294 5793 2618 5863 ἀνεῳγότας,
2662 5792 2754 5845 καὶ
2792 5790 2952 5843 αὑτὸν
2999 5789 3088 5842 τὸν
3114 5788 3379 5859 Χριστόν·
3421 5782 3527 5840 εἷδὲ

1954 5883 2106 5956 ἱὸθϐι
2124 5881 2202 5949 δὲ,
2235 5881 2310 5946 ὡς
2339 5878 2559 5934 δυνατὸν
2582 5875 2804 5945 γυναικὶ
2837 5875 2981 5930 ἰδεῖν.
3017 5871 3232 5945 Ἐπειδὴ
3259 5870 3365 5943 γὰρ
3390 5869 3525 5934 ὅλως
