3964 6510
507 380 612 435 4ϋὸ

505 497 787 567 ἐφρόντισε
806 493 897 545 τοῦ
910 490 1197 561 όρκισμοῦ,
1225 490 1411 559 ἐπειδὴ
1425 490 1691 562 ἐφοϐήθη,
1710 494 1808 562 τῆς
1828 493 2091 556 ὀπτασίας

506 579 817 651 κατηξιώθη
848 576 1071 645 ταύτης.
1105 574 1288 627 Ταῦτα
1312 574 1369 627 δὲ
1400 570 1573 639 εἷπον,
1606 576 1690 629 ἵνα
1712 576 1785 646 μὴ
1813 593 2091 646 καταφρο-

505 663 685 733 νῶμεν
717 661 826 713 τῶν
884 656 1186 729 ὀρκισμῶν,
1244 657 1478 725 μάλιστα
1524 658 1653 710 ὅταν
1690 658 1831 728 ὑπὲρ
1870 658 2092 728 ἀγαθῶν

506 746 847 816 πραγμάτων
884 743 1030 814 ημᾶς
1052 758 1198 805 τινες
1234 740 1649 811 παρακαλῶσιν,
1686 742 1824 813 ὑπὲρ
1857 743 2089 813 ἐλεημο-

507 831 694 900 σύνης,
735 828 874 899 ὑπὲρ
916 826 1345 896 φιλανθρωπίας.
1383 825 1496 877 Νῦν
1524 826 1581 878 δὲ
1618 825 1880 895 κάθηνται
1922 828 2089 896 πένη-

502 930 595 976 τες
632 910 1030 980 ἐκκεκομμένοι
1055 909 1181 970 τοὺς
1214 908 1401 971 πόδας,
1447 907 1680 977 ὁρῶντές
1718 926 1777 961 σε
1808 910 2089 979 παρατρέ-

503 1012 701 1066 χουσαν
735 1010 747 1023 ’
780 989 877 1045 εἶτ’
934 991 1121 1062 ἐπειδὴ
1153 994 1265 1053 τοῖς
1318 992 1475 1043 ποσὶν
1527 993 1962 1061 ἐπακολουθῆσαι
2013 992 2087 1063 μὴ

500 1078 773 1141 δύνανται,
815 1076 1069 1146 καθάπερ
1114 1077 1393 1145 ἀγκίστρῳ
1439 1075 1544 1129 τινὶ
1593 1076 1934 1145 προσδοκῶσι
1965 1096 2089 1130 κατα

502 1163 647 1233 έχειν
662 1162 739 1232 τῷ
765 1160 916 1230 φόϐῳ
942 1159 1037 1212 τοῦ
1061 1160 1247 1229 ὅρκου,
1288 1160 1379 1211 καὶ
1414 1159 1511 1221 τὰς
1546 1161 1734 1228 χεῖρας
1756 1159 2087 1223 ἐκτείνοντες

502 1244 828 1315 ὁρκίζουσιν,
852 1242 993 1297 ὥστε
1012 1241 1195 1295 δοῦναι
1227 1242 1411 1295 ὀϐολὸν
1436 1242 1552 1304 ἕνα,
1571 1242 1604 1312 ἦ
1626 1242 1719 1294 δύο
1738 1243 1897 1311 μόνον
1919 1259 1931 1272 ο
1954 1243 2085 1295 σὺδὲ

501 1326 895 1399 παρατρέχεις,
944 1325 1035 1378 τὸν
1065 1324 1341 1393 Δεσπότην
1365 1324 1698 1393 ὁρκιζομένη
1726 1323 1817 1377 τὸν
1844 1325 1954 1377 σόν.
1978 1326 2086 1377 Καὶ

502 1413 569 1467 ἂν
602 1413 701 1482 μὲν
726 1410 869 1465 κατά
900 1408 1009 1462 τῶν
1038 1407 1332 1478 ὀφθαλμῶν
1366 1410 1398 1477 ἢ
1430 1407 1519 1459 τοῦ
1544 1407 1734 1477 ἀνδρὸς
1766 1407 1858 1461 τοῦ
1890 1408 2085 1479 ἀποδη-

502 1494 729 1565 μοῦντος
744 1492 1005 1565 ὁρκίσῃ,ἣ
1025 1491 1118 1544 τοῦ
1134 1490 1368 1554 παιδίου,
1386 1490 1419 1561 ἢ
1436 1493 1533 1561 τῆς
1559 1490 1850 1561 θυγατρὸς,
1881 1492 2083 1555 εὐθέως

498 1579 688 1641 εἴκεις,
718 1578 812 1631 καὶ
846 1575 1138 1645 ἐφάλλεταί
1168 1577 1313 1644 σουή
1343 1575 1551 1628 διάνοια
1567 1576 1662 1629 καὶ
1688 1576 2077 1650 διαθερμαίνῃ·

498 1656 565 1716 ἂν
589 1663 646 1716 δὲ
664 1662 755 1714 τὸν
783 1660 985 1731 Κύριον
1000 1659 1217 1731 όρκίσῃ,
1238 1661 1623 1730 παρατρέχεις.
1668 1660 1873 1723 Πολλὰς
1893 1660 1949 1713 δὲ
1966 1659 2082 1715 οἶδα

496 1746 627 1814 ἐγὼ.
657 1745 737 1812 αἳ,
764 1746 852 1799 τὸν
877 1745 976 1817 μὲν
997 1744 1233 1813 Χριστὸν
1251 1742 1567 1807 ἀκούουσαι,
1588 1745 1941 1816 παρέδραμον
1960 1762 1973 1775 ·
2001 1748 2081 1810 εἰς

494 1831 551 1884 δὲ
585 1832 780 1895 κάλλος
806 1829 1177 1885 ἐπαινεθεῖσαι
1211 1828 1360 1900 παρά
1378 1827 1485 1881 τῶν
1518 1829 1872 1899 προσιόντων,
1899 1830 2080 1901 διεχύ-

496 1918 689 1986 θησαν,
724 1914 1135 1986 ἐμαλάχθησαν,
1182 1913 1276 1965 καὶ
1317 1914 1473 1982 χεῖρα
1508 1909 1738 1983 ὧρεξαν.
1780 1913 2079 1984 Τοιγαροῦν

494 1999 574 2061 εἰς
596 1997 756 2052 τοῦτο
776 1998 903 2061 τοὺς
939 1996 1177 2065 πένητας
1209 1994 1552 2063 κατέστησαν
1576 1996 1703 2057 τοὺς
1732 1995 1971 2060 ἀθλίους,
2000 1999 2079 2061 εἰς

493 2081 555 2135 τὸ
574 2081 973 2149 γελωτοποιεῖν.
1016 2078 1230 2148 Ἐπειδὴ
1262 2079 1370 2151 γὰρ
1399 2077 1465 2129 τὰ
1497 2077 1700 2147 σφοδρά
1736 2080 1955 2149 ῥήματα
1985 2080 2081 2132 καὶ

494 2164 670 2236 πικρά
697 2164 946 2232 λέγοντες
977 2164 1035 2215 οὐ
1064 2161 1435 2215 καθάπτονται
1456 2160 1557 2229 τῆς
1576 2160 1775 2230 ψυχῆς,
1810 2163 1903 2213 ἐπὶ
1947 2163 2079 2214 ταύ-

491 2265 592 2317 την
620 2247 870 2318 ἔρχονται
913 2246 1012 2316 τὴν
1038 2244 1178 2307 ὁδὸν,
1203 2244 1267 2296 δι’
1290 2239 1359 2315 ἧς
1392 2244 1629 2313 μάλιστα
1646 2243 1911 2312 τέρπουσι
1937 2262 1950 2276 ο
1985 2246 2078 2300 καὶ

491 2332 583 2385 τὸν
615 2333 673 2385 ἐν
720 2331 975 2402 συμφορᾷ
1014 2329 1140 2382 ὄντα
1170 2328 1264 2381 καὶ
1321 2327 1425 2381 ὐπὸ
1466 2326 1559 2381 τοῦ
1583 2326 1741 2397 λιμοῦ
1773 2329 2077 2399 ἀγχόμενον

491 2416 802 2484 ἠνάγκασεν
828 2415 865 2483 η
894 2412 1063 2481 πολλὴ
1088 2410 1360 2482 φαυλότης
1382 2411 1540 2483 ἡμῶν
1568 2404 1799 2475 κάλλους
1823 2412 2075 2484 ἐγκώμια

492 2497 667 2567 λέγειν
684 2498 810 2560 τούς
840 2494 1216 2558 ἐπαιτοῦντας.

560 2621 670 2675 Καὶ
695 2619 807 2674 εἰθε
841 2618 996 2673 τοῦτο
1028 2620 1206 2691 μόνον,
1236 2618 1375 2674 ἀλλά
1404 2620 1502 2674 καὶ
1515 2619 1700 2690 ἕτερον
1722 2615 1861 2683 εἶδος
1884 2622 2075 2675 τούτου

492 2702 875 2775 χαλεπώτερον
892 2720 906 2733 ο
932 2701 1373 2771 θαυματοποιοὺς
1402 2704 1531 2766 τοὺς
1566 2704 1805 2775 πένητας
1831 2704 2076 2773 ἠνάγκα-

492 2808 585 2844 σεν
663 2783 803 2843 εἰναι
886 2786 980 2841 καὶ
1034 2786 1422 2857 αἰσχρολόγους
1487 2789 1578 2841 καὶ
1660 2789 2071 2856 γελωτοποιούς.

493 2875 663 2928 Ὅταν
698 2873 807 2943 γὰρ
844 2872 1073 2934 κύλικας
1109 2872 1204 2925 καὶ
1264 2871 1523 2924 κισσύϐια
1550 2873 1643 2947 καὶ
1684 2875 1920 2943 ποτήρια
1962 2877 2075 2938 τοῖς

489 2955 777 3020 δακτύλοις
810 2956 1057 3026 ἐνείρων,
1102 2954 1197 3007 καὶ
1243 2954 1546 3025 περιτιθεὶς
1593 2956 1940 3028 κυμϐαλίζῃ,
1980 2960 2075 3011 καὶ

493 3041 728 3113 σύριγγα
789 3041 927 3111 έχων
974 3040 1076 3112 ᾄδῃ
1112 3040 1178 3093 δι’
1206 3040 1375 3108 αὐτῆς
1404 3039 1473 3092 τά
1499 3040 1721 3111 ᾅσματα
1755 3042 1824 3096 τὰ
1871 3044 2074 3114 αἰσχρά

490 3129 584 3181 καὶ
632 3127 833 3197 ἔρωτος
890 3123 1150 3194 γέμοντα,
1193 3123 1289 3175 καὶ
1329 3123 1417 3175 διὰ
1462 3123 1559 3191 τῆς
1593 3127 1774 3196 φωνῆς
1826 3128 2069 3198 ἀναβοᾷ.

490 3209 612 3267 εἶτα
686 3210 875 3264 πολλοὶ
938 3208 1364 3278 περιεστήκωσι,
1440 3206 1535 3260 καὶ
1595 3209 1641 3260 οι
1702 3210 1801 3279 μὲν
1866 3209 2072 3282 τρύφος

488 3299 677 3367 ἄρτου,
713 3295 761 3347 οἰ
785 3294 841 3346 δὲ
864 3292 1071 3353 ὀϐολὸν,
1101 3291 1150 3344 οἰ
1204 3290 1260 3343 δὲ
1285 3290 1474 3360 ἔτερόν
1514 3306 1567 3343 τι
1617 3293 1917 3363 παρέχωσι,
1980 3296 2072 3348 καὶ

488 3380 791 3449 κατέχωσιν
831 3376 925 3430 ἐπὶ
955 3376 1115 3439 πολὺ,
1154 3375 1249 3428 καὶ
1273 3374 1581 3445 τέρπωνται
1625 3376 1720 3428 καὶ
1753 3378 1941 3448 ἄνδρες
1978 3382 2071 3433 καὶ

488 3466 766 3531 γυναῖκες,
803 3461 855 3513 τί
899 3459 1090 3513 τούτου
1120 3458 1533 3530 χαλεπώτερον;
1565 3460 1685 3531 οὐχὶ
1724 3461 1920 3515 πολλοῦ
1952 3479 2068 3515 στε-

487 3545 698 3618 ναγμοῦ
747 3545 919 3599 ταῦτα
976 3544 1134 3610 ἀξια;
1166 3543 1355 3613 Μικρά
1400 3544 1500 3612 μέν
1542 3543 1679 3608 ἐστι,
1729 3546 1821 3597 καὶ⁸
1856 3547 2071 3616 νομίζε-

486 3654 576 3690 ται
597 3635 799 3707 μικράο
836 3631 1047 3703 μεγάλα
1072 3632 1128 3684 δὲ
1161 3630 1506 3685 ἐναποτίκτει
1559 3634 1672 3696 τοῖς
1705 3631 1890 3703 ἤθεσιν
1913 3634 2068 3704 ἡμῶν

484 3722 555 3775 τά
596 3718 990 3789 ἁμαρτήματα.
1034 3716 1203 3768 Ὅταν
1238 3714 1346 3785 γὰρ
1404 3715 1630 3786 αἰσχρόν
1677 3732 1730 3768 τι
1772 3715 1933 3787 λεχθῇ
1975 3718 2069 3770 καὶ

487 3804 587 3873 ἡδὺ
617 3803 797 3872 μέλος,
824 3798 1061 3869 ἐμάλαξε
1086 3798 1186 3867 τὴν
1228 3797 1487 3861 διάνοιαν,
1521 3800 1615 3851 καὶ
1647 3798 1818 3870 αὐτὴν
1853 3801 2067 3868 ἐκείνην

482 3885 757 3955 διέφθειρε
781 3882 881 3950 τὴν
918 3879 1114 3950 ψυχήν.
1151 3879 1262 3933 Καὶ
1290 3881 1318 3931 6
1347 3881 1445 3950 μὲν
1471 3880 1562 3932 τὸν
1594 3881 1725 3934 Θεὸν
1760 3881 1940 3934 καλῶν
1967 3882 2067 3935 πέ-

485 3984 606 4038 νης,
652 3965 746 4017 καὶ
774 3965 1136 4033 ἐπευχόμενος
1165 3962 1293 4031 ὑμῖν
1337 3962 1506 4032 μυρία
1533 3962 1733 4031 ἀγαθὰ,
1763 3964 1883 4016 οὐδὲ
1907 3965 2065 4033 λόγου

483 4046 732 4114 ἀξιοῦται
766 4048 895 4115 παρ’
932 4044 1117 4115 ὑμῶν·
1150 4046 1178 4097 6
1203 4044 1259 4096 δὲ
1290 4044 1412 4096 ἀντί
1438 4044 1640 4098 τούτων
1665 4046 1732 4099 τά
1769 4049 2067 4118 νεωτερικά

484 4131 816 4199 ἐπεισάγων,
848 4126 1211 4199 θαυμάζεται.
1256 4130 1320 4180 ὐ
1353 4127 1411 4180 δέ
1437 4146 1505 4197 με
1533 4128 1628 4181 νῦν
1645 4129 1966 4200 ἐπεισῆλθεν
1988 4134 2067 4184 εί·

484 4217 609 4269 πεῖν
631 4212 767 4285 πρὸς
802 4212 968 4283 ὑμᾶς,
1000 4211 1177 4264 ἐκεῖνο
1204 4209 1335 4282 ἐρῶ.
1383 4211 1544 4263 Ποῖον
1567 4210 1630 4281 δὴ
1665 4211 1862 4279 τοῦτο;
1892 4213 2065 4268 Ὅταν

486 4298 648 4370 πενία
671 4299 765 4351 καὶ
792 4296 932 4368 νόσῳ
951 4294 1304 4366 περιϐληθῇς,
1347 4295 1397 4347 εί
1431 4293 1525 4348 καὶ
1552 4296 1867 4367 μηδαμόθεν
1906 4298 2067 4353 ἀλλα-

485 4382 663 4454 χόθεν,
701 4381 809 4434 ἀπὸ
839 4377 969 4449 γοῦν
999 4378 1108 4431 τῶν
1148 4376 1516 4431 ὲπαιτούντων
1556 4376 1666 4431 τῶν
1695 4378 1785 4434 διά
1809 4380 1916 4436 τῶν
1944 4400 2067 4436 στε-

484 4464 685 4519 νωπῶν
735 4463 1055 4535 χωρούντων
1099 4461 1237 4533 μάθε
1289 4462 1631 4533 εὐχαριστεῖν
1667 4463 1745 4534 τῷ
1796 4467 2062 4538 Δεσπότη.

418 4576 422 4580 α
488 4542 648 4604 υῦτοι
677 4547 787 4619 γὰρ
826 4548 1004 4601 πάντα
1030 4546 1120 4599 τὸν
1147 4544 1259 4615 βίον
1292 4548 1348 4598 ὲν
1378 4545 1456 4615 τῷ
1487 4548 1732 4601 ἐπαιτεῖν
1775 4551 2065 4604 καταναλί-

488 4647 730 4695 σκοντες,
763 4631 821 4682 οὐ
864 4627 1298 4699 βλασφημοῦσιν.
1347 4630 1447 4682 οὐκ
1497 4630 1900 4699 ἀγανακτοῦσιν
1943 4634 2065 4687 οὐδὲ

484 4713 950 4785 δυσχεραίνουσιν,
998 4712 1135 4764 ἀλλά
1185 4713 1365 4765 πᾶσαν
1414 4714 1513 4781 τὴν
1560 4715 1659 4783 τῆς
1722 4717 2063 4787 ἐπαιτήσεως

485 4798 734 4868 διήγησιν
788 4794 846 4847 ἐν
903 4794 1223 4865 εὐχαριστίᾳ
1258 4794 1557 4859 ποιοῦνται,
1593 4798 1766 4867 μέγαν
1796 4798 1888 4852 τὸν
1933 4801 2065 4853 Θεὸν

489 4880 639 4953 [5οη
668 4876 941 4941 ποιοῦντες
977 4878 1071 4930 καὶ
1097 4877 1498 4948 φιλάνθρωπον.
1537 4880 1594 4933 Ὀ
1621 4882 1718 4951 μὲν
1750 4881 1895 4952 λιμῷ
1922 4885 2068 4952 φθει-

489 4965 736 5033 ρόμενος,
758 4959 1137 5032 φιλάνθρωπον
1160 4960 1314 5013 καλεῖ
1331 4978 1344 4993 ⁸
1379 4963 1442 5016 σὺ
1461 4963 1517 5015 δὲ
1538 4964 1565 5015 6
1589 4965 1645 5017 ἐν
1675 4966 1908 5039 ἀφθονίᾳ
1932 4968 2065 5033 (ζῶν,

486 5048 553 5102 ἂν
583 5046 658 5119 μὴ
686 5044 755 5099 τά
779 5046 997 5100 πάντων
1023 5043 1217 5117 λάϐῃς,
1249 5045 1399 5115 ὠμὸν
1426 5046 1625 5115 λέγεις.
1658 5049 1815 5119 Πόσῳ
1843 5050 2066 5119 βελτίων

482 5131 720 5194 ἐκεῖνοςς
745 5128 862 5191 πῶς
882 5128 1027 5199 ἡμᾶς
1051 5127 1172 5180 τότε
1200 5132 1541 5200 κατακρινεῖ;
1568 5132 1794 5195 Κοινοὺς
1812 5133 2067 5187 διδασκά-

484 5215 610 5277 λους
642 5214 774 5285 ἡμῖν
800 5211 909 5265 τῶν
944 5211 1240 5283 συμφορῶν
1269 5214 1360 5266 καὶ
1388 5215 1742 5285 παραμυθίαν
1769 5217 1947 5288 ἀφῆκε
1977 5219 2067 5273 διά

485 5297 583 5367 τῆς
614 5295 984 5366 οἰκουμένηςὸ
1003 5296 1133 5358 Θεὸς
1162 5296 1288 5359 τοὺς
1307 5296 1566 5367 πένητας.
1600 5297 1843 5364 Ἔπαθές
1872 5318 1924 5355 τι
1956 5302 2066 5355 τῶν

486 5379 833 5449 ἀϐουλήτων;
869 5377 981 5432 ἀλλ’
1020 5377 1172 5431 οὐδὲν
1216 5377 1477 5445 τοιοῦτον,
1522 5375 1632 5435 οἷον
1664 5384 1889 5448 ἐκεῖνος.
1945 5386 2065 5450 Ἐξ-

485 5464 689 5535 εκόπης
706 5464 797 5517 τὸν
811 5463 1090 5532 ὀφθαλμόν
1105 5480 1119 5529 ;
1138 5463 1254 5518 ἀλλ’
1272 5466 1478 5529 ἐκεῖνος
1500 5468 1626 5529 τοὺς
1640 5466 1753 5521 δύο.
1772 5469 2066 5538 Ἐνόσησας

485 5548 640 5601 νόσον
681 5547 933 5619 μακράν;
968 5547 1082 5600 ἀλλ’
1110 5550 1314 5612 ἐκεῖνος
1352 5549 1572 5603 ἀνίατον
1602 5550 1735 5620 ἔχει.
1769 5553 2064 5617 Ἀπέϐαλες

483 5630 609 5692 τοὺς
636 5629 860 5695 παῖδας;
889 5629 1221 5694 ἀλλ’ἐκεῖνος
1259 5633 1350 5685 καί⁵
1366 5632 1465 5703 τὴν
1496 5633 1708 5700 ὑγιείαν
1739 5635 1831 5687 τοῦ
1862 5635 2063 5689 οἰκείου

488 5711 758 5780 σώματος.
799 5713 1143 5785 Ἐζημιώθης
1173 5714 1378 5785 ζημίαν
1403 5716 1678 5786 μεγάλην;
1716 5717 1829 5771 ἀλλ’
1854 5719 2065 5772 οὐδέπω

486 5797 619 5867 πρὸς
639 5793 699 5849 τὸ
731 5796 930 5867 ὶτέρων
953 5798 1158 5852 δεῖσθαι
1190 5801 1474 5870 κατέστης.
1506 5802 1711 5855 υύκοῦν
1737 5802 2057 5875 εὐχαρίστη-

1144 377 1205 432 S.
1241 375 1532 433 JOANNiS
1569 374 2075 435 CURYSOSTOMI
2107 378 2444 444 ARCIIlEP.
2485 390 3049 449 CONSTANTINOP.
3625 406 3704 459 Μῖὸ

2201 514 2292 549 σον
2327 501 2405 570 τῷ
2446 502 2585 575 Θεῷ.
2635 506 2795 577 Ὁρᾷς
2828 506 3069 569 ἐκείνους
3096 506 3154 559 ἐν
3194 504 3401 575 καμίνῳ
3435 510 3614 576 πενίας,
3636 518 3704 569 καὶ

2194 582 2348 653 παρὰ
2371 587 2587 642 πάντων
2615 590 2713 659 μὲν
2748 589 3058 651 αἰτοῦντας,
3090 588 3218 657 παρ’
3250 588 3436 655 ὀλίγων
3465 590 3515 642 δὲ
3547 592 3702 662 λαμϐά-

2193 682 2402 732 νοντας.
2437 670 2603 724 Ὅταν
2650 673 2949 744 ἀποκάμῃς
2974 672 3285 742 εὐχόμενος,
3316 672 3412 723 καὶ
3443 674 3515 741 μὴ
3539 674 3700 744 λαμὸἁε

2192 764 2311 821 νῃς,
2357 753 2607 822 ἐννόησον
2644 755 2873 817 ποσάκις
2902 755 3142 824 ἤκουσας
3178 754 3403 821 πένητός
3444 772 3497 807 σε
3530 758 3702 815 καλοῦν·

2190 849 2301 897 τος,
2324 835 2416 887 καὶ
2450 838 2548 887 οὐκ
2586 838 2920 908 ἐπήκουσας,
2949 839 3043 891 καὶ
3088 837 3189 891 οὐκ
3211 838 3571 908 ἠγανάκτησεν
3599 846 3701 897 ἐκεῖ·

2191 931 2299 976 νος,
2357 916 2477 970 οὐδέ
2524 917 2715 989 ῦϐρισέ
2771 937 2852 974 σε.
2900 920 3093 973 Καίτοι
3128 921 3192 971 σύ
3230 921 3325 990 μὲν
3358 921 3456 973 ἀπὸ
3486 922 3704 995 ὠμότητος

2187 996 2346 1050 τοῦτο
2379 1004 2572 1063 ποιεῖς,
2621 1004 2649 1053 6
2695 1002 2750 1054 δὲ
2782 1003 2911 1065 Θεὸς
2952 1002 3059 1057 ἀπὸ
3104 1003 3503 1075 φιλανθρωπίας
3551 1009 3627 1059 καὶ
3664 1013 3706 1063 τὸ

2192 1079 2268 1150 μὴ
2318 1081 2538 1135 ἀκούειν
2596 1086 2764 1137 ποιεῖ.
2818 1086 2877 1137 Εἰ
2913 1086 3093 1138 τοίνυν
3124 1085 3285 1145 αὐτὸς
3326 1086 3421 1137 τοῦ
3476 1090 3703 1157 ὁμοδούλου

2188 1161 2256 1214 δι’
2285 1162 2543 1233 ὠμότητα
2578 1167 2653 1235 μὴ
2692 1165 2907 1220 ἀκούων
2936 1168 3035 1219 οὐκ
3071 1166 3242 1233 ἀξιοῖς
3289 1170 3624 1235 ἐγκαλεῖσθαι,
3652 1174 3705 1242 τῷ

2186 1245 2422 1318 δεσπότῃ
2452 1247 2545 1302 τοῦ
2574 1249 2762 1301 δούλου
2802 1249 2892 1302 διά
2931 1250 3342 1320 φιλανθρωπίαν
3389 1251 3485 1303 οὐκ
3510 1253 3705 1309 ἀκούοντι

2186 1330 2465 1398 ἐγκαλεῐςς
2537 1332 2697 1404 Ὁρᾷς
2739 1334 2905 1387 πόσον
2953 1333 3016 1386 τὸ
3069 1334 3290 1399 άνισον;
3333 1335 3492 1387 πόσον
3538 1336 3589 1389 τὸ
3625 1338 3705 1391 ἄδι.

2185 1428 2308 1478 xcv;

2253 1552 2315 1606 δ’.
2351 1552 2535 1607 Ταῦτα
2573 1553 2845 1624 ἐννοῶμεν
2872 1554 3187 1617 διαπαντὸς,
3236 1556 3363 1618 τοὺς
3398 1557 3709 1627 κατωτέροκ,

2182 1644 2306 1706 τούς
2328 1645 2385 1696 ἐν
2413 1643 2621 1712 μείζοσι
2655 1649 2977 1715 συμφοραῖς,
3012 1646 3103 1699 καὶ
3129 1645 3269 1698 οὕτω
3308 1647 3624 1717 δυνησόμεθα
3643 1649 3709 1700 εὐ·

2183 1729 2459 1795 χαριστεῖν
2511 1726 2592 1797 τῷ
2625 1726 2765 1796 Θεῷ.
2798 1727 3013 1782 Πολλῶν
3067 1731 3094 1781 ό
3143 1728 3255 1797 βίος
3302 1729 3464 1795 γέμει
3507 1730 3710 1783 τοιούτοιν

2182 1808 2614 1878 ὑποδειγμάτων·
2642 1810 2753 1879 ἔχει
2772 1810 2826 1862 δὲ
2847 1811 3195 1866 διδασκαλίαν
3214 1812 3274 1863 οὐ
3304 1812 3502 1882 μικρὰν
3519 1816 3545 1865 6
3565 1814 3708 1881 νήφων

2182 1893 2274 1947 καὶ
2313 1891 2633 1962 βουλόμενος
2682 1892 2970 1962 προσέχειν
3002 1894 3098 1951 καὶ
3152 1894 3261 1946 ἀπὸ
3303 1894 3415 1946 τῶν
3458 1895 3708 1964 εὐκτηρίων

2178 1976 2361 2031 οἴκων.
2389 1975 2488 2029 Διά
2524 1974 2683 2027 τοῦτο
2707 1976 2815 2045 γὰρ
2851 1977 2945 2029 καὶ
3003 1980 3061 2031 ἐν
3110 1980 3229 2040 ταῖς
3272 1978 3597 2047 ἐκκλησίαις,
3641 1981 3711 2031 καί

2178 2058 2237 2112 ἐν
2272 2061 2383 2121 τοῖς
2413 2058 2730 2127 μαρτυρίοις
2777 2058 3153 2129 προκάθηνται
3192 2059 3301 2112 τῶν
3333 2060 3652 2131 προπυλαίων
3673 2063 3709 2112 οἱ

2178 2140 2428 2209 πένητες,
2460 2140 2600 2193 ὥστε
2629 2142 2775 2210 ἡμᾶς
2801 2142 2867 2193 ἐκ
2901 2141 2996 2209 τῆς
3026 2140 3229 2194 τούτων
3261 2142 3390 2206 θέας
3420 2143 3602 2211 πολλὴν
3650 2142 3709 2194 δὲ-

2176 2224 2369 2293 χεσθαι
2398 2224 2493 2294 τὴν
2517 2223 2805 2293 ὠφέλειαν.
2848 2226 3132 2295 Ἐννόησον
3156 2225 3265 2296 γὰρ
3296 2228 3380 2280 ὅτι
3428 2227 3503 2288 εἰς
3530 2227 3614 2293 μὲν
3641 2226 3711 2293 βα-

2179 2308 2288 2362 σίλε
2299 2326 2351 2361 ια
2384 2310 2452 2363 τὰ
2477 2309 2567 2360 ἐπὶ
2596 2309 2697 2377 γῆς
2721 2309 3117 2381 εἰσερχομένων
3140 2309 3322 2379 ἡμῶν,
3342 2308 3493 2362 οὐδὲν
3516 2308 3712 2360 τοιοῦτον

2178 2391 2323 2443 ἔστιν
2358 2391 2482 2445 ἰδεῖν
2510 2407 2524 2421 ·
2564 2390 2701 2445 ἀλλὰ
2732 2390 2923 2461 ἄνδρες
2957 2392 3051 2446 καὶ
3080 2392 3286 2461 σεμνοὶ,
3343 2394 3439 2445 καὶ
3496 2392 3711 2463 λαμπροὶ,

2178 2476 2271 2529 καὶ
2302 2473 2681 2539 πλουτοῦντες,
2718 2476 2811 2529 καὶ
2860 2475 3091 2540 συνετοὶ,
3125 2474 3403 2545 πανταχοῦ
3447 2476 3712 2545 διατρέχου-

2178 2575 2281 2620 σιν,
2308 2559 2387 2619 εἰς
2409 2557 2464 2609 δὲ
2487 2558 2554 2611 τὰ
2586 2556 2755 2622 ὅντως
2800 2556 3070 2626 βασίλεια,
3126 2558 3224 2627 τὴν
3260 2559 3551 2628 ἐκκλησίαν
3584 2558 3712 2623 λέγω,

2176 2642 2270 2693 καὶ
2296 2640 2419 2703 τούς
2446 2640 2765 2712 εὐκτηρίους
2790 2640 2971 2702 οἴκους
2988 2641 3096 2699 τῶν
3122 2642 3442 2717 μαρτύρων,
3463 2640 3714 2713 δαιμονῶν-

2173 2739 2284 2787 τες,
2322 2723 2611 2792 ἀνάπηροι,
2645 2722 2894 2794 πένητες,
2930 2723 3200 2794 γέροντες,
3231 2725 3447 2794 τυφλοὶ,
3475 2726 3714 2794 διεστραμ-

2177 2809 2329 2876 μένοι
2355 2807 2422 2859 τά
2452 2806 2609 2875 μέλη.
2643 2806 2708 2859 Τί
2735 2806 2973 2877 δήποτες
3008 2808 3125 2861 ’Ἰνα
3166 2810 3229 2864 σὺ
3259 2810 3493 2882 παιδεύῃ
3541 2809 3619 2863 διὰ
3640 2808 3715 2875 τῆς

2171 2891 2377 2944 τούτων
2407 2890 2555 2955 θέας,
2596 2889 2815 2959 πρῶτον
2841 2891 2937 2960 μὲν
2968 2891 3076 2955 ἵνα,
3109 2894 3159 2949 εἰ
3190 2909 3312 2946 τινα
3344 2893 3509 2961 τῦφον
3542 2892 3707 2957 ἔξωθεν

2175 2976 2565 3045 ἐπισυρόμενος
2594 2974 2860 3047 εἰσέλθῃς,
2889 2976 2968 3038 εἰς
2996 2976 3236 3041 ἐκείνους
3268 2977 3495 3047 βλέψας,
3519 2978 3717 3029 καίἁπο·

2173 3056 2395 3126 θέμενος
2426 3055 2513 3109 τὸν
2545 3057 2727 3124 δγκον,
2754 3056 2850 3111 καὶ
2882 3057 3175 3127 συντρίψας
3194 3062 3293 3129 τὴν
3311 3061 3553 3130 καρδίαν,
3583 3058 3717 3121 οὐτως

2170 3139 2436 3211 εἰσέλθῃς,
2471 3140 2565 3191 καὶ
2595 3138 2703 3191 τῶν
2732 3139 3037 3209 λεγομένων
3067 3142 3307 3215 ἀκούσῃς
3338 3144 3357 3213 (
3386 3144 3444 3197 οὐ
3492 3144 3591 3211 γὰρ
3629 3143 3716 3193 ἔστι

2174 3223 2313 3293 μετά
2357 3222 2528 3292 τύφου
2582 3222 3021 3294 προσευχόμενον
3076 3224 3369 3279 ἀκούεσθαι
3403 3228 3461 3294 )’
3503 3226 3597 3288 ἶν’,
3622 3226 3717 3276 ὅταν

2170 3307 2399 3377 γέροντα
2438 3306 2572 3379 ἴδῃς,
2607 3305 2681 3377 μὴ
2710 3307 2801 3358 ἐπὶ
2827 3306 3037 3377 νεότητι
3064 3308 3208 3377 μέγα
3240 3312 3445 3379 φρονῇς
3474 3327 3487 3339 ⁸
3518 3309 3604 3360 καὶ
3625 3308 3710 3375 γᾱρ

2169 3385 2313 3444 οὗτοι
2335 3391 2381 3442 οἰ
2403 3390 2655 3459 γέροντες
2690 3389 2798 3441 νέοι
2820 3389 3066 3457 ἐγένοντο
3095 3407 3107 3419 ⁸
3142 3390 3227 3456 ἵν’,
3277 3392 3407 3444 ὅταν
3458 3392 3545 3443 ἐπὶ
3588 3407 3717 3459 στρα-

2166 3467 2289 3539 τείᾳ
2319 3470 2412 3521 καὶ
2432 3467 2718 3538 δυναστείᾳ
2744 3466 2994 3540 βασιλικῇ
3031 3468 3174 3538 μέγα
3224 3468 3533 3539 κομπάζῃς,
3576 3468 3721 3536 ἐννοή-

2170 3570 2269 3624 an;
2298 3554 2379 3606 ὃτι
2411 3554 2475 3606 ἐκ
2513 3551 2720 3605 τούτων
2742 3552 2848 3605 εἰσὶ
2883 3551 2977 3604 καὶ
3010 3552 3057 3605 οἰ
3086 3551 3329 3623 λαμπροὶ
3392 3554 3651 3622 γενόμενοι
3676 3553 3718 3603 ὲν

2166 3638 2285 3698 ταῖς
2306 3634 2605 3705 βασιλικαῖς
2631 3635 2819 3699 αὐλαῖς
2840 3649 2855 3666 '
2904 3635 2991 3703 ἵν’,
3017 3636 3143 3688 ὅταν
3190 3638 3282 3688 ἐπὶ
3323 3636 3483 3709 ὑγεία
3510 3635 3720 3704 σώματος

2168 3721 2399 3794 θαρρῇς,
2437 3720 2647 3782 τούτοις
2668 3720 2949 3790 προσέχων
2980 3720 3337 3791 καταστείλῃς
3369 3737 3465 3774 σου
3514 3720 3570 3772 τὸ
3617 3721 3719 3789 φρό-

2167 3822 2335 3875 νημα.
2574 3803 2683 3857 Καὶ
2706 3803 2812 3875 γὰρ
2830 3801 3064 3858 ἐνταῦθα
3094 3803 3332 3873 συνεχῶς
3363 3803 3564 3868 εἰσιὼν,
3593 3806 3617 3856 ὸ
3645 3803 3720 3868 μὲν

2168 3886 2423 3956 ὑγιαίνων
2448 3887 2508 3939 οὐ
2544 3886 2686 3957 μέγα
2716 3886 2973 3956 φρονήσει
3011 3887 3105 3938 ἐπὶ
3138 3888 3297 3955 ὑγεία
3326 3885 3574 3957 σώματος
3593 3902 3606 3914 ’
3639 3886 3720 3937 οδε

2168 3972 2420 4041 κάμνων,
2453 3968 2682 4039 λήψεται
2733 3968 3084 4040 παραμυθίαν
3113 3969 3174 4021 οὐ
3206 3968 3304 4038 τὴν
3337 3968 3615 4039 τυχοῦσαν.
3662 3966 3719 4019 03

2167 4055 2254 4108 διὰ
2283 4054 2442 4107 τοῦτο
2463 4053 2522 4107 δὲ
2559 4054 2717 4123 μόνον
2745 4052 2979 4107 ἐνταῦθα
3021 4052 3464 4125 παρακάθηνται,
3520 4053 3623 4106 ἀλλ’
3650 4053 3717 4103 ίνι

2169 4155 2229 4190 σε
2256 4138 2350 4190 καὶ
2384 4136 2652 4206 ἐλεήμονα
2680 4138 2969 4208 ποιήσωσι,
3019 4139 3113 4191 καὶ
3147 4137 3283 4207 πρὸς
3318 4138 3466 4190 ἔλεον
3520 4140 3721 4204 ἐπικαμ-

2167 4219 2328 4289 φθῇς,
2370 4219 2456 4272 ῐνα
2480 4219 2768 4291 θαυμάσῃς
2798 4220 2893 4272 τοῦ
2924 4219 3057 4272 Θεοῦ
3092 4221 3189 4290 τὴν
3231 4219 3645 4291 φιλανθρωπίαν.
3673 4216 3720 4268 Εἰ

2165 4303 2273 4373 γάρ
2304 4304 2332 4351 ὁ
2357 4302 2487 4364 Θεὸς
2502 4302 2601 4355 οὐκ
2618 4302 3001 4371 ἐπαισχύνεται
3024 4303 3239 4366 αὐτοὺς,
3270 4303 3382 4354 ἀλλ’
3404 4305 3461 4355 ἐν
3488 4307 3592 4365 τοῖς
3626 4316 3721 4370 προ-

2167 4380 2410 4443 πυλαίοις
2433 4380 2597 4432 αὐτοῦ
2614 4380 2829 4450 ἔστησε,
2850 4380 3028 4452 πολλῷ
3048 4380 3245 4452 μᾶλλον
3268 4381 3329 4434 σύ
3351 4398 3365 4411 υ
3391 4382 3476 4434 ἵνα
3504 4382 3574 4451 μὴ
3608 4380 3722 4449 μέγα

2166 4468 2368 4535 φρονῇς
2398 4463 2494 4516 ἐπὶ
2517 4466 2627 4527 τοῖς
2646 4463 2931 4533 βασιλείοις
2955 4466 3068 4527 τοῖς
3086 4465 3178 4516 ἐπὶ
3201 4465 3299 4533 τῆς
3312 4466 3433 4535 γῆς.
3463 4466 3550 4533 Μὴ
3578 4462 3721 4514 τοίνυν

2167 4548 2496 4622 ἐπαισχύνου
2514 4549 2666 4618 παρὰ
2697 4548 2923 4617 πένητος
2941 4546 3271 4617 καλούμενος
3296 4550 3421 4602 ’κᾶν
3455 4546 3718 4617 προσέλθῃ.

2168 4630 2271 4680 κᾶν
2293 4628 2361 4681 τά
2378 4627 2581 4695 γόνατα
2599 4627 2823 4696 κατέχῃ,
2848 4626 2922 4697 μὴ
2946 4628 3218 4700 ἀποσείσῃ
3238 4644 3253 4659 υ
3300 4628 3461 4691 κύνες
3483 4629 3584 4696 γάρ
3609 4628 3721 4678 είσιν

2166 4704 2310 4765 οὗτοί
2353 4728 2499 4773 τινες
2546 4711 2848 4780 θαυμαστοὶ
2899 4711 3007 4763 τῶν
3053 4711 3232 4765 αὐλῶν
3288 4712 3396 4763 τῶν
3437 4707 3717 4780 βασιλικῶν.

2168 4794 2380 4864 Οὐγάρ
2406 4792 2689 4863 ἀτιμάζων
2723 4792 2920 4855 αὐτοὺς
2949 4792 3115 4856 κύνας
3137 4794 3389 4859 ἐκάλεσα,
3417 4795 3490 4864 μὴ
3522 4794 3716 4861 γένοιτο,

2165 4877 2301 4931 ἀλλά
2330 4878 2425 4931 καὶ
2488 4876 2694 4947 σφόδρα
2737 4876 2974 4930 ἐπαινῶν
3009 4893 3022 4905 ·
3056 4877 3152 4946 τὴν
3208 4877 3375 4947 αὐλὴν
3427 4878 3720 4945 φυλάττουσι

2168 4962 2266 5032 τὴν
2303 4959 2589 5030 βασιλικὴν
2614 4977 2627 4990 ⁸
2659 4960 2855 5030 θρέψον
2910 4960 3087 5013 τοίνυν
3135 4960 3330 5025 αὐτούς
3363 4978 3377 4991 ·
3407 4964 3440 5030 ἠ
3475 4962 3576 5031 γὰρ
3606 4962 3717 5025 τιμὴ

2168 5047 2245 5109 εἰς
2276 5044 2366 5097 τὸν
2389 5044 2613 5114 βασιλέα
2636 5044 2937 5099 ἀναϐαίνει.
2972 5045 3119 5099 Ἐκεῖ
3143 5046 3319 5098 πάντα
3336 5044 3523 5112 τῦφος,
3552 5046 3604 5096 ἐν
3624 5044 3714 5101 τοῖς

2172 5129 2467 5199 βασιλείοις
2496 5128 2641 5197 λέγω
2667 5130 2781 5191 τοῖς
2822 5129 2917 5181 ἐπὶ
2951 5128 3049 5198 τῆς
3108 5127 3234 5197 γῆς,
3296 5128 3525 5183 ἐνταῦθα
3568 5128 3717 5179 πάντα

2168 5211 2659 5284 ταπεινοφροσύνη.
2688 5212 2810 5266 Ὅτι
2839 5211 2987 5265 οὐδὲν
3018 5211 3084 5264 τὰ
3108 5210 3421 5280 ἀνθρώπινα
3442 5210 3535 5265 ἀπ’
3559 5207 3716 5265 αὐτῶν

2173 5298 2407 5369 μάλιστα
2436 5296 2544 5350 τῶν
2563 5295 2918 5368 προπυλαίων
2953 5294 3262 5363 μανθάνεις·
3290 5295 3371 5349 ὅτι
3404 5294 3465 5347 οὐ
3486 5296 3715 5361 τέρπεται

2170 5382 2383 5452 πλούτῳ
2409 5381 2561 5448 Θεὸς,
2584 5380 2677 5434 ἀπ’
2703 5379 2881 5432 αὐτῶν
2905 5377 3011 5431 τῶν
3038 5378 3463 5453 προκαθημένων
3499 5377 3714 5448 διδάσκῃ.

2178 5471 2243 5523 Ἦ
2274 5467 2380 5537 γὰρ
2413 5467 2617 5521 τούτων
2642 5465 2878 5535 καθέδρα
2933 5465 3028 5517 καὶ
3086 5464 3119 5535 η
3172 5463 3409 5535 συλλογὴ
3462 5460 3714 5533 μονονουχὶ

2169 5553 2487 5625 παραίνεσίς
2526 5556 2663 5617 ἐστι,
2691 5552 2828 5622 πρὸς
2855 5551 2955 5620 τὴν
2983 5550 3093 5603 τῶν
3146 5550 3399 5604 ἁπάντων
3444 5548 3715 5618 ἀνθρώπων

2170 5638 2331 5707 φύσιν
2366 5637 2545 5705 φωνὴν
2601 5639 2820 5703 ἀφιεῖσα
2880 5632 3156 5703 λαμπρὰν,
3220 5633 3316 5685 καὶ
3379 5632 3612 5697 λέγουσα,
3646 5628 3710 5678 ὅτι

2168 5721 2320 5775 οὐδὲν
2350 5721 2418 5771 τά
2452 5718 2765 5786 ἀνθρώπινα
2791 5717 3110 5787 πράγματα,
3136 5717 3217 5769 ὅτι
3248 5716 3373 5769 σκιά
3394 5715 3482 5768 καὶ
3511 5709 3707 5769 καπνός-

2172 5806 2234 5861 Εἰ
2264 5803 2423 5857 καλὸν
2454 5800 2518 5873 ἧν
2544 5804 2569 5854 6
2595 5801 2842 5864 πλοῦτος,
2870 5802 2967 5853 οὐκ
2998 5799 3061 5851 ἂν
3094 5800 3328 5872 πένητας
3383 5796 3713 5868 προεκάθιτιν

3869 1506 3871 1645 ί

3871 1700 3873 1797 γ

3871 1700 3873 1797 γ

3873 1892 3875 2007 l

3875 2086 3877 2191 |

3878 2278 3879 2373 ψ

3871 1700 3873 1797 γ

3873 1892 3875 2007 l

3875 2086 3877 2191 |

3878 2278 3879 2373 ψ

3880 2472 3881 2567 ψ

3865 1120 3867 1239 ί

3873 1892 3875 2007 ί

3875 2086 3877 2191 ί

3878 2278 3879 2373 ψ

3880 2472 3881 2567 ψ

3881 2664 3883 2795 ί

3883 2858 3885 2965 ί

3885 3050 3887 3181 ί

3887 3244 3889 3359 ί
