3964 6530
1667 303 1846 327 ,πυκιμ-

250 449 361 504 ιΐῖἒί

241 569 523 622 dominam
549 578 644 636 pro
674 566 784 634 ipsa
817 570 1029 626 oraret;
1076 570 1131 616 et
1168 560 1350 615 muitis
1372 556 1553 615 verbis
1579 572 1831 614 consum-

241 662 354 728 ptis
386 670 571 727 postea
604 657 711 709 hoc
736 671 948 723 quoque
973 653 1197 719 addidit,
1229 660 1498 722 tamquam
1524 651 1572 705 ei
1601 650 1834 703 maxime

242 758 600 818 persuasum,
648 746 912 817 quoddam
968 742 1198 798 maxime
1236 741 1567 796 horrendum
1600 740 1835 794 inferens

236 840 623 912 jusjurandum
680 848 849 893 :-crat
891 846 1068 889 autem
1121 835 1222 888 hoc
1260 832 1634 903 jusjurandum
1687 846 1700 882 :
1751 829 1831 883 ita

237 934 532 987 Christum
575 931 754 985 videas
790 931 848 983 'in
879 929 968 983 die
1001 926 1205 998 judicii,
1239 942 1308 980 ne
1356 940 1501 980 meas
1530 937 1716 995 preces
1742 923 1835 978 de-

234 1026 446 1093 spicias
479 1040 493 1075 :
522 1030 715 1077 etcum
742 1022 865 1075 inec
892 1021 1117 1074 dixisset
1158 1018 1308 1073 abiit.
1340 1018 1471 1083 Quae
1501 1028 1631 1070 vero
1656 1016 1833 1070 fuerat

236 1126 457 1187 rogata,
488 1130 609 1170 cum
632 1114 874 1184 quaedam
906 1113 1177 1167 incidisset
1196 1110 1500 1165 sollicitudo
1529 1110 1595 1164 de
1624 1110 1687 1163 iis
1711 1121 1832 1177 quae

234 1207 313 1260 ad
341 1206 507 1259 vitam
534 1206 828 1274 pertinent,
855 1212 915 1256 ut
935 1201 1129 1256 accidit
1161 1202 1210 1253 in
1237 1199 1506 1264 domibus,
1539 1199 1704 1253 oblita
1726 1207 1828 1253 est.

235 1294 455 1353 Deinde
480 1304 702 1365 repente
730 1294 786 1349 in
812 1293 1130 1363 crepusculo
1156 1290 1525 1363 pomeridiano
1550 1290 1832 1345 recordata

233 1400 328 1444 est
348 1390 587 1443 maxime
617 1387 868 1443 horrendi
898 1388 1039 1441 illius
1068 1396 1175 1456 quo
1196 1385 1381 1440 adacta
1408 1383 1584 1438 fuerat
1607 1383 1832 1452 jurisjuv

232 1480 427 1544 randi,
458 1479 878 1533 etveltementer
902 1476 1361 1546 fuitcompuncta,
1386 1483 1439 1529 et
1462 1472 1648 1528 abiens
1673 1474 1831 1528 enixe

231 1578 299 1624 et
325 1570 615 1640 diligenter
639 1571 867 1640 rogavit,
901 1579 954 1625 et
979 1576 1092 1624 rem
1119 1568 1372 1624 confecit.
1406 1567 1498 1622 [ila
1525 1578 1702 1622 autem
1736 1576 1831 1620 no-

235 1671 334 1717 cte
366 1664 532 1717 castus
564 1671 785 1733 repente
810 1662 941 1716 vidit
969 1671 1202 1730 apertos,
1229 1670 1285 1716 et
1313 1660 1782 1730 ipsum‘Cbristum
1814 1676 1827 1713 :
1868 1650 1869 1653 “

234 1752 386 1808 vidit
410 1762 587 1808 autem
620 1794 634 1819 ,
664 1762 721 1808 ut
748 1754 914 1808 videri
949 1760 1157 1822 poterat
1195 1764 1224 1807 a
1271 1751 1517 1806 muliere.
1567 1751 1829 1817 Quoniam

235 1854 430 1899 autem
458 1844 525 1900 de
558 1844 912 1915 jurejurando
958 1844 1054 1897 fuit
1080 1841 1306 1897 sollicita
1328 1882 1344 1908 ,
1375 1850 1427 1895 et
1469 1842 1590 1910 quia
1630 1841 1828 1905 timuit,

240 1933 357 1990 hac
396 1935 605 1991 visione
652 1935 810 2004 digna
856 1935 955 1988 fuit
1001 1934 1199 1988 habita.
1236 1932 1367 1986 Haec
1394 1931 1585 1986 autem
1604 1930 1735 1995 dixi,
1763 1943 1832 1986 ne

234 2026 527 2097 despectui
558 2026 851 2080 habeamus
892 2025 1255 2095 adjurationcs
1280 2065 1295 2089 ,
1327 2023 1558 2077 maxime
1602 2036 1723 2076 cunt
1764 2022 1830 2077 de

232 2116 410 2172 rebus
432 2116 585 2171 bonis
613 2125 670 2171 et
698 2115 935 2170 honestis
960 2128 1057 2169 nos
1088 2113 1302 2183 quidam
1330 2112 1635 2182 rogaverint
1655 2152 1671 2175 ,
1719 2122 1821 2179 pro

228 2210 585 2279 eieemosyna
609 2251 624 2272 ,
660 2222 757 2278 pro
778 2207 1108 2277 benignitate
1130 2215 1187 2262 et
1268 2206 1582 2264 clementia.
1661 2207 1821 2261 Nunc

230 2312 423 2357 autem
460 2300 650 2356 sedent
696 2298 1210 2370 pauperespcdi‘bu‘s
1253 2308 1432 2353 manet
1458 2313 1521 2352 ac
1550 2298 1780 2353 mutiiati
1808 2339 1824 2363 ,

231 2393 489 2447 videntes
532 2402 582 2446 te
610 2399 1113 2461 pmtercmentem
1145 2407 1161 2446 :
1202 2389 1394 2444 deinde
1446 2390 1695 2456 quoniam
1727 2404 1823 2458 pe-

228 2483 401 2536 dibus
432 2492 483 2536 te
512 2496 618 2536 non
646 2488 870 2551 possunt
897 2481 1146 2552 assequi,
1176 2490 1394 2550 sperant
1420 2494 1479 2534 se
1502 2478 1665 2534 veluti
1696 2490 1826 2549 quo-

230 2577 364 2630 dam
390 2575 556 2631 hamo
577 2574 929 2644 adjurationis
954 2582 1100 2628 metu
1129 2584 1181 2628 te
1211 2582 1532 2638 rctmturos,
1557 2582 1611 2627 et
1634 2582 1827 2625 manus

227 2669 592 2724 extendentes
618 2667 909 2737 adjuvant,
940 2676 1000 2721 ut
1027 2681 1191 2721 unum
1224 2676 1316 2719 aut
1364 2665 1499 2719 duos
1545 2664 1690 2718 solos
1730 2662 1826 2717 des

227 2762 429 2817 obolos
471 2778 486 2818 :
528 2771 588 2815 tu
634 2769 811 2815 autem
845 2760 1214 2830 praetercurri‘s
1262 2774 1358 2829 per
1405 2768 1550 2812 tuum
1582 2757 1821 2827 adthra’ta

232 2854 525 2907 hominum
561 2871 575 2906 :
616 2864 674 2907 et
703 2853 830 2908 si-tc
856 2852 1186 2922 ’adjuraverit
1232 2852 1445 2921 quidem
1488 2866 1585 2921 per
1630 2851 1820 2905 oculos

225 2957 329 3000 aut
355 2946 527 3001 mariti
555 2958 779 3016 peregre
807 2945 1051 3016 profecti,
1080 2954 1176 3000 'aut
1208 2946 1319 3009 lilii,
1347 2954 1436 2999 aut
1468 2944 1607 3010 filiae,
1638 2946 1818 3000 statim

225 3039 405 3105 cedis,
431 3049 485 3094 et
513 3036 636 3094 salit
664 3039 895 3104 animus,
920 3036 1200 3092 inculcatis
1233 3052 1247 3091 :
1281 3037 1360 3091 sin
1389 3047 1563 3091 autem
1595 3050 1688 3106 per
1712 3038 1820 3090 Do-

229 3134 441 3186 minum
469 3131 729 3200 adjurari‘t
753 3172 767 3195 ,
797 3132 1197 3198 ‘prmtcrcuriis.
1244 3120 1359 3198 Ego
1403 3138 1580 3182 autem
1616 3129 1820 3183 multas

228 3224 367 3279 novi
397 3239 517 3294 qure
564 3220 750 3277 audito
772 3214 1014 3277 'Domino
1053 3230 1532 3293 praetercurrcru‘nt
1562 3237 1576 3286 ;
1608 3221 1675 3275 de
1706 3220 1821 3290 pul-

229 3314 544 3371 chritudine
597 3324 774 3367 autem
827 3312 1053 3367 laudatae
1076 3312 1148 3366 ab
1189 3311 1584 3375 accedentibus,
1634 3311 1818 3365 iretitia

224 3414 360 3459 sunt
390 3404 592 3469 eﬂ'usge,
623 3412 676 3459 et
703 3403 976 3467 emollitae,
1007 3412 1305 3457 et'manum
1337 3410 1706 3471 porrexerunt.
1743 3401 1819 3455 Eo

224 3500 412 3563 itaque
441 3496 665 3550 miseros
695 3494 912 3564 adigunt
958 3507 1218 3563 pauperes
1249 3500 1306 3546 ut
1341 3494 1504 3546 risum
1547 3499 1832 3546 moveant;

222 3592 364 3646 Nam
396 3592 645 3660 quoniam
680 3589 857 3643 verbis
896 3596 1110 3642 utentes
1139 3586 1550 3640 vehementibus
1589 3594 1641 3639 et
1676 3584 1817 3638 acri-

226 3683 333 3735 bus
360 3695 465 3735 non
498 3688 719 3750 tangunt
748 3678 982 3732 animum
1011 3717 1026 3741 ,
1059 3676 1125 3731 ad
1156 3676 1306 3729 lianc
1337 3673 1474 3729 viain
1526 3674 1816 3729 deveniunt

227 3788 328 3842 per
355 3787 513 3841 quam
544 3772 772 3824 maxime
792 3769 1067 3824 'dele‘cmut
1096 3782 1112 3822 :
1140 3778 1193 3822 et
1220 3780 1341 3822 eum
1371 3766 1460 3835 qui
1484 3774 1566 3820 cst
1596 3765 1647 3818 in
1676 3763 1819 3818 cala-

227 3866 417 3920 mitate
439 3907 453 3930 ,
491 3873 544 3919 et
586 3864 726 3919 fame
756 3862 1024 3917 cruciatur
1046 3901 1060 3925 ,
1092 3860 1235 3930 cogit
1279 3866 1460 3914 nostra
1505 3857 1818 3929 improbitas

225 3955 644 4026 pulchritudinis
673 3954 852 4011 dicere
882 3953 1204 4010 encomium.

302 4051 705 4106 Mendicantiuin
737 4066 843 4105 mos
867 4050 1162 4120 singularis.
1190 4079 1262 4089 —
1286 4047 1351 4103 Et
1378 4048 1579 4103 utinam
1604 4045 1705 4103 hoc
1725 4058 1817 4103 so-

226 4147 341 4199 lun
367 4162 381 4209 ;
414 4145 508 4199 sed
535 4145 762 4199 alterum
784 4157 995 4214 quoque
1021 4140 1312 4213 genushoc
1329 4140 1591 4206 acerbius,
1625 4150 1818 4210 nempe

226 4237 654 4305 prmstigiatores
683 4235 825 4304 cogit
848 4248 968 4290 esse
992 4242 1261 4302 "pauperes
1288 4273 1302 4299 ,
1334 4246 1551 4288 scurras
1578 4241 1631 4286 et
1650 4233 1820 4287 risum

228 4338 530 4384 moventes.
551 4326 776 4394 Quando
798 4327 938 4382 enim
958 4324 1150 4380 calices
1168 4368 1182 4392 ,
1213 4324 1537 4380 hederaceas
1564 4332 1776 4393 pateras
1796 4366 1809 4389 ,

226 4433 284 4477 et
310 4422 501 4491 poeula
525 4420 704 4491 digitis
722 4421 964 4475 inserens
991 4424 1044 4474 et
1072 4419 1351 4487 imponens
1378 4416 1513 4470 ludit
1534 4414 1814 4486 cymbalis,

228 4526 286 4571 et
316 4514 548 4569 ﬁstulam
578 4513 803 4580 habens,
826 4510 1320 4581 turpiacauticaet
1336 4523 1526 4563 amore
1549 4507 1705 4576 plena
1716 4522 1819 4576 per

227 4623 373 4671 cam,
418 4615 580 4662 cantu
624 4615 680 4661 et
721 4620 854 4660 voce
892 4605 1088 4659 clamat
1120 4620 1133 4656 ε
1164 4602 1356 4658 deinde
1396 4600 1546 4655 multi
1590 4601 1812 4656 circum-

228 4708 377 4753 stant
404 4740 418 4761 ,
451 4708 505 4754 et
533 4698 622 4751 alii
650 4696 866 4767 quidem
914 4696 1144 4751 frustum
1178 4693 1329 4765 panis
1357 4735 1371 4759 ,
1396 4692 1655 4747 'aliivcro
1680 4692 1810 4746 'eb‘o-

228 4792 361 4855 lum,
391 4789 481 4842 alii
509 4803 638 4843 vero
666 4786 866 4858 aliquid
894 4786 1037 4840 aliud
1069 4786 1329 4855 pricbeut,
1359 4792 1413 4837 et
1441 4784 1531 4838 diu
1562 4784 1814 4849 retinent,

228 4893 285 4937 et
315 4881 653 4937 delectantur
678 4884 731 4934 o't
760 4879 856 4932 viri
885 4878 1219 4933 etmulieres
1249 4896 1261 4929 :
1296 4875 1420 4946 quid
1460 4884 1544 4929 est
1570 4875 1671 4930 hoc
1698 4889 1819 4945 gra-

230 4977 350 5031 vius
373 4975 397 5028 i
417 4990 595 5029 annon
626 4985 753 5028 sunt
776 4973 891 5027 hinc
918 4971 1070 5026 valde
1096 4970 1418 5040 deploranda
1445 4970 1468 5023 ?
1498 4969 1666 5024 Parva
1696 4970 1818 5038 qui-

228 5068 354 5122 dem
382 5073 527 5130 sunt,
561 5076 612 5120 et
648 5079 805 5133 parva
836 5064 1229 5125 existimantur,
1252 5060 1462 5115 nostris
1488 5071 1664 5115 autem
1695 5074 1815 5114 mo-

230 5160 381 5214 ribus
409 5172 598 5226 magna
626 5159 1195 5227 ingencrantpeccata.
1218 5153 1443 5221 Quando
1473 5154 1613 5207 enim
1644 5154 1817 5207 dictus

230 5251 394 5307 fuerit
422 5251 636 5321 quidam
666 5249 952 5303 obscoenos
975 5256 1034 5303 'et
1059 5247 1229 5302 dulcis
1256 5246 1467 5309 modus,
1493 5247 1670 5299 mollit
1698 5248 1817 5299 ani-

230 5361 401 5410 mum,
433 5354 489 5400 et
515 5345 658 5397 illam
694 5344 863 5413 ipsam
894 5341 1189 5411 corrumpit
1216 5341 1488 5403 animam;
1518 5350 1572 5395 et
1616 5354 1813 5409 pauper

226 5437 445 5508 quidem
519 5437 684 5490 Deum
741 5436 1037 5496 invocans,
1094 5441 1151 5487 et
1203 5432 1341 5486 bona
1388 5431 1539 5517 vobis
1595 5444 1820 5500 precans

229 5528 673 5593 innumerabilia,
698 5543 728 5581 a
758 5528 909 5582 vobis
937 5525 1085 5580 nihili
1113 5524 1405 5578 mstimatur
1459 5542 1472 5576 :
1522 5525 1609 5592 qui
1637 5531 1815 5576 autem

228 5642 326 5697 pro
371 5626 456 5678 bis
496 5621 699 5677 in’ducit
724 5618 980 5690 juvenilia
1006 5660 1021 5687 ,
1064 5618 1299 5673 habetur
1343 5618 1394 5671 in
1442 5614 1811 5670 admiratione.

302 5719 562 5774 Patientia
609 5715 989 5771 commendatur
1040 5713 1303 5783 exemplis.
1333 5740 1404 5750 —
1435 5708 1589 5777 Quod
1634 5714 1814 5761 autem

225 5827 372 5867 nunc
398 5810 532 5864 mihi
564 5810 707 5863 venit
736 5809 788 5863 in
819 5816 1056 5861 mentem
1081 5803 1219 5873 apud
1250 5816 1345 5857 vos
1373 5801 1574 5865 dicere,
1609 5799 1712 5853 hoc
1741 5797 1818 5852 di-

225 5920 367 5961 cam.
402 5901 669 5971 Quidnam
696 5901 802 5956 hoc
846 5899 976 5958 est?
1004 5895 1226 5965 Quando
1248 5894 1311 5950 in
1355 5901 1719 5966 paupertatem
1764 5900 1819 5946 et

1074 436 1140 499 IN
1180 436 1390 499 EritSt'.
1437 447 1469 499 ι,
1520 443 1609 495 AI)
1648 438 1978 498 'I‘IIESSAL.
2012 446 2165 502 CAP.
2211 451 2271 505 ν.
2317 452 2542 511 Ηοιηι.
2588 454 2679 512 XI.

3421 464 3525 521 M35

1941 564 2185 619 morbum
2210 568 2477 637 incideris,
2506 574 2682 627 sinon
2706 572 2943 641 aiiundc,
2970 587 2999 627 τι
3029 574 3287 632 mendicis
3307 579 3522 649 quidem

1940 662 2087 712 certe
2109 698 2125 722 ,
2152 660 2241 728 qui
2271 676 2366 729 per
2390 666 2621 732 compita
2649 674 2704 720 et
2728 667 3040 735 angiportus
3062 667 3342 737 incedunt,
3372 672 3521 727 disco

1940 749 2169 804 Domino
2198 766 2358 821 agere
2377 756 2594 822 gratias.
2625 756 2715 810 isti
2742 758 2885 811 enim
2908 764 3077 813 totam
3094 760 3259 816 vitam
3274 762 3335 816 in
3364 777 3518 817 men—

1937 838 2166 896 dicando
2220 852 2602 917 consummes
2628 887 2643 909 ,
2666 853 2782 900 ‘non
2812 848 3180 918 blaspbcmau‘t
3204 891 3219 917 ,
3253 868 3361 907 non
3398 856 3516 910 ira-

1939 944 2180 1000 scuntur,
2212 946 2312 990 nec
2336 936 2717 1005 :egrcfernut;
2760 939 2853 993 sed
2879 955 3092 995 omnem
3122 958 3272 997 suam
3305 945 3518 1000 mendi-

1939 1023 2150 1079 citatem
2209 1036 2493 1081 recensent.
2528 1042 2655 1081 cum
2710 1030 2995 1097 gratiarum
3046 1033 3290 1098 actione,
3340 1036 3518 1092 ‘Deum

1937 1126 2186 1186 magnum
2226 1117 2491 1172 facientes
2517 1120 2945 1189 cicmententque
2981 1130 3038 1176 et
3077 1122 3386 1193 benignum.
3416 1125 3518 1193 Qui

1938 1204 2074 1262 fame
2113 1209 2324 1278 quidem
2365 1210 2543 1280 perit,
2594 1221 2747 1265 vocat
2791 1212 3077 1281 benignum
3125 1232 3139 1266 :
3194 1226 3249 1269 tu
3291 1223 3468 1271 autem
3500 1259 3517 1283 ,

1936 1301 2024 1369 qui
2081 1303 2213 1355 vivis
2280 1304 2332 1356 in
2402 1305 2632 1356 maxima
2676 1314 2855 1357 rerum
2916 1304 3156 1359 omnium
3194 1307 3368 1376 copia,
3414 1308 3519 1362 nisi

1935 1406 2022 1447 res
2077 1397 2314 1449 omnium
2371 1396 2675 1465 acceperis,
2747 1410 2907 1450 vocas
2952 1395 3246 1455 crudelem.
3308 1400 3519 1466 Quanto

1934 1496 2014 1538 est
2068 1484 2155 1539 ille
2203 1485 2434 1540 melior?
2478 1486 2756 1556 quomodo
2792 1498 2901 1541 ‘nos
2938 1495 3062 1542 tunc
3111 1488 3520 1544 condemnabit?

1933 1575 2097 1630 Nobis
2156 1590 2468 1631 communes
2526 1577 2892 1631 ‘caiamitatum
2936 1576 3231 1640 doctores,
3279 1587 3333 1632 et
3382 1592 3518 1632 cnu-

1930 1668 2251 1721 solationem
2294 1682 2390 1735 per
2438 1664 2750 1723 universum
2794 1664 2979 1722 urbem
3037 1675 3195 1722 teme
3244 1668 3381 1722 Deus
3427 1668 3518 1722 di-

1934 1756 2098 1821 misit,
2146 1770 2425 1825 pauperes.
2468 1756 2664 1810 Passus
2710 1770 2771 1810 es
2816 1755 3016 1826 aliquid
3066 1756 3209 1825 quod
3259 1755 3519 1811 nolebas?

1930 1847 2028 1902 sed
2084 1847 2216 1901 nihil
2272 1847 2653 1902 conferendum
2698 1862 2826 1902 cum
2880 1862 2944 1901 eo
2993 1848 3137 1917 quod
3187 1848 3274 1903 ille
3328 1862 3518 1917 passus

1932 1948 2035 1994 est.
2078 1939 2307 1994 Orbatus
2350 1954 2411 1993 es
2461 1938 2656 1994 oculo?
2704 1939 2797 1992 sed
2849 1939 2942 1992 ille
2990 1938 3272 1993 ambobus.
3340 1939 3517 1994 Labo-

1933 2028 2063 2085 rasti
2088 2030 2280 2085 morbo
2330 2029 2619 2085 diuturno?
2654 2029 2757 2084 sed
2800 2030 2885 2083 ilie
2922 2029 3228 2083 iiucurabili.
3274 2031 3517 2085 Amisisti

1934 2120 2075 2175 filios
2092 2123 2118 2175 Ἰ
2134 2121 2239 2176 ‘sed
2268 2120 2359 2176 ille
2379 2123 2539 2176 etiam
2569 2121 2851 2176 sanitatem
2880 2120 3515 2190 sui-c0rporis.Magnum

1933 2211 2186 2280 accepisti
2216 2211 2523 2265 damnum?
2552 2211 2657 2265 sed
2688 2210 2923 2265 nondum
2967 2225 3035 2265 eo
3057 2225 3116 2265 es
3164 2211 3413 2266 redactus
3454 2218 3517 2265 ut

1933 2293 2065 2356 aliis
2099 2314 2305 2372 egeres.
2356 2302 2466 2356 Deo
2516 2300 2677 2372 igitur
2712 2316 2815 2371 age
2857 2300 3078 2371 gratias.
3114 2301 3287 2356 'Vides
3316 2301 3434 2355 illos
3452 2292 3515 2354 in

1932 2393 2153 2450 fornace
2197 2395 2551 2463 paupertatis,
2582 2393 2651 2448 ab
2689 2394 3240 2462 omnibuspetentes,
3267 2407 3297 2445 a
3326 2392 3515 2461 paucis

1931 2486 2275 2555 accipientes.
2305 2485 2531 2553 Quando
2555 2484 2797 2539 defessus
2826 2483 3109 2538 es'orando
3134 2491 3192 2538 et
3212 2483 3342 2537 nihil
3367 2484 3513 2537 acci-

1932 2579 2033 2648 pis,
2065 2577 2236 2647 cogita
2283 2577 2493 2646 quoties
2531 2589 2817 2645 pauperem
2846 2574 3081 2629 audieris
3098 2583 3386 2628 vocantem
3409 2616 3425 2640 ,
3446 2584 3513 2629 et

1932 2687 2036 2727 non
2068 2671 2372 2726 exaudieris
2404 2687 2416 2721 :
2447 2670 2536 2723 ille
2572 2678 2754 2722 autem
2802 2681 2903 2721 nec
2936 2668 3287 2732 succensuit,
3308 2682 3417 2722 'nec
3444 2672 3512 2721 te

1931 2763 2250 2819 contumelia
2272 2761 2468 2817 affecit.
2497 2760 2657 2829 Atqui
2688 2768 2743 2814 tu
2774 2758 3115 2827 hoc-quidem
3140 2758 3274 2812 facis
3296 2773 3360 2813 ex
3382 2770 3511 2813 cru-

1930 2856 2149 2912 delitate
2179 2874 2192 2908 :
2223 2854 2363 2910 Deus
2406 2868 2533 2909 vero
2560 2853 2721 2907 etiam
2752 2866 2818 2905 cx
2845 2851 3173 2920 benignitate
3204 2850 3332 2906 facit
3360 2853 3503 2922 quod

1929 2962 2036 3004 non
2064 2947 2263 3003 audiat.
2291 2946 2345 3002 Si
2373 2960 2502 3017 ergo
2528 2955 2581 3000 tu
2612 2946 2734 2999 cum
2760 2952 3076 2997 conservum
3094 2958 3206 2997 non
3233 2942 3418 2998 audias
3432 2944 3504 2999 ob

1929 3040 2292 3096 crudelitatem
2318 3080 2333 3105 ,
2366 3054 2471 3094 non
2499 3050 2708 3106 mquum
2748 3048 2937 3089 censes
2963 3043 3020 3087 ut
3049 3032 3459 3103 reprehenderis
3494 3049 3507 3088 ι

1927 3134 2200 3189 dominum
2242 3132 2403 3195 servi,
2429 3134 2514 3201 qui
2551 3137 2768 3200 propter
2789 3125 3174 3195 benignitatem
3204 3139 3310 3179 non
3337 3138 3506 3179 exauo

1925 3225 2027 3291 dit,
2047 3222 2394 3294 reprehendis
2412 3219 2617 3276 ?'Vides
2633 3226 2829 3289 quanta
2844 3216 3286 3286 sit-intequalitas,
3308 3226 3504 3286 quanta
3600 3264 3603 3265 ν

1927 3315 2183 3386 iniquitas
2208 3324 2261 3370 et
2284 3310 2587 3383 injuStitia?

1994 3400 2206 3461 4.11am
2252 3412 2507 3474 perpetuo
2546 3400 2950 3471 cogitemus,~et
2978 3397 3289 3464 inferiores,
3314 3408 3376 3452 et
3410 3412 3507 3453 eos

1924 3500 2013 3566 qui
2044 3499 2096 3552 in
2120 3495 2565 3565 'majoribussunt
2590 3489 3002 3552 'caiamitalibus,
3036 3495 3089 3542 et
3114 3488 3181 3540 ita
3214 3488 3508 3556 poterimus

1926 3588 2037 3644 Deo
2076 3602 2235 3656 agere
2279 3585 2493 3655 gratias.
2534 3581 2714 3636 Multis
2751 3578 3014 3649 ejusmodi
3056 3579 3314 3645 exemplis
3342 3580 3506 3646 plena

1924 3687 2008 3735 est
2037 3679 2142 3732 vita
2168 3695 2181 3731 :
2215 3690 2317 3731 non
2349 3684 2565 3745 parvam
2597 3681 2775 3725 autem
2805 3670 2963 3724 habet
2988 3667 3284 3723 doctrinam
3311 3669 3401 3737 qui
3425 3677 3509 3724 eSt

1923 3771 2168 3836 sobrius,
2200 3777 2255 3825 et
2279 3768 2392 3821 vuit
2415 3763 2690 3819 attendere
2709 3803 2724 3830 ,
2756 3761 2841 3816 vel
2862 3777 2930 3817 ex
2959 3759 3205 3814 domibus
3230 3758 3501 3813 oratoriis.

1922 3844 2218 3934 ‘Propterea
2245 3862 2385 3913 enim
2412 3868 2463 3911 ct
2491 3862 2542 3910 in
2570 3854 2809 3910 ecclesiis
2836 3862 2888 3908 et
2915 3852 2967 3906 in
2991 3850 3258 3921 martyriis
3284 3849 3359 3920 (a)
3381 3860 3506 3904 ante

1924 3956 2184 4015 vestibula
2214 3953 2401 4010 sedent
2431 3962 2711 4021 pauperes,
2741 3955 2799 4000 ut
2827 3958 2924 4000 nos
2952 3958 3017 3997 ex
3046 3943 3255 3997 illorum
3284 3950 3507 4011 aspectu

1924 4065 2170 4122 magnam
2208 4045 2480 4116 capiamus
2516 4040 2820 4095 utilitatem.
2863 4034 3055 4105 "Cogita
3099 4032 3241 4089 enim
3272 4032 3411 4101 quod
3452 4031 3507 4086 in

1927 4154 2166 4199 terrenas
2194 4138 2366 4208 regias
2400 4134 2552 4188 nobis
2582 4128 3000 4201 ingredientibus
3028 4123 3155 4179 nihil
3182 4123 3505 4191 licet‘videre

1923 4231 2216 4305 ejusmodi;
2247 4228 2341 4284 sed
2367 4226 2467 4280 viri
2494 4237 2702 4295 graves,
2728 4218 2941 4273 honesti
2971 4227 3020 4271 et
3046 4215 3332 4284 magnifici,
3364 4228 3506 4282 pra:—

1923 4325 2161 4393 clariqtte
2183 4322 2373 4376 divites
2402 4326 2456 4372 et
2485 4313 2836 4381 intelligentes
2865 4320 3075 4377 quoquo
3098 4317 3506 4359 versusescur-

1923 4426 2086 4473 runt:
2120 4416 2170 4469 in
2199 4413 2342 4467 illam
2372 4403 2547 4463 autem
2578 4406 2799 4473 regiam,
2832 4399 3113 4455 ecclesiam
3134 4437 3149 4462 ,
3183 4395 3421 4463 inquam,
3448 4403 3517 4448 et

1925 4517 2216 4577 martyrum
2255 4502 2443 4556 domes
2458 4488 3182 4561 -oratoriasingrediontibus
3200 4486 3474 4541 obversati
3488 4514 3515 4532 ι

1927 4612 2010 4657 tur
2038 4597 2381 4661 dannoniaci,
2422 4591 2594 4647 manci
2641 4599 2697 4645 et
2740 4586 2937 4651 mutili,
2980 4597 3268 4654 pauperes,
3313 4596 3505 4650 senes,

1925 4694 2049 4750 aeri
2069 4736 2082 4759 ,
2113 4700 2166 4747 et
2197 4688 2288 4759 qui
2316 4694 2441 4742 sunt
2458 4683 2690 4740 obtortis
2715 4678 2990 4735 membris.
3019 4674 3412 4745 Quamobrem?
3438 4672 3510 4729 Ut

1916 4786 2207 4843 exiturum
2236 4789 2454 4851 aspectu
2472 4774 2746 4832 erudiaris
2774 4773 3049 4843 aprimum
3081 4769 3294 4840 quidem
3316 4809 3331 4833 ,
3378 4776 3435 4823 ut
3462 4769 3509 4824 si

1912 4882 2195 4951 ingressus
2216 4874 2378 4929 fueris
2397 4868 2727 4951 extrinsecus
2746 4863 2973 4935 aliquem
2989 4858 3188 4917 dastum
3210 4859 3506 4925 attraliens,

1923 4948 2043 5026 cum
2076 4968 2195 5023 illos
2234 4948 2619 5033 aspexerisfet
2646 4957 2807 5011 animi
2839 4954 3122 5009 elationem
3165 4950 3510 5021 deposueris,

1922 5073 1979 5119 et
2007 5076 2102 5116 cor
2128 5056 2474 5120 contriveris,
2516 5054 2586 5107 ita
2616 5047 2933 5121 ingrediaris
2960 5056 3015 5101 et
3058 5044 3243 5099 audias
3280 5056 3399 5113 quae
3428 5041 3509 5095 di.

1925 5163 2118 5212 cuntur
2140 5150 2276 5223 (fieri
2299 5149 2439 5204 enim
2464 5161 2566 5199 non
2589 5150 2764 5214 potest
2784 5150 2840 5194 ut
2863 5138 3124 5202 audiatur,
3147 5134 3237 5204 qui
3262 5141 3510 5202 precatur

1924 5258 2045 5301 cum
2077 5240 2249 5310 fastu)
2276 5260 2288 5295 :
2319 5248 2379 5293 ut
2419 5235 2841 5307 quandosenem
2870 5229 3066 5282 videris
3086 5268 3101 5292 ,
3134 5241 3239 5279 non
3269 5222 3509 5279 efferaris

1925 5350 1980 5395 et
2004 5338 2099 5392 tibi
2127 5337 2337 5406 placeas
2361 5332 2430 5386 ob
2447 5330 2775 5400 iuventutem
2804 5342 2816 5378 :
2848 5337 2969 5377 nam
3003 5321 3087 5373 isti
3111 5331 3322 5386 quoque
3350 5330 3509 5371 senes

1934 5434 2149 5490 fuerunt
2182 5429 2405 5498 juvenes
2435 5440 2447 5476 :
2480 5433 2536 5476 ut
2564 5418 2776 5491 quando
2810 5422 3028 5485 propter
3056 5411 3293 5465 militiam
3332 5418 3386 5463 ct
3414 5422 3509 5477 po-

1924 5532 2177 5579 testatein
2206 5518 2403 5589 regiam
2438 5525 2487 5568 te
2507 5511 2660 5565 valde
2679 5507 2931 5579 jactaris,
2960 5503 3160 5573 cogites
3184 5499 3325 5571 quod
3353 5514 3416 5554 ex
3446 5498 3509 5552 iis

1927 5628 2049 5672 sunt
2086 5628 2171 5685 qui
2202 5613 2252 5666 in
2285 5609 2418 5664 aulis
2446 5606 2606 5676 regiis
2636 5599 2961 5673 pricclari'et
2982 5593 3501 5656 illustresdneruntt;

1927 5719 1983 5765 ut
2010 5681 2220 5779 quando
2250 5706 2303 5760 in
2326 5702 2559 5757 sanitate
2581 5694 2824 5765 corporis
2852 5689 3031 5746 fueris
3062 5685 3375 5749 conﬁdens,
3409 5681 3512 5739 bos

1990 5828 2062 5888 (a)
2096 5824 2344 5888 Non_ra_ro
2374 5815 2500 5888 apud
2901 5800 3291 5888 .scripztgresnsic
3323 5809 3509 5851 memo-

1934 5864 2344 5943 rat‘t‘iurec‘ciesi—a':
2362 5864 2643 5943 martyrum.
2677 5872 2770 5923 ilic
2789 5868 2999 5921 oratoria
3020 5864 3260 5916 dicuntur.
