3834 6528
460 429 565 483 1.67

465 537 743 594 attendens
784 544 928 590 tuam
970 544 1294 600 comprimas
1333 527 1658 598 superbiam.
1709 524 1917 580 Etenim
1959 520 2048 591 qui

460 632 568 686 huc
596 628 811 685 assidue
854 625 1167 697 ingreditur.
1201 624 1291 692 qui
1322 632 1405 676 est
1433 620 1647 690 quidem
1688 631 1851 672 sanus
1877 656 1890 677 ,
1943 629 2046 668 non

462 722 625 775 valde
651 719 751 774 sibi
775 716 1005 786 placebit
1028 714 1097 769 de
1116 712 1346 768 sanitate
1367 711 1638 781 corporis;
1668 709 1754 778 qui
1782 715 1957 761 autem
1981 706 2051 760 la-

458 812 636 876 borat,
661 825 763 866 non
788 810 958 864 levem
981 806 1210 875 accipiet
1229 805 1652 859 consolationem
1692 801 1807 855 Non
1835 807 2050 869 propter

459 902 565 955 hoc
589 910 765 956 autem
797 898 967 953 solum
1004 898 1089 951 hic
1116 895 1374 959 assident,
1404 893 1500 949 sed
1528 902 1586 947 ut
1607 900 1659 947 te
1687 905 1900 961 quoque
1927 888 2051 942 red-

456 994 590 1047 dant
632 990 1030 1044 misericordem
1059 998 1113 1042 et
1140 986 1375 1041 nectaris
1412 984 1480 1039 ad
1507 981 1924 1037 misericordiam
1947 1020 1962 1042 ,
1994 985 2050 1032 ut

462 1086 557 1141 Dei
596 1083 880 1139 admireris
908 1080 1290 1150 benignitatem
1323 1096 1336 1132 :
1370 1078 1414 1133 si
1454 1076 1597 1132 enim
1638 1075 1804 1130 Deum
1835 1072 2047 1127 illorum

458 1192 569 1231 non
604 1175 786 1245 pudet,
815 1174 909 1229 sed
936 1189 1031 1230 eos
1058 1173 1243 1228 statuit
1264 1172 1315 1226 in
1340 1168 1615 1225 vestibulis
1643 1185 1656 1221 :
1689 1166 1858 1222 multo
1880 1163 2048 1233 magis

462 1283 563 1323 nec
584 1276 682 1330 tu;
716 1281 784 1320 ne
814 1276 1031 1334 propter
1061 1274 1301 1319 terrenas
1331 1261 1503 1332 regias
1531 1258 1824 1314 insolescas
1867 1266 1922 1312 et
1950 1272 2044 1311 su-

456 1359 692 1429 perbias.
719 1353 798 1409 Ne
828 1353 985 1426 igitur
1015 1356 1300 1411 erubescas
1328 1352 1372 1406 si
1399 1352 1607 1407 voceris
1632 1366 1661 1404 a
1693 1363 1959 1419 paupere;
1993 1355 2049 1401 et

460 1452 508 1504 si
537 1449 849 1513 accesserit,
878 1449 921 1502 si
946 1461 1117 1517 genua
1147 1443 1508 1514 prehenderit,
1537 1458 1605 1497 ne
1630 1440 1857 1510 repellas
1882 1456 1894 1493 :
1925 1447 2050 1491 sunt

456 1540 604 1595 enim
636 1539 721 1594 isti
743 1553 902 1593 canes
928 1537 1142 1607 quidam
1164 1532 1462 1589 admirandi
1489 1533 1730 1586 aularum
1754 1530 2043 1600 regiarum.

461 1633 579 1688 Non
615 1633 757 1688 enim
793 1646 888 1685 eos
917 1629 1112 1698 probro
1140 1626 1382 1681 afﬁciens
1419 1625 1603 1680 vocavi
1634 1638 1828 1685 canes,
1869 1622 2039 1685 absit,

456 1723 559 1778 sed
587 1722 746 1777 etiam
771 1719 921 1774 valde
947 1718 1171 1772 laudans
1196 1735 1209 1771 :
1242 1715 1416 1771 aulam
1443 1723 1656 1769 servant
1687 1713 1923 1782 regiam;
1952 1727 2044 1765 eos

454 1828 589 1884 ergo
630 1811 776 1867 nutri
811 1827 824 1863 :
876 1810 1047 1864 honor
1084 1808 1228 1864 enim
1276 1806 1516 1861 ascendit
1558 1805 1623 1858 ad
1672 1804 1889 1872 Regem.
1936 1800 2047 1856 illic

459 1903 636 1958 omnia
656 1910 783 1955 sunt
811 1900 978 1954 fastus
998 1906 1053 1953 et
1075 1896 1349 1966 superbia,
1377 1896 1427 1949 in
1456 1896 1635 1963 regiis,
1660 1894 1897 1960 inquam,
1924 1906 2044 1961 qua:

456 2003 585 2050 sunt
628 2006 791 2062 super
815 1999 1018 2045 terram
1051 2006 1064 2043 :
1097 1987 1184 2043 hic
1210 1988 1385 2043 omnia
1413 1995 1541 2042 sunt
1566 1985 1856 2039 humilitas.
1890 1983 2042 2053 Quod

456 2084 594 2140 nihil
620 2084 728 2138 sint
754 2096 842 2136 res
873 2081 1148 2145 humanae,
1180 2095 1246 2134 ex
1277 2077 1408 2148 ipsis
1436 2078 1668 2132 maxime
1691 2076 1852 2132 discis
1881 2078 2043 2131 vesti-

458 2175 600 2231 bulis
630 2191 644 2228 :
674 2170 818 2241 quod
848 2170 1047 2225 divitiis
1076 2184 1181 2223 non
1210 2168 1510 2224 delectetur
1540 2169 1709 2234 Deus,
1740 2168 1950 2223 doceris
1976 2166 2043 2219 ab

460 2264 532 2322 iis
559 2266 651 2335 qui
685 2274 812 2319 ante
837 2263 950 2332 ipsa
980 2261 1187 2316 sedent.
1217 2260 1415 2315 Eorum
1455 2259 1597 2314 enim
1636 2259 1805 2313 sessio
1834 2267 1888 2313 et
1912 2272 2038 2311 con-

452 2354 699 2427 gregatio
724 2362 809 2409 est
846 2351 1231 2423 propemodum
1257 2350 1552 2405 admonitio
1578 2350 1646 2405 ad
1674 2349 1911 2404 omnium
1944 2349 2042 2404 ho-

461 2446 666 2500 minum
704 2454 948 2499 naturam
969 2483 985 2508 ,
1015 2444 1213 2498 claram
1244 2458 1429 2497 vocem
1457 2443 1707 2498 etnittens
1731 2451 1787 2497 et
1812 2441 1996 2496 dicens
2025 2457 2040 2493 :

459 2537 604 2593 Nihil
622 2544 748 2591 sunt
767 2549 855 2590 res
871 2534 1118 2589 humanae
1138 2533 1238 2588 nisi
1265 2534 1448 2589 umbra
1471 2540 1526 2589 et
1544 2532 1743 2589 fumus.
1766 2533 1822 2588 Si
1845 2534 2042 2588 bonum

453 2636 642 2682 essent
665 2626 863 2680 divitia:
881 2666 898 2689 ,
943 2625 1081 2680 Deus
1111 2624 1373 2679 noluisset
1400 2638 1665 2693 pauperes
1703 2623 1895 2678 sedere
1920 2632 2045 2677 ante

458 2734 553 2776 sua
581 2718 865 2774 vestibula.
907 2717 962 2774 Si
1008 2724 1186 2772 autem
1224 2716 1459 2770 admittit
1502 2716 1661 2770 etiam
1712 2716 1935 2777 divites,
1978 2732 2044 2770 ne

457 2812 672 2867 mireris
701 2830 714 2865 :
747 2825 852 2865 non
880 2810 1022 2864 enim
1050 2810 1177 2864 ideo
1205 2808 1435 2863 admittit
1462 2818 1523 2861 ut
1548 2819 1798 2863 maneant
1827 2808 2040 2869 divites,

457 2902 552 2958 sed
583 2912 639 2955 ut
660 2900 936 2955 discedant
964 2914 993 2953 a
1022 2897 1160 2953 fastu
1181 2907 1238 2953 et
1258 2899 1489 2953 elatione
1513 2899 1673 2951 animi
1701 2917 1713 2951 :
1748 2898 1867 2952 audi
1897 2899 2039 2953 enim

448 2994 585 3064 quid
626 2994 706 3047 eis
747 2993 886 3046 dicat
917 2989 1164 3045 Christus
1194 3007 1207 3043 :
1244 2988 1365 3043 Non
1406 2990 1611 3059 potestis
1642 2989 1751 3044 Deo
1788 2991 1972 3044 servire
1997 3000 2042 3044 et

454 3097 780 3136 mammonae.
812 3080 877 3135 Et
899 3093 1106 3146 rursus,
1129 3079 1280 3132 Dives
1301 3079 1513 3150 difﬁcile
1532 3078 1736 3133 intrabit
1756 3082 1808 3133 in
1832 3096 2042 3151 regnum

452 3177 737 3241 calorum;
767 3183 819 3230 et
846 3188 1033 3228 rursus
1051 3214 1066 3239 ,
1097 3171 1327 3225 Facilius
1356 3182 1427 3225 est
1463 3173 1706 3227 camelum
1738 3173 1928 3226 intrare
1953 3190 2043 3243 per

454 3272 689 3338 foramen
714 3283 856 3331 acus,
873 3282 1024 3335 quam
1044 3266 1247 3318 divitem
1264 3265 1315 3318 in
1338 3281 1548 3334 regnum
1567 3265 1806 3318 certorum
1827 3265 2038 3336 (Matth.

450 3358 512 3413 6.
541 3358 632 3413 24.
660 3356 938 3412 4419.25.
977 3356 1094 3425 24).
1144 3355 1435 3424 Pr0plerea
1481 3356 1679 3425 excipit
1719 3356 1938 3425 divites,
1986 3366 2043 3410 ut

452 3449 575 3504 haec
593 3448 755 3502 verba
783 3446 1021 3511 audiant,
1054 3454 1111 3499 ut
1130 3454 1357 3499 aeternas
1381 3444 1690 3501 desiderent
1715 3447 1951 3513 divitias,
1983 3457 2041 3501 ut

446 3538 833 3606 concupiscant
857 3552 919 3590 ea
949 3551 1066 3604 qua:
1096 3544 1221 3589 sunt
1247 3535 1299 3589 in
1337 3536 1505 3589 cselis.
1534 3536 1600 3590 Et
1626 3536 1751 3607 quid
1780 3539 1996 3592 miraris
2021 3576 2036 3597 .

452 3627 503 3681 si
536 3642 642 3680 non
674 3625 990 3695 dedignatur
1016 3635 1071 3679 ut
1103 3626 1235 3680 tales
1257 3626 1478 3680 sedeant
1504 3626 1559 3681 in
1585 3628 1861 3683 vestibulis
1886 3627 2040 3684 suis?

456 3735 563 3773 non
592 3719 906 3789 dedignatur
926 3718 1067 3772 enim
1099 3733 1292 3772 vocare
1321 3718 1387 3772 ad
1419 3734 1657 3774 mensam
1683 3720 2038 3788 Spiritualem,

450 3820 512 3863 et
544 3810 683 3862 illius
708 3809 935 3863 convivii
968 3807 1143 3864 facere
1170 3808 1476 3878 participes.
1505 3809 1610 3864 Sed
1652 3820 1708 3865 et
1733 3810 1955 3867 claudus
1984 3820 2041 3866 et

456 3900 696 3965 mutilus,
727 3913 891 3953 senex
918 3900 1109 3969 pannis
1133 3899 1371 3965 obsitus,
1401 3898 1648 3954 sordidus
1674 3910 1726 3954 et
1756 3916 2035 3967 ntucosus,

456 3990 617 4044 simul
645 4005 763 4045 cum
792 3988 1014 4059 pulchro
1032 3989 1233 4059 juvene
1253 4030 1268 4055 ,
1301 4000 1354 4045 et
1378 3991 1467 4059 qui
1496 4006 1555 4045 se
1584 3991 1756 4046 induit
1785 4010 2034 4063 purpura,

452 4089 511 4134 et
535 4081 617 4135 cui
659 4080 966 4134 redimitum
996 4089 1079 4135 est
1106 4090 1265 4150 caput
1304 4081 1635 4149 diademate,
1667 4085 1811 4138 venit
1840 4102 2038 4141 mensae

453 4172 724 4242 particeps
755 4174 998 4239 iuturus,
1030 4184 1083 4228 et
1112 4174 1305 4244 dignus
1332 4186 1583 4231 censetur
1610 4177 1873 4247 spirituali
1903 4194 2035 4235 con-

453 4263 631 4329 vivio,
668 4272 724 4317 et
751 4263 941 4319 iisdem
978 4261 1226 4318 fruuntur
1254 4264 1483 4335 utrique,
1527 4275 1582 4321 et
1608 4267 1749 4321 nulla
1776 4278 1859 4323 est
1886 4268 2038 4324 dill‘e-

450 4364 646 4408 rentia.

1173 417 1231 473 s.
1262 413 1539 471 JOANNIS
1575 405 2051 468 CHRYSOSTOMI
2093 405 2409 462 ARCHIEP.
2450 402 2982 468 CONS'I‘ANTINOP.
3634 414 3713 465 iss

2226 521 2282 575 5.
2333 521 2479 577 Itane
2516 522 2764 578 Christus
2788 524 3005 594 quidem
3044 540 3154 581 non
3200 525 3528 597 dedignatur
3552 542 3634 581 eos
3656 548 3709 582 st-

2156 613 2264 666 mul
2290 628 2410 667 cum
2438 615 2583 684 Rege
2606 630 2801 670 vocare
2828 615 2895 669 ad
2923 632 3199 682 mensam;
3228 620 3389 674 ambo
3414 619 3567 672 enim
3588 622 3709 675 simul

2154 714 2415 758 vocantur
2446 721 2459 758 :
2495 715 2548 759 tu
2578 716 2756 760 autem
2799 706 3030 763 fortasse
3058 708 3364 778 dedignaris
3409 710 3584 763 videri
3616 712 3711 768 dare

2157 795 2514 863 pauperibus,
2546 807 2639 851 aut
2677 797 2840 851 etiam
2893 813 2987 852 eos
3030 798 3276 870 alloqui?
3321 799 3525 869 Papae!
3559 816 3709 870 quanti

2154 896 2236 942 est
2264 889 2585 957 arrogantia,
2616 899 2848 958 quantus
2872 890 3070 946 fastus!
3107 892 3237 947 Vide
3264 910 3335 948 ne
3360 893 3561 949 eadem
3596 900 3711 951 nobis

2153 977 2397 1032 accidant
2424 994 2544 1049 qua:
2586 979 2759 1036 diviti.
2790 980 3189 1053 Dedignabatur
3235 984 3330 1039 ille
3375 985 3471 1038 vel
3517 987 3710 1051 δερὶαη

2154 1068 2436 1133 Lazarum,
2456 1081 2510 1124 et
2537 1085 2605 1125 ne
2631 1071 2824 1127 domus
2848 1072 3063 1142 quidem
3088 1083 3231 1129 tecto
3258 1092 3383 1129 eum
3407 1076 3707 1145 dignalntar,

2152 1160 2249 1217 sed
2294 1161 2422 1215 foris
2452 1171 2569 1216 erat
2609 1162 2852 1232 abjectus
2881 1164 2936 1219 in
2962 1165 3250 1231 vestibulo,
3282 1167 3379 1220 sed
3428 1181 3535 1218 nec
3576 1172 3711 1222 veritis

2152 1251 2368 1322 quidem
2401 1267 2525 1306 eum
2554 1261 2639 1308 est
2654 1252 2922 1322 dignatus.
2951 1256 3021 1309 At
3044 1256 3166 1311 vide
3194 1257 3479 1326 quomodo
3497 1261 3712 1328 cumcjns

2154 1358 2288 1413 Opus
2318 1342 2545 1399 haberet
2568 1345 2791 1412 auxilio,
2826 1346 2878 1401 id
2907 1362 3012 1401 non
3044 1348 3113 1401 sit
3138 1358 3493 1419 assequutus.
3526 1350 3576 1403 Si
3601 1354 3711 1407 enin

2154 1448 2254 1488 nos
2288 1448 2474 1490 eorum
2527 1434 2728 1505 pudet,
2778 1452 3002 1505 quorum
3045 1437 3323 1493 Christum
3366 1455 3485 1494 non
3527 1443 3710 1508 puduit.

2152 1523 2350 1579 Christi
2381 1539 2480 1579 nos
2509 1524 2694 1595 pudet,
2736 1525 2862 1581 dum
2905 1542 3004 1581 nos
3052 1528 3214 1597 pudet
3258 1530 3380 1599 ejus
3430 1533 3709 1585 amicorum.

2157 1614 2446 1685 lmpleatur
2474 1632 2660 1672 mensa
2690 1628 2775 1672 tua
2806 1620 3030 1682 claudis,
3065 1622 3273 1676 mancis
3302 1638 3367 1677 ac
3397 1626 3712 1694 mutiliszptr

2152 1721 2250 1762 eos
2278 1706 2498 1763 advenit
2538 1707 2807 1775 Christus,
2837 1726 2943 1765 non
2977 1726 3071 1780 per
3108 1712 3325 1769 divites.
3358 1713 3622 1770 Fortassis
3656 1718 3711 1770 ri-

2152 1799 2247 1852 des
2276 1798 2518 1854 audieus.
2556 1799 2634 1854 Ne
2675 1815 2804 1871 ergo
2824 1801 3101 1858 existimes
3123 1818 3303 1858 meum
3334 1819 3467 1860 esse
3496 1808 3711 1873 verbum,

2150 1892 2274 1947 audi
2298 1892 2472 1961 ipsum
2498 1891 2769 1947 Christum
2793 1893 3081 1961 dicentem,
3114 1906 3173 1951 ut
3200 1913 3310 1950 non
3338 1898 3546 1963 rideas,
3570 1901 3651 1953 sed
3674 1913 3711 1954 ιιι

2152 1966 2451 2037 horrescas.
2480 1983 2720 2049 Quando,
2742 1984 2934 2053 inquit,
2964 1988 3091 2057 facis
3114 1988 3391 2057 prandium
3418 2001 3511 2042 aut
3537 2008 3709 2055 eam,

2149 2093 2211 2131 ne
2238 2093 2379 2131 voces
2424 2078 2634 2141 amicos,
2681 2093 2840 2147 neque
2871 2082 3055 2144 fratres
3110 2091 3245 2145 tuos,
3298 2098 3471 2151 neque
3512 2096 3712 2153 cognatas

2150 2177 2280 2231 tuos,
2309 2183 2468 2236 neque
2492 2168 2681 2221 vicinos
2707 2168 2909 2232 divites,
2951 2185 3013 2223 ne
3040 2171 3140 2239 ipsi
3164 2180 3213 2225 te
3241 2173 3479 2225 vicissim
3507 2174 3711 2239 inritat,

2148 2269 2195 2311 et
2221 2258 2311 2327 ﬁat
2336 2258 2423 2311 tibi
2460 2259 2719 2313 retributio
2750 2275 2770 2313 .'
2796 2262 2886 2313 sed
2904 2263 3108 2330 quando
3133 2264 3262 2331 faris
3291 2266 3601 2329 convivium,
3626 2284 3714 2320 rea

2152 2347 2427 2410 mendicos,
2452 2364 2680 2413 mancos,
2718 2348 2951 2414 claudos,
2994 2366 3173 2417 cwcos,
3204 2362 3251 2406 et
3275 2352 3460 2406 beatus
3487 2356 3603 2419 eris,
3624 2360 3714 2425 quis

2152 2454 2253 2492 non
2289 2438 2472 2491 habent
2497 2439 2632 2494 unde
2659 2440 2750 2493 tibi
2783 2442 3064 2494 retribuant
3090 2460 3110 2495 :
3137 2444 3450 2497 retribuetur
3498 2448 3623 2499 enim
3651 2450 3713 2500 ei

2148 2530 2203 2584 in
2247 2530 2614 2585 resurrectione
2651 2533 2905 2601 iustorum
2932 2532 3084 2601 (Luc.
3129 2535 3217 2589 Η.
3251 2536 3475 2607 12-14).
3524 2538 3615 2593 Est
3646 2556 3713 2595 att-

2152 2630 2257 2676 tem
2286 2621 2373 2675 hic
2399 2636 2613 2691 quoque
2661 2622 2834 2692 major
2877 2624 3073 2694 gloria,
3104 2625 3377 2696 siquidem
3414 2644 3539 2683 eam
3579 2646 3711 2685 amas.

2150 2712 2282 2767 Nam
2331 2727 2401 2767 ex
2439 2712 2543 2766 illis
2587 2713 2803 2782 quidem
2848 2725 2930 2769 est
2976 2716 3209 2781 invidia,
3268 2721 3640 2774 accusationes
3675 2734 3714 2775 et

2153 2802 2440 2857 maledicta
2483 2812 2538 2858 et
2566 2814 2740 2859 metus
2783 2805 3046 2873 plurimus
3079 2823 3146 2862 ue
3187 2809 3320 2878 quid
3363 2813 3713 2879 prmterdeco-

2149 2911 2267 2949 rum
2310 2896 2427 2956 liat,
2459 2904 2515 2950 et
2540 2895 2610 2949 ita
2641 2895 2859 2952 adsistis
2890 2906 3159 2968 tamquam
3190 2914 3389 2954 servus
3425 2901 3655 2963 Domino,
3676 2915 3713 2955 rt

2149 2988 2194 3043 si
2226 2989 2335 3042 sint
2383 2988 2618 3057 majores
2669 2989 2866 3055 vocati,
2919 2990 3116 3045 timens
3158 3006 3353 3046 eorum
3405 2995 3642 3063 querelas
3674 3010 3714 3048 et

2149 3094 2242 3133 ora
2272 3096 2285 3133 :
2318 3078 2369 3133 in
2403 3079 2486 3132 his
2515 3089 2692 3135 autem
2724 3080 2856 3135 nihil
2885 3088 2968 3136 est
2994 3080 3331 3150 bujusmodi,
3356 3083 3457 3138 sed
3484 3100 3711 3155 quena-

2148 3186 2253 3240 qne
2282 3171 2361 3226 eis
2387 3171 2651 3226 obtuleris
2680 3171 2928 3227 lubenter
2951 3173 3221 3242 accipiunt
3245 3192 3260 3240 ;
3293 3184 3351 3230 et
3376 3191 3597 3244 magnus
3619 3179 3711 3231 ire:

2150 3264 2391 3331 plausus,
2420 3262 2754 3332 Splendidior
2775 3264 2964 3333 gloria,
2984 3266 3157 3335 major
3184 3267 3493 3321 admiratio.
3515 3269 3619 3323 Non
3635 3272 3711 3321 illis

2149 3354 2221 3407 ita
2248 3354 2600 3423 applaudunt,
2628 3355 2767 3410 sicut
2811 3354 2917 3421 his,
2957 3370 3146 3410 omnes
3170 3358 3260 3426 qui
3290 3358 3539 3411 audiunt.
3565 3361 3615 3413 Si
3642 3378 3711 3411 aa-

2148 3455 2254 3501 tem
2299 3461 2403 3500 non
2432 3447 2631 3512 credis,
2663 3445 2747 3502 fac
2787 3448 3107 3517 periculum,
3140 3458 3195 3503 tu
3247 3449 3423 3512 dives,
3460 3452 3545 3514 qui
3585 3467 3709 3503 voras

2147 3539 2311 3593 duces
2356 3548 2412 3593 et
2463 3539 2767 3609 principes;
2810 3555 2942 3596 voca
2991 3556 3301 3611 pauperes,
3349 3553 3406 3597 et
3452 3544 3537 3598 his
3580 3546 3709 3612 ιιιιςιτ

2146 3645 2411 3696 mensam,
2446 3640 2505 3684 ut
2528 3629 2713 3686 videas
2741 3644 2923 3685 annon
2953 3630 3022 3686 ab
3044 3632 3301 3687 omnibus
3332 3634 3429 3687 tibi
3460 3636 3707 3703 applaodz-

2149 3729 2255 3785 tur,
2301 3735 2479 3775 annon
2525 3719 2764 3790 diligaris
2808 3720 2878 3774 ab
2923 3721 3194 3787 omnibus,
3228 3737 3411 3777 annon
3463 3734 3511 3778 te
3554 3739 3706 3776 matres

2148 3819 2417 3881 tamquam
2448 3820 2655 3881 patrem
2688 3812 2795 3866 sint
2821 3811 3073 3867 habituri.
3099 3812 3233 3867 Nam
3266 3815 3482 3868 illarum
3525 3816 3703 3881 quidm

2146 3918 2423 3959 cumarum
2455 3905 2663 3959 nullum
2710 3914 2796 3959 est
2838 3905 3044 3960 lucrum
3080 3924 3094 3959 :
3126 3922 3224 3977 pro
3255 3909 3339 3962 his
3365 3919 3543 3963 autem
3571 3925 3703 3977 rep-7-

2146 3997 2307 4051 situm
2361 4005 2446 4050 est
2481 3996 2694 4059 cazlum,
2727 4005 2782 4051 et
2822 3996 2961 4052 bona
2990 4013 3110 4067 qua:
3138 4009 3262 4053 sunt
3311 3998 3363 4053 in
3402 4002 3564 4053 aclis.
3602 4004 3702 4065 Qut

2147 4086 2325 4141 omnia
2352 4085 2509 4141 nobis
2536 4087 2786 4142 omnibus
2815 4086 2973 4142 detur
2994 4091 3274 4159 consequi,
3305 4094 3473 4160 gratia
3501 4102 3550 4146 et
3579 4093 3701 4145 bra:-

2147 4178 2347 4247 gnitate
2378 4177 2589 4231 Domini
2622 4177 2791 4233 nostri
2819 4177 2946 4233 Jesu
2974 4178 3197 4246 Christi,
3229 4196 3351 4235 cum
3392 4200 3500 4249 quo
3544 4183 3699 4239 Patri.

2146 4268 2412 4338 simulque
2453 4268 2673 4338 Spiritui
2717 4279 2904 4324 sancto
2943 4270 3132 4340 gloria,
3165 4272 3474 4342 imperium,
3519 4274 3696 4327 humu

2148 4375 2291 4415 nunc
2319 4370 2373 4416 et
2401 4375 2633 4430 semper,
2674 4369 2729 4417 et
2757 4361 2811 4416 in
2840 4360 3036 4416 saecula
3065 4363 3408 4419 szcculorum.
3432 4365 3612 4418 Amen.

455 4499 3691 4533 Μ

1467 4629 1851 4704 SANCTI
1905 4633 2298 4709 PATRIS
2341 4636 2729 4710 NOSTRI

855 4794 1230 4942 JOA
1256 4799 1517 4939 NN
1528 4799 1706 4945 IS
1817 4799 3359 4970 CHRYSOSTOMI,

592 5056 603 5069 -
1332 5043 1931 5106 ARCHIEPISCOPI
1993 5027 2972 5127 CONSTANTINOPOLITANI,

857 5194 919 5248 IN
962 5191 1341 5249 EPISTOLAM
1379 5189 1743 5250 SECUNDAM
1783 5190 1875 5244 AD
1914 5189 2597 5252 THESSALONICENSES
2633 5194 3171 5253 COMMENTARIUS
3199 5196 3303 5267 (a).

1729 5327 2444 5379 ψ

1518 5436 2097 5499 ARGUMENTUM.
2167 5442 2513 5505 HOMILIA
2555 5444 2585 5505 Ι

529 5569 582 5622 1.
602 5565 744 5621 Cum
790 5564 845 5620 in
880 5562 1048 5631 priori
1072 5560 1300 5617 dixisset
1328 5561 1576 5631 epistola,
1602 5559 1859 5630 Optamus
1888 5572 2043 5617 necte

453 5667 507 5715 ct
538 5659 624 5714 die
662 5669 760 5713 vos
796 5653 983 5710 videre
1009 5670 1025 5720 ;
1055 5661 1131 5720 et,
1158 5651 1279 5708 Non
1305 5653 1653 5719 sustinemus,
1687 5652 1782 5709 sed
1813 5651 2041 5708 Athenis

521 5809 901 5875 ((1)||0|lli|_lm-i_n
922 5806 1191 5875 mustelam
1222 5804 1268 5875 ιι
1303 5806 1856 5875 ιιᾲΑτὶιῳξςιῑοιιίιιρηδρε
1893 5803 2041 5854 colla-

461 5868 661 5929 ti-‘c'um
693 5871 949 5932 Codicibus
972 5868 1272 5931 'Colbcrtinis
1301 5868 1394 5917 616
1429 5876 1479 5919 et
1510 5869 1620 5919 909.

2148 5572 2502 5627 remansimus
2528 5571 2627 5625 soli
2651 5586 2666 5635 ;
2695 5578 2769 5633 et,
2803 5569 2917 5624 Misi
2948 5568 3290 5624 Timotheum
3336 5569 3355 5637 (
3379 5568 3427 5622 l.
3455 5565 3603 5619 Thess.
3630 5561 3675 5611 3.

2148 5664 2236 5719 10.
2271 5665 2320 5718 1.
2349 5664 2406 5735 2)
2433 5679 2448 5717 :
2474 5678 2566 5733 per
2595 5664 2710 5717 lucc
2738 5664 2916 5715 omnia
2947 5660 3213 5731 significat
3240 5659 3538 5713 desiderium
3561 5656 3675 5721 qs:fo

2149 5759 2373 5814 habebat
2424 5769 2481 5812 nt
2509 5757 2575 5812 ad
2606 5771 2701 5810 eos
2729 5755 2959 5809 veniret.
3000 5753 3132 5809 Cum
3161 5768 3290 5821 ergo
3319 5752 3524 5806 fortasse
3560 5761 3675 5797 nu:-

2146 5854 2268 5909 dmn
2294 5852 2555 5923 potuisset
2580 5847 2793 5917 assequi
2825 5856 2881 5901 ut
2926 5861 3020 5900 eos
3048 5844 3244 5910 adiret,
3273 5856 3325 5898 et
3374 5856 3477 5913 qua
3516 5850 3663 5891 cura".
