3834 6508
86 386 181 445 469

0 508 1 513 ‘
85 503 190 558 tidei
213 500 435 556 deerant
465 496 758 569 suppleret,
777 512 840 555 ea
867 512 1026 552 causa
1055 496 1199 553 hanc
1222 496 1507 553 secundum
1534 495 1634 549 ad-

0 570 3 595 :
77 596 147 648 dit
165 590 455 661 epistolam,
476 598 537 644 ut
554 589 842 659 reliquum,
860 588 999 659 quod
1024 603 1258 658 praesens
1289 601 1392 642 non
1410 596 1634 656 poterat,

79 701 164 758 per
180 683 360 738 literas
375 682 673 751 suppleret.
698 680 832 737 Nam
860 683 1122 750 quodnon
1148 680 1356 743 abierit,
1378 679 1499 733 hinc
1517 678 1638 733 licet

73 776 325 844 conjicere
341 792 353 828 :
372 774 501 828 dicit
518 774 662 830 enim
687 773 946 836 scribens,
968 773 1224 841 Rogamus
1254 780 1419 825 autem
1436 787 1522 824 eos
1548 786 1637 840 per

72 871 324 924 aduentum
339 865 546 921 Domini
556 866 848 921 uostriJestt
860 867 1040 921 Christi
1057 867 1134 934 (2.
1157 866 1330 920 Thess.
1342 865 1488 934 2.1).
1504 865 1632 918 Nam

0 994 5 1001 η
72 962 118 1017 in
139 959 293 1029 priori
315 957 537 1028 epistola
554 957 795 1013 dicebat:
821 957 895 1011 De
930 958 1232 1026 temporibus
1257 966 1422 1009 autem
1451 965 1497 1009 et
1521 974 1630 1009 mo-

70 1051 255 1116 mentis,
270 1066 373 1104 non
390 1049 625 1120 indigetis
643 1058 696 1103 ut
719 1050 994 1104 scribamus
1014 1051 1149 1103 vobis
1176 1050 1227 1117 (l
1241 1087 1255 1101 .
1270 1047 1448 1102 Thess.
1462 1049 1515 1102 5.
1549 1048 1624 1117 1).

68 1144 228 1213 Quare
243 1141 287 1196 si
307 1140 585 1208 adfuisset,
610 1157 713 1195 non
735 1155 869 1210 Opus
897 1139 1083 1196 fuisset
1103 1149 1159 1195 ut
1174 1140 1457 1202 scriberet;
1493 1156 1626 1208 quo-

0 1302 3 1309 _
66 1239 195 1293 niam
212 1244 389 1290 autem
407 1235 567 1290 dilata
594 1233 692 1289 fuit
708 1234 953 1304 quast-io,
970 1235 1094 1288 ideo
1116 1233 1261 1289 addit
1277 1234 1412 1288 hanc
1425 1236 1625 1303 episto-

4 1368 5 1371 η
65 1332 187 1390 lam;
210 1328 347 1383 sicut
361 1328 489 1382 dicit
505 1327 555 1381 in
570 1327 805 1398 Epistola
825 1325 891 1381 ad
908 1325 1263 1389 Timotheum,
1283 1326 1627 1390 Quorumdam

61 1424 204 1495 fidem
248 1424 536 1476 subvertant
563 1420 789 1489 quidam,
822 1420 1039 1474 dicentes
1077 1419 1486 1473 resurrectionem
1514 1418 1625 1487 jam

0 1534 3 1537 '
60 1530 158 1570 esse
183 1515 367 1583 factum
394 1511 470 1582 (2.
501 1511 633 1566 Tim.
654 1512 709 1566 2.
734 1510 849 1582 18).

128 1606 558 1659 Resurreetionem
580 1606 692 1675 jam
708 1608 896 1675 factam
921 1618 1031 1658 esse
1055 1603 1283 1657 dicebant
1301 1601 1527 1672 quidam.
1553 1632 1624 1644 —-

0 1700 3 1703 ’
56 1694 185 1751 Illud
207 1710 332 1750 vero
352 1695 841 1763 faciobsnt,utcum
860 1695 1112 1767 deinceps
1126 1696 1255 1751 nihil
1268 1710 1515 1766 magnum
1530 1705 1622 1751 aut

2 1786 3 1791 “
51 1787 363 1858 praeclarum
398 1798 682 1858 sperarent
700 1787 908 1856 ﬁdeles,
928 1787 994 1843 ad
1014 1788 1389 1859 suscipiendos
1410 1786 1620 1844 labores

0 1890 1 1893 ‘
50 1881 446 1950 desponderent
474 1881 730 1936 animum.
757 1880 889 1936 Nam
905 1882 1156 1953 quoniam
1184 1896 1307 1952 spes
1333 1895 1429 1937 eos
1446 1882 1621 1953 erige-

0 1972 1 1977 “
44 1971 156 2036 bat,
174 1987 275 2026 nec
293 1971 1221 2042 sinebatutpraesentibuseederent,
1241 1973 1405 2029 veluti
1431 1988 1618 2044 quam-

42 2063 161 2118 dam
202 2076 462 2119 ancoram
504 2065 690 2120 volens
716 2064 1027 2120 exscindere
1071 2065 1338 2131 diabolus,
1365 2066 1615 2136 quoniam

39 2172 143 2209 non
166 2156 344 2225 potuit
361 2156 687 2225 persuadere
708 2158 841 2215 falsa
860 2174 979 2215 esse
994 2174 1112 2229 qua:
1127 2169 1279 2214 erant
1297 2158 1494 2225 futura,
1511 2160 1613 2212 alia

39 2248 119 2299 via
144 2254 235 2301 est
264 2247 569 2317 ingressus,
618 2256 673 2304 et
697 2249 910 2304 emissis
954 2250 1271 2320 quibusdam
1320 2250 1538 2320 perditis
1564 2260 1617 2305 et

36 2337 282 2393 exitiosis
312 2337 639 2407 hominibus,
670 2340 1078 2410 aggrediebatur
1114 2342 1363 2411 decipere
1387 2340 1613 2397 creden-

32 2438 133 2489 tes,
164 2427 252 2483 eis
288 2443 581 2499 suggerens
623 2446 815 2502 magna
845 2431 933 2485 illa
961 2441 1014 2486 et
1052 2433 1307 2502 praeclara
1338 2433 1497 2489 tinem
1527 2449 1615 2487 ac-

31 2523 265 2591 cepisse.
300 2524 476 2592 Atque
505 2534 631 2580 tunc
671 2525 886 2595 quidem
908 2523 1162 2585 dicebant
1187 2526 1259 2580 illi
1282 2527 1389 2597 jam
1414 2525 1610 2582 laetam

27 2632 147 2671 esse
190 2620 652 2673 resurrectionem
679 2634 695 2684 ;
721 2634 867 2675 nunc
907 2628 1085 2676 autem
1126 2619 1376 2676 dicebant
1414 2622 1613 2676 instare

24 2708 294 2775 judicium
322 2710 601 2766 eLChristi
632 2711 919 2769 adventum
951 2729 965 2766 :
994 2720 1123 2768 utet
1147 2713 1319 2782 ipsum
1339 2713 1610 2769 Christum

23 2801 317 2855 meridaeio
346 2801 635 2857 redderent
657 2803 969 2869 obnoxium,
999 2812 1055 2859 et
1084 2819 1212 2858 etim
1248 2804 1611 2861 ostendissent

18 2893 163 2961 quod
188 2908 308 2946 non
335 2896 406 2947 sit
428 2893 679 2965 deinceps
701 2896 1082 2961 remuneratio,
1105 2910 1205 2952 nec
1225 2895 1482 2967 judicium
1510 2912 1610 2952 nec

12 3000 178 3054 paena
222 3000 337 3041 nec
365 2987 679 3057 supplicium
725 2987 789 3043 iis
833 2989 922 3059 qui
954 2988 1523 3058 ipsis‘malefecissent,
1554 3002 1609 3046 et

12 3078 137 3132 illos
170 3078 469 3134 redderent
495 3080 830 3148 audaciores,
858 3090 915 3136 et
953 3081 1053 3136 hos
1096 3083 1405 3139 humiliores
1432 3094 1486 3139 et
1508 3084 1605 3139 ab-

0 3168 285 3237 jectiores
314 3189 327 3225 :
357 3171 575 3242 etquod
600 3182 720 3231 erat
740 3174 979 3229 ominum
1005 3176 1398 3246 gravissimum,
1420 3191 1606 3248 aggre-

5 3265 320 3319 diebantur
343 3265 433 3320 alii
461 3266 675 3340 quidem
703 3267 862 3323 verba
893 3267 1065 3323 solum
1093 3270 1307 3325 mittere
1335 3279 1603 3340 tamquam

0 3369 28 3406 a
81 3355 274 3410 Paulo
318 3355 492 3422 dicta;
534 3338 624 3413 alii
664 3369 850 3413 autem
895 3359 1053 3413 etiam
1106 3360 1306 3431 fingere
1349 3338 1603 3431 epistolas

0 3456 300 3516 tamquam
349 3447 416 3503 ab
459 3451 798 3519 descriptas.
848 3450 1136 3522 Propterea
1177 3468 1337 3507 omne
1379 3452 1482 3508 iter
1520 3454 1602 3509 eis

0 3537 410 3604 interclude”,
435 3539 585 3606 dicit,
619 3539 703 3595 Ne
726 3543 1031 3608 teneautini,
1058 3558 1218 3613 neque
1237 3561 1326 3613 per
1345 3545 1597 3610 spiritum,

0 3644 163 3695 neque
191 3645 300 3697 per
321 3644 620 3696 sartionem,
648 3647 807 3699 neque
825 3648 916 3702 per
940 3633 1205 3703 epistolam
1229 3645 1483 3703 tamquam
1511 3652 1602 3705 per

0 3735 89 3772 vos
117 3720 375 3773 missam.
420 3719 597 3792 Neque
620 3738 709 3790 per
727 3724 964 3791 spiritum
992 3722 1073 3795 (2.
1107 3724 1286 3779 Thess.
1311 3725 1367 3778 2.
1399 3726 1481 3793 2),
1515 3728 1598 3780 io-

0 3813 130 3879 ptit,
160 3812 415 3867 innuens
442 3813 958 3884 pseudoprophetas.
994 3816 1144 3871 Unde
1160 3832 1298 3888 ergo
1324 3818 1598 3877 scientius?

5 3904 197 3975 nquit.
297 3904 401 3960 Per
442 3906 493 3960 id
528 3908 678 3977 quod
724 3908 974 3964 additur:
1010 3910 1129 3965 ideo
1174 3925 1315 3965 etum
1360 3911 1595 3981 adjecit,

0 3996 277 4053 ialutatio
316 4016 612 4058 tmeamauu
650 4000 831 4066 Pauli,
872 4002 1007 4070 quod
1031 4014 1102 4057 est
1142 4005 1341 4074 signum
1376 4005 1433 4058 in
1461 4006 1597 4058 omni

0 4093 217 4159 pistola
254 4108 282 4147 :
313 4093 387 4146 ita
418 4094 602 4148 scribo.
643 4093 820 4148 Gratia
844 4093 1053 4149 Domini
1072 4098 1237 4150 nostri
1258 4096 1383 4151 Jesu
1411 4096 1598 4171 Christi

1 4200 96 4237 um
147 4184 411 4239 carnibus
451 4186 587 4239 vobis
626 4185 805 4259 (Ibid.
838 4189 891 4244 ‘5.
943 4189 1031 4243 17.
1067 4187 1176 4261 18).
1224 4190 1336 4243 Non
1366 4190 1477 4245 hoc
1513 4192 1595 4244 di-

3 4277 45 4328 it
74 4277 247 4346 quod
290 4276 396 4331 hoc
420 4278 490 4333 sit
532 4279 743 4349 signum
772 4291 899 4336 :est
934 4282 1081 4336 enim
1134 4283 1421 4338 verisimile
1463 4285 1597 4338 alios

8 4383 224 4437 noque
284 4369 389 4423 hoc
431 4385 550 4425 esse
595 4371 851 4439 imitatos,
881 4358 1007 4441 sed,
1051 4374 1433 4429 Salutationem
1477 4391 1595 4431 mea

0 4474 164 4513 nanu
197 4460 395 4514 scribo
438 4480 451 4514 :
478 4466 616 4521 sicut
643 4481 782 4521 nunc
808 4482 1020 4537 quoque
1048 4466 1106 4520 lit
1133 4465 1271 4535 apud
1299 4480 1397 4521 nos
1431 4484 1445 4520 :
1471 4483 1594 4522 nam

3 4572 39 4609 x
78 4556 514 4625 subscriptione
558 4558 855 4615 manifesta:
900 4560 1031 4614 ﬁunt
1078 4562 1247 4616 literae
1289 4576 1479 4616 eorum
1504 4564 1595 4633 qui

0 4648 249 4701 tittunt.
292 4647 557 4703 Admonet
589 4660 767 4704 autem
793 4666 888 4706 eos
915 4669 945 4706 a
976 4653 1129 4707 malis
1154 4653 1309 4707 valde
1336 4652 1594 4719 inlectos,

0 4786 6 4793 .
39 4757 76 4794 ε]
117 4742 517 4809 praesentibus
541 4743 781 4810 laudans,
810 4759 872 4800 ea
899 4761 926 4797 a
959 4744 1147 4800 futuris
1179 4750 1509 4816 adhortans;
1541 4760 1595 4805 et

6 4836 353 4906 supplicio,
389 4845 443 4889 et
483 4850 510 4887 a
547 4838 976 4892 remuneratione
1000 4837 1259 4893 bonorum
1282 4842 1358 4897 eis
1378 4853 1592 4911 parato-

0 4947 79 4984 ιιη
120 4943 248 4983 eos
304 4927 625 4996 admonens,
658 4929 941 4985 dilucidius
970 4932 1145 4986 locum
1176 4943 1385 5000 tractat,
1418 4935 1591 5006 ipsum

0 5024 203 5079 tidem
247 5034 473 5091 tempus
500 5037 604 5075 non
624 5022 886 5086 revelans,
909 5025 1162 5099 temporis
1186 5035 1360 5081 autem
1384 5028 1590 5097 signum

0 5116 342 5187 gniﬁcons,
384 5114 794 5168 Antichristum.
826 5114 978 5169 Tunc
1026 5117 1169 5171 enim
1218 5119 1449 5174 maxime
1490 5120 1591 5172 im-

4 5210 216 5265 cilius
251 5216 449 5261 certus
494 5206 552 5260 tit
590 5208 821 5271 animus,
852 5223 957 5262 non
992 5208 1037 5261 si
1080 5209 1249 5265 Solum
1294 5209 1591 5276 audiverit,

0 5306 30 5359 Δ
66 5303 290 5358 etiam
326 5300 374 5353 si
419 5299 616 5369 aliquid
664 5300 892 5369 amplius
922 5299 1184 5356 didicerit.
1225 5301 1470 5356 Christus
1495 5317 1591 5355 au-

2 5416 41 5451 n
87 5407 400 5465 magnam
420 5393 535 5461 ejus
564 5393 639 5447 rei
664 5407 846 5446 curam
873 5395 1028 5461 gerit,
1056 5404 1109 5448 et
1134 5395 1183 5448 iu
1202 5405 1382 5449 monte
1399 5394 1592 5450 sedens

0 5494 130 5548 mia
158 5494 458 5544 accurate
478 5484 593 5543 suis
622 5485 835 5540 disserit
862 5486 1135 5554 discipulis
1160 5486 1227 5541 de
1251 5501 1590 5541 consumma—

0 5602 111 5640 ne,
182 5578 447 5649 Quare?
488 5577 566 5632 Ne
609 5577 784 5633 locum
838 5579 1065 5634 habeant
1109 5579 1197 5648 qui
1245 5580 1587 5637 antichristus

0 5675 359 5731 reducunt.
401 5677 455 5723 et
499 5668 952 5736 pseudocbristos.
988 5670 1051 5724 Et
1080 5671 1191 5740 ipse
1228 5671 1393 5727 multa
1438 5674 1588 5742 ponit

0 5786 82 5821 na
119 5811 139 5827 ,
187 5776 396 5817 uinum
453 5761 612 5815 etiam
660 5760 845 5815 dicens
895 5760 976 5815 vel
1020 5762 1327 5830 maximum,
1359 5763 1585 5831 Quando

0 5864 89 5918 ,ιη
126 5853 535 5930 pr-ndicatum
564 5854 613 5906 in
645 5855 894 5909 omnibus
933 5854 1178 5921 gentibus
1206 5857 1536 5927 evangelium
1571 5875 1585 5912 :

329 5949 598 6008 Psrnoc.
648 5947 763 6006 (in.
816 5950 1003 6008 LXII.

910 382 978 437 tu
1019 381 1211 439 EPIST
1276 370 1319 438 ti
1385 384 1473 436 Al)
1512 376 1842 437 rnnsssL.
1878 387 2028 444 CAP.
2073 390 2111 445 l.
2157 370 2384 449 uouit.
2424 394 2465 449 ι,

3212 402 3312 456 Ιοτο

1740 497 1972 555 alterum
2016 518 2262 574 quoque,
2296 523 2361 562 ne
2405 518 2584 562 errent
2611 508 2677 563 de
2719 512 2831 579 ejus
2870 510 3124 578 adventu,
3160 512 3315 569 Tam-

1739 602 1892 656 quam
1932 593 2127 664 fulgur,
2171 596 2364 666 inquit,
2408 600 2566 654 ueniet
2604 616 2624 655 :
2665 617 2772 657 non
2813 603 2869 659 in
2903 604 3083 675 aliquo
3122 609 3315 677 angulo

1739 678 1935 748 lateas,
1965 684 2060 738 sed
2085 687 2283 757 ubique
2312 691 2665 760 resplendens
2698 712 2713 748 :
2743 711 2849 755 non
2877 706 2996 766 eget
3019 696 3197 768 aliquo
3225 701 3314 768 qui

1738 770 1812 827 sit
1854 772 2235 833 indicaturus:
2274 787 2421 835 tanto
2470 784 2752 851 splendore
2799 788 2997 854 micat;
3042 790 3179 843 sicut
3217 805 3312 845 nec

1736 860 1917 932 fulgur
1963 878 2086 936 eget
2141 869 2341 927 indice.
2394 872 2534 927 Dicit
2579 888 2756 930 autent
2810 879 3003 934 alicubi
3046 883 3203 937 etiam
3247 884 3314 938 de

1737 954 2068 1017 Attticltristo
2100 977 2113 1013 :
2146 959 2258 1032 Ego
2288 964 2396 1018 ueni
2439 965 2492 1017 in
2536 968 2735 1022 nomine
2766 968 2937 1029 Patris
2974 974 3091 1037 mei,
3130 985 3176 1028 et
3212 993 3313 1031 nou

1736 1047 1994 1116 recepistis
2017 1065 2096 1104 me
2126 1066 2146 1105 :
2169 1053 2215 1107 si
2234 1054 2369 1109 alius
2407 1057 2590 1110 uenerit
2618 1057 2670 1110 iu
2695 1068 2893 1117 manuue
2916 1064 3144 1133 preprio,
3166 1066 3311 1120 illum

1732 1138 1987 1206 accipietis
2009 1140 2185 1211 (Joan.
2214 1143 2267 1199 5.
2297 1145 2411 1217 45).
3246 1214 3247 1217 η

1802 1230 2098 1288 Antichristi
2120 1236 2363 1291 adventus
2388 1239 2552 1309 signa.
2572 1270 2643 1281 —
2670 1241 2998 1311 Frequentes
3027 1261 3238 1317 quoque
3256 1258 3312 1309 et

1731 1336 1851 1390 quae
1872 1325 2127 1393 explicari
2157 1343 2262 1383 non
2292 1339 2515 1399 possunt
2533 1333 2863 1389 calamitates
2900 1335 3018 1404 ejus
3032 1352 3158 1399 esse
3179 1339 3312 1403 dicit

1729 1416 1977 1487 signum;
2005 1427 2065 1475 et
2103 1421 2245 1490 quod
2277 1422 2447 1481 Eliam
2494 1434 2740 1495 operteat
2766 1426 2968 1483 venire.
2997 1431 3169 1498 Atque
3205 1431 3304 1484 du-

1729 1506 1970 1563 bitabant
1986 1511 2201 1581 quidem
2234 1522 2358 1571 tunc
2382 1515 2923 1585 Thessalonicenses;
2946 1521 3100 1581 nobis
3126 1534 3305 1580 autem

1729 1599 1875 1654 utilis
1894 1601 1998 1656 luit
2022 1603 2237 1659 illorum
2285 1606 2548 1664 dubitatio
2578 1627 2591 1663 :
2624 1625 2732 1665 non
2762 1612 2904 1667 enim
2940 1613 3051 1667 illis
3087 1617 3262 1677 solum
3288 1658 3304 1683 ,

1725 1690 1820 1744 sed
1851 1692 2006 1748 nobis
2032 1709 2248 1765 quoque
2274 1708 2401 1753 sunt
2427 1698 2544 1755 hazc
2566 1701 2739 1765 utilia,
2764 1711 2871 1761 uta
2910 1703 3100 1759 fabulis
3125 1710 3306 1775 pueri.

1724 1781 1864 1836 libus
1906 1791 1962 1838 et
2005 1783 2073 1840 ab
2096 1786 2328 1847 anilibus
2352 1787 2556 1845 deliriis
2603 1790 2912 1848 liberemur.
2940 1796 3131 1857 Annon
3162 1812 3307 1869 saepe

1724 1874 2002 1932 audivistis
2028 1892 2152 1939 cum
2178 1881 2327 1948 pueri
2354 1883 2568 1949 essetis,
2597 1884 2858 1953 quosdam
2878 1888 3043 1951 multa
3063 1889 3305 1948 dicentes

1722 1967 1791 2022 de
1830 1968 2163 2027 Autichristo
2189 2013 2205 2039 ,
2254 1983 2311 2029 et
2354 1975 2420 2029 de
2466 1976 2881 2045 genuﬂexione?
2930 1980 3118 2047 Adhuc
3157 1985 3300 2040 enim

1722 2063 1920 2116 teneris
1947 2065 2147 2119 nostris
2168 2067 2365 2120 animis
2393 2065 2509 2122 hmo
2534 2068 2722 2129 inserit
2744 2069 3007 2139 diabolus,
3032 2085 3089 2128 ut
3103 2076 3298 2145 dogma

1721 2153 1876 2208 nobis
1904 2157 2271 2214 crescentibus
2300 2159 2555 2215 inhaereat
2597 2172 2653 2216 et
2692 2178 2791 2219 nos
2816 2166 2988 2233 possit
3028 2168 3296 2239 decipere.

1718 2244 1836 2300 Non
1862 2246 1978 2302 haec
2018 2263 2149 2319 ergo
2180 2252 2610 2319 praetermisisset
2637 2254 2835 2315 Paulus
2876 2257 2942 2313 de
2966 2259 3299 2317 Anticltristo

1718 2337 2012 2406 disserens,
2038 2341 2084 2397 si
2120 2340 2544 2406 fuissentutilia.
2572 2345 2652 2401 Ne
2676 2346 2794 2403 haec
2820 2363 2949 2419 ergo
2971 2365 3293 2420 quaeramus.

1718 2429 1832 2484 Non
1864 2433 2006 2486 enim
2031 2433 2113 2489 sic
2139 2436 2317 2490 veniet
2339 2437 2602 2492 inclinans
2624 2454 2816 2509 genus,
2848 2442 2964 2508 sed,
2992 2445 3066 2498 Se
3086 2444 3296 2512 efferens

1718 2540 1872 2593 supra
1910 2541 2057 2580 omne
2100 2528 2238 2597 quod
2266 2529 2393 2584 deus
2432 2532 2619 2586 dicitur
2646 2541 2736 2586 aut
2764 2534 2970 2603 colitur,
3000 2536 3128 2591 adeo
3162 2548 3217 2592 ut
3240 2541 3295 2593 in

1718 2617 1904 2687 teutplo
1940 2618 2037 2673 Dei
2060 2630 2320 2692 tamquam
2357 2623 2505 2677 deum
2534 2641 2589 2679 se
2613 2626 2844 2692 collucet,
2872 2637 3205 2686 ostentantem
3241 2649 3295 2687 se

1716 2725 1822 2764 esse
1869 2711 2018 2766 deum
2055 2712 2156 2781 (2.
2189 2712 2369 2769 Thess.
2415 2715 2470 2768 2.
2516 2715 2611 2786 4).
2643 2717 3098 2782 Quemadmodum
3146 2722 3291 2777 enim

1715 2800 1960 2859 diabolus
2001 2805 2194 2858 cecidit
2218 2821 2285 2859 ex
2315 2806 2659 2877 arrogantia,“
2677 2808 2748 2864 ita
2764 2809 2931 2867 etiam
2958 2812 3048 2883 qui
3086 2813 3154 2870 ab
3174 2812 3292 2884 ipso

1713 2901 1959 2948 movetur
1986 2895 2276 2953 instructus
2291 2898 2459 2952 estad
2487 2899 2868 2969 arrogantiam.

1782 2986 1836 3040 Ξ.
1856 2984 2234 3055 Quamobrem,
2251 2986 2718 3059 rogo,studeamus
2746 3007 2935 3050 omnes
2958 2996 3149 3051 remoti
3167 3010 3292 3057 esse

1709 3075 1779 3131 ab
1796 3076 1899 3131 hoc
1920 3076 2069 3143 vitio,
2094 3092 2162 3133 ne
2193 3078 2245 3133 in
2269 3078 2411 3135 illius
2422 3079 2680 3150 judicium
2698 3082 3012 3152 incidamus,
3029 3101 3097 3140 ne
3113 3086 3288 3142 eidem

1708 3183 1884 3239 ptume
1894 3168 2062 3227 simus
2075 3171 2315 3238 obnoxii,
2334 3188 2403 3229 ne
2418 3175 2592 3230 simus
2609 3176 2739 3232 socii
2759 3176 2999 3247 ejusdem
3016 3181 3285 3250 supplicii.

1712 3258 1832 3316 Non
1854 3263 2187 3333 neopbytum,
2218 3262 2408 3335 inquit,
2439 3267 2731 3337 neinﬂatus
2752 3269 2945 3325 incidat
2966 3271 3018 3327 in
3030 3273 3287 3342 judicium

1706 3354 1893 3409 diaboli
1908 3354 1987 3425 (1.
2000 3354 2136 3409 Tim.
2151 3357 2205 3412 5.
2224 3354 2540 3428 6).|ni1atus
2553 3373 2682 3430 ergo
2700 3360 2914 3417 easdem
2933 3376 3121 3433 pinnas
3138 3364 3288 3425 dabit

1704 3460 1837 3518 quas
1863 3446 2129 3504 diabolus.
2142 3448 2357 3503 Initium
2371 3451 2504 3504 enim
2520 3453 2770 3520 superbia:
2794 3462 2888 3519 est,
2907 3470 3010 3509 non
3025 3472 3172 3513 nosse
3186 3455 3289 3513 Do-

1703 3539 1896 3592 "unum
1923 3537 2113 3607 (Eccli.
2145 3539 2235 3595 10.
2269 3538 2360 3611 ll)
2391 3558 2407 3595 :
2434 3541 2642 3599 initium
2675 3530 2877 3611 peccati
2898 3554 2984 3601 est
3010 3548 3282 3616 superbia,

1706 3630 1909 3698 primus
1930 3630 2164 3700 impetus
2189 3640 2244 3687 et
2269 3640 2447 3687 motus
2470 3633 2539 3687 ad
2576 3633 2799 3700 malum,
2830 3643 2887 3690 et
2904 3634 3132 3693 fortasse
3158 3640 3285 3709 qui-

1703 3719 1826 3776 dem
1847 3730 1907 3776 et
1924 3722 2073 3776 radix
2099 3732 2153 3777 et
2171 3721 2336 3779 basis.
2358 3722 2569 3779 Initium
2591 3726 2733 3781 enim
2756 3735 2850 3781 aut
2876 3727 3104 3797 primum
3128 3730 3273 3799 signi-

1704 3811 1828 3867 ficat
1868 3814 2121 3883 impetum
2152 3814 2220 3869 ad
2245 3815 2469 3883 malum,
2495 3826 2589 3871 aut
2612 3818 2741 3872 mali
2770 3819 3205 3881 constitutionem
3226 3832 3283 3879 et

1702 3905 2104 3959 consistentiam
2124 3923 2138 3959 :
2160 3914 2219 3960 ut
2246 3907 2291 3961 si
2317 3907 2483 3972 dicas,
2501 3907 2714 3964 Initium
2744 3910 3088 3967 continentia:
3108 3922 3164 3967 et
3185 3926 3280 3967 ca-

1702 3997 1897 4052 stitatis
1912 4006 1994 4052 est
2008 3997 2277 4054 abstinere
2301 4014 2330 4051 a
2358 4000 2504 4055 malo
2524 4002 2970 4070 spectaculo,hoc
2982 4013 3065 4059 est
3079 4005 3282 4073 primus

1703 4089 1935 4159 impetus
1951 4106 1965 4143 :
1981 4089 2064 4144 sin
2083 4099 2262 4145 autem
2278 4089 2756 4158 dicamus,lnitium
2772 4093 3034 4150 castitatis
3050 4104 3132 4151 est
3140 4093 3282 4165 jeju-

1702 4181 1871 4248 nium,
1896 4180 1999 4237 hoc
2013 4191 2114 4245 est,
2150 4182 2551 4241 fundamentum
2569 4193 2624 4241 et
2656 4186 2986 4243 constitutio.
3022 4186 3095 4243 Ita
3115 4189 3277 4243 etiam
3349 4208 3353 4213 θ

1701 4274 1903 4341 peccati
1931 4274 2136 4329 initium
2156 4276 2551 4344 estarrogantia
2570 4277 2661 4330 :ab
2678 4291 2740 4331 ea
2754 4277 2899 4333 enim
2920 4279 3103 4347 incipit
3118 4294 3295 4334 onme'

1703 4374 2001 4432 peccatum,
2032 4377 2085 4420 et
2108 4381 2172 4420 ex
2202 4382 2262 4419 ca
2289 4367 2569 4420 contlatur.
2597 4366 2727 4421 Nam
2755 4368 2898 4438 quod
2924 4384 3275 4439 quaecumque

1701 4458 1841 4512 bona
1868 4460 2132 4529 egerimus
2158 4501 2172 4525 ,
2206 4474 2310 4513 non
2350 4461 2491 4513 sinat
2535 4460 2584 4513 id
2616 4461 2804 4515 vitium
2840 4477 2904 4515 ea
2936 4477 3152 4516 manere
3172 4503 3189 4527 ,
3219 4471 3276 4517 et

1701 4564 1809 4604 non
1860 4549 2126 4615 excidere,
2173 4551 2266 4605 sed
2322 4551 2390 4605 sit
2437 4551 2597 4605 veluti
2641 4552 2884 4622 quaedam
2928 4551 3113 4616 radix,
3156 4568 3277 4622 qua:

1701 4656 1807 4696 non
1860 4642 1986 4695 sinit
2035 4641 2171 4696 bona
2205 4642 2533 4704 consistere,
2588 4642 2734 4698 illinc
2782 4652 2865 4697 est
2910 4644 3274 4713 perspicuum.

1704 4734 1835 4788 Vide
1880 4749 2038 4804 quam
2073 4733 2235 4787 multa
2283 4733 2471 4789 fecerit
2517 4733 2858 4798 Pbarismus,
2905 4734 2998 4788 sed
3049 4734 3182 4788 nihil
3228 4735 3276 4787 ei

1701 4826 1898 4897 profuit
1926 4844 1938 4880 :
1970 4826 2201 4881 radicem
2230 4827 2371 4881 enim
2403 4841 2507 4881 non
2546 4826 2774 4893 excidit,
2803 4825 2898 4881 sed
2940 4828 3050 4895 ipsa
3096 4826 3275 4878 onmiu

1703 4919 1934 4989 perdidit
1962 4928 2016 4974 et
2040 4920 2300 4989 corrupit.
2335 4918 2415 4973 Ex
2442 4919 2743 4987 arrogantia
2774 4918 2945 4970 oritur
2972 4916 3276 4985 despicien-

1703 5019 1773 5073 tia
1805 5033 2119 5089 pauperum,
2152 5016 2390 5086 pecuniae
2423 5014 2706 5084 cupiditas,
2735 5030 2885 5067 antur
2909 5014 3236 5083 priuCipatus
3265 5054 3280 5071 ,

1700 5113 1883 5167 multa:
1935 5111 2118 5181 gloriae
2164 5109 2511 5164 desiderium.
2569 5108 2667 5171 Qui
2717 5117 2797 5161 est
2847 5104 3146 5173 ejusmodi,
3194 5112 3279 5156 est

1702 5218 1998 5275 propensus
2019 5203 2085 5258 ad
2112 5202 2471 5257 ulciscendam
2496 5200 2895 5254 Contumeliam.
2921 5196 3050 5250 Nam
3079 5196 3167 5264 qui
3193 5203 3278 5247 est

1698 5315 1956 5370 arrogans
1983 5308 2037 5353 et
2075 5298 2228 5353 elata:
2280 5296 2473 5350 mentis
2496 5335 2509 5358 ,
2560 5310 2626 5347 ne
2666 5308 2695 5345 a
2727 5288 3017 5360 majoribus
3059 5278 3274 5357 quidem

1702 5391 1932 5446 sustinet
1956 5389 2276 5443 contumelia
2308 5386 2443 5440 affici
2467 5427 2481 5449 ,
2526 5383 2718 5439 nedum
2750 5398 2779 5434 a
2824 5379 3151 5438 minoribus;
3183 5378 3274 5445 qui

1700 5499 1828 5539 vero
1872 5481 2249 5539 contumeliam
2279 5496 2384 5533 non
2432 5481 2565 5543 fert,
2598 5490 2769 5545 neque
2818 5474 3104 5544 quidquam
3144 5470 3266 5524 muli

1697 5575 1805 5645 pati
1835 5574 2080 5628 sustinet.
2132 5571 2266 5626 Vide
2294 5568 2562 5637 quomodo
2593 5565 2797 5620 initium
2838 5564 3041 5633 peccati
3070 5562 3139 5614 sit
3174 5576 3266 5613 suo

1699 5667 1899 5737 perbia.
1947 5662 2226 5733 Quomodo
2273 5670 2448 5715 autem
2495 5659 2700 5713 initium
2744 5654 3008 5725 superbire
3034 5662 3117 5706 est
3158 5666 3263 5705 non

1698 5773 1861 5813 nosse
1889 5755 2213 5811 Dominum?
2258 5752 2443 5808 Merito
2472 5767 2487 5804 ε
2519 5750 2606 5819 qui
2634 5753 2773 5805 enim
2805 5745 2953 5801 novit
2996 5745 3159 5799 Deum
3204 5752 3262 5798 ut

1700 5868 1857 5909 nosse
1886 5859 2092 5922 oportet
2121 5891 2135 5918 ,
2175 5848 2262 5919 qui
2305 5849 2448 5901 novit
2474 5846 2613 5916 quod
2644 5842 2808 5900 Filius
2834 5843 2925 5895 Dei
2967 5841 3030 5895 ad
3064 5848 3263 5896 tantum

2829 5930 2908 5989 30
