3964 6510
632 418 725 475 ΓΙΙ

632 547 690 583 se
736 527 950 583 demisit
979 520 1330 577 humilitatem
1358 554 1374 573 .
1416 528 1522 567 non
1553 509 1829 565 extollitur
1860 524 1873 560 :
1904 504 1997 577 qui
2020 511 2198 557 autem

638 624 750 672 inec
784 633 887 671 non
914 614 1081 677 novit,
1110 608 1423 664 extollitur:
1463 605 1528 657 ad
1555 601 1907 671 arrogantiam
1942 596 2082 650 enim
2111 594 2197 648 in-

638 713 795 766 struit
823 718 878 763 et
899 714 1050 777 parat
1076 699 1344 772 superbia.
1382 695 1627 755 Nam.dic
1659 691 1824 757 mihi,
1848 690 1938 760 qui
1962 688 2019 741 lit
2055 683 2199 757 quod

635 805 721 857 isti
750 802 839 870 qni
868 798 1123 853 adversus
1147 791 1438 849 Ecclesiam
1466 788 1664 844 bellum
1692 792 1912 856 gerunt,
1939 781 2124 836 dicunt
2142 792 2201 832 se

639 910 795 949 nosse
817 890 1020 946 Deum?
1048 902 1225 942 annon
1252 885 1320 939 ab
1348 880 1645 950 arrogantia
1668 878 1692 931 ?
1713 875 1875 940 Vide,
1904 888 2010 927 non
2041 882 2201 925 nosse

635 987 820 1044 Deum,
843 996 937 1037 eos
965 981 1015 1034 in
1043 985 1297 1051 quantum
1327 972 1562 1042 impellat
1581 967 1954 1041 prmcipitium.
1976 963 2034 1018 Si
2057 960 2198 1015 enim

631 1076 875 1145 spiritum
901 1073 1185 1127 contritum
1212 1069 1353 1123 Deus
1381 1064 1554 1133 diligit
1578 1104 1593 1127 ,
1621 1069 1804 1115 contra
1837 1054 2082 1127 superbis
2109 1066 2199 1107 re-

635 1168 795 1232 sialit,
820 1175 874 1221 et
899 1163 1188 1218 humilibus
1213 1160 1304 1214 dat
1327 1156 1576 1229 gratiam.
1603 1153 1812 1207 Nullum
1834 1157 1918 1203 est
1943 1160 2070 1215 ergo
2090 1158 2202 1198 ma-

633 1259 742 1311 lum
785 1254 927 1326 quod
968 1250 1197 1308 conferri
1246 1248 1411 1318 possit
1450 1260 1569 1299 cum
1619 1239 1863 1310 superbia
1894 1235 2200 1292 :hominem

631 1349 796 1403 efficit
824 1346 1121 1401 dmmonem
1143 1337 1588 1399 contumeliosum
1606 1375 1619 1397 ,
1648 1330 2018 1400 blasphemum
2038 1368 2052 1388 ,
2083 1340 2201 1394 per-

630 1442 808 1512 iurum
836 1457 851 1493 :
879 1437 1002 1492 facit
1025 1444 1084 1489 ut
1121 1438 1439 1503 appetantur
1464 1426 1659 1482 caedes.
1689 1420 1964 1492 Superbus
1992 1430 2204 1484 semper

633 1506 762 1587 vivit
806 1531 859 1586 in
901 1525 1178 1584 doloribus
1220 1531 1277 1578 et
1322 1517 1582 1575 molestiis
1611 1557 1626 1578 ,
1678 1526 1891 1582 semper
1933 1506 2199 1571 irascitur,

633 1638 845 1692 semper
871 1628 954 1676 est
984 1616 1187 1673 tristis:
1218 1612 1345 1668 nihil
1372 1621 1454 1667 est
1486 1606 1627 1679 quod
1668 1606 1770 1659 hoc
1809 1600 1973 1656 animi
2017 1596 2203 1651 vitium

632 1690 802 1788 possit
843 1715 1072 1777 satiare;
1103 1707 1311 1765 etiamsi
1353 1703 1545 1759 viderit
1581 1713 1759 1770 regem
1795 1709 1854 1749 se
1882 1690 2201 1747 submitten-

635 1820 773 1875 tem,
824 1808 1189 1861 incurvantem
1235 1808 1288 1854 et
1314 1798 1656 1857 adorantem,
1690 1804 1797 1843 non
1825 1794 1909 1841 est
1936 1783 2160 1838 satiatus
2184 1820 2200 1847 ,

633 1902 725 1958 sed
756 1898 925 1970 magis
968 1904 1052 1953 est
1090 1906 1367 1949 accensus.
1401 1888 1468 1945 Ut
1495 1886 1638 1942 enim
1686 1880 1830 1937 avari
1860 1921 1876 1945 ,
1917 1890 2025 1948 quo
2055 1874 2204 1943 plura

642 1968 911 2064 accipiunt
934 2032 950 2056 ,
978 2005 1043 2045 eo
1082 1986 1323 2059 pluribus
1363 1981 1598 2050 indigent
1627 1976 1736 2030 :ita
1763 1974 1924 2028 etiam
1963 1968 2051 2038 qui
2081 1974 2203 2019 sunt

635 2060 789 2140 elata:
818 2081 1044 2144 mentis,
1078 2085 1506 2149 quantacumque
1537 2069 1777 2123 fruantur
1817 2060 1983 2132 gloria
2004 2100 2018 2123 ,
2059 2066 2205 2112 tanto

634 2176 896 2246 majorem
941 2176 1239 2242 expetunt:
1270 2173 1494 2235 augetur
1541 2161 1684 2215 enim
1729 2156 1809 2211 eis
1837 2151 2049 2207 all‘ectio
2077 2150 2096 2218 (
2122 2156 2206 2204 est

635 2271 775 2325 enim
820 2263 1108 2333 affectio),
1139 2260 1351 2316 alfectio
1377 2266 1553 2311 autem
1608 2266 1714 2306 non
1761 2248 1911 2302 novit
1951 2243 2199 2305 modum,

636 2362 734 2417 scd
767 2373 893 2414 tunc
920 2358 1136 2413 demum
1169 2353 1395 2415 sistitur,
1442 2345 1654 2418 quando
1682 2340 1937 2398 occiderit
1965 2353 2086 2392 eum
2117 2334 2203 2405 qui

633 2457 803 2526 ipsam
832 2450 1011 2505 habet.
1063 2447 1177 2502 Non
1214 2443 1361 2498 vides
1390 2439 1529 2510 quod
1559 2436 1693 2491 ebrii
1739 2447 1952 2501 semper
1978 2426 2209 2484 sitiant?

633 2546 844 2600 all‘ectio
868 2542 1009 2596 enim
1036 2546 1120 2593 est
1138 2579 1153 2603 ,
1183 2550 1289 2591 non
1313 2543 1515 2587 natura:
1554 2524 1879 2582 desiderium
1901 2563 1917 2588 ,
1963 2518 2055 2574 sed
2084 2532 2204 2587 per-

634 2649 822 2689 versus
853 2629 1091 2685 morbus.
1119 2626 1235 2680 Non
1262 2622 1412 2677 vides
1434 2617 1576 2690 quod
1603 2617 1639 2672 ii
1663 2629 1799 2686 quos
1826 2618 2019 2667 vocant
2047 2610 2208 2663 fame-

635 2730 787 2789 licos.
818 2737 1029 2792 semper
1056 2719 1322 2780 esuriant;
1353 2721 1438 2769 est
1478 2712 1621 2764 enim
1657 2707 1842 2762 vitium
1863 2746 1878 2769 ,
1925 2712 1983 2757 ut
2023 2701 2209 2756 dicunt

636 2816 851 2881 medici,
880 2821 1085 2868 natum
1102 2810 1236 2863 ﬁnes
1260 2816 1607 2873 exsuperans.
1635 2799 1724 2856 Sic
1749 2797 1946 2854 curiosi
1974 2805 2028 2851 et
2048 2795 2206 2850 Otiosi

638 2909 1010 2977 indagatores,
1043 2899 1322 2972 quantavis
1365 2894 1679 2956 didicerint,
1727 2906 1832 2945 non
1858 2888 2158 2943 consistunt
2190 2904 2206 2939 :

640 3009 725 3053 est
752 2976 893 3052 enim
934 2993 1144 3049 affectio
1164 3034 1179 3056 ,
1232 3003 1330 3044 nec
1360 2987 1516 3042 habet
1548 2984 1856 3040 terminum.
1888 2980 2091 3033 Rursus
2119 2976 2210 3047 qui

640 3091 975 3146 delectantur
1000 3082 1413 3140 scortationibus
1436 3121 1449 3145 ,
1507 3091 1606 3133 nec
1648 3076 1746 3145 ipsi
1772 3072 1992 3145 gradum
2021 3072 2215 3126 sistunt

641 3179 967 3253 (Scortatori,
1005 3177 1194 3246 inquit,
1232 3173 1395 3228 omnis
1432 3171 1579 3242 panis
1615 3177 1687 3222 est
1711 3166 1872 3220 dulcis
1911 3163 2095 3237 [Eccli.
2120 3162 2208 3217 23.

638 3274 730 3347 20]
758 3273 813 3345 ):
841 3287 945 3327 non
976 3267 1209 3325 cessabit
1234 3265 1407 3321 donec
1435 3261 1591 3316 fuerit
1616 3259 1934 3321 devoratus;
1963 3264 2046 3310 est
2069 3255 2210 3309 enim

641 3365 876 3420 affectio.
904 3362 1007 3419 Sed
1033 3369 1160 3416 sunt
1186 3359 1299 3412 lucc
1325 3353 1541 3426 quidem
1567 3349 1912 3420 aegritudines
1932 3388 1946 3412 ,
1988 3361 2095 3401 non
2137 3355 2214 3399 ta-

642 3474 765 3513 men
793 3450 1217 3510 immedicabiles
1235 3490 1250 3515 ,
1282 3446 1377 3502 sed
1401 3460 1523 3515 qua:
1548 3442 1837 3497 admittunt
1859 3437 2211 3499 curationem,

639 3562 693 3605 et
733 3550 900 3603 multo
941 3544 1112 3614 magis
1152 3555 1313 3612 quam
1355 3535 1705 3607 corporales:
1739 3547 1861 3587 nam
1891 3531 1937 3586 si
1962 3530 2210 3595 velimus,

639 3657 732 3701 eas
760 3651 1043 3712 possumus
1066 3635 1429 3702 exstinguere.
1457 3625 1736 3696 Quomodo
1765 3639 1895 3695 ergo
1919 3631 2095 3699 potest
2118 3638 2215 3677 ex-

640 3732 836 3804 stingui
866 3728 1169 3799 arrogantia
1192 3725 1216 3778 ?
1241 3723 1300 3779 Si
1327 3724 1490 3777 Deum
1518 3718 1825 3791 agnoveris.
1856 3716 1914 3772 Si
1943 3716 2083 3771 enim
2127 3715 2216 3769 illa

640 3827 814 3879 oritur
839 3837 904 3878 ex
927 3837 993 3876 eo
1012 3818 1159 3891 quod
1188 3817 1330 3871 Deus
1349 3829 1458 3869 non
1487 3820 1879 3882 cognoscatur:
1903 3810 1948 3863 si
1979 3823 2100 3863 cum
2128 3822 2218 3862 co-

641 3915 987 3985 gnoverimus
1003 3953 1017 3977 ,
1045 3908 1339 3977 expellitur
1360 3905 1533 3960 omnis
1555 3905 1883 3973 arrogantia.
1911 3900 2102 3955 Veniat
2124 3899 2217 3967 tibi

640 4011 697 4062 in
747 4014 982 4060 mentem
1030 4000 1309 4071 gehenna,
1359 3995 1578 4051 veniant
1620 3995 1673 4049 in
1740 4003 1973 4047 mentem
2029 3992 2119 4062 qui
2159 4000 2220 4047 te

639 4106 764 4153 sunt
809 4096 965 4165 longe
1008 4091 1277 4155 meliores,
1328 4088 1507 4143 veniat
1549 4086 1604 4139 in
1635 4092 1868 4139 mentem
1898 4098 2054 4153 qnam
2084 4083 2221 4137 mul-

642 4202 819 4248 torum
864 4188 960 4244 tibi
989 4194 1115 4242 sunt
1158 4182 1368 4239 luenda:
1411 4194 1584 4251 preme
1608 4198 1621 4233 :
1648 4178 1692 4233 si
1721 4177 1839 4232 hanc
1868 4175 2218 4247 cogitaveris,

642 4290 749 4341 cito
776 4283 1011 4339 animum
1036 4276 1388 4338 contraxeris.
1417 4275 1524 4329 cito
1552 4287 1675 4328 eum
1702 4271 1936 4327 ﬂexeris.

701 4356 981 4421 ~[lammina
1030 4368 1111 4406 res
1157 4349 1305 4419 quasi
1355 4346 1572 4402 somnia.
1638 4373 1709 4384 —
1768 4343 1837 4398 At
1902 4355 2007 4397 non
2069 4349 2222 4411 potes

648 4451 765 4505 haec
812 4444 1027 4502 facere?
1076 4457 1136 4499 es
1187 4438 1544 4496 imbecillior?
1591 4435 1776 4507 Cogita
1838 4448 1926 4489 res
1988 4447 2221 4505 praesen-

648 4553 764 4608 tes,
808 4537 980 4610 cogita
1032 4543 1275 4591 naturam
1321 4530 1645 4596 humanam,
1689 4537 1744 4583 et
1789 4525 1931 4598 quod
1976 4524 2109 4580 nihil
2156 4523 2225 4580 sit

644 4636 828 4689 homo.
877 4634 1010 4688 Cum
1054 4631 1252 4686 videris
1300 4628 1355 4682 in
1410 4628 1524 4682 foro
1570 4625 1697 4679 ferri
1753 4631 2055 4686 mortuum,
2089 4619 2225 4674 ﬁlios

1349 399 1407 455 S.
1444 394 1718 456 JOANNIS
1751 383 2220 448 CIIRYSOSTOMI
2263 375 2578 437 ARCHIEP.
2608 378 3136 440 CONSTANTINOP.
3700 387 3768 442 ω

2305 499 2466 554 orbos
2507 506 2820 569 sequentes,
2853 498 3065 552 viduam
3108 510 3225 566 qua:
3275 496 3491 566 plangit,
3516 499 3693 557 famulos
3716 506 3765 557 ln-

2304 599 2640 655 mentantes,
2698 592 2901 643 amicos
2960 591 3137 643 tristes
3208 598 3259 643 et
3313 580 3601 657 mmreutes,
3640 608 3766 661 reputt

2309 696 2471 750 quam
2501 680 2629 734 nihil
2660 680 2768 733 sint
2794 696 2880 734 res
2912 689 3201 749 praesentes
3219 719 3233 743 ,
3265 692 3321 732 et
3343 680 3475 749 quod
3498 680 3557 734 ab
3580 686 3714 738 umbra
3735 701 3769 739 et

2306 773 2532 826 somniis
2560 771 2691 826 nihil
2721 771 2990 825 differant.
3020 772 3091 825 At
3133 770 3233 824 hoc
3275 787 3376 825 non
3412 772 3485 825 vis
3506 772 3526 824 ?
3545 772 3714 829 Veniant
3735 779 3766 830 in

2308 873 2541 917 mentem
2569 863 2760 916 divites
2779 904 2795 927 ,
2822 872 2877 916 et
2902 863 2936 916 ii
2962 862 3051 931 qui
3076 862 3127 916 in
3157 862 3306 916 bellis
3331 872 3515 918 temere
3536 865 3762 934 perierunt:

2307 954 2585 1009 considera
2638 955 2872 1008 virorum
2922 968 3233 1025 magnorum
3264 963 3320 1009 et
3363 954 3614 1010 illustrium
3646 956 3764 1021 aedes.

2309 1061 2429 1114 quso
2460 1061 2599 1099 nunc
2630 1054 2756 1099 sunt
2781 1044 2973 1099 diruta:
2997 1053 3052 1099 et
3076 1044 3195 1100 solo
3215 1054 3431 1114 aequata:
3457 1063 3470 1097 :
3497 1048 3638 1116 cogita
3654 1063 3766 1117 quan-

2310 1147 2419 1191 tum
2449 1148 2755 1207 potuerunt,
2778 1146 2833 1192 et
2857 1152 2998 1191 nunc
3020 1152 3207 1192 eorum
3234 1150 3302 1191 ue
3327 1145 3484 1191 restat
3508 1138 3676 1207 quidem
3692 1156 3765 1195 tne-

2308 1229 2497 1282 moria.
2529 1227 2767 1298 Singulis
2788 1228 2930 1283 enim
2956 1227 3143 1283 diebus
3162 1268 3178 1292 ,
3210 1227 3255 1282 si
3282 1227 3384 1293 vis,
3415 1228 3621 1283 invenies
3642 1230 3765 1285 borum

2306 1320 2546 1388 exempla
2568 1361 2583 1385 ,
2630 1319 2898 1390 principes
2928 1319 3045 1375 aliis
3075 1319 3450 1385 succedentes,
3477 1320 3656 1376 divitum
3679 1322 3766 1377 bona

2309 1412 2592 1481 publicata.
2642 1410 2801 1466 Multi
2843 1412 3045 1483 tyranni
3094 1414 3329 1467 sederunt
3368 1415 3421 1467 in
3445 1414 3572 1477 solo,
3608 1418 3643 1469 is
3661 1429 3767 1469 ωσι

2306 1520 2449 1581 quem
2496 1519 2638 1557 nano
2685 1504 3055 1573 suspicabatur,
3101 1504 3337 1558 diadema
3398 1505 3595 1576 gestabat
3629 1505 3763 1578 (Eccli.

2310 1596 2397 1649 Η.
2424 1594 2503 1660 5).
2532 1598 2723 1649 Annon
2749 1594 2879 1648 liunt
2900 1595 3013 1649 lucc
3036 1594 3315 1663 quotidie?
3341 1611 3509 1651 nonne
3530 1607 3632 1651 sunt
3653 1613 3765 1652 nostra

2306 1698 2439 1743 rotae
2488 1687 2719 1742 similia?
2761 1687 2900 1758 Lege
2941 1688 2988 1742 si
3012 1688 3090 1742 vis
3120 1698 3176 1744 et
3218 1700 3399 1744 nostra
3434 1698 3486 1745 et
3508 1700 3653 1745 extera
3674 1696 3765 1755 (tum

2308 1782 2394 1835 illa
2420 1796 2630 1852 quoque
2660 1781 2813 1851 plena
2843 1790 2967 1835 sunt
2985 1780 3070 1836 his
3090 1783 3396 1852 exemplis),
3415 1784 3456 1837 si
3485 1794 3633 1838 nostra
3652 1785 3764 1851 desti-

2306 1873 2405 1937 cis,
2439 1872 2600 1942 idque
2622 1888 2689 1927 ex
2715 1872 3018 1943 arrogantia
3048 1891 3062 1928 :
3086 1874 3130 1929 si
3156 1874 3436 1930 admiraris
3455 1890 3560 1945 qua:
3582 1885 3674 1929 sunt
3698 1876 3767 1945 phi-

2308 1966 2651 2036 losophorum
2668 2007 2683 2030 ,
2709 1966 2895 2022 saltem
2922 1965 2989 2021 ad
3024 1982 3117 2022 eos
3144 1968 3341 2022 accede
3367 1986 3381 2021 :
3411 1968 3481 2022 illi
3506 1979 3551 2024 te
3571 1969 3765 2033 docebant,

2308 2066 2516 2113 veteres
2547 2067 2822 2114 narrantes
2849 2059 3201 2127 calamitates,
3221 2068 3278 2113 et
3304 2069 3488 2129 poetaa,
3510 2068 3557 2115 et
3576 2070 3766 2125 oratores,

2307 2156 2363 2203 et
2386 2148 2638 2218 sophista:
2660 2191 2676 2216 ,
2705 2159 2757 2204 et
2780 2164 2969 2204 omnes
2993 2151 3306 2219 scriptores.
3337 2150 3580 2221 Undique,
3604 2152 3639 2205 si
3660 2151 3767 2213 voles,
3864 2158 3865 2205 ἲ

2309 2241 2546 2297 invenies
2572 2243 2838 2312 exempla.
2869 2243 2927 2297 Si
2954 2253 3131 2298 autem
3172 2244 3366 2299 horum
3396 2244 3518 2299 nihil
3544 2246 3635 2310 vis,
3655 2246 3768 2299 cousi-

2308 2335 2434 2390 dera
2460 2347 2698 2391 nostram
2727 2344 2995 2404 naturam,
3020 2347 3073 2393 et
3101 2338 3242 2393 unde
3262 2345 3470 2393 constet
3487 2378 3501 2403 ,
3527 2346 3574 2392 ct
3592 2337 3770 2407 quomodo
3864 2356 3865 2401 i

2309 2429 2552 2484 desinat:
2579 2428 2860 2485 considera
2882 2431 3063 2500 quanti
3095 2431 3187 2494 sis,
3214 2430 3429 2500 quando
3446 2430 3643 2484 dormis:
3661 2444 3770 2481 notitia

2309 2522 2394 2576 vel
2435 2536 2596 2591 parva
2626 2521 2794 2577 bestia
2836 2530 2889 2576 te
2919 2521 3113 2591 poterit
3156 2522 3458 2578 interficere
3481 2522 3502 2575 ἲ
3524 2521 3663 2576 Multis
3684 2523 3769 2575 cuiu
3864 2521 3865 2587 l

2311 2626 2453 2681 saepe
2472 2628 2502 2667 e
2523 2621 2664 2667 tecto
2689 2611 2960 2682 delapsum
2983 2627 3209 2682 parvum
3232 2614 3605 2675 auimalculum,
3620 2613 3680 2667 vel
3696 2626 3771 2665 oet-

2312 2702 2421 2757 lum
2475 2702 2703 2770 ademit,
2749 2712 2842 2758 aut
2865 2704 3090 2759 alterius
3118 2705 3343 2774 periculi
3383 2719 3532 2761 causa
3568 2704 3660 2759 fuit.
3690 2704 3770 2767 Quid

2310 2812 2439 2851 vero
2463 2796 2486 2850 ?
2509 2810 2687 2851 annon
2709 2810 2770 2851 es
2798 2795 3017 2855 inferior
3040 2797 3292 2852 omnibus
3322 2796 3541 2853 bestiis?
3585 2794 3664 2851 Sed
3691 2792 3766 2861 quid

2312 2887 2448 2944 dicis
2472 2888 2495 2942 ?
2523 2897 2575 2943 te
2615 2887 2695 2943 eis
2722 2895 2977 2957 praestare
3022 2888 3227 2944 ratione
3251 2889 3277 2943 ?
3308 2890 3379 2944 At
3414 2902 3533 2944 ecce
3562 2901 3647 2942 non
3665 2899 3771 2941 esu-

2316 2981 2459 3035 tione
2489 2979 2743 3050 praeditus
2778 2996 2793 3033 :
2822 2981 3075 3050 egestatis
3092 2979 3235 3035 enim
3268 2980 3488 3035 rationis
3510 2988 3772 3050 argumentum

2316 3081 2401 3126 est
2428 3072 2697 3141 superbia.
2727 3070 2834 3126 Sed
2855 3071 2923 3127 de
2937 3087 3191 3141 quonam,
3210 3068 3771 3143 quaeso,omninoell‘crrit.

2315 3174 2370 3219 et
2403 3165 2494 3220 tibi
2518 3164 2732 3234 places?
2759 3173 2976 3235 propter
2998 3164 3189 3219 bonam
3217 3165 3462 3235 corporis
3486 3163 3774 3219 habitudinem?

2317 3254 2414 3312 sed
2440 3256 2594 3312 bruta
2621 3255 2720 3311 hac
2750 3256 2803 3310 in
2848 3271 2907 3311 re
2950 3255 3179 3326 palmam
3207 3255 3427 3323 ferunt,
3457 3254 3679 3309 victoriam
3697 3266 3775 3305 uu-

2318 3357 2561 3418 sequuta.
2590 3347 2703 3403 Hoc
2730 3346 2889 3402 etiam
2917 3347 3232 3402 observatur
3253 3346 3397 3417 apud
3427 3347 3629 3402 latrones
3646 3358 3690 3398 ac
3706 3357 3775 3410 par-

2320 3442 2515 3497 ricidas
2557 3451 2613 3497 et
2652 3440 3025 3511 sepulcrorum
3078 3438 3388 3496 elfossores.
3429 3441 3494 3495 At
3534 3438 3593 3493 ob
3630 3434 3775 3506 prodeu-

2320 3536 2447 3590 tiam
2477 3536 2501 3588 ?
2527 3533 2634 3590 Sed
2686 3549 2793 3587 non
2818 3541 2902 3587 est
2947 3530 3249 3602 prudentia:
3275 3572 3293 3600 ,
3343 3531 3635 3588 insolescere
3666 3524 3777 3581 etsibi

2321 3628 2553 3698 placere.
2586 3626 2697 3681 Hoc
2724 3624 2941 3695 quidem
2983 3632 3130 3680 certe
3181 3624 3358 3695 primo
3384 3635 3436 3679 te
3464 3623 3640 3693 privas,
3660 3628 3776 3672 utnon

2321 3720 2396 3774 sis
2423 3719 2679 3790 prudens.
2710 3716 3065 3772 Cohibeamus
3088 3716 3530 3786 ergo~insolcntes
3547 3720 3707 3767 nostros
3719 3708 3778 3773 sit"

2321 3812 2455 3866 ritus
2478 3819 2533 3865 et
2558 3808 2860 3880 superbiam
2890 3824 2905 3863 :
2936 3809 3104 3863 simus
3133 3807 3364 3864 modesti
3400 3817 3453 3863 et
3490 3798 3777 3867 humiles,ui-
3864 3798 3865 3871 ᾖ

2323 3913 2509 3973 tesque
2534 3912 2587 3957 et
2612 3901 2805 3973 placidi
2830 3918 2845 3968 ;
2867 3915 2962 3956 eos
2982 3901 3125 3956 enim
3155 3916 3267 3971 pra:
3295 3900 3535 3956 omnibus
3551 3899 3694 3953 beatos
3709 3905 3779 3962 pur

2324 3994 2582 4050 nuntiavit
2604 3993 2870 4058 Christus,
2900 3992 3105 4055 dicens.
3134 3990 3281 4046 Beati
3302 4006 3538 4063 pauperes
3558 3987 3721 4058 spiritu;
3750 3986 3781 4033 et

2324 4102 2509 4143 rursus
2537 4086 2801 4142 clamabat
2824 4085 3012 4141 dicens
3030 4126 3047 4152 ,
3078 4084 3271 4139 Discite
3302 4102 3335 4139 a
3355 4100 3433 4138 me
3451 4124 3468 4150 ,
3496 4074 3782 4153 quoniaanitu

2324 4196 2435 4235 sum
2463 4188 2511 4233 ct
2550 4179 2757 4232 humilis
2784 4178 2934 4231 corde
2964 4176 2985 4247 (
3015 4175 3203 4231 Matth.
3234 4176 3289 4232 5.
3319 4177 3370 4233 5.
3401 4185 3447 4231 et
3475 4176 3551 4229 ll.
3576 4171 3633 4226 29
3652 4170 3685 4239 ).
3706 4166 3781 4219 PN

2327 4282 2507 4343 pterea
2527 4272 2690 4342 pedes
2716 4271 2844 4326 lavit
2865 4269 3270 4341 discipulorum,
3292 4270 3446 4325 nobis
3460 4268 3667 4339 praebens
3679 4272 3783 4316 tum

2329 4364 2473 4435 plum
2498 4362 2831 4418 humilitatis.
2857 4356 3030 4417 Abeo
3054 4362 3231 4417 omnia
3260 4360 3639 4419 lucrifaciamus.
3662 4362 3783 4419 ull”

2328 4455 2495 4511 simus
2522 4455 2736 4526 assequi
2767 4454 2904 4508 bona
2933 4454 3193 4525 promissa
3222 4454 3289 4509 iis
3314 4456 3406 4525 qui
3437 4453 3591 4522 ipsum
3609 4446 3782 4513 diligunt.

2328 4550 2496 4620 gratia
2522 4558 2579 4604 et
2605 4547 2929 4619 benignitate
2947 4588 2962 4611 ,
2991 4556 3097 4601 etc.

650 4669 828 4689 IﬂIlIlUc
877 4669 1010 4688 υιιιιι
1062 4669 1252 4686 ’,νυ-ιιι
1300 4669 1355 4682 ιη
1410 4669 1523 4682 ινσν
1570 4669 1697 4679 σει-.-
1753 4669 2055 4686 ...υ---.πην
2090 4669 2221 4674 -.._-_

2096 4758 2445 4821 HOMILIA
2477 4757 2557 4820 ΙΙ.

645 4906 779 4961 CAP.
823 4901 873 4953 1.
906 4913 956 4951 v.
982 4897 1035 4951 l.
1089 4893 1282 4947 Paulus
1309 4900 1354 4946 et
1384 4888 1626 4946 Silvanus
1648 4898 1695 4942 et
1732 4887 2022 4942 Timotheus
2050 4882 2229 4940 Eccle-

722 4994 813 5047 site
841 4986 1367 5044 Thessalonicensium
1410 4983 1465 5036 in
1493 4980 1603 5035 Deo
1636 4978 1795 5033 Patre
1830 4988 2002 5033 nostra
2039 4986 2084 5031 et
2122 4974 2230 5029 Do-

615 5142 623 5155 ,
720 5085 864 5139 rmiuo
888 5082 1014 5135 Jesu
1061 5078 1259 5131 Christo
1283 5091 1302 5130 :
1329 5075 1383 5129 2.
1437 5073 1605 5145 gratia
1635 5072 1771 5125 vobis
1818 5079 1869 5125 et
1906 5085 2011 5141 pax
2052 5085 2085 5127 a
2120 5066 2229 5124 Deo

721 5175 883 5230 Patre
902 5181 1073 5227 nostra
1095 5179 1140 5223 et
1171 5167 1389 5222 Domino
1414 5164 1541 5220 Iesu
1571 5162 1792 5217 Christo.

730 5270 780 5324 1.
821 5263 1044 5322 Plurimi
1086 5260 1331 5316 homines
1357 5257 1489 5314 nihil
1517 5272 1621 5312 non
1646 5264 1809 5326 agunt
1833 5263 1887 5310 et
1911 5253 2224 5317 moliuntur,

653 5370 715 5416 nt
739 5369 794 5414 et
820 5356 959 5427 apud
998 5354 1339 5425 magistratus
1366 5360 1422 5406 et
1446 5364 1540 5405 eos
1565 5350 1654 5419 qui
1684 5357 1808 5403 sunt
1847 5346 1979 5416 ipsis
2004 5343 2234 5413 majores

655 5455 829 5523 aliqua
858 5451 1070 5506 valeant
1089 5446 1281 5516 gratia,
1308 5452 1363 5500 et
1399 5458 1647 5513 magnum
1677 5441 1780 5495 hoc
1805 5454 1924 5494 esse
1949 5437 2147 5492 ducunt
2174 5449 2236 5488 ac

652 5549 844 5604 beatos
866 5557 925 5597 se
947 5555 1069 5596 esse
1097 5540 1422 5600 existimant,
1472 5535 1519 5588 si
1566 5533 1618 5587 id
1656 5530 1970 5601 consequuti
2016 5527 2233 5593 fuerint,

657 5637 809 5706 cujus
829 5634 1006 5690 studio
1035 5640 1302 5686 tenentur.
1334 5628 1389 5684 Si
1416 5636 1594 5681 autem
1630 5624 1854 5695 gratiam
1882 5620 2023 5691 apud
2059 5618 2233 5675 homi-

658 5744 758 5783 nes
781 5725 1034 5795 consequi
1061 5732 1145 5779 est
1169 5723 1303 5776 adeo
1329 5733 1599 5790 magnum,
1630 5732 1662 5770 a
1692 5716 1802 5772 Deo
1830 5714 2056 5785 gratiam
2087 5713 2236 5768 inve-

661 5818 779 5872 nire
832 5824 1089 5886 quantum
1150 5811 1345 5867 fuerit?
1400 5807 1684 5878 Propterea
1724 5807 1827 5861 hoc
1872 5820 2084 5876 semper
2125 5819 2238 5861 sua:

660 5906 924 5977 praeponit
949 5903 1207 5974 epistolae,
1236 5914 1288 5957 et
1319 5904 1418 5956 hoc
1449 5911 1715 5972 precatur,
1749 5908 1805 5954 ut
1826 5899 1916 5966 qui
1943 5899 2077 5953 sciat
2099 5897 2238 5969 quod

2333 4882 2377 4936 si
2400 4880 2502 4935 hoc
2528 4880 2617 4945 sit,
2648 4879 2716 4932 de
2741 4885 2938 4931 cancro
2960 4875 3088 4929 nihil
3116 4875 3217 4927 erit
3243 4877 3538 4936 molestum,
3565 4866 3643 4922 sed
3656 4860 3787 4914 solven-

2333 4986 2420 5029 tur
2440 4972 2615 5028 omnia
2645 4984 2991 5042 qua-cumque
3021 4968 3217 5023 fuerint
3249 4968 3426 5037 gravia
3463 4972 3513 5020 et
3536 4954 3731 5016 dilﬁcilia.
3751 4948 3785 5000 Et

2335 5074 2392 5119 ut
2417 5063 2519 5119 hoc
2542 5061 2807 5117 discatis‘:
2835 5059 3032 5130 Joseph
3059 5067 3173 5113 erat
3198 5071 3404 5121 servus,
3427 5052 3630 5125 juvenis,
3649 5038 3785 5111 imperi-

2337 5169 2421 5213 tus
2449 5167 2503 5213 et
2534 5156 2803 5227 simplex:
2848 5162 2905 5208 et
2944 5161 3163 5223 repente
3192 5151 3243 5205 ei
3296 5149 3393 5204 fuit
3413 5144 3642 5202 mandata
3674 5136 3787 5189 domus

2335 5222 2752 5310 administratio.
2784 5254 2837 5301 et
2868 5244 2982 5299 viro
3006 5222 3257 5315 Egyptio
3297 5256 3478 5296 eorum
3520 5250 3617 5307 qua:
3652 5222 3787 5315 gemit?

2337 5339 2595 5397 reddebat
2620 5309 2903 5394 rationem.
2939 5309 3101 5392 Scitis
3114 5309 3299 5387 autem
3339 5344 3491 5401 quam
3526 5327 3583 5380 sit
3620 5331 3712 5393 gens
3738 5309 3787 5363 i111

2338 5449 2546 5489 summe
2572 5432 2638 5487 ad
2671 5434 2801 5487 iram
2832 5428 3100 5500 proclivis,
3132 5437 3187 5482 et
3224 5440 3341 5496 qua:
3384 5422 3582 5477 minime
3604 5412 3789 5483 ἱεηοεωίί

2339 5540 2461 5581 cum
2492 5532 2667 5579 autem
2695 5520 2983 5576 accesserit
3011 5518 3170 5573 etiam
3212 5515 3522 5586 principatus
3543 5514 3590 5562 et
3621 5502 3787 5572 p0va
3864 5532 3865 5547 ι

2342 5617 2514 5685 major
2531 5624 2614 5671 est
2650 5615 2728 5668 ira
2754 5627 2873 5683 qua:
2909 5611 3165 5666 excitatur
3192 5624 3219 5661 a
3250 5614 3517 5678 potestate.
3554 5592 3787 5681 Perspicua!"

2343 5717 2522 5764 autem
2564 5707 2665 5762 hoc
2691 5676 2881 5761 est-vel
2927 5703 3086 5758 exiis
3126 5676 3404 5772 qumifecit
3442 5700 3615 5764 postea.
3648 5676 3787 5772 litauit?

2344 5800 2486 5856 enim
2514 5807 2797 5854 accusante
2838 5809 3023 5866 passus
3062 5801 3163 5849 est.
3196 5789 3347 5861 Atqui
3388 5798 3555 5843 eorum
3596 5789 3674 5831 nou
3706 5770 3787 5855 cf“:

2344 5896 2433 5969 qui
2492 5895 2743 5952 tenebant
2795 5891 3133 5954 vestimenta,
3174 5888 3275 5941 vim
3327 5878 3452 5953 pati,
3501 5871 3580 5928 sed
3628 5867 3709 5934 ejus
3739 5868 3789 5922 ’ξω
