3964 6502
255 323 352 379 471

256 438 387 499 Υἱὸς
417 438 510 493 τοῦ
537 438 672 495 Θεοῦ
700 443 952 500 τοσοῦτον
973 447 1518 522 ἐταπεινοφρόνησεν,
1549 452 1649 506 οὑκ
1686 454 1838 509 ἐπαί-

252 538 411 591 ρεται
440 524 513 607 ’ό
548 524 604 578 δὲ
645 525 817 581 ταῦτα
855 526 929 600 μὴ
966 530 1140 595 είδὼς,
1176 533 1465 602 ἐπαίρεται
1487 554 1502 567 ⁸
1534 537 1670 607 πρὸς
1704 538 1840 592 ἀπό-

249 606 536 691 νοιαν-γάρ
562 607 773 679 ἀλείφει
806 613 839 681 ἡ
873 614 1241 685 ὑπερηφανία.
1281 618 1418 671 Εἰπέ
1447 621 1557 691 γάρ
1583 606 1708 691 μοι,
1744 622 1841 676 πό-

248 687 347 739 θεν
373 683 520 742 οὗτοι
549 692 600 743 οἰ
627 694 727 763 τὴν
755 683 1082 765 Ἐκκλησίαν
1114 683 1478 770 πολεμοῦντι-ξς
1503 683 1668 771 φασιν
1694 683 1837 758 ἐἰδέ-

244 773 631 859 ναιτὸνῌΘεόν;
666 777 920 859 οὑχίῌάπδ
951 781 1210 846 ἀπονοίας
1234 801 1249 849 ;
1294 785 1425 839 Ἰδοὺ
1448 787 1511 839 τὸ
1536 788 1611 859 μὴ
1639 789 1837 842 εἰδέναι

242 856 341 907 τόν
378 855 603 927 Κύριον,
652 861 733 923 είς
766 855 878 914 οἷον
928 864 1176 935 κρημνὸν
1231 868 1429 931 αὑτοὺς
1463 855 1737 925 ἐνέϐαλεν.
1776 874 1837 927 Εἰ

242 938 359 1007 γάρ
382 940 599 1010 πνεῦμα
617 948 1081 1017 συντετριμμένον
1104 948 1133 998 ὁ
1164 950 1297 1014 Θεὸς
1328 952 1494 1020 φιλεῖ,
1523 955 1588 1008 ἐκ
1612 958 1834 1010 τούναν-

241 1024 364 1075 τίου
399 1024 771 1096 ὑπερηφάνοις
788 1030 1191 1097 ἀντιτάσσεται,
1219 1035 1315 1087 καὶ
1355 1042 1635 1102 ταπεινοῖς
1654 1039 1837 1094 δίδωσι

241 1106 634 1193 χάρινηυὺδὲν
663 1106 756 1163 οὖν
795 1112 1176 1184 ὑπερηφανίας
1218 1117 1332 1171 ἴσον
1358 1119 1561 1173 κακόν’
1606 1121 1836 1193 δαίμονα

239 1192 336 1242 τὶν
368 1190 653 1278 ἄνθρωπον
695 1196 1090 1267 ἀπεργάζεται,
1150 1199 1432 1272 ὑϐριστὴν,
1490 1190 1833 1278 βλάσφημον,

239 1278 524 1348 ἐπίορκον,
545 1277 791 1362 θανάτων
815 1283 958 1334 ποιεῖ
984 1282 1079 1335 καὶ
1102 1282 1278 1351 φόνων
1297 1286 1563 1355 ἐφίεσθαι.
1589 1289 1650 1343 '0
1667 1291 1837 1362 ὑπερ-

238 1361 453 1430 ήφανος
484 1360 572 1413 ἀεὶ
603 1361 801 1427 λύπαις
842 1362 999 1435 συζῇ,
1028 1365 1116 1418 ἀεὶ
1167 1367 1491 1436 ἀγανακτεῖ,
1518 1371 1607 1425 ἀεὶ
1639 1360 1832 1428 ἀλύει·

235 1444 397 1497 οὐδέν
426 1445 594 1509 ἐστιν,
622 1444 650 1498 ὃ
695 1446 757 1499 τὸ
784 1447 958 1512 πάθος
987 1448 1153 1503 αὑτοῦ
1190 1452 1414 1523 κορέσαι
1441 1452 1666 1508 δύναται
1690 1473 1705 1487 ·
1732 1457 1835 1513 κᾶν

234 1527 331 1579 τὸν
362 1526 587 1592 βασιλέα
615 1528 701 1601 ῖδῃ
737 1530 1119 1586 ὑποκύπτοντα
1146 1534 1239 1586 καὶ
1276 1538 1704 1609 προσκυνοῦντα,
1734 1543 1834 1596 οὑκ

235 1610 395 1683 [515]
424 1613 712 1685 ἐκορέσθη,
745 1616 885 1672 ἀλλά
931 1617 1134 1686 μᾶλλον
1157 1618 1391 1694 ἐξήφθη.
1418 1625 1689 1698 Καθάπερ
1723 1628 1833 1699 γάρ

232 1704 286 1755 οἱ
349 1703 686 1774 φιλάργυροι
728 1701 854 1753 ὅσον
901 1701 967 1755 ἂν
1006 1704 1236 1773 λάϐωσι,
1270 1709 1526 1763 τοσοῦτον
1569 1710 1832 1765 πλειόνων

231 1786 455 1839 δέονται
478 1802 490 1815 ·
527 1782 669 1838 οὑτω
694 1785 789 1838 καὶ
812 1786 862 1838 οἰ
884 1787 1329 1863 ἀπονενοημένοι,
1353 1794 1487 1864 ὅσης
1506 1792 1574 1846 ἂν
1592 1794 1833 1848 ἀπολαὺ-

233 1888 378 1923 σωσι
414 1870 600 1940 τιμῆς,
631 1869 869 1941 τοσούτῳ
907 1872 1153 1939 πλείονος
1182 1877 1548 1947 ἐπιθυμοῦσιν
1567 1895 1582 1910 ο
1608 1879 1831 1945 αὔξεται

230 1956 347 2025 γάρ
373 1956 558 2037 αὑτοῖς
589 1955 650 2008 τὸ
673 1955 845 2019 πάθος
870 1958 1065 2027 (πάθος
1095 1962 1204 2033 γάρ
1233 1962 1397 2031 ἐστι),
1426 1964 1599 2028 πάθος
1617 1966 1675 2019 δὲ
1704 1967 1830 2037 ὅρον

227 2039 341 2091 οὑκ
388 2034 548 2103 οἶδεν,
582 2039 718 2093 ἀλλά
768 2041 891 2093 τότε
928 2042 1165 2108 ἵσταται,
1212 2046 1341 2102 ὅταν
1387 2048 1683 2121 ἀποκτείνῃ
1736 2052 1829 2105 τὸν

228 2123 453 2193 ἔχοντα.
487 2124 598 2193 Οὑχ
631 2126 765 2195 ὁρᾷς
797 2126 925 2189 τοὺς
982 2129 1305 2198 μεθύοντας,
1348 2133 1431 2186 ὅτι
1470 2134 1558 2187 ἀεὶ
1596 2134 1825 2205 διψῶσις

227 2207 415 2270 πάθος
439 2208 547 2278 γάρ
572 2210 745 2265 ἐστιν.
768 2209 828 2262 οὑ
866 2210 1081 2280 φύσεως
1104 2214 1395 2285 ἐπιθυμία,
1420 2217 1720 2282 ἀλλάνόσος
1742 2236 1828 2283 τις

224 2286 667 2361 διεστραμμένη.
715 2294 828 2363 Οὑχ
850 2293 987 2365 ὁρᾷς
1012 2295 1107 2360 οὓς
1140 2297 1367 2352 καλοῦσι
1398 2298 1825 2371 βουλιμιῶντας,

223 2372 317 2425 ὅτι
353 2374 443 2426 ἀεὶ
471 2376 736 2443 πεινῶσι;
775 2376 944 2440 πάθος
969 2381 1076 2451 γάρ
1098 2382 1268 2449 ἐστιν,
1296 2381 1372 2446 ὦς
1407 2401 1575 2452 φασιν
1625 2386 1826 2459 ἰατρῶν

222 2457 451 2521 παῖδες,
484 2458 701 2524 ἐξελθὸν
743 2459 846 2530 ἤδη
875 2462 973 2531 τῆς
1022 2462 1239 2531 φύσεως
1278 2468 1406 2529 τοὺς
1457 2468 1637 2538 ὅρους.
1670 2457 1826 2523 Οῦτω

222 2541 332 2594 καὶ
354 2542 403 2592 οἰ
432 2541 886 2613 πολυπράγμονες
899 2545 995 2598 καὶ
1017 2547 1321 2619 περίεργοι,
1343 2550 1443 2603 ὃσα
1462 2551 1528 2604 ἂν
1556 2552 1822 2622 μάθωσιν,

223 2625 338 2693 οὑχ
364 2624 614 2679 ἵστανται
634 2642 647 2656 ⁸
684 2626 857 2691 πάθος
883 2630 989 2700 γάρ
1029 2632 1165 2697 ἐστι,
1190 2635 1284 2686 καὶ
1315 2635 1441 2706 ὅρον
1467 2636 1567 2689 οὐκ
1593 2636 1727 2707 ἔχει.
1760 2639 1824 2692 Οί

220 2710 516 2779 πορνείαις
548 2710 832 2782 χαίροντες
859 2713 1042 2779 πάλιν,
1077 2718 1199 2771 οὑδέ
1218 2720 1374 2773 αὑτοὶ
1394 2721 1640 2775 ἵστανται
1657 2724 1675 2792 (
1692 2723 1823 2777 Ἀν-

220 2792 445 2882 θρῴπῳ
473 2797 621 2882 γὰρ,
643 2797 800 2866 φησὶ,
826 2801 1028 2868 πόρνῳ
1063 2799 1183 2868 πᾶς
1209 2803 1388 2872 ἄρτος
1421 2805 1575 2874 ἡδύς
1599 2820 1614 2834 ⁸
1649 2808 1710 2860 οὑ
1746 2810 1821 2882 μὴ

220 2878 534 2946 παύσηται,
598 2878 705 2938 ἓως
749 2883 818 2934 ἂν
869 2886 1180 2957 καταποθῇ)
1212 2904 1226 2918 ·
1281 2888 1455 2953 πάθος
1500 2891 1611 2962 γάρ
1649 2878 1815 2948 ἐστιν.

232 2958 407 3016 Ἀλλὰ
434 2960 579 3034 πάθη
612 2964 711 3035 μέν
733 2966 849 3018 ἐστι
894 2966 1087 3032 ταῦτα,
1123 2971 1183 3024 οὑ
1218 2971 1400 3041 μέντοι
1429 2958 1643 3040 ἀνίατα,
1682 2976 1820 3031 ἀλλά

219 3045 425 3114 ἔχοντα
450 3046 615 3113 ῖασιν,
642 3050 735 3101 καὶ
756 3050 937 3122 πολλῷ
976 3053 1198 3123 μᾶλλον,
1231 3056 1263 3126 ἢ
1289 3058 1358 3110 τά
1388 3059 1677 3129 σωματικά
1694 3075 1707 3090 ·
1752 3062 1819 3114 ἂν

219 3138 349 3201 γάρ
382 3132 647 3205 θέλωμεν,
681 3136 960 3208 δυνάμεθα
993 3141 1134 3194 αὑτά
1159 3142 1371 3199 σδέσαι.
1398 3146 1522 3209 Πῶς
1553 3143 1646 3201 οῦν
1672 3151 1820 3201 ἐστιν

220 3214 491 3299 ἀπόνοιαν
538 3216 768 3283 σϐέσαις
805 3218 911 3272 Τὸν
954 3220 1087 3274 Θεὸν
1118 3224 1428 3292 ἐπιγνόντα.
1471 3228 1533 3279 Et
1573 3228 1683 3299 γὰρ
1711 3229 1820 3281 ἀπὺ

218 3296 328 3349 τοῦ
474 3299 677 3353 εἰδέναι
704 3300 797 3354 τὸν
822 3302 954 3356 Θεὸν
982 3304 1215 3373 γίνεται,
1249 3308 1345 3361 ἐὰν
1392 3296 1610 3382 γνῶμεν
1632 3296 1816 3378 αὑτὸν,

217 3381 593 3437 ἀπελαύνεται
623 3387 771 3439 πάσα
809 3387 1056 3444 ἀπόνοια.
1103 3391 1388 3463 Ἐννόησον
1426 3381 1524 3466 τὴν
1571 3396 1816 3465 γέενναν,

218 3465 482 3534 ἐννόησον
515 3469 641 3530 τοὺς
705 3468 885 3541 πολλῷ
920 3471 1160 3542 βελτίους
1203 3493 1322 3542 σου,
1371 3465 1623 3549 ἐννόησον
1680 3482 1819 3534 ὅσων

215 3548 463 3615 ὀφείλεις
490 3550 569 3622 τῷ
595 3552 714 3623 Θεῷ
743 3554 900 3619 δίκας
924 3572 939 3586 ’
983 3557 1051 3611 ἂν
1080 3557 1254 3613 ταῦτα
1294 3548 1575 3636 ἐννοήσῃς,
1607 3566 1819 3635 ταχέως

219 3630 575 3699 συνέστειλας
620 3636 720 3708 τὴν
778 3638 1040 3705 διάνοιαν,
1115 3645 1329 3713 ταχέως
1393 3630 1565 3718 αὑτὴν
1639 3647 1815 3720 ἔκαμ-

215 3715 359 3784 ψας.

315 3802 457 3855 Ἀλλ’
483 3804 543 3857 οὑ
582 3803 1001 3863 δύνασαιταῦτα
1021 3809 1286 3880 ποιῆσαις
1318 3812 1709 3891 ἀσθενέστερος
1735 3815 1813 3886 εἷς

233 3884 523 3972 Ἐννόησον
541 3886 610 3940 τά
640 3890 909 3960 παρόντα,
941 3893 1110 3963 αὐτὴν
1140 3895 1240 3967 τὴν
1262 3884 1813 3972 ἀνθρωπίνηνφύσιν,

216 3969 362 4060 πῶς
378 3970 531 4025 οὐδὲν
567 3972 875 4060 ἄνθρωπος.
903 3977 1072 4032 Ὅταν
1112 3979 1228 4053 ῖδῃς
1256 3984 1449 4053 νεκρὸν
1496 3969 1582 4039 ἐπζ
1610 3969 1816 4060 ἀγορᾶς

215 4054 549 4125 φερόμενον,
609 4059 801 4121 παῖδας
832 4062 1100 4132 ὀρφανοὺς
1128 4067 1578 4137 ἀκολουθοῦντας,
1636 4054 1815 4146 χήραν

213 4143 460 4206 γυναῖκα
477 4146 981 4219 κατακοπτομένην,
998 4149 1215 4215 οἰκέτας
1226 4152 1608 4226 ὀδυρομένους,
1625 4143 1812 4228 φίλους

213 4225 633 4294 κατηφιῶντας,
680 4227 894 4298 λόγισαι
930 4232 991 4285 τὸ
1032 4225 1332 4306 οὑδαμινὸν
1369 4239 1473 4293 τῶν
1523 4225 1813 4313 παρόντων

228 4451 1584 4483 ——__..______________

1146 331 1205 391 IN
1241 334 1459 392 EPIST.
1502 337 1547 393 ll
1578 336 1668 391 ΔΙ)
1706 335 2042 393 THESSAL.
2083 339 2237 398 CAP.
2279 342 2321 400 Ι.
2383 344 2617 404 HOMIL.
2651 346 2714 405 II.

3428 343 3531 400 479.

1945 459 2311 529 πραγμάτων,
2335 463 2432 517 καὶ
2463 465 2548 517 ὅτι
2575 467 2733 529 σκιᾶς
2775 463 2871 518 καὶ
2900 460 3199 534 ὀνειράτων
3249 458 3405 515 οὑδέν
3443 462 3526 515 δι-

1943 540 2215 613 ενήνοχεν.
2236 544 2376 597 Ἀλλ’
2406 547 2467 599 οὑ
2498 547 2679 617 βούλει
2709 546 2904 613 τοῦτο;
2938 544 3223 616 Ἐννόησον
3244 546 3370 608 τοὺς
3387 545 3532 599 πάνυ

1944 622 2327 690 πλουτοῦντας,
2352 629 2479 691 τοὺς
2500 631 2559 681 ἐν
2582 629 2841 700 πολέμοις
2863 628 3274 700 ἀπολλυμένους
3312 626 3531 689 ἀπλῶςυ

1939 704 2037 769 τὰς
2062 707 2240 771 οἰκίας
2261 710 2589 780 περισκόπει
2614 712 2714 775 τάς
2749 711 2860 765 τῶν
2894 713 3149 782 μεγάλων
3173 711 3269 765 καὶ
3299 728 3536 780 περιφα-

1905 789 2067 873 ,νῶν,
2119 794 2214 845 καὶ
2246 793 2343 846 νῦν
2398 795 2481 858 είς
2534 796 2731 866 ἔδαφος
2790 795 3241 868 κατενεχθείσας·
3279 796 3534 864 ἐννόησον

1939 874 2083 927 πόσα
2114 874 2357 945 ἴσχυσαν,
2386 878 2480 930 καὶ
2527 877 2622 931 νῦν
2666 880 2791 932 οὑδέ
2825 882 3013 952 μνήμη
3045 880 3225 933 αὑτῶν
3253 878 3534 931 ὑπολέλει-

1940 974 2092 1011 πται.
2117 959 2520 1033 Καθ¹ἐκάστην
2548 962 2658 1035 γάρ
2675 963 2911 1035 ἡμέραν,
2941 967 2991 1019 εἰ
3020 966 3222 1035 βούλει,
3256 965 3533 1035 εὑρίσκεις

1937 1041 2143 1097 τούτων
2174 1044 2558 1114 ὑποδείγματα
2581 1063 2596 1078 ο
2632 1047 2884 1118 διαδοχάς
2907 1049 3207 1120 ἀρχόντων,
3237 1047 3533 1120 δημεύσεις

1938 1126 2335 1185 πλουτούντων.
2381 1129 2609 1186 Πολλοί
2635 1132 2919 1200 τύραννοι
2946 1131 3242 1187 ἐκάθισαν
3275 1134 3369 1186 ἐπ’
3396 1131 3534 1186 ἐδάι-

1936 1228 2113 1279 ςρους,
2138 1214 2172 1265 ό
2200 1211 2270 1266 δὲ
2302 1214 2723 1283 ἀνυπονόητος
2748 1216 3008 1285 ἑφόρεσε
3032 1215 3313 1287 διάδημα.
3345 1216 3531 1271 Ταῦτα

1935 1295 2059 1365 οὐχὶ
2090 1295 2212 1349 καθ’
2237 1297 2478 1369 ἑκάστην
2517 1296 2734 1370 ἡμέραν
2767 1299 3007 1367 γίνεται;
3049 1300 3171 1371 οὑχ).
3202 1300 3381 1373 τροχῷ
3419 1300 3530 1353 τινὶ

1934 1378 2003 1432 τά
2026 1378 2272 1451 ἡμέτερα
2291 1379 2500 1448 ἐοικεν;
2545 1380 2868 1450 Ἀνάγνωθι,
2894 1385 2943 1436 εί
2977 1382 3176 1454 βούλει,
3196 1383 3293 1436 καὶ
3307 1386 3377 1437 τά
3394 1382 3526 1455 παρ’

1935 1462 2086 1530 ἡμῖν,
2106 1463 2281 1517 καὶτὰ
2305 1463 2506 1530 ἔξωθεν
2532 1462 2775 1537 (καὶγὰρ
2804 1468 2899 1519 καὶ
2925 1468 3109 1521 ἐκεῖνα
3136 1467 3298 1537 γέμει
3320 1466 3528 1520 τούτων

1933 1544 2042 1598 τῶν
2072 1548 2580 1621 παραδειγμάτων),
2632 1551 2681 1603 εί
2714 1550 2824 1603 τῶν
2851 1551 3137 1623 ἡμετέρων
3163 1554 3526 1622 καταφρονεῖς

1932 1629 1994 1693 ἐξ
2025 1630 2256 1694 ἀπονίας
2281 1648 2296 1660 ·
2346 1634 2395 1685 εἰ
2448 1632 2519 1686 τά
2550 1633 2659 1687 τῶν
2709 1636 3015 1705 φιλοσόφων
3054 1635 3375 1707 θαυμάζεις,
3422 1635 3527 1689 κᾶν

1934 1713 2144 1779 τούτοις
2170 1715 2390 1785 πρόσιθι
2417 1732 2429 1745 ·
2468 1718 2669 1771 ἐκεῖνοί
2699 1735 2757 1771 σε
2780 1717 3072 1786 διδάξουσι,
3105 1720 3391 1791 συμφοράς
3417 1737 3525 1773 πα-

1933 1796 2091 1861 λαιάς
2135 1797 2504 1869 διηγούμενοι,
2556 1802 2649 1854 καὶ
2692 1804 2938 1873 ποιηταὶ,
2990 1806 3086 1858 καὶ
3130 1805 3381 1876 ῥήτορες,
3431 1804 3525 1858 καὶ

1932 1883 2208 1950 σοφισταὶ,
2222 1884 2315 1935 καὶ
2330 1882 2663 1955 λογογράφοι
2684 1887 2906 1951 πάντες.
2937 1888 3207 1942 Πάντοθεν
3220 1888 3521 1960 εὑρίσκεις,

1929 1966 1978 2018 εἰ
2007 1964 2210 2035 βούλει,
2232 1967 2297 2020 τά
2318 1967 2714 2041 ὑποδείγματα.
2748 1972 2886 2025 Εἰδέ
2916 1973 3081 2044 μηδὲν
3098 1972 3305 2027 τούτων
3321 1972 3518 2037 θέλεις.

1929 2050 2102 2121 αὑτὴν
2120 2050 2441 2119 ἀναλὸγισαι
2459 2053 2559 2123 τὴν
2584 2053 2746 2122 φύσιν
2761 2054 2861 2125 τὴν
2886 2056 3179 2128 ἡμετέραν,
3204 2056 3366 2110 πόθεν
3393 2074 3519 2109 συν-

1931 2134 2150 2203 έστηκε,
2181 2135 2277 2186 καί
2309 2135 2414 2187 ποῦ
2449 2136 2677 2209 τελευτᾷ
2700 2154 2714 2167 θ
2754 2138 3027 2210 ἐννόησον,
3066 2141 3196 2194 ὅταν
3228 2139 3515 2212 καθεύδῃς,

1928 2218 2072 2282 τίνος
2102 2218 2248 2282 ἄξιος
2279 2214 2331 2271 εἴ
2350 2236 2364 2249 ο
2393 2220 2513 2290 οὐχὶ
2541 2222 2636 2274 καὶ
2663 2221 2724 2274 τὸ
2756 2222 2952 2295 μικρόν
3000 2241 3061 2277 σε
3091 2223 3280 2296 θηρίον
3307 2224 3517 2278 ἀνελεῖν

1925 2299 2253 2372 δυνήσεται;
2286 2301 2511 2366 Πολλοῖς
2554 2304 2663 2375 γάρ
2702 2305 2964 2371 πολλάκις
3019 2306 3127 2361 ἀπὸ
3176 2306 3272 2360 τοῦ
3318 2308 3515 2378 ὀρόφου

1926 2384 2251 2454 κατενεχθὲν
2283 2386 2478 2456 μικρὸν
2520 2386 2761 2457 ζωύφιον
2789 2390 2822 2460 ἢ
2857 2390 2948 2442 τὸν
2977 2390 3255 2461 ὀφθαλμὸν
3289 2392 3514 2458 ἐξεῖλεν,

1929 2466 2079 2539 [514]
2106 2468 2139 2537 ἦ
2166 2468 2356 2538 ἐτέρου
2389 2469 2534 2533 τινὸς
2570 2470 2817 2526 κινδύνου
2855 2474 3028 2528 αίτιον
3078 2474 3289 2543 γέγονε.
3324 2476 3392 2530 Τί
3422 2477 3511 2543 δές

1924 2551 2280 2621 οὑχίγπάντων
2308 2552 2550 2606 ἐλάττων
2570 2549 2623 2607 εἰ
2635 2555 2742 2608 τῶν
2764 2555 2828 2627 θη
2839 2558 3001 2627 ρίων;
3048 2557 3210 2612 Ἀλλά
3234 2557 3287 2612 τί
3304 2558 3510 2629 λέγειςς

1924 2635 2007 2688 ὅτι
2035 2634 2179 2704 λόγῳ
2202 2638 2453 2706 κρατεῖς;
2487 2637 2626 2690 Ἀλλ’
2646 2639 2753 2692 ἰδοὺ
2776 2639 2932 2709 λόγον
2949 2653 2973 2681 ε·
2995 2642 3097 2695 οὑκ
3111 2642 3274 2713 ἔχεις·
3290 2642 3515 2711 ἀλογίας

1924 2718 2032 2790 γάρ
2064 2720 2098 2790 ἡ
2125 2719 2473 2790 ὑπερηφανία
2499 2722 2821 2793 τεκμήριον.
2859 2725 2980 2778 Ἐπὶ
3006 2726 3112 2779 τίνι
3132 2725 3189 2779 δὲ
3222 2727 3366 2797 μέγα
3384 2743 3514 2799 φρο-

1924 2807 2055 2868 νεῖς,
2085 2804 2206 2857 εἰπέ
2226 2821 2349 2875 μοι;
2374 2804 2513 2869 ὅλως
2531 2808 2624 2861 ἐπὶ
2650 2808 2831 2881 εὐεξίᾳ
2848 2808 3099 2881 σώματος
3118 2824 3134 2877 ;
3173 2812 3338 2866 Ἀλλά
3361 2814 3514 2883 παρά

1923 2891 2036 2952 τοῖς
2065 2888 2281 2958 ἀλόγοις
2313 2890 2381 2944 τά
2416 2893 2728 2963 νικητήρια.
2782 2893 2954 2948 Τοῦτο
2981 2896 3076 2949 καὶ
3112 2898 3265 2967 παρά
3288 2897 3513 2971 λῃσταῖς

1928 2976 2021 3027 καὶ
2048 2974 2396 3044 ἀνδροφόνοις
2419 2978 2514 3029 καὶ
2537 2978 2938 3051 τυμϐωρύχοις.
2979 2981 3121 3035 Ἀλλ’
3141 2984 3234 3035 ἐπὶ
3258 2984 3471 3037 συνέσει
3492 3002 3508 3049 ;

1937 3058 2075 3111 Ἀλλ’
2108 3058 2208 3111 οὑκ
2237 3058 2352 3112 ἐστι
2384 3059 2653 3125 συνέσεως
2677 3064 2740 3115 τὸ
2768 3065 2913 3134 μέγα
2941 3068 3160 3137 φρονεῖν
3177 3082 3191 3097 ⁸
3213 3067 3387 3140 τούτῳ
3409 3069 3512 3140 μὲν

1921 3141 2014 3198 οῦν
2037 3141 2239 3213 πρώτῳ
2270 3144 2468 3197 σαυτὸν
2496 3146 2824 3219 ἀποστερεῖς
2855 3150 2949 3203 τοῦ
2980 3152 3232 3219 γενέσθαι
3265 3155 3506 3219 συνετός.

1921 3222 2385 3293 Καταστείλωμεν
2408 3226 2564 3295 ἡμῶν
2596 3226 2664 3282 τά
2702 3231 3044 3301 φρονήματα,
3072 3232 3362 3303 γενώμεθα
3412 3236 3509 3306 μέ-

1921 3323 2063 3376 τριοι
2090 3306 2185 3359 καὶ
2218 3309 2465 3361 ταπεινοὶ
2488 3309 2591 3362 καὶ
2623 3311 2921 3377 ἐπιεικεῖςο
2950 3316 3077 3379 τοὺς
3096 3317 3368 3382 τοιούτους
3399 3319 3510 3391 γάρ

1921 3390 2030 3469 πρὸ
2068 3390 2287 3445 πάντων
2320 3391 2414 3444 καὶ
2439 3393 2469 3445 ό
2517 3394 2754 3465 Χριστὸς
2789 3398 3097 3469 ἐμακάρισε
3143 3399 3351 3469 λέγων·
3382 3390 3507 3457 Μαζ-

1921 3468 2114 3536 κάριοι
2139 3472 2193 3523 οἱ
2225 3469 2451 3538 πτωχοὶ
2485 3470 2565 3537 τῷ
2590 3475 2885 3544 πνεύματι
2905 3493 2919 3508 ο
2952 3468 3045 3531 καὶ
3074 3468 3236 3533 πάλιν
3259 3480 3389 3534 ἐϐόα
3417 3482 3508 3536 λέ·-

1920 3552 2053 3618 γῶν,
2094 3550 2325 3606 Μάθετε
2352 3552 2454 3607 ἀπ’
2474 3555 2625 3624 ἐμοῦ
2648 3556 2736 3610 ὅτι
2757 3558 2948 3626 πρᾶός
2961 3562 3081 3630 ειμι
3109 3562 3208 3615 καί
3225 3565 3509 3633 ταπεινὸς

1918 3633 1994 3702 τῇ
2023 3633 2265 3702 καρδίᾳ.
2311 3636 2412 3690 Διά
2441 3637 2734 3704 τοῦτοτοὺς
2752 3641 2918 3705 πόδας
2932 3642 3202 3713 ἔνιψετῶν
3225 3646 3505 3718 μαθητῶν,

1917 3718 2225 3800 ὑπόδειγμα
2237 3719 2497 3791 παρέχων
2516 3722 2619 3793 τῆς
2642 3727 3144 3800 ταπεινοφροσύνης
3170 3731 3325 3799 ἡμῖν.
3372 3730 3508 3784 ’Δπδ

1917 3799 2122 3855 τούτων
2169 3802 2429 3858 ἀπάντων
2492 3806 2750 3877 κερδᾶναι
2805 3799 3222 3883 σπουδάσωμεν,
3269 3814 3357 3866 ἵνα
3415 3813 3507 3867 δυ-

1918 3883 2172 3956 νηθῶμεν
2243 3888 2521 3958 ἐπιτυχεῖν
2593 3891 2704 3945 τῶν
2778 3893 3207 3966 ἐπηγγελμένων
3282 3896 3505 3967 ἀγαθῶν

1917 3969 2030 4030 τοῖς
2116 3968 2408 4037 ἀγαπῶσιν
2496 3972 2683 4039 αὑτὸν,
2764 3977 2948 4047 χάριτι
3029 3980 3126 4033 καὶ
3198 3980 3504 4052 φιλανθρωρ

1917 4050 2038 4122 πίᾳ.

1979 4261 2004 4289 ⁸
2035 4262 2118 4312 Sic
2141 4276 2255 4313 mss.
2281 4262 2413 4314 Εόὶιὶ
2441 4278 2559 4315 vero
2577 4267 2739 4329 λόγου,
2765 4271 2914 4319 male.

1586 4470 3489 4500 Ἦ

1689 4640 1932 4694 ΟΜΙΛΙΛ
1980 4642 2056 4697 B'.

208 4760 474 4852 Παῦλος
490 4763 585 4814 καί
626 4766 959 4852 ⁴ξίιλουιξνύς
984 4769 1417 4852 ,καίΔΤιμόᾷεος
1438 4776 1523 4852 τῇ
1555 4779 1800 4852 Ἐξκκλη-

286 4835 396 4934 (Lm
422 4836 927 4934 Iasg'o'alqw‘aféwr
955 4839 1041 4918 ,ἐν
1095 4835 1217 4927 Qad;
1276 4835 1660 4934 ζιαέρίτήμῶγ
1703 4835 1800 4934 κὰί

287 4904 731 4989 ιςυρίῳΛἹησοιῖ
756 4908 986 4989 Χριστῷ
1013 4926 1027 4941 ο
1052 4904 1227 4989 χάρὶς
1251 4904 1418 4989 λύμῖῦ
1446 4904 1549 4971 κάῖ
1586 4904 1799 4989 εἰρήνη

284 4974 437 5060 εὶςιό
478 4973 625 5054 Θεοῦ
676 4977 907 5045 Πατρός
954 4973 1266 5049 ἠμῶὶίκὶιί
1312 4973 1550 5057 ’Χοιρίου
1597 4973 1802 5060 Ἰἢσοῧ

285 5044 568 5114 Χριστοῦ.
798 5044 805 5045 ί
979 5044 1006 5049 ”
1410 5044 1429 5057 ’
1614 5044 1623 5045 ί
1646 5120 1651 5125 ἱ

290 5188 363 5235 α’.
391 5182 453 5235 Οἱ
484 5182 701 5249 πλείους
713 5182 820 5242 τῶν
843 5186 1143 5260 ἀνθρώπων
1154 5188 1371 5247 ἅπαντα
1389 5196 1685 5265 πράττουσι
1706 5201 1799 5254 καὶ

207 5266 593 5352 μηχανῶνται,
622 5268 763 5323 ὥστε
796 5270 892 5324 καὶ
914 5273 1069 5345 παρὰ
1099 5274 1327 5346 ἄρχουσι
1381 5283 1473 5331 καὶ
1499 5282 1652 5352 παρά
1685 5288 1798 5349 τοῖς

203 5349 399 5432 αὑτῶν
426 5350 636 5420 μείζοσι
677 5353 838 5423 χάριν
890 5355 1012 5407 τινά
1059 5360 1205 5426 σχεῖν
1224 5375 1237 5388 ·
1264 5361 1361 5413 καὶ
1389 5362 1530 5432 μέγα
1559 5349 1797 5421 τίθενται

203 5431 394 5497 τοῦτο,
436 5434 530 5486 καὶ
572 5435 876 5506 μακαρίους
923 5438 1152 5503 ἑαυτοὺς
1176 5437 1316 5496 εἶναι
1338 5445 1668 5515 νομίζουσιν,
1700 5452 1796 5504 ἐάν

202 5519 513 5589 ἐπιτύχωσι
545 5522 640 5575 τοῦ
660 5524 1116 5609 σπουδαζομένου.
1159 5529 1223 5583 Εἰ
1249 5531 1306 5584 δὲ
1332 5532 1393 5586 τὸ
1410 5533 1561 5604 παρά
1585 5537 1796 5609 ἀνθρώ-

204 5621 337 5665 ποις
377 5604 599 5673 χάριτος
632 5611 813 5690 τὶυχεζν
857 5608 1107 5665 τοσοῦτον
1158 5613 1320 5683 μέγα,
1362 5616 1423 5669 τὸ
1470 5620 1620 5690 παρά
1658 5604 1792 5677 Θεοῦ

202 5687 375 5757 χάριν
402 5674 1189 5773 εὑρεῖν-ξᾏῆοννᾷν.γένοιτο;
1225 5698 1325 5752 Διά
1348 5699 1505 5755 τοῦτο
1528 5704 1616 5757 ἀεὶ
1637 5706 1793 5760 τοῦτο

204 5769 504 5841 προτίθησι
544 5764 1195 5854 Δἐπιστολῆς,
1247 5782 1528 5838 καὶτοῦτο
1567 5788 1790 5862 ἐπεύχε-

1902 4801 2013 4849 ται,
2054 4783 2213 4849 εἰδὼς
2258 4785 2341 4840 ὅτι
2388 4785 2454 4839 ἂν
2494 4782 2652 4841 τοῦτο
2678 4783 2736 4862 ᾖ,
2778 4790 2932 4845 οὐδὲν
2961 4792 3116 4847 ἐσται
3149 4795 3335 4854 λοιπὸν
3379 4803 3491 4860 τῶν

1903 4868 2164 4954 ἀνιαρῶν,
2217 4870 2332 4954 ἀλλ’
2360 4871 2461 4924 ὅσα
2493 4870 2567 4954 ἂν
2664 4872 2922 4943 δυσχερῆ,
2958 4878 3137 4932 πάντα
3166 4878 3482 4954 λυθήσεται.

1903 4949 2013 5041 Κα),
2041 4952 2125 5006 ἵνα
2159 4952 2387 5041 μάθητε,
2417 4956 2446 5007 ὁ
2488 4953 2684 5041 Ἰωσὴφ
2717 4955 2903 5041 δοῦλος
2936 4954 3024 5033 ἦν,
3066 4963 3208 5030 νέος,
3238 4949 3486 5041 ἄπειρος,

1902 5034 2196 5120 ἄπλαστος,
2220 5037 2312 5089 καί
2334 5038 2672 5110 ἐνεχειρίσθη
2708 5039 2904 5110 ἀθρόον
2923 5044 3103 5109 οίκίας
3127 5034 3485 5120 προστασίαν,

1902 5122 1994 5201 καὶ
2026 5119 2179 5191 ἀνδρὶ
2205 5121 2488 5193 Αἰγυπτίῳ
2516 5125 2789 5195 παρεῖχεν,
2814 5126 3063 5193 εὐθύνας.
3109 5131 3251 5185 Ἵστε
3282 5134 3341 5187 δέ
3370 5153 3489 5201 πως

1901 5195 2194 5277 ἀκρόχολον
2223 5209 2397 5262 ἐκεῖνο
2435 5210 2494 5262 τὸ
2518 5209 2669 5275 ἔθνος
2707 5214 2801 5266 καὶ
2837 5214 3192 5283 ἀσύγγωστον
3217 5235 3233 5251 °
3259 5221 3389 5276 ὅταν
3429 5195 3487 5280 δέ

1902 5293 1995 5345 καὶ
2026 5292 2168 5363 ἀρχὴ
2197 5296 2371 5364 προσῇ
2392 5296 2485 5348 καὶ
2501 5293 2737 5361 ἐξουσία,
2773 5298 2977 5367 μείζων
3000 5300 3029 5352 ό
3054 5300 3225 5379 θυμὸς
3250 5305 3357 5359 ὑπὸ
3382 5308 3486 5379 τῆς

1899 5374 2147 5442 ἐξουσίας
2188 5376 2490 5446 αἰρόμενος.
2536 5378 2707 5448 Δῆλον
2734 5378 2791 5432 δὲ
2821 5381 2982 5435 τοῦτο
3009 5384 3103 5437 καὶ
3139 5378 3199 5451 ἓξ
3227 5380 3303 5442 ὧν
3343 5374 3485 5460 μετ-ἀ

1896 5460 2074 5516 ταῦτα
2106 5460 2352 5548 ἐποίησε.
2414 5460 2527 5533 Τῆς
2557 5462 2999 5548 γάρῌδεσποίνης
3042 5474 3481 5548 κατηγορούσης.

1898 5546 2171 5616 ἡνείχετο·
2201 5545 2379 5599 καίτοι
2420 5563 2485 5614 γε
2538 5547 2598 5600 οὑ
2633 5546 2743 5599 τῶν
2777 5548 2847 5601 τά
2900 5550 3090 5619 ἰμάτια
3134 5545 3483 5628 κατεχόντων

1894 5624 1963 5701 ἦν
1990 5630 2053 5683 τὸ
2077 5629 2379 5718 amem},
2412 5629 2550 5718 ἀλλά
2574 5630 2667 5684 τοῦ
2691 5632 3112 5705 άποδεδυμένου.
3152 5624 3347 5715 Ἐχρῆν
3371 5645 3481 5718 γὰρ

1895 5715 2090 5777 εἰπεῖν,
2122 5713 2203 5766 ὅτι
2231 5715 2280 5767 εί
2322 5708 2455 5785 ἧρες
2502 5713 2599 5783 τὴν
2639 5718 2822 5785 φωνήν
2875 5734 2989 5781 σου,
3031 5721 3233 5793 ἔφυγεν
3264 5727 3351 5791 ἂν,
3387 5733 3482 5784 καὶ

1894 5798 1940 5849 εί
1996 5796 2208 5868 συνῄδει
2262 5795 2474 5868 ἑαυτῷ,
2525 5799 2623 5856 οὑκ
2674 5798 2739 5853 ἂν
2781 5801 3094 5872 περιέμεινε
3139 5809 3233 5863 τοῦ
3284 5812 3479 5867 δεσπό-
