3834 6514
186 472 286 528 Ηό

183 592 355 645 fuerat
391 586 666 657 spoliatus.
700 582 992 655 Oportebat
1029 583 1170 637 enim
1214 580 1423 647 dicere,
1467 579 1524 635 Si
1564 592 1750 633 vocem

180 695 321 738 tuatn
349 678 674 743 sustulisses,
703 676 956 749 fugisset;
982 684 1037 729 et
1072 676 1117 728 si
1148 673 1252 729 sibi
1279 674 1463 727 fuisset
1487 671 1750 733 conscius,

176 791 283 829 non
312 779 675 842 exspectasset
702 768 985 824 adventum
1012 766 1233 821 domini.
1265 764 1371 821 Sed
1404 774 1578 819 tamen
1625 762 1755 816 nihil

179 865 445 936 ejusmodi
476 864 554 920 illi
581 863 725 919 venit
766 864 819 917 in
847 873 1101 926 mentem,
1130 861 1224 915 sed
1266 875 1385 914 cum
1427 858 1628 927 absque
1666 872 1753 910 ra-

174 964 319 1016 tione
349 961 441 1014 ira:
470 966 638 1013 totum
670 955 1033 1028 permisisset,
1062 953 1293 1019 conjecit
1332 966 1452 1006 eum
1482 949 1535 1005 in
1574 962 1754 1003 carce-

125 1020 323 1118 (rem;
354 1050 489 1105 adeo
505 1057 621 1104 erat
639 1046 1079 1102 inconsideratus.
1106 1043 1259 1112 Atqui
1279 1048 1485 1111 poterat
1505 1039 1662 1095 etiam
1686 1052 1750 1092 ex

149 1136 293 1199 laliis
313 1143 382 1198 de
403 1141 503 1197 viri
523 1138 895 1195 benevolentia
912 1146 964 1190 et
982 1134 1259 1206 prudentia
1279 1133 1457 1187 facere
1478 1131 1752 1202 conjectu-

170 1252 325 1300 ram;
350 1232 445 1289 sed
475 1243 671 1298 tamen,
704 1229 953 1300 quoniam
990 1226 1144 1281 valde
1172 1238 1333 1293 egens
1363 1233 1478 1277 erat
1502 1219 1747 1305 ratiopis,

170 1329 308 1383 nihil
334 1324 597 1397 ejusmodi
626 1321 1004 1380 consideravit.
1037 1318 1135 1386 Qui
1165 1331 1294 1388 ergo
1317 1323 1371 1371 et
1392 1314 1529 1368 adeo
1550 1315 1749 1381 impro-

168 1424 299 1478 bum
326 1419 555 1476 habebat
600 1416 897 1480 dominum,
924 1424 976 1468 et
1005 1416 1087 1466 cui
1141 1410 1314 1465 fuerat
1346 1407 1548 1463 credita
1593 1407 1753 1460 totius

166 1514 364 1568 domus
390 1508 803 1572 administratio,
846 1513 901 1560 et
941 1512 1056 1559 erat
1098 1502 1293 1571 haSpcs
1320 1509 1372 1555 et
1410 1499 1653 1553 desertus
1699 1507 1752 1551 et

164 1605 473 1677 imperitus,
521 1611 799 1673 postquam
853 1596 1258 1682 Deus‘multam
1305 1593 1357 1646 in
1398 1605 1518 1645 eum
1568 1587 1752 1645 eﬁ‘udit

165 1697 396 1769 gratiam
423 1737 436 1758 .
469 1693 621 1766 quasi
674 1690 804 1745 nihil
833 1680 1403 1753 essent'tentationesl,
1457 1682 1528 1735 ita
1573 1680 1750 1735 omnia

170 1790 481 1862 pertransit,
508 1796 562 1842 et
591 1783 821 1839 domina:
847 1778 1191 1844 calumniam,
1232 1784 1287 1831 et
1314 1773 1503 1829 mortis
1533 1773 1748 1843 pericu-

170 1886 307 1947 lum,
338 1891 389 1939 et
412 1892 707 1942 carcerem,
740 1884 795 1930 et
821 1883 1092 1944 postremo
1120 1867 1268 1923 venit
1291 1865 1360 1921 ad
1386 1864 1638 1920 thronum
1666 1878 1751 1918 re-

163 1978 364 2047 galem.
387 1972 531 2027 Vidit
555 1985 681 2041 ergo
708 1967 796 2023 hic
819 1967 1007 2022 beatus
1031 1969 1227 2033 quanta
1259 1966 1404 2016 esset
1432 1956 1523 2012 Dei
1544 1956 1744 2027 gratia;

155 2078 223 2123 et
262 2074 542 2137 pr0pterea
589 2076 707 2117 eam
766 2059 895 2129 ipsis
944 2062 1279 2125 apprecatur.
1327 2049 1486 2106 Aliud
1536 2062 1749 2118 quoque

158 2160 364 2215 struit:
390 2157 575 2211 volens
600 2154 741 2209 enim
769 2166 863 2206 eos
890 2148 1112 2204 reddere
1139 2143 1426 2201 benevolos
1449 2141 1516 2196 ad
1542 2156 1604 2195 ea
1628 2155 1746 2211 qua:

155 2251 446 2307 scribenda
475 2247 707 2305 erantin
738 2243 984 2315 epistola,
1016 2252 1075 2295 ut
1117 2242 1162 2296 si
1210 2254 1303 2294 eos
1349 2246 1403 2293 et
1449 2236 1744 2307 reprehen~

154 2347 257 2401 dat
280 2358 332 2398 et
357 2346 611 2412 increpet,
643 2354 745 2393 non
783 2336 1059 2392 rcsiliant:
1092 2340 1372 2403 propterea
1416 2340 1539 2383 ante
1566 2328 1742 2383 omnia

152 2454 260 2493 eos
312 2437 557 2490 admouet
598 2432 780 2503 gratiae
811 2429 941 2494 Dei,
969 2443 1064 2482 cor
1110 2440 1295 2480 eorum
1346 2424 1585 2484 leniens.
1614 2432 1671 2476 ut
1700 2424 1743 2477 si

151 2532 234 2585 sit
274 2527 512 2591 afﬂictio,
544 2522 888 2580 recordantes
915 2519 1099 2591 gratia:
1124 2532 1227 2588 qua
1272 2516 1483 2571 fuerunt
1528 2529 1745 2571 conser-

149 2621 271 2676 vati
296 2638 326 2674 a
354 2617 664 2689 majoribus,
693 2616 745 2668 in
774 2611 1068 2668 minoribus
1097 2608 1332 2664 animum
1366 2623 1469 2662 non
1510 2607 1742 2676 despon-

149 2717 349 2778 deant,
376 2712 468 2767 sed
500 2710 643 2765 illinc
664 2707 896 2762 habeant
921 2702 1345 2760 consolationem
1372 2719 1385 2755 :
1416 2701 1555 2755 sicut
1582 2698 1740 2754 etiam

146 2806 291 2860 alibi
333 2802 572 2858 scribens
599 2798 848 2854 dicebat:
881 2794 942 2850 Si
969 2794 1101 2849 enim
1124 2810 1239 2846 cum
1260 2791 1453 2845 inimici
1488 2806 1704 2845 essemus
1726 2831 1739 2851 .

146 2896 473 2953 reconciliati
500 2910 675 2948 sumus
702 2892 811 2945 Deo
849 2906 939 2960 per
973 2897 1182 2942 mortem
1224 2884 1348 2940 Filii
1396 2887 1539 2956 ejus,
1583 2883 1742 2936 multo

153 2992 335 3061 stragis
359 2984 668 3042 reconciliati
697 2983 823 3037 salvi
845 2982 1029 3035 erimus
1058 2979 1113 3033 in
1151 2979 1253 3031 vita
1284 2977 1446 3047 ipsius
1469 2974 1644 3047 (Rom.
1687 2975 1740 3029 5.

145 3086 281 3153 10).
316 3081 491 3137 Gratia
520 3080 676 3141 vobis,
708 3076 901 3145 inquit,
933 3084 977 3128 et
1005 3088 1109 3141 pax
1130 3069 1284 3125 aDeo
1314 3068 1474 3123 Patre
1503 3077 1673 3121 nostra
1694 3078 1741 3120 et

146 3174 387 3229 Domino
409 3173 530 3226 Jesu
556 3171 775 3225 Christo.
807 3169 860 3223 '5.
894 3164 1096 3220 Gratias
1116 3180 1267 3234 agere
1293 3162 1529 3216 debemus
1547 3177 1743 3230 semper

149 3266 280 3319 Deo
305 3281 394 3335 pro
412 3264 569 3327 vobis,
597 3263 801 3330 fratres,
831 3259 900 3311 ita
928 3266 983 3310 ut
1012 3256 1217 3325 dignum
1252 3262 1345 3308 est.
1372 3250 1504 3306 Vide
1532 3250 1745 3305 humili-

146 3358 291 3415 tatis
322 3353 737 3424 magnitudinem
768 3367 781 3403 :
814 3365 935 3404 cum
964 3347 1205 3411 dixisset,
1242 3343 1442 3399 Gratias
1474 3360 1626 3413 agere
1655 3342 1742 3396 de-

72 3434 79 3435 ,
143 3451 370 3513 bemus,
418 3446 522 3500 illis
564 3440 920 3513 reputantium
967 3448 1022 3494 et
1070 3436 1409 3507 cogitandum
1450 3433 1741 3504 relinquit,

140 3538 306 3611 quod
332 3539 376 3592 si
403 3537 491 3590 alii
523 3550 619 3605 pro
649 3534 714 3589 iis
742 3549 865 3603 qua:
888 3548 917 3586 a
950 3532 1099 3585 vobis
1123 3539 1268 3584 recte
1288 3538 1435 3598 gesta
1465 3538 1607 3592 sunt,
1636 3542 1742 3580 non

138 3649 258 3688 vos
310 3631 537 3700 primunt
568 3628 919 3688 admirantur,
968 3624 1062 3679 sed
1106 3624 1312 3687 Deum;
1362 3621 1530 3676 multo
1576 3622 1744 3691 magis

140 3740 259 3780 nos
282 3730 545 3793 oporteat.
581 3718 833 3790 Alioquin
861 3714 1037 3771 autem
1078 3731 1263 3772 eorum
1294 3731 1506 3785 quoque
1535 3714 1746 3769 extollit

135 3817 389 3880 animos,
417 3814 557 3884 quod
598 3827 658 3867 ea
688 3810 955 3881 patiantur
993 3823 1112 3876 qua:
1140 3822 1249 3860 non
1298 3816 1422 3860 sunt
1450 3805 1606 3874 digna
1660 3805 1740 3858 la-

136 3907 359 3980 crymis
388 3921 489 3961 nec
510 3902 999 3966 lamentationibus,
1016 3900 1108 3955 sed
1126 3899 1420 3969 gratiarum
1448 3900 1659 3953 actione
1688 3898 1742 3952 in

136 4004 351 4056 Deum.
382 3998 438 4053 Si
465 4006 640 4051 autem
669 3994 867 4049 Paulus
890 3992 999 4063 agit
1022 3990 1223 4061 gratias
1252 3990 1321 4045 ob
1354 3990 1489 4044 bona
1521 3989 1694 4043 aliena
1727 4007 1739 4045 :

132 4092 282 4164 quid
317 4092 384 4146 iis
429 4090 519 4145 ﬁet
552 4090 639 4159 qui
672 4103 777 4142 non
816 4085 990 4142 solum
1036 4101 1144 4139 non
1183 4084 1382 4155 gratias
1423 4093 1615 4152 agunt,
1648 4080 1743 4136 sed

132 4186 322 4243 etiam
354 4185 635 4239 tabescunt
681 4180 913 4235 invidia?
962 4178 1213 4247 Quoniam
1246 4177 1576 4248 supercrescit
1616 4176 1742 4245 ﬁdes

134 4289 343 4343 vestra,
372 4287 419 4331 et
452 4275 677 4329 abundat
705 4274 892 4327 caritas
922 4272 1317 4341 uniuscujusque
1350 4280 1566 4323 vestrum
1608 4268 1739 4321 invi-

135 4389 283 4426 cem.
322 4370 391 4424 Et
418 4368 686 4440 quomodo
715 4375 917 4436 potest,
954 4365 1146 4434 inquit,
1175 4362 1359 4433 augeri
1396 4362 1563 4418 ﬁdes?
1593 4363 1738 4429 Quo-

144 4464 366 4519 modo?
391 4461 603 4533 quando
629 4475 726 4529 pro
755 4459 843 4513 illa
870 4472 1030 4527 grave
1055 4454 1256 4525 aliquid
1284 4455 1535 4526 patimur.
1567 4454 1740 4524 Atque

141 4570 410 4625 “mgnum
440 4552 655 4622 quidem
686 4559 787 4623 est,
816 4564 939 4604 esse
986 4548 1200 4602 ﬁrmum
1241 4555 1295 4599 et
1320 4546 1565 4601 stabilem
1612 4556 1667 4600 et
1708 4560 1739 4599 a

136 4644 569 4716 cogitationibus
596 4658 701 4698 non
733 4639 971 4697 labeﬁeri
995 4654 1059 4693 ac
1085 4636 1344 4693 dimoveri
1376 4654 1388 4691 :
1416 4636 1626 4706 quando
1646 4651 1739 4690 au-

130 4750 265 4793 tem
295 4738 442 4791 venti
471 4737 708 4802 irruunt,
736 4734 1036 4802 irrumpunt
1063 4731 1287 4796 imbres,
1318 4729 1555 4801 undique
1580 4730 1740 4784 attol-

122 4832 283 4885 litur
306 4827 486 4897 gravis
509 4834 819 4896 tempestas,
837 4824 1119 4894 crebrique
1138 4834 1191 4877 et
1208 4823 1357 4877 densi
1378 4831 1501 4877 sunt
1522 4822 1736 4888 fluctus;

114 4920 352 4977 deinde
381 4935 487 4973 non
518 4918 760 4974 labamus
786 4932 886 4973 nec
913 4916 1245 4981 vacillamus,
1290 4915 1489 4971 nullius
1516 4915 1739 4971 alterius

110 5013 224 5069 rei
258 5022 347 5066 est
371 5010 644 5076 indicium,
675 5025 835 5080 quam
864 5007 1004 5079 quod
1041 5007 1272 5063 creverit
1300 5017 1352 5061 et
1392 5023 1738 5077 supercreve-

107 5107 216 5161 rit
242 5112 300 5158 et
329 5104 489 5157 altior
516 5102 648 5157 facta
678 5102 747 5156 sit
768 5100 920 5156 ﬁdes.
945 5100 1095 5155 Sicut
1129 5102 1271 5154 enim
1304 5099 1354 5151 in
1385 5097 1584 5153 diluvio
1623 5112 1738 5151 om—

104 5197 237 5253 nia
265 5196 483 5265 quidem
526 5194 733 5264 lapidea
778 5202 833 5247 et
867 5192 1087 5246 humilia
1127 5194 1234 5246 cito
1260 5199 1387 5245 sunt
1433 5191 1734 5253 occultata;

94 5303 271 5358 (“ire
299 5296 455 5340 erant
498 5296 676 5340 autem
723 5300 987 5353 superne,
1043 5286 1310 5338 inaccessa
1344 5298 1590 5339 mansere
1619 5302 1632 5337 :
1666 5284 1736 5337 ita

88 5382 315 5437 etiam
359 5378 492 5432 ﬁdes
515 5394 631 5448 qua:
661 5378 767 5431 alta
802 5376 983 5441 fuerit,
1011 5392 1114 5429 nou
1144 5376 1463 5444 deprimitur
1494 5391 1593 5431 nec
1641 5375 1736 5430 de-

90 5487 129 5531 ι
148 5473 423 5525 turbatur.
444 5469 727 5539 Propterea
756 5485 861 5522 non
890 5468 1043 5534 dixit,
1072 5468 1298 5533 Crescit,
1321 5467 1438 5534 sed,
1457 5468 1738 5539 Superera-

76 5571 235 5628 scit
257 5568 386 5636 ﬁdes
400 5577 582 5629 vestra,
599 5573 645 5618 et
664 5563 887 5617 abundat
905 5564 1089 5616 caritas
1111 5562 1501 5633 uniuscujusque
1520 5571 1737 5617 vestrum

76 5666 189 5722 in
236 5663 476 5714 invicem.
507 5656 669 5711 Vides
718 5655 861 5725 quod
901 5655 1004 5708 hoc
1028 5656 1272 5709 conferat
1300 5654 1365 5708 ad
1391 5642 1726 5718 afﬂictiones,

70 5767 264 5811 esse
289 5747 564 5804 confertos
579 5756 973 5816 etcotnpaetos,
988 5754 1043 5802 et
1061 5746 1201 5802 inter
1230 5762 1289 5802 se
1318 5746 1629 5802 cohaerere?
1652 5745 1727 5799 Ex

76 5850 248 5904 2300
267 5856 401 5911 ergo
427 5841 598 5894 oritur
618 5840 778 5894 etiam
800 5853 989 5910 magna
1012 5839 1331 5895 consolatio.
1361 5842 1532 5908 Atque
1564 5838 1728 5892 imbe-

62 5937 324 6000 cillam
353 5933 569 6006 quidem
601 5935 878 5990 caritatem
916 5944 972 5990 et
1013 5933 1173 5990 ﬁdem
1214 5932 1534 5989 labefactant
1591 5934 1727 5988 affli-

990 467 1054 523 ΙΝ
1094 466 1308 525 EPIST.
1344 465 1387 521 ll
1449 467 1542 522 AD
1580 462 1913 520 TllESSAL.
1955 463 2105 519 CAP.
2151 468 2187 522 ι.
2229 467 2456 526 HOMIL.
2502 468 2565 526 Il.

1818 574 1823 587 ‘
1865 577 2072 633 ctiones
2105 599 2117 634 ε
2151 579 2345 637 fortem
2377 594 2554 641 autem
2590 587 2817 643 reddunt
2847 588 3137 646 fortiorem.
3171 592 3301 649 Nam
3345 595 3435 667 qui

3335 479 3436 534 δτι

1864 668 1915 722 in
1941 668 2127 726 dolore
2156 673 2370 742 quidem
2401 686 2486 732 est
2506 680 2734 747 animus,
2761 682 2803 736 si
2840 682 2911 736 sit
2938 682 3176 739 inﬁrmus
3200 696 3252 741 et
3282 686 3433 743 debi-

1861 761 1947 825 lis,
1994 764 2123 818 nihil
2161 765 2211 821 ei
2240 771 2526 824 accesserit
2556 788 2569 827 :
2600 774 2689 843 qui
2714 784 2796 831 est
2831 784 3008 831 autem
3036 777 3219 843 ﬁrmus
3263 790 3316 836 et
3344 796 3433 835 va-

1861 852 2017 920 lidus,
2053 863 2180 912 tunc
2225 860 2458 916 maxime
2488 870 2683 931 potest.
2714 863 2848 920 Vide
2888 878 3065 923 autem
3111 869 3385 931 caritatem
3419 890 3435 929 :

1862 960 1966 1000 non
1999 946 2139 1004 hunc
2181 950 2397 1019 quidem
2447 952 2758 1024 diligebant,
2812 957 2960 1014 illum
3001 976 3129 1016 vero
3173 963 3430 1030 minime;

1859 1038 1954 1092 sed
1977 1048 2093 1094 erat
2130 1043 2348 1110 tequalis
2374 1044 2425 1098 in
2453 1045 2704 1101 omnibus
2730 1065 2744 1101 :
2776 1045 2877 1103 hoc
2906 1052 3049 1106 enim
3078 1055 3237 1109 tacite
3262 1056 3436 1112 innuit

1858 1131 2104 1201 dicendo,
2138 1133 2546 1210 Uniuscuiusque
2582 1151 2797 1197 vestrum
2836 1145 2890 1199 in
2928 1145 3161 1214 invicem,
3199 1148 3342 1219 quod
3371 1165 3432 1204 ea

1857 1223 1995 1279 sitio
2018 1226 2315 1298 :cquilibrio
2336 1232 2499 1288 veluti
2523 1234 2678 1289 unius
2699 1237 2958 1305 corporis.
2975 1236 3106 1292 Nam
3131 1255 3270 1296 nunc
3297 1257 3433 1310 quo-

1856 1334 1961 1389 que
2001 1320 2306 1380 invenimus
2340 1340 2460 1382 esse
2502 1327 2643 1398 apud
2682 1329 2878 1385 multos
2905 1331 3180 1387 caritatem
3207 1342 3262 1387 et
3297 1334 3432 1389 dile-

1856 1411 2211 1480 ctionem,sed
2225 1414 2359 1471 hanc
2373 1418 2650 1475 caritatem
2667 1428 2720 1475 et
2731 1420 3068 1476 dilectionem
3083 1437 3202 1478 esse
3218 1438 3431 1479 causam

1856 1502 2223 1560 dissensionis.
2272 1507 2405 1564 Nam
2460 1512 2673 1581 quando
2711 1512 2822 1567 bini
2866 1523 2958 1569 aut
3004 1516 3137 1569 terni
3178 1513 3434 1572 fuerimus

1855 1596 2148 1665 conjuncti,
2176 1609 2232 1654 et
2260 1601 2367 1656 duo
2391 1603 2611 1675 quidem
2654 1616 2747 1660 aut
2774 1615 2882 1663 tres
2910 1620 3000 1661 aut
3027 1618 3251 1678 quatuor
3280 1609 3434 1665 valde

1858 1689 2002 1745 inter
2025 1706 2086 1747 se
2129 1691 2327 1748 fuerint
2371 1697 2628 1767 colligati,
2680 1714 2709 1752 a
2751 1701 2959 1754 caeteris
3003 1710 3177 1756 autem
3228 1702 3433 1772 seipsos

1854 1782 2246 1852 abstrahentes,
2275 1801 2341 1841 eo
2371 1788 2511 1856 quod
2539 1789 2604 1845 ad
2635 1790 2755 1846 illos
2786 1793 2990 1861 possint
3017 1794 3330 1863 confugere,
3380 1805 3434 1850 et

1856 1873 1959 1927 illis
1986 1875 2035 1928 in
2067 1876 2314 1932 omnibus
2341 1878 2642 1946 conﬁdere;
2671 1880 2773 1938 hoc
2798 1893 2879 1939 est
2906 1883 3190 1949 dissensio,
3224 1902 3326 1939 non
3353 1886 3435 1939 di-

1855 1966 2031 2021 lectio.
2056 1966 2304 2038 Nam,dic
2332 1971 2483 2035 mihi,
2517 1971 2562 2027 si
2608 1975 2815 2039 oculus,
2849 1991 3006 2045 quam
3060 1976 3220 2031 habet
3272 1978 3431 2033 totius

1852 2061 2091 2128 corporis
2116 2077 2322 2130 curam,
2354 2064 2405 2118 in
2448 2081 2663 2120 manum
2709 2067 2969 2137 conferat,
3017 2079 3069 2124 et
3098 2086 3156 2124 se
3206 2070 3271 2124 ab
3311 2072 3432 2124 aliis

1853 2152 2108 2207 membris
2135 2165 2420 2222 avertens,
2470 2156 2545 2211 illi
2593 2159 2694 2212 soli
2742 2161 3012 2228 attendat,
3052 2178 3227 2217 annon
3250 2164 3434 2247 perdit

1854 2244 2194 2299 universum?
2221 2246 2355 2303 Vere
2379 2249 2580 2318 utique.
2613 2249 2683 2304 Ita
2710 2268 2808 2306 nos
2828 2268 3039 2323 quoque
3066 2258 3109 2308 si
3131 2244 3426 2321 caritatem,

1850 2350 1971 2404 qua:
1998 2338 2210 2391 extendi
2240 2337 2398 2393 debet
2444 2341 2495 2395 in
2526 2352 2688 2397 totam
2720 2344 2811 2398 Dei
2842 2344 3159 2414 Ecclesiam,
3191 2348 3242 2401 in
3270 2365 3431 2403 unum

1848 2434 1903 2479 et
1930 2426 2157 2482 alterum
2181 2433 2581 2499 contrahamus,
2611 2443 2664 2488 et
2692 2450 2788 2488 nos
2827 2434 2973 2505 ipsos
3001 2445 3056 2492 et
3084 2436 3206 2507 illos
3231 2448 3284 2493 et
3312 2440 3429 2494 uni-

1851 2534 2036 2574 versos
2063 2522 2337 2590 perdimus
2365 2542 2377 2578 :
2412 2524 2527 2580 haec
2558 2525 2701 2583 enim
2728 2541 2835 2581 non
2875 2536 3001 2582 sunt
3028 2528 3287 2597 caritatis,
3335 2529 3431 2586 sed

1849 2613 2053 2669 dissidii
2078 2657 2090 2680 ,
2115 2617 2365 2673 scissura:
2392 2629 2446 2674 et
2473 2620 2847 2677 dissensionis.
2872 2622 3004 2677 Nam
3028 2624 3238 2679 etiamsi
3264 2640 3294 2679 a
3319 2633 3433 2681 toto

1850 2704 2066 2761 homine
2089 2709 2327 2764 avulsam
2354 2725 2613 2780 accepero
2637 2725 2865 2782 partem,
2912 2715 3027 2785 ipsa
3054 2716 3267 2786 quidem
3293 2718 3429 2772 scis-

1847 2813 1971 2853 sura
1995 2815 2176 2855 secum
2196 2811 2281 2856 est
2302 2804 2469 2868 unita,
2486 2812 2539 2858 et
2556 2804 2832 2863 cohaerens
2847 2816 2901 2864 et
2921 2809 3280 2879 conglutinata
3300 2828 3315 2873 ;
3334 2826 3431 2865 etc-

1850 2900 2019 2945 terum
2048 2895 2126 2947 sic
2153 2910 2367 2965 quoque
2391 2904 2475 2952 est
2503 2896 2759 2965 scissura,
2802 2901 3055 2971 quoniam
3085 2903 3291 2973 reliquo
3319 2918 3429 2958 non

1848 2991 1929 3035 est
1952 2982 2092 3037 unita
2119 2985 2354 3054 corpori.

1854 3110 1857 3115 ι
1917 3074 1971 3128 9..
2003 3076 2140 3143 Quid
2171 3080 2315 3133 enim
2345 3080 2566 3150 prodest
2594 3082 2735 3152 quod
2783 3082 2925 3138 hunc
2953 3092 3048 3138 aut
3086 3084 3234 3139 illum
3278 3085 3433 3142 valde

1848 3166 2083 3237 diligas?
2117 3168 2359 3226 Humana
2413 3181 2497 3227 est
2521 3174 2718 3228 caritas
2765 3182 2821 3228 et
2863 3173 3081 3229 dilectio
3111 3191 3125 3229 :
3159 3176 3204 3229 si
3252 3185 3433 3230 autem

1849 3275 1953 3313 non
1982 3269 2065 3315 est
2094 3260 2353 3326 humana,
2383 3263 2477 3318 sed
2523 3275 2740 3334 prepter
2790 3265 2955 3319 Deum
3003 3265 3199 3337 diligis,
3244 3280 3433 3323 omnes

1848 3350 2044 3421 dilige:
2090 3353 2230 3408 Deus
2255 3356 2397 3409 enim
2434 3356 2512 3411 sic
2532 3356 2694 3426 jussit
2721 3358 2880 3412 etiam
2913 3359 3154 3415 inimicos
3182 3359 3424 3431 diligere.

1848 3442 1999 3509 Quod
2028 3444 2070 3497 si
2099 3445 2258 3513 jussit
2294 3446 2517 3516 diligere
2566 3448 2809 3503 inimicos
2833 3490 2848 3514 ,
2879 3459 3079 3519 quanto
3124 3452 3291 3522 magis
3336 3467 3437 3507 eos

1847 3538 1938 3605 qui
1969 3547 2020 3592 te
2070 3539 2211 3592 nulla
2265 3538 2562 3594 aﬁ'ecerunt
2591 3541 2784 3611 injuria
2813 3551 2974 3610 atque
3021 3541 3309 3596 molestia?
3361 3543 3433 3596 At

1848 3627 2035 3698 diligo,
2069 3628 2266 3698 inquis.
2290 3629 2396 3685 Sed
2425 3647 2532 3685 non
2555 3632 2624 3687 ita
2650 3650 2664 3686 :
2696 3635 2806 3686 imo
2832 3647 2962 3687 vero
2989 3648 3086 3687 nec
3108 3633 3284 3703 diligis
3313 3632 3430 3703 qui-

1847 3720 1969 3776 dem
1999 3738 2011 3775 :
2042 3737 2163 3776 nam
2187 3723 2399 3792 quando
2428 3740 2670 3791 accusas,
2695 3726 2911 3795 quando
2941 3725 3179 3790 invides,
3210 3727 3426 3797 quando

1850 3812 2131 3877 insidiaris,
2166 3814 2435 3883 quomodo
2462 3814 2685 3884 diligis?
2716 3818 2785 3871 At
2812 3816 2936 3884 huc,
2970 3817 3169 3886 inquis,
3215 3832 3319 3871 non
3350 3817 3428 3871 fa-

1848 3905 1951 3959 cio.
1981 3904 2085 3960 Sed
2109 3905 2321 3975 quando
2344 3908 2482 3963 male
2508 3908 2758 3965 audiente
2784 3908 2947 3964 fratre
2977 3908 3343 3965 maledicentis
3369 3926 3439 3966 os

1849 4012 1954 4051 non
1981 3997 2215 4053 obstruis
2242 4012 2340 4053 nec
2373 4000 2436 4053 iis
2463 4015 2580 4070 qua:
2605 4000 2853 4054 dicttntur
2880 4000 3037 4055 ﬁdem
3066 4017 3225 4070 negas
3247 4016 3345 4056 nec
3367 4017 3429 4056 ea

1847 4087 2177 4155 comprimis,
2203 4087 2480 4157 cujusnam
2508 4091 2758 4143 amicitia:
2789 4100 2872 4145 est
2902 4090 3002 4145 hoc
3031 4091 3280 4146 iudicium
3304 4092 3328 4144 ἲ
3364 4091 3429 4145 Et

1846 4178 2111 4241 abundat,
2142 4179 2348 4249 inquit,
2384 4180 2570 4235 caritas
2608 4182 3004 4251 uniuscujusque
3040 4186 3259 4236 vestrum
3296 4185 3428 4237 invi-

1846 4285 1990 4323 cem:
2018 4271 2074 4324 4.
2098 4270 2171 4323 ita
2199 4280 2254 4322 ut
2275 4279 2321 4323 et
2342 4287 2434 4324 nos
2452 4272 2551 4341 ipsi
2576 4272 2629 4323 in
2658 4273 2794 4337 vobis
2815 4273 3091 4343 gloriemur
3114 4274 3167 4327 in
3189 4274 3437 4329 Ecclesiis

1846 4361 1962 4415 Dei.
1998 4361 2051 4416 In
2082 4361 2246 4432 priori
2270 4361 2493 4431 epistola
2523 4360 2655 4416 dicit
2678 4377 2867 4417 omnes
2891 4362 3160 4418 Ecclesias
3186 4364 3431 4419 Macedo-

1846 4456 1948 4508 nia:
1978 4464 2030 4509 et
2056 4453 2273 4508 Achaiae
2303 4470 2589 4509 resouasse
2630 4455 2812 4509 audita
2842 4470 3030 4509 eorum
3071 4455 3171 4510 title
3202 4474 3215 4511 :
3261 4455 3345 4510 Ita
3376 4466 3430 4510 ut

1846 4561 1946 4599 non
2005 4545 2091 4610 sit,
2134 4544 2327 4614 inquit,
2362 4545 2506 4599 nobis
2548 4561 2745 4599 necesse
2784 4545 3060 4616 quidquam
3101 4547 3239 4614 loqui
3270 4563 3288 4601 :
3326 4550 3425 4617 ipsi

1846 4639 1980 4691 enim
2009 4637 2072 4692 de
2095 4637 2237 4692 nobis
2254 4638 2560 4692 annuntiant
2588 4636 2789 4708 qualem
2821 4639 3080 4692 introitum
3104 4639 3427 4693 habuerimus

1846 4730 1914 4783 ad
1942 4747 2027 4785 vos
2056 4730 2132 4802 (l.
2169 4730 2345 4784 Tltess.
2392 4731 2442 4785 l.
2477 4731 2530 4785 8.
2562 4730 2658 4801 9):
2701 4730 2789 4786 hic
2815 4741 2994 4786 autem
3041 4731 3188 4798 dicit,
3225 4731 3292 4789 Ut
3337 4752 3428 4787 nos

1845 4822 2139 4892 gloriemur.
2166 4821 2302 4889 Quid
2326 4832 2408 4877 est
2436 4837 2564 4892 ergo
2593 4822 2735 4892 quod
2761 4822 2962 4879 dictum
2985 4824 3106 4879 est?
3136 4824 3249 4879 lllic
3276 4825 3423 4889 dicit,

1845 4914 2035 4970 Nostra
2063 4931 2167 4970 non
2196 4924 2354 4985 egent
2374 4915 2614 4971 doctrina
2646 4933 2659 4965 :
2694 4914 2779 4970 hic
2799 4927 2978 4972 autem
3004 4932 3110 4972 non
3140 4917 3288 4986 dicit,
3316 4918 3423 4974 Nos

1844 5020 1939 5061 eos
1967 5004 2244 5073 docemus,
2275 5005 2395 5073 sed,
2430 5004 2743 5060 Gloriamur.
2779 5007 2835 5062 Si
2878 5022 3008 5077 ergo
3048 5024 3147 5063 nos
3174 5008 3242 5063 de
3271 5008 3423 5064 vobis

1844 5107 1899 5152 et
1931 5098 2039 5154 Deo
2068 5099 2268 5171 gratias
2296 5101 2525 5172 agimus,
2557 5110 2610 5154 et
2639 5100 2933 5172 gloriamur
2973 5101 3110 5171 apud
3135 5101 3380 5156 homines
3404 5118 3420 5167 ;

1846 5193 2013 5246 multo
2040 5192 2209 5262 magis
2237 5208 2333 5247 vos
2361 5193 2461 5247 hoc
2488 5192 2667 5248 facere
2708 5202 2923 5263 oportet
2966 5192 3035 5248 de
3075 5193 3273 5248 nostris
3322 5193 3421 5247 bo-

1844 5284 1948 5337 nis.
1982 5283 2034 5338 Si
2069 5286 2211 5338 enim
2240 5300 2358 5354 quae
2399 5300 2430 5339 a
2470 5285 2620 5339 vobis
2668 5293 2814 5340 recte
2859 5293 3004 5355 gesta
3051 5294 3216 5350 sunt,
3263 5284 3421 5354 digna

1844 5385 1969 5429 sunt
1995 5372 2189 5444 quibus
2218 5374 2308 5428 alii
2338 5375 2657 5445 glorientur,
2689 5373 2957 5443 quomodo
2982 5358 3133 5430 nobis
3164 5375 3423 5429 lamenta-

1846 5469 2023 5525 tione?
2056 5470 2167 5523 Dici
2199 5485 2306 5524 non
2341 5478 2535 5537 potest.
2567 5467 2651 5521 Ita
2680 5478 2734 5521 ut
2760 5478 2806 5521 et
2838 5486 2926 5522 nos
2965 5469 3082 5539 ipsi,
3113 5469 3318 5539 inquit,
3368 5470 3421 5524 in

1845 5562 1980 5617 vobis
2008 5563 2286 5633 gloriemur
2312 5563 2365 5616 in
2396 5561 2639 5616 Ecclesiis
2670 5561 2764 5616 Dei
2790 5579 2881 5631 pro
2917 5564 3161 5629 patientia
3186 5576 3350 5618 vestra
3374 5572 3424 5618 et

1843 5655 1965 5724 (ide.
2000 5655 2095 5709 llic
2134 5655 2370 5709 ostendit
2412 5654 2639 5707 multum
2698 5655 3021 5725 prteleriisse
3051 5655 3349 5726 temporis:
3391 5674 3421 5711 a

1842 5749 2010 5803 multo
2035 5748 2178 5802 enim
2220 5755 2465 5815 tempore
2489 5755 2707 5815 apparet
2739 5744 3014 5816 patientia,
3059 5762 3163 5801 non
3198 5749 3248 5801 in
3291 5749 3422 5802 duo-

1842 5840 1943 5893 bus
1969 5848 2062 5893 aut
2090 5839 2260 5894 tribus
2288 5837 2499 5893 diebus.
2528 5836 2645 5892 Non
2681 5838 2924 5893 absolute
2967 5847 3144 5893 autetu
3172 5840 3300 5920 dicit
3329 5856 3421 5910 pa-

1845 5933 2096 5990 tientiam.
2135 5930 2410 5989 Patientia:
2437 5929 2648 6000 quidem
2676 5940 2821 5987 certe
2851 5941 2933 5987 est
2962 5931 3117 5988 benis
3147 5930 3424 6004 promissis
