3834 6510
464 510 570 567 475

459 643 566 681 non
619 626 753 690 frui;
800 638 942 680 nunc
978 631 1157 677 autem
1209 606 1655 690 majorem‘dicit
1699 620 2029 691 patientiam.

460 716 799 788 Qiamnam?
844 714 976 770 Eam
1018 729 1138 783 qua:
1182 712 1397 768 exsistit
1436 728 1533 783 per
1573 713 2038 784 persequutiones.

460 808 613 877 Quod
639 817 815 862 autem
843 821 961 861 eam
992 805 1200 872 innuat,
1234 805 1575 875 perspicuum
1615 815 1697 860 est
1725 820 1791 860 ex
1826 804 1893 859 iis
1921 819 2040 874 quas

460 898 675 969 subjicit
703 916 718 954 :
753 896 818 951 In
844 896 1071 951 omnibus
1099 896 1563 967 persequutionibus
1592 897 1765 951 vestris
1794 905 1840 949 et
1884 895 2041 950 tribu-

459 992 729 1050 lationibus
757 1007 884 1059 quas
910 991 1186 1044 sustinetis.
1219 988 1350 1043 Nam
1403 1000 1662 1060 perpetuo
1705 990 1870 1042 vitam
1914 1004 2038 1057 age-

462 1086 596 1141 bant
630 1100 751 1140 cum
782 1083 1025 1139 hostibus
1052 1082 1142 1153 qui
1196 1082 1429 1153 undique
1468 1098 1561 1137 eos
1591 1080 1919 1136 conabantur
1950 1080 2040 1134 la:-

458 1177 606 1244 dcre,
636 1176 955 1247 firmamque
1000 1184 1056 1231 et
1082 1175 1410 1230 immobilem
1454 1173 1807 1229 ostendebant
1832 1172 2040 1243 patien-

459 1269 614 1325 tiam.
639 1267 974 1324 Erubescant
998 1267 1097 1331 illi,
1134 1267 1225 1337 qui
1256 1274 1477 1337 propter
1507 1265 1781 1320 hominum
1811 1262 2040 1336 patroci-

460 1362 605 1416 nium
639 1370 915 1417 transennt
955 1360 1021 1415 ad
1050 1360 1318 1430 dogmata.
1362 1358 1494 1413 Nam
1527 1374 1647 1412 cum
1679 1357 1853 1413 adhuc
1898 1365 2042 1412 esset

458 1452 666 1508 initium
694 1450 1107 1524 prmdicationis,
1136 1450 1381 1504 homines
1411 1462 1693 1520 pauperes,
1722 1458 1778 1503 et
1803 1463 1873 1504 ex
1900 1463 2037 1517 quo-

463 1543 666 1599 tidiano
692 1557 857 1611 opere
880 1542 1077 1596 victum
1108 1541 1207 1597 sibi
1257 1550 1507 1609 parantes
1532 1539 1791 1595 adversus
1829 1554 1924 1593 eos
1949 1538 2040 1608 qui

461 1636 716 1707 gerebant
743 1634 1121 1706 rempublicam
1143 1675 1158 1698 ,
1188 1641 1242 1689 et
1268 1632 1427 1703 primi
1458 1640 1612 1688 erant
1638 1631 1888 1697 civitatis,
1920 1645 2038 1685 sus-

460 1729 728 1799 cipiebant
765 1727 1107 1792 inimicitias;
1136 1740 1256 1780 cum
1286 1740 1384 1780 nec
1413 1740 1528 1791 rex,
1568 1738 1669 1779 nec
1697 1723 2040 1794 magistratus

459 1835 686 1889 usquam
709 1828 853 1875 esset
886 1818 1090 1883 fidelis,
1130 1828 1185 1873 et
1231 1817 1431 1872 bellum
1487 1816 1741 1872 subibant
1787 1815 2040 1887 implaca-

460 1910 589 1976 bile,
624 1920 773 1966 etne
802 1910 879 1965 sic
928 1908 1141 1981 quidem
1172 1908 1519 1964 absistebant.
1547 1909 1602 1964 5.
1646 1906 1715 1961 In
1754 1908 2039 1977 exemplum

451 2006 584 2077 justi
600 2005 791 2077 jndicii
823 2002 942 2059 Dei.
974 2001 1111 2059 Vide
1139 2001 1410 2075 quomodo
1436 2001 1515 2057 eis
1541 2010 1691 2073 paret
1717 2001 2039 2056 consolatio-

462 2114 603 2153 nem.
638 2098 870 2159 Dixerat,
921 2096 1034 2152 Deo
1081 2096 1279 2167 gratias
1319 2096 1527 2165 agimus
1560 2111 1574 2147 :
1614 2095 1861 2160 dixerat,
1911 2092 2039 2149 Glo-

460 2191 659 2246 riamur
684 2190 823 2261 apud
848 2188 1091 2244 homines
1119 2207 1133 2243 :
1159 2189 1275 2244 haec
1298 2187 1512 2258 quidem
1543 2186 1681 2243 bona
1710 2197 1762 2242 et
1784 2187 2034 2252 honesta;

458 2281 552 2336 sed
582 2281 723 2353 quod
763 2282 992 2338 maxime
1020 2281 1212 2351 quaarit
1238 2280 1283 2336 is
1311 2278 1403 2351 qui
1457 2279 1647 2334 dolore
1692 2277 1942 2343 afficitur,
1985 2277 2037 2332 id

458 2385 541 2429 est
569 2375 813 2430 liberatio
848 2389 877 2428 a
917 2373 1113 2441 malis,
1164 2381 1220 2428 et
1262 2372 1583 2443 supplicium
1628 2386 1812 2425 eorum
1862 2371 2035 2441 quiin

464 2466 611 2536 ipsos
638 2467 777 2522 male
803 2474 1042 2537 egerant.
1071 2463 1202 2519 Nam
1228 2463 1440 2535 quando
1482 2462 1778 2519 imbecillus
1799 2471 1882 2517 est
1917 2462 2036 2518 ani-

458 2572 599 2623 mus,
645 2556 762 2612 haec
801 2557 1034 2613 maxime
1062 2556 1320 2626 requirit:
1350 2556 1441 2626 qui
1485 2563 1570 2610 est
1606 2554 1749 2610 enim
1794 2554 2034 2625 philoso-

455 2647 611 2718 phus,
644 2663 711 2702 ne
743 2647 842 2703 hoc
861 2648 1095 2719 quidem.
1144 2647 1281 2716 Quid
1311 2662 1438 2717 ergo
1476 2647 1623 2711 dicit,
1655 2644 1723 2699 In
1750 2647 2035 2716 exemplum

446 2739 576 2809 justi
605 2739 791 2807 judicii
827 2738 971 2793 Dei?
999 2739 1293 2810 Utrumque
1322 2739 1481 2794 tacite
1512 2738 1714 2803 innuit,
1761 2746 1815 2792 et
1849 2753 2032 2792 eorum

458 2830 545 2898 qui
574 2830 715 2885 male
749 2840 912 2899 agunt
957 2830 1320 2902 punitionem,
1351 2840 1403 2886 et
1427 2845 1615 2886 eorum
1653 2831 1740 2901 qui
1767 2830 1905 2885 bene
1943 2843 2031 2883 re-

458 2921 883 2977 munerationem
909 2939 922 2976 :
969 2924 1120 2993 quasi
1150 2923 1385 2989 diceret,
1413 2932 1510 2992 ut,
1541 2925 1754 2995 quando
1780 2940 1875 2981 vos
1916 2927 2034 2997 qui-

457 3011 580 3067 dem
608 3020 851 3077 coronat,
878 3009 999 3068 illos
1024 3024 1201 3069 autem
1228 3014 1398 3084 punit,
1426 3014 1737 3070 ostendatur
1763 3016 1857 3071 Dei
1878 3016 2033 3086 justi-

457 3102 548 3157 tia.
576 3101 741 3157 Simul
776 3104 933 3159 etiam
977 3118 1072 3160 eos
1098 3106 1426 3167 consolatur,
1454 3105 1744 3161 oswndens
1794 3107 1933 3177 quod
1979 3116 2034 3162 et

457 3211 522 3251 ex
555 3197 783 3266 propriis
824 3197 1092 3252 laboribus
1118 3207 1171 3251 et
1215 3197 1523 3263 sudoribus,
1569 3209 1621 3253 et
1651 3199 2033 3255 convenienter

455 3290 646 3344 rationi
670 3290 889 3360 justitize
905 3300 1248 3345 coronentur.
1268 3290 1374 3346 Sed
1398 3291 1543 3360 prius
1559 3291 1707 3360 ponit
1730 3292 1781 3346 id
1804 3292 1943 3363 quod
1965 3292 2030 3347 ad

458 3398 551 3436 eos
592 3384 838 3450 pertinet.
876 3382 1008 3437 Nam
1050 3383 1257 3437 etiamsi
1305 3383 1567 3453 quispiam
1621 3382 1778 3437 valde
1815 3393 2031 3452 appetat

452 3474 761 3540 vindictam,
787 3474 931 3542 prius
958 3483 1132 3529 tamen
1162 3474 1433 3530 desiderat
1460 3475 1677 3542 praamia
1705 3493 1719 3529 :
1751 3485 2028 3544 prepterca

451 3568 726 3638 thjungit
759 3587 774 3623 :
806 3567 873 3622 l’t
900 3568 1040 3639 digni
1061 3568 1348 3622 habeamiui
1373 3584 1529 3638 regno
1573 3567 1687 3634 Dei,
1738 3584 1828 3636 pro
1857 3585 1955 3637 quo
1983 3579 2030 3624 et

452 3661 706 3729 patimini.
737 3659 852 3715 Non
883 3659 984 3714 hoc
1012 3675 1141 3731 ergo
1167 3659 1226 3713 fit
1251 3675 1314 3714 ex
1343 3675 1430 3722 eo,
1464 3659 1605 3729 quod
1636 3660 1743 3713 sint
1765 3660 2029 3727 potentio-

451 3768 539 3805 res
561 3752 646 3819 qui
675 3752 875 3808 faciunt
897 3751 1167 3822 injuriam,
1193 3751 1287 3807 sed
1314 3766 1381 3806 ex
1402 3766 1488 3819 eo,
1521 3751 1661 3821 quod
1687 3751 1766 3805 sic
1787 3760 2031 3819 oporteat

452 3857 674 3909 regnum
718 3843 940 3913 ingredi.
972 3841 1076 3897 Per
1102 3844 1286 3897 multas
1315 3844 1468 3910 enim,
1518 3843 1708 3912 inquit,
1740 3842 2029 3912 aﬁlictiones

451 3945 644 4003 oportet
673 3952 763 3988 nos
789 3936 979 3989 intrare
1023 3937 1077 3988 iu
1128 3951 1341 4006 regnum
1374 3933 1468 3987 Dei
1516 3934 1650 4002 (Act.
1694 3934 1783 3988 M.
1821 3933 1939 3998 ἓξ).
1972 3934 2026 3989 6.

454 4024 515 4079 Si
544 4035 707 4078 tamen
728 4027 924 4095 justum
947 4036 1019 4079 est
1043 4027 1182 4095 apud
1209 4024 1376 4078 Deum
1407 4026 1616 4079 reddere
1658 4026 2031 4079 retributionem

458 4117 521 4169 iis
563 4118 649 4187 qui
676 4133 761 4171 vos
790 4117 1055 4183 tribulam,
1103 4118 1155 4170 7.
1198 4126 1245 4170 et
1291 4117 1428 4170 vobis
1453 4117 1539 4185 qui
1582 4115 1892 4170 tribulamini
1947 4135 2030 4171 re-

452 4210 618 4279 quiem
655 4210 932 4275 uobiscum,
980 4210 1033 4264 in
1058 4209 1362 4265 reuelatione
1402 4209 1607 4262 Domini
1643 4207 1769 4262 Iesu
1813 4208 1876 4261 de
1906 4210 2030 4263 ctelo

457 4318 574 4356 cum
591 4303 784 4375 angelis
812 4303 1011 4359 virtutis
1037 4304 1165 4373 ejus.
1192 4301 1345 4367 Illud,
1380 4301 1443 4357 Si
1471 4311 1657 4367 tamen,
1690 4296 1775 4355 hic
1801 4302 2028 4371 positum

453 4403 537 4447 est
568 4409 684 4465 pro,
710 4395 830 4466 quia
849 4410 869 4449 :
895 4394 1037 4465 quod
1065 4394 1278 4464 quidem
1304 4393 1554 4463 ponimus
1576 4393 1626 4445 in
1659 4392 1724 4446 iis
1749 4392 1816 4446 de
1840 4392 2031 4461 quibus

451 4485 607 4540 valde
631 4494 861 4549 constat,
886 4485 1021 4541 adeo
1046 4493 1104 4540 ut
1142 4484 1439 4540 contradici
1468 4499 1573 4538 non
1604 4482 1771 4552 possit
1802 4499 1814 4535 :
1844 4482 1894 4536 id
1925 4492 2028 4548 est,

458 4574 625 4629 Valde
647 4574 868 4644 justum.
900 4574 955 4631 Si
974 4575 1177 4646 justum
1203 4584 1306 4639 est,
1340 4574 1533 4643 inquit,
1563 4572 1706 4642 apud
1732 4572 1896 4626 Deum
1937 4587 2031 4625 eos

455 4665 663 4728 ulcisci.
691 4667 908 4720 omnino
936 4667 1243 4722 ulciscetur.
1270 4665 1434 4732 Quasi
1454 4664 1678 4729 diceret,
1712 4664 1770 4719 Si
1799 4680 1891 4719 res
1921 4665 2031 4719 Deo

457 4765 583 4811 sunt
623 4771 787 4821 curre,
816 4758 862 4812 si
893 4758 1031 4813 Deus
1057 4767 1228 4813 curat.
1277 4758 1366 4813 Sic
1411 4768 1466 4812 et
1515 4759 1628 4827 ipse
1660 4756 1811 4822 illud,
1841 4757 1903 4811 Si
1949 4766 2031 4810 ta-

459 4867 593 4913 men,
628 4851 794 4919 ponit,
824 4866 887 4905 ac
917 4851 959 4905 si
1002 4866 1087 4906 res
1132 4854 1182 4905 in
1227 4850 1473 4906 confesso
1502 4850 1607 4915 sit;
1639 4865 1701 4905 ac
1732 4851 1777 4905 si
1803 4850 2028 4915 diceret,

460 4941 513 4993 Si
569 4940 708 4997 Deus
752 4940 876 4994 odio
926 4940 1082 4996 habet
1132 4942 1302 4996 malos
1351 4959 1364 4994 :
1412 4948 1469 4995 ut
1496 4941 1616 4995 illos
1660 4950 1817 5011 cogat
1855 4940 2033 4997 dicere

461 5032 601 5100 φωά
646 5033 774 5089 odio
813 5032 1007 5089 habeat
1051 5034 1218 5105 (sunt
1263 5034 1404 5088 enim
1458 5033 1718 5103 ejusmodi
1756 5034 2033 5090 sententiae

461 5130 684 5185 minime
714 5128 935 5199 dubiae),
984 5138 1167 5199 utpote
1214 5144 1335 5183 cum
1380 5136 1434 5182 et
1463 5127 1539 5181 illi
1566 5126 1668 5197 ipsi
1697 5128 1868 5180 sciant
1892 5127 2033 5197 quod

453 5223 656 5295 justum
703 5224 792 5278 sit.
837 5223 967 5277 Nam
1012 5223 1056 5278 si
1085 5222 1187 5276 hoc
1230 5220 1431 5290 justum
1461 5229 1543 5273 est
1572 5218 1711 5289 apud
1755 5218 2030 5284 homines,

467 5316 636 5369 multo
684 5315 853 5386 magis
881 5315 1021 5383 apud
1067 5315 1262 5370 Deum.
1293 5311 1525 5367 Reddere
1548 5352 1564 5377 ,
1594 5311 1783 5381 inquit,
1813 5310 2033 5364 retribu-

462 5409 648 5465 tionem
672 5406 736 5463 iis
765 5406 853 5475 qui
879 5422 965 5461 vos
1008 5406 1271 5470 tribulant,
1298 5412 1346 5459 et
1380 5404 1517 5457 vobis
1565 5403 1653 5473 qui
1703 5402 2031 5465 tribulamini,

460 5500 703 5566 requiem.

539 5592 591 5646 3.
632 5589 769 5658 Quid
785 5590 951 5660 ergo?
975 5598 1124 5644 estne
1150 5603 1300 5659 requa
1322 5587 1636 5643 retributio?
1660 5586 2031 5655 Nequaquam:

458 5682 554 5734 sed
584 5682 700 5734 vide
730 5696 825 5750 per
848 5697 909 5735 ea
932 5697 1049 5749 qurc
1077 5690 1370 5749 sequuntur
1382 5677 1650 5748 quomodo
1666 5674 1897 5730 ostendit
1917 5689 2036 5729 esse

458 5773 946 5835 Vehementiorem.
977 5784 1028 5827 et
1068 5774 1305 5842 requiem
1358 5773 1525 5826 multo
1556 5773 1836 5839 majorem.
1896 5768 2036 5833 Ecce

477 5863 633 5917 etiam
661 5866 759 5918 alia
808 5865 1098 5919 consolatio
1132 5883 1143 5916 :
1178 5865 1393 5941 eosdem
1443 5864 1642 5917 habere
1686 5862 1860 5916 socios
1896 5859 2034 5913 afﬂi-

470 5954 724 6024 ctionum,
765 5965 817 6011 et
865 5950 917 6011 in
949 5956 1395 6021 remuneratione,
1439 5957 1610 6026 inquit
1636 5956 1759 6026 (hoc
1790 5955 1932 6009 enim
1961 5954 2034 6007 si-

1237 505 1293 560 S.
1331 503 1604 561 JOANNIS
1639 502 2101 560 CHRYSOSTOMI
2142 504 2454 560 ARCHIEP.
2494 506 3020 567 CONSTANIINOP.
3624 516 3706 568 ιῖε

2151 621 2366 691 gnificat
2411 621 2573 685 illud,
2628 623 2905 679 Nobiscum
2936 627 2954 696 )
2981 646 2994 683 :
3024 643 3121 683 eos
3168 629 3260 699 qui
3315 630 3706 688 innumerath

2148 710 2390 766 fecerunt
2417 714 2617 784 majora
2642 754 2659 780 ,
2690 716 2965 787 coujungit
3007 720 3185 774 socios
3225 721 3279 774 in
3334 721 3581 775 coronis.
3625 724 3706 780 De-

2150 804 2273 858 inde
2309 814 2365 859 et
2405 815 2612 875 tempus
2639 806 2807 874 addit,
2840 818 2897 862 et
2939 823 3033 877 per
3058 809 3485 881 descriptionem
3534 826 3707 871 menta

2148 911 2333 951 eorum
2384 912 2593 952 sursum
2642 900 2880 963 extollit,
2927 900 3091 956 verbo
3120 904 3281 957 celos
3337 906 3706 973 propemodm:

2149 989 2415 1057 aperiens,
2450 998 2504 1043 et
2530 1005 2719 1045 eorum
2748 992 2919 1046 oculis
2947 994 3269 1063 subjiciens,
3301 1005 3355 1050 et
3384 996 3538 1050 circa
3568 997 3707 1066 ipsum

2149 1085 2334 1139 statuit
2371 1088 2667 1157 angelicum
2714 1092 3031 1157 exercitum,
3063 1101 3118 1147 et
3165 1109 3227 1147 ex
3281 1109 3347 1147 eo
3409 1094 3560 1159 loco,
3590 1106 3705 1151 etes

2148 1174 2214 1228 iis
2258 1192 2377 1245 qua:
2428 1189 2551 1234 sunt
2594 1197 2661 1235 ex
2692 1181 2837 1251 ipso,
2889 1183 3129 1238 latiorem
3172 1184 3377 1239 faciens
3422 1185 3706 1253 imaginem,

2149 1280 2205 1322 ut
2241 1272 2340 1339 ipsi
2395 1288 2581 1341 parum
2634 1277 2918 1344 respirent.
2949 1276 3016 1329 Et
3074 1279 3227 1338 vobis.
3254 1280 3342 1344 qui
3395 1278 3706 1339 tribuamin,

2147 1364 2371 1430 requiem,
2407 1364 2661 1418 nobiscum
2689 1367 2741 1419 in
2766 1367 3069 1421 reuelatione
3117 1368 3325 1421 Domini
3347 1368 3489 1422 Iesu
3520 1372 3584 1423 de
3614 1376 3708 1425 rei:

2147 1469 2261 1506 cum
2317 1456 2509 1525 angelis
2553 1457 2749 1512 virtutis
2786 1461 2917 1528 ejus,
2964 1460 3019 1514 8.
3062 1461 3114 1512 in
3141 1462 3354 1529 ﬂamma
3418 1462 3561 1530 ignis
3607 1464 3707 1515 deu-

2146 1547 2209 1601 tis
2250 1549 2519 1602 vindictam
2544 1550 2605 1604 iis
2645 1551 2732 1619 qui
2778 1568 2879 1605 non
2927 1563 3173 1622 noverunt
3212 1552 3410 1617 Deam,
3445 1565 3496 1605 et
3526 1556 3608 1622 qui
3632 1573 3706 1608 seu

2147 1637 2385 1691 obediunt
2415 1641 2672 1710 evangelio
2700 1639 2908 1696 Domini
2926 1620 3111 1696 .nostri
3138 1644 3265 1697 Iesu
3291 1644 3520 1698 Christi.
3540 1620 3620 1709 Si,
3643 1648 3707 1714 qui

2147 1731 2423 1800 evangelio
2474 1748 2579 1787 non
2609 1734 2879 1799 obedinnt,
2919 1734 3049 1789 dant
3082 1751 3266 1805 ρωπος
3299 1754 3312 1789 :
3345 1737 3471 1806 qui,
3520 1748 3704 1804 praete.

2145 1834 2305 1890 quam
2351 1822 2493 1891 quod
2523 1838 2627 1877 non
2656 1824 2934 1889 obediunt,
2966 1841 3062 1879 vos
3086 1827 3246 1879 etiam
3281 1826 3569 1896 afﬂigunt,
3614 1830 3706 1896 quid

2146 1928 2252 1967 non
2281 1914 2589 1983 patientur?
2614 1916 2988 1987 Contemplare
3008 1928 3185 1973 autem
3211 1919 3333 1988 ejus
3350 1920 3703 1989 prudentiam:

2145 2019 2253 2059 non
2277 2004 2411 2059 dixit
2432 2005 2643 2077 hic,qui
2670 2022 2768 2062 vos
2796 2007 3053 2079 afﬂigunt,
3074 2009 3191 2075 sed,
3220 2010 3325 2075 Qui
3347 2028 3461 2063 non
3488 2012 3704 2064 absiliunt.

2144 2095 2260 2164 Quo
2290 2097 2349 2150 fit
2373 2106 2431 2151 ut
2468 2098 2803 2154 etiamsinon
2835 2109 3050 2170 propter
3078 2116 3194 2163 vos,
3244 2111 3485 2170 prepter

2144 2202 2366 2243 necesse
2387 2188 2456 2243 sit
2484 2204 2579 2245 eos
2604 2191 3005 2260 punire.Atque
3032 2190 3137 2247 hoc
3165 2192 3393 2260 quidem
3418 2192 3702 2253 dictumest

2144 2289 2311 2336 uteos
2333 2280 2520 2336 reddat
2543 2282 2821 2349 certiores,
2837 2282 2976 2352 quod
3001 2297 3095 2337 eos
3119 2284 3347 2336 omnino
3370 2283 3561 2352 puniri
3577 2300 3701 2352 opor-

2143 2381 2284 2439 teat;
2312 2373 2377 2428 iis
2422 2383 2621 2440 autem,
2652 2391 2773 2447 qua:
2815 2377 2960 2444 prius
2995 2375 3159 2441 dixit,
3202 2376 3349 2446 quod
3394 2392 3498 2430 eos
3534 2393 3704 2446 quoque

2141 2475 2390 2536 oporteat
2436 2466 2707 2522 honorari.
2764 2468 2845 2523 Ad
2900 2467 3229 2523 credendum
3278 2484 3421 2538 ergo
3480 2469 3597 2522 illos
3643 2474 3704 2521 ω.

2140 2554 2289 2611 ducit
2311 2557 2548 2612 nuntiata
2572 2559 2819 2629 supplicii
2840 2559 3106 2615 certitudo
3127 2576 3142 2625 ;
3161 2559 3228 2613 ad
3262 2560 3569 2614 laetandum
3590 2577 3703 2623 rem,

2139 2649 2281 2718 quod
2310 2659 2527 2720 propter
2548 2653 2683 2705 mala
2712 2651 2815 2706 sibi
2842 2652 2983 2706 illata
3012 2653 3128 2707 htec
3158 2653 3464 2721 patiantur.
3488 2653 3607 2707 Hec
3630 2656 3706 2707 illa

2138 2742 2353 2812 quidem
2401 2743 2545 2799 dicta
2593 2754 2737 2808 sunt,
2776 2744 2870 2799 sed
2902 2746 3056 2799 nobis
3110 2760 3331 2816 quoque
3378 2746 3701 2799 conveniant.

2140 2832 2368 2900 Quando
2393 2849 2522 2905 ergo
2571 2834 2830 2892 fuerimus
2880 2837 2932 2891 in
2974 2836 3393 2905 afﬂictionibus,
3428 2838 3551 2892 tunc
3576 2854 3703 2907 ηρεο

2138 2934 2332 2979 temus.

2208 3014 2286 3068 De
2310 3016 2634 3070 inimicorum
2658 3017 2909 3087 supplicio
2933 3035 3033 3071 non
3058 3018 3364 3072 laetandum.
3399 3049 3474 3058 —
3499 3018 3576 3073 Ne
3602 3019 3704 3073 alio—

2136 3123 2255 3162 rum
2284 3107 2527 3162 laetemur
2549 3109 2841 3178 supplicio,
2876 3121 3144 3180 tamquam
3186 3110 3257 3165 de
3290 3112 3497 3181 quibus
3522 3126 3701 3180 sumpt:

2136 3198 2207 3252 sit
2228 3198 2476 3263 vindicta,
2504 3198 2601 3252 sed
2624 3207 2680 3253 ut
2711 3200 2802 3270 qui
2823 3200 2990 3254 simus
3016 3201 3226 3256 liberati
3258 3216 3290 3255 a
3336 3203 3435 3256 tali
3466 3204 3698 3271 supplicio

2135 3298 2191 3345 et
2219 3305 2397 3360 poma.
2444 3289 2580 3358 Quid
2608 3291 2753 3345 enim
2802 3306 2900 3346 nos
2922 3291 3074 3361 juvat
3120 3292 3342 3363 quando
3394 3294 3496 3347 alii
3538 3294 3697 3347 fuci-inn

2135 3382 2340 3452 puniti?
2364 3381 2443 3437 Ne
2468 3383 2596 3450 sint,
2625 3398 2826 3455 qureso,
2876 3385 3009 3439 tales
3053 3385 3221 3438 nostri
3255 3385 3435 3438 animi
3464 3402 3480 3439 :
3508 3400 3538 3437 a
3564 3400 3696 3451 regno

2134 3475 2420 3530 incitemur
2441 3475 2507 3529 ad
2535 3474 2806 3529 virtutem.
2844 3475 2977 3530 Nam
2998 3476 3087 3546 qni
3111 3486 3193 3530 est
3219 3477 3408 3531 bonus
3436 3492 3501 3530 ac
3538 3478 3697 3529 virm:

2134 3567 2290 3621 valde
2318 3565 2595 3636 prmditus,
2623 3582 2795 3636 neque
2828 3581 2857 3620 a
2883 3567 3074 3622 timore
3104 3582 3283 3637 neque
3310 3583 3338 3620 a
3374 3583 3553 3637 regno
3578 3568 3697 3620 int!!-

2135 3659 2273 3711 citur
2302 3657 2365 3711 ad
2395 3658 2666 3722 virtutem,
2694 3656 2787 3711 sed
2817 3668 3033 3727 prepter
3062 3658 3235 3727 ipsum
3259 3657 3569 3719 Christum,
3594 3660 3696 3711 sica:

2135 3749 2361 3804 faciebat
2387 3750 2605 3804 Paulus.
2636 3748 2742 3804 Sed
2772 3765 2870 3804 nos
2890 3753 3183 3820 cogitemus
3205 3749 3346 3805 bona
3380 3768 3505 3820 qua:
3528 3762 3639 3805 sunt
3658 3753 3693 3802 ia

2137 3856 2324 3910 regno,
2357 3848 2411 3894 et
2443 3840 2579 3894 mala
2610 3856 2728 3910 qua:
2750 3850 2874 3895 sunt
2900 3843 2951 3895 in
2981 3842 3219 3910 gebenna
3254 3860 3268 3896 :
3303 3843 3385 3897 sic
3409 3844 3601 3898 saltem
3622 3857 3695 3894 ars

2134 3947 2520 4002 componamus
2546 3942 2598 3987 et
2620 3933 2951 3997 erudiamus;
2984 3935 3063 3989 sic
3084 3949 3183 3988 nos
3214 3936 3362 4004 ipsos
3407 3936 3695 3990 inducamss

2139 4024 2208 4079 ad
2237 4040 2299 4080 ea
2326 4040 2444 4095 qua:
2471 4034 2596 4078 sunt
2640 4026 2865 4093 agenda.
2895 4024 3119 4092 Quando
3148 4025 3351 4079 videris
3396 4028 3599 4095 aliquid
3622 4027 3693 4078 bo»

2136 4132 2263 4169 num
2290 4125 2345 4170 et
2373 4129 2619 4184 magnum
2644 4116 2695 4168 in
2728 4116 2976 4185 praesenti
3006 4115 3135 4180 vita,
3167 4117 3344 4184 cogita
3376 4133 3625 4187 regnum.
3656 4128 3698 4167 et

2137 4206 2189 4261 id
2222 4206 2350 4259 nihil
2382 4220 2509 4273 esse
2561 4206 2892 4260 existimabis
2925 4224 2939 4260 :
2968 4206 3181 4275 quando
3230 4209 3526 4274 terribile,
3552 4208 3695 4275 cogita

2134 4298 2455 4370 gehennam,
2478 4306 2533 4352 et
2554 4298 2799 4352 irridebis
2828 4315 2841 4350 :
2871 4298 3083 4368 quando
3106 4309 3157 4353 te
3175 4300 3443 4354 invaserit
3466 4300 3695 4369 cupidius

2136 4390 2451 4459 corporalis,
2504 4399 2692 4458 reputa
2731 4390 2928 4459 ignem,
2960 4400 3145 4459 reputa
3191 4400 3246 4445 et
3288 4392 3469 4461 ipsius
3523 4402 3694 4460 pecua

2136 4482 2485 4551 voluptatem,
2507 4480 2650 4550 quod
2693 4481 2889 4535 nullius
2918 4480 2988 4534 sit
3033 4482 3210 4550 pretii,
3242 4482 3393 4551 quod
3430 4498 3502 4537 ne
3538 4482 3699 4533 habnt

2137 4572 2354 4647 quidem
2405 4571 2754 4641 voluptatem.
2787 4571 2842 4626 Si
2884 4572 3025 4626 enim
3086 4572 3284 4642 legunt,
3321 4589 3449 4642 quae
3487 4574 3575 4627 hic
3599 4582 3699 4625 sui

2138 4663 2284 4729 latae,
2307 4671 2481 4716 metus
2507 4670 2707 4716 tantam
2731 4664 2837 4716 vim
2864 4662 3039 4727 habet,
3070 4673 3129 4717 ut
3154 4680 3252 4717 nos
3279 4680 3307 4716 a
3340 4665 3526 4734 pravis
3555 4662 3697 4717 abde-

2138 4763 2224 4810 cat
2243 4755 2561 4815 actionibus.
2587 4755 2754 4808 multo
2778 4755 2946 4824 magis
2966 4754 3267 4809 futurorum
3292 4760 3584 4813 memoria.
3600 4770 3701 4819 ειψ-

2140 4849 2361 4919 plicium
2382 4847 2707 4910 immortale,
2734 4863 2888 4917 pmna
2909 4848 3233 4916 sempiterna
3260 4867 3274 4900 :
3297 4849 3340 4902 si
3378 4860 3557 4902 metus
3582 4850 3697 4915 rch

2142 4941 2342 4998 terreni
2377 4955 2406 4993 a
2436 4950 2541 4994 tam
2572 4941 2751 4994 multis
2784 4956 2885 4996 nos
2922 4940 3136 4995 abducit
3168 4942 3346 5004 malis,
3382 4952 3587 5011 quanto
3612 4955 3703 4993 Il-

2139 5038 2220 5107 gis
2256 5046 2432 5092 metus
2475 5036 2660 5090 aeterni
2708 5036 2907 5106 Regis?
2938 5036 3219 5103 Quomodo
3262 5051 3397 5104 ergo
3428 5038 3700 5105 poterim

2140 5127 2354 5181 assidue
2382 5134 2579 5179 metum
2604 5126 2838 5180 habere?
2857 5125 2912 5181 Si
2942 5125 3251 5194 frequenter
3277 5126 3563 5178 audiamus
3580 5122 3701 5176 Sed!

2142 5228 2347 5290 pturas.
2380 5216 2512 5271 Nam
2543 5216 2588 5271 si
2614 5217 2806 5270 mortui
2826 5216 2968 5271 solus
2992 5226 3315 5284 conspectus
3341 5217 3581 5269 animum
3621 5228 3699 5263 ao-

2142 5320 2310 5364 strum
2354 5309 2425 5363 ita
2451 5308 2697 5377 reprimit
2726 5326 2737 5360 :
2767 5317 2963 5378 quanto
2992 5308 3161 5377 magis
3190 5308 3443 5377 gehenna
3494 5318 3547 5360 et
3588 5304 3700 5372 ing

2141 5402 2231 5472 qui
2272 5401 2458 5470 nequit
2492 5398 2792 5470 exstingui?
2822 5408 3023 5467 quanto
3053 5399 3222 5468 magis
3265 5399 3469 5451 verutis
3498 5396 3587 5465 qui
3612 5410 3699 5445 uel

2142 5492 2403 5547 moritur?
2432 5489 2485 5545 Si
2517 5490 2816 5559 gehennam
2843 5504 3055 5558 semper
3078 5490 3397 5558 cogitemus,
3419 5503 3519 5541 non
3547 5489 3705 5538 citata

2144 5599 2262 5638 eam
2307 5584 2618 5637 incidemus.
2675 5582 2962 5650 Propterea
3012 5581 3336 5650 supplicium
3385 5582 3705 5633 mimtnsest

2146 5675 2307 5731 Deus.
2336 5676 2389 5730 Si
2414 5675 2544 5729 illud
2572 5674 2806 5745 cogitare
2833 5689 2938 5727 non
2983 5689 3233 5742 magnum
3261 5673 3474 5741 aliquod
3505 5672 3709 5723 habens

2150 5768 2381 5831 lucrum,
2413 5782 2517 5819 non
2559 5765 2666 5833 jam
2694 5766 2925 5819 minatus
2962 5776 3104 5818 esset
3147 5765 3289 5819 Deus
3315 5783 3327 5816 :
3350 5764 3443 5817 sed
3473 5776 3705 5832 mm»:

2149 5860 2276 5927 ejus
2307 5857 2605 5911 recordatio
2631 5858 2770 5911 valet
2802 5856 2869 5911 ad
2900 5872 2984 5912 res
3013 5873 3230 5925 magnas
3267 5866 3412 5910 recte
3430 5855 3704 5924 gerendas.

2152 5961 2458 6019 propterea,
2480 5961 2731 6019 tanquam
2759 5950 2991 6003 salutare
3013 5947 3223 6018 aliquod
3249 5948 3703 6003 medicamentum
