3834 6512
124 429 227 485 475

120 545 362 600 Μάλιστα
382 541 481 612 μέν
499 536 592 595 οὗν
612 541 707 594 καὶ
735 540 796 594 τὸ
807 540 915 595 τῶν
931 541 1357 614 ἐπηγγελμένων
1375 541 1594 612 ἀγαθῶν
1616 540 1692 613 μὴ

117 630 217 699 ῆδη
240 626 552 688 ἀπολαύειν,
587 624 863 695 ὑπομονῆς
895 626 1011 678 ἐστι
1036 643 1052 658 ·
1088 625 1183 679 νῦν
1233 626 1289 679 δὲ
1328 627 1422 680 καὶ
1468 626 1693 697 μείζονα

118 714 264 782 λέγει
296 711 593 780 ὑπομονήν.
635 709 801 763 Ποίαν
830 709 895 780 δὴ
917 708 1157 781 ταύτην;
1192 712 1305 781 Τὴν
1339 711 1428 764 διὰ
1456 712 1566 764 τῶν
1616 711 1692 764 δι-

114 796 340 866 ωγμῶν.
388 796 509 847 Ὀτι
546 792 603 847 δὲ
626 792 829 861 ταύτην
859 792 1175 859 αἰνίττεται,
1216 794 1373 865 δῆλον
1415 795 1476 859 ἐξ
1501 788 1577 848 ὧν
1603 796 1694 846 ἐπ-

116 884 238 945 ἀγει
266 878 361 931 καὶ
388 877 536 945 λέγει
555 892 572 909 ο
615 877 713 929 Ἑν
750 875 902 934 πᾶσι
933 877 1059 943 τοῖς
1099 876 1375 947 διωγμοῖς
1397 876 1565 947 ὑμῶν
1593 877 1691 929 καὶ

114 963 244 1028 ταῖς
260 962 544 1029 θλίψεσιν
570 955 666 1027 αῖς
689 960 998 1030 ἀνέχεσθε.
1030 960 1312 1029 Πολεμίοις
1326 958 1433 1031 γάρ
1456 959 1694 1023 συνέζων

113 1045 377 1115 «διηνεκῶς
404 1044 671 1098 πάντοθεν
697 1044 952 1113 βλάπτειν
1007 1043 1366 1114 ἐπιχειροῦσι,
1408 1043 1505 1096 καὶ
1538 1045 1695 1115 στερ-

116 1130 217 1199 ῥάν
250 1129 345 1181 καὶ
385 1128 640 1200 ἀκίνητον
686 1127 785 1199 τὴν
815 1128 1097 1199 ὑπομονὴν
1146 1128 1543 1183 ἐπεδείκνυντο.
1598 1129 1694 1181 Αἱ-

116 1212 499 1281 σχυνέσθωσαν
519 1212 633 1265 ὅσοι
655 1210 743 1265 διὰ
770 1211 1104 1283 προστασίαν
1133 1210 1437 1282 ἀνθρώπων
1461 1211 1541 1274 είς
1572 1210 1693 1279 δόγ-

118 1313 265 1365 ματα
296 1296 667 1366 μεθίστανται.
714 1294 836 1349 Ἔτι
863 1294 973 1365 γάρ
990 1295 1165 1367 ἀρχῆς
1193 1294 1361 1365 οὔσης
1373 1294 1467 1347 τοῦ
1486 1294 1694 1365 κηρύγ-

116 1396 306 1451 ματος,
342 1380 618 1450 ἀνθρωποι
647 1379 880 1450 πένητες
905 1381 1000 1433 καὶ
1029 1379 1139 1433 ἀπὸ
1168 1378 1270 1448 τῆς
1317 1378 1694 1450 καθημερινῆς

114 1462 317 1527 ζῶντες
354 1463 617 1533 ἐργασίας
670 1462 807 1535 πρὸς
864 1462 1063 1535 ἀνδρας
1106 1462 1551 1531 πολιτευομένους
1600 1462 1695 1514 καλ⁸

114 1546 371 1616 πρώτους
398 1548 499 1615 τῆς
536 1546 745 1610 πόλεως
786 1546 987 1619 ἔχθρας
1027 1546 1363 1617 ἀνεδέχοντο,
1387 1544 1517 1599 οὑτε
1540 1545 1694 1615 βασι-

111 1629 273 1695 λέως,
310 1629 433 1683 οὔτε
462 1631 721 1702 ἄρχοντος
748 1631 900 1693 ὄντος
931 1647 1032 1684 που
1058 1630 1273 1695 πιστοῦ,
1316 1630 1411 1683 καὶ
1454 1628 1695 1698 πόλεμον

111 1715 424 1787 ἀκήρυκτον
450 1714 760 1784 ὑφίσταντο,
780 1714 875 1769 καὶ
892 1714 1015 1767 οὑδὲ
1042 1712 1216 1776 οὕτως
1232 1714 1533 1779 ἐξίσταντο.
1557 1715 1694 1766 Ἕν-

111 1799 322 1868 δειγμα
348 1798 455 1868 τῆς
481 1799 715 1865 δικαίας
757 1801 1007 1868 κρίσεως
1032 1798 1141 1853 τοῦ
1181 1798 1349 1853 Θεοῦ.
1405 1798 1548 1865 Ὅρα
1578 1798 1695 1861 πῶς

30 1922 31 1925 η
113 1885 304 1947 αὐτοῖς
329 1884 546 1953 συνάγει
566 1884 664 1956 τὴν
705 1884 1078 1955 παραμυθίαν.
1116 1878 1303 1950 Εἶπεν,
1341 1883 1423 1936 ὃτι
1458 1883 1695 1954 Εὑχαρι-

112 1967 352 2037 στοῦμεν
376 1967 454 2038 τῷ
477 1967 618 2039 Θεῷ,
643 1963 815 2031 εἶπεν,
836 1968 918 2021 ὅτι
943 1964 1289 2039 Καυχώμεθα
1315 1966 1467 2037 παρὰ
1485 1966 1695 2036 ἀνθρώ-

110 2069 260 2115 ποις.
289 2051 443 2105 Καλά
476 2052 573 2123 μὲν
601 2048 696 2105 οὖν
722 2053 816 2105 καὶ
845 2050 1019 2105 ταῦτα
1043 2068 1056 2080 ·
1085 2049 1201 2103 ἀλλ’
1227 2049 1255 2102 ὃ
1283 2050 1518 2120 μάλιστα
1543 2050 1697 2119 ζητεί

106 2138 138 2188 6
193 2134 548 2205 ὀδυνώμενος,
590 2134 746 2189 τοῦτό
786 2136 955 2197 ἐστιν,
991 2132 1309 2205 ἀπαλλαγὴν
1342 2132 1451 2187 τῶν
1484 2133 1692 2195 κακῶν,

107 2219 210 2271 καὶ
272 2219 542 2289 τιμωρίαν
592 2218 701 2273 τῶν
746 2217 932 2281 κακῶς
993 2216 1190 2280 αὑτοὺς
1254 2215 1602 2270 διατιθέντων
1642 2227 1690 2269 α.

108 2307 291 2361 Ὅταν
327 2308 435 2378 γὰρ
469 2306 701 2377 ἀσθενὴς
805 2308 839 2378 ἡ
870 2304 1036 2377 ψυχὴ,
1086 2304 1257 2359 ταῦτα
1298 2304 1533 2376 μάλιστα
1574 2305 1695 2356 ἐπι-

105 2392 367 2462 ζητεῖοὴ
400 2393 508 2463 γάρ
562 2390 868 2460 φιλόσοφος,
916 2390 1037 2443 ούδέ
1079 2388 1256 2443 τοῦτο.
1314 2389 1382 2442 Τί
1411 2385 1505 2443 οῦν
1550 2391 1697 2442 ἐστιν

103 2478 134 2530 ὃ
163 2492 356 2544 φησιν,
381 2474 694 2544 Ἕνδειγμα
717 2471 827 2541 τῆς
851 2473 1084 2541 δικαίας
1108 2474 1357 2542 κρίσεως
1382 2472 1489 2527 τοῦ
1515 2471 1663 2527 Θεοῦ
1677 2487 1696 2535 ;

108 2560 262 2631 Ἤδη
300 2560 399 2631 τὴν
452 2558 802 2612 ἀνταπόδοσιν
853 2556 1074 2629 ᾐνίξατο
1118 2557 1405 2628 ἑκατέραν,
1460 2557 1554 2611 καὶ
1596 2556 1698 2626 τὴν

102 2646 225 2697 τῶν
257 2643 555 2697 ποιούντων
601 2642 811 2707 κακῶς,
843 2643 937 2695 καὶ
965 2640 1064 2713 τὴν
1104 2641 1212 2696 τῶν
1241 2642 1557 2712 πασχόντων
1578 2657 1592 2670 °
1620 2641 1697 2705 ὡς

104 2730 183 2781 ἂν
215 2730 266 2781 εί
297 2728 513 2796 ἔλεγεν·
552 2727 640 2791 ἵν’,
661 2727 789 2780 ὅταν
816 2726 960 2797 ὑμᾶς
1003 2726 1101 2797 μὲν
1140 2728 1413 2796 στεφανοῖ,
1455 2726 1698 2789 ἐκείνους

99 2814 166 2866 δὲ
202 2812 441 2886 κολάζῃ,
483 2809 791 2881 δεικνύηται
842 2810 905 2862 τὸ
949 2809 1156 2864 δίκαιον
1204 2809 1298 2862 τοῦ
1343 2810 1500 2865 Θεοῦ.
1543 2811 1698 2881 Ἀμςι

99 2897 316 2960 αὐτοὺς
326 2897 418 2949 καὶ
440 2895 864 2965 παραμυθεῖται,
892 2894 1103 2958 δεικνὺς
1120 2895 1200 2947 ὅτι
1226 2894 1332 2948 ἀπὸ
1351 2894 1461 2947 τῶν
1480 2896 1697 2949 οἰκείων

98 2980 298 3034 πόνων
317 2980 409 3033 καλ⁵
434 2979 539 3033 τῶν
559 2977 799 3050 ἱδρώτων
822 2978 913 3031 καί
938 2976 1080 3031 κατὰ
1105 2980 1195 3031 τὸν
1223 2978 1325 3048 τῆς
1348 2978 1697 3049 δικαιοσύνης

96 3067 277 3134 λόγον
343 3063 747 3134 στεφανοῦνται.
814 3061 975 3115 Ἀλλά
1058 3062 1323 3133 πρότερον
1378 3063 1571 3133 ,τίθησι
1635 3065 1697 3137 τὸ

96 3148 321 3203 αὑτῶν.
373 3148 437 3202 Εἰ
481 3148 589 3216 γάρ
632 3146 727 3199 καὶ
769 3146 974 3218 σφόδρα
1005 3145 1265 3217 ἐπιθυμεῖ
1290 3163 1375 3211 τις
1414 3146 1513 3219 τὴν
1548 3146 1695 3201 ἐκδι-

98 3232 269 3297 κίαν,
310 3230 438 3285 ἀλλά
498 3230 762 3300 πρότερον
804 3229 912 3283 τῶν
959 3228 1211 3284 ἐπάθλων
1267 3229 1543 3303 ὀρέγεται.
1598 3230 1696 3285 Διὰ

92 3314 275 3369 τοῦτο
319 3316 411 3368 καὶ
450 3313 647 3381 ἐπάγει
710 3312 886 3380 λέγων
918 3328 931 3342 ·
982 3315 1087 3377 El;
1136 3312 1203 3365 τὸ
1256 3313 1696 3383 καταξιωθῆναι

87 3399 272 3469 ὑμᾶς
302 3398 410 3466 τῆς
436 3396 758 3462 βασιλείας
808 3396 916 3450 τοῦ
951 3396 1120 3461 Θεοῦ,
1173 3396 1326 3465 ὑπὲρ
1361 3394 1435 3468 ἧς
1462 3400 1562 3452 καὶ
1586 3398 1697 3451 πά-

88 3500 317 3552 σχετε.
354 3484 466 3535 Οὐκ
516 3481 624 3551 ἄρα
680 3475 774 3533 οὖν
820 3479 927 3533 ἀπὸ
967 3479 1061 3533 τοῦ
1113 3479 1512 3550 δυνατωτέρους
1554 3476 1695 3536 εἶναι

84 3570 236 3632 τοὺς
282 3565 597 3629 ἀδικοῦντας
652 3563 810 3618 τοῦτο
859 3562 1088 3633 γίνεται,
1140 3563 1255 3619 ἀλλ’
1304 3565 1410 3618 ἀπὸ
1448 3564 1544 3618 τοῦ
1583 3566 1695 3619 δεῖν

84 3650 288 3713 οὓτως
318 3652 397 3713 είς
424 3648 520 3720 τὴν
557 3646 836 3717 βασιλείαν
875 3646 1121 3701 εἰσιέναι.
1166 3646 1271 3701 Διὰ
1308 3646 1557 3701 πολλῶν
1585 3647 1694 3718 γὰρ

84 3735 403 3803 θλίψεων,
433 3734 585 3802 φησὶ,
608 3731 705 3786 δεῖ
730 3729 889 3801 ἡμᾶς
919 3730 1217 3785 εἰσελθεῖν
1252 3734 1340 3796 εἰς
1379 3734 1494 3799 τὴν
1522 3732 1697 3797 ,ϐασι-

82 3818 289 3871 λείαν
333 3814 438 3869 τοῦ
482 3814 652 3870 Θεοῦ.
696 3815 882 3882 Εἵπερ
921 3812 1155 3867 δίκαιον
1190 3814 1351 3883 παρὰ
1396 3814 1517 3881 Θεῷ
1551 3817 1693 3869 άντ-

83 3900 450 3955 αποδοῦναι
478 3896 600 3965 τοῖς
622 3899 940 3953 θλίϐουσιν
964 3896 1123 3966 ὑμᾶς
1160 3897 1391 3967 θλῖψιν,
1424 3900 1524 3953 καὶ
1552 3898 1696 3969 ὑμῖν

79 3984 237 4050 τοῖς
294 3980 662 4053 θλιϐομένοις
689 3981 904 4035 ἄνεσιν
925 3981 1055 4050 μεθ’
1082 3980 1250 4050 ἡμῶν
1275 4022 1291 4048 ,
1336 3981 1407 4035 ἐν
1446 3980 1524 4051 τῇ
1550 3984 1695 4037 ἀπο-

81 4067 381 4134 καλύψει
414 4064 521 4119 τοῦ
566 4065 787 4132 Κυρίου
839 4064 1047 4131 Ἰησοῦ
1097 4064 1199 4119 ἀπ’
1249 4065 1512 4133 οὐρανοῦ
1563 4067 1693 4137 μετ’

80 4151 387 4221 ἀγγέλων
412 4147 715 4217 δυνάμεως
740 4147 946 4202 αὐτοῦ.
973 4148 1065 4211 Τὸ,
1086 4148 1273 4217 εἴπερ,
1313 4148 1546 4203 ἐνταῦθα
1572 4152 1694 4205 ἀντὶ

80 4235 207 4289 τοῦ
227 4276 243 4298 ,
277 4232 429 4299 ἐπεὶ,
450 4234 626 4285 κεῖται
652 4248 666 4263 ’
698 4233 834 4302 ὅπερ
864 4232 958 4284 ἐπὶ
989 4231 1099 4284 τῶν
1151 4232 1357 4303 σφόδρα
1400 4232 1693 4303 ὁμολογου-

87 4319 301 4391 μένων
313 4317 406 4369 καὶ
434 4317 594 4387 ἡμεῖς
613 4314 836 4387 τίθεμεν
861 4316 955 4368 καὶ
975 4315 1404 4387 ἀναπιρῤήτων·
1430 4319 1551 4371 ἀντὶ
1573 4318 1691 4383 τοῦ,

89 4400 329 4471 σφόδρα
365 4398 591 4452 δίκαιον.
640 4399 704 4451 Et
736 4397 942 4451 δίκαιόν
981 4400 1118 4463 ἐστι,
1155 4400 1321 4469 φησὶ,
1365 4403 1515 4471 παρά
1575 4402 1695 4472 Θεῷ

87 4483 345 4545 τούτους
397 4479 724 4552 ἀμύνασθαι,
782 4481 1000 4544 πάντως
1051 4482 1362 4551 ἀμυνεῖται·
1425 4484 1500 4547 ὠς
1542 4484 1608 4538 ἂν
1647 4488 1694 4538 εί

85 4567 313 4635 ἔλεγεν
339 4582 354 4598 ο
379 4566 425 4617 εἰ
452 4564 604 4635 μέλει
642 4564 721 4635 τῷ
766 4564 888 4635 Θεῷ
920 4564 1068 4636 [518]
1108 4564 1214 4618 τῶν
1244 4567 1605 4637 πραγμάτων,
1644 4570 1693 4621 εἰ

82 4648 396 4721 φροντίζει
426 4651 454 4702 6
490 4648 644 4711 Θεός.
686 4646 846 4702 Οῦτω
880 4649 973 4701 καὶ
1011 4647 1174 4712 αὑτὸς
1207 4648 1389 4718 τίθησι
1430 4650 1492 4703 τὸ
1526 4650 1693 4719 εἴπερ

816 422 882 479 ΙΝ
922 423 1137 481 EPIST.
1180 424 1223 479 ll
1276 423 1367 479 AD
1400 423 1735 481 THESSAL.
1774 424 1929 484 CAP.
1970 428 2012 487 Ι.
2052 426 2287 486 ΗοΜιι..
2326 430 2390 486 Π.

3278 436 3380 491 47ίῖ

1799 558 1911 606 σις’
1944 542 2073 606 τοὺς
2104 544 2395 608 κοινωνοὺς
2421 544 2530 617 γάρ
2559 546 2666 600 τῶν
2686 544 2917 615 θλίψεων
2948 546 3041 599 καὶ
3068 547 3127 600 ὲν
3156 550 3224 619 τῇ
3249 552 3375 603 ἀντ-

1795 625 2048 679 αποδόσει
2073 628 2362 690 κοινωνοὺς
2398 626 2545 698 ἔχειν
2581 629 2718 700 φησί
2764 628 2941 701 (τοῦτο
2983 630 3091 702 γάρ
3139 633 3256 685 ἐστι
3294 636 3377 698 τὸ,

1796 711 1935 764 Μεθ’
1954 708 2163 778 ημῶνΥ
2191 709 2479 765 συνάπτων
2506 713 2701 777 αὑτοὺς
2725 714 2783 766 ἐν
2810 717 2924 777 τοῖς
2947 716 3379 784 στεφάνοις,τοῖς

1793 794 1861 848 τὰ
1904 794 2075 863 μυρία
2120 792 2511 864 κατωρθωκόσι
2546 796 2641 848 καλ¹
2684 797 2922 866 μείζονα.
2980 794 3113 852 Εἶτα
3159 800 3254 853 καὶ
3289 801 3381 853 τὸν

1796 875 1985 945 καιρὸν
2010 875 2358 947 προστίθησι,
2391 878 2487 930 καὶ
2512 878 2599 932 διά
2619 878 2719 949 τῆς
2757 879 3084 952 ὑπογραφῆς
3111 883 3379 952 ἐπανάγει

1793 961 1892 1023 τάς
1915 960 2154 1024 διανοίας
2189 960 2401 1027 αὑτῶν,
2451 963 2736 1032 μονονουχὶ
2771 963 3004 1032 ἀνοίγων
3051 966 3131 1037 τῷ
3171 969 3379 1038 ῥήματι
3478 1012 3481 1015 .

1793 1047 1920 1110 τοὺς
1946 1046 2207 1117 οὐρανοὺς
2231 1046 2330 1116 ῆδη
2351 1086 2367 1111 ,
2412 1046 2506 1099 καὶ
2537 1048 2652 1109 τοῖς
2684 1046 2980 1118 ὀφθαλμοῖς
3015 1050 3197 1105 αὑτῶν
3232 1069 3378 1123 παρ-

1796 1130 1972 1193 ιστὰς,
1987 1131 2080 1183 καὶ⁸
2104 1128 2452 1200 περιτίθησιν
2475 1127 2627 1201 αὑτῷ
2643 1129 2744 1199 τὴν
2761 1130 3019 1201 στρατιὰν
3034 1133 3133 1203 τὴν
3156 1134 3379 1203 ἀγγελι-

1796 1212 1919 1283 κὴν,
1969 1214 2064 1267 καὶ
2104 1211 2213 1268 ἀπὸ
2258 1212 2352 1266 τοῦ
2392 1212 2577 1276 τόπου,
2621 1215 2717 1266 καὶ
2754 1214 2863 1267 ἀπὸ
2901 1215 3012 1268 τῶν
3060 1217 3179 1285 μετ’
3212 1219 3377 1271 αὑτοῦ

1796 1295 2140 1367 πλατυτέραν
2162 1296 2260 1367 τὴν
2290 1295 2475 1349 εἰκόνα
2503 1296 2696 1361 ποιῶν,
2712 1296 2856 1350 ὥστε
2887 1298 3084 1361 αὑτοὺς
3107 1300 3377 1354 ἀναπνεῦ-

1798 1397 1890 1433 σαι
1921 1380 2136 1451 μικρόν.
2175 1378 2286 1433 Καὶ
2309 1379 2453 1448 ὑμῖν
2472 1379 2596 1447 τοῖς
2620 1378 2994 1450 θλιϐομένοις
3010 1381 3227 1435 ἄνεσιν
3248 1385 3377 1451 μεθ’

1796 1462 1984 1532 ἡμῶν,
2005 1462 2190 1532 φησὶν,
2212 1463 2282 1516 ἐν
2316 1461 2393 1532 τῇ
2424 1462 2809 1531 ἀποκαλύψει
2840 1463 2945 1518 τοῦ
2977 1464 3201 1531 Κυρίου
3262 1466 3378 1533 ’1η-

1796 1544 1914 1600 σοῦ
1942 1546 2043 1600 ἀπ’
2066 1545 2330 1614 οὐρανοῦ
2354 1548 2484 1614 μετ’
2514 1546 2786 1616 ἀγγέλων
2814 1545 3124 1616 δυνάμεως
3165 1548 3374 1612 αὐτοῦ,

1794 1629 1864 1682 ἐν
1884 1627 2028 1695 πυρί
2048 1627 2577 1698 φλογὸςβιδόντος·
2603 1628 2919 1695 ἐκδίκησιν
2941 1629 3064 1695 τοῖς
3076 1628 3162 1699 μὴ
3184 1630 3375 1687 εἰδόσι

1798 1712 1965 1774 Θεὸν,
2008 1710 2106 1764 καί
2134 1710 2259 1776 τοῖς
2274 1710 2360 1778 μὴ
2391 1711 2773 1764 ὑπακούουσι
2799 1710 2878 1776 τῷ
2908 1714 3253 1782 Εὐαγγελίῳ
3272 1714 3378 1769 τοῦ

1795 1794 2020 1862 Κυρίου
2046 1792 2219 1862 ἡμῶν
2257 1792 2453 1860 Ἰησοῦ
2483 1791 2765 1860 Χριστοῦ.
2792 1794 2854 1846 Εἰ
2884 1795 2934 1846 οἱ
2957 1794 3034 1865 τῷ
3060 1796 3378 1869 Εὑαγγελίῳ

1798 1878 1873 1949 μὴ
1911 1876 2282 1940 ὑπακούοντες
2313 1875 2516 1929 διδόασι
2546 1876 2838 1946 τιμωρίαν,
2889 1878 2937 1930 οἱ
2979 1878 3074 1931 καὶ
3115 1882 3253 1949 μετά
3281 1882 3376 1936 τοῦ

1798 1962 1872 2031 μὴ
1906 1959 2215 2015 ὑπακοῦσαι
2243 1959 2519 2022 θλίϐοντες
2551 1960 2716 2029 ὑμᾶς,
2746 1958 2800 2011 τί
2837 1959 2899 2012 οὑ
2932 1959 3242 2027 πείσονται;
3267 1962 3377 2018 Θέα

1794 2046 1851 2098 δέ
1880 2062 1969 2115 μοι
2007 2044 2223 2098 σύνεσιν
2257 2060 2271 2075 ·
2304 2044 2407 2096 οὑκ
2446 2037 2599 2096 εἶπεν
2635 2043 2868 2097 ἐνταῦθα
2891 2085 2905 2108 ,
2946 2048 3059 2109 τοῖς
3102 2046 3377 2100 θλίϐουσιν

1797 2130 1963 2199 ὑμᾶς,
2008 2126 2166 2193 ἀλλὰ,
2221 2127 2351 2194 Τοῖς
2389 2126 2477 2197 μὴ
2520 2129 2961 2183 ὑπακούουσιν.
2998 2130 3159 2183 Ὥστε
3196 2131 3244 2183 εἰ
3281 2133 3377 2182 καὶ

1801 2213 1877 2284 μὴ
1914 2213 1983 2265 δι’
2005 2212 2170 2282 ὑμᾶς,
2189 2211 2256 2265 δι’
2288 2211 2481 2265 ἑαυτὸν
2514 2210 2751 2279 ἀνάγκη,
2772 2211 2925 2280 φησὶ,
2953 2212 3375 2283 τιμωρήσασθαι

1797 2295 2014 2359 αὑτούς.
2058 2294 2229 2349 Τοῦτο
2269 2296 2367 2366 μὲν
2411 2288 2503 2348 οὑν
2541 2294 2682 2365 ὑπὲρ
2726 2293 3103 2366 πληροφορίας
3134 2295 3373 2367 εἴρηται,

1797 2380 1879 2433 ὄτι
1919 2380 2137 2442 πάντως
2182 2378 2378 2442 αὑτοὺς
2428 2377 2758 2448 κολασθῆναι
2799 2377 2907 2431 δεῖξ’
2934 2378 2998 2430 τὸ
3027 2379 3085 2431 δέ
3113 2379 3375 2450 πρότερον

1798 2465 1940 2539 ὑπὲρ
1967 2464 2062 2518 τοῦ
2087 2462 2182 2516 καὶ
2203 2463 2401 2526 αὑτοὺς
2431 2461 2885 2532 τετιμῆσθαιάΤδ
2912 2462 3010 2532 μὲν
3034 2458 3127 2515 οῦν
3154 2462 3377 2515 πιστεῦο

1800 2566 1891 2604 σαι
1922 2551 1957 2620 ή
1996 2549 2136 2618 ὑπὲρ
2179 2547 2279 2618 τῆς
2320 2546 2597 2619 τιμωρίας
2634 2546 2981 2617 πληροφορία
3022 2547 3198 2599 ποιεῖ·
3229 2547 3290 2598 τὸ
3319 2547 3376 2600 δὲ

1796 2633 2063 2704 ἡσθῆναι,
2118 2633 2201 2685 ὄτι
2244 2630 2388 2701 ὑπὲρ
2439 2630 2555 2684 τῶν
2614 2631 2695 2693 είς
2741 2630 2938 2693 αὑτοὺς
2992 2630 3377 2699 γεγενημένων

1796 2716 1969 2770 ταῦτα
1997 2716 2286 2785 πάσχουσι.
2318 2714 2505 2768 Ταῦτα
2546 2714 2763 2785 εἴρηται
2802 2714 2901 2783 μὲν
2944 2712 3081 2781 πρὸς
3112 2713 3375 2774 ἐκείνους,

1798 2800 2025 2871 ἁρμόζει
2053 2798 2109 2851 δὲ
2134 2800 2229 2853 καὶ
2261 2799 2415 2869 ἡμῖν.
2461 2798 2631 2851 Ὅταν
2664 2793 2759 2851 οὖν
2814 2798 2872 2848 ἐν
2921 2795 3168 2866 θλίψεσιν
3201 2790 3373 2866 ὦμεν,

1796 2883 1969 2938 ταῦτα
1998 2880 2198 2951 λογιζώ
2207 2881 2369 2952 μεθα.

1866 3023 1958 3095 Μὴ
1977 3026 2045 3095 τῇ
2077 3022 2281 3093 ἐτέρων
2308 3020 2552 3091 τιμωρίᾳ
2578 3019 2859 3091 χαίρωμεν
2882 3019 2958 3083 ῶς
2978 3020 3372 3090 ἐκδικούμενοι.

1796 3108 1910 3162 ἀλλ’
1953 3108 2029 3170 ὡς
2066 3105 2221 3158 αὑτοὶ
2282 3103 2539 3173 τοιαύτης
2581 3103 3052 3173 ἀπαλλαττόμενοι
3101 3103 3376 3166 κολάσεως

1796 3194 1894 3248 καὶ
1919 3190 2215 3263 τιμωρίας.
2256 3187 2322 3240 Τί
2352 3187 2464 3259 γὰρ
2503 3188 2637 3257 ἡμῖν
2663 3187 2877 3258 ὄφελος,
2912 3188 3042 3241 ὅταν
3076 3188 3253 3258 ἕτεροι
3280 3205 3376 3241 κο-

1795 3275 2069 3339 λασθῶσι;
2106 3274 2197 3344 Μὴ
2237 3272 2472 3343 ἔχωμεν,
2514 3272 2840 3345 παρακαλῶ,
2874 3272 3133 3335 τοιαύτας
3171 3272 3373 3342 ψυχὰς,

1795 3362 1903 3416 ἀπὸ
1929 3360 2026 3429 τῆς
2059 3358 2335 3429 βασιλείας
2371 3356 2814 3429 προτρεπώμεθα
2846 3357 2983 3429 πρὸς
3033 3358 3256 3430 ἀρετήν.
3312 3358 3374 3409 'U

1799 3447 1897 3517 μὲν
1922 3444 2031 3515 γὰρ
2051 3442 2256 3514 σφόδρα
2279 3440 2535 3509 ἐνάρετος
2569 3438 2694 3493 οὔτε
2723 3440 2833 3495 ἀπὸ
2858 3441 3068 3510 σφόὸου,
3103 3440 3229 3494 οὑτε
3266 3440 3377 3493 ἀπὸ

1798 3526 2080 3599 βασιλείας
2123 3525 2411 3593 ἐνάγεται,
2460 3522 2598 3577 ἀλλὰ
2651 3524 2720 3577 δι’
2769 3524 2932 3577 αὑτὸν
2966 3524 3055 3577 τὸν
3101 3523 3374 3594 Χριστόν·

1795 3611 2051 3679 καθάπερ
2080 3606 2291 3669 Παῦλος
2315 3606 2508 3660 ἐποίει.
2543 3607 2691 3678 Πλὴν
2720 3609 2883 3678 ἡμεῖς
2918 3606 3187 3678 ἐννοῶμεν
3216 3605 3286 3660 τὰ
3315 3608 3386 3658 ἐν

1793 3697 1861 3765 τῇ
1899 3690 2145 3763 βασιλείᾳ
2172 3689 2373 3758 ἀγαθὰ,
2395 3688 2463 3742 τά
2491 3690 2549 3742 ἐν
2580 3692 2646 3759 τῇ
2682 3689 2871 3760 γεέννῃ
2925 3690 3092 3754 κακὰ,
3136 3689 3230 3742 καὶ
3271 3688 3384 3741 κᾶν

1794 3775 1968 3840 οὕτως
1992 3776 2217 3838 ἑαυτοὺς
2241 3772 2593 3846 ρυθμίζωμεν
2616 3776 2706 3827 καὶ
2730 3774 3185 3843 παιδαγωγῶμεν,
3203 3771 3379 3831 οὑτως

1796 3860 2024 3922 ἑαυτοὺς
2063 3858 2346 3929 ἐνάγωμεν
2382 3858 2519 3928 πρὸς
2549 3858 2619 3910 τὰ
2660 3859 2930 3929 πρακτέα.
2963 3858 3133 3911 Ὅταν
3176 3857 3293 3927 ἴδῃς
3322 3873 3376 3907 τι

1794 3944 2030 4016 χρηστὸν
2061 3943 2155 3996 καλ⁸
2187 3942 2327 4013 μέγα
2367 3942 2427 3993 ἐν
2466 3939 2545 4010 τῷ
2575 3941 2801 4011 παρόντι
2832 3940 2952 4011 βίῳ,
2987 3941 3238 4011 ἐννόησον
3275 3940 3383 4009 τὴν

1800 4027 2099 4098 βασιλείαν,
2148 4025 2241 4079 καὶ¹
2290 4023 2443 4077 οὐδὲν
2478 4024 2610 4078 αὑτὸ
2645 4024 2915 4094 νομίσεις·
2954 4026 3082 4078 ὅταν
3122 4023 3371 4095 φοϐερὸν,

1796 4112 2046 4181 ἐννόησον
2077 4109 2176 4180 τὴν
2196 4107 2440 4177 γέενναν,
2490 4108 2586 4161 καὶ
2626 4107 3018 4175 καταγελάσεις
3041 4123 3053 4137 ·
3098 4107 3230 4160 ὅταν
3271 4106 3377 4157 ὑπὸ

1794 4193 2095 4265 ἐπιθυμίας
2132 4192 2341 4264 κατέχῃ
2366 4191 2705 4261 σωματικῆς,
2732 4190 2947 4259 λογίζου
2968 4189 3029 4242 τὸ
3064 4188 3192 4258 πῦρ,
3224 4187 3373 4255 λογίυ

1795 4279 1890 4344 ζου
1925 4275 2075 4351 [519]
2108 4276 2205 4329 καὶ
2244 4273 2416 4345 αὑτῆς
2443 4274 2543 4343 τῆς
2587 4273 2863 4344 ἁμαρτίας
2907 4274 3007 4343 τὴν
3046 4272 3255 4342 ἡδονὴν,
3292 4271 3375 4323 ὅτι

1794 4363 2008 4425 οὑδενός
2027 4362 2178 4413 ἐστιν
2203 4357 2352 4423 ἀξία,
2390 4358 2473 4411 ὅτι
2502 4356 2623 4410 οὑδὲ
2652 4356 2782 4426 ςέχει
2819 4356 3032 4427 ἡδονήν.
3086 4356 3148 4408 Εἰ
3183 4354 3291 4424 γὰρ
3346 4357 3374 4405 6

1793 4446 1905 4500 τῶν
1932 4443 2168 4499 ἐνταῦθα
2186 4441 2455 4514 κειμένων
2485 4441 2662 4510 νόμων
2686 4440 2849 4511 φόϐος
2863 4439 3132 4509 τοσαύτην
3152 4437 3381 4508 ἔχειτὴνν

1800 4532 1972 4600 ἰσχὺν,
1999 4529 2076 4591 ῶς
2108 4527 2203 4582 καὶ
2228 4526 2465 4593 ἀπάγειν
2505 4526 2654 4596 ἡμᾶς
2683 4524 2793 4577 τῶν
2822 4522 3074 4594 πονηρῶν
3097 4522 3370 4593 πράξεων,

1794 4613 1975 4683 πολλῷ
2007 4612 2205 4684 μᾶλλον
2253 4612 2286 4680 ή
2333 4610 2518 4679 μνήμη
2543 4608 2650 4661 τῶν
2686 4608 3008 4678 μελλόντων,
3058 4609 3091 4677 ἡ
3125 4606 3385 4675 τιμωρίαν

1794 4700 1829 4768 ἡ
1858 4696 2145 4759 ἀθάνατος,
2175 4696 2208 4763 ἡ
2242 4693 2463 4753 κόλασις
2494 4693 2527 4761 ἡ
2570 4690 2738 4752 ἀΐδιος
2764 4707 2780 4721 ·
2810 4691 2859 4742 εί
2894 4690 2922 4741 6
2968 4688 3064 4742 τοῦ
3112 4688 3375 4759 βασιλέως

70 4734 297 4797 τοῦτο,
332 4732 408 4796 ὡς
450 4733 544 4786 ἐπὶ
594 4732 1059 4802 ὡμολογημένωνο
1092 4731 1168 4796 ὡς
1202 4734 1251 4784 εί
1292 4733 1446 4801 ἐλεγέ
1484 4750 1568 4796 τις
1592 4751 1606 4765 ο
1644 4736 1694 4787 εἰ

74 4819 268 4889 μισεῖ
301 4818 425 4881 τοὺς
457 4816 727 4887 πονηροὺς
761 4817 790 4868 6
811 4815 943 4878 Θεός
968 4831 981 4844 ·
1012 4814 1103 4868 διὰ
1121 4814 1280 4870 τοῦτο
1295 4816 1470 4886 λέγων
1495 4817 1690 4885 οὑτως,

73 4906 197 4957 ἵνα
251 4901 500 4963 ἐκείνους
538 4900 825 4973 ἀναγκάσῃ
877 4901 1071 4964 εἰπεῖν,
1114 4900 1197 4953 ὅτι
1238 4904 1425 4972 μισεῖ⁹
1460 4902 1695 4973 μάλιστα

69 4988 221 5058 γὰρ
252 4986 318 5039 αί
348 4984 591 5038 τοιαῦται
639 4983 808 5054 ψῆφοι
837 4983 1224 5055 ἀναμφίλεκτοί
1269 4987 1408 5039 εἰσιν
1433 5002 1446 5017 ο
1483 4986 1559 5050 ὡς
1599 4989 1697 5041 καὶ

67 5070 303 5127 αὐτῶν
352 5069 575 5122 ἐκείνων
624 5068 861 5132 εἰδότων,
904 5070 990 5123 ὄτι
1046 5069 1258 5123 δίκαιόν
1288 5072 1459 5124 ἐστιν.
1498 5071 1695 5142 Είγὰρ

62 5156 269 5225 παρὰ
312 5151 618 5223 ἀνθρώποις
641 5150 799 5206 τοῦτο
827 5152 1058 5217 δίκαιον,
1100 5152 1281 5223 πολλῷ
1313 5153 1514 5224 μᾶλλον
1541 5156 1694 5225 παρὰ

56 5240 185 5310 τῷ
237 5237 383 5309 Θεῷ.
450 5237 929 5302 Ἀνταποδοῦναι,
992 5238 1160 5309 φησὶ,
1208 5238 1335 5305 τοῖς
1380 5239 1695 5294 θλίϐουσιν

50 5320 273 5395 ὑμᾶς
298 5320 525 5389 θλῖψιν,
544 5321 642 5376 καί
659 5320 801 5392 ὑμῖν
819 5320 944 5386 τοῖς
974 5319 1344 5391 θλιϐομένοις
1368 5321 1498 5391 μεθ’
1527 5320 1698 5391 ἡμῶν

49 5413 357 5465 ἄνεσιν.

171 5497 253 5561 γ’.
296 5488 363 5541 Τί
405 5483 524 5555 οὗν;
560 5489 704 5561 ίσηή
734 5490 1087 5555 ἀνταπόδοσις
1108 5509 1123 5557 ;
1147 5491 1430 5560 Οὐδαμῶς·
1460 5490 1697 5560 ἀλλ’ὄρα

44 5574 194 5632 διὰ
230 5570 354 5625 τῶν
385 5571 512 5641 ἑξῆς
554 5572 672 5635 πῶς
702 5573 943 5627 δείκνυσι
984 5574 1345 5645 σφοδροτέραν
1378 5570 1560 5637 οὖσαν,
1599 5574 1695 5627 καὶ

44 5660 207 5728 τὴν
231 5656 428 5711 ἄνεσιν
458 5655 635 5725 πολλῷ
657 5656 900 5727 μείζονα.
948 5657 1078 5711 Ἰδοὺ
1104 5658 1197 5712 καὶ
1222 5658 1382 5728 ἑτέρα
1408 5656 1690 5728 παράκλη-

1794 4781 1958 4852 φόὸος
2002 4778 2097 4832 τοῦ
2152 4778 2245 4830 ἐπὶ
2277 4775 2382 4845 γῆς
2424 4774 2694 4827 τοσούτων
2735 4775 2883 4843 ἡμᾶς
2926 4774 3116 4845 ἀπάγῃ
3162 4772 3371 4852 κακῶν,

1794 4851 1946 4935 πόσῳ
1994 4861 2191 4933 μᾶλλον
2237 4861 2266 4913 6
2314 4856 2409 4911 τοῦ
2465 4858 2685 4912 αἰωνίου
2724 4857 3021 4927 βασιλέως;
3064 4855 3234 4909 Πόθεν
3276 4851 3372 4908 οὖν

1792 4946 2067 5017 δυνάμεθα
2118 4944 2211 4996 τὸν
2258 4941 2419 5011 φόϐον
2465 4940 2608 5011 ἔχειν
2649 4940 2945 5011 διηνεκῶς;
3000 4941 3098 4992 Ἂν
3132 4938 3374 5007 συνεχῶς

1792 5033 1902 5086 τῶν
1934 5028 2169 5100 Γραφῶν
2204 5023 2585 5094 ἐπακούωμεν.
2623 5024 2685 5076 Εἰ
2723 5024 2832 5094 γὰρ
2864 5023 3056 5093 νεκρὸς
3099 5022 3393 5092 ὁρώμενος-

1797 5117 1958 5187 μόνον
2014 5112 2188 5175 οὑτως
2241 5109 2401 5181 ἡμῶν
2449 5107 2727 5161 συστέλλει
2773 5110 2872 5177 τὴν
2915 5109 3173 5169 διάνοιαν,
3224 5105 3374 5173 πόσῳ

1797 5198 1998 5269 μᾶλλον
2028 5198 2061 5265 ἡ
2099 5195 2294 5263 γέεννα
2320 5192 2414 5245 καὶ
2433 5191 2493 5244 τὸ
2524 5190 2638 5261 πῦρ
2660 5191 2722 5243 τὸ
2745 5191 3039 5255 ἂσόεστον;
3073 5190 3223 5258 πόσῳ
3237 5187 3371 5257 μᾶλ-

1792 5283 1883 5336 λον
1910 5284 1939 5335 6
1968 5278 2246 5349 σκώληξό
2301 5275 2692 5346 ἀτελεύτητος;
2738 5275 2836 5326 Ἂν
2878 5275 2979 5345 τὴν
3020 5273 3241 5342 γέενναν
3282 5272 3370 5324 ἀεὶ

1793 5362 2265 5434 ἀναλογιζώμεθα,
2301 5361 2363 5414 οὑ
2402 5360 2611 5429 ταχέως
2653 5360 2732 5421 είς
2765 5358 2932 5429 αὑτὴν
2960 5356 3366 5428 ἐμπεσούμεθα.

1793 5451 1892 5505 Διά
1923 5448 2080 5503 τοῦτο
2108 5446 2373 5517 ἠπείλησε
2406 5444 2628 5498 κόλασιν
2658 5445 2687 5496 6
2734 5440 2893 5505 Θεός’
2932 5442 3007 5505 ὡς
3053 5444 3103 5493 εἰ
3148 5440 3223 5511 μὴ
3255 5436 3384 5508 εἶχέ-

1792 5552 1846 5588 τι
1880 5534 2020 5603 μέγα
2046 5531 2235 5602 κέρδος
2267 5529 2328 5583 τὸ
2358 5526 2687 5597 λογίζεσθαι,
2723 5527 2822 5580 οὑκ
2852 5526 2919 5579 ἂν
2944 5525 3115 5595 αὑτὴν
3137 5522 3367 5593 ἠπείλη-

1796 5635 1887 5671 σεν
1920 5613 2251 5686 ῆδηόΘεός’
2299 5611 2416 5665 ἀλλ’
2454 5609 2644 5680 ἐπειδὴ
2684 5608 2857 5679 ἰσχύει
2891 5611 2941 5679 ’ὴ
2972 5610 3157 5679 μνήμη
3197 5606 3367 5675 αὐτῆς

1797 5699 2007 5772 μεγάλα
2035 5694 2400 5766 κατορθῶσαι,
2429 5692 2518 5745 διὰ
2561 5692 2738 5756 τοῦτο,
2773 5692 3023 5761 καθάπερ
3053 5709 3105 5743 τι
3141 5691 3364 5760 φάρμα-

1796 5801 1891 5836 κον
1917 5782 2201 5851 σωτήριον,
2247 5779 2347 5846 τὴν
2378 5775 2608 5847 ἀπειλὴν
2639 5777 2811 5846 αὑτῆς
2848 5774 3175 5843 ἐγκατέθετο
3207 5773 3377 5844 ἡμῶν

156 5866 197 5895 ⁸
224 5863 319 5913 διε
351 5858 490 5914 Colb.
514 5862 669 5925 Editi,
694 5866 1013 5919 διατιθέντων.
1796 5869 1915 5931 ταῖς
1941 5865 2155 5936 ψυχαῖς.
2197 5862 2287 5931 Μὴ
2326 5860 2391 5932 δὴ
2425 5860 2756 5932 παρορῶμεν
2796 5859 2856 5914 τὸ
2885 5858 3137 5913 τοσοῦτον
3172 5857 3365 5928 κέρδος
