3964 6542
176 496 282 552 IT?

176 614 295 683 ejus
323 614 495 666 mittas
543 610 744 667 ttostris
791 611 984 666 inserit
1010 611 1221 666 animis.
1273 608 1349 666 Ne
1393 610 1745 679 despiciamus

181 717 390 759 tantum
430 705 638 759 lucrum
668 702 808 773 quod
848 703 972 758 inde
1012 703 1268 769 nascitur,
1295 702 1389 757 sed
1419 701 1579 756 etiam
1608 701 1749 754 assi-

177 802 283 853 due
303 808 607 862 versemus,
641 796 691 849 iu
725 795 982 864 prandiis,
1015 795 1064 848 in
1095 796 1287 849 cumis.
1328 793 1461 848 Nam
1485 793 1553 847 de
1594 792 1751 846 rebus

178 890 395 958 quidem
444 886 692 958 jucundis
738 902 918 942 sermo
969 887 1102 941 nihil
1145 887 1294 956 juvat
1347 886 1611 950 animam,
1658 882 1752 937 sed

177 996 297 1033 eam
348 978 521 1034 reddit
577 978 976 1033 imbecilliorem
1008 996 1022 1030 :
1050 992 1226 1032 sermo
1263 987 1438 1030 autem
1486 977 1553 1029 de
1594 975 1753 1029 rebus

179 1073 426 1128 tristibus
472 1080 529 1127 et
576 1070 815 1125 molestis
865 1077 1104 1140 amputat
1145 1068 1403 1138 quidquid
1444 1064 1757 1121 din‘nnditur

178 1173 232 1218 et
286 1162 522 1230 difﬂuit,
577 1174 803 1231 eamque
851 1160 1163 1216 dissolutam
1216 1160 1478 1214 convertit
1522 1166 1577 1213 et
1619 1172 1753 1213 eon-

182 1256 368 1309 trahit.

251 1346 427 1400 Metus
440 1346 680 1415 supplicii
697 1355 937 1417 quantam
966 1345 1066 1399 vim
1089 1344 1287 1398 habeat.
1304 1373 1372 1386 —-
1389 1344 1487 1411 Qui
1514 1343 1585 1397 de
1607 1342 1759 1398 thea-

178 1438 275 1491 tris
304 1448 362 1490 et
408 1438 584 1491 mimis
624 1437 878 1507 disputat,
912 1436 1043 1491 nihil
1072 1438 1120 1491 ei
1175 1437 1413 1507 prodest,
1463 1436 1559 1490 sed
1587 1440 1754 1505 magis

175 1530 438 1596 incendit,
472 1529 745 1600 magisque
776 1529 1113 1584 temerariam
1144 1530 1319 1584 reddit
1358 1538 1412 1582 et
1441 1530 1754 1600 petulantio-

173 1636 330 1675 rent:
364 1621 455 1689 qui
504 1621 677 1675 aliena
723 1629 877 1675 curat
919 1630 975 1676 et
1026 1630 1312 1687 scrutatur,
1346 1636 1487 1692 saepe
1513 1622 1658 1675 illam
1687 1636 1754 1675 ex

173 1714 269 1766 tali
286 1714 600 1767 curiositate
626 1714 677 1767 in
710 1714 943 1782 pericula
969 1716 1203 1784 conjicit.
1231 1720 1301 1770 At
1318 1716 1407 1786 qui
1424 1716 1491 1771 de
1514 1715 1752 1786 gehenna

175 1804 438 1874 loquitur,
473 1806 602 1859 nulli
635 1806 896 1861 obnoxius
924 1808 1025 1862 erit
1055 1807 1323 1877 periculo,
1361 1819 1418 1862 et
1462 1808 1753 1877 sapientio-

172 1913 297 1951 rem
326 1898 512 1952 reddet
539 1900 791 1953 animam.
833 1902 903 1954 At
929 1899 1213 1955 verborum
1260 1901 1415 1956 times
1452 1900 1755 1970 importuni-

174 1992 381 2046 tatem?
410 1990 545 2045 Num
571 1995 616 2045 si
647 1993 824 2058 sileas,
856 1992 1154 2063 gehennam
1178 1994 1537 2049 exstinxeris?
1557 2007 1682 2047 num
1708 1992 1755 2047 si

170 2082 405 2148 dixeris,
451 2084 795 2137 aeeenderis?
829 2082 935 2138 Seu
960 2083 1180 2151 dixeris,
1230 2098 1325 2159 seu
1357 2099 1463 2138 non
1516 2082 1750 2150 dixeris,

166 2175 498 2229 exardescet
524 2174 679 2244 ignis.
709 2174 785 2229 De
809 2190 871 2230 ea
899 2176 1104 2230 dicatur
1123 2174 1355 2242 assidue,
1385 2185 1440 2230 ut
1469 2190 1753 2245 numquam

170 2267 227 2320 in
257 2281 381 2320 eam
406 2265 635 2320 incidas.
658 2265 801 2321 Fieri
824 2281 931 2321 non
961 2276 1136 2338 potest
1163 2276 1219 2321 ut
1234 2269 1409 2321 anima
1428 2267 1495 2322 de
1514 2266 1754 2336 gehenna

168 2360 409 2415 sollicita
436 2359 545 2414 cito
572 2368 790 2430 peccet:
820 2360 940 2414 audi
966 2361 1110 2415 enim
1151 2359 1405 2431 optimam
1432 2359 1757 2414 admonitio-

169 2469 327 2518 nem,
344 2451 414 2507 In
427 2455 717 2508 memoriam
733 2469 908 2507 revoca
939 2454 1208 2508 novissima
1230 2465 1337 2522 tua,
1355 2464 1403 2509 et
1428 2454 1482 2509 in
1509 2464 1753 2510 (sternunt

171 2561 283 2598 non
359 2545 587 2614 peccabis
640 2543 843 2619 (Eccli.
890 2543 982 2600 28.
1027 2548 1104 2616 ϐ).
1136 2545 1278 2601 Fieri
1321 2560 1425 2601 non
1478 2557 1652 2617 potest
1697 2555 1757 2602 ut

170 2640 359 2691 anima
384 2654 503 2709 qua:
531 2639 681 2694 timet
706 2640 772 2694 de
800 2639 1088 2694 reddendis
1108 2639 1422 2706 rationibus,
1453 2639 1520 2695 ad
1560 2640 1754 2696 delicta

174 2744 287 2782 non
316 2728 390 2781 sit
415 2728 567 2782 tarda
596 2746 612 2783 :
645 2740 819 2783 metus
847 2728 989 2784 enim
1017 2730 1199 2794 vigens
1229 2730 1281 2783 itt
1331 2730 1672 2799 cogitatione,
1701 2731 1754 2786 in

171 2837 241 2873 ea
271 2818 407 2872 nihil
436 2819 669 2873 admittit
693 2819 1040 2874 mundanum.
1060 2818 1194 2873 Nam
1216 2821 1393 2890 siquae
1414 2821 1483 2875 de
1504 2836 1567 2875 ea
1594 2824 1756 2877 verba

174 2914 337 2976 fiunt,
362 2927 481 2966 eam
505 2912 574 2965 ita
596 2902 870 2981 dejiciunt,
900 2923 957 2965 et
984 2911 1347 2981 comprimunt
1364 2952 1379 2975 ,
1411 2912 1548 2965 ratio
1572 2920 1631 2966 ct
1664 2927 1756 2967 co-

170 3006 369 3074 gnatio
399 3020 517 3071 quae
552 2994 810 3072 perpetuo
831 3002 1033 3056 habitat
1057 3003 1109 3056 in
1148 3001 1360 3068 animis,
1386 3018 1562 3057 annon
1590 3002 1757 3073 magis

173 3104 378 3165 purgat
405 3096 636 3146 animam
679 3108 836 3163 quam
881 3093 1054 3164 quivis
1104 3093 1275 3162 ignis?
1314 3093 1483 3164 Regni
1536 3109 1642 3148 non
1684 3098 1757 3149 ita

170 3189 583 3243 meminerimus
610 3197 666 3241 ut
694 3187 951 3257 gehenme
975 3203 990 3241 :
1014 3196 1184 3242 metus
1205 3187 1345 3241 enim
1369 3187 1624 3257 majorem
1651 3188 1756 3243 vim

172 3280 350 3333 habet
370 3294 523 3349 quam
555 3278 871 3349 promissio;
904 3288 956 3332 et
987 3279 1099 3332 scio
1118 3278 1261 3348 quod
1290 3278 1441 3333 multi
1481 3279 1620 3333 bona
1655 3280 1757 3334 de-

171 3372 375 3442 spicati
405 3381 586 3427 essent
612 3371 1042 3437 innumerabilia,
1071 3373 1116 3427 si
1145 3373 1353 3428 liberati
1378 3385 1612 3428 essenta
1637 3388 1756 3445 sup~

172 3466 345 3535 plicio
366 3482 381 3516 :
404 3478 525 3519 cum
554 3478 695 3517 nunc
716 3477 926 3534 quoque
954 3463 1081 3518 mihi
1112 3463 1341 3518 suﬂiciat
1372 3479 1479 3518 non
1508 3479 1629 3519 esse
1659 3481 1757 3534 pu-

171 3562 376 3623 nitum,
406 3573 513 3611 non
543 3571 663 3612 esse
679 3557 1013 3626 cnstigatmn.
1035 3556 1222 3612 Nullus
1245 3572 1310 3612 ex
1331 3556 1396 3611 iis
1427 3557 1517 3624 qui
1547 3556 1758 3625 gehen-

170 3670 305 3708 nam
334 3652 534 3705 habent
558 3660 683 3706 ante
712 3649 1129 3714 oculos,incidet
1148 3650 1200 3703 in
1228 3649 1523 3720 gehennam
1548 3668 1560 3704 :
1581 3649 1758 3704 nullus

169 3763 245 3800 ex
275 3746 343 3799 iis
369 3744 460 3815 qui
488 3744 781 3813 gehennam
819 3743 1148 3813 despiciunt,
1186 3742 1401 3813 effugiet
1438 3741 1755 3814 gehennam.

168 3842 341 3892 Sicut
368 3837 509 3890 enim
526 3835 662 3907 apud
693 3849 792 3890 nos
816 3836 908 3906 qui
942 3834 1131 3889 timent
1158 3834 1371 3905 quidem
1405 3834 1626 3905 judicia,
1651 3848 1758 3888 non

168 3926 717 3995 comprehenduntur
762 3940 795 3981 a
825 3925 1076 3997 judiciis;
1123 3925 1215 3996 qui
1241 3935 1421 3980 autem
1465 3925 1553 3980 illa
1579 3924 1758 3995 despi-

169 4025 368 4086 ciunt,
413 4021 449 4076 ii
497 4029 623 4076 sunt
663 4019 754 4091 qui
802 4021 856 4074 in
887 4035 949 4074 ea
978 4021 1208 4073 maxime
1238 4018 1523 4075 incidunt:
1556 4020 1627 4074 ita
1671 4019 1758 4074 hic

170 4128 420 4183 quoque.
448 4112 502 4168 Si
526 4128 634 4167 non
661 4113 993 4167 eversionem
1017 4111 1318 4167 timuissent
1340 4110 1609 4179 Ninivitze,
1630 4111 1762 4168 fuis-

170 4215 305 4261 sent
351 4206 565 4261 eversi:
597 4207 848 4276 quoniam
893 4219 1023 4259 vero
1054 4204 1365 4270 timuerunt,
1401 4220 1508 4260 non
1548 4205 1761 4261 fuerunt

172 4296 380 4351 eversi.
410 4295 465 4352 Si
494 4294 822 4366 temporibus
846 4294 958 4350 Noe
985 4295 1288 4350 timuissent
1339 4295 1619 4363 diluvium,
1651 4311 1759 4351 non

172 4391 413 4445 fuissent
440 4390 615 4444 obruti
642 4389 875 4453 diluvio;
928 4394 983 4442 et
1022 4384 1070 4441 si
1100 4385 1398 4441 timuissent
1424 4376 1714 4442 Sodomita:
1739 4425 1756 4453 ,

176 4500 291 4537 non
326 4482 553 4537 fuissent
599 4480 792 4535 exuSti.
821 4479 1063 4549 Magnum
1104 4486 1188 4534 est
1224 4478 1427 4533 malum
1457 4479 1626 4533 minas
1660 4494 1758 4535 ne-

178 4577 393 4647 gligere
428 4593 441 4629 :
470 4576 557 4646 qui
581 4574 809 4644 despicit
837 4574 1028 4637 minas,
1049 4587 1144 4641 per
1171 4586 1259 4626 res
1282 4572 1424 4641 ipsas
1443 4573 1549 4626 cito
1565 4575 1762 4627 sentiet

179 4668 602 4739 experientiam.
635 4664 775 4723 Nihil
803 4675 885 4719 est
906 4679 1056 4735 :cque
1083 4662 1210 4719 utile
1237 4671 1398 4734 atque
1423 4663 1490 4717 de
1518 4662 1761 4733 gehenna

175 4762 459 4815 disserere
484 4776 495 4811 :
528 4757 717 4828 quovis
740 4765 958 4827 argento
980 4753 1219 4825 puriores
1244 4752 1398 4808 nobis
1438 4752 1600 4808 efﬁcit
1640 4752 1760 4807 ani-

178 4867 305 4906 inas
333 4848 493 4904 :audi
515 4852 651 4905 enim
682 4848 994 4919 prOphetam
1014 4846 1300 4912 dicentem,
1330 4844 1539 4899 Iudicia
1562 4857 1650 4899 tua
1676 4862 1766 4901 co.

177 4958 297 4997 ram
327 4958 405 4995 me
424 4951 538 4996 sunt
557 4957 752 5010 semper
792 4938 961 5012 (Psal.
1013 4940 1099 4993 l7.
1127 4936 1241 5009 23).
1273 4937 1517 4993 Christus
1554 4953 1765 5008 quoque

175 5037 252 5089 de
288 5048 357 5088 ca
382 5047 527 5102 saepe
550 5030 786 5086 disserit.
818 5030 949 5086 Nam
975 5031 1075 5086 etsi
1098 5029 1341 5085 molestia
1370 5028 1537 5085 allicit
1558 5028 1766 5086 audito-

178 5143 335 5192 rem,
362 5126 412 5179 ei
442 5134 620 5179 tamen
644 5122 860 5194 prodest
881 5124 1135 5177 maxime.

260 5234 320 5275 4.
366 5216 563 5272 Paulus
608 5220 891 5288 gehennam
943 5217 1276 5288 despiciebat,
1316 5231 1491 5289 quare.
1525 5213 1767 5269 —Talia

176 5314 341 5368 enim
360 5321 486 5365 sunt
518 5310 697 5366 omnia
721 5325 841 5380 quat
867 5320 1120 5379 prosunt;
1164 5322 1336 5378 neque
1362 5306 1575 5362 mireris
1601 5324 1615 5359 :
1644 5320 1767 5360 nam

175 5416 241 5462 et
275 5405 666 5459 medicamenta
689 5412 743 5459 et
769 5402 873 5457 cibi
900 5413 1100 5474 aegroto
1125 5403 1273 5474 prius
1297 5410 1420 5456 sunt
1448 5399 1685 5463 molesti,
1715 5408 1770 5454 et

180 5510 323 5554 tunc
345 5494 576 5552 afferunt
598 5496 901 5551 utilitatem.
924 5496 979 5552 Si
999 5506 1173 5550 autem
1197 5509 1301 5549 non
1327 5492 1547 5548 ferimus
1573 5490 1769 5546 verbo-

180 5609 313 5648 runt
365 5590 705 5661 gravitatem,
738 5598 820 5645 est
868 5587 1206 5660 perspicuum
1247 5586 1383 5639 forte
1424 5595 1484 5639 ut
1527 5583 1761 5638 feramus

182 5702 287 5757 per
313 5684 566 5741 acerbam
589 5698 764 5738 rerum
789 5681 1170 5752 experientiam
1198 5695 1212 5734 ;
1236 5678 1279 5732 si
1312 5691 1467 5731 nemo
1491 5674 1769 5731 fertverba

176 5795 311 5851 quax:
338 5778 474 5832 ﬁunt
500 5775 569 5831 de
596 5775 863 5846 gehenna,
898 5773 1070 5844 palam
1104 5778 1206 5836 est,
1236 5768 1553 5823 adveniente
1584 5780 1768 5837 perse-

178 5873 451 5944 quutione
496 5869 765 5923 nemiuem
807 5864 949 5920 ferro
1000 5872 1055 5918 et
1102 5862 1209 5932 igni
1254 5862 1570 5915 obstiturom
1622 5871 1769 5913 esse.

182 5972 369 6023 Aures
398 5972 612 6020 nostras
631 5974 994 6021 exerceamus.
1022 5972 1089 6014 nc
1114 5954 1391 6011 moliamur
1416 5970 1429 6007 :
1464 5951 1584 6006 inde
1628 5950 1769 6006 enim

989 494 1056 552 lN
1096 494 1306 553 EPIST.
1351 498 1393 550 ιι
1457 494 1548 550 AD
1585 460 1914 550 massin
1955 494 2105 549 car.
2140 496 2180 550 ι.
2223 496 2449 554 unum.
2491 497 2554 555 ll.

3321 498 3431 554 ι’ῑδ

1856 608 2015 664 etiam
2044 610 2109 663 ad
2142 625 2226 665 res
2251 613 2390 681 ipsas
2414 616 2711 671 veniemus.
2743 614 2800 673 Si
2838 632 3211 676 assuescamus
3239 622 3424 679 audire

1857 700 2131 766 terribilia,
2164 702 2323 757 etiam
2351 705 2607 760 terribilia
2637 706 2775 763 ferre
2800 724 3205 767 assuescemus:
3232 714 3312 768 sin
3339 730 3427 771 au-

1856 801 1959 845 tent
1988 793 2153 847 simus
2174 794 2310 848 adeo
2337 796 2580 851 dissoluti
2608 804 2665 852 et‘
2686 802 2925 855 enervati
2954 812 3007 856 ut
3034 819 3097 857 ne
3119 805 3276 860 verba
3304 808 3427 877 qui-

1853 881 1972 937 dem
1995 885 2245 949 feramus,
2270 888 2537 956 quomodo
2560 888 2717 944 rebus
2742 892 3087 948 resistemus?
3110 895 3269 952 Vides
3295 913 3429 967 qm-

1855 974 2013 1029 ntodo
2042 990 2161 1045 quae
2202 988 2326 1030 sunt
2359 977 2446 1031 hic
2475 980 2675 1043 omnia,
2707 982 3001 1052 crebraque
3046 988 3277 1054 pericula
3330 989 3428 1043 de-

1856 1066 2044 1133 spiciat
2070 1068 2257 1121 beatus
2303 1067 2539 1123 Paulus?
2569 1070 2780 1138 Quare?
2829 1074 3091 1139 Quoniam
3143 1080 3431 1135 meditatus

1853 1166 1971 1211 erat
1996 1159 2155 1212 etiam
2180 1162 2477 1228 gehennam
2508 1162 2786 1230 desiiieere
2821 1180 2916 1234 pro
2944 1167 3009 1221 iis
3035 1184 3153 1237 qua:
3184 1171 3292 1226 Deo
3317 1171 3435 1242 pla-

1856 1256 1995 1302 cent.
2030 1248 2122 1305 Ille
2163 1266 2231 1306 ne
2255 1251 2518 1321 gehennae
2547 1255 2760 1323 quidem
2809 1259 3197 1327 experientiam
3231 1265 3430 1334 aliquid

1856 1353 1975 1393 esse
2002 1341 2215 1409 putabat
2256 1356 2472 1414 propter
2497 1344 2696 1400 Christi
2719 1347 3044 1403 desiderium
3072 1370 3084 1404 :
3118 1368 3214 1408 nos
3242 1370 3340 1422 pro
3366 1357 3432 1411 iis

1855 1443 1974 1500 qua:
2002 1432 2153 1485 nobis
2183 1436 2486 1501 conferunt,
2504 1450 2571 1491 ne
2592 1439 2753 1493 verba
2773 1439 2987 1508 quidem
3010 1441 3076 1497 de
3092 1459 3152 1498 ea
3174 1447 3434 1513 patimur?

1857 1523 2032 1590 Atque
2079 1538 2220 1578 nunc
2269 1526 2485 1594 quidem
2512 1529 2697 1598 paucis
2741 1531 2938 1586 auditis
2967 1532 3273 1591 disceditis:
3304 1554 3434 1609 rogo

1856 1623 2034 1664 autem
2079 1628 2195 1677 vos,
2219 1616 2264 1669 si
2290 1630 2391 1684 qua
2413 1627 2497 1671 est
2527 1619 2579 1672 in
2610 1620 2759 1676 vobis
2782 1624 3001 1686 caritas,
3032 1638 3087 1679 ut
3117 1643 3235 1696 qua:
3261 1629 3430 1684 dehis

1858 1704 2016 1769 verba
2058 1704 2189 1759 ﬁunt
2236 1717 2497 1778 perpetuo
2538 1712 2784 1767 versetis.
2841 1713 2980 1769 Nihil
3024 1726 3274 1785 poterunt
3338 1736 3434 1775 no-

1855 1807 2001 1861 cere,
2026 1796 2234 1851 etiamsi
2253 1811 2359 1852 non
2379 1803 2586 1868 prosint
2612 1820 2626 1857 :
2654 1815 2805 1859 certo
2832 1815 3007 1861 autem
3030 1808 3141 1862 scio
3155 1811 3295 1879 quod
3312 1828 3435 1883 pro-

1856 1883 2077 1940 derunt:
2097 1901 2219 1941 nam
2239 1902 2304 1944 ex
2318 1892 2655 1947 sermonibus
2670 1895 2977 1965 qualitatem
2994 1902 3217 1971 suscipit
3233 1904 3432 1960 anima.

1858 1973 2197 2047 Corrumpunt
2215 1981 2358 2035 enim
2385 1981 2543 2037 bonos
2570 2001 2733 2039 mores
2759 1989 3013 2058 colloquia
3033 2009 3189 2063 prava
3212 1994 3289 2065 (l.
3313 1996 3432 2054 Cor.

1859 2068 1945 2123 l5.
1971 2070 2080 2141 53).
2097 2070 2295 2127 Juvant
2313 2088 2442 2145 ergo
2464 2077 2729 2148 colloquia
2750 2080 2907 2147 bona;
2932 2084 3203 2143 modestos
3231 2098 3286 2144 et
3311 2100 3436 2147 tem-

1860 2170 2106 2228 perantes
2126 2163 2354 2220 reddunt
2380 2167 2642 2237 colloquia
2668 2172 2944 2228 terribilia.
2981 2175 3073 2231 Est
3101 2180 3241 2233 enim
3258 2183 3434 2239 anima

1858 2252 2018 2306 veluti
2040 2248 2284 2323 quaedam
2309 2270 2461 2312 cera:
2482 2275 2605 2314 nam
2627 2262 2671 2316 si
2695 2261 2912 2334 frigidas
2932 2267 3145 2337 quidem
3165 2271 3434 2329 induxeris

1857 2345 2302 2417 colloquutiones,
2338 2351 2531 2407 callum
2562 2353 2851 2412 obduxeris
2873 2368 2928 2413 et
2955 2360 3324 2431 induraveris;
3351 2368 3434 2423 sin

1856 2451 2033 2496 autem
2066 2442 2278 2513 ignitas,
2307 2446 2601 2503 molliveris
2629 2465 2644 2502 :
2678 2450 2941 2507 mollitam
2970 2464 3147 2511 autem
3176 2458 3240 2512 ad
3269 2461 3439 2530 quod-

1859 2546 2088 2603 cumque
2116 2536 2197 2589 vis
2227 2536 2541 2594 formaveris
2567 2549 2622 2595 et
2648 2540 2953 2612 effinxeris,
3003 2555 3056 2602 et
3077 2550 3276 2619 regiam
3308 2554 3436 2607 ima-

1858 2622 2033 2690 ginem
2062 2624 2428 2695 insculpseris.
2459 2628 2813 2688 Obstruamus
2843 2649 2973 2708 ergo
2994 2652 3151 2695 aures
3179 2642 3244 2696 ad
3270 2656 3435 2700 teme-

1860 2714 2034 2770 rarios
2083 2732 2405 2775 sermones:
2436 2735 2542 2776 non
2582 2734 2663 2778 est
2708 2740 2931 2796 parvum
2981 2732 3180 2788 malum
3221 2753 3235 2791 :
3275 2752 3341 2792 ex
3370 2755 3438 2795 eo

1860 2818 2149 2865 nascuntur
2179 2814 2314 2867 mala
2329 2815 2527 2871 omnia.
2546 2816 2603 2872 Si
2625 2819 2879 2875 meditata
2907 2832 3049 2879 esset
3066 2841 3220 2881 mens
3249 2840 3429 2887 nostra

1814 2899 1829 2913 ’
1858 2902 2136 2957 attendere
2162 2903 2355 2960 divinis
2384 2910 2754 2978 sermonibus,
2800 2930 2904 2969 non
2936 2918 3235 2976 attenderet
3273 2924 3390 2978 aliis
3422 2943 3437 2980 :

1860 3008 1965 3046 non
1993 2997 2278 3053 attendens
2303 3010 2481 3055 autem
2509 3003 2652 3069 aliis,
2676 3021 2849 3077 neque
2880 3024 2966 3065 res
2991 3012 3157 3067 malas
3183 3017 3438 3086 aggrede-

1859 3096 2026 3140 retur.
2054 3087 2133 3141 Ad
2168 3089 2300 3143 facta
2330 3092 2475 3147 enim
2504 3097 2584 3148 via
2609 3107 2691 3150 est
2718 3112 2900 3153 sermo
2932 3118 2946 3155 :
2982 3103 3207 3170 primum
3234 3110 3437 3178 cogita-

1860 3194 2011 3241 inus,
2046 3179 2239 3235 deinde
2280 3182 2576 3253 loquimur,
2609 3187 2803 3245 deinde
2829 3191 3057 3261 agimus.
3109 3195 3253 3251 Multi
3296 3214 3441 3270 saepe

1860 3275 2018 3327 etiam
2056 3276 2188 3344 frugi
2215 3286 2269 3330 et
2299 3278 2558 3333 moderati
2587 3296 2619 3335 a
2663 3284 2905 3352 turpibus
2953 3287 3133 3344 verbis
3177 3304 3441 3349 venerunt

1859 3364 1925 3417 ad
1960 3373 2140 3434 turpes
2180 3367 2434 3423 actiones.
2479 3368 2595 3424 Non
2625 3371 2768 3427 enim
2805 3375 2983 3430 anima
3025 3388 3207 3434 nostra
3251 3394 3437 3440 natura

1861 3468 1940 3511 est
1970 3459 2104 3511 bona
2138 3474 2238 3514 nec
2267 3462 2429 3527 mala,
2458 3464 2554 3517 sed
2584 3479 2648 3518 ex
2697 3466 2868 3521 libero
2912 3469 3136 3527 arbitrio
3165 3483 3219 3529 et
3248 3476 3349 3532 hoc
3379 3477 3438 3532 fit

1860 3563 1915 3605 et
1960 3552 2105 3607 illud.
2155 3552 2305 3609 Sicut
2350 3570 2479 3625 ergo
2508 3558 2723 3625 velum,
2774 3575 3115 3633 quocumque
3157 3566 3442 3636 spiraverit

1861 3656 2074 3710 ventus,
2107 3646 2231 3701 illuc
2275 3647 2450 3701 defert
2479 3664 2704 3715 navem,
2755 3652 2839 3707 vel
2871 3654 3046 3723 potius
3074 3656 3215 3712 sicut
3254 3659 3445 3715 clavus

1864 3736 2111 3791 transfert
2141 3753 2354 3800 navem,
2384 3741 2427 3792 si
2471 3750 2666 3795 ventus
2716 3742 2787 3796 sit
2828 3745 3096 3815 secundus
3129 3766 3143 3802 :
3176 3749 3245 3803 ita
3274 3751 3438 3807 etiam

1862 3830 2135 3899 cogitatio,
2162 3831 2205 3884 si
2227 3830 2361 3885 bona
2379 3831 2539 3887 verba
2566 3834 2802 3887 secundo
2824 3846 2985 3890 vento
3012 3840 3264 3906 ferantur,
3284 3843 3439 3897 navi-

1862 3921 2219 3993 gabitabsquc
2238 3923 2475 3992 periculo
2492 3940 2507 3985 ;
2533 3925 2577 3980 si
2604 3935 2784 3980 autem
2806 3928 3094 3995 contraria,
3111 3947 3255 4002 saepe
3275 3934 3437 3989 etiam

1862 4017 2205 4087 submergent
2240 4018 2645 4088 cogitationem.
2691 4018 2847 4087 Quod
2874 4022 3015 4077 enim
3065 4024 3288 4096 navigiis
3315 4037 3441 4084 sunt

1862 4111 2125 4180 spirantes
2155 4111 2323 4177 venti,
2349 4110 2453 4166 hoc
2476 4113 2668 4167 animis
2704 4124 2831 4170 sunt
2879 4115 3039 4171 verba
3066 4134 3441 4192 :quocumqne

1862 4204 1942 4258 vis
1972 4203 2140 4272 ipsam
2169 4203 2401 4259 traducis
2427 4214 2481 4260 et
2516 4207 2805 4260 convertis.
2835 4207 3123 4278 Propterea
3169 4210 3299 4266 dicit
3323 4216 3442 4282 qui-

1863 4294 1983 4349 dam
2013 4294 2325 4359 admonens,
2379 4295 2554 4350 Omnis
2582 4298 2808 4351 narratio
2835 4306 2922 4350 tua
2963 4301 3028 4352 sit
3061 4300 3115 4354 in
3153 4299 3261 4369 lege
3290 4303 3439 4357 Altis-

1862 4389 1978 4442 simi
1997 4388 2185 4457 (Eccli.
2210 4387 2263 4443 9.
2281 4389 2397 4459 20).
2421 4390 2708 4458 Propterea
2736 4405 2887 4460 rogo,
2908 4406 2938 4444 τι
2960 4393 3168 4449 nutrice
3192 4407 3445 4466 acceptos

1863 4478 2095 4534 infantes
2143 4495 2211 4533 ne
2256 4480 2483 4535 anilibus
2518 4480 2709 4536 fabulis
2756 4483 3197 4553 assuefaciamus,
3239 4489 3333 4543 sed
3373 4492 3451 4546 ab.

1866 4570 2084 4626 ineunte
2129 4580 2286 4625 aetate
2312 4571 2522 4625 discant
2565 4572 2710 4641 quod
2757 4573 2828 4627 sit
2873 4573 3168 4643 judicium;
3199 4580 3340 4648 qttod
3369 4584 3449 4638 sit

1866 4664 2205 4734 supplicium,
2236 4662 2483 4733 inligatur
2507 4679 2695 4720 eorum
2725 4666 2954 4722 animis:
2981 4668 3067 4723 hic
3095 4682 3269 4728 metus
3295 4675 3341 4729 si
3364 4691 3450 4730 ras

1866 4755 2015 4811 dices
2043 4756 2233 4826 egerit,
2264 4770 2457 4825 magna
2486 4757 2623 4812 bona
2654 4756 2803 4813 facit.
2834 4760 3026 4816 Anima
3052 4764 3197 4817 enim
3225 4781 3344 4834 quae
3370 4769 3442 4823 ab

1866 4847 2084 4903 ineunte
2108 4856 2266 4903 aetate
2287 4848 2535 4903 didicerit
2550 4864 2611 4905 ea
2628 4852 3029 4920 exspectatione
3040 4857 3274 4922 concuti,
3300 4857 3443 4916 hunc

1867 4950 2069 4994 metum
2098 4954 2206 4994 non
2236 4940 2345 4995 cito
2367 4941 2676 4997 amovebit:
2709 4943 2803 4997 sed
2848 4944 2991 5000 sicut
3028 4960 3197 5016 equus
3222 4950 3437 5017 quidam

1868 5033 1958 5103 qui
1988 5032 2135 5087 freno
2162 5032 2318 5087 facile
2343 5033 2564 5105 regitur,
2590 5033 2791 5091 habens
2821 5035 3139 5093 insidentem
3176 5040 3439 5109 gehent

1870 5125 2265 5195 cogitationem,
2294 5124 2537 5181 ordinate
2566 5126 2893 5196 ingrediens,
2921 5138 2976 5183 et
3004 5128 3251 5200 loquetur
3269 5142 3323 5185 et
3355 5133 3444 5186 di-

1871 5227 1955 5271 cet
1982 5215 2130 5269 utilia
2172 5233 2187 5271 :
2220 5226 2274 5270 et
2299 5231 2472 5286 neque
2500 5216 2771 5286 juventus,
2813 5234 2989 5288 neque
3013 5220 3230 5287 divitiae,
3269 5237 3446 5291 neque

1871 5308 2090 5369 orbitas,
2115 5322 2287 5377 neque
2315 5307 2599 5379 quidquam
2624 5309 2766 5363 aliud
2796 5308 2846 5363 ei
2872 5324 3064 5364 nocere
3092 5312 3303 5378 poterit,
3322 5327 3446 5369 cum

1874 5399 2008 5453 adeo
2034 5398 2263 5453 validam
2286 5398 2481 5453 habeat
2508 5400 2862 5464 rationeut,et
2882 5416 3000 5470 quae
3022 5403 3448 5469 possitoutnibus

1873 5494 2142 5546 resistere.
2176 5491 2267 5547 His
2294 5492 2476 5546 verbis
2522 5502 2577 5547 et
2626 5508 2723 5547 nos
2772 5492 2916 5564 ipsos
2946 5509 3361 5564 componamus,
3389 5508 3451 5554 et

1876 5599 2066 5638 uxores
2086 5593 2139 5637 et
2166 5598 2348 5638 servos
2375 5592 2429 5638 et
2454 5584 2588 5639 filios
2609 5593 2665 5638 et
2686 5585 2904 5649 amicos,
2930 5595 3001 5650 et,
3028 5588 3072 5641 si
3106 5587 3221 5642 ﬁeri
3248 5597 3441 5658 potest,

1877 5679 2035 5730 etiam
2063 5676 2324 5731 inimicos.
2349 5676 2480 5732 Cum
2499 5676 2581 5730 his
2607 5678 2747 5731 enim
2771 5678 2947 5733 verbis
2972 5694 3254 5749 possumus
3282 5682 3448 5740 multa

1879 5779 2094 5838 peccata
2126 5783 2388 5834 resecare,
2411 5778 2466 5824 et
2495 5770 2689 5824 melius
2707 5770 2906 5825 versari
2928 5772 2981 5824 in
3006 5771 3167 5828 rebus
3188 5773 3426 5829 molestis

1883 5875 2038 5930 quam
2107 5860 2159 5915 iu
2198 5860 2466 5929 jucundis.
2512 5861 2611 5916 Est
2658 5871 2836 5917 autem
2888 5862 3036 5918 illinc
3079 5864 3439 5933 perspicuum.

1883 5952 2121 6021 Nanndic
2146 5952 2292 6022 mihi,
2318 5954 2363 6008 si
2410 5954 2616 6010 veneris
2646 5953 2698 6009 in
2712 5954 2926 6009 domum
2964 5955 3014 6009 in
3044 5969 3144 6027 qua
3170 5954 3445 6013 celebranv
