3964 6512
607 456 709 513 ΡΩ

610 587 700 626 tur
753 569 951 638 nupti.c
978 606 995 635 ,
1048 562 1430 633 aliquantisper
1494 556 1710 628 quidem
1758 550 2063 624 spectaculo
2115 565 2175 605 es

610 663 943 723 delectatus;
1014 665 1195 726 postea
1234 662 1412 707 autem
1459 665 1579 705 cum
1629 645 1939 711 recesseris,
1991 642 2178 697 dolore

605 750 905 810 extabescis
924 789 940 812 ,
973 744 1116 816 quod
1147 755 1251 799 tatn
1283 742 1447 799 multa
1476 756 1579 794 non
1608 738 1826 792 habeas.
1871 735 1964 790 Sin
1992 742 2170 786 autem

609 845 880 912 ingressus
903 836 1067 891 fueris
1094 835 1311 891 domum
1332 826 1868 902 lugentium,etiatnsi
1894 826 2002 880 sint
2025 822 2176 877 valde

606 933 821 995 divites,
853 944 973 984 cum
1023 925 1329 989 recesseris,
1376 923 1543 992 magis
1569 920 1814 990 quiesces
1845 934 1859 972 :
1890 933 1994 971 non
2034 916 2175 969 enim

608 1023 732 1077 inde
776 1018 1028 1089 accepisti
1070 1016 1345 1081 invidiam,
1402 1012 1497 1068 sed
1522 1010 1940 1068 consolationem
1992 1007 2061 1061 de
2091 1017 2177 1059 tua

605 1124 935 1188 paupertate.

678 1208 879 1263 Divitiis
904 1223 1003 1261 non
1030 1205 1173 1259 bona:
1195 1221 1214 1269 ;
1245 1210 1513 1275 paupertas
1544 1216 1643 1254 non
1672 1198 1829 1252 mala.
1876 1225 1930 1236 —
1957 1195 2061 1249 Per
2089 1207 2177 1247 res

606 1304 750 1373 ipsas
796 1299 972 1353 vidisti
1013 1296 1154 1368 quod
1200 1296 1405 1350 nullum
1434 1293 1629 1347 bonum
1657 1292 1765 1345 sint
1805 1287 2021 1351 divitiat,
2053 1286 2175 1340 nul-

607 1394 715 1447 lum
747 1392 945 1446 malum
976 1396 1283 1459 paupertas,
1324 1384 1417 1440 sed
1448 1399 1536 1438 res
1561 1383 1669 1436 sint
1698 1378 2077 1435 indill‘erentes.
2103 1376 2176 1429 lta

607 1497 746 1537 nunc
772 1495 983 1551 quoque
1008 1479 1052 1533 si
1081 1477 1315 1547 loquaris
1343 1474 1411 1530 de
1441 1472 1646 1527 deliciis
1665 1512 1679 1536 ,
1706 1470 1872 1539 magis
1897 1467 2023 1522 feris
2060 1467 2178 1519 ani-

606 1590 770 1640 mam,
796 1582 853 1627 ut
871 1588 989 1643 quas
1011 1570 1143 1625 forte
1171 1584 1276 1623 non
1303 1568 1492 1621 habeat
1515 1581 1620 1636 quo
1648 1562 1851 1617 deliciis
1880 1559 2175 1629 indulgeat:

605 1665 818 1737 quando
864 1674 1039 1719 autem
1072 1662 1332 1715 adversus
1373 1658 1590 1714 delicias
1635 1656 1795 1710 etiam
1838 1653 1904 1708 de
1937 1651 2178 1723 gehenna

608 1774 888 1817 sermones
931 1759 983 1812 in
1028 1755 1261 1811 medium
1311 1752 1577 1821 injeceris,
1629 1764 1716 1805 res
1758 1757 1810 1802 te
1854 1747 2101 1809 delectat,
2126 1752 2182 1798 et

609 1866 852 1922 magnam
885 1849 1055 1919 pariet
1080 1847 1426 1916 voluptatem.
1448 1841 1671 1911 Quando
1698 1840 1839 1894 enim
1866 1836 2181 1908 cogitaveris

608 1942 750 2014 quod
798 1940 1005 1996 delicia:
1049 1940 1303 1993 adversus
1348 1936 1494 1990 illum
1540 1934 1714 2004 ignem
1758 1929 1892 1984 nihil
1934 1934 2182 1998 poterunt

609 2036 727 2103 Opis
756 2031 928 2097 ferre,
976 2045 1067 2084 eas
1093 2043 1199 2083 non
1232 2026 1473 2093 requires
1500 2042 1513 2079 :
1536 2025 1618 2078 sin
1650 2031 1826 2076 autem
1852 2018 2179 2089 reputaveris

608 2125 749 2196 quod
795 2125 967 2193 ipsum
1015 2135 1226 2192 quoque
1278 2117 1445 2189 magis
1492 2115 1667 2170 solent
1712 2111 2028 2175 accendere,
2071 2123 2175 2162 non

609 2217 779 2272 solum
807 2232 910 2269 non
940 2214 1198 2283 requires,
1224 2210 1321 2267 sed
1349 2210 1509 2263 etiam
1531 2203 1902 2261 adversaberis
1931 2212 1985 2256 et
2010 2200 2178 2269 repel-

608 2311 709 2365 les.
737 2308 812 2363 Ne
833 2308 1097 2378 fugiamus
1120 2317 1397 2359 sermones
1422 2300 1490 2356 de
1515 2299 1777 2371 gehenna,
1801 2305 1858 2351 ut
1881 2294 2179 2366 gehennam

610 2401 870 2471 fugiamus
902 2415 917 2454 :
944 2413 1011 2453 ne
1048 2396 1311 2468 fugiamus
1362 2409 1532 2464 paena:
1574 2391 1919 2456 mentionem,
1967 2398 2024 2443 ut
2073 2402 2179 2442 non

610 2497 912 2567 puniamur.
939 2493 995 2550 Si
1020 2492 1171 2548 dives
1202 2491 1289 2545 ille
1316 2490 1488 2563 ignem
1519 2489 1674 2542 istum
1705 2485 2027 2555 cogitasset,
2070 2496 2175 2535 non

609 2598 922 2660 peccasset;
963 2585 1214 2657 quoniam
1244 2592 1423 2638 autem
1451 2580 1568 2650 ejus
1593 2592 1877 2647 numquam
1902 2575 2177 2640 meminit,

609 2681 732 2736 ideo
760 2681 810 2734 in
838 2695 957 2734 eum
984 2676 1184 2735 incidit.
1229 2674 1322 2729 Dic
1349 2672 1478 2727 mihi
1499 2712 1513 2735 ,
1543 2685 1577 2726 ο
1614 2669 1805 2735 homo,
1834 2682 1956 2722 cum
1982 2666 2179 2721 sisten-

608 2770 710 2827 dus
735 2771 808 2826 sis
836 2769 901 2824 ad
932 2767 1159 2823 tribunal
1178 2766 1397 2831 Christi,
1422 2764 1489 2820 de
1512 2762 1697 2833 quavis
1719 2760 1892 2832 potius
1919 2772 2076 2829 quam
2102 2755 2169 2811 de

1396 446 1452 510 ιι.
1491 442 1767 502 JOANNIS
1794 433 2251 497 CIlltYSOS’l‘OMl
2285 433 2595 487 AltCIllEl’.
2634 430 3157 488 consummes.
3685 440 3753 493 430

2282 562 2345 603 ea
2390 563 2449 604 re
2490 547 2760 618 loqueris?
2794 545 2861 605 Et
2886 547 2932 602 si
2959 547 3052 603 tibi
3077 546 3147 602 sit
3166 546 3232 601 lis
3255 547 3395 616 apud
3411 547 3750 623 judicem,wpe

2280 640 2456 695 verbis
2490 649 2667 705 tenus,
2697 654 2801 694 non
2845 647 3040 706 noctu,
3089 654 3191 693 non
3230 638 3450 694 interdiu
3472 681 3486 703 ,
3513 657 3601 695 non
3629 645 3753 714 aliquo

2282 734 2537 804 temporis
2564 742 2852 797 momento,
2881 749 2985 787 non
3017 731 3143 785 hora
3167 731 3340 801 aliqua
3366 732 3549 802 aliquid
3572 734 3680 790 aliud
3698 739 3747 792 Ιο-

2280 827 2495 898 queris,
2533 827 2628 883 sed
2656 835 2911 897 perpetuo
2951 825 3019 881 de
3053 841 3112 881 re
3151 826 3276 889 illa;
3317 824 3382 879 de
3404 834 3503 878 tota
3526 836 3667 881 autem
3684 833 3749 883 vita

2282 930 2370 974 tua
2414 921 2672 973 rationem
2716 918 3029 973 redditurus
3072 926 3125 970 et
3164 915 3419 984 judicium
3444 916 3751 981 subiturus,ttc

2280 1026 2374 1067 eos
2398 1011 2612 1081 quidem
2643 1011 2860 1072 toleras,
2891 1010 2980 1079 qui
3008 1008 3381 1077 hocjudicium
3412 1010 3496 1063 tibi
3523 1010 3569 1064 in
3590 1022 3753 1067 mentem

2279 1102 2567 1157 revocant?
2616 1101 2903 1169 Propterea
2944 1115 3071 1168 ergo
3110 1101 3290 1155 omnia
3316 1102 3568 1170 perierunt
3593 1113 3637 1157 et
3669 1116 3751 1160 sunt

2278 1193 2482 1263 perdita
2519 1208 2583 1248 ac
2608 1193 2907 1265 proﬂigata,
2934 1192 3076 1262 quod
3094 1195 3163 1247 ad
3195 1192 3479 1246 humanum
3504 1193 3685 1249 tribunal
3701 1200 3747 1250 si-

2280 1285 2475 1349 alendi,
2499 1301 2596 1356 pro
2618 1286 2778 1341 rebus
2805 1300 2923 1356 qua
2952 1285 3019 1340 ad
3045 1284 3181 1339 hanc
3200 1286 3363 1338 vitam
3389 1285 3639 1353 pertinent,
3674 1303 3752 1340 om-

2280 1377 2368 1431 nia
2412 1390 2739 1440 moveamus,
2772 1376 3062 1447 quemlibet
3088 1390 3374 1446 rogemus,
3419 1376 3604 1432 assidue
3635 1378 3684 1432 de
3712 1396 3753 1432 eo

2282 1468 2449 1521 simus
2474 1467 2717 1533 solliciti,
2770 1469 2946 1521 omnia
2979 1482 3075 1535 pro
3106 1466 3193 1520 illa
3221 1482 3282 1521 re
3305 1481 3514 1537 agamus
3537 1484 3551 1521 :
3577 1468 3627 1521 ad
3648 1468 3752 1522 Clie-

2282 1560 2350 1614 sti
2373 1568 2547 1614 autem
2579 1558 2807 1613 tribunal
2832 1574 2937 1613 non
2967 1558 3140 1612 multo
3172 1567 3294 1628 post
3320 1559 3540 1623 venturi,
3568 1559 3667 1612 nihil
3689 1576 3750 1614 nec

2284 1666 2378 1721 per
2423 1666 2519 1705 nos
2564 1665 2663 1705 nec
2703 1665 2799 1720 per
2830 1651 2961 1704 alios
2996 1664 3235 1720 agamus,
3279 1650 3512 1705 Judicetn
3551 1666 3634 1705 non
3653 1668 3753 1721 roge-

2283 1760 2400 1798 mus
2419 1785 2434 1810 ,
2482 1742 2723 1813 quamvis
2752 1743 2910 1797 nobis
2939 1742 3155 1812 longum
3183 1742 3277 1797 det
3311 1744 3550 1813 temporis
3571 1748 3749 1814 spatium,

2282 1846 2337 1890 et
2374 1850 2468 1890 nos
2506 1850 2611 1889 non
2651 1836 2820 1904 rapiat
2853 1835 2905 1889 in
2933 1836 3122 1890 mediis
3152 1837 3425 1903 peccatis;
3452 1836 3535 1891 sed
3565 1839 3751 1905 permittat

2284 1938 2343 1982 ut
2381 1943 2442 1980 ea
2468 1941 2743 1992 exuamus,
2769 1935 2818 1981 et
2861 1925 2993 1980 nihil
3032 1941 3218 1981 eorum
3263 1943 3385 1997 quae
3422 1927 3484 1981 ad
3526 1928 3749 1998 ipsumper-

2285 2019 2457 2072 tinent
2498 2018 2868 2087 praetermittat
2907 2018 2995 2072 illa
3024 2017 3237 2071 bonitas
3285 2028 3341 2073 et
3385 2017 3656 2088 benignitas.
3687 2021 3750 2073 Sed

2284 2108 2415 2163 nihil
2444 2109 2671 2179 amplius
2696 2107 2924 2163 efﬁcitur
2957 2126 2969 2162 :
3002 2117 3293 2179 propterea
3330 2110 3494 2179 majus
3516 2121 3585 2165 est
3618 2112 3749 2181 suppli-

2283 2203 2443 2258 cium.
2475 2202 2580 2257 Sed
2604 2202 2741 2255 absit
2768 2210 2824 2255 ut
2866 2201 2935 2254 ita
2970 2201 3079 2255 ﬁat.
3113 2202 3411 2271 Propterea
3439 2217 3571 2271 rogo,
3595 2212 3636 2255 ut
3664 2219 3753 2257 nunt

2283 2293 2467 2348 saltem
2497 2292 2900 2361 resipiscamus"
2948 2290 3249 2361 gehennam
3282 2302 3409 2346 ante
3436 2293 3597 2347 oculos
3624 2293 3752 2347 habea-

2285 2402 2422 2453 mus,
2445 2386 2736 2456 cogitemus
2757 2384 2901 2438 illam
2933 2383 3314 2439 inevitabiliter
3338 2383 3627 2439 reddendam
3651 2388 3753 2438 ratio.

2285 2492 2407 2533 nem
2454 2494 2466 2530 :
2510 2487 2568 2531 ut
2598 2475 2714 2530 htec
2756 2483 3093 2546 reputantes,
3145 2482 3200 2529 et
3252 2476 3437 2530 vitium
3480 2476 3753 2547 fugiamum

2284 2572 2529 2623 virtutem
2574 2568 2831 2638 eligamus
2859 2607 2876 2633 ,
2920 2576 2975 2622 et
3012 2567 3283 2637 possimus
3325 2570 3523 2638 assequi
3550 2570 3653 2622 bona
3675 2584 3750 2636 pro-

2283 2658 2446 2715 missa
2474 2660 2539 2714 iis
2563 2659 2654 2730 qui
2680 2659 2851 2730 ipsum
2896 2656 3164 2729 diligunt,
3203 2660 3381 2729 gratia
3409 2669 3461 2714 et
3486 2659 3750 2730 benignitate,

2285 2760 2389 2807 etc.

611 2904 3755 2953 ———————————-———-———_’———-———-7‘———'——“_.

1957 3032 2304 3096 HOMILIA
2348 3031 2458 3092 Ill.

614 3197 744 3253 CAP.
787 3194 837 3248 l.
879 3208 932 3246 v.
971 3193 1026 3247 9.
1070 3190 1171 3255 Qui
1216 3205 1388 3259 prunas
1417 3187 1609 3241 dabunt
1635 3187 1688 3239 in
1716 3184 1925 3239 interitu
1968 3192 2182 3238 aeternas

686 3305 718 3340 a
764 3284 892 3359 {acie
940 3282 1146 3336 Domini
1181 3290 1228 3335 et
1274 3298 1305 3333 a
1338 3279 1502 3350 gloria
1539 3278 1731 3332 virtutis
1775 3277 1904 3346 ejus,
1933 3275 2020 3330 10.
2069 3290 2183 3327 cum

686 3377 871 3433 uenerit
897 3373 1174 3445 gloriﬁcari
1197 3374 1250 3426 in
1277 3372 1464 3427 sanctis
1491 3371 1619 3436 suis,
1662 3379 1707 3424 et
1737 3366 2050 3422 admirabilis
2072 3367 2184 3435 ﬁeri

685 3474 737 3521 in
765 3468 994 3521 omnibus
1019 3466 1103 3535 qui
1130 3462 1468 3517 crediderunt.

691 3562 744 3615 1.
781 3561 917 3613 Sunt
947 3556 1098 3611 multi
1125 3556 1369 3610 homines
1392 3553 1483 3625 qui
1512 3553 1706 3608 bonam
1750 3567 1900 3621 spem
1941 3550 2180 3614 habent,

619 3668 727 3707 non
758 3654 808 3705 in
832 3666 898 3705 eo
923 3648 1062 3720 quod
1082 3648 1386 3704 abstineant
1411 3661 1440 3699 a
1468 3645 1720 3716 peccatis,
1744 3643 1837 3698 sed
1864 3643 1915 3697 in
1948 3656 2013 3697 eo
2041 3638 2183 3711 quod

616 3745 936 3799 existiment
965 3740 1261 3811 gehennam
1331 3753 1435 3793 non
1481 3753 1605 3793 esse
1647 3737 2018 3791 vehementem
2046 3734 2184 3787 sicut

617 3834 828 3895 dicitur,
870 3832 963 3887 sed
1005 3831 1273 3887 mitiorem
1303 3844 1463 3900 quam
1489 3843 1606 3883 eam
1635 3828 1788 3896 cujus
1812 3826 1969 3880 minae
2001 3825 2182 3878 inten-

619 3935 818 3987 tantur,
865 3932 921 3977 et
958 3938 1076 3977 esse
1118 3933 1534 3992 temporaneam,
1581 3936 1690 3974 non
1720 3928 1997 3983 atternam,
2036 3926 2091 3973 et
2118 3916 2185 3971 de

619 4017 706 4071 illa
737 4032 797 4070 re
827 4014 1049 4068 multum
1076 4011 1532 4082 philosophantur.
1588 4010 1701 4081 Ego
1726 4024 1856 4064 vero
1884 4023 1988 4062 non
2011 4007 2181 4061 solum

618 4106 760 4176 quod
787 4121 891 4159 non
937 4104 1006 4157 sit
1039 4102 1218 4157 mitior
1251 4117 1409 4173 quam
1439 4100 1589 4170 cujus
1617 4101 1774 4154 mina:
1818 4099 2181 4163 intentantur;

621 4200 715 4255 sed
737 4198 904 4253 multo
929 4194 1315 4260 vehementior,
1339 4208 1405 4248 ex
1427 4192 1609 4246 multis
1635 4206 1850 4261 possum
1877 4188 2183 4254 ostendere,

615 4302 676 4349 et
693 4292 942 4361 colligere
963 4304 1026 4344 ex
1052 4288 1180 4358 ipsis
1208 4285 1384 4342 verbis
1412 4285 1479 4340 de
1498 4284 1760 4355 geltenna.
1785 4282 2048 4337 Caeterum
2077 4280 2192 4335 nul-

618 4384 728 4440 lum
769 4398 907 4438 nunc
938 4382 1078 4453 agito
1108 4393 1407 4435 sermonem
1431 4378 1499 4433 de
1526 4378 1608 4431 bis
1636 4374 1927 4431 rationibus
1955 4392 1969 4429 :
1994 4373 2187 4429 sufﬁcit

620 4477 762 4531 enim
790 4485 961 4529 metus
986 4488 1053 4527 ex
1078 4470 1206 4527 solis
1232 4468 1409 4523 verbis
1433 4476 1741 4538 conceptus,
1765 4466 1973 4521 etiamsi
2000 4480 2184 4521 eorum

620 4566 940 4621 sententiam
969 4578 1074 4618 non
1105 4560 1566 4630 explicaverimus.
1590 4558 1743 4624 Quod
1771 4568 1948 4613 autem
1987 4572 2091 4611 non
2118 4556 2187 4611 sit

620 4667 963 4725 temporauea
986 4695 1002 4717 ,
1032 4652 1157 4708 audi
1184 4652 1404 4707 Paulum
1436 4666 1576 4705 nunc
1601 4650 1867 4705 dicentem
1892 4648 1960 4704 de
1989 4648 2054 4703 iis
2095 4648 2184 4718 qtti

621 4749 786 4803 Deum
822 4760 925 4799 non
956 4752 1186 4809 norunt,
1231 4757 1404 4811 neque
1428 4741 1656 4796 credunt
1682 4740 1994 4810 evangelio,
2042 4739 2185 4807 quod

618 4853 804 4909 prenas
813 4837 1032 4900 dabunt,
1049 4835 1266 4891 exitium
1283 4845 1559 4889 aeternum.
1575 4834 1724 4899 Quod
1741 4842 1918 4889 autem
1941 4842 2022 4888 est
2038 4842 2188 4887 aster-

620 4945 782 4993 num,
829 4926 1097 4998 quomodo
1121 4924 1446 4995 temporale?
1475 4925 1517 4977 A
1554 4925 1703 4996 facie,
1730 4925 1920 4994 inquit,
1954 4922 2176 4979 Domini.

616 5022 753 5090 Quid
771 5021 869 5075 hoc
884 5018 999 5073 cst?
1014 5018 1345 5073 Facilitatem
1360 5016 1639 5086 quamdam
1656 5018 1771 5072 vult
1786 5016 2181 5084 indicare.Quia

616 5114 758 5170 enim
784 5122 910 5166 tunc
937 5110 1008 5166 ob
1031 5109 1241 5164 divitias
1266 5108 1432 5163 altum
1458 5107 1735 5179 sapiebant
1757 5150 1772 5174 ,
1823 5106 2013 5178 Magno
2034 5148 2049 5174 ,
2100 5108 2185 5162 in-

615 5206 730 5276 quit
749 5245 764 5268 ,
796 5219 902 5257 non
933 5217 1067 5272 opus
1092 5208 1175 5255 est
1199 5202 1412 5270 negotio
1431 5241 1447 5267 ,
1474 5200 1569 5255 sed
1596 5199 1792 5254 suflicit
1813 5208 1871 5254 ut
1894 5199 2033 5254 adsit
2064 5209 2183 5254 tan-

615 5307 729 5352 tum
760 5297 899 5351 Deus
928 5304 984 5349 et
1009 5293 1155 5349 visus
1181 5292 1372 5358 fuerit,
1418 5301 1474 5348 et
1498 5301 1623 5347 sunt
1649 5306 1837 5347 omnes
1863 5293 1915 5347 in
1940 5308 2095 5363 poena
2125 5301 2179 5347 et

616 5390 897 5459 supplicio.
926 5388 1051 5458 Ejus
1076 5388 1358 5458 praesentia
1386 5386 1505 5441 aliis
1524 5386 1737 5455 quidem
1770 5387 1875 5442 erit
1905 5386 2013 5451 lux,
2063 5386 2184 5441 aliis

614 5494 746 5537 vero
771 5480 1106 5549 supplicium.
1131 5478 1199 5532 Et
1222 5495 1254 5531 a
1277 5479 1461 5550 gloria,
1487 5479 1676 5549 inquit,
1707 5479 1905 5533 virtutis
1925 5479 2052 5547 ejus,
2071 5495 2183 5531 cum

614 5574 804 5628 uenerit
827 5572 1100 5643 gloriﬁcari
1121 5572 1173 5625 in
1199 5572 1385 5625 sanctis
1411 5572 1535 5636 suis,
1558 5582 1604 5624 et
1624 5572 1936 5626 admirabilis
1971 5573 2081 5639 ﬁeri
2126 5573 2178 5625 in

614 5663 842 5717 omnibus
870 5663 956 5731 qui
984 5661 1323 5716 crediderunt.
1351 5662 1488 5728 Quid
1515 5661 1688 5716 dicis?
1737 5663 1947 5715 Deusne
1971 5661 2176 5731 gloriﬁ-

614 5757 800 5810 Catur?
839 5757 1018 5817 Certe,
1053 5754 1117 5808 In
1159 5754 1410 5819 omnibus,
1439 5755 1628 5826 inquit,
1660 5755 1846 5809 sanctis
1875 5758 1998 5808 suis.
2028 5755 2169 5821 Qum

614 5845 814 5901 modo?
853 5846 1075 5914 Quando
1118 5847 1280 5912 enim,
1320 5847 1507 5916 inquit,
1544 5847 1579 5902 ii
1609 5846 1698 5918 qui
1728 5846 1891 5903 altum
1919 5848 2166 5917 sapiunt,

2290 3178 2519 3235 viderint
2538 3195 2631 3235 eos
2654 3182 2745 3250 qui
2773 3182 2840 3236 ab
2865 3181 2995 3252 ipsis
3022 3181 3362 3253 llagellantur
3379 3225 3394 3248 ,
3433 3184 3514 3253 qui
3541 3181 3750 3251 deSpidnn-

2286 3280 2392 3339 tur,
2439 3272 2527 3342 qui
2555 3272 2862 3339 irrideutttr,
2906 3288 3027 3328 esse
3068 3288 3232 3343 prope
3264 3275 3456 3344 ipsum,
3486 3284 3591 3328 tunc
3610 3279 3750 3341 apparo

2285 3362 2401 3431 ejus
2427 3362 2621 3432 gloria;
2650 3364 2734 3418 vel
2773 3365 2952 3433 potius
2985 3372 3040 3419 et
3069 3380 3254 3419 eorum
3287 3377 3340 3420 et
3368 3365 3478 3435 ejus
3498 3364 3632 3435 gloria
3652 3380 3661 3417 :
3680 3362 3750 3428 ejus

2285 3452 2521 3522 quidem,
2562 3453 2704 3522 quod
2734 3469 2827 3509 eos
2847 3470 2955 3509 non
2985 3456 3281 3525 reliquerit,
3305 3456 3397 3511 sed
3424 3455 3658 3526 prazclaros
3676 3452 3749 3506 red-

2285 3545 2478 3600 diderit
2523 3555 2577 3599 et
2625 3546 2892 3611 illustres;
2943 3562 3128 3601 eorum
3175 3557 3381 3610 autem,
3428 3547 3555 3618 quod
3581 3555 3688 3599 tanto
3706 3544 3749 3594 di‘

2285 3637 2431 3705 gnati
2478 3637 2585 3691 sint
2628 3637 2851 3693 honore.
2895 3636 2964 3693 Ut
3008 3640 3150 3692 enim
3192 3640 3267 3692 illi
3316 3639 3430 3709 ejus
3464 3646 3571 3693 sunt
3605 3634 3749 3694 divitia,

2287 3726 2427 3798 quod
2453 3727 2560 3781 sint
2588 3726 2772 3783 fideles
2802 3745 2815 3780 :
2850 3728 2921 3781 ita
2952 3730 3113 3783 etiam
3141 3729 3258 3798 ejus
3285 3739 3370 3784 est
3397 3730 3570 3799 gloria,
3594 3724 3749 3797 quodilli

2286 3818 2443 3873 bonis
2471 3818 2586 3889 ejus
2607 3820 2717 3874 sint
2742 3819 2977 3889 petituri.
3007 3820 3185 3876 Gloria
3224 3820 3353 3877 boni
3374 3832 3455 3878 est
3477 3821 3642 3875 habere
3668 3830 3750 3887 quas

2288 3911 2401 3965 suis
2426 3920 2582 3965 ornet
2617 3911 2910 3967 beneficiis.
2942 3911 3009 3966 Et
3034 3913 3355 3969 admirabilis
3374 3956 3390 3982 ,
3418 3914 3598 3983 inquit,
3620 3910 3698 3979 ﬁeri
3721 3911 3751 3959 is

2288 4004 2514 4058 omnibus
2541 4005 2625 4075 qui
2652 4004 2989 4060 crediderunt.
3034 4005 3145 4060 Hoc
3169 4016 3253 4062 est
3271 4049 3288 4074 ,
3321 4022 3417 4078 per
3442 4022 3528 4061 eos
3550 4006 3622 4074 qui
3642 3998 3752 4056 credi-

2288 4098 2500 4153 derunt.
2536 4098 2687 4153 .Ecce
2724 4113 2913 4155 rursus
2933 4139 2949 4164 ,
2994 4100 3080 4163 in,
3111 4099 3250 4155 idem
3281 4109 3367 4156 est
3393 4099 3542 4171 quod.
3573 4111 3676 4166 per!
3695 4106 3751 4161 ρετ

2291 4192 2410 4247 illos
2458 4192 2600 4248 enim
2641 4191 2883 4248 redditur
2921 4190 3269 4247 admirabilis.
3318 4192 3531 4261 Quando
3564 4189 3672 4245 enim
3696 4198 3753 4238 eos

2289 4285 2377 4355 qtti
2404 4284 2584 4338 miseri
2612 4292 2765 4338 erant
2801 4293 2854 4339 et
2880 4283 3072 4353 abjeCti
3090 4325 3106 4351 ,
3136 4299 3198 4338 ac
3223 4285 3363 4339 mala
3388 4284 3518 4354 passi
3542 4283 3753 4335 innumera—

2288 4379 2414 4434 bilia
2453 4378 2812 4444 crediderant,
2863 4378 2931 4433 ad
2970 4387 3173 4433 tantum
3216 4378 3431 4434 deducit
3467 4374 3751 4446 splendet-an:

2289 4469 2406 4539 ejus
2446 4469 2616 4523 virtus
2646 4478 2770 4524 tunc
2796 4468 3116 4535 ostenditur,
3165 4469 3306 4539 quod
3329 4510 3343 4533 ,
3387 4467 3577 4523 etiamsi
3615 4464 3677 4517 hic
3708 4459 3754 4508 τί·

2289 4561 2518 4617 deantur
2556 4560 2825 4624 derelicti,
2875 4559 2972 4617 sed
3016 4570 3192 4615 tamen
3228 4576 3419 4630 magna
3459 4559 3556 4613 illic
3589 4556 3754 4608 fruuntur

2289 4653 2456 4724 gloria
2487 4669 2501 4706 :
2529 4662 2654 4707 tunc
2694 4652 2926 4707 maxime
2954 4652 3254 4708 ostenditur
3279 4653 3453 4706 omnis
3483 4650 3562 4704 Dei
3586 4647 3755 4717 gloriae!

2290 4748 2478 4801 virtus.
2519 4745 2799 4813 Quomodo
2837 4753 3014 4800 autem
3036 4788 3051 4812 ,
3080 4744 3242 4810 audi;
3294 4742 3605 4814 subjungintr
3629 4735 3751 4791 enim:

2294 4839 2431 4906 Quia
2455 4838 2701 4893 creditum
2720 4848 2795 4893 est
2817 4839 3152 4893 testimonium
3171 4848 3397 4893 nostrum
3416 4851 3553 4907 super
3576 4847 3642 4886 ros
3656 4830 3692 4881 in
3707 4825 3754 4876 δίε

2290 4932 2398 4984 illo.
2449 4930 2535 4984 ll.
2586 4928 2652 4984 1η
2677 4946 2777 4999 quo
2803 4930 2953 4985 etiam
2981 4946 3184 4984 oramus
3208 4946 3403 5000 semper
3426 4944 3511 4998 pro
3536 4923 3659 4978 vobis.
3683 4916 3752 4970 Hoc

2291 5031 2373 5077 est
2406 5038 2419 5075 :
2450 5021 2673 5089 Quando
2717 5020 2929 5076 adducti
2973 5020 3173 5077 fuerint
3222 5022 3273 5077 in
3318 5020 3541 5076 medium
3574 5008 3751 5087 qnimala

2290 5113 2428 5182 passi
2456 5121 2580 5166 sunt
2603 5114 2879 5167 innumera
2907 5119 2965 5167 ut
2995 5126 3027 5167 a
3069 5112 3177 5169 ﬁde
3204 5111 3575 5171 desciscerent,
3620 5111 3663 5159 et
3688 5113 3749 5153 ηοπ

2289 5215 2589 5271 cesserunt,
2619 5203 2714 5259 sed
2742 5204 3120 5269 crediderunt,
3166 5204 3485 5275 glorificatur
3505 5202 3618 5255 Dens
3642 5214 3652 5249 :
3674 5202 3750 5245 tunc

2290 5297 2587 5352 ostenditur
2610 5296 2769 5350 etiam
2799 5295 2986 5350 horum
3011 5296 3199 5367 gloria.
3245 5296 3373 5363 Quia
3406 5296 3550 5365 igitur
3586 5283 3698 5341 multi
3718 5279 3751 5329 li-

2290 5390 2411 5446 dem
2437 5389 2685 5444 simulant
2703 5429 2718 5454 ,
2769 5397 2892 5443 ante
2916 5398 3141 5444 mortem
3169 5389 3429 5444 neminem
3455 5387 3633 5440 beatum
3654 5374 3751 5429 dixe-

2290 5484 2364 5536 ris
2396 5498 2410 5535 :
2439 5496 2560 5534 nam
2592 5480 2642 5534 in
2672 5480 2763 5534 illo
2789 5480 2877 5535 die
2902 5480 3250 5535 ostenduntur
3275 5479 3360 5550 qui
3388 5474 3689 5532 crediderunt.
3710 5460 3749 5512 1η

2290 5589 2389 5644 quo
2433 5574 2581 5626 etiam
2623 5587 2847 5634 oramus,
2893 5571 3096 5641 inquit,
3142 5588 3333 5638 semper
3357 5586 3443 5639 pro
3469 5564 3747 5620 vobisut?“

2291 5664 2523 5733 dignetur
2549 5661 2806 5714 vocatione
2830 5678 2923 5714 sua
2953 5660 3089 5714 Deus
3117 5670 3300 5725 uester,
3324 5668 3366 5713 et
3408 5656 3591 5725 impleat
3612 5655 3746 5733 omne?

2292 5754 2594 5808 uoluntatem
2623 5753 2856 5807 bonitatis
2902 5768 3009 5806 sua?
3053 5762 3101 5806 et
3146 5769 3272 5822 opus
3310 5750 3422 5817 ﬁdei
3459 5750 3505 5801 in
3529 5745 3683 5798 virtute.
3706 5726 3747 5782 17‘

2289 5846 2537 5914 dignetur,
2605 5844 2807 5914 ittquit.
2859 5861 2943 5899 eos
2990 5844 3280 5911 vocatione;
3326 5837 3583 5898 ostendens
3612 5824 3747 5885 mulli”
