3964 6524
100 524 220 579 ιτς»

96 636 221 707 γάρ
259 633 323 706 δή
359 632 553 704 φθόνον
582 630 745 699 ἐδέξω
774 632 1006 699 ἐκεῖθεν,
1046 632 1183 689 ἀλλά
1214 635 1560 707 παράκλησιν
1586 635 1684 689 καὶ⁵

98 717 469 791 παραμυθίαν
489 717 582 770 ἐπὶ
611 718 678 787 τῇ
719 718 784 787 σῇ
809 716 988 789 πενίᾳ.

173 798 335 865 Εῐδες
363 800 451 854 διὰ
500 800 609 853 τῶν
660 798 1024 871 πραγμάτων,
1069 798 1146 863 ὡς
1194 801 1347 855 οὐδέν
1375 803 1404 855 δ
1454 801 1686 866 πλοῦτος

96 884 332 953 ἀγαθὸν,
372 881 583 954 οὐδὲνὴ
626 882 784 935 πενία
835 882 1024 949 κακὸν,
1080 884 1195 937 ἀλλ’
1248 883 1518 957 ἀδιάφορά
1568 885 1685 938 ἐστι

99 968 435 1038 πράγματα.
482 964 639 1019 Οὕτω
686 966 781 1019 καὶ
816 964 912 1018 νῦν
941 964 1007 1019 ἂν
1035 967 1162 1038 περὶ
1196 967 1407 1038 τρυφῆς
1438 967 1684 1041 διαλέγῃ,

101 1050 315 1120 μᾶλλον
341 1049 561 1112 κόπτεις
580 1048 680 1120 τὴν
703 1047 881 1118 ψυχὴν
905 1048 1004 1101 οὐκ
1026 1048 1252 1118 ἔχουσαν
1283 1052 1414 1114 ίσως
1439 1052 1647 1121 τρυφᾷν
1667 1064 1682 1080 ⁸

97 1136 234 1188 ὅταν
254 1133 311 1187 δὲ
344 1132 485 1187 κατά
512 1132 745 1204 τρυφῆς,
775 1132 870 1185 καὶ
898 1133 1023 1197 τοὺς
1048 1136 1146 1203 τῆς
1185 1134 1407 1206 γεέννης
1445 1133 1688 1204 ὲμὸάλῃς

98 1219 162 1270 ὲν
193 1216 350 1287 μέσῳ
364 1216 575 1285 λόγους,
598 1214 876 1285 εὐφραίνει
903 1231 963 1268 σε
990 1214 1052 1269 τὸ
1077 1218 1329 1287 πρᾶγμα,
1354 1217 1451 1271 καὶ
1481 1215 1686 1287 πολλὴν

97 1301 322 1364 τέξεται
349 1299 449 1371 τήν
476 1298 692 1371 ἡδονήν.
724 1299 889 1353 Ὅταν
904 1298 1011 1370 γὰρ
1037 1299 1317 1371 ἐννοήσῃς,
1341 1300 1477 1371 δτιὴ
1506 1298 1689 1371 τρυφὴ

97 1385 261 1438 οὐδὲν
287 1386 422 1455 ἡμῖν
458 1382 596 1453 πρὸς
640 1383 704 1437 τὸ
747 1382 861 1455 πῦρ
894 1385 1068 1437 ἐκεῖνο
1125 1384 1412 1455 δυνήσεται
1462 1385 1687 1457 ἀμῦναι,

100 1468 205 1521 οὐκ
233 1468 586 1539 ἐπιζητήσεις
609 1467 780 1539 αὐτήν
807 1483 822 1497 ·
854 1466 920 1521 ἄν
942 1467 1000 1521 δὲ
1026 1467 1236 1537 λογίσῃ,
1264 1470 1345 1522 ὅτι
1371 1469 1467 1523 καὶ
1490 1469 1688 1541 μᾶλλον

100 1551 239 1603 αὐτὸ
284 1550 547 1603 ἀνάπτειν
576 1549 785 1616 εἴωθεν,
837 1550 898 1603 οὐ
943 1550 1102 1620 μόνον
1155 1550 1254 1604 οὐκ
1312 1551 1687 1623 ἐπιζητήσεις,

99 1633 245 1687 ἀλλά
283 1634 381 1687 καὶ
412 1634 812 1705 ἀποστραφήσῃ
836 1635 931 1687 καὶ
972 1632 1311 1706 ἀποκρούσῃ.
1342 1635 1434 1705 Μὴ
1465 1633 1529 1705 δὴ
1562 1634 1691 1704 φεύ-

100 1733 298 1787 γωμεν
329 1718 456 1780 τοὺς
493 1716 624 1787 περὶ
652 1718 876 1787 γεέννης
901 1715 1111 1787 λόγους,
1163 1717 1250 1770 ἴνα
1285 1716 1547 1787 φύγωμεν
1590 1716 1689 1789 τὴν

98 1798 342 1867 γέενναν
366 1815 382 1831 ·
420 1798 495 1870 μὴ
532 1798 822 1871 φεύγωμεν
865 1799 964 1870 τήν
995 1801 1094 1868 τῆς
1137 1799 1410 1861 κολάσεως
1446 1800 1687 1871 μνήμην,

98 1882 192 1935 ἵνα
230 1881 308 1953 μὴ
337 1881 707 1953 κολασθῶμεν.
750 1882 814 1936 El
843 1883 873 1935 ό
917 1882 1174 1946 πλούσιος
1216 1883 1421 1947 ἐκεῖνος
1467 1881 1529 1935 τό
1578 1882 1689 1952 πῦρ

96 1965 313 2018 ἐνενόει
341 1968 535 2031 ἐκεῖνο,
571 1967 672 2020 οὐκ
713 1965 781 2022 ἂν
803 1967 1046 2038 ἥμαρτεν
1068 1981 1082 1995 ’
1119 1966 1305 2037 ἐπειδὴ
1355 1966 1412 2021 δέ
1439 1966 1692 2020 οὐδέποτε

97 2047 281 2102 αὐτοῦ
315 2048 593 2121 ἐμνήσθη,
644 2048 733 2104 διὰ
762 2049 920 2104 τοῦτο
960 2048 1109 2121 αὐτῷ
1158 2049 1504 2121 περιέπεσεν.
1553 2050 1690 2104 Είπέ

99 2149 225 2201 μοι,
253 2132 532 2203 ἄνθρωπε,
591 2132 801 2204 μέλλων
842 2132 1210 2204 παρίστασθαι
1255 2132 1335 2203 τῷ
1362 2134 1564 2204 βήματι
1592 2134 1687 2188 τοῦ

95 2214 350 2285 Χριστοῦ
385 2218 563 2271 πάντα
591 2215 789 2287 μᾶλλον
819 2215 1055 2289 φθέγγῃ,
1090 2215 1123 2286 ἡ
1150 2218 1280 2286 περὶ
1315 2216 1504 2271 τούτου
1529 2234 1543 2283 ;
1574 2219 1688 2272 Kal

97 2300 349 2367 πρᾶγμα
381 2299 480 2369 μὲν
506 2299 644 2369 έχων
695 2299 831 2371 πρὸς
877 2298 1158 2369 δικαστὴν,
1213 2298 1377 2370 μέχρι
1426 2301 1686 2372 ῥημάτων
1726 2328 1729 2331 ν

96 2384 396 2449 πολλάκις,
414 2385 475 2437 ού
510 2386 700 2450 νύκτα,
722 2386 821 2456 οὐχ
842 2386 1075 2456 ἡμέραν,
1097 2385 1159 2439 οὐ
1188 2386 1401 2458 καιρὸν,
1420 2388 1518 2457 οὐχ
1537 2386 1686 2459 ῶραν

96 2468 240 2523 ἀλλο
276 2485 332 2521 τι
358 2467 592 2544 φθέγγῃ,
626 2469 764 2526 ἀλλά
796 2468 945 2542 [522
970 2468 990 2542 ]
1013 2471 1306 2534 διαπαντὸς
1334 2471 1462 2541 περὶ
1481 2471 1690 2525 ἐκείνου

96 2550 201 2605 τοῦ
233 2551 563 2623 πράγματος
594 2570 607 2585 ο
646 2552 860 2623 μέλλων
890 2551 951 2607 δὲ
1011 2553 1152 2624 ὑπὲρ
1192 2554 1375 2626 πάσης
1412 2558 1513 2627 τῆς
1544 2554 1691 2627 ζωῆς

853 517 921 575 ΙΝ
954 517 1170 574 EPIST.
1213 519 1257 573 ll
1285 516 1378 573 AD
1417 514 1755 572 THESSAL.
1791 515 1943 570 CAP.
1986 513 2028 571 l.
2066 512 2299 569 HOMIL.
2340 512 2430 568 Ill.

3253 500 3359 553 480

1789 646 1882 683 σου
1920 629 2078 698 λόγον
2102 628 2323 691 διδόναι,
2356 627 2451 680 καὶ
2481 625 2710 687 εὐθύνας
2730 616 3013 692 ὑποσχεῖν,
3035 617 3154 672 οὐδὲ
3183 614 3358 670 ἀλλων

1786 730 1846 766 σε
1884 711 2405 782 ἀναμιμνησκόντων
2443 709 2583 778 ὑπὲρ
2632 709 2729 777 τῆς
2762 707 2919 777 δίκης
2984 704 3153 775 ἀνέχῃ
3183 717 3199 765 ;
3235 698 3356 753 Τοι-

1784 793 1988 866 γαροῦν
2024 793 2111 846 διὰ
2149 792 2305 846 τοῦτο
2356 791 2536 845 πάντα
2581 790 2828 844 ἀπόλωλε
2872 790 2967 842 καὶ
3017 784 3365 855 διέφθαρται,

1785 880 1869 933 ὅτι
1897 878 2100 949 βήματι
2133 878 2231 947 μὲν
2254 874 2577 946 ἀνθρωπίνῳ
2595 871 3047 943 παραστήσεσθαι
3073 868 3362 940 μέλλοντες

1786 963 1915 1033 περὶ
1951 960 2291 1033 πραγμάτων
2314 958 2605 1029 βιωτικῶν,
2635 959 2810 1010 πάντα
2841 955 3127 1031 κινοῦμεν,⁶
3151 952 3359 1013 πάντας,

1786 1043 2067 1115 ἀξιοῦμεν,
2101 1042 2365 1115 διηνεκῶς
2404 1043 2533 1112 περὶ
2565 1042 2753 1093 τούτου
2783 1038 3153 1109 μεριμνῶμεν,
3181 1036 3362 1089 πάντα

1788 1129 1927 1198 ὑπὲρ
1954 1128 2141 1181 τούτου
2173 1126 2484 1196 πράττομεν
2506 1163 2523 1180 .
2550 1124 2630 1186 είς
2657 1123 2714 1175 δὲ
2742 1123 2801 1174 τὸ
2829 1121 2979 1190 βῆμα
3006 1117 3099 1171 τοῦ
3125 1115 3363 1188 Χριστοῦ

1791 1209 2070 1281 μέλλοντες
2100 1210 2258 1281 ἥκειν
2292 1210 2411 1280 μετ’
2436 1209 2495 1261 οὐ
2523 1206 2683 1269 πολὺ,
2721 1204 2875 1257 οὐδὲν
2897 1202 3020 1255 οὐτε
3045 1201 3114 1253 δι’
3136 1200 3363 1262 ἑαυτῶν,

1786 1290 1911 1345 οὔτε
1937 1292 2007 1345 δι’
2028 1292 2200 1347 ἄλλων
2217 1293 2551 1365 πράττομεν,
2574 1290 2674 1343 οὐκ
2698 1287 2956 1356 ἀξιοῦμεν
2972 1284 3062 1337 τὸν
3084 1283 3366 1365 δικαστήν.

1788 1376 1982 1431 Καίτοι
2016 1393 2080 1445 γε
2130 1360 2329 1446 πολλὴν
2362 1360 2493 1448 ἡμῖν
2541 1377 2747 1437 ἐκεῖνος
2793 1370 2974 1439 δίδωσι
3008 1360 3364 1437 προθεσμίαν,

1788 1460 1885 1514 καὶ
1916 1460 2014 1512 οὐκ
2034 1458 2501 1530 ἀναρπάζειὴμᾶς
2516 1459 2575 1513 ἐν
2603 1460 2715 1521 τοῖς
2743 1457 2928 1528 μέσοις
2955 1450 3364 1523 ἀμαρτήμαάινν

1787 1541 1903 1595 ἀλλ’
1933 1543 2160 1612 ἀφίησιν
2179 1540 2572 1606 ἀποδύσασθαι,
2625 1542 2721 1594 καὶ
2751 1538 2905 1592 οὐδὲν
2942 1536 3051 1589 τῶν
3082 1535 3162 1595 είς
3209 1530 3370 1585 αὐτὸν
3398 1554 3401 1555 ν

1787 1625 2029 1695 ἡκόντων
2096 1624 2507 1695 παραλιμπάνει
2556 1625 2589 1694 ἡ
2653 1622 2929 1691 ἀγαθότης
2985 1616 3165 1685 ἐκείνη
3206 1613 3299 1695 καί
3336 1614 3372 1681 ἡ

1790 1694 2191 1778 φιλανθρωπία.
2235 1706 2372 1759 Ἀλλ’
2398 1708 2549 1760 οὐδὲν
2574 1707 2787 1775 γίνεται
2817 1702 2980 1756 πλέον
3008 1717 3024 1732 ο
3066 1697 3155 1750 διά
3208 1694 3375 1747 τοῦτο

1794 1788 1994 1859 μείζων
2039 1790 2358 1861 ἠτιμωρία.
2401 1788 2559 1842 Ἀλλὰ
2582 1788 2657 1860 μὴ
2689 1788 2898 1857 γένοιτο
2939 1781 3210 1853 γενέσθαι.
3261 1778 3373 1843 Διὸ,

1796 1872 2120 1942 παρακαλῶ,
2146 1872 2251 1926 κᾶν
2278 1871 2374 1926 νῦν
2402 1873 2774 1943 ἀνανήψωμεν
2807 1884 2858 1935 δ,
2891 1869 3104 1939 ἔχωμεν
3135 1864 3235 1935 τὴν
3276 1864 3377 1932 γέ·-

1794 1972 1954 2010 ενναν
1977 1956 2084 2027 πρὸ
2115 1956 2433 2027 ὀφθαλμῶν,
2462 1957 2733 2027 ἐννοῶμεν
2757 1955 2857 2017 τὰς
2892 1952 3120 2014 εὐθύνας
3159 1949 3380 2009 ἐκείνας

1792 2036 1890 2101 τάς
1916 2039 2344 2110 ἀπαραιτήτουςο
2384 2040 2470 2093 ἴνα
2501 2038 2672 2094 ταῦτα
2705 2037 3066 2107 λογιζόμενοι,
3132 2033 3227 2086 καὶ¹
3278 2031 3380 2101 τὴν

1790 2122 1990 2176 κακίαν
2044 2122 2323 2193 φύγωμεν,
2383 2126 2479 2177 καὶ
2530 2122 2628 2193 τὴν
2678 2120 2879 2193 ἀρετὴν
2911 2117 3218 2189 αἱρώμεθα,
3282 2115 3378 2169 καὶ

1788 2203 2103 2274 δυνηθῶμεν
2128 2206 2401 2275 ἐπιτυχεῖν
2427 2205 2535 2258 τῶν
2568 2203 2994 2276 ἐπηγγελμένων
3023 2200 3240 2270 ἀγαθῶν
3268 2200 3381 2261 τοῖς

1789 2286 2078 2356 ἀγαπῶσιν
2132 2287 2315 2356 αὐτὸν,
2354 2288 2538 2359 χάριτι
2588 2291 2680 2343 καὶ
2713 2285 3107 2358 φιλανθρωπίᾳ.

1869 2503 1896 2530 ει
1921 2500 2005 2551 Sic
2027 2514 2144 2550 mss.
2167 2513 2360 2551 omnes.
2385 2500 2518 2552 Editi
2540 2514 2682 2559 vero,
2725 2500 2813 2549 κᾶν
2834 2501 2889 2549 ἐκ
2906 2497 2993 2547 τοῦ
3017 2496 3099 2547 νῦν
3123 2498 3377 2560 ἀνανήψω-

1803 2578 1902 2625 μεν.

1564 2863 1807 2917 OMIAIA
1849 2863 1925 2916 Ρ.

104 2998 348 3063 Οῖτινες
384 2995 560 3060 δίκην
598 2999 904 3063 τίσουσιν,
937 2998 1189 3066 ὄλεθρον
1255 3000 1518 3067 αἰώνιον,
1573 3002 1693 3057 ἀπὸ

178 3079 512 3149 προσώπου
560 3082 805 3149 Κυρίου,
853 3082 951 3135 καὶ
1005 3083 1126 3137 ἀπὸ
1170 3082 1279 3150 τῆς
1346 3083 1526 3152 δόξης
1586 3084 1698 3152 τῆς

180 3164 403 3232 ἰσχύος
424 3164 632 3227 αὐτοῦ,
659 3164 804 3218 ὅταν
832 3164 981 3234 ἔλθη
1016 3165 1460 3236 ἐνδοξασθῆναι
1479 3167 1550 3220 ἐν
1569 3166 1696 3233 τοῖς

182 3247 382 3317 ἁγίοις
416 3246 628 3311 αὑτοῦ,
680 3246 779 3301 καὶ
807 3248 1225 3318 θαυμασθῆναι
1250 3249 1321 3303 ἐν
1368 3248 1520 3306 πᾶσι
1554 3249 1679 3317 τοῖς

180 3331 615 3385 πιστεύσασιν.

182 3443 259 3491 α’.
300 3436 421 3490 Εἰσὶ
452 3436 637 3489 πολλοὶ
667 3435 776 3489 τῶν
802 3434 1124 3507 ἀνθρώπων,
1147 3437 1197 3491 οἳ
1216 3437 1315 3502 τὰς
1350 3437 1571 3502 ἐλπίδας
1596 3437 1697 3503 τὰς

102 3520 363 3592 χρηστὰς
389 3520 490 3573 οὐκ
523 3520 584 3571 ὲν
638 3518 719 3589 τῷ
776 3518 884 3572 τῶν
935 3518 1347 3591 ἁμαρτημάτων
1397 3522 1696 3591 ἀπέχεσθαι

101 3607 354 3675 ἔχουσιν,
384 3602 498 3657 ἀλλ’
521 3604 581 3655 ὲν
611 3601 690 3673 τῷ
709 3602 949 3672 νομίζειν
978 3604 1077 3673 τὴν
1106 3604 1329 3671 γέενναν
1354 3594 1428 3675 μή
1460 3605 1698 3676 σφοδράν

102 3687 284 3752 εἶναι,
312 3686 494 3749 καθὼς
523 3685 763 3754 λέγεται,
793 3685 907 3740 ἀλλ’
935 3686 1299 3756 ἡμερωτέραν
1330 3688 1430 3757 τῆς
1465 3688 1695 3758 ἠπειλη-

105 3771 317 3842 μένης,
344 3770 437 3823 καὶ
466 3770 818 3841 πρόσκαιρον,
846 3769 946 3822 οὐκ
978 3770 1216 3836 αίώνιον,
1248 3772 1341 3824 καὶ
1365 3769 1534 3825 πολλὰ
1569 3772 1698 3843 περὶ

100 3854 315 3908 τούτου
341 3852 735 3923 φιλοσοφοῦσιν.
756 3852 914 3921 ’Ἐγὼ
947 3853 1045 3924 μὲν
1071 3851 1166 3907 οὖν
1207 3854 1269 3906 ού
1310 3854 1470 3924 μόνον
1492 3855 1575 3908 ὄτι
1599 3857 1699 3925 τῆς

104 3936 322 4008 ἠπειλη
332 3938 497 4008 μένης
521 3937 623 3991 οὐκ
648 3936 796 3989 ἐστιν
830 3938 1180 4007 ἡμερωτέρα,
1203 3937 1318 3991 ἀλλ’
1345 3938 1427 3992 ὅτι
1444 3939 1538 3992 καὶ
1565 3956 1698 4007 σφο-

102 4021 350 4093 δροτέρα
388 4020 585 4091 πολλῷ,
624 4019 950 4090 πολλαχόθεν
982 4020 1091 4091 έχω
1117 4021 1485 4092 παραστῆσαι,
1520 4022 1615 4075 καὶ
1639 4022 1701 4086 ἐξ

107 4104 305 4160 αὐτῶν
354 4105 778 4175 συλλογίσασθαι
829 4105 938 4173 τῶν
1001 4105 1129 4175 περὶ
1159 4106 1383 4176 γεέννης
1418 4106 1697 4177 ῥημάτων.

107 4192 271 4261 Πλὴν
295 4188 410 4244 ἀλλ’
440 4189 631 4243 οὐδένα
662 4190 792 4262 περὶ
812 4188 1017 4243 τούτων
1040 4187 1173 4242 κινῶ
1195 4188 1353 4257 λόγον
1378 4189 1473 4242 νῦν
1502 4205 1516 4220 ο
1539 4188 1701 4260 ἀρκεῖ

113 4277 230 4346 γὰρ
253 4278 283 4329 ό
320 4275 414 4329 καὶ
434 4275 543 4329 ἀπὸ
575 4273 746 4344 ψιλῶν
788 4274 1050 4347 ῥημάτων
1081 4273 1267 4343 φόόος,
1321 4274 1424 4328 κᾶν
1476 4271 1551 4343 μὴ
1609 4272 1701 4325 τὸν

107 4362 247 4413 νοῦν
280 4358 458 4413 αὐτῶν
486 4356 904 4428 ἀναπτύξωμεν.
928 4357 1051 4411 Ὅτι
1076 4356 1132 4411 δὲ
1162 4356 1263 4409 οὐκ
1289 4356 1405 4410 ἐστι
1437 4356 1703 4425 πρόσκαι-

113 4460 240 4514 ρος,
280 4444 507 4496 ἄκουσον
532 4439 630 4494 τοῦ
666 4440 877 4494 Παύλου
910 4440 1158 4509 λέγοντος
1186 4440 1284 4495 νῦν
1322 4440 1582 4511 περὶτῶν
1624 4441 1701 4510 μὴ

109 4525 340 4581 εἰδότων
358 4524 449 4579 τὸν
480 4524 632 4588 Θεὸν,
659 4524 792 4595 μηδὲ
818 4524 1179 4578 πιστευόντων
1199 4525 1255 4578 ἐν
1274 4523 1351 4595 τῷ
1369 4522 1702 4593 Εὐαγγελίῳ,

108 4612 202 4665 ὅτι
238 4610 397 4675 δίκην
429 4609 692 4675 τίσουσιν,
714 4608 933 4681 ὄλεθρον
972 4608 1209 4663 αἰώνιον.
1258 4609 1331 4662 Τὸ
1360 4606 1575 4663 αἰώνιον
1610 4602 1703 4661 οῦν

109 4694 241 4758 πῶς
259 4693 596 4765 πρόσκαιρον
617 4708 631 4757 ;
648 4692 784 4746 Ἀπὸ
803 4691 1152 4761 προσώπου,
1172 4692 1327 4763 φησὶ,
1344 4690 1701 4759 τοῦΚυρίου.

108 4778 186 4832 Τί
214 4778 336 4830 ἐστι
374 4775 568 4843 τοῦτο;
601 4777 665 4829 Τί
703 4774 923 4830 εὔκολον
950 4775 1183 4829 ἐνταῦθα
1217 4775 1463 4846 βούλεται
1497 4775 1702 4839 είπεῖν;

124 4862 356 4933 Ἐπειδὴ
385 4861 494 4933 γάρ
521 4862 664 4931 μέγα
688 4859 901 4931 ἐφύσων
937 4860 1062 4914 τότε
1105 4859 1476 4923 πλουτοῦντες,
1507 4859 1565 4912 οὐ
1602 4858 1706 4922 δεῖ,

108 4947 314 5017 φησιν,
364 4946 564 5017 πολλῆς
606 4946 893 5017 ἐργωδίας,
950 4945 1067 4999 ἀλλ’
1099 4946 1259 5016 ἀρκεῖ
1303 4942 1709 5016 παραγενέσθαι

114 5032 291 5101 μόνον
321 5030 417 5083 καὶ
441 5028 673 5100 ὀφθῆναι
698 5029 790 5083 τὸν
817 5028 970 5096 Θεὸν,
1002 5029 1096 5082 καὶ
1140 5028 1342 5092 πάντες
1381 5030 1440 5081 ἐν
1488 5026 1710 5081 κολάσει

110 5116 221 5169 καὶ
250 5113 490 5186 τιμωρίᾳ
534 5114 793 5184 γίνονται.
837 5114 901 5166 Ἦ
936 5111 1209 5184 παρουσία
1251 5111 1417 5166 αὐτοῦ
1466 5112 1578 5174 τοῖς
1611 5112 1709 5181 μὲν

111 5199 248 5268 φῶς
265 5198 434 5262 ἔσται,
457 5200 570 5262 τοῖς
589 5198 646 5252 δέ
661 5198 926 5270 τιμωρία.
946 5198 1057 5252 Kal
1075 5196 1192 5250 ἀπὸ
1215 5194 1324 5264 τῆς
1339 5194 1541 5263 δόξης,
1557 5192 1708 5265 [525]

115 5285 293 5353 φησὶ,
322 5281 430 5350 τῆς
456 5283 672 5351 ἰσχύος
696 5281 906 5347 αὐτοῦ,
926 5280 1073 5335 ὅταν
1102 5281 1248 5348 ἔλθῃ
1272 5275 1713 5345 ἐνδοξασθῆναι

113 5372 193 5423 ἐν
223 5367 353 5434 τοῖς
385 5368 576 5436 ἁγίοις
599 5366 809 5431 αὐτοῦ,
853 5365 954 5419 καί
996 5363 1417 5433 θαυμασθῆναι
1454 5361 1524 5417 ἐν
1559 5360 1712 5415 πᾶσι

116 5452 254 5517 τοῖς
276 5452 670 5506 πιστεύσασι.
698 5449 762 5502 Τί
783 5448 962 5517 λέγεις
986 5465 1001 5514 ;
1024 5448 1157 5511 Θεὸς
1178 5446 1517 5511 ἐνδοξάζεται
1539 5465 1554 5514 ;
1583 5445 1708 5510 Ναὶ,

130 5538 246 5592 Ἐν
267 5534 443 5602 πᾶσι,
477 5535 646 5606 φησὶ,
696 5530 822 5599 τοῖς
879 5533 1069 5602 ἁγίοις
1118 5532 1327 5587 αὑτοῦ.
1351 5530 1505 5597 Πῶς;
1541 5531 1710 5584 Ὅταν

117 5621 238 5691 γὰρ
279 5620 465 5673 ἴδωσιν
494 5620 545 5673 οἱ
588 5619 734 5689 μέγα
776 5616 1057 5685 φυσῶντες
1106 5616 1233 5680 τοὺς
1287 5614 1713 5686 μαστιζομένους

120 5704 219 5759 ὑπ’
243 5704 445 5767 αὐτῶν,
469 5706 597 5766 τοὺς
618 5699 1183 5772 καταφρονουμένους,
1225 5701 1352 5762 τοὺς
1405 5700 1716 5766 καταγελω-

122 5790 349 5859 μένους,
384 5786 607 5849 τούτους
629 5787 795 5854 ἐγγὺς
844 5784 1004 5847 δντας
1043 5783 1230 5849 αὐτοῦ,
1278 5783 1406 5847 δόξα
1435 5781 1598 5836 αὐτοῦ
1630 5783 1715 5848 γί-

119 5889 279 5924 νεται
305 5887 321 5901 ’
359 5870 560 5941 μᾶλλον
590 5869 649 5924 δέ
691 5868 848 5923 τοῦτο
892 5867 1021 5932 δόξα
1071 5868 1186 5919 ἐστὶ
1242 5868 1337 5920 καὶ
1391 5866 1569 5919 αὐτῶν
1622 5867 1719 5921 καὶ

120 5956 298 6012 αὐτοῦ
330 5969 346 5985 ο
374 5954 537 6010 αὐτοῦ
564 5954 685 6027 μὲν,
708 5956 791 6009 ὅτι
816 5953 1011 6016 αὐτοὺς
1035 5953 1133 6005 οὐκ
1160 5950 1535 6019 ἐγκατέλιπεν,
1577 5952 1713 6006 ἀλλὰ

1797 3001 2083 3071 λαμπροὺς
2117 2997 2398 3063 ἀπέδειξεν
2427 3015 2441 3028 ο
2477 2997 2660 3051 αὐτῶν
2683 2997 2760 3061 δέ,
2792 2997 2875 3051 ὅτι
2909 2995 3177 3066 τοσαύτης
3242 3012 3381 3049 κατ-

1795 3084 2106 3156 ηξιώθησαν
2138 3083 2325 3154 τιμῆς.
2357 3083 2568 3155 Ὠσπερ
2604 3082 2714 3153 γὰρ
2738 3081 2962 3145 πλοῦτος
2983 3080 3146 3134 αὐτοῦ
3178 3082 3293 3134 έστι
3320 3083 3383 3135 τὸ

1796 3163 1934 3221 εἶναι
1968 3168 2211 3229 πιστοὺς,
2258 3164 2401 3219 οὕτω
2438 3166 2532 3219 καὶ
2579 3163 2704 3231 δόξα
2744 3163 2910 3219 αὐτοῦ
2965 3167 3082 3217 ἐστι
3127 3164 3188 3217 τὸ
3243 3162 3383 3219 εἶναι

1797 3254 1922 3316 τοὺς
1955 3251 2247 3323 μέλλοντας
2293 3251 2587 3305 ἀπολαύειν
2638 3249 2802 3304 αὐτοῦ
2850 3248 3222 3319 τῶνάγαθῶν.
3247 3250 3385 3313 Δόξα

1795 3336 1916 3388 ἐστὶ
1947 3334 2039 3387 τοῦ
2069 3334 2274 3403 ἀγαθοῦ
2301 3336 2361 3388 τὸ
2391 3335 2533 3405 ἔχειν
2563 3328 2646 3397 οἷς
2671 3335 2772 3405 τῆς
2795 3333 3114 3403 εὐεργεσίας
3146 3333 3382 3403 μεταδῷ.

1796 3417 1906 3473 Kal
1924 3418 2364 3488 θαυμασθῆναι,
2386 3419 2569 3489 φησὶν,
2587 3418 2659 3471 ἐν
2679 3416 2825 3471 πᾶσι
2845 3416 2970 3482 τοῖς
2992 3416 3391 3471 πιστεύσασι.

1796 3502 2078 3569 Τουτέστι,
2105 3502 2192 3556 διὰ
2223 3503 2330 3556 τῶν
2366 3503 2792 3556 πιστευσάντων.
2830 3500 2964 3554 Ἰδοὺ
2994 3499 3158 3552 πάλιν
3189 3500 3270 3565 τὸ,
3299 3502 3383 3561 ἐν,

1797 3588 1895 3641 διὰ
1915 3587 2051 3644 ἐστί.
2084 3588 2163 3640 Δι’
2192 3588 2417 3641 ἐκείνων
2434 3587 2545 3657 γὰρ
2568 3584 2887 3656 θαυμαστὸς
2922 3584 3305 3638 ἀποδείκνυται
3332 3598 3381 3638 ⁸.

1800 3671 1970 3725 Ὅταν
1992 3671 2101 3739 γάρ
2120 3670 2247 3733 τοὺς
2275 3671 2527 3741 οἰκτροὺς
2555 3669 2646 3721 καὶ
2675 3668 3058 3738 ταλαιπώρους
3085 3667 3176 3720 καὶ
3210 3668 3384 3737 μυρία

1798 3754 2070 3816 παθόντας
2092 3754 2260 3816 δεινὰ,
2286 3753 2382 3805 καὶ
2409 3750 2828 3817 πιστεύσαντας,
2863 3752 2944 3813 εἰς
2975 3750 3243 3820 τοσαύτην
3275 3751 3385 3821 ἄγῃ

1798 3838 2174 3909 λαμπρότητα,
2203 3836 2474 3890 δείκνυται
2501 3835 2664 3889 αὐτοῦ
2699 3837 2732 3907 ἡ
2760 3835 2913 3905 ἰσχὺς
2934 3834 3077 3898 τότε,
3108 3835 3188 3887 ὅτι
3224 3835 3271 3886 εί
3292 3835 3387 3887 καὶ

1800 3921 2033 3975 ἐνταῦθα
2088 3920 2335 3974 δοκοῦσιν
2384 3920 2891 3989 ἐγκαταλελεῖφθαι,
2946 3918 3062 3972 ἀλλ’
3086 3918 3236 3989 ὅμως
3269 3919 3389 3970 ἐκεῖ

1800 4004 2002 4076 πολλῆς
2056 4004 2388 4059 ἀπολαύουσι
2450 4004 2610 4075 δόξης
2641 4021 2657 4037 ⁸
2708 4004 2833 4057 τότε
2888 4002 3124 4075 μάλιστα
3173 4003 3323 4055 πᾶσα
3350 4003 3384 4073 ἡ

1800 4089 1927 4156 δόξα
1984 4089 2081 4143 τοῦ
2128 4088 2263 4143 Θεοῦ
2310 4090 2587 4143 δείκνυται
2638 4092 2734 4144 καὶ
2786 4091 2821 4161 ἡ
2895 4089 3066 4160 ἰσχύς.
3104 4089 3215 4141 Καὶ
3245 4088 3384 4155 πῶς,

1803 4174 1965 4229 ἄκουε
1992 4190 2007 4205 ⁶
2040 4174 2235 4242 ἐπάγει
2276 4173 2405 4245 γὰρ,
2440 4175 2569 4228 Ὅτι
2599 4174 2929 4241 ἐπιστεύθη
2964 4173 3032 4226 τὸ
3056 4174 3389 4241 μαρτύριον

1801 4256 1971 4328 ήμῶν
1997 4257 2090 4327 ἐφ’
2121 4256 2276 4328 ὑμᾶς
2324 4257 2393 4311 ἐν
2446 4256 2521 4326 τῇ
2577 4256 2767 4326 ἡμέρᾳ
2825 4255 3051 4324 ἐκείνῃ.
3093 4258 3197 4321 Εἰς
3223 4256 3255 4309 ὂ
3287 4255 3390 4309 καὶ

1804 4343 2259 4411 προσευχόμεθα
2332 4339 2590 4394 πάντοτε
2655 4338 2789 4407 περὶ
2847 4338 3034 4407 ὑμῶν.
3074 4338 3388 4403 Τουτέστιν,

1801 4425 1931 4481 ὅταν
1958 4426 2312 4495 παράγωνται
2340 4426 2417 4486 είς
2450 4423 2615 4492 μέσον
2641 4424 2689 4475 οί
2721 4421 2889 4493 μυρία
2916 4421 3181 4485 παθόντες
3212 4422 3383 4487 δεινὰ,

1804 4508 1945 4562 ῶστε
1970 4508 2229 4578 ἐκστῆναι
2257 4509 2357 4578 τῆς
2400 4505 2658 4569 πίστεως,
2694 4504 2790 4558 καὶ
2841 4505 2917 4575 μὴ
2953 4503 3212 4568 ἐνδόντες,
3252 4503 3388 4557 ἀλλά

1804 4594 1987 4646 πιστοὶ
2019 4592 2319 4661 μείναντες,
2343 4586 2624 4656 δοξάζεται
2653 4589 2681 4628 δ
2709 4591 2737 4642 ὁ
2762 4587 2895 4651 Θεός
2930 4604 2946 4619 ·
2975 4589 3095 4641 τότε
3113 4588 3388 4642 δείκνυται
3434 4583 3441 4589 ’

1805 4676 2127 4729 καὶτούτων
2155 4676 2188 4745 ἡ
2247 4673 2395 4739 δόξα.
2440 4673 2592 4726 Ἐπεὶ
2640 4672 2819 4727 τοίνυν
2844 4670 3033 4725 πολλοὶ
3071 4671 3169 4743 τὴν
3204 4672 3390 4725 πίστιν

1806 4761 2212 4833 ὑποκρίνονται,
2251 4761 2325 4830 μή
2375 4755 2647 4831 μακάριζε
2699 4756 2902 4829 μηδένα
2945 4756 3052 4829 πρὸ
3078 4757 3334 4829 τελευτῆς
3370 4774 3385 4785 ·

1806 4848 1901 4901 καὶ
1926 4846 2036 4919 γὰρ
2064 4848 2122 4899 ἐν
2146 4848 2212 4916 τῇ
2233 4844 2421 4917 ἡμέρᾳ
2453 4843 2637 4916 ἐκείνῃ
2656 4843 2964 4897 δείκνυνται
2990 4843 3039 4895 οί
3063 4843 3389 4895 πιστεύσαν-

1805 4948 1917 4995 τες.
1946 4932 2053 4997 Εἱς
2072 4930 2103 4984 ὃ
2134 4930 2232 4984 καί
2258 4927 2737 4999 προσευχόμεθα,
2776 4927 2933 4997 φησὶ,
2965 4926 3218 4979 πάντοτε
3256 4925 3392 4994 περὶ

1807 5015 1994 5085 ὑμῶν,
2024 5016 2125 5068 ἵνα
2167 5013 2324 5083 ὑμᾶς
2372 5012 2604 5081 ἀξιώσῃ
2662 5011 2773 5081 τῆς
2830 5010 3111 5077 κλήσεως
3163 5013 3196 5063 ό
3246 5010 3392 5076 Θεὸς

1809 5098 1997 5169 ἡμῶν,
2028 5098 2127 5151 καὶ
2155 5096 2447 5167 πληρώσῃ
2506 5095 2714 5153 πᾶσαν
2754 5095 3041 5149 εὐδοκίαν
3084 5095 3393 5162 ἀγαθωσύ-

1809 5200 1942 5250 νης,
1971 5181 2067 5235 καὶ
2088 5182 2265 5253 ἔργον
2290 5182 2551 5247 πίστεως
2581 5181 2651 5235 ἐν
2668 5179 2946 5247 δυνάμει.
2978 5178 3112 5232 Ἵνα
3135 5175 3393 5243 ἀξιώσῃ,

1810 5268 1993 5338 φησὶν,
2026 5265 2180 5334 ὑμᾶς
2206 5262 2313 5334 τῆς
2349 5265 2649 5334 κλήσεως,
2698 5263 2912 5325 δεικνὺς
2955 5262 3037 5314 ὅτι
3087 5259 3274 5312 πολλοὶ
3301 5261 3395 5313 καὶ

1810 5351 2218 5423 άπεόλήθησαν.
2279 5349 2377 5404 Διά
2422 5349 2581 5402 τοῦτο
2630 5349 2898 5419 ἐπήγαγε,
2957 5346 3066 5401 Καὶ
3102 5344 3397 5414 πληρώσῃ

1811 5433 2017 5490 πᾶσαν
2034 5433 2316 5488 εὐδοκίαν
2344 5433 2767 5503 ἀγαθωσύνης.
2816 5429 2970 5484 Ἐπεὶ
3014 5430 3108 5482 καὶ
3136 5430 3179 5482 ό
3203 5430 3270 5482 τά
3302 5432 3399 5500 ῥυ-

1813 5517 1964 5588 παρά
1993 5517 2184 5587 ἱμάτια
2225 5516 2569 5585 ἐνδεδυμένος
2616 5513 2844 5584 ἐκλήθη,
2884 5512 2997 5567 ἀλλ’
3031 5512 3132 5565 ούκ
3180 5511 3399 5581 ἔμεινεν

1809 5602 1869 5654 ἐν
1896 5603 1964 5672 τῇ
1995 5601 2186 5671 κλήσει
2212 5617 2224 5628 ·
2258 5600 2347 5654 διὰ
2370 5600 2528 5653 τοῦτο
2552 5600 2649 5653 καὶ
2676 5596 2877 5669 μᾶλλον
2908 5597 3134 5665 γέγονεν
3159 5594 3400 5665 ἀπόϐλη-

1811 5704 1903 5751 τος
1942 5685 2042 5756 τῆς
2067 5686 2313 5756 κλήσεως
2332 5686 2433 5756 τῆς
2471 5685 2551 5750 εἰς
2583 5684 2675 5737 τὸν
2703 5681 2989 5753 νυμφῶνα.
3033 5679 3189 5735 Ἐπεὶ
3221 5680 3316 5734 καὶ
3340 5679 3399 5735 αι

1878 5900 1903 5926 ⁸
1927 5886 2092 5949 Εοιίέκ
2120 5912 2267 5957 unus,
2303 5897 2635 5945 ἐπιδείκνυται.

1876 5959 1903 5999 ὶ·
1930 5961 2182 6024 Scriptum
2202 5956 2351 6010 fuisse
2376 5956 2526 6010 velim
2550 5958 2657 6007 τότε
2677 5958 2917 6015 δοξάζεται
2964 5957 3101 6008 Enn.
