3834 6512
78 379 153 437 ml
848 376 915 434 IN
953 379 1167 435 EPIST.
1211 378 1252 433 ll
1317 378 1405 434 AD
1443 378 1768 434 TllESSAL.
1807 380 1957 435 CAP.
2003 383 2067 440 ll.
2110 387 2340 448 HOMIL.
2382 394 2467 453 ΠΙ.

4 562 9 563 ί
75 501 269 569 rejoctos
292 494 472 550 fuisse.
499 496 784 565 PrOpterea
812 499 1120 568 subiunxit,
1170 499 1237 554 Et
1262 502 1469 569 impleat
1495 515 1606 552 om-

22 576 33 585 ’ν
72 608 167 646 ηιιιη
201 592 498 642 voluntatem
541 590 774 644 bonitatis
817 606 939 644 suat.
988 590 1120 646 Nam
1168 593 1214 648 is
1259 608 1470 664 quoque
1518 607 1586 663 qu

1705 593 1861 649 ritum
1876 634 1891 660 ,
1918 609 2076 661 neque
2113 618 2203 669 per

26 678 29 683 ’
71 680 269 737 sordidis
303 689 418 734 erat
455 679 672 736 indutus
697 684 935 738 vestibus
962 685 1062 739 fuit
1092 696 1308 741 vocatus
1328 727 1343 749 .
1373 686 1467 742 scd
1500 701 1605 740 non

2 752 20 821 ⁵.
70 773 239 828 mansit
273 771 323 825 in
363 776 682 840 vocatione;
734 775 843 830 imo
884 788 1167 848 propterea
1198 780 1369 850 magis
1404 781 1607 849 ejectus

2 900 37 931 τυ
66 865 149 919 fuit
175 877 200 916 a
225 862 497 916 vocatione
540 864 594 918 in
642 865 933 922 thalamum
963 869 1165 940 sponsi.
1202 869 1334 924 Nam
1371 874 1605 941 quinque

64 956 200 1009 etiam
238 952 470 1021 virgines
522 953 735 1011 fuerunt
783 930 1052 1014 vocatis:
1103 958 1339 1031 Surgite,
1393 962 1601 1034 inquit,

2 1066 33 1099 ;;-
61 1060 264 1117 sponsus
312 1049 454 1102 venit
498 1048 709 1121 (Matth.
736 1050 827 1107 25.
859 1053 943 1119 6);
973 1062 1026 1109 et
1052 1064 1251 1124 paratu:
1278 1066 1431 1109 erant
1455 1095 1470 1117 .
1509 1055 1603 1111 sed

4 1154 37 1189 ·.
63 1156 150 1193 non
175 1147 288 1193 sunt
316 1140 591 1209 ingressas.
650 1142 970 1214 Significans
1009 1162 1137 1217 ergo
1163 1163 1447 1217 quamnam
1474 1149 1606 1203 dicit

6 1241 17 1248 ‘
56 1231 389 1294 vocationem,
414 1232 689 1301 subiunxit
714 1253 729 1289 :
759 1234 826 1290 Et
854 1236 1061 1306 impleat
1081 1255 1277 1295 omnem
1301 1240 1603 1294 voluntatem

55 1325 266 1377 bonitatis
295 1340 417 1387 suae,
447 1337 493 1378 et
525 1344 651 1393 opus
679 1330 799 1397 ﬁdei
828 1332 881 1385 in
908 1333 1107 1388 virtute.
1138 1334 1284 1390 llanc
1312 1336 1601 1405 quaerimus

2 1410 21 1417 ⁷⁷
52 1419 385 1480 vocationem,
419 1417 608 1489 inquit.
644 1419 778 1476 Vide
804 1424 1075 1493 quomodo
1100 1427 1302 1481 sensim
1326 1442 1418 1481 eos
1445 1428 1599 1482 cohi-

4 1514 23 1521 “
50 1509 129 1562 bet
154 1517 203 1561 et
232 1509 555 1578 comprimit.
585 1510 663 1567 Ne
706 1513 849 1567 enim
880 1514 1171 1572 ell'erantur
1195 1517 1408 1573 laudum
1436 1534 1600 1574 exsu-

46 1600 327 1670 peratione,
361 1612 416 1656 ut
458 1603 546 1675 qui
573 1620 660 1660 res
689 1622 907 1679 magnas
946 1611 1252 1680 gesserint,
1284 1612 1525 1682 pigrique
1547 1619 1600 1667 et

46 1690 204 1758 ignavi
249 1690 510 1759 evadant,
559 1698 794 1752 ostendit
820 1699 897 1753 eis
935 1700 1108 1756 adhuc
1137 1701 1338 1773 aliquid
1369 1703 1556 1758 deesse
1577 1743 1595 1769 .

8 1778 279 1851 iquamdiu
326 1782 522 1839 fuerint
567 1787 620 1841 in
674 1787 773 1844 hac
816 1792 958 1845 vita:
990 1793 1131 1863 quod
1172 1794 1331 1849 etiam
1375 1794 1439 1849 ad
1487 1793 1596 1851 lie-

2 1873 208 1951 "bra’os
254 1876 494 1932 scribens
543 1879 750 1935 dicebat
800 1899 813 1934 :
864 1881 1108 1938 Nondum
1165 1886 1234 1939 ad
1295 1887 1593 1959 sanguinem

16 1944 188 2037 usque
225 1968 491 2030 restitistis.
522 1972 762 2027 adversus
796 1986 1052 2043 peccatum
1072 1977 1378 2033 decertantes
1407 1978 1590 2052 (Hebr.

12 2036 114 2111 LI2.
146 2057 221 2130 4).
254 2056 485 2126 Omnem,
521 2061 716 2135 inquit,
746 2066 1091 2135 voluntatem;
1134 2069 1234 2125 hoc
1273 2082 1376 2139 est,
1425 2072 1593 2128 bene-

2 2198 9 2223 .
38 2150 299 2219 placitum,
319 2163 374 2208 et
400 2155 538 2225 quod
560 2164 643 2211 est
665 2172 972 2226 persuasum
998 2171 1309 2233 certumque
1336 2178 1399 2218 ac
1421 2172 1593 2218 statu-

2 2222 153 2311 rj.um.
188 2245 264 2296 Ac
290 2244 339 2298 si
371 2222 601 2313 diceret,
658 2222 728 2304 Ut
767 2250 854 2304 ﬁat
882 2252 1023 2322 quOd
1062 2253 1176 2309 Deo
1198 2222 1403 2310 certum
1430 2265 1513 2311 est
1540 2265 1595 2313 et

51 2350 78 2386 n
106 2347 208 2402 quo
234 2337 553 2404 acquiescit,
577 2349 635 2394 ut
662 2336 792 2395 nihil
822 2343 972 2398 vobis
1012 2345 1170 2413 desit,
1209 2355 1267 2412 ut
1291 2349 1407 2402 sitis
1443 2350 1514 2403 ita
1538 2358 1595 2406 ut

26 2424 147 2476 vnit.
183 2422 249 2477 Et
279 2442 412 2495 opus
441 2428 561 2495 fidei
590 2430 642 2484 in
667 2432 866 2487 virtute.
897 2433 1034 2503 Quid
1073 2435 1176 2493 hoc
1201 2438 1594 2496 esl?Toleran-

14 2518 93 2570 :zia
140 2521 639 2590 persequutionum.
687 2523 764 2580 Ne
811 2525 1187 2597 dissolvamur,
1236 2531 1439 2601 inquit,
1491 2548 1593 2591 nec

26 2607 353 2664 leﬁciamus.
398 2611 483 2665 12.
521 2610 590 2666 Ut
635 2614 947 2684 gloriﬁcatur
996 2635 1177 2674 nomen
1218 2619 1423 2675 Domini
1467 2620 1593 2678 Iesu

28 2694 197 2750 Christi
224 2698 279 2751 in
315 2700 474 2766 vobis,
520 2711 566 2755 et
605 2719 688 2757 vos
727 2708 780 2757 in
806 2705 918 2775 illo,
948 2708 1227 2763 secundum
1250 2711 1468 2782 gratiam
1495 2711 1591 2767 Dei

5 2794 8 2797 ‘
34 2790 168 2841 rostri
195 2800 244 2843 et
268 2788 484 2845 Domini
508 2792 538 2847 J
547 2811 635 2848 esu
660 2794 868 2852 Christi.

79 2880 132 2933 2.
176 2881 313 2936 Vide
367 2900 379 2937 :
422 2881 554 2938 dixit
599 2886 705 2941 illic
732 2889 979 2957 gloriam,
1032 2890 1170 2947 dixit
1201 2891 1289 2949 hic
1333 2910 1583 2966 quoque:

2 2968 141 3024 'lixit
169 2971 319 3041 quod
357 2970 452 3043 ipsi
483 2989 695 3044 quoque
722 2977 1111 3048 glorificantur,
1160 2994 1216 3039 ut
1254 2996 1309 3039 et
1349 2987 1588 3056 glorien-

38 3077 96 3113 ιιι·
126 3078 138 3114 :
163 3060 328 3130 dixit,
361 3065 499 3134 quod
527 3078 610 3121 est
638 3066 794 3139 longe
823 3072 1073 3140 amplius,
1103 3075 1244 3144 quod
1276 3077 1441 3131 Deum
1464 3093 1589 3148 quo-

4 3169 118 3222 _[ne
144 3154 459 3221 gloriﬁcant
488 3174 500 3209 :
539 3157 674 3212 dixit
698 3161 839 3230 quod
866 3164 1125 3233 recipient
1152 3167 1293 3222 illam
1320 3169 1542 3238 gloriam
1570 3189 1582 3224 :

28 3246 104 3297 .ed
138 3246 227 3300 hic
252 3261 470 3317 quoque
490 3247 619 3303 dicit
645 3267 659 3304 :
690 3265 809 3305 nam
833 3252 957 3307 dum
975 3255 1301 3323 gloriﬁcatur
1319 3258 1586 3327 dominus,

18 3322 144 3388 'i-rvi
172 3352 397 3407 quoque
420 3339 802 3409 gloriﬁcantur.
846 3322 991 3399 Nam,
1006 3346 1094 3418 qui
1122 3347 1397 3404 dominum
1420 3322 1587 3420 glori;

24 3430 162 3480 iraut
186 3469 202 3492 ,
253 3428 433 3483 multo
481 3432 648 3502 magis
674 3432 775 3503 ipsi
803 3436 1185 3506 gloriﬁcantur,
1218 3449 1272 3494 et
1295 3440 1398 3497 hoc
1431 3444 1547 3512 ipso
1571 3485 1586 3509 ,

34 3526 49 3565 ι
78 3517 292 3585 absque
320 3518 438 3573 illo.
469 3520 647 3577 Gloria
675 3525 816 3579 enim
848 3536 929 3582 est
951 3526 1191 3595 afﬂictio,
1219 3547 1338 3602 quae
1363 3546 1586 3604 propter

24 3608 277 3662 lttristum
313 3612 645 3681 suscipitur;
683 3625 737 3669 et
767 3615 959 3687 ubique
985 3633 1105 3674 eam
1136 3636 1248 3675 rem
1274 3632 1426 3679 vocat
1465 3626 1584 3696 glo~

18 3698 127 3752 iam
164 3718 179 3754 :
214 3713 271 3756 et
306 3717 421 3773 quo
449 3706 612 3774 magis
652 3708 849 3779 aliquid
884 3722 1039 3784 turpe
1084 3722 1139 3769 et
1167 3715 1583 3785 ignominiosum

8 3792 131 3845 «ossi
173 3789 478 3857 fuerimus.
521 3812 586 3850 eo
634 3814 820 3854 sumus
863 3801 1138 3860 clariores.
1174 3805 1376 3863 Deinde
1406 3818 1587 3865 osten.

2 3892 125 3937 Vens
153 3884 313 3954 quod
351 3886 455 3941 hoc
496 3890 664 3958 ipsum
692 3907 903 3962 quoque
930 3905 1012 3949 est
1052 3897 1167 3963 Dei,
1198 3898 1348 3968 dicit,
1379 3903 1583 3958 Secun-

10 3980 109 4030 ‘um
132 3978 379 4048 gratiam
410 3978 507 4033 Dei
548 3985 704 4038 nostri
734 3996 780 4038 et
808 3985 1017 4042 Domini
1043 3990 1074 4043 J
1082 4008 1168 4045 esu
1196 3992 1404 4049 Christi.
1436 3996 1585 4054 lianc

18 4072 217 4125 ratiam
251 4072 382 4141 ipse
405 4074 556 4128 nobis
586 4076 752 4144 dedit,
780 4088 835 4133 ut
859 4080 1187 4151 gloriﬁcetur
1216 4086 1270 4140 in
1295 4089 1485 4153 nobis,
1533 4102 1585 4146 ct

15 4176 78 4211 os
109 4162 405 4229 gloriﬁcet
426 4164 477 4217 in
509 4165 644 4234 ipso.
663 4168 941 4235 Quomodo
961 4172 1290 4242 gloriﬁcatur
1315 4180 1367 4232 in
1396 4181 1586 4235 nobis?

10 4256 259 4308 tuoniam
291 4255 435 4311 nihil
463 4258 509 4312 ei
540 4259 894 4327 praeferimus.
943 4264 1221 4333 Quomodo
1255 4271 1585 4339 gloriﬁcatur

5 4361 30 4397 τι
66 4346 243 4413 ipso?
316 4347 585 4421 Quoniam
617 4351 685 4406 ab
714 4352 828 4423 ipso
872 4358 1175 4427 accepimus
1206 4361 1474 4429 virtutem,
1529 4378 1583 4424 ut

13 4452 89 4487 on
135 4437 416 4492 cedamus
457 4440 613 4494 malis
654 4458 774 4512 qua:
820 4444 1136 4503 inferuntur.
1186 4450 1320 4506 Nam
1368 4456 1581 4525 quando

2 4529 222 4583 :ntatio
282 4532 570 4599 acciderit,
626 4537 781 4590 simul
832 4549 886 4593 et
942 4539 1084 4596 Deus
1128 4543 1474 4616 glorificatur,
1524 4563 1580 4607 et

6 4635 75 4672 os
127 4636 143 4674 :
182 4620 379 4691 ipsum
410 4625 553 4679 enim
584 4626 884 4696 gloriﬁcant
907 4633 1047 4701 quod
1070 4650 1168 4689 nos
1196 4637 1274 4692 sic
1315 4643 1578 4698 corrobo-

2 4713 149 4780 irit;
184 4729 301 4787 nos
350 4716 700 4786 admirantur,
746 4724 886 4793 quod
936 4741 1032 4781 nos
1077 4730 1145 4784 ita
1188 4738 1582 4804 comparaveri-

1 4820 86 4857 IIIS
141 4814 208 4860 ut
264 4807 449 4864 simus
496 4809 661 4881 digni.
695 4813 818 4868 [lare
845 4827 1023 4873 autem
1060 4823 1238 4878 omnia
1267 4824 1398 4882 ﬁunt
1426 4844 1454 4883 a
1489 4831 1579 4888 Dei

2 4898 163 4952 παιῐει.
203 4900 386 4969 (Cap.
413 4901 490 4971 2.)
515 4904 563 4958 1.
609 4904 866 4976 Rogamus
891 4920 1056 4965 autem
1082 4929 1198 4981 vos,
1228 4920 1413 4987 fratres
1432 4961 1445 4985 ,
1492 4941 1580 4993 per

1 4993 254 5045 (ventum
287 4991 509 5048 Domini
553 4999 711 5051 nostri
736 4998 862 5053 Jesu
891 5002 1079 5058 Christi
1124 5016 1172 5059 et
1220 5020 1408 5066 nostra:
1453 4991 1578 5069 con-

2 5084 307 5154 'egationis
365 5084 419 5137 in
466 5086 652 5154 ipsum,
704 5090 758 5145 2.
805 5102 859 5145 ut
907 5110 1008 5148 non
1052 5098 1150 5151 cito
1202 5104 1500 5158 moveamini
1544 5123 1579 5162 a

1 5193 112 5229 usu
148 5186 369 5230 oestro.
415 5177 639 5245 Quando
666 5180 842 5238 futura
883 5186 953 5241 sit
976 5192 1319 5257 resurrectio,
1352 5211 1460 5250 non
1490 5197 1577 5252 di-

2 5276 69 5334 t;
109 5266 308 5337 quod-
339 5277 522 5322 antem
567 5286 711 5326 nunc
761 5289 867 5329 non
894 5277 1018 5344 erit,
1048 5278 1200 5335 dixit.
1237 5280 1460 5346 Nostra.
1492 5288 1576 5340 in-

12 5356 79 5417 it,
119 5354 581 5425 congregationis
626 5357 680 5409 in
724 5358 907 5424 ipsum.
939 5359 1051 5414 Non
1100 5375 1182 5417 est
1224 5366 1328 5422 hoc
1375 5385 1586 5441 quoque

4 5459 218 5497 rvum.
272 5442 458 5497 Vides
503 5446 770 5512 quomodo
800 5450 854 5501 lit
882 5452 1037 5503 etiam
1068 5455 1245 5509 Suasio
1275 5471 1393 5512 cum
1424 5460 1582 5516 laude

12 5534 493 5598 adhortatione,
527 5535 666 5603 quod
708 5539 927 5591 omnino
972 5542 1247 5596 nobiscum
1280 5544 1390 5614 ipse
1419 5563 1581 5617 appa-

2 5639 73 5689 ιι,
112 5639 180 5682 et
234 5615 438 5680 saneti
470 5629 693 5682 omnes?
739 5629 994 5700 Loquitur
1025 5634 1109 5689 hic
1134 5636 1200 5691 de
1246 5638 1440 5695 Chrisﬁ
1478 5644 1575 5697 ad-

10 5734 121 5773 ntu
157 5729 228 5775 et
267 5718 363 5771 de
404 5729 581 5772 nostra
619 5724 1068 5793 congregatione:
1096 5725 1207 5782 hzec
1240 5730 1380 5786 enim
1422 5732 1577 5789 simul

3182 422 3282 475 ρίκέ

1714 497 1908 556 labetis
1932 514 1987 557 et
2013 507 2288 567 vacilletis.
2324 514 2502 585 Neque
2542 529 2848 599 terreamini,
2893 550 3049 604 neque
3072 556 3159 600 per
3181 562 3284 604 ωτι

2230 622 2528 675 sermonem,
2579 632 2737 687 neque
2773 639 2864 689 per
2896 631 3181 699 epistolam,
3232 649 3288 692 ut

1715 698 1808 751 per
1836 700 1925 739 nos
1955 686 2173 757 missam,
2204 699 2350 763 quasi
2378 701 2524 758 instet
2562 708 2668 763 dies
2692 710 2920 773 Domini.
2971 721 3068 778 Hic
3096 726 3285 785 innue-

1715 788 1773 829 re
1799 776 2007 878 videtur
2034 781 2198 840 fuisse
2226 793 2518 864 quosdam,
2565 802 2654 870 qui
2685 805 2863 864 fictam
2893 823 2946 867 et
2973 825 3283 878 ementitam

1716 875 1771 918 ut
1811 867 1957 924 Pauli
1988 873 2266 944 epistolam
2287 867 2651 961 gestaverint,
2682 912 2910 971 eamque
2937 912 3282 971 ostendentes

1714 957 1974 1060 dicerent.
2007 970 2145 1038 quod
2170 972 2392 1032 instaret
2415 979 2532 1037 dies
2564 957 2770 1045 Domini
2790 957 2910 1060 ,lut
2940 1000 3061 1059 inde
3085 1010 3284 1066 multos

1713 1047 1767 1101 in
1794 1066 2033 1111 errorem
2058 1060 2392 1123 inducerent.
2448 1071 2525 1128 Ne
2554 1075 2714 1145 igitur
2738 1097 3018 1160 errarent,
3054 1099 3148 1153 sed
3180 1103 3281 1158 sibi

1712 1154 1983 1210 caverent,
2023 1153 2302 1209 conﬁrmat
2324 1158 2520 1217 Paulus
2551 1181 2645 1235 per
2669 1185 2730 1224 ea
2771 1190 2889 1244 qua:
2916 1153 3044 1237 dicit
3071 1198 3125 1241 et

2552 1228 2563 1235 .
2786 1228 2885 1244 1⁷⁷*
2920 1228 3044 1237 ”““”“
3072 1228 3125 1241 ν’
3149 1228 3277 1247 “Vl.—

1712 1228 1789 1285 bit
1820 1252 1833 1287 :
1869 1237 1952 1291 Ne
1979 1247 2266 1301 terreamini
2289 1267 2450 1323 neque
2472 1274 2563 1327 per
2581 1262 2836 1331 spiritum,
2867 1287 3026 1343 neque
3053 1297 3143 1346 per
3168 1301 3277 1339 ser—

1710 1340 1927 1381 monem.
1961 1331 2111 1398 Quod
2142 1349 2317 1394 autem
2360 1346 2466 1412 ait,
2506 1351 2573 1403 ita
2607 1355 2767 1411 habet
2798 1376 2812 1412 :
2846 1331 3065 1424 Etiamsi
3088 1373 3282 1446 aliquis

1709 1418 1951 1518 spiritum
1988 1429 2280 1498 prophetia:
2308 1433 2513 1496 habens
2546 1443 2646 1501 hoc
2675 1448 2815 1506 dicat
2839 1494 2855 1521 ,
2886 1472 2957 1513 ne
2986 1418 3278 1524 credidi-ri—

1710 1505 1797 1560 tis.
1826 1509 2050 1576 Quando
2095 1521 2234 1575 euiut
2263 1540 2408 1582 eram
2452 1535 2593 1601 apud
2625 1553 2739 1608 vos,
2788 1542 2901 1602 haec
2936 1549 3049 1606 disi
3082 1556 3276 1621 vobis:

1710 1597 1839 1621 Mn
1960 1620 1963 1621 ν
2014 1604 2027 1616 .
2074 1607 2086 1619 .
2234 1612 2246 1621 .

1706 1597 1843 1652 adeo
1872 1611 1928 1655 ut
1955 1604 2176 1663 minime
2215 1612 2401 1672 deceat
2441 1621 2509 1676 ab
2530 1640 2713 1684 eorum
2746 1632 2846 1689 ﬁde
2868 1641 3120 1699 recedere
3161 1604 3279 1719 qua;

1706 1688 1847 1719 Ληηιξ
1892 1692 2058 1719 r..:...:-
2144 1701 2189 1719 ιν
2534 1716 2542 1719 .
2584 1718 2588 1719 ,

1705 1688 1847 1793 docti
1890 1692 2080 1807 fuistis.
2133 1701 2312 1777 Neque
2352 1728 2443 1780 per
2465 1716 2721 1785 spiritum.
2773 1688 3280 1807 Psevudoprophzra;
3320 1794 3323 1795 ν

1703 1780 1783 1837 sic
1815 1788 2048 1855 appellat
2069 1795 2258 1864 spiritu
2286 1780 2563 1862 immundo
2589 1813 2805 1875 amante
2832 1780 3279 1904 loquentegqum.

1705 1882 2196 1904 ...ηηηηηηηρμηι
2288 1900 2297 1904 -
2359 1893 2372 1904 .
2433 1898 2444 1904 .
2551 1900 2560 1904 _

1703 1887 1932 1977 cumque
1962 1882 2322 1949 proferebant.
2357 1893 2445 1949 lsti
2475 1900 2617 1955 enim
2646 1905 2801 1962 ﬁdem
2827 1882 2982 1971 dictis
3006 1882 3120 1976 suis
3136 1882 3275 1980 1;;-

1703 1964 1884 2023 ciliare
1911 1972 2182 2047 volentes,
2230 1996 2335 2038 non
2364 1988 2536 2045 solum
2566 2000 2920 2064 persuadendi
2949 2014 3154 2071 ratione
3182 2034 3275 2075 co-

1704 2057 1967 2117 nabantur
1993 2063 2048 2121 in
2076 2083 2314 2129 errorem
2350 2079 2635 2153 inducere;
2660 2089 2762 2147 hoc
2793 2099 2986 2171 quippe
3014 2112 3270 2183 ostendit,

1704 2163 1821 2183 roum
1854 2158 1923 2183 ηε·
1987 2157 2155 2183 λΤ-----

1701 2163 1821 2206 cum
1852 2158 1947 2220 ait,
1978 2157 2157 2233 Neque
2186 2183 2276 2236 per
2303 2187 2622 2249 sermonem;
2648 2199 2832 2244 verum
2859 2157 3020 2253 etiam
3050 2202 3226 2264 ﬁctam
3252 2157 3269 2278 Σ

1702 2245 1853 2278 nulum:
1884 2262 2023 2278 ιιι-ι...-
2047 2253 2194 2278 ﬂ---"
2260 2276 2269 2278 ᾗ
2321 2263 2334 2275 .
2370 2274 2380 2278 _
2424 2267 2438 2278 .

1702 2245 1853 2311 quasi
1883 2262 2027 2307 esset
2047 2253 2216 2323 Pauli,
2248 2263 2528 2331 epistolam
2556 2245 2747 2334 ostead

1704 2337 1846 2404 quod
1877 2346 2279 2409 praetendebant
2307 2361 2720 2428 exprimentem.

1701 2431 1988 2487 ostendens
2013 2438 2310 2513 subjunxit,

1699 2534 1789 2587 per
1814 2538 1924 2577 nos.

1731 2705 1743 2719 .
1770 2614 2126 2727 Antichristus.
2149 2656 2221 2669 ——
2242 2628 2602 2713 Undequaque
2638 2646 2799 2719 igitur
2825 2669 2920 2713 eos
2947 2664 3273 2730 conﬁrmans

1699 2716 1790 2829 sic,
1797 2716 2133 2799 sententiam
2168 2736 2317 2780 suam
2358 2736 2575 2799 espouit
2606 2716 2772 2798 et'ait
2804 2765 2820 2803 :
2849 2750 2903 2805 5.
2932 2751 3018 2807 Ne
3050 2761 3163 2829 quis

1703 2812 1752 2829 on
1792 2810 1907 2829 ιιι-ΛΠ
1934 2805 2040 2829 ..11Δ
2074 2826 2115 2829 Α-.
2135 2827 2147 2829 _
2170 2813 2192 2829 ,1
2435 2823 2445 2829 .

1797 2790 1805 2799 ο
2430 2790 2440 2799 -
2613 2790 2657 2794 vv
2698 2790 2772 2798 --υ
2804 2790 2819 2803 ο
2849 2790 2903 2805 νο
2932 2790 3015 2807 .Io
3084 2790 3162 2818 au
3188 2790 3273 2822 τυ.

1698 2798 1907 2855 seducat
1934 2805 2043 2860 ullo
2071 2813 2221 2867 modo
2245 2831 2264 2870 :
2292 2823 2528 2889 quoniam
2567 2831 2667 2884 nisi
2690 2841 2875 2894 venerit
2902 2790 3138 2907 αἰδεεέἰο
3166 2859 3273 2926 pri.

1700 2904 1835 2926 mil.”
1880 2903 1925 2926 nl
1945 2900 2190 2926 mnu-‘l-l---
2222 2910 2268 2926 De,
2290 2925 2297 2926 κ
2337 2911 2367 2926 ³-
2398 2914 2409 2926 ι

1700 2900 2191 3015 ἒηιιτη,.ει;ευειαιιιε
2212 2910 2367 2978 fuerit
2387 2914 2537 2972 homo
2556 2929 2766 2994 peccati,
2791 2932 2930 2997 [ilius
2949 2900 3268 3015 proditionis,

2556 2978 2569 2990 Ι
2713 2978 2766 2994 η’
2791 2978 2928 2997 1----ν
2986 2978 3246 3002 υνκισιυιυδ

1697 2978 1750 3096 ξ.
1783 2984 1870 3052 qui
1893 2988 2187 3048 adversatur
2206 3008 2252 3051 et
2276 3006 2553 3076 extollitur,
2576 3031 2731 3086 supra
2758 3038 2904 3079 omne
2927 2978 3063 3096 qutod
3088 2991 3272 3096 dicitur:

2541 3074 2547 3076 .
2638 3074 2649 3086 ,
2828 3074 2899 3079 ⁷⁷⁷*
2961 3074 3058 3086 """'
3088 3074 3261 3096 “u'uul

1698 3074 1820 3131 deus
1842 3089 1946 3195 fut
1984 3088 2120 3152 quod
2157 3092 2375 3162 colitur,
2408 3100 2480 3155 ita
2518 3116 2573 3159 ut
2609 3108 2660 3162 in
2700 3117 2887 3185 templo
2930 3074 3029 3177 Dei
3069 3131 3269 3195 sedeat,

1696 3170 1959 3226 ostendens
1981 3191 2035 3228 se
2054 3188 2308 3252 tamquam
2330 3189 2393 3242 sit
2413 3189 2573 3252 Deus.
2604 3199 2677 3255 De
2699 3170 3028 3269 Ant'ichristo

2770 3258 3026 3269 ..η-..-ω
3054 3258 3139 3275 ...υ
3164 3258 3271 3278 ...δ-

1697 3258 1944 3371 ῗθτῖξ.¹εξ
1971 3282 2161 3340 magna
2190 3280 2361 3345 aperit
2391 3290 2670 3357 mysteria.
2700 3295 2834 3363 Quid
2864 3317 2945 3359 est
2974 3305 3272 3371 Discessio?

2446 3350 2462 3357 _
2709 3350 2741 3363 ,,
2786 3350 2834 3354 η
2868 3350 2945 3359 -_.
2974 3350 3259 3371 -..πυκνί

1698 3350 2084 3453 Autichristum
2127 3378 2282 3421 vocat
2318 3370 2701 3438 discessionem
2726 3427 2741 3449 ,
2773 3400 2829 3443 ut
2856 3396 2944 3462 qui
2968 3403 3170 3459 multus
3200 3410 3270 3461 sit

1698 3441 2020 3554 perditurus,
2053 3460 2107 3506 et
2133 3465 2189 3510 ut
2214 3458 2481 3534 deﬁciant,
2507 3470 2820 3534 iuducturus
2844 3441 3019 3543 :lAdeo
3045 3504 3099 3547 ut
3122 3441 3270 3554 Qa:

2469 3529 2478 3534 7
2678 3529 2683 3530 ,
2700 3529 2741 3532 ν-
2762 3529 2817 3534 ..-
2844 3529 2857 3537 -
2880 3529 3018 3543 οσανν
3045 3529 3097 3547 ιιι
3122 3529 3263 3554 διαυ-

1695 3529 1999 3651 galizentur,
2040 3541 2242 3616 inquit,
2274 3552 2319 3603 si
2342 3554 2455 3621 ﬁeri
2494 3570 2671 3629 potest,
2704 3569 2851 3625 etiam
2881 3577 3024 3632 electi
3049 3582 3263 3651 (Matth.

1741 3624 1758 3651 ι
1815 3625 1906 3651 Ωιι
1966 3630 2034 3651 ΙΥΑ
2060 3650 2065 3651 γ
2114 3645 2125 3651 ι

2346 3620 2349 3621 ν
2494 3620 2506 3629 ,
2658 3620 2670 3629 ,
2881 3620 3018 3632 -.-ν-
3078 3620 3263 3645 υκαι...

1694 3620 1784 3727 24.
1815 3625 1927 3730 ἓξ).
1966 3630 2131 3689 Vocat
2158 3652 2336 3697 autem
2368 3662 2487 3704 eum
2529 3651 2799 3715 hominem
2832 3620 3081 3735 peccati‘:
3112 3677 3269 3739 faciet

1695 3716 1837 3827 etiam
1869 3720 2295 3798 innumerabilia,
2329 3746 2383 3791 et
2410 3747 2715 3808 procurabit
2739 3762 2794 3809 ut

1695 3806 1889 3864 ribilia.
1920 3814 2055 3870 Dicit
2084 3830 2259 3877 autem
2281 3806 2595 3892 eum'ﬁlium
2624 3806 3132 3925 perditionis,.qti:d

1694 3915 1907 4015 quoque
1948 3922 2151 3978 pereat.
2186 3914 2315 3982 Quis
2344 3932 2428 3977 est
2454 3937 2630 3984 autem
2667 3934 2805 3990 iste?
2834 3914 3088 4015 numquid

1692 3993 2177 4071 nas?Nequaquam
2196 4023 2209 4058 :
2225 4010 2318 4063 sed
2338 4010 2498 4070 homo
2514 4020 2726 4088 quidam
2740 3993 3039 4103 suscipiens
3051 3993 3262 4100 ornati-eiu

1692 4083 1808 4153 ejus
1830 4093 2214 4158 operationem.
2244 4099 2311 4154 Et
2332 4108 2577 4165 revelatus
2593 4114 2751 4181 fuerit
2772 4083 2941 4189 homo,
2969 4127 3157 4199 inquit,
3179 4138 3267 4205 qui

1700 4184 1920 4205 -..ι-Ιιῗιη

1692 4184 1952 4241 extollitur
1978 4206 2133 4261 supra
2157 4211 2304 4252 omne
2333 4204 2468 4271 quod
2506 4206 2694 4264 dicitur
2718 4213 2842 4270 deus
2866 4231 2954 4274 aut
2977 4184 3113 4292 quod

1693 4282 1791 4328 tur.
1824 4277 1938 4334 Non
1965 4284 2104 4339 enim
2135 4287 2254 4344 illos
2284 4292 2499 4351 inducet
2524 4300 2589 4356 ad
2620 4304 2818 4362 cultum
2847 4277 3133 4383 idolorum,
3162 4325 3261 4379 sed

1691 4368 1794 4422 erit
1829 4373 2041 4440 quidam
2089 4377 2177 4433 Dei
2222 4384 2560 4445 adversarius
2591 4411 2605 4447 :
2635 4394 2895 4457 dissolvet

1690 4470 1878 4514 omnes
1900 4462 2059 4531 deos,
2088 4478 2142 4521 et
2162 4469 2371 4538 iubebit
2396 4479 2630 4548 seipsum
2659 4500 2756 4554 pro
2787 4491 2894 4548 Deo
2921 4497 3176 4571 adorare,
3204 4462 3262 4563 QE

1692 4550 1834 4571 ..ΑΔ-1
1857 4553 1890 4571 ει
1928 4556 1939 4567 ⁹
2010 4568 2019 4571 λ
2153 4562 2165 4571 “
2230 4564 2261 4571 ⁸
2311 4567 2320 4571 ’

1689 4550 1897 4654 sedebit
1925 4556 1977 4609 in
2008 4562 2203 4630 templo
2230 4564 2343 4632 Dei,
2371 4583 2475 4626 non
2501 4550 2746 4643 quodest
2772 4550 3258 4661 Jerosoly‘m—i-sIse'd

1691 4642 1743 4695 in
1766 4646 1963 4716 templo
1988 4648 2262 4710 Ecclesiae.
2289 4642 2586 4731 Ostendens,
2615 4669 2804 4740 inquit,
2830 4642 3047 4749 seipsinu
3070 4642 3253 4746 Deum.

1689 4731 1803 4789 Non
1834 4736 1987 4806 dixit,
2018 4741 2311 4815 Dicentem,
2344 4754 2461 4820 sed,
2490 4731 2804 4820 Tentan-teni
2833 4731 3115 4832 osiendere
3138 4797 3152 4833 :
3175 4731 3257 4835 fa:

1688 4826 1793 4880 ciet
1813 4829 1953 4884 enim
1975 4848 2162 4904 magna
2184 4852 2368 4908 opera,
2392 4854 2446 4899 et
2466 4847 2615 4918 signa
2636 4855 2881 4913 ostendet
2899 4826 3250 4928 admirabilia.

1689 4918 1742 4973 5.
1774 4918 1893 4975 Non
1920 4925 2143 4980 retinetis
2165 4933 2302 5001 quod
2325 4949 2441 4988 cum
2466 4938 2636 4995 adhuc
2658 4960 2817 5001 essem
2841 4955 2980 5022 apud
3013 4918 3255 5025 right-.24:-

1688 5007 1912 5065 dicebam
1937 5016 2072 5069 vobis
2084 5018 2111 5070 Ρ

1756 5101 1810 5156 5.
1841 5102 2002 5161 Vides
2040 5111 2177 5179 quod
2216 5129 2432 5173 necesse
2466 5122 2535 5177 sit
2567 5126 2780 5187 assidue
2814 5131 2928 5191 tunc
2960 5138 3171 5207 dicere.
3199 5158 3253 5203 et

1688 5191 1878 5250 iisdem
1925 5202 2104 5257 verbis
2147 5204 2473 5267 infundere?
2512 5215 2649 5275 Ecce
2679 5224 2819 5278 enim
2850 5238 2904 5282 et
2933 5246 3248 5298 praesentem

1686 5284 1966 5388 audierunt
1996 5290 2126 5388 haec
2136 5296 2400 5357 dicentem
2424 5345 2441 5370 ,
2474 5313 2529 5361 et
2558 5325 2744 5368 rursus
2782 5332 2913 5387 opus
2933 5284 3251 5388 Ϊιιειζιῖέιῖιῖιιῖ

1686 5376 2066 5436 admonitione.
2092 5380 2241 5441 Sicut
2264 5387 2407 5444 enim
2430 5406 2551 5449 cum
2574 5376 2844 5456 audissem
2864 5405 2931 5460 de
3298 5460 3303 5465 η

1686 5459 1806 5526 bus,
1836 5464 2033 5523 Etenim
2063 5476 2263 5540 quando
2292 5493 2512 5547 eramus,
2542 5487 2727 5556 inquit,
2759 5496 2899 5561 apud
2926 5513 3027 5565 vos,
3054 5476 3246 5572 puniti;

1694 5552 1765 5572 ,λ
1858 5556 1861 5557 ν
2014 5561 2054 5572 ..

1684 5552 1916 5610 cebamus
1946 5561 2079 5616 vobis
2111 5581 2203 5620 uos
2227 5585 2468 5637 passuros
2495 5552 2839 5635 tribulatione:
2874 5589 2948 5660 (l.
2982 5552 3158 5649 Ἰῖἠέεε.
3192 5601 3243 5660 3.

1681 5647 1767 5717 4);
1794 5649 1942 5706 obliti
1968 5663 2139 5711 tamen
2170 5670 2338 5725 erant,
2362 5671 2418 5718 et
2441 5679 2625 5721 rursus
2654 5684 2748 5738 per
2778 5647 2977 5734 litteras
2997 5647 3248 5749 eoscou;

2752 2281 2935 2357 ebant,
2962 2290 3065 2351 hoc
3094 2299 3266 2367 ipsum

2755 2373 3014 2442 Quocirca
3042 2388 3269 2460 idipsunt

2346 2447 2523 2522 Neque
2574 2475 2665 2529 per
2692 2466 2988 2542 epistolam,
3018 2447 3274 2553 tam-quau;

1680 5735 1857 5796 ﬁrmat
1880 5760 1892 5795 :
1917 5742 1988 5799 ita
2010 5746 2168 5823 etiam
2197 5764 2315 5805 cum
2336 5735 2669 5815 audivissent
2684 5761 2751 5818 de
2769 5765 2997 5825 adventu

2687 5810 2750 5818 ,ν
2770 5810 2997 5825 __........
3020 5810 3114 5831 .....
3177 5810 3213 5834 ι.

2 5822 125 5867 πη,
192 5810 407 5880 Erigit
451 5821 681 5879 mentem
724 5828 908 5871 eorum
928 5856 943 5883 ,
972 5814 1035 5871 Ut
1070 5832 1173 5875 non
1222 5820 1351 5889 cito,
1382 5823 1578 5896 inquit,
1678 5845 1863 5891 rursus
1893 5814 2039 5907 opus
2054 5839 2318 5897 habebant
2347 5844 2567 5916 litteris,
2595 5865 2715 5922 qua
2737 5868 2828 5913 eos
2858 5810 3242 5935 ευωροηειζηί
