3834 6522
655 348 763 403 185

655 477 706 517 (ιι
753 463 1171 516 moderarentur.
1219 455 1308 508 Eis
1343 467 1471 523 ergo
1516 458 1733 505 revocat
1774 448 1827 501 in
1874 445 2219 515 memoriam,

656 551 948 609 ostendens
973 564 1032 604 se
1061 546 1189 601 nihil
1234 559 1426 599 novum
1454 550 1507 596 et
1532 541 1762 595 alienum
1793 538 2006 599 dicere,
2035 534 2129 589 sed
2163 547 2225 586 ea

657 660 778 715 quae
817 656 1030 710 semper
1058 638 1287 693 dicebat.
1320 635 1470 690 Sicut
1504 632 1647 687 enim
1676 630 1817 701 apud
1846 626 2108 698 agricolas
2136 640 2223 680 se-

656 737 801 790 mina
830 730 1042 801 quidem
1071 728 1238 784 semel
1279 726 1600 795 dejiciuntur
1620 764 1636 789 ,
1666 738 1773 777 non
1804 729 2020 775 manent
2046 727 2225 771 autem

653 833 913 895 perpetuo
936 862 951 887 ,
991 821 1084 876 sed
1115 834 1305 889 magna
1342 832 1477 888 opus
1505 814 1706 869 habent
1732 828 1848 882 qua:
1871 810 1952 866 eis
1977 808 2228 865 adhibea-

655 928 741 972 tur
764 916 968 971 cultura
998 922 1053 969 et
1078 912 1390 976 curatione;
1423 918 1477 964 et
1506 906 1607 962 nisi
1638 913 1774 959 terra
1804 902 2069 973 proscissa
2098 916 2229 955 con-

654 1007 887 1063 texerint
900 1021 960 1061 ea
977 1021 1094 1075 quze
1110 1003 1451 1074 dejiciuntur,
1474 999 1800 1055 seminarunt
1816 995 2002 1048 avibus
2022 992 2226 1048 semina

654 1099 958 1171 legentibus
977 1116 990 1152 :
1012 1099 1082 1152 ita
1108 1111 1207 1151 nos
1231 1109 1444 1166 quoque
1465 1092 1564 1147 nisi
1588 1089 1834 1144 continua
1860 1086 2228 1141 recordatione

656 1192 1051 1262 protexerimus
1094 1204 1157 1244 ea
1185 1204 1303 1259 quae
1332 1196 1455 1241 sunt
1498 1184 1737 1254 dejecta,
1765 1181 1818 1234 in
1846 1195 2024 1233 aerem
2050 1177 2227 1231 omnia

658 1286 989 1358 projicimus.
1034 1282 1283 1338 Diabolus
1331 1278 1473 1334 enim
1517 1275 1686 1346 rapit,
1735 1282 1790 1327 et
1832 1280 2011 1326 nostra
2052 1267 2229 1338 perdit

657 1379 999 1450 negligentia.
1026 1385 1080 1431 et
1103 1374 1183 1430 sol
1210 1372 1460 1437 exsiccat,
1487 1379 1543 1424 et
1568 1367 1736 1423 imber
1759 1365 1955 1432 obruit,
1983 1373 2037 1418 et
2059 1364 2227 1432 spinae

655 1471 937 1527 suffocant.
968 1467 1323 1535 Quamobrem
1370 1477 1476 1517 non
1506 1458 1702 1516 sufficit
1728 1473 1849 1514 cum
1880 1454 2049 1511 semel
2077 1452 2221 1523 deje-

653 1562 794 1616 ceris
823 1557 1101 1615 discedere
1119 1597 1134 1623 ,
1162 1554 1256 1610 sed
1286 1562 1344 1608 ut
1375 1553 1604 1607 fructum
1642 1548 1842 1605 referas
1879 1561 2066 1617 magna
2092 1559 2227 1615 Opus

656 1666 738 1711 est
762 1654 1104 1715 assiduitate,
1134 1664 1262 1705 aves
1288 1647 1551 1717 abigendo
1574 1688 1589 1710 ,
1620 1646 1801 1714 Spinas
1826 1641 2185 1698 exscindendo
2206 1679 2222 1706 ,

656 1746 919 1816 petricosa
950 1743 1112 1797 multa
1146 1751 1287 1797 terra
1317 1738 1595 1809 replendo,
1624 1751 1785 1792 omne
1807 1735 1948 1806 quod
1974 1735 2225 1788 damnum

653 1839 807 1895 affert
832 1837 1064 1893 arcendo
1090 1845 1143 1890 et
1168 1833 1431 1889 tollendo.
1463 1831 1569 1888 Sed
1602 1833 1653 1886 in
1686 1840 1828 1885 terra
1855 1828 2072 1899 quidem
2102 1829 2222 1883 uni-

653 1948 865 1989 versum
894 1939 977 1986 est
1005 1927 1276 2000 agricola};
1296 1927 1383 1982 illa
1396 1926 1538 1982 enim
1553 1925 1693 1996 jacet
1718 1938 1905 1979 carens
1932 1922 2128 1988 anima,
2158 1919 2224 1976 ad

654 2023 960 2095 patiendum
1004 2021 1177 2077 solum
1207 2027 1389 2089 parata
1420 2036 1434 2073 :
1468 2018 1521 2072 in
1550 2018 1649 2072 hac
1682 2025 1860 2071 autem
1891 2026 2029 2069 terra
2065 2013 2225 2083 spiri-

654 2116 784 2170 tuali
823 2128 1159 2184 nequaquam
1192 2130 1206 2165 :
1237 2125 1342 2164 non
1388 2108 1819 2184 est‘universum
1857 2106 2134 2162 doctorum
2162 2121 2227 2162 ac

652 2206 1028 2276 magistrorum
1052 2221 1068 2270 ;
1097 2202 1190 2258 sed
1211 2202 1254 2257 si
1280 2218 1384 2257 non
1412 2180 1497 2256 est
1518 2215 1640 2271 pars
1664 2200 1918 2265 maxima,
1948 2198 2224 2253 dimidium

651 2298 867 2370 quidem
895 2306 1041 2352 certe
1085 2277 1167 2351 est
1200 2293 1607 2364 discipulorum.
1636 2292 1811 2362 Atque
1837 2302 2079 2345 nostrum
2108 2291 2225 2361 qui-

649 2392 771 2447 dem
794 2400 878 2446 est
898 2396 1192 2445 sementem
1214 2386 1466 2457 dejicere,
1489 2392 1722 2439 vestrum
1748 2391 1923 2440 autem
1947 2393 2029 2437 est
2052 2383 2224 2438 facere

651 2499 771 2555 quae
796 2482 1068 2547 dicuntur,
1101 2480 1377 2535 memoriae
1406 2494 1499 2549 per
1527 2478 1662 2533 facta
1691 2476 1894 2533 fructus
1916 2475 2220 2542 ostendere,

648 2578 831 2647 spinas
862 2575 1113 2631 radicitus
1133 2574 1362 2628 evellere
1387 2591 1399 2626 :
1423 2572 1590 2641 spinae
1612 2571 1752 2625 enim
1778 2580 1901 2624 sunt
1922 2584 2107 2625 revera
2133 2568 2217 2624 di-

651 2669 795 2722 vitim
818 2707 834 2729 ,
867 2667 1066 2722 nullum
1106 2664 1365 2719 habentes
1394 2662 1624 2717 fructum
1644 2702 1659 2725 ,
1690 2662 1806 2715 visu
1833 2660 2101 2716 deformes
2124 2701 2139 2727 ,
2167 2668 2223 2715 et

652 2759 719 2814 ad
757 2775 911 2814 usum
955 2754 1257 2827 injucundze
1282 2798 1297 2821 ,
1340 2768 1434 2809 eos
1468 2754 1559 2825 qui
1592 2762 1813 2824 tangunt
1841 2752 2081 2808 molestia
2107 2750 2225 2806 affi-

654 2852 891 2910 cientes.
924 2864 1031 2902 non
1062 2848 1233 2901 solum
1264 2845 1393 2916 ipsa:
1439 2844 1667 2899 fructum
1698 2859 1801 2899 non
1831 2843 2096 2907 ferentes,
2126 2841 2222 2898 sed

656 2942 708 2995 id
728 2942 888 2995 etiam
907 2940 1045 3009 quod
1069 2938 1345 3008 germinat,
1368 2936 1735 3005 impedientes.
1752 2935 1907 2990 Tales
1928 2944 2053 2989 sunt
2080 2934 2222 2989 divi-

656 3037 741 3088 tia:
762 3049 776 3097 ;
796 3048 899 3086 non
926 3033 1095 3085 solum
1115 3030 1242 3099 ipsae
1266 3031 1490 3083 fructum
1508 3043 1612 3081 non
1631 3025 1807 3081 ferunt
1828 3037 2108 3093 azternum,
2126 3024 2222 3080 sed

653 3140 748 3179 eos
768 3123 926 3179 etiam
953 3122 1044 3192 qui
1085 3120 1223 3176 ferre
1266 3129 1541 3190 cuperent,
1564 3128 1885 3189 occupantes
1906 3116 2218 3187 impediunt.

656 3218 896 3272 Rationis
947 3216 1245 3285 expertium
1294 3212 1620 3268 camelorum
1672 3212 2053 3266 nutrimentum
2099 3220 2224 3266 sunt

654 3312 823 3378 spium
855 3326 867 3361 :
901 3307 1039 3378 ignis
1068 3315 1192 3362 sunt
1222 3320 1342 3361 esca
1363 3348 1379 3371 ,
1419 3314 1474 3360 et
1510 3312 1751 3375 sumptus
1789 3303 1855 3359 ad
1896 3303 2028 3358 nihil
2053 3304 2218 3358 utilis.

655 3403 813 3457 Tales
837 3411 959 3456 sunt
980 3400 1197 3465 divitim,
1222 3399 1288 3454 ad
1315 3399 1446 3454 nihil
1473 3399 1652 3462 utiles,
1678 3397 1777 3453 nisi
1804 3396 1871 3453 ad
1897 3395 2223 3454 succendenc

653 3493 779 3548 dum
806 3491 1100 3557 fornacem,
1118 3491 1185 3545 ad
1208 3491 1354 3546 illum
1378 3489 1516 3545 diem
1540 3488 1940 3544 accendendum
1963 3488 2052 3559 qui
2072 3487 2223 3542 ardet

655 3593 712 3638 ut
739 3584 981 3640 clibanus
1009 3584 1076 3639 ad
1108 3582 1329 3638 alendas
1360 3582 1586 3637 rationis
1626 3590 1875 3652 expertes
1904 3580 2067 3636 animi
2096 3595 2222 3650 per-

650 3676 1001 3740 turbationes,
1029 3673 1235 3737 odium,
1267 3672 1475 3742 injuriae
1504 3681 1740 3741 accepta:
1768 3670 2217 3735 recordationem,

651 3776 707 3821 et
735 3766 888 3821 iram.
912 3764 1059 3820 Talis
1085 3765 1228 3819 enim
1258 3766 1419 3819 etiam
1450 3764 1687 3819 camelus
1716 3765 1806 3834 qui
1835 3763 1977 3818 rodit
2004 3762 2217 3832 spinas:

653 3858 851 3913 dicitur
879 3857 1023 3911 enim
1053 3856 1121 3911 ab
1150 3856 1215 3911 iis
1241 3856 1331 3925 qui
1367 3857 1479 3911 haec
1506 3867 1706 3910 norunt
1735 3856 1786 3910 in
1817 3855 2073 3925 jumentis
2102 3855 2222 3908 nul-

654 3950 765 4003 lum
796 3962 916 4003 esse
943 3942 1095 4016 aeque
1119 3946 1454 4013 iracundum,
1482 3955 1537 4000 et
1559 3945 1702 4016 quod
1732 3946 1824 4001 ira:
1844 3947 1913 4001 sit
1934 3944 2212 4016 gravioris,

654 4047 710 4094 et
733 4046 968 4107 accepta:
984 4036 1192 4107 injuriae
1208 4036 1376 4106 magis
1394 4050 1597 4090 memor
1611 4051 1769 4106 quam
1789 4036 2042 4091 camelus.
2065 4034 2223 4090 Tales

655 4140 783 4186 sunt
810 4130 1010 4184 divitize
1034 4171 1049 4196 ,
1081 4129 1233 4183 alunt
1261 4128 1483 4183 rationis
1513 4137 1761 4199 expertes
1802 4136 1978 4183 motus
2018 4128 2218 4194 animi;

649 4225 745 4295 qui
776 4232 900 4278 sunt
926 4230 1104 4276 autem
1146 4220 1368 4275 rationis
1397 4220 1684 4291 participes
1702 4262 1718 4286 ,
1752 4227 1992 4291 pungunt
2019 4229 2073 4275 et
2099 4236 2219 4276 sau-

653 4318 826 4381 ciant,
857 4314 996 4368 sicut
1022 4313 1270 4369 usuvenit
1299 4312 1350 4367 in
1384 4313 1573 4382 spinis.
1611 4313 1807 4367 Durum
1835 4311 1962 4382 quid
1989 4320 2043 4366 et
2068 4327 2219 4381 aspe—

651 4422 772 4465 rum
800 4416 882 4462 est
913 4408 1024 4463 hzec
1054 4406 1227 4476 planta
1252 4445 1269 4470 ,
1301 4421 1363 4459 ea
1394 4419 1489 4459 sua
1520 4414 1711 4474 sponte
1740 4404 1992 4459 nascitur.
2029 4403 2221 4458 Videa—

655 4513 777 4554 mus
828 4497 1099 4568 quomodo
1154 4497 1428 4562 nascitur,
1480 4505 1538 4550 ut
1590 4496 1757 4565 ipsam
1811 4495 2218 4550 exscindamus:

659 4595 897 4645 nascitur
946 4592 998 4644 in
1044 4591 1174 4645 locis
1219 4589 1534 4660 praeruptis,
1580 4588 1860 4659 lapidosis,
1904 4588 2088 4657 aridis,
2132 4586 2222 4642 ubi

657 4685 839 4738 nullus
879 4692 961 4738 est
1004 4682 1212 4736 humor.
1246 4680 1471 4747 Quando
1503 4695 1632 4750 ergo
1674 4690 1756 4735 est
1796 4680 1985 4749 aliquis
2026 4693 2219 4749 asper,

656 4783 957 4843 praeruptus
990 4783 1045 4825 et
1086 4786 1340 4842 prmceps,
1382 4771 1484 4826 hoc
1524 4780 1606 4825 est
1644 4771 2041 4835 immisericors,
2069 4769 2122 4824 in
2156 4784 2223 4825 eo

659 4862 897 4917 nascitur
935 4862 1106 4931 spina.
1146 4862 1251 4917 Sed
1297 4862 1509 4932 quando
1552 4876 1644 4917 eas
1691 4862 1875 4916 volunt
1912 4860 2224 4917 exscindere

660 4955 929 5025 agricolae,
971 4969 1075 5008 non
1120 4954 1262 5008 ferro
1303 4952 1536 5019 faciunt,
1577 4952 1671 5008 sed
1709 4952 2013 5022 quomodo?
2048 4952 2223 5022 ignem

660 5047 1010 5103 immittentes
1028 5085 1043 5108 ,
1068 5045 1146 5099 sic
1174 5059 1333 5098 omne
1370 5054 1527 5099 terra:
1555 5044 1738 5098 vitium
1764 5043 2066 5099 extrahunt.
2091 5042 2223 5097 Nam

658 5139 908 5211 quoniam
932 5152 1037 5191 non
1056 5134 1254 5191 sufﬁcit
1274 5150 1503 5204 superne
1523 5134 1787 5202 scindere,
1807 5135 1985 5189 radice
2007 5132 2225 5189 inferius

656 5240 945 5296 manente;
974 5229 1068 5285 sed
1096 5243 1269 5298 neque
1292 5227 1522 5283 radicem
1544 5228 1813 5291 eximere;
1840 5242 1907 5281 ex
1932 5227 2061 5281 vitio
2080 5227 2222 5281 enim

661 5324 718 5378 in
761 5335 902 5376 terra
955 5330 1170 5386 manet;
1201 5319 1339 5375 sicut
1377 5333 1497 5374 cum
1532 5318 1698 5388 pestis
1725 5318 1897 5386 aliqua
1945 5316 1999 5371 in
2032 5331 2228 5383 corpus

661 5414 980 5478 incubuerit,
1005 5421 1221 5468 manent
1241 5412 1476 5482 reliquite
1496 5432 1509 5467 :
1530 5426 1741 5467 omnem
1766 5411 1904 5465 illius
1925 5408 2225 5477 humorem,

662 5521 856 5578 nempe
889 5506 1162 5577 spinarum
1203 5505 1338 5576 ignis
1376 5519 1609 5577 superne
1647 5504 1930 5569 hauriens,
1961 5513 2226 5573 tamquam

664 5598 813 5653 virus
854 5595 1120 5668 quoddam
1158 5610 1255 5667 per
1292 5595 1525 5651 calorem
1563 5610 1628 5651 ex
1666 5603 1823 5650 teme
1862 5593 2057 5649 lumbis
2097 5595 2228 5664 ignis

665 5688 916 5743 extrahit.
946 5688 1095 5745 Sicut
1133 5688 1278 5745 enim
1320 5689 1570 5759 imposita
1610 5688 1939 5744 cucurbitula
1967 5704 2123 5743 omne
2153 5689 2229 5743 vi-

671 5780 803 5836 tium
831 5781 898 5838 ad
917 5798 976 5840 se
996 5786 1213 5841 attrahit
1236 5802 1248 5838 :
1273 5784 1344 5840 ita
1369 5785 1526 5840 etiam
1554 5783 1690 5856 ignis
1707 5797 1866 5840 onme
1891 5783 2072 5837 vitium
2094 5782 2233 5853 quod

1361 337 1418 393 s.
1457 289 1736 392 JOANNlS
1772 327 2242 386 cunvsosrom
2282 328 2596 384 ARCIIIEP.
2632 328 3159 387 CUNSTANTINOP.
3654 350 3696 400 ιχ

2332 457 2398 495 ex
2428 443 2597 511 spinis
2626 445 2831 497 exstitit
2867 445 3110 500 exhaurit
3130 484 3145 505 ,
3176 454 3229 498 et
3257 444 3404 513 ipsam
3438 463 3576 518 puram

2328 530 2497 600 Quam
2534 544 2711 588 autem
2752 535 2822 588 ob
2861 550 3075 589 causam
3123 537 3233 589 lucc
3272 536 3407 590 dixi?
3430 540 3545 606 Quod
3573 561 3697 611 opim

2331 623 2562 693 undique
2591 639 2888 696 expurgare
2916 640 3125 680 omnem
3152 642 3272 696 erga
3308 627 3488 685 divitias
3518 635 3698 693 anhelat.»

2328 722 2493 768 ctum.
2526 713 2623 769 Est
2646 725 2700 769 et
2725 716 2864 785 apud
2896 731 2993 771 nos
3018 717 3151 787 ignis
3169 717 3256 786 qui
3279 718 3369 773 hoc
3392 720 3537 774 vitium
3556 740 3600 777 ex
3616 734 3699 782 ιω

2329 807 2583 873 extrahit,
2614 823 2806 878 nempe
2834 808 2972 880 ignis
2998 810 3217 879 spiritus
3241 827 3253 865 :
3276 810 3317 865 si
3338 825 3443 865 eum
3464 812 3696 881 immiseris.

2332 913 2436 952 non
2464 899 2637 954 solum
2677 900 2881 970 spinas,
2910 901 3005 958 sed
3035 912 3089 957 et
3112 903 3200 973 qui
3226 918 3290 957 ex
3312 903 3383 957 eis
3404 905 3537 959 oritur
3558 910 3695 967 lim

2331 991 2622 1057 poterimus
2650 992 2940 1048 exsiccare.
2968 992 3119 1060 Quod
3148 994 3194 1049 si
3224 994 3406 1050 fuerint
3435 996 3588 1059 infixa.
3608 1004 3696 1059 ira:

2332 1078 2466 1133 ﬁunt
2486 1081 2684 1135 omnia.
2712 1082 2843 1138 Vide
2864 1084 3005 1139 enim
3030 1102 3044 1138 :
3068 1084 3173 1140 huc
3198 1088 3445 1155 ingressus
3464 1100 3526 1143 est
3546 1091 3645 1153 dives,
3660 1118 3696 1149 ρετ

2330 1171 2435 1237 vir,
2463 1186 2557 1226 seu
2585 1173 2821 1229 mulier?
2847 1190 2954 1230 non
2981 1184 3130 1231 curat
3157 1177 3408 1247 quomodo
3437 1180 3571 1235 audiet
3588 1184 3665 1239 [ιω
3690 1224 3695 1229 ι

2331 1263 2477 1331 quia,
2502 1264 2596 1319 sed
2622 1267 2889 1335 quomodo
2912 1283 2973 1323 se
2991 1268 3295 1335 ostentabit,
3320 1272 3539 1339 quomodo
3554 1288 3625 1329 cm
3640 1282 3695 1331 sa

2331 1353 2559 1421 sedebit,
2609 1359 2876 1427 quomodo
2918 1375 3038 1415 cum
3082 1361 3245 1415 multa
3288 1361 3456 1431 gloria,
3488 1368 3696 1435 quoniam

2330 1445 2460 1500 alias
2502 1458 2813 1516 superatura
2851 1453 3074 1506 vestium
3111 1454 3502 1523 magniﬁcentia;
3525 1456 3693 1528 habites,

2330 1537 2446 1591 visu
2472 1547 2525 1593 et
2550 1539 2756 1595 incessu
2786 1556 2846 1596 se
2870 1543 3057 1598 reddet
3084 1545 3252 1615 magis
3280 1553 3491 1601 ornatam
3513 1561 3694 1605 maere—

2329 1627 2485 1695 dam;
2520 1641 2735 1703 totaque
2765 1635 2880 1704 ejus
2908 1651 3031 1690 cura
3071 1652 3135 1692 ac
3180 1638 3459 1694 sollicitudo
3482 1640 3522 1694 in
3544 1641 3693 1699 huius

2330 1728 2435 1785 tur,
2464 1722 2598 1779 Num
2628 1725 2742 1782 haec
2769 1736 2860 1782 aut
2885 1727 2972 1784 illa
2994 1730 3170 1787 vidit?
3196 1747 3320 1786 num
3341 1742 3416 1787 est
3431 1733 3691 1791 admiramur:

2328 1824 2473 1870 recte
2501 1831 2617 1871 sum
2645 1820 2871 1874 ornata?
2896 1821 3080 1894 Neque
3104 1824 3246 1880 circa
3271 1824 3368 1882 hoc
3391 1828 3530 1882 solum
3549 1830 3691 1885 habret-ir

2330 1902 2682 1975 licitudinem,
2713 1911 2807 1966 sed
2850 1914 3008 1968 etiam
3049 1925 3107 1970 ut
3146 1932 3255 1971 non
3282 1927 3541 1986 putrescant
3558 1935 3691 1983 τρέω

2328 2010 2432 2050 non
2455 1995 2853 2068 disrumpantur
2876 2020 2888 2057 :
2912 2013 2967 2058 et
2993 2014 3101 2060 tota
3128 2006 3246 2076 ejus
3276 2008 3326 2061 in
3349 2008 3437 2063 hoc
3459 2012 3689 2065 consistam

2326 2084 2583 2144 Similiter
2600 2092 2678 2145 vir
2694 2108 2905 2164 quoque
2920 2094 3069 2153 dives
3089 2098 3383 2169 ingreditur
3396 2117 3445 2157 se
3461 2106 3691 2175 pauperiem

2329 2187 2572 2247 taturus,
2629 2192 2683 2238 et
2729 2185 2779 2240 ei
2833 2187 3077 2243 timorem
3129 2190 3433 2248 incussurus
3475 2210 3545 2264 per
3578 2204 3691 2252 una:

2328 2274 2572 2340 vestium,
2597 2276 2737 2345 quod
2767 2279 2961 2334 multos
2987 2280 3180 2337 habeat
3204 2299 3407 2353 pueros.
3433 2285 3552 2343 Stant
3565 2306 3685 2347 nam

2328 2364 2535 2420 turbam
2565 2378 2809 2423 arcentes
2839 2378 2893 2425 et
2930 2370 3225 2441 abigentes.
3260 2374 3350 2431 Ille
3385 2386 3526 2433 autem
3548 2388 3689 2449 ρηεὶξ

2327 2455 2465 2510 fastu
2507 2471 2577 2513 ne
2605 2458 2708 2513 hoc
2741 2460 2954 2530 quidem
2983 2463 3236 2534 dignatur
3274 2465 3465 2534 facere,
3489 2471 3691 2527 sedeam:

2326 2547 2428 2600 scit
2465 2562 2583 2603 esse
2624 2549 2759 2605 adeo
2799 2550 3063 2623 indignam
3094 2553 3315 2611 homine
3349 2557 3693 2623 libet-muttiant.

2327 2639 2479 2694 valde
2507 2641 2737 2697 tumidus
2767 2653 2819 2698 et
2846 2644 3048 2710 elatus,
3102 2662 3211 2701 non
3257 2650 3585 2707 sustineateau
3604 2654 3691 2708 fxo,

2325 2732 2419 2788 sed
2446 2734 2661 2789 mandet
2680 2737 2850 2791 servis
2873 2754 2888 2792 :
2910 2735 3014 2793 hoc
3041 2739 3184 2793 enim
3216 2739 3387 2797 facere
3408 2755 3477 2799 est
3498 2746 3600 2813 plane
3612 2764 3691 2800 me

2328 2840 2642 2897 morumque
2694 2827 3098 2897 impudentium.
3145 2832 3350 2889 Deinde
3389 2835 3590 2890 sedeatur
3618 2850 3691 2891 ma

2326 2916 2555 2971 subeunt
2577 2934 2719 2972 cura:
2739 2919 3042 2976 domestica:
3066 2922 3342 2979 trahentes
3359 2926 3407 2979 in
3425 2941 3579 2981 omnem
3592 2942 3691 2998 parte

2326 3007 2643 3063 circumfluit
2682 3009 2849 3065 fastus
2888 3011 2980 3081 qui
2999 3012 3222 3070 obsidet
3256 3016 3693 3081 animam;exist'unte

2325 3099 2608 3168 gratificari
2637 3109 2690 3154 et
2712 3101 2864 3157 nobis
2889 3111 2944 3157 et
2972 3104 3163 3172 populo
3180 3146 3196 3169 ,
3225 3116 3281 3159 et
3308 3104 3513 3163 fortassis
3531 3110 3691 3165 ahala

2327 3192 2465 3261 quod
2494 3193 2701 3248 intrarit
2727 3194 2778 3248 in
2810 3193 3029 3250 domum
3057 3197 3175 3252 Dei.
3214 3199 3316 3267 Qui
3346 3210 3494 3255 autem
3514 3202 3691 3257 advocas

2326 3284 2503 3349 ﬂatus,
2530 3284 2796 3354 quomodo
2822 3288 3016 3351 poterit
3039 3304 3294 3359 umquam
3320 3292 3501 3347 curari?

2396 3376 2449 3429 4.
2482 3375 2793 3445 Dic.quaaso,
2811 3377 2857 3431 si
2877 3379 2996 3449 quis
3015 3381 3308 3436 accesserit
3328 3383 3376 3437 in
3391 3383 3695 3439 officina-ade

2325 3480 2380 3526 et
2405 3484 2434 3521 a
2461 3468 2669 3524 medico
2704 3471 2926 3540 gratiam
2970 3487 3073 3528 non
3112 3486 3303 3545 petat,
3333 3476 3420 3532 sed
3453 3477 3698 3532 existit-etes

2324 3562 2605 3631 gratificari
2632 3604 2647 3626 ,
2676 3574 2729 3618 et
2756 3563 2972 3618 mittens
3002 3565 3277 3635 postulare
3313 3567 3623 3623 meditantem
3641 3570 3697 3617 rd

2331 3655 2445 3709 neri
2475 3655 2870 3725 applicandum,
2899 3667 3190 3728 occupetur
3219 3660 3361 3715 circa
3387 3660 3698 3726 vestesmiaslne

2327 3745 2451 3801 boni
2481 3747 2701 3817 adeptus
2729 3748 3061 3803 recesserit?
3094 3747 3215 3805 Non
3242 3765 3369 3806 sane
3402 3752 3583 3807 arbitror.
3603 3750 3695 3800 liora:

2325 3848 2501 3895 autem
2528 3841 2763 3896 omnium
2792 3857 3005 3897 causam
3032 3842 3244 3910 dicam,
3278 3845 3322 3899 si
3358 3844 3509 3898 vultis.

2325 3947 2386 3988 se
2412 3933 2478 3986 ad
2506 3947 2602 3987 nos
2632 3933 2831 3990 intrare
2857 3935 3068 4004 quando
3102 3936 3210 3993 huc
3240 3937 3461 4001 intrant;
3482 3939 3693 3992 existimate

2325 4042 2355 4081 a
2379 4027 2532 4081 nobis
2556 4027 2739 4083 audire
2765 4044 2882 4099 qua:
2910 4028 3164 4093 audiunt;
3196 4047 3306 4087 non
3334 4030 3695 4091 attendunt.nma
3742 4027 3743 4069 l

2326 4118 2494 4187 gitant
2539 4118 2676 4188 quod
2721 4119 2788 4173 ad
2829 4119 2994 4175 Deum
3026 4121 3695 4193 ingrediuntur,quodipscc:l

2326 4210 2405 4264 eis
2427 4209 2675 4280 loquitur.
2701 4210 2922 4278 Quando
2943 4214 3082 4268 enim
3106 4214 3277 4269 lector
3295 4230 3409 4269 cum
3429 4212 3695 4268 summittet
3742 4222 3743 4280 ξ

2330 4298 2455 4354 Herc
2485 4301 2605 4353 dicit
2647 4300 2929 4367 Dominus,
2962 4311 3064 4358 etc.
3090 4344 3105 4367 ,
3137 4314 3191 4357 et
3224 4315 3371 4360 stans
3394 4302 3697 4358 diametrum»

2326 4388 2524 4443 indicto
2566 4391 2812 4446 omnibus
2855 4407 2917 4448 os
2959 4392 3209 4457 obstruit,
3253 4410 3357 4450 non
3406 4395 3547 4448 lecturi
3576 4395 3697 4444 boum

2328 4478 2530 4536 habens
2558 4483 2658 4538 hoc
2686 4482 2852 4548 facit,
2884 4485 2977 4541 sed
3006 4486 3055 4541 ei
3080 4487 3168 4556 qui
3201 4503 3299 4557 per
3329 4488 3462 4542 illum
3483 4484 3699 4542 mmmam

2327 4576 2579 4647 loquitur.
2608 4577 2664 4633 Si
2693 4579 2889 4634 scirent
2913 4580 3051 4650 quod
3082 4583 3150 4635 sit
3183 4582 3327 4637 Deus
3361 4583 3441 4653 qui
3481 4583 3564 4636 haec
3586 4580 3699 4643 dicit!"

2328 4667 2662 4737 prophetam,
2683 4685 2895 4725 omnem
2913 4670 3106 4726 fastum
3126 4672 3700 4742 abjicerent.NamsilatI:-

2327 4761 2468 4817 tibus
2484 4776 2603 4817 cum
2620 4764 2697 4818 eis
2719 4764 3128 4834 magistratibus,
3148 4781 3253 4820 non
3270 4768 3510 4821 sustinent
3523 4762 3700 4817 ἰοί-ΒΜ

2328 4853 2563 4907 animum
2588 4895 2604 4918 ,
2637 4853 2803 4907 multo
2843 4855 3009 4925 magis
3050 4855 3157 4910 Deo
3201 4857 3458 4925 loquente.
3493 4854 3570 4909 Nos
3599 4860 3699 4904 emi“

2330 4958 2543 5010 sumus,
2570 4959 2604 4998 ο
2628 4944 2805 4999 dilecti
2831 4963 2843 4998 :
2868 4960 2966 4999 nos
2996 4963 3099 5000 non
3143 4957 3324 5001 nostra
3364 4946 3577 5004 dicimus,
3595 4942 3699 4995 5an

2330 5044 2455 5090 sunt
2477 5035 2569 5090 Dei
2590 5054 2601 5089 :
2622 5051 2653 5090 e
2672 5037 2804 5091 caelo
2824 5036 3060 5107 quotidie
3080 5040 3351 5093 venientes
3372 5032 3659 5107 legunturep'et
3742 5032 3743 5107 ξ

2334 5129 2426 5183 Dic
2453 5141 2857 5200 autem,qu:eso,
2888 5131 2931 5184 si
2958 5131 3219 5200 quispiam
3245 5132 3370 5186 dum
3396 5142 3548 5183 omnes
3565 5122 3689 5178 ωειένι

2334 5236 2469 5289 mus,
2494 5223 2760 5294 ingressus
2775 5233 2918 5278 esset
2938 5240 3125 5277 zonam
3142 5223 3339 5278 habens
3359 5236 3554 5283 auream,
3568 5224 3704 5273 arma

2332 5317 2541 5371 cervice
2564 5356 2579 5380 ,
2608 5316 2938 5385 superbeque
2970 5316 3219 5370 incedens
3244 5324 3299 5370 et
3327 5330 3383 5369 se
3407 5313 3599 5371 efferens,
3615 5304 3707 5354 dm.
3742 5360 3743 5387 ᾗ

2333 5422 2394 5462 se
2419 5421 2536 5462 esse
2561 5408 2780 5462 missum
2805 5424 2833 5461 a
2860 5422 2981 5477 rege
3009 5415 3239 5470 terreno,
3266 5416 3319 5460 et
3343 5405 3404 5459 ad
3431 5413 3558 5458 totam
3576 5397 3703 5449 cinw‘
3742 5396 3743 5407 ‘

2334 5500 2525 5555 afferre
2549 5500 2827 5570 epistolam
2852 5499 2920 5554 de
2946 5498 3103 5555 rebus
3130 5499 3465 5557 necessariis,
3486 5506 3610 5547 annuu
3626 5488 3709 5533 ταί-ί
3742 5482 3743 5545 ξ

2336 5591 2827 5647 converteremini?
2854 5605 3028 5645 annon
3059 5591 3217 5645 etiam
3258 5606 3361 5644 non
3400 5588 3576 5656 jubcnte
3603 5578 3709 5626 dm“
3742 5576 3743 5623 ἐ

2336 5700 2582 5756 magnum
2613 5683 2935 5738 adhiberetis
2970 5681 3275 5738 silentium?
3314 5681 3418 5750 Ego
3449 5668 3693 5731 SJMJFW
3742 5680 3743 5723 ξ

2342 5796 2463 5837 nam
2505 5778 2589 5833 hic
2632 5778 2789 5833 etiam
2832 5775 3004 5831 audivi
3048 5776 3149 5849 legi
3192 5774 3433 5846 epistolas
3469 5758 3743 5834 melth
