4140 6440
324 355 455 364 ..———-
498 355 517 362 υ
542 356 612 365 ——
758 359 795 365 -—
821 360 876 366 νυ
917 362 1033 371 ..ι-
1094 363 1131 370 οι
1160 363 1451 373 νο-ν-ς-ι--ηο-
1478 367 2193 383 ι--ω-ἀρ--αδ-ῂ--νσοδ--υ

404 399 423 406 ⁸
614 400 722 408 ο--ηο
790 404 815 409 «κ
829 403 949 412 ο--σιης
981 406 1071 413 ...η-...-
1108 403 1265 417 οισι-α...
1288 409 1449 419 ...νο-...η
2551 418 2596 426 ___
2613 417 2629 425 4
2828 416 2859 426 ,⁸
3072 416 3099 424 ,,

2195 415 2543 427 μασι-.--ΑεςΑ--νμν
2632 416 2817 426 ...ς-ο...-
2861 415 3065 428 μ’...
3102 416 3205 424 ...α-ρ-

1292 645 2480 838 ΡΒᾸΕΡΑΤΙΟ

287 1144 481 1283 AD
563 1152 1355 1293 HOMILIAS
1439 1159 1570 1291 s.
1655 1159 2326 1301 JOANNIS
2413 1098 3561 1311 CHRYSOSTOMI

953 1610 1061 1695 ΙΝ
1122 1606 1720 1703 EPISTOLAM
1791 1617 2098 1705 PAULI
2157 1619 2293 1697 AD
2353 1620 2885 1716 EPHESIOS,

351 2366 555 2428 lmen
587 2365 936 2430 selectiora
972 2366 1257 2433 doctoris
1289 2368 1495 2431 nostri
1535 2387 1603 2431 in
1650 2370 1969 2449 Epistolas
2002 2371 2181 2435 Pauli
2221 2375 2680 2441 commentaria
2711 2379 2965 2441 censeri
3000 2380 3240 2449 debent
3277 2382 3571 2452 Homilim

278 2488 343 2551 in
379 2491 733 2569 Epistolam
779 2490 859 2553 ad
907 2489 1264 2570 Ephesios;
1297 2500 1433 2552 tum
1463 2490 1620 2571 quia
1668 2491 1734 2554 in
1782 2491 1883 2554 his
1932 2510 2037 2555 res
2068 2492 2344 2557 uberius
2390 2498 2725 2578 expendit,
2759 2507 2822 2561 et
2860 2500 3135 2582 explicat
3169 2507 3571 2587 accuratius;

277 2626 410 2681 tum
455 2618 615 2701 quia
662 2618 866 2684 multa
914 2624 977 2681 et
1017 2618 1375 2699 singularia
1419 2618 1659 2698 passim
1710 2618 1976 2693 indicat,
2022 2636 2169 2709 qute
2200 2621 2451 2697 possint
2481 2628 2591 2685 aut
2624 2622 2699 2684 ad
2741 2623 2988 2693 beatam
3019 2632 3129 2690 aut
3159 2629 3238 2697 ad
3270 2631 3571 2699 miseram

275 2741 467 2807 vitam
501 2760 637 2806 non
668 2758 899 2823 parum
931 2741 1160 2806 aﬂerre
1186 2741 1523 2807 momenti.

352 2908 628 2971 Orditur
671 2917 891 2971 autem
938 2908 1018 2973 ab
1061 2907 1317 2988 Epheso
1362 2906 1546 2983 urbe,
1581 2923 1777 2988 quam
1830 2911 1903 2970 ut
1935 2906 2109 2970 Asim
2154 2906 2542 2985 metrOpolin
2579 2908 2882 2983 celebrat,
2936 2916 3267 2982 Auxerant
3302 2916 3573 2979 celebri-

279 3042 464 3099 tatem
502 3033 720 3113 primo
753 3035 815 3097 S.
850 3035 1134 3096 Joannes
1173 3032 1592 3112 evangelista,
1638 3030 1879 3095 deinde
1925 3029 2337 3123 Timotheus,
2369 3030 2485 3110 qui
2534 3030 2680 3094 istic
2718 3032 2910 3096 sedes
2956 3045 3329 3114 posuerant.
3379 3040 3570 3104 Fama

278 3174 387 3239 per
426 3157 657 3219 orbem
714 3162 861 3225 nota
893 3162 1028 3221 erat
1068 3154 1365 3235 Ephesus
1409 3171 1445 3217 a
1472 3153 1653 3217 cultu
1684 3154 1925 3229 Diana}.
1959 3170 2155 3235 quam
2203 3154 2549 3234 Ephesiam
2596 3156 2928 3234 vocabant,
2974 3166 3169 3241 atque
3215 3178 3252 3225 ει
3288 3163 3578 3243 ρωιοεο-

276 3279 551 3358 phorum
601 3280 927 3361 plurimis,
968 3280 1084 3363 qui
1114 3281 1255 3343 illic
1300 3288 1693 3356 manserant,
1752 3298 1786 3343 a
1819 3280 2173 3361 Pythagora
2216 3277 2455 3354 Samio,
2500 3295 2537 3342 a
2569 3281 2977 3361 Parmenide,
3024 3285 3309 3362 Zenone,
3347 3289 3577 3351 Demo-

275 3405 435 3465 crito
470 3424 486 3464 :
519 3402 833 3483 additque
868 3400 1395 3483 Chrysostomus,
1429 3402 1639 3473 adhuc
1670 3419 1790 3467 suo
1826 3375 2117 3482 tempore
2152 3400 2580 3481 phiIOSOphos
2610 3403 2848 3483 Ephesi
2885 3406 3254 3471 considere.

351 3573 491 3633 .lam
526 3569 849 3652 quaeritur
878 3585 994 3650 pro
1026 3586 1205 3633 more
1235 3568 1681 3636 Antiochiaane
1711 3586 1790 3631 an
1825 3567 2384 3648 ConstantinOpoli
2420 3567 2651 3639 habita:
2677 3566 2924 3639 fuerint
2960 3573 3307 3639 conciones
3332 3577 3399 3639 in
3429 3579 3580 3656 Ειιι-

271 3693 503 3756 stolam
538 3694 622 3756 ad
660 3692 1002 3772 Ephesios.
1039 3693 1363 3770 Optimum
1388 3691 1482 3756 CI.
1509 3695 1586 3755 ν.
1614 3691 2072 3760 Tillemontius
2098 3693 2340 3773 profert
2372 3701 2822 3774 argumentum
2849 3668 2925 3757 ad
2963 3696 3362 3775 probandum
3390 3701 3577 3766 hasce

275 3817 577 3882 homilias
614 3818 977 3886 Antiochia;
1011 3818 1213 3881 dictas
1260 3817 1511 3883 fuisse:
1550 3818 1702 3898 quia
1734 3834 1966 3898 nempe
2004 3820 2069 3884 in
2109 3820 2373 3893 homilia
2410 3821 2751 3891 undecima
2788 3823 3100 3890 acerrime
3134 3826 3465 3892 invehitur
3510 3831 3580 3894 in

270 3958 407 4017 eos,
442 3942 559 4023 qui
596 3940 953 4005 Ecclesiam
990 3941 1060 4003 in
1089 3959 1214 4023 qua
1248 3942 1361 4005 ille
1388 3955 1543 4012 tunc
1575 3941 2103 4020 concionabatur,
2137 3943 2541 4021 scindebant,
2589 3946 2794 4027 inque
2834 3948 3125 4017 diversas
3169 3959 3379 4029 partes
3410 3954 3584 4016 divi-

267 4077 489 4127 serant
525 4071 592 4126 et
638 4063 920 4127 schisma
951 4065 1338 4142 effecerant;
1372 4067 1436 4130 id
1470 4065 1646 4148 quod
1675 4065 1755 4129 de
1793 4065 2080 4130 Ecclesia
2110 4067 2820 4149 Constantinopolitana
2857 4070 3139 4153 intelligi
3172 4090 3299 4141 non
3346 4077 3574 4155 possit.

269 4189 529 4270 Hicque
572 4189 847 4253 omnino
878 4189 1060 4269 loqui
1099 4190 1361 4254 videtur
1393 4191 1474 4253 de
1512 4190 1857 4262 schismate
1894 4192 2321 4263 Eustathiano
2357 4204 2509 4265 tunc
2558 4158 2927 4270 Antiochiae
2972 4197 3450 4280 perseverante,
3497 4208 3578 4265 do

265 4329 400 4393 quo
429 4314 645 4377 multa
677 4313 969 4385 diximus
1004 4314 1068 4375 in
1104 4315 1352 4379 Monito
1391 4315 1467 4382 ad
1502 4314 1877 4392 Homiliam,
1912 4321 2001 4383 De
2028 4337 2159 4390 non
2190 4320 2801 4394 anathematizandis
2829 4323 2989 4394 vivis
3019 4332 3203 4405 atque
3232 4325 3574 4407 defunctis,

262 4456 414 4525 qum
446 4438 562 4502 hic
602 4437 893 4501 breviter
920 4440 1270 4522 repetenda
1293 4447 1468 4501 sunt.

342 4609 742 4679 Eustathius
767 4607 1118 4688 episcopus
1149 4604 1626 4678 Antiochenus,
1656 4602 1754 4665 vir
1788 4609 2048 4667 sanctus
2076 4611 2270 4683 atque
2293 4604 2673 4685 catholicus,
2695 4605 2976 4688 ideoque
3008 4609 3269 4675 Arianis
3298 4613 3574 4691 invisus,

261 4734 576 4814 ipsorum
616 4749 815 4815 opera
843 4731 910 4794 in
957 4730 1268 4795 exsilium
1306 4734 1487 4791 actus
1520 4726 1668 4802 fuit,
1716 4742 1887 4789 anno
1928 4724 2187 4788 circiter
2213 4726 2357 4800 330,
2394 4726 2461 4789 in
2497 4729 2773 4810 ejusque
2803 4728 3018 4793 locum
3052 4734 3446 4797 substitutus
3479 4749 3577 4800 est

260 4864 632 4942 episc0pus
670 4861 979 4924 Arianus.
1015 4857 1339 4936 Deinceps
1378 4872 1531 4919 vero
1564 4855 1788 4920 Ariani
1831 4852 2121 4934 episcopi
2165 4853 2385 4916 sedem
2417 4859 2794 4931 tenuerunt,
2841 4854 3282 4928 Eustathianis
3316 4858 3577 4921 interim

258 5003 580 5052 seorsum
612 4983 921 5047 collectas
959 4981 1330 5063 agentibus,
1381 4979 1590 5049 donec
1649 4978 1870 5054 Ariani
1909 4980 2168 5043 tandem
2211 4979 2574 5057 Meletium,
2609 4996 2807 5060 quem
2847 4996 2983 5042 sum
3030 4988 3222 5044 sectte
3272 4984 3578 5061 putabant

260 5129 434 5185 esse,
481 5110 883 5190 episc0pum
916 5108 1421 5174 constituerunt.
1454 5109 1535 5168 At
1568 5104 1680 5171 ubi
1718 5113 2117 5184 compertum
2156 5102 2283 5168 fuit
2321 5102 2658 5176 Meletium
2690 5110 2753 5165 et
2797 5102 3200 5175 Catholicum
3228 5110 3289 5168 et
3317 5103 3577 5167 Arianis

259 5237 597 5305 infestum
650 5251 821 5310 esse,
853 5234 922 5297 in
977 5234 1287 5297 exsilium
1341 5230 1534 5311 pulso
1576 5229 1867 5305 Meletio,
1905 5227 2224 5300 Euzoium
2282 5226 2593 5290 Arianum
2641 5226 3020 5306 episcopum
3072 5226 3573 5291 constituerunt.

260 5364 453 5425 Tunc
492 5369 633 5422 tres
671 5359 740 5421 in
776 5366 988 5439 partes
1026 5360 1323 5424 distracta
1365 5357 1589 5420 civitas
1631 5355 1781 5418 fuit.
1828 5353 2042 5424 Prima
2078 5358 2213 5415 erat
2250 5320 2845 5426 Eustathianorum,
2874 5350 3161 5417 secunda
3196 5349 3579 5422 Meletiano-

258 5490 437 5561 rum,
460 5482 665 5546 tertia
691 5482 1105 5546 Arianorum.
1141 5483 1300 5545 Cum
1330 5490 1547 5543 autem
1588 5477 1885 5558 posthaec
1916 5474 2175 5541 Lucifer
2212 5476 2634 5552 Calaritanus,
2670 5473 3167 5539 reclamantibus
3202 5473 3345 5540 licet
3385 5473 3581 5535 Atha-

256 5615 452 5678 nasio
488 5612 785 5693 aliisque
824 5611 1178 5692 episcoiiis,
1215 5613 1556 5674 Paulinum
1618 5609 2112 5678 Eustathianum
2145 5608 2528 5688 episc0pum
2570 5607 2958 5683 ordinasset,
3004 5614 3131 5669 tres
3171 5605 3364 5671 simul
3395 5602 3579 5666 fuere

260 5735 576 5820 episcopi
615 5736 1032 5813 Antiocheni,
1065 5736 1394 5813 Metellus,
1430 5736 1742 5809 Paulinus
1789 5746 1851 5797 et
1893 5733 2197 5808 Euzoius.
2239 5731 2531 5817 Cumque
2565 5737 2789 5809 postea
2833 5728 3285 5803 deﬁcientibus
3312 5727 3586 5790 Ariano-

615 5858 888 5931 PA‘I‘ROL-
931 5862 1048 5928 (in.
1097 5862 1291 5934 LX”.
2056 5948 2061 5951 _

2056 5948 2061 5951 _
3172 5843 3209 5913 1
