4140 6494
541 374 575 433 7
1976 379 2371 436 PREFATIO.

536 511 678 556 rum
711 495 1023 573 partibus,
1062 496 1283 558 nullus
1327 494 1604 557 Arianus
1635 496 1981 573 episc0pus
2012 502 2206 568 esset,
2241 492 2540 556 Meletius
2580 499 2642 555 et
2674 495 3004 570 Paulinus,
3033 498 3319 577 epi5c0pi
3375 516 3693 574 mansere,
3726 521 3797 566 ac

536 628 985 698 perseverante
1030 620 1396 693 schismate,
1454 620 1655 682 amba;
1706 626 1916 698 partes
1957 635 2029 680 se
2070 616 2256 686 rixis,
2303 615 2589 679 dicteriis
2639 624 2700 680 et
2752 617 3166 681 contumeliis
3218 620 3592 683 lacerabant.
3643 624 3796 687 Hinc

536 741 706 802 haud
739 741 932 803 dubie
965 740 1256 820 deplorat
1295 741 1817 821 Chrysostomus,
1857 740 2018 802 hanc
2060 755 2176 801 ceu
2217 737 2641 801 calamitatem
2683 739 2972 801 omnium
3009 738 3371 813 maximam,
3403 738 3568 803 fusis
3597 742 3790 805 etiam

537 865 835 945 lacrymis
870 866 1308 945 prosequitur,
1341 874 1575 927 tantam
1612 865 1721 926 ille
1755 864 2076 926 miseriam
2113 862 2538 940 perhorrescit
2572 870 2640 925 ut
2668 873 3072 943 prmsentem.
3105 864 3291 937 Quod
3325 874 3493 928 certe
3534 868 3797 931 nonnisi

536 988 616 1049 de
651 987 1050 1050 Antiochena
1083 987 1367 1049 Ecclesia
1401 986 1680 1064 intelligi
1717 993 1949 1064 potest.

610 1175 810 1236 .Aliud
841 1176 1028 1237 etiam
1056 1193 1172 1239 nec
1203 1176 1343 1239 leve
1379 1175 1691 1237 indicium
1724 1183 1842 1249 est,
1865 1192 1996 1256 quo
2028 1177 2334 1255 probetur
2365 1178 2717 1241 Antiochiae
2746 1178 2989 1241 habitas
3016 1179 3319 1241 homilias
3349 1179 3592 1250 fuisse;
3621 1178 3793 1257 quod

537 1297 839 1360 videlicet
875 1299 1216 1362 monachos
1261 1299 1325 1360 in
1361 1299 1689 1361 montibus
1734 1315 2025 1379 asperam
2073 1309 2483 1381 sanctamque
2531 1303 2719 1363 vitam
2759 1309 3020 1380 agentes
3061 1302 3302 1381 passim
3336 1301 3583 1370 laudet;
3616 1300 3786 1379 quod

538 1422 605 1482 iu
640 1422 1365 1502 ConstantinOpolitanis
1406 1422 1692 1485 homlliis
1727 1424 1831 1486 vix
1863 1424 2344 1503 deprehendas;
2394 1424 2527 1486 imo
2558 1441 2709 1487 vero
2740 1423 3085 1486 monachos
3121 1422 3677 1501 Constantinopoli
3708 1421 3799 1485 vi-

539 1546 721 1609 cinos
767 1564 934 1626 smpe
970 1546 1378 1627 graviterque
1409 1546 1782 1621 insectatur,
1816 1554 2038 1626 utpote
2071 1547 2184 1627 qui
2218 1563 2253 1608 a
2285 1546 2493 1624 prisco
2526 1546 2672 1608 vitm
2711 1545 3009 1608 instituto
3048 1561 3179 1608 non
3227 1562 3448 1624 parum
3497 1541 3799 1606 deﬂexis-

540 1676 715 1744 sent;
744 1671 808 1731 in
844 1670 1073 1732 vicinis
1104 1677 1316 1733 autem
1350 1669 1905 1749 Constantinopoli
1941 1670 2293 1746 montibus,
2327 1670 2383 1732 si
2412 1670 2575 1733 bene
2602 1670 2891 1744 memini,
2927 1670 3269 1733 monachos
3300 1684 3443 1732 esse
3475 1684 3794 1747 nusquam

540 1793 718 1859 dicit.
750 1793 871 1855 Hic
896 1810 1047 1857 vero
1080 1792 1316 1873 passim
1353 1791 1503 1854 illos
1538 1790 1849 1855 encomiis
1873 1790 2178 1865 celebrat,
2203 1800 2265 1854 et
2302 1792 2586 1855 Homilia
2623 1793 2934 1872 vigesima
2969 1793 3170 1871 prima
3199 1792 3531 1854 Juliauum
3571 1805 3797 1869 quem-

540 1915 683 1977 dam
723 1915 1160 1980 admirandum
1204 1925 1508 1981 memorat
1538 1917 1943 1990 monachum,
1978 1916 2094 1997 qui
2137 1930 2283 1979 cum
2317 1913 2385 1975 in
2430 1911 2719 1976 civitates
2761 1913 3233 1993 ingrederetur,
3270 1914 3333 1975 id
3376 1913 3547 1993 quod
3583 1926 3797 1992 perra-

543 2054 682 2101 rum
716 2046 870 2114 erat,
910 2039 1075 2101 miro
1107 2038 1396 2100 omnium
1421 2054 1741 2101 concursu
1769 2043 1830 2099 et
1863 2036 2084 2115 populi
2114 2034 2481 2119 frequentia
2506 2038 2969 2117 excipiebatur.

622 2228 1175 2290 Antiochenorum
1212 2244 1421 2289 mores
1458 2242 1686 2303 pravos
1710 2240 1878 2305 saepe
1914 2223 2286 2298 insectatur,
2321 2232 2391 2286 ut
2434 2233 2493 2286 et
2537 2224 2690 2287 alibi
2736 2224 2971 2302 passim
3024 2224 3329 2297 vidimus,
3368 2223 3474 2284 illa
3516 2220 3795 2284 maxime
3898 2264 3915 2273 ς

543 2370 689 2434 quae
711 2351 791 2414 ab
822 2349 1098 2413 ethnicis
1128 2356 1190 2410 et
1227 2346 1585 2410 idololatris
1617 2352 2091 2425 promanaraut,
2123 2353 2190 2406 ut
2220 2351 2426 2406 sortes
2458 2353 2521 2407 et
2556 2343 3045 2419 incantationes,
3078 2343 3200 2407 col.
3239 2343 3339 2417 48,
3377 2342 3572 2407 fatum
3604 2348 3795 2411 etiam

545 2483 605 2535 et
637 2470 1245 2552 metempsychosin,
1280 2469 1402 2532 col.
1435 2470 1555 2530 92:
1587 2468 2010 2547 dicebantque
2040 2467 2137 2528 illi
2172 2467 2384 2529 omnia
2417 2465 2591 2530 nulla
2619 2466 2755 2545 geri
2796 2467 3234 2545 providentia;
3267 2466 3374 2529 alii
3409 2485 3561 2530 vero
3592 2470 3794 2532 Deum

544 2611 688 2655 esse
720 2610 951 2670 corpus
980 2591 1244 2669 impune
1273 2590 1670 2651 asserebant.
1706 2591 1795 2651 lle
1818 2586 2147 2650 ominibus
2172 2596 2384 2650 autem
2412 2595 2474 2650 et
2513 2588 2839 2669 praesagiis
2869 2606 3015 2668 quae
3045 2589 3199 2651 dicit
3229 2590 3422 2668 digna
3450 2599 3619 2665 sunt,
3651 2610 3799 2674 qua

543 2715 648 2777 llic
672 2714 1063 2776 referantur:
1098 2712 1324 2775 Multis
1351 2711 1726 2785 terroribus,
1764 2709 1997 2789 inquit,
2020 2709 2209 2788 plena
2238 2718 2326 2770 est
2354 2727 2563 2770 eorum
2584 2712 2814 2773 anima.
2846 2711 2919 2772 Ut
2948 2720 3131 2789 puta,
3155 2711 3253 2773 hic
3284 2719 3394 2771 aut
3425 2710 3531 2773 ille
3550 2714 3797 2791 primus

542 2837 697 2900 mihi
728 2836 1009 2897 occurrit
1053 2836 1233 2894 domo
1279 2834 1559 2909 exeunti,
1594 2834 1841 2895 omnino
1886 2833 2248 2909 contingere
2293 2842 2541 2912 oportet
2582 2831 2747 2892 mala
2796 2831 3303 2893 innumerabilia.
3348 2832 3531 2895 Nunc
3578 2854 3796 2898 servus

545 2961 968 3021 exsecrandus
999 2958 1153 3019 dans
1198 2960 1351 3020 mihi
1391 2959 1651 3033 calceos,
1682 2958 1960 3037 primum
1992 2954 2289 3034 porrexit
2310 2962 2556 3031 partem
2587 2953 2935 3025 sinistram,
2965 2970 3186 3031 graves
3220 2954 3665 3033 significantur
3689 2979 3796 3020 ca.

546 3080 857 3143 lainitates
891 3088 948 3140 et
993 3079 1402 3142 contumelia.
1439 3081 1571 3158 Ego
1606 3080 1739 3159 ipse
1772 3080 2015 3151 exiens,
2049 3077 2312 3137 sinistro
2354 3073 2571 3153 priori
2609 3075 2891 3152 processi
2927 3073 3082 3152 pede
3112 3095 3132 3134 :
3174 3075 3286 3138 hoc
3318 3096 3558 3159 quoque
3591 3092 3678 3142 est
3709 3084 3798 3145 si-

545 3218 731 3280 gnum
768 3194 1211 3260 calamitatum.
1263 3197 1343 3256 Et
1387 3199 1510 3258 ha'c
1534 3196 1777 3275 quidem
1819 3194 1987 3255 domi
2016 3194 2342 3256 suntmala
2364 3216 2384 3257 :
2410 3198 2585 3275 foras
2608 3205 2816 3257 autem
2849 3214 3118 3276 egresso,
3151 3197 3375 3261 dexter
3408 3203 3560 3264 mihi
3580 3205 3797 3266 oculus

546 3324 788 3402 inferne
827 3321 974 3383 salit
1009 3340 1028 3380 :
1071 3322 1185 3382 hoc
1222 3333 1310 3382 est
1362 3320 1667 3383 indicium
1711 3320 2155 3398 lacrymarum.
2214 3319 2516 3381 Mulieres
2558 3338 2819 3400 quoque,
2864 3319 3111 3400 quando
3162 3332 3387 3383 sonant
3425 3325 3670 3397 calami,
3717 3325 3798 3386 ad

549 3451 818 3503 textura
848 3450 1018 3502 recta
1045 3440 1215 3520 ligna
1246 3441 1443 3514 allisi,
1475 3441 1572 3502 vel
1606 3460 1741 3502 cum
1770 3444 1920 3520 ipsa:
1954 3446 2205 3522 pectine
2228 3439 2688 3512 discriminum,
2723 3443 2836 3503 hoc
2865 3461 2985 3521 pro
3033 3444 3213 3523 signa
3255 3443 3504 3507 habent.
3556 3448 3797 3507 Rursus

547 3557 792 3649 quando
826 3558 1180 3637 subtegmen
1211 3559 1464 3638 pectine
1494 3559 1886 3632 concutiunt,
1936 3561 2103 3645 et‘id
2131 3563 2381 3642 faciunt
2415 3565 2862 3632 vehementius;
2909 3563 3136 3626 deinde
3188 3567 3300 3645 qui
3339 3578 3484 3627 sunt
3527 3588 3797 3647 superne

548 3682 773 3745 calami
811 3682 883 3744 ob
927 3682 1242 3743 intensum
1280 3682 1473 3742 ictum
1511 3679 1699 3741 edunt
1735 3683 2094 3762 strepitum,
2137 3684 2310 3745 allisi
2349 3683 2431 3744 ad
2471 3695 2711 3745 rectum
2752 3693 3092 3747 structurae
3127 3687 3389 3767 lignum,
3428 3692 3541 3752 hoc
3572 3694 3799 3755 habent

543 3822 666 3884 pro
710 3804 890 3882 signa
916 3823 937 3863 :
981 3810 1039 3862 et
1067 3800 1194 3864 alia
1217 3800 1703 3862 innumerabilia
1727 3801 1919 3880 digna
1959 3821 2093 3882 qua:
2119 3805 2475 3869 rideantur.
2509 3808 2593 3868 Et
2638 3809 2696 3869 si
2728 3811 2948 3869 asinus
2989 3810 3456 3887 exclamauerit,
3492 3824 3547 3875 et
3572 3818 3630 3877 si
3656 3818 3798 3894 gal-

551 3930 672 4002 lus,
707 3927 845 3987 etsi
885 3926 1022 4007 quis
1053 3925 1526 4001 sternutaoerit,
1562 3934 1615 3990 et
1658 3926 1920 4009 quodvis
1951 3926 2149 4001 aliud,
2185 3937 2478 4009 tanquam
2508 3929 2707 3991 decies
2753 3933 2922 3993 mille
2959 3934 3156 3996 vincti
3196 3936 3490 4013 vinculis,
3521 3949 3592 3999 ut
3631 3938 3796 4013 dixi,

550 4050 967 4130 tanquamqui
1006 4057 1339 4111 teneantur
1368 4048 1434 4109 in
1459 4048 1755 4126 tenebris,
1785 4051 1992 4112 omnia
2030 4051 2259 4114 habent
2300 4064 2617 4133 suspecta,
2652 4065 2708 4117 et
2753 4067 2901 4119 sunt
2939 4059 3135 4138 magis
3179 4063 3437 4125 serviles
3482 4082 3664 4147 quam
3696 4069 3800 4129 in-

548 4193 808 4236 numera
843 4173 1183 4252 mancipia.

628 4365 699 4425 lu
737 4361 999 4425 homilia
1045 4370 1259 4425 autem
1305 4362 1645 4443 vigesima,
1689 4364 1801 4426 ubi
1851 4364 1931 4426 dc
1978 4363 2374 4427 instituenda
2423 4381 2622 4426 uxore
2665 4364 2863 4427 multa
2908 4363 3148 4443 profert
3196 4368 3491 4446 praeclara
3535 4377 3595 4430 et
3636 4369 3801 4435 lectu

548 4486 956 4565 dignissima,
991 4486 1215 4549 luxum
1252 4499 1312 4550 et
1341 4486 1573 4550 fastum
1602 4488 2153 4551 Antiochenorum
2184 4486 2597 4550 vehementer
2629 4487 3005 4563 insectatur,
3042 4505 3318 4567 quorum
3355 4489 3618 4568 plurimi
3660 4494 3805 4560 licet

552 4610 799 4673 vilioris
837 4611 1028 4674 sortis
1056 4611 1381 4686 homines,
1412 4613 1524 4692 qui
1569 4628 1826 4692 magnas
1858 4612 1979 4674 sibi
2029 4616 2405 4692 paraverant
2440 4608 2795 4686 facultates,
2830 4627 2986 4673 auro
3035 4611 3254 4673 onusti
3303 4629 3448 4674 cum
3493 4617 3804 4681 uxoribus

548 4732 914 4816 prodibant,
947 4733 1017 4794 in
1059 4750 1253 4795 curru
1287 4732 1481 4807 mulis
1510 4732 1674 4795 albis
1698 4737 1948 4814 juncto,
1972 4733 2276 4813 gregibus
2305 4731 2693 4797 famulorum
2725 4739 2788 4796 et
2819 4734 3184 4812 agminibus
3215 4736 3663 4800 cunuchorum
3693 4740 3809 4801 stic

549 4857 705 4933 pati.
745 4859 909 4918 Tum
942 4856 1252 4918 acerrime
1285 4855 1614 4917 invehitur
1645 4856 1709 4916 in
1744 4870 1855 4917 eos
1877 4854 2332 4934 quinuptiales
2363 4854 2763 4918 cmrimonias
2792 4854 3172 4919 Christianis
3206 4856 3501 4936 indignas
3536 4858 3805 4922 induxe-

547 4985 726 5053 rant;
775 4978 1152 5041 saltationes
1195 4984 1257 5039 et
1307 4975 1610 5056 tripudia,
1663 4975 2023 5055 impudicas
2079 4975 2455 5051 cantilenas,
2510 4984 2573 5038 et
2619 4983 2845 5038 caetera
2906 4977 3202 5051 traducit,
3256 4994 3400 5056 qua)
3456 4979 3804 5055 nuptialem

550 5109 761 5165 torum
828 5102 1350 5164 dehonestarent.
1398 5101 1474 5161 in
1529 5116 1765 5162 uxores
1809 5115 2070 5180 quoque
2119 5098 2381 5163 illorum
2429 5117 2655 5181 aspere
2706 5100 3061 5176 invehitur,
3119 5108 3265 5181 Qum
3313 5102 3379 5163 in
3425 5099 3695 5165 famulas
3746 5111 3807 5166 et

551 5224 816 5289 ancillas
854 5225 941 5288 ita
985 5224 1358 5295 saeviebant,
1396 5231 1468 5287 ut
1507 5223 1731 5304 ligatas
1762 5232 1823 5286 et
1864 5224 2134 5286 nudatas
2165 5240 2375 5287 coram
2417 5223 2659 5286 maritis
2689 5222 3013 5325 acerrime,
3039 5223 3469 5297 verberarent,
3497 5224 3619 5286 col.
3666 5226 3803 5301 110,

553 5349 962 5411 Thessalidas
1016 5361 1332 5423 vocantes,
1400 5366 1545 5430 qum
1594 5366 1714 5411 vox
1763 5348 1934 5427 apud
1990 5347 2479 5427 AristOphancm
2542 5346 2855 5408 veneﬁcas
2909 5353 2971 5408 et
3030 5345 3542 5425 praestigiatrices
3595 5346 3807 5427 signi—

554 5472 713 5534 fuam.

632 5656 737 5720 Sic
767 5654 873 5718 ille
905 5655 1338 5718 Antiochenos
1379 5657 1663 5730 incessit,
1696 5655 1808 5735 qui
1850 5652 2387 5734 intemperantius
2423 5652 2561 5715 suis
2593 5652 2826 5732 Opibus
2863 5652 3245 5729 utebantur;
3280 5659 3415 5715 tum
3449 5655 3642 5717 etiam
3671 5670 3810 5732 non,

550 5796 816 5860 paucos,
847 5779 960 5860 qui
986 5779 1178 5842 bonis
1207 5780 1438 5844 alienis
1472 5779 1902 5842 imminerent.
1940 5777 2029 5838 Ad
2064 5778 2187 5838 alia
2211 5793 2357 5838 vero
2378 5776 2510 5858 jam
2537 5775 2953 5840 veniendum.
2986 5776 3057 5838 In
3096 5774 3360 5839 homilia
3393 5783 3631 5854 octava,
3665 5790 3801 5844 oms
