4140 6504
1791 402 2184 458 ΡΒΑΞῈΑΤΙΟ.
3590 405 3623 457 ὃ

350 523 515 587 nium
550 519 957 600 longissima,
996 523 1057 583 in
1099 522 1231 601 haec
1273 523 1482 593 verba,
1516 523 1649 603 Ego
1688 523 1942 583 vinctus
1982 522 2051 583 in
2082 520 2375 595 Domino,
2412 522 2477 581 in
2513 520 2793 583 vinculis
2829 518 3008 605 Pauli
3055 517 3423 594 laudandis,
3458 520 3626 595 cele-

348 644 617 708 brandis.
655 650 845 708 totam
896 645 1226 724 profundit
1258 647 1573 709 orationis
1616 652 1850 720 artem;
1894 645 2027 707 imo
2084 663 2213 709 non
2266 654 2488 722 artem,
2534 648 2644 708 sed
2697 644 3023 725 quidquid
3072 643 3304 706 ardens
3340 644 3624 718 animus,

348 765 653 847 quidquid
689 784 800 829 cor
827 768 1189 833 vehementi
1227 771 1613 835 concitatum
1653 785 1871 831 amore
1907 775 2221 850 suggerit,
2252 773 2602 852 imparatus
2633 774 2876 852 profert
2911 773 2978 833 in
3013 771 3323 843 medium,
3358 772 3481 833 col.
3516 776 3623 836 5'1:

341 891 407 952 Si
430 893 568 970 quis
598 894 1047 970 mihidederit,
1078 896 1315 976 inquit,
1349 914 1518 957 nunc
1543 903 1614 969 ut
1636 892 1933 965 suscitem
1958 906 2267 970 mortuos,
2299 914 2429 956 non
2458 897 2573 958 hoc
2618 896 2931 974 elegerim,
2966 892 3076 955 sed
3118 903 3420 957 catenam.
3449 896 3522 958 Si
3552 897 3627 957 ab

352 1018 785 1079 ecclesiasticis
831 1021 1013 1080 curis
1041 1039 1232 1080 essem
1272 1030 1570 1093 remotus,
1613 1029 1667 1079 et
1703 1024 1859 1078 esset
1897 1015 2051 1083 mihi
2090 1038 2322 1099 corpus
2371 1036 2592 1097 sanum
2643 1026 2702 1078 et
2750 1016 3051 1097 ualidum,
3093 1035 3223 1080 non
3278 1021 3628 1081 recusarim

346 1138 499 1199 hanc
522 1141 848 1218 suscipere
876 1144 1476 1221 peregrinationem,
1512 1155 1585 1207 ut
1626 1148 1829 1209 solum
1852 1147 2126 1210 viderem
2158 1150 2436 1217 catenas,
2482 1150 2556 1202 ut
2600 1159 2913 1209 carcerem
2942 1141 3009 1201 in
3042 1156 3163 1217 quo
3192 1138 3318 1218 fuit
3348 1140 3623 1197 vinctus.

342 1257 526 1333 Atqui
558 1257 692 1336 ejus
729 1260 1190 1321 miraculorum
1236 1263 1437 1323 multa
1485 1266 1704 1327 multis
1751 1270 1817 1329 in
1850 1269 2007 1330 locis
2037 1277 2187 1329 sunt
2219 1268 2434 1345 signa,
2461 1265 2571 1326 sed
2599 1284 2729 1326 non
2779 1274 2930 1326 sunt
2986 1274 3111 1345 tam
3154 1261 3625 1343 desiderabilia,

340 1394 511 1454 quam
556 1380 944 1458 stigmatum.
990 1384 1075 1444 Et
1121 1385 1189 1446 in
1220 1386 1578 1465 Scripturis
1607 1408 1736 1449 non
1780 1392 1873 1451 ita
1911 1410 2004 1452 me
2033 1391 2296 1453 delectat
2325 1389 2473 1451 dum
2500 1391 2660 1471 facit
2690 1390 3023 1462 miracula,
3066 1406 3254 1469 quam
3287 1386 3433 1448 dum
3469 1383 3628 1445 male

338 1496 602 1577 patitur,
635 1499 863 1577 ﬂagris
895 1502 1164 1565 caeditur
1191 1515 1379 1586 atque
1421 1515 1744 1587 raptatur.
1783 1511 1933 1573 Vere
1970 1514 2294 1577 mirabilia
2329 1522 2479 1582 sunt
2510 1514 2688 1576 illius
2727 1516 3019 1592 corporis
3047 1512 3313 1574 sudaria
3361 1519 3419 1571 et
3449 1508 3624 1569 semi-

341 1618 590 1694 cinctia,
617 1638 752 1699 quae
795 1625 1105 1703 slupenda
1132 1638 1400 1705 patrant
1426 1651 1445 1690 :
1469 1643 1618 1695 sunt
1648 1634 1772 1696 haec
1802 1654 1941 1695 vere
1968 1636 2316 1709 mirabilia,
2348 1633 2459 1695 sed
2486 1654 2613 1695 non
2648 1644 2721 1697 ut
2748 1635 2864 1697 illa
2890 1635 3217 1715 (vincula).

414 1781 772 1847 Occasione
810 1787 1220 1857 vinculorum
1262 1792 1535 1873 loquens
1567 1795 1645 1856 de
1669 1802 1887 1858 sancto
1920 1796 2155 1877 Babyla
2191 1805 2491 1877 martyre,
2527 1798 2712 1878 cujus
2742 1798 2951 1859 Vitam
2990 1795 3102 1858 ille
3136 1794 3396 1879 scripsit
3430 1801 3495 1854 ut
3518 1791 3628 1851 ha-

342 1901 515 1965 betur
547 1923 749 1986 supra
789 1912 970 1974 Tom.
1006 1914 1324 1989 secundo,
1361 1917 1541 1992 dicit,
1584 1918 1705 1981 col.
1746 1920 1846 1993 71,
1890 1918 2079 1981 illum
2123 1920 2406 1983 vinctum
2441 1919 2670 1995 fuisse,
2704 1923 2871 1983 sicut
2904 1922 3215 1981 Joannem
3250 1916 3623 1996 Baptistam,

341 2025 482 2100 quia
514 2045 752 2109 nempe
791 2050 1008 2112 regem
1046 2036 1484 2117 redarguerat,
1522 2047 1582 2102 et
1616 2042 1998 2104 morientem
2033 2042 2467 2128 mandavisse,
2498 2053 2571 2105 ut
2612 2042 2869 2105 vincula
2895 2050 3291 2122 ponerentur
3338 2058 3477 2102 cum
3507 2056 3622 2099 suo

339 2162 622 2225 corpore,
657 2162 717 2213 et
750 2172 985 2235 corpus
1014 2160 1396 2237 sepeliretur
1425 2162 1728 2227 vinetum.
1772 2164 1855 2225 Et
1886 2182 2054 2229 nunc
2086 2168 2200 2233 siti
2226 2176 2377 2229 sunt
2406 2167 2729 2247 compedes
2758 2187 2897 2230 cum
2929 2168 3140 2229 cinere
3165 2186 3185 2225 :
3217 2172 3461 2225 tantum
3492 2172 3627 2223 erat

337 2266 389 2331 ei
416 2266 805 2337 desiderium
833 2279 1235 2345 vinculorum
1252 2295 1530 2373 propter
1553 2286 1897 2353 Christum.
1927 2290 2195 2351 Ferrum
2221 2293 2612 2383 pertransiit
2643 2293 2858 2353 anima
2885 2291 3041 2371 ejus,
3074 2294 3195 2352 etc.

403 2441 597 2511 Hom.
633 2446 909 2524 decima,
948 2450 1068 2513 col.
1108 2455 1207 2527 78,
1242 2453 1420 2531 dicit,
1454 2464 1747 2541 ἀγάλματα
1777 2476 1895 2521 seu
1920 2459 2183 2538 figuras,
2223 2466 2285 2520 et
2314 2465 2555 2523 statuas
2581 2461 2679 2523 vel
2711 2459 3032 2541 imagines
3066 2457 3134 2519 in
3156 2454 3427 2520 ecclesia
3455 2470 3626 2529 esse,

330 2582 536 2647 neque
586 2570 772 2648 plura
800 2572 1020 2653 adjicit
1053 2576 1118 2638 in
1153 2594 1243 2653 re,
1278 2595 1470 2658 quam
1509 2579 1806 2658 pluribus
1838 2599 2191 2660 expensam
2220 2581 2428 2649 fuisse
2464 2583 2717 2649 vellem.
2753 2583 3108 2649 Haereticos
3140 2582 3382 2661 passim
3412 2578 3630 2663 exagi-

328 2700 431 2769 tat,
467 2697 896 2774 Marcionem,
930 2701 1355 2765 Manichteum
1385 2720 1503 2766 seu
1530 2705 1877 2779 Manetem,
1910 2706 2359 2781 Valentinum,
2395 2707 2724 2781 Catharos,
2759 2724 2879 2769 seu
2916 2706 3338 2782 Novatianos,
3377 2706 3626 2779 Arium,

326 2824 417 2895 uti
450 2826 624 2888 solet
662 2826 729 2887 in
771 2826 1077 2890 omnibus
1126 2844 1293 2906 pene
1341 2830 1748 2899 orationibus
1788 2837 1849 2894 et
1890 2830 2210 2907 homiliis,
2254 2832 2554 2914 aliosque
2601 2831 2792 2893 etiam
2840 2830 3199 2894 mereticos.

400 2994 713 3059 Gentiani
748 2998 1011 3062 Herveti
1046 2998 1332 3083 Latinam
1372 2999 1975 3080 interpretationem
2008 3002 2231 3087 multis
2262 3003 2333 3066 in
2370 3003 2532 3068 locis
2561 3001 2802 3085 passim
2839 2999 3321 3087 castigavimus.
