4140 6490
360 325 3650 377 W

1267 533 1684 623 SANCTI
1767 496 2200 641 PATRIS
2276 526 2718 621 NOSTBI

349 878 472 1084 J
488 869 1225 1084 OANN
1247 866 1501 1081 IS
1608 859 3663 1099 CHRYSOSTOML

507 1311 1623 1435 ARCHIEPISCOPI
1690 1311 3489 1455 CONSTANTINOPOLITANI,

1742 1602 1973 1660 OPERA
2013 1601 2257 1657 ()MNIA.

1875 1813 2137 1826 ﬂ

705 2011 815 2090 IN
887 2007 1480 2088 EPISTOLAM
1569 2010 1697 2083 AD
1764 2002 2259 2083 EPHESIOS
2322 1987 3294 2084 COMMENTARIUS“).

1803 2274 2196 2310 *κω-α

888 2508 1415 2600 ἳῐτειιιηιωιίιιηι.

412 2648 667 2720 Ephesus
704 2654 788 2702 est
816 2644 1032 2717 quidem
1066 2643 1205 2697 Asize
1233 2637 1568 2709 metropolis.
1618 2636 1748 2690 Erat
1776 2641 1957 2689 autem

342 2742 593 2797 dedicata
649 2740 875 2805 Dianae,
928 2744 984 2791 et
1032 2734 1172 2789 hanc
1224 2733 1381 2788 deam
1446 2731 1551 2785 illic
1605 2726 1856 2783 colebant
1900 2735 1959 2779 ut

344 2832 680 2887 maximam:
724 2837 982 2899 tantaque
1024 2840 1213 2883 eorum
1256 2831 1375 2880 erat
1415 2818 1724 2891 superstitio
1748 2859 1763 2883 ,
1789 2825 1849 2871 ut
1889 2831 1958 2872 ne

342 2928 485 2981 illius
532 2924 760 2996 quidem
815 2937 1011 2978 nomen
1064 2921 1152 2991 qui
1204 2918 1320 2989 ejus
1347 2916 1605 2987 templum
1646 2911 1959 2969 combusse-

343 3027 445 3083 rat,
476 3018 829 3073 manifestum
874 3028 997 3069 esse
1040 3012 1349 3067 voluerint:
1397 3010 1568 3064 fuerat
1620 3005 1762 3062 enim
1808 3018 1952 3059 eom-

291 3110 295 3115 ’
342 3111 598 3165 bustum.
631 3108 801 3163 Porro
841 3106 1029 3161 beatus
1076 3120 1290 3176 quoque
1339 3101 1574 3158 Joannes
1627 3098 1953 3168 evangelista

344 3200 644 3270 plurimum
704 3198 811 3253 illic
852 3206 937 3253 est
985 3204 1271 3251 versatus:
1307 3209 1429 3248 nam
1467 3202 1523 3248 et
1571 3191 1678 3246 illic
1716 3188 1816 3244 fuit
1867 3204 1953 3243 re»

345 3292 551 3362 legatus
594 3301 648 3345 et
678 3290 912 3345 decessit
935 3286 1033 3361 (b).
1066 3288 1405 3342 Timotheum
1458 3298 1672 3353 quoque
1714 3282 1825 3336 illic
1868 3296 1957 3336 τεο·

345 3384 496 3453 liquit
544 3384 789 3447 Paulus,
848 3390 905 3435 ut
959 3382 1085 3435 dicit
1141 3380 1205 3433 ad
1258 3379 1431 3448 ipsum
1478 3376 1760 3431 scribens:
1808 3372 1955 3429 Sicut

342 3476 517 3547 rogavi
548 3486 605 3528 te
631 3484 686 3527 ut
711 3489 942 3527 maneres
973 3470 1166 3541 Ephesi
1185 3469 1263 3543 (1.
1300 3468 1430 3523 Tim.
1458 3469 1512 3523 1.
1543 3468 1618 3536 5).
1648 3466 1715 3520 Ει
1741 3464 1955 3535 plurimi

341 3582 405 3623 ex
438 3567 806 3638 pitilOSOphiS,
839 3566 1073 3621 maxime
1098 3564 1133 3619 ii
1157 3564 1247 3635 qui
1271 3564 1322 3618 in
1352 3563 1478 3617 Asia
1502 3561 1818 3623 ﬂoruerunt,
1848 3558 1959 3614 illic

342 3669 514 3713 erant.
545 3658 686 3713 Nam
703 3657 903 3713 dicitur
920 3657 1136 3726 quidem
1159 3664 1214 3708 et
1248 3654 1373 3709 inde
1395 3654 1559 3709 fuisse
1583 3651 1915 3723 Pythagoras
1940 3668 1953 3703 :

342 3751 535 3805 Samos
563 3750 744 3813 enim,
779 3748 923 3802 unde
966 3758 1118 3802 ortus
1150 3747 1241 3801 ille
1270 3755 1387 3800 erat
1410 3785 1426 3811 ,
1484 3745 1663 3799 Ionica
1711 3753 1829 3798 erat
1872 3744 1959 3797 in-

343 3843 459 3898 sula
493 3843 566 3915 (c)
588 3880 603 3894 .
638 3841 1014 3896 Parmenidem
1040 3854 1255 3909 quoque
1295 3849 1349 3893 et
1377 3837 1649 3893 Zenonem
1675 3847 1729 3892 et
1760 3836 1960 3891 Demo-

404 3958 479 4019 (a)
505 3956 586 4005 Ad
612 3954 850 4019 Homilies
873 3956 923 4019 in
947 3953 1214 4019 Epistulam
1238 3952 1299 4019 ad
1330 3952 1384 4019 Ει
1404 3951 1572 4001 hesios
1609 3949 1957 4019 emaeulandas

341 4013 422 4069 usi
441 4013 623 4070 sumus
646 4017 955 4069 Coislinianis
971 4013 1230 4067 Codicibus
1251 4016 1469 4076 duobus,
1493 4026 1699 4076 quorum
1726 4026 1850 4076 unus
1866 4013 1919 4061 3i
1941 4049 1954 4070 ,

340 4083 468 4131 alter
490 4083 558 4131 75
600 4087 795 4129 notatur
816 4118 829 4137 ,
858 4086 912 4127 et
956 4090 1066 4126 cum
1111 4077 1289 4128 Codice
1327 4075 1610 4128 Culbertino
1642 4075 1955 4137 numsfill2.

342 4143 669 4195 Colbertinus
712 4135 1062 4204 argumentum
1099 4140 1306 4199 omittit,
1334 4147 1387 4187 et
1425 4151 1452 4186 a
1477 4138 1630 4199 prima
1654 4135 1855 4185 homilia
1881 4137 1957 4185 in-

339 4206 476 4256 cinit.
1422 4226 1428 4233 -

385 4221 479 4331 Ἢ)
504 4267 564 4316 Id
597 4273 691 4331 est,
718 4274 771 4315 tn
791 4262 1020 4331 essilitmt
1041 4262 1217 4313 missus
1238 4263 1359 4314 istuc
1383 4261 1525 4313 venit.
1551 4259 1778 4331 Joannes
1791 4260 1841 4309 in
1862 4259 1958 4310 Pa-

374 4323 472 4379 boti
524 4323 739 4378 insulam
772 4327 1028 4389 relegatus
1052 4334 1130 4375 est
1168 4340 1182 4381 ;
1222 4332 1495 4389 posteaque
1534 4326 1669 4373 venit
1692 4323 1957 4385 Ephesum.

414 4400 727 4455 rysostomus
748 4402 871 4455 vero
895 4391 999 4439 haec
1026 4391 1231 4450 carptim
1254 4399 1545 4446 recensens,
1568 4398 1668 4435 non
1692 4393 1787 4435 tam
1810 4398 1958 4434 aecu-

341 4453 454 4503 rate
474 4453 647 4502 omnia
671 4453 877 4514 profert.

406 4518 480 4576 (c)
506 4509 891 4577 Chrysostomus
915 4512 1114 4577 carptim
1131 4511 1359 4577 loquens,
1374 4516 1429 4577 et.
1447 4509 1696 4577 Ephesum
1715 4522 1963 4577 commen-

486 4572 1151 4645 dicitphilosophoslmultos
1174 4572 1269 4623 illic
1292 4572 1537 4645 ﬂoruisse,
1556 4580 1609 4645 ut
1634 4572 1960 4645 Pythagoram

342 4641 430 4710 qui
450 4652 516 4688 ex
542 4633 709 4710 insula
727 4633 928 4710 quidem
953 4638 1100 4710 Samo
1121 4646 1257 4710 erat;
1281 4636 1370 4684 sed
1589 4633 1751 4710 Ionica
1778 4633 1962 4710 erat-nt

344 4696 614 4762 Ephesus;
635 4696 900 4762 imo;un
922 4712 1017 4747 non
1042 4698 1173 4748 addit
1196 4698 1585 4762 Chrysostomus,
1614 4696 1811 4762 Epheso
1835 4697 1960 4762 adeo

346 4758 507 4812 vicina
532 4768 594 4812 ut
623 4774 689 4810 ex
712 4758 803 4811 illa
820 4762 950 4811 urbe
984 4758 1374 4824 conspiceretur.
1400 4758 1478 4808 De
1511 4759 1709 4809 caeteris
1730 4771 1853 4821 quos
1873 4758 1960 4807 ad-

2064 2492 2282 2560 critum,
2306 2504 2360 2549 et
2390 2495 2590 2552 multos
2616 2512 2759 2553 nunc
2785 2498 2961 2557 adhuc
2984 2500 3091 2557 illic
3122 2503 3392 2560 inveneris
3426 2522 3669 2577 ptntoso-

2065 2583 2221 2654 phos.
2256 2584 2381 2641 Han:
2408 2595 2586 2643 autem
2616 2604 2721 2643 non
2763 2589 2882 2646 sine
2908 2606 3071 2648 causa
3098 2592 3241 2649 dicta
3270 2605 3395 2650 sunt
3432 2613 3461 2650 a
3491 2598 3668 2660 nobis.

2065 2675 2158 2730 sed
2188 2684 2245 2730 nt
2270 2678 2613 2734 ostenderem
2644 2680 2814 2735 multo
2844 2682 3024 2738 studio
3053 2698 3189 2754 opus
3218 2684 3384 2741 fuisse
3412 2686 3577 2742 Paulo
3601 2688 3671 2744 ad

2064 2782 2159 2823 eos
2205 2769 2484 2825 scribenti.
2554 2772 2757 2827 Dicitur
2796 2782 2978 2829 autem
3030 2776 3407 2844 profundiores
3458 2794 3672 2851 quoque

1970 2890 1978 2901 κ
2063 2872 2254 2914 sensus
2280 2861 2359 2914 eis
2387 2859 2706 2925 credidisse,
2732 2872 2917 2933 utpote
2943 2866 3031 2933 qui
3056 2866 3167 2934 jam
3189 2868 3556 2925 catechumeni
3579 2886 3671 2926 es-

2062 2961 2204 3006 sent.
2240 2952 2334 3006 Est
2362 2967 2525 3022 porro
2566 2954 2791 3024 epistola
2825 2956 2984 3027 plena
3033 2957 3354 3016 sublimibus
3385 2965 3671 3020 sententiis

2068 3049 2119 3096 et
2144 3042 2505 3113 dogmatibus.
2538 3045 2737 3101 Scribit
2776 3058 2954 3101 autem
2988 3051 3271 3121 epistulam
3327 3053 3516 3109 Romae
3548 3057 3668 3112 vin-

2061 3144 2180 3190 etus
2204 3177 2218 3203 ,
2252 3136 2390 3190 sicut
2416 3146 2470 3190 et
2500 3138 2614 3207 ipse
2641 3138 2772 3193 dicit
2802 3156 2816 3192 :
2854 3140 3012 3195 Orate
3035 3159 3129 3212 pro
3152 3160 3232 3197 nte
3270 3155 3326 3199 ut
3371 3146 3518 3201 detur
3545 3149 3671 3204 mihi

2061 3240 2226 3280 sermo
2264 3228 2319 3281 in
2358 3230 2620 3298 apertione
2644 3231 2748 3284 oris
2776 3233 2893 3297 mei,
2927 3249 3042 3285 cum
3073 3234 3268 3304 ﬁducia
3296 3247 3471 3291 notum
3502 3241 3672 3310 facere

2061 3320 2357 3389 mysterium
2378 3323 2628 3393 evangelii
2656 3363 2672 3387 ,
2706 3340 2798 3393 pro
2825 3341 2924 3394 quo
2953 3326 3207 3397 legatione
3237 3330 3429 3400 [ungor
3476 3335 3529 3385 in
3577 3350 3669 3386 ca.

2064 3422 2178 3465 lena
2204 3410 2419 3485 (Ep/tes.
2452 3415 2506 3468 6.
2560 3414 2645 3469 19.
2685 3415 2803 3488 20).
2834 3417 2903 3472 Et
2932 3419 3223 3474 admodum
3265 3422 3391 3477 altis
3434 3433 3488 3478 et
3534 3428 3668 3480 emi-

2065 3505 2315 3559 nentibus
2366 3506 2521 3574 plena
2554 3515 2637 3561 est
2684 3508 2934 3563 sensibus
2962 3511 3025 3565 ¹.’
3053 3510 3186 3565 Nam
3232 3529 3352 3583 quae
3404 3529 3665 3585 nusquam

2062 3594 2177 3650 fere
2205 3606 2289 3651 est
2316 3595 2591 3667 loquutus,
2620 3613 2685 3653 ea
2718 3599 2804 3653 hic
2852 3600 3076 3668 profert,
3123 3611 3179 3656 ut
3224 3604 3440 3674 quando
3485 3607 3617 3663 dicit
3649 3612 3667 3663 :'

2070 3688 2139 3744 Ut
2166 3690 2447 3744 innotescat
2479 3709 2615 3744 nunc
2643 3693 3014 3763 principatibus
3040 3706 3087 3749 et
3117 3699 3443 3767 potestatibus
3470 3700 3525 3753 in
3571 3718 3668 3758 ca:-

2064 3783 2270 3837 lestibus
2297 3799 2389 3851 per
2419 3782 2704 3838 Ecclesium
2725 3786 2867 3837 varia
2890 3796 2934 3839 cl
2964 3788 3213 3857 mutiplex
3257 3787 3357 3843 Dei
3380 3792 3668 3861 sapientia;

2064 3884 2118 3929 et
2148 3890 2353 3942 rursus,
2385 3874 2811 3931 Conresuscitavit
2834 3888 2881 3932 et
2912 3881 3183 3935 consedere
3203 3884 3322 3953 fecit
3351 3899 3446 3938 nos
3484 3886 3538 3939 in
3567 3902 3670 3941 εω-

2065 3968 2315 4035 lestibus;
2346 3977 2421 4033 et,
2456 3968 2608 4037 Quod
2645 3971 2764 4025 aliis
2800 3973 3210 4043 generationibus
3235 3992 3337 4029 non
3366 3977 3463 4048 fuit
3488 3981 3668 4049 cogni-

2066 4070 2191 4126 tum,
2224 4078 2358 4115 nunc
2400 4063 2677 4117 revelatum
2702 4064 2801 4133 fuit
2832 4068 3083 4136 apostolis
3109 4069 3301 4122 sanctis
3326 4079 3376 4123 et
3404 4073 3669 4141 praphctis

2063 4152 2117 4205 in
2146 4152 2348 4223 Spiritu
2369 4195 2383 4215 ,
2411 4166 2583 4225 gentes
2622 4173 2728 4210 esse
2751 4158 3058 4223 coheredes,
3102 4171 3149 4214 et
3190 4165 3580 4233 concorporales
3622 4176 3670 4220 et

2067 4247 2457 4317 comparticipes
2478 4249 2587 4317 ejus
2616 4248 2907 4305 hereditatis
2937 4253 2990 4306 in
3017 4252 3215 4308 Christo
3241 4254 3459 4326 (Ephes.
3487 4260 3540 4315 3.
3575 4260 3667 4318 10.

2065 4346 2111 4390 et
2132 4336 2188 4390 2.
2218 4337 2272 4393 6.
2304 4349 2349 4392 et
2382 4341 2435 4394 5.
2467 4341 2519 4396 5.
2549 4340 2629 4413 6).

2064 4450 2635 4528 ditphilosophis'niul'ta
2669 4455 2768 4528 diei
2794 4463 3018 4528 possent,
3042 4458 3130 4508 sed
3149 4459 3390 4528 adeantur
3409 4461 3669 4528 Diogenes

2068 4516 2287 4585 Laertius
2332 4523 2384 4565 et
2428 4516 2529 4565 alii.
2568 4516 2647 4566 De
2670 4516 2960 4581 quibusdam
2983 4528 3124 4571 certe
3142 4556 3157 4581 ,
3194 4531 3249 4572 ut
3271 4526 3335 4573 de
3359 4516 3647 4578 Democrito

2063 4574 2299 4639 diSputari
2325 4584 2505 4639 potest.
3652 4562 3668 4588 ’

2587 4640 2745 4709 altero
2781 4640 3002 4709 legitur:
3032 4642 3124 4693 Illa
3147 4651 3309 4709 autem
3332 4646 3546 4709 Epistola
3568 4663 3665 4701 non

2063 4698 2208 4769 modo
2228 4699 2584 4771 sublimioribus
2602 4698 2910 4771 dogmatibus
2927 4705 3070 4769 plena
3080 4713 3167 4768 est,
3182 4707 3268 4759 sed
3286 4698 3435 4760 etiam
3452 4698 3673 4763 mea

2063 4762 2378 4814 eminentibus
2399 4764 2629 4814 abundat.

346 4886 3675 4924 _____________————————_—_.__________________.

1810 4956 2161 5018 HOMILIA
2204 4959 2231 5018 Ι

351 5112 483 5169 CAP.
520 5113 545 5167 1
602 5127 655 5165 v.
688 5111 737 5164 1.
778 5109 1264 5179 Paulus,ttpostolus
1287 5106 1413 5161 Iesu
1438 5103 1624 5160 Christi
1660 5120 1750 5174 per
1782 5102 1964 5157 volun-

424 5212 591 5257 tatem
641 5201 739 5256 Dci
764 5244 780 5268 ,
831 5203 1018 5255 sanctis
1049 5201 1135 5271 qui
1161 5210 1277 5253 sunt
1309 5198 1501 5268 Ephesi
1526 5239 1540 5259 ,
1573 5204 1617 5249 et
1653 5195 1886 5264 ﬁdelibus
1916 5195 1969 5247 in

424 5294 643 5349 Christo
672 5292 801 5345 Jesu
831 5308 853 5347 :
879 5290 934 5346 Ξ.
985 5291 1154 5362 gratia
1180 5288 1317 5343 vobis
1361 5298 1409 5344 et
1459 5304 1563 5362 pas:
1586 5303 1618 5340 a
1668 5284 1780 5341 Deo
1812 5284 1972 5339 Patre

425 5397 613 5441 nostra
645 5394 696 5441 et
725 5384 943 5438 Domino
983 5382 1113 5437 Jesu
1139 5380 1362 5437 Christo.

430 5483 483 5536 1.
531 5480 681 5535 Ecce
711 5479 873 5543 illud,
913 5496 1021 5548 per,
1050 5478 1199 5534 dedit
1241 5477 1409 5532 Patri.
1450 5476 1588 5543 Quid
1628 5474 1797 5546 ergo’
1822 5474 1971 5530 diee-

358 5587 561 5629 mnsne
590 5586 713 5625 eum
746 5572 1047 5625 minorem?
1088 5571 1325 5625 Minime.
1372 5569 1599 5635 Sanctis,
1648 5567 1848 5638 inquit,
1889 5567 1975 5633 qui

357 5674 477 5716 sunt
512 5661 734 5729 Ephesi,
758 5671 806 5716 et
833 5661 1070 5731 ﬁdelibus
1097 5662 1150 5715 in
1181 5660 1381 5717 Christo
1406 5658 1437 5713 J
1445 5676 1553 5715 esu.
1588 5658 1726 5713 Ecce
1761 5665 1977 5712 sanctos

360 5766 523 5810 vocat
559 5756 709 5809 viros
737 5756 827 5825 qui
870 5755 1071 5810 habent
1102 5763 1156 5810 et
1184 5755 1321 5809 ﬁlios
1357 5764 1411 5808 et
1439 5767 1635 5807 uxores
1664 5760 1718 5807 et
1746 5764 1932 5806 servos
1962 5767 1975 5801 :

365 5861 419 5905 et
478 5848 589 5904 hoc
641 5857 854 5904 constat
910 5865 975 5905 ex
1032 5849 1141 5906 line
1190 5847 1472 5919 epistolas,
1520 5854 1577 5901 ut
1617 5843 1832 5916 quando
1892 5841 1977 5898 di-

2072 5102 2145 5156 cit
2173 5143 2186 5155 .
2216 5101 2457 5158 Mulieres
2485 5103 2606 5157 viris
2634 5105 2740 5159 suis
2780 5105 2881 5160 sint
2906 5102 3166 5172 subdita!)
3204 5118 3260 5163 et
3285 5126 3490 5180 rursus,
3524 5112 3675 5183 Filii,

2075 5194 2269 5248 obedite
2320 5195 2612 5264 parentibus
2660 5198 2876 5262 vestris;
2934 5208 3025 5263 et,
3080 5198 3229 5254 Servi
3256 5241 3270 5263 ,
3320 5201 3515 5258 obedite
3572 5206 3670 5260 do—

2078 5289 2228 5343 minis
2260 5288 2487 5356 (Ephes.
2534 5289 2588 5345 5.
2627 5288 2716 5343 22.
2745 5299 2790 5344 et
2818 5290 2871 5345 6.
2903 5291 2956 5346 1.
2985 5291 3019 5347 5
3051 5293 3091 5362 ).
3148 5292 3457 5363 Cogitemus
3497 5312 3674 5368 quan-

2079 5391 2131 5436 ta
2184 5396 2281 5436 nos
2335 5391 2484 5437 tenet
2531 5383 2818 5450 socordia,
2869 5393 2924 5439 et
2975 5398 3135 5455 quam
3184 5401 3303 5440 rara
3365 5386 3438 5442 Sit
3480 5389 3675 5458 virtus,

2080 5485 2137 5529 et
2166 5484 2400 5545 quantus
2444 5482 2571 5530 tunc
2615 5486 2759 5530 esset
2800 5484 3091 5546 proventus
3125 5477 3391 5535 bonorum
3438 5480 3676 5539 virorum

2084 5575 2140 5621 et
2168 5567 2366 5620 virtute
2406 5564 2788 5636 prmditorum,
2827 5575 2888 5621 ut
2937 5567 3100 5624 etiam
3140 5571 3399 5627 mundani
3438 5587 3535 5628 seu
3571 5589 3681 5631 ste-

2088 5657 2300 5713 eulares
2348 5666 2475 5713 tunc
2526 5658 2698 5713 sancti
2752 5657 3061 5716 dicerentur
3108 5670 3163 5718 et
3232 5662 3442 5720 ﬁdeles.
3506 5663 3688 5722 Gratia

2092 5750 2229 5805 vobis
2254 5760 2301 5804 et
2326 5766 2430 5821 pas:
2467 5766 2498 5804 α
2529 5748 2637 5807 Deo
2658 5750 2817 5807 Patre
2855 5762 3028 5809 nostra
3055 5763 3102 5809 et
3133 5754 3356 5811 Domino
3378 5755 3506 5814 Iesu
3532 5756 3685 5815 Chri-

2102 5852 2199 5898 sto.
2252 5840 2491 5900 Gratiam
2528 5843 2699 5915 dixit,
2739 5852 2793 5902 et
2835 5845 3053 5905 Patrem
3101 5847 3275 5907 Deum
3317 5849 3577 5907 vocavit:
3625 5851 3691 5906 il-
