4140 6500
444 331 501 414 η
1155 336 1213 418 ‘s.
1254 335 1530 418 somnis
1565 333 2041 415 cunrsosrom
2083 334 2402 414 menter.
2443 335 2976 423 cdxsTAN'rtxdr.
3672 352 3742 429 ἠὲ,

441 473 545 531 lius
575 470 723 526 enim
748 470 936 543 gratia:
975 470 1076 527 hoc
1104 482 1187 528 est
1226 473 1501 529 indicium.
1531 471 1854 539 Quomodo?
1898 471 2038 528 Audi

442 581 572 623 cum
600 564 725 620 alibi
754 564 1022 621 dicentem
1058 583 1072 619 :
1108 565 1362 633 Quoniam
1403 572 1575 620 autem
1610 565 1726 620 estis
1756 566 1855 635 filii
1899 560 2039 629 Dei,

439 658 587 714 misit
611 657 752 713 Deus
787 658 1040 728 Spiritum
1066 656 1190 711 Filii
1217 658 1295 711 sui
1315 658 1367 711 in
1395 658 1551 712 corda
1580 668 1743 713 vestra
1768 699 1783 723 ,
1811 655 2043 711 claman-

434 766 562 818 tem,
596 752 733 805 Abba
771 750 927 805 Pater
952 748 1094 823 (Gal.
1123 751 1177 805 4.
1207 749 1286 823 6).
1339 749 1410 804 Ει
1457 750 1667 805 Domini
1713 751 1872 806 nostri
1916 750 2043 805 Iesu

443 840 653 897 Christi.
682 842 906 911 Propter
930 857 1030 898 nos
1056 843 1201 897 enim
1240 841 1484 898 Christus
1520 841 1691 897 factus
1720 851 1802 898 est
1822 884 1838 908 ,
1890 850 1945 897 et
1988 842 2041 897 in

442 929 607 989 carne
633 933 782 987 visus
809 942 911 988 est.
936 934 989 987 5.
1020 931 1329 988 Benedictus
1369 932 1528 999 Deus,
1563 932 1769 1003 inquit,
1797 942 1844 986 et
1883 924 2042 987 Pater

442 1024 653 1078 deini
683 1024 843 1078 nostri
880 1023 1006 1078 Jesu
1032 1023 1242 1079 Christi.
1271 1025 1413 1080 Ecce
1436 1065 1450 1089 ,
1485 1025 1624 1079 Deus
1653 1022 1767 1093 ejus
1798 1024 1888 1093 qui
1920 1038 2041 1078 car-

446 1131 575 1172 nem
609 1117 867 1185 suscepit.
896 1114 1119 1184 Quodsi
1152 1130 1257 1169 nou
1293 1114 1407 1181 vis,
1458 1122 1513 1167 at
1539 1114 1632 1168 Dei
1667 1112 1826 1169 Verbi
1857 1112 2038 1168 Pater.

444 1201 545 1277 Qui
590 1207 843 1263 benedixit
886 1223 981 1262 nos
1027 1207 1080 1261 in
1125 1207 1263 1261 omni
1302 1204 1644 1260 benedictione
1687 1203 1943 1275 spirituali
1989 1204 2042 1258 in

442 1300 722 1357 cwlestibus
760 1299 814 1353 in
842 1296 1068 1355 Christo.
1098 1297 1377 1354 iudaicam
1417 1296 1505 1352 hic
1547 1295 1851 1352 subindicat
1878 1294 2043 1351 bene-

443 1393 733 1448 dictionem
767 1408 781 1445 :
816 1393 939 1445 nam
978 1398 1096 1447 erat
1144 1389 1364 1461 quidem
1403 1388 1741 1456 benedictio,
1790 1387 1886 1443 sed
1931 1402 2039 1442 non

447 1483 763 1553 spiritualis.
797 1481 938 1550 Quid
965 1483 1108 1538 enim
1135 1480 1305 1537 dicit?
1337 1480 1609 1535 Benedicat
1648 1490 1696 1534 te
1733 1479 1906 1549 Deus;
1935 1479 2040 1536 Be-

445 1576 639 1630 nedicet
680 1580 833 1648 {cetus
860 1576 990 1630 uteri
1018 1576 1091 1628 tni
1115 1574 1307 1645 (Num.
1334 1574 1387 1631 6.
1418 1573 1572 1629 Deut.
1598 1575 1652 1629 7.
1686 1572 1800 1647 15),
1834 1574 2041 1629 benedi-

437 1676 520 1722 ,εει
547 1668 811 1721 introitum
838 1677 981 1720 tuum
1009 1675 1058 1721 et
1078 1667 1265 1720 exitum
1286 1677 1446 1721 tuum.
1479 1665 1576 1723 llic
1595 1676 1773 1721 autem
1795 1681 1902 1720 non
1929 1665 2038 1731 sic;

446 1758 543 1815 Sed
572 1759 740 1829 quid?
786 1757 853 1814 In
882 1759 1022 1814 omni
1056 1760 1399 1815 benedictione
1425 1759 1700 1831 spirituali.
1729 1758 1867 1827 Quid
1896 1759 2039 1815 enim

446 1852 624 1919 adhuc
658 1852 752 1908 tibi
784 1851 981 1909 deest?
1009 1851 1208 1907 Factus
1232 1866 1292 1906 es
1319 1851 1656 1916 immortalis,
1687 1849 1860 1905 lactus
1884 1865 1943 1906 es
1978 1850 2043 1904 li-

447 1926 565 2011 ber,
592 1940 765 1998 factus
789 1958 847 1999 es
901 1941 1063 2009 ﬁlius,
1092 1942 1262 1997 iactus
1305 1956 1366 1997 es
1397 1943 1594 2011 justus,
1628 1940 1799 1996 iactus
1832 1955 1893 1996 es
1938 1940 2044 1996 ira-

447 2044 550 2104 ter,
573 2034 744 2090 lactus
772 2049 831 2090 es
856 2030 1083 2090 coheres
1109 2050 1123 2088 :
1151 2032 1309 2087 simul
1340 2047 1553 2104 regnas,
1585 2031 1744 2087 simul
1774 2031 2043 2103 glorillca-

445 2130 560 2185 ris:
593 2128 771 2183 omnia
814 2128 911 2183 tibi
960 2127 1128 2198 gratis
1151 2125 1389 2181 donavit.
1441 2124 1707 2191 Quoinodo
1742 2140 1844 2178 non
1889 2125 2043 2178 etiam

443 2230 562 2272 cum
589 2218 723 2290 ipso,
747 2217 941 2289 inquit,
971 2215 1143 2271 omnia
1180 2210 1323 2270 nobis
1350 2214 1557 2269 donabit
1588 2213 1776 2286 (Rom.
1806 2213 1864 2270 8.
1905 2212 2043 2286 δεμ

447 2302 706 2365 Primitiae
732 2318 834 2365 tute
876 2307 1167 2363 adorantur
1205 2306 1273 2362 ab
1299 2303 1539 2376 angelis,
1569 2321 1600 2361 a
1628 2303 1947 2361 Cherubinls
1988 2313 2045 2361 et

449 2400 768 2474 Seraphinis
796 2418 810 2455 :
843 2400 970 2473 quid
998 2400 1175 2456 adhuc
1203 2399 1400 2456 deest?
1427 2397 1495 2453 In
1536 2399 1673 2453 omni
1702 2398 2045 2454 benedictione

445 2493 725 2565 spirituali.
758 2492 901 2549 Nihil
926 2501 1011 2548 est
1039 2491 1126 2547 hic
1149 2490 1387 2548 carnale.
1424 2490 1713 2561 Propterea
1739 2491 1918 2546 omnia
1954 2490 2043 2546 illa

449 2587 650 2641 exemit
675 2584 893 2649 dicens,
925 2582 991 2638 In
1033 2582 1223 2638 mundo
1262 2597 1553 2653 pressuram
1580 2580 1821 2636 habebitis
1846 2580 2038 2652 (Joan.

451 2677 542 2734 16.
577 2661 694 2749 33),
743 2687 798 2733 ut
827 2677 917 2747 qui
949 2676 1048 2731 n‘os
1074 2675 1142 2730 ad
1185 2674 1303 2730 haec
1343 2673 1577 2730 duxerit.
1607 2671 1742 2728 Nam
1786 2673 1926 2728 sicut
1953 2674 2042 2745 qui

451 2768 717 2824 habebant
742 2767 1000 2835 carnalia,
1032 2764 1334 2837 spiritualia
1387 2765 1575 2820 audire
1614 2780 1720 2820 non
1749 2773 1996 2835 poterant
2025 2782 2040 2819 :

449 2862 525 2916 ita
547 2860 637 2931 qui
663 2869 1027 2931 assequuntur
1051 2857 1375 2929 splritualia,
1406 2866 1469 2912 ea
1497 2871 1605 2912 non
1642 2862 1866 2928 poSsunt
1892 2873 2042 2914 asse-

449 2952 574 3024 qui,
621 2950 723 3006 nisi
764 2951 913 3021 prius
956 2948 1239 3005 discedant
1280 2963 1314 3002 a
1361 2948 1689 3003 carnalibus.
1742 2948 1880 3016 Quid
1924 2958 2042 3017 est,

449 3042 758 3099 benedictio
810 3041 1106 3114 spiritualis
1137 3040 1191 3095 in
1236 3039 1729 3096 caelostilius?Nun
1776 3040 1834 3096 in
1879 3050 2042 3108 terra,

450 3130 666 3204 inquit,
709 3132 849 3188 sicut
885 3130 1027 3203 apud
1074 3130 1292 3187 Judreos
1329 3148 1343 3186 :
1395 3128 1543 3184 Bona
1585 3141 1733 3186 terra:
1779 3133 2047 3187 comedetis

455 3224 608 3295 ('lsai.
643 3226 692 3280 1.
726 3224 852 3295 19);
886 3222 950 3277 In
975 3233 1161 3277 terram
1181 3223 1424 3293 ﬂuentem
1450 3221 1598 3276 melle
1618 3234 1666 3276 ‘et
1688 3223 1818 3276 lacte
1843 3221 2042 3286 (Exod.

452 3321 543 3376 35.
572 3320 626 3389 ὅ)
659 3338 674 3375 :
704 3316 973 3372 Benedicet
1021 3313 1162 3369 Deus
1202 3324 1392 3369 terram
1443 3325 1580 3367 tuam
1614 3312 1800 3383 (l’sai.
1831 3315 1921 3370 84.
1955 3316 2043 3370 15.

451 3414 610 3471 Deut.
660 3412 749 3467 i5.
782 3411 862 3480 4).
908 3409 1005 3464 Hie
1042 3418 1224 3463 autem
1253 3405 1387 3460 nihil
1419 3406 1558 3471 tale;
1596 3405 1689 3461 sed
1739 3406 1907 3477 quid?
1945 3407 2048 3475 Qui

457 3505 625 3578 diligit
654 3518 752 3570 mc,
785 3500 1031 3556 mandata
1075 3514 1186 3553 mea
1227 3497 1463 3563 servabit,
1494 3507 1542 3552 et
1585 3514 1675 3570 ego
1703 3507 1750 3551 et
1780 3498 1938 3555 Pater
1979 3501 2048 3555 απ

454 3616 569 3654 eum
592 3598 865 3661 veniemus,
878 3603 933 3648 'et
951 3591 1267 3646 mansionem
1288 3590 1430 3661 apud
1451 3608 1564 3645 eum
1592 3593 1836 3661 faciemus
1862 3592 2043 3666 (Joa’n.

454 3691 549 3747 14.
576 3689 691 3759 2‘5).
734 3686 835 3754 Qui
863 3684 1007 3739 audit
1035 3684 1143 3737 haec
1170 3697 1281 3735 mea
1305 3681 1474 3748 verba,
1508 3693 1553 3736 et
1583 3700 1641 3735 ea
1672 3685 1882 3753 fecerit,
1919 3686 2046 3738 assi-

454 3783 717 3839 ‘milabitur
762 3780 870 3833 viro
912 3775 1183 3847 prudenti,
1232 3775 1319 3843 qui
1346 3773 1615 3842 wdiﬁcarit
1665 3775 1871 3828 domum
1903 3786 2046 3830 suam

456 3891 614 3947 supra
651 3883 866 3943 petram,
898 3876 945 3921 et
968 3867 1215 3937 [laverunt
1236 3864 1369 3918 venti
1390 3902 1408 3931 ,
1451 3873 1497 3917 et
1524 3874 1762 3917 venerunt
1790 3864 1935 3933 ﬂuuii
1957 3906 1973 3931 ,
2003 3874 2049 3919 et

455 3973 754 4038 irruperunt
800 3963 853 4017 in
879 3961 1087 4015 domum
1121 3956 1296 4022 illam,
1323 3965 1369 4010 et
1397 3972 1498 4009 non
1550 3955 1728 4008 cecidit
1762 3970 1780 4008 :
1831 3956 2049 4024 fundata

460 4061 595 4116 enim
637 4064 745 4111 erat
789 4067 947 4122 supra
990 4052 1192 4120 [iratam
1229 4054 1424 4119 petram
1453 4044 1665 4117 (Matth.
1719 4044 1769 4097 7.
1811 4044 1902 4098 2-1.
1931 4045 2045 4117 ‘35).

456 4151 616 4208 Petra
643 4150 823 4203 autem
868 4156 1113 4214 quamam
1168 4148 1282 4203 est,
1332 4137 1436 4191 nisi
1487 4150 1574 4190 res
1619 4135 1883 4202 emlestcs,
1928 4151 2050 4206 qua:

458 4250 588 4297 sunt
615 4237 926 4308 superiores
947 4233 1134 4304 quavis
1160 4227 1507 4285 mutatione?
1537 4227 1639 4294 Qui
1665 4229 1806 4281 enim
1852 4231 2048 4298 confes-

460 4351 547 4389 sus
570 4349 650 4386 me
679 4328 853 4403 fuerit,
886 4325 1079 4392 inquit,
1111 4338 1284 4377 coram
1328 4319 1644 4383 hominibus,
1686 4317 1961 4384 con/itebor
2001 4328 2050 4371 et

453 4440 551 4500 rgo
570 4439 685 4480 eum
710 4436 881 4477 coram
916 4417 1074 4471 Patre
1101 4428 1211 4469 meo
1236 4412 1320 4483 qui
1342 4422 1414 4466 est
1437 4414 1488 4465 in
1537 4408 1696 4463 (telis.
1730 4407 1795 4461 Et
1822 4408 2052 4477 quicum.

458 4537 555 4592 que
581 4535 659 4575 me
687 4512 938 4584 negaverit
963 4553 977 4578 ,
1012 4524 1103 4580 ego
1132 4520 1325 4575 quoque
1353 4513 1466 4558 cum
1488 4502 1678 4570 negabo
1710 4500 1928 4571 (Matth.
1956 4500 2044 4557 10.

462 4614 552 4671 52.
590 4608 703 4683 5'5).
733 4609 798 4663 Et
828 4617 1016 4661 rursus
1040 4620 1053 4655 :
1085 4600 1231 4656 Beati
1257 4596 1448 4652 ntundo
1468 4595 1639 4662 corde,
1668 4594 1907 4665 quoniam
1950 4595 2050 4664 ipsi

458 4702 626 4762 Deum
659 4700 894 4757 videbunt
929 4694 1143 4767 (Matth.
1175 4693 1229 4748 5.
1263 4690 1356 4762 8);
1388 4697 1445 4745 et
1469 4688 1695 4752 iterum,
1745 4686 1892 4740 Beati
1919 4696 2049 4756 pau-

454 4802 603 4871 peres
626 4794 843 4868 spiritu,
894 4788 1133 4860 quoniam
1163 4788 1392 4855 ipsorum
1439 4790 1513 4836 est
1555 4796 1763 4851 regnum
1811 4781 2048 4835 ctelorunt

456 4889 621 4963 (Ibid.
652 4903 699 4942 υ.
733 4882 822 4954 ’5);
854 4889 910 4938 et
944 4891 1152 4943 rursus,
1176 4874 1322 4930 Beati
1344 4874 1430 4944 qui
1474 4872 1907 4944 persequutionem
1955 4890 2050 4942 pa-

462 4986 654 5038 tiuntur
695 4986 900 5051 propter
930 4972 1222 5045 justitiam,
1260 4966 1501 5038 quoniam
1532 4982 1715 5020 merces
1758 4976 1919 5019 ucstra
1962 4974 2047 5021 co:-

459 5075 604 5148 piosit
640 5082 713 5128 est
750 5071 807 5125 in
832 5055 1165 5138 cielis'(lbid.
1196 5077 1246 5116 υ.
1272 5057 1385 5131 10).
1413 5057 1575 5113 Vides
1618 5057 1813 5128 ubique
1858 5058 2043 5123 Ctl‘lOS‘,

456 5179 720 5239 nusquam
750 5173 978 5223 terram,
1013 5162 1187 5225 neque
1226 5166 1346 5222 qua:
1386 5159 1510 5205 sunt
1537 5150 1588 5203 in
1634 5159 1794 5204 terra.
1829 5149 1897 5203 Et
1924 5165 2044 5204 rur-

451 5277 546 5318 sus
580 5277 593 5312 :
621 5254 818 5311 Nostra
834 5246 1158 5305 ‘conversatio
1202 5252 1276 5298 est
1305 5242 1358 5297 in
1384 5241 1545 5308 caelis,
1577 5242 1713 5295 unde
1743 5241 1893 5294 etiam
1924 5240 2043 5297 Sul-

452 5362 681 5408 uutorem
726 5351 1075 5415 exspectamus
1119 5336 1400 5391 Dominum
1446 5333 1624 5389 Jesum
1668 5332 1938 5404 (Philipp.
1987 5335 2041 5389 ’5.

451 5441 546 5497 20.
581 5438 674 5510 19)
733 5437 803 5492 Et
825 5446 1034 5497 rursus,
1068 5427 1184 5484 Non
1216 5437 1431 5483 terrena
1472 5425 1766 5496 sapientes,
1797 5425 1892 5480 sed
1923 5441 2042 5494 qua:

453 5544 583 5587 sunt
609 5530 665 5585 in
686 5526 854 5585 caelis.
887 5523 957 5578 1n
985 5521 1186 5577 Christo
1209 5517 1358 5575 Iesu.
1386 5516 1500 5572 Hoc
1516 5527 1626 5584 est,
1647 5531 1747 5586 per
1769 5515 2040 5571 Christum

451 5598 676 5688 desum,
695 5633 802 5675 non
831 5631 925 5688 per
952 5613 1171 5686 Moysen
1199 5618 1315 5668 erat
1355 5610 1472 5665 haec
1507 5607 1829 5665 bcnctﬁctio.
1866 5609 2043 5674 Quare

454 5731 563 5771 non
593 5711 767 5770 solum
795 5708 1072 5781 qualitate,
1116 5703 1212 5760 sed
1240 5701 1402 5759 etiam
1430 5700 1787 5757 intercessore
1816 5697 2039 5753 excelli-

450 5821 600 5866 mus.
626 5806 784 5864 Sicut
807 5803 970 5861 etiam
998 5798 1128 5858 dicit
1153 5797 1206 5856 in
1233 5793 1475 5869 EpiStola
1512 5791 1579 5850 ad
1608 5792 1863 5848 uehi-mos
1911 5808 1924 5844 :
1970 5788 2038 5844 Et

2158 473 2362 547 Moyses
2385 477 2588 547 quidem
2614 468 2782 548 [idelis
2805 480 2860 535 in
2891 491 2995 536 tota
3038 481 3190 538 domo
3211 498 3323 551 sua,
3350 484 3481 542 sicut
3511 491 3747 548 minister

2149 568 2202 622 in
2226 570 2567 625 testimonium
2595 588 2768 627 eorum
2797 585 2910 644 qua:
2933 589 3077 630 erant
3106 578 3320 634 dicenda
3344 597 3363 634 :
3390 582 3620 639 Christus
3647 603 3739 639 au-

2151 670 2248 716 tem
2275 671 2534 733 tamquam
2563 665 2702 731 ﬁlius
2741 684 2897 737 super
2922 668 3128 723 donmm
3156 688 3318 737 suam,
3366 676 3514 747 cujus
3557 678 3740 734 domus

2149 767 2325 806 sumus
2351 769 2442 808 nos
2463 753 2650 825 (Hebr.
2684 758 2736 813 5.
2764 758 2818 815 5.
2848 757 2928 830 6).
2961 761 3016 816 4.
3050 760 3197 816 Sicut
3233 766 3381 835 elegit
3411 783 3503 821 nos
3532 769 3585 821 in
3628 770 3740 840 ipso

2150 853 2267 897 ante
2305 847 2481 900 mundi
2520 849 2957 918 constitutionem,
2992 862 3051 907 ut
3101 866 3320 911 essemus
3346 860 3511 913 sancti
3551 870 3599 915 et
3642 863 3738 915 int-

2150 937 2394 992 maculati
2411 938 2464 992 in
2494 950 2765 1012 conspectu
2791 944 2921 1015 ejus.
2952 944 3064 1001 Hoc
3085 956 3166 1001 est
3192 949 3372 1004 autem
3400 950 3539 1020 quod
3567 950 3697 1007 dicit
3722 971 3734 1006 :

2149 1029 2253 1085 P‘cr
2278 1047 2437 1102 quem
2466 1047 2566 1088 nos
2592 1033 2900 1101 benedixit,
2933 1052 3032 1108 per
3059 1054 3180 1094 eum
3220 1042 3381 1096 etiam
3410 1043 3589 1115 elegit.
3619 1045 3738 1115 Ipse

2147 1137 2277 1193 ergo
2300 1120 2456 1179 nobis
2487 1124 2597 1180 illic
2623 1126 2802 1182 omnia
2827 1127 3048 1185 donabit
3080 1149 3093 1185 :
3125 1132 3240 1201 ipse
3261 1142 3344 1188 est
3362 1133 3555 1200 Judex,
3579 1146 3634 1191 et
3654 1137 3737 1191 di-

2147 1222 2235 1267 cet
2257 1232 2269 1267 :
2291 1212 2478 1281 Venite,
2499 1215 2747 1271 benedicti
2757 1216 2933 1273 Patris
2945 1220 3063 1287 mei,
3084 1223 3333 1291 possidete
3348 1236 3582 1295 paratum
3599 1227 3736 1283 vobis

2146 1314 2356 1377 regnum
2377 1316 2410 1361 α
2438 1310 2795 1365 constitutione
2836 1312 3015 1366 mundi
3054 1312 3267 1386 (Matth.
3300 1317 3353 1370 1.
3384 1316 3476 1372 25.
3505 1318 3649 1390 54):
3681 1330 3736 1374 et

2147 1412 2353 1466 rursus,
2404 1398 2503 1455 Ubi
2532 1418 2644 1455 sunt
2672 1418 2797 1472 ego,
2839 1404 2952 1459 volo
2982 1413 3034 1459 ut
3074 1405 3128 1460 hi
3168 1423 3364 1479 quoque
3404 1411 3506 1464 sint
3552 1409 3732 1482 (Joun.

2147 1489 2234 1544 17.
2261 1490 2378 1562 et).

2216 1581 2271 1636 2.
2304 1582 2372 1638 Et
2397 1582 2451 1638 in
2476 1585 2725 1641 omnibus
2752 1585 2865 1643 fere
2889 1589 3131 1660 epistolis
3178 1591 3362 1648 Studet
3409 1592 3512 1649 hoc
3554 1605 3736 1650 osten-

2144 1674 2275 1729 dere
2294 1716 2309 1742 ,
2338 1676 2481 1746 quod
2514 1682 2697 1733 noStra
2726 1688 2833 1734 non
2863 1681 2973 1735 sint
3002 1683 3236 1737 recentia
3258 1725 3274 1751 ,
3318 1683 3413 1741 sed
3450 1685 3562 1755 jam
3605 1687 3733 1742 olim

2145 1768 2423 1824 eil'ormata
2453 1771 2562 1826 sint
2586 1780 2641 1827 et
2660 1786 2911 1843 caprcssa
2936 1791 2952 1841 ;
2994 1788 3168 1846 neque
3189 1792 3254 1830 ex
3278 1793 3343 1832 eo
3382 1778 3524 1848 quod
3564 1779 3731 1834 Deum

2148 1861 2484 1930 paenituerit,
2516 1862 2612 1918 scd
2632 1878 2720 1919 res
2767 1865 2840 1920 ita
2878 1864 3078 1921 fuerint
3122 1867 3446 1937 dispensata:
3489 1879 3545 1924 ct
3594 1886 3730 1939 prm-

2147 1952 2447 2010 destinane.
2479 1954 2593 2012 lloc
2616 1964 2797 2012 autem
2826 1966 2909 2013 est
2955 1959 3138 2014 multae
3181 1959 3554 2030 providentiae.
3594 1954 3734 2030 Quid

2147 2052 2230 2099 est
2253 2085 2268 2110 ,
2298 2044 2464 2116 Elegit
2495 2046 2548 2100 in
2579 2047 2690 2117 ipso
2711 2047 2739 2101 ξ)
2772 2046 2874 2103 l’er
2900 2048 3058 2103 iidem
3085 2049 3137 2103 in
3165 2049 3340 2120 ipsum
3367 2044 3611 2106 Christus
3634 2053 3737 2108 hoc

2145 2135 2403 2207 prteclare
2427 2138 2924 2208 gessitpriusquam
2969 2138 3094 2195 lacti
3133 2150 3411 2209 essemus,
3457 2142 3566 2197 imo
3608 2146 3741 2200 vero

2147 2227 2454 2297 priusquam
2499 2230 2821 2284 constitutus
2861 2240 3006 2285 esset
3042 2230 3295 2286 mundus.
3345 2232 3512 2288 Recte
3556 2241 3735 2288 autent

2145 2321 2581 2379 constitutionem
2621 2322 2907 2393 appellavit
2951 2331 3220 2386 καταϐολὴν
3253 2365 3270 2391 ,
3318 2324 3369 2378 id
3413 2334 3534 2389 est,
3591 2326 3738 2394 deje-

2145 2412 2400 2479 ctiOnem,
2424 2423 2693 2485 tamquam
2714 2428 2744 2468 a
2772 2429 2959 2485 magna
2980 2415 3155 2487 aliqua
3175 2415 3453 2472 altitudine
3470 2415 3735 2486 dcjcctum

2148 2505 2319 2574 ipsum
2344 2504 2653 2562 ostendens.
2682 2505 2869 2576 Magna
2897 2505 3041 2562 enim
3071 2516 3151 2562 est
3177 2547 3193 2574 ,
3224 2517 3280 2561 et
3316 2522 3435 2577 qua:
3475 2507 3580 2562 dici
3628 2525 3733 2563 non

2147 2605 2343 2667 potest,
2368 2597 2463 2653 Del
2489 2593 2910 2663 altitudo,'non
2955 2599 3114 2667 loco,
3156 2598 3251 2655 sed
3297 2600 3438 2670 quod
3490 2601 3738 2671 superius

2147 2698 2330 2745 erecta
2360 2690 2431 2744 sit
2458 2690 2578 2760 ejus
2603 2699 2830 2757 natura;
2878 2699 2935 2746 et
2976 2705 3230 2760 magnum
3274 2700 3357 2746 est
3392 2692 3738 2747 interstitium

2148 2781 2287 2837 inter
2312 2796 2427 2837 rem
2454 2790 2691 2838 creatam
2721 2790 2777 2838 ct
2802 2790 3125 2838 creatorem.
3175 2783 3511 2838 Erubescaut
3562 2784 3737 2840 lia-re-

2150 2873 2237 2928 tici
2269 2872 2347 2942 (a)
2381 2876 2495 2926 lucc
2520 2871 2825 2927 audientes.
2849 2870 2989 2937 Quid
3026 2876 3208 2929 autem
3259 2872 3462 2942 elegit?
3503 2871 3572 2928 Ut
3606 2888 3739 2928 esse-

2148 2981 2260 3019 mus
2283 2964 2448 3019 sancti
2472 2964 2856 3019 ethnmaculati
2892 2965 2946 3018 in
2978 2974 3251 3033 conspectu
3298 2967 3434 3036 ejus.
3487 2966 3566 3022 Ne
3609 2983 3739 3039 ergo

2148 3055 2371 3111 audiens
2397 3056 2539 3127 quod
2565 3055 2789 3127 elegerit
2806 3097 2821 3122 ,
2863 3057 3021 3112 ﬁdem
3051 3057 3222 3112 solam
3250 3058 3501 3116 sufﬁcere
3546 3071 3697 3131 putes
3720 3102 3737 3129 ,

2149 3151 2311 3205 vitam
2356 3150 2517 3207 etiam
2574 3150 2724 3207 addit
2755 3168 2772 3207 :
2800 3151 3136 3223 Propterea,
3186 3154 3391 3225 inquit,
3434 3171 3534 3212 nos
3580 3159 3740 3230 elegit

2148 3244 2310 3299 etiam
2337 3243 2402 3299 ad
2431 3243 2535 3299 hoc
2552 3283 2568 3310 ,
2601 3253 2659 3299 ut
2685 3258 2930 3300 essemus
2955 3245 3127 3301 sancti
3155 3256 3212 3302 et
3239 3247 3587 3302 immaculati.
3612 3249 3739 3305 Ele-

2148 3338 2225 3409 git
2268 3338 2432 3394 etiam
2476 3336 2769 3407 aliquando
2817 3336 3053 3393 Judmos.
3100 3337 3432 3406 Quomodo?
3479 3339 3734 3405 Gentem,

2150 3431 2355 3502 inquit,
2404 3430 2542 3485 hanc
2587 3430 2747 3501 elegit
2790 3445 2856 3486 ex
2896 3430 3146 3501 gentibus
3174 3432 3192 3499 (
3217 3430 3370 3485 Dent.
3398 3432 3452 3488 7.
3493 3431 3547 3487 6.
3574 3444 3619 3486 et
3653 3435 3736 3489 14.

2149 3524 2185 3578 9.
2204 3526 2248 3595 ).
2275 3522 2331 3579 Si
2359 3531 2539 3579 autem
2578 3521 2826 3578 homines
2852 3522 3114 3592 eligentes
3142 3538 3261 3591 qua:
3287 3532 3411 3577 sunt
3446 3525 3645 3594 optima
3688 3535 3742 3580 et

2153 3615 2511 3687 pulcherrima
2532 3615 2735 3684 eligunt
2757 3652 2774 3680 ,
2805 3613 2971 3668 multo
3000 3613 3171 3681 magis
3201 3612 3361 3668 Deus.

2224 3707 2403 3762 Sancti
2425 3707 2632 3775 quinam
2653 3719 2766 3758 uere
2784 3703 2904 3756 sint.
2930 3710 3002 3741 -‘—
3024 3702 3238 3758 Electos
3258 3719 3470 3774 quoque
3494 3718 3634 3772 esse,
3659 3714 3742 3761 est

2155 3807 2210 3852 et
2236 3797 2328 3853 Dei
2353 3793 2697 3866 benignitatis
2723 3807 2787 3849 ac
2811 3792 3111 3848 clementia:
3154 3802 3208 3847 et
3246 3793 3486 3863 ipsorum
3527 3795 3740 3851 virtutis

2152 3887 2453 3944 indicium:
2492 3884 2712 3941 omnino
2758 3883 2900 3940 enim
2957 3883 3206 3954 probatos
3265 3884 3462 3955 elegit,
3520 3884 3741 3956 ipseque

2157 3997 2256 4037 nos
2288 3981 2410 4036 fecit
2439 3988 2685 4043 sanctos;
2719 3976 2813 4033 sed
2836 3976 3046 4046 oportet
3085 3991 3299 4030 manere
3339 3984 3572 4031 sanctos.
3600 3976 3739 4032 San-

2153 4086 2273 4131 ctus
2300 4082 2385 4129 est
2412 4073 2501 4143 qui
2530 4080 2612 4126 est
2632 4072 2902 4141 particeps
2930 4068 3072 4136 ﬁdei,
3102 4068 3193 4139 qui
3221 4070 3307 4124 'est
3333 4068 3733 4135 imtuaculatus,

2152 4166 2246 4238 qui
2273 4165 2436 4221 vitam
2466 4162 2625 4218 habet
2648 4164 2701 4217 in
2728 4177 2887 4234 quam
2911 4160 3056 4215 nulla
3078 4160 3219 4215 cadit
3242 4160 3613 4230 reprehensio.
3633 4160 3740 4216 Sed

2153 4276 2261 4315 non
2293 4257 2494 4312 tantum
2528 4255 2721 4325 quaerit
2761 4253 3137 4318 sanctitatem,
3190 4260 3245 4306 et
3288 4254 3347 4306 tit
3394 4252 3523 4306 nulli
3570 4251 3741 4307 simus

2153 4350 2345 4405 attines
2372 4345 2804 4416 reprehensioni,
2837 4345 2932 4400 sed
2968 4354 3024 4398 ut
3050 4359 3232 4397 coram
3256 4342 3377 4412 ipso
3402 4344 3537 4398 talcs
3576 4360 3743 4415 appa-

2152 4456 2388 4497 reamus.
2415 4438 2555 4495 Sunt
2578 4437 2722 4492 enim
2748 4434 2919 4491 sancti
2945 4444 2998 4490 et
3023 4432 3346 4488 immaculati
3369 4474 3384 4498 ,
3412 4433 3506 4488 sed
3536 4435 3625 4503 qui
3664 4435 3742 4489 sic

2152 4534 2528 4589 existimantur
2554 4530 2622 4585 ab
2648 4529 2986 4594 hominibus,
3031 4526 3120 4597 qui
3151 4534 3276 4580 sunt
3312 4524 3517 4581 similes
3555 4526 3739 4596 sepul-

2152 4623 2263 4683 cris
2288 4620 2584 4689 dealbatis,
2624 4623 2773 4678 Velut
2799 4620 2891 4691 qui
2938 4619 3107 4690 pelles
3142 4616 3340 4672 habent
3383 4617 3582 4671 o't'i‘um.
3632 4618 3739 4673 S‘ed

2154 4736 2260 4775 non
2303 4716 2498 4789 qua-rit
2549 4715 2720 4781 tales,
2779 4727 2967 4768 verum
3015 4711 3204 4782 quales
3246 4710 3376 4764 dicit
3438 4710 3738 4779 propheta,

2153 4812 2221 4866 lit
2251 4809 2531 4866 secundum
2559 4807 2833 4879 puritatem
2855 4821 3099 4859 manuum
3135 4820 3363 4858 mearum
3410 4801 3595 4874 (Psal.
3646 4803 3735 4857 l'i.

2150 4902 2280 4974 ‘25).
2335 4898 2677 4969 Quamnam?
2719 4896 2926 4965 Quicrit
2974 4895 3312 4951 sanctitatem
3372 4909 3491 4964 qua:
3542 4904 3626 4947 est
3683 4892 3737 4947 in

2151 5001 2445 5063 conspectu
2475 4989 2753 5044 oculorum
2784 4987 2937 5058 ejus,
2985 5002 3143 5057 quam
3192 4985 3287 5039 Dei
3338 4984 3485 5038 videt
3523 4984 3734 5040 oculus.

2156 5085 2357 5141 Ilorum
2394 5083 2648 5154 praeclara
2675 5090 2825 5152 gesta
2850 5079 3025 5144 dixit,
3065 5089 3119 5133 et
3162 5092 3348 5154 rtn'sus
3396 5076 3461 5131 ad
3510 5076 3735 5146 gratiam

2151 5142 2409 5235 ascendit-
2420 5180 2474 5232 et
2502 5178 2579 5230 ait
2607 5192 2619 5228 :
2652 5174 2718 5228 In
2744 5174 2961 5228 caritate
2980 5213 2996 5238 ,
3023 5172 3077 5227 5.
3106 5171 3193 5240 qui
3215 5142 3589 5239 praedestinavit
3625 5177 3733 5221 nos.

2149 5274 2267 5329 Non
2299 5272 2441 5327 enim
2466 5268 2877 5325 li'talabt)ribus
2918 5274 2971 5319 et
3017 5266 3210 5334 gestis,
3250 5262 3345 5317 sed
3396 5277 3425 5316 a
3471 5263 3735 5326 caritate;

2152 5379 2326 5434 neque
2359 5378 2388 5416 a
2417 5361 2644 5417 caritate
2671 5359 2844 5415 solum
2867 5398 2882 5422 ,
2908 5355 3002 5411 sed
3030 5355 3191 5410 etiam
3220 5369 3248 5407 a
3297 5363 3477 5409 nostra
3518 5353 3733 5408 virtute.

2150 5454 2283 5510 Nam
2309 5454 2353 5507 si
2386 5468 2414 5508 a
2439 5451 2671 5507 ‘caritate
2696 5449 2831 5515 sola,
2857 5454 3133 5517 oporteret
3151 5459 3340 5501 omnes
3365 5458 3485 5500 esse
3514 5445 3692 5499 salvos
3717 5458 3732 5496 :

2149 5549 2192 5605 si
2220 5558 2398 5602 autem
2432 5550 2619 5600 rursus
2644 5558 2677 5598 a
2705 5552 2885 5597 noStra
2916 5540 3030 5595 sola
3053 5538 3271 5607 virtute,
3296 5540 3734 5608 supervacaucu's

2150 5639 2339 5697 fuisset
2365 5636 2481 5707 ejus
2511 5633 2792 5699 adventus,
2822 5636 2878 5688 et
2901 5643 3255 5702 quaecumque
3297 5628 3431 5685 facta
3472 5638 3597 5684 sunt
3640 5630 3734 5696 per

2208 5796 2283 5858 (α)
2309 5792 2589 5844 ttanichteos
2608 5788 2687 5839 hic
2704 5795 2880 5840 notare
2898 5784 3109 5839 videtur.
