4140 6526
438 412 507 474 is
1376 412 1445 477 IN
1482 408 1703 479 Epist.
1746 414 1841 479 AD
1880 410 2127 479 nptias.
2168 414 2320 483 CAP.
2368 424 2409 484 ι.
2453 424 2688 487 nomn.
2730 430 2774 487 t.
3686 446 3750 502 ιι

426 535 924 607 dispensationem.
960 525 1070 591 Sed
1093 532 1270 606 neque
1291 551 1321 590 a
1345 536 1458 591 sola
1486 538 1713 607 caritate
1741 577 1754 603 ,
1800 552 1975 617 neque
2011 552 2041 591 a

432 640 619 685 nostra
670 628 906 694 virtute,
957 628 1052 683 sed
1090 645 1156 684 ex
1200 629 1466 700 utrisque.
1514 628 1682 702 Elegit
1726 631 1871 685 enim
1913 647 2039 696 nos,

432 733 611 795 inquit
644 742 658 777 :
688 724 780 793 qui
810 730 993 778 autem
1019 723 1203 794 eligit,
1232 724 1336 779 scit
1358 724 1485 795 quid
1508 726 1690 795 eligat.
1719 724 1785 779 In
1806 724 2039 788 caritate,

432 817 627 886 inquit,
663 816 1045 887 praedestinavit
1072 834 1183 871 nos.
1219 817 1433 873 Nullum
1463 819 1608 872 enim
1637 818 1846 871 salvum
1874 818 2039 874 fecis-

426 918 514 963 Set
540 908 735 975 virtus,
769 908 873 962 nisi
902 918 1048 964 esset
1076 910 1295 965 caritas.
1345 905 1514 977 Nam,
1563 909 1653 966 dic
1695 910 1861 976 mihi,
1910 910 2038 981 quid

428 1000 727 1069 profuisset
756 1000 946 1067 Paulo,
978 1012 1031 1056 et
1058 1001 1186 1072 quid
1217 1001 1486 1057 effecisset
1509 1043 1525 1066 ,
1558 1003 1658 1058 nisi
1692 1003 1866 1073 ipsum
1910 1012 2038 1058 evo-

423 1104 609 1149 casse!
634 1110 664 1148 e
690 1094 921 1163 superis,
951 1102 1006 1149 et
1031 1094 1288 1150 dilectum
1305 1093 1372 1150 ad
1398 1111 1457 1151 se
1480 1096 1774 1154 traxisset?
1797 1097 2035 1167 alioquin

424 1194 637 1253 autem,
668 1186 813 1256 quod
838 1197 945 1242 tam
979 1188 1162 1242 multis
1187 1186 1437 1258 dignatus
1475 1188 1576 1254 sit,
1617 1189 1858 1243 caritatis
1898 1189 1995 1243 fuit
2017 1229 2034 1256 ,

425 1293 538 1333 non
570 1288 771 1333 nostra:
802 1278 1038 1333 virtutis.
1074 1277 1205 1333 Nam
1236 1278 1400 1335 fuisse
1417 1280 1588 1337 bonos
1607 1291 1661 1336 et
1683 1281 1878 1336 virtute
1901 1296 2038 1350 pra--

424 1374 573 1429 ditos
617 1383 674 1429 ει
712 1373 1020 1429 credidisse
1064 1381 1122 1428 et
1164 1374 1504 1440 accessisse,
1555 1374 1655 1429 fuit
1684 1374 1786 1430 hoc
1812 1372 2033 1445 quidem

425 1464 547 1534 ejus
576 1465 668 1535 qui
701 1465 951 1530 vocavit,
985 1465 1079 1521 sed
1103 1474 1346 1521 nostrum
1373 1482 1587 1538 quoque
1621 1484 1635 1521 :
1666 1468 1811 1538 quod
1850 1478 2031 1523 autem

422 1571 551 1614 cum
580 1558 1003 1615 acccssissemus
1027 1569 1134 1615 tam
1152 1562 1335 1617 multis
1356 1561 1605 1633 dignatus
1626 1563 1696 1617 sit
1714 1562 2030 1626 honoribus,

422 1662 483 1704 ut
528 1650 816 1705 Confestim
852 1667 918 1705 ex
971 1651 1248 1708 inimicitia
1280 1652 1504 1709 duceret
1539 1653 1607 1709 ad
1651 1654 1884 1709 filiorum
1931 1654 2030 1708 ad-

422 1743 700 1811 optionem
721 1782 737 1810 ,
767 1753 852 1799 est
902 1756 963 1800 re
989 1758 1114 1802 vera
1142 1747 1517 1817 cxsuperantis
1541 1748 1802 1804 caritatis.
1838 1749 1940 1816 Qui
1980 1750 2032 1802 in

421 1837 659 1902 raritate,
692 1836 888 1907 inquit,
921 1839 1301 1909 praedestinavit
1334 1852 1427 1893 nos
1454 1840 1509 1893 in
1536 1841 1865 1911 adeptionem
1889 1841 2030 1910 ﬁlio-

421 1938 537 1981 rum
585 1945 677 1997 per
718 1927 900 1983 Iesum
948 1928 1206 1985 Christum
1253 1932 1307 1985 in
1350 1932 1537 2002 ipsum.
1573 1932 1735 1988 Vides
1760 1933 2032 2004 quomodo

426 2021 558 2075 nihil
589 2022 708 2077 sine
736 2021 995 2077 Christo?
1024 2023 1297 2093 quomodo
1342 2024 1474 2079 nihil
1520 2025 1637 2080 sine
1685 2026 1887 2081 Patre?
1936 2026 2031 2081 Ille

424 2113 864 2183 praedestinavit,
899 2116 986 2170 hic
1013 2115 1255 2172 adduxit.
1291 2118 1357 2172 Et
1404 2116 1519 2173 haec
1564 2120 1714 2188 ponit
1763 2121 2029 2175 extollens

416 2223 541 2277 qua:
571 2207 711 2262 facta
741 2216 901 2275 sum,
934 2209 1069 2263 sicut
1098 2210 1261 2264 etiam
1306 2210 1438 2266 dicit
1482 2211 1611 2266 alibi
1643 2229 1657 2266 :
1694 2211 1816 2266 Non
1863 2214 2027 2267 solum

417 2309 610 2361 autem,
642 2300 734 2353 sed
757 2300 908 2354 etiam
937 2301 1221 2371 gloriamur
1251 2320 1341 2372 per
1369 2302 1649 2359 υυηιὺιωη
1674 2316 1905 2361 nostrum
1929 2306 2025 2362 Je-

416 2402 533 2447 sum
562 2391 825 2447 Christum
866 2392 1062 2463 (Rom.
1113 2396 1167 2451 5.
1218 2396 1346 2467 11).
1393 2397 1525 2452 Nam
1575 2413 1767 2470 magna
1808 2400 2023 2470 quidem

414 2495 543 2540 sunt
568 2501 690 2556 quae
719 2485 844 2541 data
874 2496 1029 2552 sunt,
1060 2490 1229 2544 multo
1255 2500 1434 2546 autem
1469 2491 1604 2555 fiunt
1629 2492 1854 2562 majora,
1883 2494 2023 2563 quod

414 2577 540 2632 data
571 2580 681 2633 sint
711 2594 809 2650 per
837 2579 1146 2647 Christum;
1181 2582 1320 2651 quod
1352 2600 1455 2639 non
1483 2586 1790 2655 quempiam
1820 2594 1884 2641 ex
1912 2601 2025 2641 Sero

412 2670 500 2725 vis
525 2670 732 2726 miserit
758 2671 826 2727 ad
859 2688 1072 2739 servos,
1101 2673 1197 2729 sed
1226 2674 1400 2744 ipsum
1432 2675 1797 2747 Unigenitum.
1828 2678 2025 2732 Secun-

411 2764 539 2817 dum
586 2767 929 2835 prepositum,
982 2767 1174 2836 inquit,
1208 2769 1486 2823 voluntatis
1514 2785 1644 2833 sum;
1671 2770 1725 2825 id
1758 2781 1862 2838 est,
1894 2788 2022 2840 pro-

413 2864 602 2925 pterea
630 2857 774 2927 quod
807 2859 965 2914 valde
994 2860 1141 2914 velit.
1187 2861 1301 2916 Hoc
1324 2871 1427 2925 est,
1463 2874 1519 2917 ut
1549 2864 1620 2918 ita
1656 2866 1829 2920 dicam
1856 2899 1871 2931 ,
1904 2866 2022 2935 ejus

409 2946 767 3003 desiderium.
802 2949 1013 3020 Ubique
1064 2952 1207 3007 enim
1254 2956 1447 3008 εὐδοκία
1476 2953 1620 3026 (hoc
1666 2958 1811 3011 enim
1864 2972 2025 3013 voca-

408 3040 601 3096 bulum
636 3040 724 3097 hic
765 3054 993 3112 usurpat
1022 3043 1261 3117 Paulus)
1292 3055 1376 3101 est
1406 3047 1654 3103 voluntas
1688 3051 1942 3121 princeps
1968 3061 2023 3106 ct

408 3148 536 3205 qua:
561 3136 820 3205 prtuccdit
843 3155 855 3189 :
877 3147 961 3192 est
986 3138 1129 3194 enim
1157 3140 1317 3193 etiam
1345 3140 1447 3195 alia
1476 3142 1729 3199 Voluntas
1760 3160 1773 3199 :
1807 3153 2017 3215 utpote,

408 3231 663 3285 voluntas
689 3231 860 3301 prima
907 3242 1011 3300 est,
1045 3242 1105 3287 ut
1132 3248 1240 3287 non
1275 3243 1498 3304 pereant
1539 3236 1632 3307 qui
1680 3252 1971 3307 pecearunt
2001 3256 2016 3294 :

408 3323 664 3378 Voluntas
705 3325 940 3380 secunda
972 3336 1073 3393 est,
1109 3336 1166 3381 ut
1189 3328 1278 3398 qui
1309 3327 1433 3383 l'acti
1462 3339 1589 3384 sunt
1615 3330 1740 3385 mali
1770 3342 2013 3402 pereant.

404 3405 531 3475 Non
575 3419 720 3473 enim
773 3434 869 3476 eos
912 3422 1138 3491 castigat
1166 3422 1461 3477 necessitas
1483 3462 1498 3489 ,
1529 3423 1623 3479 sed
1657 3426 1928 3481 voluntas.
1962 3427 2015 3481 id

408 3509 575 3564 etiam
609 3510 792 3566 videre
843 3511 973 3567 licet
1024 3512 1076 3567 in
1104 3513 1290 3578 Paulo,
1322 3523 1380 3568 ut
1421 3516 1638 3584 quando
1681 3516 1831 3584 dicit,
1889 3516 2016 3572 Volo

407 3616 588 3654 omnes
632 3602 862 3656 homines
910 3616 1019 3657 esse
1062 3605 1193 3658 sicut
1221 3605 1472 3676 meipsum
1497 3613 1519 3672 ξ
1542 3615 1596 3661 ει
1624 3622 1813 3662 rursus
1838 3649 1853 3672 ,
1892 3607 2017 3663 Volo

400 3694 640 3765 juniores
676 3695 882 3759 nubere,
940 3696 1076 3765 ﬁlios
1128 3698 1441 3768 procreare(
1476 3699 1528 3753 ιδ
1578 3696 1699 3754 Cor.
1742 3698 1794 3754 7.
1846 3700 1909 3759 7;
1963 3702 2013 3756 i.

408 3785 549 3840 Tim.
584 3787 639 3842 5.
672 3786 796 3858 14).
822 3790 1058 3842 Εὺδοχιαιν
1084 3804 1213 3859 ergo
1241 3790 1468 3859 primam
1494 3790 1625 3845 dicit
1650 3792 2013 3860 voluntatem,

408 3878 558 3933 illam
589 3895 709 3948 qua!
736 3888 820 3933 est
864 3879 1159 3936 vehemens
1186 3889 1242 3936 et
1261 3881 1536 3938 desiderio
1570 3882 1757 3953 juncta
1791 3899 2017 3954 persua-

406 3972 623 4025 sionem
657 3988 671 4024 :
705 3986 813 4026 non
866 3970 1012 4025 enim
1062 3973 1327 4027 recusabo
1366 3973 1602 4028 dictione
1650 3974 1727 4030 uti
1775 3990 2018 4032 commu-

407 4063 587 4124 niore,
621 4070 679 4115 ut
707 4062 1132 4131 simplicioribus
1161 4079 1249 4119 res
1279 4064 1350 4119 sit
1375 4064 1663 4121 diiucidior
1692 4084 1706 4122 :
1736 4067 1815 4123 sic
1836 4068 1978 4124 enim
1998 4110 2013 4133 ,

406 4167 511 4210 nos
535 4154 785 4217 dicimus,
820 4164 949 4211 κατά
974 4166 1028 4209 τὸ
1054 4171 1231 4220 πεῖσμα
1262 4158 1420 4226 ἡμῶν,
1452 4158 1505 4214 id
1550 4169 1634 4214 est
1659 4202 1673 4225 ,
1717 4163 2012 4218 secundum

408 4247 821 4316 persuasionem
867 4256 1129 4302 nostram.
1180 4247 1293 4303 Hoc
1336 4264 1467 4319 ergo
1519 4250 1620 4305 sibi
1671 4253 1783 4307 vult
1813 4270 1826 4307 :
1860 4253 2018 4310 valde

405 4340 580 4409 cupit,
610 4339 765 4394 valde
793 4339 1067 4395 desiderat
1092 4351 1330 4397 nostram
1356 4342 1608 4397 salutetm

480 4430 664 4486 Gratia
684 4442 811 4487 esta
836 4433 1288 4489 bonitate—Cur
1326 4434 1405 4490 sic
1432 4449 1533 4490 nos
1574 4437 1760 4491 amat?
1802 4452 1899 4493 cur
1938 4440 2018 4495 sit:

406 4541 513 4581 nos
533 4526 746 4596 diligit?
774 4526 817 4580 A
848 4527 962 4581 sola
996 4527 1234 4583 bonitate
1264 4545 1278 4581 :
1304 4529 1477 4597 gratia
1503 4527 1647 4584 enim
1674 4538 1757 4584 est
1782 4546 1811 4583 a
1856 4532 2014 4586 boni-

406 4626 541 4671 tate.
572 4616 863 4687 Propterea
892 4617 1060 4683 dicit,
1110 4616 1502 4675 Prtedestinavit
1543 4637 1636 4674 nos
1674 4621 1730 4675 in
1775 4623 2017 4692 adaptio-

405 4725 523 4763 nem
555 4710 804 4777 ﬁliorum,
841 4710 1062 4775 volens,
1095 4721 1149 4765 et
1175 4711 1467 4767 admodum
1494 4714 1717 4779 volens,
1749 4724 1808 4770 ut
1835 4727 2018 4773 esten-

403 4800 571 4856 datur
591 4801 759 4872 gloria
787 4801 905 4871 ejus
927 4802 1138 4871 gratire.
1170 4802 1464 4857 Secundum
1496 4806 1814 4875 propositum
1837 4808 2017 4862 volam

404 4896 527 4948 tatis
554 4910 680 4960 saw,
714 4895 907 4964 inquit,
940 4894 993 4950 6.
1025 4896 1079 4948 in
1107 4895 1312 4949 laudent
1341 4897 1521 4967 gloria:
1544 4898 1726 4968 gratim
1771 4916 1879 4954 suae
1902 4942 1916 4965 ,
1961 4904 2016 4956 in

403 5002 509 5057 qua
552 4989 861 5059 gratiﬁcavit
901 5005 995 5043 nos
1039 4991 1094 5043 in
1140 4990 1346 5045 dilecto.
1400 4990 1471 5047 Ut
1519 4993 1873 5060 ostendatur,
1930 4995 2016 5048 in-

405 5082 546 5149 quit,
574 5079 748 5151 gloria
780 5080 897 5150 ejus
925 5082 1144 5152 gratim,
1179 5083 1233 5136 in
1261 5099 1365 5151 qua
1413 5097 1513 5138 nos
1557 5095 1742 5155 gratos
1790 5084 1917 5140 fecit
1962 5086 2014 5141 in

402 5174 627 5227 dilecto.

478 5267 537 5322 3.
572 5266 712 5335 Ergo
741 5264 784 5319 si
814 5264 880 5318 ad
918 5265 1017 5319 hoc
1047 5273 1231 5336 gratos
1264 5266 1421 5329 fecit,
1474 5267 1527 5321 in
1571 5266 1780 5321 laudem
1830 5268 2016 5338 gloria:

403 5360 596 5430 gratia:
621 5358 737 5428 ejus
763 5396 778 5423 ,
809 5368 863 5413 et
895 5368 952 5412 ut
976 5359 1289 5413 ostenderet
1329 5359 1446 5429 ejus
1489 5360 1751 5429 gratiam;
1796 5374 2016 5414 manca-

406 5471 530 5507 tlltlS
559 5455 610 5507 in
646 5454 781 5521 ipsa.
816 5452 897 5506 Ad
927 5453 1131 5507 laudem
1163 5453 1363 5524 gloriae.
1394 5453 1532 5521 Quid
1565 5454 1667 5508 sibi
1700 5454 1812 5508 vult
1841 5453 2016 5507 illud?

403 5558 465 5599 ut
490 5545 614 5615 quis
638 5545 811 5614 ipsum
848 5545 1074 5599 laudet?
1114 5556 1167 5598 ut
1214 5544 1334 5615 quis
1384 5546 1557 5615 ipsum
1611 5544 1911 5616 gloriﬁcet?
1961 5553 2020 5599 ut

406 5652 533 5701 nos,
565 5638 778 5707 angeli,
814 5636 1167 5706 archangeli?
1193 5637 1287 5691 sed
1319 5646 1372 5691 et
1400 5637 1578 5691 omnis
1618 5636 1906 5691 creatura?
1953 5636 2019 5690 Et

404 5731 540 5800 quid
575 5730 716 5785 hoc?
743 5728 889 5785 Nihil
921 5745 933 5781 :
968 5730 1110 5784 Deus
1153 5729 1296 5784 enim
1348 5729 1496 5784 nullo
1546 5740 1688 5800 eget.
1733 5728 1843 5783 Cur
1888 5743 2019 5797 ergo

407 5825 524 5878 vult
546 5839 575 5875 a
608 5822 767 5876 nobis
791 5820 997 5874 laudari
1025 5829 1081 5873 et
1110 5819 1437 5890 glorilicari?
1482 5819 1548 5876 Ut
1577 5821 1631 5874 iu
1659 5820 1832 5890 ipsum
1881 5822 2021 5874 cari-

408 5923 504 5967 tas
524 5917 591 5969 sit
622 5914 674 5967 in
703 5912 863 5967 nobis
888 5910 1208 5967 ferventior.
1242 5912 1320 5966 Ex
1341 5912 1541 5969 nostris
1560 5914 1700 5969 enim
1718 5912 1849 5967 nihil
1876 5910 2018 5967 aliud

2154 541 2303 609 cupit
2324 558 2484 613 quam
2517 556 2756 602 nostram
2787 548 3016 605 Salutem
3049 568 3062 605 :
3096 569 3201 607 non
3235 553 3615 623 ministerium,
3644 576 3751 615 non

2148 632 2395 702 gloriam,
2423 652 2528 692 non
2559 639 2760 709 aliquid
2789 642 2954 710 aliud,
2984 653 3037 699 ct
3064 657 3283 716 propter
3314 649 3417 706 hoc
3469 652 3594 707 facit
3634 670 3753 708 om-

2152 725 2259 782 nia.
2292 726 2423 782 Nam
2454 730 2543 800 qui
2588 732 2769 788 laudat
2822 744 2876 791 et
2926 738 3224 795 admiratur
3270 757 3388 797 eam
3436 762 3554 815 quzc
3597 747 3649 801 in
3685 759 3745 800 se

2151 815 2286 872 facta
2319 829 2401 874 est
2437 824 2685 891 gratiam,
2718 828 2974 883 attentior
2999 829 3102 885 erit
3142 842 3194 886 et
3243 832 3575 904 diligentior.
3630 840 3747 905 Qua

2146 912 2452 980 grati/icavit
2483 930 2597 979 nos,
2630 916 2820 986 induit.
2853 914 2968 976 Non
2997 922 3151 988 dixit,
3177 930 3230 986 ἧς
3252 930 3530 999 impiam-0,
3564 930 3612 984 id
3643 941 3746 999 est,

2146 1018 2306 1071 quam
2336 1005 2502 1075 gratis
2531 1006 2786 1075 donavit,
2817 1011 2910 1065 sed
2949 1018 3262 1084 (Irrupit-um,
3295 1017 3347 1071 id
3394 1028 3508 1086 est,
3560 1031 3748 1092 gratos

2146 1091 2273 1148 fecit
2306 1111 2319 1147 :
2356 1094 2459 1152 hoc
2488 1107 2592 1164 est,
2625 1114 2729 1154 non
2757 1101 2929 1156 solum
2962 1104 3215 1161 liberavit
3239 1124 3268 1161 a
3320 1091 3594 1180 peccatis,
3646 1115 3742 1169 sed

2144 1186 2306 1241 etiam
2340 1186 2465 1244 fecit
2501 1192 2781 1249 amabiles.
2824 1195 3288 1262 Quemadmodum
3340 1205 3483 1259 enim
3534 1207 3579 1260 si
3624 1210 3744 1277 quis

2143 1279 2448 1337 scabiosum
2476 1292 2530 1339 et
2556 1293 2707 1354 peste
2731 1301 2794 1342 ac
2825 1289 3015 1343 morbo
3055 1293 3318 1364 senioque
3348 1307 3403 1349 et
3428 1308 3743 1366 paupertate

2141 1386 2205 1427 ac
2233 1372 2375 1429 fame
2402 1376 2706 1433 confectum
2732 1391 2784 1435 et
2816 1382 3102 1451 perditum,
3133 1387 3314 1441 statim
3341 1386 3638 1445 formosum
3667 1392 3743 1447 le-

2140 1464 2277 1521 cerit
2302 1465 2579 1535 juvenem,
2608 1484 2799 1527 omnes
2829 1472 3076 1530 homines
3099 1478 3498 1547 pulchritudine
3521 1484 3743 1540 vincen-

2143 1566 2269 1624 tem,
2303 1573 2333 1613 e
2362 1561 2512 1629 genis
2533 1561 2750 1631 quidem
2777 1567 3118 1634 splendorem
3170 1572 3325 1627 valde
3364 1575 3696 1630 emittentem
3716 1618 3734 1642 ,

2140 1659 2192 1702 et
2220 1650 2529 1707 micantium
2556 1656 2833 1711 oculorum
2858 1658 3303 1727 ejaculalionibus
3332 1666 3463 1722 solis
3500 1668 3739 1739 fulgores

2137 1744 2536 1812 occultantem;
2566 1747 2763 1805 deinde
2802 1766 2925 1806 eum
2972 1756 3313 1812 constituerit
3354 1759 3406 1813 in
3448 1760 3565 1830 ipso
3604 1763 3739 1819 ﬂore

2135 1836 2332 1902 artatis,
2365 1846 2420 1893 et
2449 1849 2634 1909 postea
2666 1858 2788 1896 eum
2819 1859 3056 1915 purpura
3104 1848 3338 1904 induerit
3377 1860 3433 1906 et
3481 1853 3734 1911 diadema

2137 1925 2475 1997 imposuerit,
2506 1940 2562 1986 et
2591 1934 2738 1987 omni
2769 1935 2919 2005 regio
2962 1948 3154 1992 ornatu
3184 1938 3456 1997 decorarit
3487 1960 3500 1995 :
3533 1944 3605 1998 ita
3635 1960 3735 2001 no-

2135 2024 2301 2073 stram
2335 2021 2585 2076 instruxit
2613 2033 2668 2079 et
2697 2026 2908 2080 ornavit
2936 2030 3190 2096 animam,
3227 2031 3613 2105 pulchramque
3653 2035 3735 2093 fc-

2136 2113 2228 2179 cit,
2260 2113 2674 2171 desiderabilem
2706 2108 2760 2172 et
2789 2119 3097 2175 amabilem.
3130 2122 3367 2193 Cupiunt
3395 2126 3537 2180 enim
3560 2129 3733 2198 angeli

2137 2207 2297 2262 talem
2322 2207 2565 2277 aSpicerc
2587 2209 2844 2277 animam,
2872 2211 3186 2284 archangeli
3213 2232 3428 2287 quoque
3451 2228 3505 2272 et
3544 2233 3735 2275 omnes

2134 2300 2251 2354 alite
2274 2300 2537 2357 Virtutes.
2573 2302 2646 2357 Ita
2676 2319 2774 2359 nos
2798 2306 2959 2359 etiam
3004 2306 3131 2362 fecit
3179 2311 3633 2378 gratiosissimus,
3680 2323 3737 2368 et

2133 2393 2234 2447 sibi
2261 2393 2668 2450 desiderabiles.
2696 2395 3028 2467 Concupiscet
3053 2400 3217 2467 enim,
3251 2401 3445 2472 injuit,
3482 2404 3590 2459 Rea:
3612 2423 3732 2476 spe-

2133 2486 2261 2539 ciem
2299 2495 2439 2539 tuam
2467 2486 2486 2559 (
2510 2485 2659 2541 Psal.
2688 2489 2777 2544 44.
2833 2490 2899 2543 η
2919 2491 2958 2561 ).
3012 2491 3145 2547 Vile
3184 2495 3327 2548 cnim
3369 2511 3529 2564 quam
3573 2499 3732 2552 noxia

2131 2586 2287 2632 antea
2319 2579 2618 2648 loquentes,
2649 2590 2846 2649 quanta
2878 2582 3030 2650 plena
3062 2570 3229 2654 gratia
3254 2601 3397 2641 nunc
3426 2588 3728 2657 loquamur.

2131 2669 2247 2724 Non
2277 2670 2507 2740 amplius
2534 2671 2867 2729 admiramur
2887 2674 3101 2730 divitias
3122 2718 3135 2739 ,
3187 2692 3291 2731 non
3334 2679 3566 2750 amplius
3610 2696 3730 2752 qua:

2132 2762 2218 2817 hic
2261 2774 2387 2818 sunt
2410 2805 2424 2827 ,
2472 2764 2566 2819 sed
2593 2766 2828 2821 caelestia
2855 2777 3053 2833 etquae
3082 2781 3207 2823 sunt
3239 2771 3289 2823 in
3330 2772 3498 2826 czclis.
3538 2771 3731 2830 Nonne

2132 2865 2358 2924 puerum
2388 2856 2534 2909 illum
2566 2855 2797 2911 dicimus
2824 2871 2946 2913 esse
2976 2859 3166 2912 scitum
3191 2869 3244 2914 et
3271 2861 3564 2929 gratiosum
3586 2903 3602 2928 ,
3638 2864 3730 2932 qui

2129 2964 2252 3004 cum
2284 2949 2546 3019 elegantia
2578 2959 2632 3004 et
2662 2948 2858 3005 decore
2885 2952 3130 3021 corporis
3151 2994 3165 3016 ,
3201 2954 3426 3007 multam
3459 2955 3620 3009 etiam
3670 2957 3723 3010 in

2130 3042 2310 3097 verbis
2341 3042 2503 3098 habet
2523 3044 2792 3114 gratiam?
2821 3044 2980 3098 Tales
3006 3055 3132 3100 sunt
3160 3045 3367 3101 fideles.
3392 3046 3527 3103 Vide
3550 3049 3727 3118 qualia

2132 3135 2424 3207 loquuntur
2451 3135 2539 3205 qui
2570 3144 2695 3189 sunt
2726 3136 2917 3190 initiati
2947 3137 3239 3226 mvsteriis.
3284 3138 3420 3206 Quid
3451 3139 3613 3195 fuerit
3639 3139 3731 3193 illo

2127 3242 2224 3284 ore
2252 3229 2575 3299 gratiosius,
2608 3228 2752 3299 quod
2790 3228 2953 3284 verba
3001 3214 3201 3286 emittit
3238 3232 3574 3288 admirabilia
3604 3274 3621 3299 ,
3674 3245 3729 3289 et

2128 3319 2329 3375 mundo
2371 3320 2536 3375 corde
2585 3331 2638 3376 ct
2691 3322 2905 3377 mundis
2963 3322 3119 3378 labiis
3164 3324 3429 3394 ejusmodi
3488 3329 3729 3397 mystica:

2128 3427 2329 3468 mensae
2357 3423 2439 3468 est
2468 3415 2757 3484 particeps,
2784 3431 2905 3471 cum
2925 3417 3093 3470 multo
3120 3418 3408 3487 splendore
3425 3431 3477 3474 et
3498 3421 3731 3475 ﬁducia?

2126 3504 2253 3575 quid
2283 3505 2461 3561 verbis
2486 3506 2592 3559 illis
2613 3506 2919 3575 gratiosius,
2948 3523 3043 3576 per
3062 3521 3182 3578 quae
3208 3509 3423 3565 diabolo
3448 3513 3722 3566 abrenun-

2126 3598 2359 3652 tiamus?
2412 3612 2508 3668 per
2534 3614 2654 3667 quze
2686 3600 2738 3651 in
2765 3597 2962 3653 Christi
3014 3600 3244 3654 militum
3294 3619 3576 3656 numerum
3623 3605 3719 3657 ad-

2126 3688 2457 3744 scribimur?
2486 3688 2829 3744 confessione
2862 3689 2951 3744 illa
2979 3704 3099 3760 quae
3133 3689 3190 3744 fit
3234 3701 3359 3746 ante
3410 3693 3719 3759 lavacrum,

2123 3789 2180 3837 et
2206 3781 2296 3835 illa
2322 3797 2442 3852 qua:
2469 3790 2591 3852 post
2637 3782 2959 3836 lavacrum?
3004 3781 3312 3853 Cogitemus
3356 3800 3513 3855 quam
3569 3789 3721 3843 mu!ti

2125 3874 2389 3945 baptisma
2416 3875 2785 3945 corrupimus,
2824 3884 2878 3930 et
2908 3891 3213 3946 gemamus,
3254 3888 3310 3931 ut
3353 3878 3403 3931 id
3452 3880 3722 3950 possimus

2126 3969 2389 4040 recipere.
2426 3966 2493 4022 In
2520 3967 2725 4033 dilecto,
2759 3968 2950 4038 inqttit,
2981 3967 3032 4023 7.
3057 3968 3109 4021 in
3136 3985 3235 4039 quo
3264 3969 3502 4025 habemus
3523 3974 3691 4026 t'etlem
3710 4001 3725 4011 -

2125 4062 2348 4134 ptionem
2378 4077 2469 4131 per
2488 4060 2790 4131 sanguinem
2816 4060 3000 4128 ipsius.
3029 4060 3351 4127 Quomodo?
3389 4061 3506 4117 Non
3545 4065 3722 4118 solum

2123 4162 2207 4210 est
2235 4152 2551 4207 admirabile
2576 4151 2720 4223 quod
2752 4151 2947 4207 Filium
2978 4152 3227 4217 dederit,
3261 4154 3355 4209 sed
3387 4156 3527 4226 quod
3559 4159 3721 4212 etiam

2123 4260 2190 4299 eo
2218 4243 2378 4299 modo
2404 4243 2634 4308 dederit,
2661 4252 2719 4297 ut
2746 4243 2864 4313 ipse
2894 4243 3125 4299 dilectus
3153 4254 3416 4301 mactatus
3444 4248 3532 4301 sit.
3560 4248 3722 4304 Multa

2123 4350 2209 4395 est
2237 4338 2529 4411 hyperbole
2560 4356 2573 4391 :
2610 4337 2863 4392 dilectum
2890 4338 3032 4393 dedit
3063 4354 3162 4409 pro
3198 4339 3263 4393 iis
3306 4339 3395 4409 qui
3451 4340 3724 4395 habebano

2126 4441 2211 4488 tur
2239 4432 2384 4487 odio.
2416 4430 2549 4486 Vide
2578 4431 2763 4501 quanti
2788 4447 2887 4486 nos
2916 4433 3166 4488 mstimct.
3199 4431 3278 4501 Si,
3310 4433 3523 4503 quando
3545 4432 3721 4503 ipsum

2125 4524 2455 4582 habebamus
2481 4523 2606 4580 odio
2637 4531 2693 4579 et
2719 4539 2934 4579 eramus
2961 4525 3204 4591 inimici,
3247 4525 3396 4581 dedit
3428 4541 3583 4581 suum
3639 4528 3728 4583 di—

2124 4618 2345 4682 lecunn,
2377 4616 2501 4686 quid
2540 4632 2645 4671 non
2673 4615 2931 4685 deinceps
2975 4615 3168 4684 faciet,
3198 4633 3316 4672 cum
3372 4618 3630 4673 fuerimus
3673 4618 3731 4667 et

2125 4708 2456 4766 reconciliati
2488 4720 2581 4775 per
2608 4708 2877 4777 gratiam?
2907 4708 3292 4771 Remissionem,
3321 4709 3512 4780 inquit,
3543 4725 3725 4777 pecco-

2124 4811 2311 4855 torum.
2344 4802 2389 4853 A
2418 4799 2668 4870 supernis
2694 4798 2979 4854 descendit
2998 4799 3064 4853 ad
3098 4800 3349 4855 inferiora
3380 4820 3394 4853 :
3428 4817 3549 4855 eum
3572 4801 3722 4873 prius

2124 4895 2322 4949 dixerit
2362 4893 2594 4947 filiorum
2641 4893 2990 4964 adoptionem
3042 4903 3096 4947 et
3140 4894 3625 4949 sanctilicationem
3666 4906 3725 4951 et

2125 4987 2522 5052 immaculatos,
2559 4995 2684 5041 tunc
2733 5000 2949 5056 quoque
2992 4985 3184 5039 vititmi
3230 4986 3398 5049 dicit;
3454 5002 3561 5041 non
3618 4989 3721 5042 mi-

2126 5094 2318 5142 nuens,
2350 5093 2522 5147 neque
2548 5094 2576 5130 a
2608 5077 2815 5146 magnis
2841 5076 2906 5131 ad
2932 5091 3090 5146 parva
3108 5075 3382 5132 deducens
3397 5078 3723 5146 orationem,

2123 5172 2218 5227 sed
2264 5186 2293 5225 a
2340 5170 2518 5241 parvis
2562 5169 2861 5224 ascendens
2901 5170 2966 5222 ad
3008 5185 3218 5239 magna.
3267 5169 3408 5225 Nini]
3448 5181 3531 5225 est
3579 5175 3722 5226 cnim

2125 5244 2278 5333 atque
2308 5277 2560 5332 magnum
2593 5270 2753 5330 atque
2777 5260 2867 5314 Dei
2894 5261 3209 5330 sanguinem
3256 5276 3354 5330 pro
3400 5259 3556 5317 nobis
3606 5277 3728 5318 esse

2125 5354 2392 5419 effusum;
2426 5363 2479 5409 et
2509 5353 2741 5408 filiorum
2773 5353 3062 5423 adoptione
3095 5363 3149 5407 ct
3177 5353 3296 5419 aliis
3324 5352 3481 5409 donis
3510 5354 3611 5410 hoc
3644 5365 3730 5408 est

2127 5449 2335 5519 majus,
2378 5447 2521 5517 quod
2549 5462 2615 5502 ne
2636 5446 2776 5501 Filio
2798 5447 3009 5515 quidem
3047 5447 3368 5516 pepercerit.
3410 5447 3596 5518 Magna
3636 5464 3724 5505 res

2125 5551 2210 5597 est
2239 5540 2462 5595 remissa
2495 5553 2616 5593 esse
2644 5547 2892 5607 peccata,
2944 5537 3040 5592 sed
3090 5538 3262 5607 majus
3306 5549 3389 5594 est
3433 5540 3597 5608 quod.
3629 5556 3724 5611 per

2125 5631 2441 5701 sanguinem
2478 5631 2837 5684 Dominicum.
2867 5629 2998 5684 Nam
3027 5631 3171 5701 quod
3200 5632 3301 5686 hoc
3327 5632 3397 5686 sit
3428 5632 3584 5702 longe
3606 5649 3725 5686 ma-

2122 5724 2210 5795 jus
2237 5724 2509 5787 omnibus,
2540 5722 2663 5777 vide
2692 5723 2963 5792 quomodo
3012 5722 3097 5778 hic
3134 5739 3348 5794 quoque
3373 5725 3717 5790 exclamavit,

2129 5819 2315 5873 dicens
2351 5836 2365 5872 :
2397 5817 2693 5872 Secundum
2719 5816 2922 5870 divitias
2958 5817 3135 5888 gratiae
3164 5819 3274 5887 ejus
3295 5861 3309 5885 ,
3342 5817 3399 5873 8.
3428 5835 3544 5891 quis
3568 5832 3722 5887 sape.

2132 5909 2437 5964 rabundm-it
2470 5910 2522 5963 in
2549 5909 2712 5963 nobis.
2740 5909 2874 5964 Nam
2915 5908 3019 5964 illze
3062 5925 3277 5982 quoque
3320 5922 3445 5967 sunt
3488 5911 3684 5969 divitia?
3706 5947 3724 5979 ,
