4140 6500
491 392 557 459 t5
1295 398 1351 452 s.
1380 384 1658 452 JOANNIS
1686 384 2159 448 eunvsos‘rout
2199 388 2515 465 ARClllEP.
2554 394 3089 461 CONSI‘ANTINUP.
3693 405 3765 467 ιϐ

485 524 575 579 Sed
604 526 689 577 ha:
718 508 887 575 multo
912 517 1101 587 magis.
1135 516 1262 582 Qua:
1290 512 1745 583 superabundavit,
1778 511 1967 580 inquit,
2015 509 2067 562 in

483 617 647 671 nobis.
673 615 737 670 Et
764 613 966 669 divitia:
988 621 1135 675 sunt,
1155 618 1211 665 et
1234 607 1755 679 supembundantes,
1787 606 1838 660 id
1866 613 1969 669 cst,
1999 603 2071 658 af-

482 708 629 764 fatim
655 705 1062 763 cffusm.Verbis
1091 702 1315 771 exprimi
1347 717 1452 756 non
1481 707 1705 770 possunt
1732 711 1949 765 ea,qu:n
1974 711 2070 749 nos

482 804 542 854 re
570 799 775 868 experti
817 810 1021 850 sumus.
1057 794 1263 848 Divitia-
1294 791 1437 845 enim
1463 797 1608 850 sunt,
1651 788 1850 842 divitia:
1879 801 2069 855 super-

485 893 832 955 alnmdautes,
866 887 1064 944 divitia:
1092 903 1196 941 non
1221 885 1521 948 hominum,
1540 882 1633 937 sed
1658 881 1770 946 Dei,
1789 896 1907 950 quae
1928 879 2071 933 nullo

485 986 641 1039 modo
701 984 874 1039 verbis
937 981 1159 1051 esprimi
1215 979 1437 1049 possint.
1494 974 1789 1031 Ostendere
1848 983 2071 1041 autem,

484 1078 666 1131 volens
715 1073 983 1146 quomodo
1038 1070 1537 1142 superabundanter
1590 1066 1779 1132 dedit,
1810 1063 1877 1119 In
1932 1064 2070 1118 omni

483 1169 731 1239 sapientia
758 1176 805 1219 et
828 1165 1119 1234 prudentia,
1150 1164 1341 1231 inquit,
1374 1161 1427 1216 9.
1458 1169 1510 1213 ut
1539 1168 1713 1214 notum
1738 1162 1923 1230 faceret
1969 1172 2066 1209 no-

481 1262 556 1315 bis
578 1272 950 1314 sacramentum
962 1257 1234 1312 voluntatis
1255 1266 1379 1310 sum.
1403 1254 1512 1309 lloc
1530 1265 1631 1316 est,
1655 1263 1776 1307 eum
1801 1251 2067 1318 sapientes

485 1352 698 1406 fecisset
724 1360 778 1403 et
809 1349 1101 1417 prudentes
1133 1348 1185 1401 in
1216 1361 1277 1401 ea
1302 1362 1420 1416 qua-
1444 1360 1567 1399 vere
1594 1353 1676 1398 est
1702 1342 1984 1413 sapientia,
2015 1342 2064 1393 iu

482 1454 547 1497 ea
573 1457 691 1510 qua:
718 1454 844 1494 vere
866 1449 947 1493 est
978 1437 1279 1507 prudentia.

554 1532 609 1584 Α.
670 1530 869 1598 Ρψςυῑ
922 1536 1117 1597 quanta
1172 1526 1450 1585 amicitia!
1514 1524 1679 1579 Nobis
1729 1526 1872 1579 enim
1936 1522 2065 1576 dicit

483 1635 578 1675 sua
619 1621 895 1691 mysteria.
952 1618 1234 1673 Valuntatis
1278 1632 1416 1684 suae,
1469 1617 1677 1686 inquit;
1725 1631 1787 1670 ac
1835 1616 1879 1669 si
1928 1615 2067 1669 dice-

480 1722 604 1781 'rct,
651 1720 773 1768 nota
821 1711 976 1766 nobis
1026 1711 1151 1765 fecit
1187 1725 1306 1781 qua:
1346 1718 1472 1763 sunt
1516 1709 1568 1762 in
1599 1723 1696 1763 suo
1725 1708 1929 1762 corde:
1963 1706 2066 1761 hoc

478 1808 624 1861 enim
664 1815 747 1861 est
774 1805 1084 1876 mysterium
1114 1802 1254 1872 quod
1284 1802 1499 1872 plenum
1541 1812 1622 1856 εει
1667 1800 1811 1854 omni
1853 1800 2066 1868 sapien-

480 1899 553 1951 tia
580 1907 635 1952 et
661 1896 960 1965 prudentia.
995 1894 1133 1963 Quid
1161 1895 1304 1950 enim
1337 1909 1431 1963 par
1474 1893 1623 1948 dices
1672 1891 1794 1946 huic
1846 1891 2066 1960 sapien-

480 1989 610 2043 tiae?
659 1988 750 2057 qui
798 1988 994 2041 nullius
1040 1996 1196 2041 erant
1243 1985 1436 2055 pretii,
1484 1999 1578 2039 eos
1624 1982 1827 2037 invenit
1852 1992 1905 2037 ut
1939 1998 2065 2052 pro-

484 2082 703 2136 vchcret
749 2079 815 2133 ad
867 2079 1105 2133 divitias.
1164 2078 1303 2145 Quid
1353 2086 1527 2147 potest
1577 2077 1894 2147 :equiparari
1944 2076 2067 2132 huic

480 2174 662 2227 solerti
687 2173 960 2227 facilitati?
986 2173 1074 2242 qui
1097 2180 1212 2226 erat
1240 2172 1507 2236 inimicus,
1535 2171 1623 2240 qui
1647 2185 1865 2233 exosus,
1898 2169 1946 2224 is
1974 2182 2064 2224 re-

480 2275 640 2334 pente
670 2279 881 2318 sursum
910 2264 1170 2317 ascendit.
1203 2261 1313 2317 Nec
1342 2266 1443 2317 hoc
1471 2263 1679 2326 Solum,
1708 2261 1803 2316 sed
1826 2262 1984 2315 ctiam
2014 2262 2066 2315 in

479 2360 581 2410 hoc
609 2366 876 2423 tempore;
909 2355 1066 2424 idque
1090 2364 1205 2409 erat
1235 2354 1510 2423 sapientiae
1529 2396 1545 2416 ,
1573 2361 1629 2406 et
1651 2353 1790 2422 quod
1819 2368 1911 2422 per
1937 2366 2065 2406 cru-

477 2463 617 2504 cem.
650 2448 863 2502 Prolixa
903 2448 988 2502 hic
1026 2463 1087 2503 se
1131 2447 1287 2501 offert
1324 2446 1497 2501 oratiu
1536 2445 1601 2500 ad
1632 2446 2022 2501 ostendendum
2047 2487 2061 2510 ,

476 2541 747 2610 quomodo
778 2541 878 2595 hoc
907 2549 1023 2595 erat
1052 2540 1328 2611 sapientim
1347 2582 1360 2604 ,
1393 2549 1447 2594 ct
1474 2538 1743 2607 quomodo
1793 2554 1890 2592 nus
1932 2538 2063 2592 elle—

475 2633 551 2685 cit
604 2632 890 2700 sapientes.
939 2631 1235 2686 Secundum
1266 2630 1632 2700 bcneplaeitum
1663 2645 1832 2693 suum,
1862 2630 2057 2699 inquit,

474 2722 613 2793 quod
643 2724 904 2793 prepositit
935 2724 988 2776 in
1032 2723 1161 2792 ipso.
1193 2722 1305 2777 Hoc
1351 2730 1462 2787 est,
1510 2722 1609 2775 hoe
1648 2722 1915 2791 cupiebat,
1962 2722 2065 2778 hoc

473 2814 825 2882 parturicbat,
857 2822 915 2869 ut
968 2815 1039 2868 ita
1090 2823 1268 2882 posset
1320 2814 1474 2866 nobis
1523 2813 1672 2867 cll‘ari
1723 2813 2057 2885 mysterium.

471 2905 791 2971 Quodnam?
816 2905 968 2974 Quod
995 2906 1265 2960 hominem
1290 2907 1416 2961 velit
1436 2907 1575 2975 apud
1597 2922 1822 2973 superus
1845 2907 2057 2963 sedere.

468 2997 585 3053 Hoc
614 3009 790 3053 autem
831 2999 1027 3053 factum
1059 3009 1177 3063 est,
1211 3000 1297 3054 10.
1338 2999 1401 3053 1η
1442 3000 1867 3069 dispensationem
1898 3002 2063 3072 pleni-

470 3091 660 3145 tudinis
702 3100 1016 3160 temp’ornnt,
1059 3092 1343 3151 instaurare
1381 3094 1550 3145 nuntia
1590 3093 1642 3145 in
1682 3092 1902 3158 Christo,
1946 3107 2061 3162 qua

467 3184 520 3236 in
560 3182 728 3245 catlis,
763 3192 809 3236 et
838 3198 949 3254 qua:
984 3184 1036 3235 in
1065 3192 1199 3235 terra
1235 3196 1351 3236 sunt
1392 3184 1443 3236 in
1484 3184 1615 3252 ipso.
1646 3183 1896 3239 Abscissa
1941 3182 2058 3237 fne-

465 3278 627 3338 raut,
670 3274 871 3344 inquit,
920 3274 1156 3328 earlestia
1184 3290 1214 3328 a
1245 3278 1619 3341 terrestribus,
1655 3292 1759 3329 non
1793 3275 2061 3331 habebant

470 3380 635 3418 unum
672 3376 850 3435 caput.
886 3364 1017 3419 Nam
1055 3365 1195 3434 quod
1224 3367 1415 3419 attinet
1444 3366 1660 3435 quidem
1697 3366 1762 3421 ad
1794 3367 2055 3421 rationem

460 3458 775 3522 'c'reatinnis,
809 3474 946 3513 unus
974 3470 1086 3513 erat
1118 3459 1290 3525 Deus;
1322 3460 1464 3529 quod
1491 3469 1669 3514 autem
1698 3460 1763 3513 ad
1793 3461 2057 3516 rationem

457 3550 878 3617 'Ct'ttjUIICIitttti<,
907 3566 1011 3604 non
1037 3552 1162 3605 item
1186 3569 1199 3604 :
1226 3567 1346 3605 nam
1370 3567 1554 3606 errore
1574 3552 1817 3621 gentium
1839 3551 2051 3621 diffuso,

458 3641 685 3695 abscissi
715 3653 867 3696 erant
896 3643 963 3695 ah
999 3643 1115 3712 ejus
1150 3642 1477 3698 obcdientia.
1507 3642 1575 3696 In
1602 3644 2048 3714 dispensationem,

462 3733 663 3801 inquit,
695 3733 1024 3801 plenitudinis
1066 3743 1366 3804 temporum.
1409 3732 1799 3789 Plenitudineut
1847 3746 2052 3804 tempo-

463 3838 579 3878 rum
630 3823 799 3892 ipsam
846 3824 1135 3892 appellavit
1180 3825 1658 3893 dispensationem.
1713 3826 1846 3882 Vide
1889 3842 2048 3896 quam

460 3925 713 3971 accurate
741 3917 1008 3986 loquatur.
1044 3914 1256 3971 Etcum
1288 3917 1615 3972 ostendisset
1639 3919 1855 3989 quidem
1888 3934 1916 3972 a
1946 3919 2049 3973 Pa~

461 4017 542 4061 tre
572 4007 917 4076 principium,
954 4009 1321 4077 propositum.
1354 4009 1671 4076 consilium,
1706 4011 1935 4079 primum
1971 4013 2051 4063 in-

451 4098 837 4162 citamentum;
868 4114 987 4153 eam
1027 4109 1205 4153 autem
1227 4141 1241 4166 ,
1283 4114 1404 4170 quae
1430 4115 1524 4169 per
1547 4101 1806 4170 opera-tit
1828 4142 1843 4167 ,
1877 4101 2048 4155 adim-

454 4190 748 4259 ‘plctionent
802 4207 894 4259 per
932 4190 1202 4245 Christum
1243 4209 1257 4243 :
1314 4207 1577 4261 nusquam
1628 4208 1750 4247 eum
1810 4193 2050 4248 nominat

456 4282 786 4337 Iuiuistrmu.
816 4281 924 4335 Nos
945 4282 1116 4353 elegit,
1149 4283 1337 4352 inquit,
1368 4283 1421 4336 in
1443 4284 1576 4353 ipso,
1608 4300 1719 4336 cum
1742 4300 1833 4337 nos
1855 4287 2044 4353 praede-

454 4376 690 4430 stinasset
733 4374 801 4427 ad
837 4375 1060 4440 ﬁliorum
1103 4375 1426 4444 adoptionem
1457 4389 1547 4445 per
1586 4375 1840 4430 Christum
1868 4375 2046 4430 Jesum

455 4468 509 4518 in
558 4468 669 4535 ipso
694 4508 708 4526 ,
755 4478 801 4520 et
839 4467 907 4519 ad
936 4466 1141 4520 laudent
1169 4467 1347 4536 gloria:
1382 4467 1560 4539 gratiae
1604 4468 1764 4536 ipsius
1797 4485 1815 4522 :
1845 4470 1898 4522 in
1946 4486 2046 4537 quo

451 4557 696 4610 ‘iiabenms
723 4556 1118 4624 rrdeittptionetn
1150 4573 1240 4626 per
1266 4558 1565 4627 sanguinem
1589 4561 1717 4630 ejus,
1751 4576 1902 4629 quam
1927 4577 2045 4629 pro-

458 4651 624 4717 posuit
647 4650 697 4702 in
716 4649 1143 4721 dispensationem
1164 4651 1495 4720 plenitudinis
1517 4662 1818 4721 temporunt,
1846 4654 2044 4707 instau-

450 4750 566 4795 rare
596 4742 766 4795 onmia
808 4743 861 4795 in
899 4741 1118 4797 Christo.
1149 4742 1217 4797 Et
1247 4758 1503 4813 nusquam
1536 4760 1657 4802 eunt
1698 4745 1832 4800 dixit
1883 4746 2041 4800 mini-

454 4843 646 4887 strum.
680 4834 733 4887 Si
766 4843 942 4888 autem
971 4845 1025 4890 et
1062 4836 1115 4889 in
1145 4845 1201 4889 et
1230 4851 1318 4903 per
1344 4843 1468 4888 sunt
1507 4836 1756 4900 ministri,
1789 4837 1910 4893 vide
1935 4854 2042 4907 quo

450 4934 544 4980 res
586 4925 772 4980 redeat
801 4925 897 4992 fa).
935 4925 1067 4981 Nam
1110 4928 1161 4981 in
1193 4927 1454 4996 principio
1479 4928 1721 4998 cpistola:
1749 4929 1902 4996 dixit,
1937 4930 2042 4985 Per

514 5059 590 5123 (α)
616 5058 667 5107 Id
692 5065 856 5123 mitem
878 5057 1411 5123 dicitVChrysnstomus.
1436 5062 1548 5123 quia
1573 5062 1734 5112 Ariani
1757 5072 1809 5115 et
1830 5065 1912 5115 alii
1936 5080 2035 5115 na:-

434 5136 455 5170 r
477 5122 589 5177 elici
615 5125 696 5181 qui
721 5120 948 5169 dicebant
971 5119 1213 5171 Christum
1251 5134 1357 5170 rem
1382 5119 1571 5182 tactam,
1599 5134 1651 5174 et
1675 5127 1911 5175 minorem
1941 5128 2034 5177 Pa-

430 5188 526 5248 tre
549 5189 700 5248 atque
724 5183 992 5248 ministrum
1020 5182 1128 5243 ejus
1148 5195 1289 5248 essc_,
1317 5186 1595 5246 pugnabant
1628 5189 1800 5248 etiam,
1827 5188 1961 5246 illud,
1986 5188 2037 5239 in

441 5245 477 5321 1,"
487 5242 656 5302 arista,
673 5250 724 5321 ct.
743 5255 828 5305 per
847 5241 1110 5321 (arietum,
1125 5257 1242 5321 quae.
1257 5241 1548 5321 frequenter
1569 5241 1828 5321 occurrunt
1844 5253 1890 5299 in
1903 5241 2039 5301 Novo

438 5303 760 5368 Testamento
780 5338 794 5358 .
819 5303 1095 5368 significare
1133 5303 1373 5368 Christum
1420 5322 1557 5361 esse,
1580 5311 1882 5368 ministrum;
1909 5326 2037 5368 quos

444 5366 556 5480 ῐιῖεῧ
575 5365 799 5428 pluribus
818 5363 1037 5416 confutat
1056 5368 1105 5416 iu
1136 5367 1360 5419 Homiliis
1379 5370 1444 5420 de
1467 5363 1959 5436 lncompreheusibili
1978 5383 2036 5426 et.

445 5442 473 5478 ί.
501 5446 512 5479 ι
551 5445 587 5479 ι.

445 5442 587 5479 (clibi.

2178 512 2485 567 voluntatem
2535 515 2721 572 Patris.
2765 519 2940 587 Pater,
2985 522 3174 592 inquit,
3217 523 3426 589 voluit;
3469 524 3636 580 Filius
3675 538 3761 583 est

2178 615 2450 673 aperatus.
2495 607 2599 662 Sed
2629 624 2728 663 nec
2764 614 3016 680 quoniam
3048 613 3208 668 Pater
3238 615 3440 678 voluit,
3477 615 3647 671 Filius
3675 628 3759 673 est

2179 702 2325 748 extra
2356 698 2722 765 operationem
2749 716 2764 765 ;
2794 718 2990 771 neque,
3032 706 3289 773 quoniam
3316 706 3486 761 Filius
3508 719 3589 762 est
3623 724 3757 778 ope-

2179 796 2345 852 ratus,
2371 789 2641 846 voluntate
2667 793 2903 861 privatus
2924 807 3006 849 est
3033 795 3229 862 Pater;
3267 797 3360 852 sed
3383 798 3555 854 Patris
3584 811 3635 855 et
3666 801 3757 854 Fi-

2180 877 2236 930 lii
2255 882 2557 935 communia
2590 893 2714 937 sunt
2736 886 2914 939 omnia
2948 904 2961 939 :
2997 903 3118 941 nam
3145 888 3331 943 Omnia
3353 908 3464 946 mea
3502 902 3590 946 tua
3615 905 3756 957 sunt,

2178 970 2380 1040 inquit,
2431 982 2478 1026 et
2521 982 2609 1027 tua
2647 991 2757 1029 mea
2797 986 2915 1031 sunt
2958 977 2977 1048 (
2999 978 3159 1033 Joan.
3193 981 3279 1036 17.
3313 983 3381 1036 10
3405 982 3446 1054 ).
3482 983 3760 1039 Plenitudo

2176 1074 2354 1119 autem
2382 1074 2678 1137 temporum
2706 1078 2821 1123 erat
2845 1070 2960 1140 ejus
2989 1071 3266 1127 adventus.
3296 1074 3429 1141 Quia
3459 1075 3618 1145 igitur
3645 1092 3761 1130 om-

2180 1155 2264 1209 nia
2297 1155 2519 1226 fecerat,
2541 1170 2593 1213 et
2622 1176 2715 1228 per
2743 1162 2984 1231 angelos,
3016 1171 3072 1217 et
3109 1179 3203 1233 per
3240 1165 3550 1235 praphetas,
3578 1181 3631 1220 et
3663 1183 3761 1237 per

2178 1247 2387 1318 legem,
2438 1262 2494 1305 ct
2544 1252 2673 1305 nihil
2718 1255 3066 1322 proficiebat;
3109 1265 3164 1310 ct
3191 1258 3487 1326 periculum
3534 1272 3650 1314 erat
3693 1276 3761 1314 ne

2179 1347 2381 1395 temere
2404 1339 2573 1397 factus
2592 1353 2736 1397 esset
2762 1343 2941 1409 homo,
2963 1360 3031 1399 ne
3051 1355 3254 1401 temere
3276 1356 3419 1402 esset
3446 1348 3757 1417 productus,

2179 1430 2285 1483 imo
2326 1447 2453 1485 vero
2485 1433 2537 1486 in
2581 1449 2729 1488 suam
2759 1437 3053 1504 perniciem
3079 1478 3094 1503 ,
3125 1439 3471 1507 pereuntibus
3509 1441 3759 1496 omnibus

2174 1531 2228 1574 et
2257 1524 2424 1592 magis
2453 1539 2612 1594 quam
2642 1525 2694 1579 in
2721 1526 2944 1593 diluvio,
2980 1528 3117 1584 lianc
3133 1529 3585 1600 dispensationem
3613 1532 3762 1589 inve-

2178 1612 2271 1676 nit,
2303 1629 2422 1683 quae
2451 1614 2509 1669 fit
2540 1631 2637 1685 per
2654 1619 2901 1685 gratiam,
2932 1634 2999 1674 ne
3028 1630 3229 1676 temere
3254 1630 3305 1676 et
3333 1622 3526 1676 frustra
3547 1632 3762 1679 creatus

2176 1712 2337 1758 esset.
2374 1704 2521 1760 lianc
2562 1715 2863 1776 temporum
2894 1710 3278 1779 plenitudinem
3305 1711 3435 1766 dicit
3460 1723 3513 1767 et
3542 1714 3760 1783 sapien—

2179 1795 2326 1848 tiam.
2367 1796 2578 1864 Quare?
2607 1798 2761 1865 Quia,
2795 1800 3009 1869 quando
3051 1802 3282 1857 maxinte
3326 1812 3477 1856 erant
3506 1805 3754 1873 perituri,

2178 1896 2306 1941 tunc
2347 1887 2477 1941 salvi
2523 1887 2758 1943 fuerunt.
2788 1894 3338 1963 ’Amupamtéaaaom,
3387 1893 3575 1963 inquit.
3622 1894 3760 1961 Quid

2175 1988 2257 2033 est
2279 1981 2782 2050 ἀνακεφαλαιώσασθαι
2812 1982 2835 2033 ?
2864 1980 3217 2053 COnjungerc.
3250 1982 3516 2041 Creterum
3546 1984 3763 2039 studea-

2177 2084 2295 2124 mus
2338 2085 2497 2141 quam
2544 2072 2791 2142 proxime
2837 2073 3100 2129 accedere
3144 2073 3210 2129 ad
3254 2075 3425 2145 ipsam
3458 2076 3758 2132 veritatem.

2176 2159 2306 2214 Nam
2338 2177 2367 2215 a
2399 2162 2553 2216 nobis
2578 2161 2819 2232 quidem,
2853 2174 2909 2217 ut
2935 2164 3094 2218 etiam
3128 2164 3180 2218 in
3221 2180 3371 2220 more
3399 2176 3481 2220 est
3504 2168 3757 2236 positum,

2173 2252 2370 2307 dicitur
2394 2256 2813 2326 ἀνακεραλαίωσις,
2838 2271 2958 2325 qua:
2986 2255 3186 2324 prolixe
3205 2256 3348 2312 dicta
3376 2269 3499 2312 sunt
3520 2259 3572 2311 iu
3597 2259 3763 2314 breve

2175 2348 2531 2411 contrahere,
2579 2358 2635 2403 et
2663 2350 2844 2404 omnia
2876 2365 2996 2417 qua:
3024 2350 3235 2419 prolixe
3279 2350 3423 2405 dicta
3457 2360 3583 2405 sunt
3610 2366 3761 2406 com-

2177 2442 2432 2510 pendiose
2475 2440 2679 2497 dicere.
2728 2442 2861 2496 Nam
2892 2442 2995 2497 hoc
3038 2458 3251 2513 quoque
3294 2444 3365 2497 ita
3407 2443 3610 2499 habet:
3641 2460 3761 2514 qua:

2175 2535 2320 2588 enim
2357 2534 2516 2604 longo
2551 2542 2796 2605 tempore
2824 2534 3271 2604 dispensabantur
3299 2538 3354 2591 in
3383 2537 3498 2606 ipso
3533 2540 3761 2609 ἀνακεφα-

2175 2634 2432 2695 λαιώσατο,
2458 2628 2560 2682 hoc
2579 2639 2682 2694 est,
2711 2628 2764 2682 in
2795 2642 3060 2682 summam
3087 2628 3314 2700 redegit.
3345 2629 3579 2685 Verbum
3610 2632 3757 2685 enim

2173 2734 2577 2788 consummans,
2610 2728 2664 2775 et
2703 2720 2757 2776 in
2784 2720 2992 2791 justitia
3020 2722 3361 2789 abbrevians,
3402 2733 3455 2777 et
3487 2725 3576 2777 illa
3607 2741 3760 2779 com-

2174 2811 2499 2881 prehendit,
2532 2821 2590 2867 et
2613 2812 2716 2866 alia
2743 2813 2967 2867 addidit.
2999 2814 3110 2868 Hoc
3134 2822 3251 2880 est,
3279 2817 3678 2886 ἀνακιφαλαίωσις
3705 2824 3761 2872 ει

2174 2902 2416 2957 reductio
2446 2904 2497 2956 in
2533 2917 2819 2957 summam.
2851 2904 2947 2958 Est
2973 2912 3029 2959 et
3065 2902 3207 2958 aliud
3234 2904 3375 2973 quod
3406 2906 3757 2975 significatur.

2172 2992 2453 3059 Quodnam
2480 2991 2584 3048 hoc
2611 2994 2635 3046 ?
2678 2992 2855 3048 Unum
2883 2993 3130 3048 onmibus
3157 2996 3330 3062 posuit
3356 3007 3533 3063 caput,
3565 3011 3759 3066 nempe

2169 3084 2441 3140 Christum
2464 3083 2757 3139 secundum
2775 3099 3015 3152 carnem,
3038 3096 3094 3139 ει
3112 3084 3315 3153 angelis
3339 3097 3389 3141 et
3416 3085 3718 3143 hominibus
3740 3107 3753 3142 :

2173 3174 2274 3231 hoc
2302 3184 2405 3243 est,
2438 3185 2494 3232 et
2520 3176 2723 3246 angelis
2756 3192 2918 3231 unum
2950 3176 3097 3232 dedit
3127 3178 3468 3247 principium,
3499 3190 3554 3233 et
3585 3179 3759 3234 homi-

2171 3269 2327 3325 nibus
2353 3285 2369 3323 :
2400 3268 2486 3325 his
2523 3269 2738 3339 quidem
2782 3269 2834 3324 id
2879 3270 3021 3341 quod
3066 3280 3148 3325 est
3177 3272 3469 3326 secundum
3512 3288 3752 3341 carnem,

2169 3362 2274 3417 illis
2310 3374 2489 3417 autem
2527 3362 2700 3417 Deum
2730 3360 2960 3417 Verbum
2984 3363 3024 3416 ¹.
3058 3361 3127 3419 Ut
3170 3363 3217 3417 si
3263 3361 3413 3417 dicas
3461 3363 3528 3419 de
3570 3363 3751 3431 domo,

2167 3468 2287 3524 quae
2327 3452 2522 3523 partim
2566 3453 2781 3524 quidem
2811 3462 2896 3510 est
2937 3453 3175 3509 marcida
3212 3469 3277 3507 ac
3315 3454 3529 3520 debilis,
3561 3455 3753 3525 partim

2167 3554 2343 3602 autem
2373 3545 2547 3601 valida
2577 3555 2634 3602 et
2659 3545 2831 3610 fortis,
2862 3545 3089 3600 Domum
3120 3544 3486 3613 retudificavit,
3519 3546 3622 3601 hoc
3646 3556 3749 3615 est,

2164 3638 2442 3693 fortiorem
2487 3637 2646 3703 fecit,
2685 3635 2973 3711 fortiorem,
3009 3635 3263 3705 imposuit
3302 3635 3468 3689 basim
3502 3655 3516 3690 :
3561 3638 3633 3693 ita
3662 3637 3752 3693 hic

2162 3744 2378 3799 quoque
2407 3744 2599 3783 omnes
2632 3728 2722 3783 uni
2751 3726 2979 3797 subjecit
3006 3729 3186 3797 capiti.
3220 3729 3292 3782 lla
3324 3730 3466 3783 enim
3500 3730 3592 3784 liet
3627 3747 3748 3784 um-

2164 3832 2268 3889 tas,
2294 3823 2365 3876 ita
2395 3830 2644 3876 accurata
2666 3831 2719 3876 et
2742 3820 2974 3891 perfecta
3002 3818 3164 3876 fuerit
3181 3821 3511 3891 conjunctio,
3536 3823 3749 3893 quando

2160 3914 2340 3969 omnia
2366 3913 2579 3969 redacta
2604 3911 2800 3967 fuerint
2820 3913 2920 3966 sub
2942 3928 3104 3967 unum
3126 3924 3304 3983 caput,
3331 3929 3561 3985 superne
3579 3916 3750 3982 quod-

2161 4009 2283 4064 dam
2310 4007 2668 4064 necessarium
2689 4006 2934 4062 habentia
2955 4006 3244 4062 vinculum.
3271 4007 3443 4062 Tanto
3459 4022 3587 4078 ergo
3603 4007 3747 4064 dono

2158 4101 2387 4171 dignati,
2416 4109 2565 4154 tanto
2590 4099 2815 4165 honore,
2847 4109 2989 4153 tanta
3011 4098 3360 4168 benignitate,
3392 4113 3459 4153 ne
3481 4098 3747 4154 dedecore

2161 4194 2457 4250 afficiamus
2480 4208 2602 4248 eum
2632 4191 2722 4262 qui
2751 4207 2847 4247 nos
2877 4191 3058 4246 atlecit
3079 4190 3360 4255 beneficio,
3392 4204 3459 4245 ne
3485 4190 3744 4247 faciamus

2161 4297 2218 4341 ut
2261 4296 2405 4340 tanta
2446 4285 2515 4341 sit
2554 4285 2710 4340 nobis
2756 4286 2928 4338 inanis
2956 4284 3161 4355 gratia,
3190 4284 3353 4338 vitam
3394 4284 3743 4341 ostendamus

2158 4378 2454 4449 angelicam
2474 4387 2531 4432 et
2547 4377 2839 4446 angelicam
2870 4375 3147 4442 virtutem,
3175 4384 3230 4430 ει
3253 4375 3376 4429 vitae
3401 4375 3622 4445 agendae
3650 4391 3741 4431 ra-

2160 4475 2394 4539 tionem;
2426 4487 2665 4544 rogoque
2691 4481 2745 4527 et
2768 4486 2952 4542 quaeso
2971 4511 2987 4537 ,
3017 4486 3084 4525 ne
3111 4470 3231 4525 haec
3254 4470 3432 4526 omnia
3456 4470 3564 4525 sint
3589 4471 3741 4526 nobis

2156 4567 2213 4621 in
2234 4565 2492 4637 judicium
2518 4575 2572 4620 et
2598 4563 3100 4619 condemnationem
3124 4604 3139 4627 ,
3169 4562 3264 4617 sed
3299 4561 3366 4617 ad
3393 4562 3741 4618 fruendorum

2157 4660 2417 4714 bonorum
2444 4657 2847 4728 perceptionem
2873 4673 2885 4709 :
2918 4670 3035 4723 qua:
3059 4654 3257 4708 utinam
3280 4668 3378 4708 nos
3397 4669 3585 4709 omnes
3603 4668 3737 4709 con-

2154 4766 2456 4821 sequamur,
2503 4751 2671 4820 gratia
2707 4757 2763 4804 et
2787 4746 3114 4817 benignitate
3143 4745 3350 4800 Domini
3397 4746 3567 4801 nostri
3608 4745 3742 4801 Jcsu

2153 4842 2375 4910 Christi,
2407 4857 2529 4897 cum
2554 4856 2662 4913 quo
2691 4838 2837 4895 Patri
2863 4850 2918 4894 et
2941 4837 3165 4909 Spiritui
3192 4847 3381 4894 sancto
3400 4837 3600 4909 gloria,
3635 4837 3738 4890 im-

2151 4937 2358 5007 perium
2379 4977 2395 5004 ,
2427 4944 2531 4991 etc.

2216 5116 2231 5146 ι
2269 5111 2432 5163 Culex
2458 5122 2602 5167 unus,
2624 5107 2712 5158 hoc
2734 5112 2824 5165 est,
2847 5106 3054 5157 alterius:
3080 5104 3281 5167 mqelis,
3305 5103 3510 5153 alterum
3536 5095 3750 5167 honiini‘-

2152 5174 2238 5226 bus
2260 5169 2554 5243 principium
2577 5164 2711 5243 dedit
2742 5182 2760 5219 .'
2790 5164 2865 5219 Itis
2884 5168 3079 5243 quidem
3117 5164 3747 5243 fd.‘qu0d"§t¢L_§Ecttatlttttt

2148 5226 2374 5294 carnem,
2414 5226 2513 5284 illis
2556 5239 2717 5281 autem
2749 5226 3015 5294 secundum
3056 5226 3304 5294 spiritum,
3323 5226 3538 5279 Verbum
3560 5234 3742 5277 Deum.

2143 5301 2267 5359 Quae
2289 5292 2440 5346 lectio
2454 5308 2547 5344 non
2562 5292 2854 5356 spernenda.
