4140 6492
350 412 423 465 17
1341 410 1410 466 1N
1442 410 1657 467 EPIST.
1693 411 1782 466 AD
1823 412 2070 468 EPIIES.
2113 413 2267 469 CAP.
2313 414 2353 469 l.
2399 415 2630 475 liOMlL.
2678 418 2743 472 ll.
3618 441 3678 497 ιδ

1842 623 2189 685 HOMILIA
2236 625 2314 685 II.

350 767 492 822 Cn.
530 769 550 820 l
625 783 680 821 v.
730 769 820 823 11.
853 766 920 821 In
956 785 1057 837 quo
1084 768 1236 820 etiam
1285 782 1378 820 nos
1417 775 1551 820 sorte
1574 767 1734 819 vocati
1762 781 1969 832 sumus,

430 862 786 931 prcedestinati
812 862 1094 917 secundum
1120 861 1441 929 prapositum
1466 861 1600 930 ejus,
1624 863 1711 928 qui
1732 869 1971 929 operatur

426 955 609 1008 omnia
654 957 937 1009 secundum
980 954 1255 1008 consilium
1294 954 1571 1007 voluntatis
1613 968 1739 1017 sum,
1792 950 1881 1006 12.
1914 961 1969 1003 ut

424 1048 591 1101 simus
612 1048 667 1100 in
692 1047 898 1101 laudem
921 1047 1101 1118 gloria:
1136 1047 1247 1116 ejus
1266 1086 1281 1110 ,
1310 1061 1402 1100 nos
1423 1086 1438 1112 ,
1472 1045 1560 1114 qui
1586 1052 1702 1097 ante
1742 1042 1970 1112 speravi-

426 1157 545 1192 mus
572 1140 625 1192 in
675 1138 883 1194 Christo
913 1155 931 1191 :
974 1139 1063 1194 15.
1108 1139 1162 1190 in
1204 1154 1304 1207 quo
1345 1147 1394 1191 et
1428 1153 1516 1190 vos
1546 1152 1661 1189 cum
1700 1134 1971 1189 audissetis

420 1233 635 1286 uerbum
658 1232 916 1296 veritatis,
956 1231 1271 1301 evangelium
1298 1230 1481 1283 salutis
1526 1239 1703 1283 vestra:
1724 1268 1739 1293 ,
1791 1228 1843 1281 in
1873 1243 1971 1295 quo

424 1337 475 1379 et
528 1326 793 1379 credentes
820 1325 1009 1395 signati
1053 1324 1173 1377 estis
1202 1321 1404 1392 Spiritu
1451 1321 1805 1391 promissionis
1852 1336 1971 1373 san-

425 1429 530 1471 cto.
600 1417 686 1470 H.
748 1416 837 1483 qui
892 1425 963 1468 est
1022 1415 1209 1485 pignus
1266 1413 1564 1468 hereditatis
1628 1421 1846 1474 nostras,
1916 1410 1971 1463 in

416 1509 837 1578 redemptionem
866 1506 1241 1575 acquisitionis,
1277 1506 1329 1558 in
1360 1504 1563 1558 laudent
1586 1504 1764 1573 gloria'
1788 1501 1965 1572 ipsius.

428 1603 483 1656 1.
516 1601 736 1669 Ubique
784 1599 985 1654 Paulus
1031 1598 1357 1653 ineffabilem
1389 1597 1480 1651 Dei
1514 1598 1566 1651 in
1592 1611 1691 1650 nos
1723 1594 1968 1664 benigni-

346 1706 520 1750 tatem
550 1694 756 1748 studuit
781 1692 1097 1759 ostendere,
1128 1692 1303 1763 quoad
1332 1691 1449 1761 ejus
1471 1690 1589 1745 ﬁeri
1620 1689 1810 1760 potuit.
1837 1687 1967 1741 Nam

350 1787 499 1858 quod
550 1794 805 1839 accurate
851 1800 959 1839 non
992 1785 1195 1854 possit,
1231 1783 1356 1837 audi
1387 1782 1516 1853 quid
1559 1783 1675 1853 ipse
1702 1781 1847 1835 dicat
1880 1799 1893 1835 :
1924 1780 1969 1833 0

348 1878 576 1931 altitudo
607 1879 905 1931 divitiarum
935 1888 982 1931 et
1022 1877 1289 1946 sapientia:
1333 1887 1381 1929 et
1410 1876 1636 1930 scientite
1663 1873 1799 1928 Dei!
1817 1890 1970 1943 quam

353 1972 706 2025 inseratabilia
734 1982 854 2024 sunt
871 1970 1075 2040 judicia
1100 1971 1231 2039 ejus,
1262 1979 1310 2025 et
1333 1967 1705 2037 investigabiles
1727 1968 1820 2021 via:
1859 1967 1969 2035 ejus

363 2063 381 2115 l
415 2064 565 2117 Rom.
602 2064 687 2116 11.
735 2062 877 2132 35)!
923 2073 1296 2117 verumtamen
1341 2061 1579 2115 ostendit
1636 2060 1808 2129 quoad
1852 2059 1968 2129 ejus

356 2155 472 2208 lieri
521 2162 719 2222 potest.
767 2153 910 2221 Quid
967 2168 1096 2223 ergo
1133 2152 1284 2214 dicit.
1332 2151 1401 2206 In
1446 2169 1547 2223 quo
1601 2161 1648 2207 et
1695 2168 1786 2205 nos
1835 2160 1969 2204 sorte

350 2250 516 2303 vocati
567 2266 744 2302 sumus
798 2247 1192 2317 prwdestinati?
1224 2247 1366 2301 Dixit
1393 2246 1642 2315 superius
1676 2262 1687 2297 :
1724 2243 1833 2298 Nos
1860 2243 1966 2297 ele-

346 2344 422 2414 git
453 2358 477 2398 :
509 2343 596 2396 hic
649 2342 812 2407 dicit,
872 2341 1027 2396 Sorte
1086 2341 1249 2394 vocati
1308 2356 1501 2395 sumus.
1555 2338 1660 2393 Sed
1711 2338 1964 2408 quoniam

348 2448 473 2487 sors
500 2445 790 2500 esteasus,
817 2449 923 2487 non
958 2431 1111 2487 liberi
1144 2432 1351 2486 arbitrii
1376 2446 1476 2485 nec
1499 2430 1745 2496 virtutis;
1778 2428 1965 2483 adlue-

346 2537 435 2582 ret
479 2527 626 2582 enim
682 2526 1011 2597 ignorationi
1063 2534 1119 2581 et
1169 2524 1393 2579 fortuito
1421 2525 1602 2588 casui,
1633 2532 1689 2579 et
1731 2538 1875 2594 smpe
1900 2522 1966 2578 iis

340 2622 571 2675 omissis
593 2622 682 2691 qui
717 2631 843 2674 sunt
869 2619 1068 2673 virtute
1100 2619 1310 2690 prmdili
1331 2662 1346 2681 ,
1375 2634 1471 2673 eos
1502 2619 1552 2672 in
1578 2617 1810 2672 medium
1844 2632 1969 2685 pro-

345 2717 501 2769 ducit
532 2715 623 2783 qui
677 2715 882 2784 indigni
912 2723 1037 2768 sunt
1077 2730 1311 2784 quorum
1342 2713 1452 2767 ulla
1501 2712 1762 2766 habeatur
1792 2710 1961 2776 ratio;

344 2808 474 2862 vide
498 2806 776 2877 quomodo
798 2806 848 2861 id
872 2807 1127 2877 carrigat.
1158 2804 1535 2869 Prtedestinati,
1565 2804 1754 2873 inquit,
1784 2819 1968 2857 secun-

337 2901 473 2954 dum
496 2901 815 2970 propositum
839 2900 950 2969 ejus
977 2900 1061 2968 qui
1083 2908 1325 2966 operatur
1346 2898 1537 2951 omnia.
1571 2897 1683 2952 Hoc
1703 2906 1823 2962 est,
1858 2912 1963 2950 non

340 2993 571 3048 fortuito
598 3003 654 3049 et
682 3002 829 3048 sorte
857 2994 1029 3047 vocati
1072 2992 1155 3047 vel
1185 2991 1343 3046 electi
1383 3006 1605 3055 sumus;
1640 2991 1783 3045 Deus
1820 2990 1963 3045 enim

341 3094 433 3141 est
478 3084 570 3154 qui
615 3083 809 3154 elegit;
838 3098 1015 3153 neque
1061 3082 1283 3138 fortuito
1316 3082 1381 3137 ad
1413 3084 1550 3135 hanc
1586 3092 1786 3136 sortem
1812 3082 1966 3136 veni-

342 3193 511 3243 mus;
549 3178 695 3233 Deus
742 3178 887 3232 enim
912 3186 996 3231 est
1020 3176 1111 3247 qui
1141 3176 1209 3231 ad
1237 3186 1439 3231 sortem
1481 3176 1688 3230 vocavit
1714 3194 1728 3241 ;
1753 3174 1846 3229 sed
1874 3190 1963 3230 se-

342 3269 587 3323 cundum
618 3270 979 3338 prepositum.
1010 3268 1123 3322 lloc
1158 3268 1319 3321 etiam
1368 3268 1421 3321 in
1450 3267 1688 3337 Epistula
1741 3267 1805 3321 ad
1854 3267 1965 3321 Ro-

345 3374 546 3415 manos
572 3360 819 3414 scribens
844 3358 976 3414 dicit
1008 3376 1021 3412 :
1058 3359 1159 3423 Qui
1206 3358 1489 3412 secundum
1518 3358 1835 3429 propositum
1880 3373 1966 3410 vo-

342 3452 450 3504 cati
488 3460 605 3504 sunt
635 3450 822 3505 sancti.
857 3448 999 3515 Quos
1025 3451 1220 3502 vocavit
1242 3492 1255 3511 ,
1295 3465 1381 3503 eos
1407 3459 1455 3501 et
1477 3450 1813 3518 justi/ienuit;
1841 3465 1966 3518 quos

343 3543 833 3614 antemjusti/icavit
854 3583 870 3608 ,
902 3558 988 3595 eos
1004 3551 1051 3595 et
1072 3541 1381 3612 gloriﬁcavit
1411 3540 1600 3615 (Rom.
1625 3540 1678 3611 8.
1711 3539 1805 3599 28,
1835 3538 1902 3595 50
1921 3538 1963 3609 ).

344 3636 485 3690 Cum
534 3635 682 3705 prius
726 3633 988 3698 dixisset,
1044 3631 1123 3685 lis
1172 3634 1259 3703 qui
1310 3633 1588 3688 secundum
1649 3631 1966 3702 prapositum

344 3728 517 3781 vocati
541 3736 680 3792 sunt,
728 3725 889 3780 simul
923 3725 1089 3783 etiam
1133 3727 1323 3781 volens
1350 3725 1640 3781 ostendere
1670 3734 1866 3794 quanta
1898 3723 1967 3777 sit

346 3836 544 3875 eorum
576 3821 927 3891 praestantia,
989 3819 1035 3874 si
1083 3819 1433 3874 conferantur
1482 3834 1605 3872 cum
1646 3817 1786 3882 aliis,
1833 3816 1968 3871 dixit

344 3914 515 3966 etiam
544 3921 785 3977 Sortem;
811 3913 883 3966 ita
932 3920 990 3966 ut
1017 3910 1249 3967 liberum
1280 3924 1386 3964 non
1419 3909 1633 3965 tolleret
1658 3907 1963 3963 arbitrium.

344 4003 509 4071 Quod
543 4004 705 4074 igitur
722 4002 896 4072 magis
916 4001 982 4055 ad
1019 3999 1404 4055 beatitudinem
1436 3999 1686 4069 pertinet,
1734 3997 1837 4053 huc
1867 4013 1966 4067 po-

348 4098 457 4151 nit.
488 4096 623 4149 Sors
656 4095 802 4149 enim
849 4102 1065 4147 nonest
1107 4092 1344 4156 virtutis,
1377 4091 1494 4158 sed,
1542 4100 1601 4145 ut
1648 4091 1718 4145 ita
1758 4091 1961 4157 dicam,

346 4202 535 4243 casus.
570 4190 648 4242 Ac
679 4186 723 4239 si
747 4185 869 4255 quis
900 4185 1129 4249 diceret,
1157 4184 1319 4239 Sorte
1348 4183 1484 4238 facta
1518 4197 1618 4237 nos
1646 4182 1825 4253 elegit.
1858 4184 1963 4239 T0—

350 4293 469 4336 tutn
498 4290 681 4335 autent
710 4280 790 4333 sic
819 4277 1122 4348 intelligas,
1152 4277 1220 4330 ab
1248 4275 1417 4330 animi
1450 4276 1692 4330 instituto
1719 4286 1775 4330 et
1796 4276 1966 4331 libero

348 4372 582 4428 arbitrio
625 4370 1038 4441 prmdestinatos
1056 4410 1069 4434 ,
1100 4368 1203 4423 hoc
1227 4378 1311 4423 est
1330 4409 1346 4435 ,
1374 4367 1478 4423 sibi
1504 4366 1706 4421 electos
1731 4366 1967 4424 destina-

348 4466 433 4519 vit
478 4478 545 4518 ac
576 4462 797 4532 posuit:
833 4470 1041 4531 utputa,
1098 4460 1231 4514 vidit
1257 4474 1358 4513 nos
1384 4459 1695 4529 priusquam
1724 4473 1966 4513 essemus

347 4567 504 4615 sorte
528 4556 703 4611 vocati
738 4574 750 4609 :
785 4565 869 4609 est
904 4555 1049 4609 enim
1100 4552 1413 4608 admiranda
1466 4552 1559 4607 Dei
1595 4552 1926 4621 praescientia
1948 4592 1962 4615 ,

348 4669 477 4724 qua:
503 4652 685 4706 omnia
708 4652 860 4705 novit
884 4650 1193 4719 priusquam
1219 4663 1283 4703 ea
1306 4647 1518 4704 tierent.
1543 4646 1625 4702 Tu
1646 4658 1825 4702 autem
1848 4647 1967 4703 vide

349 4742 634 4817 quomodo
664 4742 863 4809 ubique
892 4743 1045 4811 ponit
1092 4739 1329 4795 studium
1354 4781 1369 4807 ,
1425 4749 1481 4795 ut
1507 4738 1795 4805 ostendat,
1825 4739 1965 4809 quod

350 4852 463 4892 non
487 4851 553 4890 ex
588 4834 926 4905 poenitentia,
960 4832 1056 4888 sed
1082 4849 1148 4887 cx
1173 4832 1240 4887 ab
1267 4834 1377 4887 alto
1402 4832 1567 4903 petito
1590 4832 1853 4903 principio
1885 4848 1971 4887 res

348 4943 548 4983 omnes
575 4928 647 4981 ita
669 4927 779 4981 sint
804 4925 1122 4989 ell‘ormatae,
1151 4934 1207 4979 ut
1229 4925 1281 4979 in
1305 4924 1407 4979 hoc
1427 4925 1559 4980 nihil
1581 4927 1749 4981 simus
1771 4924 1970 4979 Iudaeis

349 5023 633 5087 minores,
666 5029 721 5075 et
751 5019 874 5074 ideo
904 5034 1001 5089 pro
1028 5019 1130 5073 hoc
1150 5017 1278 5074 facit
1304 5018 1506 5075 omnia.
1533 5018 1815 5087 Quomodo
1840 5032 1970 5088 ergo

348 5114 485 5169 dicit
507 5113 626 5182 ipse
653 5111 902 5168 Christus
924 5154 937 5175 ,
969 5128 1029 5166 se
1058 5126 1166 5166 non
1193 5126 1315 5166 e~se
1348 5112 1597 5173 missum,
1624 5110 1739 5167 Nisi
1767 5120 1834 5165 aa
1856 5127 1970 5165 oves

346 5222 467 5278 qua
498 5206 758 5276 perierant
784 5205 964 5257 domus
990 5201 1153 5259 Israel
1176 5202 1391 5274 (Matth.
1428 5203 1516 5258 15.
1544 5202 1680 5272 24)?
1709 5212 1764 5257 et
1784 5218 1969 5258 rursus

346 5301 574 5355 dicebat
602 5299 915 5368 discipulis,
946 5296 1011 5352 In
1048 5299 1183 5352 viam
1212 5299 1439 5369 gentium
1467 5314 1528 5351 ne
1555 5296 1805 5362 abieritis,
1837 5307 1885 5350 et
1912 5298 1968 5351 in

344 5392 608 5445 civitatem
641 5390 1090 5445 Samaritanorum
1136 5407 1199 5444 ne
1246 5391 1442 5444 intretis
1473 5392 1493 5458 (
1519 5389 1711 5445 Matth.
1742 5390 1831 5446 10.
1857 5389 1970 5460 5)?

345 5494 401 5538 et
437 5484 557 5553 ipse
586 5498 804 5553 quoque
835 5482 1032 5537 Paulus
1054 5482 1288 5546 dicebat,
1326 5480 1477 5536 Vobis
1504 5491 1613 5536 erat
1636 5497 1832 5537 necesse
1862 5480 1970 5552 pri-

347 5594 491 5630 munt
520 5576 663 5646 loqui
688 5575 890 5630 verbum
922 5574 1016 5628 Dei
1044 5591 1063 5628 :
1093 5574 1336 5645 quoniam
1366 5584 1534 5629 autem
1565 5576 1729 5643 ipsunt
1767 5574 1972 5643 repelli-

346 5671 413 5723 tis
437 5710 455 5735 ,
480 5678 529 5721 et
552 5684 640 5722 vos
664 5685 765 5721 non
788 5667 1041 5737 judicatis
1084 5667 1267 5738 dignos
1311 5668 1413 5721 vita
1452 5676 1678 5733 teter-na,
1708 5683 1822 5720 ecce
1842 5683 1968 5720 con-

344 5762 600 5817 vertimur
640 5762 708 5814 ad
751 5771 927 5832 gentes
972 5761 1124 5827 (Act.
1157 5761 1243 5816 15.
1293 5759 1437 5829 46γέ
1491 5760 1785 5829 Propterea
1822 5758 1967 5813 enim

346 5854 469 5909 haec
494 5853 772 5919 dicuntur,
801 5869 869 5908 ne
908 5854 1032 5922 quis
1061 5853 1335 5907 existimet
1362 5852 1476 5907 hac
1506 5852 1669 5907 fuisse
1703 5860 1906 5907 remota
1937 5867 1969 5907 a

344 5960 453 6002 suo
484 5944 757 6000 instituto.
789 5944 1084 6000 Secundum
1118 5945 1437 6017 propositum
1460 5983 1476 6010 ,
1507 5944 1696 6014 inquit,
1732 5945 1842 6011 ejus
1881 5944 1969 6017 qui

2080 777 2323 835 operatur
2370 768 2543 820 omnia
2576 770 2857 825 secundum
2904 776 3173 829 consilium
3223 778 3499 835 voluntatis
3550 800 3681 840 sate.

2082 857 2195 912 Hoc
2218 867 2323 924 est,
2351 858 2485 913 nihil
2518 870 2702 928 postea
2730 875 2985 931 operatus
3006 879 3107 931 cst,
3141 872 3339 940 quippe
3366 876 3457 944 qui
3498 878 3680 930 omnia

2080 964 2291 1002 sursum
2323 948 2671 1019 disposuerit.
2706 953 2777 1006 Ita
2811 957 2924 1024 ipse
2950 959 3107 1012 linem
3134 962 3358 1029 imponit
3383 968 3681 1024 secundum

2083 1042 2365 1096 consilium
2397 1043 2686 1099 voluntatis
2712 1062 2843 1101 sum.
2889 1050 3250 1114 Quamobrem
3293 1072 3399 1111 non
3426 1062 3681 1127 quoniam

2080 1147 2185 1187 non
2212 1134 2561 1189 attendebant
2611 1136 2806 1202 Ιυάςυί,
2854 1151 3136 1209 propterea
3188 1149 3401 1202 vocavit
3450 1162 3679 1220 gentes,

2079 1242 2253 1296 neque
2280 1238 2536 1293 coactus,
2579 1245 2755 1299 neque
2797 1248 2860 1286 ex
2913 1234 3014 1289 illis
3042 1236 3323 1305 impulsus.
3368 1241 3437 1297 Ut
3489 1246 3683 1311 simus,

2080 1318 2270 1388 inquit,
2296 1336 2388 1374 nos
2410 1338 2461 1373 tn
2505 1322 2710 1375 laudem
2740 1325 2917 1393 gloriw
2948 1330 3060 1395 ejus
3082 1371 3097 1394 ,
3128 1346 3218 1384 nos
3243 1333 3331 1401 qui
3356 1344 3473 1387 ante
3500 1353 3680 1405 spera-

2077 1411 2242 1465 vimus
2268 1412 2321 1465 in
2345 1412 2546 1467 Christo
2580 1416 2673 1477 ;in
2711 1433 2811 1485 quo
2840 1428 2885 1471 et
2914 1434 3002 1472 vos
3030 1437 3145 1474 cum
3175 1425 3447 1481 audissetis
3478 1429 3681 1483 verbum

2076 1506 2335 1570 veritatis,
2392 1508 2709 1578 evangelium
2758 1511 2941 1564 salutis
2994 1523 3174 1568 vestra:
3205 1531 3224 1569 :
3277 1521 3376 1574 hoc
3422 1530 3538 1587 est,
3586 1539 3681 1592 per

2076 1612 2257 1667 quem.
2297 1597 2427 1653 Vide
2455 1598 2728 1655 Christum
2754 1603 2953 1671 ubique
2975 1618 3093 1659 esse
3117 1619 3390 1664 auctorem
3414 1613 3679 1677 omnium,

2076 1699 2130 1743 et
2158 1703 2420 1761 nusquam
2451 1706 2572 1746 esse
2602 1708 2797 1747 nomen
2822 1694 3161 1763 administri,
3204 1716 3379 1771 neque
3422 1704 3676 1761 ministri.

2076 1782 2226 1837 Sicut
2251 1784 2413 1839 etiam
2442 1784 2572 1839 dicit
2598 1786 2723 1841 alibi
2746 1788 2988 1844 scribens
3005 1790 3070 1845 ad
3096 1791 3352 1848 Hebraeus
3384 1814 3397 1851 :
3432 1798 3531 1862 Qui
3555 1797 3677 1853 oliui

2075 1876 2312 1947 loquutus
2342 1879 2571 1948 patribus
2588 1882 2783 1935 nostris
2818 1882 2869 1935 in
2909 1885 3171 1953 prophetis
3190 1929 3204 1951 ,
3236 1890 3522 1944 novissimis
3554 1904 3677 1947 tem-

2075 1968 2280 2037 poribus
2303 1969 2539 2040 loquutus
2559 1981 2630 2025 est
2656 1973 2797 2027 nobis
2823 1974 2874 2027 in
2907 1974 3049 2030 Filio
3077 1975 3265 2045 (llebr.
3294 1980 3342 2033 1.
3366 1982 3414 2035 1.
3446 1982 3502 2051 2)
3528 2000 3543 2049 ;
3577 1984 3679 2040 hoc

2074 2068 2179 2120 est,
2214 2075 2311 2129 per
2354 2060 2572 2116 Filium.
2624 2060 2842 2116 Verbum
2871 2064 3001 2120 dicit
3028 2068 3274 2135 veritatis,
3311 2085 3415 2124 non
3445 2073 3677 2143 amplius

2078 2152 2302 2206 verbum
2342 2151 2547 2222 figurat,
2592 2169 2692 2209 nec
2727 2155 2994 2226 imaginis.

2148 2244 2481 2316 Evangelium
2524 2248 2703 2301 salutis
2745 2265 2837 2301 cur
2888 2251 2961 2303 ita
3015 2252 3315 2305 dictum.—
3344 2252 3676 2327 Evangelium

2072 2338 2254 2392 salutis
2276 2348 2483 2393 nostrw.
2519 2340 2584 2393 Et
2612 2349 2757 2395 recte
2780 2341 2952 2410 ipsum
2979 2354 3133 2397 vocat
3154 2348 3486 2414 cvangeéiunt
3527 2349 3675 2401 salu-

2074 2430 2177 2496 tis,
2213 2431 2403 2500 partim
2440 2432 2657 2500 quidem
2678 2432 2744 2486 ad
2778 2433 2973 2504 legem,
3008 2437 3199 2505 partim
3230 2447 3407 2492 autem
3439 2439 3503 2493 ad
3528 2439 3673 2493 futu-

2074 2538 2185 2575 ram
2214 2523 2547 2591 punitionem
2563 2524 2967 2593 significandam
2987 2528 3316 2583 subobscure
3339 2530 3677 2600 loquelis.Ni-

2073 2613 2147 2668 ltil
2196 2623 2281 2669 est
2335 2616 2477 2670 enim
2528 2616 2672 2670 aliud
2736 2618 3076 2686 prtedicalio,
3128 2636 3289 2690 quam
3339 2625 3672 2693 evangelium

2072 2705 2261 2760 salutis
2286 2748 2300 2771 ,
2327 2707 2469 2777 quod
2496 2722 2601 2761 non
2634 2710 2865 2777 amplius
2896 2711 3074 2779 perdit
3100 2728 3194 2765 eos
3219 2714 3305 2779 qui
3355 2714 3500 2783 digni
3551 2726 3676 2770 sunt

2072 2799 2160 2869 qui
2198 2810 2439 2868 pereant.
2466 2799 2532 2854 In
2577 2801 2713 2870 quod
2753 2813 2799 2855 et
2832 2804 3087 2858 credentes
3115 2806 3303 2876 signati
3328 2809 3444 2861 estis
3473 2807 3674 2877 Spiritu

2071 2891 2425 2961 promissionis
2479 2904 2687 2957 sancto,
2740 2895 2827 2963 qui
2874 2903 2946 2949 est
3000 2896 3184 2966 pignus
3236 2898 3528 2953 hereditatis
3577 2917 3672 2954 no-

2069 2994 2211 3039 stris.
2269 2984 2475 3041 Rursus
2522 3002 2772 3057 magnum
2832 2998 2915 3042 est
2963 2987 3220 3044 iudicium
3275 3005 3418 3045 cura:
3445 3001 3500 3046 et
3552 3010 3675 3062 pro-

2071 3077 2359 3145 videntim,
2403 3080 2546 3150 quod
2593 3080 2699 3134 sint
2759 3081 2985 3151 signati,
3028 3098 3135 3136 non
3188 3085 3457 3152 separati;
3514 3095 3675 3154 atque

2072 3170 2217 3241 quod
2249 3186 2354 3226 non
2379 3172 2551 3227 solum
2582 3174 2690 3227 sint
2717 3184 2863 3229 ειμι-ιθ
2893 3175 3101 3239 vocati,
3135 3175 3229 3229 scd
3272 3179 3431 3229 etiam
3458 3176 3672 3245 signati.

2072 3262 2533 3331 Quemadmodum
2564 3266 2706 3320 enim
2735 3266 2778 3319 si
2808 3266 2929 3335 quis
2955 3282 3050 3321 eos
3076 3266 3166 3336 qui
3190 3276 3338 3320 sorte
3367 3267 3679 3337 obtigerunt.

2074 3356 2387 3410 manifestos
2416 3356 2638 3419 fecerit;
2668 3358 2739 3410 ita
2785 3358 2948 3412 etiam
3000 3357 3143 3411 Deus
3182 3371 3278 3410 eos
3316 3358 3581 3425 separavit
3612 3374 3675 3412 ac

2073 3450 2305 3504 secrevit
2333 3448 2400 3502 ad
2427 3448 2757 3504 credendum
2792 3466 2805 3502 :
2834 3448 3073 3519 signavit
3106 3448 3175 3503 ad
3210 3449 3312 3505 hoc
3351 3460 3409 3504 ut
3439 3449 3546 3504 sint
3576 3449 3674 3504 lte-

2074 3539 2231 3594 redes
2260 3539 2582 3593 fnturormn.

2145 3632 2202 3687 2.
2242 3632 2399 3688 Vides
2447 3633 2720 3703 quomodo
2762 3633 3088 3704 procedente
3134 3645 3379 3704 tempore
3425 3651 3522 3691 eos
3552 3636 3676 3691 facit

2073 3726 2439 3781 admirabiles.
2475 3725 2607 3780 Nam
2634 3726 2888 3797 quamdiu
2933 3726 3151 3781 fuerunt
3199 3729 3252 3782 in
3312 3728 3672 3797 przescieutia,

2076 3820 2207 3875 nulli
2269 3818 2486 3874 fuerunt
2544 3819 3163 3891 manifestizpostquant
3221 3832 3401 3877 autem
3460 3821 3680 3883 fuerunt

2074 3913 2287 3984 signati,
2326 3913 2536 3966 fuerunt
2576 3912 2865 3978 manifesti,
2896 3912 2989 3968 sed
3024 3931 3127 3967 non
3177 3914 3313 3969 sicut
3361 3929 3681 3975 voszeruttt

2075 4008 2219 4063 enim
2254 4005 2521 4061 manifesti
2555 4017 2750 4076 prreter
2778 4022 2996 4073 paucos.
3032 4008 3237 4081 Signati
3269 4011 3484 4066 fuerttnt
3512 4013 3677 4073 etiam

2078 4098 2355 4169 Israelita},
2393 4098 2487 4157 sed
2518 4099 2952 4165 circumcisione,
2985 4102 3125 4159 sicut
3165 4118 3360 4173 pecora
3390 4114 3447 4159 et
3477 4104 3631 4161 bruta
3660 4122 3674 4159 ε

2077 4209 2177 4249 nos
2219 4209 2433 4265 quoque
2480 4210 2665 4249 sumus
2711 4195 2925 4265 signati,
2975 4195 3070 4249 sed
3120 4196 3255 4251 sicut
3289 4196 3403 4262 lilii,
3450 4197 3675 4266 Spiritu.

2076 4284 2215 4350 Quid
2247 4293 2349 4348 est,
2382 4284 2587 4355 Spiritu
2618 4286 3009 4355 promissionis?
3048 4289 3151 4340 Aut
3177 4287 3318 4357 quod
3346 4302 3411 4343 ex
3442 4289 3677 4357 promis-

2077 4378 2231 4432 sione
2260 4375 2433 4447 ipsum
2463 4379 2853 4447 acceperimus.
2890 4379 3017 4433 Du=e
3045 4380 3188 4435 enim
3219 4390 3345 4434 sunt
3372 4382 3681 4449 promissio-

2076 4482 2195 4533 nes,
2245 4484 2349 4522 una
2390 4468 2608 4539 quidem
2660 4486 2757 4540 per
2803 4470 3115 4540 prophetas,
3161 4472 3328 4528 altera
3369 4483 3548 4528 autem
3582 4490 3680 4544 per

2078 4558 2269 4613 Filium
2296 4578 2309 4614 :
2336 4575 2432 4629 per
2452 4560 2739 4631 pr0phetas
2756 4579 2770 4628 ;
2789 4563 2912 4617 audi
2942 4562 3148 4620 letalem
3171 4564 3462 4633 dicentem,
3482 4563 3677 4633 Eﬂ'utt-

2077 4651 2196 4704 dam
2224 4668 2285 4705 ea:
2316 4652 2514 4723 Spiritu
2547 4669 2656 4706 meo
2682 4670 2834 4720 super
2874 4671 3071 4708 omnem
3100 4672 3305 4712 carnem
3330 4698 3344 4720 ,
3376 4666 3423 4711 et
3454 4657 3680 4728 prophe-

2082 4745 2260 4798 tabunt
2290 4745 2387 4812 ﬁlii
2423 4746 2573 4799 vestri
2603 4754 2650 4798 et
2681 4745 2806 4814 ﬁlim
2840 4756 3039 4813 vestrm,
3065 4759 3112 4800 et
3140 4747 3485 4802 adolescentes
3529 4750 3682 4803 vestri

2077 4836 2313 4891 videbunt
2358 4837 2593 4904 visiones,
2632 4848 2678 4892 et
2703 4838 2922 4891 seniores
2964 4839 3115 4892 vestri
3140 4840 3337 4893 somnia
3355 4840 3680 4895 sonmiabunt

2078 4926 2219 4996 (Joel
2267 4928 2321 4985 2.
2349 4927 2465 4997 28);
2507 4928 2629 4983 audi
2655 4940 2835 4984 autem
2865 4944 3051 4984 rursus
3075 4929 3344 4985 Christum
3387 4930 3675 4996 dicentem,

2081 5016 2146 5071 Et
2172 5019 2426 5087 accipietis
2457 5020 2689 5072 virtutem
2728 5021 3124 5091 supervenientis
3148 5023 3307 5076 sancti
3335 5021 3564 5091 Spiritus
3592 5040 3680 5077 su-

2080 5127 2170 5179 per
2195 5126 2303 5176 vos,
2329 5120 2378 5164 et
2405 5125 2446 5163 et
2460 5110 2544 5167 itis
2563 5109 2685 5163 mihi
2713 5119 2859 5164 testes
2886 5110 2939 5164 in
2962 5111 3255 5165 Jerusalem
3281 5122 3326 5164 et
3354 5122 3460 5166 tota
3487 5111 3677 5168 Judwa

2078 5211 2125 5256 et
2166 5201 2407 5258 Samaria
2447 5212 2491 5257 et
2534 5218 2692 5274 usque
2736 5202 2805 5259 ad
2844 5213 3123 5259 extremum
3162 5217 3309 5257 terra:
3338 5203 3475 5272 (Act.
3517 5206 3568 5261 1.
3598 5206 3678 5277 8).

2080 5297 2240 5372 Atqui
2259 5297 2545 5368 oportebat
2568 5298 2739 5365 ipsum
2760 5304 3028 5366 tamquam
3055 5297 3218 5351 Deum
3242 5312 3364 5353 esse
3378 5298 3680 5359 creditum:

2079 5388 2176 5443 sed
2208 5387 2275 5443 de
2304 5388 2406 5443 hoc
2431 5404 2536 5442 non
2566 5388 2766 5443 acriter
2786 5387 3084 5452 contendit,
3118 5387 3211 5442 sed
3242 5390 3515 5445 examinat
3546 5400 3683 5446 tam-

2078 5496 2239 5550 quam
2256 5480 2325 5536 de
2346 5464 2587 5547 homine,
2608 5481 2744 5535 sicut
2766 5480 2817 5534 in
2844 5479 3080 5550 Epistula
3102 5478 3167 5533 ad
3192 5479 3449 5537 llebrwos
3469 5483 3677 5551 dicens,

2082 5570 2152 5628 Ut
2195 5588 2284 5641 per
2322 5571 2455 5626 duas
2484 5588 2565 5627 res
2609 5570 2910 5636 immobiles,
2953 5570 3007 5624 in
3048 5570 3229 5643 quibus
3270 5573 3580 5643 impossilile
3607 5585 3681 5630 est

2080 5663 2285 5717 mentiri
2329 5662 2513 5729 Deum,
2544 5662 2880 5732 fortissimum
2909 5662 3150 5721 solatium
3180 5663 3454 5721 habeamus
3480 5665 3677 5737 (Hebr.

2079 5756 2133 5811 6.
2162 5756 2272 5827 18).
2306 5755 2381 5811 ita
2412 5757 2572 5812 etiam
2602 5753 2689 5810 hic
2715 5770 2780 5810 ex
2806 5754 2873 5810 iis
2901 5771 3021 5826 qua:
3047 5757 3170 5812 data
3201 5768 3325 5813 sunt
3350 5758 3495 5814 ducit
3519 5759 3671 5829 argu-

2082 5860 2322 5903 mentum
2366 5848 2743 5918 promissionis
2788 5845 3118 5905 futurorum.
3171 5849 3467 5919 Propterea
3511 5851 3673 5905 etiam

2079 5940 2294 5997 arrham
2346 5938 2726 6000 vocatznrt-ba
2776 5940 2922 5997 enim
2972 5949 3056 5997 est
3098 5955 3224 6013 pars
3270 5941 3454 5997 totius.
3509 5938 3679 6006 Emit,
