4140 6528
537 377 601 440 19
1262 376 1318 431 S.
1358 374 1636 432 JOANNIS
1672 373 2146 433 CllRYSOSTOMl
2188 375 2506 432 ARCHIEP.
2547 376 3079 442 CONSTANTINOP.

530 496 670 564 quod
713 497 779 551 ad
825 511 921 552 nos
967 495 1181 567 quidem
1225 494 1439 562 attinet,
1485 503 1724 550 nostram
1766 493 2016 557 salutem.
2063 502 2121 548 et

531 586 745 642 interim
793 586 951 643 nobis
998 586 1147 642 dedit
1183 584 1421 640 arrham.
1471 586 1584 641 Cur
1612 600 1741 655 ergo
1784 599 1890 640 non
1938 583 2117 638 statim

529 687 699 734 totum
745 679 928 734 dedit?
967 679 1232 747 Quoniam
1279 692 1455 748 neque
1501 692 1602 733 nos
1653 687 1823 732 totum
1871 675 2113 733 fecimus.

529 769 861 826 Credidimus
886 788 899 823 :
923 770 1025 825 hoc
1065 778 1149 826 est
1176 769 1530 840 principium;
1569 768 1718 824 dedit
1746 767 1863 837 ipse
1900 782 2116 839 quoque

525 862 755 918 errham.
786 863 1009 937 Quando
1037 863 1193 918 fidem
1220 878 1315 933 per
1340 877 1501 932 opera
1536 861 1956 927 ostenderimus,
1988 870 2115 917 tunc

520 953 667 1007 addit
709 961 900 1007 totum.
933 953 1046 1007 lmo
1086 967 1216 1008 vero
1258 952 1404 1007 aliud
1430 967 1646 1023 quoque
1680 951 1828 1007 dedit
1855 953 2108 1020 pretium,

519 1042 798 1110 proprium
840 1044 1177 1112 sanguinem,
1208 1055 1262 1097 et
1303 1056 1489 1097 rursus
1528 1041 1673 1097 aliud
1701 1050 1785 1096 est
1814 1041 2105 1112 pollicitus.

515 1135 744 1190 Perinde
773 1151 835 1191 ac
865 1137 911 1191 si
936 1136 1188 1206 gentibus
1211 1135 1407 1189 bellum
1435 1143 1579 1189 esset
1604 1134 1864 1188 adversus
1892 1144 2103 1204 gentes,

512 1228 644 1281 dant
688 1226 1043 1283 obsideszita
1093 1225 1241 1285 Deus
1277 1226 1425 1281 dedit
1472 1225 1664 1281 Filium
1712 1240 1869 1279 suum
1915 1224 2105 1295 pignus

513 1320 660 1389 pacis
699 1328 755 1375 et
791 1318 1079 1385 foederum,
1108 1326 1165 1374 et
1206 1315 1465 1389 Spiritum
1512 1325 1756 1371 sanetum
1798 1316 1888 1387 qui
1927 1324 2101 1370 estex

512 1414 665 1481 ipso:
692 1428 815 1468 nam
843 1413 932 1484 qui
972 1427 1103 1468 vere
1128 1422 1254 1466 sunt
1292 1410 1524 1480 Spiritus
1571 1410 1881 1480 participes,
1924 1409 2101 1463 sciunt

509 1520 628 1559 eum
654 1520 776 1561 esse
819 1504 1033 1559 arrham
1063 1501 1399 1559 hereditatis.
1428 1502 1571 1556 Talis
1600 1510 1717 1563 erat
1761 1501 1978 1563 Paulus,
2007 1501 2097 1569 qui

508 1595 597 1650 hic
642 1604 883 1666 gustarat
924 1610 985 1650 ea
1018 1610 1137 1665 qua:
1177 1593 1287 1648 illic
1331 1601 1573 1648 suut:et
1615 1593 1736 1648 ideo
1779 1592 2004 1664 urgebat
2043 1602 2098 1647 et

505 1686 832 1755 parturiebat
858 1698 919 1740 ut
947 1701 1066 1754 qua:
1090 1685 1177 1740 hic
1202 1693 1331 1741 sunt
1366 1685 1681 1747 dimitteret,
1711 1694 1765 1740 et
1804 1686 2051 1755 gemebat
2077 1704 2091 1737 :

502 1778 622 1833 aliis
665 1778 809 1833 enim
856 1777 1071 1833 videbat
1113 1777 1305 1843 oculis,
1352 1787 1412 1831 ut
1455 1778 1544 1846 qui
1592 1785 1826 1832 mentem
1876 1792 2091 1832 omnem

502 1871 625 1925 illuc
652 1870 1028 1925 transtulisset.
1053 1869 1251 1925 Rerum
1270 1884 1377 1923 non
1394 1883 1451 1923 es
1472 1869 1739 1938 particeps
1764 1887 1777 1923 :
1808 1880 2089 1939 propterea

499 1964 658 2016 etiam
709 1976 739 2015 a
789 1960 966 2016 verbis
994 1961 1217 2015 excidis.
1268 1960 1324 2016 Si
1352 1974 1597 2015 essemus
1624 1974 1814 2015 omnes
1860 1959 2091 2033 Spiritus

497 2052 808 2122 participes,
854 2062 912 2107 ut
938 2052 1227 2122 participes
1254 2066 1375 2106 esse
1404 2058 1704 2121 oporteret,
1733 2060 1787 2107 et
1810 2052 1974 2107 caelus
2001 2052 2086 2106 vi-

495 2145 744 2199 deremus
769 2154 823 2200 et
850 2145 971 2215 quis
997 2144 1106 2198 illic
1130 2144 1202 2198 sit
1227 2152 1422 2198 status.
1452 2142 1749 2213 Gujusnam
1781 2143 1860 2198 rei
1891 2150 1974 2198 cst
2000 2157 2088 2197 ar-

493 2234 627 2288 rha?
650 2234 1077 2304 Redemptionis,
1108 2232 1475 2305 acquisitionis
1503 2251 1516 2287 :
1541 2248 1675 2303 pura
1700 2233 1844 2288 erum
1876 2242 2002 2289 tunc
2030 2234 2089 2289 lit

491 2326 812 2396 redemptio.
833 2325 965 2383 Nam
993 2341 1138 2381 nunc
1157 2325 1372 2396 quidem
1399 2334 1454 2380 et
1478 2324 1532 2379 in
1560 2323 1759 2380 mundo
1780 2338 2089 2396 versamur,

492 2430 543 2474 et
570 2419 739 2473 multa
768 2417 1002 2472 humana
1033 2418 1187 2474 nobis
1212 2416 1487 2483 accidunt,
1520 2426 1577 2472 et
1604 2430 1790 2471 sumus
1822 2431 1943 2470 eum
1978 2417 2074 2470 imv

492 2510 790 2579 piiszpura
846 2518 1025 2563 autem
1076 2517 1202 2563 tunc
1250 2516 1335 2563 est
1358 2506 1683 2576 redemptio,
1713 2506 1928 2577 quando
1978 2521 2081 2561 nec

485 2609 611 2654 sunt
654 2608 892 2669 pectatta,
937 2614 1036 2654 nec
1076 2598 1326 2653 humanae
1359 2597 1692 2661 atl'ectiones,
1741 2612 1918 2668 neque
1947 2612 2076 2669 pro-

486 2693 687 2748 miscue
717 2707 903 2752 sumus
923 2706 1046 2746 eum
1079 2690 1350 2746 omnibus.
1400 2689 1553 2745 Nune
1574 2699 1750 2745 autem
1781 2700 1865 2747 est
1891 2689 2071 2747 arrha.

484 2785 611 2840 Nam
643 2794 697 2841 et
723 2799 864 2840 nunc
891 2785 957 2840 ab
985 2784 1112 2853 ipsis
1137 2783 1413 2850 absumus,
1442 2790 1498 2838 et
1524 2783 1863 2838 conversatio
1891 2792 2074 2838 nostra

483 2893 587 2933 non
615 2887 696 2933 est
710 2892 873 2947 super
890 2885 1109 2943 terram,
1134 2883 1188 2930 et
1205 2890 1346 2929 nunc
1362 2890 1546 2929 sumus
1563 2883 1714 2928 extra
1737 2876 2026 2944 praesentia
2052 2892 2066 2928 Ï„

480 2985 602 3024 nam
637 2983 777 3023 nunc
804 2983 1019 3037 quoque
1051 2980 1238 3021 sumus
1266 2964 1508 3021 advenae.
1551 2964 1619 3019 In
1653 2964 1858 3020 laudem
1894 2966 2074 3037 gloria

479 3061 657 3129 ipsius.
687 3060 800 3115 [loc
826 3060 976 3129 ponit
1001 3058 1234 3114 assidue.
1265 3057 1507 3126 Quanam
1528 3057 1596 3112 de
1615 3058 1811 3113 causa?
1837 3058 1907 3115 Ut
1928 3059 2071 3129 quod

478 3152 606 3208 satis
630 3151 702 3205 sit
726 3150 792 3205 ad
822 3149 1120 3206 faciendam
1151 3148 1309 3203 fidem
1342 3147 1700 3203 auditoribus.
1731 3147 1864 3204 Nam
1894 3148 2069 3219 siqui-

477 3244 598 3299 dem
629 3252 814 3297 nostra
841 3257 1002 3297 causa
1040 3242 1157 3297 haec
1182 3242 1404 3307 faceret,
1438 3241 1630 3308 inquit,
1665 3258 1753 3297 res
1791 3257 1896 3297 non
1926 3252 2072 3300 esset

476 3335 591 3388 sine
611 3333 773 3387 dubio
803 3350 818 3387 :
845 3333 890 3386 si
916 3341 1093 3386 autem
1113 3341 1334 3401 propter
1360 3345 1443 3398 se,
1472 3338 1528 3385 et
1554 3339 1611 3384 ut
1637 3345 1788 3385 suam
1819 3332 2070 3387 ostendat

475 3428 792 3493 bonitatem,
852 3433 1123 3495 tamquam
1173 3423 1443 3493 quoddam
1499 3423 1865 3478 testimonium
1917 3424 2070 3494 ponit

473 3534 685 3573 causam
708 3515 848 3587 quod
872 3516 987 3571 hazc
1012 3529 1119 3570 non
1146 3514 1303 3569 aliter
1325 3512 1457 3569 facta
1490 3514 1600 3568 sint
1628 3533 1639 3568 :
1665 3530 1786 3584 qua:
1812 3515 1863 3569 in
1895 3514 2066 3571 lsrae-

472 3610 580 3665 litis
605 3610 849 3666 videmus
888 3607 1201 3679 frequenter
1226 3606 1332 3661 diei
1361 3624 1376 3660 :
1411 3605 1518 3661 Fac
1542 3608 1688 3660 nobis
1720 3616 1927 3678 propter
1966 3624 2063 3662 no-

469 3716 582 3755 men
611 3709 753 3754 tuum
780 3697 952 3772 (Psal.
985 3696 1109 3753 108.
1132 3696 1257 3767 2Î·Ï‚
1286 3710 1583 3766 rursusque
1610 3696 1750 3751 Deus
1772 3696 1886 3766 ipse
1914 3696 2064 3752 dice-

468 3794 579 3859 bat,
609 3793 768 3847 Facio
795 3799 1002 3863 propter
1026 3806 1106 3844 me
1128 3787 1286 3860 (lsai.
1310 3788 1402 3844 48.
1429 3788 1550 3858 ll);
1582 3796 1637 3842 et
1671 3787 1900 3858 Moyses,
1953 3786 2061 3842 Fac

469 3888 614 3943 nobis
649 3896 858 3958 propter
891 3900 1074 3940 nomen
1116 3892 1283 3950 tuum,
1327 3881 1540 3938 etiamsi
1591 3892 1811 3951 propter
1853 3879 2057 3935 nullum

467 3983 718 4039 alterum.
777 3979 894 4036 lloe
941 3979 1088 4035 enim
1133 3976 1398 4033 certiores
1454 3973 1633 4030 reddit
1685 3972 1961 4028 auditores
2007 3982 2063 4029 et

466 4076 643 4147 erigit,
673 4081 731 4128 ut
749 4073 839 4145 qui
860 4070 1146 4127 didicerint
1174 4068 1317 4141 quod
1344 4074 1565 4138 propter
1592 4080 1745 4120 suam
1768 4064 2060 4122 bonitatem

467 4171 647 4226 omnia
673 4171 745 4223 sit
776 4166 1012 4222 facturus
1046 4179 1166 4236 qua:
1192 4160 1477 4235 promittit.
1524 4157 1630 4214 Sed
1669 4156 1796 4212 dum
1825 4155 1941 4211 haec
1967 4170 2063 4211 au-

467 4262 664 4326 dimus,
696 4274 766 4315 ne
790 4260 960 4314 simus
996 4255 1132 4327 pigri
1158 4263 1214 4311 et
1243 4251 1404 4309 otiosi
1430 4269 1444 4305 :
1474 4265 1596 4305 nam
1624 4248 1727 4305 etsi
1758 4256 1976 4318 propter
2000 4261 2062 4304 se

466 4353 613 4420 facit,
643 4351 737 4407 sed
767 4362 945 4406 tamen
972 4349 1135 4404 etiam
1164 4353 1347 4401 nostra
1375 4358 1406 4398 a
1433 4340 1590 4396 nobis
1616 4340 1802 4410 exigit.
1829 4338 1961 4393 Nam
1989 4337 2053 4404 si,

465 4447 570 4501 Eos
609 4446 696 4518 qui
720 4460 797 4498 me
821 4441 1111 4515 gloriï¬cent
1140 4436 1458 4510 gloriï¬cabo,
1493 4433 1687 4504 inquit,
1715 4440 1762 4484 et
1799 4431 1887 4500 qui
1911 4446 2055 4501 sper-

462 4548 588 4593 nunt
634 4544 934 4609 spernentur
980 4533 1058 4603 (Î¹.
1103 4529 1230 4602 Reg.
1278 4527 1334 4582 2.
1381 4526 1514 4591 30),
1569 4523 1868 4594 cogitemus
1913 4519 2056 4591 quod

463 4643 648 4693 nostra
680 4645 892 4701 quoque
919 4642 948 4681 a
990 4625 1144 4680 nobis
1183 4623 1384 4691 exigat.
1433 4618 1576 4672 Laus
1607 4627 1689 4672 est
1732 4624 1910 4670 autem
1938 4614 2057 4685 ejus

461 4726 672 4797 gloriae,
713 4724 895 4778 salvos
932 4720 1114 4775 facere
1150 4717 1421 4779 inimicos,
1464 4711 1559 4767 sed
1594 4725 1713 4776 eos,
1765 4710 1856 4779 qui
1905 4717 2056 4778 post-

461 4832 620 4889 quam
664 4816 789 4871 faeti
830 4821 956 4870 sunt
994 4810 1174 4875 amici,
1210 4806 1369 4862 amici
1413 4812 1651 4860 manent.
1707 4801 1859 4869 Quod
1901 4801 1945 4856 si
1986 4801 2055 4856 ad

463 4911 669 4980 priores
710 4905 973 4962 redierint
999 4899 1331 4963 inimicitias,
1377 4905 1582 4951 temere
1601 4902 1657 4950 et
1696 4892 1891 4949 frustra
1920 4890 2056 4948 fiunt

460 5014 662 5054 omnia.

531 5113 586 5171 5.
612 5109 728 5166 Non
754 5118 835 5163 cst
857 5107 999 5163 enim
1024 5104 1253 5161 alterum
1278 5099 1552 5162 lavacrum
1574 5137 1589 5164 ,
1618 5109 1794 5167 neque
1819 5093 2052 5151 secunda

461 5203 847 5265 reconciliatio,
876 5199 969 5265 sed
994 5196 1250 5254 terribilis
1280 5191 1524 5264 quaedam
1548 5188 1880 5260 exspectatio
1902 5188 2050 5258 judi-

457 5300 565 5364 cii,
612 5308 668 5357 et
707 5294 976 5350 aemulatio
1020 5289 1159 5361 ignis
1196 5285 1408 5344 exesuri
1444 5281 1804 5339 adversarios.
1845 5280 1979 5336 Nam
2005 5281 2051 5336 si

457 5408 580 5448 cum
607 5405 674 5447 eo
704 5402 917 5458 semper
959 5392 1208 5455 gerentes
1252 5378 1593 5444 inimicitias,
1636 5376 1845 5431 veniam
1878 5375 2049 5444 impe-

456 5495 693 5549 tt'emus,
729 5493 838 5533 non
864 5473 1195 5533 cessabimus
1222 5471 1274 5540 ei
1302 5484 1423 5525 esse
1449 5466 1673 5533 inimici,
1704 5473 1760 5521 et
1790 5463 2050 5534 voluptati

456 5560 772 5642 indulgere,
824 5578 873 5625 et
921 5567 1037 5623 fieri
1081 5564 1416 5629 deteriores,
1457 5571 1511 5624 et
1548 5560 1722 5616 orbati
1773 5572 1894 5613 esse
1937 5556 2051 5612 sole

454 5666 676 5739 iustitia?
701 5661 795 5736 qui
823 5660 1072 5717 accessit.
1100 5659 1197 5715 Vis
1225 5656 1469 5726 accipere
1504 5652 1711 5721 radium
1745 5659 1866 5706 tuos
1910 5664 2043 5720 ape-

455 5761 687 5818 rientem
704 5756 927 5819 oculosl
946 5754 1053 5813 Fac
1070 5769 1164 5811 eos
1185 5749 1459 5824 pulchros,
1478 5761 1662 5814 sanos,
1689 5742 2047 5816 perspicaces.

457 5851 703 5909 Ostendit
745 5851 839 5908 tibi
887 5851 1061 5906 lucem
1093 5834 1295 5904 veram:
1326 5842 1517 5904 sicam
1562 5837 1771 5911 fugiens
1797 5835 1863 5891 ad
1892 5843 2046 5904 tene-

3756 391 3827 455 so

2231 492 2357 548 bras
2399 496 2694 551 accurreris
2717 539 2733 564 ,
2785 512 3031 568 quamam
3079 501 3184 556 erit
3219 504 3524 571 excusatio,
3564 521 3816 577 quaenam

2228 583 2425 637 venia?
2469 582 2625 640 Nulla
2664 587 2894 657 amplius
2927 606 2942 643 :
2972 588 3076 645 hoc
3116 600 3201 647 est
3241 592 3386 648 enim
3433 596 3646 665 signum
3698 597 3813 654 odii

2226 674 2529 732 incil'abilis.
2579 676 2713 734 Nam
2759 680 2975 751 quando
3016 682 3185 739 Deum
3230 686 3447 756 quidem
3495 688 3812 759 nesciebas,

2199 769 2363 838 -quod
2385 770 2433 826 ei
2472 786 2621 827 esses
2646 772 2929 841 inimicus,
2962 784 3252 846 utcumque
3293 778 3469 850 aliqua
3500 780 3596 835 tibi
3629 781 3804 843 danda

2218 870 2335 914 erat
2380 864 2533 916 venia
2571 881 2585 918 :
2618 875 2901 936 postquam
2944 876 3123 922 autem
3170 869 3554 941 benignitatem
3599 882 3655 929 et
3698 875 3811 941 mel

2216 953 2464 1020 gustasti,
2489 953 2538 1008 si
2567 954 2630 1009 iis
2661 955 2899 1014 dimissis
2925 957 2992 1013 ad
3025 968 3172 1013 tuum
3204 963 3492 1018 revertaris
3517 965 3803 1031 vomitum,

2215 1043 2347 1097 nihil
2376 1045 2521 1100 aliud
2550 1063 2707 1116 quam
2739 1064 2928 1119 magna
2956 1050 3164 1120 profers
3189 1053 3338 1123 signa
3366 1054 3473 1110 odii
3498 1064 3553 1110 et
3574 1066 3808 1112 contem-

2213 1145 2354 1204 ptus.
2379 1136 2517 1204 Non,
2546 1141 2734 1210 inquit,
2754 1141 2847 1197 sed
2864 1143 3235 1200 necessitatem
3258 1145 3387 1202 mihi
3405 1145 3561 1201 all'ert
3576 1156 3763 1203 natura
3782 1166 3802 1207 :

2209 1234 2371 1297 atque
2399 1228 2667 1284 Christum
2699 1231 2914 1301 quidem
2942 1232 3107 1304 diligo
3130 1275 3147 1301 ,
3187 1250 3352 1307 cogor
3376 1245 3555 1293 autem
3585 1254 3619 1294 a
3646 1249 3804 1303 natuÂ»

2209 1330 2288 1369 ra.
2336 1318 2391 1373 Si
2429 1321 2805 1378 necessitatem
2850 1333 2907 1379 et
2936 1324 3045 1380 vim
3091 1327 3397 1394 sustineas,
3448 1329 3540 1384 tibi
3585 1329 3801 1390 dabitur

2206 1411 2358 1462 venia
2391 1427 2405 1462 :
2436 1411 2480 1466 si
2506 1420 2685 1467 autem
2712 1414 2782 1469 ob
2810 1415 3114 1477 socordiam
3149 1416 3297 1477 cadis
3323 1427 3376 1474 et
3398 1419 3794 1494 negligentiam,

2203 1514 2441 1557 mnume.

2276 1590 2492 1648 Peccata
2535 1612 2637 1650 non
2679 1597 2811 1666 ï¬unt
2854 1615 2919 1653 ea:
2958 1600 3492 1673 necessitateâ€”Age
3530 1617 3660 1674 ergo
3686 1603 3789 1660 hoc

2200 1681 2373 1750 ipsum
2415 1687 2823 1754 examinemns,
2863 1700 3153 1759 peccatane
3194 1693 3321 1746 fiant
3358 1709 3423 1748 ex
3468 1696 3791 1752 necessitate

2198 1782 2252 1826 et
2292 1774 2578 1842 violentia,
2624 1794 2690 1832 an
2738 1795 2802 1834 ex
2844 1782 3005 1834 multa
3053 1782 3300 1836 socordia
3345 1791 3399 1838 et
3436 1784 3783 1855 negligentia.

2198 1861 2319 1918 Non
2364 1867 2559 1921 occides
2590 1866 2804 1941 (Exod.
2831 1869 2922 1925 20.
2954 1871 3023 1925 15
3043 1872 3062 1941 )
3084 1911 3099 1937 ,
3134 1871 3321 1941 inquit.
3367 1872 3624 1940 Quaenam
3654 1890 3786 1947 ergo,

2195 1956 2523 2012 necessitas?
2585 1975 2828 2029 quaenam
2877 1961 2958 2015 vis
3009 1976 3075 2017 eo
3124 1962 3330 2032 adigit?
3384 1963 3477 2019 Vis
3525 1974 3611 2020 est
3655 1982 3786 2037 ergo

2190 2045 2458 2101 occidere.
2493 2048 2625 2115 Quis
2670 2050 2815 2105 enim
2873 2065 2968 2105 sua
3022 2061 3215 2122 sponte
3247 2053 3470 2123 elegerit
3520 2054 3784 2127 intingere

2191 2149 2374 2190 ensem
2431 2140 2482 2194 in
2539 2148 2756 2210 gutture
2808 2141 3074 2211 proximi,
3139 2150 3195 2197 et
3256 2153 3539 2199 cruentare
3590 2145 3780 2202 dexte-

2190 2228 2348 2283 ram?
2378 2228 2567 2285 Nemo.
2618 2230 2780 2286 Vides
2821 2232 2963 2302 quod
2992 2241 3214 2297 contra,
3262 2248 3485 2303 peccare
3525 2244 3611 2290 est
3661 2252 3778 2297 ma-z

2183 2317 2269 2384 gis
2320 2321 2612 2381 necessitas
2649 2330 2706 2381 et
2746 2320 3047 2377 violentia?
3087 2322 3282 2382 lndidit
3322 2324 3464 2378 enim
3496 2324 3640 2380 Deus
3684 2342 3780 2387 na-.

2186 2418 2319 2465 tura:
2359 2419 2557 2467 nostrae
2579 2412 2846 2481 quoddam
2889 2414 3207 2477 amatorium
3231 2422 3334 2481 ,-ut
3371 2414 3507 2470 alter
3544 2415 3775 2472 alterum

2185 2501 2413 2558 invicem
2461 2503 2747 2574 diligamus
2792 2522 2805 2560 :
2849 2504 3013 2559 Omne
3068 2505 3249 2573 enim,
3318 2505 3529 2576 inquit,
3579 2507 3777 2565 animal

2183 2594 2353 2666 diligit
2379 2596 2547 2651 simile
2573 2596 2702 2663 sibi,
2753 2607 2801 2651 et
2840 2599 2989 2651 homo
3032 2613 3183 2651 suum
3225 2598 3516 2669 proximum
3565 2596 3771 2670 (Eccli.

2183 2689 2270 2743 l5.
2301 2686 2426 2759 l9).
2458 2688 2617 2744 Vides
2652 2688 2793 2760 quod
2838 2688 2905 2746 ad
2948 2688 3198 2745 virtutem
3230 2690 3432 2759 semina
3481 2688 3773 2757 habeamus

2177 2794 2207 2834 a
2257 2781 2491 2835 natura?
2537 2781 2735 2837 Vitium
2784 2791 2963 2838 autem
3009 2791 3093 2838 est
3140 2790 3334 2852 przcter
3381 2790 3675 2857 naturam:
3724 2786 3770 2839 si

2178 2871 2302 2926 vitia
2329 2874 2498 2944 magis
2518 2859 2865 2930 dmuiuantur
2886 2915 2902 2942 ,
2932 2874 3033 2929 hoc
3060 2882 3145 2929 est
3171 2881 3543 2945 argumentum
3574 2885 3771 2932 nostra:

2176 2965 2423 3036 segnitiei
2476 2981 2683 3038 magum
2729 2977 2785 3023 et
2826 2966 3070 3038 ignaviae.
3116 2965 3255 3035 Quid
3304 2965 3476 3022 vero?
3519 2982 3766 3036 quaenam

2176 3059 2467 3115 necessitas
2506 3075 2605 3115 nos
2634 3058 2781 3114 ducit
2823 3059 2888 3114 ad
2933 3058 3302 3115 adulterium?
3331 3057 3490 3115 Certe
3512 3099 3527 3126 ,
3556 3058 3764 3129 inquit,

2175 3150 2420 3221 tyrannis
2442 3149 2696 3209 libidinis.
2728 3150 2904 3217 Quare
2923 3191 2939 3215 ,
2968 3149 3056 3217 dic
3078 3190 3093 3212 .
3121 3151 3349 3222 quaeso?
3380 3164 3488 3220 non
3520 3149 3647 3205 licet
3670 3150 3764 3217 tibi

2174 3248 2261 3294 tua
2311 3241 2384 3295 uti
2434 3255 2643 3306 uxore,
2688 3250 2745 3296 et
2788 3240 3063 3303 libidinem
3111 3239 3348 3305 sedare?
3398 3240 3506 3306 Sed
3546 3241 3762 3312 capior,

2173 3332 2380 3403 inquit,
2427 3333 2656 3404 quodam
2694 3348 2879 3389 amore
2911 3332 3099 3392 uxoris
3127 3333 3378 3402 proximi.
3407 3332 3526 3388 Non
3553 3341 3637 3388 est
3663 3333 3765 3386 hoc

2172 3425 2357 3494 utique
2387 3425 2725 3481 necessitatis
2751 3442 2766 3480 :
2796 3439 2904 3482 non
2932 3433 3017 3479 est
3038 3424 3183 3489 enim
3211 3438 3365 3478 amor
3388 3425 3722 3480 necessitatis
3747 3442 3761 3479 :

2170 3529 2329 3570 nemo
2348 3522 2493 3569 amat
2513 3514 2854 3579 necessitate,
2881 3513 2975 3569 sed
2998 3521 3191 3582 sponte
3210 3521 3264 3568 et
3282 3513 3452 3570 libera
3475 3514 3758 3588 electione.

2168 3610 2345 3679 Atque
2369 3608 2437 3663 ad
2463 3609 2662 3664 coitum
2691 3606 2906 3678 quidem
2934 3605 3162 3669 fortasse
3184 3605 3414 3676 impellit
3437 3607 3762 3676 necessitas,-

2169 3711 2228 3756 nt
2254 3701 2392 3756 hanc
2418 3710 2599 3755 autem
2630 3708 2723 3754 aut
2750 3698 2895 3753 illam
2923 3712 3074 3757 ames
3093 3740 3109 3767 ,
3139 3712 3244 3757 non
3271 3709 3357 3759 ÎµÎµÎ¹
3383 3700 3719 3757 necessitatis
3743 3720 3759 3758 :

2169 3809 2343 3865 neque
2368 3808 2431 3848 ea
2454 3807 2541 3847 res
2568 3799 2654 3847 est
2678 3789 3005 3847 desiderium
3030 3789 3203 3847 coitus
3222 3831 3238 3855 ,
3268 3790 3364 3853 sed
3392 3791 3563 3855 inanis
3589 3792 3761 3862 gloria

2166 3897 2222 3942 et
2263 3886 2585 3943 contumelia
2611 3928 2627 3951 ,
2672 3893 2728 3940 et
2772 3898 2894 3954 quae
2946 3883 3166 3939 modum
3213 3882 3483 3945 excedunt
3528 3882 3758 3951 deliciae.

2165 3978 2300 4034 Nam
2328 3986 2504 4033 utrum
2533 3976 2703 4047 magis
2731 3982 2817 4029 est
2846 3974 3041 4029 rationi
3071 3982 3496 4030 consentaneum
3517 4015 3532 4040 ,
3566 3989 3758 4032 eamne

2166 4069 2367 4126 habere
2409 4082 2529 4139 quae
2571 4074 2659 4123 est
2706 4065 2973 4136 desponsa
2998 4106 3012 4129 ,
3060 4079 3182 4135 quae
3223 4072 3308 4119 est
3352 4064 3495 4124 socia
3527 4063 3762 4123 filiorum

2166 4158 2590 4231 procreationis,
2624 4173 2690 4213 an
2733 4172 2852 4215 eam
2883 4170 3003 4226 qua:
3029 4169 3137 4222 non
3174 4164 3258 4209 est
3294 4153 3553 4225 cognita?
3583 4157 3758 4211 nesci-

2166 4253 2235 4308 tis
2277 4251 2420 4324 quod
2470 4250 2889 4306 consuetudines
2942 4247 3157 4317 pariunt
3203 4245 3506 4301 amicitias?
3554 4245 3752 4314 Quam-

2164 4345 2352 4401 obrem
2398 4359 2505 4401 non
2536 4352 2620 4399 est
2648 4351 2878 4400 natum.
2925 4339 3046 4399 Noli
3085 4352 3342 4395 accusare
3369 4338 3756 4408 concupiscen-

2165 4439 2335 4495 tiam:
2367 4438 2488 4494 data
2530 4446 2612 4493 est
2650 4443 2871 4508 propter
2913 4432 3316 4488 matrimonium
3339 4472 3354 4496 ,
3404 4431 3642 4488 exhibita
3674 4441 3763 4488 est

2163 4531 2230 4587 ad
2258 4530 2549 4586 liberorum
2570 4524 2997 4599 procreationem
3019 4565 3035 4591 ,
3060 4537 3165 4578 non
3191 4528 3410 4593 propter
3433 4521 3769 4576 adulterinum

2164 4637 2337 4695 neque
2362 4630 2583 4693 prepter
2604 4627 2871 4688 stuprum.
2902 4615 3091 4671 Sciunt
3114 4613 3276 4669 etiam
3304 4611 3450 4682 leges
3476 4613 3762 4682 ignoscere

2162 4715 2399 4787 peccatis
2425 4727 2544 4784 qua:
2586 4710 2721 4765 fiunt
2748 4723 2814 4763 ex
2841 4705 3165 4762 necessitate
3194 4721 3209 4758 :
3243 4702 3352 4758 imo
3392 4716 3523 4767 vero
3553 4702 3757 4773 nullum

2161 4816 2245 4865 est
2273 4815 2552 4878 peccatum
2591 4801 2732 4873 quod
2765 4802 2857 4855 flat
2895 4815 2961 4854 ex
2994 4797 3356 4864 necessitate,
3388 4796 3485 4851 sed
3513 4794 3693 4850 omnia
3724 4812 3755 4851 a

2161 4898 2509 4958 contumelia.
2561 4895 2677 4951 Non
2708 4894 2850 4950 enim
2880 4893 3020 4949 Deus
3049 4892 3128 4946 sic
3155 4888 3448 4948 fabricatus
3491 4897 3574 4957 est
3598 4896 3757 4953 natu-

2160 5012 2276 5054 ram
2298 5037 2314 5061 ,
2337 5004 2397 5050 ut
2414 5006 2638 5050 necesse
2667 4989 2862 5045 habeat
2887 5000 3113 5057 peccare
3141 5001 3156 5038 :
3184 4981 3383 5053 alioqui
3409 4980 3454 5037 si
3482 4981 3553 5036 ita
3586 4990 3753 5047 esset,

2161 5105 2270 5145 non
2300 5094 2447 5143 esset
2482 5098 2662 5157 poena.
2718 5082 2792 5137 De
2820 5080 2889 5135 iis
2917 5080 3061 5134 enim
3091 5090 3210 5147 qum
3241 5075 3291 5129 vi
3322 5073 3457 5129 fiunt
3480 5081 3535 5133 et
3560 5085 3757 5137 neces-

2160 5184 2353 5247 sitate,
2406 5194 2474 5234 ne
2514 5191 2612 5232 nos
2648 5174 2863 5246 quidem
2910 5169 3173 5240 exigimus
3215 5166 3520 5230 rationem;
3555 5162 3755 5223 nedum

2162 5275 2304 5331 Deus
2329 5271 2421 5342 qui
2447 5277 2530 5325 est
2557 5267 2692 5322 adeo
2717 5264 2959 5320 clemens
2983 5303 2998 5329 ,
3046 5259 3310 5330 benignus
3341 5267 3394 5312 et
3424 5256 3616 5321 bonus.
3648 5254 3756 5310 Sed

2160 5364 2320 5437 quid,
2352 5361 2517 5418 furari
2547 5370 2631 5415 est
2674 5352 3051 5412 necessitatis?
3096 5351 3306 5417 Etiam,
3352 5347 3602 5418 inquies;
3650 5343 3755 5409 hoc

2161 5436 2306 5515 enim
2336 5454 2463 5510 facit
2506 5457 2812 5523 paupertas.
2844 5446 2958 5501 lmo
2987 5458 3116 5499 vero
3159 5448 3445 5511 paupertas
3469 5436 3626 5507 allcrt
3653 5450 3753 5490 ne-

2161 5552 2468 5608 cessitatem
2511 5540 2810 5616 operandi,
2856 5553 2962 5594 non
3005 5533 3239 5593 furandi.
3288 5531 3582 5602 Paupertas
3624 5541 3753 5594 ergo

2161 5644 2291 5699 facit
2331 5636 2662 5697 contrarium
2692 5651 2707 5688 :
2736 5628 2901 5688 furari
2952 5627 3097 5685 enim
3122 5632 3209 5681 est
3254 5622 3348 5679 otii
3397 5631 3453 5677 et
3495 5616 3750 5687 desidias;

2158 5740 2444 5808 paupertas
2470 5736 2649 5785 autem
2676 5738 2785 5781 non
2812 5721 2954 5779 solet
2973 5715 3355 5808 parereotium
3380 5721 3436 5769 et
3458 5708 3719 5808 desidiam
3737 5747 3753 5769 ,

2163 5796 2496 5890 scd-laboris
2537 5832 2801 5892 amorem.
2850 5813 3029 5898 Quare
3055 5807 3187 5875 illud
3213 5819 3425 5880 quoque
3463 5810 3545 5873 est
3569 5796 3751 5872 segni-
