4140 6492
421 345 486 401 l9
1386 345 1458 400 IN
1497 342 1714 399 EPIST.
1761 341 1851 395 Αυ
1881 337 1990 397 EN

2112 380 2127 394 .
2162 342 2319 401 CAP.
2363 347 2383 401 Ι
2424 346 2655 403 ΙΙΟΜΙΙ..
2697 347 2760 404 Il.
3634 351 3704 404 ΞΟ

408 478 502 518 νει.
540 463 712 514 ’Ὁταν
736 461 834 530 τὴν
877 462 1062 516 πίστιν
1094 461 1183 515 διὰ
1216 461 1323 513 τῶν
1363 461 1540 532 ἔργων
1567 461 1855 531 δείξωμεν,
1888 462 2008 512 τότε

406 553 473 606 τὸ
507 554 620 604 πάν
662 552 1014 623 προστίθησι.
1050 552 1271 605 Μᾶλλον
1308 551 1366 604 δὲ
1404 553 1499 604 καὶ
1541 551 1708 621 ἄλλην
1735 551 1904 604 ἔδωκε
1924 567 2008 603 τι-

410 641 542 710 μὴν,
563 639 624 692 τὸ
656 639 788 692 ἴδιον
816 633 978 707 αἷμα,
1005 641 1100 693 καὶ
1132 640 1294 692 πάλιν
1328 639 1494 708 ἄλλην
1523 639 1814 709 ὑπέσχετο.
1856 637 2006 690 Καθ-

409 728 559 794 άπερ
598 729 648 780 εἰ
713 727 956 797 πόλεμος
1009 727 1341 798 εἰή,ἔθνεσι
1399 727 1538 797 πρὸς
1599 727 1727 794 ἔθνη
1761 725 2007 781 διδόασιν

405 816 656 886 ὁμήρους
684 832 695 842 ·
721 814 868 868 οῦτω
924 815 1018 868 καὶ
1050 818 1076 869 ό
1109 815 1243 877 Θεὸς
1293 814 1464 868 ἔδωκε
1518 813 1609 867 τὸν
1654 815 1784 866 Υἱὸν
1816 811 2004 877 αὐτοῦ,

401 904 507 969 τῆς
543 905 770 972 εἰρήνης
797 903 892 956 καὶ
919 903 1029 955 τῶν
1053 902 1298 955 σπονδῶν
1323 903 1604 973 ἐνέχυρον,
1629 901 1804 954 καὶτὸ
1836 900 2004 952 Πνεῦ-

407 1005 489 1056 μα
521 990 586 1042 τὸ
629 989 789 1059 ἆγιον
836 991 898 1041 τὸ
937 989 996 1054 ἐξ
1021 989 1189 1043 αὐτοῦ
1220 1006 1233 1018 ⁸
1269 993 1317 1043 οἱ
1351 991 1461 1060 γὰρ
1487 990 1660 1053 ὄντως
1685 987 2006 1057 Πνεύματος

405 1077 762 1148 μετέχοντες,
801 1077 983 1130 ἴσασιν
1029 1078 1109 1130 δτι
1161 1076 1423 1148 ἀρραϐὼν
1482 1078 1580 1146 τῆς
1638 1076 2007 1146 κληρονομίας

402 1165 570 1234 ἡμῶν
631 1169 768 1222 ἐστι.
802 1169 1059 1232 Τοιοῦτος
1104 1169 1132 1221 ὁ
1182 1168 1395 1232 Παῦλος
1448 1164 1551 1239 ἦν,
1601 1167 1854 1220 ἐντεῦθεν
1901 1167 2004 1238 ήδη

401 1252 518 1305 τῶν
567 1254 686 1306 ἐκεῖ
726 1257 1064 1326 γεγευμένος
1094 1272 1107 1284 ·
1154 1256 1236 1309 διὸ
1271 1256 1364 1308 καὶ
1405 1255 1668 1324 ἠπείγετο
1708 1256 1804 1306 καὶ
1845 1253 2003 1306 ώδινε

399 1341 474 1393 τὰ
507 1342 700 1395 ἐνθάδε
727 1346 972 1414 ἀφεῖναι,
1011 1346 1106 1398 καὶ
1135 1345 1352 1397 ἔστενεν
1386 1361 1398 1373 ·
1431 1342 1642 1414 ἑτέροις
1668 1341 2002 1412 γάρὸφθαλ-

406 1436 531 1503 μοῖς
559 1435 730 1506 ἐώρα,
761 1435 944 1488 πάντα
966 1435 1057 1487 τὸν
1087 1433 1213 1488 νοῦν
1237 1437 1584 1510 μεταστήσας
1613 1434 1749 1486 ἐκεῖ.
1775 1433 1850 1485 Οὐ
1874 1449 2004 1502 μετ-

401 1521 552 1591 έχεις
597 1524 709 1575 τῶν
769 1525 1119 1595 πραγμάτων
1157 1538 1170 1554 ·
1232 1523 1321 1583 διὰ
1351 1521 1513 1582 τοῦτο
1547 1523 1640 1576 καὶ
1680 1521 1788 1574 τῶν
1821 1519 1996 1590 ῥημά-

397 1627 510 1663 των
542 1612 857 1675 ἐκπίπτεις.
894 1611 957 1664 Εἰ
977 1611 1306 1683 μετείχομεν
1341 1612 1542 1674 πάντες
1562 1609 1902 1680 Πνεύματος,
1925 1609 2002 1675 ὡς

402 1701 657 1769 μετέχειν
686 1700 825 1765 ἔδει,
862 1699 1115 1763 καὶτοὺς
1152 1699 1421 1768 οὐρανοὺς
1466 1696 1730 1767 ἑωρῶμεν
1775 1696 1869 1748 καὶ
1902 1696 2000 1765 τὴν

402 1791 524 1842 ἐκεῖ
550 1788 917 1841 κατάστασιν.
963 1782 1250 1858 Ἀρραϐὼν
1267 1786 1336 1848 δέ,
1357 1786 1502 1847 τίνος
1535 1786 1654 1838 ἐστί
1682 1802 1696 1850 ;
1725 1784 1838 1854 Τῆς
1863 1785 1998 1838 ἀπο-

402 1874 730 1947 λυτρώσεως
757 1915 772 1938 ,
810 1876 908 1944 τῆς
928 1876 1334 1944 περιποιήσεως
1369 1891 1381 1902 ·
1414 1874 1446 1943 ἡ
1479 1873 1588 1944 γάρ
1618 1872 1836 1945 καθαρά
1857 1873 1993 1926 ἀπο-

402 1963 676 2032 λύτρωσις
721 1962 847 2016 τότε
888 1964 1124 2031 γίνεται.
1170 1961 1283 2014 Νῦν
1324 1961 1426 2030 μὲν
1457 1961 1564 2031 γάρ
1597 1961 1692 2013 καὶ
1717 1962 1774 2011 ἐν
1805 1960 1998 2030 κόσμῳ

409 2051 866 2122 ἀναστρεφόμεθα
891 2091 905 2114 ,
943 2051 1038 2105 καὶ
1072 2049 1245 2102 πολλά
1273 2051 1408 2119 ἡμῖν
1431 2047 1750 2118 ἀνθρώπινα
1793 2049 2000 2117 συμπί-

408 2160 548 2205 πτει,
584 2143 679 2194 καὶ
714 2141 858 2212 μετά
891 2141 1107 2194 ἀσεϐῶν
1129 2141 1298 2209 ἐσμεν
1332 2155 1348 2168 '
1377 2139 1409 2209 ή
1440 2137 1498 2190 δὲ
1535 2137 1752 2209 καθαρά
1794 2138 2000 2191 ἀπολύ-

400 2246 630 2300 τρωσις,
675 2230 806 2282 ὅταν
867 2230 1006 2298 μήτε
1059 2229 1437 2298 ἁμαρτήματα
1464 2223 1521 2298 ᾖ,
1555 2226 1694 2296 μήτε
1715 2225 1861 2296 πάθη
1901 2228 1997 2279 ἀν-

395 2319 674 2390 θρώπινα,
699 2321 836 2388 μήτε
865 2316 1071 2387 ἀναμὶξ
1098 2316 1236 2386 μετά
1253 2316 1472 2368 πάντων
1506 2309 1678 2386 ὦμεν,
1711 2316 1832 2369 τότε
1855 2316 1993 2371 ἐστί.

395 2407 588 2460 Νῦνδὲ
624 2405 906 2476 ἀρραϐών.
944 2406 1052 2456 Καὶ
1105 2404 1216 2474 γάρ
1277 2405 1374 2456 καὶ
1407 2402 1502 2456 νῦν
1544 2403 1723 2460 αὐτῶν
1753 2403 1998 2472 ἀπέστηφ

395 2511 500 2564 μεν
536 2511 550 2524 ο
573 2495 636 2546 ού
668 2495 777 2564 γάρ
810 2495 930 2546 ἐστι
963 2493 1024 2544 τὸ
1065 2493 1373 2563 πολίτευμα
1403 2491 1563 2562 ἡμῶν
1595 2491 1689 2544 ἐπὶ
1717 2493 1816 2561 τῆς
1844 2493 1948 2562 γῆς
1979 2505 1991 2518 ⁹

391 2583 491 2636 καὶ
521 2582 618 2635 νῦν
638 2583 797 2644 ἐκτός
825 2583 995 2652 ἐσμεν
1023 2579 1134 2632 τῶν
1171 2579 1407 2632 ἐνταῦθα
1437 2597 1449 2610 ο
1485 2580 1744 2650 πάροικοι
1765 2580 1874 2649 γάρ
1901 2581 1993 2632 ἐσ-

394 2688 499 2744 μεν
540 2673 637 2726 καὶ
667 2672 785 2726 νῦν.
818 2675 924 2738 Εἰς
954 2672 1212 2727 ἔπαινον
1257 2668 1369 2737 τῆς
1393 2669 1582 2738 δόξης
1617 2669 1828 2722 αὐτοῦ.
1867 2670 1994 2721 Συν·

393 2761 537 2832 εχῶς
592 2761 753 2814 τοῦτο
779 2760 985 2830 τίθησι,
1020 2759 1086 2812 Τί
1123 2759 1367 2836 δήποτε;
1408 2759 1530 2810 ’Ότι
1571 2757 1755 2810 ἱκανὸν
1788 2756 1993 2827 πληρο-

394 2851 639 2922 φορῆσαι
669 2851 797 2912 τοὺς
830 2849 1152 2910 ἀκούοντας.
1183 2846 1297 2920 [121
1327 2848 1390 2899 Εἰ
1425 2846 1524 2917 μὲν
1554 2847 1662 2916 γάρ
1689 2845 1847 2916 ἡμῶν
1876 2845 1994 2896 ἓνε-

393 2956 516 3000 κεν,
547 2939 701 3008 φησὶ,
731 2938 905 2990 ταῦτα
939 2937 1136 3000 ἐποίει,
1171 2937 1272 2987 οὐκ
1299 2935 1365 2987 ἂν
1395 2932 1464 3004 ἦν
1495 2933 1873 3004 ἀναμφίόολον
1904 2950 1916 2964 ·
1945 2933 1995 2984 εἰ

390 3028 452 3081 δὲ
479 3027 547 3080 δι’
587 3028 774 3089 αὑτὸν,
808 3027 902 3078 καὶ
924 3025 1067 3078 ὥστε
1095 3023 1193 3095 τὴν
1215 3021 1580 3091 ἀγαθωσύνην
1601 3021 1767 3075 αὑτοῦ
1799 3021 1992 3085 δεῖξαι,

391 3115 590 3186 ὥσπερ
646 3115 769 3167 τινα
833 3113 1178 3185 μαρτυρίαν,
1216 3112 1392 3164 αἰτίαν
1438 3110 1624 3180 τίθησι
1664 3109 1761 3163 τοῦ
1802 3109 1878 3180 μὴ
1926 3109 1994 3162 ἂν

391 3204 576 3268 ἄλλως
616 3203 792 3257 ταῦτα
823 3201 1079 3272 γενέσθαι
1116 3215 1128 3229 ⁸
1161 3200 1304 3272 άπερ
1341 3200 1434 3252 καὶ
1460 3199 1554 3251 ἐπί
1575 3198 1684 3251 τῶν
1723 3198 1996 3270 Ἰσραηλι-

389 3293 505 3346 τῶν
533 3293 647 3345 ἀνω
671 3292 767 3344 καὶ
801 3293 952 3344 κάτω
973 3289 1191 3362 ὁρῶμεν
1213 3287 1488 3359 λεγόμενα
1521 3302 1534 3314 °
1555 3288 1829 3356 Ποίησον
1851 3287 1996 3357 ἡμῖν

390 3381 492 3434 διὰ
548 3380 615 3434 τὸ
645 3378 837 3448 ὄνομά
865 3394 983 3432 σου
1012 3395 1026 3409 ⁸
1057 3379 1152 3430 καὶ
1181 3376 1345 3430 πάλιν
1377 3375 1542 3437 αὐτὸς
1571 3376 1598 3426 ὁ
1632 3375 1764 3438 Θεὸς
1797 3375 1951 3443 ἔλεγε
1977 3392 1989 3404 ο

391 3469 554 3530 Haec?)
599 3468 811 3522 ἕνεκεν
853 3467 1003 3535 ἐμοῦ
1033 3484 1044 3495 ’
1081 3467 1176 3520 καὶ
1199 3468 1226 3518 ὀ
1252 3467 1512 3537 Μωῦσῆς,
1546 3467 1818 3533 Ποίησον
1851 3466 1995 3534 ἡμῖν

389 3559 493 3612 διὰ
539 3558 604 3610 τὸ
660 3555 850 3625 ὄνομά
891 3569 1010 3608 σου
1035 3596 1050 3620 ,
1080 3556 1130 3606 εἰ
1163 3553 1260 3606 καὶ
1294 3552 1522 3623 μηδενὸς
1554 3553 1744 3604 ἕνεκεν
1776 3553 1990 3623 ἐτέρου.

390 3647 747 3717 Πληροφορεῖ
797 3643 908 3713 γὰρ
943 3641 1105 3695 τοῦτο
1144 3643 1270 3704 τοὺς
1308 3640 1612 3704 ἀκούοντας
1654 3640 1752 3693 καὶ
1779 3642 1990 3711 ἀνίησι,

395 3736 676 3809 μαθόντας
732 3733 814 3785 δτι
871 3732 962 3784 διά
999 3731 1100 3800 τὴν
1141 3729 1350 3784 οἰκείαν
1397 3728 1716 3800 ἀγαθότητα
1771 3729 1993 3793 πάντως

391 3828 642 3895 ποιήσει,
694 3822 840 3892 ειπερ
873 3818 1298 3886 ἐπαγγέλλεται.
1331 3816 1496 3870 Ἀλλὰ
1529 3817 1603 3888 μὴ
1655 3817 1992 3889 ρᾳθυμῶμεν

390 3914 690 3975 ἀκούοντες
726 3925 742 3939 ·
780 3912 830 3962 εἱ
867 3908 976 3978 γὰρ
1007 3907 1102 3960 καὶ
1135 3906 1200 3960 δι’
1235 3905 1429 3958 ἐαυτὸν
1471 3907 1654 3970 ποιεῖ,
1690 3906 1806 3958 ἀλλ’
1841 3907 1990 3976 ὅμως

389 4005 492 4059 καὶ
542 4002 613 4056 τά
663 3999 794 4070 παρ’
821 3997 982 4068 ἡμῶν
1008 3997 1252 4049 ἀπαιτεῖ.
1285 3996 1348 4047 Et
1367 3994 1497 4064 γὰρ,
1525 3993 1678 4059 Τοὺς
1705 3993 1992 4059 δοξάζον-

387 4092 504 4159 τάς
557 4109 634 4161 με
676 4086 940 4153 δοξάσω,
984 4085 1140 4156 φησὶ,
1193 4085 1290 4136 καὶ
1323 4086 1377 4137 οὶ
1411 4083 1882 4152 ἐξουθενοῦντές
1915 4101 1992 4153 με

386 4176 990 4246 ἐξουθενηθήσονται
1024 4189 1037 4201 ·
1077 4173 1450 4242 ἐννοήσωμεν,
1483 4172 1566 4224 ὅτι
1625 4171 1720 4224 καὶ
1765 4176 1834 4223 τὰ
1860 4172 1992 4242 παρ’

387 4271 556 4347 ἡμῶν
599 4265 867 4336 ἐπιζητεῖ.
905 4262 1170 4325 Ἐπαινός
1222 4262 1339 4313 ἐστι
1381 4260 1481 4330 τῆς
1517 4261 1684 4332 δόξης
1717 4260 1887 4313 αὐτοῦ
1928 4263 1991 4314 τὸ

385 4362 520 4422 τοὺς
557 4353 786 4432 ἐχθροὺς
826 4350 1028 4414 σῶσαι,
1054 4347 1169 4401 ἀλλ’
1205 4347 1450 4411 ἐκείνους
1479 4349 1607 4411 τοὺς
1641 4349 1781 4420 μετά
1811 4349 1873 4401 τὸ
1898 4366 1992 4417 γε·-

386 4433 586 4500 νέσθαι
657 4441 842 4510 φίλους
901 4437 1190 4506 μείναντας
1225 4435 1410 4504 φίλους
1437 4451 1450 4466 ο
1482 4435 1576 4500 ὡς,
1613 4438 1662 4490 εί
1697 4436 1859 4490 πάλιν
1898 4438 1990 4490 ἐπὶ

385 4540 494 4608 τὴν
552 4531 828 4606 προτέραν
872 4525 1074 4599 ἔχθραν
1104 4525 1473 4592 ἐπανέλθοιεν,
1510 4527 1686 4580 πάντα
1729 4527 1854 4598 εἰκῆ
1895 4528 1990 4586 καὶ

393 4627 599 4701 μάτην.

465 4714 777 4784 γ’,Ἒτερον
812 4709 923 4779 γὰρ
952 4708 1052 4760 οὐκ
1089 4705 1205 4759 ἐστι
1231 4704 1480 4776 λουτρὸν,
1512 4705 1635 4759 οὐδὲ
1671 4707 1988 4782 καταλλαγὴ

387 4805 564 4862 πάλιν
589 4801 848 4870 δευτέρα,
873 4795 1011 4849 ἀλλά
1043 4793 1254 4865 φοϐερά
1282 4811 1364 4858 τις
1391 4795 1586 4864 ἐκδοχή
1619 4796 1987 4866 κρίσεως,καὶ

387 4893 569 4966 πυρὸς
599 4890 762 4961 ζῆλος
793 4887 997 4940 ἐσθίειν
1031 4885 1320 4956 μέλλοντος
1349 4885 1478 4946 τοὺς
1514 4885 1894 4950 ὑπεναντίους.
1925 4888 1989 4942 Εἰ

386 4984 506 5056 γὰρ
521 4973 838 5052 μέλλοιμεν,
862 4976 949 5029 ἀεὶ
964 4973 1346 5044 ἐχθραίνοντες
1367 4972 1536 5043 αὐτῷ,
1551 4973 1836 5038 ἀξιοῦσθαι
1855 4977 1987 5047 παρ’

387 5071 564 5132 αὐτοῦ
647 5065 1005 5136 συγγνώμης,
1076 5064 1137 5116 ού
1213 5061 1540 5132 παυσόμεθα
1604 5064 1988 5135 ἐχθραίνοντες

386 5164 489 5219 καὶ
535 5158 905 5230 θρυπτόμενοι
951 5154 1047 5209 καὶ
1089 5152 1309 5225 χείρους
1358 5154 1659 5222 γινόμενοι,
1692 5155 1787 5215 καὶ
1816 5174 1989 5219 πεπη-

389 5250 635 5324 ρωμένοι
709 5245 804 5299 τοῦ
882 5243 1035 5314 ἡλίου
1091 5243 1191 5314 τῆς
1273 5241 1623 5314 δικαιοσύνης
1685 5262 1990 5317 παραγενο-

391 5341 586 5407 μένου.
637 5335 824 5390 Βούλει
877 5332 1065 5385 λαϐεῖν
1119 5331 1219 5402 τὴν
1267 5332 1464 5386 ἀκτῖνα
1507 5333 1838 5401 ἀνοίγουσὰν
1892 5352 1986 5396 σου

381 5431 521 5492 τοὺς
571 5425 924 5496 ὀφθαλμούςς
973 5423 1191 5484 Καλοὺς
1235 5424 1434 5487 αὐτοὺς
1490 5423 1746 5496 ἐργασαι,
1790 5427 1984 5494 ὑγιεῖς,

379 5516 731 5586 ὀξυδερκεῖς.
768 5511 984 5576 Ἔδειξέ
1020 5527 1102 5564 σοι
1132 5511 1192 5570 τὸ
1217 5511 1334 5580 φῶς
1359 5512 1420 5564 τὸ
1450 5512 1704 5580 ἀληθινόν
1735 5530 1750 5544 ο
1784 5514 1850 5567 ἂν
1890 5517 1990 5569 πά.

381 5604 477 5658 λιν
505 5602 643 5658 αὐτὸ
673 5601 864 5671 φυγὼν
891 5640 906 5664 ,
953 5599 1031 5668 τῷ
1071 5598 1252 5657 σκότει
1294 5601 1684 5674 προσδράμῃς,
1718 5603 1802 5667 τίς
1833 5604 1989 5662 ἔσται

392 5691 690 5759 ἀπολογία,
722 5690 854 5742 ποία
886 5687 1188 5760 συγγνώμη
1217 5708 1230 5756 ;
1262 5689 1505 5758 Οὐδεμία
1524 5690 1713 5744 λοιπόν
1747 5709 1761 5723 ο
1798 5693 1990 5762 μίσους

393 5781 505 5852 γάρ
536 5780 689 5831 ἐστιν
719 5779 963 5849 ἀρρήτου
997 5776 1156 5830 τοῦτο
1192 5779 1580 5848 σημεῖον.”οτε
1615 5781 1714 5849 μὲν
1746 5781 1862 5855 γάρ
1889 5783 1990 5836 οὐκ

389 5871 546 5942 ᾔδεις
598 5867 692 5922 τὸν
736 5867 872 5918 Θεὸν
895 5904 911 5929 ,
947 5865 1251 5936 ἐχθραίνων
1280 5865 1452 5936 αὐτῷ,
1484 5868 1840 5939 ὁπωσδήποτέ
1869 5889 1991 5926 τινα

391 5954 736 6026 συγγνώμην
776 5947 961 6024 εῖκες·
993 5953 1257 6023 imm:
1291 5953 1502 6024 ἐγεύσω
1549 5957 1645 6027 τῆς
1674 5960 1985 6029 χρηστότη-

2116 478 2208 524 τος
2240 465 2335 519 καὶ⁴
2364 465 2458 519 τοῦ
2500 467 2734 536 μέλιτος,
2764 468 2829 524 ἂν
2862 466 3025 520 πάλιν
3059 467 3239 538 ἀφεὶς,
3268 468 3362 522 ἐπὶ
3386 469 3476 524 τὸν
3505 471 3698 543 ἔμετον

2117 549 2274 624 ἔλθῃς
2334 555 2425 608 τὸν
2477 556 2699 621 σαυτοῦ,
2730 556 2880 610 οὐδὲν
2914 557 3099 626 ἕτερον
3131 557 3245 611 ἀλλ’
3276 559 3308 629 ἢ
3344 561 3581 630 μεγάλου
3610 565 3700 634 μί-

2120 657 2248 705 σους
2278 644 2375 696 καὶ
2408 647 2873 716 καταφρονήσεως
2906 647 3164 717 ἐκφέρεις
3211 652 3434 719 σημεῖα·
3470 650 3565 716 Οὓς
3597 671 3702 725 φη-

2119 730 2224 795 σὶν,
2258 730 2373 783 an“
2411 732 2516 784 ύπὸ
2546 733 2646 802 τῆς
2677 733 2894 801 φύσεως
2938 736 3326 806 ἀναγκάζομαι
3361 754 3373 766 ⁸
3408 740 3548 806 φιλῶ
3601 743 3704 811 μὲν

2117 817 2212 874 οὖν
2243 823 2335 877 τὸν
2372 825 2629 894 Χριστὸν,
2664 827 3050 898 ἀναγκάζομαι
3101 830 3157 882 δὲ
3193 831 3296 884 ὑπὸ
3323 833 3422 900 τῆς
3464 834 3699 902 φύσεως.

2120 911 2180 963 Εἰ
2207 911 2453 982 ἀνάγκην
2507 915 2602 966 καὶ
2648 913 2770 984 βίαν
2806 915 3119 984 ὑπομένεις,
3157 918 3300 984 ἔξεις
3333 922 3700 994 συγγνώμηνο

2116 1000 2164 1051 εἰ
2195 999 2252 1051 δὲ
2285 1001 2392 1054 ἀπὸ
2417 1001 2688 1072 ῥᾳθυμίας
2720 1006 3104 1070 καταπίπτεις,
3139 1009 3342 1062 οὐκέτι.

2187 1087 2325 1160 Φέρε
2365 1086 2479 1154 οῦν,
2514 1091 2645 1144 αὐτὸ
2672 1091 2735 1163 δὴ
2777 1093 2936 1146 τοῦτο
2977 1093 3342 1167 ἐξετάσωμεν,
3387 1098 3612 1173 πότερον
3641 1101 3702 1166 ἐξ

2114 1176 2363 1248 ἀνάγκης
2397 1179 2492 1231 καὶ
2542 1178 2664 1248 βίας
2710 1180 2780 1233 τά
2823 1182 3203 1260 ἁμαρτήματα
3249 1185 3548 1256 γίνεται,ἢ
3593 1190 3702 1243 ἀπὸ

2116 1265 2392 1337 ῥᾳθυμίας
2451 1270 2543 1322 καὶ
2597 1270 2894 1344 ὀλιγωρίας
2937 1273 3162 1343 πολλῆς.
3223 1277 3305 1328 Οὐ
3353 1279 3699 1344 φονεύσεις,

2115 1355 2269 1424 φησί.
2328 1357 2464 1409 Ποία
2496 1357 2653 1410 τοῦτο
2695 1359 2938 1430 ἀνάγκη,
2978 1361 3104 1423 ποία
3135 1361 3260 1432 βίας
3313 1363 3412 1416 Βία
3456 1366 3554 1434 μὲν
3605 1363 3702 1420 οῦν

2112 1443 2228 1498 ἐστι
2254 1443 2316 1496 τὸ
2348 1445 2614 1512 φονεύειν.
2647 1446 2743 1523 Τίς
2782 1447 2893 1519 γάρ
2921 1447 2986 1509 ἂν
3035 1449 3193 1520 ἡμῶν
3223 1449 3398 1504 ἐλοιτο
3438 1451 3700 1520 βαπτίσαι

2113 1530 2266 1598 ξίφος
2295 1533 2374 1594 εἰς
2409 1534 2503 1585 τὸν
2546 1533 2743 1605 λαιμὸν
2783 1535 2877 1588 τοῦ
2921 1536 3169 1606 πλησίον,
3204 1538 3298 1590 καὶ
3326 1537 3556 1606 αἱμάξαι
3604 1539 3701 1610 τὴν

2111 1617 2328 1684 δεξιάν;
2364 1620 2500 1679 Οὐδὲ
2540 1619 2641 1685 εἷς.
2692 1624 2857 1695 Ὀρᾷς
2895 1625 2976 1677 ὅτι
3016 1626 3350 1689 τούναντίον,
3391 1626 3607 1696 ἀνάγκη
3641 1627 3702 1681 τὸ

2111 1707 2454 1779 ἁμαρτάνειν
2502 1711 2704 1780 μᾶλλόν
2754 1714 2872 1765 ἐστι
2921 1713 3018 1766 καὶ
3063 1712 3188 1783 βία;
3233 1712 3492 1785 Ἐνέθηκε
3523 1713 3632 1785 γὰρ
3672 1715 3701 1767 ὁ

2113 1797 2244 1861 Θεὸς
2270 1799 2493 1872 φίλτρον
2534 1803 2600 1872 τῇ
2639 1801 2802 1872 φύσει
2844 1805 2910 1873 τῇ
2947 1803 3214 1875 ἡμετέρᾳ,
3257 1802 3399 1856 ὥστε
3435 1803 3697 1874 ἀλλήλους

2112 1887 2334 1956 ἀγαπᾷν
2362 1906 2375 1919 '
2425 1890 2556 1943 Πᾶν
2588 1891 2716 1960 γάρ,
2750 1892 2906 1960 φησὶ,
2961 1890 3108 1954 ζῷον
3153 1891 3355 1962 ἀγαπᾷ
3389 1893 3456 1946 τὸ
3493 1892 3700 1961 ὅμοιον

2110 1975 2319 2037 αὑτοῦ,
2353 1978 2450 2029 καὶ
2479 1975 2790 2046 ἄνθρωπος
2824 1980 2932 2032 τὸν
2964 1981 3236 2046 πλησίον
3267 1980 3476 2034 αὑτοῦ.
3535 1979 3700 2050 Ὁρᾷς

2109 2062 2192 2114 δτι
2221 2062 2358 2133 πρὸς
2392 2063 2493 2131 τήν
2517 2064 2720 2136 ἀρετὴν
2757 2065 2954 2137 ἔχομεν
2997 2068 3104 2120 ἀπὸ
3135 2069 3234 2136 τῆς
3277 2067 3495 2136 φύσεως
3530 2068 3698 2137 σπέρ-

2112 2166 2295 2219 ματα;
2333 2151 2413 2203 Τά
2441 2151 2497 2204 δὲ
2540 2153 2639 2222 τῆς
2679 2153 2881 2216 κακίας
2943 2154 3095 2224 παρά
3127 2155 3288 2224 φύσιν
3319 2155 3499 2208 ἐστίν·
3545 2156 3592 2207 εἰ
3639 2154 3696 2208 δὲ

2106 2237 2281 2297 ταῦτα
2334 2239 2536 2308 μᾶλλον
2587 2243 2816 2310 κρατεῖ,
2867 2243 2965 2310 τῆς
3000 2242 3205 2312 πολλῆς
3266 2242 3423 2313 ἡμῶν
3467 2241 3696 2308 νωθείας

2106 2325 2266 2384 τοῦτο
2281 2327 2601 2398 τεκμήριον.
2617 2329 2681 2380 Τί
2702 2328 2758 2381 δέ
2776 2329 2836 2381 τὸ
2857 2329 3130 2398 μοιχεύειν
3153 2345 3166 2394 ;
3199 2329 3327 2381 ποία
3349 2327 3463 2400 [1'5]
3481 2329 3694 2397 ἀνάγκη

2107 2414 2202 2469 ἐπὶ
2229 2415 2390 2468 τοῦτο
2416 2415 2540 2482 ἄγει
2563 2432 2576 2477 ;
2599 2415 2730 2478 Ναὶ,
2765 2417 2952 2485 φησὶν,
2987 2417 3018 2485 ὴ
3043 2416 3142 2486 τῆς
3175 2414 3474 2485 ἐπιθυμίας
3499 2432 3699 2485 τυρανφ

2107 2503 2206 2565 νίς.
2229 2503 2328 2554 Διά
2362 2503 2435 2564 τί,
2464 2505 2586 2555 εἰπέ
2621 2519 2750 2572 μοι;
2783 2503 2843 2555 οὐ
2865 2502 2975 2572 γάρ
2997 2502 3173 2555 ἔνεστι
3201 2505 3266 2572 τῇ
3290 2503 3467 2573 οἰκείᾳ
3494 2502 3700 2575 κεχρῆ-

2109 2594 2231 2643 σθαι
2262 2592 2503 2656 γυναικὶ,
2545 2593 2636 2644 καὶ
2669 2589 2876 2646 παῦσαι
2900 2592 2998 2660 τὴν
3029 2591 3360 2660 τυραννίδα;
3400 2590 3536 2642 Ἀλλ’
3558 2591 3697 2661 ἔρως

2111 2679 2178 2749 μέ
2219 2697 2302 2740 τις
2339 2679 2612 2748 λαμϐάνει
2643 2678 2746 2748 τῆς
2783 2678 2877 2731 τοῦ
2913 2679 3167 2748 πλησίον,
3219 2680 3374 2747 φησι,
3414 2678 3694 2745 γυναικὸς.

2106 2767 2304 2819 υύκέτι
2337 2766 2498 2819 τοῦτο
2520 2766 2768 2834 ἀνάγκης
2785 2781 2798 2794 °
2833 2765 2972 2835 ἔρως
2993 2765 3102 2836 γάρ
3117 2764 3217 2816 ούκ
3248 2765 3394 2815 ἐστιν
3414 2764 3659 2832 ἀνάγκης
3680 2778 3694 2792 ·

2105 2854 2279 2916 οὐδεὶς
2314 2855 2528 2924 ἀνάγκη
2558 2853 2722 2922 φιλεῖ.
2750 2852 2885 2905 ἀλλά
2925 2853 3244 2923 προαιρέσει
3273 2854 3365 2904 καὶ
3401 2850 3598 2904 ἐκοντὶ.
3624 2851 3698 2903 Τὸ

2109 2944 2206 3013 μὲν
2228 2938 2319 2995 οὗν
2346 2940 2642 3012 μίγνυσθαι
2671 2941 2886 3012 ἀνάγκη
2917 2942 3047 3016 ἴσως
3067 2957 3080 2970 ο
3113 2940 3174 2993 τὸ
3196 2940 3252 3003 δέ
3279 2939 3435 3008 τήνδε
3467 2938 3696 3010 φιλεῖνῆ

2104 3034 2286 3104 τήνδε,
2326 3034 2427 3086 οὐκ
2462 3027 2743 3104 ἀνάγκης’
2782 3032 2902 3096 ούδέ
2937 3030 3207 3101 ἐπιθυμία
3242 3030 3440 3102 μίξεως
3463 3029 3522 3082 τὸ
3558 3015 3699 3099 πρᾶξ-

2105 3123 2225 3193 γμά
2251 3125 2423 3187 ἐστιν,
2455 3121 2593 3174 ἀλλά
2631 3119 2912 3188 κενοδοξία
2957 3120 3051 3173 καὶ
3083 3117 3240 3188 ὕϐρις
3282 3119 3377 3172 καὶ
3409 3119 3554 3189 πέρα
3599 3117 3694 3181 τοῦ

2109 3215 2309 3284 μέτρου
2326 3212 2528 3283 τρυφή,
2557 3212 2716 3270 Ποῖον
2737 3210 2867 3283 γὰρ,
2896 3209 3016 3263 εἰπέ
3049 3226 3162 3279 μοι,
3192 3207 3513 3276 κατὰλόγον
3541 3207 3695 3271 ἐστίς

2103 3303 2202 3373 τὴν
2225 3302 2720 3372 κατεγγυηθεῖσαν,
2742 3301 2841 3372 τὴν
2867 3300 3125 3354 κοινωνὸν
3140 3294 3306 3352 οὖσαν
3324 3298 3693 3361 παιδοποιίας,

2103 3390 2308 3460 ταύτην
2343 3389 2510 3461 ἔχειν,
2545 3390 2578 3460 ἢ
2612 3391 2710 3460 τὴν
2746 3389 2846 3442 οὐκ
2885 3389 3270 3460 ἐγνωσμένηνς
3315 3389 3415 3440 οὐκ
3448 3387 3583 3451 ἴστε,
3611 3388 3695 3452 ὅτι

2105 3482 2160 3534 αἱ
2210 3480 2494 3549 συνήθειαι
2535 3479 2632 3541 τὰς
2677 3478 2864 3546 φιλίας
2916 3477 3225 3540 τίκτουσιν;
3275 3479 3438 3530 Ὥστε
3488 3477 3548 3529 οὑ
3596 3476 3695 3545 τῆς

2105 3569 2322 3638 φύσεώς
2353 3571 2491 3623 ἐστι.
2528 3567 2621 3637 Μὴ
2650 3566 2809 3620 αἰτιῶ
2853 3565 2952 3636 τὴν
2994 3567 3320 3634 ἐπιθυμίαν·
3369 3569 3402 3635 ή
3433 3567 3542 3635 γὰρ
3577 3566 3695 3617 ἐπι-

2105 3658 2274 3727 θυμία
2305 3656 2395 3711 διὰ
2423 3657 2603 3726 γάμον
2634 3654 2813 3724 ἐδόθη,
2845 3654 2935 3708 διά
2971 3653 3319 3708 παιδοποιίαν
3351 3650 3690 3722 παρεσχέθη,

2103 3747 2162 3798 ού
2196 3745 2286 3798 διὰ
2319 3747 2572 3815 μοιχείαν
2598 3743 2721 3797 ούδέ
2750 3743 3076 3813 διαφθοράν.
3110 3742 3292 3794 Ἵσασι
3332 3739 3431 3792 καὶ
3463 3740 3511 3791 οἱ
3539 3739 3692 3808 νόμοι

2101 3837 2212 3896 τοῖς
2242 3833 2300 3898 ἐξ
2341 3833 2591 3902 ἀνάγκης
2613 3829 3018 3899 συγγινώσκειν
3051 3829 3418 3900 ἁμαρτήμασι
3443 3842 3456 3854 ·
3491 3825 3690 3897 μᾶλλον

2134 3924 2158 3975 ἐ
2180 3923 2332 3976 οὐδέν
2355 3923 2502 3974 ἐστιν
2529 3919 2837 3992 ἁμάρτημα
2857 3918 2916 3983 ἐξ
2945 3919 3192 3987 ἀνάγκης
3213 3918 3519 3987 γινόμενον,
3553 3915 3692 3969 ἀλλά

2103 4011 2282 4064 πάντα
2308 4010 2415 4064 ἀπὸ
2451 4008 2685 4080 ὖϐρεως.
2721 3998 2796 4061 Οὐ
2833 4007 2942 4078 γάρ
2975 4005 3151 4069 οὕτως
3175 4007 3206 4060 ὁ
3233 4005 3366 4067 Θεὸς
3393 4003 3492 4074 τὴν
3528 4001 3690 4071 φύσιν

2103 4079 2578 4170 ἐδημιούργησεν,
2627 4098 2705 4160 ὡς
2779 4079 3029 4166 ἀνάγκην
3101 4095 3246 4164 ἔχειν
3318 4093 3688 4164 ἁμαρτάνεινο

2103 4188 2225 4240 ἐπεὶ
2252 4187 2299 4239 εἱ
2323 4185 2482 4238 τοῦτο
2498 4181 2585 4256 ἦν,
2601 4184 2823 4246 κόλασις
2841 4185 2942 4237 οὐκ
2958 4179 3046 4254 ἦν.
3073 4181 3195 4234 Τῶν
3225 4181 3334 4251 γάρ
3357 4179 3498 4232 κηατά
3523 4179 3690 4248 ἀνάγ-

2102 4293 2206 4344 κην
2246 4274 2342 4328 καὶ
2377 4273 2500 4344 βίαν
2549 4273 2672 4325 ούδέ
2707 4274 2872 4344 ἡμεῖς
2914 4264 3254 4341 ἀπαιτοῦμεν
3303 4269 3491 4338 λόγον,
3530 4269 3687 4339 μήτι-

2101 4379 2164 4430 γε
2193 4365 2220 4415 ὁ
2251 4362 2384 4426 Θεὸς
2421 4361 2449 4412 ὁ
2483 4360 2628 4414 οὕτω
2679 4359 3068 4430 φιλάνθρωπος
3109 4359 3205 4412 καὶ
3254 4357 3474 4427 ἀγαθός.
3530 4357 3690 4411 Ἀλλά

2101 4451 2192 4517 τί;
2234 4451 2294 4504 τὸ
2329 4450 2581 4503 κλέπτειν
2621 4449 2869 4519 ἀνάγκης
2900 4447 3053 4513 ἐστί;
3086 4447 3217 4513 Ναὶ,
3256 4446 3421 4516 φησίν
3447 4462 3461 4476 ο
3495 4446 3527 4517 ἡ
3579 4445 3690 4515 γάρ

2101 4541 2263 4596 πενία
2280 4539 2616 4593 τοῦτοποιεῖ.
2649 4539 2712 4591 Ἦ
2743 4537 2905 4593 πενία
2939 4535 3272 4608 ἐργάζεσθαι
3301 4535 3501 4606 μᾶλλον
3525 4536 3692 4603 ἀναγτ

2100 4632 2296 4697 κάζει,
2352 4631 2412 4684 ού
2457 4630 2735 4684 κλέπτειν.
2799 4628 2867 4680 Ἦ
2925 4626 3089 4679 πενία
3147 4625 3330 4678 τοίνυν
3378 4622 3688 4685 τούναντίον

2099 4723 2274 4774 ποιεῖ’
2309 4719 2370 4773 τὸ
2394 4718 2504 4790 γὰρ
2532 4717 2810 4781 κλέπτειν,
2835 4715 3034 4788 ἀργίας
3059 4713 3228 4776 ἐστὶν,
3257 4715 3290 4783 ἡ
3320 4712 3376 4765 δέ
3408 4711 3565 4766 πενία
3590 4711 3689 4763 οὐκ

2098 4810 2321 4880 ἀργίαν,
2355 4807 2496 4863 ἀλλά
2528 4805 2850 4877 φιλοπονίαν
2875 4816 2900 4844 α
2931 4804 3135 4859 τίκτειν
3157 4800 3368 4855 εἴωθεν.
3393 4801 3556 4852 Ὥστε
3593 4799 3688 4853 καὶ

2097 4901 2258 4953 τοῦτο
2293 4897 2570 4970 ῥᾳθυμίας
2604 4894 2744 4949 ἐστί.
2784 4894 2896 4949 Καὶ
2929 4890 3032 4946 ὧδε
3069 4891 3249 4963 μάθῃς
3275 4905 3287 4917 ·
3321 4887 3375 4941 τί
3399 4889 3529 4960 γὰρ,
3565 4887 3686 4940 εἱπέ

2103 5006 2214 5059 μοι,
2262 4982 2686 5055 δυσκολώτερον,
2721 4981 2776 5034 τί
2831 4980 2890 5034 δὲ
2939 4978 3291 5050 ἀηδέστερον,
3333 4974 3431 5039 τὰς
3483 4972 3687 5038 νύκτας

2098 5074 2484 5149 ἀγρυπνοῦντα
2513 5072 2808 5144 περιιέναι,
2840 5069 2938 5124 καὶ
2979 5069 3196 5139 τοίχους
3227 5065 3555 5138 διορύττειν,
3589 5065 3686 5118 καὶ

2098 5170 2157 5221 ἐν
2190 5166 2375 5222 σκότει
2425 5164 2686 5236 βαδίζειν,
2731 5161 2829 5216 καὶ
2857 5162 2957 5233 τὴν
2983 5158 3162 5230 ψυχὴν
3207 5158 3354 5228 ἔχειν
3399 5157 3457 5209 ἐν
3502 5157 3683 5226 χερσὶ,

2099 5262 2193 5313 καὶ
2246 5254 2384 5326 πρὸς
2440 5253 2601 5322 φόνον
2652 5249 3094 5323 παρατετάχθαι,
3151 5248 3248 5301 καὶ
3281 5245 3532 5316 τρέμειν,
3589 5243 3684 5296 καὶ

2097 5343 2419 5415 τεθνηκέναι
2449 5341 2527 5412 τῷ
2560 5341 2693 5404 δέει,
2737 5340 2771 5414 ἢ
2813 5339 2996 5402 πόνοις
3040 5336 3334 5408 προσέχειν
3374 5333 3682 5403 καθημερι-

2097 5434 2232 5496 νοῖς,
2261 5431 2360 5484 καὶ
2399 5429 2703 5498 ἀσφαλείας
2740 5424 3040 5480 ἀπολαύειν
3091 5422 3230 5494 μετὰ
3268 5419 3683 5488 ἀδείαςςτοῦτο

2099 5519 2352 5575 εὔκολονο
2404 5520 2500 5572 καὶ
2551 5519 2634 5570 δτι
2679 5513 2842 5568 τοῦτο
2889 5511 3136 5578 εὔκολον,
3169 5510 3219 5563 οἱ
3255 5508 3473 5572 πλείους
3525 5506 3684 5561 τοῦτο

2101 5609 2451 5678 πράττουσιν,
2487 5605 2521 5677 ἢ
2553 5605 2750 5658 ἐκεῖνο.

2163 5855 2190 5882 ι
2209 5841 2365 5901 Εάιιί,
2388 5838 2732 5902 φιλοπτωχίαν.
2757 5836 2912 5902 ngte
2947 5841 3219 5902 augurqtugs
3243 5839 3323 5902 εει
3362 5826 3583 5902 _Sav_iliqs
3606 5829 3682 5877 le—

2101 5893 2458 5965 gendumés'se
2493 5893 2926 5965 φιλοπονίανῘΝειῐῃ
2947 5893 3063 5950 τῃδὶ.
3099 5896 3170 5947 sic
3191 5895 3395 5956 habent,
3431 5898 3485 5941 et
3514 5893 3681 5942 sicsa-

2105 5963 2208 6016 i'ies
2225 5963 2514 6018 desideraré
2541 5965 2752 6014 videtur.
