4140 6500
499 361 559 414 Ξί
1197 362 1258 417 8.
1299 360 1586 418 JOANNIS
1622 349 2108 423 CIIRYSOSTOMI
2148 357 2464 416 ARCIIIEP.
2506 357 3054 418 CONSTANTINOP.
3681 361 3753 418 93

558 473 619 531 δ’.
640 474 799 546 Ὁρᾷς
832 474 911 527 ἔτι
943 473 1082 528 κατά
1098 474 1263 543 φύσιν
1295 476 1393 547 μὲν
1408 477 1442 545 ή
1460 475 1648 547 ἀρετὴ,
1667 476 1820 549 παρά
1842 475 2002 545 φύσιν
2016 474 2074 528 δὲ

481 558 517 626 ἡ
547 558 735 621 κακία,
770 556 1024 629 καθάπερ
1053 559 1086 628 ἡ
1112 558 1268 622 νόσος
1293 559 1385 612 καὶ
1407 561 1441 630 ή
1468 557 1660 627 ὑγείας
1686 560 1751 612 Τί
1780 559 1836 612 δέ
1865 558 1926 611 τὸ
1942 556 2073 627 ψεύ-

485 640 672 694 δεσθαι
708 640 805 693 καὶ
827 641 1125 712 ἐπιορκεῖν,
1148 640 1309 694 ποίαν
1341 639 1407 694 ἂν
1438 640 1552 711 ἔχοι
1592 642 1879 712 ἀνάγκην;
1909 640 2073 694 Οὐδε-

491 721 640 792 μίαν,
669 722 791 775 οὐδὲ
843 722 987 792 βίαν,
1020 723 1135 790 ἀλλ’
1169 723 1389 787 ἑκόντες
1429 725 1523 777 ἐπὶ
1570 725 1730 778 τοῦτο
1775 723 2069 796 ἐρχόμεθα,

500 804 927 875 Ἀπιστούμεθα,
962 805 1150 876 φησίν.
1196 806 1623 878 ’Δπιστούμεθα,
1654 808 1843 879 ἐπειδὴ
1888 805 2071 876 βουλόυ

490 887 631 957 μεθα
653 905 665 918 ·
692 888 818 956 ἐξῆν
844 886 956 960 γάρ
989 889 1098 943 ἀπὸ
1131 888 1226 942 τοῦ
1248 888 1454 960 τρόπου
1484 888 1836 945 πιστεύεσθαι
1870 887 2073 960 μᾶλλον

488 971 654 1039 ἡμᾶς,
695 970 727 1041 ἢ
772 970 882 1024 ἀπὸ
915 970 1022 1025 τῶν
1051 972 1252 1041 ὅρκων.
1285 970 1387 1025 Διά
1411 971 1465 1024 τί
1493 972 1622 1043 γὰρ,
1662 966 1784 1024 εἶπέ
1815 988 1927 1042 μοι,
1957 972 2073 1035 τοῖς

490 1053 590 1123 μὲν
612 1053 734 1108 οὐδὲ
765 1051 1027 1122 ὀμνύουσι
1055 1055 1406 1125 πιστεύομεν,
1436 1056 1559 1119 τοὺς
1590 1055 1647 1108 δὲ
1669 1055 1764 1109 καὶ
1783 1054 1952 1127 χωρὶς
1972 1054 2069 1125 69-

485 1151 596 1188 κων
629 1136 852 1199 πιστοὺς
887 1135 1205 1207 ἡγούμεθας
1269 1138 1433 1209 Ὁρᾷς
1483 1138 1567 1192 ὅτι
1619 1136 1859 1208 οὐδαμοῦ
1905 1138 2067 1210 χρεία

483 1216 699 1286 ὅρκων;
737 1219 834 1270 Ἂν
862 1220 890 1271 6
929 1218 1079 1272 δεῖνα
1133 1218 1288 1292 εἴπῃ,
1320 1219 1477 1290 φησὶ,
1518 1220 1616 1274 καὶ
1667 1221 1838 1292 χωρὶς
1884 1220 2067 1290 ὅρκων

484 1300 762 1354 πιστεύω·
805 1302 888 1355 σοὶ
923 1301 981 1355 δέ
1023 1301 1144 1355 οὐδὲ
1185 1302 1306 1373 μεθ’
1336 1304 1536 1374 ὅρκων.
1570 1304 1715 1375 ’Ἄρα
1764 1302 2015 1374 περιττὸν
2038 1305 2068 1357 6

482 1381 664 1453 ὅρκος,
692 1383 786 1437 καὶ
809 1384 968 1437 τοῦτο
1000 1384 1199 1455 μᾶλλον
1224 1385 1502 1450 ἀπιστίας,
1536 1386 1571 1455 ἢ
1603 1386 1842 1448 πίστεως
1859 1385 2068 1456 τεκμήε

487 1484 624 1537 ριον.
661 1464 776 1538 [141
800 1468 872 1520 T6
901 1468 1009 1538 γὰρ
1040 1467 1263 1522 εὐκολον
1306 1464 1449 1523 εἶναι
1480 1468 1617 1540 πρὸς
1641 1468 1702 1522 τὸ
1731 1468 1928 1539 ὀμόσαι
1964 1468 2065 1531 οὐκ

483 1549 679 1620 ἀφίησι
706 1550 865 1615 δόξαν
892 1552 1180 1616 εὐλαϐείας
1200 1552 1368 1623 ἐχειν.
1405 1553 1571 1606 Ὥστε
1614 1553 1643 1605 6
1672 1551 1911 1622 μάλιστα
1936 1569 2059 1613 συν-

483 1634 623 1702 εχῶς
650 1632 726 1704 τῷ
751 1634 898 1705 ὅρκῳ
925 1636 1288 1707 κεχρημένος,
1320 1630 1477 1699 οὗτος
1506 1635 1745 1709 οὐδαμοῦ
1767 1636 1861 1689 τοῦ
1895 1636 2060 1708 ὅρκου

482 1719 582 1786 τὴν
631 1716 832 1786 χρείαν
868 1716 981 1789 ἔχει
1010 1719 1319 1787 ἀναγκαίαν
1346 1735 1361 1751 ο
1394 1722 1423 1772 6
1451 1719 1508 1771 δέ
1563 1718 1818 1790 μηδαμοῦ
1852 1735 2062 1790 κεχρη-

485 1799 668 1869 μένος,
695 1800 855 1865 αὐτὸς
877 1801 1041 1855 αὐτοῦ
1061 1802 1161 1872 τῆς
1177 1803 1365 1875 χρείας
1385 1801 1670 1867 ἀπολαύει.
1696 1802 1871 1875 Χρεία
1894 1803 2060 1874 ὅρκου

481 1883 621 1954 πρὸς
646 1883 705 1936 τὸ
732 1884 1087 1938 πιστεύεσθαι
1103 1885 1327 1952 λοιπόν;
1360 1884 1662 1956 Οὐδαμῶς*
1685 1884 1903 1957 ὁρῶμεν
1927 1885 2059 1959 γὰρ,

480 1966 564 2019 ὅτι
619 1967 670 2019 οἱ
714 1966 790 2037 μὴ
834 1966 1168 2037 ὀμνύοντες,
1209 1963 1359 2023 οὗτοι
1424 1968 1629 2037 μᾶλλον
1690 1967 2058 2033 πιστεύονται.

493 2048 656 2102 Ἀλλά
692 2049 783 2117 τίς
832 2050 896 2104 τὸ
943 2051 1208 2124 ὑϐριστὴν
1263 2049 1405 2105 εἶναι
1447 2052 1698 2123 ἀνάγκης
1732 2051 1876 2118 ἐστί;
1928 2052 2061 2117 Nal,

481 2133 665 2202 φησίν·
685 2133 714 2185 6
736 2133 847 2204 γάρ
867 2133 1038 2205 θυμὸς
1056 2133 1265 2203 ἐξάγει,
1284 2135 1381 2197 καὶ
1405 2134 1614 2205 φλέγει,
1639 2136 1732 2201 καὶ
1752 2135 1851 2189 οὐκ
1867 2136 2061 2208 ἀφίησι

479 2214 579 2283 τὴν
603 2214 778 2286 ψυχὴν
815 2216 1067 2287 ἠρεμεῖν.
1115 2218 1192 2270 Οὐ
1237 2217 1333 2271 τοῦ
1365 2217 1539 2287 θυμοῦ
1573 2219 1746 2282 ἐστιν.
1781 2218 2056 2290 ἄνθρωπε,

480 2296 615 2350 ἀλλά
642 2298 743 2368 τῆς
774 2299 1139 2370 μικροιίωχίας
1164 2312 1189 2340 ι
1215 2300 1278 2353 τὸ
1308 2300 1586 2371 ὑϐρίζειν⁸
1616 2302 1666 2354 εί
1697 2300 1754 2354 δέ
1780 2300 1953 2373 θυμοῦ
1969 2297 2059 2374 ῆν,

481 2379 683 2444 πάντες
706 2381 983 2453 ἄνθρωποι
1008 2382 1378 2454 ὀργιζόμενοι,
1403 2385 1504 2437 οὐκ
1530 2384 1597 2438 ἂν
1628 2384 1893 2439 διέλειπον
1905 2386 2060 2454 ὐϐρί-

482 2464 687 2526 (οντες.
715 2464 899 2534 θυμὸν
934 2464 1155 2535 ἔχομεν,
1185 2466 1284 2535 οὐχ
1309 2466 1397 2519 ἕνα
1424 2465 1738 2537 ὐϐρίζωμεν
1762 2467 1887 2530 τοὺς
1920 2467 2060 2539 πληιι

484 2544 621 2609 σίον,
665 2545 781 2599 ἀλλ’
827 2546 915 2601 ἵνα
970 2547 1098 2610 τούς
1145 2546 1565 2619 ἁμαρτάνοντας
1615 2549 2058 2620 ἐπιστρέφωμεν,

482 2627 571 2680 ἵνα
601 2626 1023 2698 διανιστὼμεθα,
1062 2628 1147 2682 ἵνα
1191 2628 1267 2700 μὴ
1302 2629 1494 2691 νωθεῖς
1544 2624 1717 2701 ὦμεν.
1761 2631 1973 2702 Ὠσπερ
2005 2649 2060 2692 τι

478 2711 703 2782 κέντρον
732 2711 976 2780 ἔγκειται
1008 2713 1141 2783 ἡμῖν
1180 2714 1208 2769 6
1235 2713 1429 2784 θυμὸς,
1466 2714 1552 2776 ἕνα
1589 2713 1731 2767 κατά
1756 2712 1852 2777 τοῦ
1877 2715 2061 2770 διαϐό-

477 2792 571 2846 λου
609 2792 900 2864 βρύχωμεν
928 2795 1056 2858 τοὺς
1092 2794 1334 2861 ὀδόντας,
1378 2796 1467 2852 ἵνα
1497 2795 1719 2867 σφοδροὶ
1745 2789 1897 2866 ὦμεν
1921 2796 2060 2869 πρὸς

476 2875 662 2939 αὐτὸν,
687 2877 787 2947 οὐχ
823 2876 910 2930 ἵνα
929 2878 1049 2933 κατ’
1077 2876 1324 2948 ἀλλήλων
1355 2877 1593 2950 στῶμεν.
1622 2878 1805 2933 Ὅπλα
1837 2878 2056 2951 ἔχομεν,

475 2956 574 3027 οὐχ
603 2957 691 3011 ἵνα
720 2959 871 3029 ἡμᾶς
901 2959 1101 3023 αὐτοὺς
1138 2959 1494 3031 πολεμῶμεν,
1530 2961 1647 3023 ἀλλ’
1680 2961 1767 3015 ῖνα
1792 2960 1938 3014 κατά
1961 2960 2057 3016 τοῦ

476 3039 738 3109 πολεμίου
764 3041 1029 3113 χρώμεθα
1051 3045 1115 3114 τῇ
1158 3044 1483 3116 παντευχίᾳ.
1529 3045 1777 3117 Ὀργίλος
1808 3041 1893 3111 sl;
1926 3046 2061 3099 Ἔσο

477 3123 617 3176 κατά
646 3122 752 3177 τῶν
786 3126 1204 3195 ἁμαρτημάτων
1245 3126 1353 3187 τῶν
1386 3127 1585 3185 σαυτοῦ
1617 3128 1891 3192 τοιοῦτος,
1940 3128 2060 3182 ἐπί-

479 3204 681 3276 πληττε
697 3209 761 3277 τῇ
776 3206 943 3279 ψυχῇ,
972 3208 1202 3277 μάστιζε
1227 3209 1288 3262 τὸ
1308 3211 1569 3275 συνειδὸς,
1592 3211 1821 3283 σφοδρὸς
1837 3212 1929 3266 έσο
1941 3229 2066 3283 κριδ

478 3288 575 3359 τὴς
604 3290 700 3344 καὶ
732 3291 929 3362 πικρὸς
957 3289 1221 3363 δικαστὴς
1259 3295 1374 3356 τοῖς
1420 3292 1642 3358 οἰκείοις
1673 3295 2056 3367 ἁμαρτήμασι.

481 3372 654 3454 Τοῦτο
667 3373 767 3443 τῆς
788 3374 959 3443 ὀργῆς
979 3374 1041 3427 τὸ
1062 3374 1250 3444 κέρδος
1273 3390 1289 3406 ⁶
1323 3375 1411 3429 διά
1426 3374 1585 3439 τοῦτο
1614 3378 1747 3447 ἡμῖν
1775 3378 1951 3454 αὐτὴν,
1977 3379 2060 3433 ἐν·

481 3453 678 3524 έθηκεν
691 3456 719 3508 6
734 3455 886 3521 Θεός.
919 3456 1058 3510 Ἀλλ’
1076 3459 1109 3528 ἡ
1138 3457 1362 3534 ἁρπαγὴ
1379 3458 1441 3524 ἐξ
1467 3459 1715 3528 ἀνάγκης
1733 3460 1880 3514 ἐστίν
1903 3478 1920 3527 ;
1945 3453 2061 3514 Οὐ-

476 3534 691 3619 δαμῶςο
723 3538 850 3592 ποία
870 3538 978 3610 γὰρ
1007 3540 1221 3619 ἀνάγκη
1241 3539 1304 3594 τὸ
1321 3541 1611 3612 ἁρπάζειν,
1636 3544 1760 3599 εἰπέ
1780 3560 1869 3613 μοι
1889 3560 1903 3610 ;
1928 3544 2058 3599 ποία

479 3616 570 3688 βία
588 3620 805 3685 ;Πενία,
820 3623 973 3696 φησὶ,
995 3616 1158 3688 ποιεῖ,
1178 3616 1273 3689 xal
1283 3623 1344 3677 τὸ
1361 3623 1479 3687 δέος
1493 3622 1601 3684 τῶν
1612 3625 1945 3693 ἀναγκαίων,
1960 3627 2058 3689 Διά

476 3700 635 3754 τοῦτο
658 3704 756 3773 μὲν
798 3698 892 3761 οὖν
925 3706 1025 3759 οὐκ
1054 3706 1290 3775 ὀφείλεις
1325 3707 1624 3778 ἁρπάζεινο
1660 3708 1720 3762 οὐ
1749 3708 1860 3781 γὰρ
1888 3710 2058 3778 ἀσφα-

476 3782 576 3854 λης
602 3787 631 3838 6
652 3786 893 3851 τοιοῦτος
930 3787 1179 3853 πλοῦτος.
1207 3789 1279 3853 Σὺ
1319 3789 1376 3857 δέ
1407 3790 1607 3855 ταυτὸν
1636 3794 1836 3855 ποιεῖς,
1866 3790 2057 3863 ὥσπερ

476 3866 544 3922 ἂν
578 3867 630 3921 ετ
650 3884 734 3932 τις
758 3870 1074 3942 ἐρωτηθεὶς,
1104 3873 1157 3925 τί
1181 3872 1385 3945 δήποτε
1418 3875 1497 3943 είς
1519 3872 1703 3945 ἄμμον
1732 3874 1802 3929 τά
1831 3873 2057 3945 θεμέλια

476 3950 575 4020 τῆς
609 3950 784 4016 οίκέας
820 3954 1173 4022 καταϐάλλοι,
1219 3956 1388 4022 είποι,
1414 3957 1498 4023 ὅτι
1538 3958 1636 4022 Διά
1669 3957 1762 4011 τὸν
1800 3958 2014 4028 κρυμὸν
2037 3995 2053 4021 ,

476 4032 565 4085 διά
594 4032 685 4117 τδν
712 4035 884 4091 ὑετόν.
913 4039 1011 4094 Διά
1032 4038 1192 4095 τοῦτο
1218 4039 1317 4110 μὲν
1339 4035 1432 4093 οὖν
1453 4041 1534 4104 είς
1554 4041 1740 4111 ἀμμον
1766 4040 1867 4095 οὐκ
1887 4040 2055 4117 ἐχρῆν

477 4116 839 4174 καταϐάλλειν
862 4137 876 4151 ο
910 4124 1247 4194 ἀναστρέφει
1270 4124 1378 4195 γὰρ
1396 4125 1537 4191 αὐτά
1563 4125 1773 4194 ταχέως
1794 4124 1889 4177 καὶ
1902 4116 2056 4189 ὗέτδς

476 4200 575 4253 καὶ
603 4202 892 4273 πνεύματα
925 4207 1021 4261 καὶ
1042 4205 1265 4276 ἄνεμος.
1295 4208 1460 4273 ’Ὥστε
1491 4209 1540 4261 εί
1563 4208 1819 4272 πλουτεῖν
1851 4205 2052 4271 θέλεις,

482 4283 558 4354 μὴ
590 4285 924 4342 πλεονέκτει.
954 4289 1016 4342 El
1048 4289 1210 4345 παισὶ
1232 4289 1415 4360 βούλει
1442 4290 1779 4362 παραδοῦναι
1801 4290 2052 4354 πλοῦτον,

541 4449 576 4506 ι,
590 4437 699 4487 1am
750 4453 884 4507 saepe
907 4439 1493 4554 ⁸(ὶὶιιίεηιιιξθμηιφιλίουχίιριν
1533 4444 1660 4505 apud
1698 4439 2060 4514 ecclgsiastIgo:

541 4504 753 4554 ruptores
790 4516 973 4554 nassum
1017 4517 1146 4554 312m
1186 4518 1299 4554 care
1347 4507 1655 4554 simultatem
1696 4510 1752 4554 el.
1787 4505 2060 4554 dissensio-

481 4504 753 4611 ἷῖηξριονεε
790 4504 973 4566 p'assim
1017 4504 1299 4568 signiﬁcat—9'0
1331 4504 1655 4576 'ﬁimultalem
1696 4510 1752 4555 ει
1787 4504 2061 4557 dissentio-

2175 471 2383 527 δίκαιον
2428 472 2649 541 κτῆσαι,
2688 474 2742 526 εί
2769 475 2831 541 γέ
2880 476 2962 539 τίς
3002 477 3118 530 ἐστι
3149 474 3420 540 τοιοῦτος’
3455 464 3610 538 οὗτος
3646 481 3753 546 γὰρ

2180 556 2352 627 μένει,
2379 557 2472 609 καὶ
2498 555 2713 626 βέϐαιος
2733 557 2998 626 ἔστηκεν·
3024 561 3056 613 ὀ
3085 559 3144 612 δέ
3177 560 3253 632 μὴ
3276 558 3519 622 τοιοῦτος
3543 558 3752 628 ταχέως

2174 638 2599 694 ἀπόλλυταικαὶ
2639 639 3041 711 διαφθείρεται.
3090 642 3349 697 Πλουτεῖν
3397 641 3594 704 θέλεις,
3628 642 3751 693 είπέ

2177 739 2288 792 μοι,
2325 724 2420 775 καὶ
2452 722 2522 775 τά
2549 721 2658 774 τῶν
2698 722 2874 777 ἄλλων
2917 722 3253 795 λαμϐάνεις;
3302 725 3414 780 Kal
3460 723 3566 796 μὴν
3592 722 3752 776 τοῦτο

2171 806 2274 858 οὐκ
2317 804 2433 857 ἔστι
2460 803 2712 871 πλοῦτος,
2743 805 2881 859 ἀλλά
2909 807 2971 861 τὸ
3000 807 3069 862 τὰ
3100 807 3208 861 ῐδια
3235 808 3517 877 κατέχειν*
3549 807 3579 859 6
3599 806 3654 859 δέ
3682 805 3753 859 τά
3829 846 3835 849 -

2170 886 2431 955 ἀλλότρια
2460 886 2620 957 έχων,
2654 888 2755 941 οὐκ
2796 888 2863 943 ἂν
2907 890 2995 958 εἴη
3037 889 3321 954 πλούσιος’
3353 889 3475 942 ἐπεὶ
3512 888 3656 941 οὕτω
3687 902 3749 955 γε

2172 969 2238 1023 ἂν
2275 969 2373 1023 καὶ
2393 969 2444 1022 οἱ
2472 969 2544 1023 τά
2583 970 2786 1041 σηρικὰ
2813 971 3142 1038 πωλοῦντες,
3170 972 3361 1044 ίμὰτια
3381 970 3513 1041 παρ’
3542 971 3749 1039 ἐτέρων

2169 1052 2558 1124 λαμϐάνοντες,
2579 1054 2676 1107 καὶ
2702 1052 3073 1126 εὐπορώτεροι
3098 1056 3195 1111 καὶ
3214 1053 3601 1124 πλουσιώτεροι
3620 1053 3750 1115 πάνυ

2168 1154 2279 1190 των
2307 1136 2552 1204 λέγοιντο
2598 1135 2664 1189 ἄν
2684 1152 2698 1167 ⁶
2732 1136 2909 1191 καίτοι
2941 1153 3006 1205 γε
3037 1136 3220 1193 αὐτῶν
3261 1138 3381 1191 ἐστι
3421 1136 3562 1199 τέως
3583 1173 3599 1197 ,
3630 1134 3746 1189 ἀλλ’

2166 1217 2319 1288 ὅμως
2356 1217 2555 1282 αὐτοὺς
2596 1218 2659 1271 οὐ
2705 1218 2979 1290 καλοῦμεν
3033 1219 3346 1282 πλουσίους.
3395 1218 3462 1272 Τί
3509 1216 3743 1288 δήποτε;

2170 1302 2292 1355 Ὅτι
2317 1300 2388 1355 τά
2418 1299 2678 1371 ἀλλότρια
2704 1299 2942 1378 ἔχουσιν.
2973 1300 3036 1355 El
3067 1301 3178 1371 γάρ
3206 1303 3301 1355 xal
3328 1300 3400 1355 τά
3428 1301 3620 1371 ἱμάτια
3650 1300 3748 1353 αὐτ

2164 1383 2274 1438 τῶν
2306 1384 2584 1453 τυγχάνει,
2620 1382 2734 1445 ἀλλ’
2774 1385 2808 1455 ἡ
2834 1384 2973 1455 τιμὴ
3020 1384 3121 1438 οὐκ
3152 1384 3362 1438 αὐτῶν*
3399 1386 3448 1436 εί
3486 1383 3544 1435 δέ
3573 1383 3668 1437 καὶ
3711 1384 3745 1457 ἡ

2164 1466 2299 1537 τιμὴ
2326 1465 2529 1529 αὐτῶν,
2561 1465 2681 1530 ἀλλ’
2712 1458 2869 1530 οὗτος
2919 1464 3149 1531 πλοῦτος
3181 1466 3281 1523 οὐκ
3315 1465 3453 1528 ἔστι.
3491 1465 3555 1519 Εἰ
3592 1465 3649 1518 δέ
3676 1466 3744 1518 τὰ

2167 1549 2471 1620 συμϐόλαια
2495 1548 2745 1619 διδόμενα
2768 1551 2829 1604 οὐ
2853 1552 2999 1603 ποιεῖ
3017 1549 3328 1612 πλουσίους,
3353 1547 3444 1601 διὰ
3457 1546 3518 1609 τό
3535 1548 3744 1618 ταχέως

2164 1633 2311 1704 ἡμᾶς
2352 1631 2534 1686 αὐτῶν
2576 1632 2932 1700 ἀφίστασθαι.
2963 1633 3035 1686 τά
3081 1632 3141 1697 ἐξ
3173 1632 3430 1703 ἁρπαγῆς
3456 1630 3573 1694 πῶς
3603 1631 3747 1691 ποιεῖ

2165 1713 2484 1781 πλουσίους;
2519 1712 2566 1787 [Ι
2579 1712 2635 1785 5]
2663 1715 2726 1767 Et
2766 1714 2825 1768 δέ
2852 1715 2948 1769 καὶ
2979 1715 3117 1778 ὅλως
3160 1715 3448 1785 ἐπιθυμεῖς
3495 1713 3744 1768 πλουτεῖν

2165 1796 2247 1868 (οὐ
2270 1796 2378 1867 γάρ
2404 1796 2649 1867 ἀνάγκης
2669 1797 2731 1849 τὸ
2753 1796 3027 1867 πρᾶγμα)ο
3056 1796 3199 1861 τίνος
3228 1795 3535 1851 ἀπολαῦσαι
3559 1794 3744 1865 βουλό⁶

2167 1895 2327 1949 μενος
2362 1877 2639 1944 πλείονος;
2670 1874 2782 1949 ἀρα
2820 1878 2967 1951 ζωῆς
3002 1879 3380 1951 μακροτέραςς
3410 1878 3521 1930 Kal
3558 1876 3666 1947 μὴν
3689 1877 3739 1929 σί

2161 1961 2393 2023 τοιοῦτοι
2420 1961 2632 2031 ταχέως
2662 1961 3022 2035 ὀλιγοχρόνιοι
3047 1961 3311 2031 γίνονται.
3346 1960 3612 2023 Πολλάκις
3632 1958 3743 2030 γάρ

2162 2043 2319 2115 δίκην
2355 2043 2563 2097 διδόασι
2594 2043 2695 2114 τῆς
2724 2043 2989 2114 ἁρπαγῆς
3031 2045 3127 2098 καὶ
3162 2043 3264 2115 τῆς
3298 2041 3617 2107 πλεονεξίας
3648 2042 3742 2095 τὸν

2162 2127 2341 2197 ἄωρον
2370 2124 2601 2180 θάνατον
2626 2127 2723 2179 καὶ
2752 2126 2814 2180 τὸ
2834 2127 2942 2181 τῶν
2967 2128 3262 2197 κτημάτων
3298 2125 3373 2203 μὴ
3404 2124 3737 2187 ἀπολαῦσαι,

2162 2208 2297 2267 ἀλλὰ
2329 2210 2550 2281 μικρὸν,
2592 2210 2686 2264 καὶ
2728 2208 2827 2280 τὴν
2866 2208 3092 2278 γέενναν
3141 2208 3399 2270 ἀπελθεῖν
3445 2206 3738 2269 λαϐόνταςν

2163 2290 2422 2355 πολλάκις
2459 2292 2516 2346 δέ
2539 2293 2634 2346 καὶ
2655 2291 2765 2345 ἀπὸ
2791 2292 2891 2364 τῆς
2924 2292 3135 2364 τρυφῆς
3174 2293 3269 2355 καὶ
3293 2290 3402 2346 ἀπὸ
3428 2289 3538 2344 τῶν
3563 2289 3742 2343 πόνων

2162 2374 2258 2439 καὶ
2287 2375 2396 2428 ἀπὸ
2425 2373 2533 2428 τῶν
2561 2375 2860 2446 φροντίδων
2885 2374 3074 2439 νόσους
3105 2376 3358 2438 τεκόντες
3383 2373 3411 2415 δ
3436 2371 3738 2426 ἀπώλοντο.

2176 2457 2519 2529 Ἦϐουλόμην
2553 2458 2748 2529 μαθεῖν
2767 2458 2914 2522 τίνος
2943 2457 3133 2521 ξνεκεν
3158 2457 3188 2510 6
3225 2455 3456 2533 πλοῦτος
3489 2452 3743 2508 διεσπούτ

2161 2539 2357 2604 δασται
2389 2544 2504 2606 τοῖς
2548 2540 2880 2613 ἀνθρώποις.
2920 2540 3116 2594 Καίτοι
3148 2542 3177 2595 6
3212 2539 3347 2603 Θεὸς
3372 2538 3461 2593 διά
3488 2536 3648 2591 τοῦτο
3672 2539 3738 2619 τῇ

2164 2623 2325 2695 φύσει
2368 2624 2567 2698 μέτρον
2601 2624 2696 2677 καὶ
2726 2625 2876 2695 ὄριον
2916 2623 3132 2694 ἔθηκεν,
3174 2623 3261 2677 ἴνα
3303 2620 3572 2697 μηδεμίαν
3602 2620 3740 2691 έχωτ

2164 2723 2264 2779 μεν
2294 2707 2543 2779 ἀνάγκην
2590 2705 2685 2760 τοῦ
2737 2706 2830 2762 τὸν
2870 2705 3100 2761 πλοῦτον
3151 2704 3452 2778 ἐπιζητεῖν,
3500 2699 3612 2756 οἷον
3658 2704 3741 2756 ἐνὶ

2165 2791 2366 2863 ίματίῳ
2392 2793 2425 2862 ἢ
2468 2792 2565 2847 καὶ
2587 2791 2826 2863 δευτέρῳ
2855 2788 3284 2862 περιϐάλλεσθαι
3328 2789 3391 2841 τὸ
3421 2786 3583 2859 σῶμα
3614 2787 3740 2840 ἐκέπ

2160 2874 2340 2940 λευσε,
2368 2876 2464 2929 καὶ
2487 2872 2744 2946 περιττοῦ
2771 2875 2831 2926 οὐ
2851 2874 3010 2951 χρεία
3038 2872 3178 2944 πρὸς
3198 2871 3298 2942 τὴν
3321 2871 3555 2941 σκέπην.
3582 2870 3740 2933 Τίνος

2161 2958 2350 3022 ἐνεκεν
2382 2957 2451 3017 τὰ
2485 2958 2656 3029 μυρία
2683 2956 2897 3027 ἱμάτια,
2927 2955 3022 3009 καὶ
3045 2956 3115 3008 τὰ
3140 2952 3494 3027 σητόϐρωτα;
3525 2954 3740 3024 Μέτρον

2159 3038 2467 3111 ὡρισμένον
2498 3040 2616 3093 ἐστὶ
2644 3038 2745 3107 τῆς
2773 3037 3036 3113 γαστρὸς,
3071 3037 3167 3103 καὶ
3195 3036 3339 3107 πέρα
3362 3035 3554 3092 τούτου
3587 3035 3741 3089 δοθέν

2159 3123 2218 3189 ἐξ
2245 3122 2491 3193 ἀνάγκης
2526 3121 2799 3192 διέφθειρε
2824 3120 2886 3173 τὺ
2920 3120 3030 3173 πᾶν
3067 3118 3206 3184 ζῶον
3230 3134 3244 3148 ·
3279 3119 3426 3183 τίνος
3463 3118 3650 3172 ἐνεκεν
3679 3119 3737 3171 αἱ

2159 3204 2355 3273 ἀγέλαι
2389 3205 2484 3265 καὶ
2513 3203 2581 3257 τά
2609 3204 2838 3275 ποίμνια
2863 3204 2958 3257 καὶ
2978 3203 3036 3257 αι
3060 3201 3169 3256 τῶν
3189 3202 3369 3274 κρεῶν
3394 3202 3738 3279 κατακοπαίι

2157 3289 2304 3351 Μιᾶς
2338 3287 2537 3358 στέγης
2572 3285 2849 3360 χρῄζομεν
2873 3301 2887 3316 ’
2926 3286 3074 3351 ⁴τίνος
3108 3285 3294 3351 ἐνεκεν
3332 3285 3383 3340 οἱ
3419 3284 3698 3356 περίϐολοι
3721 3324 3739 3348 ,

2159 3371 2255 3424 καὶ
2280 3372 2349 3426 τὰ
2367 3369 2638 3442 πολυτελῆ
2665 3369 2985 3440 οἰκημάτων
3009 3384 3025 3435 ;
3071 3368 3160 3435 ἵνα
3189 3368 3367 3436 γῦπες
3410 3369 3505 3423 καὶ
3539 3367 3740 3432 κολοιοὶ

2159 3452 2477 3519 κατοικῶσι,
2512 3453 2640 3517 τοὺς
2668 3453 2910 3524 πένητας
2939 3451 3236 3517 ἀποδύεις;
3278 3450 3390 3509 Καὶ
3434 3451 3611 3520 πόσης
3638 3450 3740 3514 οὐκ

2157 3536 2284 3603 ἀξια
2317 3536 2491 3590 ταῦτα
2533 3536 2799 3606 γεέννης;
2845 3533 3040 3589 Πολλοὶ
3093 3532 3359 3599 πολλάκις
3390 3533 3473 3598 είς
3497 3534 3700 3597 τόπους
3719 3573 3737 3598 ,

2159 3620 2255 3685 οὓς
2292 3620 2415 3674 οὐδέ
2460 3615 2622 3684 εῐδον,
2673 3618 2819 3681 κίοσι
2864 3618 2960 3671 καὶ
3003 3615 3175 3681 λίθοις
3225 3616 3543 3688 πολυτίμοις
3589 3618 3739 3671 οίκο-

2155 3702 2294 3772 δομή
2304 3718 2450 3772 ματα
2504 3699 2952 3770 ἐξαστράπτοντα
3011 3699 3446 3772 κατεργάζονται
3498 3699 3572 3771 (τί
3626 3699 3738 3769 γὰρ

2156 3784 2259 3841 οὐκ
2298 3772 2803 3857 ἐμηχανήσαντος)
2852 3781 2949 3838 καὶ
2996 3781 3119 3847 οὐδὲ
3171 3782 3327 3845 αὐτοὶ
3374 3781 3691 3836 ἀπέλαυσαν
3719 3823 3736 3851 ,

2157 3866 2280 3932 οὐδέ
2312 3866 2464 3927 ἄλλοι
2499 3865 2677 3932 τινές·
2704 3867 2737 3937 ἡ
2773 3865 2883 3936 γάρ
2912 3865 3118 3946 ἐρημία
3138 3866 3241 3919 οὐκ
3272 3866 3499 3937 ἀφίησιν
3537 3865 3739 3929 αὐτοὺς

2157 3947 2416 4010 ἀπελθεῖν
2440 3963 2454 3977 ο
2502 3949 2599 4003 καὶ
2648 3947 2769 4002 οὐδὲ
2823 3947 2996 4014 οὕτως
3048 3948 3396 4016 ἀφίστανται.
3451 3949 3615 4021 Ὁρᾷς
3652 3948 3737 4013 ὅτι

2156 4031 2279 4084 οὐδέ
2308 4029 2696 4111 χρηματισμοῦ
2717 4030 2906 4093 ἐνεκεν
2923 4030 3096 4084 ταῦτα
3121 4032 3366 4101 γίνεται;
3405 4031 3566 4084 Ἀλλά
3596 4031 3736 4085 πάν-

2156 4131 2268 4167 των
2296 4112 2501 4176 τούτων
2545 4113 2702 4172 ἄνοια
2728 4113 2824 4179 καὶ
2856 4112 3052 4184 ἀλογία
3093 4115 3189 4169 καὶ
3233 4112 3511 4180 κενοδοξία
3544 4113 3694 4167 αἰτία
3718 4131 3735 4147 ο

2157 4196 2245 4276 ἣν,
2284 4196 2612 4269 παρακαλῶ,
2646 4195 2930 4267 φύγωμεν,
2975 4197 3064 4250 ἵνα
3096 4196 3164 4251 τά
3188 4196 3325 4251 ἀλλα
3355 4201 3546 4266 φυγεῖν
3571 4196 3736 4276 δυνη-

2154 4272 2338 4351 θῶμεν
2370 4278 2515 4336 κακά
2541 4321 2556 4345 ,
2592 4279 2687 4334 καὶ
2740 4280 2849 4335 τῶν
2898 4280 3327 4352 ἐπηγγελμένων
3373 4279 3594 4349 ἀγαθῶν
3623 4272 3736 4350 τοῖς

2153 4362 2444 4451 ἀγαπῶσιν
2466 4362 2630 4420 αὐτὸν
2653 4366 2858 4437 τυχεῖν,
2895 4365 2954 4420 ἐν
2982 4363 3208 4437 Χριστῷ
3240 4363 3418 4437 Ἰησοῦ
3442 4363 3517 4438 τῷ
3541 4362 3736 4451 Κυρίῳ

2155 4445 2337 4520 ἡμῶν.

2217 4571 2247 4611 h
2271 4567 2389 4632 Alii,
2408 4570 2567 4629 νόσοις
2586 4570 2933 4634 περιπεσόντες.
