4140 6518
323 406 390 460 21
1279 407 1344 464 ΙΝ
1384 407 1603 464 EPIST.
1649 408 1742 462 AD
1786 403 2027 460 ENIES.
2074 403 2227 459 CAP.
2275 406 2312 459 l.
2359 405 2590 463 llOMlL.
2637 407 2699 462 ll.
3587 416 3660 469 2‘3

323 537 419 592 tiei
449 542 510 592 et
534 532 823 590 socordiae.
856 530 1020 601 quue
1047 531 1124 586 sic
1151 528 1436 582 didiceris:
1471 525 1600 598 quid
1631 523 1796 584 enim,
1827 520 1935 585 die,

321 644 551 700 qumso,
594 636 679 682 est
724 624 1032 691 difﬁcilius,
1087 623 1216 694 quid
1259 621 1644 692 iniucundius,
1686 626 1944 671 noctesne

321 725 483 777 obire
505 720 824 790 vigilantem
847 728 902 774 et
922 732 1106 772 muros
1133 715 1417 787 perfudere
1436 713 1556 768 etin
1579 709 1816 765 tenebris
1839 723 1942 760 ani-

322 817 543 880 bulare,
573 822 630 868 et
653 812 892 867 animam
925 811 1124 865 habere
1157 810 1208 863 in
1237 808 1505 870 manibus,
1537 815 1590 860 et
1619 803 1940 858 instructum

319 923 450 963 esse
474 907 542 960 ad
571 905 777 961 caedem
799 945 816 970 ,
850 912 905 958 ει
932 911 1165 957 tremere
1188 910 1244 956 et
1270 900 1404 955 mori
1436 906 1583 953 metu
1610 911 1627 962 ;
1659 911 1726 950 an
1757 892 1939 964 quoti-

320 1002 504 1056 diaois
551 1013 775 1069 operam
821 997 952 1052 dare
999 995 1305 1059 laboribus,
1352 1001 1406 1046 et
1439 992 1489 1044 in
1520 998 1634 1044 tuto
1664 1002 1784 1043 esse
1821 1000 1941 1040 cum

321 1094 663 1152 securitate?
712 1093 828 1149 Hoc
866 1101 951 1147 est
1005 1090 1159 1145 facile
1191 1107 1202 1142 :
1237 1098 1291 1144 et
1330 1088 1450 1159 quia
1485 1085 1588 1140 hoc
1633 1094 1715 1139 est
1747 1081 1902 1136 facile
1924 1123 1940 1146 ,

323 1191 515 1260 plures
548 1187 653 1242 hoc
676 1187 917 1251 faciunt,
947 1201 1108 1255 quam
1142 1183 1293 1239 illud.

393 1284 455 1338 4.
483 1280 662 1335 Virtus
690 1290 764 1334 est
791 1280 1070 1332 secundum
1100 1287 1358 1339 naturam,
1386 1275 1563 1328 vilium
1582 1283 1762 1326 contra
1792 1279 1941 1323 nutu-

321 1372 839 1430 ramJuramentum
868 1381 942 1425 est
968 1385 1421 1439 supervacaneum.
1455 1367 1646 1422 Contra
1665 1364 1938 1419 avaritiam

322 1478 372 1524 et
401 1459 644 1538 rapiendi
665 1465 1016 1535 cupiditatem.
1044 1492 1118 1504 —-
1147 1461 1313 1518 Vides
1341 1461 1484 1532 quod
1514 1459 1810 1516 secundum
1845 1475 1940 1512 na-

327 1570 508 1615 turam
563 1557 786 1628 quidem
844 1558 918 1612 sit
971 1557 1182 1621 virtus,
1229 1564 1428 1626 praeter
1472 1563 1720 1610 naturam
1757 1562 1936 1607 autem

325 1651 524 1705 vitium
545 1692 559 1714 ,
591 1650 733 1704 sicut
775 1649 997 1703 morbus
1019 1657 1074 1703 et
1101 1648 1347 1703 sanitas?
1375 1646 1515 1714 Quid
1544 1661 1676 1702 vero
1720 1646 1937 1700 mentiri

324 1755 380 1800 et
408 1744 681 1814 peierare,
696 1757 986 1811 quamnam
1014 1741 1248 1796 habeant
1266 1740 1681 1796 necessitatem?
1701 1738 1934 1802 Nullam,

327 1852 432 1892 nec
463 1837 603 1900 vim;
633 1835 728 1890 sed
763 1835 1014 1890 lubenter
1041 1834 1107 1888 ad
1139 1834 1188 1888 id
1223 1835 1489 1888 venimus.
1525 1832 1710 1897 Nobis,
1741 1831 1934 1902 inquit,

330 1928 466 1984 ﬁdes
493 1945 599 1983 nou
631 1928 884 1982 habetur.
909 1927 1069 1982 Fides
1111 1943 1217 1981 non
1249 1926 1478 1981 habetur
1500 1968 1515 1992 ,
1551 1926 1803 1996 quoniam
1847 1940 1940 1978 v0-

330 2023 556 2076 lunius:
590 2022 791 2077 licebat
834 2023 981 2078 enim
1011 2020 1169 2077 nobis
1211 2021 1383 2092 magis
1436 2021 1598 2077 ﬁdem
1631 2020 1817 2076 haberi
1867 2035 1934 2075 ex

332 2115 604 2181 moribus,
651 2132 816 2186 quam
858 2132 924 2172 ex
952 2116 1302 2187 iuramentis.
1324 2117 1456 2174 Nam
1486 2132 1616 2184 cur,
1645 2117 1732 2171 die
1760 2114 1888 2170 mihi
1916 2157 1932 2180 ,

325 2209 562 2265 aliisne
600 2210 913 2279 iurantibus
960 2208 1181 2280 quidem
1232 2212 1543 2277 credimus;
1578 2211 1714 2265 alios
1753 2216 1932 2262 autem

321 2306 486 2359 etiam
518 2304 782 2374 iniuratus
834 2303 941 2358 ﬁde
987 2303 1180 2374 dignos
1229 2304 1558 2359 censemus?
1591 2303 1750 2360 Vides
1789 2302 1933 2374 quod

317 2410 664 2467 nequaquam
715 2411 854 2466 Opus
895 2397 969 2452 sit
1010 2396 1376 2468 iuramentis?
1421 2396 1477 2452 Si
1529 2397 1617 2453 hic
1671 2406 1764 2451 aut
1803 2398 1930 2464 ille,

314 2491 526 2562 inquit,
579 2491 813 2556 dixerit,
862 2492 1028 2547 credo
1075 2493 1239 2547 etiam
1275 2491 1541 2563 iniurato;
1573 2492 1665 2547 tibi
1711 2501 1928 2558 autem,

317 2598 423 2637 nec
472 2582 520 2638 si
566 2583 858 2652 iuraveris.
896 2584 990 2639 Est
1017 2600 1150 2656 ergo
1198 2584 1568 2655 iuramentum
1609 2601 1930 2655 supervacuo

309 2690 520 2739 neum;
567 2675 753 2731 ethoc
779 2686 863 2731 est
903 2677 1071 2748 magis
1102 2686 1480 2748 argumentum
1534 2679 1928 2734 incredulitatis

305 2783 477 2839 quam
512 2769 660 2823 ﬁdei.
692 2769 996 2825 Proclivem
1038 2771 1181 2825 enim
1213 2785 1334 2826 esse
1362 2773 1427 2827 ad
1461 2773 1786 2842 iurandum,
1819 2789 1926 2828 non

306 2865 444 2920 sinit
472 2874 533 2920 ut
559 2864 704 2920 bona
734 2867 1074 2936 concipiatur
1121 2868 1305 2936 Opinio
1353 2867 1588 2938 pietatis.
1617 2867 1795 2936 Quare
1833 2869 1924 2939 qui

310 2958 557 3012 maxime
605 2958 967 3028 iureiurando
1019 2960 1236 3015 assidue
1282 2960 1481 3024 utitur,
1540 2961 1585 3016 is
1631 2960 1925 3030 jurameuti

307 3063 472 3103 usum
518 3062 859 3118 nequaquam
909 3049 1070 3104 habet
1119 3052 1487 3106 necessarium
1541 3069 1555 3107 :
1603 3054 1696 3124 qui
1742 3063 1922 3108 autem

307 3143 543 3197 minime
568 3144 762 3208 utitur,
794 3143 838 3197 is
861 3144 979 3212 eius
1009 3159 1107 3198 usu
1131 3143 1348 3199 fruitur.
1378 3145 1768 3201 Juramentone
1789 3161 1924 3218 opus

304 3243 396 3290 est
441 3245 499 3289 ut
546 3235 844 3290 credatur?
869 3236 1086 3292 Minime
1119 3255 1131 3292 :
1168 3238 1416 3293 videmus
1460 3239 1605 3293 enim
1656 3239 1801 3310 quod
1833 3242 1920 3310 qui

303 3342 420 3381 non
458 3326 684 3398 iurant,
719 3328 784 3382 iis
812 3330 1049 3384 maxime
1091 3329 1352 3386 creditur.
1398 3330 1504 3388 Sed
1537 3332 1704 3403 quid?
1732 3343 1924 3388 contu-

302 3420 598 3474 meliosum
617 3435 739 3474 esse
760 3430 845 3476 est
873 3422 1256 3477 necessitatis?
1282 3423 1462 3489 Certe,
1495 3424 1666 3494 inquit
1695 3441 1711 3483 :
1742 3434 1924 3480 movet

301 3513 456 3566 enim
491 3512 570 3566 ira
601 3522 657 3567 et
686 3512 1015 3580 inflammat,
1046 3531 1145 3570 nec
1177 3515 1308 3570 sinit
1359 3525 1415 3569 ιιι
1441 3517 1661 3586 quietus
1689 3528 1744 3572 et
1776 3526 1923 3572 tran-

301 3608 513 3678 quillus
541 3608 615 3663 sit
634 3608 868 3664 animus.
893 3609 1236 3666 Contumelia
1270 3610 1508 3674 afficere,
1532 3626 1564 3664 o
1593 3610 1779 3678 homo,
1813 3627 1916 3666 non

302 3710 389 3754 est
425 3702 521 3754 ira:
546 3743 560 3764 ,
588 3703 682 3756 sed
712 3701 1006 3756 simultatis
1039 3718 1054 3756 :
1088 3703 1132 3757 si
1164 3713 1344 3757 autem
1387 3713 1530 3758 esset
1569 3702 1660 3756 ira‘
1683 3743 1697 3769 ,
1730 3718 1919 3758 omnes

303 3791 562 3847 homines
612 3792 912 3848 irascentes
943 3808 1052 3848 non
1111 3795 1533 3850 intermitterent
1591 3796 1916 3851 contumelia

303 3883 552 3940 aflieere.
579 3885 718 3940 lram
747 3876 1010 3942 habemus
1030 3930 1044 3952 ,
1072 3902 1178 3942 non
1213 3896 1270 3941 ut
1292 3889 1568 3957 proximos
1589 3888 1916 3943 contumelia

303 3978 615 4032 afficiamus
640 4020 655 4044 ,
684 3979 781 4034 sed
811 3988 867 4034 ιιι
896 3994 992 4035 eos
1023 3981 1112 4051 qui
1147 3989 1372 4052 peccant
1411 3991 1791 4037 convertamus
1814 4022 1830 4048 ,
1863 3991 1921 4037 ut

303 4085 404 4124 nos
432 4071 757 4137 excitemus,
790 4088 858 4127 ne
887 4073 1056 4129 simus
1083 4073 1257 4145 ignavi
1289 4085 1340 4131 et
1360 4073 1604 4131 hebetes.
1635 4074 1714 4130 Ira
1762 4076 1918 4130 nobis

303 4163 449 4218 inest
481 4175 758 4235 tamquam
801 4165 1019 4237 quidam
1047 4168 1331 4234 stimulus,
1362 4177 1420 4223 ut
1445 4169 1703 4224 adversus
1728 4169 1918 4224 diabo~

300 4256 413 4312 lum
444 4246 700 4315 dentibus
734 4261 1062 4319 strideamus
1084 4305 1099 4330 ,
1117 4273 1177 4318 ut
1205 4264 1255 4317 in
1288 4279 1410 4318 eum
1434 4263 1606 4319 simus
1625 4265 1917 4321 vehemen-

299 4358 420 4406 tes:
452 4368 560 4405 non
590 4361 648 4406 ut
677 4353 818 4409 alter
846 4354 898 4408 in
927 4355 1155 4410 alterum
1183 4364 1416 4412 stemus.
1441 4357 1606 4414 Arma
1631 4358 1914 4424 habemus,

298 4459 409 4498 non
443 4453 501 4498 ut
529 4460 631 4501 nos
680 4446 829 4516 ipsos
859 4446 1004 4503 bello
1043 4448 1401 4518 impetamus,
1431 4449 1528 4506 sed
1557 4461 1614 4505 ut
1656 4450 1916 4507 adversus

299 4535 518 4590 hostem
552 4547 769 4591 utamur
799 4548 1092 4596 armatura.
1125 4539 1270 4595 Esne
1293 4541 1628 4597 iracundus?
1659 4543 1746 4599 Sis
1797 4544 1916 4598 talis

296 4628 567 4683 adversus
597 4642 684 4682 tua
719 4640 938 4699 peccata
963 4673 977 4698 ,
1014 4632 1230 4701 increpa
1254 4633 1517 4698 animum,
1552 4635 1760 4706 ﬂagella
1787 4651 1918 4690 con—

296 4721 591 4774 scientiam
627 4738 643 4778 :
673 4723 750 4776 sis
771 4723 1067 4779 vehemens
1108 4723 1312 4794 iudex,
1357 4737 1410 4782 ct
1452 4727 1684 4783 acerbus
1713 4729 1918 4785 arbiter

295 4814 350 4867 in
383 4822 473 4867 tua
504 4823 749 4882 peccata.
778 4815 889 4870 Hoc
915 4825 996 4871 est
1029 4817 1238 4872 lucrum
1282 4819 1376 4874 ira:
1402 4837 1413 4873 :
1443 4829 1726 4890 propterea
1773 4821 1916 4876 Deus

295 4921 417 4960 eam
468 4907 628 4960 nobis
687 4906 903 4962 indidit.
945 4909 1015 4962 At
1062 4911 1250 4979 rapina
1300 4918 1386 4966 est
1427 4927 1494 4967 ex
1543 4913 1914 4969 necessitate?

297 4999 700 5070 Nequaquam:
745 5001 876 5071 quid
923 5004 1066 5058 enim
1124 5013 1246 5071 est,
1304 5005 1392 5060 die
1433 5022 1656 5078 quaeso,
1692 5023 1914 5064 necesse

295 5094 540 5164 rapere?
569 5111 821 5165 quamam
851 5098 933 5149 vis
962 5105 1012 5151 te
1045 5098 1318 5166 impellit?
1351 5099 1668 5169 Paupertas,
1712 5100 1904 5172 inquit.

291 5196 348 5242 et
372 5187 542 5242 timor
572 5187 642 5241 de
670 5188 834 5242 rebus
867 5191 1209 5246 necessariis.
1235 5191 1316 5246 Tu
1357 5200 1644 5262 proiiterea
1691 5193 1906 5263 quidem

289 5289 445 5334 certe
474 5294 585 5334 non
614 5280 784 5335 debes
824 5296 1019 5349 rapere
1052 5300 1065 5336 :
1097 5299 1204 5337 non
1251 5293 1379 5338 sunt
1413 5287 1557 5339 enim
1590 5285 1815 5340 stabiles
1854 5296 1909 5341 et

289 5370 464 5426 firma:
509 5372 782 5441 eiusmodi
830 5371 1049 5428 divitiae.
1072 5375 1151 5429 Tu
1181 5386 1358 5431 autem
1389 5376 1528 5431 idem
1551 5377 1714 5439 facis.
1745 5387 1904 5448 atque

290 5464 334 5517 si
363 5464 490 5535 quis
520 5475 743 5533 rogatus
769 5481 866 5520 cur
901 5466 951 5519 in
982 5481 1145 5521 arena
1192 5467 1386 5524 domus
1414 5466 1764 5525 fundamenta
1823 5470 1908 5541 ia-

2051 521 2179 586 ciat,
2212 520 2391 586 dicat,
2422 523 2649 593 Propter
2679 523 2845 595 frigus
2882 537 2932 580 et
2977 538 3194 597 propter
3228 528 3481 600 pluviam.
3521 530 3658 586 Pro-

2053 624 2172 681 pter
2203 614 2304 670 hoc
2333 615 2551 684 quidem
2584 627 2730 673 certe
2758 635 2862 673 non
2888 621 3172 689 oportebat
3202 623 3551 679 fundamenta
3574 626 3660 696 ia-

2049 722 2173 765 cere
2205 708 2258 762 in
2291 726 2454 764 arena
2489 728 2501 763 :
2535 727 2595 766 ca
2630 713 2774 767 enim
2805 714 2913 768 cito
2939 726 3191 770 evertunt
3229 728 3280 772 et
3311 719 3564 788 procellae
3602 729 3659 774 et

2049 802 2216 857 venti.
2244 801 2424 870 Quare
2470 803 2516 858 si
2571 806 2652 860 vis
2695 821 2816 861 esse
2844 805 3032 871 dives,
3071 824 3138 864 ne
3172 810 3245 863 sis
3297 824 3524 877 avarus,
3555 823 3658 866 nec

2053 892 2204 962 plura
2251 894 2484 950 habendi
2513 897 2764 966 cupidus.
2789 897 2842 954 Si
2877 899 2957 954 vis
2986 900 3112 955 filiis
3145 902 3360 958 tradere
3396 904 3616 959 divitias
3639 947 3653 969 ,

2053 987 2267 1056 posside
2288 988 2493 1056 justas,
2519 991 2563 1044 si
2594 990 2716 1045 ullm
2747 992 2854 1045 sint
2883 994 3017 1047 tales
3051 1011 3064 1048 :
3103 1011 3182 1048 ea:
3206 997 3349 1051 enim
3383 1009 3605 1052 manent
3641 1039 3656 1058 .

2050 1089 2302 1151 stantque
2355 1081 2523 1138 ﬁrma:
2553 1098 2617 1138 ac
2661 1085 2921 1150 stabiles;
2978 1104 3098 1157 qua:
3148 1099 3329 1144 autem
3378 1107 3484 1145 non
3528 1098 3657 1145 sunt

2049 1173 2313 1244 eiusmodi
2343 1218 2358 1244 ,
2392 1176 2500 1232 cito
2548 1187 2777 1249 pereunt
2807 1190 2862 1235 et
2906 1181 3196 1236 intereunt.
3231 1182 3323 1237 Dic
3371 1182 3500 1238 mihi
3527 1225 3542 1247 ,
3574 1186 3656 1238 vis

2047 1282 2167 1322 esse
2192 1267 2344 1322 dives
2365 1311 2378 1333 ,
2408 1278 2462 1323 et
2491 1287 2611 1340 quze
2629 1280 2757 1325 sunt
2781 1272 3013 1328 aliorum
3043 1275 3333 1344 accipere?
3357 1277 3517 1346 Atqui
3550 1275 3654 1330 hoc

2049 1380 2155 1420 nou
2187 1375 2270 1420 est
2317 1366 2548 1434 divitiae,
2585 1368 2680 1423 sed
2731 1369 3011 1436 possidere
3041 1386 3162 1441 quae
3211 1383 3336 1426 sunt
3387 1373 3598 1441 propria
3638 1390 3651 1427 :

2049 1458 2138 1528 qui
2170 1469 2348 1514 autem
2381 1459 2544 1515 habet
2574 1462 2748 1517 aliena
2773 1505 2786 1529 ,
2835 1479 2939 1518 non
2987 1463 3149 1519 fuerit
3192 1465 3364 1520 dives.
3395 1465 3528 1520 Nam
3575 1467 3655 1520 sic

2050 1552 2211 1606 etiam
2244 1555 2334 1623 qui
2365 1553 2606 1614 vendunt
2638 1556 2832 1621 serica,
2865 1565 2921 1610 et
2951 1558 3274 1611 vestimenta
3305 1558 3374 1612 ab
3408 1558 3529 1612 aliis
3557 1574 3642 1614 ac-

2047 1648 2661 1718 cipiunt,opulentiores
2681 1660 2728 1704 et
2757 1650 2983 1706 ditiores
3009 1651 3114 1706 dici
3148 1660 3403 1720 poterunt
3429 1671 3440 1706 :
3472 1667 3660 1723 quan:-

2050 1743 2127 1796 vis
2150 1741 2214 1796 ad
2234 1751 2444 1811 tempus
2461 1757 2648 1797 eorum
2674 1743 2782 1798 sint
2800 1743 2923 1799 :sed
2953 1751 3130 1798 tamen
3149 1758 3243 1799 eos
3270 1758 3374 1799 nou
3408 1745 3653 1814 appella-

2049 1849 2168 1889 mus
2191 1835 2405 1889 divites.
2434 1834 2798 1903 Quamobrem
2822 1837 2844 1890 ’ἶ
2871 1837 3136 1905 Quoniam
3169 1837 3653 1908 babentquae'sunt

2047 1927 2242 1982 aliena.
2292 1925 2426 1981 Nam
2456 1929 2557 1982 etsi
2606 1944 2796 1984 eorum
2840 1938 2968 1983 sunt
3002 1929 3363 1994 vestimenta,
3409 1945 3516 1985 non
3568 1941 3652 1985 est

2049 2030 2227 2076 tamen
2258 2036 2446 2077 eorum
2475 2024 2704 2093 pretium
2743 2041 2756 2077 :
2785 2024 2928 2094 quod
2952 2025 2996 2079 si
3025 2025 3186 2080 etiam
3217 2025 3287 2081 sit
3308 2041 3494 2081 eorum
3522 2041 3648 2094 pre-

2045 2115 2212 2179 tium,
2246 2129 2352 2168 nou
2382 2127 2509 2170 sunt
2557 2115 2640 2170 ha:
2685 2115 2916 2171 divitias.
2953 2115 3011 2172 Si
3059 2126 3239 2173 autem
3282 2133 3404 2189 qua:
3451 2118 3652 2174 dantur

2045 2215 2228 2260 mutua
2262 2222 2370 2260 non
2401 2206 2605 2262 faciunt
2652 2207 2852 2262 divites
2879 2251 2894 2275 ,
2938 2223 3004 2264 eo
3034 2210 3176 2280 quod
3207 2225 3306 2265 nos
3333 2211 3442 2265 cito
3473 2212 3539 2265 ab
3569 2213 3649 2266 eis

2044 2298 2361 2354 recedamus
2393 2316 2406 2352 ε
2435 2316 2555 2370 quae
2582 2309 2709 2355 sunt
2735 2316 2800 2376 ei;
2820 2303 3006 2372 rapina
3029 2305 3302 2374 quomodo
3333 2304 3537 2360 faciunt
3562 2305 3649 2360 di-

2047 2390 2232 2446 vites?
2263 2391 2318 2446 Si
2349 2403 2530 2448 autem
2560 2394 2640 2447 vis
2666 2395 2889 2449 omnino
2921 2410 3044 2452 esse
3075 2395 3265 2463 dives;
3300 2413 3474 2469 neque
3501 2399 3646 2454 enim

2040 2500 2101 2538 ea
2134 2473 2222 2540 res
2245 2494 2331 2540 est
2359 2487 2696 2543 necessitatis
2723 2505 2992 2560 :quanam
3019 2505 3080 2547 re
3110 2491 3192 2546 vis
3219 2491 3322 2546 frui
3344 2493 3650 2563 ampliore?

2040 2579 2220 2634 vitane
2264 2579 2492 2650 longiori
2531 2580 2554 2634 ?
2597 2582 2758 2653 Atqui
2807 2583 2897 2654 qui
2949 2585 3086 2640 tales
3133 2593 3297 2652 sunt,
3344 2602 3469 2641 mox
3512 2590 3648 2642 ﬁunt

2040 2673 2164 2726 vita:
2196 2671 2394 2726 brevis.
2432 2673 2590 2744 Saepe
2617 2675 2763 2728 enim
2798 2676 2930 2729 dant
2980 2691 3168 2746 pinnas
3196 2664 3402 2748 rapina:
3429 2687 3484 2734 et
3513 2695 3644 2733 ava-

2038 2765 2214 2830 ritize,
2267 2767 2410 2836 quod
2459 2777 2633 2821 morte
2688 2768 2971 2823 immatura
3020 2771 3358 2835 moriantur,
3393 2781 3449 2826 et
3493 2772 3638 2842 quod

2037 2861 2473 2931 possessionibus
2506 2879 2612 2916 non
2644 2861 2892 2917 fruantur
2919 2865 3020 2918 nisi
3052 2878 3238 2934 parum
3266 2906 3281 2930 ,
3314 2875 3366 2920 et
3393 2865 3642 2937 gehenna

2033 2963 2257 3024 accepta
2304 2954 2608 3009 excedant:
2642 2969 2788 3024 saepe
2818 2956 2982 3010 etiam
3028 2971 3095 3010 ex
3124 2955 3335 3012 deliciis
3375 2965 3430 3012 et
3466 2972 3529 3012 ex
3559 2958 3641 3013 la-

2034 3044 2255 3101 boribus
2279 3055 2334 3101 et
2355 3062 2420 3101 ex
2449 3047 2908 3102 sollicitudinibus
2927 3050 3132 3103 morbis
3157 3050 3322 3119 partis
3337 3051 3608 3120 perierunt
3625 3089 3636 3103 .

2036 3139 2240 3195 Vellem
2271 3140 2410 3195 scire
2439 3155 2670 3210 quanam
2713 3140 2782 3196 de
2828 3156 2990 3196 causa
3021 3141 3258 3197 studium
3291 3152 3500 3213 ponunt
3544 3143 3642 3197 lio-

2033 3234 2209 3289 mines
2236 3234 2288 3289 in
2329 3234 2553 3290 divitiis.
2587 3235 2748 3306 Atqui
2779 3235 2921 3292 Deus
2968 3247 3253 3307 propterea
3285 3247 3492 3292 natura:
3524 3255 3641 3294 ιιιοι

2030 3328 2155 3384 dum
2189 3333 2368 3401 posuit
2395 3341 2444 3384 cl
2477 3331 2790 3394 terminum,
2824 3346 2890 3386 ue
2922 3330 3085 3386 ullam
3116 3330 3410 3386 habeamus
3443 3347 3637 3388 neces-

2030 3423 2246 3477 sitatem
2296 3424 2609 3493 requirendi
2661 3423 2924 3480 divitias:
2955 3408 3151 3494 nempe
3199 3432 3352 3480 veste
3401 3440 3503 3479 una
3545 3435 3640 3480 aut

2029 3521 2197 3570 altera
2223 3516 2385 3584 iussit
2413 3531 2612 3586 corpus
2641 3517 2812 3580 indui,
2845 3532 2945 3572 nec
2974 3533 3062 3580 eo,
3092 3516 3235 3587 quod
3269 3525 3349 3572 est
3377 3533 3638 3587 superva-

2027 3621 2277 3672 caneum,
2305 3622 2442 3679 opus
2468 3616 2552 3663 est
2593 3607 2660 3662 ad
2707 3617 3102 3678 tegumentum.
3137 3609 3406 3676 Quorsum
3456 3618 3635 3663 vestes

2028 3699 2477 3767 innumerabiles,
2526 3708 2581 3756 et
2612 3716 2732 3772 quia
2787 3699 3093 3756 exeduntur
3146 3717 3175 3753 a
3223 3701 3422 3755 tineis?
3453 3700 3633 3756 Ventri

2026 3801 2208 3847 certus
2254 3791 2448 3848 modus
2495 3801 2581 3848 est
2630 3794 2995 3858 constitutus,
3029 3803 3084 3848 et
3124 3793 3268 3864 quod
3321 3794 3458 3848 ultra
3506 3809 3633 3850 eum

2028 3884 2191 3941 fuerit
2217 3885 2398 3941 datum
2427 3926 2441 3950 ,
2477 3886 2786 3942 necessario
2829 3885 3004 3956 perdit
3028 3895 3083 3941 et
3126 3887 3426 3957 corrumpit
3471 3901 3635 3942 omne

2025 3977 2224 4032 animal
2255 3995 2268 4032 :
2302 3993 2559 4048 quorsum
2590 3993 2782 4049 greges
2805 3986 2858 4033 et
2888 3993 3019 4033 oves
3045 4019 3060 4045 ,
3090 3985 3146 4032 ct
3173 3979 3415 4032 carnium
3462 3977 3636 4033 disse-

2026 4072 2274 4127 ctiones?
2315 4070 2434 4127 Uuo
2465 4081 2610 4126 tecto
2641 4087 2776 4142 opus
2805 4070 3066 4126 habemus
3086 4089 3098 4125 :
3118 4086 3346 4141 quanam
3377 4069 3446 4125 de
3471 4085 3634 4126 causa

2027 4174 2152 4221 sunt
2168 4165 2399 4222 ambitus
2415 4175 2468 4220 et
2484 4164 2817 4230 ambulacra,
2831 4156 3257 4235 sumptuosaque
3274 4171 3328 4219 et
3354 4164 3634 4234 magniﬁca

2025 4260 2250 4314 aedilicia
2279 4260 2301 4314 ?
2333 4269 2388 4314 ut
2419 4260 2662 4314 vultures
2693 4266 2748 4313 et
2792 4257 2997 4328 graeuli
3031 4256 3311 4320 habitent,
3361 4271 3634 4326 pauperes

2025 4355 2224 4410 exuis?
2269 4354 2534 4422 Quantam
2566 4362 2846 4407 merentur
2872 4350 2991 4406 haec
3015 4350 3319 4422 gehennam
3345 4349 3369 4403 ?
3396 4351 3462 4404 Et
3486 4363 3579 4418 δίει
3601 4365 3633 4404 ε

2026 4449 2179 4503 multi
2210 4448 2262 4502 in
2293 4447 2426 4502 locis
2453 4463 2574 4518 qua:
2605 4461 2674 4501 ne
2694 4445 2944 4501 viderunt
2973 4445 3224 4516 quidem,
3251 4443 3495 4500 efﬁciunt
3533 4459 3635 4498 co-

2025 4543 2269 4606 lumnas,
2302 4551 2356 4596 et
2386 4541 2594 4611 lapides
2643 4539 2804 4595 valde
2850 4539 3152 4611 pretiosos,
3199 4549 3256 4595 et
3304 4538 3634 4609 fulgurantia

2025 4635 2248 4689 :edilicia
2281 4633 2434 4706 (quid
2455 4635 2598 4690 enim
2629 4649 2736 4690 non
2768 4643 2898 4690 sunt
2927 4632 3286 4703 machinati?)
3315 4642 3493 4688 etnec
3521 4631 3624 4702 ipsi

2024 4731 2241 4802 quidem
2273 4729 2355 4784 his
2389 4730 2468 4784 usi
2498 4739 2644 4796 sunt,
2675 4744 2776 4784 nec
2807 4727 2896 4784 ulli
2929 4727 3022 4782 alii
3051 4745 3063 4781 :
3088 4726 3323 4782 solitudo
3353 4727 3497 4781 enim
3523 4741 3632 4780 non

2024 4824 2154 4880 sinit
2181 4839 2275 4878 eos
2325 4822 2517 4886 abire;
2558 4832 2612 4876 et
2661 4837 2730 4877 ne
2777 4822 2857 4877 sic
2899 4819 3118 4891 quidem
3151 4819 3439 4875 desistunt.
3471 4817 3636 4872 Vides

2023 4916 2166 4987 quod
2203 4930 2304 4970 nec
2353 4914 2466 4970 btec
2501 4913 2718 4984 quidem
2767 4922 2826 4969 ul.
2873 4914 2939 4968 iis
2988 4921 3210 4968 utantur
3253 4910 3631 4967 faciant‘iScd

2023 5009 2216 5064 horum
2269 5009 2510 5063 omnium
2559 5023 2720 5062 causa
2751 5014 2836 5062 est
2881 5005 3150 5069 amentia,
3179 5013 3235 5060 et
3277 5003 3505 5058 rationis
3533 5002 3632 5056 de-

2023 5104 2213 5169 fectus,
2239 5111 2293 5158 et
2313 5101 2481 5173 gloria
2513 5100 2692 5156 inanis
2727 5118 2741 5155 :
2771 5115 2930 5169 quam
2970 5114 3101 5169 rogo
3126 5113 3224 5153 vos
3251 5108 3307 5152 ut
3336 5096 3630 5167 fugiamus,

2021 5205 2080 5253 ut
2111 5197 2217 5250 alia
2267 5210 2484 5266 quoque
2514 5193 2656 5248 mala
2710 5193 2979 5264 possimus
3012 5191 3196 5263 fugere
3218 5231 3233 5257 ,
3286 5200 3336 5246 et
3370 5190 3633 5258 consequi

2021 5291 2159 5346 liena
2189 5289 2452 5360 promissa
2487 5287 2552 5345 iis
2577 5287 2666 5358 qui
2685 5285 2859 5356 ipsum
2889 5285 3143 5356 diligunt,
3175 5283 3228 5339 iu
3255 5278 3474 5338 Christo
3494 5279 3624 5336 .lesu

2023 5380 2248 5437 Domino
2278 5391 2490 5438 nostro.

1703 5727 1744 5734 ν·-
1768 5719 2265 5746 ﬁer-xw—

634 5921 908 5984 ΡΑῖιιοιη
957 5927 1070 5987 (In.
1128 5929 1314 5991 LX”.
