4140 6548
509 427 581 484 23
1218 430 1274 487 S.
1314 428 1589 487 JOANNIS
1626 429 2096 486 CHRYSOSTOMI
2140 431 2456 487 ARCIIIEP.
2495 434 3025 499 CONSTANTINOP.
3725 434 3798 487 Ἡ

518 553 3316 582 ...___________________._________.______________________

1915 630 2265 694 HOMILIA
2310 635 2419 697 Ill.
3284 676 3311 693 κ

512 784 640 839 Car.
672 787 720 840 1.
754 802 804 842 ι’.
831 785 919 840 15.
947 783 1228 855 PrOpterea
1252 794 1300 837 et
1323 799 1415 855 ego
1439 782 1653 837 audiens
1682 780 1834 849 [idem
1856 787 2096 840 vestram,

584 892 700 943 qua:
738 886 811 930 est
854 877 905 930 in
944 876 1144 930 Christo
1187 874 1314 930 Jesu
1340 917 1356 943 ,
1397 885 1443 928 et
1472 874 1807 929 dilectionem,
1836 872 1889 923 in
1931 885 2103 923 omnes

582 979 801 1032 sanctos,
840 969 923 1023 16.
949 985 1052 1021 non
1081 984 1218 1022 cesso
1244 968 1439 1037 gratias
1480 982 1639 1037 agens
1666 981 1758 1033 pro
1791 962 1959 1023 vobis,
1993 975 2103 1014 me-

584 1061 797 1113 moriant
840 1061 990 1114 vestri
1035 1061 1230 1132 faciens
1274 1061 1328 1114 in
1372 1058 1682 1113 orationibus
1722 1058 1880 1121 meis,
1926 1056 2014 1110 17.
2046 1062 2101 1107 ιιι

586 1150 723 1204 Dens
754 1151 959 1205 Domini
986 1152 1147 1206 nostri
1170 1151 1298 1206 Jesn
1326 1151 1514 1206 Christi
1541 1191 1555 1214 ,
1586 1148 1744 1202 Pater
1784 1148 1962 1217 gloria:
1980 1187 1994 1210 ,
2018 1146 2101 1200 det

583 1245 721 1300 vobis
741 1247 978 1315 spiritum
1004 1247 1268 1316 sapientia:
1290 1254 1340 1300 et
1365 1242 1680 1299 reuelationis
1707 1242 1757 1295 in
1785 1241 2096 1312 agnitionem

583 1338 725 1406 ejus,
759 1340 844 1392 18.
873 1337 1188 1391 illuminatos
1209 1338 1383 1391 oculos
1421 1335 1591 1390 cordis
1634 1333 1819 1395 vestri,
1845 1341 1900 1385 ut
1929 1331 2100 1385 sciatis

583 1446 698 1497 qua:
740 1431 805 1484 sit
845 1449 960 1500 spes
981 1432 1257 1485 vocationis
1287 1433 1399 1501 ejus
1420 1472 1432 1495 ,
1467 1440 1514 1485 et
1555 1446 1670 1500 qua:
1709 1428 1895 1482 divitia:
1918 1427 2099 1498 gloria:

586 1522 883 1576 hereditatis
905 1528 1013 1593 ejus
1040 1525 1091 1577 in
1122 1523 1313 1577 sanctis
1336 1564 1350 1587 ,
1390 1522 1474 1577 19.
1506 1531 1552 1575 et
1575 1537 1689 1592 qua:
1715 1521 1778 1575 sit
1816 1518 2100 1588 superemio

585 1632 709 1670 nens
757 1618 1055 1688 magnitudo
1080 1619 1277 1672 virtutis
1321 1619 1430 1686 ejus
1468 1618 1522 1669 in
1570 1632 1692 1681 nos,
1721 1615 1807 1685 qui
1846 1612 2098 1667 credimus

582 1711 857 1763 secundum
885 1712 1229 1781 operationem
1278 1710 1520 1780 potentia:
1568 1709 1764 1763 virtutis
1807 1709 1951 1777 ejus,
2006 1704 2098 1761 20.

583 1821 732 1873 quant
781 1814 1021 1873 aper-atus
1063 1813 1138 1857 est
1183 1803 1238 1857 in
1278 1802 1519 1869 Christo,
1568 1804 1819 1856 suscitans
1879 1799 2028 1853 illaut
2074 1814 2106 1851 a

589 1898 820 1950 mortuis.
1928 1960 1931 1963 .

576 1991 597 2043 1
616 2029 627 2042 .
646 1988 782 2043 Nihil
797 1989 892 2044 fuit
909 1990 1048 2059 quod
1068 1999 1247 2060 posset
1260 1989 1395 2057 aequi
1403 1990 1575 2059 parari
1592 1987 2103 2058 visceribusaposto-

517 2085 660 2139 iicis:
696 2084 827 2139 nihil
852 2083 948 2139 fuit
965 2085 1137 2139 simile
1156 2084 1615 2141 commiscrationi
1637 2091 1692 2137 ct
1711 2078 2105 2137 benevolentiae

514 2176 656 2231 beati
684 2175 855 2241 Pauli,
875 2177 963 2246 qui
992 2192 1180 2231 omnes
1200 2191 1323 2231 suas
1351 2174 1603 2230 fundebat
1629 2188 1817 2244 preces
1847 2188 1948 2244 pro
1969 2173 2102 2227 civi-

515 2270 716 2325 tatibus
745 2278 797 2325 et
820 2271 1047 2341 populis.
1070 2270 1135 2325 Et
1162 2269 1225 2325 ad
1243 2283 1434 2324 omnes
1456 2271 1560 2323 hoc
1571 2267 1775 2329 scribit.
1796 2265 1902 2320 Deo
1914 2266 2105 2337 gratias

520 2379 617 2433 ago
661 2380 753 2433 pro
781 2363 919 2417 vobis
943 2402 959 2430 ,
996 2364 1291 2417 ntrmoriam
1312 2346 1465 2416 veitri
1503 2360 1696 2432 faciens
1723 2361 1775 2412 in
1794 2356 2104 2412 orationibus

516 2455 662 2510 tneis.
687 2454 930 2525 cogitate
955 2470 1114 2525 quam
1138 2454 1337 2510 multos
1366 2453 1611 2509 habuerit
1654 2452 1708 2506 in
1737 2460 1916 2506 mente
1937 2494 1951 2516 ,
1975 2465 2108 2520 quo.

519 2562 635 2599 rtun
666 2559 781 2600 erat
811 2548 975 2600 etiam
1009 2545 1227 2600 difficile
1256 2544 1598 2603 meminisse:
1624 2558 1783 2613 quam
1817 2542 2104 2595 multorum

519 2638 852 2693 meminisset
885 2639 936 2692 iu
980 2639 1313 2693 orationibus
1365 2652 1464 2707 pro
1491 2637 1743 2690 omnibus
1788 2634 1896 2691 Deo
1942 2648 2108 2704 agens

519 2729 737 2797 gratias,
768 2738 1036 2800 tamquam
1070 2728 1184 2798 ipse
1204 2727 1452 2783 maximis
1480 2725 1788 2782 afﬁceretur
1807 2724 2106 2781 beneﬂciis.

520 2822 824 2895 Propterea,
856 2823 1052 2894 inquit;
1088 2821 1193 2879 hoc
1224 2830 1324 2887 est,
1356 2830 1576 2892 propter
1600 2818 1860 2884 futurum,
1884 2828 1938 2874 et
1969 2818 2108 2873 bona

518 2920 753 2991 reposita
781 2919 844 2972 iis
859 2919 946 2988 qtti
979 2924 1125 2971 recte
1148 2914 1374 2970 credunt
1395 2923 1448 2968 ct
1475 2914 1674 2968 vivunt.
1701 2914 1875 2984 Atque
1896 2928 2109 2983 a-quum

519 3013 734 3082 quidem
763 3022 843 3067 est
873 3022 926 3067 et
950 3011 1155 3081 justum
1186 3010 1385 3079 gratias
1426 3024 1586 3079 agere
1616 3009 1758 3075 Deo,
1785 3018 1842 3064 et
1871 3023 1966 3078 pro
1995 3024 2112 3061 om—

522 3104 679 3157 nibus
706 3118 825 3172 qiue
872 3103 942 3157 ab
987 3104 1103 3172 ipso
1146 3101 1341 3157 collata
1373 3110 1498 3156 sunt
1543 3100 1778 3157 humano
1806 3100 2025 3172 generi,
2056 3109 2111 3155 et

522 3206 680 3253 antea
723 3207 776 3251 ct
805 3206 986 3267 postea
1016 3214 1029 3251 :
1058 3212 1269 3268 tequum
1302 3206 1480 3252 autem
1513 3206 1568 3252 et
1590 3197 1792 3266 justum
1821 3205 1906 3251 est
1942 3194 2108 3250 etiam

523 3290 726 3362 gratias
754 3304 913 3360 agere
944 3306 1040 3360 pro
1085 3290 1190 3346 ﬁde
1219 3305 1404 3345 eorum
1437 3289 1528 3359 qui
1558 3288 1807 3344 credunt.
1840 3286 2068 3341 Audiens
2090 3328 2106 3352 ,

524 3392 713 3461 inquit,
742 3390 897 3460 [idem
918 3400 1135 3444 vestram
1157 3429 1173 3456 ,
1198 3405 1311 3459 qute
1331 3398 1403 3442 est
1426 3389 1479 3441 in
1522 3386 1722 3442 Christo
1758 3382 1885 3439 Iesu
1911 3425 1926 3451 ,
1953 3394 2001 3439 et
2026 3384 2111 3437 di-

525 3486 788 3539 lectionem
816 3484 867 3538 in
896 3498 1069 3537 omnes
1101 3491 1321 3536 sanctos.
1351 3480 1560 3551 Ubique
1585 3479 1862 3550 conjungit
1891 3486 1947 3532 ct
1983 3493 2114 3531 con-

525 3576 753 3646 glutinat
781 3574 941 3630 tidem
988 3583 1042 3630 et
1068 3572 1410 3630 dilectionem
1440 3613 1455 3639 ,
1492 3573 1665 3642 bigam
1694 3570 1980 3643 quamdam
2012 3569 2111 3625 sd-

530 3666 1025 3725 ntirabilem‘.Non
1077 3668 1250 3723 solum
1287 3666 1417 3722 dicit
1468 3665 1781 3736 indigenas,
1813 3662 1908 3719 sed
1950 3662 2116 3717 etiam

531 3778 739 3817 omnes.
771 3760 896 3816 Non
914 3777 1054 3816 cesso
1078 3762 1272 3833 gratias
1297 3776 1454 3830 agens
1478 3775 1570 3829 pro
1609 3758 1746 3813 vobis
1770 3799 1785 3824 ,
1810 3758 2114 3811 mentionem

528 3856 679 3909 vestri
707 3855 900 3927 faciens
921 3854 974 3907 in
998 3852 1309 3908 orationibus
1346 3853 1490 3906 meis.
1516 3850 1658 3920 Quid
1687 3850 1822 3920 potis
1842 3860 1895 3904 et
1920 3849 2119 3919 rogas?

534 3947 603 4002 Ut
631 3946 768 4001 Deus
800 3945 1006 4001 Domini
1034 3946 1196 4000 nostri
1218 3943 1344 3999 Jesu
1373 3942 1581 4006 Christi,
1611 3941 1766 3996 Pater
1787 3941 1966 4012 gloriae
1989 3981 2004 4004 ,
2033 3939 2118 3993 det

533 4038 669 4094 vobis
706 4038 942 4108 spiritum
966 4038 1231 4108 sapientia:
1270 4046 1316 4090 et
1354 4035 1697 4091 revelationis.
1724 4033 1851 4089 Vult
1888 4049 1983 4088 eos
2011 4031 2119 4087 duo

533 4132 743 4188 discere
765 4174 781 4200 ,
834 4141 894 4187 ut
940 4131 1147 4187 discere
1175 4138 1425 4201 oportet,
1458 4138 1514 4185 et
1540 4136 1759 4199 propter
1797 4143 1919 4196 qua:
1947 4128 2120 4182 vocati

533 4241 694 4294 sunt,
725 4238 779 4284 et
823 4226 1096 4299 quomodo
1146 4224 1358 4280 liberati
1406 4235 1532 4277 sum
1578 4237 1608 4276 a
1662 4221 1952 4291 prioribus.
1988 4220 2126 4275 Dicit

533 4331 713 4377 autem
762 4322 876 4390 ipse
924 4335 987 4377 ea
1028 4335 1149 4376 esse
1196 4320 1316 4373 tria.
1349 4317 1632 4386 Quomodo
1658 4331 1789 4385 ergo
1818 4322 1945 4369 sunt
1976 4314 2125 4368 tria?

537 4413 613 4470 De
638 4413 831 4469 futuris
858 4414 903 4468 si
924 4413 1211 4469 discamus.
1238 4410 1373 4465 Nam
1398 4427 1428 4465 a
1456 4409 1612 4465 bonis
1630 4407 1847 4480 quidem
1874 4407 2126 4478 repOsitis

536 4510 770 4564 sciemus
818 4508 935 4579 ejus
975 4506 1271 4563 inen'abiles
1314 4515 1368 4561 et
1411 4519 1532 4574 quae
1581 4513 1824 4558 naturam
1867 4510 2126 4571 superant

537 4601 800 4660 divitias;
844 4616 911 4656 ex
953 4616 1019 4656 eo
1072 4609 1257 4654 autem
1289 4597 1447 4669 quod,
1475 4596 1857 4663 didicerimus,
1900 4596 2119 4665 quinam

535 4709 656 4749 cum
688 4709 930 4749 essemus
956 4692 1226 4764 quomodo
1245 4690 1596 4756 credidimus,
1617 4689 1733 4760 ejus
1751 4688 2042 4759 potentiam
2067 4696 2129 4743 et

536 4789 930 4851 auctoritatem,
955 4802 1024 4841 eo
1041 4785 1183 4857 quod
1211 4785 1541 4839 converterit
1569 4798 1663 4838 eos
1692 4783 1780 4852 qui
1808 4791 1956 4837 tanto
1990 4792 2126 4838 tem-

538 4898 667 4954 pore
696 4882 906 4937 fuerant
948 4881 1187 4936 alienati.
1212 4878 1342 4933 Nam
1375 4877 1526 4945 Quod
1568 4888 1639 4932 est
1682 4876 1779 4932 Dei
1817 4877 2077 4947 inﬁrmum
2103 4918 2119 4945 ,

530 4987 609 5032 est
636 4977 819 5046 fortius
853 4975 1140 5030 hominibus
1164 4972 1239 5046 (I.
1266 4971 1385 5027 Cor.
1406 4973 1457 5025 1.
1485 4971 1598 5041 23).
1630 4970 1707 5026 Ex
1753 4970 1939 5027 eadem
1980 4972 2124 5027 enim

540 5071 777 5140 potentia
799 5112 814 5137 ,
846 5084 947 5139 qua
976 5068 1250 5123 Christum
1304 5065 1616 5131 suscitavit,
1650 5080 1748 5120 nos
1793 5080 2013 5135 quoque
2058 5064 2126 5118 ad

538 5182 599 5220 se
637 5166 812 5218 traxit.
836 5162 1021 5231 Neque
1045 5175 1214 5231 usque
1244 5160 1313 5215 ad
1339 5158 1787 5215 resurrectionem
1817 5160 1990 5215 solum
2040 5168 2125 5215 est

539 5260 658 5325 ejus
683 5256 922 5327 potentia
948 5293 964 5319 ,
995 5252 1090 5307 sed
1120 5253 1277 5323 longe
1303 5254 1550 5323 amplius.
1582 5250 1648 5306 Et
1689 5254 1863 5306 sedere
1899 5252 2017 5320 fecit
2056 5251 2127 5305 ad

541 5350 802 5403 dexteram
829 5362 993 5409 suam,
1019 5344 1108 5400 21.
1135 5361 1289 5414 super
1309 5361 1508 5398 omnem
1544 5345 1889 5416 principatum
1912 5355 1957 5399 et
1982 5354 2123 5416 pote-

452 5460 460 5468 ·
542 5451 720 5495 statem
741 5449 787 5494 et
809 5439 1041 5494 virtutem
1060 5449 1106 5493 et
1132 5438 1527 5493 dominationem
1547 5447 1593 5493 et
1622 5455 1769 5494 omne
1792 5455 1971 5493 nomen
1992 5438 2129 5510 quod

530 5534 835 5587 'nominatur
858 5547 878 5597 ;
905 5531 994 5585 22.
1017 5540 1064 5585 et
1102 5532 1273 5586 omnia
1302 5531 1512 5600 subjecit
1543 5531 1634 5586 sub
1661 5531 1871 5601 pedibus
1896 5532 2008 5603 ejus
2033 5573 2050 5599 ,
2080 5541 2127 5585 et

608 5734 624 5801 Ξ
648 5729 964 5801 Coislinianus
987 5743 1114 5801 unus
1132 5729 1213 5779 hic
1223 5731 1443 5801 quadam
1463 5731 1683 5801 adjicit...
1702 5728 2136 5801 bigamguamdam

544 5792 901 5845 admirabilem.
952 5793 1068 5842 ride
1099 5805 1267 5843 enim:
1296 5794 1384 5843 sub
1408 5792 1667 5842 exoroium
1714 5792 1929 5852 epistolis
1970 5793 2131 5850 dixit,

543 5858 732 5908 Sanctis
754 5856 835 5921 qui
850 5855 1192 5924 sunt_Ephesi;
1217 5866 1351 5924 nunc
1373 5862 1529 5924 agitem
1554 5855 1734 5924 profert
1759 5853 2060 5924 dilectionem
2084 5868 2135 5903 ,τη

542 5934 703 5971 crines
715 5915 1003 5981 scitctos,sic
1024 5915 1199 5969 vocans
1222 5930 1314 5967 non
1334 5915 1587 5981 indigenas
1610 5915 1813 5979 tantum,
1840 5918 1926 5969 sed
1948 5930 2131 5968 omnes.

2216 779 2382 848 ipsum
2413 784 2552 839 dedit
2600 799 2754 859 caput
2778 808 2937 860 supra
2980 811 3179 850 omnem
3226 798 3505 857 Ecclesium
3530 844 3545 870 ,
3569 806 3659 863 25.
3688 822 3807 872 qua:

2213 883 2285 927 est
2312 891 2498 945 corpus
2522 879 2682 948 ipsius
2706 892 2754 936 et
2776 885 3039 950 plenitudo
3062 890 3174 958 ejus
3199 931 3213 954 ,
3238 894 3325 963 qui
3345 894 3515 949 omnia
3541 896 3595 951 in
3634 901 3803 953 omni-

2212 967 2303 1023 bus
2343 972 2675 1042 adimpletur.
2715 975 3029 1046 Magnorum
3090 998 3277 1039 revera
3328 991 3706 1058 mysteriorum
3747 1001 3802 1044 et

2211 1076 2529 1119 arcanorum
2569 1082 2666 1122 nos
2708 1069 2833 1124 fecit
2878 1074 3205 1144 participes:
3239 1093 3337 1131 nec
3365 1095 3427 1133 ea
3474 1082 3633 1136 aliter
3675 1084 3802 1138 licet

2211 1152 2427 1220 dicere,
2479 1173 2638 1228 quam
2685 1161 2755 1216 ab
2787 1162 2850 1216 iis
2888 1165 2977 1234 qui
3007 1167 3181 1221 sancti
3222 1168 3453 1238 Spiritus
3482 1180 3608 1225 sunt
3636 1174 3802 1242 parti-

2212 1246 2390 1317 cipes,
2441 1258 2497 1305 et
2535 1251 2698 1306 multa
2739 1252 2989 1310 {nitimur
3039 1259 3232 1328 gratia.
3262 1261 3554 1332 Propterea
3605 1265 3799 1320 Paulus

2211 1355 2425 1410 quoque
2450 1343 2528 1397 sic
2555 1354 2806 1413 precatur
2830 1365 2843 1401 :
2876 1347 3032 1403 Pater
3059 1351 3238 1421 gloria.-
3258 1395 3272 1417 ,
3299 1353 3467 1423 inquit
3493 1374 3507 1408 :
3543 1358 3645 1412 hoc
3672 1368 3750 1412 est
3772 1398 3788 1420 ,

2212 1431 2301 1498 qui
2342 1446 2531 1503 magna
2564 1435 2720 1492 nobis
2748 1437 2896 1493 dedit
2926 1440 3085 1495 bona.
3116 1442 3197 1497 Ab
3240 1444 3305 1498 iis
3344 1447 3485 1500 enim
3525 1462 3645 1517 qum
3673 1459 3801 1503 sunt

2212 1520 2452 1589 subjecta
2497 1539 2618 1579 eum
2647 1541 2863 1598 semper
2889 1541 3045 1586 vocat
3070 1574 3084 1594 .
3117 1542 3174 1586 ut
3194 1534 3407 1604 quando
3437 1537 3603 1603 dicit,
3642 1536 3800 1592 Pater

2214 1613 2592 1669 miserationum
2615 1626 2661 1671 et
2689 1618 2824 1673 Deus
2849 1620 3001 1675 totius
3018 1623 3377 1679 consolationis
3400 1625 3478 1691 (2.
3499 1626 3617 1681 Cor.
3638 1629 3688 1683 1.
3708 1629 3797 1699 3);

2212 1712 2267 1757 et
2297 1721 2481 1762 rursus
2508 1708 2798 1778 propheta,
2838 1711 3087 1768 Dominus
3132 1716 3379 1785 fortitudo
3405 1734 3516 1772 mea
3555 1728 3604 1773 et
3642 1722 3798 1774 auxi-

2213 1797 2339 1852 lium
2376 1816 2546 1855 meum
2596 1800 2770 1874 (Psal.
2805 1804 2895 1859 17.
2922 1804 2976 1858 2.
3002 1805 3081 1876 5).
3129 1805 3286 1862 Pater
3328 1810 3526 1879 gloria).
3574 1811 3648 1867 Ea
3700 1827 3799 1866 suo

2212 1892 2429 1947 nomine
2457 1910 2562 1948 non
2594 1905 2770 1963 potest
2796 1898 3068 1966 explicare
3096 1915 3163 1954 ac
3193 1899 3436 1970 proferre
3456 1943 3471 1964 ,
3503 1912 3558 1957 et
3597 1903 3797 1973 ubique

2215 1986 2689 2059 appellatgloriam
2712 2030 2729 2056 ,
2763 1990 2906 2061 quod
2938 1990 3155 2061 quidem
3186 2001 3273 2048 est
3296 1992 3437 2064 apud
3469 2009 3568 2050 nos
3598 2010 3805 2061 nomen

2213 2088 2268 2134 et
2295 2080 2581 2151 appellatio
2623 2084 2799 2137 onmis
2825 2083 3151 2151 splendoris.
3182 2085 3322 2141 Ecce
3362 2085 3521 2140 Pater
3563 2085 3750 2157 gloria».
3778 2128 3797 2152 ,

2213 2175 2383 2246 inquit
2408 2218 2423 2242 ,
2446 2176 2646 2232 Christi
2677 2188 2857 2233 autem
2890 2179 3048 2234 Deus.
3078 2178 3216 2247 Quid
3244 2194 3375 2250 ergo
3395 2222 3410 2246 ,
3441 2190 3595 2235 estne
3627 2180 3798 2234 Filius

2214 2269 2389 2322 minor
2415 2268 2628 2339 gloria?
2656 2268 2761 2326 Sed
2791 2286 2971 2335 nemo,
2998 2288 3065 2327 ne
3091 2273 3134 2327 si
3167 2272 3398 2327 insnniat
3425 2272 3663 2343 quidem,
3697 2272 3800 2328 hoc

2212 2359 2432 2416 dixerit.
2462 2360 2558 2416 Det
2587 2362 2725 2416 vobis
2744 2405 2758 2428 ,
2789 2363 2893 2419 hoc
2929 2373 3014 2419 est
3038 2405 3054 2430 ,
3084 2372 3321 2420 mentem
3353 2375 3585 2420 vestram
3626 2368 3802 2420 extol-

2212 2451 2325 2507 lere
2350 2462 2405 2508 et
2431 2455 2668 2524 exigere.
2695 2456 2820 2511 Haec
2869 2457 3016 2512 enim
3067 2473 3173 2512 non
3206 2457 3516 2529 licet‘aliter
3563 2459 3796 2514 discere.

2212 2543 2462 2599 Animalis
2490 2547 2624 2601 enim
2673 2548 2823 2601 homo
2846 2564 2945 2602 non
2978 2549 3191 2620 percipit
3232 2566 3345 2619 qua:
3387 2561 3505 2605 sunt
3549 2552 3800 2620 spiritus:

2212 2646 2332 2691 sunt
2375 2638 2510 2692 enim
2548 2639 2594 2693 ei
2640 2640 2856 2694 stultitia
2892 2641 2969 2711 (1.
2993 2641 3112 2696 Cor.
3140 2642 3196 2696 2.
3223 2642 3333 2714 H).
3363 2642 3509 2713 Opus
3555 2655 3639 2700 est
3668 2660 3803 2717 ergo

2212 2730 2474 2800 Spirituali
2518 2733 2803 2803 sapientia,
2838 2743 2899 2790 ut
2940 2736 3235 2803 Spiritualia
3291 2737 3691 2809 intelligamus,
3740 2749 3802 2796 ut

2213 2821 2492 2878 videamus
2538 2838 2659 2895 quae
2712 2834 2839 2881 sunt
2889 2828 3147 2883 occulta:
3189 2827 3305 2899 ipse
3353 2829 3574 2899 Spiritus
3618 2833 3798 2886 omnia

2214 2916 2387 2985 a’perit
2413 2924 2469 2971 et
2511 2917 2720 2973 revelat
2752 2917 2826 2990 (1.
2853 2917 2974 2974 Cor.
3000 2918 3056 2973 2.
3079 2919 3171 2987 10)
3200 2937 3214 2975 :
3248 2920 3339 2976 Dei
3372 2931 3454 2975 est
3486 2932 3802 2979 narraturus

2214 3008 2489 3079 mysteria.
2519 3007 2897 3080 Mysteriorum
2926 3018 3104 3065 autem
3138 3011 3230 3066 Dei
3259 3013 3623 3083 Cognitionem
3651 3014 3802 3070 solus

2215 3101 2364 3154 novit
2390 3099 2620 3170 Spiritus
2645 3142 2661 3167 ,
2708 3101 2797 3171 qui
2828 3101 2989 3156 etiam
3034 3112 3306 3159 scrutatur
3344 3105 3461 3174 ejus
3490 3105 3749 3175 profunda
3784 3125 3802 3162 :

2216 3206 2324 3247 non
2347 3192 2590 3263 angelus,
2625 3208 2729 3248 non
2759 3193 3133 3265 archangelus,
3164 3212 3268 3250 non
3300 3196 3405 3250 ulla
3429 3197 3530 3251 alia
3562 3207 3808 3268 potestas

2217 3296 2395 3341 creata
2427 3285 2669 3349 dederit;
2703 3285 2805 3340 hoc
2831 3294 2932 3352 est,
2969 3285 3121 3341 vobis
3163 3288 3430 3342 charisma
3463 3290 3715 3360 praebeat.
3741 3289 3807 3345 Si

2217 3388 2395 3436 autem
2429 3379 2531 3433 hoc
2558 3387 2641 3434 est
2684 3379 3028 3434 revelationis
3055 3420 3071 3445 ,
3105 3379 3373 3449 superﬂua
3404 3388 3488 3435 est
3535 3381 3807 3436 rationum

2220 3472 2476 3528 inventio.
2506 3471 2640 3527 Nam
2672 3473 2761 3544 qui
2792 3472 2963 3528 Deum
2992 3472 3182 3528 didicit
3208 3481 3261 3526 et
3292 3473 3459 3527 Deum
3492 3475 3660 3540 novit,
3694 3491 3809 3529 non

2218 3564 2447 3636 amplius
2492 3565 2559 3619 de
2608 3564 2718 3618 ullo
2744 3563 3008 3619 dubitabit
3039 3581 3050 3617 :
3077 3580 3180 3618 non
3233 3564 3413 3629 dicet,
3460 3563 3571 3620 Hoc
3631 3574 3814 3635 potest

2220 3654 2356 3720 ﬁeri,
2387 3655 2487 3709 hoc
2514 3671 2620 3709 non
2652 3663 2852 3724 potest,
2887 3667 2941 3709 et
2967 3654 3241 3724 quomodo
3269 3654 3372 3710 hoc
3402 3657 3598 3710 factum
3627 3657 3717 3712 sit.
3752 3658 3812 3711 Si

2223 3745 2393 3799 Deum
2422 3745 2766 3799 didicerimus
2789 3756 2844 3797 ut
2873 3744 3013 3799 scire
3038 3753 3282 3814 oportet,
3312 3744 3356 3799 si
3384 3744 3730 3800 didicerimus
3780 3762 3814 3801 a

2223 3852 2330 3909 quo
2368 3835 2576 3891 discere
2619 3845 2869 3905 oportet,
2926 3852 3118 3905 nenqie
3159 3836 3226 3892 ab
3275 3836 3392 3907 ipso
3420 3834 3656 3906 Spiritu,
3703 3854 3815 3893 non

2224 3931 2456 4001 amplius
2507 3931 2576 3985 de
2632 3929 2738 3984 ulla
2787 3945 2844 3983 re
2891 3928 3272 3986 dubitabimus.
3302 3928 3595 3999 Propterea
3639 3928 3813 3993 dicit,

2226 4021 2294 4076 In
2324 4021 2584 4094 agnitione
2617 4026 2724 4093 ejus
2764 4022 3080 4075 illuminatos
3110 4020 3285 4076 oculos
3316 4021 3483 4076 cordis
3511 4021 3681 4074 vestri.
3711 4021 3817 4088 Qui

2227 4115 2477 4172 didicerit
2503 4115 2628 4187 quid
2655 4115 2725 4170 sit
2758 4115 2918 4180 Deus,
2951 4131 3057 4169 non
3078 4113 3345 4169 dubitabit
3384 4113 3453 4169 de
3497 4115 3822 4183 promissio.
3906 4118 3911 4119 ⁷

2229 4210 2389 4266 nibus
2421 4227 2435 4264 :
2466 4224 2572 4264 non
2612 4208 2680 4265 de
2726 4208 2792 4263 iis
2818 4224 2936 4279 quae
2963 4209 3074 4279 jam
3105 4208 3243 4263 facta
3277 4216 3402 4263 sunt
3432 4207 3534 4263 erit
3559 4208 3815 4262 incredu-

2229 4303 2333 4359 lus.
2359 4304 2531 4373 Atque
2571 4312 2716 4374 optat
2746 4302 2962 4373 quidem
3003 4303 3083 4357 eis
3114 4302 3227 4357 dari
3258 4303 3504 4372 spiritum
3536 4301 3824 4370 sapientiae

2229 4404 2285 4452 et
2344 4395 2732 4463 revelationis;
2784 4406 3039 4450 cmtcrum
3090 4396 3205 4465 ipse
3272 4408 3484 4465 quoque
3531 4392 3830 4448 continuat.

2232 4490 2529 4547 rationibus
2552 4505 2904 4561 qumcumque
2928 4499 3103 4558 potest
3126 4503 3190 4544 ex
3223 4489 3289 4542 iis
3313 4504 3432 4559 qua:
3448 4487 3559 4557 jam
3582 4486 3825 4541 fuerunt.

2233 4583 2363 4638 Nam
2412 4584 2664 4653 quoniam
2696 4591 2812 4637 erat
2858 4582 3100 4636 dicturus
3146 4581 3247 4635 alia
3306 4580 3520 4650 quidem
3549 4594 3667 4647 qua:
3708 4579 3831 4647 jam

2232 4675 2367 4731 facta
2394 4675 2627 4739 fuerant,
2659 4676 2763 4728 alia
2792 4685 2970 4728 autem
2996 4689 3115 4745 quae
3146 4672 3386 4728 nondum
3435 4670 3775 4740 contigerant
3809 4687 3831 4724 :

2231 4785 2298 4825 ex
2328 4770 2391 4824 iis
2420 4784 2540 4840 qua:
2566 4769 2703 4824 facta
2736 4776 2860 4822 sunt
2884 4810 2899 4833 ,
2929 4767 3088 4822 ﬁdem
3117 4765 3242 4820 facit
3283 4765 3348 4820 iis
3393 4780 3513 4831 qua:
3542 4761 3679 4817 facta
3714 4776 3835 4817 non

2232 4873 2355 4919 sunt
2373 4881 2386 4918 :
2402 4861 2701 4930 cujusmodi
2722 4871 2804 4916 est
2820 4860 2921 4916 hoc
2940 4879 2953 4914 :
2974 4857 3042 4916 Ut
3063 4860 3256 4923 sciatis,
3274 4858 3464 4928 inquit,
3488 4871 3602 4925 quae
3619 4856 3682 4908 sit
3709 4871 3839 4923 spec

2232 4957 2509 5012 vocationis
2532 4956 2662 5026 ejus.
2689 4957 2784 5011 Est
2809 4954 2985 5010 adhuc
3018 4996 3033 5020 ,
3066 4952 3271 5024 inquit,
3300 4953 3509 5006 occulta
3536 4990 3552 5016 ,
3579 4949 3674 5005 sed
3714 4964 3839 5005 non

2236 5053 2504 5109 ﬁdelibus.
2552 5050 2620 5106 Et
2661 5067 2778 5123 quis
2829 5050 3020 5104 divitia:
3063 5049 3240 5120 gloria:
3275 5047 3565 5101 hereditatis
3611 5047 3723 5115 ejus
3772 5047 3845 5101 in

2233 5144 2440 5200 sanctis.
2472 5144 2587 5200 Hoc
2617 5156 2829 5214 quoque
2846 5150 2928 5196 est
2949 5140 3125 5195 adhuc
3157 5153 3263 5193 non
3294 5136 3658 5193 manifestum.
3685 5137 3843 5201 Quid

2237 5248 2320 5296 est
2346 5248 2526 5294 autem
2558 5235 2943 5295 niauilcstum?
2992 5231 3147 5301 Quod
3199 5229 3529 5298 credidimus
3559 5243 3681 5283 eum
3728 5244 3845 5281 sua

2235 5336 2432 5391 virtute
2476 5331 2749 5387 Christum
2794 5327 3120 5382 suscitasse:
3158 5334 3242 5379 est
3283 5323 3426 5378 enim
3457 5322 3615 5391 longe
3654 5319 3860 5373 admi-

2235 5428 2457 5484 rabilius
2502 5424 2837 5496 persuasisse
2883 5419 3112 5485 animis,
3141 5430 3301 5487 quam
3352 5414 3643 5470 suscitasse
3682 5427 3797 5467 mor
3822 5451 3863 5462 _

2238 5532 2407 5578 tuum.
2440 5520 2510 5575 Et
2540 5515 2850 5591 quomodo?
2887 5514 2999 5585 Ego
3049 5511 3265 5568 tentabo
3297 5509 3400 5564 hoc
3429 5506 3579 5562 vobis
3608 5519 3850 5575 persua-

2238 5616 2365 5671 dere
2395 5633 2408 5668 :
2441 5613 2564 5669 audi
2597 5612 2739 5667 enim
2778 5608 3020 5663 Christus
3052 5606 3186 5660 dixit
3215 5611 3450 5667 mortuo,
3477 5600 3853 5661 Laxat-smmi

2242 5712 2381 5779 foras
2409 5707 2590 5776 (Joan.
2622 5707 2706 5760 11.
2739 5704 2863 5775 45),
2896 5713 2950 5758 et
2974 5701 3156 5755 statim
3189 5698 3391 5753 obediit
3426 5715 3436 5750 :
3470 5696 3660 5750 Pezrus
3686 5692 3856 5749 dixit

2241 5802 2505 5867 Tabitlne,
2540 5800 2708 5868 Surge
2731 5798 2865 5870 (Act.
2890 5796 2943 5851 9.
2970 5795 3093 5865 40),
3123 5804 3176 5848 et
3200 5808 3307 5846 non
3330 5788 3677 5846 contradixit.
3706 5788 3852 5856 Ipse

2240 5900 2381 5957 dicet
2411 5900 2462 5956 in
2481 5898 2569 5956 die
2596 5897 2807 5961 ultimo,
2826 5903 2878 5948 et
2895 5905 3082 5948 omnes
3114 5894 3419 5959 resurgeut,
3447 5893 3499 5941 et
3527 5898 3649 5939 cum
3675 5889 3848 5938 tanta
