4140 6568
511 435 580 491 25
1234 437 1291 491 S.
1332 435 1615 491 JOANXIS
1651 428 2146 489 CIIRYSOSTOMI
2184 429 2502 488 ARCIIIEP.
2548 431 3099 488 CONSTANTINOP.
3269 453 3298 481 ο
3690 437 3762 495 28

583 556 651 625 β’.
689 554 811 607 Ἐπὶ
841 553 895 605 δέ
927 553 1020 607 τοῦ
1046 552 1353 620 πιστεῦσαι,
1385 554 1484 625 οὐχ
1514 553 1685 619 οὕτως
1706 570 1718 584 ·
1752 552 1888 608 ἀλλὰ
1927 550 2078 614 πῶς;

511 644 711 696 ’Δκουε
750 641 913 695 αὑτοῦ
971 642 1133 696 πάλιν
1178 642 1427 710 λέγοντος
1453 660 1467 674 ο
1496 644 1764 708 Ποσάκις
1808 640 2081 710 ἠθέλησα

505 729 979 799 ἐπισυναγαγεῖν
1014 732 1087 784 τὰ
1134 730 1317 784 τέκνα
1356 730 1544 800 ὑμῶν,
1586 731 1682 785 καὶ
1724 732 1835 784 οὐκ
1870 728 2085 797 ἠθελή-

506 818 688 871 σατε]
747 818 909 888 Ὁρᾷς
958 818 1041 870 ὅτι
1082 817 1241 871 τοῦτο
1284 817 1725 889 δυσκολώτερον;
1764 817 1927 870 Ὥστε
1977 815 2085 868 ἀπὸ

504 903 695 957 τούτου
732 905 791 957 τὸ
820 906 926 957 πᾶν
962 905 1385 968 κατασκευάζει.
1417 903 1605 972 Πολλῷ
1636 905 1746 975 γάρ
1795 905 1910 956 ἐστι
1934 902 2083 970 λογι-

507 995 665 1062 σμοῖς
708 992 1071 1063 ἀνθρωπίνοις
1102 992 1504 1063 δυσκολώτερον
1546 991 1865 1062 προαίρεσιν
1900 993 2078 1044 πεῖσαι

504 1075 600 1128 τοῦ
634 1075 797 1145 φύσιν
836 1075 1196 1145 ἐργάσασθαι.
1239 1075 1312 1127 Τὸ
1363 1075 1420 1128 δὲ
1467 1076 1660 1139 αῖτιον,
1692 1074 1877 1142 ἐπειδὴ
1918 1072 2081 1136 αὐτὸς

505 1162 646 1216 οὕτω
673 1162 920 1233 βούλεται
959 1162 1182 1225 ἐκόντας
1223 1163 1370 1232 ἡμᾶς
1403 1161 1655 1229 γενέσθαι
1690 1160 1947 1229 ἀγαθούς.
1976 1160 2082 1214 Οὖ-

502 1266 611 1314 τως
659 1250 884 1311 εἰκότως
932 1244 1091 1302 εἷπε·
1149 1248 1220 1302 Τὸ
1267 1248 1650 1318 ὑπερϐάλλον
1677 1247 1924 1318 μέγεθος
1966 1249 2078 1318 τῆς

502 1335 810 1406 δυνάμεως
866 1335 1053 1389 αὐτοῦ
1103 1338 1191 1400 είς
1242 1335 1399 1404 ἡμᾶς
1454 1335 1597 1402 τοὺς
1658 1339 2070 1405 πιστεύοντας.

504 1418 634 1471 Ὅτε
670 1420 779 1490 γὰρ
832 1421 1102 1489 προφῆται
1152 1419 1305 1473 οὐδὲν
1340 1420 1565 1490 ἤνυσαν,
1596 1421 1684 1474 ὅτε
1720 1421 1942 1489 ἄγγελοι
1981 1421 2076 1475 καὶ

502 1504 854 1575 ἀρχάγγελοι,
878 1507 967 1559 ὅτε
1001 1508 1153 1560 πᾶσα
1192 1506 1368 1571 κτίσις
1397 1509 1430 1577 ή
1459 1509 1650 1579 ὁρατὴ,
1686 1509 1781 1562 καὶ
1820 1510 2072 1581 ἀόρατος,

499 1593 669 1665 ὁρατὴ
706 1594 803 1664 μὲν
842 1595 921 1658 εἰς
975 1594 1138 1664 μέσον
1168 1596 1525 1667 προκειμένη,
1572 1598 1665 1651 καὶ
1695 1597 1769 1669 μὴ
1813 1599 2073 1670 ἰσχύουσα

499 1682 941 1752 χειραγωγῆσαι,
990 1682 1221 1753 ἀόρατος
1257 1682 1314 1735 δέ
1365 1684 1568 1754 πολλή,
1604 1685 1922 1757 ᾠκονόμησε
1973 1689 2072 1758 τὴν

499 1767 664 1821 αὑτοῦ
699 1770 997 1840 παρουσίαν
1026 1771 1167 1832 τότε,
1196 1772 1412 1836 δεικνὺς
1464 1773 1546 1827 ὅτι
1575 1773 1726 1838 θείας
1763 1774 1960 1849 ἔχρῃζε
2010 1777 2072 1830 τὸ

498 1858 731 1926 πρᾶγμα
757 1856 1056 1928 δυνάμεως.
1087 1858 1363 1912 Πλοῦτον
1386 1859 1590 1927 δόξης.
1619 1862 1895 1927 Τουτέστι,
1927 1864 2070 1933 ἄφα-

496 1960 585 1996 τον
613 1944 789 2008 δόξαν.
819 1945 976 2009 Ποῖος
1003 1946 1112 2016 γάρ
1138 1945 1297 2011 λόγος
1328 1947 1425 2019 τὴν
1457 1947 1615 2020 δόξαν
1644 1950 1862 2021 ἐκείνην
1893 1970 2072 2022 παρα.-

498 2031 689 2102 στῆσαι
705 2032 1012 2103 δυνήσεται,
1035 2030 1100 2106 ἦς
1119 2036 1165 2087 οἱ
1184 2035 1327 2102 ἆγιοι
1345 2036 1463 2089 τότε
1489 2037 1805 2107 μεθέξουσιν
1825 2056 1839 2104 ;
1858 2042 2067 2106 Οὐδείςθ

494 2121 628 2175 ἀλλὰ
660 2120 881 2193 χάριτος
908 2121 1077 2186 ὅντως
1111 2121 1193 2175 δεῖ
1231 2124 1367 2195 πρὸς
1399 2125 1461 2179 τὸ
1488 2126 1587 2194 τὴν
1612 2126 1850 2183 διάνοιαν
1879 2130 2069 2200 μαθεῖν

492 2209 586 2262 καὶ
608 2208 741 2272 ὅλως
772 2210 965 2263 ἀκτῖνα
991 2210 1194 2279 μικρὰν
1215 2210 1346 2279 γοῦν
1366 2229 1489 2268 τινα
1512 2213 1786 2281 δέξασθαι.
1806 2217 1940 2271 Τινά
1968 2219 2067 2287 μὲν

492 2296 600 2367 γάρ
641 2298 839 2367 ᾔδεσαν
887 2296 983 2351 καὶ
1026 2297 1328 2370 πρότερον,
1366 2299 1616 2356 ἐϐούλετο
1654 2303 1710 2357 δέ
1742 2305 1854 2359 ’νῦν
1906 2306 2066 2360 πλέον

491 2386 689 2447 αὐτοὺς
735 2385 927 2455 μαθεῖν
965 2385 1062 2438 καὶ
1124 2387 1457 2459 σαφέστερον
1495 2391 1719 2457 γνῶναι.
1757 2392 1923 2466 Ὀρᾷς
1967 2397 2066 2449 ὅσα

491 2471 815 2542 εἰργάσατο;
868 2475 1095 2545 Ἤγειρε
1151 2476 1244 2529 τὸν
1296 2477 1559 2547 Χριστόν
1611 2481 1807 2551 μικρὸν
1867 2482 2062 2550 τοῦτο;

504 2560 643 2614 Ἀλλ’
665 2563 764 2632 ὅρα
795 2564 889 2617 καλ⁵
918 2563 1100 2617 πάλιν*
1145 2551 1427 2620 Ἐκάθισεν
1454 2569 1510 2620 ἐν
1542 2567 1688 2641 δεξιᾷ
1715 2570 1882 2625 αὑτοῦ
1901 2588 1915 2603 ·
1955 2572 2064 2643 ἄρα

488 2646 571 2711 τίς
599 2648 756 2718 λόγος
780 2651 937 2703 τοῦτο
958 2651 1309 2722 παραστῆσαι
1338 2653 1629 2725 δυνήσεται
1653 2675 1667 2719 ;
1696 2658 1800 2714 Τὸν
1833 2660 1941 2713 ἀπὸ
1961 2663 2062 2732 τῆς

488 2737 613 2808 γῆς,
640 2736 731 2791 τὸν
776 2737 884 2791 τῶν
920 2738 1117 2808 ἰχθύων
1156 2740 1516 2810 ἀφωνότερον,
1540 2744 1632 2799 τὸν
1664 2747 1915 2816 παίγνιον
1953 2751 2061 2805 τῶν

484 2825 754 2895 δαιμόνων
806 2826 1127 2898 γενόμενον,
1181 2829 1259 2892 είς
1314 2828 1447 2898 ὕψος
1503 2832 1705 2898 εὐθέως
1761 2836 2057 2907 ἀνήγαγεν.

490 2915 697 2977 Ὄντως
727 2914 1063 2982 ὑπερϐάλλον
1105 2916 1333 2985 μέγεθος
1362 2918 1462 2988 τῆς
1495 2919 1777 2991 δυνάμεως
1808 2925 1995 2980 αὐτοῦ.

560 3002 672 3055 Καὶ
703 3001 800 3055 θέα
831 3002 934 3056 ποῦ
968 3004 1267 3079 ἀνήγαγεν·
1309 3005 1398 3059 Ἐν
1435 3009 1547 3071 τοῖς
1581 3010 1925 3082 ἐπουρανίοις
1952 3015 2059 3068 πά-

487 3107 586 3161 σης
634 3091 859 3157 κτιστῆς
892 3090 1105 3159 φύσεως
1151 3090 1423 3164 ἀνώτερον
1460 3096 1746 3166 ἐποίησεν,
1805 3100 2060 3172 ὑπεράνω

485 3179 667 3248 πάσης
713 3179 888 3249 ἀρχῆς
937 3179 1030 3232 καὶ
1067 3178 1335 3245 ἐξουσίας.
1380 3182 1670 3251 Ὑπεράνω
1713 3186 1915 3256 πάσης
1959 3192 2059 3259 ἀρ-

485 3266 622 3335 χῆς.
658 3267 843 3336 φησίν.
887 3268 1096 3328 Ὄντως
1136 3269 1447 3339 πνεύματος
1485 3271 1660 3342 χρεία,
1696 3273 1933 3340 διανοίας
1970 3295 2058 3332 σο-

485 3354 592 3423 φῆς
643 3355 701 3405 ἐν
736 3356 799 3424 τῇ
851 3352 1144 3422 ἐπιγνώσει
1198 3356 1402 3408 αὑτοῦ·
1445 3357 1614 3422 δντως
1662 3360 2056 3432 ἀποκαλύψεως

483 3441 660 3512 χρεία.
728 3440 1011 3511 Ἐννόησον
1072 3442 1197 3495 ὅσον
1245 3445 1392 3496 ἐστὶν
1441 3445 1729 3516 ἀνθρώπου
1778 3450 1871 3503 καὶ
1921 3450 2054 3505 Θεοῦ

484 3527 699 3595 φύσεως
741 3526 801 3579 τὸ
840 3528 1034 3596 μέσον·
1071 3527 1179 3581 ἀπὸ
1223 3529 1428 3601 ταύτης
1486 3536 1587 3604 τῆς
1638 3535 1913 3602 εὐτελείας
1976 3540 2054 3604 εἰς

482 3615 698 3684 ἐκείνην
744 3616 904 3670 αὑτὸν
937 3617 1182 3687 ἀνήγαγε
1211 3617 1310 3689 τὴν
1352 3620 1518 3690 τιμήν
1542 3638 1555 3651 ·
1592 3622 1690 3694 οὑχ
1715 3623 1809 3677 ἕνα
1851 3625 2056 3700 βαθμὸν

483 3703 722 3773 ὑπερέϐη
755 3704 847 3756 καὶ
869 3702 1119 3774 δεύτερον
1158 3706 1252 3757 καὶ
1279 3706 1480 3779 τρίτον.
1512 3709 1683 3763 Βαϐαί
1704 3713 1716 3765 !
1741 3713 1838 3783 οὑχ
1870 3715 2056 3781 ἁπλῶς

482 3786 656 3855 εἶπεν,
689 3793 856 3858 Ἀνω,
880 3792 1016 3859 ἀλλ’,
1049 3793 1062 3812 ’
1078 3793 1374 3864 Υπεράνω.
1398 3796 1519 3850 Τῶν
1534 3797 1763 3870 γὰράνω
1774 3800 2056 3875 δυνάμεων

482 3881 753 3952 ἀνώτερός
791 3883 938 3934 ἐστιν
969 3885 996 3936 ὁ
1039 3883 1192 3948 Θεὸς.
1231 3885 1394 3940 Ὥστε
1432 3884 1551 3942 ἐκεῖ
1585 3888 1750 3943 αὑτὸν
1792 3892 2055 3963 ἀνήγαγε,

482 3970 573 4022 τὸν
611 3970 669 4033 ἐξ
700 3969 877 4040 ήμῶν,
909 3971 1016 4024 ἀπὸ
1048 3974 1148 4042 τῆς
1179 3974 1416 4046 ἐσχάτης
1451 3975 1663 4047 νύσσης
1693 3980 1773 4042 είς
1815 3978 1929 4053 [19]
1960 3983 2057 4055 τὴν

483 4059 718 4128 ἐσχάτην
769 4058 974 4129 ἤγαγεν
1014 4060 1208 4131 ἀρχὴν,
1255 4062 1374 4130 μεθ’
1409 4063 1475 4133 ἢν
1531 4064 1631 4119 οὑκ
1689 4064 1837 4120 ἔστιν
1894 4070 2055 4142 ἑτέρα

482 4146 640 4216 τιμή.
671 4145 882 4212 Πιίσης
913 4146 1126 4216 ἀρχῆς,
1159 4149 1324 4219 φησίν
1345 4165 1358 4178 ·
1397 4151 1457 4203 οὐ
1485 4155 1585 4223 τῆς
1617 4153 1736 4222 μὲν,
1762 4156 1860 4227 τῆς
1880 4157 1937 4210 δὲ
1971 4157 2054 4225 οὓ,

482 4233 638 4299 ἀλλά,
672 4232 883 4301 Πάσης
917 4233 1109 4304 ἀρχῆς
1141 4237 1239 4290 καί
1271 4236 1559 4306 ἐξουσίας
1608 4243 1707 4296 καὶ
1748 4242 2058 4314 δυνάμεως

484 4323 584 4377 καὶ
630 4320 1002 4391 κυριότητος,
1038 4322 1139 4377 καὶ
1175 4325 1403 4391 παντὸς
1439 4328 1731 4399 ὀνόματος
1779 4332 2059 4404 ὀνομαζο-

477 4411 687 4479 μένου,
716 4412 768 4463 εἴ
784 4410 836 4464 τί
869 4413 1017 4465 ἐστιν
1051 4412 1108 4464 ἐν
1154 4410 1232 4482 τῷ
1262 4412 1498 4485 οὐρανῷ,
1526 4417 1741 4472 πάντων
1783 4421 2057 4494 ἀνώτερος

482 4498 698 4566 γέγονε.
725 4498 895 4551 Τοῦτο
926 4498 1054 4569 περὶ
1079 4497 1173 4552 τοῦ
1200 4500 1264 4554 ἐκ
1302 4502 1513 4571 νεκρῶν
1544 4504 1886 4576 ἐγερθέντοςο
1919 4511 2054 4584 ὅπερ

481 4587 631 4651 ἄξιον
660 4585 957 4657 θαυμάσαι.
993 4587 1127 4657 Περὶ
1155 4588 1263 4658 γὰρ
1293 4588 1387 4641 τοῦ
1415 4589 1551 4644 Θεοῦ
1580 4593 1752 4661 Λόγου
1781 4596 2052 4669 οὐδαμῶς.

483 4674 663 4745 Ὅπερ
714 4674 823 4744 γάρ
868 4676 976 4727 εἰσι
1018 4673 1281 4737 κώνωπες
1333 4674 1470 4747 πρὸς
1518 4678 1859 4751 ἀνθρώπους,
1897 4686 2055 4741 τοῦτο

481 4764 632 4817 πᾶσα
664 4763 696 4832 ή
730 4761 906 4824 κτίσις
934 4761 1071 4831 πρὸς
1108 4760 1197 4815 τὸν
1231 4761 1382 4817 Θεόν.
1422 4764 1534 4817 Καὶ
1568 4766 1623 4819 τί
1669 4766 1830 4836 λέγω,
1865 4770 2053 4828 κώνω-

481 4867 616 4916 mg;
657 4851 706 4901 εἰ
744 4848 942 4912 πάντες
979 4849 1253 4919 ἄνθρωποι
1284 4847 1360 4911 ὼς
1406 4849 1581 4916 σίελος
1616 4853 2048 4928 λογισθήσονται,

481 4937 578 4991 καὶ
613 4937 688 4999 ὡς
721 4937 860 5008 ῥοπὴ
895 4934 1062 5005 ζυγοῦ
1114 4934 1492 5006 ἐλογίσθησαν,
1536 4938 1625 5003 θὲς
1657 4942 1756 5006 τὰς
1789 4946 2051 5016 ἀοράτους

479 5023 733 5092 δυνάμεις
757 5022 831 5085 ὡς
858 5020 1144 5082 κώνωπας.
1169 5023 1246 5075 υὺ
1279 5023 1456 5078 τοίνυν
1492 5029 1621 5097 περὶ
1659 5030 1752 5083 τοῦ
1782 5032 1919 5088 Θεοῦ
1945 5037 2049 5090 Λό-

478 5127 577 5180 γου
607 5111 778 5175 οὕτως
809 5107 982 5176 εἶπεν,
1007 5111 1141 5164 ἀλλά
1170 5112 1410 5182 περὶτοῦ
1440 5113 1500 5179 ἐξ
1526 5118 1701 5187 ἡμῶν·
1725 5122 1882 5175 τοῦτο
1909 5126 2050 5194 μέγα

479 5199 648 5264 ὅντως
675 5201 766 5252 καὶ
794 5198 1127 5269 θαυμαστόν.
1167 5198 1299 5252 Ἀπὸ
1335 5200 1443 5273 γάρ
1466 5202 1574 5255 τῶν
1604 5209 1929 5264 κατωτάτων
1953 5215 2049 5285 τῆς

479 5288 583 5357 γῆς
617 5287 777 5340 αὑτὸν
813 5287 1105 5356 ἀνήγαγεν.
1131 5286 1193 5339 El
1234 5285 1412 5342 πάντα
1443 5290 1510 5344 τὰ
1542 5291 1670 5360 ἔθνη
1708 5294 1783 5359 ὡς
1813 5299 2047 5366 σταγὼν,

480 5370 561 5438 εἷς
593 5374 876 5444 ἄνθρωπος
906 5374 1072 5427 πόσον
1100 5374 1206 5446 ἄρα
1243 5376 1407 5448 μέρος
1438 5378 1537 5449 τῆς
1568 5381 1857 5449 σταγόνοςς
1893 5387 2050 5443 ’Λλλά

478 5463 670 5516 τοῦτον
696 5461 912 5515 πάντων
962 5460 1233 5534 ἀνώτερον
1261 5466 1532 5536 ἐποίησεν,
1560 5469 1635 5522 οὑ
1666 5471 1826 5541 μόνον
1864 5475 1921 5527 ἐν
1974 5478 2049 5548 τῷ

481 5551 639 5606 αἰῶνι
670 5549 864 5620 τούτῳ,
910 5550 1045 5603 ἀλλὰ
1076 5554 1170 5605 καὶ
1208 5555 1266 5607 ἐν
1308 5553 1387 5625 τῷ
1436 5555 1702 5626 μέλλοντι.
1741 5562 1883 5631 ’Δρα
1932 5566 2048 5619 ἐστὶ

480 5635 762 5705 δυνάμεών
793 5655 953 5691 τινων
985 5637 1222 5709 ὀνόματα
1261 5642 1389 5712 ἡμῖν
1422 5642 1631 5713 ἄσημα,
1674 5648 1767 5704 καὶ
1807 5650 1867 5702 οὑ
1906 5668 2048 5717 γνω-

483 5724 763 5796 ριζόμενα.
799 5725 907 5779 Καὶ
951 5725 1146 5782 πάντα
1183 5728 1485 5792 ὑπέταξεν
1512 5731 1632 5784 ὑπὸ
1678 5733 1819 5799 τοὺς
1859 5737 2051 5804 πόδας

482 5811 688 5868 αὑτοῦ.
719 5815 829 5885 υὺχ
862 5815 1045 5878 ἁπλῶς
1075 5817 1345 5887 ἀνώτερον
1373 5819 1646 5889 ἐποίησεν,
1676 5820 1752 5884 ὡς
1780 5828 2045 5894 προτιμᾱσ

486 5900 610 5954 σθαι
653 5901 853 5965 αὐτῶν,
894 5903 1013 5955 οὐδὲ
1058 5904 1196 5956 κατά
1246 5905 1549 5975 σύγκρισιν,
1596 5907 1710 5960 ἀλλ’
1744 5908 1823 5973 ὼς
1852 5911 2052 5967 δούλων

488 5990 878 6065 προκαθῆσθαι.
915 5992 1108 6057 Βειϐαἳ,
1145 5993 1346 6064 φρικτὰ
1398 5995 1566 6060 ὄντως
1616 5995 1683 6049 τά
1720 5998 2046 6068 τράγματαί

2189 550 2476 622 ἀνθρώπου
2506 552 2697 619 γέγονε
2727 551 2889 621 δούλη
2932 554 3081 604 πᾶσα
3117 551 3149 620 ή
3190 549 3378 622 κτιστὴ
3414 550 3640 621 δύναμις
3672 552 3763 607 διὰ

2189 636 2278 689 τὸν
2322 637 2632 691 ἐνοικοῦντα
2665 637 2798 690 Θεὸν
2840 638 3031 706 Λόγον.
3073 638 3229 690 Ἔστι
3267 638 3376 707 γάρ
3412 655 3533 691 τινα
3575 639 3761 692 ἐπάνω

2187 720 2322 778 εἶναι
2359 726 2459 779 οὑκ
2488 725 2680 796 ἔχοντα
2722 724 3115 790 ὑπακούοντας,
3146 725 3282 778 ἀλλά
3306 725 3721 797 προτιμώμενον
3740 743 3755 758 ⁸

2184 812 2419 866 ἐνταῦθα
2434 812 2490 864 δὲ
2512 812 2610 883 οὐχ
2636 811 2829 875 οὕτως,
2858 811 2993 865 ἁλλά
3016 813 3194 866 πάντα
3217 812 3479 877 ὑπέταξεν
3506 814 3610 868 ὑπὸ
3630 816 3759 879 τοὺς

2184 900 2351 963 πόδας
2381 899 2580 953 αὑτοῦ·
2625 902 2719 953 καὶ
2766 901 2864 970 οὑχ
2901 900 3086 963 ἀπλῶς
3138 899 3441 967 ὑπέταξεν,
3476 901 3610 955 ἀλλὰ
3658 903 3756 974 τὴν

2183 988 2419 1058 ἐσχάτην
2445 989 2746 1058 ὑποταγὴν,
2777 990 2872 1042 καὶ
2910 986 3027 1059 μεθ’
3051 987 3117 1059 ἣν
3153 989 3313 1057 ἐτέρσι
3346 988 3447 1041 οὑκ
3489 989 3623 1042 ἐστι.
3654 992 3755 1045 Διά

2183 1074 2339 1128 τοῦτο
2369 1072 2538 1128 εἶπεν·
2575 1076 2722 1129 ’Υπύ
2760 1075 2903 1141 τοὺς
2954 1076 3163 1141 πόδας.
3201 1075 3308 1129 Καὶ
3339 1075 3528 1129 αὑτὸν
3569 1077 3755 1132 ἔδωκε

2183 1161 2462 1231 κεφαλὴν
2492 1162 2646 1231 ὑπὲρ
2684 1162 2880 1216 πάντα
2910 1161 2985 1230 τῇ
3028 1163 3375 1229 Ἐκκλησίᾳ.
3422 1162 3614 1227 Βαϐαῖ,
3646 1165 3749 1218 ποῦ

2181 1251 2346 1304 πάλιν
2401 1250 2495 1304 καὶ
2543 1251 2642 1321 τὴν
2706 1250 3031 1320 Ἐκκλησίαν
3080 1249 3390 1318 ἀνήγαγενι
3425 1250 3637 1322 Ὥσπερ
3663 1253 3751 1306 διά

2177 1355 2319 1403 τινος
2346 1338 2520 1392 ἕλκων
2551 1337 2820 1408 μηχανῆς,
2844 1338 2922 1400 εἰς
2951 1336 3082 1405 ὕψος
3107 1334 3275 1405 αὑτὴν
3301 1336 3543 1406 ἀνήγαγε
3583 1339 3746 1408 μέγα.

2178 1427 2272 1480 καὶ
2322 1426 2493 1498 αὐτὴν
2551 1425 2803 1479 ἐκάθισεν
2847 1427 2927 1487 εἰς
2965 1425 3168 1477 ἐκεῖνον
3196 1423 3287 1477 τὸν
3333 1424 3541 1495 θρόνον.
3576 1426 3745 1481 Ἔνθα

2174 1515 2282 1583 γὰρ
2321 1516 2354 1585 ή
2388 1513 2617 1585 κεφαλὴ,
2653 1514 2771 1567 ἐκεῖ
2808 1513 2902 1566 καὶ
2930 1513 2989 1565 τὸ
3018 1511 3209 1581 σῶμα·
3243 1512 3418 1565 οὐδενὶ
3446 1513 3552 1585 γάρ
3594 1516 3744 1584 μέσῳ

2172 1603 2467 1673 διείργεται
2498 1604 2530 1675 ἡ
2559 1602 2789 1673 κεφαλὴ,
2819 1602 2914 1654 καὶ
2934 1601 2994 1654 τὸ
3024 1600 3211 1671 σῶμα·
3239 1603 3289 1653 εί
3321 1602 3429 1671 γὰρ
3456 1600 3741 1673 διείργετο,

2173 1691 2272 1745 οὑκ
2298 1691 2363 1744 ἂν
2400 1692 2484 1763 εἴη
2513 1690 2691 1761 σῶμα,
2719 1691 2819 1743 οὑκ
2850 1690 2914 1744 ἂν
2944 1689 3028 1760 εῖη
3059 1688 3290 1758 κεφαλή.
3329 1688 3496 1757 Ὑπὲρ
3524 1687 3740 1756 πάντα,

2174 1779 2325 1848 φησι.
2342 1778 2407 1831 Τί
2426 1780 2595 1843 ἐστιν,
2621 1778 2791 1844 ’Υπὲρ
2810 1776 3010 1831 πάντα
3023 1793 3042 1840 ;
3070 1777 3137 1828 Ἦ
3155 1775 3243 1830 τὸν
3260 1776 3386 1830 ὄντα
3405 1777 3543 1847 ὑπὲρ
3564 1777 3744 1831 πάντα

2172 1867 2240 1919 τά
2265 1865 2515 1937 ὁρώμενα
2545 1865 2639 1917 καὶ
2662 1865 2729 1916 τά
2751 1864 3016 1934 νοούμενα
3042 1864 3274 1935 Χριστόν
3294 1880 3307 1893 ’
3338 1863 3371 1934 ἦ
3401 1863 3541 1934 ὑπὲρ
3566 1865 3744 1917 πάντα

2171 1954 2241 2007 τὰ
2262 1954 2440 2020 ἀγαθὰ
2457 1953 2616 2006 τοῦτο
2644 1951 2931 2023 πεποίηκε,
2944 1952 3006 2005 τὸ
3021 1953 3110 2006 τὸν
3131 1951 3258 2005 Υίδν
3274 1951 3456 2005 δοῦναι
3472 1951 3738 2020 κεφαλήν.

2172 2042 2287 2095 οὐκ
2319 2040 2568 2110 ἄγγελον,
2601 2041 2700 2094 οὑκ
2726 2039 3085 2110 ἀρχάγγελον,
3122 2040 3221 2092 οὐκ
3242 2038 3398 2093 ἀλλον
3429 2037 3617 2091 οὐδένα
3640 2040 3745 2106 ἀφ-

2170 2128 2302 2192 ῆκεν
2333 2128 2628 2199 ἀνώτερον.
2656 2129 2730 2182 Οὑ
2759 2126 2931 2197 ταύτῃ
2958 2125 3014 2178 δέ
3046 2124 3206 2195 μόνον
3236 2125 3382 2195 ἡμᾶς
3410 2123 3658 2195 ἐτίμησε,
3679 2127 3742 2179 τὸ

2171 2214 2228 2280 ἐξ
2256 2216 2414 2285 ἡμῶν
2468 2213 2781 2283 ἀναγαγὼν,
2830 2212 2947 2267 ἀλλ’
2994 2213 3077 2265 ὅτι
3112 2211 3206 2264 καὶ
3253 2210 3314 2264 τὸ
3364 2210 3538 2265 κοινὸν
3583 2212 3742 2279 γένος

2171 2302 2317 2356 ἅπαν
2358 2302 2552 2372 ἐκείνῳ
2598 2301 2831 2354 ἕπεσθαι
2882 2299 3324 2366 παρεσκεύασεν,
3361 2298 3569 2351 ἐκείνου
3624 2298 3742 2369 ἔχει·

2171 2390 2525 2460 σθαι,ἐκείνῳ
2551 2388 2882 2443 ἀκολουθεῖν.
2906 2389 3064 2452 Ἤτις
3091 2386 3221 2440 ἐστὶ
3248 2387 3312 2440 τὸ
3339 2385 3508 2456 σῶμα
3530 2386 3735 2441 αὐτοῦ.

2170 2475 2286 2535 Ἷνα
2318 2482 2426 2553 γάρ
2485 2479 2590 2551 μὴ,
2652 2480 2891 2542 ἀκούσας
2923 2477 3185 2547 κεφαλὴν,
3217 2477 3316 2548 τήν
3355 2477 3530 2548 ἀρχὴν
3581 2477 3742 2547 μόνον

2165 2570 2415 2641 νομίσῃς,
2440 2568 2576 2622 ἀλλὰ
2611 2568 2703 2621 καὶ
2734 2568 2830 2639 τὴν
2862 2566 3211 2638 βεϐαιότητα,
3249 2565 3369 2637 μηδ’
3400 2566 3475 2628 ώς
3503 2564 3740 2636 ἄρχοντα

2168 2658 2348 2729 μόνον,
2375 2657 2491 2712 ἀλλ’
2516 2654 2591 2720 ὡς
2618 2657 2866 2727 σώματος
2895 2654 3010 2727 ἴδῃς
3037 2654 3300 2725 κεφαλὴν,
3329 2654 3397 2708 Τὸ
3422 2653 3736 2724 πλήρωμα,

2164 2747 2352 2818 φησὶν,
2396 2746 2504 2801 τοῦ
2534 2746 2607 2801 τὰ
2643 2745 2840 2799 πάντα
2865 2746 2936 2798 ἐν
2981 2741 3134 2798 πᾶσι
3161 2741 3605 2813 πληρουμένου.
3650 2744 3739 2808 Ὠς

2163 2836 2263 2887 οὐκ
2296 2833 2588 2906 ἀρκοῦντος
2620 2834 2808 2886 τούτου
2834 2831 3003 2897 δεῖξαι
3034 2831 3132 2904 τὴν
3165 2830 3486 2900 συγγένειαν
3517 2832 3610 2884 καὶ
3638 2830 3737 2901 τὴν

2161 2921 2462 2992 ἐγγύτητα,
2494 2922 2546 2974 τί
2576 2937 2744 2991 (mox;
2796 2920 2866 2973 Τὸ
2902 2918 3192 2987 πλήρωμα
3244 2917 3350 2971 τοῦ
3397 2917 3655 2988 Χριστοῦ
3694 2919 3734 2986 οἱ

2175 3009 2519 3076 Ἐκκλησία.
2559 3009 2670 3062 Καὶ
2705 3007 2815 3077 γάρ
2850 3006 3125 3076 πλήρωμα
3153 3005 3397 3075 κεφαλῆς
3431 3005 3612 3075 σῶμα,
3643 3007 3737 3058 καὶ

2161 3096 2435 3166 πλήρωμα
2488 3093 2742 3164 σώματος
2786 3092 2898 3166 [‘20]
2941 3092 3172 3162 κεφαλή.
3209 3092 3352 3163 Ὅρα
3393 3092 3533 3164 πόσῃ
3584 3092 3735 3157 τάξει

2161 3183 2424 3254 κέχρηται
2469 3183 2703 3246 Παῦλος,
2760 3181 2878 3246 πῶς
2916 3179 3129 3245 οὐδενὸς
3181 3181 3423 3248 φείδεται
3467 3182 3732 3251 ῥήματος,

2159 3269 2299 3323 ὥστε
2351 3272 2696 3341 παραστῆσαι
2745 3268 2840 3322 τοῦ
2892 3267 3025 3321 Θεοῦ
3072 3267 3171 3335 τὴν
3200 3266 3376 3332 δόξαν.
3412 3268 3730 3336 Πλήρωμα,

2160 3357 2322 3427 φησί·
2364 3357 2662 3422 τουτέστιν,
2692 3351 2803 3409 οἷον
2841 3355 3051 3426 κεφαλὴ
3097 3353 3398 3424 πληροῦται
3445 3356 3598 3427 παρὰ
3636 3355 3733 3409 τοῦ

2161 3447 2431 3518 σώματος’
2456 3443 2546 3500 διὰ
2569 3444 2678 3516 γὰρ
2707 3444 2924 3497 πάντων
2949 3441 3130 3513 μερῶν
3150 3442 3210 3493 τὸ
3232 3442 3390 3511 σῶμα
3414 3442 3731 3513 συνέστηκε,

2158 3535 2254 3588 καὶ
2316 3534 2435 3598 ἐνὸς
2491 3534 2724 3587 ἑκάστου
2760 3531 2972 3602 χρῄζει.
3024 3531 3166 3597 Ὅρα
3216 3529 3334 3593 πῶς
3379 3530 3541 3583 αὑτὸν
3577 3533 3732 3602 κοινῇ

2158 3624 2376 3676 πάντων
2403 3620 2675 3692 χρῄζοντα
2698 3621 2931 3686 εἰσάγει.
2964 3617 3063 3669 Ἂν
3094 3618 3203 3686 γὰρ
3239 3615 3313 3685 μὴ
3345 3608 3494 3687 ὦμεν
3524 3617 3730 3678 πολλοὶ,

2158 3712 2253 3764 καὶ
2279 3711 2308 3762 ὁ
2353 3709 2452 3778 μέν
2485 3707 2627 3778 χεὶρ,
2660 3707 2689 3759 ὁ
2736 3705 2794 3758 δέ
2830 3703 2984 3770 ποῦς,
3036 3705 3065 3755 ὀ
3096 3703 3153 3756 δὲ
3189 3702 3317 3756 ἄλλο
3348 3720 3400 3756 τι
3452 3704 3636 3775 μέρος,
3669 3706 3732 3758 οὑ

2159 3795 2458 3867 πληροῦται
2481 3793 2602 3848 ὅλον
2636 3793 2696 3846 τὸ
2727 3792 2905 3862 σῶμα.
2943 3792 3040 3844 Διά
3068 3790 3285 3844 πάντων
3304 3786 3396 3843 οὖν
3430 3789 3726 3860 πληροῦται

2158 3885 2217 3938 τὸ
2244 3883 2403 3953 σῶμα
2426 3881 2611 3936 αὑτοῦ.
2659 3881 2792 3933 Τότε
2822 3877 3122 3951 πληροῦται
3153 3881 3186 3949 ὴ
3222 3879 3455 3949 κεφαλὴ,
3495 3880 3616 3932 τότε
3644 3880 3733 3931 τέ-

2158 3973 2300 4026 λειον
2345 3970 2505 4041 σῶμα
2542 3970 2774 4039 γίνεται,
2797 3968 2924 4022 ὅταν
2945 3966 3079 4039 ὁμοῦ
3105 3969 3307 4030 πάντες
3344 3960 3493 4038 ὦμεν
3523 3984 3734 4039 συνημ-

2161 4062 2314 4133 μένοι
2346 4060 2441 4113 καὶ
2477 4057 2994 4126 συγκεκολλημένοι.

2228 4153 2296 4216 γ’.
2331 4142 2482 4211 Εἶδες
2502 4144 2729 4199 πλοῦτον
2756 4144 2914 4213 δόξης
2941 4143 3305 4215 κληρονομίας
3334 4160 3348 4209 ;
3380 4139 3520 4206 εἶδες
3557 4143 3728 4214 ὑπερο

2159 4235 2351 4291 ϐάλλον
2375 4234 2601 4305 μέγεθος
2618 4232 2898 4303 δυνάμεως
2923 4231 3003 4293 είς
3031 4232 3157 4293 τοὺς
3185 4231 3534 4293 πιστεύοντας
3554 4248 3568 4292 ς
3588 4226 3730 4295 εἶδες

2159 4323 2349 4377 ἐλπίδα
2400 4322 2646 4392 κλήσεως
2676 4338 2691 4387 ;
2726 4317 3072 4388 Αἱδεσθῶμεν
3130 4318 3287 4388 ήμῶν
3334 4319 3430 4389 τὴν
3460 4318 3726 4388 κεφαλὴν,

2159 4412 2498 4481 ἐννοήσωμεν
2544 4408 2687 4470 τίνος
2736 4405 2902 4476 ἐσμὲν
2955 4403 3113 4474 σῶμα
3162 4404 3432 4476 κεφαλῆς,
3483 4398 3730 4478 ᾖπᾷντα

2159 4502 2539 4556 ὑποτέτακται.
2574 4496 2686 4551 Καὶ
2713 4497 2820 4549 τῶν
2858 4494 3105 4563 ἀγγέλων
3135 4494 3274 4548 κατά
3320 4496 3477 4547 τοῦτο
3504 4495 3564 4548 τὸ
3597 4495 3728 4547 ὑπό-

2154 4589 2354 4659 δειγμα
2395 4586 2638 4654 βελτίους
2678 4585 2825 4655 ἡμᾶς
2865 4577 3007 4636 εἶναι
3037 4582 3165 4652 χρὴ,
3198 4583 3291 4634 καὶ
3322 4580 3429 4634 τῶν
3456 4582 3728 4653 ἀρχαγγέ-

2154 4676 2261 4731 λων
2309 4676 2558 4746 μείζους,
2593 4672 2668 4735 ὡς
2708 4671 2923 4724 πάντων
2973 4668 3151 4722 αὐτῶν
3201 4670 3721 4739 προτετιμημένους.

2157 4766 2279 4819 Οὐκ
2316 4761 2587 4832 ἀγγέλων
2637 4757 2962 4812 ἐπελάϐετο
2999 4758 3032 4811 ό
3075 4756 3239 4821 Θεὸς,
3277 4755 3457 4818 καθὼς
3498 4758 3727 4827 γράφων

2164 4851 2436 4922 Ἑϐραίοις
2467 4848 2653 4918 φησὶν,
2692 4846 2853 4899 ἀλλὰ
2903 4842 3246 4911 σπέρματος
3293 4843 3571 4912 Ἀϐραάμ
3626 4844 3728 4898 οῦκ

2152 4941 2328 5013 ἀρχῆς
2382 4938 2500 4991 οὑδὲ
2551 4935 2798 5002 ἐξουσίας
2846 4931 2966 4985 οὑδέ
3010 4935 3330 5002 κυριότητος
3388 4932 3508 4984 οὑδὲ
3558 4932 3727 5002 ἄλλης

2151 5031 2408 5098 οὐδεμιᾶς
2468 5027 2748 5096 δυνάμεως
2782 5039 2795 5054 ·
2842 5021 2980 5075 ἀλλά
3056 5021 3157 5088 τὴν
3219 5020 3496 5090 ἡμετέραν
3564 5020 3727 5089 φύσιν

2152 5116 2401 5182 ἀνέλαϐε,
2427 5114 2521 5167 καὶ
2574 5110 2825 5166 ἐκάθισεν
2860 5109 2990 5163 ἀνω.
3028 5107 3138 5161 Καὶ
3167 5106 3220 5159 τί
3241 5107 3403 5175 λέγω,
3433 5108 3726 5174 ἐκάθισεν;

2156 5207 2371 5275 ἱμάτιον
2411 5200 2577 5257 αὑτοῦ
2635 5200 2914 5267 ἐποίησεν,
2976 5195 3070 5249 καὶ
3122 5194 3220 5264 οὐχ
3246 5193 3453 5257 ἁπλῶς,
3479 5195 3593 5248 ἀλλ’
3620 5197 3726 5250 ὑπὸ

2151 5295 2279 5357 τοὺς
2324 5291 2490 5355 πόδας
2544 5286 2713 5343 αὑτοῦ
2764 5286 2943 5338 πάντα
2994 5280 3253 5346 ὑπέταξε.
3296 5283 3505 5346 Πόσους
3546 5283 3723 5353 βούλει

2149 5383 2325 5435 θεῖναι
2356 5379 2653 5441 θανάτους;
2690 5373 2864 5435 πόσας
2892 5370 3072 5442 ψυχάς
3108 5385 3122 5433 ;
3161 5368 3388 5441 μυρίους
3403 5372 3498 5424 καὶ
3523 5371 3724 5426 πολλα-

2155 5468 2449 5532 πλασίουςς
2493 5463 2631 5518 Ἀλλ’
2674 5460 2830 5515 οὐδὲν
2893 5460 3008 5512 [σον
3045 5459 3209 5529 ἐρεῖς.
3247 5456 3351 5510 Δύο
3384 5458 3492 5530 γὰρ
3522 5460 3590 5513 τὰ
3625 5464 3728 5529 μέ..

2151 5573 2311 5625 γιστα
2343 5552 2663 5622 πεποίηκεν,
2694 5548 2857 5610 αὑτός
2885 5564 2945 5600 τε
2973 5548 3053 5609 είς
3080 5544 3304 5615 ἔσχατον
3341 5548 3725 5617 ταπεινότητος

2150 5642 2303 5714 ἦλθε,
2334 5641 2429 5695 καὶ
2470 5640 2561 5691 τὸν
2612 5636 2903 5707 ἄνθρωπον
2938 5636 3018 5698 εἰς
3067 5633 3208 5703 μέγα
3245 5633 3576 5706 ὑψηλότητος
3631 5636 3727 5689 ἀν,

2154 5736 2349 5800 ήγαγε.
2368 5722 2545 5780 Εἶπεν
2563 5727 2739 5778 ἐκεῖνο
2755 5734 2781 5762 ι
2803 5721 3039 5793 πρῶτον,
3062 5722 3141 5774 ὅτι
3175 5721 3366 5775 ἐαυτὸν
3393 5722 3724 5776 ἐταπείνωσε

2152 5817 2405 5871 τοσοῦτον
2440 5829 2454 5843 ⁸
2489 5814 2639 5882 λέγει
2666 5809 2730 5866 τὸ
2758 5809 2950 5864 τούτου
2978 5808 3313 5879 ὑψηλότερον
3340 5808 3456 5874 νῦν,
3486 5808 3549 5862 τὸ
3579 5811 3722 5879 μέγα

2214 5963 2238 5990 ι
2266 5948 2401 5996 Idem
2420 5945 2573 6010 codex
2599 5943 2794 6010 Cojslil].
2816 5946 2890 6010 g1“
2902 5954 3054 6010 marg.
3079 5937 3251 6010 ξυνῇ-η
3276 5940 3520 6010 άνῇγσεγεν.
3550 5938 3723 5990 Ἐκάθ-

2158 6030 2229 6061 ισε
2268 6013 2356 6073 γὰρ
2386 6009 2545 6068 αὑτὸν,
2569 6007 2725 6067 φησὶν,
2752 6006 2797 6053 ἐν
2818 6006 2941 6067 δεξιᾷ
2974 6003 3133 6050 αὐτοῦ.
3165 6003 3305 6049 Εἶπεν
3330 6003 3497 6049 ἐκεῖνο.
