4140 6528
360 486 439 541 25
1314 465 1379 520 ΙΝ
1421 464 1636 521 EPlS'l‘.
1684 464 1774 519 AD
1817 463 1970 519 EPHI

2109 463 2264 519 CAP.
2313 463 2349 518 Ι.
2395 465 2628 524 ιιοιιιι.
2670 468 2755 526 llL
3618 467 3690 519 ‘26

364 593 679 658 ceierit.-.le,
703 599 759 644 ut
790 585 884 658 qui
909 583 1084 641 adhuc
1106 591 1292 638 vivunt
1315 625 1332 644 ,
1376 599 1483 636 non
1516 581 1625 636 sint
1651 580 1976 651 przeventuri

366 707 468 747 nos
511 690 602 761 qui
625 687 985 747 dormierunt,
1019 680 1154 736 adeo
1187 688 1243 734 ut
1272 677 1452 734 omnia
1472 677 1601 732 [iant
1627 677 1678 730 in
1707 683 1980 730 tuomcnto

367 797 421 840 et
455 785 509 837 in
538 783 648 836 ictu
670 779 838 833 oculi.

444 877 494 933 2.
533 875 589 931 lu
625 870 900 927 credendo
941 876 1118 922 autem
1152 881 1257 920 non
1292 865 1360 918 ita
1404 863 1495 927 fit;
1534 861 1627 917 Sed
1670 859 1980 930 quomodo?

363 969 510 1025 Audi
539 982 662 1031 eum
691 979 882 1019 rursus
908 962 1174 1016 dieenlem
1210 977 1222 1012 :
1258 957 1467 1022 Quoties
1507 955 1644 1008 volui
1673 968 1981 1024 congregare

361 1065 508 1132 ﬁlios
539 1070 749 1122 vestros,
772 1066 818 1110 et
846 1054 1080 1108 noluistis
1107 1049 1258 1123 (an.
1293 1051 1379 1109 15.
1410 1045 1522 1118 54).
1555 1046 1711 1099 Vides
1738 1045 1837 1098 hoc
1861 1057 1979 1097 esse

360 1152 678 1212 difﬁcilius?
700 1148 1062 1215 Quamobrem
1087 1159 1155 1199 ex
1189 1143 1289 1197 hoc
1317 1141 1505 1210 probat
1528 1139 1855 1191 universum.
1883 1135 1979 1189 Est

365 1247 514 1300 enim
551 1244 719 1299 mnlto
741 1239 1018 1294 difﬁcilius
1051 1235 1298 1289 humanis
1325 1232 1619 1286 ratitmihus
1651 1227 1978 1299 persuadere

366 1341 544 1393 libero
571 1336 818 1398 arbitrio,
846 1346 1006 1403 quam
1035 1328 1247 1399 operari
1280 1335 1547 1380 naturam.
1577 1322 1750 1377 Causa
1779 1332 1861 1375 est.
1885 1335 1980 1372 au—

365 1445 478 1487 tem
505 1473 522 1494 ,
556 1427 808 1498 quoniam
844 1427 958 1494 ipse
997 1425 1076 1478 sic
1119 1421 1228 1475 vult
1266 1434 1362 1474 nos
1403 1427 1582 1472 nostra
1627 1424 1816 1484 Sponte
1861 1412 1977 1467 ﬁeri

367 1525 564 1577 bonos.
593 1523 684 1577 Sic
712 1520 906 1573 merito
935 1517 1094 1582 dixit,
1126 1513 1518 1582 Superentinens
1548 1507 1846 1578 magnitudo
1877 1506 1977 1559 vir-

365 1620 492 1672 tutis
522 1620 632 1687 ejus
668 1616 719 1668 in
751 1629 844 1666 nos
889 1611 975 1684 qui
1020 1607 1347 1662 credidimus.
1390 1603 1614 1672 Quando
1657 1601 1798 1656 enim
1847 1615 1975 1668 pro-

366 1713 550 1782 pheta:
581 1707 708 1762 nihil
744 1704 1114 1776 profecerunt,
1139 1700 1353 1770 quando
1376 1698 1548 1767 angeli
1572 1706 1624 1751 et
1645 1693 1973 1761 archangeli,

363 1801 584 1873 quando
615 1799 793 1854 omnis
823 1806 1069 1851 creatura
1099 1791 1476 1862 aspectabilis,
1509 1800 1561 1844 et
1601 1804 1705 1842 non
1733 1803 1878 1856 ειενθι
1900 1796 1979 1840 ta-

368 1899 494 1952 b.lis
521 1914 536 1951 :
562 1891 909 1962 aSpectabilis
938 1887 1152 1959 quidem
1184 1887 1234 1939 in
1265 1883 1443 1938 medio
1471 1881 1765 1953 proposita,
1790 1890 1842 1936 et
1869 1897 1973 1934 non

366 1991 555 2045 Valens
590 1985 902 2047 deducere,
951 1979 1115 2034 multa
1160 1987 1338 2033 autem
1381 1974 1778 2046 inaspectabilis
1806 1990 1819 2028 :
1850 1981 1976 2026 tunc

375 2100 526 2137 suum
549 2081 645 2148 dis;
667 2077 880 2134 eusavit
908 2073 1220 2136 adventum,
1251 2067 1541 2124 ostendens
1571 2084 1682 2123 rem
1711 2083 1871 2138 egere
1897 2065 1979 2119 di-

372 2176 490 2227 vina
524 2173 742 2226 virtute.
774 2168 992 2222 Divitias
1017 2165 1217 2237 gloria}.
1251 2163 1363 2217 Hoc
1389 2172 1493 2226 est,
1525 2161 1752 2231 gloriam
1782 2158 1973 2214 inclia-

366 2269 551 2321 bilem.
595 2266 730 2320 Nam
779 2277 1024 2333 quamam
1072 2259 1248 2313 oratio
1290 2256 1483 2326 pOteril
1526 2255 1672 2307 illam
1703 2253 1976 2318 explicare

359 2363 622 2431 gloriam,
657 2356 811 2426 cujus
854 2353 1025 2407 sancti
1060 2364 1184 2405 tunc
1222 2358 1381 2403 erunt
1423 2346 1748 2416 participes?
1780 2345 1971 2408 Nulla;

356 2457 456 2510 sed
492 2471 550 2507 re
579 2467 704 2506 vera
733 2465 870 2519 Opus
898 2447 1064 2518 gratia
1090 2488 1103 2508 ,
1137 2454 1196 2498 ut
1240 2458 1390 2497 IllCllS
1430 2442 1598 2495 discat
1625 2482 1640 2506 ,
1675 2449 1728 2493 et
1755 2439 1974 2493 omnino

359 2563 588 2617 par-.um
634 2545 823 2610 utique
868 2540 1074 2594 radium
1115 2537 1369 2604 excipiat.
1403 2535 1592 2603 Aliqua
1634 2533 1792 2586 etiam
1825 2532 1974 2602 prius

353 2639 578 2708 quidem
624 2641 888 2688 noverant
915 2673 929 2698 ,
962 2630 1168 2684 volebat
1205 2639 1380 2682 autem
1423 2641 1518 2681 eos
1557 2642 1699 2680 nunc
1743 2625 1974 2693 amplius

353 2734 574 2786 dzscu'e
601 2737 652 2781 et
689 2741 850 2780 "0558
877 2723 1134 2792 apertius.
1168 2720 1330 2774 Vides
1361 2733 1520 2789 quam
1554 2717 1716 2771 multa
1747 2717 1816 2771 sit
1847 2731 1976 2784 0pc-

355 2822 548 2878 ratus?
579 2818 856 2876 Christum
886 2814 1164 2869 suscitavit
1196 2830 1208 2866 :
1239 2815 1410 2864 hocne
1443 2809 1698 2879 parvum?
1725 2807 1830 2862 Sed
1859 2823 1975 2860 rur-

351 2933 449 2972 sns
496 2914 642 2969 vide.
691 2911 897 2967 Sedere
953 2908 1074 2963 fecit
1122 2905 1187 2959 ad
1237 2905 1515 2960 dexteram
1562 2916 1716 2956 suam
1750 2918 1762 2956 :
1796 2901 1974 2972 ullane

352 3011 534 3064 oratio
583 3007 688 3060 hoc
735 3003 933 3075 poterit
971 2998 1276 3070 eXplicare?
1311 2999 1441 3052 Eum
1482 2995 1570 3066 qui
1607 2994 1707 3049 fuit
1733 3011 1763 3049 e
1797 3005 1971 3060 terra,

351 3119 482 3156 eum
515 3099 610 3170 qui
642 3107 725 3151 est
755 3095 926 3165 magis
959 3102 1136 3146 nmtus
1164 3107 1322 3161 quam
1356 3090 1553 3159 pisces,
1581 3089 1668 3158 qui
1698 3087 1868 3142 factus
1890 3099 1975 3142 est

353 3195 654 3251 ludibrium
684 3191 1014 3252 da‘monum,
1047 3187 1098 3240 in
1127 3185 1298 3238 altum
1322 3183 1501 3237 statim
1524 3182 1733 3237 extulit.
1764 3181 1972 3237 Revera

352 3299 439 3343 est
465 3283 884 3356 supereminens
910 3278 1221 3348 magnitudo
1248 3276 1365 3346 ejus
1397 3275 1628 3330 virtutis.

431 3384 603 3447 Quam
620 3380 721 3432 alte
747 3376 881 3430 Deus
899 3375 1148 3428 hominem
1174 3369 1645 3426 extulerit.-——Vide
1661 3379 1839 3424 autem
1863 3383 1972 3440 quo

351 3475 614 3530 mtnlerit
648 3491 659 3524 :
693 3473 745 3525 in
791 3469 1100 3525 caalestibus
1148 3481 1271 3521 eum
1305 3463 1427 3520 fecit
1459 3465 1792 3534 superiorem
1826 3465 1968 3519 omni

350 3577 538 3624 creata
561 3575 938 3632 natura,supra
954 3576 1166 3614 omnem
1187 3559 1542 3628 principatum
1561 3567 1610 3612 et
1629 3551 1967 3627 potestatem:

353 3664 538 3729 Supra
555 3674 779 3720 omnem,
804 3654 996 3724 inquit,
1015 3653 1376 3723 principatum.
1400 3651 1607 3705 Revera
1627 3651 1815 3719 spiritu
1835 3665 1971 3720 opus

351 3763 462 3817 est,
495 3762 551 3806 et
577 3748 805 3818 sapienti
835 3756 1013 3800 tuente
1047 3746 1096 3798 in
1131 3745 1400 3815 agnitione
1430 3743 1580 3812 ejus;
1617 3759 1802 3798 revera
1835 3758 1971 3812 Opus

351 3859 432 3901 est
457 3843 810 3901 revelatione.
842 3840 1026 3910 Cogita
1051 3851 1306 3907 quantum
1341 3837 1551 3891 intersit
1576 3837 1713 3891 inter
1735 3836 1970 3890 hominis

351 3951 413 3996 ct
443 3940 539 3994 Dei
569 3948 816 3991 naturam
843 3957 858 3990 :
882 3947 933 3990 et
957 3934 1026 3988 ab
1067 3934 1166 3987 hac
1209 3933 1413 3986 vilitate
1443 3939 1497 3985 et
1527 3931 1826 4000 abjectione
1846 3946 1968 3986 eum

349 4035 421 4087 ad
473 4033 626 4086 illum
676 4029 938 4083 honorem
967 4025 1217 4088 sustulit;
1251 4039 1356 4077 non
1381 4039 1544 4076 manu
1576 4033 1666 4074 aut
1694 4024 1920 4077 alterum
1951 4066 1965 4088 ,

351 4136 449 4180 aut
491 4125 710 4186 tertium
756 4121 979 4190 gradum
1029 4117 1380 4172 transcendit.
1425 4115 1615 4184 Papx!
1649 4115 1756 4169 Nec
1793 4115 1967 4169 Solum

350 4218 514 4281 dixit,
540 4215 734 4283 Supra.
767 4213 886 4276 sed,
921 4215 1092 4282 Longe
1121 4225 1298 4280 supra.
1343 4207 1604 4276 Superuis
1639 4207 1780 4262 enim
1815 4217 1968 4276 pote-

351 4308 588 4364 statibus
612 4307 752 4361 Deus
779 4313 859 4358 est
888 4305 1154 4370 superior.
1185 4301 1357 4370 lpsmu
1392 4300 1570 4368 itaque
1600 4299 1725 4353 illuc
1750 4300 1964 4366 extulit,

349 4411 413 4454 et
450 4399 541 4468 qni
589 4408 704 4450 erat
746 4412 808 4450 ex
861 4394 1048 4460 nobis,
1082 4408 1204 4446 etim
1249 4391 1316 4444 ab
1362 4390 1617 4444 extremis
1660 4393 1969 4446 carcerilms

350 4505 531 4560 usque
557 4489 623 4542 ad
652 4489 897 4540 ultimum
930 4484 1081 4539 duxit
1111 4482 1486 4554 principatum,
1521 4490 1642 4551 post
1667 4497 1824 4552 quem
1860 4497 1966 4536 non

347 4596 442 4642 est
481 4585 659 4639 honor
704 4584 861 4637 alius.
911 4581 1159 4648 Omnem,
1201 4579 1403 4650 inquit,
1446 4579 1824 4649 principatum,
1859 4595 1965 4634 non

349 4682 500 4734 tuine
528 4677 789 4748 quidem,
824 4675 970 4728 illum
1010 4684 1194 4728 autem
1239 4687 1379 4734 non,
1413 4671 1542 4734 sed,
1577 4671 1789 4726 Omnem
1819 4671 1965 4742 prin-

345 4774 581 4840 cipatum
611 4777 656 4822 et
689 4776 983 4834 potestatem
1013 4776 1059 4819 et
1091 4763 1509 4828 dominationem,
1543 4773 1588 4816 et
1615 4780 1761 4816 omne
1785 4780 1964 4818 nomen

342 4865 490 4933 quod
522 4863 836 4924 nominatur,
871 4859 916 4913 si
945 4857 1086 4928 quod
1117 4867 1199 4911 cst
1231 4857 1282 4910 in
1315 4855 1450 4910 etclo
1473 4897 1486 4918 ,
1519 4856 1770 4910 omnibus
1797 4857 1966 4910 evasit

343 4957 621 5025 superior.
650 4954 763 5009 Hoc
784 4954 853 5008 de
874 4969 939 5006 eo
960 4951 1049 5022 qui
1077 4960 1160 5006 est
1186 4951 1450 5004 excitatos
1476 4965 1505 5003 a
1534 4950 1759 5003 mortuis
1784 4965 1796 5001 :
1823 4950 1962 5017 quod

342 5046 570 5116 quidem
613 5046 832 5115 dignum
863 5052 946 5099 est
972 5043 1349 5096 admiratione.
1386 5040 1516 5094 Nam
1549 5040 1615 5094 de
1651 5041 1757 5094 Deo
1788 5040 1964 5095 Verbo

341 5154 716 5209 nequaquam.
748 5135 880 5191 Nam
909 5134 1053 5206 quod
1083 5145 1201 5188 sunt
1237 5133 1440 5188 culices
1471 5132 1536 5186 ad
1569 5133 1830 5188 homines.
1864 5134 1965 5188 lu-c

339 5244 430 5288 est
463 5231 645 5284 omnis
671 5241 914 5285 creatura
949 5228 1014 5281 ad
1051 5228 1240 5282 Deum.
1276 5227 1340 5280 Et
1374 5225 1500 5294 quid
1538 5224 1691 5290 dico,
1720 5226 1962 5280 culices?

337 5330 385 5382 si
419 5341 616 5380 omnes
643 5323 891 5378 homines
921 5321 1314 5390 reputabuntur
1341 5328 1397 5371 ut
1431 5319 1618 5381 saliva,
1648 5329 1702 5373 et
1733 5319 1960 5387 rcputati

335 5429 472 5474 aaut
500 5427 560 5470 ut
589 5426 922 5470 momentum
964 5424 1180 5468 staterae
1214 5411 1383 5481 (Isui.
1414 5411 1506 5466 40.
1546 5412 1644 5480 15)
1679 5433 1691 5467 :
1721 5427 1813 5465 eas
1843 5427 1963 5479 qua}

336 5513 444 5567 sub
477 5522 758 5582 aspectum
793 5526 898 5563 non
928 5509 1130 5563 cadunt
1173 5515 1465 5576 potestates
1513 5522 1650 5576 pone
1689 5517 1958 5576 tamquam

334 5605 571 5658 culices.
606 5601 719 5656 Non
753 5602 912 5671 igitur
937 5601 1005 5655 de
1037 5601 1146 5653 Deo
1178 5599 1353 5652 Verbo
1381 5600 1459 5652 sic
1489 5597 1642 5662 dixit,
1678 5597 1770 5651 sed
1799 5597 1865 5651 de
1895 5613 1960 5652 eo

334 5695 563 5767 quidem
607 5695 697 5764 qui
745 5693 844 5746 fuit
888 5709 954 5746 ex
993 5692 1148 5746 nobis
1180 5711 1192 5745 :
1228 5691 1330 5744 hoc
1361 5699 1442 5744 est
1473 5707 1598 5744 vere
1631 5706 1878 5760 magnum
1907 5699 1961 5745 et

333 5786 686 5841 admirabile.
719 5787 804 5839 Ab
836 5781 1036 5838 intimis
1062 5784 1205 5838 enim
1239 5792 1396 5839 terra:
1435 5783 1675 5851 partibus
1710 5799 1832 5838 cum
1862 5799 1959 5838 ex-

335 5881 481 5934 tnltt.
527 5877 588 5933 Si
633 5893 824 5931 omnes
863 5888 1052 5945 gentes
1089 5886 1357 5944 umquam
1399 5876 1538 5929 stilla
1563 5918 1577 5939 ,
1621 5891 1758 5930 unus
1796 5874 1959 5929 homo

329 5979 502 6042 quota
531 5978 614 6024 est
645 5985 772 6039 pars
799 5967 989 6023 stillw?
1012 5967 1118 6024 Scd
1142 5984 1264 6024 eum
1293 5968 1420 6023 fecit
1445 5966 1690 6021 otiinihus
1718 5968 1958 6037 superio-

2092 595 2229 643 rem,
2263 596 2366 635 non
2397 584 2572 638 solum
2606 586 2658 640 iu
2687 585 2788 641 hoc
2814 589 3012 643 sa‘cuio
3037 633 3047 648 .
3077 588 3170 645 sed
3211 590 3370 644 etiam
3409 591 3460 643 in
3491 587 3690 644 futuro.

2087 671 2224 726 Sunt
2249 689 2376 742 ergo
2410 687 2730 743 potestatum
2763 684 3114 750 qum-tundunt
3146 684 3363 736 nomina
3401 684 3553 736 nobis
3585 698 3691 737 non

2086 765 2328 833 signata,
2385 784 2559 838 neque
2602 781 2748 825 nota.
2795 773 2860 826 Et
2903 777 3075 828 omnia
3106 777 3319 847 subjecit
3359 777 3450 830 sub
3481 778 3693 844 peditus

2087 858 2216 926 ejus.
2253 859 2366 912 Non
2397 862 2568 915 solum
2605 863 2728 917 fecit
2763 868 3094 934 superiorem
3124 879 3181 923 ut
3209 870 3287 924 eis
3318 868 3524 923 honore
3557 887 3692 936 |Il‘;l.‘-

2089 946 2336 1012 fcrrctur,
2369 967 2540 1020 neque
2571 969 2663 1022 per
2695 962 3178 1026 etmtparationetu,
3211 961 3304 1015 scd
3335 971 3392 1014 ut.
3419 971 3689 1032 tamquam

2086 1043 2256 1094 servis
2287 1055 2559 1110 praeesset.
2593 1047 2769 1115 l’apw,
2802 1065 2886 1103 res
2920 1051 3073 1119 plane
3099 1063 3223 1105 sunt
3253 1055 3562 1122 stupendae!
3595 1055 3691 1106 hu-

2087 1135 2246 1188 miois
2276 1136 2413 1191 facta
2442 1149 2523 1192 est
2557 1155 2710 1194 Serva
2745 1145 2919 1198 tnnliis
2952 1155 3192 1215 potestas
3223 1159 3438 1212 creata,
3475 1159 3691 1217 prepter

2089 1225 2252 1280 Deum
2290 1227 2518 1283 Verbum
2553 1233 2637 1300 qui
2684 1233 2961 1290 inhabitat.
3001 1239 3179 1292 l’otest
3209 1239 3351 1293 enim
3383 1258 3500 1294 CSsc
3531 1253 3586 1294 ut
3623 1244 3686 1294 sit

2085 1318 2278 1389 aliquis
2305 1338 2486 1390 supra,
2523 1341 2626 1377 non
2663 1326 2865 1382 habens
2895 1331 2982 1398 qui
3012 1331 3247 1398 obediat,
3279 1335 3370 1388 sed
3404 1347 3456 1387 ut
3489 1335 3691 1388 honore

2086 1412 2442 1480 praeferatur:
2478 1417 2565 1473 hic
2593 1431 2771 1476 autem
2815 1438 2921 1477 non
2962 1425 3075 1491 sic,
3105 1427 3200 1480 sed
3241 1428 3420 1482 omnia
3464 1427 3694 1496 subjecit

2085 1509 2186 1561 sob
2219 1510 2444 1577 pedibus
2475 1513 2630 1582 ejus;
2657 1525 2719 1570 et
2759 1533 2866 1572 non
2899 1519 3070 1574 solum
3101 1521 3348 1590 subjecit,
3379 1522 3473 1576 sed
3504 1522 3689 1576 uitium

2084 1605 2453 1672 sabjectioue,
2489 1620 2543 1662 et
2589 1620 2708 1680 post
2753 1628 2913 1683 quam
2960 1630 3064 1668 non
3106 1625 3190 1670 est
3233 1617 3356 1670 alia.
3399 1617 3690 1686 Propterea

2083 1697 2211 1750 dixit
2235 1741 2248 1762 ,
2279 1699 2387 1754 Sub
2414 1703 2646 1770 pedibus.
2687 1704 2751 1759 Et
2782 1707 2949 1776 ipsum
2980 1708 3117 1762 dedit
3157 1720 3308 1778 caput
3339 1727 3492 1778 super
3518 1712 3691 1763 omnia

2083 1785 2347 1845 Ecclesiae.
2383 1792 2560 1862 Papm,
2590 1811 2696 1864 quo
2727 1812 2917 1853 rursus
2947 1801 3161 1853 sustulit
3193 1801 3522 1855 Ecclesium!
3556 1816 3690 1854 tatu-

2083 1896 2240 1950 quam
2276 1897 2371 1952 per
2396 1887 2682 1953 quamdam
2718 1889 2932 1945 trahens
2966 1891 3267 1946 machinam
3291 1935 3304 1957 ,
3335 1908 3452 1948 eam
3487 1894 3537 1946 in
3571 1910 3688 1946 ina-

2081 1987 2239 2042 gnam
2273 1977 2488 2030 sustulit
2516 1978 2849 2035 altitudinem
2877 2024 2891 2047 ,
2923 1991 2979 2037 et
3005 1999 3124 2038 eam
3167 1983 3356 2039 sedere
3395 1985 3598 2038 etirznit
3635 1987 3686 2039 in

2084 2063 2170 2118 illa
2201 2066 2348 2122 sede.
2384 2067 2484 2123 Ubi
2516 2071 2658 2124 enim
2700 2081 2784 2127 est
2821 2084 2981 2143 eaput
3007 2117 3020 2136 ,
3054 2074 3161 2130 illic
3189 2083 3242 2129 et
3271 2091 3469 2147 corpus
3498 2094 3509 2128 :
3542 2076 3689 2129 nullo

2085 2158 2203 2212 loco
2232 2160 2552 2218 intermedio
2586 2175 2838 2220 arcentur
2875 2178 3034 2238 caput
3075 2177 3126 2222 et
3157 2184 3353 2238 corpus
3387 2187 3398 2220 :
3431 2170 3475 2225 si
3507 2180 3686 2225 autem

2081 2264 2415 2322 arcerentur,
2439 2272 2636 2326 corpus
2659 2274 2765 2314 non
2792 2259 2972 2327 fuerit,
3000 2279 3105 2315 non
3132 2261 3288 2316 fuerit
3313 2274 3491 2332 caput.
3519 2264 3690 2334 Super

2081 2349 2272 2414 omnia,
2308 2349 2498 2419 inquit.
2531 2352 2666 2419 Quid
2699 2363 2803 2418 est,
2839 2354 3011 2423 Super
3040 2356 3254 2409 omnia?
3283 2356 3388 2409 Alit
3415 2356 3687 2412 Christum

2080 2440 2230 2508 dicit,
2262 2442 2350 2511 qui
2382 2453 2464 2497 est
2494 2457 2657 2514 super
2685 2447 2864 2500 omnia
2895 2464 3013 2516 quin
3045 2456 3340 2502 cernuntur
3369 2458 3422 2502 et
3454 2465 3572 2518 qnae
3604 2450 3686 2502 in-

2083 2535 2426 2604 telliguntur;
2469 2547 2560 2591 aut
2606 2554 2766 2608 supra
2799 2541 2976 2592 omnia
3016 2539 3156 2594 bona
3201 2539 3302 2596 hoc
3347 2541 3501 2605 fecit,
3545 2544 3688 2611 quod

2082 2625 2273 2679 Filium
2315 2627 2524 2683 dederit
2565 2641 2742 2698 captu.
2788 2631 2903 2685 Non
2946 2633 3215 2701 angelum,
3250 2649 3357 2688 non
3389 2635 3688 2705 archange-

2082 2716 2190 2770 lum
2217 2757 2231 2782 ,
2259 2733 2363 2772 non
2398 2720 2562 2774 ullum
2595 2722 2759 2776 alium
2791 2723 2998 2778 dimisit
3036 2726 3394 2794 superiorem.
3433 2727 3546 2781 Non
3591 2727 3690 2783 hac

2079 2808 2252 2862 Solum
2297 2809 2505 2866 ratione
2545 2828 2645 2867 nos
2690 2814 3010 2882 honoravit,
3047 2816 3188 2886 quod
3227 2835 3348 2871 eum
3381 2822 3469 2888 qui
3512 2827 3632 2873 erat
3660 2837 3690 2874 e

2081 2902 2237 2958 nobis
2269 2903 2320 2956 in
2361 2905 2526 2958 altum
2565 2908 2852 2972 extulerit,
2899 2908 2992 2962 sed
3034 2911 3175 2979 quod
3216 2911 3377 2965 etiam
3415 2911 3600 2966 fecerit
3632 2923 3691 2967 ut

2082 3003 2249 3048 totum
2280 3010 2568 3052 commune
2594 3015 2762 3066 genus
2791 3000 2940 3054 illum
2977 3014 3316 3072 sequeretur,
3349 3004 3421 3058 illi
3450 3005 3692 3060 adhmrc-

2081 3097 2160 3143 iet
2183 3131 2198 3153 ,
2230 3089 2381 3143 illum
2411 3100 2797 3147 asseclaretur.
2831 3092 2960 3157 Qua:
2987 3105 3059 3148 est
3087 3111 3274 3165 corpus
3300 3095 3482 3167 ipsius.
3515 3096 3647 3152 Nam
3673 3140 3688 3163 ,

2083 3197 2150 3235 ne
2187 3180 2374 3236 audito
2409 3183 2584 3251 capite
2608 3225 2624 3250 ,
2658 3184 2758 3239 hoc
2798 3188 2968 3239 soiuni
3002 3189 3282 3242 existimes
3312 3189 3520 3244 initium
3549 3231 3562 3254 ,
3596 3191 3690 3245 sed

2079 3271 2241 3327 etiam
2272 3272 2577 3328 firmitatem
2609 3285 2663 3329 et
2692 3276 3038 3332 stabilitatem
3069 3321 3082 3344 ,
3119 3294 3223 3344 non
3278 3290 3547 3350 tamquam
3601 3297 3690 3335 so—

2079 3363 2187 3418 lum
2222 3365 2554 3436 principem,
2588 3366 2680 3421 sed
2727 3379 2994 3438 tamquam
3028 3373 3274 3438 corpm'is
3306 3381 3466 3440 caput
3505 3374 3692 3426 COltsi-

2078 3455 2254 3511 deres.
2300 3457 2580 3511 Plenitudo
2602 3500 2616 3524 ,
2655 3459 2864 3530 inquit,
2899 3462 3008 3531 ejus
3047 3463 3134 3531 qui
3176 3463 3347 3516 omnia
3377 3464 3428 3518 in
3460 3463 3691 3518 omnibus

2078 3551 2407 3620 adimpletur.
2453 3551 2748 3622 Tamquam
2797 3553 2899 3608 hoc
2948 3571 3053 3608 non
3098 3555 3368 3611 sufﬁceret
3401 3557 3466 3611 ad
3503 3568 3690 3612 osten-

2078 3643 2308 3698 dendam
2341 3646 2716 3713 cognationem
2753 3656 2807 3702 ct
2840 3650 3291 3718 propinquitatem
3317 3693 3331 3712 ,
3366 3651 3491 3720 quid
3523 3651 3691 3707 dicit?

2081 3736 2362 3792 l‘lenitudo
2384 3737 2582 3793 Christi
2614 3740 2876 3794 Ecclesia.
2909 3742 3195 3797 Plenitudo
3223 3745 3364 3798 enim
3393 3747 3584 3816 capitis
3606 3758 3691 3802 e~t

2077 3846 2303 3901 Carpus,
2354 3833 2632 3902 plenitudo
2680 3835 2925 3903 corporis
2969 3848 3147 3902 caput.
3187 3837 3319 3891 Vide
3362 3856 3468 3908 quo
3499 3841 3689 3894 ordine

2078 3939 2204 3978 usus
2241 3924 2311 3977 sit
2354 3925 2553 3978 Paulus
2579 3969 2592 3991 ,
2623 3936 2675 3980 et
2715 3927 2988 3994 quomodo
3019 3930 3150 3982 nulli
3191 3931 3353 3984 verbo
3383 3942 3564 4001 parcat
3588 3975 3602 3993 ,
3633 3943 3690 3988 ut

2080 4015 2171 4069 Dei
2213 4017 2459 4070 ostendat
2507 4018 2756 4087 gloriam.
2807 4017 3116 4085 Plenitudo,
3161 4022 3526 4092 inquit;illud
3568 4038 3684 4092 e~t,

2079 4119 2264 4178 utpote
2307 4122 2467 4178 caput
2507 4111 2757 4179 implettl’r
2784 4129 2811 4165 a
2842 4130 3069 4181 corpore
3104 4133 3114 4167 :
3151 4131 3271 4170 nam
3318 4133 3515 4186 corpus
3554 4135 3687 4172 eun.

2075 4200 2214 4253 sistit
2246 4216 2339 4268 per
2366 4187 2605 4255 membra
2640 4204 2842 4265 omnia,
2875 4213 2928 4257 et
2959 4206 3184 4275 singulis
3209 4224 3343 4276 opus
3377 4209 3558 4266 habet.
3597 4211 3686 4264 Vi-

2074 4291 2142 4346 de
2173 4291 2443 4360 quomodo
2476 4293 2621 4346 ἰΙΙιιιιι
2655 4295 2906 4349 onuiihus
2947 4311 3082 4363 Opus
3120 4297 3406 4354 habentem
3443 4301 3684 4358 inducat.

2075 4385 2285 4439 Etenim
2315 4385 2358 4438 si
2393 4402 2496 4439 non
2526 4387 2697 4442 sinms
2727 4389 2913 4454 multi,
2945 4400 3000 4443 et
3029 4408 3133 4444 non
3179 4392 3266 4462 sit_
3287 4394 3424 4448 alius
3454 4412 3642 4450 manus
3665 4439 3681 4464 ,

2075 4480 2210 4533 alius
2241 4493 2370 4534 vero
2401 4495 2494 4548 pes
2517 4523 2530 4546 ,
2563 4481 2700 4536 alius
2733 4483 2906 4552 aliqua
2939 4484 3042 4538 alia
3088 4501 3209 4554 pars
3231 4529 3245 4552 ,
3285 4504 3390 4541 non
3434 4487 3686 4560 impletur

2077 4581 2242 4624 totum
2272 4585 2489 4640 corpus.
2526 4572 2625 4628 Per
2652 4575 2830 4628 omnia
2870 4591 3000 4646 ergo
3035 4577 3286 4646 impletur
3316 4583 3433 4645 ejus
3464 4597 3680 4653 corpus.

2073 4662 2223 4717 Tune
2245 4663 2497 4733 impletur
2518 4674 2697 4734 caput,
2727 4677 2851 4720 tunc
2877 4668 3168 4737 perfectum
3194 4670 3253 4725 tit
3277 4689 3493 4744 corpus,
3514 4693 3685 4745 quan-

2072 4754 2141 4809 do
2170 4771 2357 4811 omnes
2388 4755 2548 4809 sin'nil
2578 4755 2837 4812 fuerimus
2866 4760 3140 4830 conjuncti
3169 4774 3224 4819 et
3252 4767 3624 4834 conglutinati.

2143 4852 2196 4905 5.
2237 4851 2418 4907 Vidisti
2451 4853 2662 4909 divitias
2685 4855 2870 4924 gloria:
2899 4857 3254 4915 hereditatis?
3280 4863 3456 4916 vidisti
3489 4881 3686 4932 supcr-

2071 4945 2394 5000 eminentem
2427 4947 2845 5017 magnitudinem
2872 4950 3082 5003 virtutis
3110 4951 3160 5004 in
3184 4967 3278 5006 eos
3303 4954 3391 5021 qni
3416 4955 3678 5009 credunt?

2071 5039 2246 5092 Vidisti
2278 5054 2430 5108 spem
2459 5040 2795 5096 vocationis?
2827 5041 3194 5099 Revereamnr
3224 5058 3465 5101 nostrum
3493 5057 3676 5119 caput,

2069 5133 2368 5202 Cogitemus
2410 5134 2566 5203 cujus
2615 5135 2807 5204 capitis
2851 5153 3038 5192 sumus
3085 5153 3282 5208 corpus
3309 5181 3323 5205 ,
3366 5141 3460 5195 cui
3494 5144 3674 5198 omnia

2069 5235 2193 5279 sunt
2217 5225 2479 5291 subjecta.
2509 5226 2620 5281 lloe
2643 5229 2895 5298 exemplo
2920 5246 3015 5283 nos
3043 5231 3203 5284 etiam
3233 5233 3435 5300 angelis
3464 5246 3678 5304 oportet

2068 5333 2189 5373 esse
2223 5317 2496 5383 meliores,
2525 5327 2580 5372 et
2609 5321 2946 5391 archangelis
2974 5322 3230 5388 majores,
3261 5335 3315 5376 ut
3345 5326 3432 5394 qui
3464 5325 3526 5379 iis
3552 5343 3673 5382 om-

2069 5412 2223 5465 nibus
2251 5412 2418 5465 simus
2448 5411 2654 5466 honore
2682 5415 2977 5484 praepositi.
3009 5414 3130 5468 Non
3159 5417 3367 5487 angelos
3388 5423 3677 5490 apprelteno

2066 5505 2141 5558 dit
2176 5504 2376 5576 (Hebr.
2408 5506 2500 5560 ‘21.
2532 5506 2606 5577 6)
2638 5507 2775 5561 Deus
2799 5548 2814 5571 ,
2858 5509 2996 5564 sicut
3035 5508 3164 5564 dicit
3197 5511 3442 5567 scribens
3467 5513 3534 5567 ad
3566 5514 3673 5569 lle-

2067 5597 2242 5650 braeos
2268 5639 2282 5660 ,
2313 5597 2400 5650 sed
2426 5613 2595 5650 semen
2637 5597 2855 5651 Abrahae
2882 5614 2896 5652 :
2930 5614 3036 5652 non
3071 5601 3425 5671 principatum
3451 5646 3468 5672 ,
3496 5620 3672 5674 neque

2068 5697 2405 5759 potestatem.
2440 5705 2612 5758 neque
2643 5689 3089 5758 dominationem,
3120 5708 3294 5763 neque
3321 5695 3480 5749 ullam
3509 5697 3670 5750 aliam

2065 5782 2353 5843 virtutem;
2381 5779 2474 5834 sed
2511 5789 2748 5833 nostram
2791 5792 3037 5836 naturam
3077 5785 3466 5854 apprehendit.
3494 5799 3546 5841 et
3573 5804 3670 5841 su-

2067 5889 2158 5942 pra
2199 5873 2391 5927 sedere
2429 5873 2607 5942 jussit.
2641 5874 2707 5928 Et
2733 5875 2857 5944 quid
2890 5877 3011 5930 dion
3031 5919 3044 5941 ,
3072 5879 3264 5935 sedere
3287 5879 3489 5952 jussit?
3513 5897 3667 5935 suum

2071 5966 2193 6021 fecit
2225 5966 2640 6033 vestimentum,
2685 5982 2782 6023 nec
2825 5968 2873 6023 id
2908 5971 3120 6048 solum,
3155 5971 3248 6026 sed
3289 5973 3405 6043 ejus
3444 5973 3670 6042 pedibus
