4140 6534
424 477 491 531 27

428 589 660 659 subjecit
699 587 901 642 omnia.
941 585 1109 653 Quam
1151 586 1347 638 multas
1370 581 1451 637 vis
1478 589 1680 635 mortes
1707 592 1906 647 ponere
1925 616 1940 641 ,
1970 583 2026 631 et

427 697 589 752 quam
637 680 831 735 utnltas
876 678 1117 741 animas,
1145 674 1398 729 deciesue
1442 672 1624 738 mille,
1652 670 1830 725 et‘his
1869 668 2026 737 longe

431 771 656 842 plures?
684 770 789 827 Sed
833 769 967 825 nihil
1009 768 1157 824 dices
1182 766 1325 838 quod
1371 767 1436 819 sit
1477 765 1527 820 ei
1563 763 2025 834 tequiparandum.

432 867 549 921 Duo
573 866 716 920 enim
751 864 876 919 fecit
905 863 1137 916 maxima
1173 878 1185 914 :
1219 869 1273 915 et
1316 860 1430 929 ipse
1468 859 1535 914 ad
1581 872 1845 912 summam
1879 856 2028 909 venit

432 956 809 1019 lnnuiliuttem,
838 964 894 1009 et
923 953 1194 1007 hominem
1223 952 1439 1007 sustulit
1473 950 1538 1005 ad
1571 963 1816 1019 magnam
1846 946 2028 1000 altitu-

429 1050 635 1103 dinem.
666 1048 809 1102 Dixit
840 1046 968 1101 illud
1003 1046 1256 1117 primum,
1284 1043 1425 1115 quod
1456 1058 1515 1097 se
1544 1041 1680 1096 adeo
1709 1040 2029 1094 hnmiliave-

376 1160 379 1163 ·
433 1142 500 1194 rit
532 1157 547 1198 :
572 1139 699 1195 dicit
729 1139 830 1193 hoc
854 1137 1058 1192 firmius
1081 1146 1135 1190 et
1159 1135 1408 1199 solidius,
1433 1133 1483 1188 id
1506 1132 1646 1204 quod
1669 1140 1753 1187 est
1777 1144 2026 1200 magnum

432 1242 491 1289 et
532 1247 741 1288 summa
785 1247 989 1287 rerum.
1023 1229 1182 1301 Atqui
1221 1229 1266 1284 si
1312 1228 1460 1283 nullo
1504 1226 1705 1298 dignati
1749 1239 2028 1289 essemus,

433 1324 772 1389 suffecisset;
802 1322 889 1378 vel
915 1323 1077 1378 etiam
1113 1322 1215 1377 hoc
1238 1320 1282 1375 si
1310 1320 1512 1392 dignati
1541 1333 1805 1383 essemus,
1826 1316 2032 1386 abSque

436 1431 526 1483 eo,
547 1414 692 1487 quod
718 1423 863 1471 esset
886 1423 1168 1478 mactatus,
1200 1413 1500 1468 suffecisset
1524 1429 1539 1467 :
1566 1426 1686 1466 cum
1712 1421 1889 1464 autem
1919 1409 2033 1463 haec

437 1510 547 1562 dno
572 1509 704 1573 sint,
736 1522 892 1579 quam
921 1506 1133 1563 dicendi
1163 1505 1469 1561 facultatem
1501 1520 1607 1559 non
1645 1503 1830 1559 vicerit
1858 1511 1912 1557 et
1938 1517 2031 1555 sn-

438 1600 751 1671 peraverit?
788 1599 905 1655 Non
946 1612 1135 1670 magna
1176 1613 1265 1654 res
1307 1608 1392 1653 est
1434 1596 1790 1662 resurrectio,
1819 1594 2035 1666 quando

441 1682 561 1747 haec
591 1704 799 1763 reputo.
835 1693 907 1747 De
947 1690 1049 1746 hoc
1087 1691 1251 1757 dicit,
1295 1689 1432 1745 Deus
1470 1688 1681 1743 Domini
1716 1687 1876 1741 nostri
1908 1685 2034 1767 Jrsn

440 1785 650 1853 Christi,
682 1803 786 1841 non
815 1785 884 1841 de
913 1787 1022 1841 Deo
1047 1785 1244 1843 Verbo.
1278 1785 1640 1841 Revereamur
1663 1783 2034 1855 prorinquita-

443 1889 551 1934 tem
595 1879 961 1949 cognationis,
1006 1879 1289 1934 timeamus
1308 1893 1377 1934 ne
1398 1879 1518 1948 quis
1574 1876 1923 1931 abscindatur
1970 1873 2038 1929 ab

444 1971 549 2027 hoc
574 1986 822 2039 corpore,
853 1986 920 2027 ue
945 1971 1066 2042 quis
1097 1968 1329 2033 excidat,
1359 1984 1427 2024 ne
1455 1967 1576 2039 quis
1603 1973 1861 2038 appareat
1897 1964 2039 2019 indic

444 2077 601 2131 guns.
632 2061 689 2117 Si
715 2061 978 2132 quispiam
1010 2059 1254 2115 diadema
1297 2067 1485 2114 nostro
1511 2057 1825 2128 imposuerit
1854 2056 2036 2125 capiti,

446 2156 489 2209 si
520 2170 775 2209 coronam
802 2169 1042 2217 auream,
1070 2170 1249 2208 annon
1278 2152 1454 2207 Omnia
1485 2151 1788 2216 fecerimus,
1812 2158 1870 2204 ut
1894 2147 2040 2219 digni

445 2248 725 2302 videamur
766 2246 1019 2302 inanimis
1065 2245 1370 2316 lapidibus?
1409 2244 1562 2299 Nune
1596 2252 1775 2298 autem
1816 2256 1922 2297 non
1960 2247 2045 2295 est

449 2349 637 2396 nostro
658 2340 819 2410 capiti
851 2339 1158 2409 impositum
1184 2337 1454 2404 diadema,
1486 2336 1581 2392 sed
1611 2345 1765 2406 caput
1800 2342 2042 2389 nostrum

450 2435 621 2488 factus
647 2444 731 2489 est
757 2431 1006 2488 Christus
1030 2472 1045 2496 ,
1072 2430 1214 2501 quod
1251 2438 1336 2485 est
1371 2428 1544 2497 majus
1569 2469 1583 2492 ,
1613 2437 1668 2483 et
1700 2428 1816 2496 ejus
1844 2425 2042 2480 nullam

450 2520 710 2579 habemus
733 2524 1015 2579 rationem.
1037 2523 1140 2579 Sed
1163 2522 1336 2594 angeli
1359 2521 1572 2592 quidem
1598 2521 1768 2591 ipsmn
1794 2533 2045 2574 reveren-

451 2625 541 2669 tur
563 2624 613 2670 et
641 2614 948 2683 archangeli
980 2622 1034 2669 et
1063 2628 1252 2668 otuues
1283 2611 1387 2667 illa:
1414 2611 1650 2666 Virtutes
1678 2627 1692 2664 :
1720 2624 1819 2664 nos
1841 2617 2041 2674 autem,

451 2722 575 2761 cum
613 2707 775 2762 etiam
804 2706 921 2775 ejus
947 2719 1144 2774 corpus
1179 2704 1350 2758 simus
1372 2742 1388 2769 ,
1425 2716 1601 2773 neque
1641 2710 1862 2772 propter
1903 2700 2043 2767 hoc,

453 2814 627 2869 neque
675 2808 893 2868 propter
940 2797 1070 2851 illud
1116 2793 1526 2852 reverebimur?
1562 2803 1616 2850 et
1654 2802 1901 2865 quaenam
1945 2780 2081 2845 erit.

452 2896 578 2960 apes
608 2897 805 2944 nostra:
833 2888 1067 2943 salutis?

527 2981 693 3053 Regni
731 2982 972 3035 malorum
1019 2979 1226 3033 amissio
1272 2980 1415 3048 pejor
1459 2977 1707 3049 gehsnna.
1750 3005 1821 3016 —
1861 2973 2046 3044 Cogita

457 3072 708 3126 thronum
731 3071 958 3141 regium,
983 3071 1156 3140 cogita
1181 3084 1448 3124 summum
1474 3068 1732 3122 honorem
1759 3084 1772 3118 ε
1799 3065 1902 3121 hoc
1928 3081 2047 3130 nos,

455 3163 503 3217 t-i
528 3163 754 3218 velimus
772 3203 786 3226 ,
816 3163 985 3233 magis
1008 3177 1107 3216 nos
1137 3161 1332 3232 poterit
1359 3169 1565 3216 terrere
1591 3172 1752 3227 quam
1778 3155 2054 3228 geheuna.

456 3255 593 3311 Nam
636 3255 680 3308 si
726 3269 831 3309 non
875 3263 1019 3309 esset
1060 3249 1342 3324 gehenna,
1389 3259 1541 3306 tanto
1586 3250 1791 3304 honore
1832 3247 2054 3303 affectos

460 3349 707 3403 inventos
737 3361 858 3402 esse
895 3344 1139 3415 indignos
1168 3354 1222 3399 et
1252 3344 1424 3399 malos
1448 3385 1463 3409 ,
1494 3357 1655 3413 quam
1690 3350 1797 3396 n'ou
1829 3337 2055 3394 haberet

460 3440 674 3512 positam
697 3481 713 3504 ,
742 3437 883 3509 quod
926 3453 1032 3492 non
1078 3435 1438 3507 supplicium?
1465 3434 1649 3504 Cogita
1694 3446 1860 3502 prope
1891 3445 2052 3503 quem

460 3532 648 3587 sedeat
677 3526 825 3585 tuum
862 3539 1060 3600 caput;
1093 3530 1195 3584 hoc
1235 3529 1408 3582 solum
1440 3527 1505 3581 ad
1534 3526 1844 3582 universum
1886 3525 2053 3580 suffe-

459 3622 635 3689 cerit;
681 3622 747 3677 ad
791 3622 944 3693 cujus
977 3622 1164 3677 sedeat
1193 3619 1494 3675 dexteram.
1525 3616 1632 3674 Sed
1676 3616 1805 3672 illttd
1837 3615 2053 3687 quidem

460 3730 624 3787 super
654 3731 869 3772 omnem
903 3715 1257 3785 principatum
1280 3755 1293 3778 ,
1328 3720 1646 3784 potestatem
1677 3720 1733 3767 et
1760 3713 2011 3766 virtutem
2036 3726 2051 3775 ;

461 3808 581 3878 ejus
610 3818 786 3863 autem
818 3822 1014 3877 corpus
1051 3805 1397 3862 conculcatur
1434 3804 1594 3859 etiam
1624 3818 1653 3857 a
1681 3802 2057 3857 daemonibus?

461 3901 570 3957 Sed
602 3901 740 3956 absit
770 3919 784 3956 :
814 3900 858 3956 si
888 3916 1015 3956 vero
1041 3901 1139 3965 sit,
1175 3900 1276 3954 hoc
1318 3914 1423 3954 non
1476 3898 1638 3954 fuerit
1679 3896 1909 3967 amplius
1937 3911 2059 3951 cor’

464 4010 585 4065 pus.
616 3994 786 4065 Caput
812 4002 959 4049 tuum
991 4003 1316 4050 venerantur
1343 3993 1482 4048 servi
1515 3990 1674 4062 frugi,
1701 3998 1756 4047 et
1783 3990 1873 4061 qui
1904 3991 2058 4045 bonae

465 4096 588 4140 sunt
611 4086 1057 4149 existimationis;
1084 4094 1137 4141 et
1158 4099 1354 4153 eorpus
1378 4082 1598 4154 subjicis
1621 4083 1684 4137 iis
1706 4083 1795 4153 qui
1820 4081 2060 4137 offende-

465 4179 628 4232 runt?
656 4194 762 4249 quo
789 4194 896 4233 non
932 4178 1126 4250 dignus
1163 4177 1271 4233 eris
1315 4176 1619 4247 supplicio?
1645 4175 1700 4232 Si
1738 4176 1858 4245 quis
1895 4175 2059 4244 pedes

466 4270 611 4339 regis
659 4270 860 4337 pedicis
899 4270 1083 4341 alliget
1107 4278 1164 4326 et
1191 4270 1243 4324 in
1277 4267 1566 4338 compedes
1605 4267 1846 4337 injiciat,
1878 4281 2057 4321 annon

467 4363 572 4415 erit
599 4360 865 4417 obnoxius
904 4370 1147 4416 extremo
1187 4359 1488 4430 supplicio?
1527 4358 1605 4412 Tu
1652 4367 1824 4412 totum
1863 4372 2060 4426 corpus

467 4452 657 4521 objieis
685 4452 812 4507 feris
838 4451 1179 4518 immanibus,
1207 4460 1258 4505 et
1286 4467 1390 4505 non
1419 4450 1645 4504 horres?
1672 4449 1777 4504 Sed
1806 4449 2060 4519 quoniam

469 4546 645 4616 agitur
672 4543 740 4600 de
768 4560 996 4614 corpore
1024 4544 1255 4607 Domini,
1280 4557 1378 4613 age
1406 4543 1546 4596 illius
1567 4544 1726 4595 etiam
1757 4540 2063 4596 memineri-

480 4652 600 4691 mns
621 4677 637 4704 ,
669 4638 810 4707 quod
857 4639 908 4691 in
939 4652 1153 4693 crucem
1185 4636 1284 4691 fuit
1315 4644 1491 4692 actum
1513 4677 1528 4701 ,
1557 4636 1697 4704 quod
1734 4634 1900 4690 clavis
1925 4649 2059 4689 con-

476 4733 661 4791 fixum,
696 4740 753 4786 et
787 4731 1139 4787 sacrificatur.
1159 4731 1212 4787 Si
1255 4746 1316 4787 es
1353 4730 1551 4784 Christi
1573 4744 1787 4799 corpus,
1821 4729 1899 4784 fer
1935 4745 2063 4785 cru-

472 4841 620 4890 cem;
669 4841 790 4880 nam
835 4826 927 4880 ille.
964 4840 1177 4895 quoque
1222 4825 1387 4879 tulit:
1428 4824 1506 4877 fer
1562 4833 1749 4894 sputa,
1782 4821 1865 4877 fer
1916 4824 2063 4878 cola-

476 4919 641 4985 pbos,
701 4917 782 4972 fer
832 4919 1031 4973 clavos.
1086 4916 1217 4971 Tale
1256 4923 1373 4970 erat
1433 4915 1564 4969 illud
1607 4929 1823 4983 corpus.
1855 4913 2064 4983 Corpus

474 5008 606 5061 illud
650 5007 995 5076 impeccabile
1037 5015 1150 5061 erat
1181 5023 1196 5060 :
1227 5004 1501 5060 Peccatum
1556 5020 1657 5057 non
1687 5004 1826 5072 fecit,
1870 5020 1959 5057 nec
1991 5014 2064 5058 est

472 5100 704 5154 inventus
735 5101 882 5154 dolus
913 5100 966 5154 in
1006 5115 1096 5153 ore
1130 5099 1241 5168 ejus
1268 5095 1430 5167 (Isoi.
1463 5097 1551 5152 53.
1585 5096 1653 5163 9)
1684 5114 1697 5150 :
1731 5110 1921 5150 manus
1949 5096 2065 5165 ejus

475 5191 652 5245 ottntia
683 5191 912 5261 agebant
941 5190 1006 5244 ad
1038 5188 1473 5244 benelaeicmlnm
1506 5188 1570 5241 iis
1594 5189 1681 5258 qui
1709 5188 1932 5256 egebant
1963 5204 1975 5239 :
2005 5202 2066 5242 os

475 5282 594 5350 ejus
633 5281 767 5336 nihil
805 5281 985 5337 emisit
1024 5280 1163 5351 quod
1205 5296 1310 5335 non
1338 5280 1555 5334 deceret
1586 5296 1598 5332 :
1628 5279 1861 5346 audivit,
1896 5277 2067 5333 [Iubes

477 5372 784 5427 (immanium
812 5370 1007 5444 (Joan.
1044 5374 1097 5427 7.
1135 5370 1266 5442 20),
1305 5381 1360 5428 et
1400 5371 1532 5426 nihil
1576 5370 1806 5426 dicebat.
1837 5370 1968 5438 Quia
1999 5369 2068 5425 de

478 5481 705 5534 corpore
733 5481 762 5519 a
795 5466 949 5520 nobis
990 5465 1193 5537 agitur,
1228 5465 1551 5535 quicumque
1593 5463 1837 5531 corporis
1881 5475 2067 5516 sumus

479 5559 794 5628 participes,
827 5558 1149 5628 quicumque
1176 5568 1453 5626 gustamus
1481 5555 1792 5625 sanguinem
1815 5594 1830 5617 ,
1861 5553 2066 5623 cogite-

481 5666 600 5704 nms
634 5649 774 5719 quod
819 5651 961 5704 illius
1006 5650 1289 5727 participes
1329 5648 1528 5713 simus,
1565 5647 1654 5717 qni
1695 5645 1826 5701 nihil
1867 5645 1934 5700 ab
1975 5645 2066 5700 illo

478 5740 678 5807 differt,
704 5742 794 5812 qui
832 5756 993 5811 supra
1025 5741 1197 5805 sedet,
1229 5741 1317 5811 qni
1346 5740 1601 5794 atloratnr
1626 5740 1693 5792 ab
1722 5738 1948 5807 angelis,
1976 5736 2064 5807 qui

475 5832 674 5888 assidet
704 5849 869 5905 pmpe
896 5834 1045 5889 illam
1075 5834 1442 5904 incorruptam
1469 5830 1732 5885 Virtutem
1761 5845 1777 5883 :
1802 5830 1939 5882 hunc
1968 5843 2067 5899 gn-

473 5936 695 5982 statnus.
731 5927 825 5983 llei
869 5925 1001 5983 mihi
1037 5939 1204 5998 quam
1249 5925 1432 5980 multm
1462 5923 1560 5979 vite
1602 5923 1755 5977 nobis
1789 5930 1969 5992 pateat
1998 5920 2062 5975 ad

1144 469 1200 527 S.
1239 464 1517 526 JOANNIS
1552 457 2025 522 CllRYSOSTOlﬂ
2064 456 2386 516 ARClllEP.
2425 458 2961 521 CONSTANTINOP.

3655 472 3726 530 28

2135 575 2400 633 salutem!
2434 576 2544 633 Nos
2578 592 2775 651 corpus
2798 597 2955 638 suum
2986 583 3130 652 fecit,
3163 600 3318 642 suum
3347 603 3541 660 corpus
3572 593 3726 648 nobis

2134 668 2410 738 impertiit,
2440 680 2496 726 et
2525 672 2655 727 nihil
2686 673 2881 730 borum
2911 693 3011 731 nos
3036 682 3227 735 avertit
3254 695 3283 735 a
3311 682 3486 736 malis.
3509 682 3554 738 Ο
3577 693 3727 739 tene-

2133 760 2257 815 bras
2281 803 2297 827 ,
2325 776 2358 817 o
2403 762 2724 832 profundum
2763 767 3014 839 abyssum
3040 811 3055 836 ,
3083 784 3118 825 o
3145 780 3421 840 stuporem
3452 783 3507 829 et
3536 789 3728 830 sensus

2133 855 2459 920 egestatem!
2494 855 2621 920 Quae
2648 873 2851 912 sursum
2890 870 3040 927 sunt,
3074 862 3278 932 inquit,
3307 866 3498 935 sapite,
3532 865 3617 919 ubi
3653 878 3727 920 est

2133 942 2366 999 Christus
2393 945 2462 999 ad
2490 946 2749 1004 dexteram
2787 950 2882 1005 Dei
2907 954 3086 1007 sedens
3114 955 3344 1026 (Coloss.
3375 958 3426 1011 5.
3456 957 3509 1010 2.
3544 959 3565 1012 I
3591 957 3643 1027 );
3674 967 3730 1014 et

2135 1043 2254 1103 post
2290 1034 2407 1093 b.rc
2445 1038 2658 1107 quidam
2691 1040 2760 1097 de
2797 1045 3038 1113 pecuniis
3077 1055 3202 1101 sunt
3234 1048 3481 1117 solliciti,
3513 1050 3601 1105 alii
3639 1067 3729 1105 ea-

2135 1125 2354 1196 pinntur
2381 1128 2449 1185 ab
2477 1131 2641 1187 animi
2678 1135 3188 1204 perturbationibus.

2206 1220 2261 1273 4.
2292 1220 2409 1275 Non
2442 1222 2635 1279 videtis
2664 1226 2804 1296 quod
2838 1227 2889 1281 in
2920 1238 3106 1284 nostro
3133 1243 3347 1302 quoque
3375 1242 3603 1302 corpore
3630 1232 3728 1287 ab-

2136 1312 2450 1370 scinduntur
2477 1324 2535 1372 et
2564 1328 2908 1388 amputantur
2932 1338 3283 1395 quotcumque
3318 1336 3443 1380 sunt
3472 1341 3729 1397 superva-

2137 1417 2302 1459 cauea
2328 1416 2383 1462 et
2414 1407 2727 1466 inntilia?et
2748 1413 2952 1468 nullum
2975 1414 3180 1470 lucrum
3209 1419 3452 1472 attuli-rit
3475 1418 3524 1469 id
3543 1434 3655 1484 con
3675 1435 3731 1473 o-

2138 1499 2220 1564 ri,
2244 1500 2460 1570 quando
2486 1502 2647 1560 fuerit
2680 1507 3003 1571 mutilatum,
3028 1511 3239 1579 quando
3262 1521 3434 1566 morte
3453 1511 3728 1579 affectum,

2138 1593 2353 1662 quando
2390 1597 2782 1666 putrefactum,
2811 1601 3024 1671 quando
3058 1604 3217 1658 etiam
3259 1607 3561 1673 corruperit
3601 1605 3730 1658 I‘f'll-

2139 1686 2340 1754 quum?
2379 1685 2456 1743 Ne
2497 1703 2626 1759 ergo
2667 1692 3043 1759 confidamus,
3077 1696 3218 1765 quod
3261 1697 3426 1751 semel
3478 1697 3732 1752 fuerimus

2141 1776 2404 1846 corporis.
2451 1778 2505 1834 Si
2551 1791 2728 1837 autem
2778 1784 2881 1838 hoc
2925 1800 3124 1855 corpus
3169 1803 3289 1841 cum
3336 1789 3406 1843 sit
3450 1791 3729 1854 naturale,

2145 1878 2322 1927 tamen
2352 1873 2685 1960 abscinditur
2715 1895 2729 1931 :
2762 1879 2805 1932 si
2836 1895 2941 1934 non
2975 1889 3187 1936 maneat
3220 1882 3411 1937 stabile
3435 1891 3486 1938 et
3520 1882 3732 1937 firmum

2142 1964 2306 2019 animi
2354 1967 2683 2034 institutum,
2712 1971 2837 2042 quid
2868 1990 2975 2028 non
3015 1989 3175 2043 grave
3217 1977 3481 2044 patietur?
3508 1976 3735 2045 Quando

2146 2071 2252 2110 non
2284 2056 2441 2113 fuerit
2470 2075 2666 2131 corpus
2706 2062 2864 2133 hujus
2903 2066 3141 2120 alimenti
3190 2068 3489 2137 particeps,
3520 2068 3737 2137 quando

2145 2148 2404 2206 obstructi
2446 2152 2646 2209 fuerint
2685 2156 2799 2226 pori
2821 2198 2834 2221 ,
2865 2167 2989 2213 tunc
3018 2171 3191 2214 morte
3220 2160 3451 2215 afficitur
3478 2179 3490 2214 :
3524 2161 3738 2230 quando

2146 2241 2377 2297 Oltlttrali
2407 2255 2616 2301 meatus
2639 2256 2692 2301 et
2721 2249 2913 2304 fismlzc
2939 2293 2951 2313 ,
2983 2261 3109 2305 tunc
3140 2252 3195 2306 ﬁt
3236 2269 3502 2308 tttattttum.
3536 2252 3606 2307 lla
3638 2269 3739 2307 nos

2148 2349 2359 2402 quoque
2380 2338 2591 2405 quando
2611 2353 2771 2395 aures
2787 2340 3236 2405 obturaverimns,
3258 2360 3443 2398 ιιιειιιρθ
3467 2359 3529 2398 ae
3551 2354 3666 2398 mut
3688 2345 3737 2399 la

2148 2435 2329 2480 nostra
2369 2426 2428 2481 fit
2465 2429 2641 2484 anima
2686 2449 2699 2484 :
2741 2433 2957 2502 quando
2999 2448 3104 2488 non
3155 2435 3410 2489 fuerimus
3453 2435 3739 2505 participes

2148 2519 2385 2575 alimenti
2430 2522 2761 2592 spiritualis,
2792 2526 3009 2595 quando
3034 2536 3409 2597 corruptorum
3453 2527 3737 2581 humorum

2151 2613 2444 2678 pravitates
2484 2628 2677 2669 noxam
2708 2617 2864 2672 nobis
2899 2617 3206 2683 attulerint,
3239 2618 3353 2673 hare
3381 2619 3558 2672 omnia
3597 2635 3743 2674 mor-

2149 2703 2275 2758 bum
2320 2705 2535 2776 parinnt
2557 2748 2572 2773 ,
2602 2708 2846 2764 morbum
2881 2725 3135 2780 gravem,
3169 2711 3412 2764 morbum
3443 2711 3531 2781 qui
3565 2711 3740 2765 tabem

2149 2794 2303 2850 affert
2328 2806 2382 2850 et
2410 2799 2874 2868 consmuptiouem
2907 2817 2921 2851 :
2950 2810 3005 2855 et
3026 2801 3094 2855 de
3119 2810 3317 2856 cmtero
3345 2800 3435 2855 illo
3463 2802 3582 2869 igne
3606 2814 3743 2870 opus

2152 2884 2412 2951 habebit,
2455 2899 2546 2942 aut
2590 2903 2725 2958 opus
2770 2889 2991 2944 habebit
3026 2902 3083 2945 ut
3118 2890 3408 2946 dividatur.
3450 2892 3565 2947 Non
3596 2892 3742 2946 enim

2154 2976 2352 3044 patitur
2378 2977 2624 3034 Christus
2665 2996 2788 3034 cum
2834 2981 2923 3034 tali
2967 2996 3197 3052 corpore
3233 2981 3437 3052 ingredi
3473 2983 3525 3037 in
3567 2981 3744 3036 thala-

2154 3084 2322 3123 mum.
2365 3069 2421 3124 Si
2461 3084 2587 3125 eum
2632 3071 2853 3126 abduxit
2891 3080 2945 3128 et
2983 3073 3186 3143 expulit
3221 3074 3310 3144 qui
3348 3072 3562 3129 sordida
3597 3081 3748 3128 veste

2155 3168 2273 3215 erat
2302 3161 2557 3227 indutus;
2584 3160 2639 3217 ei
2661 3162 2750 3232 qtti
2777 3164 2991 3233 corpori
3028 3163 3217 3219 sordes
3255 3164 3588 3228 adhibuerit,
3617 3163 3746 3234 quid

2156 3268 2262 3307 non
2302 3253 2479 3318 faciet,
2505 3254 2777 3324 quomodo
2807 3272 2912 3310 non
2943 3272 3066 3311 eum
3096 3256 3340 3312 afﬁciet?

2228 3344 2420 3401 Christi
2457 3362 2642 3417 corpus
2684 3348 2935 3418 quomodo
2978 3349 3315 3415 sumendum,
3346 3347 3527 3417 quibus
3571 3347 3745 3402 diebus

2157 3438 2303 3492 adid
2329 3439 2680 3492 accedebatur.
2715 3469 2785 3480 —-
2813 3440 3007 3495 Multos
3044 3441 3202 3495 video
3245 3441 3335 3512 qtti
3376 3440 3576 3495 Christi
3619 3456 3743 3496 cor-

2159 3529 2306 3600 poris
2353 3539 2479 3585 sunt
2525 3531 2813 3601 participes
2865 3531 3260 3587 inconsiderate
3303 3540 3357 3587 ct
3412 3541 3648 3597 temere,
3695 3540 3750 3587 et

2159 3620 2330 3691 magis
2372 3636 2442 3676 ex
2480 3621 2873 3677 consuetudine
2911 3631 2966 3677 et
3004 3637 3072 3678 ex
3116 3625 3450 3693 praescripto,
3492 3639 3651 3694 quam
3682 3638 3752 3680 ex

2159 3713 2482 3782 cogitatione
2510 3722 2565 3767 et
2590 3713 3045 3769 consideratione.
3095 3716 3149 3771 Si
3199 3716 3510 3784 advenerit,
3544 3716 3749 3787 inquit,
3788 3719 3797 3725 '

2163 3812 2373 3872 tempus
2415 3814 2615 3859 sancta:
2659 3804 3130 3875 Quadragesimte,
3157 3807 3563 3879 qualiscumque
3590 3807 3753 3862 fuerit

2162 3895 2445 3965 quispiam,
2489 3894 2545 3949 fit
2576 3896 2844 3969 particeps
2870 3908 3356 3963 sacramentorum,
3388 3900 3431 3954 si
3469 3899 3755 3955 advenerit

2164 3986 2278 4041 dies
2301 3984 2720 4056 Epiphaniorum
2749 3987 2845 4059 (α).
2872 3989 3033 4059 Atqui
3067 3989 3195 4044 illud
3228 4000 3438 4060 tempus
3460 3990 3752 4046 accedendi

2165 4094 2270 4132 non
2298 4088 2382 4133 est
2412 4095 2427 4133 :
2458 4093 2566 4132 non
2602 4078 2895 4149 Epiphania
2916 4122 2930 4148 ,
2975 4096 3149 4152 neque
3182 4082 3596 4153 Quadragesima
3633 4081 3758 4137 fat-it

2164 4171 2352 4241 dignm
2395 4172 2485 4242 qui
2525 4172 2818 4239 accedant,
2851 4174 2946 4231 sed
2974 4175 3169 4229 anima:
3198 4176 3481 4231 sinceritas
3516 4185 3571 4231 et
3611 4176 3757 4245 puri-

2168 4274 2268 4316 tas.
2308 4262 2441 4317 Cum
2489 4279 2551 4318 ca
2574 4279 2790 4333 seraper
2817 4266 3037 4329 accede,
3066 4267 3268 4337 absque
3296 4268 3408 4337 ipsa
3442 4284 3754 4338 numquam.

2168 4354 2375 4418 Quoties
2415 4356 2570 4421 enim,
2612 4355 2805 4427 inquit,
2835 4356 2930 4410 hoc
2953 4358 3144 4428 facitis,
3178 4368 3389 4412 mortem
3419 4357 3627 4413 Domini
3658 4377 3757 4414 auo

2167 4448 2411 4501 nuntiatis
2441 4448 2514 4517 (l.
2548 4447 2666 4504 Cor.
2699 4450 2787 4503 tl.
2818 4449 2933 4520 26).
2965 4449 3079 4504 Hoc
3107 4458 3210 4514 est,
3243 4451 3297 4505 in
3325 4451 3638 4506 memoriam
3673 4468 3760 4506 re-

2168 4539 2369 4592 vocatis
2400 4547 2632 4592 vestram
2655 4539 2885 4593 salutem
2907 4582 2921 4604 ,
2965 4554 3144 4594 meum
3175 4540 3515 4595 beneficium.
3567 4540 3758 4612 Cogita

2167 4631 2256 4700 qni
2287 4629 2484 4684 veteris
2517 4629 2803 4699 participes
2828 4640 2981 4684 erant
3005 4631 3275 4693 sacrificii,
3306 4642 3502 4701 quanta
3530 4634 3761 4688 uteban-

2170 4730 2256 4774 tnr
2299 4719 2604 4789 frugalitate
2649 4728 2706 4774 et
2744 4719 3067 4774 abstinentia
3112 4738 3125 4773 :
3170 4721 3298 4792 quid
3342 4738 3446 4776 non
3487 4721 3762 4793 agebant?

2169 4811 2294 4882 quid
2322 4826 2427 4865 non
2459 4810 2764 4866 faciebant?
2796 4810 3042 4882 Undique
3067 4822 3121 4866 et
3146 4827 3363 4881 semper
3387 4812 3764 4883 expurgaban-

2172 4915 2258 4959 tur
2292 4922 2307 4959 :
2339 4915 2393 4959 tu
2439 4913 2620 4958 autem
2667 4902 2933 4959 accedens
2975 4902 3043 4957 ad
3091 4903 3415 4959 sacrificium
3468 4903 3612 4974 quod
3660 4905 3762 4974 ipsi

2170 5004 2459 5067 stupentet
2486 4992 2811 5050 venerantur
2835 4995 3032 5065 angeli,
3054 5006 3358 5067 temporqu
3388 4996 3626 5067 periodis
3647 5012 3762 5053 rem

2171 5090 2364 5145 deliuis
2389 5105 2452 5143 ac
2478 5090 2919 5146 circumserihis?
2969 5090 3033 5143 Et
3067 5090 3337 5158 quomodo
3380 5091 3548 5145 stabis
3572 5090 3639 5145 ad
3672 5092 3764 5146 tri-

2174 5183 2331 5237 bnnal
2354 5182 2574 5245 Christi,
2618 5184 2705 5252 qtti
2750 5181 2968 5252 pollutis
2995 5182 3241 5237 manibus
3270 5191 3324 5236 et
3348 5183 3513 5237 labris
3539 5183 3604 5239 ad
3635 5199 3762 5239 cor-

2136 5272 2273 5361 jpus
2318 5274 2450 5329 illud
2491 5273 2691 5329 audeas
2737 5272 3039 5328 accedere?
3084 5274 3150 5328 Et
3190 5287 3371 5344 regem
3411 5273 3626 5344 quidem
3661 5276 3766 5331 ‘ore

2238 5433 2311 5497 (η)
2344 5433 2725 5497 Epiphaniorum
2756 5439 2812 5497 et
2851 5432 3273 5497 :rbeopltaniorum
3318 5440 3516 5497 tempus
3552 5432 3764 5497 idipsnm

2175 5491 2303 5558 erat,
2326 5491 2737 5558 et'a'quibusdam
2756 5491 3108 5558 Ecclesiasticis
3130 5491 3448 5558 scriptoribus
3473 5491 3656 5558 prodis
3681 5501 3763 5558 ha-

2174 5557 2254 5606 tali
2282 5555 2708 5615 Christi'hahetur;
2726 5569 2900 5605 verum
2924 5556 3191 5605 inHomilia
3213 5555 3278 5606 de
3303 5557 3447 5606 beato
3460 5555 3761 5616 Philugonio,

2174 5619 2368 5686 ξιςυιηηῐ,
2384 5618 2608 5686 991³752,
2633 5617 3001 5686 Chrysostotnys
3016 5619 3373 5686 Epiphamanra
3397 5619 3652 5686 sativitate
3669 5617 3760 5665 dis-

2174 5678 2693 5743 tinguittYideturque
2718 5678 2879 5743 tamen
2904 5678 3036 5728 illam
3053 5678 3271 5743 satalent
3298 5680 3471 5743 Christi
3503 5681 3633 5743 diem
3652 5690 3766 5743 esse

2173 5739 2342 5791 dicere
2365 5741 2571 5793 Humilia
2589 5739 2699 5791 I'de
2722 5741 2773 5790 S.
2797 5741 3114 5801 Pentecoste,
3130 5741 3189 5792 Τ.
3218 5741 3281 5802 ll,
3306 5742 3399 5792 col.
3418 5743 3527 5792 45L
3551 5740 3628 5789 De
3653 5739 3768 5802 Epi—

2177 5753 2342 5791 utcere
2367 5753 2571 5793 nomina
2590 5753 2610 5790 ι
2633 5753 2699 5791 ue
2722 5753 2773 5790 δ.
2799 5753 3114 5801 reutecosm,
3131 5753 3189 5792 '1'.
3218 5753 3281 5802 tt,
3306 5753 3399 5792 col.
3418 5753 3527 5792 tot.
3551 5753 3628 5789 ue
3653 5753 3765 5848 npt-

2177 5804 2348 5867 lhat‘ila
2371 5803 2485 5853 alibi
2509 5816 2707 5866 quoque
2744 5802 3189 5867 loquitur.)"erum
3216 5816 3274 5867 ea
3308 5804 3373 5867 de
3396 5818 3453 5853 re
3477 5803 3671 5867 plenius
3713 5813 3765 5867 o-

2177 5817 2348 5867 jnauta
2371 5817 2485 5853 aunt
2509 5817 2707 5866 quoque
2745 5817 2757 5851 l
2826 5817 2978 5852 tntur.
3012 5817 3189 5853 verum
3216 5817 3274 5853 ea
3308 5817 3373 5853 ue
3396 5818 3453 5853 re
3477 5817 3671 5866 ptetuns
3694 5817 3765 5848 to-

2176 5867 2373 5929 qnuturi
2398 5878 2568 5933 saluus
2588 5872 2735 5933 Temo
2759 5817 2967 5933 Samia
2990 5865 3214 5915 Diatriba
3250 5866 3315 5933 de
3341 5864 3603 5933 Disciplina
3628 5870 3679 5914 et
3702 5862 3767 5933 de

2177 5926 2611 5979 consttettulinibus
2627 5926 2983 5978 Ecelesiasticis
3002 5934 3229 5997 tempore
3247 5927 3586 5988 Chrysostomi.
