4140 6498
368 377 439 434 2‘)
1317 371 1382 426 IN
1415 368 1638 426 EPIS’I‘.
1672 366 1761 421 Al)
1802 362 2046 420 EI‘IIES.
2090 363 2241 421 CAP.
2276 369 2316 422 1.
2361 368 2600 426 HOMIL.
2639 373 2728 426 Ill.
3600 380 3670 435 23

368 493 551 556 ὅντως
583 489 678 543 καὶ
707 489 770 543 τὸ
791 487 1108 558 κεφάλαιον.
1139 487 1332 542 Καίτοι
1359 490 1406 541 εἰ
1431 488 1526 540 καὶ
1561 486 1790 558 μηδενὸς
1809 487 1976 557 ἠξιώ-

372 583 580 651 Θημεν,
611 579 772 650 ἢρκει
805 596 818 609 °
855 577 888 649 ἦ
924 578 1018 631 καὶ
1063 577 1255 631 τούτου
1301 578 1349 630 εί
1402 575 1750 646 ἠξιώθημεν,
1806 575 1977 645 χωρὶς

368 669 475 722 τοῦ
537 669 740 736 σφάξαι
801 668 964 739 ἤρκει
996 681 1009 694 ·
1045 667 1174 720 ὅταν
1219 665 1276 719 δὲ
1309 667 1378 718 τά
1421 662 1590 739 δύοῇ,
1626 665 1750 718 τίνα
1779 664 1880 717 οὐκ
1908 661 1974 717 ἂν

369 759 694 831 ὑπερϐολὴν
751 759 914 826 λόγου
965 759 1212 828 νικήσειε
1256 757 1352 811 καὶ
1383 755 1652 826 ὑπερϐαίη
1686 771 1700 819 ;
1733 755 1806 807 Ού
1835 752 1978 824 μέγα

371 851 412 920 ἠ
447 850 748 911 ἀνάστασις
777 848 947 911 ,ὅταν
999 847 1172 900 ταῦτα
1217 847 1545 916 λογίσωμαι.
1596 846 1736 916 Περὶ
1779 841 1978 896 τούτου

371 939 584 1009 φησίν·
631 938 695 990 Ὀ
742 937 888 1002 Θεὸς
944 936 1050 990 τοῦ
1099 937 1324 1002 Κυρίου
1385 933 1557 1003 ἡμῶν
1594 930 1802 1000 Ἰησοῦ
1841 933 1979 1000 Χρι-

373 1026 564 1087 στοῦ,
619 1025 682 1078 ού
743 1025 874 1095 περὶ
923 1023 1018 1078 τοῦ
1063 1022 1201 1076 Θεοῦ
1244 1023 1444 1090 Λόγου.
1488 1020 1840 1090 Αίδεσθῶμεν
1880 1017 1981 1090 τὴν

376 1114 669 1183 ἐγγύτητα
713 1113 815 1181 τῆς
859 1112 1221 1180 συγγενείας,
1260 1109 1596 1181 φοϐηθῶμεν
1629 1109 1701 1180 μή
1735 1125 1820 1172 τις
1839 1110 1981 1162 ἀπο-

373 1207 526 1274 κοπῇ
577 1203 670 1257 τοῦ
711 1202 968 1272 σώματος
998 1201 1220 1265 τούτου,
1266 1201 1340 1271 μή
1388 1217 1471 1263 τις
1518 1198 1754 1269 ἐκπέσῃ,
1794 1198 1868 1268 μή
1897 1213 1984 1260 τις

375 1293 607 1359 ἀνάξιος
669 1295 834 1362 φανῇ.
870 1292 934 1344 Εἰ
963 1289 1203 1360 διάδημά
1260 1306 1343 1352 τις
1389 1288 1547 1360 ήμῶν
1591 1286 1888 1357 περιέθηκε
1913 1289 1980 1356 τῇ

376 1382 620 1453 κεφαλῇ,
645 1381 910 1448 στέφανον
933 1379 1191 1452 χρυσοῦν,
1209 1373 1319 1450 ἆρα
1343 1377 1444 1430 οὐκ
1465 1377 1530 1430 ἂν
1546 1377 1723 1430 πάντα
1750 1374 1986 1446 ἐπράξα-

381 1486 508 1538 μεν,
525 1469 668 1522 ῶστε
684 1468 795 1520 τῶν
818 1464 1466 1537 ἀψύχωνλίθωνόφθῆναι
1498 1463 1638 1528 ἄξιοι
1667 1481 1680 1529 ;
1711 1464 1826 1517 Νῦν
1844 1463 1898 1516 δὲ
1924 1464 1984 1516 ού

374 1558 625 1627 διάδημα
657 1556 819 1628 ἡμῶν
855 1556 1167 1626 περίκειται
1205 1556 1271 1625 τῇ
1311 1553 1558 1623 κεφαλῇ,
1593 1553 1730 1606 ἀλλά
1772 1553 1985 1623 κεφαλὴ

379 1646 545 1716 ἡμῶν
567 1646 794 1714 γέγονεν
810 1646 838 1698 ό
854 1645 1110 1716 Χριστὸς,
1130 1644 1267 1711 ὅπερ
1290 1643 1408 1695 ἐστὶ
1435 1643 1641 1712 μεῖζον,
1669 1643 1764 1695 καὶ
1799 1642 1987 1695 οὐδένα

379 1733 543 1802 λόγον
569 1733 900 1802 ποιούμεθα.
939 1733 1080 1786 Ἀλλ’
1112 1731 1341 1800 ἄγγελοι
1378 1731 1479 1802 μὲν
1511 1731 1680 1802 αὐτὴν
1710 1731 1985 1784 αἰδοῦνται

382 1824 481 1877 καὶ
537 1823 876 1895 ἀρχάγγελοι
932 1823 1027 1874 καὶ
1086 1822 1260 1874 πᾶσαι
1313 1821 1518 1873 ἐκεῖναι
1573 1820 1630 1873 αἱ
1678 1818 1980 1889 δυνάμειςο

383 1915 550 1982 ἡμεῖς
581 1912 656 1974 δὲ,
685 1912 735 1965 οἱ
775 1911 938 1981 σῶμα
970 1906 1137 1962 αὐτοῦ
1171 1908 1347 1972 ὅντες,
1371 1905 1496 1961 οὔτε
1525 1907 1615 1960 διὰ
1646 1906 1827 1972 τοῦτο,
1859 1906 1984 1961 οῦτε

389 2001 460 2054 δι’
517 2003 692 2054 ἐκεῖνο
741 1997 1184 2070 αίδεσθησόμεθα
1216 2016 1231 2066 ;
1269 1997 1366 2052 καὶ¹
1405 1997 1491 2061 τίς
1517 1998 1652 2068 ἡμῖν
1684 1995 1840 2050 ἔσται
1875 2013 1984 2050 σω-

393 2091 590 2159 τηρίας
613 2089 806 2154 ἐλπίς;

473 2221 675 2275 Ἐννόει
705 2221 798 2275 τὸν
819 2220 1011 2293 θρόνον
1045 2219 1136 2274 τὸν
1157 2216 1462 2289 βασιλικὸν,
1487 2216 1662 2270 ἐννόει
1686 2215 1787 2285 τῆς
1817 2215 1985 2286 τιμῆς

385 2309 488 2380 τὴν
551 2310 862 2382 ὑπερϐολήν
892 2327 906 2340 ·
941 2309 1100 2363 τοῦτο
1123 2309 1218 2361 καὶ
1251 2307 1502 2379 γεέννης,
1529 2305 1648 2378 [⁸21]
1683 2307 1737 2359 et
1757 2321 1819 2374 γε
1856 2303 1985 2374 βου-

383 2399 640 2469 λοίμεθα,
693 2399 896 2470 μᾶλλον
952 2399 1100 2470 ἡμᾶς
1149 2396 1386 2467 φοϐῆσαι
1429 2395 1743 2467 δυνήσεται.
1776 2394 1838 2447 Et
1876 2391 1986 2463 γὰρ

389 2490 466 2558 μὴ
501 2489 702 2555 γέεννα
739 2483 808 2557 ἦν
831 2527 845 2550 ,
871 2487 933 2539 τὸ
966 2485 1304 2555 τιμηθέντας
1337 2483 1610 2554 τοσαύτην
1631 2482 1818 2553 τιμὴν,
1850 2482 1985 2534 ἀναο

384 2575 535 2642 ξίους
579 2576 874 2648 εὑρεθῆναι
907 2576 1003 2628 καὶ
1053 2574 1279 2638 κακοὺς,
1306 2571 1429 2625 τίνα
1456 2573 1558 2625 οὐκ
1583 2571 1648 2625 ἂν
1683 2571 1797 2640 ἔχοι
1824 2570 1986 2622 κόλα-

385 2683 496 2730 σιν,
527 2665 650 2718 τίνα
686 2664 992 2734 τιμωρίαν;
1041 2663 1326 2733 Ἐννόησον
1355 2661 1500 2724 τίνος
1521 2661 1687 2728 ἐγγὺς
1709 2662 1742 2730 ὴ
1771 2657 1984 2728 κεφαλή

387 2769 487 2805 σου
539 2751 820 2821 κάθηται·
853 2750 1014 2804 τοῦτο
1074 2749 1233 2820 μόνον
1304 2749 1400 2801 καὶ
1444 2747 1660 2818 ἀπόχρη
1697 2745 1835 2816 πρὸς
1876 2747 1987 2798 πᾶν

382 2840 570 2894 ὁτιοῦν
593 2839 774 2904 ’τίνος
808 2841 865 2892 ἐν
887 2837 1036 2908 δεξιᾷ
1071 2838 1300 2908 ἵδρυται.
1340 2835 1480 2888 Ἀλλ’
1506 2834 1647 2905 αῦτη
1687 2834 1787 2906 μὲν
1820 2834 1989 2906 ὑπερ-

384 2929 506 2980 άνω
553 2927 740 2996 πάσης
790 2928 966 2997 ἀρχῆς
1006 2925 1098 2978 καὶ
1128 2924 1378 2991 ἐξουσίας
1434 2924 1532 2977 καὶ
1575 2923 1895 2993 δυνάμεως⁸
1929 2923 1989 2974 τὸ

383 3016 442 3067 δὲ
475 3013 687 3085 ταύτης
716 3013 877 3085 σῶμα
919 3014 1014 3067 καὶ
1051 3012 1156 3066 ὑπὸ
1187 3001 1785 3082 δαιμόνων’πατεῖται;
1827 3009 1989 3064 Ἀλλά

389 3103 466 3172 μὴ
491 3102 708 3170 γένοιτο
740 3119 752 3130 ·
785 3103 833 3154 εί
872 3102 983 3172 γὰρ
1013 3099 1224 3169 γένοιτο
1243 3140 1258 3163 ,
1301 3099 1402 3152 ούκ
1433 3099 1500 3152 ἂν
1531 3099 1616 3170 εἴη
1646 3098 1708 3151 τὸ
1747 3098 1988 3153 τοιοῦτον

389 3191 558 3262 σῶμα
582 3191 794 3244 λοιπόν.
827 3191 939 3262 Τὴν
964 3190 1208 3261 κεφαλήν
1245 3207 1339 3243 σου
1373 3190 1468 3243 καὶ
1494 3191 1541 3242 οί
1569 3189 1989 3260 εὐδοκιμοῦντες

385 3281 500 3333 τῶν
546 3279 752 3333 δούλων
788 3279 1131 3350 πεφρίκασι,
1175 3278 1270 3331 καὶ
1308 3278 1372 3332 τὸ
1406 3278 1566 3348 σῶμα
1609 3281 1720 3342 τοῖς
1747 3295 1988 3349 προσκε-

385 3369 690 3440 κρουκόσιν
714 3368 1042 3428 ὑποϐάλλεις
1067 3385 1082 3433 ;
1117 3369 1215 3421 καὶ
1256 3371 1428 3436 πόσης
1459 3368 1561 3421 ούκ
1581 3366 1681 3441 ἔσῃ
1708 3367 1991 3433 κολάσεως

385 3456 579 3524 ἄξιο;;
618 3457 684 3511 Εἰ
712 3475 796 3520 τις
819 3457 947 3520 τοὺς
971 3457 1141 3520 πόδας
1166 3456 1262 3510 τοῦ
1299 3455 1569 3526 βασιλέως
1599 3455 1798 3520 κλοιοῖς
1828 3474 1988 3526 περι-

386 3547 550 3599 ϐάλοι
581 3546 677 3599 καὶ
712 3546 901 3610 πέδαις
927 3586 942 3608 ,
973 3542 1084 3617 ἆρα
1108 3546 1228 3616 ούχὶ
1255 3545 1354 3614 τῆς
1384 3544 1620 3614 ἐσχάτης
1641 3544 1797 3614 δίκης
1819 3545 1990 3598 ὑπεύ-

388 3635 555 3698 Θυνος
605 3634 762 3689 ἔσται
788 3653 802 3698 ;
833 3636 906 3688 Σὺ
932 3635 1054 3688 ὅλον
1087 3634 1150 3689 τὸ
1179 3635 1340 3705 σῶμα
1371 3634 1584 3704 θηρίοις
1614 3634 1990 3707 παραϐάλλεις

390 3724 688 3795 χαλεποῖς,
710 3723 810 3778 καὶ
832 3723 895 3776 ού
935 3723 1220 3793 φρίττεις;
1259 3722 1400 3776 Ἀλλ’
1428 3722 1618 3793 ἐπειδὴ
1650 3725 1778 3794 περὶ
1807 3723 1993 3794 σώμαι

401 3830 498 3876 τος
536 3813 823 3885 Κυριακοῦ
863 3816 892 3867 ό
929 3813 1111 3881 λόγος,
1147 3813 1302 3884 φέρε,
1334 3815 1429 3866 καὶ
1465 3814 1594 3884 περὶ
1620 3814 1832 3866 ἐκείνου
1859 3831 1992 3885 μνη-

392 3901 754 3970 μονεύσωμεν
776 3944 788 3964 ,
817 3901 913 3954 τοῦ
942 3902 1368 3971 σταυρωθέντος,
1395 3900 1489 3954 τοῦ
1521 3902 1988 3972 προσηλωθέντος,

386 3989 488 4043 τοῦ
533 3989 826 4059 θυομένου.
858 3991 920 4043 Εἰ
951 3990 1114 4061 σῶμα
1169 3985 1222 4042 εί
1279 3989 1375 4042 τοῦ
1416 3989 1688 4060 Χριστοῦ,
1720 3990 1855 4060 φέρε
1900 3991 1992 4043 τὸν

389 4078 631 4147 σταυρόν
667 4095 680 4106 ·
710 4078 808 4130 καὶ
837 4079 946 4149 γὰρ
974 4080 1184 4140 ἐκεῖνος
1221 4077 1423 4147 ἤνεγκε
1447 4093 1460 4106 ·
1491 4077 1623 4148 φέρε
1659 4079 1991 4148 ἐμπτύσμα-

385 4184 484 4222 τα,
515 4165 653 4235 φέρε
687 4166 1041 4234 ῥαπίσματα,
1073 4164 1207 4235 φέρε
1231 4165 1416 4235 ἥλους.
1453 4165 1709 4219 Τοιοῦτον
1737 4168 1912 4220 ἐκεῖνο
1932 4166 1992 4220 τὸ

390 4254 562 4322 σῶμα
593 4249 681 4323 ἦν.
714 4253 789 4304 Τὸ
813 4252 973 4322 σῶμα
1003 4254 1180 4305 ἐκεῖνο
1209 4251 1599 4322 ἀναμάρτητον
1631 4248 1699 4323 ἦν
1728 4269 1741 4283 ’
1781 4255 1992 4323 Ἀμαρ-

389 4343 532 4395 τίαν
558 4344 688 4410 γὰρ,
723 4343 908 4412 φησὶν,
946 4343 1058 4394 οὐκ
1086 4341 1396 4408 ἐποίησεν,
1431 4340 1574 4395 οὐδὲ
1597 4342 1776 4408 δόλος
1813 4343 1882 4396 ἐν
1911 4343 1992 4410 τῷ

385 4433 649 4496 στόματι
677 4431 865 4485 αὑτοῦ
899 4429 1115 4498 εὑρέθη
1141 4447 1154 4459 ·
1189 4433 1242 4483 αἱ
1272 4433 1452 4502 χεῖρες
1480 4431 1648 4484 αὑτοῦ
1669 4433 1808 4504 πρὸς
1834 4435 1991 4506 εὔερ-

386 4521 592 4588 γεσίαν
659 4520 877 4574 ἅπαντα
918 4520 1186 4588 ἔπραττον
1227 4521 1336 4573 τῶν
1371 4521 1648 4590 δεομένων
1674 4539 1687 4552 ο
1724 4522 1879 4578 οὐδὲν
1930 4525 1992 4578 τὸ

389 4610 578 4679 στόμα
637 4609 865 4673 ἐξέϐαλε
922 4610 1033 4662 τῶν
1081 4611 1142 4662 ού
1201 4611 1594 4680 προσηκόντων
1628 4627 1640 4639 ·
1675 4613 1994 4681 Δαιμόνιον

386 4700 582 4764 ἔχεις,
641 4698 867 4767 ῆκουσε,
902 4697 995 4749 καὶ
1050 4697 1204 4750 ούδέν
1252 4699 1529 4752 ἀντεῖπεν.
1578 4697 1732 4752 Ἐπεὶ
1779 4701 1833 4754 δέ
1865 4702 1993 4772 περὶ

390 4783 655 4853 σώματος
687 4784 819 4850 ἡμῖν
848 4784 874 4834 ὁ
910 4781 1087 4849 λόγος,
1124 4782 1239 4834 ὅσοι
1263 4783 1566 4853 μετέχομεν
1587 4783 1680 4836 τοῦ
1714 4783 1989 4855 σώματος,

386 4868 512 4920 ὅσοι
551 4865 648 4920 τοῦ
681 4866 915 4935 αἵματος
954 4865 1346 4936 ἀπογευόμεθα
1376 4867 1568 4920 τούτου
1597 4909 1610 4933 ,
1645 4870 1880 4922 ἐννοεῖτε
1910 4872 1991 4923 ὅτι

384 4955 492 5008 τοῦ
530 4955 700 5026 μηδὲν
730 4956 942 5007 ἐκείνου
983 4955 1336 5027 διαφέροντος
1376 4956 1496 5009 ούδέ
1535 4957 1824 5022 διεστῶτος
1870 4977 1994 5030 μετ-

386 5043 600 5113 έχομεν
621 5043 757 5113 πρδς
793 5042 1030 5112 μετοχὴν
1050 5049 1094 5105 ⁸,
1121 5043 1204 5096 ὅτι
1232 5042 1444 5094 ἐκείνου
1475 5041 1567 5095 τοῦ
1600 5043 1713 5096 ἄνω
1740 5043 1993 5114 καθημέ-

388 5149 512 5194 νου,
556 5129 654 5182 τοῦ
697 5130 1176 5202 προσκυνουμένου
1230 5123 1382 5201 παρὰ
1445 5131 1715 5198 ἀγγέλων,
1747 5132 1843 5186 τοῦ
1893 5135 1993 5204 τῆς

385 5221 686 5291 ἀκηράτου
733 5220 1020 5289 δυνάμεως
1085 5220 1276 5287 ἐγγὺς,
1341 5218 1534 5272 τούτου
1583 5221 1989 5292 ἁπογευόμεθα.

385 5309 588 5378 Οἵμοι,
617 5305 785 5359 πόσαι
816 5306 954 5376 πρὸς
991 5305 1270 5378 σωτηρίαν
1301 5307 1432 5376 ἡμῖν
1453 5307 1598 5361 όδοίί
1641 5309 1808 5378 Σῶμα
1844 5313 1994 5381 ἡμᾶς

386 5395 600 5452 ἑαυτοῦ
633 5394 882 5466 ἐποίησε,
909 5392 1070 5465 σῶμα
1098 5396 1229 5466 ἡμῖν
1250 5394 1312 5447 τὸ
1341 5395 1538 5448 ἐαυτοῦ
1572 5397 1868 5466 μετέδωκε,
1899 5399 1994 5452 καὶ

382 5484 549 5538 οὐδὲν
594 5481 803 5536 τούτων
859 5483 1009 5552 ἡμᾶς
1055 5481 1360 5553 ἀποτρέπει
1408 5483 1516 5536 τῶν
1559 5485 1767 5539 κακῶν.
1808 5488 1870 5538 Ὢ
1898 5489 1992 5541 τοῦ

384 5575 628 5635 σκότους
650 5612 663 5634 ,
699 5573 794 5624 καὶ
823 5571 919 5624 τοῦ
960 5570 1124 5641 βυθοῦ
1151 5570 1247 5622 τοῦ
1281 5570 1481 5624 πολλοῦ
1511 5574 1522 5625 !
1557 5571 1601 5625 ῶ
1629 5575 1727 5642 τῆς
1752 5576 1989 5648 ἀναλγηο

386 5663 550 5723 σίαςί
592 5662 664 5715 ra
681 5662 826 5726 ἄνω,
855 5661 1011 5729 φησὶ,
1041 5659 1338 5728 φρονεῖτε,
1367 5655 1438 5715 οὗ
1469 5663 1502 5714 ό
1534 5664 1789 5730 Χριστός
1818 5665 1992 5720 ἐστιν

455 5921 479 5946 ι
511 5906 693 5966 Verba,
746 5907 865 5969 πρὸς
915 5907 1320 5982 μετοχήνηιόειε
1367 5906 1567 5958 inclusit
1615 5907 1766 5959 εει-Η.
1817 5919 1869 5961 ut
1907 5927 1991 5962 su-

383 5979 588 6033 Specta.

2085 483 2156 535 ἐν
2206 484 2376 554 δεξιᾷ
2427 489 2530 542 τοῦ
2594 491 2743 545 Θεοῦ
2796 491 3134 561 καθήμενος
3163 511 3176 524 ·
3205 494 3296 549 καὶ
3327 495 3463 564 μετᾶ
3500 495 3675 550 ταῦτα

2086 574 2389 643 χρημάτων
2427 579 2777 646 φροντίζουσί
2806 596 2952 644 τινες
2973 621 2988 646 ,
3015 582 3194 652 ἕτεροι
3220 583 3326 636 ὑπὸ
3355 583 3464 638 τῶν
3485 585 3677 638 παθῶν

2087 677 2419 718 αλισκονται.

2152 751 2218 804 δ’.
2251 753 2363 824 Οὐχ
2393 755 2581 824 ὁρᾶτε,
2607 757 2686 809 ὅτι
2710 761 2804 811 καὶ
2828 759 2884 812 ἐν
2915 759 2994 831 τῷ
3029 760 3246 830 σώματι
3275 759 3353 832 τῷ
3394 761 3674 833 ἡμετέρῳ,

2091 836 2113 850 ..
2279 842 2297 868 ι
2480 840 2503 858 τ
2767 849 2776 862 .
2891 850 2902 866 ι

2089 853 2188 891 οσα
2234 861 2335 911 μεν
2385 843 2506 918 ἄνη
2556 862 2791 917 περιττα
2820 867 2913 901 και
2966 852 3236 921 ἄχρηστα,
3273 851 3677 922 ἀποτέμνεται,

2087 932 2516 1002 περικόπτεται;
2546 937 2637 987 καὶ
2668 936 2820 988 οὐδὲν
2853 937 3065 1008 κέρδος,
3098 939 3180 991 ὅτι
3216 939 3408 1006 γέγονε
3428 938 3522 992 τοῦ
3561 940 3673 992 σῶ-

2091 1037 2280 1088 ματος,
2331 1021 2463 1074 ὅταν
2525 1025 2929 1094 πεπηρωμένον
2961 1021 3017 1098 ᾗ,
3049 1028 3177 1079 ὅταν
3238 1027 3680 1097 νενεκρωμένον,

2087 1107 2216 1162 ὅταν
2264 1111 2524 1179 σεσηπὸς,
2559 1114 2688 1166 ὅταν
2737 1113 2831 1165 καὶ
2880 1114 2958 1184 τῷ
2987 1114 3161 1184 λοιπῷ
3180 1114 3514 1187 λυμαίνηται
3541 1133 3556 1182 ;
3586 1117 3679 1186 Μὴ

2087 1195 2269 1248 τοίνυν
2296 1196 2614 1269 θαρρῶμεν,
2647 1201 2728 1253 ὅτι
2755 1201 3065 1272 γεγόναμεν
3100 1201 3248 1268 ἅπαξ
3275 1203 3366 1256 τοῦ
3404 1204 3679 1275 σώματος.

2089 1284 2150 1337 Εἰ
2179 1285 2233 1337 δὲ
2270 1285 2332 1338 τὸ
2358 1288 2517 1357 σῶμα
2544 1287 2702 1341 τοῦτο
2739 1290 2968 1358 φυσικὸν
2989 1289 3068 1355 ὅν,
3099 1292 3250 1359 ὅμως
3284 1292 3681 1362 ἀποτέμνεται,

2089 1377 2156 1429 τὰ
2185 1375 2287 1446 τῆς
2316 1378 2694 1447 προαιρέσεως
2725 1377 2790 1430 ἂν
2829 1380 2904 1450 μὴ
2941 1380 3098 1452 μένῃ,
3124 1381 3174 1433 τί
3196 1381 3254 1433 οῦ
3289 1380 3537 1434 πείσεται
3571 1381 3681 1434 δει-

2089 1467 2213 1533 νάνὲ
2252 1468 2421 1521 Ὅταν
2455 1469 2531 1538 μὴ
2568 1469 2772 1540 μετέχῃ
2802 1471 2898 1540 τῆς
2939 1471 3149 1541 τροφῆς
3176 1471 3383 1542 ταύτης
3410 1472 3469 1524 τὸ
3498 1473 3682 1542 σῶμα,

2089 1556 2216 1608 ὅταν
2246 1557 2294 1608 οί
2327 1557 2484 1626 πόροι
2534 1557 2886 1628 ἐμφραγῶσι,
2919 1560 3041 1611 τότε
3106 1560 3394 1625 νεκροῦται
3418 1576 3432 1590 ο
3461 1561 3591 1612 ὅταν
3631 1564 3678 1612 οί

2087 1644 2287 1715 ὀχετοὶ,
2301 1647 2423 1698 τότε
2443 1647 2732 1716 πηροῦται.
2750 1647 2906 1701 Οῦτω
2925 1649 3017 1702 καὶ
3036 1651 3198 1718 ἡμεῖς
3212 1651 3339 1702 ὅταν
3359 1649 3683 1717 ἁποφράξω-

2091 1750 2190 1804 μεν
2212 1734 2309 1798 τὰς
2329 1736 2522 1800 ἀκοὰς,
2543 1736 2812 1808 πηροῦται
2843 1737 3000 1808 ἡμῶν
3029 1740 3061 1807 ἡ
3288 1739 3416 1790 ὅταν
3442 1741 3515 1808 μὴ
3555 1755 3684 1808 μετ-

2089 1823 2305 1894 έχωμεν
2329 1823 2442 1897 [22]
2475 1825 2576 1894 τῆς
2600 1828 2980 1897 πνευματικῆς
3007 1829 3235 1897 τροφῆς,
3268 1826 3398 1879 ὅταν
3425 1825 3684 1896 πονηρίαι

2087 1914 2236 1976 τινὲς
2259 1915 2381 1968 ἀντὶ
2429 1917 2623 1986 χυμῶν
2655 1917 3072 1989 διεφθαρμένων
3103 1918 3254 1986 ἡμᾶς
3284 1915 3683 1986 λυμαίνωνται,

2088 2003 2272 2056 πάντα
2303 2005 2476 2057 ταίτα
2518 2004 2695 2057 τίκτει
2730 2005 2825 2074 τὴν
2853 2007 3004 2058 νόσον
3040 2003 3306 2076 χαλεπὴν,
3337 2005 3492 2057 νόσον
3523 2021 3689 2074 τηκε-

2085 2092 2210 2146 δόνα
2246 2093 2272 2132 b
2300 2092 2679 2164 ἐργαζομένην
2715 2107 2727 2120 ·
2762 2095 2856 2146 καὶ
2895 2094 3147 2165 δεήσεται
3193 2094 3290 2146 τοῦ
3347 2093 3519 2164 πυρὸς
3549 2093 3688 2146 ἐκείο

2086 2199 2178 2234 νου
2238 2180 2450 2246 λοιπὸν,
2485 2181 2739 2253 δεήσεται
2796 2182 2895 2236 τοῦ
2945 2181 3377 2253 διχοτομηθῆναι
3439 2181 3515 2234 Οὐ
3574 2181 3686 2253 γὰρ

2087 2272 2343 2343 ἀνέχεται
2405 2275 2543 2342 μετά
2600 2272 2844 2327 τοιούτου
2893 2273 3147 2344 σώματος
3180 2273 3450 2328 εἰσελθεῖν
3483 2275 3564 2337 εἰς
3593 2273 3686 2327 τὸν

2087 2361 2355 2432 νυμφῶνα
2385 2364 2412 2414 ὸ
2449 2364 2704 2434 Χριστός.
2736 2365 2798 2416 Et
2826 2363 2916 2416 τὸν
2970 2364 3161 2434 ἱμάτια
3218 2364 3442 2435 ῥυπαρά
3471 2363 3687 2416 ἐνδεδυ-

2091 2451 2250 2520 μένον
2284 2454 2540 2524 ἀπήγαγε
2585 2454 2679 2507 καὶ
2721 2454 2942 2519 ἐξέϐαλε
2965 2495 2979 2519 ,
3010 2454 3101 2508 τὸν
3145 2453 3223 2525 τῷ
3254 2454 3470 2523 σώματι
3513 2452 3687 2524 ῥύπον

2087 2542 2449 2610 προστιθέντα
2477 2544 2528 2596 τί
2550 2543 2650 2597 οὐκ
2681 2544 2973 2614 ἐργάσεται
3007 2561 3021 2608 ;
3057 2543 3108 2596 τί
3131 2544 3191 2596 ού
3226 2543 3472 2613 διαθήσει
3507 2559 3522 2608 ;

2160 2630 2396 2695 Πολλοὺς
2440 2631 2550 2702 όρῶ
2585 2633 2712 2694 τοὺς
2745 2630 2996 2702 σώματος
3032 2631 3125 2684 τοῦ
3155 2631 3394 2701 Χριστοῦ
3428 2630 3689 2701 μετέχον-

2086 2739 2185 2784 τας
2215 2720 2402 2783 άπλῶς
2435 2722 2528 2773 καὶ
2558 2720 2634 2783 ὡς
2663 2720 2949 2790 ἐτυχε,καὶ
2970 2719 3230 2791 συνηθείᾳ
3251 2720 3451 2790 μᾶλλον
3476 2722 3571 2772 καὶ
3601 2719 3690 2772 νό-

2091 2827 2195 2878 μῳ,
2222 2809 2254 2879 ἢ
2294 2808 2541 2879 λογισμῷ
2570 2811 2662 2861 καὶ
2687 2809 2916 2880 διανοίᾳ.
2949 2811 3045 2861 Ἂν
3065 2810 3286 2879 ἐπιστῇ,
3317 2810 3506 2878 φησὶν,
3530 2809 3558 2860 ὁ
3589 2810 3688 2877 τῆς

2087 2899 2250 2969 ἁγίας
2281 2898 2740 2969 Τεσσαρακοστῆς
2798 2899 3006 2968 καιρὸς,
3037 2893 3148 2963 οἷος
3197 2894 3358 2970 ὲάνῄ
3404 2915 3508 2964 τις,
3551 2914 3684 2968 μετ-

2088 2989 2201 3060 έχει
2232 2989 2339 3042 τῶν
2374 2989 2708 3059 μυστηρίων,
2740 2987 2805 3041 ἂν
2833 2991 3028 3058 ἐπιστῇ
3062 2989 3093 3058 ἡ
3137 2986 3246 3041 τῶν
3292 2988 3627 3058 Ἐπιφανίων
3659 2997 3683 3026 ο

2089 3078 2294 3149 ἡμέρα.
2337 3080 2534 3130 Καίτοι
2582 3077 2780 3148 καιρὸς
2830 3077 2890 3130 ού
2927 3077 3086 3130 τοῦτο
3119 3075 3388 3148 προσόδου
3427 3093 3440 3105 '
3471 3077 3531 3128 ού
3577 3074 3687 3145 γάρ

2101 3166 2413 3237 Ἐπιφάνια,
2429 3168 2548 3220 ούδέ
2567 3166 2995 3238 Τεσσαρακοστὴ
3026 3168 3172 3218 ποιεῖ
3188 3166 3374 3230 ἀξίους
3390 3165 3485 3218 τοῦ
3514 3181 3688 3234 προσ-

2093 3256 2252 3316 ιέναι,
2291 3256 2426 3309 ἀλλὰ
2463 3256 2642 3326 ψυχῆς
2679 3255 3002 3326 εἰλικρίνεια
3045 3255 3140 3308 καὶ
3182 3252 3690 3326 καθαρότης.Μετ5ι

2090 3345 2298 3415 ταύτης
2325 3345 2414 3398 ἀεὶ
2447 3345 2691 3415 πρόσιθι,
2725 3345 2894 3415 χωρὶς
2927 3343 3130 3414 ταύτης
3167 3342 3459 3415 μηδέποτε.
3504 3343 3686 3396 Ὀσάο

2090 3450 2184 3499 κις
2241 3432 2558 3502 γίιρ,φησὶ,
2619 3431 2800 3486 τοῦτο
2857 3430 3101 3496 ποιεῖτε,
3124 3431 3234 3485 τὸν
3265 3431 3530 3485 θάνατον
3581 3430 3689 3484 τοῦ

2090 3522 2312 3590 Κυρίου
2387 3519 2858 3589 καταγγέλλων
2935 3518 3216 3573 τουτέστιν
3247 3561 3262 3586 ,
3342 3519 3687 3590 ’Υπόμνησιν

2092 3613 2298 3664 ποιεῖτε
2343 3610 2442 3680 τῆς
2475 3609 2752 3679 σωτηρίας
2796 3609 2895 3678 τῆς
2934 3608 3077 3679 ὑπὲρ
3124 3607 3300 3678 ὑμῶν,
3338 3607 3439 3678 τῆς
3464 3608 3690 3678 εὐεργε-

2093 3701 2214 3762 σίας
2266 3699 2367 3770 τῆς
2394 3699 2556 3770 ἐμῆς.
2589 3698 2896 3768 Ἐννόησον,
2935 3697 2985 3751 οί
3013 3697 3112 3767 τῆς
3146 3697 3338 3760 θυσίας
3365 3697 3689 3768 μετέχοντες

2091 3791 2188 3860 τῆς
2223 3789 2459 3852 παλαιᾶς
2503 3789 2646 3859 πόσῃ
2682 3787 2980 3858 ἐκέχρηντο
3028 3789 3094 3858 τῆ
3135 3787 3327 3857 φειδοῖ.
3365 3787 3431 3840 Τί
3457 3786 3568 3858 γὰρ
3591 3787 3691 3840 οὐκ

2091 3879 2358 3950 ἔπραττον
2385 3895 2398 3945 ;
2430 3878 2481 3930 τί
2516 3877 2572 3930 δέ
2603 3879 2703 3930 οὐκ
2731 3876 2951 3929 ἐποίουν
2977 3893 2992 3941 ;
3034 3877 3273 3929 Πάντοτε
3306 3875 3687 3947 ἐκαθαίροντοο

2093 3971 2157 4021 σὺ
2195 3969 2250 4022 δὲ
2280 3967 2442 4039 θυσία
2475 3964 2718 4039 προσιὼν
2751 3966 2818 4037 ἣν
2846 3967 2939 4020 καὶ
2972 3965 3194 4035 ἄγγελοι
3220 3967 3530 4037 φρίττουσι,
3563 3983 3692 4018 και-

2096 4059 2203 4130 ρῶν
2253 4057 2524 4128 περιόδοις
2565 4056 2626 4109 τὸ
2653 4057 2886 4128 πρᾶγμα
2923 4053 3160 4126 όρίζειςς
3201 4054 3295 4108 καὶ
3331 4054 3448 4118 πῶς
3512 4073 3692 4124 παρα-

2094 4149 2266 4219 στήσῃ
2311 4146 2388 4218 τῷ
2432 4147 2637 4218 βήματι
2677 4145 2770 4199 τοῦ
2811 4145 3073 4215 Χριστοῦ,
3111 4147 3338 4214 μιαραίς
3385 4145 3544 4214 χερσὶ
3595 4145 3691 4196 καὶ

2093 4237 2299 4308 χείλεσι
2345 4236 2705 4306 κατατολμῶν
2738 4235 2902 4288 αὑτοῦ
2937 4234 3032 4288 τοῦ
3063 4234 3356 4304 σώματοςς
3390 4234 3497 4286 Καὶ
3534 4233 3696 4303 βασι-

2093 4325 2190 4378 λέα
2245 4325 2344 4396 μὲν
2392 4325 2494 4378 οὐκ
2551 4324 2617 4378 ἂν
2669 4325 2812 4378 ἕλοιο
2871 4323 3260 4393 καταφιλῆσαι,
3294 4321 3550 4385 ὀδωδότος
3593 4336 3699 4375 σου.

2093 4412 2188 4467 τοῦ
2223 4414 2492 4483 στόματος
2512 4430 2525 4444 ο
2559 4414 2652 4466 τὸν
2679 4412 2738 4464 δὲ
2765 4412 3004 4466 Βασιλέα
3025 4412 3117 4464 τοῦ
3145 4410 3377 4482 ούρανοῦ
3412 4412 3558 4481 ψυχῇ
3594 4428 3694 4465 κα-

2094 4504 2343 4572 ταφιλεῖς
2385 4503 2651 4576 ὀδωδυίας
2694 4503 2897 4575 ’Ὕϐρις
2943 4503 3004 4556 τὸ
3054 4502 3291 4574 πρᾶγμά
3343 4503 3511 4556 ἐστιν.
3552 4501 3690 4554 Εἰπέ

2098 4612 2210 4665 μοι,
2248 4591 2356 4666 ἆρα
2409 4594 2475 4646 ἂν
2512 4592 2654 4646 ἕλοιο
2683 4593 2871 4664 χερσὶν
2919 4591 3164 4654 ἀνίπτοις
3202 4594 3266 4661 τῇ
3311 4589 3472 4660 θυσία
3522 4607 3693 4661 προσ-

2096 4683 2315 4748 ελθεῖν;
2371 4682 2486 4736 Ούκ
2535 4681 2711 4750 ἔγωγε
2756 4678 2909 4750 οἶμαι
2943 4698 2957 4712 ·
2995 4681 3112 4734 ἀλλ’
3153 4681 3363 4743 ἐθέλοις
3422 4679 3490 4734 ἂν
3551 4679 3693 4749 μηδὲ

2096 4771 2234 4834 ὅλως
2300 4770 2698 4841 προσελθεῖν,ἢ
2730 4771 3006 4840 ῥυπαραῖς
3075 4769 3282 4840 χερσίν.
3343 4763 3479 4822 Εἶτα
3525 4768 3584 4820 ἐν
3614 4765 3692 4837 τῷ

2099 4858 2284 4930 μικρῷ
2303 4859 2475 4924 οὕτως
2501 4858 2576 4911 ὣν
2594 4858 2851 4928 εὐλαϐὴς,
2873 4856 3052 4928 ψυχὴν
3076 4857 3218 4928 ἔχων
3236 4855 3492 4927 ῥυπαρὰν
3519 4871 3691 4926 προσ‹

2098 4948 2255 5019 έρχῃ,
2296 4947 2393 5002 καὶ
2432 4948 2698 5002 ἅπτεσθαι
2746 4948 2953 5018 τολμᾷς
2984 4963 3005 5012 ;,
3038 4945 3231 4998 Καίτοι
3285 4945 3390 4998 ὑπὸ
3440 4945 3540 5014 μὲν
3579 4944 3690 4998 τῶν

2097 5036 2300 5108 χειρῶν
2320 5037 2455 5108 πρὸς
2470 5038 2663 5106 καιρὸν
2693 5036 3008 5107 κατέχεται,
3027 5038 3108 5099 είς
3134 5033 3191 5088 δὲ
3223 5034 3440 5101 ἐκείνην
3466 5033 3692 5104 ὀλόκλη-

2101 5142 2194 5195 ρος
2217 5124 2529 5178 ἀναλύεται.
2559 5125 2601 5175 Τ
2608 5125 2623 5176 ί
2657 5124 2712 5177 δέ
2747 5127 2888 5195 ;ούχ
2935 5125 3070 5195 ὁρᾷς
3116 5123 3187 5177 τά
3221 5122 3388 5194 σκεύη
3419 5122 3564 5176 οὕτω
3594 5139 3692 5174 πε-

2102 5213 2515 5286 ρικλυζόμενας
2556 5212 2733 5276 οὕτως
2777 5213 3206 5284 ἀπολάμποντα;
3258 5213 3476 5265 Τούτων
3520 5211 3690 5264 καθα-

2103 5310 2346 5376 ρωτέρας
2407 5305 2539 5374 ἡμῖν
2581 5299 2724 5356 εἶναι
2759 5302 2840 5356 δεῖ
2867 5303 2966 5365 τάς
2991 5303 3192 5374 ψυχὰς,
3229 5301 3432 5355 τούτων
3454 5300 3688 5369 άγιωτέ-

2102 5412 2200 5465 ρας
2244 5394 2338 5448 καὶ
2375 5394 2792 5466 λαμπροτέρας.
2832 5393 2896 5447 Τί
2951 5394 3156 5466 δήποτε
3193 5412 3206 5459 ;
3241 5393 3366 5446 Ὅτι
3407 5394 3591 5445 ἐκεῖνα
3616 5389 3687 5446 δι’

2098 5485 2244 5554 ἡμᾶς
2291 5485 2519 5537 τοιαῦτα
2548 5486 2778 5552 γίνεται.
2821 5485 3037 5537 Ἐκεῖνα
3067 5483 3128 5535 ού
3159 5483 3377 5552 μετέχει
3411 5480 3507 5534 τοῦ
3538 5483 3687 5534 ἐνόν-

2095 5590 2207 5636 τος,
2237 5573 2338 5626 ούκ
2371 5574 2688 5628 αἰσθάνεται
2725 5590 2739 5604 ·
2779 5575 2939 5643 ἡμεῖς
2965 5571 3045 5636 δὲ,
3071 5572 3182 5624 ναί.
3216 5570 3330 5624 Νῦν
3353 5571 3408 5624 δὲ
3443 5570 3678 5641 ῥυπαρῷ

2098 5665 2200 5739 μὲν
2231 5665 2332 5718 ούκ
2362 5663 2425 5718 ἂν
2460 5664 2601 5717 ἕλοιο
2622 5663 2930 5735 χρήσασθαι
2964 5663 3168 5730 σκεύει,
3203 5664 3425 5735 ῥυπαρᾷ.
3451 5662 3506 5715 δὲ
3535 5661 3682 5732 ψυχῇ

2158 5900 2182 5940 ¹’
2210 5914 2369 5961 ίῖοᾶρτ
2396 5926 2526 5959 unus
2553 5916 2603 5957 et.
2629 5921 2782 5969 marg.
2822 5905 2995 5975 ςιιγὶιε,
3021 5907 3276 5975 σηπεδόνα.

2168 5981 2187 6006 ε
2219 5979 2424 6036 Οιιιιιιτιιι
2450 5989 2563 6025 mss.
2597 5980 2648 6022 et
2675 5985 2822 6034 marg.
2854 5972 3028 6030 Sa'.il.,
3053 5972 3325 6030 θεοφαειιων.
