4140 6570
392 445 467 501 '29

395 559 545 613 male
572 560 756 613 olente
787 557 1097 612 dmsculari
1130 557 1403 623 nolueris;
1447 558 1565 613 caeli
1598 569 1779 612 autem
1812 558 2016 625 [legem

390 653 614 709 (αξιοι-ιιιί
640 664 698 707 ει
726 653 867 706 male
892 653 1061 707 olenti
1094 654 1273 706 anima
1306 652 1603 707 oscularis?
1652 652 1707 706 ld
1750 653 1906 722 plane
1938 661 2020 704 cst

391 747 753 802 contumelia.
789 746 886 801 Die
917 745 1072 811 mibi,
1103 746 1345 801 vellesne
1379 744 1447 799 ad
1478 745 1805 800 sacriﬁcium
1841 744 2017 796 mani-

394 843 505 894 bus
533 842 703 895 illatis
734 840 1032 897 accedere?
1062 840 1179 895 Non
1208 840 1436 911 opinor;
1483 839 1577 895 sed
1618 838 1809 894 malles
1842 838 2021 908 potius

394 948 630 1001 prorsus
664 948 771 987 non
802 932 1087 997 accedere,
1118 948 1277 1003 quam
1308 931 1542 987 sordidis
1566 933 1833 986 manibus.
1872 932 2018 985 Itane

394 1040 521 1077 cum
552 1025 605 1078 in
632 1038 692 1081 re
717 1039 881 1094 parva
909 1025 984 1079 sis
1020 1024 1157 1080 adeo
1185 1041 1442 1081 reverens
1472 1034 1527 1079 ct
1559 1025 1866 1096 religiosus,
1898 1040 2017 1080 sor-

396 1116 584 1171 didam
616 1127 672 1171 ct
697 1116 1035 1172 immundam
1067 1117 1275 1173 habens
1299 1118 1560 1185 animam,
1591 1116 1805 1172 accedis
1835 1126 1889 1170 ct
1912 1131 2010 1169 au-

394 1210 499 1263 des
532 1209 806 1279 tangere?
829 1211 990 1282 Atqui
1020 1210 1086 1265 ad
1116 1220 1327 1281 tempus
1349 1210 1565 1281 quidem
1600 1219 1811 1264 tcttetttr
1839 1210 2011 1263 mani-

393 1303 531 1365 lius;
566 1302 620 1355 in
654 1302 803 1356 illaut
842 1312 1025 1359 autent
1059 1313 1201 1357 totus
1222 1314 1276 1358 et
1305 1304 1513 1372 integer
1540 1304 1846 1359 residi-itur.
1873 1303 2009 1371 Quid

337 1394 349 1429 ι
394 1393 567 1448 vero?
612 1409 793 1447 annon
841 1393 999 1450 vides
1051 1410 1177 1448 vasa
1219 1396 1298 1449 sic
1319 1394 1544 1449 abluta?
1575 1395 1712 1450 adeo
1741 1395 1905 1449 nitida
1951 1403 2007 1449 ct

390 1486 723 1555 splendida?
773 1485 866 1541 llis
909 1487 1069 1557 longe
1102 1487 1414 1543 mundiores
1443 1487 1599 1543 nobis
1624 1497 1841 1558 oportet
1886 1502 2008 1542 esse

388 1582 628 1644 animas,
665 1580 747 1633 his
776 1580 1077 1636 sanctiores
1100 1592 1158 1636 et
1187 1582 1605 1651 splendidiores.
1627 1583 1805 1648 Quare
1826 1583 2007 1651 ?Qtto-

388 1674 538 1727 uiam
576 1672 667 1726 illa
705 1682 928 1742 propter
960 1688 1059 1729 nos
1093 1673 1227 1729 fiunt
1262 1675 1409 1729 talia.
1465 1674 1554 1728 Illa
1585 1690 1707 1730 eum
1735 1676 1824 1745 qui
1862 1675 2007 1730 inest

390 1782 499 1818 non
532 1766 880 1835 participant,
913 1780 1019 1819 non
1056 1768 1299 1822 sentiunt
1320 1808 1333 1831 ,
1367 1782 1467 1822 nos
1506 1778 1686 1822 autent
1713 1769 2004 1838 participa-

390 1876 513 1912 tnus
537 1869 591 1913 et
622 1859 917 1925 sentimus.
960 1859 1113 1917 Nune
1151 1870 1331 1916 autem
1363 1876 1488 1916 vase
1517 1862 1733 1933 quidem
1781 1863 2003 1919 sordido

390 1963 448 2005 ct
469 1951 749 2006 immundo
787 1953 865 2007 ttti
901 1954 1163 2019 nolueris,
1196 1953 1411 2009 sordida
1432 1965 1612 2010 autem
1637 1955 1850 2010 accedis
1881 1957 2000 2009 ani-

396 2060 484 2095 ma
508 2043 764 2098 ?.\lultant
801 2045 962 2100 video
991 2046 1066 2101 rei
1099 2047 1535 2116 ina-qualitatem.
1561 2047 1617 2103 ltt
1643 2048 1763 2102 aliis
1784 2049 1997 2120 quidem

393 2136 746 2202 temporibus,
789 2150 915 2190 cum
960 2136 1024 2191 ne
1052 2137 1235 2191 mundi
1258 2137 1476 2208 quidem
1500 2154 1645 2209 sa‘pc
1669 2139 1810 2207 sitis,
1840 2155 1995 2196 acce-

382 2227 545 2289 ditis;
594 2227 647 2281 itt
700 2227 966 2284 l'aschate
1007 2241 1187 2284 atttcm
1236 2231 1447 2285 etiamsi
1498 2232 1716 2302 aliquod
1760 2233 1995 2288 scehtsa

382 2319 537 2372 vobis
563 2319 632 2373 sit
663 2319 963 2375 admissum
988 2363 1001 2379 .
1031 2322 1310 2377 acceditis.
1364 2324 1409 2377 υ
1457 2324 1928 2390 consuetudinem,
1962 2343 1996 2381 0

378 2416 903 2484 pra-sumptiottcttt2
981 2416 1196 2471 Frustra
1246 2430 1329 2473 cst
1373 2419 1745 2488 quotidianmtt
1786 2421 1992 2475 sacriﬁo

372 2509 521 2562 ciunt
549 2551 565 2572 ,
619 2512 817 2563 ltustra
862 2509 1136 2565 adstamus
1163 2509 1317 2564 altati
1349 2529 1361 2564 :
1394 2528 1551 2566 uento
1578 2522 1661 2567 est
1703 2512 1790 2581 ιιιιὶ
1823 2512 1991 2582 parti-

368 2603 540 2671 cipct.
578 2602 703 2657 ll;cc
740 2602 885 2667 dico,
919 2620 1024 2658 non
1054 2615 1109 2659 ttt
1137 2615 1344 2660 temere
1378 2606 1745 2676 participelis,
1797 2607 1893 2661 sed
1935 2616 1992 2663 ttt

369 2709 470 2747 vos
498 2694 695 2764 dignos
728 2695 990 2750 rcddatis.
1035 2695 1152 2751 Non
1182 2713 1241 2751 cs
1264 2698 1458 2769 dignus
1501 2699 1786 2765 sacriﬁcio,
1819 2715 1992 2770 neque

368 2788 833 2858 patticipatiune?
885 2789 1027 2861 Ergo
1079 2805 1180 2845 nec
1237 2806 1418 2860 prece.
1471 2791 1640 2845 Audis
1687 2806 1988 2861 praeconem

365 2892 609 2935 stantem
639 2893 689 2937 ct
719 2882 990 2938 dicctttcttt
1025 2900 1037 2936 :
1074 2883 1396 2953 Quicumque
1422 2884 1541 2939 estis
1570 2885 1621 2938 in
1654 2887 1950 2955 pwnilcntiu
1970 2926 1985 2951 ,

358 2976 528 3028 abite.
577 2977 781 3031 Unities
821 2977 912 3047 qtti
958 2993 1064 3030 non
1098 2977 1606 3049 patticipanl,sttnt
1634 2980 1685 3032 itt
1712 2980 1985 3049 pccnitett-

364 3068 462 3120 tit.
523 3068 581 3122 Si
623 3082 685 3122 cs
730 3084 794 3123 ex
842 3070 906 3123 iis
931 3071 1021 3139 qtti
1052 3081 1173 3124 sunt
1206 3070 1258 3123 itt
1290 3070 1626 3140 pic-nitentia,
1677 3087 1782 3125 ttott
1816 3071 1985 3126 debes

364 3161 699 3231 participare
738 3179 752 3214 :
789 3177 911 3215 nant
940 3162 1029 3232 qui
1064 3179 1169 3216 non
1202 3162 1505 3232 participit,
1527 3173 1606 3218 est
1643 3164 1692 3218 itt
1722 3166 1985 3233 perniten-

365 3256 463 3306 tia.
498 3253 611 3306 (Zur
634 3268 764 3323 ergo
793 3252 946 3319 dicit,
984 3253 1146 3319 .lbitc,
1174 3255 1262 3321 qui
1289 3271 1389 3307 non
1421 3257 1628 3325 potestis
1660 3260 1896 3324 precari;
1927 3268 1983 3312 ιιι

358 3356 551 3399 autent
599 3356 714 3401 stas
765 3345 1147 3415 impudenter?
1215 3350 1282 3400 At
1333 3364 1439 3400 ttott
1488 3362 1547 3402 es
1599 3364 1663 3402 ex
1709 3349 1826 3414 Itis,
1883 3350 1982 3404 scd

358 3457 422 3493 es
486 3440 552 3493 iis
600 3439 687 3508 qui
738 3449 965 3508 possunt
999 3438 1343 3509 participare,
1379 3449 1434 3495 ct
1459 3439 1588 3493 nihil
1633 3441 1833 3494 curas?
1863 3458 1976 3496 rettt

360 3532 501 3588 nihil
534 3548 657 3586 esse
681 3532 883 3601 putas?

438 3626 494 3676 5.
540 3623 858 3687 Considera,
889 3639 1106 3695 qurcso.
1162 3625 1330 3680 Adest
1358 3640 1541 3681 mensa
1572 3630 1713 3697 regia
1739 3670 1753 3693 ,
1784 3628 1981 3683 adsunt

359 3718 541 3783 augt-li
573 3717 967 3783 ministrantes,
1000 3719 1152 3773 adest
1185 3719 1293 3773 Ilex
1330 3720 1463 3790 ipse,
1511 3730 1565 3775 ct
1590 3731 1641 3775 ttt
1683 3731 1794 3777 stas
1839 3725 1979 3778 osci-

361 3813 532 3864 tans?
578 3822 756 3866 vestes
805 3812 900 3865 tthi
942 3823 1070 3866 sunt
1099 3814 1365 3880 sordithc,
1396 3824 1450 3869 ct
1492 3816 1636 3869 nulla
1664 3831 1693 3869 a
1725 3828 1776 3872 te
1822 3818 1977 3888 hujus

362 3904 602 3957 habetur
633 3906 768 3958 ratio
796 3904 818 3957 ?
864 3904 933 3958 At
962 3914 1090 3959 sunt
1122 3904 1375 3960 mundae?
1398 3908 1671 3963 Accumbe
1700 3925 1832 3980 ergo
1855 3953 1869 3976 ,
1924 3922 1979 3967 ει

360 3995 647 4065 μινιίιτίιιιι.
678 3994 834 4050 Venit
860 3996 1102 4066 quotidie
1132 4008 1187 4050 ιιι
1219 3999 1395 4054 videat
1423 4002 1826 4068 accumbentes,
1852 4019 1972 4058 om-

360 4103 461 4141 nes
492 4088 788 4158 alloquitur
822 4105 835 4146 :
868 4099 923 4143 ct
956 4104 1097 4143 nunc
1129 4090 1179 4143 itt
1214 4102 1393 4145 vestra
1436 4091 1566 4147 dicit
1606 4096 1973 4165 conscientia,

357 4180 563 4245 Amici,
596 4182 871 4251 quomodo
903 4182 989 4238 Itic
1019 4183 1173 4238 statis
1204 4200 1309 4262 non
1347 4185 1608 4243 habentes
1644 4198 1846 4244 vestem
1878 4207 1976 4245 nll-

360 4274 585 4343 ptialem
618 4274 837 4343 (.llault.
871 4275 964 4330 29..
1001 4276 1135 4347 19.)“!
1163 4277 1279 4332 Non
1311 4278 1484 4345 dixit,
1506 4280 1615 4335 Cur
1638 4284 1977 4339 accubuisti?

356 4366 459 4422 sed
507 4378 636 4423 ante
672 4369 981 4424 accubitum
1009 4379 1065 4425 ct
1094 4372 1394 4442 ingressum
1426 4389 1550 4429 eum
1581 4374 1710 4429 dicit
1748 4391 1869 4432 esse
1896 4377 1978 4432 itt-

355 4458 584 4529 dignum
615 4475 629 4511 :
661 4475 767 4515 non
798 4461 936 4515 dixit
974 4463 1119 4517 enim
1146 4504 1160 4527 ,
1207 4464 1319 4520 Cur
1344 4466 1681 4523 accubuisti?
1707 4469 1802 4525 sed
1823 4513 1838 4538 ,
1867 4470 1977 4526 Cur

358 4552 621 4606 intrasti?
649 4552 776 4608 llaec
802 4570 933 4625 ergo
966 4571 1108 4611 nunc
1133 4573 1351 4629 quoque
1377 4560 1505 4615 dicit
1523 4561 1677 4617 nobis
1698 4565 1971 4633 omnibus,

357 4643 453 4714 qui
501 4644 849 4715 impudenter
875 4655 930 4701 ct
966 4647 1328 4705 inverecunde
1372 4661 1597 4708 stamus.
1640 4653 1977 4728 Quicumque

358 4736 511 4790 enim
537 4739 922 4809 mysteriorum
947 4751 1154 4795 nonest
1174 4742 1462 4813 particeps,
1490 4745 1536 4799 is
1561 4745 1844 4817 impudens
1870 4758 1977 4805 stat

355 4840 416 4883 et
445 4829 609 4884 nimis
658 4830 937 4887 audacter.
986 4831 1086 4899 Qui
1134 4844 1262 4889 sunt
1309 4835 1360 4889 in
1391 4838 1658 4906 peccatis,
1688 4850 1975 4911 propterea

357 4925 580 4995 priores
610 4924 923 4995 ejiciuntnr.
949 4926 1097 4983 Sicut
1128 4929 1274 4984 enim
1306 4946 1431 4984 cum
1464 4931 1716 4988 dominus
1744 4935 1892 4990 adest
1922 4937 1974 4991 in

357 5033 580 5085 mensa,
613 5034 721 5075 non
748 5030 963 5090 Oportet
983 5022 1177 5079 adesse
1207 5023 1434 5080 famulos
1469 5027 1560 5097 qui
1593 5028 1970 5096 offenderunt,

356 5111 459 5165 sed
506 5112 701 5183 procul
746 5113 1109 5168 amaudantur
1133 5133 1145 5169 :
1172 5116 1240 5169 ita
1277 5115 1362 5172 hic
1402 5134 1616 5189 quoque
1659 5136 1781 5173 cum
1820 5122 1978 5176 effer-

356 5214 452 5259 tur
500 5206 854 5272 sacriﬁcium,
887 5218 942 5261 et
969 5209 1221 5264 Christus
1257 5212 1613 5275 sacrificatur,
1639 5224 1693 5269 et
1721 5218 1836 5269 ovis
1869 5217 1974 5269 llo-

356 5299 598 5356 ntinica:
630 5300 847 5369 quando
874 5302 1132 5370 audieris,
1171 5303 1385 5359 Oremus
1414 5323 1588 5361 omnes
1616 5311 1973 5378 communiter,

356 5392 585 5462 quando
614 5393 816 5447 videris
845 5392 981 5448 trahi
1009 5410 1103 5450 eas
1129 5412 1249 5466 qurc
1290 5397 1341 5453 iu
1373 5399 1528 5453 ostiis
1556 5410 1679 5454 sunt
1700 5402 1936 5455 cortinas
1959 5444 1973 5467 ,

356 5498 492 5539 tunc
519 5486 772 5541 existima
802 5487 992 5541 εωιιιηι
1024 5503 1260 5557 superne
1295 5489 1475 5544 didttei
1497 5532 1513 5556 ,
1559 5502 1615 5547 et
1643 5493 1973 5550 descendere

353 5580 606 5649 angelos.
641 5578 1109 5645 Quemadmodum
1139 5598 1268 5652 ergo
1310 5584 1513 5637 nttlluut
1544 5595 1755 5655 oportet
1779 5586 1972 5642 adesse

352 5690 422 5728 ex
458 5674 525 5725 iis
555 5672 647 5742 qui
692 5673 966 5745 mysteriis
1011 5692 1114 5729 non
1153 5675 1608 5747 suntinitiati,ita
1660 5695 1759 5735 nec
1801 5697 1866 5735 ex
1908 5683 1969 5736 iis

360 5767 458 5836 qui
496 5776 626 5821 sunt
662 5767 854 5823 initiati
885 5778 936 5823 et
967 5768 1193 5824 sordidi.
1232 5769 1321 5826 Dic
1354 5770 1558 5834 mihi,si
1596 5774 1715 5845 quis
1744 5773 1808 5828 ad
1838 5790 1975 5829 ευης

1360 443 1425 500 ΙΝ
1465 442 1683 500 EPIST.
1727 443 1818 498 AD
1859 442 2106 498 FlllES.
2150 448 2304 503 CAP.
2352 449 2389 504 l.
2442 451 2673 509 liUMlL.
2718 453 2805 510 Ill.
3366 484 3367 487 η
3664 462 3735 518 50

2132 560 2329 617 virium
2378 565 2633 621 invitatus
2670 585 2860 625 manus
2907 572 3098 627 laverit
3137 583 3190 631 et
3230 576 3541 630 accubuerit
3582 588 3633 631 et
3665 578 3731 632 ad

2133 669 2374 709 mensam
2424 670 2642 726 paratus
2698 659 2900 727 fuerit,
2953 676 3008 719 et
3055 665 3251 722 deinde
3288 684 3392 721 non
3426 669 3585 723 fuerit
3613 671 3731 738 ejus

2130 746 2421 816 particeps,
2452 764 2632 804 annon
2653 756 2978 810 contumcfia
3010 756 3174 812 afﬁcit
3196 775 3319 813 eum
3346 760 3434 828 qui
3466 761 3731 815 invitavit?

2126 851 2307 891 annon
2339 851 2485 895 esset
2517 843 2708 897 melius
2738 861 2859 899 eum
2891 865 2959 903 ne
2997 851 3231 907 adfuisse
3259 853 3517 922 quidem?
3567 855 3639 907 lla
3674 867 3729 909 tu

2126 941 2341 998 (pioque
2368 931 2586 987 adfuisti
2619 952 2632 987 :
2660 935 2917 1006 hymnum
2951 943 3176 995 catttasti
3200 985 3213 1003 ,
3257 959 3378 997 cum
3402 945 3580 1015 dignis
3609 963 3729 999 om-

2126 1019 2280 1074 nihus
2330 1030 2382 1076 le
2422 1037 2482 1077 cs
2532 1026 2807 1093 professus
2833 1071 2848 1093 ,
2888 1045 2953 1084 eo
2996 1032 3139 1101 quod
3181 1048 3303 1088 emn
3339 1034 3571 1105 indignis
3617 1053 3725 1091 non

2124 1113 2416 1168 recesseris
2442 1132 2455 1168 :
2479 1118 2754 1185 quomodo
2789 1122 3029 1177 mansisti
3059 1134 3113 1177 et
3151 1140 3352 1181 mensa:
3383 1141 3487 1180 non
3515 1142 3574 1181 es
3603 1143 3725 1196 par-

2124 1203 2331 1275 ticeps?
2377 1206 2546 1275 Sunt,
2592 1210 2801 1280 inquit,
2853 1214 3125 1285 indiguus.
3189 1216 3331 1289 Ergo
3376 1220 3461 1273 illa
3507 1235 3723 1289 quopte

2119 1297 2500 1354 counnunione
2530 1309 2583 1355 et
2610 1305 2868 1359 societate
2912 1322 3033 1375 qua:
3072 1318 3156 1362 est
3187 1308 3240 1362 itt
3274 1311 3524 1379 precibus
3546 1327 3609 1367 es
3634 1312 3718 1367 itt-

2118 1386 2332 1457 diguus.
2384 1390 2502 1446 Non
2544 1395 2691 1448 enim
2741 1397 2914 1451 solum
2959 1415 3053 1467 per
3091 1402 3395 1469 proposita,
3427 1403 3521 1457 sed
3552 1405 3716 1459 etiam

2119 1495 2214 1549 per
2254 1483 2463 1537 cantica
2511 1487 2746 1556 undique
2790 1489 3070 1545 descendit
3113 1492 3362 1561 Spiritus.
3407 1493 3522 1549 Non
3568 1495 3718 1550 vides

2116 1572 2346 1628 famulos
2374 1586 2588 1632 nostros
2619 1593 2858 1635 mensam
2885 1582 3104 1654 spongia
3130 1584 3389 1649 lavantes,
3413 1596 3468 1639 et
3493 1586 3713 1642 domum

2113 1665 2454 1733 mundautcs,
2485 1678 2536 1724 et
2559 1669 2739 1727 discos
2767 1688 2966 1727 mensze
2998 1674 3370 1745 imponeutes?
3400 1676 3512 1732 Hoc.
3533 1677 3590 1732 ﬁt
3622 1695 3741 1750 per,

2116 1772 2305 1826 preces
2327 1799 2341 1820 ,
2376 1775 2472 1829 per
2500 1761 2793 1818 clamorem
2828 1767 3091 1835 prmconis
3126 1785 3139 1821 :
3172 1778 3441 1839 tamquam
3482 1754 3750 1841 Spongia!"

2112 1848 2354 1905 lavamus
2376 1853 2684 1921 ecclesiam,
2710 1866 2767 1910 ut
2800 1856 2854 1911 in
2902 1860 3101 1913 munda
3135 1860 3362 1915 ecclesia
3394 1863 3503 1916 sint
3530 1864 3712 1918 omnia

2110 1945 2407 2010 pr0posita,
2458 1953 2517 1999 ut
2562 1947 2709 2002 nulla
2744 1949 2816 2005 sit
2859 1952 3065 2005 macula
3087 1993 3101 2017 ,
3137 1953 3281 2008 nulla
3314 1970 3463 2024 ruga.
3495 1955 3632 2011 Sunt
3656 1966 3712 2013 et

2107 2036 2248 2089 oculi
2278 2051 2464 2093 eorum
2495 2039 2695 2111 indigni
2722 2041 2807 2097 his
2826 2044 3180 2113 Spectaculis,
3204 2050 3707 2119 etaurcsiudigntc.

2109 2125 2174 2179 Et
2200 2130 2245 2181 si
2269 2130 2447 2211 bestia,
2482 2132 2673 2204 inquit,
2702 2145 2922 2190 montem
2951 2148 3149 2208 tangat,
3180 2142 3421 2195 obruetur
3447 2143 3708 2213 lapidibus

2105 2208 2423 2286 (ιςποάςις).
2463 2223 2575 2292 is).
2612 2225 2762 2281 Adeo
2812 2242 2913 2281 nec
2958 2228 3105 2298 digni
3153 2231 3372 2301 quidem
3416 2208 3573 2289 erant
3614 2236 3707 2306 qui

2103 2314 2460 2370 ascenderem
2497 2335 2509 2371 :
2542 2319 2689 2389 atqui
2747 2330 2933 2390 postea
2991 2322 3152 2377 etiam
3211 2336 3593 2393 accesserunt,
3650 2338 3706 2384 et

2103 2407 2354 2462 viderunt
2406 2409 2494 2464 ubi
2544 2420 2770 2467 steterat
2801 2414 2960 2468 Deus.
2996 2413 3145 2469 Licet
3186 2426 3371 2484 postea
3420 2419 3702 2486 accedere,

2100 2515 2151 2554 et
2186 2501 2369 2556 videre
2403 2518 2416 2555 :
2450 2502 2546 2557 sed
2578 2504 2795 2574 quando
2825 2504 3082 2572 adfuerit,
3115 2509 3200 2563 abi
3229 2527 3241 2561 :
3292 2524 3399 2564 non
3432 2512 3573 2565 enim
3606 2513 3703 2568 tibi

2101 2595 2269 2663 magis
2300 2594 2447 2661 licet,
2479 2611 2641 2665 quant
2670 2598 3085 2653 catechumetto.
3141 2600 3257 2655 Non
3287 2612 3413 2657 sunt
3437 2605 3582 2658 ettim
3611 2621 3706 2674 pa-

2100 2686 2201 2747 ria,
2236 2697 2575 2742 sacramenta
2601 2689 2840 2744 nendum
2888 2707 3010 2746 esse
3061 2706 3434 2764 asscquutum,
3473 2705 3528 2751 et
3554 2707 3704 2765 post-

2097 2790 2257 2846 quam
2288 2776 2452 2832 fueris
2479 2790 2823 2850 asscquutus,
2867 2791 2922 2836 et
2960 2783 3284 2852 offenderis,
3331 2787 3612 2857 chpicere
3648 2800 3704 2845 et

2095 2885 2157 2924 ca
2192 2885 2251 2925 re
2283 2879 2334 2926 te
2361 2871 2639 2943 indignmtt
2672 2875 2919 2931 reddere.
2948 2878 3166 2933 Liccbat
3194 2882 3344 2949 plura
3376 2884 3699 2940 terrihiliora

2093 2964 2296 3031 dicere,
2326 2966 2420 3021 sed
2450 2983 2519 3022 ne
2549 2978 2785 3025 tneutent
2816 2982 3057 3027 vestram
3086 2990 3326 3044 gravem,
3374 2977 3492 3033 ha’c
3539 2979 3697 3033 sufﬁ-

2093 3060 2241 3113 ciunt
2276 3078 2289 3114 :
2321 3077 2442 3115 nam
2480 3063 2571 3132 qui
2601 3062 2683 3118 his
2710 3080 2817 3118 non
2843 3068 3198 3137 castigantur,
3231 3070 3263 3123 ii
3299 3087 3396 3125 nec
3428 3073 3695 3140 pluribus.

2092 3152 2171 3206 Ne
2200 3168 2331 3224 ergo
2353 3154 2508 3211 vobis
2540 3156 2713 3227 tnajns
2734 3156 2997 3213 faciamus
3020 3159 3301 3228 judicium,
3328 3178 3457 3232 rego
3480 3164 3697 3233 quidem

2091 3260 2209 3306 Vos,
2241 3261 2348 3301 non
2372 3257 2428 3301 ιιι
2453 3263 2558 3302 ιιοη
2586 3250 2801 3315 adsitis,
2823 3252 2915 3305 scd
2947 3262 3003 3305 ιιι
3034 3257 3316 3321 prwsentia
3341 3266 3395 3309 et
3422 3256 3566 3311 aditu
3601 3275 3696 3313 vos

2091 3339 2329 3393 rcddatis
2359 3341 2573 3411 dignos.
2611 3341 2705 3397 Dic
2736 3343 2864 3396 mihi
2889 3384 2903 3409 ,
2934 3345 2977 3399 si
3012 3361 3104 3399 rex
3133 3345 3356 3414 jusserit
3384 3359 3437 3401 et
3465 3348 3691 3417 dixerit,

2089 3432 2144 3486 Si
2170 3433 2289 3502 quis
2321 3432 2421 3487 hoc
2450 3436 2578 3504 agit,
2612 3452 2641 3489 a
2675 3452 2791 3490 tttea
2823 3454 3006 3492 mensa
3046 3440 3349 3507 abstineat,
3383 3460 3562 3497 annon
3596 3460 3692 3513 pro

2089 3523 2192 3577 hoc
2221 3526 2399 3578 omnia
2432 3524 2714 3582 feceritis?
2758 3530 2816 3584 ltt
2861 3530 3026 3585 ett-los
3069 3548 3169 3587 nos
3208 3535 3418 3589 vocavit
3444 3536 3510 3589 ad
3536 3554 3691 3591 men-

2087 3628 2200 3668 sam
2242 3615 2405 3685 ltcgis
2448 3618 2626 3688 magni
2672 3629 2728 3674 et
2771 3620 3127 3687 admirabilis,
3185 3633 3239 3677 et
3285 3641 3598 3682 recusamus
3638 3640 3693 3682 ct

2085 3720 2421 3775 cunctantur,
2457 3720 2511 3766 et
2538 3713 2603 3767 ad
2627 3729 2745 3767 eam
2776 3730 2890 3768 rem
2926 3732 3031 3768 non
3061 3719 3396 3773 accurrimus
3416 3720 3440 3772 ?
3464 3731 3515 3775 ct
3545 3738 3692 3791 qua:-

2087 3817 2209 3854 nant
2237 3810 2322 3857 est
2347 3801 2503 3855 nobis
2530 3818 2655 3872 spcs
2686 3804 2911 3859 salutis?
2951 3805 3066 3859 Non
3110 3808 3234 3861 licet
3274 3811 3484 3865 causari
3520 3812 3691 3867 imbe-

2084 3893 2383 3961 cillitatem,
2419 3911 2517 3948 nec
2547 3898 2760 3965 cttlpattt
2797 3899 3049 3954 conferre
3090 3902 3141 3953 itt
3178 3910 3423 3956 naturam
3457 3922 3469 3957 :
3502 3920 3690 3959 socor-

2082 3986 2170 4041 dia
2213 3988 2389 4042 solunt
2419 3999 2474 4044 et
2503 3989 2711 4060 ignavia
2743 4007 2843 4046 nos
2874 3992 3050 4047 reddit
3080 3994 3351 4063 indignos.
3397 3997 3523 4053 ΙΙωο
3563 4000 3688 4069 qui-

2082 4078 2205 4133 dem
2232 4079 2375 4135 dicta
2404 4091 2532 4134 sunt
2560 4098 2589 4134 a
2614 4081 2770 4137 nobis
2799 4100 2812 4136 :
2841 4084 2929 4150 qui
2953 4094 3131 4139 autem
3161 4089 3473 4158 compungit
3498 4091 3685 4156 corda,

2083 4173 2170 4240 qui
2217 4172 2310 4227 dat
2353 4174 2600 4243 spiritum
2642 4177 3096 4244 cotnputtctionis,
3144 4189 3469 4252 compungat
3521 4183 3687 4237 corda

2083 4279 2280 4332 vestra,
2324 4278 2380 4323 et
2423 4269 2474 4322 in
2523 4268 2843 4338 profundum
2875 4270 3127 4323 immittat
3155 4274 3384 4337 semina,
3421 4282 3478 4327 ut
3519 4290 3583 4329 ex
3618 4277 3687 4328 ti-

2083 4378 2235 4419 more
2262 4362 2378 4433 ejus
2400 4364 2717 4433 concipiatis
2743 4374 2796 4419 et
2826 4366 3046 4435 pariatis
3086 4367 3335 4436 spiritum
3376 4370 3587 4435 salutis,
3630 4384 3686 4427 et

2082 4470 2205 4510 cum
2237 4455 2429 4511 fiducia
2471 4457 2765 4512 accedatis.
2814 4456 2937 4512 Filii
2990 4459 3160 4526 enim,
3197 4460 3387 4531 ittqttil,
3441 4464 3516 4517 tui
3554 4474 3688 4518 tant-

2081 4565 2233 4615 qtmm
2283 4550 2493 4603 novella:
2522 4550 2771 4603 olivarum
2811 4551 2866 4603 in
2905 4552 3125 4604 circuitu
3155 4565 3464 4610 tuensu'lurc
3506 4556 3682 4627 (I’sal.

2086 4643 2206 4696 H7.
2241 4643 2319 4713 5).
2354 4642 2497 4696 Nihil
2538 4643 2607 4696 sit
2635 4652 2810 4710 vetus,
2844 4643 2979 4697 nihil
3014 4645 3238 4711 immite,
3274 4647 3404 4701 nihil
3432 4649 3685 4705 crudum.

2083 4734 2401 4803 llujusntodi
2433 4735 2577 4788 enim
2612 4736 2836 4789 novella:
2880 4737 3239 4805 plantationes
3269 4750 3408 4809 aptze
3456 4750 3583 4797 sunt
3617 4743 3685 4798 ad

2083 4828 2340 4891 fructum,
2379 4827 2608 4882 fructum
2651 4828 3046 4891 admirandum.
3079 4832 3237 4896 oleaz,
3287 4833 3535 4904 inquam,
3570 4834 3685 4890 fru-

2082 4935 2229 4979 ctum
2263 4934 2351 4979 εει
2375 4923 2541 4979 fortes
2569 4932 2694 4979 sunt
2723 4932 2775 4979 et
2806 4924 3017 4988 validm,
3067 4935 3127 4980 ut
3150 4927 3256 4981 sint
3278 4943 3464 4983 onmes
3498 4927 3549 4981 iu
3580 4930 3684 4984 cir-

2082 5019 2229 5073 cuitu
2254 5032 2476 5085 mensae,
2506 5033 2682 5089 neque
2715 5027 2921 5072 temere
2964 5027 3020 5072 ct
3056 5018 3195 5074 forte
3239 5018 3456 5074 fortuna
3489 5038 3688 5077 conve-

2085 5111 2255 5175 niant,
2304 5109 2399 5165 sed
2435 5124 2557 5164 eum
2600 5118 2748 5163 ntetu
2790 5119 2843 5163 et
2884 5110 3100 5165 timore.
3141 5110 3232 5165 Sic
3260 5113 3405 5166 enim
3429 5122 3483 5168 ct
3506 5115 3684 5184 ipsum

2082 5203 2355 5259 Christum
2389 5204 2501 5258 illic
2545 5204 2796 5259 videbitis
2843 5220 2966 5258 cum
3010 5204 3235 5272 ﬁducia,
3267 5214 3323 5260 et
3361 5205 3560 5261 etnlesti
3595 5224 3684 5263 re-

2084 5314 2190 5369 gno
2232 5298 2378 5369 digni
2426 5297 2725 5354 reddemini
2771 5316 2784 5352 :
2831 5298 2974 5369 quod
3024 5298 3181 5354 detur
3229 5301 3385 5355 nobis
3432 5302 3689 5360 omnibus

2085 5396 2379 5465 consequi,
2420 5394 2591 5464 gratia
2638 5402 2692 5449 et
2727 5393 3063 5464 benignitate
3097 5394 3306 5450 Domini
3352 5397 3520 5451 nostri
3559 5398 3688 5454 .lesu

2085 5490 2308 5556 Christi,
2342 5505 2464 5544 cum
2490 5503 2597 5559 quo
2627 5487 2771 5542 Patri
2800 5498 2850 5542 et
2881 5487 3102 5557 Spiritui
3130 5498 3319 5544 sancto
3352 5490 3541 5561 gloria,
3585 5493 3687 5547 itu-

2089 5585 2314 5654 perittm,
2349 5584 2539 5647 honor,
2585 5597 2725 5636 nunc
2748 5590 2799 5635 et
2822 5595 3054 5651 semper,
3103 5589 3152 5636 et
3188 5581 3240 5637 itt
3274 5584 3469 5637 smcula
3507 5598 3684 5640 siccu-

2088 5682 2152 5735 lot
2170 5695 2280 5732 um.
2315 5676 2503 5731 Amen.
