4140 6546
480 366 540 423 51
1199 364 1258 421 8.
1297 359 1575 418 JOANNIS
1622 357 2097 415 CllRYSOSTOMl
2153 360 2467 417 ARCIllliP.
2508 363 3044 423 CONSTANTINOP.

482 461 3309 490 ,—-————-————-———-—————-———_——-——'———_——u

3711 372 3787 431 32

1851 497 2197 560 IIOMILIA
2243 500 2349 564 IV.

485 631 618 687 Car.
656 631 710 686 2.
774 646 824 685 v.
885 631 935 684 l.
980 628 1049 683 Et
1101 644 1189 683 vos
1253 642 1368 681 cum
1420 624 1592 679 essetis
1644 623 1828 676 mortui
1876 621 2078 674 delictis

565 732 611 775 et
657 720 875 791 peccatis
906 720 1103 785 vestris,
1150 718 1207 771 2.
1247 717 1302 770 in
1334 716 1514 788 quibus
1541 713 1820 785 aliquando
1840 712 2074 766 ambula.

559 813 649 865 stis
699 810 976 865 secundum
1039 809 1280 863 saxulum
1341 806 1516 860 mundi
1562 805 1755 873 hujus,
1798 802 2074 859 secundum

559 899 840 969 principem
871 897 1139 965 potestatis
1167 895 1299 949 aeris
1334 895 1523 964 hujus,
1555 894 1765 963 spiritus
1806 892 1894 961 qui
1937 906 2073 944 nunc

554 1000 794 1058 operatur
820 989 872 1042 in
897 989 1030 1058 filios
1060 987 1372 1058 difﬁdentiae,
1400 987 1454 1040 '5.
1485 987 1537 1037 in
1562 985 1742 1054 quibus
1767 993 1821 1035 ct
1843 999 1933 1035 nos
1961 998 2070 1035 om-

559 1100 647 1137 nes
680 1082 959 1152 aliquando
989 1081 1269 1135 conversati
1311 1095 1485 1133 sumus
1512 1078 1562 1130 in
1593 1075 1857 1131 desideriis
1901 1076 2074 1129 carnis

557 1184 745 1228 nostra:
767 1216 782 1238 ,
809 1175 1052 1244 facientes
1082 1175 1387 1225 uoluntatem
1412 1169 1581 1223 carnis
1602 1178 1647 1222 et
1672 1167 2071 1238 cogitationum,

552 1278 599 1321 et
631 1284 833 1320 eramus
861 1278 1044 1319 natura
1077 1265 1171 1334 ﬁlii
1211 1264 1302 1317 ira:
1329 1263 1458 1316 sicut
1486 1272 1532 1315 et
1558 1262 1747 1316 rwteri.

553 1363 610 1415 t.
654 1363 747 1417 Est
775 1360 989 1430 quidem
1032 1358 1373 1413 utortiﬁcatio
1413 1355 1713 1425 corporalis
1733 1396 1748 1419 ,
1777 1363 1861 1409 est
1886 1362 2067 1410 autem

477 1464 529 1509 et
578 1453 823 1508 a:.imalis
858 1471 870 1507 :
903 1462 956 1507 et
994 1452 1136 1505 illius
1177 1448 1390 1519 quidem
1432 1462 1554 1503 esse
1594 1446 1933 1516 participem.
1966 1462 2067 1501 nec

478 1555 562 1601 est
609 1545 816 1606 crimen
869 1558 968 1599 nec
1014 1542 1306 1612 periculum
1361 1557 1373 1592 :
1417 1555 1505 1593 res
1539 1540 1682 1593 enim
1726 1549 1807 1592 est
1836 1547 2061 1605 naturae,

478 1651 584 1691 non
630 1635 856 1690 instituti
884 1634 1047 1688 animi
1074 1643 1128 1688 et
1156 1632 1305 1686 liberi
1336 1630 1564 1684 arbitrii.
1605 1629 1735 1683 Nam
1763 1639 1819 1684 et
1840 1642 1957 1683 orta
1984 1642 2067 1685 est

477 1745 543 1783 ex
577 1729 1003 1797 transgressione
1044 1726 1381 1795 protoplasti,
1427 1732 1482 1777 et
1521 1738 1608 1777 res
1637 1722 1832 1776 deinde
1869 1721 2068 1776 decidit

476 1820 529 1874 iu
563 1830 806 1873 naturam
837 1837 850 1867 :
885 1816 1082 1886 alioqui
1110 1824 1287 1870 autem
1317 1815 1476 1868 etiam
1504 1812 1614 1867 cito
1640 1812 1898 1867 solvetur.
1945 1810 2064 1882 Ipsa

477 1925 610 1966 vero
655 1908 994 1963 mortilicatio
1021 1906 1289 1970 animalis,
1318 1920 1438 1959 cum
1465 1904 1535 1958 sit
1564 1903 1791 1958 instituti
1815 1903 1980 1957 animi
2011 1911 2068 1958 et

475 2002 627 2057 liberi
676 2002 921 2068 arbitrii,
963 2001 1166 2055 crimen
1210 1999 1368 2054 habet
1395 2007 1448 2052 et
1479 1998 1681 2052 nullam
1718 1997 2062 2051 solutionem.

474 2093 609 2149 Vide
638 2109 766 2165 ergo
802 2092 1074 2164 quomodo
1104 2091 1299 2145 Paulus
1340 2105 1465 2144 cum
1491 2089 1602 2159 jam
1631 2089 1786 2143 valde
1813 2104 2062 2160 magnum

471 2186 819 2250 ostendisset,
848 2196 903 2241 et
935 2184 1077 2256 quod
1106 2183 1279 2253 majus
1318 2183 1388 2235 sit
1419 2189 1594 2236 morte
1632 2179 1837 2236 allecta:
1864 2181 2062 2236 mederi

469 2278 668 2331 animae
705 2292 863 2347 quam
915 2274 1179 2330 suscitare
1230 2281 1495 2336 mortuos,
1546 2285 1688 2325 nunc
1731 2285 1945 2341 quoque
1985 2270 2064 2325 sic

475 2368 625 2437 ponit
651 2377 922 2435 tamquam
971 2380 1222 2434 magnum
1260 2381 1273 2417 :
1304 2362 1370 2415 Et
1393 2378 1477 2416 vos
1505 2379 1621 2415 cum
1647 2362 1837 2428 essetis,
1871 2363 2058 2431 inquit,

471 2457 660 2510 mortui
686 2456 884 2511 delictis
910 2466 957 2509 et
979 2456 1196 2525 peccatis
1236 2454 1413 2508 vestris
1433 2496 1449 2520 ,
1483 2454 1536 2507 in
1580 2452 1762 2520 quibus
1786 2452 2062 2523 aliquando

467 2550 786 2617 ambulastis,
812 2550 1091 2605 secundum
1118 2549 1361 2603 stvculum
1380 2548 1555 2601 mundi
1589 2549 1762 2618 ltujns,
1785 2549 2060 2603 secundant

470 2644 751 2713 principem
776 2644 1034 2712 potestatis
1063 2642 1216 2705 aeris,
1263 2642 1473 2711 spiritus
1508 2643 1596 2712 qui
1642 2658 1776 2695 nunc
1821 2654 2061 2712 operatur

463 2735 521 2788 in
568 2736 722 2803 filios,
750 2735 1059 2805 difﬁdentiae.
1099 2732 1262 2789 Vides
1293 2734 1438 2788 l’auli
1469 2733 1931 2790 mansuetudinem
1952 2774 1968 2798 ,
2004 2744 2060 2790 et

467 2826 737 2897 quomodo
785 2828 979 2897 ultique
1033 2827 1346 2880 consolatur
1396 2825 1716 2892 auditorem,
1774 2842 1899 2881 eum
1949 2842 2055 2881 non

462 2921 732 2975 citerans?
774 2920 907 2975 Nam
956 2920 1204 2990 quoniam
1259 2919 1470 2973 dixerat
1515 2933 1611 2973 eos
1655 2918 1722 2973 ad
1757 2931 2055 2974 extremum

469 3027 639 3081 usque
659 3010 845 3065 vitium
865 3026 987 3065 esse
1007 3020 1290 3079 provectos
1317 3009 1444 3079 (hoc
1472 3010 1615 3063 enim
1641 3017 1718 3063 est
1742 3023 1863 3064 esse
1884 3018 2057 3065 morte

463 3100 749 3175 allectos);
778 3117 845 3155 ne
869 3115 964 3155 eos
982 3100 1135 3155 valde
1153 3108 1403 3171 gravaret
1427 3102 1572 3171 (nam
1597 3097 1802 3167 pudore
1823 3097 2058 3153 alliciun-

465 3207 554 3248 tur
583 3195 996 3259 homines,-cum
1027 3192 1202 3263 priora
1227 3192 1365 3245 mala
1395 3189 1694 3245 aﬂ'eruntur
1718 3190 1771 3244 in
1796 3189 2053 3255 medium,

462 3286 673 3340 etiamsi
703 3287 804 3341 sint
830 3286 1098 3349 absoluta,
1127 3293 1181 3338 et
1209 3284 1412 3337 nullum
1443 3283 1677 3337 habeant
1706 3280 2052 3353 perieulum),

463 3378 556 3432 dut
596 3378 676 3432 eis
716 3377 1042 3446 adjutorem,
1095 3391 1162 3430 ne
1210 3375 1613 3430 existimaretur
1641 3382 1808 3428 totum
1835 3374 2056 3429 eisesse

462 3469 860 3539 imputandum,
895 3480 950 3524 et
977 3468 1279 3539 adjutorem
1306 3468 1518 3521 fortem.
1568 3466 1904 3533 Quemnam?
1933 3466 2054 3522 Dia-

463 3567 666 3621 lmlum.
698 3565 787 3621 Sic
835 3566 997 3618 etiam
1048 3563 1173 3618 facit
1222 3563 1275 3616 in
1323 3561 1562 3631 Epistola
1599 3558 1667 3615 ad
1693 3560 2051 3616 Corinthios:

459 3672 582 3712 nam
614 3671 736 3710 cum
764 3654 1011 3719 dixisset,
1048 3653 1224 3707 Nolite
1246 3668 1440 3713 errare,
1491 3666 1650 3720 neque
1672 3652 2010 3721 fornicatores
2034 3693 2050 3717 ,

459 3765 619 3817 neque
661 3746 983 3809 idololatrte;
1014 3753 1071 3801 et
1108 3744 1310 3813 reliqua
1341 3742 1520 3796 omnia
1562 3745 1949 3808 recensuisset,
1999 3751 2056 3797 ct

458 3840 869 3908 subjunxis~et,
922 3838 1151 3909 Regnum
1198 3834 1295 3889 Dei
1353 3851 1454 3889 non
1506 3835 1877 3903 possidebunt;
1927 3845 2055 3889 tunc

457 3946 673 4001 quoque
720 3928 886 3984 dicit:
922 3926 990 3982 Et
1033 3929 1139 3980 ltaac
1180 3927 1386 3996 quidem
1432 3925 1599 3996 fuistis
1642 3925 1660 3995 (
1683 3927 1727 3979 Ι.
1755 3924 1874 3979 Cor.
1908 3924 1961 3979 6.
1995 3924 2050 3980 9.

461 4020 629 4095 sqq.).
688 4020 802 4075 Non
857 4021 988 4076 dixit
1033 4019 1278 4073 absolute
1315 4017 1509 4084 fuistis,
1558 4016 1671 4080 sed,
1700 4026 1822 4079 τινις
1862 4022 1966 4081 ἥτε.
2001 4016 2052 4071 id

457 4124 577 4178 est,
600 4114 771 4185 Aliqui
796 4115 983 4184 fuistis,
1019 4113 1119 4167 hoc
1158 4119 1262 4177 cst,
1305 4111 1384 4165 sic
1419 4109 1814 4179 quodammodo
1858 4109 2050 4164 fuistis.

535 4205 587 4260 Μ
594 4206 807 4259 aniclttui
835 4214 1138 4275 carpuntur.
1167 4232 1238 4243 —
1264 4201 1361 4255 llic
1402 4199 1642 4255 ltturetici
1693 4198 1807 4254 lucc
1851 4200 1919 4254 de
1944 4201 2052 4254 Deo

462 4300 604 4353 dicta
661 4312 785 4353 esse
826 4297 1027 4350 acriter
1075 4293 1439 4359 contendunt,
1487 4301 1542 4347 et
1583 4292 1893 4349 cﬂrettatam
1948 4293 2052 4347 Iin-

461 4403 618 4461 guam
687 4389 844 4458 longe
902 4395 1249 4451 exsercntes,
1296 4384 1410 4438 lure
1473 4383 1583 4438 lico
1632 4385 1886 4453 adaptant
1932 4402 2051 4455 (pre

459 4493 587 4540 sunt
637 4483 807 4539 solius
874 4481 1096 4536 diaboli.
1148 4478 1429 4547 Quomodo
1485 4493 1613 4548 ergo
1667 4493 1728 4533 os
1785 4480 1863 4534 eis
1921 4480 2050 4534 οιιε-

461 4574 740 4632 truemus?
781 4572 859 4627 Ex
909 4571 1042 4641 ipsis
1080 4570 1278 4625 verbis.
1309 4568 1438 4623 Nam
1490 4570 1535 4622 si
1585 4580 1667 4624 est
1711 4569 1908 4639 justus,
1940 4573 2050 4626 sic-

458 4680 514 4724 ut
557 4667 757 4734 dicitis,
787 4664 902 4718 haec
952 4673 1130 4718 autem
1156 4666 1355 4732 gessit;
1389 4661 1503 4716 hate
1530 4676 1618 4716 res
1646 4677 1752 4716 non
1785 4675 1868 4717 est
1896 4663 2047 4731 justi,

461 4759 558 4815 sed
591 4758 748 4813 valde
774 4756 957 4825 injusti
984 4763 1039 4810 et
1066 4752 1317 4809 scelerati
1342 4770 1356 4805 :
1385 4752 1524 4807 Deus
1548 4763 1726 4807 autem
1757 4769 2048 4824 numquam

457 4852 618 4911 fuerit
660 4850 978 4905 sceleratus.
1010 4847 1121 4903 Cur
1153 4860 1283 4900 vero
1313 4844 1446 4899 dicit
1470 4860 1591 4899 eum
1621 4847 1918 4917 principem
1945 4864 2051 4903 Sil!-

454 4944 561 4999 ruli
590 4942 773 5012 hujus?
786 4939 1050 5008 Quoniam
1075 4947 1184 4993 tota
1208 4936 1319 4991 fere
1338 4935 1565 4991 humana
1588 4945 1771 4991 natura
1795 4954 1855 4993 se
1878 4938 2047 5008 ipsam

456 5035 534 5093 illi
563 5032 732 5094 dedit,
763 5042 819 5088 et
846 5046 1037 5085 omnes
1080 5045 1174 5083 sua
1217 5036 1408 5098 sponte
1445 5028 1495 5082 ei
1523 5027 1764 5083 serviunt
1801 5037 1857 5084 et
1882 5045 1946 5084 ex
1978 5029 2046 5085 li-

461 5125 594 5180 bero
624 5123 788 5177 animi
828 5120 1075 5176 arbitrio.
1131 5120 1197 5174 Et
1243 5118 1459 5173 Christo
1496 5118 1711 5188 quidem
1744 5119 1883 5174 bona
1916 5136 2047 5190 pro-

458 5216 693 5273 mittenti
736 5211 1148 5269 innumerabilia
1200 5225 1269 5265 ne
1308 5211 1546 5264 animmn
1576 5210 1797 5281 quidem
1828 5212 2077 5269 adhibet'

456 5308 722 5380 quispiam
752 5326 766 5362 :
794 5306 872 5361 illi
899 5313 1075 5360 autem
1106 5304 1241 5362 nihil
1273 5304 1377 5359 tale
1404 5302 1695 5375 pollicenti,
1729 5304 1824 5360 sed
1852 5305 1918 5359 ad
1950 5321 2046 5376 ge-

455 5402 689 5457 hennam
720 5398 1131 5464 transmittenli,
1154 5396 1353 5453 cedunt
1376 5413 1589 5453 mnnes.
1621 5398 1688 5453 Et
1714 5399 2046 5468 principatus

456 5495 576 5566 ejus
596 5503 680 5549 est
705 5493 760 5548 in
785 5495 886 5547 hoc
911 5492 1130 5554 sateulo,
1153 5500 1207 5546 et
1235 5490 1279 5545 is
1303 5492 1485 5557 plures
1509 5490 1667 5546 habet
1693 5506 1851 5561 quam
1878 5492 2038 5557 Deus,

455 5599 510 5640 et
539 5584 778 5654 eimagis
806 5582 1061 5638 cedentes
1085 5598 1245 5652 quam
1281 5582 1409 5644 Deo,
1439 5590 1636 5651 prteter
1666 5596 1885 5651 paucos,
1917 5598 2045 5652 pro-

455 5696 579 5754 pzer
620 5689 855 5733 nostram
888 5674 1212 5731 socordiam.
1255 5674 1548 5730 Secundum
1600 5684 1932 5743 potestatem,
1960 5675 2045 5729 iu-

456 5772 594 5841 quit,
622 5770 747 5823 aerii
773 5769 1005 5839 spiritus.
1037 5767 1147 5823 lloc
1174 5781 1362 5822 rursus
1384 5766 1534 5832 dicit,
1562 5765 1703 5836 quod
1736 5767 1912 5822 locum
1945 5768 2043 5823 ha-

457 5864 541 5921 bet
570 5863 668 5919 sub
688 5863 841 5928 uelo,
868 5872 919 5917 et
944 5860 1164 5932 spiritus
1191 5874 1377 5917 rursus
1397 5858 1527 5915 aerii
1558 5868 1684 5916 sunt
1709 5859 2038 5933 incorporea:

2185 632 2480 691 potestates
2507 640 2572 680 eo
2598 636 2878 696 operante.
2911 626 3041 683 Nam
3072 629 3214 699 quod
3258 632 3532 688 stecularis
3562 633 3633 689 sit
3660 633 3779 704 ejus

2184 716 2517 787 principatus
2536 758 2552 783 ,
2588 717 2690 773 hoc
2719 726 2804 774 est
2824 759 2840 785 ,
2871 720 2965 789 qui
2993 734 3112 774 cmn
3145 724 3397 791 praesenti
3425 725 3629 778 saeculo
3659 725 3773 779 dis-

2180 808 2445 874 solvitur,
2477 810 2598 864 audi
2630 826 2751 865 eum
2781 811 3048 867 dicentem
3091 812 3144 867 in
3189 814 3295 870 line
3341 813 3584 884 epistolae
3609 831 3624 868 :
3653 815 3774 871 Non

2178 907 2251 951 est
2299 900 2443 954 nobis
2485 901 2778 954 colluctatio
2816 903 3055 956 adversus
3102 906 3397 974 sanguinem
3433 915 3483 959 es
3526 922 3771 972 cantem,

2176 990 2267 1043 sed
2291 989 2531 1044 adversm
2562 992 2817 1062 principes
2839 1003 2889 1045 et
2921 1003 3209 1061 potestates,
3244 1004 3291 1048 et
3320 994 3568 1050 adversus
3595 998 3772 1051 mundi

2178 1090 2393 1136 rectores
2419 1083 2738 1136 tenebrarum
2782 1084 2934 1154 Itujus
2959 1085 3131 1137 swculi
3153 1084 3371 1156 (Epltes.
3401 1085 3455 1140 6.
3490 1086 3605 1157 12).
3632 1086 3767 1141 Nam

2175 1158 2243 1228 ne
2272 1190 2394 1229 cum
2419 1174 2652 1228 audieris
2670 1215 2687 1240 ,
2719 1173 2773 1227 Η
2782 1176 2905 1228 undi
2938 1186 3155 1229 rectores
3180 1217 3195 1241 ,
3220 1175 3369 1231 dieas
3396 1175 3558 1230 etiam
3589 1176 3766 1246 ipsum

2173 1280 2295 1320 esse
2323 1265 2642 1329 increatum,
2661 1265 2825 1329 addit,
2855 1264 3195 1320 Tenebrarutn
3219 1267 3415 1321 siccati.
3437 1266 3583 1321 Alibi
3602 1267 3767 1322 etiam

2174 1373 2404 1427 nequam
2453 1358 2710 1412 sarculum
2743 1357 2902 1429 (Gut.
2938 1358 2991 1413 l.
3021 1360 3090 1428 4)
3124 1368 3276 1413 vocat
3298 1367 3511 1429 tempus
3543 1375 3765 1425 perver-

2172 1463 2289 1503 sum
2318 1490 2332 1514 ,
2367 1465 2472 1503 non
2500 1449 2689 1505 dicens
2733 1450 2803 1505 de
2846 1450 3130 1505 creaturis.
3177 1450 3308 1505 Mihi
3337 1452 3480 1506 enim
3507 1452 3723 1507 videtur
3744 1495 3759 1516 ,

2171 1540 2316 1611 quod
2347 1540 2389 1594 si
2424 1540 2612 1596 inisset
2643 1541 2891 1611 princeps
2921 1541 3023 1596 sub
3052 1541 3209 1603 οςυιο.
3243 1557 3351 1596 non
3383 1540 3572 1597 fuisset
3600 1557 3759 1597 casu—

2173 1648 2267 1687 rus
2294 1648 2322 1685 a
2352 1631 2651 1702 principatu
2678 1674 2694 1699 ,
2740 1635 2900 1687 etiam
2947 1642 3070 1702 post
3118 1634 3624 1704 transgressionem.
3660 1635 3762 1701 Qui

2134 1730 2137 1731 ⁷
2171 1739 2304 1777 nunc
2331 1733 2569 1793 aperatnr
2596 1724 2648 1777 in
2678 1725 2812 1792 ﬁlios
2856 1724 3165 1795 difﬁdentiat.
3205 1724 3372 1780 Vides
3398 1726 3539 1795 quod
3570 1742 3675 1781 non
3704 1727 3760 1782 vi

2172 1812 2375 1868 inducit
2403 1829 2504 1869 nec
2532 1815 2851 1885 tyrannide,
2896 1815 2990 1870 sed
3022 1816 3411 1884 persuasione?
3443 1817 3588 1872 Dixit
3611 1818 3761 1873 enim

2169 1906 2434 1972 timiditas,
2464 1921 2527 1960 ac
2556 1907 2600 1960 si
2628 1905 2800 1972 dicas,
2834 1906 3152 1977 deceptione
3178 1916 3234 1962 et
3263 1908 3607 1977 persuasione
3635 1924 3755 1964 om-

2169 2013 2267 2053 nes
2301 1999 2541 2054 attrahit.
2587 1999 2696 2055 Nec
2742 2000 2843 2055 hoc
2886 2001 3061 2056 solum
3109 2015 3205 2055 eos
3241 2001 3581 2067 consolatur,
3613 2004 3761 2073 quod

2167 2089 2379 2145 dederit
2421 2092 2626 2146 socium
2647 2132 2663 2157 ,
2695 2091 2789 2146 sed
2818 2091 2980 2147 etiam
3007 2091 3152 2162 quod
3181 2106 3241 2147 se
3267 2107 3388 2147 cum
3430 2092 3538 2147 illis
3569 2102 3750 2163 tranat.

2165 2181 2234 2236 ln
2261 2182 2438 2252 quibus
2459 2223 2475 2249 ,
2508 2183 2714 2252 inquit,
2746 2192 2792 2237 et
2822 2200 2921 2237 nos
2949 2198 3120 2236 anates
3167 2182 3446 2252 aliquando
3474 2185 3759 2238 cotwersati

2165 2291 2359 2329 sumus.
2382 2273 2609 2329 Omnes:
2636 2290 2741 2329 non
2772 2276 2915 2330 enim
2944 2274 3070 2329 licet
3096 2275 3276 2329 dicere
3303 2274 3444 2345 quod
3473 2287 3760 2346 exemptus

2165 2378 2312 2421 esset
2339 2367 2553 2436 aliquis.
2584 2365 2653 2421 In
2673 2367 2939 2421 desideriis
2966 2368 3137 2421 carnis
3158 2375 3365 2431 nostra,
3394 2367 3636 2438 facientes
3665 2385 3759 2422 vo-

2165 2455 2407 2510 luntatem
2433 2458 2601 2511 carnis
2629 2468 2675 2511 et
2702 2458 3096 2528 cogitationum,
3127 2467 3172 2511 et
3199 2473 3402 2511 eramus
3442 2467 3627 2511 natura
3655 2461 3756 2526 filii

2162 2548 2275 2611 irar,
2305 2548 2432 2602 sicut
2469 2558 2515 2602 et
2557 2548 2729 2602 ctuteri
2769 2564 2961 2602 omnes.
2998 2548 3109 2603 lloc
3151 2558 3255 2611 est,
3289 2548 3421 2602 nihil
3471 2548 3756 2618 spirituale

2162 2640 2450 2708 sapientes.
2477 2638 2581 2694 Sed
2605 2653 2908 2694 necarnem
2938 2639 2989 2692 in
3021 2637 3274 2692 invidiam
3297 2650 3452 2693 vocet
3469 2648 3525 2694 et
3543 2639 3752 2705 odium,

2162 2743 2336 2798 neque
2366 2744 2614 2800 magnum
2661 2729 2937 2789 existimes
2976 2729 3231 2784 delictum
3254 2769 3270 2796 ,
3316 2729 3441 2786 vide
3480 2732 3754 2800 quomodo

2159 2822 2259 2883 sibi
2289 2831 2494 2877 caveat.
2527 2820 2813 2888 Facientes,
2848 2823 3040 2892 inquit,
3075 2822 3383 2877 voluntatem
3407 2825 3577 2878 carnis
3600 2833 3647 2878 et
3666 2841 3753 2878 co-

2159 2916 2463 2985 gitationum
2492 2925 2779 2969 nostrarum
2801 2955 2816 2982 ,
2863 2915 2966 2970 hoc
2991 2924 3095 2980 est,
3131 2915 3419 2985 voluptatis
3441 2915 3751 2973 all‘ectiones

2158 3018 2215 3064 et
2255 3018 2455 3075 motus,
2498 3008 2666 3064 Deum
2700 3010 3029 3063 irritavituus
3069 3017 3124 3062 et
3165 3008 3231 3062 ad
3274 3010 3404 3064 iram
3438 3012 3753 3079 provocavi-

2160 3115 2281 3153 mus
2309 3116 2322 3153 :
2358 3097 2462 3153 hoc
2489 3108 2603 3166 est,
2637 3099 2714 3153 ira
2747 3099 2972 3164 luimus,
3000 3109 3055 3155 et
3096 3098 3229 3177 nihil
3274 3100 3444 3155 aliud.
3476 3102 3752 3167 Qucmad~

2159 3192 2375 3247 modum
2420 3190 2562 3246 enim
2608 3192 2698 3261 qui
2727 3203 2812 3246 cst
2856 3192 2998 3247 illius
3045 3191 3279 3246 hominis
3299 3231 3314 3257 ,
3343 3201 3429 3247 cst
3460 3192 3623 3247 homo
3654 3211 3751 3247 na-

2160 3293 2277 3339 tura
2294 3325 2310 3349 ,
2337 3282 2407 3338 ita
2431 3299 2531 3338 nos
2557 3298 2771 3353 quoque
2797 3283 2936 3338 sicut
2961 3291 3016 3337 et
3039 3283 3225 3337 cmteri
3249 3284 3340 3338 ine
3373 3283 3465 3338 lilii
3491 3300 3705 3339 eramus
3729 3304 3745 3339 :

2159 3376 2213 3432 id
2241 3387 2360 3442 est,
2387 3377 2567 3431 nullus
2596 3376 2734 3430 liber
2758 3386 2877 3432 erat
2902 3416 2918 3441 ,
2948 3376 3042 3431 sed
3068 3392 3259 3431 omnes
3284 3393 3405 3446 qua:
3436 3379 3512 3432 ira
3548 3377 3636 3432 Dei
3667 3378 3749 3432 di-

2156 3482 2257 3538 gna
2284 3476 2439 3522 erant
2468 3467 2810 3522 faciebamus.
2844 3469 2897 3521 4.
2935 3466 3069 3521 Deus
3096 3478 3285 3533 autent,
3316 3468 3404 3537 qui
3430 3468 3568 3522 diues
3588 3478 3662 3523 est
3691 3471 3744 3523 in

2156 3559 2525 3613 misericordia.
2574 3557 2690 3611 Non
2733 3558 2869 3611 dixit
2914 3558 3163 3613 absolute
3187 3599 3203 3623 ,
3242 3558 3576 3624 Misericors,
3607 3561 3701 3616 sed
3725 3601 3748 3630 ,

2157 3648 2309 3703 Dives
2335 3650 2389 3702 in
2427 3648 2777 3703 misericordia
2804 3688 2819 3713 ,
2852 3648 2991 3703 sicut
3012 3649 3210 3703 ctalibi
3236 3651 3386 3711 dicit,
3417 3648 3484 3703 In
3515 3652 3749 3706 multitu-

2157 3743 2276 3796 dine
2300 3741 2660 3795 misericordia:
2678 3750 2813 3805 tum;
2836 3750 2891 3795 ct
2916 3758 3145 3806 rursum,
3177 3744 3417 3800 Miserere
3442 3747 3537 3799 mei
3563 3762 3748 3801 secun-

2159 3833 2279 3886 dttm
2307 3850 2541 3903 magnam
2567 3834 2965 3888 misericordium
2990 3848 3127 3889 tuam
3154 3837 3326 3905 (l’sal.
3351 3839 3441 3893 68.
3469 3839 3555 3893 l7.
3581 3850 3626 3892 et
3653 3840 3742 3896 50.

2159 3923 2247 3995 1).
2283 3923 2501 3991 PrOpter
2537 3925 2745 3978 nimiam
2772 3925 3029 3979 caritatem
3072 3943 3216 3981 suam
3239 3967 3255 3994 ,
3287 3945 3385 3998 qua
3423 3927 3599 3982 dilexit
3630 3946 3744 3985 nos.

2156 4015 2435 4071 Uudenam
2460 4031 2556 4069 nos
2581 4015 2771 4071 dilexit
2791 4019 3048 4073 ostendit.
3083 4019 3207 4073 llzrc
3228 4020 3370 4075 enim
3396 4038 3502 4076 non
3533 4038 3748 4077 moren-

2157 4116 2243 4160 tur
2270 4106 2650 4171 dilectionem,
2679 4107 2772 4162 sed
2819 4109 2953 4164 iram
2983 4121 3036 4163 et
3067 4121 3366 4166 extremum
3396 4113 3742 4183 supplicium.

2156 4198 2219 4253 Et
2250 4198 2351 4251 hoc
2379 4214 2507 4268 ergo
2536 4215 2599 4253 ex
2635 4201 2796 4254 multa
2843 4201 3234 4256 misericordia.
3267 4204 3321 4259 5.
3354 4202 3420 4257 Et
3464 4222 3579 4258 cum
3606 4223 3746 4260 esse-

2154 4305 2268 4341 mtts
2299 4290 2484 4342 mortui
2511 4291 2562 4344 itt
2593 4290 2808 4355 delictis,
2833 4293 3194 4359 convivi/ienuit
3216 4296 3265 4348 in
3287 4294 3507 4352 Christo.
3536 4297 3744 4354 Rursus

2153 4381 2400 4435 Christus
2427 4392 2509 4436 est
2541 4385 2782 4449 medius,
2810 4394 2869 4441 et
2914 4401 3001 4440 res
3032 4397 3113 4440 t-st
3166 4387 3270 4441 [ide
3302 4388 3479 4457 digna.
3514 4390 3571 4444 Si
3600 4391 3742 4446 enim

2155 4474 2404 4543 primitiae
2436 4474 2643 4538 vivunt,
2677 4486 2729 4530 et
2756 4493 2852 4529 nos
2894 4492 2908 4530 :
2942 4478 3228 4533 vivilicavit
3257 4490 3312 4535 et
3342 4481 3512 4548 illum,
3537 4491 3592 4537 et
3622 4497 3739 4537 nos.

2222 4564 2277 4618 2.
2314 4565 2474 4621 Vides
2518 4567 2658 4637 quod
2704 4569 2884 4623 omnia
2915 4569 3057 4625 dicta
3103 4572 3213 4625 sint
3258 4572 3327 4627 de
3353 4589 3452 4635 eo,
3485 4575 3627 4644 quod
3658 4585 3745 4630 est

2152 4657 2446 4711 Secundum
2491 4659 2750 4712 cm-neml
2796 4659 2983 4715 Vidisti
3031 4674 3446 4731 essuperantcm
3491 4665 3611 4736 ejus
3642 4682 3740 4734 po-

2156 4750 2335 4804 lentize
2368 4750 2790 4820 magnitudinem
2820 4753 2871 4807 in
2905 4770 3002 4809 nos;
3031 4757 3118 4823 qui
3148 4758 3452 4814 credimus?
3481 4761 3569 4827 qui
3595 4777 3742 4815 mor-

2155 4841 2229 4896 tui
2258 4857 2472 4896 cratnus
2499 4850 2554 4896 et
2598 4843 2691 4897 lilii
2737 4844 2850 4908 irtn,
2888 4844 2987 4900 hos
3025 4848 3330 4903 vivitlcavit.
3364 4849 3556 4905 Vidisti
3589 4867 3740 4920 spem

2151 4934 2488 4988 vocationis?
2515 4934 2567 4989 6.
2599 4933 3022 4990 Conresuscitavit
3069 4948 3114 4992 et
3161 4941 3429 4995 consedere
3474 4944 3611 5010 ficit.
3646 4942 3739 4997 Vi-

2150 5026 2273 5081 disti
2302 5026 2527 5095 gloriam
2558 5027 2675 5094 ejus
2700 5026 3057 5084 hereditatis?
3088 5031 3298 5095 Etiam,
3332 5033 3567 5103 inquies,
3606 5032 3738 5089 Con-

2150 5119 2462 5174 resuscitavit
2510 5119 2764 5188 quidetn,
2815 5129 2900 5174 est
2954 5122 3331 5189 manifestum;
3385 5125 3510 5180 illud
3565 5142 3738 5191 vero,

2150 5214 2431 5270 Consedere
2455 5231 2547 5267 nos
2576 5214 2693 5282 fecit
2719 5215 2772 5267 in
2801 5216 3081 5271 caelestibus
3109 5218 3161 5271 in
3193 5218 3394 5273 Christo
3417 5218 3543 5274 Jcsu
3563 5262 3578 5285 ,
3605 5236 3740 5290 quo.

2150 5309 2310 5363 modo
2356 5308 2499 5362 stat?
2551 5305 2621 5362 Ut
2670 5306 2832 5373 illud,
2876 5306 3301 5363 Conresusritavit
3332 5329 3344 5363 :
3370 5312 3549 5367 nullus
3592 5314 3741 5367 enim

2149 5401 2325 5456 adhuc
2346 5410 2428 5456 est
2454 5401 2763 5465 suscitatus,
2791 5400 2893 5455 nisi
2915 5401 3079 5471 quod,
3103 5419 3221 5457 cum
3244 5415 3403 5471 caput
3429 5421 3740 5461 resurrexe—

2150 5495 2251 5559 rit,
2301 5508 2402 5548 nos
2428 5507 2642 5563 quoque
2674 5507 2862 5546 smnus
2888 5494 3130 5549 sus-citati
3164 5512 3178 5548 :
3208 5496 3347 5551 sicut
3389 5498 3497 5552 illic
3521 5514 3735 5569 quoque

2148 5598 2270 5639 cum
2296 5583 2463 5639 Jacob
2493 5581 2792 5648 adorasset,
2825 5599 2959 5639 uxor
2991 5601 3202 5655 quoque
3229 5586 3472 5641 adomvit
3510 5588 3729 5657 Joseph.

2149 5677 2241 5733 Sic
2270 5693 2397 5747 ergo
2442 5675 2566 5730 fecit
2594 5691 2807 5747 qttoque
2845 5678 3179 5735 consedere:
3209 5679 3431 5736 sedente
3458 5682 3602 5736 enim
3638 5697 3734 5734 ca-

2152 5769 2261 5838 pite
2287 5768 2438 5822 sedet
2464 5780 2676 5836 quoque
2701 5783 2917 5837 corpus.
2953 5770 3241 5839 Propterea
3266 5773 3408 5826 enim
3436 5773 3733 5841 subjunxit,

2155 5860 2218 5916 ln
2250 5859 2450 5917 Christo
2476 5858 2621 5913 Jcsu.
2672 5861 2775 5915 Aut
2812 5862 2854 5917 si
2889 5862 2989 5919 hoc
3020 5880 3127 5919 non
3179 5866 3247 5919 ita
3275 5867 3344 5921 sit
3366 5909 3379 5932 ,
3409 5866 3503 5921 sed
3534 5884 3731 5924 conre-
