4140 6552
313 399 376 454 53
1217 385 1279 440 lN
1324 383 1545 439 nmsr.
1591 382 1681 438 .to
1724 381 1969 436 El‘llliS.
2013 379 2166 435 CAP.
2213 380 2276 437 ιι.
2319 381 2550 438 auum.
2599 380 2685 438 iv.
3541 392 3611 446 st

310 510 580 568 suscitavit
611 523 708 579 per
755 507 1032 560 lavacrum
1055 543 1072 570 ,
1118 503 1396 574 quomodo
1425 517 1556 573 ergo
1600 502 1901 558 consedere

307 601 456 658 fecit?
487 601 620 657 Nam
669 600 728 656 Si
755 599 1093 662 sustinemus,
1130 597 1340 668 inquit,
1391 605 1438 650 et
1481 596 1905 666 conregnabimns

315 697 404 772 (2.
440 693 573 748 Tim.
605 693 661 749 2.
691 691 757 748 12
788 692 831 763 ).
891 691 949 746 Si
999 691 1263 744 morimur
1286 732 1299 756 ,
1331 689 1493 745 etiam
1543 690 1701 743 simul
1753 687 1902 742 vive-

310 804 439 843 mus.
469 786 670 856 Spiritu
719 798 908 840 revera
955 798 1090 853 opus
1115 794 1198 838 est
1233 792 1290 837 et
1317 781 1648 837 revelatiOne
1675 820 1689 846 ,
1721 790 1776 833 ut
1823 782 1876 833 in

310 880 604 949 telligamus
651 877 975 948 profundum
1021 876 1214 929 horum
1263 875 1661 947 mysteriorum.
1700 870 1904 926 Deinde

311 989 369 1028 ne
406 971 562 1026 fidem
609 985 716 1023 non
763 968 966 1023 habeas
989 1010 1003 1035 ,
1033 967 1159 1022 vide
1189 968 1316 1038 quid
1363 966 1654 1036 subjungat
1686 982 1699 1018 :
1731 965 1785 1019 7.
1833 960 1900 1017 Ut

313 1064 576 1120 ostenderet
608 1064 662 1115 in
689 1061 890 1115 scecalis
917 1059 1385 1128 supervenientibus
1421 1060 1738 1112 abundantes
1766 1056 1900 1110 divi-

313 1161 394 1212 tias
421 1158 600 1230 gratia:
636 1171 775 1218 sate,
800 1156 854 1208 in
885 1155 1109 1209 bonitate
1143 1172 1300 1219 super
1321 1171 1414 1208 nos
1442 1155 1495 1208 in
1518 1153 1720 1208 Christo
1751 1132 1923 1206 lesu.’

312 1251 427 1307 Nam
453 1250 703 1320 quoaiam
738 1248 828 1302 illa
853 1247 988 1301 dixit
1009 1247 1078 1302 de
1099 1246 1353 1311 Christo;
1381 1262 1502 1316 qu:e
1531 1253 1709 1299 autem
1738 1243 1896 1310 dixit,

311 1342 368 1398 ad
395 1360 486 1397 uos
518 1342 649 1396 nihil
683 1352 881 1395 erant:
931 1356 1054 1393 nam
1099 1340 1226 1410 qttid
1271 1338 1337 1393 ad
1367 1352 1467 1393 nos
1511 1339 1555 1392 si
1586 1337 1676 1392 ille
1721 1352 1903 1391 resur-

313 1439 469 1494 rexit?
494 1434 736 1490 ostendit
760 1434 810 1486 id
837 1447 1053 1503 quoque
1075 1431 1140 1485 ad
1166 1447 1264 1486 nos
1297 1435 1586 1500 pertinere,
1607 1429 1651 1483 si
1679 1427 1897 1499 quidem

312 1535 351 1587 is
377 1531 520 1585 nobis
548 1539 634 1582 est
682 1527 898 1589 ttuiltts;
932 1525 1031 1578 nisi
1057 1523 1201 1594 quod
1231 1539 1476 1579 seorsum
1525 1523 1655 1577 dicit
1681 1538 1802 1593 qua:
1830 1521 1896 1576 ad

312 1640 400 1678 nos
429 1622 697 1692 pertinent
729 1637 742 1672 :
777 1617 842 1671 Et
874 1633 990 1670 cum
1020 1632 1242 1670 essemus
1271 1617 1459 1668 mortui
1489 1615 1708 1683 peccatis
1729 1655 1743 1678 ,
1776 1631 1900 1667 con-

311 1715 599 1770 resuscitavit
631 1722 679 1765 et
709 1711 983 1764 ronsedere
1007 1710 1144 1777 ferit.
1197 1709 1584 1777 Quamobrem,
1650 1708 1786 1762 sicut
1816 1707 1897 1761 di-

315 1810 512 1870 cebam,
545 1806 654 1859 noli
688 1820 795 1858 non
829 1803 1032 1856 habere
1063 1801 1219 1856 Iidem
1243 1842 1258 1862 ,
1301 1811 1519 1870 accepta
1547 1801 1893 1856 demonstra-

316 1904 442 1956 tione
483 1908 534 1952 et
578 1914 648 1952 ex
698 1897 971 1967 prioribus
1019 1904 1075 1950 et
1121 1911 1183 1949 ex
1237 1897 1413 1964 capite
1443 1904 1496 1948 et
1529 1910 1593 1947 ex
1640 1909 1706 1947 eo
1752 1893 1896 1963 quod

320 1997 434 2050 velit
459 1991 740 2048 ostendere
769 2006 923 2045 suam
967 1990 1279 2043 bonitatem.
1331 1986 1614 2054 Quomodo
1643 1987 1785 2040 enim
1810 2001 1898 2038 os-

325 2088 510 2149 tendet,
556 2087 595 2140 si
648 2086 754 2139 hoc
799 2101 905 2138 non
959 2082 1154 2138 factum
1203 2080 1406 2135 fuerit?
1452 2081 1517 2133 lit
1547 2080 1797 2134 ostendet
1844 2078 1896 2132 iu

318 2182 503 2235 seculis
553 2177 1089 2248 supervenienttibus.
1148 2175 1456 2243 Quidnam?
1503 2173 1655 2241 Quod
1703 2187 1893 2241 magna

314 2276 402 2326 sint
431 2274 556 2324 bona
583 2280 644 2324 et
676 2271 932 2322 omnibus
960 2268 1321 2320 credibilium.
1351 2265 1483 2319 Nam
1510 2279 1650 2318 nunc
1678 2264 1892 2332 quidem

311 2385 414 2436 qua:
439 2367 728 2427 dicuntur,
766 2361 1056 2416 incredulis
1089 2360 1338 2412 videntur
1377 2372 1497 2413 esse
1539 2371 1735 2426 nugm;
1771 2366 1897 2409 tunc

307 2471 464 2512 autem
511 2475 707 2510 omnes
761 2456 956 2509 scient.
1010 2453 1100 2506 Vis
1145 2451 1196 2505 di
1231 2466 1354 2505 cere
1411 2451 1572 2503 etiam
1623 2446 1896 2518 quomodo

307 2553 410 2606 let-il
443 2547 782 2605 Consedere?
813 2545 948 2600 Audi
986 2547 1158 2613 ipsum
1191 2518 1464 2597 Chr’iStum
1511 2541 1780 2594 dicentem
1811 2538 1888 2590 tli-

305 2645 508 2712 seipulis
541 2663 551 2694 :
585 2641 846 2696 Setlrbitis
877 2655 1030 2701 super
1067 2638 1335 2691 duodecim
1377 2634 1520 2688 sedes
1542 2677 1555 2697 ,
1599 2632 1895 2703 jndicantrs

304 2738 550 2790 duoderim
595 2735 762 2787 tribas
826 2731 1029 2791 Israel;
1071 2739 1125 2784 et
1169 2744 1392 2791 rursus,
1432 2726 1622 2780 Sedere
1660 2733 1828 2776 autent
1865 2740 1895 2774 (ι

303 2834 504 2887 drtrteris
543 2833 675 2884 meis
721 2840 768 2882 et
797 2845 828 2880 (ι
869 2827 1087 2881 sinistris
1114 2867 1128 2890 ,
1171 2843 1270 2878 non
1303 2834 1375 2876 est
1421 2837 1586 2874 meum
1623 2819 1746 2871 dare
1768 2857 1782 2882 ,
1807 2816 1896 2868 sed

302 2927 464 2996 quibus
496 2934 741 2994 paratum
769 2932 841 2974 est
873 2940 900 2973 a
931 2919 1085 2972 Patre
1114 2935 1222 2971 meo
1245 2915 1468 2988 (Matth.
1496 2913 1582 2968 19.
1613 2912 1703 2966 ‘28.
1733 2923 1779 2964 et
1801 2909 1892 2964 ΞΟ.

299 3020 401 3083 95).
437 3020 523 3071 list
552 3018 739 3084 itaque
770 3022 1037 3083 paratum.
1085 3011 1148 3064 Et
1180 3022 1328 3063 recte
1358 3007 1522 3070 dicit,
1571 3003 1632 3057 In
1675 3003 1896 3058 bonitate

300 3129 439 3184 super
470 3129 560 3164 nos
598 3111 657 3162 in
704 3109 908 3162 Christo
949 3105 1092 3159 Jcsu.
1142 3103 1344 3159 Sedere
1386 3101 1528 3154 enim
1559 3115 1586 3152 a
1618 3098 1854 3153 dexteris
1878 3138 1892 3161 ,

301 3217 368 3261 csl
416 3205 638 3258 honoris
685 3203 774 3272 qui
816 3215 1031 3254 onmem
1081 3206 1301 3268 superat
1350 3195 1635 3259 honorem,
1682 3202 1736 3246 et
1775 3195 1896 3260 post

301 3313 445 3366 quem
475 3313 581 3349 non
612 3304 744 3347 sunt
788 3293 914 3345 alia.
951 3291 1059 3344 lloe
1090 3305 1218 3358 ergo
1251 3287 1521 3351 dixit,nos
1542 3299 1752 3354 quoque
1780 3298 1894 3336 ses-

300 3404 460 3442 sui-os.
497 3387 641 3441 Vere
670 3392 797 3439 sont
823 3392 1212 3452 exsuperantcs
1243 3380 1479 3447 divitiae,
1512 3393 1636 3432 vere
1664 3390 1895 3444 exsupe-

299 3499 414 3536 rans
457 3480 776 3551 magnitudo
823 3478 943 3548 ejus
989 3475 1236 3538 virtutis,
1273 3474 1462 3528 sedere
1499 3486 1621 3524 eum
1650 3467 1889 3524 Christo.

299 3575 508 3629 Etiamsi
541 3573 697 3628 mille
727 3571 930 3626 habeas
955 3569 1187 3632 animas,
1215 3565 1627 3636 propteripsum
1657 3577 1751 3615 eas
1785 3576 1890 3613 non

299 3670 506 3739 perdis?
547 3683 676 3722 nam
731 3667 832 3722 etsi
879 3665 933 3718 in
984 3665 1158 3734 ignem
1207 3670 1352 3716 esset
1396 3656 1702 3712 intrandum
1732 3697 1746 3720 ,
1793 3671 1894 3708 an-

297 3781 396 3819 non
424 3771 704 3835 oporteret
750 3761 853 3815 hoc
911 3765 1158 3828 prompte
1211 3751 1516 3808 sustinere?
1566 3750 1734 3806 Porro
1779 3748 1896 3817 ipse

293 3874 497 3928 quoque
555 3869 750 3910 rursus
796 3853 964 3913 dicit,
1020 3848 1154 3903 Volo
1207 3855 1263 3900 ut
1303 3845 1390 3899 ubi
1445 3858 1562 3898 sum
1613 3857 1745 3911 ego,
1794 3841 1894 3908 mi:

297 3951 437 4003 nistri
467 3961 686 4018 quoque
719 3945 822 3998 mei
870 3944 978 3996 sint
1007 3939 1188 4009 (Joan.
1226 3938 1314 3993 12.
1347 3936 1466 4007 26).
1502 3934 1632 3989 Nam
1666 3934 1708 3986 si
1738 3947 1895 4002 opor-

299 4050 426 4097 teret
449 4039 696 4111 quotidie
732 4033 1028 4097 dlS:CCiII‘l,
1061 4047 1240 4086 annon
1281 4036 1558 4099 oporteret
1597 4026 1647 4080 id
1695 4041 1791 4094 pro
1829 4040 1896 4078 eo

295 4145 536 4204 prompto
569 4142 626 4188 et
677 4129 841 4185 alacri
891 4127 1072 4182 animo
1116 4124 1434 4194 suscipere?
1463 4121 1650 4191 Cogita
1683 4119 1772 4172 ubi
1805 4118 1896 4174 ille

297 4227 490 4281 sederit
523 4247 536 4278 :
569 4225 750 4294 Supra
777 4237 979 4276 onmem
1008 4217 1354 4290 principatum
1382 4224 1428 4268 et
1457 4223 1778 4285 potestatem.
1825 4211 1898 4266 Et

292 4336 411 4375 cum
453 4336 560 4390 quo
611 4314 918 4371 consedes?
959 4313 1093 4368 Cum
1148 4312 1258 4366 illo.
1303 4309 1561 4376 Quisnam
1606 4323 1729 4361 cum
1777 4305 1896 4359 sis?

297 4413 566 4473 Mortuus,
601 4421 792 4464 natura
843 4407 984 4461 ﬁlius
1028 4405 1144 4458 ine.
1189 4403 1254 4456 Et
1279 4401 1406 4470 quid
1449 4410 1596 4455 recte
1635 4396 1897 4468 SQS>iSli?

297 4505 456 4559 Nihil.
495 4503 636 4558 Vere
664 4517 795 4569 ergo
820 4507 904 4553 est
929 4503 1292 4566 opportunum
1323 4492 1629 4547 exclamare
1656 4510 1668 4545 :
1704 4488 1749 4544 0
1777 4487 1899 4542 alti-

296 4599 413 4650 tudo
430 4599 480 4650 di
487 4596 728 4650 ritiarmn
745 4602 791 4646 et
813 4590 1077 4660 sapientia:
1093 4597 1138 4640 et
1155 4585 1460 4658 cognitionis
1481 4582 1579 4638 Dei
1601 4581 1775 4652 (Rom.
1805 4583 1823 4636 l
1844 4582 1860 4636 l
1878 4621 1893 4636 .

303 4693 384 4759 53)
410 4691 424 4744 ι
457 4689 511 4744 8.
541 4687 726 4741 Gratia
753 4684 910 4744 enim,
937 4681 1130 4752 inquit,
1164 4679 1280 4733 estis
1310 4677 1514 4732 salt-uti.
1549 4675 1679 4729 Nam
1711 4689 1776 4729 ne
1805 4674 1898 4728 be-

302 4784 610 4837 neﬁciorum
663 4773 980 4847 magnitudo
1022 4782 1074 4827 te
1105 4771 1358 4834 extollat,
1390 4768 1514 4823 vide
1542 4767 1814 4838 quomodo
1847 4776 1899 4820 te

300 4884 504 4928 toerret
526 4880 580 4927 et
601 4868 941 4938 comprimit:
964 4863 1144 4919 Gratia
1161 4864 1314 4922 enim,
1343 4861 1532 4930 inquit,
1553 4860 1670 4914 estis
1693 4859 1896 4914 saluati.

307 4969 400 5024 Per
431 4968 608 5037 ﬁdem.
653 4961 862 5018 Deinde
912 4973 1100 5013 rursus
1147 4972 1216 5010 ne
1262 4955 1490 5011 liberum
1545 4953 1901 5024 perimeretur

300 5059 604 5121 arbitrium,
641 5055 822 5124 posuit
850 5052 1010 5106 etiam
1040 5065 1160 5119 quae
1201 5056 1326 5102 sunt
1355 5056 1575 5112 nostra;
1611 5054 1666 5101 et
1713 5061 1900 5100 rursus

299 5152 471 5224 ipsum
500 5149 744 5211 sustulit,
775 5155 832 5200 et
854 5145 1004 5208 dicit,
1036 5141 1100 5195 Et
1125 5142 1220 5195 hoc
1255 5157 1354 5194 non
1383 5155 1445 5193 ea:
1472 5139 1635 5193 nobis.
1667 5138 1744 5192 Nc
1769 5139 1900 5192 lidcs

303 5249 509 5314 quidem
541 5287 555 5313 ,
585 5243 760 5314 inquit
787 5283 801 5307 ,
831 5247 917 5295 est
940 5254 1009 5293 ex
1040 5237 1197 5290 nobis
1225 5253 1240 5289 :
1268 5251 1393 5288 nam
1425 5233 1469 5288 si
1502 5249 1608 5287 non
1640 5235 1896 5295 venisset,

299 5339 344 5393 si
376 5354 478 5394 non
501 5343 774 5399 vocasset,
798 5329 1068 5403 quonmdo
1091 5327 1454 5400 potuissemus
1476 5325 1735 5380 credere?
1761 5325 1902 5393 Quo-

305 5434 451 5486 modo
479 5435 647 5493 enim.
679 5427 874 5498 inquit,
903 5424 1128 5488 credent,
1161 5421 1261 5475 nisi
1287 5421 1578 5473 audiverim
1603 5418 1784 5488 (Rom.
1813 5423 1900 5472 10.

309 5529 445 5598 lt)?
474 5528 651 5595 Quare
685 5539 788 5578 nec
833 5520 953 5575 fidei
979 5529 1060 5573 est
1093 5527 1360 5571 nostrum.
1410 5515 1503 5568 Dei
1526 5556 1540 5581 ,
1589 5515 1789 5583 inquit,
1830 5524 1902 5567 est

307 5620 610 5682 donatiui).
659 5633 762 5670 non
813 5629 877 5666 ea:
919 5611 1173 5683 operibus.
1225 5608 1340 5664 Non
1370 5607 1514 5662 enim
1563 5606 1900 5672 Suffecisset,

311 5709 497 5779 inquit,
528 5710 658 5765 ﬁdes
685 5707 752 5762 ad
781 5707 1035 5761 salutem.
1065 5703 1168 5759 Sed
1195 5719 1261 5756 nc
1293 5702 1447 5757 nobis
1472 5704 1654 5756 vacuis
1683 5711 1734 5755 et
1763 5702 1904 5754 otio-

310 5805 381 5854 sis
409 5803 500 5857 det
533 5803 780 5862 saltuum,
820 5797 972 5862 Eam,
1001 5797 1191 5865 inquit,
1228 5796 1371 5850 Deus
1403 5794 1702 5865 requisivit.
1736 5793 1902 5858 Dixit,

307 5895 448 5954 (ιιιυιι
491 5893 670 5949 sal-vos
720 5893 911 5950 iecerit
961 5892 1126 5957 lidt-s,
1173 5889 1266 5946 sed
1298 5905 1392 5960 per
1421 5889 1586 5943 Deum
1617 5903 1903 5959 :quomant

2017 500 2157 556 Deus
2198 503 2409 566 voluit,
2465 505 2644 561 salvos
2695 505 2824 561 fecit
2870 507 3024 564 ﬁdes.
3077 511 3291 583 Alioqui
3344 521 3618 586 quomodo

2013 593 2190 648 salvos
2226 592 2353 648 facit
2402 594 2535 652 lides
2576 598 2780 667 absque
2812 602 3108 668 Oper-ibus?
3153 605 3262 660 lloc
3314 609 3484 677 ipsum
3532 623 3616 666 est

2017 684 2107 738 Dei
2157 683 2384 753 donum,
2421 685 2506 741 Ne
2533 690 2647 758 quis
2677 691 2956 760 glorietur,
2991 705 3043 748 ut
3077 711 3173 750 nos
3203 711 3386 767 gratos
3416 702 3616 757 alliciat

2011 776 2154 830 circa
2207 776 2459 846 gratiam.
2509 779 2648 846 Quid
2699 798 2868 852 ergo,
2909 785 3131 856 'inquit,
3185 789 3460 858 prohibuit
3502 794 3619 864 ipse

2003 867 2289 939 justiﬁcari
2343 887 2408 926 ex
2457 875 2751 942 Operibus?
2794 877 3143 949 Nequaquam
3172 899 3184 934 :
3216 884 3309 938 sed
3347 926 3363 951 ,
3391 887 3606 951 Nullus,

2017 962 2224 1030 inquit,
2268 960 2594 1032 jnstiticatus
2641 976 2724 1021 est
2770 983 2835 1022 ex
2879 974 3134 1041 operibus
3161 1016 3176 1041 ,
3214 986 3268 1029 ut
3297 979 3616 1036 ostendatur

2010 1054 2102 1108 Dei
2135 1057 2304 1126 gratia
2333 1067 2385 1112 et
2415 1058 2740 1128 benignitas.
2765 1060 2880 1115 Non
2907 1066 3104 1132 repulit
3137 1067 3398 1124 habentes
3422 1087 3612 1140 opera,

2008 1149 2102 1203 sed
2132 1165 2258 1216 eos,
2289 1151 2376 1220 qui
2426 1163 2551 1206 sunt
2583 1155 2779 1223 proditi
2827 1156 2895 1209 ab
2927 1159 3182 1226 operibus
3210 1201 3224 1225 ,
3277 1163 3454 1218 salvos
3487 1162 3612 1220 fecit

2007 1241 2197 1312 gratia,
2231 1252 2286 1296 ut
2322 1244 2500 1299 nullus
2530 1245 2598 1299 de
2623 1259 2825 1301 cmtero
2856 1250 3023 1316 possit
3051 1251 3293 1320 gloriari.

2079 1336 2132 1391 ’5.
2168 1337 2374 1391 Deinde
2407 1354 2473 1393 ne
2498 1381 2512 1405 ,
2543 1355 2666 1394 cum
2700 1341 2936 1396 audieris
2958 1384 2973 1410 ,
3005 1345 3146 1414 quod
3191 1362 3300 1400 non
3327 1364 3393 1402 ex
3423 1351 3605 1419 aperi-

2008 1429 2128 1493 bus,
2160 1430 2258 1486 sed
2291 1433 2395 1488 tidc
2421 1443 2587 1488 totum
2616 1444 2824 1505 gestum
2856 1439 2945 1504 sit,
2976 1441 3186 1496 otiosus
3215 1459 3455 1513 maneas,
3489 1446 3612 1502 \ide

2007 1521 2134 1590 quid
2151 1524 2518 1594 subjunxcrit:
2542 1529 2628 1583 10.
2649 1527 2823 1597 Ipsius
2845 1533 2977 1584 enim
3005 1549 3180 1588 sumus
3201 1539 3421 1605 factura,
3455 1541 3612 1592 creati

2006 1613 2057 1667 in
2107 1614 2309 1671 Christo
2359 1617 2486 1674 Jesn
2534 1621 2588 1674 in
2635 1623 2872 1692 operibus
2917 1625 3100 1693 bonis,
3146 1644 3260 1698 qua:
3300 1634 3613 1701 praeparavit

2009 1704 2145 1760 Deus
2195 1719 2247 1762 ut
2293 1711 2346 1763 in
2397 1713 2501 1765 illis
2545 1715 2881 1770 ambulemus.
2919 1716 3053 1772 Vide
3092 1721 3219 1790 quid
3272 1724 3386 1792 ipse
3415 1725 3553 1780 dicat
3593 1745 3609 1784 :

2005 1804 2473 1870 regenerationem
2503 1805 2588 1859 hic
2619 1807 2945 1864 subindicat.
2973 1810 3177 1866 Revera
3209 1815 3311 1868 alia
3343 1826 3425 1870 est
3452 1832 3607 1872 crea-

1953 1976 1956 1979 Ι
2006 1891 2123 1946 tio:
2159 1910 2225 1948 ex
2259 1896 2427 1952 nihilo
2456 1899 2704 1968 producti
2754 1917 2940 1957 smnus
2971 1905 3038 1958 ad
3089 1905 3194 1962 hoc
3233 1921 3287 1962 ut
3339 1927 3604 1967 essemus.

2003 1985 2157 2053 Quod
2191 2005 2407 2044 eramus
2452 1993 2600 2061 prius
2625 2037 2640 2059 ,
2674 1999 2868 2050 mortui
2916 2012 3104 2070 sqmus
3125 2043 3140 2064 ,
3173 2003 3274 2058 hoc
3302 2015 3404 2070 est,
3441 2006 3607 2061 homo

2004 2090 2190 2145 vetus;
2224 2083 2364 2150 quod
2399 2085 2543 2152 prius
2573 2100 2676 2140 non
2709 2103 2947 2157 eramus,
2984 2091 3105 2147 l'acti
3148 2109 3355 2150 sumus.
3393 2099 3605 2154 Recens

2004 2188 2130 2241 ergo
2174 2184 2257 2228 est
2303 2177 2505 2230 creatio
2538 2180 2716 2247 priore
2747 2183 2941 2236 melior
2979 2193 3034 2239 et
3070 2191 3412 2256 praestantior
3439 2209 3451 2245 ε
3479 2208 3601 2247 nam

2003 2282 2066 2319 ex
2101 2267 2189 2320 illa
2220 2268 2460 2336 quidem,
2487 2285 2544 2324 ut
2566 2273 2905 2341 viveremus;
2928 2293 2994 2331 ex
3028 2277 3125 2332 hac
3153 2292 3356 2347 autem,
3381 2293 3437 2336 ut
3468 2285 3604 2339 bene

2005 2351 2306 2407 viveremus
2331 2354 2582 2409 effectum
2617 2367 2720 2412 est.
2750 2358 2816 2412 In
2845 2361 3085 2430 optribns
3117 2365 3259 2418 bonis
3281 2407 3296 2429 ,
3329 2383 3443 2436 qua:
3470 2386 3608 2437 prte-

2003 2449 2202 2514 pararit
2256 2446 2390 2501 Deus
2419 2460 2472 2501 nt
2519 2451 2572 2503 in
2619 2451 2683 2506 iis
2729 2453 3080 2519 ambulemus;
3114 2473 3240 2519 non.
3274 2457 3347 2514 Ut
3377 2462 3604 2530 incipia-

2003 2553 2123 2592 mus
2145 2580 2159 2603 ,
2194 2540 2286 2594 sed
2315 2582 2329 2603 ,
2363 2539 2430 2596 Ut
2473 2542 2788 2599 ambulemus
2812 2561 2832 2599 :
2854 2559 3110 2616 perpetua
3139 2551 3281 2604 enim
3315 2553 3468 2608 nobis
3497 2556 3607 2608 vir-

2005 2637 2116 2682 tute
2133 2645 2270 2699 opus
2287 2642 2387 2696 est,
2416 2642 2473 2687 et
2493 2644 2715 2689 extensa
2745 2651 2917 2707 usque
2935 2638 3003 2693 ad
3023 2651 3264 2698 nostrum
3290 2643 3600 2703 decessum.

2002 2719 2186 2790 Neque
2215 2723 2391 2787 enim,
2435 2725 2480 2779 si
2511 2737 2656 2781 esset
2699 2727 3112 2798 ingrediendum
3145 2734 3226 2788 via
3256 2753 3376 2804 qute
3403 2737 3508 2792 fert
3535 2740 3602 2794 ad

2002 2815 2192 2870 urbem
2235 2818 2476 2886 regiam,
2520 2821 2719 2876 deinde
2763 2839 2884 2877 cum
2937 2825 3198 2894 majorem
3232 2833 3348 2898 ejus
3399 2844 3604 2902 partem

2001 2910 2423 2966 coniecissemus
2446 2953 2462 2979 ,
2514 2915 2656 2968 circa
2705 2919 2878 2986 ipsum
2913 2919 3072 2974 tinem
3105 2919 3280 2991 ignavi
3309 2934 3363 2978 et
3411 2927 3606 2981 molles

2002 3002 2198 3057 redditi
2246 3005 2577 3059 scdissemus
2602 3049 2616 3073 ,
2650 3009 2806 3063 nobis
2856 3010 3150 3079 profuisset
3197 3015 3494 3086 ingressus.
3529 3020 3601 3075 Ita

2003 3109 2104 3149 nec
2145 3109 2269 3167 spes
2299 3098 2598 3152 vocationis
2630 3099 2921 3171 quidquam
2955 3103 3244 3171 profuisset
3271 3149 3283 3170 ,
3317 3123 3428 3162 rem
3460 3108 3603 3165 illam

2004 3187 2440 3258 possidentibus,
2492 3192 2597 3246 nisi
2628 3191 2788 3262 digne
2818 3193 2883 3247 ad
2915 3211 3101 3250 vocem
3133 3201 3459 3268 ειιιῃυῐιμιιῑὶε
3486 3219 3605 3256 am-

2004 3279 2394 3337 bulaverimus.
2436 3282 2621 3338 Vocati
2647 3301 2777 3356 ergo
2824 3287 2877 3343 in
2905 3289 3160 3358 operibus
3190 3293 3380 3358 bonis,
3418 3310 3604 3364 persc-

2001 3387 2274 3441 vcremus,
2299 3376 2478 3429 omnia
2507 3388 2814 3446 operantes.
2851 3380 3143 3451 Propterea
3185 3386 3327 3439 enim
3351 3387 3606 3456 appellati

2001 3479 2189 3519 sumus
2214 3506 2227 3530 ,
2257 3482 2364 3520 non
2402 3477 2456 3522 ut
2486 3485 2648 3523 nomn
2675 3469 2957 3526 dumtaxat
2989 3489 3123 3544 opus
3154 3490 3472 3544 Operemur,
3506 3482 3600 3534 sed

2005 3563 2063 3609 ut
2089 3556 2296 3609 omnia.
2325 3557 2475 3612 Sicut
2505 3560 2650 3614 enim
2679 3561 2835 3616 nobis
2863 3574 2988 3617 sunt
3013 3566 3250 3636 quinque
3282 3585 3472 3625 sensus
3497 3612 3511 3634 ,
3551 3582 3608 3626 et

2000 3649 2254 3703 omnibus
2281 3649 2347 3703 ad
2378 3650 2427 3703 id
2461 3651 2602 3720 quiid
2631 3662 2844 3722 oportet
2887 3656 3142 3710 uteudmn
3188 3670 3298 3725 est,
3345 3662 3413 3714 ita
3442 3664 3603 3717 etiam

2002 3743 2258 3797 omnibus
2284 3745 2600 3801 virtutibus.
2653 3745 2708 3801 Si
2753 3747 2874 3816 quis
2915 3759 3096 3803 autem
3145 3752 3214 3805 sit
3260 3762 3606 3823 temperans,

2003 3835 2096 3890 sed
2120 3837 2523 3901 immisericors,
2549 3847 2641 3891 aut
2669 3839 2980 3895 misericors
3001 3842 3238 3912 quidem,
3265 3845 3358 3899 sed
3390 3862 3606 3914 avaros,

2003 3939 2095 3982 aut
2122 3928 2189 3983 ab
2219 3929 2412 3984 alienis
2441 3930 2656 4000 quidem
2687 3932 2981 4000 abstineat,
3011 3934 3106 3990 sed
3131 3935 3197 3990 de
3226 3936 3338 3991 suis
3370 3955 3474 3993 non
3506 3941 3608 3995 im-

2005 4024 2220 4092 pertiat,
2255 4022 2453 4078 l’rustra
2488 4025 2622 4078 ﬁunt
2662 4025 2864 4081 omnia.
2909 4026 3025 4081 Non
3084 4030 3226 4083 enim
3265 4031 3464 4086 sufﬁcit
3505 4051 3610 4088 una

2003 4117 2172 4172 virtus
2197 4159 2213 4182 ,
2257 4126 2314 4172 ut
2360 4133 2481 4173 cum
2511 4117 2702 4173 ﬁducia
2730 4120 2986 4175 sistamur
3013 4120 3078 4176 ad
3108 4123 3344 4178 tribunal
3384 4123 3608 4192 Christi,

2003 4209 2097 4264 sed
2157 4209 2363 4275 multa,
2417 4210 2564 4264 varia
2609 4220 2663 4266 et
2722 4212 2901 4266 onmis
2950 4215 3164 4282 generis
3195 4256 3208 4280 ,
3256 4225 3420 4286 atque
3473 4220 3610 4276 adut

2003 4300 2152 4355 omni
2210 4303 2407 4356 virtute
2455 4311 2540 4357 est
2593 4318 2751 4372 opus.
2805 4303 2944 4358 Audi
3004 4305 3148 4359 enim
3201 4307 3473 4364 Christum
3525 4315 3610 4365 di-

2003 4403 2218 4449 centem
2263 4393 2539 4463 discipulis
2571 4412 2584 4447 :
2616 4393 2808 4450 Euntes
2854 4397 3026 4450 docete
3073 4414 3246 4454 omnes
3287 4412 3482 4472 gentes,
3516 4407 3614 4457 (lo-

2003 4495 2169 4538 centes
2200 4501 2282 4538 eos
2307 4501 2507 4540 seruare
2527 4488 2700 4539 omnia
2720 4504 2836 4556 qua:
2860 4489 3098 4543 mandavi
3130 4493 3284 4555 vobis,
3312 4505 3364 4548 et
3395 4511 3609 4566 rursus,

2007 4579 2068 4635 Si
2097 4581 2212 4648 quis
2237 4582 2441 4634 solrcrit
2474 4599 2631 4636 unum
2660 4600 2723 4638 ex
2749 4586 3006 4641 mandatis
3036 4589 3147 4642 istis
3179 4592 3422 4657 minimis,
3456 4595 3579 4647 mini
3591 4623 3610 4634 -

2005 4692 2116 4728 mus
2145 4675 2402 4728 vetabitur
2429 4677 2480 4730 in
2512 4694 2669 4749 regno
2698 4680 2939 4733 cartorum
2967 4680 3202 4752 (Matth.
3230 4686 3322 4740 28.
3356 4687 3442 4742 l9.
3477 4700 3525 4742 et
3552 4691 3609 4747 ὅ.

2008 4768 2098 4840 19)
2129 4787 2140 4821 :
2174 4769 2275 4824 hoc
2318 4778 2436 4835 est,
2485 4770 2536 4824 in
2573 4774 2992 4830 resurrectione.
3039 4776 3156 4830 Non
3189 4780 3332 4844 enim
3388 4780 3609 4836 intrabit

2008 4864 2059 4919 in
2089 4880 2310 4934 regnum
2347 4880 2506 4918 :nam
2539 4865 2711 4934 ipsum
2752 4883 2966 4938 quoque
2998 4879 3212 4940 tempus
3258 4874 3614 4928 resurrectio-

2008 4959 2093 5013 nis
2123 4943 2576 5026 rcgnmn‘vocarc
2604 4961 2761 5014 solet.
2811 4960 2872 5014 Si
2901 4977 3057 5014 unum
3083 5004 3099 5028 ,
3131 4963 3339 5033 inquit,
3371 4966 3574 5019 solverit
3594 5009 3610 5034 ,

2008 5053 2248 5107 minimus
2263 5051 2908 5120 vocabitur.Quamobrem
2925 5055 3079 5108 nobis
3092 5071 3228 5125 opus
3243 5066 3324 5111 est
3341 5058 3611 5114 omnibus.

2083 5144 2212 5199 Sine
2231 5143 2550 5214 eleemosyna
2572 5161 2672 5198 non
2703 5147 2924 5200 intratur
2945 5147 2998 5200 in
3017 5165 3228 5219 regnum
3259 5150 3520 5205 ra'loram.
3543 5181 3617 5194 -—-

2017 5237 2144 5293 Vide
2173 5244 2351 5290 autem
2379 5235 2652 5306 quomodo
2684 5253 2788 5291 non
2835 5239 2953 5293 sine
2983 5240 3328 5312 elcemosyna
3376 5243 3501 5297 licet
3529 5244 3615 5299 in-

2012 5341 2190 5396 trare,
2239 5329 2334 5384 sed
2376 5331 2418 5383 si
2465 5329 2575 5398 ipsa
2618 5330 2732 5384 sola
2777 5329 2916 5385 desit
2951 5373 2966 5398 ,
2997 5333 3265 5388 abibimus
3307 5335 3358 5387 in
3411 5335 3614 5405 ignem.

2012 5423 2175 5484 Abite,
2222 5420 2422 5490 inquit,
2457 5418 2716 5474 maledicti
2742 5463 2757 5487 ,
2785 5422 2839 5475 in
2867 5423 3032 5494 ignem
3062 5434 3306 5478 a:ternum
3330 5465 3348 5494 ,
3380 5441 3616 5498 paratum

2011 5515 2215 5568 diabolo
2239 5525 2284 5568 et
2315 5515 2512 5586 angelis
2539 5515 2668 5586 ejus.
2694 5513 2801 5569 Cur
2827 5525 2880 5570 et
2909 5533 3139 5586 quanam
3159 5517 3227 5573 dc
3249 5522 3450 5575 causa?
3477 5522 3616 5590 Quo-

2012 5608 2152 5662 niam
2179 5608 2353 5673 esnrii,
2384 5617 2428 5661 et
2459 5626 2559 5662 non
2590 5608 2802 5662 dedistis
2833 5610 2959 5663 mihi
2983 5611 3120 5676 quod
3152 5615 3464 5668 conn-tierent
3493 5631 3513 5670 .°
3539 5615 3584 5668 si
3596 5643 3614 5657 -

2013 5706 2130 5768 tiri,
2168 5711 2343 5758 ct'non
2389 5703 2597 5759 dedistis
2636 5705 2758 5758 mihi
2787 5715 2962 5775 potam
2998 5705 3214 5779 (Matth.
3259 5707 3350 5765 25.
3378 5710 3468 5764 Η.
3501 5710 3616 5780 42).

2015 5797 2206 5852 Vidisti
2257 5797 2531 5867 quomodo
2575 5799 2777 5854 nullius
2822 5799 3047 5855 alterius
3076 5803 3356 5870 accusati,
3398 5815 3619 5873 propter

2016 5888 2120 5946 hoc
2151 5891 2321 5946 solum
2351 5891 2669 5960 perierunt?
2701 5891 2767 5946 Et
2798 5892 3029 5964 virgines
3074 5905 3291 5966 propter
3320 5897 3417 5949 hoc
3445 5894 3621 5950 solum
