4140 6574
511 378 584 430 5Ξί
1214 370 1266 426 S.
1306 366 1583 424 JOANNIS
1620 362 2086 422 CHRYSOSTOMI
2130 363 2444 419 AliCIIIEP.
2483 363 3018 424 CONSTA‘NTINOP.
3527 363 3534 366 ’
3739 369 3811 425 ξω

513 498 697 560 ejecta:
742 499 867 543 sunt
896 506 923 542 e
970 486 1235 547 thalamo,
1269 485 1390 538 licet
1434 483 1698 536 baberent
1747 484 2096 549 castitatem;

515 584 607 636 sed
652 582 773 652 quia
805 583 1162 650 eleemosyna:
1193 591 1372 630 vacare
1400 584 1585 638 erant,
1619 589 1739 628 cmn
1786 588 1985 643 sponso
2027 572 2108 625 itt-

515 688 713 741 gressat
743 688 846 724 non
873 680 1015 724 sunt.
1050 667 1233 720 Pacem
1256 711 1270 728 ,
1304 665 1508 735 inquit,
1539 680 1654 717 cum
1682 664 1913 716 omnibus
1941 679 2108 730 perse-

513 764 743 831 quimini.
773 773 818 816 et
846 760 1254 822 sanctimouimn,
1287 758 1395 811 sine
1415 773 1515 826 qua
1542 773 1687 809 nemo
1716 755 1896 808 videbit
1929 753 2108 808 Domi-

516 874 636 907 num
682 853 865 923 (Hebr.
898 852 983 906 12.
1021 852 1128 919 id»).
1165 851 1352 919 Cogita
1381 865 1509 918 ergo
1550 848 1690 917 quod
1719 849 1834 901 sine
1861 849 2106 902 castitate

515 946 728 1015 quidem
762 960 867 996 non
915 944 1038 997 licet
1090 942 1256 996 Deum
1291 941 1509 1004 videre;
1541 956 1645 994 non
1679 942 1900 992 oumino
1927 948 2104 992 autem

515 1053 635 1089 enm
683 1035 928 1088 castitate
978 1041 1154 1102 potest
1207 1032 1377 1086 videri
1412 1046 1426 1083 :
1459 1047 1600 1099 saepe
1639 1033 1780 1085 enim
1832 1029 1972 1084 aliud
2006 1031 2102 1082 int-

516 1127 684 1196 pedit.
737 1127 942 1178 ltnrsus
973 1125 1015 1177 si
1063 1125 1240 1176 omnia
1275 1134 1420 1177 recte
1463 1124 1820 1188 gesserimus,
1866 1125 2106 1192 proximo

513 1230 691 1272 autem
713 1217 840 1270 ltlllli
865 1216 1239 1286 profuerimus,
1261 1231 1358 1270 nec
1381 1215 1456 1268 sic
1481 1216 1796 1268 intrabimus
1815 1215 1862 1267 lll
1885 1227 2104 1283 regnum

517 1310 655 1380 (λικε.
689 1310 741 1362 2.
786 1308 895 1376 10).
936 1307 1210 1362 Undenant
1258 1306 1359 1362 hoc
1385 1308 1633 1360 consmt?
1667 1307 1740 1358 Ex
1782 1307 1950 1359 servis
1990 1307 2106 1375 qui-

515 1403 615 1455 bus
655 1402 857 1456 crcdita
907 1399 1120 1453 fut-runt
1166 1401 1361 1452 talenta
1404 1397 1615 1468 (Manli.
1661 1397 1778 1468 ‘25).
1821 1396 1950 1450 Nam
1999 1397 2105 1451 illic

515 1497 683 1548 virtus
710 1495 883 1549 omnis
911 1504 1028 1547 erat
1066 1493 1269 1560 integra
1311 1500 1364 1545 et
1388 1491 1595 1546 sincera
1621 1532 1635 1555 ,
1672 1502 1724 1544 et
1772 1491 1900 1543 nihil
1935 1490 2106 1544 fuerat

517 1587 970 1657 praetermissum;
1004 1583 1096 1636 sed
1127 1583 1377 1652 quoniam
1411 1583 1558 1650 piger
1587 1581 1684 1634 fuit
1711 1581 1760 1634 in
1793 1581 2107 1650 negotiatio-

517 1697 583 1735 ne
609 1721 623 1744 ,
651 1679 843 1733 merito
871 1677 966 1729 fuit
999 1676 1221 1744 ejectus.
1256 1675 1535 1729 Deturbari
1565 1675 1725 1728 etiam
1761 1683 1935 1744 potest
1959 1675 2107 1743 quis-

515 1773 657 1841 piam
683 1771 732 1823 in
763 1769 1060 1838 gehennam
1093 1783 1156 1821 ex
1184 1767 1301 1821 Solo
1329 1766 1611 1820 maledicto
1640 1781 1655 1821 :
1690 1782 1809 1819 nam
1841 1766 1929 1836 qui
1955 1766 2100 1828 dicit,

514 1864 704 1933 inqttit,
736 1863 886 1932 fratri
913 1878 1003 1914 suo
1029 1903 1043 1926 ,
1073 1860 1223 1913 stulte
1245 1901 1259 1924 ,
1291 1859 1536 1913 obnoxius
1565 1860 1659 1913 erit
1689 1861 1930 1930 gehennae
1973 1859 2105 1930 ignis

516 1956 734 2027 (Matth.
766 1956 819 2009 5.
858 1954 974 2023 22).
1025 1953 1248 2007 Etiamsi
1282 1955 1400 2022 quis
1441 1954 1620 2006 omnia
1661 1965 1808 2007 recte
1836 1955 2101 2022 gesserit,

514 2051 586 2104 sit
612 2061 790 2104 autem
814 2047 1268 2112 contumeliosus,
1301 2062 1406 2100 non
1443 2047 1681 2100 intrabit.
1714 2045 1822 2100 Nec
1843 2047 2104 2116 quispiam

514 2141 680 2195 Deum
711 2149 926 2194 accuset
956 2137 1310 2202 crudelitatis,
1340 2138 1381 2190 si
1416 2152 1530 2201 eos,
1561 2137 1649 2206 qui
1682 2137 1759 2190 sic
1781 2139 1912 2206 lapsi
1943 2148 2064 2192 sunt
2086 2179 2102 2204 ,

514 2232 734 2303 expellit
761 2247 832 2286 ex
876 2247 1040 2300 regno
1079 2230 1356 2284 etelornm.
1402 2228 1533 2282 Nam
1577 2229 1624 2283 si
1667 2228 1808 2298 apud
1861 2228 2106 2283 homines

513 2328 777 2398 quispiam
809 2325 1099 2396 quidquam
1134 2323 1318 2378 fecerit
1351 2323 1589 2392 iniquum
1626 2332 1679 2376 et
1712 2333 1907 2392 praeter
1937 2323 2103 2392 leges,

514 2421 834 2475 amandatur
877 2434 905 2472 a
950 2427 1242 2485 conspectu
1281 2418 1423 2485 regis
1445 2459 1458 2481 ,
1488 2417 1587 2470 etsi
1619 2431 1780 2469 unam
1811 2431 1877 2470 ex
1901 2416 2106 2471 consti-

520 2515 651 2566 tntis
683 2509 890 2580 legibus
917 2508 986 2562 sit
1028 2518 1433 2577 transgtessus;
1463 2516 1516 2560 et
1547 2508 1590 2562 si
1632 2521 1893 2561 accusans
1919 2507 1989 2561 sit
2012 2522 2106 2561 ca-

515 2603 803 2657 lumniatus
837 2641 852 2667 ,
905 2600 1080 2668 perdit
1135 2601 1502 2668 magistratum
1541 2614 1556 2664 ;
1589 2608 1645 2652 et
1694 2599 1740 2653 si
1785 2599 2106 2654 adulterium

514 2695 853 2769 commiserit
898 2701 956 2749 et
1002 2695 1074 2747 sit
1123 2691 1448 2756 convictus,
1503 2692 1746 2746 redditur
1793 2692 2043 2763 indignus
2089 2710 2104 2746 :

515 2789 761 2858 quamvis
802 2786 1214 2841 innumerabilia
1267 2796 1414 2839 recte
1460 2786 1724 2854 gesserit,
1766 2787 1937 2855 perit;
1968 2796 2023 2841 et
2061 2787 2104 2840 si

515 2881 719 2937 caedem
753 2879 978 2944 fecerit,
1009 2887 1062 2932 et
1095 2877 1377 2946 probatum
1425 2876 1620 2941 fuerit,
1653 2876 1757 2931 hoc
1785 2893 2001 2947 quoque
2037 2878 2105 2932 ad

520 2988 644 3027 eum
692 2968 1027 3041 perdendum
1079 2967 1298 3022 sufficit.
1359 2966 1414 3021 Si
1464 2968 1737 3022 hominum
1786 2967 1930 3037 leges
1973 2967 2108 3023 adeo

515 3075 706 3118 exacte
750 3070 1070 3122 servantur,
1113 3071 1314 3129 quanto
1357 3059 1526 3127 magis
1568 3060 1712 3128 leges
1741 3060 1875 3113 Dei?
1921 3062 1988 3112 At
2026 3069 2110 3114 est

518 3157 695 3211 bonus
717 3196 732 3219 ,
763 3154 954 3224 inquit.
983 3154 1272 3220 Quousque
1294 3150 1410 3205 lucc
1441 3152 1600 3204 stulta
1629 3151 1908 3206 dicemus?
1934 3150 2106 3206 Stulta

519 3261 698 3303 autem
747 3247 897 3312 dixi,
951 3261 1057 3299 non
1102 3243 1244 3315 quod
1295 3259 1402 3298 non
1449 3245 1518 3298 sit
1567 3243 1770 3306 bonus,
1824 3244 1918 3298 sed
1967 3243 2107 3313 quod

520 3340 895 3397 existimemus
936 3338 1053 3408 ejus
1096 3338 1390 3391 bonitatem
1419 3336 1486 3390 ad
1516 3334 1630 3389 ha-c
1673 3335 1827 3389 nobis
1856 3350 1976 3390 esse
2003 3336 2108 3388 uti-

520 3435 659 3500 lent,
701 3433 800 3488 etsi
845 3429 1255 3486 innumerabilia
1287 3429 1357 3484 de
1385 3429 1468 3483 his
1496 3413 1638 3496 szlj’pe
1669 3428 2107 3484 disseruerimus.

521 3525 660 3582 Audi
687 3525 830 3579 enim
859 3521 1186 3591 Seripturam
1213 3521 1481 3574 dicentem
1511 3535 1523 3572 :
1558 3517 1638 3572 Ne
1659 3519 1869 3584 dixeris,
1903 3519 2112 3573 Misera-

523 3617 595 3670 tio
636 3617 746 3685 ejus
787 3625 857 3668 est
914 3613 1112 3677 niulta,
1157 3610 1474 3664 multitudini
1518 3620 1839 3680 peccatorum
1885 3625 2108 3663 meorum

523 3706 882 3776 propitiubitur
930 3702 1121 3774 (Eccli.
1152 3701 1208 3757 5.
1241 3700 1320 3773 ὓ).
1364 3699 1478 3756 Non
1526 3701 1770 3770 prohibet
1805 3715 1902 3755 nos
1931 3702 2113 3756 dicere

525 3797 748 3851 multam
798 3811 918 3850 esse
962 3798 1080 3862 ejus
1129 3793 1536 3848 miserationem
1574 3810 1588 3857 ;
1634 3793 1808 3858 absit;
1860 3810 1965 3847 non
2013 3795 2114 3848 hoc

524 3888 755 3950 suadet,
788 3885 880 3939 sed
911 3895 964 3939 et
995 3900 1093 3937 nos
1125 3884 1236 3937 vult
1264 3882 1366 3937 hoc
1395 3883 1614 3936 assidue
1641 3884 1824 3938 dicere
1852 3925 1866 3951 ,
1900 3895 1954 3938 et
1986 3901 2116 3955 pro-

527 3992 708 4049 pterea
761 3978 940 4031 omnia
988 3985 1169 4032 tttuVel
1214 3977 1449 4040 Paulus;
1498 3977 1590 4030 sed
1626 3988 1844 4046 prOptcr
1890 3993 1953 4031 ea
1995 3993 2116 4046 qua}

524 4073 780 4142 deinceps
808 4080 1132 4141 sequuntur.
1166 4067 1245 4123 Ne
1277 4067 1399 4122 ideo
1424 4109 1438 4134 ,
1474 4069 1681 4139 inquit,
1710 4069 1994 4123 admireris
2025 4071 2115 4124 Dei

527 4162 907 4231 benignitatem
959 4168 1016 4213 ut
1045 4172 1264 4228 pecces,
1293 4169 1348 4213 et
1374 4143 1526 4212 dicas
1548 4199 1562 4223 ,
1600 4157 1959 4212 Misericordia
2004 4160 2115 4229 ejus

529 4253 844 4308 multitudini
875 4261 1197 4323 peccatorum
1222 4266 1448 4304 meorum
1482 4249 1865 4320 propitiabitur.

601 4349 657 4402 4.
698 4346 823 4402 Ideo
851 4347 996 4401 enim
1045 4355 1149 4398 tam
1184 4344 1350 4398 multa
1382 4343 1696 4398 disserimus
1742 4343 1808 4398 de
1835 4344 2072 4398 bonitate
2101 4387 2116 4412 ,

530 4457 638 4496 non
666 4450 722 4493 ut
750 4441 798 4494 ei
829 4437 1162 4493 confidentes
1188 4451 1408 4515 agamus
1435 4437 1615 4490 omnia
1641 4453 1656 4502 ;
1683 4436 1880 4507 alioqui
1912 4439 2122 4494 bonitas

529 4533 632 4587 erit
670 4531 735 4586 ad
778 4539 976 4585 nostra:
1022 4529 1213 4584 salutis
1241 4527 1501 4591 exitium;
1535 4527 1630 4583 sed
1675 4544 1743 4582 ne
1772 4528 2122 4598 desperemus

532 4626 586 4679 in
615 4625 844 4695 peccatis
864 4664 879 4686 ,
910 4638 1099 4677 verum
1129 4637 1351 4690 agamus
1382 4620 1774 4689 paenitentiam.
1808 4621 2121 4691 Denignitas

531 4719 675 4774 enim
710 4717 801 4770 Dei
836 4727 888 4772 te
917 4717 1064 4770 ducit
1090 4715 1154 4768 ad
1188 4713 1560 4783 ptenitentiam
1583 4755 1597 4775 ,
1631 4728 1735 4765 non
1764 4713 1831 4767 ad
1865 4714 2015 4782 plura
2046 4715 2126 4769 vi-

533 4812 626 4865 tia.
655 4809 710 4865 Si
741 4817 920 4863 autem
963 4809 1133 4860 malus
1175 4816 1227 4860 et
1270 4805 1565 4859 sceleratus
1593 4806 1686 4858 fias
1714 4815 1932 4874 propter
1976 4808 2128 4862 beni-

533 4904 823 4973 gnitatem,
857 4911 910 4954 tu
941 4916 1065 4954 eum
1112 4899 1281 4969 magis
1313 4899 1363 4950 in
1411 4897 1594 4951 odium
1629 4913 1791 4952 vocas
1820 4910 1874 4953 et
1901 4915 2126 4957 accusas

533 4993 672 5062 apud
702 4992 945 5053 homines
971 5009 983 5044 :
1011 4991 1207 5044 inultos
1233 4990 1377 5043 enim
1413 4988 1654 5044 videmus
1681 5001 2002 5047 accusantes
2031 4993 2125 5049 Dei

537 5083 836 5138 lenitatem.
864 5081 1226 5148 Quamobrem
1250 5079 1401 5133 dabis
1432 5093 1636 5148 pmnas,
1666 5082 1710 5134 si
1733 5097 1794 5136 ea
1823 5098 1927 5138 non
1963 5085 2129 5139 utaris

539 5185 596 5228 ut
621 5183 854 5244 oportet.
888 5173 1028 5226 Dens
1057 5181 1141 5224 est
1171 5171 1478 5240 benignus?
1511 5171 1605 5225 sed
1647 5182 1729 5226 est
1762 5174 1923 5228 etiam
1950 5173 2131 5243 justus

535 5265 722 5335 judex.
746 5263 1024 5319 Condonat
1055 5262 1311 5331 peccata?
1332 5262 1426 5316 sed
1457 5262 1618 5315 etiam
1641 5262 1818 5317 reddit
1839 5266 2127 5334 unicuique

542 5355 839 5411 secundum
871 5368 1034 5422 opera
1076 5367 1194 5406 sua.
1238 5352 1492 5406 Transilit
1535 5353 1842 5422 iniquitates
1866 5397 1881 5420 ,
1913 5367 1967 5409 et
1994 5357 2130 5410 tollit

544 5444 808 5516 peccata?
854 5443 950 5498 sed
993 5459 1053 5498 ea
1096 5458 1309 5514 quoque
1339 5445 1629 5499 examinat.
1676 5445 1956 5513 Quomodo
2000 5463 2128 5518 ergo

546 5553 652 5591 non
676 5544 799 5590 sunt
823 5535 941 5590 hare
961 5535 1268 5589 contraria?
1298 5534 1413 5591 Non
1445 5545 1571 5589 sunt
1600 5538 1890 5601 contraria,
1926 5539 1968 5592 si
1997 5547 2131 5593 tem-

547 5630 769 5698 poribus
797 5644 858 5683 ea
887 5627 1229 5682 diviserimus
1272 5647 1284 5682 :
1318 5627 1456 5681 tollit
1483 5627 1571 5680 hic
1599 5639 1816 5696 peccata
1851 5645 1948 5698 per
1977 5631 2128 5684 lava-

547 5733 698 5772 crum
718 5728 772 5772 et
798 5719 1167 5789 paenitentiam
1195 5735 1209 5781 ;
1239 5717 1376 5772 facta
1405 5718 1514 5771 illic
1535 5719 1806 5772 examinat
1833 5733 1930 5788 per
1955 5719 2130 5789 ignem

551 5820 602 5863 et
650 5818 934 5866 tormenta.
967 5810 1022 5864 Si
1054 5825 1180 5886 ergo
1206 5854 1219 5874 ,
1263 5809 1472 5884 inquies
1502 5851 1515 5878 ,
1547 5824 1668 5862 cum
1698 5819 1752 5865 ct
1779 5811 1918 5864 mala
1949 5811 2128 5866 fecero

2218 496 2383 549 pauos
2407 522 2421 544 ,
2453 490 2670 552 prOpter
2713 498 2876 538 imum
2918 485 3104 552 ejiciar
3127 526 3142 550 ,
3172 496 3226 540 et
3263 503 3291 540 a
3326 503 3490 558 regno
3517 489 3760 543 excidam
3789 531 3804 555 ,

2214 587 2313 625 cur
2341 574 2480 627 mala
2504 579 2684 629 omnia
2707 591 2812 629 non
2839 579 3077 645 operor?
3103 577 3299 648 Ingrati
3323 582 3466 635 servi
3489 592 3571 634 est
3592 583 3767 636 oratio
3788 599 3799 630 .-

2216 664 2310 719 sed
2346 673 2524 721 tamen
2555 667 2691 722 hanc
2719 683 2935 737 quoque
2977 669 3335 724 dissolvemns
3376 674 3697 728 orationem.
3728 673 3805 727 Ne

2217 759 2354 812 mala
2384 759 2628 827 opereris
2652 801 2666 824 ,
2704 769 2758 814 ut
2807 760 2901 814 tibi
2933 761 3106 830 prosis
3133 780 3146 818 :
3183 779 3303 816 nam
3329 779 3356 816 a
3385 780 3553 833 regno
3582 767 3802 834 quidem

2213 868 2402 906 omnes
2445 853 2694 908 similiter
2731 855 3080 921 excidemus;
3112 856 3163 910 in
3195 855 3436 925 gebenna
3485 869 3665 912 autem
3696 875 3801 913 non

2213 947 2427 1002 easdem
2459 959 2644 1016 ptenas
2671 949 2917 1005 dabimus
2945 966 3134 1007 omnes
3163 994 3177 1016 ,
3207 954 3299 1008 sed
3335 954 3419 1007 hie
3450 955 3664 1024 quidem
3690 971 3803 1010 ma-

2207 1039 2357 1104 jores
2379 1079 2392 1100 ,
2439 1040 2528 1094 ille
2573 1056 2700 1096 vero
2747 1043 3010 1097 mitiores.
3043 1042 3174 1097 Nam
3209 1045 3251 1097 si
3284 1054 3336 1098 tu
3379 1046 3596 1114 quidem
3624 1057 3678 1099 et
3709 1047 3802 1102 ille

2212 1128 2572 1200 despexeri'tis
2594 1173 2608 1196 ,
2643 1142 2697 1188 et
2725 1135 2817 1204 qui
2851 1134 2902 1187 in
2929 1135 3116 1189 multis
3143 1144 3197 1189 et
3225 1136 3315 1204 qui
3364 1137 3416 1205 in
3447 1138 3628 1205 paucis
3672 1153 3802 1207 pec-

2212 1232 2296 1274 cat
2320 1263 2334 1286 ,
2369 1223 2616 1277 similiter
2643 1241 2673 1279 e
2703 1241 2870 1295 regno
2895 1226 3162 1280 excidetis
3191 1244 3202 1280 :
3233 1228 3275 1281 si
3304 1238 3480 1281 autem
3509 1243 3614 1282 non
3643 1230 3802 1283 sinti-

2215 1313 2336 1367 liter
2385 1314 2783 1384 deSpexeritis,
2830 1317 2924 1371 sed
2972 1317 3108 1372 alius
3155 1318 3370 1386 quidem
3415 1321 3614 1388 magis,
3661 1320 3803 1374 alius

2216 1420 2343 1458 vero
2372 1406 2576 1467 minus,
2611 1406 2661 1460 in
2693 1405 2937 1466 geltenna
2984 1408 3229 1463 sentietis
3278 1409 3661 1464 differentiam.
3692 1409 3802 1465 Cur

2213 1512 2340 1566 ergo
2384 1499 2618 1552 minatur
2664 1499 2728 1553 iis
2769 1499 2859 1570 qui
2891 1516 3000 1554 non
3043 1500 3306 1555 dederunt
3345 1515 3752 1572 eteemosynatn
3781 1543 3797 1567 ,

2213 1604 2306 1643 eos
2347 1605 2468 1644 esse
2498 1590 2740 1644 abituros
2768 1592 2818 1644 in
2851 1592 3064 1660 ignem;
3096 1608 3269 1660 neque
3300 1594 3471 1646 solum
3505 1594 3554 1646 in
3588 1595 3790 1662 ignem,

2213 1679 2306 1734 sed
2337 1680 2427 1748 qui
2473 1691 2687 1748 paratus
2730 1690 2813 1735 est
2841 1681 3057 1736 diabolo
3095 1691 3150 1736 et
3178 1684 3384 1751 angelis
3424 1684 3586 1750 ejus?
3618 1698 3714 1737 cur
3740 1691 3798 1738 et

2212 1787 2314 1842 qua
2345 1772 2412 1826 de
2436 1772 2642 1826 causa?
2670 1773 2838 1827 Deutn
2868 1773 3000 1827 nihil
3033 1788 3184 1842 :rque
3217 1773 3428 1839 irritat,
3456 1783 3512 1827 nt
3550 1774 3596 1825 si
3642 1774 3802 1827 amici

2214 1864 2411 1933 injuste
2441 1864 2726 1919 laedantur.
2768 1864 2902 1919 Nam
2933 1865 2977 1919 si
3017 1876 3232 1935 oportet
3255 1866 3479 1937 diligere
3507 1867 3754 1920 inimicos
3782 1882 3800 1932 ;

2213 1956 2302 2025 qui
2336 1957 2498 2011 etiam
2533 1957 2739 2010 amicos
2768 1966 3083 2022 aversatur,
3119 1967 3174 2012 et
3199 1967 3282 2011 ost
3326 1959 3377 2011 in
3419 1957 3523 2012 hoc
3566 1958 3804 2012 deterior

2214 2047 2487 2117 gentibus,
2515 2047 2655 2117 quod
2686 2064 2790 2102 non
2819 2048 3116 2104 merebitur
3151 2049 3510 2118 supplicium?
3532 2049 3807 2117 Quamob-

2213 2131 2326 2194 rem
2373 2139 2484 2196 hic.
2503 2140 2814 2210 magnitudo
2840 2130 3044 2210 peccati
3064 2141 3186 2210 jure
3217 2140 3340 2194 fecit
3366 2156 3488 2194 eum
3510 2141 3659 2196 abire
3679 2157 3796 2196 eiul

2214 2229 2430 2285 diabolo
2459 2249 2471 2284 :
2507 2230 2599 2285 Va:
2629 2231 2774 2286 enim
2803 2232 2852 2286 ei
2880 2233 2972 2300 qui
2999 2247 3106 2286 non
3135 2231 3261 2287 facit
3291 2233 3711 2303 eleemosynam.
3747 2234 3804 2288 Si

2214 2319 2317 2376 hoc
2347 2329 2526 2377 autem
2557 2333 2672 2376 erat
2701 2322 2752 2376 in
2784 2323 2963 2378 Veteri
2989 2364 3005 2388 ,
3039 2323 3207 2376 multo
3235 2325 3404 2392 magis
3437 2326 3489 2378 in
3518 2323 3668 2378 Novo
3695 2324 3805 2380 Te-

2213 2420 2520 2466 stamento:
2552 2413 2597 2466 si
2625 2413 2712 2467 ubi
2741 2423 2856 2468 erat
2877 2429 3192 2470 concessum
3219 2415 3496 2484 pessidere
3528 2418 3802 2484 pecunias,

2213 2503 2400 2573 eisque
2429 2504 2526 2558 frui
2557 2512 2611 2558 et
2637 2517 2730 2559 eas
2756 2520 2948 2559 curare
2968 2545 2983 2570 ,
3019 2514 3164 2559 tanta
3194 2507 3485 2575 gerebatur
3513 2522 3640 2560 cura
3681 2508 3802 2576 epis

2216 2592 2451 2648 ferenda:
2479 2594 2805 2664 pauperibus
2831 2611 2843 2646 :
2875 2603 3074 2664 quanto
3103 2597 3272 2665 magis
3303 2595 3390 2650 ubi
3417 2597 3669 2665 jubemur
3689 2615 3806 2649 ont-

2217 2684 2302 2738 nia
2350 2684 2591 2754 ejicere?
2629 2684 2764 2739 Nam
2796 2686 2922 2755 quid
2956 2685 3033 2741 illi
3077 2701 3182 2741 non
3212 2687 3521 2741 faciebant?
3553 2689 3805 2744 Decimas

2213 2787 2268 2831 et
2316 2792 2502 2830 rursus
2557 2777 2795 2832 decimas
2849 2778 3163 2848 przebebant
3206 2782 3545 2850 :orphanis,
3585 2781 3759 2835 viduis
3785 2823 3802 2849 ,

2216 2871 2504 2938 proselytis
2529 2871 2936 2924 succurrebant.
2967 2871 3072 2926 Sed
3103 2872 3231 2924 mihi
3265 2872 3481 2940 quidam
3522 2873 3802 2928 admirans

2215 2961 2462 3026 dicebat,
2498 2961 2589 3015 llle
2629 2963 2721 3017 dat
2765 2962 3022 3017 decimas.
3071 2965 3284 3032 Quanto
3312 2973 3397 3019 est
3441 2967 3541 3019 hoc
3588 2968 3805 3036 plenum

2215 3054 2414 3124 probro
2443 3063 2496 3107 et
2528 3053 2795 3110 dedecore
2820 3095 2834 3120 ,
2865 3056 2908 3108 si
2931 3055 3072 3124 quod
3098 3057 3238 3126 apud
3266 3058 3484 3112 Judzros
3511 3074 3614 3112 non
3643 3059 3808 3112 habe—

2220 3146 2378 3198 batur
2406 3145 2458 3198 in
2487 3144 2845 3199 admiratione
2871 3187 2884 3209 ,
2921 3145 3024 3200 hoc
3065 3147 3205 3216 apud
3238 3149 3575 3203 Christianos
3604 3149 3805 3203 factum

2216 3247 2300 3291 est
2351 3237 2709 3291 admirabile?
2756 3237 2812 3292 Si
2865 3249 2992 3292 tunc
3045 3250 3159 3293 erat
3212 3240 3511 3309 perieulum
3563 3240 3805 3295 decimas

2218 3329 2468 3384 omittere
2493 3369 2508 3396 ,
2539 3332 2711 3400 cogita
2743 3340 3000 3400 quantum
3043 3348 3184 3385 nunc
3211 3335 3300 3386 sit.
3337 3332 3539 3387 Rursus
3570 3335 3808 3389 ebrietas

2219 3435 2325 3474 non
2359 3419 2521 3476 habet
2552 3422 2904 3476 hereditatem
2945 3426 3116 3493 regni.
3147 3424 3251 3478 Sed
3280 3425 3408 3492 quid
3435 3435 3516 3479 est
3555 3428 3696 3494 quod
3729 3427 3808 3479 di-

2218 3514 2357 3566 citur
2392 3527 2421 3565 a
2469 3513 2693 3566 multis?
2727 3513 2780 3567 Si
2811 3530 2910 3583 ego
2939 3526 2988 3569 et
3023 3515 3111 3568 ille
3154 3515 3340 3569 iisdem
3371 3525 3618 3570 tenemur
3642 3559 3656 3580 ,
3692 3533 3800 3571 non

2219 3614 2302 3660 est
2343 3621 2502 3674 parva
2531 3607 2850 3660 consolatio.
2888 3606 3026 3673 Quid
3069 3606 3353 3662 dicemus?
3383 3607 3543 3663 Certe
3573 3627 3675 3664 non
3707 3611 3810 3665 erit

2222 3696 2360 3749 ideut
2391 3707 2538 3750 tuum
2569 3707 2624 3750 et
2651 3696 2797 3750 illius
2826 3699 3147 3766 supplicium
3191 3718 3202 3752 :
3235 3700 3475 3770 alioquin
3504 3711 3680 3755 antem
3710 3718 3811 3756 nec

2223 3786 2324 3840 hoc
2350 3798 2430 3841 est
2456 3788 2775 3842 consolatio.
2807 3788 2958 3844 Tunc
2982 3791 3124 3843 enim
3159 3792 3418 3845 malorum
3448 3793 3679 3846 societas
3711 3794 3810 3848 ha-

2223 3876 2314 3931 bet
2359 3878 2782 3933 cimsolationem
2810 3922 2824 3945 ,
2859 3882 3074 3949 quando
3117 3884 3256 3936 mala
3289 3899 3406 3952 quae
3441 3885 3672 3952 patimur
3700 3886 3812 3940 fue-

2225 3971 2332 4023 rint
2362 3971 2709 4039 proportione
2739 3973 2886 4042 paria
2919 3992 2930 4027 :
2966 3975 3180 4043 quando
3208 3984 3384 4028 autem
3413 3979 3807 4046 exsuperarint,

2223 4072 2278 4116 et
2323 4072 2381 4115 ut
2413 4073 2592 4117 mente
2631 4064 2957 4119 excedamus
2997 4065 3315 4133 effecerint,
3346 4083 3450 4121 non
3478 4069 3708 4139 amplius
3736 4073 3812 4124 si-

2225 4160 2360 4206 nunt
2406 4152 2570 4206 ullam
2604 4153 2801 4209 habere
2830 4155 3276 4210 consolationem.
3322 4158 3418 4213 Dic
3459 4160 3601 4212 enim
3643 4165 3691 4214 ei
3724 4161 3815 4229 qui

2227 4245 2363 4298 male
2413 4244 2698 4298 mulctatus
2750 4247 2800 4298 in
2850 4246 3026 4315 ignem
3057 4257 3138 4301 est
3172 4248 3437 4318 injectus,
3477 4250 3571 4305 llic
3601 4262 3690 4305 aut
3721 4253 3814 4308 illo

2229 4337 2329 4389 hoc
2356 4336 2588 4405 patitur;
2621 4351 2688 4390 ne
2717 4338 2913 4390 sentiet
2944 4337 3160 4406 quidem
3185 4339 3635 4396 consolationem.
3665 4341 3815 4396 Νιιη·

2229 4443 2297 4482 ne
2327 4441 2520 4481 omnes
2550 4427 2706 4481 simul
2740 4430 3012 4497 perierunt
3048 4426 3347 4484 lsraelitm?
3391 4446 3681 4501 quamnant
3715 4435 3818 4488 hoc

2229 4523 2307 4577 eis
2333 4520 2512 4576 attulit
2546 4520 3218 4576 consolationem?annon
3249 4522 3351 4576 hoc
3379 4525 3551 4592 ipsum
3579 4540 3673 4579 eos
3705 4541 3818 4580 ma-

2225 4617 2329 4684 jori
2360 4614 2546 4669 dolore
2584 4614 2895 4668 afﬁciebat?
2937 4615 3003 4669 Et
3037 4615 3158 4670 ideo
3191 4615 3476 4683 dicebant,
3513 4619 3772 4672 l'eriintus
3798 4659 3816 4685 ,

2217 4707 2556 4772 .ioteriimus,
2578 4706 2884 4776 consumpti
2917 4720 3123 4761 sumus.
3147 4707 3402 4774 Quaenam
3431 4719 3513 4764 est
3548 4727 3676 4781 ergo
3706 4711 3822 4766 haec

2231 4797 2572 4852 consolatio?
2603 4796 2824 4851 Frustra
2870 4812 2970 4852 nos
3017 4800 3116 4852 hac
3159 4814 3253 4869 Spe
3293 4803 3656 4856 consolamur.
3703 4802 3820 4859 Una

2233 4901 2348 4951 sola
2374 4907 2458 4952 est
2477 4896 2778 4951 consolatio
2799 4939 2813 4960 ,
2845 4895 2896 4950 in
2925 4895 3073 4950 illum
3104 4896 3192 4965 qui
3224 4897 3488 4966 ex5tingui
3515 4913 3620 4953 non
3650 4911 3824 4968 ptttest

2235 4989 2411 5058 ignem
2451 5004 2556 5041 non
2586 4987 2824 5041 incidere
2856 5005 2868 5041 :
2901 4989 2981 5042 eis
3021 4999 3197 5041 autem
3225 5029 3240 5052 ,
3270 4989 3360 5058 qui
3393 4989 3632 5045 incidere
3657 5031 3671 5054 ,
3716 5008 3822 5044 non

2237 5081 2360 5135 licet
2381 5079 2594 5149 assequi
2619 5080 3043 5135 consolationem
3073 5099 3087 5137 :
3113 5079 3202 5134 ubi
3225 5092 3309 5135 est
3331 5082 3532 5136 stridor
3557 5081 3822 5144 dentium,

2239 5173 2327 5228 ubi
2373 5171 2527 5228 ﬂetus
2552 5214 2568 5237 ,
2596 5171 2686 5226 ubi
2741 5173 2942 5226 vermis
2985 5173 3074 5241 qui
3123 5187 3229 5226 non
3273 5173 3541 5239 moritur,
3568 5175 3655 5228 ubi
3690 5176 3827 5244 ignis

2237 5265 2326 5334 qui
2372 5279 2475 5318 non
2513 5263 2889 5333 exstinguitur.
2917 5262 3217 5319 Onminone
3261 5264 3421 5318 ullam
3465 5266 3687 5332 senties,
3719 5266 3827 5332 dir,

2239 5369 2422 5422 quzcso
2444 5394 2458 5420 ,
2487 5354 2905 5410 consolationem
2931 5395 2947 5420 ,
2977 5368 3097 5407 cum
3133 5354 3209 5410 sis
3239 5355 3291 5409 in
3328 5355 3618 5412 afﬂictione
3645 5367 3697 5411 et
3728 5372 3826 5410 an-

2239 5447 2456 5518 gusda?
2500 5447 2568 5501 de
2624 5455 2820 5501 extero
2875 5447 3017 5501 enim
3052 5446 3160 5501 eris
3201 5447 3341 5515 apud
3380 5459 3456 5505 te.
3493 5447 3603 5515 Ne,
3649 5463 3832 5518 quaeso

2244 5548 2297 5591 et
2340 5554 2502 5607 rogo,
2545 5553 2613 5592 ne
2656 5553 2754 5592 nos
2804 5547 3009 5592 temere
3039 5538 3404 5608 decipiamus,
3438 5554 3494 5594 et
3538 5541 3622 5596 his
3653 5543 3831 5596 verbis

2244 5631 2584 5685 Consolemur
2603 5671 2617 5696 ,
2646 5631 2740 5685 sed
2769 5645 2830 5686 ea
2872 5631 3127 5686 faciamus
3153 5649 3272 5702 quae
3301 5649 3402 5688 nos
3433 5645 3684 5704 poterunt
3712 5650 3831 5690 ser-

2247 5736 2389 5774 vare.
2419 5720 2551 5774 Cum
2580 5721 2794 5777 Clu-isto
2822 5736 3108 5776 consessus
3139 5732 3224 5778 est
3263 5724 3358 5779 tibi
3401 5726 3707 5796 propositus
3728 5765 3745 5792 ,
3777 5736 3830 5780 et

2252 5824 2306 5867 tu
2355 5813 2422 5868 de
2468 5814 2550 5870 his
2589 5815 2800 5871 curiose
2844 5816 3140 5872 scrutaris?
3169 5815 3224 5874 Si
3272 5817 3476 5876 nullum
3520 5828 3658 5874 esset
3692 5818 3832 5874 aliud
