4140 6542
389 388 468 441 35
1296 385 1364 439 IN
1406 387 1628 445 EPIST.
1661 389 1751 442 AD
1793 388 2036 444 EI’HES.
2080 390 2236 446 CAP.
2285 393 2350 449 ll.
2387 397 2618 453 HOMZL.
2667 401 2754 456 IV.
3624 413 3696 467 '56

393 504 517 558 σίον
548 501 706 556 ούδέν
743 500 1142 570 ὠφελήσωμεν,
1187 501 1311 555 οὐδὲ
1353 502 1528 566 οὕτως
1576 503 2004 574 είσελευσόμεθα

389 589 478 653 εἰς
511 588 614 659 τὴν
667 586 966 657 βασιλείαν.
1019 585 1191 638 Πόθεν
1238 585 1429 655 δῆλον;
1485 588 1621 640 Ἀπὸ
1650 589 1759 642 τῶν
1798 587 1868 641 τὰ
1902 589 2001 641 τά·

388 672 572 725 λαντα
615 669 1066 722 πιστευθέντωνεΙι
1115 670 1362 723 οίκετῶν.
1431 672 1580 724 Ἐκεῖ
1625 673 1732 743 γάρ
1769 674 1918 725 πᾶσα
1965 674 1998 743 ἡ

389 757 570 827 ἀρετὴ
599 754 860 823 ἀκέραιος
887 748 978 822 ἦν,
1008 753 1102 806 καὶ
1133 753 1286 806 οὐδὲν
1315 753 1600 808 ἐλέλειπτο
1621 772 1636 787 ·
1665 757 1782 809 ἀλλ’
1808 755 2000 827 ἐπειδὴ

391 841 530 911 περὶ
549 840 653 908 τὴν
685 838 956 908 ἐργασίαν
990 838 1220 908 ὀκνηρὸς
1248 837 1494 906 γέγονεν,
1528 840 1751 903 είκότως
1786 840 2003 905 ἐξεϐάλ-

387 927 540 978 λετο.
597 924 756 976 Ἐστι
804 924 898 975 καὶ
942 921 1053 975 ἀπὸ
1103 921 1370 992 λοιδορίας
1424 925 1595 992 μόνης
1644 926 1723 987 είς
1772 926 2000 992 γέενναν

389 1012 663 1079 ἐμπεσεῖν
690 1025 704 1038 ·
750 1008 812 1060 '0
842 1007 952 1076 γὰρ
979 1007 1195 1075 λέγων,
1233 1009 1388 1076 φησὶ,
1420 1005 1499 1072 τῷ
1517 1006 1762 1077 ἀδελφῷ
1789 1009 1998 1074 αὑτοῦ,

290 1161 301 1174 ,
389 1093 592 1161 Μωρὲ,
631 1092 848 1160 ἔνοχος
885 1091 1059 1144 ἔσται
1090 1093 1176 1156 εἰς
1210 1091 1323 1156 τὴν
1347 1091 1604 1159 γέενναν
1641 1093 1748 1146 τοῦ
1784 1096 1996 1160 πυρός.

390 1180 515 1232 Κᾶν
543 1178 764 1232 ἅπαντα
785 1192 868 1239 τις
893 1175 1241 1246 κατορθώσῃ,
1269 1174 1532 1244 ὑϐριστὴς
1563 1175 1618 1228 δέ
1651 1171 1707 1250 ᾖ,
1737 1177 1838 1229 οὐκ
1885 1179 2000 1228 εἱσ-

387 1262 704 1317 ελεύσεται.
745 1261 856 1314 Καὶ
885 1261 959 1330 μή
995 1277 1079 1324 τις
1118 1259 1377 1328 ὠμότητα
1407 1262 1867 1328 καταγινωσκέτω
1904 1261 1997 1316 τοῦ

387 1347 557 1408 Θεοῦ,
590 1348 638 1400 εί
678 1347 805 1408 τοὺς
837 1344 998 1396 τοῦτο
1037 1343 1371 1406 ἐπταικότας
1408 1343 1662 1397 ἐκϐάλλει
1692 1345 1791 1414 τῆς
1837 1345 1998 1416 βασι-

388 1430 551 1494 λείας
583 1429 694 1482 τῶν
732 1427 1003 1498 οὐρανῶν.
1042 1429 1150 1480 Καὶ
1182 1427 1268 1480 ἐπ’
1310 1426 1637 1498 ἀνθρώπων,
1686 1429 1787 1482 κᾶν
1819 1429 1998 1483 ὁτιοῦν

388 1516 507 1569 τῶν
543 1513 885 1584 παρανόμων
921 1510 1226 1582 ἐργάσηταί
1254 1528 1357 1577 τις,
1389 1511 1615 1576 ἐξέπεσε
1645 1512 1742 1583 τῆς
1771 1514 1862 1566 τοῦ
1898 1515 1996 1584 βα-

391 1602 592 1663 σιλέως
620 1599 820 1668 ὅψεως,
854 1598 958 1650 κᾶν
984 1597 1148 1667 νόμον
1171 1595 1268 1649 ἕνα
1293 1596 1404 1649 τῶν
1434 1598 1704 1667 κειμένων
1728 1602 1950 1672 παραϐῇ
1979 1617 1992 1630 ο

389 1686 501 1738 κᾶν
537 1683 930 1752 συκοφαντήσῃ
965 1681 1310 1752 κατηγορῶν,
1342 1680 1592 1735 ἀπώλεσε
1641 1683 1741 1752 τὴν
1777 1683 1950 1754 ἀρχὴν
1977 1700 1990 1712 ·

389 1768 498 1822 κᾶν
533 1767 803 1838 μοιχεύσῃ
826 1767 924 1818 καὶ
955 1765 1070 1834 ἀλῷ
1090 1764 1138 1826 ι),
1170 1765 1387 1830 ἀνάξιος
1416 1765 1606 1835 γέγονε
1633 1782 1646 1796 ·
1690 1765 1792 1820 κᾶν
1825 1769 1994 1838 μυρία

388 1851 424 1927 ᾗ
487 1850 919 1922 κατωρθωκὼς,
983 1849 1322 1904 ἀπόλλυται⁶
1379 1851 1484 1904 κᾶν
1544 1852 1704 1920 φόνον
1755 1853 1993 1924 ἐργάση-

391 1956 510 2000 ται,
539 1937 634 1989 καὶ
672 1935 884 2006 δειχθῇ,
927 1935 1024 1988 καὶ
1049 1934 1209 1987 τοῦτο
1243 1934 1428 1988 ἱκανὸν
1461 1935 1625 1989 αὑτὸν
1654 1936 1988 2009 διαφθεῖραι.

397 2025 467 2076 Et
499 2024 552 2076 δέ
579 2025 623 2075 οί
662 2021 773 2074 τῶν
811 2018 1115 2092 ἀνθρώπων
1143 2020 1298 2090 νόμοι
1345 2020 1614 2090 τοσαύτης
1655 2023 1990 2076 ἀπολαύουσι

398 2109 500 2177 τῆς
521 2106 793 2178 φυλακῆς,
816 2105 968 2176 πόσῳ
995 2104 1195 2175 μᾶλλον
1215 2106 1263 2156 οί
1290 2104 1383 2157 τοῦ
1408 2104 1543 2157 Θεοῦ
1567 2107 1578 2158 !
1621 2106 1760 2159 Ἀλλ’
1786 2109 1992 2176 ἀγαθός

391 2193 530 2254 ἐστι,
559 2190 717 2260 φησί,
749 2189 927 2260 Μέχρι
960 2188 1078 2261 [50]
1112 2188 1258 2252 τίνος
1282 2188 1372 2241 τὸν
1403 2189 1588 2259 μωρὸν
1620 2190 1806 2244 τοῦτον
1832 2191 1992 2260 λόγον

389 2274 779 2345 φθεγγόμεθας
831 2275 1035 2345 Μωρὸν
1082 2273 1137 2326 δὲ
1176 2269 1352 2336 εἷπον,
1403 2275 1501 2344 ούχ
1535 2275 1616 2327 ὅτι
1656 2276 1755 2328 ούκ
1785 2277 1992 2346 ἀγαθός

385 2363 562 2422 ἐστιν,
610 2359 728 2413 ἀλλ’
763 2359 846 2411 ὅτι
886 2358 985 2428 τὴν
1015 2357 1334 2427 ἀγαθότητα
1382 2357 1548 2411 αὐτοῦ
1585 2358 1880 2430 νομίζομεν
1912 2363 1992 2424 είς

382 2437 567 2496 ταῦτα
611 2443 896 2514 χρησίμην
929 2444 1065 2512 ἡμῖν
1109 2437 1270 2505 εἶναι,
1299 2441 1478 2495 καίτοι
1519 2443 1687 2514 μυρία
1729 2445 1990 2506 πολλάκις

379 2527 786 2597 διαλεχθέντων
829 2525 992 2596 ἡμῶν
1051 2525 1181 2597 περὶ
1232 2525 1449 2580 τούτου.
1489 2527 1690 2581 Ἀκουε
1733 2528 1843 2599 γάρ
1890 2529 1990 2598 τῆς

383 2611 618 2683 Γρασῆς
647 2609 916 2680 λεγούσης
941 2623 956 2638 ⁶
995 2609 1091 2675 Μὴ
1113 2608 1308 2674 εἴπῃς,
1338 2609 1428 2663 ὅτι
1473 2610 1536 2663 '0
1554 2612 1856 2681 οἱκτιρμὸς
1886 2615 1990 2666 αὑ-

381 2696 498 2750 τοῦ
533 2699 568 2748 ό
596 2693 795 2760 πολὺς
821 2693 887 2746 τὸ
915 2691 1151 2760 πλῆθος
1177 2691 1298 2746 τῶν
1332 2693 1634 2762 ἁμαρτιῶν
1647 2713 1767 2764 μου
1789 2695 1990 2759 ἐξιλά-

382 2796 587 2836 σετιιι.
621 2780 758 2849 Οὐχὶ
784 2776 986 2831 κωλύει
1011 2777 1192 2846 λέγειν
1223 2779 1393 2848 ἡμᾶς,
1432 2778 1488 2830 Ὀ
1511 2780 1795 2848 οίκτιρμὸς
1821 2777 1988 2832 αὑτοῦ

383 2864 560 2927 πολύς
590 2881 605 2894 ·
642 2863 717 2934 μὴ
741 2863 953 2931 γένοιτο
984 2881 995 2892 ·
1037 2861 1100 2914 ού
1134 2861 1294 2914 τοῦτο
1325 2865 1600 2932 παραινεῖ,
1639 2863 1775 2918 ἀλλὰ
1810 2863 1990 2934 βούλε-

382 2967 478 3001 ται
516 2949 666 3019 ἡμᾶς
713 2948 808 3001 καὶ
855 2945 1097 3016 συνεχῶς
1130 2944 1292 2998 τοῦτο
1325 2945 1526 3013 λέγειν,
1572 2947 1666 3000 καὶ
1699 2948 1788 3000 διά
1830 2948 1990 3002 τοῦτο

384 3033 572 3084 πάντα
596 3033 738 3083 κινεῖ
758 3029 990 3091 Παῦλος·
1018 3028 1153 3081 ἀλλά
1178 3028 1266 3082 διὰ
1295 3030 1361 3082 τὰ
1384 3029 1530 3099 ἐξῆςο
1555 3030 1646 3101 Μὴ
1671 3031 1762 3082 ἐπὶ
1789 3032 1984 3101 τούτῳ,

384 3115 550 3184 φησὶ,
588 3112 837 3183 θαύμαζε
876 3113 970 3165 τοῦ
1005 3111 1141 3164 Θεοῦ
1175 3113 1276 3183 τὴν
1304 3112 1739 3182 φιλανθρωπίαν,
1775 3115 1867 3166 ἐπὶ
1909 3116 1986 3184 τῷ

384 3198 754 3268 ἁμαρτάνειν,
785 3196 880 3250 καὶ
894 3195 1093 3264 λέγειν·
1122 3197 1435 3264 Οὶκτιρμὸς
1453 3197 1641 3251 αὐτοῦ
1667 3197 1729 3250 τὸ
1752 3196 1989 3266 πλῆθος

385 3281 514 3335 τῶν
533 3280 835 3350 ἁμαρτιῶν
851 3297 972 3349 μου
995 3276 1364 3343 ἐξιλάσέται.
1471 3301 1474 3303 ·

461 3365 528 3420 δ’.
553 3367 652 3417 Διὰ
666 3365 775 3433 γὰρ
787 3364 945 3417 τοῦτο
961 3361 1198 3416 τοσαῦτα
1215 3365 1309 3416 καὶ
1326 3364 1487 3434 ἡμεῖς
1504 3366 1630 3436 περὶ
1648 3366 1988 3438 άγαθότητος

385 3449 778 3520 διαλεγόμεθα,
807 3448 906 3518 οὐχ
939 3448 1025 3500 ἵνα
1054 3448 1227 3519 ταύτῃ
1253 3447 1587 3519 θαρροῦντες
1615 3451 1792 3503 πάντα
1815 3452 1990 3522 πράτ-

386 3551 600 3603 τωμεν,
619 3528 743 3586 ἐπεὶ
776 3532 1102 3603 ἡάγαθότης
1131 3534 1226 3585 ἐπὶ
1249 3532 1397 3604 λύμῃ
1425 3533 1521 3603 τῆς
1543 3533 1817 3604 ἡμετέρας
1835 3537 1988 3590 ἔσται

389 3617 693 3688 σωτηρίας,
722 3616 842 3670 ἀλλ’
861 3618 951 3670 ἵνα
985 3618 1058 3688 μὴ
1084 3618 1558 3688 ἀπογινώσκωμεν
1581 3621 1637 3670 ἐν
1665 3622 1776 3683 τοῖς
1809 3622 1991 3694 ἀμαρ-

386 3703 657 3772 τήμασιν,
683 3699 821 3754 ἀλλὰ
851 3700 1223 3772 μετανοῶμεν.
1248 3701 1322 3752 Τὸ
1339 3701 1447 3771 γὰρ
1475 3703 1713 3773 χρηστὸν
1736 3705 1828 3758 τοῦ
1853 3705 1987 3758 Θεοῦ

389 3789 473 3850 εἰς
517 3785 808 3857 μετάνοιάν
860 3802 919 3837 σε
971 3783 1121 3853 ἄγει,
1161 3785 1262 3838 οὐκ
1295 3787 1375 3848 είς
1408 3785 1630 3840 πλείονα
1667 3788 1886 3842 κακίαν.
1927 3791 1988 3842 Εἰ

388 3869 449 3923 δὲ
501 3868 778 3939 μοχθηρὸς
815 3869 952 3940 γένῃ
985 3869 1073 3920 διὰ
1107 3868 1206 3939 τὴν
1242 3869 1610 3939 χρηστότητα,
1660 3873 1724 3926 σὺ
1765 3873 1990 3927 διαϐάλ-

389 3952 508 4014 λεις
545 3952 750 4022 μᾶλλον
801 3953 972 4022 αὐτὴν
1020 3953 1171 4024 παρὰ
1213 3955 1326 4016 τοῖς
1363 3952 1708 4024 ἀνθρώποις·
1759 3957 1988 4022 πολλοὺς

388 4038 505 4106 γὰρ
535 4036 647 4108 ὁρῶ
675 4035 1123 4106 κατηγοροῦντας
1155 4036 1254 4106 τῆς
1287 4037 1670 4109 μακροθυμίας
1699 4042 1792 4093 τοῦ
1826 4041 1984 4097 Θεοῦ.

391 4120 563 4172 Ὥστε
608 4120 768 4191 δίκην
804 4119 1021 4182 δώσεις,
1067 4120 1168 4174 οὐκ
1218 4123 1299 4184 είς
1349 4121 1468 4174 δέον
1517 4123 1652 4193 αὐτῇ
1705 4125 1987 4196 χρησάμε-

386 4221 504 4266 νος.
561 4202 952 4272 Φιλάνθρωπος
1002 4205 1030 4257 6
1067 4203 1237 4271 θεόςς
1288 4205 1424 4258 ἀλλά
1471 4207 1567 4259 καὶ
1614 4209 1823 4273 δίκαιος
1867 4228 1988 4277 κρι-

386 4291 515 4359 τής.
559 4289 863 4360 ’Δμαρτίας
888 4289 1218 4360 συγχωρῶνς
1252 4289 1386 4344 άλλά
1417 4291 1742 4346 ἀποδίδωσιν
1771 4295 1987 4366 ἑκάστῳ

386 4371 537 4427 κατὰ
573 4372 643 4426 τά
687 4372 826 4443 ἔργα
867 4372 1055 4428 αὑτοῦ.
1111 4373 1463 4444 ’Υπερδαίνει
1511 4375 1746 4442 ἀδικίας,
1784 4378 1991 4450 ἐξαιρεῖ

387 4455 660 4527 ἀνομίαςς
698 4455 834 4509 ἀλλά
877 4456 972 4509 καὶ
1013 4455 1261 4519 ἐξέτασιν
1294 4461 1550 4514 ποιεῖται.
1598 4461 1722 4524 Πῶς
1762 4457 1855 4515 οῦν
1888 4464 1988 4516 ούκ

391 4540 621 4594 ἐναντία
656 4539 858 4607 ταῦτα;
905 4541 1021 4593 Οὐκ
1049 4541 1291 4606 ἐναντία,
1324 4541 1392 4596 ἂν
1435 4545 1548 4607 τοῖς
1597 4544 1811 4615 χρόνοις
1850 4548 1988 4604 αύτά

389 4624 680 4693 διέλωμεν.
730 4621 972 4694 Ἐξαιρεῖ
998 4625 1229 4694 ἀνομίας
1253 4625 1488 4680 ἐνταῦθα
1522 4628 1616 4681 καὶ
1645 4628 1732 4682 διά
1759 4629 1986 4702 λουτροῦ

388 4726 488 4761 και
514 4708 602 4761 διὰ
639 4707 931 4777 μετανοίας
952 4724 966 4738 ·
1001 4707 1251 4772 ἐξέτασιν
1279 4713 1514 4763 ποιεῖται
1534 4711 1642 4764 τῶν
1664 4717 1989 4786 πεπραγμέ-

389 4811 499 4846 νων
528 4794 647 4871 ἐκεῖ
672 4791 759 4844 διὰ
788 4793 959 4862 πυρὸς
995 4794 1087 4846 καὶ
1112 4792 1386 4862 βασάνων.
1413 4796 1510 4847 Ἂν
1542 4798 1723 4851 τοίνυν
1753 4800 1989 4871 ἐργασά-

393 4893 559 4946 μενος
588 4868 654 4941 ὦ,
680 4874 869 4945 φησὶν,
916 4876 1073 4945 ὀλίγα
1102 4877 1272 4942 κακά,
1301 4879 1397 4932 καί⁵
1418 4879 1483 4933 δι’
1507 4879 1565 4932 ἓν
1597 4868 1989 4938 αύτῶντέκϐάλ-

389 4960 576 5030 λωμαι
612 4961 710 5014 καὶ
740 4962 838 5031 τῆς
875 4959 1152 5030 βασιλείας
1177 4963 1451 5029 ὲκπίπτω,
1486 4965 1629 5028 τίνος
1664 4965 1852 5020 ἕνεκεν
1887 4968 1987 5021 οὐκ

391 5043 701 5114 ἐργάζομαι
724 5046 904 5099 πάντα
930 5045 1076 5099 κακά
1097 5062 1111 5112 ;
1146 5046 1488 5117 Ἀγνώμονος
1508 5051 1719 5104 οίκὲτου
1745 5052 1773 5104 ό
1794 5050 1950 5119 λόγος
1969 5069 1983 5083 ο

394 5127 539 5197 πλὴν
567 5127 682 5180 ἀλλ’
728 5128 881 5197 ὅμως
916 5128 1010 5181 καὶ⁵
1047 5129 1237 5184 τοῦτον
1272 5130 1644 5202 ἐπιλυσόμεθα
1673 5134 1764 5187 τὸν
1806 5135 1984 5204 λόγον,

390 5211 488 5282 Μὴ
526 5212 762 5282 ἐργάζου
803 5212 871 5265 τά
909 5213 1074 5279 κακὰ,
1107 5213 1194 5267 ἵνα
1241 5215 1438 5269 σαυτὸν
1471 5216 1793 5289 ώφελήσῃςο
1831 5219 1988 5290 βασι-

391 5294 549 5359 λείας
595 5296 699 5366 μέν
738 5295 849 5367 γάρ
891 5296 1095 5362 πάντες
1140 5299 1343 5367 ὁμοίως
1388 5301 1792 5373 ἐκπεσούμεθα,
1831 5306 1888 5357 ἐν
1933 5307 1992 5361 δὲ

391 5380 591 5451 γεέννῃ
624 5380 686 5432 οὐ
733 5380 835 5450 τὴν
865 5381 1036 5453 αὐτὴν
1069 5381 1316 5453 δώσομεν
1353 5384 1511 5454 δίκην
1556 5387 1779 5451 πάντες,
1814 5390 1930 5442 ἀλλ’
1963 5393 1992 5446 6

396 5463 501 5532 μὲν
549 5463 793 5532 μείζονα,
841 5465 870 5517 ὁ
896 5464 954 5518 δὲ
995 5468 1376 5540 ἡμερωτέραν.
1412 5470 1475 5522 Εἰ
1510 5471 1610 5541 μὲν
1645 5473 1754 5542 γὰρ
1797 5476 1861 5528 σὺ
1895 5477 1993 5528 κά-

392 5548 576 5609 κεῖνος
632 5553 1106 5620 κατεφρονήσατε,
1166 5550 1260 5603 καὶ
1308 5553 1337 5605 6
1387 5553 1456 5608 τὰ
1501 5554 1670 5608 πολλά
1724 5557 1816 5610 καὶ
1849 5559 1876 5611 6
1924 5559 1994 5612 τά

390 5630 555 5700 ὀλίγα
585 5632 791 5703 ὁμοίως
833 5634 1156 5688 ἐκπεσεῖσθε
1209 5636 1308 5706 τῆς
1356 5635 1671 5707 βασιλείας·
1713 5642 1849 5697 είδέ
1895 5647 1995 5716 οὐχ

458 5886 488 5948 f‘
516 5885 693 5936 Morel.
718 5887 1089 5948 ῐηειῐρ,τάλαντα
1113 5896 1439 5944 πιστευθέντα.

455 5946 780 6025 ξι-ᾼειξιειᾲλμῖδ
825 5946 1160 6016 si:pp!endum
1200 5965 1376 6008 censet
1411 5957 1630 6012 Dunaeus
1679 5962 1876 6025 κλοπῆς,
1913 5963 1994 6013 vel

400 6009 600 6072 liquid
618 6009 803 6061 simile.

2105 505 2310 574 ὁμοίως
2361 516 2833 586 κατεφρονήσατε,
2888 517 3004 571 ἀλλ’
3061 520 3090 572 6
3150 519 3248 588 μὲν
3309 521 3516 590 μεῖζον,
3573 526 3600 577 ό
3640 522 3700 574 δέ

2104 588 2346 675 ἔλαττον,
2385 594 2445 646 ἐν
2474 598 2539 666 τῇ
2576 598 2771 670 γεέννῃ
2803 601 2900 670 τῆς
2939 601 3203 672 διαφορᾶς
3240 604 3592 675 αἰσθήσεσθε.
3631 607 3696 659 Τί

2106 669 2220 738 οὖν,
2251 679 2436 748 φησὶν,
2473 680 2691 734 ἀπειλεῖ
2722 687 2834 746 τοῖς
2875 685 3245 757 ἐλεημοσύνην
3278 688 3353 758 μὴ
3384 688 3692 752 δεδωκόσι),

2104 761 2184 822 είς
2212 762 2272 814 τὸ
2298 761 2410 834 πῦρ
2439 764 2860 832 ἀπελεύσεσθαι,
2893 770 2987 821 καὶ
3019 770 3115 840 οὐχ
3149 771 3335 834 ἁπλῶς
3369 775 3447 835 είς
3473 773 3530 826 τὸ
3561 775 3692 843 πῦρ,

2104 843 2220 897 ἀλλ’
2252 847 2333 910 είς
2356 847 2416 899 τὸ
2460 849 2861 920 ἡτοιμασμένον
2890 851 2966 922 τῷ
2998 853 3227 924 διαϐόλῳ
3260 856 3353 908 καὶ
3382 859 3495 919 τοῖς
3521 858 3617 925 άγγ
3639 861 3693 911 ἐ-

2103 928 2217 993 λοις
2258 930 2460 996 αὐτοῦς
2514 936 2660 998 τίνος
2719 935 2926 1000 ἕνεκεν,
2966 938 3060 991 καὶ
3107 938 3196 991 διά
3241 940 3330 1004 τί;
3369 941 3492 994 Ὅτι
3542 943 3694 996 οὐδὲν

2103 1012 2246 1065 οὕτω
2275 1014 2366 1066 τὸν
2396 1015 2531 1069 Θεὸν
2559 1017 2873 1088 παροξύνει,
2899 1020 2974 1084 ὡς
3005 1021 3066 1074 τὸ
3088 1023 3216 1087 τοὺς
3246 1023 3434 1092 φίλους
3464 1024 3690 1080 ἀδικεῖν.

2104 1099 2167 1151 EE
2191 1099 2299 1168 γάρ
2326 1101 2450 1162 τοὺς
2474 1102 2706 1173 ἐχθροὺς
2736 1103 2910 1171 φιλεῖν
2940 1105 3039 1171 δεῖ,
3072 1109 3100 1160 6
3130 1107 3223 1160 καὶ
3251 1108 3377 1171 τοὺς
3406 1109 3695 1177 φιλοῦντας

2103 1182 2606 1254 ἀποστρεφόμενος,
2645 1187 2740 1238 καὶ
2777 1187 2886 1240 τῶν
2925 1188 3194 1259 Ἑλλήνων
3236 1191 3381 1243 κατά
3405 1192 3562 1245 τοῦτο
3584 1195 3694 1263 χεί-

2108 1283 2216 1337 ρων
2242 1266 2337 1332 ὢν,
2367 1269 2510 1330 τίνος
2537 1270 2640 1322 οὐκ
2679 1270 2836 1324 ἐσται
2867 1273 3146 1338 κολάσεως
3179 1274 3364 1340 ἄξιοςς
3403 1278 3568 1329 ’Ὡστε
3602 1281 3693 1330 ἐνο

2101 1351 2276 1404 ταῦθα
2305 1352 2368 1404 τὸ
2395 1353 2626 1421 μέγεθος
2659 1355 2751 1407 τοῦ
2789 1356 3190 1427 ἁμαρτήματος
3216 1362 3353 1428 μετά
3389 1359 3484 1412 τοῦ
3511 1360 3694 1414 διαίίό·

2102 1433 2193 1486 λου
2213 1435 2305 1487 τὸν
2330 1435 2572 1489 τοιοῦτον
2594 1437 2821 1502 εἰκότως
2851 1441 3108 1509 ἐποίησεν
3131 1441 3409 1496 ἀπελθεῖν.
3425 1443 3561 1496 Οὐαὶ
3582 1444 3692 1513 γὰρ

2100 1516 2178 1587 τῷ
2219 1518 2612 1590 ἐλεημοσύνην,
2671 1522 2829 1592 φησὶ,
2875 1522 2950 1592 μὴ
2991 1525 3364 1596 ἐργαζομένῳ.
3409 1526 3470 1578 ΕΞ
3507 1525 3562 1578 δὲ
3599 1529 3692 1580 ἐπὶ

2101 1602 2200 1672 τῆς
2238 1603 2482 1666 Παλαιᾶς
2511 1605 2671 1658 τοῦτο
2705 1601 2794 1676 ἦν,
2830 1607 3007 1678 πολλῷ
3054 1609 3256 1679 μᾶλλον
3295 1610 3388 1663 ἐπὶ
3421 1610 3524 1680 τῆς
3552 1614 3691 1665 Και-

2103 1687 2236 1755 νῆς·
2293 1688 2340 1738 εἰ
2379 1685 2507 1739 ἔνθα
2566 1689 2959 1760 συγκεχώρητο
3004 1692 3310 1762 χρημάτων
3360 1689 3554 1764 κτῆσις
3597 1695 3691 1747 καὶ

2100 1768 2404 1833 ἀπόλαυσις
2443 1771 2537 1823 καὶ
2571 1773 2883 1840 ἐπιμέλεια,
2927 1775 3167 1846 τοσαύτη
3205 1777 3435 1848 πρόνοια
3471 1779 3693 1844 ἐγένετο

2099 1854 2198 1922 τῆς
2239 1855 2318 1915 είς
2350 1854 2477 1916 τοὺς
2526 1853 2640 1926 [51]
2679 1857 2921 1926 πένητας
2952 1857 3231 1928 βοηθείας,
3266 1860 3421 1931 πόσῳ
3466 1861 3688 1930 μᾶλλον,

2099 1935 2229 1989 ἔνθα
2250 1937 2590 2007 κελευόμεθα
2631 1939 2810 1992 πάντα
2866 1942 3049 2012 ρῖψαιί
3084 1942 3150 1994 Τί
3185 1943 3295 2013 γάρ
3333 1945 3433 1996 οὐκ
3471 1945 3690 1998 ἐποίουν

2098 2022 2334 2086 ἐκεῖνοι;
2378 2024 2644 2088 Δεκάτας,
2680 2026 2774 2076 καὶ
2813 2024 2978 2078 πάλιν
3007 2026 3241 2090 δεκάτας
3267 2028 3460 2099 ἐτέρας
3497 2033 3688 2100 παρεῖ-

2095 2121 2190 2174 χον
2210 2121 2222 2133 ·
2248 2108 2524 2176 ὀρφανοῖς,
2552 2108 2771 2179 χήραις,
2807 2109 3173 2180 προσηλύτοις
3203 2112 3498 2182 ἐπήρκουν.
3529 2114 3692 2167 ’Λλλά

2097 2191 2218 2258 ἐμοί
2255 2209 2339 2254 τις
2385 2191 2681 2261 θαυμάζων
2709 2193 2830 2246 τινὰ
2881 2193 3035 2261 ἔλεγε
3060 2211 3073 2224 ·
3130 2196 3377 2259 Δεκάτας
3418 2196 3632 2250 δίδωσιν
3661 2200 3690 2250 ό

2094 2273 2263 2327 δεῖνα.
2283 2275 2465 2342 Πόσης
2492 2275 2757 2346 αἰσχύνης
2781 2274 2940 2329 τοῦτο
2961 2277 3140 2346 γέμει,
3171 2281 3218 2331 εί
3243 2279 3272 2331 ὃ
3303 2280 3395 2332 ἐπὶ
3426 2280 3534 2333 τῶν
3561 2282 3692 2334 Ἰου-

2094 2358 2259 2410 δαίων
2294 2361 2393 2412 ούκ
2422 2356 2490 2431 ἦν
2530 2358 2886 2430 θαυμασμοῦ,
2921 2362 3079 2414 τοῦτο
3107 2362 3322 2415 ἐπὶτῶν
3347 2363 3688 2434 Χριστιανῶν

2097 2441 2701 2512 θαυμαστὸπΐγέγονενς
2738 2444 2801 2496 Et
2832 2444 2953 2496 τότε
2979 2443 3224 2508 κίνδυνος
3250 2441 3338 2514 ἦν,
3371 2445 3432 2498 τὸ
3457 2446 3690 2510 δεκάτας

2094 2525 2401 2591 ἀπολιπεῖν,
2447 2526 2705 2595 ἐννόησον
2744 2527 2870 2580 ὅσον
2916 2527 3036 2580 ἐστὶ
3081 2526 3196 2582 νῦν.
3245 2527 3310 2581 'H
3347 2529 3485 2600 μέθη
3527 2530 3690 2583 πάλιν

2093 2611 2154 2661 οὐ
2191 2609 2525 2680 κληρονομεῖ
2557 2610 2658 2679 τὴν
2697 2609 2998 2679 βασιλείαν.
3045 2611 3206 2665 Ἀλλά
3247 2611 3331 2676 τίς
3356 2614 3384 2666 6
3425 2614 3534 2666 τῶν
3562 2614 3691 2667 πολ·-

2093 2692 2202 2744 λῶν
2227 2693 2417 2759 λόγος;
2451 2692 2663 2745 Οὐκοῦν
2691 2696 2740 2746 εί
2779 2694 2936 2762 κάγὼ
2965 2695 3218 2758 κάκεῖνος
3247 2696 3305 2748 ἐν
3339 2698 3449 2758 τοῖς
3480 2697 3686 2760 αὐτοῖς,

2093 2776 2154 2827 οὐ
2187 2776 2360 2846 μικρὰ
2391 2777 2741 2846 παραμυθία.
2775 2777 2841 2829 Τί
2882 2773 2975 2830 οὖν
3012 2777 3082 2830 ἂν
3109 2778 3397 2854 εζποιμεν;
3437 2778 3690 2832 Μάλιστα

2097 2859 2218 2928 μὲν,
2243 2859 2304 2910 οὐ
2339 2859 2437 2928 τῆς
2469 2860 2640 2929 αὐτῆς
2666 2859 2730 2912 σὺ
2759 2860 3013 2923 κάκεῖνος
3036 2859 3369 2925 ἀπολαύσεις
3393 2863 3686 2933 τιμωρίαςο

2092 2943 2270 3004 ἄλλως
2305 2943 2381 3005 δέ,
2423 2942 2546 2995 οὐδὲ
2597 2942 2925 3013 παραμυθία
2965 2943 3124 2996 τοῦτό
3170 2945 3306 2997 ἐστι.
3346 2944 3480 2996 Τότε
3512 2946 3622 3016 γὰρ
3653 2948 3689 3018 ἠ

2095 3025 2354 3079 κοινωνία
2387 3024 2496 3078 τῶν
2529 3025 2722 3078 παθῶν
2751 3025 2865 3096 ἔχει
2902 3026 3278 3096 παραμυθίαν,
3316 3028 3443 3080 ὅταν
3475 3029 3690 3098 σύμμεο

2091 3127 2196 3182 τρα
2281 3110 2349 3162 τὰ
2385 3110 2568 3163 δεινά.⁹
2605 3111 2736 3163 ὅταν
2774 3110 2832 3162 δὲ
2864 3111 3193 3182 ὑπερϐαίνῃ,
3229 3111 3323 3164 καὶ
3351 3113 3408 3164 ἐν
3431 3114 3690 3166 ἐκστάσει

2091 3197 2244 3266 ἡμᾶς
2280 3197 2432 3266 ποιῇ,
2465 3194 2650 3247 οὐκέτι
2679 3193 2872 3263 ἀφίησι
2904 3194 3088 3246 λοιπὸν
3132 3196 3277 3264 ἔχειν
3309 3195 3689 3266 παραμυθίαν.

2093 3281 2229 3334 Εἰπὲ
2259 3280 2368 3350 γάρ
2395 3279 2473 3348 τῷ
2496 3279 2938 3352 καταικιζομένῳ
2960 3279 3054 3331 καὶ
3080 3279 3160 3342 είς
3187 3278 3286 3350 τὴν
3313 3281 3493 3351 πυρὰν
3524 3281 3692 3349 ἐμϐε-

2092 3364 2309 3434 ϐηκότι,
2341 3364 2424 3415 ὃτι
2462 3363 2570 3415 Καὶ
2598 3364 2626 3415 6
2658 3362 2810 3414 δεῖνα
2841 3362 3005 3414 τοῦτο
3037 3363 3272 3432 πάσχει·
3306 3363 3422 3415 ἀλλ’
3451 3364 3571 3417 ούδέ
3606 3369 3689 3418 αἱ·

2095 3449 2354 3519 σθήσεται
2395 3447 2496 3516 τῆς
2538 3446 2913 3517 παραμυθίας.
2947 3445 3087 3516 Οὐχὶ
3127 3448 3329 3511 πάντες
3354 3458 3375 3486 ε
3402 3449 3540 3518 όμοῦ
3584 3449 3692 3500 ἀπ-

2091 3533 2288 3586 ώλοντο
2303 3534 2352 3585 οἱ
2380 3532 2711 3602 Ἰσραηλῖται
2728 3548 2742 3596 ;
2762 3531 2920 3582 ποίαν
2942 3530 3098 3583 τοῦτο
3121 3532 3305 3593 αὐτοῖς
3333 3532 3692 3602 παραμυθίαν

2093 3617 2320 3687 ἐφερεν;
2362 3617 2484 3686 οὐχὶ
2522 3615 2724 3685 μᾶλλον
2755 3614 2887 3666 αὐτὸ
2915 3614 3077 3666 τοῦτο
3114 3617 3314 3678 αὐτοὺς
3341 3615 3565 3680 ἐλύπει;
3597 3616 3691 3668 Διὸ

2092 3703 2187 3756 καὶ
2220 3700 2444 3768 ἐλεγονο
2488 3697 2900 3766 Ἀπολώλαμεν,
2939 3697 3306 3768 ἐξολώλαμεν,
3355 3701 3686 3770 παρανηλώ-

2096 3786 2255 3857 μεθα.
2283 3783 2420 3837 Ποία
2447 3781 2632 3835 τοίνυν
2655 3781 2794 3852 αῦτη
2837 3781 3195 3851 παραμυθία;
3224 3783 3418 3854 Μάτην
3459 3785 3690 3847 ἑαυτοὺς

2092 3866 2568 3943 παραμυθούμεθα
2593 3866 2821 3928 ταύταις
2835 3869 2958 3929 ταῖς
2981 3865 3181 3919 ἐλπίσι.
3205 3866 3320 3919 Μία
3351 3868 3485 3938 μόνη
3512 3885 3690 3939 παρα-

2096 3956 2264 4027 μυθία
2303 3954 2441 4016 ἐστὶ,
2473 3952 2535 4004 τὸ
2599 3951 2674 4019 μὴ
2731 3951 2997 4018 ἐμπεσεῖν
3027 3952 3108 4013 είς
3153 3950 3215 4003 τὸ
3260 3950 3371 4021 πῦρ
3400 3952 3576 4005 ἐκεῖνο
3627 3954 3690 4006 τὸ

2092 4038 2387 4094 ἄσϐεστον·
2425 4035 2740 4107 ἐμπεσόντα
2773 4032 2829 4085 δὲ
2856 4034 2958 4086 οὐκ
2988 4032 3069 4085 ένι
3093 4033 3452 4105 παραμυθίας
3479 4040 3692 4106 τυχεῖν,

2093 4108 2221 4179 ἔνθα
2252 4125 2280 4176 6
2304 4122 2550 4194 βρυγμὸς
2577 4119 2687 4173 τῶν
2723 4118 2978 4181 ὀδόντων,
3007 4117 3137 4171 ἔνθα
3167 4121 3194 4171 ὁ
3221 4119 3521 4191 κλαυθμὸς,
3559 4121 3688 4173 ἔνθα

2095 4207 2315 4278 σκώληξ
2351 4203 2731 4273 ἀτελεύτητος,
2769 4201 2900 4254 ἔνθα
2929 4200 3041 4272 πῦρ
3064 4202 3348 4256 ἄσϐεστον.
3381 4203 3688 4274 Ἐννοήσεις

2093 4295 2202 4365 γὰρ
2257 4292 2394 4354 ὅλως
2433 4289 2580 4354 τινὰ,
2634 4287 2758 4341 εἰπέ
2791 4304 2905 4358 μοι,
2939 4287 3320 4358 παραμυθίαν,
3350 4289 3407 4339 ἐν
3447 4288 3687 4362 τοσαύτῃ

2094 4376 2270 4444 θλίψει
2292 4373 2389 4428 καὶ
2416 4371 2750 4442 στενοχωρίᾳ
2774 4369 2885 4434 ὢν;
2917 4371 2974 4423 ἐν
2997 4371 3179 4440 σαυτῷ
3210 4370 3316 4440 γὰρ
3348 4371 3446 4443 ἔσῃ
3473 4370 3680 4424 λοιπόν,

2091 4460 2204 4532 Μὴ,
2220 4459 2411 4529 δέομαι
2429 4456 2522 4510 καὶ
2537 4453 2862 4525 παρακαλῶ,
2883 4453 2958 4524 μὴ
2975 4454 3201 4516 ἑαυτοὺς
3219 4453 3343 4524 εἰκῆ
3360 4455 3554 4508 ἀπατῶ
3561 4473 3682 4524 μεν,

2092 4545 2188 4599 καὶ
2211 4541 2422 4604 τούτοις
2449 4542 2565 4602 τοῖς
2599 4538 2782 4606 λόγοις
2825 4536 3310 4608 παραμυθώμεθα,
3347 4538 3482 4592 ἀλλὰ
3510 4539 3684 4593 ταῦτα

2093 4628 2448 4699 πράττωμεν,
2481 4623 2625 4693 ἆπερ
2669 4623 2818 4692 ἡμᾶς
2855 4621 3030 4673 σῶσαι
3059 4621 3371 4692 δυνήσεται.
3411 4623 3684 4689 Συγκαθί-

2095 4727 2186 4764 σαι
2207 4707 2286 4778 τῷ
2311 4705 2535 4778 Χριστῷ
2559 4704 2873 4777 πρόκειται,
2905 4706 3002 4758 καὶ
3036 4705 3100 4757 σὺ
3134 4706 3493 4776 περὶτούτων
3521 4709 3682 4779 ἀκρι-

2093 4794 2326 4863 ϐολογῇς
2367 4791 2430 4844 Εἰ
2469 4790 2579 4860 γάρ
2621 4789 2789 4860 μηδὲν
2827 4788 3018 4859 ἕτερον
3063 4785 3133 4860 ἦν
3165 4789 3494 4861 ἁμάρτημα,
3541 4790 3685 4862 ὑπὲρ

2091 4880 2201 4934 τῶν
2262 4877 2526 4951 ῥημάτων
2571 4875 2778 4928 τούτων
2827 4873 3005 4944 πόσην
3053 4874 3274 4928 κόλασιν
3317 4876 3466 4944 ἡμᾶς
3511 4875 3683 4945 ἐχρῆν

2093 4963 2415 5031 ὑποστῆναι,
2453 4961 2536 5012 ὅτι
2580 4958 2725 5012 οὕτω
2781 4958 2994 5022 νωθεῖς,
3035 4958 3116 5011 ὃτι
3166 4957 3310 5011 οὕτω
3343 4959 3684 5030 ταλαίπωροι

2093 5047 2187 5103 καὶ
2225 5043 2458 5119 ρᾴθυμοί
2509 5045 2700 5114 ἐσμεν,
2729 5042 2804 5104 ὡς
2857 5043 2952 5095 καὶ
2989 5040 3260 5112 τοσαύτης
3313 5043 3686 5114 προκειμένης

2091 5133 2260 5203 τιμῆς
2291 5128 2467 5183 ταῦτα
2495 5126 2708 5196 λέγειν;
2734 5128 2798 5180 ’Ὠ
2829 5126 2972 5180 πόσα
2994 5125 3293 5191 στενάξεις,
3316 5127 3446 5180 ὃταν
3474 5127 3688 5201 ἀκούσῃ

2091 5218 2215 5273 τότε
2244 5215 2373 5278 τοὺς
2398 5211 2835 5284 κατωρθωκότας
2871 5211 3244 5282 καλουμένους
3279 5213 3370 5264 ἐπὶ
3404 5211 3686 5280 βασιλειαν

2095 5301 2191 5356 καὶ
2221 5296 2601 5369 τιμωμένουςί
2627 5295 2758 5349 ὅταν
2787 5293 2904 5367 ἴδῃς
2930 5295 3040 5355 ἀπὸ
3069 5294 3274 5347 δούλων
3299 5296 3392 5348 καὶ
3419 5296 3527 5348 ἀπὸ
3559 5297 3688 5350 δυσ-

2095 5385 2268 5456 γενῶν
2291 5383 2444 5451 ὀλίγα
2475 5379 2754 5451 καμόντας
2791 5378 3046 5443 ἐνταῦθα,
3075 5378 3168 5432 τοῦ
3199 5379 3388 5450 θρόνου
3427 5380 3686 5450 μετέχον-

2096 5487 2194 5533 τας
2227 5469 2342 5521 ἐκεῖ
2370 5465 2466 5518 τοῦ
2521 5462 2803 5534 βασιλικοῦ
2842 5459 3168 5525 διαπαντόςί
3221 5463 3356 5533 θύχὶ
3391 5466 3490 5534 τῆς
3522 5465 3687 5517 κολά-

2099 5553 2238 5616 σεώς
2288 5568 2370 5604 σοι
2425 5547 2599 5604 ταῦτα
2650 5549 2871 5618 χείρονα
2911 5547 3100 5608 ἕσταις
3155 5548 3217 5598 Εἰ
3253 5550 3360 5617 γάρ
3393 5549 3490 5600 νῦν
3546 5549 3690 5620 ὀρῶν

2099 5634 2523 5706 εὐδοκιμοῦντάς
2546 5650 2721 5698 τινας,
2743 5633 2834 5685 καὶ
2858 5632 3007 5684 οὐδὲν
3039 5631 3263 5701 πάσχων
3292 5633 3480 5694 κακὸν,
3508 5635 3688 5703 πάσης

2100 5722 2371 5794 τιμωρίας
2407 5722 2589 5792 χεῖρον
2620 5718 2780 5773 τοῦτο
2808 5717 3071 5788 νομίζεις,
3109 5717 3205 5770 καὶ
3233 5717 3338 5770 ὑπὸ
3367 5717 3557 5770 τούτου
3592 5719 3690 5788 μό⁹

2168 5903 2191 5932 ε
2216 5901 2377 5950 Codex
2421 5914 2567 5958 unus,
2613 5899 2754 5974 τοῦτό
2795 5900 2988 5974 πάσχει.
3017 5899 3159 5974 φέρει
3197 5898 3522 5974 παραμυθίοινε
3548 5899 3693 5946 οὖδας

2103 5965 2221 6025 μῶς.
2247 5965 2304 6026 Τί
2326 5965 2450 6021 λέγω
2494 5965 2817 6026 παραμυθίανς
2866 5961 2975 6013 οῦδὲ
2999 5961 3281 6019 αἰσθήσεται
3305 5963 3330 6008 6
3351 5961 3570 6015 τοιοῦτος
3595 5977 3691 6008 πα-

2105 6025 2344 6088 ραμυθίας.
2367 6026 2488 6087 Οὐχὶ
2509 6028 2692 6082 πάντες.
