4140 6492
308 381 367 418 al

309 483 583 552 peccatum
611 514 624 534 ,
668 485 768 540 pro
813 469 899 523 his
947 467 1130 523 verbis
1177 478 1435 537 quantum
1482 483 1583 522 nos
1631 476 1908 536 oporteret

310 568 490 626 subire
535 562 897 633 supplicium;
927 559 1068 630 quod
1115 560 1282 614 simus
1308 560 1447 614 adeo
1479 561 1692 628 ignavi,
1723 559 1907 613 miseri

306 671 357 715 et
390 655 644 713 socordes
668 695 682 720 ,
715 663 773 706 ιιι
802 660 952 705 tanto
982 651 1142 705 etiam
1173 651 1452 721 proposito
1481 652 1653 720 pretio
1675 649 1792 705 hate
1821 649 1907 704 di-

303 750 524 809 camus?
551 749 596 804 0
626 757 890 818 quantum
924 747 1248 817 ingemisees
1271 787 1283 806 .
1310 744 1524 815 quando
1553 745 1789 800 audieris
1811 759 1907 800 eos

303 845 389 916 qui
414 843 551 896 bona
575 846 807 910 egerunt
833 839 1012 892 vocari
1043 839 1095 891 in
1127 852 1350 907 regnum
1391 846 1447 892 et
1489 837 1694 891 honore
1723 835 1905 891 afﬁci?

305 936 518 1008 quando
541 934 748 989 videris
775 949 841 987 ex
872 934 1046 987 servis
1072 943 1127 986 et
1158 931 1344 986 humili
1379 933 1498 986 loco
1525 933 1665 987 natis
1691 949 1786 988 eos
1814 933 1903 1003 qui

309 1043 486 1099 parum
527 1027 618 1080 hic
657 1025 1008 1090 laborarunt,
1043 1023 1223 1078 tbroni
1259 1024 1391 1093 regii
1421 1039 1542 1079 esse
1571 1025 1905 1094 participes?

304 1125 487 1176 Annon
521 1135 584 1174 ea
615 1126 776 1172 erunt
808 1117 902 1171 tibi
936 1116 1116 1186 pejora
1166 1116 1486 1186 punitione?
1514 1115 1646 1169 Nam
1675 1116 1720 1171 si
1763 1130 1906 1170 nunc

300 1213 560 1288 quosdam
587 1211 781 1265 videns
808 1223 1071 1279 prospere
1099 1217 1351 1279 agentes,
1377 1208 1588 1262 etiamsi
1615 1207 1747 1261 nihil
1778 1207 1901 1261 mali

302 1307 550 1380 patiaris,
591 1305 698 1359 hoc
728 1303 879 1358 omni
920 1303 1188 1372 supplicio
1228 1302 1444 1371 gravius
1471 1310 1626 1372 putas
1646 1344 1662 1366 ,
1694 1301 1904 1356 discru-

299 1401 450 1458 ciaris
471 1442 486 1465 ,
523 1400 756 1470 teipsum
791 1396 943 1466 luges
973 1403 1030 1450 et
1075 1395 1393 1467 lacrymaris
1414 1437 1430 1462 ,
1472 1405 1527 1450 et
1556 1403 1607 1450 te
1635 1394 1900 1448 mortibus

1228 346 1294 404 IN
1339 347 1554 405 EPIST.
1600 350 1690 404 Al)
1731 349 1978 405 EPIIES.
2022 351 2177 404 CAP.
2225 352 2287 406 ll.
2335 353 2565 412 IIOMIL.
2609 355 2675 414 ν.
3543 363 3611 422 3,3

2014 469 2161 522 mille
2191 470 2412 540 dignum
2458 487 2580 528 esse
2615 484 2844 529 censes:
2878 475 3004 546 quid
3041 487 3166 534 tunc
3195 477 3449 550 patieris?
3477 487 3611 538 ham

2014 564 2059 617 si
2091 580 2198 617 non
2229 575 2376 620 esset
2403 567 2648 636 gehenna
2668 611 2684 634 ,
2712 569 2826 638 ipsa
2854 569 2922 624 de
2953 586 3122 642 regno
3152 575 3405 644 cogitatio
3431 593 3610 632 annon

2013 655 2286 712 sufficeret
2313 659 2380 712 ad
2415 660 2743 727 perdendum
2773 672 2824 716 et
2855 662 2919 716 ad
2944 663 3278 722 alTerendum
3302 670 3614 725 interitum?

2013 749 2166 818 Quod
2191 761 2370 806 autem
2398 768 2488 807 res
2521 755 2591 806 ita
2621 755 2691 809 sit
2721 770 2779 809 se
2810 756 3055 812 habitura
3076 800 3090 823 ,
3121 761 3253 816 satis
3275 762 3409 819 disci
3435 774 3615 832 potest

2010 857 2076 896 ex
2120 857 2300 896 rerum
2334 845 2688 912 experientia.
2720 846 2797 902 Ne
2828 863 2927 902 nos
2957 865 3088 920 ergo
3125 861 3328 908 temere
3368 854 3610 910 oblecte-

2011 950 2133 988 mus
2162 943 2217 988 et
2263 935 2608 990 cottsolemur
2653 936 2962 1008 huiusmodi
2991 942 3170 998 verbis
3190 985 3204 1008 ,
3233 944 3328 1000 sed
3359 948 3608 1001 attenda-

2013 1043 2130 1080 mus
2157 1069 2172 1094 ,
2203 1038 2257 1080 et
2284 1028 2473 1082 salutis
2502 1038 2701 1083 nostra:
2729 1045 2912 1085 curam
2939 1048 3213 1103 geramus,
3237 1046 3289 1091 et
3319 1038 3387 1093 de
3412 1040 3611 1096 virtute

2013 1121 2181 1174 simus
2222 1120 2474 1186 solliciti,
2504 1131 2558 1174 et
2601 1122 2666 1175 ad
2708 1121 2846 1176 bona
2880 1125 3111 1193 gerenda
3147 1141 3246 1181 nos
3275 1131 3604 1193 excitemus,

2013 1221 2072 1265 ut
2101 1212 2246 1280 digni
2279 1211 2572 1266 habeamur
2615 1213 2704 1282 qui
2741 1223 2940 1268 tantum
2968 1229 3320 1288 assequamur
3343 1223 3568 1293 gloriam
3594 1259 3609 1288 ,

2013 1303 2062 1356 in
2099 1302 2317 1359 Christo
2345 1303 2470 1359 Jesu
2501 1306 2726 1359 Domino
2758 1317 2963 1362 nostro.

1742 1598 2094 1666 HOMILIA
2138 1601 2217 1662 ν.

299 1759 418 1813 Car.
448 1758 504 1811 2-.
541 1773 591 1810 v.
630 1759 718 1812 ll.
758 1756 979 1827 Pmpter
1006 1741 1144 1825 quod
1174 1770 1418 1809 memores
1449 1761 1604 1807 estote
1631 1749 1767 1821 quod
1797 1749 1898 1802 ali-

362 1853 562 1924 quando
608 1870 698 1906 vos
740 1854 898 1906 eratis
938 1862 1108 1921 gentes
1152 1851 1204 1903 in
1249 1864 1422 1912 carne,
1468 1847 1555 1914 qui
1596 1843 1898 1898 dicebamini

371 1947 666 2017 prteputium
705 1945 768 1997 ab
811 1962 871 1998 ea
909 1960 1022 2013 qua:
1064 1943 1249 1996 dicitur
1292 1939 1611 1994 circumcisio
1652 1938 1703 1989 in
1747 1951 1899 1988 carne

374 2043 656 2110 manufacta
676 2055 694 2092 :
715 2040 801 2093 12.
822 2039 944 2108 quia
960 2037 1113 2091 eratis
1133 2035 1222 2089 illo
1239 2034 1291 2088 in
1309 2044 1533 2102 tempore
1551 2031 1659 2086 sine
1673 2030 1895 2092 Christo,

367 2132 563 2184 elimati
585 2148 619 2183 a
639 2129 1026 2184 Conversatione
1045 2126 1233 2190 Israel,
1258 2135 1305 2178 et
1331 2125 1554 2194 hospites
1575 2129 1901 2176 testamento-

364 2241 470 2275 rum
502 2222 888 2291 promissionis,
917 2237 1056 2292 spem
1085 2235 1186 2274 non
1219 2217 1476 2282 habentes,
1507 2225 1553 2271 et
1577 2216 1685 2270 sine
1711 2215 1818 2270 Deo
1844 2215 1898 2269 in

360 2315 449 2367 hoc
475 2313 696 2368 mundo.

359 2407 407 2461 l.
437 2406 602 2460 Multa
634 2404 932 2460 ostendunt
955 2403 1050 2459 Dei
1078 2402 1466 2471 benignitatem
1492 2410 1546 2456 et
1573 2413 1811 2454 amorem
1843 2399 1893 2451 in

293 2498 534 2553 homines
563 2516 576 2550 :
603 2497 862 2567 primum,
887 2494 1030 2566 quod
1061 2509 1158 2563 per
1188 2508 1248 2549 se
1279 2493 1458 2547 salvos
1486 2491 1692 2551 fecerit,
1718 2498 1773 2543 et
1801 2503 1896 2558 per

288 2603 344 2643 se
387 2590 476 2642 tali
524 2587 694 2642 modo
726 2604 740 2640 :
773 2587 1014 2642 secundo
1045 2627 1060 2653 ,
1103 2585 1246 2656 quod
1292 2600 1414 2639 cum
1454 2583 1639 2653 quales
1675 2594 1894 2636 eramus

288 2680 465 2734 salvos
497 2678 697 2734 fecerit
723 2697 736 2732 :
764 2679 926 2734 tertio
949 2720 964 2745 ,
992 2693 1099 2748 quo
1130 2693 1228 2730 nos
1259 2674 1561 2730 deduxerit.
1592 2672 1717 2726 Haec
1748 2669 1890 2725 enim

284 2776 456 2828 omnia
485 2790 589 2843 per
618 2788 678 2828 se
710 2773 998 2826 maximam
1023 2770 1222 2826 habent
1247 2769 1626 2824 iudicationem
1657 2765 1773 2834 ejus
1794 2763 1898 2817 be—

284 2866 560 2936 nignitatis
587 2883 599 2919 :
622 2873 679 2919 et
706 2864 822 2918 haec
850 2863 1029 2916 omnia
1051 2863 1250 2916 Paulus
1274 2875 1418 2914 nunc
1440 2857 1685 2912 scribens
1705 2855 1890 2926 agitat.

284 2958 449 3025 Dixit,
479 2957 633 3028 quod
665 2972 787 3013 cum
817 2968 1064 3012 essemus
1093 2953 1289 3008 mortui
1318 2952 1530 3007 delictis
1556 2958 1612 3005 et
1638 2950 1732 3003 filii
1759 2949 1892 3016 ine,

282 3067 375 3107 nos
423 3052 616 3106 salvos
666 3050 902 3105 fecerit:
936 3063 1080 3103 nunc
1128 3046 1258 3101 dicit
1303 3044 1500 3116 quibus
1551 3057 1651 3097 nos
1704 3041 1892 3096 fecerit

280 3144 541 3213 mquales,
573 3151 628 3196 et
656 3142 778 3196 ideo
803 3141 956 3206 dicit,
987 3137 1241 3193 Mentorea
1265 3146 1438 3190 estote.
1470 3135 1718 3190 Solemus
1745 3132 1888 3188 enim

277 3250 496 3301 omnes,
531 3233 754 3304 quando
796 3233 866 3287 ab
911 3231 1099 3285 humili
1146 3227 1434 3283 admodum
1472 3225 1783 3282 conditione
1821 3223 1888 3277 ad

275 3331 608 3385 contrariam
636 3336 693 3382 et
720 3327 770 3381 ei
801 3343 866 3381 ex
896 3325 1127 3380 adverso
1156 3321 1577 3393 respondentem
1603 3329 1697 3373 aut
1723 3318 1886 3374 etiam

278 3422 535 3490 majorem
555 3421 729 3476 evecti
750 3419 1010 3475 fuerimus
1027 3417 1309 3479 honorem,
1325 3431 1394 3470 ne
1413 3415 1650 3485 priorum
1668 3411 1886 3482 quidem

276 3513 592 3568 meminisse
617 3552 631 3575 ,
666 3519 726 3566 ut
767 3511 858 3581 qui
901 3511 987 3564 illa
1031 3513 1332 3563 nutriamur
1371 3506 1561 3578 gloria.
1596 3506 1885 3574 Propterea

274 3602 431 3666 dicit,
483 3601 716 3672 Pr0pter
757 3601 895 3671 quod
939 3616 1183 3654 memores
1228 3607 1402 3653 estote.
1446 3596 1668 3666 PrOpter
1710 3595 1880 3666 quod,

273 3694 584 3762 quodnam?
612 3693 766 3760 Quod
789 3694 958 3747 creati
992 3707 1178 3747 sumus
1205 3692 1256 3745 in
1287 3690 1542 3761 eperibus
1571 3689 1746 3744 bonis.
1772 3688 1883 3743 Hoc

273 3799 446 3841 autem
473 3785 685 3841 sufficit
707 3784 774 3840 ad
799 3785 956 3839 nobis
981 3783 1413 3854 persuadendum
1438 3790 1494 3836 ut
1517 3796 1700 3836 curam
1727 3795 1883 3850 gera-

274 3894 387 3932 mus
418 3877 665 3931 virtutis.
702 3875 962 3931 Memores
998 3885 1174 3930 estote.
1217 3873 1426 3930 Sufficit
1465 3875 1608 3928 enim
1642 3873 1729 3926 illa
1763 3887 1880 3926 me-

272 3972 437 4026 moria
471 3971 543 4026 ad
571 3981 753 4042 gratos
779 3980 835 4026 et
865 3984 1134 4026 memores
1161 3967 1465 4024 reddendos
1490 3967 1542 4021 in
1567 3965 1878 4021 benefacto-

269 4079 402 4120 rcm.
441 4064 602 4133 Quod
637 4081 724 4118 vos
772 4064 1050 4134 aliquando
1090 4071 1282 4133 gentes.
1325 4056 1461 4116 Vide
1502 4061 1772 4131 quomodo
1815 4076 1877 4115 ea

267 4155 543 4226 deprimat
570 4155 766 4225 quibus
789 4154 964 4211 Judaei
991 4154 1396 4225 prazcellebant,
1419 4162 1475 4208 et
1497 4168 1559 4208 ea
1584 4152 1878 4207 admiretur

265 4249 461 4316 quibus
477 4259 680 4319 gentes
697 4258 854 4303 erant
877 4246 1158 4302 inferiores
1179 4263 1193 4312 ;
1219 4262 1338 4318 qua:
1358 4245 1574 4316 quidem
1598 4261 1703 4298 non
1724 4252 1878 4300 erant

266 4339 585 4408 huiusmodi
629 4348 690 4392 ut
726 4337 1010 4392 inferiores
1037 4352 1132 4392 eos
1159 4337 1482 4400 redderent,
1529 4336 1622 4391 sed
1656 4351 1686 4389 a
1715 4335 1876 4391 modo

262 4441 316 4486 et
343 4432 452 4486 vita
491 4433 740 4500 utrisque
767 4430 1074 4500 persuadet.
1098 4430 1198 4497 Qui
1218 4429 1522 4484 dicebami‘ni
1542 4429 1870 4500 prceputium.

267 4521 322 4578 In
365 4524 556 4578 verbis
600 4533 717 4576 erat
760 4521 970 4586 honor,
1009 4522 1062 4576 in
1104 4537 1268 4577 carne
1309 4522 1661 4592 prmrogativa
1695 4539 1707 4574 :
1739 4520 1872 4574 nihil

260 4615 402 4670 enim
451 4624 542 4669 est
591 4613 950 4683 praeputium,
997 4613 1132 4667 nihil
1176 4613 1536 4669 circumcisio.
1566 4611 1642 4665 Ab
1672 4627 1732 4665 ea
1759 4627 1873 4681 qua:

260 4707 451 4760 dicitur
471 4748 484 4769 ,
521 4706 726 4777 inquit,
761 4706 1079 4759 circumcisio
1105 4706 1158 4759 in
1183 4721 1337 4759 carne
1372 4708 1686 4775 manufacta.
1719 4704 1870 4770 Quod

258 4799 413 4852 eratis
440 4799 539 4852 illo
567 4807 794 4867 tempore
817 4798 926 4851 sine
955 4798 1177 4862 Christo,
1209 4798 1420 4852 alienati
1439 4815 1469 4849 a
1489 4798 1870 4851 conversatione

256 4888 464 4955 Israel,
502 4900 550 4944 et
583 4889 807 4960 hospites
854 4899 1267 4943 testamentorum
1312 4889 1695 4959 promissionis,-
1726 4906 1868 4959 spem

255 4996 356 5034 non
388 4981 657 5046 habentes,
689 4991 737 5034 et
780 4981 890 5034 sine
924 4971 1027 5034 Deo
1057 4981 1110 5034 in
1141 4975 1354 5036 mundo.
1389 4979 1515 5043 Vos,
1549 4980 1741 5050 inquit,
1771 4981 1864 5052 qui

254 5075 355 5130 hoc
384 5075 660 5130 vocamiui
689 5090 718 5129 a
750 5065 974 5129 Judaeis.
1009 5075 1116 5128 Cur
1145 5083 1322 5129 autem
1353 5090 1472 5128 cmn
1503 5083 1649 5130 esset
1677 5086 1862 5129 osten-

250 5184 411 5224 suros
442 5169 502 5224 in
534 5168 637 5222 hoc
665 5169 745 5223 eis
770 5168 1024 5223 collatum
1056 5166 1223 5222 fuisse
1254 5167 1573 5223 beneficium
1597 5167 1739 5238 quod
1767 5182 1862 5222 eos

251 5261 442 5317 fecerit
476 5261 800 5316 societatem
819 5259 1022 5316 habere
1042 5275 1162 5315 cum
1188 5259 1407 5324 lsraelc,
1432 5273 1618 5313 rursus
1645 5258 1858 5313 Israeli-

251 5353 410 5408 tieam
435 5368 548 5408 non
574 5350 830 5422 deprimit
853 5352 1191 5421 dignitatem,
1219 5352 1312 5407 sed
1340 5367 1458 5407 eam
1487 5353 1538 5406 in
1571 5352 1653 5406 his
1679 5351 1857 5407 extol-

249 5445 349 5498 lit?
383 5444 615 5498 Extollit
642 5445 695 5497 in
729 5443 796 5498 iis
824 5459 944 5513 qua:
981 5453 1105 5496 sunt
1134 5443 1436 5497 necessaria
1459 5484 1474 5508 ,
1505 5443 1556 5496 in
1586 5444 1652 5497 iis
1678 5453 1854 5498 autem

246 5534 513 5606 deprimit
548 5535 600 5588 in
645 5535 840 5606 quibus
868 5534 948 5589 eis
984 5549 1090 5589 non
1135 5533 1229 5589 fuit
1259 5535 1509 5589 societas.
1549 5535 1854 5592 Procedens

245 5626 388 5679 enim
419 5624 586 5691 dicit,
622 5623 762 5680 Estis
801 5626 933 5681 cives
963 5637 1254 5680 sanctorum
1295 5636 1340 5681 et
1368 5626 1627 5681 domestici
1652 5627 1751 5682 Dei
1779 5629 1849 5700 (υ.

249 5716 354 5786 l9).
395 5716 541 5776 Vide
569 5718 844 5789 quomodo
873 5734 978 5773 non
1009 5718 1261 5789 deprimit
1287 5737 1300 5771 :
1327 5719 1471 5782 Hcce,
1504 5720 1694 5790 inquit,
1727 5729 1858 5775 sunt

243 5804 628 5865 indifferentia.
658 5808 738 5864 Ne
763 5809 1108 5872 existimetis,
1144 5810 1334 5880 inquit,
1360 5826 1454 5867 vos
1484 5812 1845 5867 circumcisio-

567 5903 839 5962 ΡΔΤιιῡΙ..
887 5903 1004 5964 Gn.
1058 5897 1157 5966 LX
1172 5897 1246 5968 li.

2011 1760 2137 1800 nem
2171 1760 2275 1799 non
2319 1757 2724 1815 consequutus,
2771 1764 2836 1803 eo
2877 1752 3020 1819 quod
3065 1754 3181 1808 sitis
3223 1755 3274 1810 in
3307 1761 3610 1828 pra'putio.

2007 1837 2240 1906 aliquam
2272 1837 2472 1892 habere
2499 1838 2880 1895 differentiam.
2919 1844 3030 1898 Hoc
3059 1855 3173 1900 erat
3203 1863 3366 1918 grave
3397 1866 3460 1906 ac
3487 1867 3610 1905 tuo-

2007 1928 2223 1994 lestum,
2255 1929 2398 1999 quod
2422 1931 2606 1985 essent
2626 1931 2742 1986 sine
2764 1933 2999 2001 Christo,
3027 1939 3168 2006 quod
3192 1952 3371 1995 essent
3389 1944 3606 1999 alienati

2005 2033 2034 2070 a
2061 2022 2474 2075 conversatione
2505 2021 2670 2078 Israel
2693 2041 2707 2088 ',
2739 2023 2840 2079 hoc
2867 2035 3047 2083 autem
3077 2047 3183 2084 non
3209 2041 3290 2087 est
3316 2049 3606 2091 conversa-

2006 2112 2080 2164 tio
2112 2130 2123 2164 :
2157 2113 2299 2182 quod
2331 2129 2462 2168 vero
2492 2125 2677 2170 essent
2709 2116 2948 2188 hospites
2990 2131 3434 2181 testamentorum
3480 2145 3606 2199 pro-

2003 2203 2280 2258 missionis
2307 2247 2322 2269 ,
2358 2206 2499 2275 quod
2537 2223 2641 2261 non
2684 2207 2948 2265 haberent
2976 2229 3126 2283 spem
3159 2213 3392 2272 futuram
3417 2261 3432 2286 ,
3463 2201 3604 2290 quod

2000 2309 2186 2352 essent
2217 2299 2268 2352 in
2315 2299 2413 2353 boc
2443 2301 2641 2354 mundo
2668 2303 2784 2358 sine
2815 2305 2926 2360 Deo
2960 2324 2975 2361 :
3007 2305 3122 2362 htec
3149 2312 3328 2366 omnia
3357 2323 3512 2368 erant
3541 2317 3603 2367 il-

2004 2388 2201 2444 lorum.
2241 2391 2382 2446 Dixit
2409 2391 2477 2446 de
2524 2394 2683 2450 rebus
2723 2395 3066 2462 carlestibus;
3098 2400 3227 2455 dicit
3259 2403 3419 2459 etiam
3445 2406 3514 2461 de
3546 2409 3608 2461 iis

2000 2499 2120 2550 qum
2151 2493 2276 2537 sunt
2307 2499 2472 2555 super
2500 2495 2722 2553 terram,
2747 2490 2998 2559 quoniam
3022 2491 3090 2548 de
3117 2493 3247 2564 ipsis
3286 2495 3458 2552 Juda-i
3496 2516 3607 2552 ma-

1997 2587 2158 2642 gnam
2192 2575 2461 2630 habebant
2489 2578 2944 2636 existimationem
2973 2595 3026 2638 et
3053 2585 3300 2654 gloriam.
3338 2587 3410 2642 lta
3443 2591 3604 2646 etiam

1999 2665 2248 2722 Christus
2277 2670 2564 2726 consolans
2586 2673 2901 2743 discipulos,
2933 2687 3215 2746 postquam
3247 2681 3402 2748 dixit,
3433 2683 3600 2748 Beati,

2005 2763 2094 2831 qui
2110 2767 2542 2835 persequutionem
2561 2770 2825 2838 patiuntur
2847 2775 3340 2844 prapterjustitiam,
3363 2780 3603 2846 quoniam

2004 2854 2230 2924 ipsorum
2253 2867 2324 2910 est
2346 2876 2558 2930 regnum
2579 2861 2842 2928 cwlorum,
2870 2865 3020 2933 ponit
3043 2865 3093 2920 id
3116 2869 3256 2937 quod
3285 2880 3368 2924 est
3390 2873 3598 2929 minus:

2005 2948 2096 3004 Sic
2135 2951 2268 3004 enim
2314 2954 2603 3022 persequuti
2641 2966 2757 3008 sunt
2803 2958 3078 3026 prophetas
3121 2962 3207 3028 qui
3238 2966 3446 3033 [uerunt
3485 2979 3607 3022 ante

2001 3055 2087 3094 vos
2117 3041 2329 3110 (Matth.
2371 3044 2425 3097 5.
2465 3045 2551 3099 10.
2586 3045 2698 3116 12).
2745 3047 2876 3101 Nam
2918 3049 3020 3105 hoc
3061 3052 3315 3127 quidem,
3351 3058 3491 3128 quod
3531 3062 3598 3114 ad

2001 3134 2422 3204 magnitudinem
2451 3137 2662 3200 attinet,
2693 3147 2777 3194 est
2806 3140 2982 3197 minus
3006 3159 3020 3197 :
3046 3142 3092 3197 si
3119 3157 3392 3214 spectetur
3420 3161 3598 3206 autem

1999 3226 2143 3294 quod
2177 3241 2346 3296 prope
2375 3231 2486 3283 sint
2513 3241 2567 3284 et
2597 3231 2964 3299 crediderint,
2999 3245 3084 3290 est
3115 3253 3369 3309 magnum
3403 3253 3459 3300 et
3485 3246 3598 3298 suf-

1998 3314 2204 3380 ficiens,
2238 3327 2293 3372 et
2322 3335 2566 3390 magnam
2597 3323 2701 3376 vim
2733 3323 2913 3380 habet.
2949 3325 3060 3383 Hoc
3083 3343 3213 3400 ergo
3238 3341 3372 3397 erat,
3400 3332 3599 3392 habere

1997 3413 2492 3468 conversationem.
2519 3414 2634 3468 Non
2663 3415 2817 3482 dixit,
2848 3418 3092 3488 Separati
3113 3458 3128 3486 ,
3157 3423 3252 3478 sed
3271 3467 3285 3490 ,
3313 3425 3536 3483 Alienati
3564 3449 3597 3484 a

1995 3505 2394 3558 conversatione.
2425 3506 2539 3560 Non
2562 3506 2716 3572 dixit,
2743 3508 2856 3564 Non
2880 3513 3245 3579 attendentes,
3270 3520 3388 3585 sed,
3412 3520 3595 3591 Neque

1997 3595 2380 3666 participanles
2404 3641 2418 3665 ,
2453 3606 2508 3653 et
2543 3598 2802 3668 Hospites.
2838 3603 3022 3672 Magna
3053 3615 3138 3660 est
3165 3609 3450 3665 verborum
3479 3631 3594 3669 em-

1995 3687 2198 3757 phasis,
2229 3706 2474 3762 magnam
2498 3693 2791 3749 ostendens
2819 3698 3236 3764 separationem.
3267 3701 3401 3758 Nam
3429 3707 3588 3760 etiam

1996 3780 2250 3836 Israelita
2282 3791 2436 3838 erant
2464 3794 2617 3839 extra
2649 3788 3151 3858 conversationem,
3182 3794 3276 3848 sed
3309 3809 3413 3850 non
3449 3805 3589 3852 tamu-

1993 3887 2154 3941 quam
2185 3874 2383 3942 alieni,
2419 3892 2603 3932 verum
2636 3887 2905 3948 tamquam
2950 3881 3086 3951 pigri
3126 3893 3181 3937 et
3207 3884 3462 3944 desidiosi
3489 3931 3503 3953 ,
3536 3903 3587 3946 rt

1990 3964 2310 4020 exciderunt
2329 3982 2356 4020 a
2383 3969 2738 4034 testamentis,
2759 3971 2852 4025 sed
2872 3987 2977 4026 non
3003 3981 3270 4046 tamquam
3296 3981 3585 4051 peregrini.

1990 4057 2248 4124 Qttaanam
2275 4070 2453 4116 autem
2482 4073 2637 4118 erant
2669 4075 2987 4121 testamenta
3021 4070 3442 4138 promissionis?
3473 4075 3587 4131 Tibi

1987 4160 2032 4203 et
2059 4152 2237 4205 semini
2262 4162 2348 4206 tuo
2370 4154 2500 4208 dabo
2530 4167 2716 4210 terram
2746 4159 2877 4212 hanc
2907 4157 3060 4227 (Gen.
3096 4162 3184 4218 15.
3210 4165 3321 4233 15),
3349 4174 3405 4222 et
3430 4183 3580 4239 quar-

1986 4256 2215 4311 cumque
2242 4246 2344 4300 alia
2376 4249 2641 4317 promisit.
2675 4249 2852 4319 Spem,
2885 4252 3075 4322 inquit,
3109 4271 3209 4309 non
3241 4257 3500 4324 habentes,
3535 4273 3582 4316 et

1984 4336 2094 4389 sine
2117 4335 2250 4392 Deo.
2280 4339 2438 4408 Atqui
2465 4339 2594 4395 deos
2620 4341 2915 4397 adorabant
2936 4385 2950 4408 ,
2986 4345 3079 4399 sed
3109 4362 3214 4401 non
3242 4359 3396 4404 erant
3419 4367 3433 4404 :
3460 4352 3580 4407 ido.

1985 4428 2094 4483 lunt
2123 4432 2264 4484 enim
2297 4431 2427 4486 nihil
2461 4443 2563 4488 est.
2599 4435 2680 4490 l5.
2719 4435 2875 4490 Nunc
2904 4449 3073 4492 autem
3108 4441 3160 4494 in
3189 4440 3392 4498 Christo
3415 4443 3540 4501 Jesu
3561 4485 3576 4514 ,

1981 4537 2088 4586 vos,
2112 4523 2200 4593 qui
2219 4524 2498 4593 aliquando
2524 4528 2675 4583 eratis
2701 4529 2869 4599 longe,
2899 4531 3028 4601 facti
3048 4534 3170 4586 estis
3195 4551 3353 4606 prape
3382 4537 3432 4591 in
3461 4556 3579 4594 sau-

1981 4613 2133 4683 guine
2162 4614 2371 4668 Christi.
2411 4617 2498 4670 id.
2539 4615 2660 4687 Ipse
2700 4620 2834 4672 enim
2869 4630 2942 4674 est
2979 4638 3084 4691 paa:
3116 4634 3312 4692 nostra,
3344 4629 3430 4694 qui
3461 4632 3578 4701 [erit

1979 4711 2190 4773 utraque
2228 4721 2421 4772 unum,
2465 4717 2512 4760 et
2557 4709 2776 4763 medium
2807 4712 3048 4781 parietem
3082 4717 3314 4770 maceria:
3338 4720 3572 4789 solvens,

1978 4794 2270 4850 inimicitias
2291 4798 2342 4850 in
2363 4814 2515 4852 carne
2533 4816 2642 4852 sua.
2671 4801 2780 4854 l'loc
2802 4811 2886 4857 est
2907 4819 3055 4874 ergo,
3081 4805 3274 4876 inquit,
3296 4825 3570 4880 magnum,

1975 4887 2115 4952 quod
2148 4890 2391 4942 venimus
2437 4891 2487 4943 in
2531 4890 2839 4966 .ludaeortqu
2885 4899 3399 4956 conversationem?
3441 4907 3568 4974 quid

1973 4979 2147 5035 dicis?
2171 4998 2521 5053 quaecumque
2551 4995 2676 5039 sunt
2704 4986 2754 5040 in
2786 4988 2932 5042 caelis
2962 4996 3018 5044 et
3045 5006 3166 5061 qua:
3189 5003 3317 5049 sunt
3343 4995 3394 5048 in
3425 5006 3566 5052 terra

1973 5073 2292 5129 instauravit
2334 5084 2389 5130 et
2434 5076 2486 5130 in
2530 5093 2690 5131 unam
2739 5093 3003 5134 smnmam
3051 5083 3294 5154 redegit,
3333 5097 3387 5142 et
3426 5105 3567 5146 nunc

1969 5165 2106 5220 dicis
2125 5166 2193 5221 de
2215 5166 2501 5222 lsraelitis?
2523 5168 2704 5236 Certe,
2732 5170 2921 5238 inquit.
2949 5173 3079 5229 Nam
3107 5175 3192 5229 illa
3217 5179 3431 5247 quidem
3463 5183 3566 5238 fide

1968 5266 2181 5327 oportet
2218 5273 2531 5326 assumere,
2577 5261 2691 5315 haec
2736 5273 2915 5317 autem
2959 5267 3123 5320 etiam
3164 5269 3314 5322 laetis
3351 5271 3482 5339 ipsis
3512 5286 3562 5328 et

1965 5350 2239 5418 operibus.
2273 5351 2427 5405 Nunc
2456 5362 2625 5406 autem
2654 5355 2704 5407 in
2731 5354 2932 5409 Christo
2953 5357 3103 5423 Jesu,
3136 5360 3325 5429 inquit,
3357 5379 3442 5417 vos
3472 5369 3559 5434 qui

1963 5441 2239 5510 aliquando
2266 5445 2417 5496 eratis
2446 5443 2615 5515 longe,
2644 5448 2768 5515 facti
2793 5447 2911 5501 estis
2939 5466 3098 5518 prope
3126 5451 3195 5503 ad
3221 5457 3560 5510 conversatio—

1963 5550 2096 5587 nem.
2125 5533 2256 5588 Nam
2292 5534 2420 5588 illud
2453 5537 2608 5607 longe
2637 5549 2690 5592 ct
2720 5538 2846 5594 illud
2881 5555 3069 5612 prope,
3099 5553 3183 5599 est
3211 5544 3378 5602 solius
3406 5548 3558 5603 liberi

1961 5627 2166 5681 arbitrii
2194 5637 2248 5681 et
2276 5627 2572 5684 elcctioois.
2605 5628 2727 5700 Ipse
2748 5641 2821 5687 est
2842 5634 2974 5687 enim
3005 5652 3110 5705 pas:
3134 5648 3308 5692 nostra
3327 5642 3412 5710 qui
3439 5644 3557 5712 fecit

1959 5729 2169 5789 utraque
2198 5736 2374 5773 unum.

2031 5813 2086 5867 Ξ.
2121 5813 2257 5880 Quid
2301 5815 2400 5871 hoc
2435 5825 2518 5872 est
2545 5856 2559 5884 ,
2593 5815 2818 5887 Utraque
2856 5821 3061 5873 unum?
3088 5819 3203 5876 Non
3249 5821 3349 5877 hoc
3390 5823 3516 5878 dicit
3539 5865 3554 5888 ,

3148 5925 3187 5982 3
