4140 6504
492 366 562 418 59
1267 354 1323 407 S.
1365 346 1639 404 JU.\N.\'lS
1675 340 2115 397 CHRYSUSTUM

2233 338 2495 393 “Clllbll’.
2541 341 3066 397 CONSTANTINUP.

494 479 630 549 quod
678 490 776 531 nos
806 472 1042 530 erexerit
1072 471 1136 524 ad
1170 468 1320 525 illam
1348 464 1561 536 generis
1588 462 1955 524 nobilitatem,
1986 458 2078 512 sed

493 583 540 623 ot
576 571 719 639 quod
759 580 858 621 nos
895 574 950 619 et
991 564 1109 618 illos
1148 559 1212 614 ad
1253 559 1552 626 majorem;
1593 554 1765 623 majus
1796 562 1969 606 tamen
2001 558 2083 604 est

496 660 816 717 beneﬁcium
846 673 951 727 quo
997 669 1095 709 nos
1122 651 1297 706 aﬁ‘ecti
1330 662 1534 703 smnus.
1567 646 1697 702 Nam
1737 644 1843 699 illis
1868 642 2082 714 quidem

499 768 551 810 ot
595 753 914 825 promissmn
955 748 1163 811 fuerat,
1208 754 1263 799 et
1300 751 1454 798 erant
1495 740 1593 809 ipsi
1633 737 2081 810 propinquiores;

500 849 653 903 nobis
670 855 847 899 autem
872 857 968 896 nec
989 839 1328 911 promiserat,
1344 843 1399 890 et
1413 847 1628 889 eramus
1648 831 1876 900 longius.
1891 828 2086 896 Quam-

497 944 680 997 obrem
705 939 852 1001 dicit,
880 936 1063 990 Gentes
1083 942 1250 985 autem
1292 946 1384 998 pro
1421 925 1769 981 misericordia
1801 921 2089 991 gloriﬁcare

502 1033 662 1087 Deum
689 1029 864 1099 (Rom.
894 1026 979 1082 15.
1002 1025 1085 1092 9).
1110 1022 1437 1078 Protniserat
1458 1017 1673 1089 quidem
1696 1013 1968 1075 lsraelitis,
1993 1008 2089 1063 sed

500 1132 653 1179 erant
695 1120 936 1190 indigni;
989 1116 1143 1171 nobis
1191 1122 1367 1167 autem
1422 1125 1529 1165 non
1582 1106 1939 1176 promiserat,
1994 1101 2085 1155 sed

503 1217 741 1285 hospites
762 1225 977 1268 eramus
999 1228 1009 1263 :
1030 1208 1165 1263 nihil
1189 1217 1301 1261 eral
1325 1204 1480 1259 nobis
1498 1218 1618 1257 cum
1639 1200 1767 1269 ipsis
1782 1210 2084 1257 commune,

503 1321 554 1363 et
588 1323 684 1362 nos
713 1305 839 1361 fecit
864 1318 1049 1362 unum.
1086 1315 1193 1353 non
1224 1311 1321 1351 nos
1349 1296 1454 1350 illis
1479 1292 1833 1362 conjungens,
1863 1287 1960 1343 sed
1988 1300 2090 1340 nos

503 1410 559 1454 et
585 1400 706 1453 illos
729 1413 890 1450 unum
914 1394 1135 1448 faciens.
1161 1390 1340 1443 Dicam
1364 1395 1541 1439 autem
1560 1380 1863 1451 exemplum
1890 1394 1902 1429 :
1928 1390 2092 1447 pona-

504 1507 624 1546 mus
650 1503 770 1544 esse
794 1487 928 1541 duas
954 1493 1178 1544 statuas,
1209 1494 1371 1534 unam
1398 1492 1461 1532 ex
1493 1482 1738 1543 argento,
1769 1470 1993 1524 alteram
2024 1481 2089 1522 ex

508 1580 757 1651 plumbo;
803 1574 998 1631 deinde
1044 1571 1230 1626 ambas
1268 1568 1414 1623 fusas
1456 1574 1512 1620 et
1548 1561 1807 1619 conﬂatus
1835 1558 2095 1651 prodiisse

437 1656 443 1660 ’
507 1649 719 1727 aureas.
755 1670 892 1723 Ecce
933 1667 1065 1719 tlnas
1093 1677 1256 1717 unum
1285 1660 1431 1715 fecit.
1473 1659 1576 1711 Aut
1618 1654 1779 1709 etiam
1808 1651 1998 1706 aliter:
2027 1649 2096 1702 sit

508 1781 647 1818 unus
671 1776 856 1817 scrvu<
887 1799 901 1823 ,
933 1759 1070 1810 alius
1096 1756 1147 1807 in
1182 1752 1349 1806 lilium
1382 1748 1697 1818 adoptatus;
1728 1742 1886 1798 ambo
1912 1749 2091 1795 autem

508 1853 759 1910 otnndem
791 1851 1017 1905 adorent
1041 1888 1054 1909 ,
1087 1845 1173 1898 hic
1199 1841 1413 1913 quidem
1447 1838 1753 1893 declaratus
1782 1848 1905 1889 cum
1935 1831 2005 1886 sit
2032 1828 2095 1883 ﬁ-

510 1950 614 2003 lins
638 1988 652 2012 ,
699 1946 789 2000 ille
823 1958 952 1996 vero
995 1937 1248 2009 fugitivus
1270 1977 1284 2000 ,
1317 1942 1371 1988 et
1411 1931 1500 2002 qui
1534 1945 1600 1984 ne
1641 1940 1842 1997 patrem
1884 1922 2097 1994 quidem

513 2041 657 2098 novit
687 2057 700 2094 :
729 2035 921 2092 deinde
966 2036 1092 2087 liaut
1132 2028 1290 2084 ambo
1335 2025 1596 2087 heredes,
1629 2031 1683 2077 et
1711 2018 1951 2091 germani
1986 2017 2095 2069 lilii.

514 2134 654 2188 Ecce
680 2130 745 2185 ad
774 2143 937 2184 unum
969 2126 1228 2179 honorem
1260 2127 1385 2174 sunt
1406 2115 1647 2187 perducti
1671 2131 1683 2167 :
1704 2112 1810 2168 duo
1832 2109 1953 2166 facti
1980 2117 2103 2162 sunt

516 2238 701 2283 unum,
726 2220 816 2275 ille
837 2217 1052 2287 quidem
1080 2228 1201 2268 cum
1226 2210 1463 2264 venisset
1483 2222 1513 2261 e
1536 2204 1845 2274 longinquo,
1870 2201 1956 2255 hic
1978 2213 2104 2253 vero

515 2331 639 2369 ctnn
664 2328 693 2367 e
717 2311 1037 2383 propinquo,
1076 2315 1130 2358 et
1165 2302 1333 2371 magis
1361 2309 1443 2355 est
1467 2309 1751 2369 germanus
1777 2308 1934 2365 quam
1959 2301 2082 2383 ante

518 2421 679 2476 qnam
711 2382 1043 2459 offendisset.
1080 2396 1309 2450 Medium
1330 2435 1342 2455 ,
1377 2392 1579 2462 inquit.
1609 2391 1849 2459 parietem
1876 2382 2109 2476 maceriae

520 2475 736 2551 solvens.
780 2492 911 2562 Quis
956 2499 1037 2545 est
1082 2486 1291 2541 medius
1333 2483 1547 2554 paries?
1580 2478 1900 2542 inimicitias,
1932 2476 2024 2540 ait,
2057 2475 2108 2527 in

523 2600 804 2643 curne‘sua.
835 2587 918 2641 15.
943 2583 1122 2654 Legem
1143 2579 1498 2633 mandatorum
1520 2577 1571 2628 in
1596 2573 1809 2627 decretis
1838 2583 2108 2625 evacuans.

527 2677 775 2733 Nonnulli
815 2674 1028 2744 quidem
1058 2672 1280 2733 dicunt,
1312 2667 1451 2737 quod
1487 2666 1569 2721 lex
1609 2665 1680 2718 sit
1707 2662 1915 2718 medius
1938 2659 2111 2731 paries

529 2774 664 2824 inter
690 2768 903 2824 .lttdatos
933 2773 987 2820 et
1012 2762 1233 2819 Graecos
1262 2778 1276 2814 :
1307 2758 1426 2813 ideo
1460 2758 1631 2827 legem
1664 2754 1817 2818 dixit,
1847 2752 2114 2821 inquiunt,

526 2861 669 2933 quod
699 2876 803 2915 non
833 2858 956 2913 sivit
987 2857 1133 2925 ipsos
1160 2852 1373 2908 misceri
1402 2869 1415 2905 :
1441 2848 1572 2903 mihi
1598 2855 1776 2902 autem
1805 2859 1911 2899 non
1942 2844 2011 2897 ita
2039 2842 2118 2894 vi—

533 2957 730 3021 detur;
777 2951 871 3007 sed
915 2945 1247 3004 inimicitiam
1291 2944 1343 2998 in
1382 2955 1546 2997 carne
1581 2938 1817 2994 medium
1856 2935 2117 3006 parietem

531 3049 697 3112 dicit,
729 3044 820 3114 qui
863 3056 962 3096 nos
986 3039 1171 3094 ambos
1199 3052 1229 3091 a
1260 3037 1368 3089 Deo
1396 3040 1646 3102 separet,
1678 3030 1817 3085 sicut
1839 3027 1967 3082 dicit
1998 3039 2119 3095 pro-

536 3140 691 3211 pheta
721 3156 735 3193 :
764 3139 946 3191 Annon
985 3141 1191 3203 peccata
1230 3139 1394 3184 uestra
1438 3134 1678 3197 separant
1705 3124 1838 3177 inter
1860 3137 1939 3174 me
1963 3131 2009 3174 et
2036 3136 2121 3175 vos

535 3232 689 3305 (Isai.
719 3229 807 3286 50.
830 3227 927 3300 2)?
955 3226 1023 3281 Et
1046 3225 1169 3296 jure
1193 3238 1208 3277 :
1232 3231 1505 3291 tamquam
1535 3217 1746 3273 medius
1773 3217 1914 3269 enim
1948 3214 2123 3285 paries

537 3322 831 3381 inimicitia:
855 3326 1031 3383 erant,
1060 3330 1180 3386 qua:
1201 3315 1251 3369 ei
1279 3309 1679 3367 intercedebant
1701 3322 1821 3363 cum
1843 3305 2044 3361 Judzeis
2070 3309 2126 3359 et

536 3415 759 3474 Graecis.
787 3411 922 3469 Cum
954 3416 1098 3464 esset
1121 3414 1299 3460 autem
1327 3402 1408 3458 lex
1431 3443 1445 3467 ,
1473 3415 1579 3454 non
1610 3399 1780 3455 solum
1809 3413 1915 3452 non
1944 3395 2123 3450 solve-

540 3509 758 3574 bantur,
777 3503 872 3559 sed
893 3500 1056 3556 etiam
1080 3494 1248 3567 magis
1269 3492 1614 3550 crescebant:
1634 3489 1742 3545 Lm:
1760 3489 1913 3556 enim,
1932 3485 2123 3558 inquit,

537 3604 669 3656 iram
694 3604 934 3668 operatur
958 3592 1133 3666 (Rom.
1162 3591 1216 3645 4.
1249 3588 1362 3661 15).
1396 3586 1467 3644 Ut
1494 3600 1624 3656 ergo
1651 3585 1756 3640 illic
1781 3584 1987 3649 dicens,
2024 3579 2129 3636 Lex

539 3695 670 3747 iram
693 3696 952 3759 aperatur,
985 3697 1091 3739 non
1113 3682 1161 3738 ei
1188 3690 1356 3736 totum
1379 3678 1653 3741 adscribit,
1677 3675 1770 3733 sed
1792 3674 2125 3737 subauditur,

542 3783 799 3853 quoniam
823 3773 1145 3844 transgressi
1168 3785 1353 3826 sumus
1378 3788 1392 3825 :
1417 3769 1488 3824 ita
1516 3767 1603 3823 hic
1627 3782 1838 3839 quoque
1858 3781 1977 3821 eam
2003 3763 2132 3819 dicit

546 3874 786 3930 medium
814 3868 1094 3941 parietem,
1124 3865 1375 3936 quoniam
1400 3861 1525 3917 dum
1552 3862 1600 3918 ei
1628 3878 1735 3916 non
1757 3859 2023 3919 obeditur.
2055 3857 2130 3910 l‘a-
2174 3870 2181 3871 ’

544 3966 718 4023 ciebat
746 3960 1073 4019 inimicitias.
1102 3958 1209 4013 Lex
1241 3965 1354 4011 erat
1380 3970 1535 4024 sepes
1554 3970 1570 4021 ;
1597 3954 1690 4009 sed
1708 3968 1770 4007 ea
1788 3951 2000 4021 quidem
2019 3956 2134 4003 erat

548 4068 603 4112 nt
646 4064 789 4110 tutos
826 4050 1076 4108 redderet
1100 4091 1115 4115 ,
1147 4056 1201 4104 et
1233 4047 1352 4103 ideo
1378 4047 1538 4102 etiam
1568 4046 1839 4101 nominata
1870 4050 1955 4098 est
1980 4054 2137 4109 sepcs

550 4160 607 4203 ut
631 4145 1056 4216 circumsepiret.
1083 4141 1219 4197 Audi
1245 4140 1386 4195 enim
1411 4153 1598 4193 rursus
1618 4135 1934 4207 prophetam
1957 4133 2134 4188 dicen-

553 4251 661 4295 tem
686 4257 701 4293 :
731 4237 795 4291 Et
821 4250 988 4306 sepem
1012 4232 1091 4288 illi
1121 4230 1430 4286 circumdedi
1458 4227 1608 4299 (Isai.
1639 4227 1691 4282 5.
1719 4226 1776 4296 2)
1801 4243 1815 4290 ;
1844 4235 1897 4280 et
1920 4226 2133 4290 iterum,

555 4329 817 4387 Abstulisti
859 4342 1026 4398 sepem
1072 4326 1202 4396 ejus,
1249 4332 1296 4377 et
1340 4321 1646 4377 vindemiant
1690 4334 1800 4373 eam
1837 4332 2008 4372 onmes
2053 4315 2138 4385 qui

553 4430 818 4479 transeunt
844 4436 932 4490 per
964 4419 1096 4473 viam
1131 4415 1303 4489 (Psal.
1334 4412 1423 4469 79.
1458 4413 1572 4481 15).
1603 4411 1978 4465 Tutamentum
2010 4421 2139 4476 ergo

558 4516 707 4569 dit-il.
738 4513 803 4567 Et
830 4524 1017 4567 rursus
1040 4548 1055 4573 ,
1102 4508 1344 4578 Aufer-am
1373 4519 1540 4573 sepem
1565 4502 1674 4572 ejus
1694 4541 1710 4566 ,
1743 4511 1788 4554 et
1814 4500 1907 4553 erit
1935 4500 1989 4553 in
2012 4517 2135 4552 con—

559 4608 927 4669 culcationem;
954 4610 1008 4656 et
1035 4613 1240 4664 rursus,
1269 4596 1449 4665 Legem
1479 4593 1615 4647 dedit
1635 4594 1686 4647 in
1712 4593 1956 4647 auxilium
1983 4590 2138 4658 (lsai.

558 4701 611 4753 5.
640 4699 695 4753 5.
729 4707 773 4751 et
800 4697 853 4750 8.
881 4693 973 4760 20)
999 4709 1014 4754 ;
1054 4701 1109 4746 et
1147 4691 1336 4743 iterum
1360 4727 1374 4752 ,
1408 4684 1623 4738 Faciens
1651 4682 2063 4758 misericordiam
2092 4692 2140 4737 et

558 4790 806 4855 indicium
824 4785 1092 4847 Dominus,
1113 4791 1257 4835 notas
1276 4779 1393 4847 fecit
1406 4777 1799 4846 justiﬁcationes
1818 4793 1936 4830 suas
1959 4775 2140 4829 lsraeli

562 4880 738 4954 (Psal.
776 4877 897 4933 102.
929 4877 982 4931 6.
1017 4875 1093 4943 7).
1138 4871 1298 4927 Facta
1321 4881 1426 4925 aest
1467 4878 1643 4925 autem
1685 4868 1892 4923 medius
1932 4869 2138 4937 paries,

570 4990 675 5029 non
697 4987 791 5029 eos
819 4978 961 5024 tutos
982 4966 1234 5031 reddens,
1257 4962 1353 5019 sed
1379 4977 1473 5017 eos
1498 4977 1529 5017 a
1560 4962 1666 5017 Deo
1694 4954 1969 5032 separatis.
1999 4960 2145 5030 Ejus-

570 5064 711 5119 modi
749 5071 833 5116 cst
873 5058 1081 5114 medius
1121 5055 1297 5126 paries
1329 5054 1417 5124 qui
1464 5063 1545 5108 est
1582 5068 1610 5107 a
1651 5068 1798 5121 sepe.
1836 5050 2142 5122 Cujnsmodi

565 5165 742 5210 autem
770 5153 842 5208 sit
863 5165 927 5205 ca
955 5148 1217 5211 declarat,
1245 5144 1535 5213 subjictcns
1559 5161 1572 5197 :
1598 5141 1901 5196 Inimicitias
1921 5143 1974 5197 in
1994 5158 2146 5196 carne

562 5261 675 5298 sua.
711 5242 892 5312 Legem
921 5238 1277 5292 mandatorum
1305 5250 1568 5290 evacuans.
1601 5233 1926 5300 Quomodo?
1960 5232 2026 5288 Ut
2055 5233 2146 5303 qui

561 5330 1000 5401 circumsepserit
1039 5339 1092 5382 et
1135 5327 1441 5381 inimicitias
1484 5325 1593 5380 illic
1630 5324 1870 5379 solverit.
1904 5323 2013 5378 Nec
2044 5324 2144 5379 hoc

568 5427 740 5482 solum
768 5439 886 5478 eam
919 5422 1096 5487 solvit,
1121 5420 1215 5474 sed
1242 5421 1403 5473 etiam
1428 5434 1521 5488 per
1547 5417 1666 5488 ejus
1691 5418 2143 5497 observationem.

567 5516 705 5584 Quid
725 5514 891 5581 enim,
909 5512 953 5567 si
974 5510 1182 5567 liberati
1204 5524 1444 5565 essemus
1465 5524 1495 5563 a
1517 5509 1682 5578 priori
1702 5508 2143 5576 transgressione,

569 5623 757 5665 rursus
774 5616 952 5661 autem
970 5620 1086 5661 eam
1104 5618 1323 5659 necesse
1342 5602 1661 5656 haberemus
1677 5600 1927 5655 servare?
1945 5599 2147 5653 Rursus

572 5701 798 5769 idipsnm
830 5707 1008 5753 esset:
1034 5696 1127 5751 sed
1156 5710 1273 5751 eam
1300 5710 1511 5765 quoque
1541 5693 1698 5747 solvit
1722 5709 1735 5746 :
1762 5690 1943 5762 Legem
1972 5692 2147 5756 enim,

572 5794 763 5859 inquit,
786 5789 1135 5845 nmndatorum
1156 5790 1205 5842 in
1227 5788 1438 5842 decretis
1459 5801 1726 5853 evacuans,
1752 5784 1926 5853 Papa},
1950 5795 2146 5853 quanta

3706 349 3780 403 10

2191 458 2494 527 lwnignitss
2521 460 2532 513 !
2573 458 2718 513 dedit
2751 462 2905 514 nobis
2939 462 3108 530 legem
3141 452 3457 518 servandam
3485 481 3498 516 :
3523 466 3773 534 quoniam

2191 557 2368 601 autem
2402 564 2507 602 non
2535 555 2887 616 servavimus,
2920 566 3042 606 cum
3070 561 3343 621 oporteret
3373 554 3574 624 puniri,
3605 555 3775 626 legent

2190 638 2387 692 Solvit:
2413 648 2467 692 ut
2501 639 2545 692 si
2576 640 2698 708 quis
2724 656 2845 694 cum
2878 657 3099 710 puerum
3132 642 3440 697 tradidisset
3465 644 3780 715 paedagogo,

2190 732 2440 800 quoniam
2470 747 2577 786 non
2602 732 2806 796 obedit,
2832 734 2991 788 etiam
3020 750 3048 787 a
3076 733 3367 805 pmdagogo
3392 735 3705 792 liberaverit
3728 750 3778 794 et

2191 824 2493 879 abduxerit.
2534 825 2760 892 Quanta:
2799 835 2883 880 est
2925 826 3025 881 hoc
3066 827 3617 897 benignitatis?Quid
3655 840 3780 893 est.

2194 911 2258 967 In
2285 914 2496 969 decretis
2520 931 2766 970 eoacuans
2783 916 2810 969 .9
2835 916 3099 986 Magnam,
3126 917 3317 987 inquit,
3345 916 3433 973 hic
3454 919 3606 988 ponit
3624 919 3778 974 dilic-

2193 1006 2422 1061 rentiam
2461 1005 2697 1062 mandati
2742 1017 2799 1062 et
2839 1007 3205 1063 decretorum.
3253 1011 3361 1063 Aut
3406 1009 3565 1065 ﬁdem
3612 1011 3786 1077 dicit,

2195 1097 2362 1167 ipsam
2384 1112 2581 1153 vocans
2605 1098 2914 1164 decretum;
2944 1115 2974 1154 a
2996 1101 3109 1154 sola
3132 1101 3278 1155 enim
3304 1101 3404 1156 ﬁde
3427 1102 3603 1157 salvos
3624 1102 3781 1158 fecit:

2197 1199 2292 1244 aut
2337 1202 2662 1263 prteceptum
2689 1233 2705 1257 ,
2744 1193 2882 1247 sicut
2925 1193 3134 1248 dicebat
3159 1194 3443 1259 Chrisms,
3476 1195 3589 1267 Ego
3617 1206 3787 1250 autem

2201 1282 2317 1336 dico
2348 1283 2517 1351 vobis,
2550 1301 2614 1339 ne
2636 1285 2840 1339 omnino
2866 1286 3161 1339 irascamini
3186 1285 3399 1355 (Matth.
3431 1287 3509 1357 5).
3540 1286 3655 1343 Hoc
3682 1298 3789 1353 Cal,

2194 1373 2251 1429 Si
2297 1375 2597 1431 credideris
2637 1376 2781 1447 quod
2825 1376 2968 1431 Deus
3011 1392 3134 1431 eum
3178 1377 3427 1433 excitavit
3458 1393 3491 1433 ι
3521 1379 3746 1434 mortuis
3771 1420 3786 1441 ,

2197 1467 2375 1523 salvus
2401 1468 2531 1523 eris.
2562 1469 2629 1524 Et
2648 1485 2855 1534 rursus,
2885 1468 3058 1541 PrOpe
3084 1481 3154 1524 est
3184 1470 3387 1524 verbum
3409 1470 3463 1525 in
3492 1487 3580 1526 ore
3610 1480 3721 1539 tuo,
3741 1482 3790 1526 et

2197 1561 2251 1615 in
2276 1561 2427 1615 corde
2457 1572 2543 1615 tuo
2574 1562 2752 1632 (Rom.
2783 1562 2868 1617 10.
2904 1562 2981 1633 8).

2271 1652 2324 1706 5.
2352 1651 2430 1707 Ne
2469 1653 2668 1708 dixeris
2690 1695 2705 1721 ,
2738 1654 2869 1722 Quis
2905 1653 3161 1709 ascendet
3190 1654 3242 1708 in
3271 1655 3463 1709 caelum
3501 1695 3515 1719 ,
3555 1663 3646 1710 aut
3672 1655 3795 1725 quis

2199 1742 2488 1799 descendet
2515 1744 2568 1798 in
2587 1744 2861 1816 abyssum,
2884 1754 2976 1800 aut
2996 1746 3118 1816 quis
3144 1746 3319 1816 ipsum
3347 1746 3565 1801 sustulit
3587 1760 3620 1801 e
3645 1762 3796 1801 mor-

2203 1836 2351 1891 tuis?
2378 1836 2482 1890 Pro
2513 1836 2619 1890 vita
2650 1837 2806 1891 ﬁdem
2844 1837 3159 1893 introduxit.
3190 1837 3327 1893 Nam
3355 1847 3414 1891 ut
3457 1852 3569 1892 non
3592 1847 3799 1892 temere

2202 1927 2380 1982 salvos
2423 1926 2642 1995 faceret,
2672 1937 2727 1983 et
2755 1928 2868 1998 ipse
2908 1928 3009 1984 fuit
3054 1928 3292 1998 punitus,
3336 1936 3392 1984 et
3434 1926 3594 1983 ﬁdem
3623 1928 3693 1984 ab
3718 1929 3807 1983 eis

2204 2017 2379 2087 exegit
2434 2032 2529 2087 per
2582 2016 2817 2073 decreta.
2876 2015 2944 2074 Ut
2987 2017 3117 2073 duos
3151 2017 3337 2073 condat
3373 2016 3429 2072 in
3477 2018 3810 2088 scutatiptnnr

2206 2110 2259 2163 in
2310 2126 2463 2164 ultum
2509 2126 2691 2165 novum
2730 2110 3004 2166 hominem.
3050 2111 3212 2166 Vides
3259 2127 3368 2167 non
3413 2110 3671 2167 Graecum
3709 2110 3799 2164 la-

2207 2210 2348 2255 etum
2387 2201 2629 2257 Judaeum
2653 2244 2668 2267 ,
2721 2201 2814 2256 sed
2852 2210 2907 2257 et
2954 2202 3096 2257 hunc
3146 2211 3203 2258 et
3246 2203 3394 2257 illum
3426 2202 3704 2258 venientes
3730 2201 3804 2256 ad

2209 2292 2436 2346 alterum
2483 2294 2720 2347 statum?
2757 2293 2869 2347 Non
2905 2302 2963 2347 ut
3002 2292 3144 2348 hunc
3181 2294 3343 2347 alium
3386 2292 3580 2358 faciat,
3630 2293 3810 2365 legem

2210 2385 2506 2451 evacuavit,
2536 2385 2631 2441 sed
2656 2395 2714 2440 ut
2741 2387 2878 2441 duos
2904 2387 3104 2442 condat
3124 2403 3187 2442 ac
3209 2397 3376 2443 creet.
3412 2389 3478 2445 Et
3501 2397 3647 2443 recte
3675 2387 3800 2443 ubi-

2212 2493 2315 2546 que
2341 2492 2470 2533 usus
2515 2487 2599 2533 est
2628 2480 2849 2534 nomine
2872 2519 2891 2545 ,
2918 2479 3136 2535 Condat.
3179 2480 3286 2535 Nec
3313 2479 3485 2544 dixit,
3512 2480 3714 2547 Mutet,
3749 2490 3814 2535 ut

2212 2570 2526 2626 ostenderet
2552 2570 2847 2626 efﬁcaciam
2880 2572 2998 2642 ejus
3025 2571 3164 2642 quod
3202 2572 3399 2627 factum
3427 2581 3512 2628 est
3536 2613 3553 2640 ,
3584 2580 3638 2627 et
3663 2571 3811 2641 quod

2213 2662 2427 2716 etiamsi
2456 2662 2665 2718 creatis
2689 2662 2847 2718 cadat
2877 2663 2979 2719 sub
3004 2675 3318 2734 aspectum,
3351 2664 3441 2720 illa
3471 2672 3651 2719 tamen
3696 2678 3815 2719 non

2216 2764 2297 2808 est
2324 2754 2437 2809 haec
2464 2754 2641 2809 minor
2664 2795 2683 2821 ,
2720 2764 2775 2810 et
2798 2756 2939 2826 quod
2971 2756 3040 2811 de
3074 2765 3273 2811 caetero
3299 2772 3405 2812 non
3445 2758 3516 2812 sit
3546 2757 3699 2813 nobis
3727 2773 3820 2813 re-

2219 2849 2503 2904 siliendum
2537 2863 2564 2901 a
2590 2850 2752 2904 rebus
2776 2850 3130 2905 naturalibus.
3171 2849 3238 2905 Ut
3268 2850 3420 2917 duos,
3452 2852 3643 2918 inquit,
3680 2868 3815 2905 con-

2220 2941 2388 2993 datin
2426 2941 2595 3011 seipso
2643 2956 2662 2995 :
2689 2942 2791 2995 hoc
2834 2951 2916 2995 est
2940 2980 2954 3006 ,
3004 2957 3100 3011 per
3130 2943 3387 3012 seipsnm.
3419 2942 3533 2997 Non
3580 2944 3668 2998 alii
3710 2943 3823 2999 hoc

2222 3030 2513 3097 mandavit,
2539 3031 2631 3086 sed
2662 3048 2757 3101 per
2783 3033 3047 3102 seipsum,
3069 3049 3191 3087 eum
3222 3044 3282 3089 et
3310 3034 3452 3090 hunc
3475 3045 3531 3090 et
3556 3036 3703 3091 illum
3732 3036 3823 3092 fu-

2222 3122 2392 3177 disset
2423 3132 2477 3178 et
2514 3123 2825 3190 conﬂasset,
2875 3141 3036 3180 unum
3086 3126 3343 3198 produxit
3395 3128 3774 3185 admirabilem
3800 3173 3818 3197 ,

2225 3229 2346 3270 cum
2389 3217 2502 3287 ipse
2530 3216 2633 3272 hoc
2659 3219 2891 3288 primum
2922 3218 3095 3274 lactus
3123 3230 3270 3275 esset
3302 3237 3316 3275 :
3345 3221 3489 3291 quod
3516 3233 3600 3277 est
3641 3222 3823 3293 majus

2226 3307 2388 3378 priori
2440 3317 2703 3364 creatura.
2756 3309 2865 3365 Hoc
2912 3318 2997 3365 est
3024 3310 3206 3380 enim,
3232 3308 3302 3366 In
3345 3313 3648 3383 semtipso,
3691 3328 3821 3368 eum

2228 3400 2343 3471 ipse
2391 3401 2594 3471 primus
2639 3401 2867 3458 formant
2919 3404 3205 3473 praebuerit
3246 3415 3301 3461 et
3343 3408 3637 3476 exemplar.
3684 3406 3823 3461 Nam

2228 3506 2348 3547 cum
2368 3491 2492 3548 hinc
2513 3494 2775 3549 tenuisset
2798 3493 3038 3549 Judaeum
3069 3503 3125 3550 et
3147 3496 3296 3551 illiue
3322 3496 3594 3564 Graecum,
3621 3506 3676 3552 et
3703 3496 3831 3567 ipse

2232 3582 2415 3636 inisset
2436 3583 2667 3650 medius,
2693 3593 2748 3638 et
2770 3599 2865 3638 eos
2884 3586 3335 3656 commiscuisset,
3357 3597 3409 3642 et
3436 3588 3690 3659 quidquid
3722 3606 3824 3642 eo-
3862 3570 3867 3574 1

2233 3689 2350 3727 rum
2406 3683 2525 3728 erat
2570 3674 2927 3729 abalienatum
2975 3675 3280 3740 delevisset,
3331 3678 3564 3748 desuper
3609 3679 3831 3735 reﬁnxit

2237 3778 2330 3831 per
2360 3764 2534 3833 ignem
2573 3772 2628 3818 et
2651 3778 2844 3834 aquam
2878 3783 2891 3818 :
2926 3780 3033 3820 non
3062 3769 3243 3838 utique
3268 3783 3364 3838 per
3391 3784 3585 3841 aquam
3621 3779 3676 3825 et
3704 3780 3833 3826 ter-

2236 3870 2376 3920 ram,
2425 3855 2517 3910 sed
2557 3870 2654 3925 per
2695 3870 2887 3927 aquam
2931 3867 2986 3913 et
3024 3861 3222 3931 ignem.
3258 3861 3452 3917 Factus
3488 3870 3570 3918 est
3604 3860 3831 3919 Iudaeus

2236 3949 2587 4005 circumcisus
2608 3990 2624 4016 ,
2653 3949 2825 4004 factus
2864 3959 2946 4005 est
2975 3952 3291 4008 maledictus
3315 3971 3331 4022 ;
3364 3955 3535 4010 lactus
3559 3966 3643 4011 est
3671 3954 3829 4013 Grae-

2238 4055 2333 4096 cus
2362 4051 2511 4095 extra
2542 4041 2737 4112 legem,
2768 4043 2928 4097 etiam
2969 4059 3129 4114 supra
3154 4044 3375 4101 Graecos
3402 4056 3456 4102 et
3483 4046 3722 4102 Judatos.
3754 4048 3826 4102 In

2240 4148 2396 4186 unum
2424 4149 2628 4201 novum,
2658 4134 2850 4205 inquit,
2883 4136 3159 4192 hominem.
3188 4136 3410 4194 Faciens
3437 4156 3612 4209 pacem
3641 4141 3774 4211 ipsis
3814 4159 3829 4195 :

2241 4234 2439 4281 etcum
2469 4225 2577 4280 Deo
2597 4265 2613 4291 ,
2645 4234 2702 4281 et
2731 4225 2870 4281 inter
2899 4243 2980 4282 se.
3025 4227 3140 4282 Non
3168 4230 3311 4283 enim
3346 4241 3626 4286 manentes
3652 4230 3833 4286 .luda-i

2242 4326 2297 4371 et
2324 4315 2492 4372 Grmci
2539 4327 2722 4372 essent
2768 4318 3075 4382 conciliati;
3116 4320 3217 4373 nisi
3263 4332 3443 4376 autem
3488 4337 3520 4376 a
3563 4337 3660 4377 suo
3686 4331 3833 4378 statu

2247 4408 2450 4464 liberati
2479 4408 2741 4476 fuissent,
2772 4410 3045 4480 quomodo
3073 4410 3348 4466 venissent
3373 4412 3437 4467 ad
3465 4412 3627 4468 alium
3657 4415 3799 4483 majo
3820 4447 3832 4454 -

2242 4514 2356 4555 rem
2377 4501 2400 4554 ἲ
2428 4499 2643 4555 Judants
2700 4502 2842 4556 enim
2870 4509 2997 4556 tunc
3020 4500 3209 4556 Graeco
3229 4502 3588 4574 coniungitur,
3613 4506 3843 4574 quando

2245 4591 2417 4647 factus
2449 4591 2608 4647 fuerit
2637 4591 2850 4648 ﬁdelis:
2883 4601 2941 4647 ut
2967 4593 3010 4647 si
3034 4593 3256 4664 quidam
3277 4634 3295 4663 ,
3329 4595 3373 4650 si
3400 4596 3508 4651 sint
3529 4596 3636 4652 duo
3675 4597 3838 4651 habi-

2246 4685 2441 4751 tacula,
2472 4683 2681 4740 inl‘erne
2707 4694 2763 4740 et
2789 4699 3023 4755 superne
3043 4701 3208 4742 unum
3231 4686 3606 4743 admirandum
3637 4699 3693 4743 et
3711 4704 3841 4743 ma-

2244 4790 2429 4846 guum,
2473 4789 2579 4830 non
2612 4789 2672 4830 se
2700 4777 2973 4841 potuerint
2998 4787 3187 4833 mutuo
3209 4778 3395 4834 videre
3427 4778 3603 4834 denec
3635 4779 3844 4835 iuerint

2247 4866 2513 4937 superius.
2561 4865 2778 4921 Faciem
2819 4884 3036 4938 pacem;
3075 4870 3244 4941 magis
3278 4879 3458 4926 autem
3510 4884 3634 4926 cum
3669 4870 3783 4926 Deo
3822 4887 3844 4925 :

2249 4957 2390 5027 quod
2440 4958 2582 5011 enim
2615 4959 2862 5028 sequitur
2890 4959 2991 5014 hoc
3019 4960 3276 5015 ostendit.
3308 4960 3445 5028 Quid
3472 4962 3614 5016 cnim
3655 4960 3794 5017 dicit
3817 4964 3846 5017 7

2255 5049 2340 5104 16.
2365 5047 2432 5103 Ut
2448 5050 2736 5105 reconciliet
2757 5050 2928 5104 ambos
2952 5051 3003 5104 in
3020 5068 3119 5106 uno
3141 5068 3351 5123 corpore
3372 5053 3480 5108 Deo
3498 5070 3586 5125 per
3611 5070 3846 5110 crucem.

2249 5141 2365 5196 Non
2390 5141 2835 5209 dixit,Conciliet,
2869 5143 2984 5208 sed,
3015 5142 3342 5208 Reconciliet,
3376 5147 3665 5202 ostendens
3691 5148 3848 5218 quod

2252 5243 2409 5287 antea
2450 5233 2685 5286 humana
2713 5241 2901 5287 natura
2950 5234 3161 5290 eratad
3199 5236 3589 5291 conciliandum
3641 5239 3845 5307 facilis,

2252 5326 2456 5379 scilicet
2488 5324 2539 5378 in
2566 5325 2769 5379 sanctis
2791 5336 2846 5379 et
2870 5335 2996 5380 ante
3024 5327 3215 5397 legem.
3245 5326 3309 5381 In
3336 5344 3437 5382 uno
3467 5345 3679 5399 corpore
3701 5372 3716 5398 ,
3751 5331 3852 5385 in-

2253 5416 2390 5484 quit,
2421 5430 2519 5469 suo
2545 5416 2783 5485 quidem,
2802 5414 2930 5469 Deo.
2962 5416 3243 5483 Quomodo
3263 5418 3324 5473 ﬁt
3343 5418 3485 5474 hoc?
3514 5419 3585 5476 Ut
3604 5421 3696 5492 qui
3723 5437 3855 5492 poe-

2255 5521 2377 5559 nam
2404 5548 2421 5573 ,
2454 5507 2623 5575 inquit
2648 5546 2663 5571 ,
2692 5521 2812 5575 quae
2837 5506 3134 5562 debebatur
3161 5507 3276 5578 ipse
3318 5509 3546 5566 subierit
3584 5528 3681 5581 per
3705 5527 3847 5568 crn-

2255 5611 2395 5651 cem.
2450 5595 2775 5665 lnlerﬁciens
2814 5597 3106 5653 inimicitias
3143 5600 3198 5653 in
3230 5601 3417 5672 seipse.
3462 5602 3606 5659 Nihil
3647 5614 3731 5658 est
3756 5604 3853 5661 his

2257 5690 2435 5744 verbis
2470 5690 2639 5760 magis
2669 5691 2944 5760 proprium
2967 5733 2981 5756 ,
3025 5691 3156 5747 nihil
3184 5694 3325 5763 quod
3354 5694 3611 5765 majorem
3645 5694 3851 5752 habeat

2264 5781 2578 5850 emphasim.
2604 5781 2745 5836 Mors
2770 5782 2887 5849 ejus
2917 5785 3180 5842 interfecit
3208 5786 3512 5841 inimicitias
3536 5826 3550 5845 .
3585 5787 3851 5843 sauciant
