4140 6524
433 384 493 438 ιι
1140 381 1195 434 s.
1236 367 1539 441 JOANNIS’
1560 383 1996 441 CHRYSOSTO!

2103 386 2395 441 ARCHIEP
2453 383 3000 441 (ἸΟΝΞΤΑΝΠΝΟΡ.
3603 389 3676 442 ις

419 496 592 561 κικίιν,
627 494 688 547 οὐ
740 492 1065 564 τιχθήσεται
1114 494 1308 566 ἁτέρα,
1348 497 1483 551 ἀλλὰ
1529 500 1680 568 μενεῖ
1723 500 1757 570 ή
1805 499 1995 571 εἰρήνη

418 579 625 648 ἐκείνη.

500 661 787 732 Ἐννόησον
811 661 920 730 γὰρ
950 661 1073 715 ὅσον
1102 663 1215 715 ἐστὶ
1248 663 1438 726 κακὸν,
1466 666 1709 720 τοσαῦτα
1735 667 1829 720 τοῦ
1860 664 1997 719 Θεοῦ

417 744 1008 817 πραγματευσαμένου,
1042 744 1129 799 ἵνα
1157 746 1612 818 καταλλαγῶμεν,
1648 749 1740 802 καὶ
1766 749 2000 803 ἀνύσαν-

416 845 525 891 τος,
558 827 721 881 πάλιν
744 827 890 897 ἡμᾶς
916 828 995 889 εἰς
1017 826 1217 898 ἔχθραν
1248 828 1586 884 ἐπανελθεῖν.
1621 830 1841 901 Ταύτην
1867 831 1998 884 οὐκ-

416 913 498 964 έτι
524 910 768 980 λουτρὸν,
801 908 917 962 ἀλλ’
941 912 974 981 ή
1003 909 1197 978 γέεννα
1222 912 1396 982 μένει,
1423 913 1608 966 οὐκέτι
1639 915 1854 983 ἄφεσις,
1881 914 1998 968 ἀλλ’

414 993 684 1058 ἐξέτασις.
716 991 978 1062 Φρόνημα
1021 994 1122 1064 τῆς
1174 994 1402 1063 σαρκὸς,
1457 995 1672 1067 τρυφὴ,
1711 997 1994 1066 σπατάλη·

416 1076 671 1146 φρόνημα
697 1075 799 1143 τῆς
830 1075 1056 1146 σαρκὸς,
1085 1076 1374 1144 πλεονεξία
1415 1079 1509 1131 καὶ
1541 1081 1687 1132 πᾶσα
1724 1079 1991 1151 ἁμαρτία.

413 1157 512 1211 Διὰ
566 1155 620 1210 τί
678 1157 935 1228 φρόνημα
969 1159 1173 1230 σαρκὸς
1206 1160 1457 1231 εῖρηται;
1516 1160 1695 1213 καίτοι
1739 1178 1803 1230 γε
1842 1161 1996 1215 οὐδὲν

411 1243 538 1295 ἄνευ
571 1240 752 1311 ψυχῆς
777 1241 1074 1311 εἰργάσατο
1093 1243 1158 1296 άν
1182 1242 1233 1297 ι’.
1266 1244 1341 1295 Οὐ
1369 1242 1673 1297 διαϐάλλων
1695 1245 1794 1315 τήν
1819 1244 1996 1316 σάρκα

411 1324 582 1392 λέγει,
620 1323 743 1377 ἐπεὶ
777 1323 873 1376 καὶ
903 1323 1033 1376 ὅταν
1063 1324 1193 1396 λέγῃ
1216 1364 1231 1390 ,
1267 1327 1537 1394 Ψυχικὸς
1569 1325 1901 1395 ἄνθρωπος,
1934 1328 1994 1381 οὐ

410 1406 716 1461 διαόάλλων
748 1404 846 1476 τὴν
870 1405 1049 1477 ψυχὴν
1069 1407 1230 1460 τοῦτό
1250 1425 1438 1479 φησιν,
1466 1409 1581 1463 ἀλλ’
1611 1410 1693 1462 ὅτι
1715 1410 1814 1463 οὐκ
1838 1412 1998 1480 ἀρκεῖ

411 1489 535 1543 οὔτε
567 1488 753 1559 σῶμα,
795 1487 921 1543 οὔτε
947 1489 1092 1560 ψυχὴ
1125 1489 1245 1544 καθ’
1273 1490 1492 1562 ἐαυτὴν,
1535 1493 1609 1562 μὴ
1655 1491 1755 1562 τῆς
1789 1492 1997 1547 ἀνωθεν

414 1571 588 1643 ῥοπῆς
615 1571 992 1636 ἀπολαύουσα,
1045 1574 1267 1645 ποιῆσαί
1316 1591 1371 1627 τι
1411 1578 1658 1643 γενναῖον
1691 1575 1787 1629 καὶ
1829 1576 1993 1645 μέγα.

412 1656 512 1707 Διά
554 1653 715 1710 τοῦτο
765 1653 976 1724 ψυχικά
1026 1656 1209 1708 ἐκεῖνα
1262 1655 1440 1721 καλεῖ,
1489 1657 1526 1711 ἃ.
1573 1657 1696 1711 καθ’
1729 1658 1992 1727 ἐαυτὴνή

411 1736 558 1809 ψυχὴ
600 1736 926 1808 ἐργάζεται·
984 1737 1079 1790 καὶ
1109 1737 1352 1806 σαρκικὰ
1378 1741 1561 1794 ἐκεῖνα
1596 1740 1768 1805 καλεῖ,
1803 1740 1840 1796 ὰ
1870 1741 1992 1795 καθ’

413 1821 575 1874 ἑαυτὸ
596 1821 657 1873 τὸ
688 1818 876 1889 σῶμα’
910 1818 1012 1873 οὐκ
1038 1820 1225 1892 ἐπειδὴ
1253 1821 1424 1876 ταῦτα
1444 1822 1672 1891 φυσικὰ,
1700 1824 1814 1877 ἀλλ’
1847 1824 1999 1877 ἐπει·

412 1904 477 1976 δὴ
509 1905 584 1975 μὴ
616 1902 1000 1957 ἀπολαύσαντα
1034 1905 1369 1975 προστασίας
1409 1907 1507 1977 τῆς
1549 1907 1778 1974 ἐκεῖθεν,
1822 1908 1993 1962 ἀπόλ-

415 1987 588 2043 λυται.
636 1980 789 2039 Ἐπεὶ
812 1986 903 2039 καὶ
934 1988 981 2038 οί
1007 1985 1278 2058 ὀφθαλμοὶ
1314 1988 1490 2054 καλοὶ,
1515 1989 1633 2044 ἀλλ’
1656 1990 1787 2043 ἄνευ
1814 1990 1994 2059 φωτὸς

416 2070 584 2141 μυρία
613 2068 938 2141 ἐργάζονται
965 2069 1137 2123 κακά·
1172 2068 1331 2123 τοῦτο
1364 2070 1420 2122 δέ
1449 2075 1549 2143 τῆς
1577 2072 1862 2135 ἀσθενείας
1892 2075 1993 2126 αῦ-

411 2155 519 2207 τῶν
550 2155 719 2216 ἐστιν,
743 2154 804 2205 οὐ
836 2154 935 2223 τῆς
960 2153 1195 2222 φύσεως.
1224 2154 1286 2207 Εἰ
1313 2154 1371 2208 δέ
1393 2156 1600 2225 φυσικὰ
1625 2152 1694 2229 ἦν
1727 2156 1797 2210 τὰ
1824 2157 1991 2224 κακὰ,

412 2238 512 2291 οὐκ
546 2236 611 2290 ἂν
644 2236 828 2299 αὐτοῖς
857 2252 988 2289 ποτε
1018 2237 1099 2299 εἰς
1124 2236 1245 2290 δέον
1276 2237 1633 2310 ἐχρησάμεθα
1657 2256 1670 2269 ·
1705 2241 1859 2295 οὺδέν
1885 2242 1995 2312 γάρ

413 2324 530 2374 ἐστι
553 2322 781 2390 φυσικδν
807 2321 995 2375 κακόν,
1025 2319 1088 2373 Τί
1107 2316 1199 2375 οὖν
1226 2323 1341 2375 ἐστι
1367 2324 1609 2395 σαρκικὰ
1635 2328 1992 2397 φρονήματα;

412 2405 480 2457 Δί
513 2404 802 2475 ἁμαρτίαι.
839 2403 1008 2457 Ὅταν
1043 2404 1150 2475 γὰρ
1198 2404 1339 2477 αὕτη
1373 2408 1624 2480 κρατήσῃ
1648 2409 1741 2462 τοῦ
1778 2410 1992 2481 ἡνιόχου

416 2486 868 2558 μετεωρισοεῖσα,
890 2485 1059 2557 μυρία
1085 2485 1263 2541 τίκτει
1286 2489 1458 2543 δεινά.
1506 2490 1699 2563 Ἀρετὴ
1726 2491 1835 2563 γὰρ
1858 2508 1994 2562 σαρ-

414 2571 509 2633 κὸς
569 2570 629 2624 τὸ
663 2569 1031 2640 ὑποτετάχθαι
1080 2573 1147 2642 τῇ
1194 2570 1365 2643 ψυχῇ,
1419 2575 1590 2628 κακία
1614 2574 1671 2628 δὲ
1714 2575 1775 2628 τὸ
1803 2575 1992 2647 ἄρχειν

412 2655 608 2725 ψυχῆς.
642 2654 855 2726 Ὥσπερ
885 2650 978 2708 οὖν
1002 2656 1030 2708 ό
1051 2654 1216 2720 ἵππος
1251 2657 1415 2723 καλὸς
1447 2659 1550 2729 μὲν
1580 2659 1673 2714 καὶ
1705 2660 1992 2733 εὐσκελὴς,

413 2737 529 2790 ἀλλ’
560 2736 661 2790 οὐκ
705 2738 832 2791 ἀνευ
871 2737 1085 2807 ἡνιόχου
1116 2738 1275 2792 τοῦτο
1316 2738 1592 2795 δείκνυται
1612 2758 1627 2773 ο
1660 2741 1803 2795 οὕτω
1835 2743 1930 2795 καὶ
1959 2745 1993 2815 ή

416 2819 555 2892 σὰρξ
594 2820 715 2873 τότε
760 2819 913 2874 ἔσται
948 2820 1110 2893 καλὴ,
1157 2821 1284 2876 ὅταν
1330 2824 1500 2896 αὐτῆς
1524 2826 1595 2879 τά
1642 2826 1995 2897 σκιρτήματα

415 2901 829 2977 περικόψωμεν.
857 2902 970 2976 [57]
1015 2902 1295 2958 Ἀλλόύδέ
1323 2906 1538 2977 ἡνίοχος
1568 2908 1843 2963 δείκνυται
1865 2909 1994 2965 ἄνευ

415 2988 762 3056 ἐπιστήμηςο
804 2986 1040 3057 καὶγὰρ
1088 2986 1184 3051 καὶ
1233 2987 1394 3051 αὐτὸς
1441 2989 1665 3045 ἐκείνων
1717 2991 1995 3063 δεινότερα

415 3071 545 3123 ἄνευ
573 3069 884 3140 ἐπιστήμης
927 3068 1244 3140 ἐργάζεται.
1288 3071 1451 3125 ’Ὥστε
1486 3074 1828 3146 πανταχόθεν
1871 3077 1996 3145 ἐφε-

418 3158 607 3212 στάναι
636 3158 741 3230 χρή
761 3173 775 3190 ο
804 3156 865 3211 τὸ
905 3157 1144 3229 πνεῦμα,
1180 3156 1339 3212 τοῦτο
1365 3160 1618 3230 ἐφεστὸς,
1655 3163 1748 3217 τὸν
1777 3164 1996 3233 ήνίοχον

417 3241 766 3312 ἰσχυρότερον
796 3244 972 3294 ποιεῖ·
1003 3241 1163 3295 τοῦτο
1186 3243 1279 3296 καὶ
1305 3242 1404 3315 τὴν
1424 3243 1603 3317 ψυχὴν
1632 3247 1727 3299 καὶ
1753 3246 1815 3300 τὸ
1835 3246 1997 3318 σῶμα

416 3324 767 3389 καλλωπίζει.
795 3325 1065 3396 Καθάπερ
1095 3325 1203 3398 γὰρ
1223 3327 1257 3397 ή
1285 3326 1431 3399 ψυχὴ
1462 3328 1659 3382 ἐνοῦσα
1696 3328 1796 3401 μὲν
1823 3330 1995 3401 αὐτῷ,

417 3406 583 3462 καλὸν
633 3407 766 3462 αὐτὸ
797 3407 1090 3475 δείκνυσιν,
1145 3409 1275 3463 ὃταν
1319 3409 1376 3463 δὲ
1420 3410 1553 3464 αὐτὸ
1589 3411 1855 3484 ἐρημώσῃ
1898 3413 1996 3485 τῆς

417 3492 624 3556 οἰκείας
652 3493 933 3565 ἐνεργείας
981 3493 1077 3548 καὶ
1122 3493 1357 3566 ἀποστῇ,
1406 3494 1659 3568 καθάπερ
1704 3496 1997 3567 ζωγράφου

415 3577 563 3641 τινὸς
616 3576 688 3631 τὰ
740 3575 1010 3650 χρώματα
1065 3578 1387 3648 συγχέοντος
1415 3618 1431 3643 ,
1464 3578 1735 3650 εἰδέχθεια
1787 3580 1996 3650 γίνεται

418 3658 612 3730 πολλὴ,
640 3659 776 3731 πρὸς
801 3660 901 3731 τὴν
914 3658 1120 3731 φθορὰν
1147 3661 1507 3730 ἐπειγομένου
1538 3662 1647 3716 τῶν
1664 3664 1845 3736 μερῶν
1866 3664 2000 3719 ἐκά-

419 3760 550 3797 στου
582 3752 606 3782 ο
638 3742 733 3799 καὶ
765 3742 864 3814 τὴν
894 3742 1187 3798 ἀνάλυσινο
1217 3742 1360 3797 οὕτω
1387 3746 1484 3799 καὶ
1514 3744 1576 3799 τὸ
1616 3747 1835 3819 πνεῦμα
1874 3749 1999 3803 ὅταν

420 3827 630 3898 ἔρημον
664 3826 942 3899 καταλίπῃ
983 3828 1079 3881 καὶ
1105 3826 1168 3880 τὸ
1202 3828 1365 3900 σῶμα
1396 3829 1493 3882 καὶ
1520 3828 1619 3901 τὴν
1647 3831 1852 3903 ψυχὴν,
1882 3832 2000 3903 χεί-

423 3927 535 3982 ρων
588 3909 797 3978 γίνεται
853 3911 947 3964 καὶ
988 3910 1193 3981 μείζων
1226 3912 1261 3982 ή
1306 3910 1596 3983 είδέχθεια.
1651 3913 1744 3985 Μὴ
1798 3915 1999 3981 τοίνυν,

422 3994 612 4066 ἐπειδὴ
653 3994 752 4064 τῆς
780 3993 959 4065 ψυχῆς
991 3996 1212 4050 ἐλαττον
1250 3996 1310 4049 τὸ
1362 3997 1545 4068 σῶμα,
1577 3998 1774 4062 κάκιζε
1822 3998 2002 4057 τοῦτο.

425 4079 562 4132 υύδέ
593 4079 703 4151 γὰρ
736 4078 848 4149 ἐγὼ
876 4080 974 4152 τήν
993 4080 1173 4153 ψυχὴν
1203 4081 1452 4148 κακίζειν
1478 4082 1743 4155 ἀνέχομαι
1767 4123 1783 4149 ,
1814 4084 2004 4156 ἐπειδὴ

423 4161 521 4215 τοῦ
574 4162 886 4235 πνεύματος
938 4164 1089 4218 οὐδὲν
1131 4163 1307 4235 ἰσχύει
1355 4165 1547 4237 χωρίς.
1587 4167 1652 4219 Εἰ
1705 4165 1763 4219 δὲ
1793 4167 1899 4238 χρή
1950 4184 2003 4220 τι

426 4246 622 4312 εἰπεῖν,
663 4245 912 4317 μείζονός
943 4248 1060 4301 ἐστι
1109 4249 1448 4319 κατηγορίας
1486 4247 1612 4314 ἀξία
1649 4251 1682 4320 ή
1714 4248 1882 4320 ψυχή.
1927 4249 2004 4302 Τὸ

430 4330 530 4401 μὲν
563 4329 674 4403 γὰρ
708 4329 872 4401 σῶμα
903 4331 1058 4385 οὐδὲν
1092 4331 1223 4386 ἀνευ
1266 4332 1366 4403 τῆς
1400 4331 1581 4403 ψυχῆς
1620 4333 1917 4403 ἐργάσαιτο
1948 4332 2013 4386 ἄν

493 4533 520 4601 13
542 4532 766 4601 Ppngus
785 4528 1008 4601 qquicit,
1026 4532 1290 4601 ἐργάσαιτο
1311 4531 1387 4580 ἄν.
1496 4589 1508 4600 ,

494 4595 516 4623 τ
539 4593 631 4663 Hiq
664 4592 950 4645 Mnrellia‘ua
979 4592 1134 4643 editio
1177 4597 1370 4656 partem
1402 4592 1594 4657 periodi
1623 4594 1683 4642 δι’
1717 4593 2021 4657 ὁμοιοτέλευ·

429 4672 512 4705 τον
535 4660 790 4705 οωιεεηι.

2100 498 2295 563 δεινὸν,
2330 502 2361 571 ή
2408 500 2464 553 δέ
2498 500 2645 571 ψυχὴ
2681 498 2848 552 πολλὰ
2894 497 3062 567 χωρὶς
3102 493 3193 548 τοῦ
3250 495 3533 567 σώματος’
3580 501 3678 553 καὶ

2101 582 2210 651 γὰρ
2243 584 2337 636 καί.
2365 583 2670 652 τηκομένου
2687 581 2901 644 τούτου,
2924 580 3018 632 καὶ
3032 578 3094 631 οῦ
3119 578 3473 648 σκιρτῶντος,
3503 581 3678 636 πολλὰ

2101 664 2394 731 ἐργάζεται
2410 666 2591 736 ἐκείνη
2610 680 2627 696 ο
2647 665 2895 734 καθάπερ
2912 664 2959 715 οί
2972 661 3165 730 γόητες
3181 663 3399 726 ἐκεῖνοι,
3419 665 3471 717 οἰ
3488 665 3677 735 μάγοι.

2099 750 2148 800 οί
2180 748 2520 815 φθονοῦντες,
2557 750 2606 800 οί
2636 749 2937 818 φαρμακοὶ,
2975 745 3208 815 μάλιστα
3240 747 3499 816 τήκουσιν
3523 747 3672 801 αὐτό.

2104 829 2313 893 ΙΙἌλλως
2345 831 2401 883 δέ
2433 831 2557 884 οὐδὲ
2584 832 2618 901 ή
2646 829 2825 900 τρυφὴ
2855 832 2953 899 τῆς
2990 828 3082 881 τοῦ
3128 826 3383 896 σώματος
3424 830 3676 899 ἀνάγκης

2098 913 2266 979 ἐστὶν,
2296 912 2433 967 ἀλλὰ
2452 915 2550 986 τῆς
2571 913 2899 984 άπροσεξίας
2927 912 3025 980 τῆς
3050 910 3226 981 ψυχῆς
3245 927 3259 942 ’
3281 914 3313 981 ἡ
3345 911 3457 981 γὰρ
3477 914 3675 983 τροφὴ.

2097 997 2220 1068 οὐχὶ
2247 1000 2280 1068 ἡ
2317 998 2518 1069 τρυφὴ,
2559 999 2658 1068 τῆς
2683 996 2778 1050 τοῦ
2814 997 3067 1066 σώματος
3102 995 3369 1064 ἀνάγκης.
3416 995 3540 1048 Ἐάν
3567 996 3678 1066 γάρ

2099 1080 2313 1152 θελήσω
2351 1081 2578 1152 σφοδρὸν
2614 1080 2863 1133 καθεῖναι
2908 1077 3145 1149 χαλινὸν,
3192 1077 3534 1147 ἐπεστόμισα
3583 1078 3676 1130 τὸν

2101 1164 2269 1216 ἵππον
2289 1177 2302 1189 ’
2334 1164 2396 1216 τὸ
2421 1163 2477 1215 δὲ
2502 1162 2661 1233 σῶμα
2687 1162 2787 1232 τὴν
2819 1160 2999 1231 ψυχὴν
3024 1158 3411 1214 καταστέλλειν
3434 1160 3494 1212 οὐ
3518 1156 3677 1214 δύνα-

2097 1264 2189 1299 ται
2221 1248 2280 1300 ἐν
2308 1248 2421 1310 τοῖς
2449 1246 2619 1316 αὐτῆς
2642 1247 2854 1307 κακοῖς.
2882 1244 3043 1308 Τίνος
3069 1239 3163 1297 οῦν
3197 1242 3384 1295 ἕνεκεν
3418 1242 3677 1312 φρόνημα

2098 1328 2232 1381 αὐτὸ
2262 1327 2467 1398 σαρκὸς
2514 1328 2697 1391 καλεῖ;
2737 1327 2860 1379 Ὅτι
2912 1327 3012 1397 τῆς
3044 1325 3247 1396 σαρκὸς
3293 1324 3415 1379 ὅλον
3442 1323 3673 1393 γίνεται.

2100 1411 2269 1467 Ὅταν
2292 1410 2401 1481 γὰρ
2431 1410 2569 1482 αὕτη
2598 1409 2870 1480 κρατήσῃ,
2901 1410 3024 1461 τότε
3052 1408 3322 1478 ἥμαρτεν,
3361 1406 3492 1459 ὅταν
3537 1405 3675 1473 ἀφέ-

2098 1493 2259 1562 ληται
2294 1495 2384 1549 τὸν
2418 1493 2544 1547 νοῦν
2576 1494 2671 1547 καὶ
2697 1493 2797 1563 τὴν
2826 1492 3002 1563 ἀρχὴν
3031 1495 3130 1564 τῆς
3155 1491 3357 1562 ψυχῆς.
3377 1488 3587 1544 οὐκοῦν
3617 1490 3678 1542 ἐν

2096 1576 2274 1647 τούτῳ
2312 1578 2345 1647 ἡ
2383 1576 2556 1648 ἀρετὴ
2586 1576 2681 1629 τοῦ
2712 1574 2985 1642 σώματος,
3017 1576 3075 1627 ἐν
3101 1573 3178 1642 τῷ
3211 1574 3383 1627 εῖκειν
3407 1577 3473 1645 τῇ
3503 1572 3678 1643 ψυχῇ.

2099 1659 2223 1712 ἐπεὶ
2253 1658 2371 1711 καθ’
2409 1660 2606 1728 ἐαυτὴν
2660 1656 2786 1710 οὔτε
2832 1656 2972 1726 καλὴ
3000 1654 3124 1709 οὔτε
3153 1656 3322 1727 κακή.
3357 1654 3422 1708 Τί
3468 1654 3575 1724 γὰρ
3611 1656 3680 1709 ἂν

2102 1743 2394 1812 ἐργάσαιτο
2422 1744 2485 1794 τδ
2522 1742 2684 1812 σῶμα
2722 1741 2845 1794 καθ’
2875 1740 3066 1804 ἐαυτό;
3099 1739 3264 1792 Ὥστε
3305 1741 3372 1810 τῇ
3414 1738 3680 1808 συναφείᾳ

2101 1824 2267 1878 καλὸν
2295 1825 2357 1878 τὸ
2386 1822 2566 1895 σῶμα,
2608 1824 2774 1877 καλὸν
2807 1823 2895 1876 διὰ
2920 1822 3017 1894 τὴν
3051 1822 3354 1892 ὑποταγὴν,
3396 1823 3521 1874 ἐπεὶ
3552 1820 3678 1875 καθ’

2102 1909 2264 1963 ἑαυτὸ
2289 1908 2412 1962 οὔτε
2434 1908 2621 1974 καλὸν,
2644 1907 2705 1965 οῦ
2716 1925 2767 1961 τε
2796 1908 2988 1972 κακὸν,
3021 1907 3115 1960 καί
3142 1906 3279 1978 πρὸς
3306 1906 3464 1959 τοῦτο
3483 1906 3560 1968 δέ,
3584 1906 3679 1958 καὶ

2102 1992 2237 2063 πρὸς
2257 1993 2435 2045 ἐκεῖνο
2458 1991 2783 2063 ἐπιτήδειον,
2814 1992 2893 2054 εἰς
2921 1992 3159 2060 ἐκάτερα
3195 1986 3294 2058 τὴν
3337 1989 3507 2058 ῥοπὴν
3532 1987 3678 2058 ἐχον.

2102 2073 2177 2128 Τὸ
2215 2074 2374 2145 σῶμα
2403 2072 2683 2144 ἐπιθυμεῖ,
2715 2072 2828 2126 ἀλλ’
2868 2073 2929 2126 οὐ
2961 2070 3222 2142 πορνείας
3251 2070 3371 2122 οὐδὲ
3411 2070 3678 2140 μοιχείας,

2101 2157 2237 2212 ἀλλὰ
2274 2158 2502 2229 μίξεως·
2544 2157 2604 2209 τὸ
2641 2156 2802 2227 σῶμα
2853 2157 3129 2226 ἐπιθυμεῖ,
3163 2154 3225 2206 ού
3256 2156 3490 2224 τρυφῆς,
3539 2153 3680 2208 ἀλλὰ

2101 2244 2329 2313 τροφῆς,
2361 2242 2423 2295 οὐ
2453 2240 2644 2312 μέθης,
2676 2240 2813 2294 ἀλλὰ
2836 2240 3024 2294 ποτοῦ.
3059 2240 3182 2291 ’Ότι
3207 2238 3316 2307 γὰρ
3343 2238 3440 2306 οὐχ
3463 2241 3496 2308 ή
3539 2238 3682 2307 μέθη

2099 2324 2193 2378 τοῦ
2218 2324 2467 2395 σώματός
2499 2325 2645 2378 ἐστιν
2672 2322 2968 2393 ἐπιθυμία,
3007 2320 3200 2374 σκόπει
3222 2319 3336 2382 πῶς
3356 2335 3371 2351 ο
3405 2321 3505 2372 οὐκ
3525 2320 3679 2373 ἀντέ-

2101 2423 2185 2477 χει
2220 2406 2428 2471 λοιπὸν,
2472 2407 2599 2460 ὅταν
2629 2403 2876 2475 ὑπερϐῇς
2908 2405 2970 2456 τὸ
3022 2403 3246 2474 μέτρον,
3280 2402 3409 2456 ὅταν
3442 2401 3512 2455 τὰ
3555 2402 3685 2474 ὅρια

2099 2491 2333 2564 νικήσῃς
2367 2490 2438 2544 τὰ
2465 2488 2560 2543 τοῦ
2604 2487 2889 2559 σώματος’
2943 2486 3068 2540 ἐπεὶ
3096 2485 3165 2539 τὰ
3198 2485 3334 2541 ἄλλα
3370 2484 3550 2538 πάντα
3581 2484 3682 2556 τῆς

2098 2573 2278 2645 ψυχῆς
2334 2575 2503 2638 ἐστιν,
2536 2566 2647 2626 οἷον
2685 2571 2815 2625 ὃταν
2861 2572 2943 2634 εἰς
2995 2568 3235 2640 σαρκικὰ
3268 2567 3682 2639 καταφέρηται,

2102 2657 2231 2709 ὅταν
2284 2657 2486 2725 παχεῖα
2532 2654 2780 2725 γένηται.
2811 2653 2874 2707 Εἰ
2899 2653 3008 2724 7&9
3048 2651 3142 2705 καὶ
3187 2651 3352 2704 καλόν
3397 2652 3459 2703 τὸ
3499 2651 3678 2720 σῶμα,

2102 2739 2240 2793 ἀλλὰ
2277 2739 2485 2810 σφόδρα
2523 2735 2685 2808 ἧττον
2710 2737 2808 2806 τῆς
2839 2737 3035 2806 ψυχῆς.
3075 2735 3289 2805 Ὥσπερ
3323 2728 3415 2788 οὖν
3445 2735 3622 2804 ἥττων
3653 2735 3685 2786 ό

2106 2821 2365 2893 μόλυϐδος
2408 2820 2635 2892 χρτσοῦ,
2679 2819 2793 2872 ἀλλ’
2816 2821 2963 2888 ὅμως
2989 2817 3158 2870 δεῖται
3182 2816 3277 2869 καὶ
3306 2816 3400 2869 τοῦ
3430 2814 3680 2886 μολίϐδου

2101 2905 2195 2958 τοῦ
2239 2904 2676 2973 συγκολλῶντος·
2719 2901 2862 2955 οὕτω
2913 2900 2994 2953 δεῖ
3036 2900 3130 2952 καὶ
3171 2897 3265 2952 τοῦ
3320 2898 3573 2968 σώματος
3614 2899 3680 2968 τῇ

2102 2993 2249 3062 ψυχῇ
2272 3006 2284 3019 ’
2333 2989 2366 3060 ἢ
2398 2991 2590 3060 ὥσπερ
2625 2988 2834 3042 παιδίον
2884 2988 3032 3040 ἐστὶν
3066 2986 3286 3054 εὐγενὲς
3331 2984 3681 3053 παιδαγωγοῦ

2102 3074 2377 3145 δεόμενον,
2406 3071 2550 3125 οὕτω
2582 3070 2680 3124 καὶ
2714 3073 2747 3140 ή
2779 3069 2927 3140 ψυχὴ
2956 3071 3124 3122 δεῖται
3145 3067 3237 3122 τοῦ
3273 3067 3546 3139 σώματος.
3573 3067 3684 3119 Καὶ

2107 3156 2183 3227 μὴ
2200 3155 2512 3226 θαυμάσῃς,
2548 3155 2596 3206 εἰ
2627 3153 2851 3206 τοιαῦτα
2879 3154 3206 3223 παρήγαγον
3233 3151 3680 3222 παραδείγματα.

2107 3239 2319 3309 ’Ὠσπερ
2347 3236 2455 3308 γὰρ
2488 3236 2710 3290 παιδικὰ
2739 3236 3043 3308 πράγματα
3071 3234 3323 3304 λέγομεν,
3353 3234 3412 3287 οὐ
3447 3234 3544 3304 τὴν
3572 3234 3686 3302 ήλι-

2107 3322 2231 3377 κίαν
2262 3318 2661 3386 διαϐάλλοντες,
2704 3317 2843 3373 ἀλλὰ
2867 3321 2938 3373 τὰ
2980 3320 3100 3373 κατ’
3140 3318 3312 3388 αὐτήν
3338 3333 3352 3347 ο
3401 3316 3544 3370 οὕτω
3590 3316 3684 3368 καὶ

2105 3404 2355 3476 περὶτοῦ
2402 3401 2676 3474 σώματος.
2717 3401 2856 3457 Ἀλλ’
2888 3402 3067 3455 ἔνεστι
3108 3400 3184 3472 μὴ
3220 3395 3359 3454 εἶναι
3383 3402 3442 3453 ἐν
3485 3401 3675 3471 σαρκὶ,

2104 3490 2171 3544 ἂν
2206 3487 2476 3559 θέλωμεν,
2513 3484 2702 3558 ὥσπερ
2732 3485 2937 3539 οὐδὺέν
2970 3487 3036 3555 τῇ
3061 3487 3156 3555 γῇ,
3193 3483 3309 3536 ἀλλ’
3340 3484 3398 3535 ἐν
3433 3482 3686 3553 οὐρανοῖς

2105 3573 2200 3626 καὶ
2370 3573 2428 3624 ἐν
2452 3568 2749 3641 πνεύματι.
2770 3568 2843 3622 Τὸ
2862 3568 2972 3639 γὰρ
3004 3562 3145 3620 εἷναί
3177 3583 3302 3631 που,
3327 3566 3425 3636 οὐχ
3454 3565 3595 3618 οὕτω
3614 3568 3683 3636 τῇ

2107 3658 2252 3712 θέσει
2275 3659 2344 3729 τῇ
2371 3658 2428 3710 ἐν
2450 3654 2528 3726 τῷ
2550 3653 2703 3724 τόπῳ
2717 3653 2958 3722 λέγεται,
2977 3650 3051 3715 ὡς
3072 3653 3139 3723 τῇ
3161 3650 3418 3705 διαθέσει,
3451 3649 3685 3713 Πολλοὺς

2106 3740 2238 3811 γοῦν
2275 3740 2439 3803 δντας
2487 3754 2615 3802 που,
2659 3737 2889 3807 λέγομεν
2924 3733 2999 3806 μὴ
3033 3729 3197 3800 εἶναι,
3259 3732 3531 3801 λέγοντες,
3570 3732 3686 3785 Ούκ

2106 3819 2251 3895 ἦσθα
2296 3819 2548 3875 ἐνταῦθα.
2591 3819 2703 3873 Καὶ
2731 3818 2785 3871 τί
2812 3817 2955 3887 λέγω
2984 3817 3188 3884 ταῦτα;
3222 3815 3489 3879 Πολλάκις
3528 3814 3688 3881 λέγοι

2113 3922 2234 3977 μεν,
2266 3904 2382 3957 Οὐκ
2408 3898 2459 3956 εί
2488 3904 2545 3956 ἐν
2585 3899 2820 3971 σεαυτῷ,
2852 3901 2966 3954 Οὐκ
2994 3900 3110 3971 εἰμὶ
3136 3902 3194 3954 ἐν
3218 3899 3441 3971 ἐμαυτῷ
3462 3914 3475 3927 ·
3507 3897 3686 3952 καίτοι

2108 3989 2164 4043 τί
2202 3984 2663 4059 σωματικώτερον
2697 3983 2912 4047 τούτου,
2957 3985 3088 4038 ὅταν
3128 3984 3290 4048 αὐτὸς
3325 3983 3506 4052 ἐαυτῷ
3552 3980 3689 4052 πλη-

2113 4071 2311 4141 σιάζῃς
2342 4071 2459 4125 ἀλλ’
2498 4069 2649 4140 ὅμως
2685 4070 2747 4122 οὐ
2791 4069 2968 4139 φαμὲν
3006 4067 3172 4121 αὐτὸν
3205 4064 3348 4121 εἶναι
3380 4068 3438 4120 ἐν
3484 4064 3685 4135 ἐαυτῷ.

2113 4152 2411 4225 Γενώμεθα
2440 4152 2620 4205 τοίνυν
2653 4152 2712 4204 ἐν
2753 4152 2992 4216 ἑαυτοῖς,
3024 4150 3084 4203 ἐν
3114 4150 3193 4218 τῷ
3233 4147 3470 4221 οὐρανῷ,
3506 4149 3566 4201 ἐν
3607 4146 3689 4216 τῷ

2112 4238 2384 4308 πνεύματι
2407 4253 2422 4270 ⁸
2474 4236 2726 4308 μένωμεν
2761 4234 2856 4288 ἐπὶ
2884 4234 2986 4305 τῆς
3024 4233 3246 4305 εἰρήνης
3280 4233 3375 4287 καὶ
3403 4232 3503 4302 τῆς
3532 4231 3689 4303 χάρι-

2108 4338 2201 4385 τος
2226 4318 2322 4374 τοῦ
2345 4318 2505 4385 Θεοῦ,
2538 4319 2627 4373 ἵνα
2649 4318 2868 4371 πάντων
2887 4316 2995 4370 τῶν
3027 4315 3309 4388 σαρκικῶν
3345 4314 3687 4384 ἀπαλλαγένο

2108 4422 2221 4470 τες,
2247 4403 2568 4474 δυνηθῶμεν
2617 4402 2896 4471 ἐπιτυχεῖν
2928 4398 3037 4453 τῶν
3076 4392 3529 4468 ἐπηγγελμένων
3554 4397 3691 4474 ἀγα·-

2111 4487 2221 4543 θῶν
2258 4488 2317 4541 ἐν
2348 4472 2572 4557 Χριστῷ
2599 4482 2778 4554 Ἰησοῦ
2811 4482 2889 4553 τῷ
2927 4480 3119 4553 Κυρίῳ
3151 4481 3332 4553 ήμῶν,
3375 4480 3494 4551 μεθ’
3525 4472 3587 4533 οὗ
3612 4480 3690 4549 τῷ

2113 4571 2315 4644 Πατρὶ,
2356 4568 2569 4640 ἆματῷ
2598 4568 2741 4639 ἀγίῳ
2760 4566 3063 4638 Πνεύματι,
3093 4565 3242 4630 δόξα,
3272 4565 3497 4637 κράτος,
3528 4566 3686 4635 τιμὴ,

2124 4653 2220 4710 νῦν
2237 4654 2334 4709 καὶ
2354 4653 2465 4719 ἀεὶ,
2485 4650 2581 4705 κα)⁵
2603 4651 2685 4714 εἰς
2709 4650 2834 4715 τοὺς
2861 4649 3062 4713 αἰῶνας
3080 4647 3192 4702 τῶν
3220 4645 3451 4704 αἰώνων.
3490 4647 3687 4718 Ἀμήν.
