4140 6492
416 473 476 526 ις
1346 448 1413 505 ΙΝ
1453 444 1664 503 El‘lb’l‘.
1709 445 1802 500 AD
1837 439 2081 498 EPIIES.

416 595 470 640 et
499 576 730 652 perdidit
752 618 768 641 ,
802 590 909 630 non
937 572 1026 627 alii
1056 571 1362 639 imperans,
1394 578 1568 633 neque
1613 560 1786 614 stilum
1821 570 2014 624 agens,

416 644 514 730 sed
543 672 707 726 etiam
737 667 970 738 patiens.
1014 660 1132 716 Non
1179 659 1351 723 dixit,
1399 655 1664 715 Solvens;
1699 662 1806 703 non
1845 644 2016 710 dixit,

415 767 640 822 Tollens
693 780 707 817 :
751 755 1020 829 scd,quod
1057 763 1142 811 est
1171 752 1411 806 omnium
1452 741 1978 801 vehementissimum
2002 776 2017 800 ,

420 855 765 924 luterﬁciem,
817 849 958 905 adeo
1000 856 1059 902 ut
1100 845 1232 916 ipsa:
1274 858 1378 896 non
1438 837 1670 907 amplius
1717 835 2017 898 resurgant.

417 921 707 1020 Quomodo
757 959 891 1015 ergo
943 936 1274 1010 resurgunt?
1328 935 1372 988 A
1430 931 1596 986 multo
1633 935 1818 982 nostro
1870 921 2020 975 vitio.

416 1040 696 1111 Quamdiu
741 1033 1111 1092 manserimus
1142 1031 1193 1084 in
1237 1040 1466 1096 corpore
1512 1019 1735 1085 Christi,
1769 1011 2022 1087 quamdiu

416 1134 686 1190 fuerimus
715 1127 855 1182 uniti
879 1167 896 1192 ,
927 1138 1034 1179 non
1066 1126 1392 1189 resurgunt,
1420 1112 1512 1169 sed
1539 1111 1722 1182 jacent
1751 1111 1977 1160 mortuae
2007 1115 2020 1151 :

419 1229 539 1282 imo
570 1237 703 1280 vero
730 1219 841 1276 illa:
870 1229 1167 1285 numquam
1210 1217 1533 1279 resurgunt;
1565 1202 1658 1259 sed
1690 1202 1736 1255 si
1771 1198 1902 1252 alias
1933 1209 2025 1265 pe-

423 1317 768 1388 pererimus,
813 1325 926 1365 nou
973 1323 1052 1363 ea:
1084 1312 1209 1360 sunt
1237 1299 1468 1370 amplius
1511 1303 1732 1367 propter
1770 1305 1893 1346 eum
1941 1285 2028 1357 qui

422 1381 641 1481 priores
684 1401 906 1460 sustulit
945 1408 1001 1456 et
1041 1396 1294 1469 perdidit,
1338 1392 1432 1448 sed
1485 1401 1539 1445 tu
1594 1388 1724 1442 alias
1774 1381 2028 1481 parturis.

424 1472 564 1556 i‘iam
585 1495 870 1569 prudentia
906 1506 1002 1548 seu
1027 1489 1202 1561 potius
1223 1484 1478 1557 cogitatio
1505 1489 1560 1535 et
1585 1479 1804 1548 spiritus
1828 1472 2026 1536 carnis,

424 1562 730 1647 inimicitiae
775 1595 905 1642 sunt
933 1583 1194 1638 adversus
1217 1580 1384 1634 Deum
1415 1573 1592 1645 (Rom.
1627 1571 1680 1626 8.
1708 1570 1786 1638 6).
1817 1567 1871 1621 Si
1897 1562 2028 1618 nihil

420 1685 734 1756 cogitemus
770 1694 835 1734 ac
863 1677 1134 1748 sapiamus
1160 1671 1399 1738 carnale,
1431 1684 1538 1724 non
1572 1672 1859 1720 nascentur
1888 1659 2029 1725 alite,

422 1777 526 1832 sed
554 1773 796 1828 manebit
818 1785 920 1840 pax
942 1767 1054 1824 illa.

508 1863 799 1919 Prudentia
828 1859 999 1914 carnis
1025 1857 1148 1927 quid
1177 1856 1260 1910 sit.
1292 1883 1364 1893 --
1392 1853 1449 1908 4.
1477 1849 1666 1918 Cogita
1695 1847 1837 1902 enim
1867 1859 2042 1914 quan-

431 1974 548 2016 tum
578 1960 650 2014 sit
680 1957 919 2021 malum,
952 1967 1073 2008 cum
1121 1951 1262 2006 Deus
1290 1956 1400 2001 tam
1434 1944 1598 1998 nmlta
1633 1938 1936 2011 procurarit
1981 1945 2036 1989 et

439 2053 675 2109 ell'ecerit
717 2058 774 2104 ut
816 2046 1189 2116 conciliemur,
1239 2057 1334 2096 nos
1387 2051 1573 2093 rursus
1617 2034 1792 2090 redire
1829 2032 1895 2086 ad
1931 2030 2035 2083 ini-

434 2145 684 2200 micitias.
736 2141 848 2196 Has
892 2153 1000 2194 non
1057 2135 1288 2206 amplius
1348 2137 1532 2187 manet
1581 2128 1896 2189 lavacrum,
1941 2121 2034 2177 sed

425 2241 721 2311 gehenna;
752 2249 861 2290 non
911 2229 1182 2295 remissio,
1211 2226 1306 2283 sed
1334 2221 1670 2283 examinatio
1707 2228 1764 2275 et
1787 2217 2033 2289 quaestio.

431 2329 731 2388 Prudentia
759 2342 823 2382 ac
848 2323 1103 2394 cogitatio
1130 2319 1310 2376 carnis
1333 2359 1349 2382 ,
1383 2324 1508 2372 sunt
1548 2313 1756 2369 delicia:
1783 2320 1838 2366 et
1862 2309 2039 2363 indul-

430 2439 567 2494 gere
591 2419 854 2491 voluptati
883 2434 897 2470 :
933 2415 1214 2488 prudentia
1241 2411 1421 2467 carnis
1443 2417 1527 2464 est
1545 2406 1787 2468 avaritia,
1809 2411 2040 2459 etomne

431 2525 742 2593 peceatum.
773 2512 885 2568 Cur
922 2510 1064 2565 dicta
1107 2515 1192 2563 est
1225 2503 1506 2576 prudentia
1534 2498 1750 2556 carnis?
1803 2496 1948 2566 atqui
1977 2509 2039 2548 ca

433 2588 557 2667 sine
585 2609 766 2662 anima
807 2602 942 2659 nihil
972 2601 1186 2657 fecerit.
1214 2597 1330 2653 Non
1356 2595 1488 2650 dicit
1517 2594 1622 2649 hoc
1647 2606 1861 2646 carnem
1893 2588 2036 2643 vitu-

437 2715 638 2779 perans
663 2719 677 2754 :
711 2712 837 2754 nam
865 2705 919 2752 et
938 2693 1157 2766 quando
1185 2691 1334 2757 dicit,
1360 2687 1612 2743 Animulis
1637 2687 1788 2739 homo
1818 2684 1897 2753 (ι.
1919 2680 2036 2736 Cor.

435 2773 494 2857 ᾗ.
531 2791 622 2863 14)
648 2833 664 2860 ,
697 2804 804 2846 non
837 2789 938 2843 hoc
964 2786 1096 2841 dicit
1138 2785 1454 2853 vituperans
1481 2781 1715 2834 animam
1743 2792 1757 2842 ;
1782 2775 1875 2830 sed
1919 2773 2041 2844 quia

437 2900 553 2945 non
584 2897 679 2952 per
699 2895 762 2934 se
788 2876 989 2932 sufﬁcit
1030 2890 1130 2929 nec
1157 2885 1356 2942 corpus
1385 2885 1485 2925 nec
1522 2869 1697 2922 anima
1727 2864 1794 2920 ad
1821 2863 2044 2934 praecla-

439 2992 563 3030 rum
595 2971 799 3042 aliquid
828 2979 881 3025 et
908 2982 1158 3037 magnum
1189 2962 1516 3028 faciendum,
1544 2961 1591 3016 si
1619 2975 1725 3013 non
1750 2970 2042 3026 supernum

441 3073 766 3136 assequatur
792 3061 1074 3116 auxilium.
1108 3059 1402 3126 Pr0pterea
1433 3052 1686 3108 animalia
1727 3051 1815 3104 illa
1843 3054 2040 3113 vocat,

440 3176 568 3231 qua:
610 3174 707 3228 per
755 3171 814 3212 se
860 3162 1118 3224 Operatur
1157 3151 1336 3205 anima
1364 3164 1378 3214 ;
1411 3157 1466 3203 et
1494 3144 1734 3200 carnalia
1765 3143 1856 3196 illa
1882 3183 1895 3207 ,
1926 3155 2046 3212 qua:

446 3255 544 3323 per
571 3265 632 3306 se
655 3264 853 3319 corpus
880 3265 893 3301 :
923 3262 1029 3300 non
1057 3243 1313 3316 quoniam
1338 3241 1453 3296 hmc
1475 3238 1760 3303 naturalia,
1796 3234 1892 3290 sed
1914 3248 2047 3304 quo-

445 3348 614 3409 niam,
639 3341 743 3396 nisi
772 3339 898 3395 inde
927 3337 1240 3409 praesidium
1264 3333 1596 3404 acceperint,
1628 3336 1876 3401 pereunt.
1906 3326 2038 3380 Nam

443 3438 588 3493 oculi
627 3449 846 3507 quoque
896 3439 1024 3487 sunt
1055 3428 1262 3500 pulchri
1285 3468 1300 3494 ,
1334 3426 1427 3482 sed
1470 3426 1588 3480 sine
1611 3424 1730 3478 luce
1754 3463 1768 3488 ,
1799 3420 1938 3474 mala
1965 3417 2046 3471 fa-

446 3530 598 3582 ciunt
629 3523 1041 3579 innumerabilia
1067 3537 1081 3588 ;
1113 3531 1167 3574 et
1195 3535 1256 3574 ea
1284 3526 1410 3572 sunt
1440 3517 1676 3586 ipsorum
1707 3509 2047 3566 imbecillita-

449 3631 540 3683 t-s,
587 3633 692 3672 non
739 3625 967 3675 natum.
1006 3613 1060 3667 Si
1105 3619 1291 3666 essent
1342 3617 1523 3663 autem
1575 3605 1714 3659 mala
1761 3600 2046 3663 naturalia,

449 3725 745 3780 numquam
801 3708 867 3762 iis
912 3705 982 3761 ad
1026 3705 1076 3760 id
1112 3704 1256 3774 quod
1307 3708 1522 3771 oportet
1562 3707 1880 3754 uteremur:
1916 3692 2050 3747 nihil

447 3808 595 3859 enim
626 3801 870 3858 naturale
897 3808 980 3855 est
1018 3799 1240 3852 malum.
1275 3795 1414 3863 Quid
1440 3808 1570 3864 ergo
1597 3799 1724 3847 sunt
1749 3785 2052 3859 prudentiae

448 3899 743 3955 carnales?
773 3897 1022 3950 Peccata.
1064 3891 1200 3947 Nam
1249 3889 1465 3960 quando
1496 3888 1605 3958 ipsa
1629 3928 1644 3950 ,
1676 3898 1868 3953 nempe
1898 3896 2044 3945 earo,

448 3991 749 4045 obtinuerit
791 3985 1130 4042 dominatum
1175 3981 1436 4037 adversus
1479 3979 1752 4047 aurigam,
1807 3975 1857 4028 in
1887 3972 2051 4026 altum

448 4086 595 4138 elata
622 4121 636 4147 ,
668 4081 808 4135 mala
847 4078 989 4149 parit
1014 4073 1456 4131 innumerabilia.
1488 4068 1679 4125 Carnis
1709 4067 1852 4124 enim
1883 4066 2054 4120 virtus

447 4187 536 4232 est
561 4175 862 4244 subjectum
890 4185 1011 4226 esse
1032 4169 1250 4235 animae,
1281 4165 1471 4220 vitium
1499 4172 1699 4226 autem,
1726 4161 1923 4215 animae
1953 4159 2056 4212 im-

453 4283 673 4337 perare.
703 4267 858 4321 Sicut
882 4278 1014 4334 ergo
1043 4277 1214 4332 equus
1244 4269 1330 4315 est
1363 4257 1586 4328 pulcher
1610 4264 1665 4311 et
1690 4255 1846 4310 bonis
1883 4253 2051 4321 tibiis,

450 4345 553 4417 Sed
585 4359 690 4414 hoc
717 4359 924 4427 absque
950 4356 1134 4424 auriga
1165 4367 1272 4407 non
1321 4359 1544 4420 apparet
1578 4348 1687 4402 :ita
1728 4347 1892 4402 etiam
1928 4360 2055 4401 caro

455 4467 587 4508 tunc
630 4448 857 4520 pulchra
885 4447 988 4502 erit
1009 4487 1023 4512 ,
1053 4443 1268 4514 quando
1315 4443 1432 4512 ejus
1472 4444 1807 4496 exsultantes
1836 4438 2058 4508 spiritus

451 4540 943 4614 amputaverimus.
995 4536 1103 4593 Sed
1146 4551 1322 4605 neque
1368 4533 1552 4604 auriga
1592 4541 1816 4602 apparet
1857 4531 2059 4600 absque

455 4634 684 4691 scientia
719 4651 735 4688 :
764 4647 886 4686 nam
917 4629 1032 4699 ipse
1059 4627 1286 4684 scientia
1318 4640 1508 4680 carens
1553 4625 1656 4678 illis
1684 4623 1929 4694 graviora
1959 4636 2058 4692 pa-

453 4738 586 4791 trat.
635 4724 1000 4793 Quamobrem
1049 4729 1264 4792 oportet
1313 4720 1459 4774 omni
1497 4733 1563 4774 ex
1612 4727 1766 4788 parte
1791 4725 2058 4771 attentum

450 4835 580 4875 esse
609 4834 623 4871 :
658 4817 880 4888 spiritus
902 4822 1143 4870 attentus
1168 4813 1406 4883 aurigam
1438 4810 1564 4866 facit
1587 4809 1863 4865 fortiorem
1892 4825 1905 4861 :
1937 4809 1983 4863 is
2005 4817 2062 4863 et

453 4911 696 4970 animam
719 4914 878 4962 ornat
895 4913 952 4961 et
967 4919 1184 4975 corpus.
1205 4901 1670 4971 Quemadmodum
1692 4902 1836 4956 enim
1854 4900 2058 4966 anima,

456 5005 589 5068 dum
630 5002 773 5065 inest
799 4997 1019 5071 quidem
1046 4999 1261 5068 corpori
1292 5037 1308 5063 ,
1341 4998 1516 5068 ipsum
1557 4996 1843 5067 pulchrum
1873 5006 2061 5052 osten-

458 5097 540 5149 dit
571 5109 589 5161 ;
616 5078 836 5164 quando
883 5104 1063 5147 autem
1108 5092 1282 5162 ipsum
1329 5107 1359 5145 a
1389 5106 1484 5146 sua
1513 5091 1826 5146 destituerit
1864 5105 2059 5160 opera-

465 5189 614 5242 tione
639 5195 694 5241 et
717 5185 1070 5250 abscesserit,
1089 5183 1314 5264 perinde
1333 5193 1494 5254 atque
1511 5185 1554 5238 si
1579 5185 1752 5253 pictor
1772 5181 2065 5238 confundat

456 5284 696 5350 colores,
720 5296 912 5351 magna
943 5280 1002 5334 fit
1030 5278 1343 5334 deformitas
1367 5320 1383 5344 ,
1413 5293 1732 5349 unaquaque
1761 5288 1910 5348 parte
1938 5293 2063 5349 pro-

460 5385 684 5454 perante
713 5373 780 5428 ad
809 5372 1085 5431 interitum
1117 5389 1131 5426 :
1163 5372 1233 5425 ita
1264 5372 1423 5426 etiam
1446 5371 1661 5442 quando
1690 5371 1910 5440 spiritus
1936 5386 2063 5426 cor-

462 5484 558 5540 pus
584 5465 762 5526 solum
787 5464 1070 5536 reliquerit
1098 5473 1151 5519 et
1177 5465 1434 5534 animam,
1467 5464 1524 5519 llt
1550 5464 1788 5520 deterior
1805 5473 1858 5520 ct
1889 5462 2061 5535 major

2131 437 2286 492 CAP.
2330 437 2390 494 ﬂ.
2435 438 2664 494 HUMIL.
2712 439 2773 493 γ.
3657 441 3726 496 lc).

2133 551 2463 608 deformitas.
2521 555 2596 610 Ne
2650 572 2778 627 ergo
2841 556 3090 626 quoniam
3149 567 3344 627 corpus
3399 563 3480 607 est
3548 554 3724 606 minus

2132 645 2305 699 anima
2329 687 2342 708 .
2379 647 2431 700 id
2471 649 2734 718 vitupera.
2774 647 2905 702 Nam
2944 663 3042 702 nec
3071 661 3173 718 ego
3205 647 3378 718 patior
3426 645 3716 715 vituperari

2131 738 2366 792 animam
2393 782 2406 805 ,
2441 743 2692 809 quoniam
2724 740 2854 796 nihil
2882 741 3024 797 valet
3047 743 3250 812 absque
3289 742 3502 810 spiritu.
3525 740 3583 795 Si
3614 754 3710 792 au-v

2134 838 2239 884 lem
2271 830 2470 902 aliquid
2497 833 2568 887 sit
2589 833 2875 888 dicendqu
2901 875 2917 901 ,
2957 835 3214 904 tuajorcm
3244 833 3720 903 reprehensionem

2135 931 2379 977 meretur
2400 923 2603 977 anima.
2630 924 2761 978 Nam
2789 940 2984 996 corpus
3013 927 3141 980 nihil
3169 925 3292 981 mali
3318 926 3504 979 fecerit
3526 924 3732 993 absque

2136 1016 2351 1083 anima;
2402 1016 2496 1072 sed
2537 1019 2714 1072 anima
2761 1019 2924 1073 tnulta
2967 1019 3167 1089 absque
3211 1034 3459 1088 corpore.
3515 1017 3730 1072 Etenim

2140 1106 2265 1161 dum
2300 1109 2430 1164 illud
2461 1111 2762 1165 tabescitct
2795 1127 2898 1165 non
2923 1111 3176 1177 exsultat,
3213 1111 3329 1166 haec
3363 1112 3529 1165 nmlta
3566 1110 3730 1165 facit:

2137 1199 2276 1254 sicut
2307 1201 2382 1255 illi
2417 1203 2853 1272 prmstigiatores,
2885 1208 3044 1274 magi,
3075 1204 3261 1271 invidi,
3289 1205 3515 1260 venefici
3537 1221 3733 1275 corpus

2139 1302 2419 1348 attenuant
2450 1304 2504 1350 et
2544 1305 2839 1352 macerant.
2899 1298 3111 1368 Alioqui
3159 1308 3340 1354 autem
3388 1314 3486 1354 nec
3518 1300 3728 1354 delicia:

2139 1396 2265 1441 sunt
2307 1403 2371 1443 ex
2405 1390 2724 1445 necessitate
2773 1391 3040 1462 corporis,
3088 1394 3182 1448 sed
3234 1408 3300 1448 eo
3329 1394 3470 1464 quod
3498 1409 3602 1448 non
3657 1406 3736 1448 at-

2143 1483 2327 1536 tendat
2372 1484 2552 1537 anima
2599 1485 2958 1540 :alimcntum
3005 1487 3148 1541 enim
3192 1497 3275 1542 est
3310 1502 3377 1543 cx
3410 1487 3737 1543 necessitate

2143 1574 2394 1644 corporis
2420 1615 2434 1642 ,
2465 1591 2570 1630 non
2595 1575 2826 1631 delicias.
2850 1577 2904 1633 Si
2928 1578 3087 1632 velim
3123 1579 3332 1632 frenum
3365 1579 3658 1634 vehemens
3689 1592 3742 1634 ct

2142 1681 2392 1736 asperum
2423 1668 2736 1734 immittere,
2767 1685 2961 1740 equum
2991 1669 3272 1726 refrenabo
3299 1691 3311 1725 :
3340 1687 3536 1742 corpus
3561 1683 3742 1728 autem

2145 1759 2378 1813 animam
2420 1775 2525 1815 non
2556 1769 2734 1830 potest
2761 1761 3014 1818 cohibere
3046 1764 3096 1817 in
3129 1764 3246 1833 ejus
3275 1765 3449 1820 malis.
3485 1766 3590 1820 Cur
3616 1781 3745 1836 ergo

2144 1864 2262 1904 eam
2285 1859 2440 1905 vocat
2468 1851 2806 1921 prudentiam
2832 1854 3057 1908 carnis?
3083 1854 3345 1923 Quoniam
3376 1866 3485 1912 tota
3513 1869 3594 1911 est
3626 1873 3744 1912 Car-

2147 1945 2250 1998 nis.
2284 1945 2508 2013 Quando
2539 1947 2682 2002 enim
2714 1948 2826 2019 ipsa
2866 1947 3200 2003 dominatum
3251 1951 3584 2018 obtinuerit,
3620 1965 3745 2006 tunc

2147 2047 2368 2105 peccat;
2407 2039 2622 2109 quando
2670 2053 2904 2096 mentem
2949 2042 3210 2098 ademerit
3254 2055 3308 2099 et
3352 2047 3547 2100 anima:
3577 2047 3745 2115 impo-

2149 2130 2308 2184 rium.
2340 2131 2396 2186 lu
2427 2132 2529 2187 hoc
2558 2149 2687 2205 ergo
2708 2137 2958 2190 consistit
2989 2136 3160 2192 virtus
3191 2141 3456 2212 corporis,
3485 2140 3626 2211 quod
3659 2156 3746 2196 ce.

2147 2222 2235 2276 dat
2263 2224 2453 2277 anime
2486 2239 2502 2282 :
2541 2240 2663 2279 nam
2694 2242 2788 2295 per
2814 2244 2872 2282 se
2900 2244 2998 2284 nec
3027 2241 3109 2284 est
3138 2231 3276 2285 bona
3307 2274 3321 2298 ,
3373 2247 3550 2304 neque
3581 2235 3749 2289 mala.

2148 2313 2285 2382 Quid
2326 2316 2468 2370 enim
2515 2332 2611 2386 per
2639 2333 2698 2373 sc
2730 2318 2918 2374 fecerit
2947 2323 3187 2391 corpus?
3217 2322 3581 2393 Quamobrem
3612 2339 3746 2380 con-

2144 2408 2426 2478 junctione
2476 2409 2675 2464 bonum
2719 2421 2803 2466 est
2828 2426 3027 2487 corpus
3057 2423 3282 2483 prepter
3309 2414 3699 2486 subjectionem
3730 2432 3743 2468 :

2151 2517 2272 2556 nam
2303 2518 2398 2571 per
2425 2516 2484 2557 se
2512 2518 2612 2558 nec
2641 2503 2838 2558 bonum
2868 2515 2948 2559 est
2968 2521 3066 2560 nec
3090 2507 3312 2570 malum,
3342 2509 3407 2562 ad
3439 2508 3541 2564 hoc
3569 2519 3744 2564 autem

2152 2609 2204 2652 et
2236 2597 2365 2652 illud
2415 2609 2597 2668 aptum
2625 2641 2640 2663 ,
2671 2599 2737 2653 ad
2788 2609 3011 2671 utraque
3039 2611 3117 2656 est
3149 2618 3498 2672 propensum.
3543 2601 3751 2672 Corpus

2152 2693 2524 2762 concupiscit,
2571 2693 2669 2754 sed
2699 2710 2804 2749 non
2839 2698 3225 2752 scortationem
3255 2715 3354 2754 nec
3381 2701 3704 2755 adulterium
3734 2745 3749 2769 ,

2152 2796 2207 2840 at
2234 2786 2433 2840 coitum
2463 2803 2477 2842 :
2507 2801 2705 2858 corpus
2733 2789 3090 2858 concupiscit,
3123 2806 3230 2844 non
3263 2791 3505 2857 delicias,
3536 2793 3629 2846 sed
3654 2811 3752 2846 nn-

2155 2878 2503 2944 trimentum;
2545 2895 2651 2934 non
2697 2880 3015 2937 ebrietatem
3040 2923 3052 2945 .
3089 2883 3182 2938 sed
3217 2893 3421 2953 potum.
3447 2885 3577 2942 Nam
3608 2887 3751 2957 quod

2153 2971 2385 3028 ebrietas
2414 2965 2522 3028 non
2547 2973 2619 3027 sit
2651 2975 3091 3044 concupiscentia
3124 2980 3366 3051 corporis
3393 3020 3407 3042 ,
3455 2978 3574 3032 vide
3621 2995 3756 3048 quo-

2156 3063 2317 3118 modo
2376 3083 2390 3119 :
2450 3079 2556 3119 non
2620 3065 2850 3136 amplius
2910 3067 3198 3123 retinueris
3263 3070 3479 3139 quando
3534 3070 3752 3126 modum

2154 3161 2486 3228 excesseris,
2542 3169 2597 3216 et
2643 3162 2887 3230 corporis
2935 3165 3198 3217 terminos
3244 3164 3500 3221 moveris.
3551 3164 3753 3240 Nempe

2155 3254 2258 3306 alia
2297 3254 2476 3307 omnia
2508 3262 2633 3309 sunt
2661 3254 2855 3308 anima:
2883 3297 2897 3317 ,
2931 3255 3147 3325 quando
3187 3255 3435 3325 dejicitur
3465 3255 3530 3310 ad
3563 3273 3722 3310 carna
3743 3289 3758 3298 -

2158 3344 2224 3397 lia
2254 3384 2268 3409 ,
2299 3344 2515 3414 quando
2542 3361 2725 3401 crassa
2759 3346 2963 3402 evadit.
2997 3347 3130 3401 Nam
3161 3350 3260 3403 etsi
3293 3349 3492 3402 bonum
3521 3359 3753 3404 est—cor-

2137 3453 2280 3511 pus,
2340 3446 2424 3490 est
2475 3446 2651 3494 tamen
2709 3439 2868 3511 longe
2925 3442 3100 3496 minus
3151 3441 3349 3497 anima.
3403 3443 3554 3498 Sicut
3603 3445 3762 3515 igitur

2159 3520 2434 3598 plumbum
2463 3545 2594 3585 auro
2618 3529 2843 3586 inferius
2876 3541 2979 3600 est,
3009 3533 3102 3588 sed
3139 3545 3311 3588 tamen
3349 3535 3570 3606 plumbo
3597 3538 3758 3591 etiam

2159 3637 2294 3690 opus
2375 3630 2458 3675 est
2520 3623 2662 3692 quod
2729 3624 3124 3694 conglutinet:
3189 3627 3260 3680 ita
3339 3629 3501 3683 etiam
3565 3633 3759 3685 aniune

2161 3729 2295 3784 opus
2322 3727 2405 3771 est
2443 3731 2672 3786 corpore
2703 3735 2716 3772 :
2747 3719 2894 3772 velut
2946 3734 3079 3789 puer
3121 3718 3386 3790 ingenuus
3423 3734 3564 3792 'opus
3600 3723 3761 3779 habet

2163 3809 2488 3879 pzcdagogo,
2521 3810 2590 3864 ita
2617 3811 2779 3865 etiam
2810 3812 2986 3866 anima
3026 3829 3160 3883 opus
3209 3815 3368 3868 habet
3409 3830 3654 3885 corpore.
3695 3817 3760 3872 Et

2162 3917 2230 3955 ne
2257 3902 2471 3957 mireris
2501 3905 2643 3974 quod
2677 3906 2798 3960 talia
2825 3909 3075 3981 exetupla
3105 3910 3401 3979 posuerim.
3438 3909 3586 3965 Sicut
3613 3914 3756 3967 enim

2167 4011 2253 4050 res
2282 3998 2516 4066 pueriles
2543 3999 2773 4054 dicimus
2797 4043 2813 4068 ,
2847 4017 2950 4054 non
2980 4002 3351 4071 vituperantes
3384 4011 3598 4058 a-tatetn
3623 4046 3637 4070 ,
3668 4006 3761 4059 sed

2162 4090 2408 4158 quasdam
2441 4106 2505 4146 ex
2550 4092 2640 4147 illa
2689 4094 2961 4149 manantia
2995 4111 3008 4146 :
3046 4095 3114 4149 ita
3162 4097 3322 4152 etiam
3355 4097 3640 4151 dicendum
3686 4110 3767 4152 est

2163 4183 2232 4238 de
2259 4198 2510 4255 corpore.
2543 4185 2648 4242 Sed
2677 4187 2802 4243 licet
2831 4203 2938 4242 non
2970 4204 3093 4244 esse
3141 4191 3193 4244 in
3219 4205 3402 4254 carne,
3437 4192 3483 4246 si
3513 4192 3764 4250 velimus.

2165 4277 2307 4332 sicut
2334 4293 2436 4333 nec
2478 4279 2531 4332 in
2579 4287 2743 4344 terra,
2800 4279 2897 4336 sed
2942 4280 2996 4335 in
3038 4281 3187 4337 caelis
3215 4293 3268 4336 et
3299 4282 3352 4337 in
3386 4283 3598 4353 spiritu.
3633 4284 3774 4339 Esse

2166 4370 2310 4423 enim
2338 4369 2557 4438 alicubi,
2585 4387 2693 4425 non
2727 4381 2835 4425 tam
2862 4373 3059 4428 dicitur
3075 4374 3180 4428 situ
3212 4390 3274 4428 ac
3292 4375 3580 4445 positione,
3607 4393 3765 4448 quam

2166 4460 2473 4518 affectione.
2538 4464 2732 4518 Multos
2775 4465 2990 4536 quidem
3039 4477 3187 4523 certe
3244 4469 3334 4538 qui
3377 4478 3502 4524 sunt
3547 4471 3768 4533 alicubi,

2168 4571 2274 4610 non
2319 4571 2437 4611 esse
2465 4558 2692 4613 dicimus
2714 4602 2728 4626 ,
2759 4557 3002 4615 dicentes
3030 4577 3044 4613 :
3097 4560 3211 4615 Non
3241 4576 3361 4616 eras
3393 4563 3499 4617 hic.
3551 4565 3614 4618 lit
3644 4566 3770 4634 quid

2170 4647 2334 4706 dico?
2359 4649 2514 4721 Saepe
2543 4652 2792 4720 dicimus,
2823 4652 2938 4707 Non
2976 4670 3034 4709 es
3071 4654 3122 4708 in
3163 4663 3235 4722 te,
3265 4654 3380 4710 Non
3409 4672 3526 4712 sum
3575 4658 3628 4711 in
3662 4676 3768 4712 tne.

2169 4744 2332 4813 Atqui
2356 4745 2480 4815 quid
2506 4745 2609 4802 hoc
2639 4755 2722 4801 est
2749 4748 2919 4818 magis
2943 4750 3252 4818 corporale,
3279 4749 3497 4820 quando
3524 4751 3639 4821 ipse
3668 4753 3772 4807 sibi

2171 4844 2253 4889 est
2282 4836 2663 4908 propinquus?
2699 4837 2794 4893 sed
2829 4847 3006 4894 tamen
3040 4839 3271 4895 dicimus
3311 4841 3484 4910 ipsum
3515 4857 3619 4896 non
3651 4858 3774 4898 esse

2172 4930 2312 5001 apud
2340 4946 2420 4985 se.
2448 4931 2629 4986 Simus
2658 4947 2789 5003 ergo
2817 4934 2868 4987 in
2901 4932 3058 4987 nobis
3086 4949 3180 4987 seu
3207 4933 3347 5004 apud
3373 4949 3492 5002 nos,
3529 4935 3581 4988 in
3612 4937 3769 5002 Caelo,

2174 5025 2224 5078 in
2272 5026 2498 5094 spiritu;
2558 5042 2870 5081 maneamus
2926 5027 2976 5079 in
3029 5041 3159 5094 pace
3211 5037 3266 5082 et
3312 5027 3482 5097 gratia
3521 5027 3614 5083 Dei
3646 5048 3664 5087 ε,
3714 5039 3769 5086 ut

2174 5117 2386 5172 liberati
2429 5118 2497 5173 ab
2540 5118 2788 5173 oumibus
2841 5117 3188 5185 carnalibus,
3239 5119 3508 5189 possimus
3557 5124 3770 5196 assequi

2173 5210 2315 5264 bona
2366 5209 2630 5280 promissa
2698 5209 2750 5264 in
2799 5209 3016 5265 Christo
3066 5210 3196 5267 .lcsu
3251 5212 3487 5268 Domino
3539 5224 3771 5285 nostro,

2173 5318 2294 5358 cum
2320 5320 2426 5374 quo
2469 5302 2614 5358 Patri
2645 5302 2801 5358 simul
2833 5319 2952 5357 cum
2983 5315 3173 5360 sancto
3201 5304 3404 5374 Spiritu
3441 5305 3608 5376 gloria
3628 5350 3641 5376 ,
3673 5325 3768 5377 [ιυ-

2176 5397 2340 5452 tentia
2364 5406 2417 5452 et
2443 5395 2637 5465 honor,
2673 5413 2816 5455 nunc
2842 5405 2896 5453 et
2922 5411 3152 5474 semper,
3179 5407 3228 5454 et
3280 5401 3332 5455 in
3359 5399 3556 5454 saecula
3589 5417 3683 5455 sm
3702 5418 3731 5453 ιι
3751 5433 3765 5442 -

2177 5489 2369 5546 lorum.
2397 5491 2588 5546 Amen.
