4140 6492
461 437 533 492 43
1243 433 1297 489 S.
1335 432 1610 490 JUANNIS
1643 432 2124 490 CHRYSOSTOMI
2165 439 2476 499 AllClllEP.
2522 449 3051 513 CONSTANTINOE’.

3667 469 3737 524 Η

2514 570 3696 607 .—..___.________

1821 620 2161 684 HOMILIA
2210 625 2316 686 Vl.

458 775 592 828 (Iw.
619 771 674 825 2.
698 788 728 825 v
784 772 867 824 17.
903 768 966 822 Et
992 767 1190 821 ueniens
1215 764 1571 835 evttngelizavit
1593 779 1769 834 pacent
1799 763 1935 818 vobis
1955 765 2040 834 qui

529 868 677 935 longe
713 862 881 932 fuistis
906 903 921 927 ,
950 870 996 914 et
1039 874 1213 928 pacem
1241 859 1303 911 iis
1334 860 1418 928 qui
1457 872 1614 927 prOpe
1640 871 1658 910 :
1684 855 1771 910 18.
1803 856 2041 923 quoniam

530 974 618 1026 per
644 957 807 1024 ipsum
849 951 1089 1006 habemus
1131 965 1385 1003 arcessunt
1426 946 1572 1000 ambo
1613 947 1668 1000 in
1709 963 1814 1000 uno
1841 945 2041 1012 Spiritu

529 1051 594 1103 ad
626 1049 854 1104 Patrem.
895 1047 975 1102 l9.
1010 1044 1146 1114 Ergo
1166 1044 1281 1111 jam
1312 1058 1409 1094 non
1441 1040 1559 1094 estis
1588 1039 1807 1109 hospites
1849 1048 1896 1093 et
1941 1038 2039 1091 ad-

526 1156 693 1203 wme,
735 1138 823 1193 sed
867 1137 984 1191 estis
1021 1136 1151 1187 cives
1198 1143 1487 1190 sanctorum
1517 1140 1561 1183 et
1609 1129 1873 1183 domestici
1905 1127 2034 1183 Dei:

523 1232 613 1287 9.0.
655 1226 1049 1299 supertedi/icati
1078 1242 1232 1294 supra
1276 1223 1662 1294 fundamentum
1688 1218 2034 1287 apostolorum

526 1335 571 1376 et
616 1320 978 1393 prophetarum
996 1359 1011 1384 ,
1043 1317 1154 1386 ipso
1183 1330 1377 1369 summo
1404 1310 1641 1382 angulari
1683 1310 1858 1380 lapide
1884 1309 2034 1362 Chri-

524 1426 601 1468 sto
630 1432 648 1468 :
677 1413 768 1467 21.
800 1412 849 1464 in
879 1426 978 1481 quo
1007 1408 1170 1462 omnis
1208 1405 1478 1473 a’tliﬁcatio
1522 1412 1813 1455 constructa
1858 1400 2037 1454 crescit

524 1509 578 1560 in
619 1504 861 1573 templum
904 1509 1134 1555 sanetum
1159 1499 1211 1550 in
1249 1495 1465 1549 Domino
1493 1510 1511 1547 :
1539 1493 1630 1547 22.
1660 1494 1712 1546 in
1738 1509 1835 1563 quo
1865 1502 1911 1545 et
1951 1506 2039 1545 vos

525 1593 908 1664 cowdiﬁcamini
934 1593 988 1645 iu
1014 1587 1358 1649 habitaculum
1398 1586 1493 1639 Dei
1518 1585 1567 1639 in
1601 1585 1822 1654 Spiritu.

531 1714 577 1773 ι.
624 1710 741 1766 Non
773 1723 868 1777 per
893 1706 1096 1767 alium,
1141 1702 1346 1772 inquit,
1377 1699 1559 1766 misit,
1606 1713 1779 1768 neque
1812 1712 1907 1767 per
1933 1696 2033 1750 ali-

450 1819 610 1874 quem
656 1801 817 1855 alium
860 1794 1213 1867 significavit,
1247 1791 1339 1845 sed
1370 1793 1483 1859 ipse
1512 1804 1609 1860 per
1637 1804 1716 1844 se.
1745 1787 1863 1843 Non
1891 1786 2037 1841 misit

450 1896 697 1967 angelum
745 1891 827 1947 vel
882 1886 1300 1956 archangelum,
1351 1886 1474 1953 quia
1524 1889 1629 1935 tam
1686 1880 1850 1933 multa
1896 1877 2034 1932 mala

450 1987 721 2055 corrigere
749 1981 949 2039 nullius
977 1988 1097 2040 erat
1121 1976 1343 2034 alterius
1364 2015 1379 2039 ,
1411 1971 1508 2027 sed
1534 1971 1650 2040 ejus
1689 1968 1990 2040 praesentiae
2016 2008 2031 2031 ,

451 2089 506 2137 et
544 2073 862 2132 annuntiare
890 2087 1011 2142 qua:
1042 2072 1174 2129 facta
1207 2076 1358 2123 Sttnl.
1387 2061 1615 2119 Ministri
1642 2076 1705 2115 ac
1736 2074 2033 2131 propemo-

450 2172 576 2230 dum
610 2165 795 2227 famuli
834 2165 1016 2219 locum
1050 2158 1287 2226 suscepit
1342 2155 1632 2217 Dominus,
1679 2160 1734 2206 et
1766 2150 1945 2217 venit,
1980 2160 2034 2204 et

453 2278 638 2333 pacem
666 2255 1049 2329 evangelizavit
1070 2296 1084 2319 ,
1122 2251 1295 2315 Vobis,
1324 2249 1526 2319 inquit,
1556 2248 1642 2319 qui
1672 2246 1820 2317 longe
1843 2245 2031 2315 fuistis,

449 2366 493 2417 et
520 2355 606 2431 qui
636 2367 812 2423 prope.
848 2347 1069 2410 Judmis,
1099 2342 1308 2411 inquit,
1338 2339 1430 2409 qui
1458 2348 1613 2393 erant
1643 2351 1810 2406 prepe
1839 2336 1883 2389 si
1909 2350 2031 2437 eum

452 2448 607 2502 nobis
650 2441 1027 2505 conferantur:
1062 2433 1139 2508 (a)
1167 2432 1389 2507 [procul
1435 2437 1614 2484 autem
1646 2442 1768 2483 esse
1804 2442 1898 2481 eos
1941 2432 2032 2496 qui

456 2556 521 2597 ex
569 2537 821 2609 gentibus
868 2541 1021 2597 erant
1062 2527 1443 2588 subindieans,
1479 2533 1663 2591 utpote
1718 2521 2031 2591 peregrinos

448 2647 573 2703 erga
604 2623 980 2697 testamenta
1030 2623 1161 2689 Quia
1192 2636 1282 2689 per
1313 2620 1481 2688 ipsum
1513 2617 1751 2670 habemus
1776 2631 2030 2668 accessum

443 2725 670 2779 amboin
712 2738 812 2775 uno
855 2717 1059 2788 Spiritu
1082 2715 1152 2768 ad
1197 2712 1425 2766 Patrem.
1458 2709 1688 2773 Pacem,
1722 2706 1928 2777 inquit,
1960 2705 2026 2761 ad

454 2819 655 2880 Deum;
685 2812 880 2874 ctenim
928 2823 1026 2862 nos
1072 2802 1459 2868 reconciliavit.
1494 2799 1643 2853 Alias
1670 2800 1813 2853 enim
1862 2797 2024 2857 etiam

443 2909 571 2963 dicit
598 2926 610 2962 :
642 2904 829 2959 Parem
855 2900 1085 2965 relinquo
1111 2896 1269 2961 nobis,
1298 2909 1472 2963 pacem
1498 2908 1661 2944 meam
1682 2889 1749 2943 do
1776 2889 1952 2951 vobis;
1973 2896 2026 2943 et

447 3002 640 3055 iterum
665 3038 680 3064 ,
713 2994 996 3063 Con/idite,
1027 3006 1119 3061 ego
1146 2989 1241 3043 vici
1271 2984 1549 3048 mundum;
1576 2991 1652 3050 et,
1684 2983 2027 3051 Qua’eumque

443 3091 685 3161 petieritis
704 3090 760 3142 in
780 3085 980 3140 nomine
1002 3098 1129 3145 meo,
1153 3078 1445 3148 accipietis;
1466 3086 1519 3132 et
1543 3090 1746 3139 rursus,
1774 3073 2025 3142 Quoniam

445 3187 597 3241 f‘ater
633 3197 722 3236 vos
750 3179 913 3249 diligit
942 3174 1136 3249 (Joan.
1178 3173 1266 3227 M.
1293 3171 1383 3225 27.
1412 3180 1458 3224 et
1490 3168 1578 3224 16.
1601 3167 1691 3222 33.
1737 3176 1785 3221 et
1815 3166 1898 3219 14.
1934 3164 2021 3220 14.

438 3291 485 3330 et
524 3274 610 3339 16,.
651 3282 698 3328 et
748 3271 880 3339 27).
913 3268 1038 3322 Ilaec
1078 3272 1204 3319 sunt
1232 3263 1381 3332 signa
1424 3260 1570 3331 pacis
1598 3266 1652 3314 et
1687 3257 1770 3310 his
1811 3265 1865 3310 et
1893 3254 2022 3317 illis.

440 3371 550 3425 Illis
573 3362 881 3438 quomodo?
915 3358 1168 3427 Quoniam
1194 3372 1281 3426 per
1306 3355 1474 3425 ipsum
1503 3350 1743 3404 habemus
1767 3362 2023 3400 accessum

437 3461 584 3515 «mbo
613 3461 790 3512 inuno
820 3452 1050 3522 Spiritu,
1089 3464 1194 3501 non
1223 3460 1317 3500 vos
1339 3444 1516 3498 minus
1537 3482 1553 3507 ,
1581 3440 1655 3495 illi
1690 3449 1872 3494 autem
1903 3452 2022 3490 ama

439 3554 609 3623 plius,
642 3544 734 3602 sed
765 3558 866 3597 una
898 3540 1088 3611 gratia.
1119 3536 1250 3592 Nam
1280 3536 1411 3589 iram
1441 3530 1656 3603 quidem
1684 3528 1845 3584 solvit
1871 3542 2019 3582 mor-

441 3621 514 3707 te,
567 3640 708 3696 Patri
741 3645 922 3691 autem
968 3646 1068 3687 nos
1115 3630 1239 3684 fecit
1284 3626 1541 3682 amabiles
1591 3638 1685 3693 per
1735 3621 2019 3692 Spiritum,

432 3738 576 3793 Ecce
605 3747 789 3791 rursus
810 3771 825 3795 ,
860 3726 925 3780 In
953 3733 1037 3779 est
1058 3766 1074 3792 ,
1106 3739 1200 3793 per
1226 3740 1237 3774 :
1275 3736 1371 3790 per
1395 3734 1453 3773 se
1485 3726 1539 3772 et
1563 3715 1822 3787 Spiritum
1859 3712 2019 3767 addu-

432 3830 514 3887 xit
541 3843 638 3883 nos
662 3826 727 3880 ad
756 3826 951 3894 ipsum.
986 3820 1121 3889 Ergo
1140 3819 1256 3885 jam
1280 3831 1379 3868 non
1401 3812 1517 3866 estis
1545 3810 1766 3879 hospites
1792 3816 1837 3860 et
1865 3806 2020 3859 adve-

436 3936 518 3975 na:
538 3959 554 3982 ,
582 3915 670 3974 sed
698 3915 830 3967 cives
860 3920 1172 3964 sanctorum.
1202 3902 1366 3958 Vides
1393 3900 1533 3970 quod
1569 3914 1674 3952 non
1705 3894 2023 3965 simpliciter

438 4013 491 4066 in
555 4007 898 4065 Judatornm,
954 3998 1049 4053 sed
1106 4000 1159 4051 itt
1230 3999 1536 4049 sanctorum
1589 4000 1645 4043 et
1704 3998 2021 4055 magnorum

440 4103 673 4155 virorum
700 4139 713 4159 ,
738 4100 930 4163 nempe
960 4086 1192 4146 Abrahae
1220 4095 1275 4139 et
1297 4083 1495 4153 Moysis
1518 4090 1572 4134 et
1602 4078 1754 4142 Elim,
1776 4071 2020 4131 eamdem

439 4187 694 4259 adscripti
740 4198 928 4240 sumus
977 4180 1285 4243 civitatem,
1334 4184 1388 4229 et
1428 4173 1480 4227 in
1528 4171 1613 4226 illa
1666 4181 1943 4222 versamur
1968 4172 2025 4219 et

439 4280 797 4356 apparenms?
828 4277 960 4332 Nam
991 4264 1083 4344 qui
1131 4271 1247 4325 hmc
1269 4309 1285 4332 ,
1336 4267 1541 4336 inquit,
1571 4263 1788 4356 dicunt,
1814 4265 2022 4356 aperte

362 4396 363 4399 ‘
441 4351 731 4433 ostendunt
767 4386 826 4425 se
857 4368 1081 4440 patriam
1106 4375 1371 4433 quaerere.
1405 4356 1525 4412 Non
1549 4354 1774 4423 amplius
1804 4351 2024 4421 hospites

453 4478 773 4527 sanctorum;
804 4479 893 4518 nec
943 4461 1169 4513 advenat.
1198 4454 1331 4510 Nam
1364 4452 1453 4521 qni
1484 4449 1719 4504 ca-lestia
1750 4461 1854 4500 non
1899 4453 2025 4500 sunt

444 4561 780 4631 assequuturi
804 4597 818 4621 ,
852 4534 978 4609 sunt
1019 4551 1263 4606 advenas.
1295 4544 1466 4599 Filius
1495 4543 1637 4597 enim
1686 4549 1901 4606 manet,
1937 4539 2020 4631 inf

439 4629 599 4717 quit,
621 4654 672 4704 in
718 4657 999 4704 internum.
1036 4641 1103 4695 Et
1143 4637 1435 4700 domestici,
1488 4634 1689 4703 inquit,
1725 4632 1837 4685 Dei.
1869 4629 2024 4698 Quod

440 4745 517 4800 illi
542 4784 559 4811 ,
592 4736 794 4811 inquit,
822 4734 1093 4797 habebant
1115 4730 1181 4784 ab
1213 4727 1366 4782 initio
1394 4741 1490 4796 per
1516 4734 1623 4778 tam
1648 4723 1848 4777 multos
1878 4721 2026 4776 labo-

444 4851 570 4897 res,
619 4816 721 4887 hoc
762 4828 921 4899 vobis
964 4834 1109 4899 recte
1157 4817 1418 4888 successit
1463 4831 1559 4886 per
1608 4815 1700 4869 Dei
1750 4815 1998 4884 gratiam.

447 4908 608 4996 super
619 4897 865 4997 aediﬁcati
880 4897 1047 4989 supra
1059 4911 1445 4985 fundamentum
1467 4906 1815 4997 apostolorum
1828 4915 1882 4997 et
1907 4921 2028 4975 pro-

446 4992 733 5091 phetarum.
770 4992 912 5077 Ecce
942 5019 1066 5076 spes
1097 4999 1415 5069 vocationis.
1447 4996 1579 5051 Vide
1605 4996 1877 5066 quomodo
1907 5010 2024 5048 om-

448 5085 534 5165 nia
571 5085 892 5177 permiscet,
921 5096 1169 5177 Graecos,
1191 5092 1435 5154 Judaros,
1469 5090 1762 5157 apostolos,
1794 5085 2025 5156 prophe-

444 5176 938 5263 tas,Cln-istum1:
970 5197 1024 5265 et
1069 5180 1354 5254 aliquando
1392 5180 1605 5253 quidem
1646 5192 1711 5232 ex
1759 5192 2023 5245 corpore,

448 5268 734 5359 aliquando
758 5268 936 5353 autem
968 5293 1031 5348 ex
1062 5273 1286 5353 aedilicio
1318 5271 1744 5339 conjunctionem
1772 5266 2027 5321 ostendit.

451 5375 880 5452 Supertediﬁcati,
908 5372 1099 5440 inquit,
1118 5383 1272 5438 super
1290 5359 2030 5435 fundamentam-apostolorunt

453 5488 499 5529 et
528 5471 904 5547 prophetarum.
945 5465 1055 5520 Hoc
1084 5470 1187 5533 est,
1219 5459 1619 5515 fundamentum
1649 5464 1771 5510 sunt
1799 5451 2027 5524 apostoli

453 5579 508 5633 et
531 5564 824 5633 prophetm.
851 5558 918 5633 Et
939 5556 1167 5626 primum
1191 5553 1342 5622 ponit
1361 5549 1654 5620 apostolos,
1676 5547 1765 5616 qui
1789 5555 2028 5615 tempore

455 5630 579 5713 sunt
606 5630 780 5709 ultimi
805 5670 820 5706 ι
851 5630 933 5706 vel
962 5649 1062 5702 hoc
1087 5642 1378 5724 ostendens
1401 5652 1456 5697 et
1483 5641 1668 5720 dicens
1685 5679 1701 5707 ,
1728 5637 1869 5701 quod
1896 5646 1950 5690 et
1977 5636 2029 5689 hi

514 5808 735 5873 (a)_Qu'.e
777 5806 969 5873 uncinis
998 5799 1289 5852 clauduntur
1326 5800 1375 5845 in
1421 5801 1612 5845 textum
1664 5791 1940 5855 recepimus
1966 5805 2035 5871 ex.

451 5867 548 5935 uno
568 5867 747 5921 'Ctulice
770 5867 1072 5919 Coistiuiauo.
1808 5880 1811 5887 η

2151 777 2204 821 et
2232 769 2310 825 illi
2338 770 2446 828 sint
2492 775 2935 854 fundamentum,
2983 792 3292 851 universum
3336 810 3515 856 autem
3563 819 3730 863 unum

2149 863 2219 915 sit
2261 864 2549 924 aedilicium
2604 884 2657 928 et
2705 892 2807 932 una
2840 880 3012 937 radix.
3046 887 3229 957 Cogita
3275 889 3493 949 Graecos
3538 894 3729 952 funda-

2149 966 2385 1059 mentum
2416 959 2619 1019 habere
2647 971 2998 1037 patriarchas.
3027 975 3125 1035 llic
3152 980 3282 1036 illud
3310 987 3479 1056 magis
3508 989 3728 1059 proprio

2148 1041 2289 1147 dicit.
2320 1062 2478 1147 quam
2529 1070 2650 1110 cum
2704 1059 2835 1116 dicit
2883 1062 3232 1126 insertionem
3261 1089 3274 1125 :
3308 1082 3363 1128 et
3392 1041 3563 1147 magis

2148 1139 2333 1237 tangit.
2359 1142 2563 1237 Deinde
2582 1148 2731 1216 dicit,
2759 1148 2882 1222 Ipso
2906 1173 3102 1213 summo
3127 1165 3364 1233 angulari
3382 1139 3553 1237 lapide
3578 1170 3727 1224 Chri-

2142 1238 2222 1282 sto
2250 1228 2378 1285 Jesu
2395 1251 2414 1299 ,-
2444 1236 2750 1307 significans
2774 1243 3047 1302 Christum
3076 1228 3251 1308 omnia
3284 1228 3578 1316 continere.
3618 1261 3723 1316 La-

2144 1319 2228 1387 pis
2270 1322 2413 1377 enim
2460 1330 2732 1398 angularis
2775 1345 2829 1389 et
2876 1339 3109 1409 parietes
3155 1346 3395 1402 continet
3437 1360 3491 1403 et
3533 1342 3724 1406 funda-

2145 1424 2347 1469 menta.
2377 1416 2443 1471 In
2466 1437 2563 1491 quo
2585 1426 2748 1477 omnis
2768 1429 3061 1499 trdiﬁcatio.
3085 1432 3219 1489 Vide
3257 1439 3525 1507 quomodo
3546 1440 3724 1512 ipsum

2145 1510 2482 1580 conjunxerit
2503 1555 2520 1582 ,
2552 1524 2608 1568 ut
2638 1518 2727 1587 qui
2772 1520 3060 1593 aliquando
3086 1525 3299 1595 quidem
3329 1536 3497 1585 totum
3527 1510 3724 1603 corpus

2144 1618 2375 1673 superne
2398 1609 2755 1667 contineatac
2817 1614 3170 1687 eompingat,
3235 1620 3524 1690 aliquando
3540 1633 3719 1680 autem

2145 1698 2351 1754 inferne
2383 1710 2558 1769 portet
2584 1703 2866 1759 arditieium
2888 1748 2903 1772 ,
2936 1716 2993 1762 et
3021 1711 3091 1763 sit
3136 1711 3312 1767 radix.
3343 1713 3474 1769 Illud
3500 1725 3713 1782 autem.

2140 1787 2381 1846 Condidit
2407 1795 2460 1847 itt
2494 1797 2659 1863 seipso
2683 1798 2738 1851 in
2767 1816 2925 1853 unum
2968 1818 3151 1856 nouunt
3197 1805 3484 1876 hominem,
3515 1810 3720 1882 signiﬁ-

2139 1891 2257 1948 cat,
2302 1883 2405 1939 Per
2448 1887 2684 1955 seipsum
2734 1890 3013 1959 conjunxit
3059 1903 3312 1965 utrasque
3359 1899 3624 1966 parietes;
3661 1913 3720 1958 et

2140 1988 2350 2028 rursum
2374 2016 2389 2039 ,
2422 1977 2563 2045 quod
2594 1978 2645 2033 in
2678 1978 2794 2049 ipso
2821 1982 2927 2036 sint
2952 1987 3138 2038 creati.
3187 1987 3291 2052 Et,
3323 1985 3714 2060 Primogenitus,

2140 2065 2349 2135 inquit,
2379 2069 2544 2122 omnis
2573 2082 2819 2127 creatura:
2849 2073 3064 2143 (Coloss.
3098 2079 3149 2132 1.
3183 2079 3270 2148 15)
3301 2099 3312 2132 :
3347 2080 3450 2136 hoc
3479 2092 3563 2138 est
3584 2124 3601 2146 ,
3631 2083 3716 2154 ip—

2139 2173 2200 2213 se
2227 2169 2403 2228 portat
2430 2163 2644 2229 omnia,
2679 2164 2729 2218 in
2761 2181 2870 2235 quo
2914 2176 3080 2223 totum
3128 2171 3409 2231 zedilicium
3458 2184 3544 2229 est
3586 2162 3725 2231 con;
3786 2216 3789 2223 ι

2138 2260 2419 2305 structum.
2453 2252 2578 2309 Sive
2628 2264 2826 2311 tectum
2858 2257 3090 2324 dixerit,
3138 2261 3252 2316 sive
3299 2264 3568 2332 parietes,
3601 2266 3719 2322 sive

2139 2347 2350 2415 quidvis
2378 2348 2546 2415 aliud,
2581 2358 2749 2403 totum
2783 2360 2978 2420 portat.
3004 2354 3144 2409 Alibi
3173 2364 3352 2410 autem
3381 2357 3554 2426 ipsum
3581 2358 3712 2414 dicit

2138 2435 2577 2499 fundamentum:
2630 2440 3040 2496 Fundamentum
3084 2444 3264 2511 enim,
3315 2447 3522 2516 inquit,
3570 2449 3717 2502 aliud

2148 2543 2293 2580 nemo
2332 2538 2492 2597 potest
2531 2547 2718 2600 ponere
2741 2543 2923 2602 praeter
2949 2534 3003 2587 id
3031 2535 3168 2604 quod
3205 2544 3279 2589 est
3304 2536 3552 2606 positum,
3578 2542 3718 2611 quod

2137 2627 2210 2669 est
2248 2616 2400 2672 Jesus
2434 2619 2683 2675 Christus.
2728 2620 2792 2676 In
2829 2641 2926 2694 quo
2950 2665 2966 2689 ,
3000 2625 3207 2694 inquit,
3237 2628 3400 2681 omnis
3444 2629 3717 2698 edi/icatio.

2134 2718 2424 2763 constructa
2454 2710 2529 2783 (1.
2560 2710 2676 2766 Cor.
2709 2715 2761 2767 5.
2792 2715 2898 2783 11).
2931 2715 3037 2769 Res
3065 2717 3175 2785 ipsa
3204 2728 3453 2774 accurate
3492 2729 3547 2774 et
3586 2736 3715 2776 exa~

2132 2807 2216 2853 cte
2244 2800 2580 2856 considerata
2606 2805 2861 2871 ostendit,
2886 2807 3027 2876 quod
3054 2823 3159 2861 non
3180 2807 3337 2863 aliter
3360 2810 3487 2880 poni
3510 2820 3706 2881 potest,

2140 2894 2242 2948 nisi
2294 2905 2481 2950 exacte
2511 2906 2564 2949 et
2609 2909 2854 2952 accurate
2899 2899 3114 2955 vixeris.
3164 2901 3388 2969 Crescit,
3421 2903 3624 2972 inquit,
3657 2905 3710 2958 in

2133 2988 2376 3056 templum
2416 2999 2643 3041 sanctum
2674 2991 2726 3045 in
2760 2989 2976 3045 Domino
2998 3009 3019 3046 :
3046 2993 3099 3046 in
3133 3010 3234 3063 quo
3261 3005 3307 3048 et
3351 3012 3437 3051 vos
3481 2998 3707 3065 coazdiﬁ-

2130 3078 2338 3131 camini.
2386 3078 2500 3133 Hoc
2534 3079 2861 3149 frequentius
2889 3081 3049 3150 dicit,
3078 3080 3145 3137 in
3174 3085 3415 3156 templum
3444 3097 3707 3155 sanctum,

2134 3169 2188 3223 iu
2220 3168 2565 3223 habitaculum
2609 3169 2708 3225 Dei
2732 3172 2785 3225 in
2832 3171 3052 3243 Spiritu.
3082 3174 3217 3241 Quid
3262 3174 3362 3231 sibi
3390 3176 3501 3231 vult
3528 3187 3710 3239 autem.

2128 3262 2451 3317 aedificatio?
2487 3263 2552 3319 Ut
2602 3265 2738 3319 Deus
2784 3266 2834 3320 in
2883 3267 2984 3321 hoc
3032 3268 3231 3337 templo
3272 3267 3495 3323 habitet.
3525 3269 3705 3325 Unus-

2128 3354 2352 3424 quisque
2381 3354 2522 3408 enim
2550 3365 2787 3410 vestrum
2819 3366 2902 3411 est
2933 3358 3190 3427 templum
3209 3399 3225 3424 ,
3257 3368 3311 3414 et
3339 3374 3526 3414 omnes
3552 3376 3700 3415 com.

2127 3446 2392 3510 muniter,
2417 3454 2475 3501 et
2504 3453 2776 3516 tamquam
2805 3448 2856 3501 in
2886 3463 3114 3517 corpore
3143 3451 3340 3506 Christi
3382 3450 3617 3519 habitat,
3650 3463 3705 3509 et

2128 3544 2396 3606 tamquam
2424 3536 2477 3591 in
2510 3539 2709 3607 templo
2736 3538 3024 3608 spirituali.
3060 3538 3183 3595 Ideo
3214 3557 3321 3596 non
3364 3543 3501 3598 dixit
3528 3555 3704 3615 πρόσοο

2127 3635 2206 3685 δον
2223 3671 2240 3696 ,
2271 3630 2322 3685 id
2354 3639 2436 3686 est
2455 3671 2470 3697 ,
2502 3630 2707 3687 aditum
2730 3671 2746 3693 .
2773 3631 2868 3687 sed
2900 3649 3199 3703 προσαγωγὴν
3220 3675 3235 3700 ,
3267 3635 3366 3690 hoc
3390 3645 3475 3692 est
3492 3677 3508 3703 ,
3534 3636 3703 3692 addu-

2133 3722 2368 3793 ctionem
2395 3737 2409 3775 :
2436 3738 2543 3777 non
2572 3723 2712 3776 ιιιίιιι
2740 3739 2768 3775 a
2800 3724 2952 3778 nobis
2978 3725 3108 3795 ipsis
3128 3726 3454 3783 accessimus
3472 3768 3490 3794 ,
3516 3727 3609 3782 sed
3636 3729 3708 3783 ab

2128 3816 2245 3885 ipso
2291 3815 2505 3871 adducti
2551 3833 2775 3872 sumus:
2820 3816 2959 3871 Nam
2986 3834 3167 3885 nemo,
3202 3819 3408 3890 inquit,
3458 3822 3590 3874 venit
3634 3820 3704 3874 ad

2129 3906 2340 3961 Patrem
2381 3909 2479 3962 nisi
2518 3926 2609 3979 per
2652 3926 2768 3974 me;
2796 3919 2849 3965 et
2878 3926 3063 3969 rursus
3094 3909 3204 3983 Ego
3231 3928 3342 3965 sum
3369 3912 3469 3972 uia,
3499 3911 3703 3977 ueritas,

2127 4011 2173 4054 et
2197 4002 2298 4054 vita
2327 3999 2508 4070 (Joan.
2538 4003 2627 4057 14.
2651 4003 2729 4072 6).
2758 4001 2814 4057 In
2840 4003 3098 4074 templum
3122 4012 3364 4058 sanctum
3391 4001 3549 4057 simul
3572 4000 3703 4056 trdi-

2130 4093 2269 4147 fieati
2300 4092 2450 4148 estis.

2198 4188 2252 4242 2.
2287 4187 2481 4244 lterum
2504 4186 2570 4242 ad
2595 4187 2739 4256 prius
2765 4186 2902 4242 redit
2922 4185 3230 4257 exemplum
3260 4192 3315 4240 et
3341 4185 3460 4240 illos
3476 4184 3703 4255 conjun-

2128 4285 2204 4350 git
2243 4294 2364 4334 cum
2417 4281 2658 4346 sanctis,
2710 4295 3043 4350 nequaquam
3101 4280 3285 4334 sinens
3330 4286 3391 4333 ut
3435 4279 3708 4349 longiusa

2128 4373 2343 4427 Christo
2366 4371 2672 4427 recedatur.
2704 4370 2801 4424 Est
2829 4386 2957 4442 ergo
2980 4384 3151 4439 usque
3180 4368 3248 4423 ad
3277 4368 3566 4424 adventum
3591 4367 3709 4424 haec

2129 4462 2433 4517 atdilicatiu.
2470 4461 2764 4530 Propterea
2794 4460 3007 4514 dicebat
3035 4459 3228 4513 Paulus
3253 4476 3266 4513 :
3300 4446 3369 4513 Ut
3391 4457 3594 4528 sapiens
3618 4474 3706 4510 ar-

2130 4554 2377 4608 chitectus
2407 4551 2795 4621 fundamentum
2824 4550 2968 4619 posui
2994 4565 3014 4615 ;
3045 4560 3097 4603 et
3125 4563 3310 4603 rursus
3338 4547 3448 4613 hic,
3491 4545 3706 4601 Funda-

2132 4655 2353 4701 mentum
2374 4640 2519 4699 aliud
2542 4661 2686 4699 nemo
2709 4652 2868 4715 potest
2898 4658 3104 4709 ponere,
3127 4650 3310 4711 prater
3330 4640 3385 4694 id
3407 4642 3542 4712 quod
3568 4642 3709 4711 posi-

2131 4750 2237 4794 tum
2277 4747 2349 4791 est
2376 4779 2391 4802 ,
2420 4736 2507 4806 qui
2535 4745 2607 4789 est
2637 4734 2904 4804 Cltristus(
2935 4734 2985 4789 1.
3017 4730 3135 4788 Cor.
3168 4733 3225 4796 5.
3257 4732 3343 4788 10.
3374 4732 3435 4787 11
3542 4729 3710 4787 Vides

2130 4831 2270 4903 quod
2289 4829 2533 4900 exetnpla
2553 4842 2657 4899 pro
2670 4827 2831 4883 rebus
2845 4826 3098 4895 subjectis
3123 4825 3229 4879 sint
3250 4822 3581 4893 accipienda,
3600 4839 3708 4879 non

2131 4924 2416 4980 absniute?
2447 4922 2513 4976 ab
2538 4920 2797 4991 exemplis
2825 4920 2924 4975 hoc
2962 4919 3109 4985 dicit,
3137 4927 3193 4972 ttt
3227 4917 3441 4989 quando
3464 4916 3708 4973 Christus

2134 5016 2344 5072 Patrem
2366 5013 2492 5068 dicit
2506 5011 2812 5083 agricolam,
2829 5020 2880 5066 et
2894 5010 2971 5066 sei
2980 5024 3131 5079 psum
3145 5008 3551 5079 radicem.(Cap.
3569 5011 3644 5081 '5.)
3666 5011 3719 5067 1.

2138 5107 2306 5177 Hujus
2335 5107 2406 5158 rei
2441 5105 2610 5176 gratia
2634 5120 2726 5175 ego
2747 5102 2944 5159 Paulus
2968 5142 2982 5166 ,
3030 5103 3225 5154 vinctus
3255 5099 3445 5155 Christi
3469 5099 3506 5154 J
3509 5117 3595 5155 esu
3617 5117 3715 5173 pro

2133 5198 2270 5252 vobis
2295 5196 2546 5267 gentibus.
2576 5192 2717 5248 Dixit
2746 5207 2990 5263 magnam
3033 5189 3231 5245 Christi
3251 5206 3436 5245 curam
3456 5201 3510 5246 et
3528 5190 3708 5260 provi-

2135 5288 2394 5346 dentiam.
2433 5288 2510 5343 De
2534 5294 2730 5343 caetero
2756 5284 2822 5339 ad
2848 5299 2994 5338 suam
3019 5299 3228 5354 quoque
3256 5280 3569 5351 digreditur,
3591 5298 3718 5353 quas

2137 5396 2297 5451 parva
2324 5378 2538 5449 quidem
2568 5386 2652 5432 est
2692 5383 2747 5429 et
2775 5375 2930 5444 plane
2955 5374 3109 5440 nihil,
3141 5376 3185 5428 si
3212 5390 3332 5429 cum
3360 5374 3447 5430 illa
3469 5373 3714 5430 confera~

2136 5480 2224 5526 tur
2249 5487 2264 5535 ;
2298 5485 2416 5539 quae
2439 5478 2614 5522 tamen
2660 5467 2773 5535 ipsa
2804 5482 3015 5535 quoque
3040 5475 3122 5520 est
3149 5465 3340 5520 idonea
3363 5473 3417 5520 et
3438 5464 3713 5520 sufficiens

2137 5562 2202 5615 ad
2236 5558 2629 5614 attrahendum.
2666 5557 2975 5625 Propterea,
2998 5555 3200 5624 inquit,
3225 5569 3327 5625 ego
3362 5569 3573 5624 quoque
3602 5556 3714 5608 vin-

2140 5663 2256 5707 etus
2286 5666 2421 5706 sum.
2460 5649 2520 5704 Si
2556 5649 2703 5704 enim
2741 5647 3001 5703 Dominus
3049 5660 3199 5700 meus
3256 5656 3475 5716 propter
3511 5661 3615 5701 vos
3634 5656 3719 5705 est

2145 5752 2294 5798 actus
2321 5743 2373 5796 in
2406 5755 2647 5808 crucem,
2677 5739 2843 5793 multo
2871 5738 3040 5807 magis
3065 5751 3166 5807 ego
3193 5735 3405 5791 vinetus
3433 5751 3576 5791 sum.
3600 5733 3720 5797 Non

2141 5841 2312 5894 δίψιοι
2336 5837 2448 5905 ipse
2480 5833 2579 5888 fuit
2604 5831 2833 5899 vinetus,
2858 5829 2952 5887 sed
2989 5828 3151 5885 etiam
3200 5843 3328 5885 suos
3375 5842 3559 5889 servos
3590 5842 3717 5911 per-
