  <div class='ocr_page' id='page_1' title='image "/cluster/home/n/w/nwhite01/storage/ocr_20150623/62:no.11/coo.31924054869627/052.png"; bbox 0 0 4140 6532; ppageno 0'>
   <div class='ocr_carea' id='block_1_1' title="bbox 355 451 3657 524">
    <p class='ocr_par' dir='ltr' id='par_1_1' title="bbox 355 451 3657 524">
     <span class='ocr_line' id='line_1_1' title="bbox 355 451 3657 524; baseline -0.005 -2"><span class='ocrx_word' id='word_1_1' title='bbox 355 466 424 522; x_wconf 67' lang='grc' dir='ltr'><em>ιδ</em></span> <span class='ocrx_word' id='word_1_2' title='bbox 1251 457 1318 515; x_wconf 74' lang='lat' dir='ltr'><strong>IN</strong></span> <span class='ocrx_word' id='word_1_3' title='bbox 1354 458 1568 515; x_wconf 80' lang='lat' dir='ltr'><strong>EPIST.</strong></span> <span class='ocrx_word' id='word_1_4' title='bbox 1611 458 1703 512; x_wconf 74' lang='lat' dir='ltr'><strong>At)</strong></span> <span class='ocrx_word' id='word_1_5' title='bbox 1745 451 1984 509; x_wconf 81' lang='lat' dir='ltr'><strong>EPHES.</strong></span> <span class='ocrx_word' id='word_1_6' title='bbox 2028 452 2179 510; x_wconf 70' lang='lat' dir='ltr'><strong>CAP.</strong></span> <span class='ocrx_word' id='word_1_7' title='bbox 2223 454 2311 513; x_wconf 86' lang='grc'><strong>111.</strong></span> <span class='ocrx_word' id='word_1_8' title='bbox 2356 457 2588 515; x_wconf 80' lang='lat' dir='ltr'><strong>HOMIL.</strong></span> <span class='ocrx_word' id='word_1_9' title='bbox 2631 460 2723 518; x_wconf 81' lang='grc' dir='ltr'><strong>νι.</strong></span> <span class='ocrx_word' id='word_1_10' title='bbox 3590 469 3657 524; x_wconf 50' lang='grc' dir='ltr'><strong>δεῖ</strong></span> 
     </span>
    </p>
   </div>
   <div class='ocr_carea' id='block_1_2' title="bbox 357 570 1946 650">
    <p class='ocr_par' dir='ltr' id='par_1_2' title="bbox 357 570 1946 650">
     <span class='ocr_line' id='line_1_2' title="bbox 357 570 1946 650; baseline -0.007 -14"><span class='ocrx_word' id='word_1_11' title='bbox 357 581 518 636; x_wconf 88' lang='lat' dir='ltr'><strong>mittit</strong></span> <span class='ocrx_word' id='word_1_12' title='bbox 560 577 753 635; x_wconf 83' lang='lat' dir='ltr'><strong>vinciri</strong></span> <span class='ocrx_word' id='word_1_13' title='bbox 779 592 880 650; x_wconf 88' lang='lat' dir='ltr'><strong>pro</strong></span> <span class='ocrx_word' id='word_1_14' title='bbox 905 575 1059 634; x_wconf 85' lang='lat' dir='ltr'><strong>vobis</strong></span> <span class='ocrx_word' id='word_1_15' title='bbox 1110 576 1380 648; x_wconf 77' lang='lat' dir='ltr'><strong>gentibus.</strong></span> <span class='ocrx_word' id='word_1_16' title='bbox 1412 575 1597 646; x_wconf 79' lang='lat' dir='ltr'><strong>Magna</strong></span> <span class='ocrx_word' id='word_1_17' title='bbox 1627 570 1900 643; x_wconf 80' lang='lat' dir='ltr'><strong>emphasis</strong></span> <span class='ocrx_word' id='word_1_18' title='bbox 1932 589 1946 625; x_wconf 91' lang='lat'>:</span> 
     </span>
    </p>
   </div>
   <div class='ocr_carea' id='block_1_3' title="bbox 354 667 1952 734">
    <p class='ocr_par' dir='ltr' id='par_1_3' title="bbox 354 667 1952 734">
     <span class='ocr_line' id='line_1_3' title="bbox 354 667 1952 734; baseline -0.006 -8"><span class='ocrx_word' id='word_1_19' title='bbox 354 675 462 730; x_wconf 74' lang='lat' dir='ltr'><strong>Vos</strong></span> <span class='ocrx_word' id='word_1_20' title='bbox 490 688 598 728; x_wconf 89' lang='lat' dir='ltr'><strong>non</strong></span> <span class='ocrx_word' id='word_1_21' title='bbox 621 673 798 728; x_wconf 90' lang='lat' dir='ltr'><strong>solum</strong></span> <span class='ocrx_word' id='word_1_22' title='bbox 822 687 931 726; x_wconf 91' lang='lat' dir='ltr'><strong>non</strong></span> <span class='ocrx_word' id='word_1_23' title='bbox 980 669 1371 734; x_wconf 82' lang='lat' dir='ltr'><strong>abominamur,</strong></span> <span class='ocrx_word' id='word_1_24' title='bbox 1415 667 1511 722; x_wconf 91' lang='lat' dir='ltr'><strong>sed</strong></span> <span class='ocrx_word' id='word_1_25' title='bbox 1542 668 1701 721; x_wconf 89' lang='lat' dir='ltr'><strong>etiam</strong></span> <span class='ocrx_word' id='word_1_26' title='bbox 1735 671 1952 734; x_wconf 85' lang='lat' dir='ltr'><strong>propter</strong></span> 
     </span>
    </p>
   </div>
   <div class='ocr_carea' id='block_1_4' title="bbox 355 763 1948 839">
    <p class='ocr_par' dir='ltr' id='par_1_4' title="bbox 355 763 1948 839">
     <span class='ocr_line' id='line_1_4' title="bbox 355 763 1948 839; baseline -0.006 -18"><span class='ocrx_word' id='word_1_27' title='bbox 355 785 470 836; x_wconf 69' lang='lat' dir='ltr'><strong>vos,</strong></span> <span class='ocrx_word' id='word_1_28' title='bbox 511 770 703 839; x_wconf 78' lang='lat' dir='ltr'><strong>inquit,</strong></span> <span class='ocrx_word' id='word_1_29' title='bbox 739 768 1033 828; x_wconf 82' lang='lat' dir='ltr'><strong>vincimur,</strong></span> <span class='ocrx_word' id='word_1_30' title='bbox 1062 775 1117 821; x_wconf 92' lang='lat' dir='ltr'><strong>et</strong></span> <span class='ocrx_word' id='word_1_31' title='bbox 1145 781 1246 836; x_wconf 92' lang='lat' dir='ltr'><strong>ego</strong></span> <span class='ocrx_word' id='word_1_32' title='bbox 1295 773 1495 818; x_wconf 90' lang='lat' dir='ltr'><strong>tantam</strong></span> <span class='ocrx_word' id='word_1_33' title='bbox 1546 763 1775 832; x_wconf 89' lang='lat' dir='ltr'><strong>adeptus</strong></span> <span class='ocrx_word' id='word_1_34' title='bbox 1832 773 1948 812; x_wconf 89' lang='lat' dir='ltr'><strong>sum</strong></span> 
     </span>
    </p>
   </div>
   <div class='ocr_carea' id='block_1_5' title="bbox 352 851 1954 932">
    <p class='ocr_par' dir='ltr' id='par_1_5' title="bbox 352 851 1954 932">
     <span class='ocr_line' id='line_1_5' title="bbox 352 851 1954 932; baseline -0.007 -16"><span class='ocrx_word' id='word_1_35' title='bbox 352 862 598 932; x_wconf 80' lang='lat' dir='ltr'><strong>gratiam.</strong></span> <span class='ocrx_word' id='word_1_36' title='bbox 628 861 683 914; x_wconf 85' lang='lat'><strong>2.</strong></span> <span class='ocrx_word' id='word_1_37' title='bbox 734 859 796 915; x_wconf 90' lang='lat' dir='ltr'><strong>Si</strong></span> <span class='ocrx_word' id='word_1_38' title='bbox 819 869 987 913; x_wconf 83' lang='lat' dir='ltr'><strong>tamen</strong></span> <span class='ocrx_word' id='word_1_39' title='bbox 1031 859 1267 911; x_wconf 86' lang='lat' dir='ltr'><strong>audiistis</strong></span> <span class='ocrx_word' id='word_1_40' title='bbox 1317 855 1743 924; x_wconf 73' lang='lat' dir='ltr'><strong>dispensationem</strong></span> <span class='ocrx_word' id='word_1_41' title='bbox 1775 851 1954 923; x_wconf 75' lang='lat' dir='ltr'><strong>gratia:</strong></span> 
     </span>
    </p>
   </div>
   <div class='ocr_carea' id='block_1_6' title="bbox 353 946 1951 1019">
    <p class='ocr_par' dir='ltr' id='par_1_6' title="bbox 353 946 1951 1019">
     <span class='ocr_line' id='line_1_6' title="bbox 353 946 1951 1019; baseline -0.007 -13"><span class='ocrx_word' id='word_1_42' title='bbox 353 953 450 1007; x_wconf 84' lang='lat' dir='ltr'><strong>Dei</strong></span> <span class='ocrx_word' id='word_1_43' title='bbox 475 968 591 1019; x_wconf 67' lang='lat' dir='ltr'><strong>quae</strong></span> <span class='ocrx_word' id='word_1_44' title='bbox 613 953 735 1004; x_wconf 86' lang='lat' dir='ltr'><strong>data</strong></span> <span class='ocrx_word' id='word_1_45' title='bbox 760 963 832 1005; x_wconf 90' lang='lat' dir='ltr'><strong>est</strong></span> <span class='ocrx_word' id='word_1_46' title='bbox 856 953 983 1004; x_wconf 89' lang='lat' dir='ltr'><strong>mihi</strong></span> <span class='ocrx_word' id='word_1_47' title='bbox 1003 952 1053 1003; x_wconf 89' lang='lat' dir='ltr'><strong>in</strong></span> <span class='ocrx_word' id='word_1_48' title='bbox 1077 949 1236 1004; x_wconf 88' lang='lat' dir='ltr'><strong>vobis.</strong></span> <span class='ocrx_word' id='word_1_49' title='bbox 1286 948 1462 1003; x_wconf 90' lang='lat' dir='ltr'><strong>lnuuit</strong></span> <span class='ocrx_word' id='word_1_50' title='bbox 1502 946 1906 1016; x_wconf 64' lang='lat' dir='ltr'><strong>pra‘dictiouem</strong></span> <span class='ocrx_word' id='word_1_51' title='bbox 1937 983 1951 1008; x_wconf 96' lang='lat'><strong>,</strong></span> 
     </span>
    </p>
   </div>
   <div class='ocr_carea' id='block_1_7' title="bbox 351 1035 1950 1114">
    <p class='ocr_par' dir='ltr' id='par_1_7' title="bbox 351 1035 1950 1114">
     <span class='ocr_line' id='line_1_7' title="bbox 351 1035 1950 1114; baseline -0.006 -16"><span class='ocrx_word' id='word_1_52' title='bbox 351 1060 466 1114; x_wconf 69' lang='lat' dir='ltr'><strong>qua:</strong></span> <span class='ocrx_word' id='word_1_53' title='bbox 497 1043 565 1097; x_wconf 91' lang='lat' dir='ltr'><strong>de</strong></span> <span class='ocrx_word' id='word_1_54' title='bbox 589 1044 708 1113; x_wconf 89' lang='lat' dir='ltr'><strong>ipso</strong></span> <span class='ocrx_word' id='word_1_55' title='bbox 727 1042 977 1096; x_wconf 79' lang='lat' dir='ltr'><strong>Damasci</strong></span> <span class='ocrx_word' id='word_1_56' title='bbox 1008 1040 1145 1094; x_wconf 81' lang='lat' dir='ltr'><strong>facta</strong></span> <span class='ocrx_word' id='word_1_57' title='bbox 1173 1051 1255 1094; x_wconf 90' lang='lat' dir='ltr'><strong>est</strong></span> <span class='ocrx_word' id='word_1_58' title='bbox 1284 1038 1527 1102; x_wconf 62' lang='lat' dir='ltr'><strong>Ananiae,</strong></span> <span class='ocrx_word' id='word_1_59' title='bbox 1560 1036 1776 1106; x_wconf 81' lang='lat' dir='ltr'><strong>quando</strong></span> <span class='ocrx_word' id='word_1_60' title='bbox 1800 1035 1950 1089; x_wconf 83' lang='lat' dir='ltr'><strong>dice-</strong></span> 
     </span>
    </p>
   </div>
   <div class='ocr_carea' id='block_1_8' title="bbox 352 1131 1954 1206">
    <p class='ocr_par' dir='ltr' id='par_1_8' title="bbox 352 1131 1954 1206">
     <span class='ocr_line' id='line_1_8' title="bbox 352 1131 1954 1206; baseline -0.004 -19"><span class='ocrx_word' id='word_1_61' title='bbox 352 1135 436 1190; x_wconf 89' lang='lat' dir='ltr'><strong>bat</strong></span> <span class='ocrx_word' id='word_1_62' title='bbox 465 1153 478 1189; x_wconf 91' lang='lat'><strong>:</strong></span> <span class='ocrx_word' id='word_1_63' title='bbox 514 1135 675 1200; x_wconf 83' lang='lat' dir='ltr'><strong>Vade,</strong></span> <span class='ocrx_word' id='word_1_64' title='bbox 696 1136 939 1206; x_wconf 88' lang='lat' dir='ltr'><strong>quoniam</strong></span> <span class='ocrx_word' id='word_1_65' title='bbox 967 1150 1054 1188; x_wconf 85' lang='lat' dir='ltr'><strong>vas</strong></span> <span class='ocrx_word' id='word_1_66' title='bbox 1084 1133 1340 1187; x_wconf 84' lang='lat' dir='ltr'><strong>electionis</strong></span> <span class='ocrx_word' id='word_1_67' title='bbox 1365 1132 1490 1184; x_wconf 86' lang='lat' dir='ltr'><strong>mihi</strong></span> <span class='ocrx_word' id='word_1_68' title='bbox 1515 1141 1586 1185; x_wconf 90' lang='lat' dir='ltr'><strong>est</strong></span> <span class='ocrx_word' id='word_1_69' title='bbox 1611 1131 1724 1196; x_wconf 89' lang='lat' dir='ltr'><strong>iste,</strong></span> <span class='ocrx_word' id='word_1_70' title='bbox 1758 1141 1809 1180; x_wconf 88' lang='lat' dir='ltr'><strong>ut</strong></span> <span class='ocrx_word' id='word_1_71' title='bbox 1835 1145 1954 1196; x_wconf 84' lang='lat' dir='ltr'><strong>por-</strong></span> 
     </span>
    </p>
   </div>
   <div class='ocr_carea' id='block_1_9' title="bbox 349 1222 1945 1299">
    <p class='ocr_par' dir='ltr' id='par_1_9' title="bbox 349 1222 1945 1299">
     <span class='ocr_line' id='line_1_9' title="bbox 349 1222 1945 1299; baseline -0.004 -18"><span class='ocrx_word' id='word_1_72' title='bbox 349 1239 413 1282; x_wconf 81' lang='lat' dir='ltr'><strong>tet</strong></span> <span class='ocrx_word' id='word_1_73' title='bbox 443 1247 630 1283; x_wconf 85' lang='lat' dir='ltr'><strong>nomen</strong></span> <span class='ocrx_word' id='word_1_74' title='bbox 651 1247 817 1282; x_wconf 87' lang='lat' dir='ltr'><strong>meum</strong></span> <span class='ocrx_word' id='word_1_75' title='bbox 848 1245 1023 1282; x_wconf 86' lang='lat' dir='ltr'><strong>coram</strong></span> <span class='ocrx_word' id='word_1_76' title='bbox 1048 1227 1275 1299; x_wconf 86' lang='lat' dir='ltr'><strong>gentibus</strong></span> <span class='ocrx_word' id='word_1_77' title='bbox 1300 1243 1359 1278; x_wconf 91' lang='lat' dir='ltr'><strong>ac</strong></span> <span class='ocrx_word' id='word_1_78' title='bbox 1385 1225 1584 1292; x_wconf 88' lang='lat' dir='ltr'><strong>regibus</strong></span> <span class='ocrx_word' id='word_1_79' title='bbox 1602 1224 1738 1294; x_wconf 82' lang='lat' dir='ltr'><strong>(Act.</strong></span> <span class='ocrx_word' id='word_1_80' title='bbox 1755 1223 1807 1278; x_wconf 88' lang='lat'><strong>9.</strong></span> <span class='ocrx_word' id='word_1_81' title='bbox 1838 1222 1945 1292; x_wconf 79' lang='grc'>15).</span> 
     </span>
    </p>
   </div>
   <div class='ocr_carea' id='block_1_10' title="bbox 354 1315 1943 1390">
    <p class='ocr_par' dir='ltr' id='par_1_10' title="bbox 354 1315 1943 1390">
     <span class='ocr_line' id='line_1_10' title="bbox 354 1315 1943 1390; baseline -0.006 -15"><span class='ocrx_word' id='word_1_82' title='bbox 354 1322 818 1390; x_wconf 62' lang='lat' dir='ltr'><strong>Dispensationem</strong></span> <span class='ocrx_word' id='word_1_83' title='bbox 850 1320 1040 1390; x_wconf 73' lang='lat' dir='ltr'><strong>gratia</strong></span> <span class='ocrx_word' id='word_1_84' title='bbox 1069 1319 1200 1373; x_wconf 90' lang='lat' dir='ltr'><strong>dicit</strong></span> <span class='ocrx_word' id='word_1_85' title='bbox 1245 1316 1654 1372; x_wconf 81' lang='lat' dir='ltr'><strong>revelationeiu.</strong></span> <span class='ocrx_word' id='word_1_86' title='bbox 1690 1315 1800 1368; x_wconf 91' lang='lat' dir='ltr'><strong>lloc</strong></span> <span class='ocrx_word' id='word_1_87' title='bbox 1841 1324 1943 1377; x_wconf 87' lang='lat' dir='ltr'><strong>est,</strong></span> 
     </span>
    </p>
   </div>
   <div class='ocr_carea' id='block_1_11' title="bbox 351 1408 1952 1482">
    <p class='ocr_par' dir='ltr' id='par_1_11' title="bbox 351 1408 1952 1482">
     <span class='ocr_line' id='line_1_11' title="bbox 351 1408 1952 1482; baseline -0.005 -14"><span class='ocrx_word' id='word_1_88' title='bbox 351 1414 462 1468; x_wconf 85' lang='lat' dir='ltr'><strong>Non</strong></span> <span class='ocrx_word' id='word_1_89' title='bbox 484 1413 651 1469; x_wconf 81' lang='lat' dir='ltr'><strong>didici</strong></span> <span class='ocrx_word' id='word_1_90' title='bbox 674 1414 742 1468; x_wconf 87' lang='lat' dir='ltr'><strong>ab</strong></span> <span class='ocrx_word' id='word_1_91' title='bbox 769 1414 1030 1468; x_wconf 85' lang='lat' dir='ltr'><strong>homine:</strong></span> <span class='ocrx_word' id='word_1_92' title='bbox 1060 1423 1113 1467; x_wconf 90' lang='lat' dir='ltr'><strong>et</strong></span> <span class='ocrx_word' id='word_1_93' title='bbox 1139 1412 1386 1482; x_wconf 82' lang='lat' dir='ltr'><strong>dignatus</strong></span> <span class='ocrx_word' id='word_1_94' title='bbox 1413 1418 1495 1464; x_wconf 88' lang='lat' dir='ltr'><strong>est</strong></span> <span class='ocrx_word' id='word_1_95' title='bbox 1527 1408 1681 1472; x_wconf 88' lang='lat' dir='ltr'><strong>mihi,</strong></span> <span class='ocrx_word' id='word_1_96' title='bbox 1714 1422 1834 1461; x_wconf 89' lang='lat' dir='ltr'><strong>cum</strong></span> <span class='ocrx_word' id='word_1_97' title='bbox 1867 1421 1952 1460; x_wconf 87' lang='lat' dir='ltr'><strong>es-</strong></span> 
     </span>
    </p>
   </div>
   <div class='ocr_carea' id='block_1_12' title="bbox 352 1499 1947 1575">
    <p class='ocr_par' dir='ltr' id='par_1_12' title="bbox 352 1499 1947 1575">
     <span class='ocr_line' id='line_1_12' title="bbox 352 1499 1947 1575; baseline -0.003 -16"><span class='ocrx_word' id='word_1_98' title='bbox 352 1523 460 1562; x_wconf 88' lang='lat' dir='ltr'><strong>sem</strong></span> <span class='ocrx_word' id='word_1_99' title='bbox 493 1523 655 1569; x_wconf 89' lang='lat' dir='ltr'><strong>unus.</strong></span> <span class='ocrx_word' id='word_1_100' title='bbox 694 1509 941 1561; x_wconf 85' lang='lat' dir='ltr'><strong>revelare</strong></span> <span class='ocrx_word' id='word_1_101' title='bbox 974 1515 1194 1575; x_wconf 87' lang='lat' dir='ltr'><strong>propter</strong></span> <span class='ocrx_word' id='word_1_102' title='bbox 1216 1519 1311 1558; x_wconf 86' lang='lat' dir='ltr'><strong>vos</strong></span> <span class='ocrx_word' id='word_1_103' title='bbox 1339 1522 1350 1558; x_wconf 95' lang='lat'>:</span> <span class='ocrx_word' id='word_1_104' title='bbox 1385 1503 1503 1572; x_wconf 86' lang='lat' dir='ltr'><strong>Ipse</strong></span> <span class='ocrx_word' id='word_1_105' title='bbox 1524 1502 1667 1558; x_wconf 89' lang='lat' dir='ltr'><strong>enim</strong></span> <span class='ocrx_word' id='word_1_106' title='bbox 1687 1544 1702 1567; x_wconf 92' lang='lat'><strong>,</strong></span> <span class='ocrx_word' id='word_1_107' title='bbox 1731 1499 1902 1568; x_wconf 92' lang='lat' dir='ltr'><strong>inquit</strong></span> <span class='ocrx_word' id='word_1_108' title='bbox 1932 1539 1947 1564; x_wconf 89' lang='lat'><strong>,</strong></span> 
     </span>
    </p>
   </div>
   <div class='ocr_carea' id='block_1_13' title="bbox 351 1593 1949 1668">
    <p class='ocr_par' dir='ltr' id='par_1_13' title="bbox 351 1593 1949 1668">
     <span class='ocr_line' id='line_1_13' title="bbox 351 1593 1949 1668; baseline -0.003 -20"><span class='ocrx_word' id='word_1_109' title='bbox 351 1599 470 1650; x_wconf 89' lang='lat' dir='ltr'><strong>mihi</strong></span> <span class='ocrx_word' id='word_1_110' title='bbox 523 1599 650 1652; x_wconf 61' lang='lat' dir='ltr'><strong>dixit</strong></span> <span class='ocrx_word' id='word_1_111' title='bbox 674 1614 693 1651; x_wconf 89' lang='lat'><strong><em>:</em></strong></span> <span class='ocrx_word' id='word_1_112' title='bbox 730 1597 872 1652; x_wconf 83' lang='lat' dir='ltr'><strong>Vade</strong></span> <span class='ocrx_word' id='word_1_113' title='bbox 894 1640 910 1664; x_wconf 90' lang='lat'><strong>,</strong></span> <span class='ocrx_word' id='word_1_114' title='bbox 943 1597 1183 1668; x_wconf 90' lang='lat' dir='ltr'><strong>quoniam</strong></span> <span class='ocrx_word' id='word_1_115' title='bbox 1207 1607 1254 1649; x_wconf 91' lang='lat' dir='ltr'><strong>te</strong></span> <span class='ocrx_word' id='word_1_116' title='bbox 1282 1596 1349 1648; x_wconf 87' lang='lat' dir='ltr'><strong>ad</strong></span> <span class='ocrx_word' id='word_1_117' title='bbox 1371 1605 1540 1665; x_wconf 89' lang='lat' dir='ltr'><strong>gentes</strong></span> <span class='ocrx_word' id='word_1_118' title='bbox 1563 1593 1742 1662; x_wconf 84' lang='lat' dir='ltr'><strong>procul</strong></span> <span class='ocrx_word' id='word_1_119' title='bbox 1767 1607 1949 1644; x_wconf 83' lang='lat' dir='ltr'><strong>aman-</strong></span> 
     </span>
    </p>
   </div>
   <div class='ocr_carea' id='block_1_14' title="bbox 351 1685 1948 1759">
    <p class='ocr_par' dir='ltr' id='par_1_14' title="bbox 351 1685 1948 1759">
     <span class='ocr_line' id='line_1_14' title="bbox 351 1685 1948 1759; baseline -0.003 -17"><span class='ocrx_word' id='word_1_120' title='bbox 351 1689 477 1742; x_wconf 89' lang='lat' dir='ltr'><strong>dabo</strong></span> <span class='ocrx_word' id='word_1_121' title='bbox 508 1691 526 1759; x_wconf 96' lang='lat'><strong>(</strong></span> <span class='ocrx_word' id='word_1_122' title='bbox 553 1691 669 1742; x_wconf 81' lang='lat' dir='ltr'><strong>Act.</strong></span> <span class='ocrx_word' id='word_1_123' title='bbox 698 1688 790 1743; x_wconf 84' lang='lat'><strong>22.</strong></span> <span class='ocrx_word' id='word_1_124' title='bbox 822 1689 884 1742; x_wconf 92' lang='lat'><strong>2|</strong></span> <span class='ocrx_word' id='word_1_125' title='bbox 917 1689 956 1757; x_wconf 93' lang='lat'><strong>).</strong></span> <span class='ocrx_word' id='word_1_126' title='bbox 991 1687 1462 1758; x_wconf 81' lang='lat' dir='ltr'><strong>Dispensationem</strong></span> <span class='ocrx_word' id='word_1_127' title='bbox 1488 1687 1565 1740; x_wconf 89' lang='lat' dir='ltr'><strong>sic</strong></span> <span class='ocrx_word' id='word_1_128' title='bbox 1595 1696 1740 1739; x_wconf 86' lang='lat' dir='ltr'><strong>recte</strong></span> <span class='ocrx_word' id='word_1_129' title='bbox 1769 1685 1905 1738; x_wconf 63' lang='lat' dir='ltr'><strong>dixit</strong></span> <span class='ocrx_word' id='word_1_130' title='bbox 1935 1699 1948 1737; x_wconf 89' lang='lat'>:</span> 
     </span>
    </p>
   </div>
   <div class='ocr_carea' id='block_1_15' title="bbox 353 1776 1952 1850">
    <p class='ocr_par' dir='ltr' id='par_1_15' title="bbox 353 1776 1952 1850">
     <span class='ocr_line' id='line_1_15' title="bbox 353 1776 1952 1850; baseline -0.003 -17"><span class='ocrx_word' id='word_1_131' title='bbox 353 1790 460 1833; x_wconf 85' lang='lat' dir='ltr'><strong>erat</strong></span> <span class='ocrx_word' id='word_1_132' title='bbox 485 1779 638 1834; x_wconf 85' lang='lat' dir='ltr'><strong>enim</strong></span> <span class='ocrx_word' id='word_1_133' title='bbox 669 1795 861 1850; x_wconf 85' lang='lat' dir='ltr'><strong>magna</strong></span> <span class='ocrx_word' id='word_1_134' title='bbox 895 1780 1250 1846; x_wconf 73' lang='lat' dir='ltr'><strong>dispensatio,</strong></span> <span class='ocrx_word' id='word_1_135' title='bbox 1285 1793 1405 1831; x_wconf 85' lang='lat' dir='ltr'><strong>cuni</strong></span> <span class='ocrx_word' id='word_1_136' title='bbox 1443 1778 1530 1846; x_wconf 86' lang='lat' dir='ltr'><strong>qui</strong></span> <span class='ocrx_word' id='word_1_137' title='bbox 1562 1776 1783 1830; x_wconf 87' lang='lat' dir='ltr'><strong>minime</strong></span> <span class='ocrx_word' id='word_1_138' title='bbox 1834 1790 1952 1829; x_wconf 83' lang='lat' dir='ltr'><strong>cre-</strong></span> 
     </span>
    </p>
   </div>
   <div class='ocr_carea' id='block_1_16' title="bbox 351 1869 1952 1942">
    <p class='ocr_par' dir='ltr' id='par_1_16' title="bbox 351 1869 1952 1942">
     <span class='ocr_line' id='line_1_16' title="bbox 351 1869 1952 1942; baseline -0.004 -15"><span class='ocrx_word' id='word_1_139' title='bbox 351 1875 504 1928; x_wconf 82' lang='lat' dir='ltr'><strong>debat</strong></span> <span class='ocrx_word' id='word_1_140' title='bbox 533 1890 562 1928; x_wconf 71' lang='grc' dir='ltr'><em>ει</em></span> <span class='ocrx_word' id='word_1_141' title='bbox 590 1875 805 1942; x_wconf 86' lang='lat' dir='ltr'><strong>superis</strong></span> <span class='ocrx_word' id='word_1_142' title='bbox 831 1888 1026 1927; x_wconf 87' lang='lat' dir='ltr'><strong>vocare</strong></span> <span class='ocrx_word' id='word_1_143' title='bbox 1053 1883 1107 1926; x_wconf 91' lang='lat' dir='ltr'><strong>et</strong></span> <span class='ocrx_word' id='word_1_144' title='bbox 1136 1871 1317 1926; x_wconf 83' lang='lat' dir='ltr'><strong>dicere</strong></span> <span class='ocrx_word' id='word_1_145' title='bbox 1350 1887 1362 1922; x_wconf 92' lang='lat'>:</span> <span class='ocrx_word' id='word_1_146' title='bbox 1400 1869 1579 1930; x_wconf 82' lang='lat' dir='ltr'><strong>Saule,</strong></span> <span class='ocrx_word' id='word_1_147' title='bbox 1615 1869 1796 1936; x_wconf 84' lang='lat' dir='ltr'><strong>Saule,</strong></span> <span class='ocrx_word' id='word_1_148' title='bbox 1829 1869 1952 1934; x_wconf 88' lang='lat' dir='ltr'><strong>quid</strong></span> 
     </span>
    </p>
   </div>
   <div class='ocr_carea' id='block_1_17' title="bbox 353 1963 1950 2037">
    <p class='ocr_par' dir='ltr' id='par_1_17' title="bbox 353 1963 1950 2037">
     <span class='ocr_line' id='line_1_17' title="bbox 353 1963 1950 2037; baseline -0.001 -19"><span class='ocrx_word' id='word_1_149' title='bbox 353 1984 428 2020; x_wconf 84' lang='lat' dir='ltr'><strong>me</strong></span> <span class='ocrx_word' id='word_1_150' title='bbox 454 1967 770 2037; x_wconf 87' lang='lat' dir='ltr'><strong>persequeris</strong></span> <span class='ocrx_word' id='word_1_151' title='bbox 793 1965 944 2037; x_wconf 82' lang='lat' dir='ltr'><strong>(Act.</strong></span> <span class='ocrx_word' id='word_1_152' title='bbox 981 1965 1036 2020; x_wconf 86' lang='lat'><strong>9.</strong></span> <span class='ocrx_word' id='word_1_153' title='bbox 1061 1966 1095 2019; x_wconf 82' lang='grc'><strong>4</strong></span> <span class='ocrx_word' id='word_1_154' title='bbox 1126 1965 1190 2034; x_wconf 91' lang='lat'><strong>)?</strong></span> <span class='ocrx_word' id='word_1_155' title='bbox 1222 1975 1276 2018; x_wconf 91' lang='lat' dir='ltr'><strong>et</strong></span> <span class='ocrx_word' id='word_1_156' title='bbox 1324 1979 1520 2017; x_wconf 88' lang='lat' dir='ltr'><strong>arcana</strong></span> <span class='ocrx_word' id='word_1_157' title='bbox 1553 1964 1638 2016; x_wconf 91' lang='lat' dir='ltr'><strong>illa</strong></span> <span class='ocrx_word' id='word_1_158' title='bbox 1665 1963 1782 2016; x_wconf 90' lang='lat' dir='ltr'><strong>luce</strong></span> <span class='ocrx_word' id='word_1_159' title='bbox 1826 1978 1950 2017; x_wconf 87' lang='lat' dir='ltr'><strong>eum</strong></span> 
     </span>
    </p>
   </div>
   <div class='ocr_carea' id='block_1_18' title="bbox 358 2055 1944 2124">
    <p class='ocr_par' dir='ltr' id='par_1_18' title="bbox 358 2055 1944 2124">
     <span class='ocr_line' id='line_1_18' title="bbox 358 2055 1944 2124; baseline -0.001 -15"><span class='ocrx_word' id='word_1_160' title='bbox 358 2074 643 2112; x_wconf 70' lang='lat' dir='ltr'><strong>txczecare.</strong></span> <span class='ocrx_word' id='word_1_161' title='bbox 679 2057 743 2113; x_wconf 88' lang='lat' dir='ltr'><strong>Si</strong></span> <span class='ocrx_word' id='word_1_162' title='bbox 774 2068 944 2111; x_wconf 89' lang='lat' dir='ltr'><strong>tamen</strong></span> <span class='ocrx_word' id='word_1_163' title='bbox 995 2057 1232 2110; x_wconf 87' lang='lat' dir='ltr'><strong>audiistis</strong></span> <span class='ocrx_word' id='word_1_164' title='bbox 1285 2055 1717 2124; x_wconf 79' lang='lat' dir='ltr'><strong>dispensationem</strong></span> <span class='ocrx_word' id='word_1_165' title='bbox 1764 2055 1944 2124; x_wconf 79' lang='lat' dir='ltr'><strong>gratia:</strong></span> 
     </span>
    </p>
   </div>
   <div class='ocr_carea' id='block_1_19' title="bbox 353 2147 1938 2217">
    <p class='ocr_par' dir='ltr' id='par_1_19' title="bbox 353 2147 1938 2217">
     <span class='ocr_line' id='line_1_19' title="bbox 353 2147 1938 2217; baseline -0.001 -16"><span class='ocrx_word' id='word_1_166' title='bbox 353 2148 461 2213; x_wconf 83' lang='lat' dir='ltr'><strong>Dei,</strong></span> <span class='ocrx_word' id='word_1_167' title='bbox 495 2164 612 2216; x_wconf 68' lang='lat' dir='ltr'><strong>quia</strong></span> <span class='ocrx_word' id='word_1_168' title='bbox 631 2150 758 2202; x_wconf 85' lang='lat' dir='ltr'><strong>data</strong></span> <span class='ocrx_word' id='word_1_169' title='bbox 784 2158 856 2203; x_wconf 88' lang='lat' dir='ltr'><strong>est</strong></span> <span class='ocrx_word' id='word_1_170' title='bbox 883 2150 1007 2202; x_wconf 87' lang='lat' dir='ltr'><strong>mihi</strong></span> <span class='ocrx_word' id='word_1_171' title='bbox 1036 2151 1088 2202; x_wconf 89' lang='lat' dir='ltr'><strong>in</strong></span> <span class='ocrx_word' id='word_1_172' title='bbox 1115 2150 1272 2213; x_wconf 78' lang='lat' dir='ltr'><strong>vobis,</strong></span> <span class='ocrx_word' id='word_1_173' title='bbox 1306 2149 1359 2202; x_wconf 82' lang='grc'><strong>⁸5.</strong></span> <span class='ocrx_word' id='word_1_174' title='bbox 1391 2147 1526 2217; x_wconf 86' lang='lat' dir='ltr'><strong>quod</strong></span> <span class='ocrx_word' id='word_1_175' title='bbox 1555 2147 1830 2201; x_wconf 82' lang='lat' dir='ltr'><strong>secundum</strong></span> <span class='ocrx_word' id='word_1_176' title='bbox 1856 2163 1938 2199; x_wconf 87' lang='lat' dir='ltr'><strong>re-</strong></span> 
     </span>
    </p>
   </div>
   <div class='ocr_carea' id='block_1_20' title="bbox 351 2241 1951 2311">
    <p class='ocr_par' dir='ltr' id='par_1_20' title="bbox 351 2241 1951 2311">
     <span class='ocr_line' id='line_1_20' title="bbox 351 2241 1951 2311; baseline -0.001 -18"><span class='ocrx_word' id='word_1_177' title='bbox 351 2243 650 2295; x_wconf 85' lang='lat' dir='ltr'><strong>relationem</strong></span> <span class='ocrx_word' id='word_1_178' title='bbox 695 2251 874 2295; x_wconf 89' lang='lat' dir='ltr'><strong>notum</strong></span> <span class='ocrx_word' id='word_1_179' title='bbox 900 2241 1026 2294; x_wconf 86' lang='lat' dir='ltr'><strong>mihi</strong></span> <span class='ocrx_word' id='word_1_180' title='bbox 1053 2245 1247 2311; x_wconf 83' lang='lat' dir='ltr'><strong>factum</strong></span> <span class='ocrx_word' id='word_1_181' title='bbox 1277 2249 1349 2293; x_wconf 87' lang='lat' dir='ltr'><strong>est</strong></span> <span class='ocrx_word' id='word_1_182' title='bbox 1396 2250 1792 2305; x_wconf 75' lang='lat' dir='ltr'><strong>sacramentum,</strong></span> <span class='ocrx_word' id='word_1_183' title='bbox 1823 2241 1951 2293; x_wconf 90' lang='lat' dir='ltr'><strong>sicut</strong></span> 
     </span>
    </p>
   </div>
   <div class='ocr_carea' id='block_1_21' title="bbox 350 2331 1952 2406">
    <p class='ocr_par' dir='ltr' id='par_1_21' title="bbox 350 2331 1952 2406">
     <span class='ocr_line' id='line_1_21' title="bbox 350 2331 1952 2406; baseline -0.004 -17"><span class='ocrx_word' id='word_1_184' title='bbox 350 2353 507 2406; x_wconf 83' lang='lat' dir='ltr'><strong>supra</strong></span> <span class='ocrx_word' id='word_1_185' title='bbox 537 2337 725 2406; x_wconf 78' lang='lat' dir='ltr'><strong>scripsi</strong></span> <span class='ocrx_word' id='word_1_186' title='bbox 753 2337 805 2389; x_wconf 90' lang='lat' dir='ltr'><strong>in</strong></span> <span class='ocrx_word' id='word_1_187' title='bbox 829 2335 985 2388; x_wconf 82' lang='lat' dir='ltr'><strong>brevi.</strong></span> <span class='ocrx_word' id='word_1_188' title='bbox 1017 2334 1272 2388; x_wconf 83' lang='lat' dir='ltr'><strong>Fortasse</strong></span> <span class='ocrx_word' id='word_1_189' title='bbox 1303 2349 1395 2402; x_wconf 89' lang='lat' dir='ltr'><strong>per</strong></span> <span class='ocrx_word' id='word_1_190' title='bbox 1441 2333 1650 2402; x_wconf 88' lang='lat' dir='ltr'><strong>aliquos</strong></span> <span class='ocrx_word' id='word_1_191' title='bbox 1679 2331 1952 2400; x_wconf 61' lang='lat' dir='ltr'><strong>signiﬁci-</strong></span> 
     </span>
    </p>
   </div>
   <div class='ocr_carea' id='block_1_22' title="bbox 347 2426 1952 2495">
    <p class='ocr_par' dir='ltr' id='par_1_22' title="bbox 347 2426 1952 2495">
     <span class='ocr_line' id='line_1_22' title="bbox 347 2426 1952 2495; baseline -0.002 -14"><span class='ocrx_word' id='word_1_192' title='bbox 347 2427 452 2490; x_wconf 62' lang='lat' dir='ltr'><strong>tit;</strong></span> <span class='ocrx_word' id='word_1_193' title='bbox 508 2437 602 2482; x_wconf 90' lang='lat' dir='ltr'><strong>aut</strong></span> <span class='ocrx_word' id='word_1_194' title='bbox 651 2443 758 2481; x_wconf 92' lang='lat' dir='ltr'><strong>non</strong></span> <span class='ocrx_word' id='word_1_195' title='bbox 812 2429 984 2482; x_wconf 89' lang='lat' dir='ltr'><strong>multo</strong></span> <span class='ocrx_word' id='word_1_196' title='bbox 1036 2435 1194 2481; x_wconf 86' lang='lat' dir='ltr'><strong>antea</strong></span> <span class='ocrx_word' id='word_1_197' title='bbox 1247 2427 1558 2495; x_wconf 88' lang='lat' dir='ltr'><strong>scripserat.</strong></span> <span class='ocrx_word' id='word_1_198' title='bbox 1588 2426 1686 2480; x_wconf 87' lang='lat' dir='ltr'><strong>Hic</strong></span> <span class='ocrx_word' id='word_1_199' title='bbox 1713 2426 1952 2480; x_wconf 82' lang='lat' dir='ltr'><strong>ostendit</strong></span> 
     </span>
    </p>
   </div>
   <div class='ocr_carea' id='block_1_23' title="bbox 341 2518 1948 2588">
    <p class='ocr_par' dir='ltr' id='par_1_23' title="bbox 341 2518 1948 2588">
     <span class='ocr_line' id='line_1_23' title="bbox 341 2518 1948 2588; baseline 0.001 -20"><span class='ocrx_word' id='word_1_200' title='bbox 341 2520 479 2588; x_wconf 88' lang='lat' dir='ltr'><strong>quod</strong></span> <span class='ocrx_word' id='word_1_201' title='bbox 539 2520 856 2575; x_wconf 86' lang='lat' dir='ltr'><strong>universum</strong></span> <span class='ocrx_word' id='word_1_202' title='bbox 878 2521 948 2574; x_wconf 89' lang='lat' dir='ltr'><strong>sit</strong></span> <span class='ocrx_word' id='word_1_203' title='bbox 971 2519 1250 2588; x_wconf 84' lang='lat' dir='ltr'><strong>Dei,qtt0d</strong></span> <span class='ocrx_word' id='word_1_204' title='bbox 1302 2518 1433 2571; x_wconf 85' lang='lat' dir='ltr'><strong>nihil</strong></span> <span class='ocrx_word' id='word_1_205' title='bbox 1473 2519 1769 2573; x_wconf 91' lang='lat' dir='ltr'><strong>attulimus.</strong></span> <span class='ocrx_word' id='word_1_206' title='bbox 1813 2518 1948 2584; x_wconf 86' lang='lat' dir='ltr'><strong>Quid</strong></span> 
     </span>
    </p>
   </div>
   <div class='ocr_carea' id='block_1_24' title="bbox 343 2611 1946 2682">
    <p class='ocr_par' dir='ltr' id='par_1_24' title="bbox 343 2611 1946 2682">
     <span class='ocr_line' id='line_1_24' title="bbox 343 2611 1946 2682; baseline -0.001 -17"><span class='ocrx_word' id='word_1_207' title='bbox 343 2613 515 2678; x_wconf 77' lang='lat' dir='ltr'><strong>enim,</strong></span> <span class='ocrx_word' id='word_1_208' title='bbox 543 2612 890 2682; x_wconf 72' lang='lat' dir='ltr'><strong>dic.qu:eso?</strong></span> <span class='ocrx_word' id='word_1_209' title='bbox 919 2629 1023 2667; x_wconf 86' lang='lat' dir='ltr'><strong>non</strong></span> <span class='ocrx_word' id='word_1_210' title='bbox 1055 2612 1170 2681; x_wconf 90' lang='lat' dir='ltr'><strong>ipse</strong></span> <span class='ocrx_word' id='word_1_211' title='bbox 1199 2627 1423 2681; x_wconf 88' lang='lat' dir='ltr'><strong>magnus</strong></span> <span class='ocrx_word' id='word_1_212' title='bbox 1442 2611 1531 2665; x_wconf 89' lang='lat' dir='ltr'><strong>ille</strong></span> <span class='ocrx_word' id='word_1_213' title='bbox 1557 2611 1752 2666; x_wconf 80' lang='lat' dir='ltr'><strong>Paulus</strong></span> <span class='ocrx_word' id='word_1_214' title='bbox 1779 2622 1828 2665; x_wconf 90' lang='lat' dir='ltr'><strong>ct</strong></span> <span class='ocrx_word' id='word_1_215' title='bbox 1851 2611 1946 2664; x_wconf 92' lang='lat' dir='ltr'><strong>ad-</strong></span> 
     </span>
    </p>
   </div>
   <div class='ocr_carea' id='block_1_25' title="bbox 341 2702 1950 2774">
    <p class='ocr_par' dir='ltr' id='par_1_25' title="bbox 341 2702 1950 2774">
     <span class='ocr_line' id='line_1_25' title="bbox 341 2702 1950 2774; baseline 0 -18"><span class='ocrx_word' id='word_1_216' title='bbox 341 2705 650 2768; x_wconf 85' lang='lat' dir='ltr'><strong>mirandus,</strong></span> <span class='ocrx_word' id='word_1_217' title='bbox 681 2705 774 2774; x_wconf 90' lang='lat' dir='ltr'><strong>qui</strong></span> <span class='ocrx_word' id='word_1_218' title='bbox 801 2706 975 2774; x_wconf 83' lang='lat' dir='ltr'><strong>legem</strong></span> <span class='ocrx_word' id='word_1_219' title='bbox 1003 2703 1210 2764; x_wconf 88' lang='lat' dir='ltr'><strong>didicit,</strong></span> <span class='ocrx_word' id='word_1_220' title='bbox 1242 2704 1330 2771; x_wconf 91' lang='lat' dir='ltr'><strong>qui</strong></span> <span class='ocrx_word' id='word_1_221' title='bbox 1365 2702 1429 2755; x_wconf 90' lang='lat' dir='ltr'><strong>ad</strong></span> <span class='ocrx_word' id='word_1_222' title='bbox 1455 2703 1618 2771; x_wconf 82' lang='lat' dir='ltr'><strong>pedes</strong></span> <span class='ocrx_word' id='word_1_223' title='bbox 1641 2702 1950 2757; x_wconf 87' lang='lat' dir='ltr'><strong>Gamalielis</strong></span> 
     </span>
    </p>
   </div>
   <div class='ocr_carea' id='block_1_26' title="bbox 339 2797 1953 2868">
    <p class='ocr_par' dir='ltr' id='par_1_26' title="bbox 339 2797 1953 2868">
     <span class='ocr_line' id='line_1_26' title="bbox 339 2797 1953 2868; baseline 0.001 -18"><span class='ocrx_word' id='word_1_224' title='bbox 339 2808 538 2854; x_wconf 75' lang='lat' dir='ltr'><strong>exacte</strong></span> <span class='ocrx_word' id='word_1_225' title='bbox 568 2797 946 2862; x_wconf 81' lang='lat' dir='ltr'><strong>fuiteruditus,</strong></span> <span class='ocrx_word' id='word_1_226' title='bbox 975 2800 1142 2868; x_wconf 76' lang='lat' dir='ltr'><strong>gratia</strong></span> <span class='ocrx_word' id='word_1_227' title='bbox 1176 2798 1274 2851; x_wconf 80' lang='lat' dir='ltr'><strong>fuit</strong></span> <span class='ocrx_word' id='word_1_228' title='bbox 1301 2797 1522 2851; x_wconf 83' lang='lat' dir='ltr'><strong>salvus?</strong></span> <span class='ocrx_word' id='word_1_229' title='bbox 1550 2798 1663 2851; x_wconf 90' lang='lat' dir='ltr'><strong>Hoc</strong></span> <span class='ocrx_word' id='word_1_230' title='bbox 1689 2797 1811 2866; x_wconf 89' lang='lat' dir='ltr'><strong>jure</strong></span> <span class='ocrx_word' id='word_1_231' title='bbox 1836 2813 1953 2868; x_wconf 82' lang='lat' dir='ltr'><strong>my-</strong></span> 
     </span>
    </p>
   </div>
   <div class='ocr_carea' id='block_1_27' title="bbox 339 2891 1952 2960">
    <p class='ocr_par' dir='ltr' id='par_1_27' title="bbox 339 2891 1952 2960">
     <span class='ocr_line' id='line_1_27' title="bbox 339 2891 1952 2960; baseline -0.001 -17"><span class='ocrx_word' id='word_1_232' title='bbox 339 2891 573 2944; x_wconf 82' lang='lat' dir='ltr'><strong>sterium</strong></span> <span class='ocrx_word' id='word_1_233' title='bbox 597 2899 791 2945; x_wconf 77' lang='lat' dir='ltr'><strong>vocat:</strong></span> <span class='ocrx_word' id='word_1_234' title='bbox 825 2891 918 2943; x_wconf 89' lang='lat' dir='ltr'><strong>Est</strong></span> <span class='ocrx_word' id='word_1_235' title='bbox 945 2891 1086 2944; x_wconf 88' lang='lat' dir='ltr'><strong>enim</strong></span> <span class='ocrx_word' id='word_1_236' title='bbox 1109 2891 1446 2960; x_wconf 83' lang='lat' dir='ltr'><strong>mysterium,</strong></span> <span class='ocrx_word' id='word_1_237' title='bbox 1470 2891 1608 2959; x_wconf 89' lang='lat' dir='ltr'><strong>quod</strong></span> <span class='ocrx_word' id='word_1_238' title='bbox 1637 2901 1824 2960; x_wconf 82' lang='lat' dir='ltr'><strong>gentes</strong></span> <span class='ocrx_word' id='word_1_239' title='bbox 1851 2902 1952 2943; x_wconf 85' lang='lat' dir='ltr'><strong>sta-</strong></span> 
     </span>
    </p>
   </div>
   <div class='ocr_carea' id='block_1_28' title="bbox 340 2981 1948 3052">
    <p class='ocr_par' dir='ltr' id='par_1_28' title="bbox 340 2981 1948 3052">
     <span class='ocr_line' id='line_1_28' title="bbox 340 2981 1948 3052; baseline 0.001 -18"><span class='ocrx_word' id='word_1_240' title='bbox 340 2984 432 3034; x_wconf 86' lang='lat' dir='ltr'><strong>tim</strong></span> <span class='ocrx_word' id='word_1_241' title='bbox 458 2981 536 3035; x_wconf 81' lang='lat' dir='ltr'><strong>nd</strong></span> <span class='ocrx_word' id='word_1_242' title='bbox 556 2982 817 3049; x_wconf 85' lang='lat' dir='ltr'><strong>majorem</strong></span> <span class='ocrx_word' id='word_1_243' title='bbox 847 2982 1133 3036; x_wconf 82' lang='lat' dir='ltr'><strong>deduxerit</strong></span> <span class='ocrx_word' id='word_1_244' title='bbox 1151 2984 1504 3047; x_wconf 80' lang='lat' dir='ltr'><strong>nobilitatem,</strong></span> <span class='ocrx_word' id='word_1_245' title='bbox 1534 2999 1691 3052; x_wconf 87' lang='lat' dir='ltr'><strong>quam</strong></span> <span class='ocrx_word' id='word_1_246' title='bbox 1712 2983 1948 3036; x_wconf 67' lang='lat' dir='ltr'><strong>.inda&#39;os.</strong></span> 
     </span>
    </p>
   </div>
   <div class='ocr_carea' id='block_1_29' title="bbox 340 3073 1947 3143">
    <p class='ocr_par' dir='ltr' id='par_1_29' title="bbox 340 3073 1947 3143">
     <span class='ocr_line' id='line_1_29' title="bbox 340 3073 1947 3143; baseline -0.001 -17"><span class='ocrx_word' id='word_1_247' title='bbox 340 3074 492 3126; x_wconf 83' lang='lat' dir='ltr'><strong>Sicut</strong></span> <span class='ocrx_word' id='word_1_248' title='bbox 520 3090 704 3143; x_wconf 84' lang='lat' dir='ltr'><strong>supra,</strong></span> <span class='ocrx_word' id='word_1_249' title='bbox 737 3073 930 3143; x_wconf 89' lang='lat' dir='ltr'><strong>inquit,</strong></span> <span class='ocrx_word' id='word_1_250' title='bbox 960 3075 1143 3143; x_wconf 85' lang='lat' dir='ltr'><strong>scripsi</strong></span> <span class='ocrx_word' id='word_1_251' title='bbox 1173 3077 1224 3127; x_wconf 89' lang='lat' dir='ltr'><strong>in</strong></span> <span class='ocrx_word' id='word_1_252' title='bbox 1254 3074 1410 3139; x_wconf 82' lang='lat' dir='ltr'><strong>brevi,</strong></span> <span class='ocrx_word' id='word_1_253' title='bbox 1443 3075 1492 3128; x_wconf 91' lang='lat' dir='ltr'><strong>id</strong></span> <span class='ocrx_word' id='word_1_254' title='bbox 1520 3085 1622 3139; x_wconf 68' lang='lat' dir='ltr'><strong>est,</strong></span> <span class='ocrx_word' id='word_1_255' title='bbox 1659 3077 1859 3143; x_wconf 81' lang='lat' dir='ltr'><strong>paucis.</strong></span> <span class='ocrx_word' id='word_1_256' title='bbox 1895 3077 1947 3129; x_wconf 72' lang='grc'><strong>4.</strong></span> 
     </span>
    </p>
   </div>
   <div class='ocr_carea' id='block_1_30' title="bbox 342 3164 1948 3235">
    <p class='ocr_par' dir='ltr' id='par_1_30' title="bbox 342 3164 1948 3235">
     <span class='ocr_line' id='line_1_30' title="bbox 342 3164 1948 3235; baseline 0.004 -22"><span class='ocrx_word' id='word_1_257' title='bbox 342 3164 510 3216; x_wconf 82' lang='lat' dir='ltr'><strong>l’rout</strong></span> <span class='ocrx_word' id='word_1_258' title='bbox 563 3166 770 3232; x_wconf 81' lang='lat' dir='ltr'><strong>potestis</strong></span> <span class='ocrx_word' id='word_1_259' title='bbox 815 3165 1038 3235; x_wconf 88' lang='lat' dir='ltr'><strong>legentes</strong></span> <span class='ocrx_word' id='word_1_260' title='bbox 1080 3166 1380 3235; x_wconf 77' lang='lat' dir='ltr'><strong>intelligere.</strong></span> <span class='ocrx_word' id='word_1_261' title='bbox 1409 3167 1564 3235; x_wconf 74' lang='lat' dir='ltr'><strong>Papa:</strong></span> <span class='ocrx_word' id='word_1_262' title='bbox 1597 3168 1609 3220; x_wconf 87' lang='lat'><strong>!</strong></span> <span class='ocrx_word' id='word_1_263' title='bbox 1641 3184 1745 3220; x_wconf 86' lang='lat' dir='ltr'><strong>non</strong></span> <span class='ocrx_word' id='word_1_264' title='bbox 1781 3177 1948 3220; x_wconf 74' lang='lat' dir='ltr'><strong>totnzu</strong></span> 
     </span>
    </p>
   </div>
   <div class='ocr_carea' id='block_1_31' title="bbox 338 3259 1950 3328">
    <p class='ocr_par' dir='ltr' id='par_1_31' title="bbox 338 3259 1950 3328">
     <span class='ocr_line' id='line_1_31' title="bbox 338 3259 1950 3328; baseline 0 -16"><span class='ocrx_word' id='word_1_265' title='bbox 338 3259 646 3319; x_wconf 71' lang='lat' dir='ltr'><strong>scribebat,</strong></span> <span class='ocrx_word' id='word_1_266' title='bbox 679 3273 856 3324; x_wconf 88' lang='lat' dir='ltr'><strong>neque</strong></span> <span class='ocrx_word' id='word_1_267' title='bbox 908 3268 1168 3328; x_wconf 86' lang='lat' dir='ltr'><strong>quantum</strong></span> <span class='ocrx_word' id='word_1_268' title='bbox 1203 3259 1444 3314; x_wconf 75' lang='lat' dir='ltr'><strong>scribere</strong></span> <span class='ocrx_word' id='word_1_269' title='bbox 1497 3260 1800 3326; x_wconf 83' lang='lat' dir='ltr'><strong>Oportebat.</strong></span> <span class='ocrx_word' id='word_1_270' title='bbox 1845 3259 1950 3314; x_wconf 85' lang='lat' dir='ltr'><strong>Sed</strong></span> 
     </span>
    </p>
   </div>
   <div class='ocr_carea' id='block_1_32' title="bbox 341 3349 1948 3418">
    <p class='ocr_par' dir='ltr' id='par_1_32' title="bbox 341 3349 1948 3418">
     <span class='ocr_line' id='line_1_32' title="bbox 341 3349 1948 3418; baseline 0.003 -17"><span class='ocrx_word' id='word_1_271' title='bbox 341 3349 427 3403; x_wconf 86' lang='lat' dir='ltr'><strong>hic</strong></span> <span class='ocrx_word' id='word_1_272' title='bbox 454 3350 683 3418; x_wconf 84' lang='lat' dir='ltr'><strong>quidem</strong></span> <span class='ocrx_word' id='word_1_273' title='bbox 720 3350 822 3404; x_wconf 89' lang='lat' dir='ltr'><strong>hoc</strong></span> <span class='ocrx_word' id='word_1_274' title='bbox 846 3350 1078 3405; x_wconf 80' lang='lat' dir='ltr'><strong>faciebat</strong></span> <span class='ocrx_word' id='word_1_275' title='bbox 1117 3353 1195 3406; x_wconf 88' lang='lat' dir='ltr'><strong>rei</strong></span> <span class='ocrx_word' id='word_1_276' title='bbox 1226 3361 1436 3416; x_wconf 87' lang='lat' dir='ltr'><strong>natura,</strong></span> <span class='ocrx_word' id='word_1_277' title='bbox 1494 3352 1619 3405; x_wconf 83' lang='lat' dir='ltr'><strong>alibi</strong></span> <span class='ocrx_word' id='word_1_278' title='bbox 1649 3363 1828 3406; x_wconf 85' lang='lat' dir='ltr'><strong>autem</strong></span> <span class='ocrx_word' id='word_1_279' title='bbox 1875 3353 1948 3406; x_wconf 92' lang='lat' dir='ltr'><strong>vi-</strong></span> 
     </span>
    </p>
   </div>
   <div class='ocr_carea' id='block_1_33' title="bbox 341 3441 1949 3510">
    <p class='ocr_par' dir='ltr' id='par_1_33' title="bbox 341 3441 1949 3510">
     <span class='ocr_line' id='line_1_33' title="bbox 341 3441 1949 3510; baseline 0.002 -18"><span class='ocrx_word' id='word_1_280' title='bbox 341 3442 502 3503; x_wconf 91' lang='lat' dir='ltr'><strong>tium,</strong></span> <span class='ocrx_word' id='word_1_281' title='bbox 538 3441 841 3509; x_wconf 86' lang='lat' dir='ltr'><strong>sicntapnd</strong></span> <span class='ocrx_word' id='word_1_282' title='bbox 898 3441 1174 3504; x_wconf 65' lang='lat' dir='ltr'><strong>Hebraeos,</strong></span> <span class='ocrx_word' id='word_1_283' title='bbox 1232 3443 1368 3496; x_wconf 82' lang='lat' dir='ltr'><strong>sicut</strong></span> <span class='ocrx_word' id='word_1_284' title='bbox 1423 3443 1562 3510; x_wconf 89' lang='lat' dir='ltr'><strong>apud</strong></span> <span class='ocrx_word' id='word_1_285' title='bbox 1617 3442 1949 3496; x_wconf 87' lang='lat' dir='ltr'><strong>Corinthios.</strong></span> 
     </span>
    </p>
   </div>
   <div class='ocr_carea' id='block_1_34' title="bbox 345 3536 1952 3606">
    <p class='ocr_par' dir='ltr' id='par_1_34' title="bbox 345 3536 1952 3606">
     <span class='ocr_line' id='line_1_34' title="bbox 345 3536 1952 3606; baseline 0.002 -18"><span class='ocrx_word' id='word_1_286' title='bbox 345 3537 511 3588; x_wconf 83' lang='lat' dir='ltr'><strong>Prout</strong></span> <span class='ocrx_word' id='word_1_287' title='bbox 543 3536 754 3604; x_wconf 77' lang='lat' dir='ltr'><strong>potestis</strong></span> <span class='ocrx_word' id='word_1_288' title='bbox 781 3538 1000 3603; x_wconf 66' lang='lat' dir='ltr'><strong>legentes</strong></span> <span class='ocrx_word' id='word_1_289' title='bbox 1026 3536 1310 3606; x_wconf 82' lang='lat' dir='ltr'><strong>intelligere</strong></span> <span class='ocrx_word' id='word_1_290' title='bbox 1337 3538 1660 3606; x_wconf 86' lang='lat' dir='ltr'><strong>prudentiam</strong></span> <span class='ocrx_word' id='word_1_291' title='bbox 1710 3555 1870 3590; x_wconf 89' lang='lat' dir='ltr'><strong>meam</strong></span> <span class='ocrx_word' id='word_1_292' title='bbox 1898 3539 1952 3592; x_wconf 90' lang='lat' dir='ltr'><strong>in</strong></span> 
     </span>
    </p>
   </div>
   <div class='ocr_carea' id='block_1_35' title="bbox 339 3626 1952 3700">
    <p class='ocr_par' dir='ltr' id='par_1_35' title="bbox 339 3626 1952 3700">
     <span class='ocr_line' id='line_1_35' title="bbox 339 3626 1952 3700; baseline 0.004 -22"><span class='ocrx_word' id='word_1_293' title='bbox 339 3628 595 3696; x_wconf 80' lang='lat' dir='ltr'><strong>mysterio</strong></span> <span class='ocrx_word' id='word_1_294' title='bbox 624 3626 836 3681; x_wconf 77' lang='lat' dir='ltr'><strong>Christi.</strong></span> <span class='ocrx_word' id='word_1_295' title='bbox 867 3627 919 3680; x_wconf 87' lang='lat' dir='ltr'><strong>Id</strong></span> <span class='ocrx_word' id='word_1_296' title='bbox 945 3639 1050 3691; x_wconf 82' lang='lat' dir='ltr'><strong>est,</strong></span> <span class='ocrx_word' id='word_1_297' title='bbox 1076 3629 1348 3697; x_wconf 88' lang='lat' dir='ltr'><strong>quomodo</strong></span> <span class='ocrx_word' id='word_1_298' title='bbox 1387 3630 1609 3699; x_wconf 63' lang='lat' dir='ltr'><strong>concepi</strong></span> <span class='ocrx_word' id='word_1_299' title='bbox 1633 3673 1646 3694; x_wconf 94' lang='lat'><strong>,</strong></span> <span class='ocrx_word' id='word_1_300' title='bbox 1681 3631 1952 3700; x_wconf 88' lang='lat' dir='ltr'><strong>quomodo</strong></span> 
     </span>
    </p>
   </div>
   <div class='ocr_carea' id='block_1_36' title="bbox 338 3719 1946 3794">
    <p class='ocr_par' dir='ltr' id='par_1_36' title="bbox 338 3719 1946 3794">
     <span class='ocr_line' id='line_1_36' title="bbox 338 3719 1946 3794; baseline 0.004 -22"><span class='ocrx_word' id='word_1_301' title='bbox 338 3719 589 3773; x_wconf 72' lang='lat' dir='ltr'><strong>intellexi</strong></span> <span class='ocrx_word' id='word_1_302' title='bbox 617 3761 632 3783; x_wconf 91' lang='lat'><strong>,</strong></span> <span class='ocrx_word' id='word_1_303' title='bbox 663 3729 756 3772; x_wconf 87' lang='lat' dir='ltr'><strong>aut</strong></span> <span class='ocrx_word' id='word_1_304' title='bbox 803 3719 1110 3788; x_wconf 89' lang='lat' dir='ltr'><strong>hnjusmodi</strong></span> <span class='ocrx_word' id='word_1_305' title='bbox 1156 3737 1276 3790; x_wconf 66' lang='lat' dir='ltr'><strong>qum</strong></span> <span class='ocrx_word' id='word_1_306' title='bbox 1307 3721 1448 3776; x_wconf 77' lang='lat' dir='ltr'><strong>dixit</strong></span> <span class='ocrx_word' id='word_1_307' title='bbox 1498 3724 1657 3790; x_wconf 85' lang='lat' dir='ltr'><strong>Deus,</strong></span> <span class='ocrx_word' id='word_1_308' title='bbox 1686 3733 1777 3777; x_wconf 88' lang='lat' dir='ltr'><strong>aut</strong></span> <span class='ocrx_word' id='word_1_309' title='bbox 1805 3725 1946 3794; x_wconf 85' lang='lat' dir='ltr'><strong>quod</strong></span> 
     </span>
    </p>
   </div>
   <div class='ocr_carea' id='block_1_37' title="bbox 339 3811 1948 3886">
    <p class='ocr_par' dir='ltr' id='par_1_37' title="bbox 339 3811 1948 3886">
     <span class='ocr_line' id='line_1_37' title="bbox 339 3811 1948 3886; baseline 0.003 -21"><span class='ocrx_word' id='word_1_310' title='bbox 339 3811 855 3866; x_wconf 79' lang='lat' dir='ltr'><strong>sedeatadexlris.</strong></span> <span class='ocrx_word' id='word_1_311' title='bbox 914 3812 1117 3867; x_wconf 81' lang='lat' dir='ltr'><strong>Deinde</strong></span> <span class='ocrx_word' id='word_1_312' title='bbox 1171 3815 1334 3867; x_wconf 89' lang='lat' dir='ltr'><strong>etiam</strong></span> <span class='ocrx_word' id='word_1_313' title='bbox 1393 3814 1750 3882; x_wconf 76' lang='lat' dir='ltr'><strong>dignitatem,</strong></span> <span class='ocrx_word' id='word_1_314' title='bbox 1807 3818 1948 3886; x_wconf 89' lang='lat' dir='ltr'><strong>quod</strong></span> 
     </span>
    </p>
   </div>
   <div class='ocr_carea' id='block_1_38' title="bbox 341 3905 1953 3979">
    <p class='ocr_par' dir='ltr' id='par_1_38' title="bbox 341 3905 1953 3979">
     <span class='ocr_line' id='line_1_38' title="bbox 341 3905 1953 3979; baseline 0.003 -20"><span class='ocrx_word' id='word_1_315' title='bbox 341 3906 468 3960; x_wconf 81' lang='lat' dir='ltr'><strong>Non</strong></span> <span class='ocrx_word' id='word_1_316' title='bbox 501 3907 578 3960; x_wconf 85' lang='lat' dir='ltr'><strong>sic</strong></span> <span class='ocrx_word' id='word_1_317' title='bbox 607 3907 727 3976; x_wconf 79' lang='lat' dir='ltr'><strong>fecit</strong></span> <span class='ocrx_word' id='word_1_318' title='bbox 771 3905 912 3958; x_wconf 81' lang='lat' dir='ltr'><strong>Deus</strong></span> <span class='ocrx_word' id='word_1_319' title='bbox 955 3906 1094 3959; x_wconf 88' lang='lat' dir='ltr'><strong>omni</strong></span> <span class='ocrx_word' id='word_1_320' title='bbox 1133 3906 1288 3976; x_wconf 83' lang='lat' dir='ltr'><strong>genti.</strong></span> <span class='ocrx_word' id='word_1_321' title='bbox 1338 3907 1404 3960; x_wconf 88' lang='lat' dir='ltr'><strong>Et</strong></span> <span class='ocrx_word' id='word_1_322' title='bbox 1433 3923 1678 3976; x_wconf 67' lang='lat' dir='ltr'><strong>quantum</strong></span> <span class='ocrx_word' id='word_1_323' title='bbox 1722 3909 1790 3962; x_wconf 86' lang='lat' dir='ltr'><strong>sit</strong></span> <span class='ocrx_word' id='word_1_324' title='bbox 1819 3916 1953 3979; x_wconf 68' lang='lat' dir='ltr'><strong>gens</strong></span> 
     </span>
    </p>
   </div>
   <div class='ocr_carea' id='block_1_39' title="bbox 338 3997 1954 4067">
    <p class='ocr_par' dir='ltr' id='par_1_39' title="bbox 338 3997 1954 4067">
     <span class='ocr_line' id='line_1_39' title="bbox 338 3997 1954 4067; baseline 0.002 -14"><span class='ocrx_word' id='word_1_325' title='bbox 338 3999 424 4053; x_wconf 80' lang='lat' dir='ltr'><strong>cui</strong></span> <span class='ocrx_word' id='word_1_326' title='bbox 447 3998 535 4052; x_wconf 89' lang='lat' dir='ltr'><strong>sic</strong></span> <span class='ocrx_word' id='word_1_327' title='bbox 561 3997 691 4051; x_wconf 72' lang='lat' dir='ltr'><strong>fecit</strong></span> <span class='ocrx_word' id='word_1_328' title='bbox 725 3998 867 4051; x_wconf 86' lang='lat' dir='ltr'><strong>Deus</strong></span> <span class='ocrx_word' id='word_1_329' title='bbox 888 3998 1194 4062; x_wconf 85' lang='lat' dir='ltr'><strong>declarans,</strong></span> <span class='ocrx_word' id='word_1_330' title='bbox 1221 3997 1496 4067; x_wconf 84' lang='lat' dir='ltr'><strong>subjungit</strong></span> <span class='ocrx_word' id='word_1_331' title='bbox 1528 4016 1542 4052; x_wconf 89' lang='lat'><strong>:</strong></span> <span class='ocrx_word' id='word_1_332' title='bbox 1575 4001 1626 4053; x_wconf 83' lang='lat'><strong>5.</strong></span> <span class='ocrx_word' id='word_1_333' title='bbox 1664 4000 1816 4066; x_wconf 84' lang='lat' dir='ltr'><strong>Quod</strong></span> <span class='ocrx_word' id='word_1_334' title='bbox 1836 4000 1954 4056; x_wconf 85' lang='lat' dir='ltr'><strong>aliis</strong></span> 
     </span>
    </p>
   </div>
   <div class='ocr_carea' id='block_1_40' title="bbox 337 4090 1948 4162">
    <p class='ocr_par' dir='ltr' id='par_1_40' title="bbox 337 4090 1948 4162">
     <span class='ocr_line' id='line_1_40' title="bbox 337 4090 1948 4162; baseline 0.001 -20"><span class='ocrx_word' id='word_1_335' title='bbox 337 4090 780 4159; x_wconf 81' lang='lat' dir='ltr'><strong>generationibus,</strong></span> <span class='ocrx_word' id='word_1_336' title='bbox 809 4090 998 4158; x_wconf 87' lang='lat' dir='ltr'><strong>inquit,</strong></span> <span class='ocrx_word' id='word_1_337' title='bbox 1022 4106 1120 4142; x_wconf 88' lang='lat' dir='ltr'><strong>non</strong></span> <span class='ocrx_word' id='word_1_338' title='bbox 1141 4099 1214 4142; x_wconf 88' lang='lat' dir='ltr'><strong>est</strong></span> <span class='ocrx_word' id='word_1_339' title='bbox 1235 4091 1465 4160; x_wconf 88' lang='lat' dir='ltr'><strong>agnitum</strong></span> <span class='ocrx_word' id='word_1_340' title='bbox 1493 4093 1616 4158; x_wconf 80' lang='lat' dir='ltr'><strong>filiis</strong></span> <span class='ocrx_word' id='word_1_341' title='bbox 1640 4094 1902 4145; x_wconf 79' lang='lat' dir='ltr'><strong>hominum</strong></span> <span class='ocrx_word' id='word_1_342' title='bbox 1933 4136 1948 4162; x_wconf 83' lang='grc'><strong>,</strong></span> 
     </span>
    </p>
   </div>
   <div class='ocr_carea' id='block_1_41' title="bbox 339 4181 1953 4256">
    <p class='ocr_par' dir='ltr' id='par_1_41' title="bbox 339 4181 1953 4256">
     <span class='ocr_line' id='line_1_41' title="bbox 339 4181 1953 4256; baseline 0.002 -20"><span class='ocrx_word' id='word_1_343' title='bbox 339 4183 497 4237; x_wconf 81' lang='lat' dir='ltr'><strong>sicuti</strong></span> <span class='ocrx_word' id='word_1_344' title='bbox 529 4199 666 4235; x_wconf 81' lang='lat' dir='ltr'><strong>nunc</strong></span> <span class='ocrx_word' id='word_1_345' title='bbox 686 4181 965 4235; x_wconf 81' lang='lat' dir='ltr'><strong>revelatum</strong></span> <span class='ocrx_word' id='word_1_346' title='bbox 1006 4193 1078 4236; x_wconf 88' lang='lat' dir='ltr'><strong>est</strong></span> <span class='ocrx_word' id='word_1_347' title='bbox 1107 4184 1296 4236; x_wconf 86' lang='lat' dir='ltr'><strong>sanctis</strong></span> <span class='ocrx_word' id='word_1_348' title='bbox 1345 4187 1592 4254; x_wconf 86' lang='lat' dir='ltr'><strong>apostolis</strong></span> <span class='ocrx_word' id='word_1_349' title='bbox 1617 4188 1726 4254; x_wconf 85' lang='lat' dir='ltr'><strong>ejus</strong></span> <span class='ocrx_word' id='word_1_350' title='bbox 1758 4198 1801 4240; x_wconf 89' lang='lat' dir='ltr'><strong>et</strong></span> <span class='ocrx_word' id='word_1_351' title='bbox 1835 4204 1953 4256; x_wconf 89' lang='lat' dir='ltr'><strong>pro-</strong></span> 
     </span>
    </p>
   </div>
   <div class='ocr_carea' id='block_1_42' title="bbox 339 4273 1954 4344">
    <p class='ocr_par' dir='ltr' id='par_1_42' title="bbox 339 4273 1954 4344">
     <span class='ocr_line' id='line_1_42' title="bbox 339 4273 1954 4344; baseline 0.006 -18"><span class='ocrx_word' id='word_1_352' title='bbox 339 4275 513 4343; x_wconf 87' lang='lat' dir='ltr'><strong>phetis</strong></span> <span class='ocrx_word' id='word_1_353' title='bbox 537 4276 590 4326; x_wconf 88' lang='lat' dir='ltr'><strong>in</strong></span> <span class='ocrx_word' id='word_1_354' title='bbox 624 4275 846 4343; x_wconf 88' lang='lat' dir='ltr'><strong>Spiritu.</strong></span> <span class='ocrx_word' id='word_1_355' title='bbox 871 4273 1008 4341; x_wconf 84' lang='lat' dir='ltr'><strong>Quid</strong></span> <span class='ocrx_word' id='word_1_356' title='bbox 1055 4290 1214 4344; x_wconf 86' lang='lat' dir='ltr'><strong>ergo,</strong></span> <span class='ocrx_word' id='word_1_357' title='bbox 1261 4275 1348 4330; x_wconf 86' lang='lat' dir='ltr'><strong>dic</strong></span> <span class='ocrx_word' id='word_1_358' title='bbox 1393 4277 1542 4342; x_wconf 88' lang='lat' dir='ltr'><strong>mihi,</strong></span> <span class='ocrx_word' id='word_1_359' title='bbox 1605 4294 1708 4332; x_wconf 89' lang='lat' dir='ltr'><strong>non</strong></span> <span class='ocrx_word' id='word_1_360' title='bbox 1763 4292 1954 4336; x_wconf 83' lang='lat' dir='ltr'><strong>norant</strong></span> 
     </span>
    </p>
   </div>
   <div class='ocr_carea' id='block_1_43' title="bbox 341 4348 1956 4442">
    <p class='ocr_par' dir='ltr' id='par_1_43' title="bbox 341 4348 1956 4442">
     <span class='ocr_line' id='line_1_43' title="bbox 341 4348 1956 4442; baseline 0.006 -24"><span class='ocrx_word' id='word_1_361' title='bbox 341 4365 669 4436; x_wconf 70' lang='lat' dir='ltr'><strong>pr0phctai?</strong></span> <span class='ocrx_word' id='word_1_362' title='bbox 698 4348 1141 4435; x_wconf 71' lang='lat' dir='ltr'><strong>Quomodoergo</strong></span> <span class='ocrx_word' id='word_1_363' title='bbox 1186 4367 1319 4422; x_wconf 88' lang='lat' dir='ltr'><strong>dicit</strong></span> <span class='ocrx_word' id='word_1_364' title='bbox 1344 4367 1590 4423; x_wconf 78' lang='lat' dir='ltr'><strong>Christus</strong></span> <span class='ocrx_word' id='word_1_365' title='bbox 1613 4412 1627 4436; x_wconf 96' lang='lat'><strong>,</strong></span> <span class='ocrx_word' id='word_1_366' title='bbox 1659 4371 1869 4442; x_wconf 82' lang='lat' dir='ltr'><strong>Moyses</strong></span> <span class='ocrx_word' id='word_1_367' title='bbox 1901 4382 1956 4428; x_wconf 88' lang='lat' dir='ltr'><strong>ct</strong></span> 
     </span>
    </p>
   </div>
   <div class='ocr_carea' id='block_1_44' title="bbox 342 4460 1953 4532">
    <p class='ocr_par' dir='ltr' id='par_1_44' title="bbox 342 4460 1953 4532">
     <span class='ocr_line' id='line_1_44' title="bbox 342 4460 1953 4532; baseline 0.007 -21"><span class='ocrx_word' id='word_1_368' title='bbox 342 4462 631 4532; x_wconf 66' lang='lat' dir='ltr'><strong>prophetae</strong></span> <span class='ocrx_word' id='word_1_369' title='bbox 662 4460 780 4514; x_wconf 77' lang='lat' dir='ltr'><strong>Inec</strong></span> <span class='ocrx_word' id='word_1_370' title='bbox 804 4460 874 4515; x_wconf 91' lang='lat' dir='ltr'><strong>de</strong></span> <span class='ocrx_word' id='word_1_371' title='bbox 886 4477 972 4515; x_wconf 92' lang='lat' dir='ltr'><strong>me</strong></span> <span class='ocrx_word' id='word_1_372' title='bbox 995 4462 1364 4530; x_wconf 86' lang='lat' dir='ltr'><strong>scripserunt?</strong></span> <span class='ocrx_word' id='word_1_373' title='bbox 1386 4473 1439 4517; x_wconf 89' lang='lat' dir='ltr'><strong>et</strong></span> <span class='ocrx_word' id='word_1_374' title='bbox 1469 4479 1674 4530; x_wconf 89' lang='lat' dir='ltr'><strong>rursus,</strong></span> <span class='ocrx_word' id='word_1_375' title='bbox 1705 4466 1768 4520; x_wconf 87' lang='lat' dir='ltr'><strong>Si</strong></span> <span class='ocrx_word' id='word_1_376' title='bbox 1787 4469 1953 4522; x_wconf 82' lang='lat' dir='ltr'><strong>credi-</strong></span> 
     </span>
    </p>
   </div>
   <div class='ocr_carea' id='block_1_45' title="bbox 341 4551 1954 4622">
    <p class='ocr_par' dir='ltr' id='par_1_45' title="bbox 341 4551 1954 4622">
     <span class='ocr_line' id='line_1_45' title="bbox 341 4551 1954 4622; baseline 0.005 -18"><span class='ocrx_word' id='word_1_377' title='bbox 341 4554 552 4608; x_wconf 85' lang='lat' dir='ltr'><strong>dissetis</strong></span> <span class='ocrx_word' id='word_1_378' title='bbox 582 4551 770 4622; x_wconf 82' lang='lat' dir='ltr'><strong>Moysi,</strong></span> <span class='ocrx_word' id='word_1_379' title='bbox 808 4552 1149 4606; x_wconf 84' lang='lat' dir='ltr'><strong>credidissetis</strong></span> <span class='ocrx_word' id='word_1_380' title='bbox 1163 4563 1209 4606; x_wconf 90' lang='lat' dir='ltr'><strong>et</strong></span> <span class='ocrx_word' id='word_1_381' title='bbox 1237 4555 1402 4607; x_wconf 85' lang='lat' dir='ltr'><strong>mihi?</strong></span> <span class='ocrx_word' id='word_1_382' title='bbox 1428 4564 1482 4608; x_wconf 89' lang='lat' dir='ltr'><strong>et</strong></span> <span class='ocrx_word' id='word_1_383' title='bbox 1507 4572 1713 4620; x_wconf 87' lang='lat' dir='ltr'><strong>rursus,</strong></span> <span class='ocrx_word' id='word_1_384' title='bbox 1736 4558 1954 4613; x_wconf 82' lang='lat' dir='ltr'><strong>Scruta-</strong></span> 
     </span>
    </p>
   </div>
   <div class='ocr_carea' id='block_1_46' title="bbox 341 4643 1952 4715">
    <p class='ocr_par' dir='ltr' id='par_1_46' title="bbox 341 4643 1952 4715">
     <span class='ocr_line' id='line_1_46' title="bbox 341 4643 1952 4715; baseline 0.004 -17"><span class='ocrx_word' id='word_1_385' title='bbox 341 4647 475 4699; x_wconf 79' lang='lat' dir='ltr'><strong>ntini</strong></span> <span class='ocrx_word' id='word_1_386' title='bbox 507 4645 829 4714; x_wconf 85' lang='lat' dir='ltr'><strong>Scripturas,</strong></span> <span class='ocrx_word' id='word_1_387' title='bbox 857 4643 977 4714; x_wconf 88' lang='lat' dir='ltr'><strong>quia</strong></span> <span class='ocrx_word' id='word_1_388' title='bbox 995 4661 1080 4698; x_wconf 86' lang='lat' dir='ltr'><strong>vos</strong></span> <span class='ocrx_word' id='word_1_389' title='bbox 1099 4645 1287 4714; x_wconf 88' lang='lat' dir='ltr'><strong>putatis</strong></span> <span class='ocrx_word' id='word_1_390' title='bbox 1308 4646 1359 4698; x_wconf 90' lang='lat' dir='ltr'><strong>in</strong></span> <span class='ocrx_word' id='word_1_391' title='bbox 1386 4647 1511 4715; x_wconf 88' lang='lat' dir='ltr'><strong>ipsis</strong></span> <span class='ocrx_word' id='word_1_392' title='bbox 1537 4647 1691 4700; x_wconf 85' lang='lat' dir='ltr'><strong>vitam</strong></span> <span class='ocrx_word' id='word_1_393' title='bbox 1711 4660 1952 4704; x_wconf 67' lang='lat' dir='ltr'><strong>retentam</strong></span> 
     </span>
    </p>
   </div>
   <div class='ocr_carea' id='block_1_47' title="bbox 341 4736 1953 4808">
    <p class='ocr_par' dir='ltr' id='par_1_47' title="bbox 341 4736 1953 4808">
     <span class='ocr_line' id='line_1_47' title="bbox 341 4736 1953 4808; baseline 0.004 -18"><span class='ocrx_word' id='word_1_394' title='bbox 341 4737 558 4800; x_wconf 85' lang='lat' dir='ltr'><strong>habere;</strong></span> <span class='ocrx_word' id='word_1_395' title='bbox 583 4746 631 4789; x_wconf 89' lang='lat' dir='ltr'><strong>et</strong></span> <span class='ocrx_word' id='word_1_396' title='bbox 656 4736 761 4789; x_wconf 73' lang='lat' dir='ltr'><strong>illa:</strong></span> <span class='ocrx_word' id='word_1_397' title='bbox 783 4745 903 4788; x_wconf 87' lang='lat' dir='ltr'><strong>sunt</strong></span> <span class='ocrx_word' id='word_1_398' title='bbox 953 4752 1066 4806; x_wconf 72' lang='lat' dir='ltr'><strong>qua:</strong></span> <span class='ocrx_word' id='word_1_399' title='bbox 1101 4737 1445 4790; x_wconf 89' lang='lat' dir='ltr'><strong>testimonium</strong></span> <span class='ocrx_word' id='word_1_400' title='bbox 1493 4740 1752 4808; x_wconf 88' lang='lat' dir='ltr'><strong>perhibent</strong></span> <span class='ocrx_word' id='word_1_401' title='bbox 1779 4742 1842 4796; x_wconf 88' lang='lat' dir='ltr'><strong>de</strong></span> <span class='ocrx_word' id='word_1_402' title='bbox 1875 4761 1953 4797; x_wconf 87' lang='lat' dir='ltr'><strong>me</strong></span> 
     </span>
    </p>
   </div>
   <div class='ocr_carea' id='block_1_48' title="bbox 342 4829 1951 4903">
    <p class='ocr_par' dir='ltr' id='par_1_48' title="bbox 342 4829 1951 4903">
     <span class='ocr_line' id='line_1_48' title="bbox 342 4829 1951 4903; baseline 0.006 -19"><span class='ocrx_word' id='word_1_403' title='bbox 342 4831 534 4903; x_wconf 84' lang='lat' dir='ltr'><strong>(Joan.</strong></span> <span class='ocrx_word' id='word_1_404' title='bbox 563 4831 619 4886; x_wconf 87' lang='lat'><strong>5.</strong></span> <span class='ocrx_word' id='word_1_405' title='bbox 647 4831 738 4885; x_wconf 75' lang='grc'><strong>46.</strong></span> <span class='ocrx_word' id='word_1_406' title='bbox 769 4831 862 4890; x_wconf 78' lang='lat'><strong>59)</strong></span> <span class='ocrx_word' id='word_1_407' title='bbox 890 4830 912 4882; x_wconf 90' lang='lat'><strong>?</strong></span> <span class='ocrx_word' id='word_1_408' title='bbox 941 4833 1047 4885; x_wconf 79' lang='lat' dir='ltr'><strong>Ant</strong></span> <span class='ocrx_word' id='word_1_409' title='bbox 1075 4829 1178 4886; x_wconf 89' lang='lat' dir='ltr'><strong>hoc</strong></span> <span class='ocrx_word' id='word_1_410' title='bbox 1201 4832 1327 4885; x_wconf 89' lang='lat' dir='ltr'><strong>dicit</strong></span> <span class='ocrx_word' id='word_1_411' title='bbox 1353 4874 1367 4898; x_wconf 95' lang='lat'><strong>,</strong></span> <span class='ocrx_word' id='word_1_412' title='bbox 1406 4835 1546 4903; x_wconf 89' lang='lat' dir='ltr'><strong>quod</strong></span> <span class='ocrx_word' id='word_1_413' title='bbox 1579 4851 1681 4890; x_wconf 93' lang='lat' dir='ltr'><strong>non</strong></span> <span class='ocrx_word' id='word_1_414' title='bbox 1702 4839 1951 4893; x_wconf 91' lang='lat' dir='ltr'><strong>omnibus</strong></span> 
     </span>
    </p>
   </div>
   <div class='ocr_carea' id='block_1_49' title="bbox 342 4921 1952 4997">
    <p class='ocr_par' dir='ltr' id='par_1_49' title="bbox 342 4921 1952 4997">
     <span class='ocr_line' id='line_1_49' title="bbox 342 4921 1952 4997; baseline 0.004 -20"><span class='ocrx_word' id='word_1_415' title='bbox 342 4923 450 4978; x_wconf 78' lang='lat' dir='ltr'><strong>fuit</strong></span> <span class='ocrx_word' id='word_1_416' title='bbox 482 4923 784 4978; x_wconf 87' lang='lat' dir='ltr'><strong>revelatum</strong></span> <span class='ocrx_word' id='word_1_417' title='bbox 811 4939 824 4988; x_wconf 92' lang='lat'><strong>;</strong></span> <span class='ocrx_word' id='word_1_418' title='bbox 850 4921 1059 4977; x_wconf 86' lang='lat' dir='ltr'><strong>addidit</strong></span> <span class='ocrx_word' id='word_1_419' title='bbox 1085 4924 1262 4977; x_wconf 87' lang='lat' dir='ltr'><strong>enim:</strong></span> <span class='ocrx_word' id='word_1_420' title='bbox 1295 4923 1443 4990; x_wconf 83' lang='lat' dir='ltr'><strong>Quod</strong></span> <span class='ocrx_word' id='word_1_421' title='bbox 1470 4927 1952 4997; x_wconf 76' lang='lat' dir='ltr'><strong>aliisgenerationi-</strong></span> 
     </span>
    </p>
   </div>
   <div class='ocr_carea' id='block_1_50' title="bbox 344 5016 1952 5092">
    <p class='ocr_par' dir='ltr' id='par_1_50' title="bbox 344 5016 1952 5092">
     <span class='ocr_line' id='line_1_50' title="bbox 344 5016 1952 5092; baseline 0.002 -22"><span class='ocrx_word' id='word_1_422' title='bbox 344 5019 441 5070; x_wconf 88' lang='lat' dir='ltr'><strong>bus</strong></span> <span class='ocrx_word' id='word_1_423' title='bbox 459 5033 562 5069; x_wconf 88' lang='lat' dir='ltr'><strong>non</strong></span> <span class='ocrx_word' id='word_1_424' title='bbox 587 5025 660 5070; x_wconf 85' lang='lat' dir='ltr'><strong>est</strong></span> <span class='ocrx_word' id='word_1_425' title='bbox 687 5017 918 5087; x_wconf 87' lang='lat' dir='ltr'><strong>agnitum</strong></span> <span class='ocrx_word' id='word_1_426' title='bbox 940 5016 1063 5084; x_wconf 81' lang='lat' dir='ltr'><strong>ﬁliis</strong></span> <span class='ocrx_word' id='word_1_427' title='bbox 1092 5017 1376 5083; x_wconf 82' lang='lat' dir='ltr'><strong>hominum,</strong></span> <span class='ocrx_word' id='word_1_428' title='bbox 1402 5029 1457 5071; x_wconf 88' lang='lat' dir='ltr'><strong>ut</strong></span> <span class='ocrx_word' id='word_1_429' title='bbox 1478 5037 1610 5073; x_wconf 88' lang='lat' dir='ltr'><strong>nunc</strong></span> <span class='ocrx_word' id='word_1_430' title='bbox 1633 5022 1728 5092; x_wconf 80' lang='lat' dir='ltr'><strong>fuit</strong></span> <span class='ocrx_word' id='word_1_431' title='bbox 1755 5025 1952 5076; x_wconf 84' lang='lat' dir='ltr'><strong>revela-</strong></span> 
     </span>
    </p>
   </div>
   <div class='ocr_carea' id='block_1_51' title="bbox 346 5109 1955 5183">
    <p class='ocr_par' dir='ltr' id='par_1_51' title="bbox 346 5109 1955 5183">
     <span class='ocr_line' id='line_1_51' title="bbox 346 5109 1955 5183; baseline 0.004 -19"><span class='ocrx_word' id='word_1_432' title='bbox 346 5122 460 5164; x_wconf 87' lang='lat' dir='ltr'><strong>tum</strong></span> <span class='ocrx_word' id='word_1_433' title='bbox 493 5128 512 5164; x_wconf 91' lang='lat'><strong><em>:</em></strong></span> <span class='ocrx_word' id='word_1_434' title='bbox 550 5111 808 5180; x_wconf 90' lang='lat' dir='ltr'><strong>autquod</strong></span> <span class='ocrx_word' id='word_1_435' title='bbox 837 5127 941 5164; x_wconf 81' lang='lat' dir='ltr'><strong>non</strong></span> <span class='ocrx_word' id='word_1_436' title='bbox 971 5110 1052 5162; x_wconf 93' lang='lat' dir='ltr'><strong>sic</strong></span> <span class='ocrx_word' id='word_1_437' title='bbox 1081 5109 1183 5163; x_wconf 81' lang='lat' dir='ltr'><strong>fuit</strong></span> <span class='ocrx_word' id='word_1_438' title='bbox 1229 5112 1504 5179; x_wconf 77' lang='lat' dir='ltr'><strong>cognitum</strong></span> <span class='ocrx_word' id='word_1_439' title='bbox 1549 5113 1708 5168; x_wconf 88' lang='lat' dir='ltr'><strong>rebus</strong></span> <span class='ocrx_word' id='word_1_440' title='bbox 1751 5116 1878 5183; x_wconf 85' lang='lat' dir='ltr'><strong>ipsis</strong></span> <span class='ocrx_word' id='word_1_441' title='bbox 1901 5126 1955 5172; x_wconf 83' lang='lat' dir='ltr'><strong>et</strong></span> 
     </span>
    </p>
   </div>
   <div class='ocr_carea' id='block_1_52' title="bbox 343 5199 1952 5274">
    <p class='ocr_par' dir='ltr' id='par_1_52' title="bbox 343 5199 1952 5274">
     <span class='ocr_line' id='line_1_52' title="bbox 343 5199 1952 5274; baseline 0.003 -19"><span class='ocrx_word' id='word_1_442' title='bbox 343 5201 529 5267; x_wconf 77' lang='lat' dir='ltr'><strong>factis,</strong></span> <span class='ocrx_word' id='word_1_443' title='bbox 566 5199 634 5256; x_wconf 86' lang='lat' dir='ltr'><strong>Ut</strong></span> <span class='ocrx_word' id='word_1_444' title='bbox 663 5218 798 5254; x_wconf 87' lang='lat' dir='ltr'><strong>nunc</strong></span> <span class='ocrx_word' id='word_1_445' title='bbox 823 5201 1097 5254; x_wconf 82' lang='lat' dir='ltr'><strong>revelatum</strong></span> <span class='ocrx_word' id='word_1_446' title='bbox 1127 5201 1222 5270; x_wconf 81' lang='lat' dir='ltr'><strong>fuit</strong></span> <span class='ocrx_word' id='word_1_447' title='bbox 1244 5202 1431 5254; x_wconf 87' lang='lat' dir='ltr'><strong>sanctis</strong></span> <span class='ocrx_word' id='word_1_448' title='bbox 1466 5203 1710 5272; x_wconf 87' lang='lat' dir='ltr'><strong>apostolis</strong></span> <span class='ocrx_word' id='word_1_449' title='bbox 1760 5207 1872 5274; x_wconf 85' lang='lat' dir='ltr'><strong>ejus</strong></span> <span class='ocrx_word' id='word_1_450' title='bbox 1907 5217 1952 5260; x_wconf 88' lang='lat' dir='ltr'><strong>et</strong></span> 
     </span>
    </p>
   </div>
   <div class='ocr_carea' id='block_1_53' title="bbox 343 5293 1955 5368">
    <p class='ocr_par' dir='ltr' id='par_1_53' title="bbox 343 5293 1955 5368">
     <span class='ocr_line' id='line_1_53' title="bbox 343 5293 1955 5368; baseline 0.001 -17"><span class='ocrx_word' id='word_1_451' title='bbox 343 5299 617 5368; x_wconf 85' lang='lat' dir='ltr'><strong>praphetis</strong></span> <span class='ocrx_word' id='word_1_452' title='bbox 645 5296 697 5349; x_wconf 87' lang='lat' dir='ltr'><strong>in</strong></span> <span class='ocrx_word' id='word_1_453' title='bbox 727 5295 948 5364; x_wconf 80' lang='lat' dir='ltr'><strong>Spiritu.</strong></span> <span class='ocrx_word' id='word_1_454' title='bbox 968 5293 1263 5349; x_wconf 85' lang='lat' dir='ltr'><strong>Considera</strong></span> <span class='ocrx_word' id='word_1_455' title='bbox 1293 5295 1434 5347; x_wconf 92' lang='lat' dir='ltr'><strong>cnim</strong></span> <span class='ocrx_word' id='word_1_456' title='bbox 1471 5312 1484 5348; x_wconf 92' lang='lat'><strong>:</strong></span> <span class='ocrx_word' id='word_1_457' title='bbox 1511 5295 1706 5349; x_wconf 86' lang='lat' dir='ltr'><strong>Petrus</strong></span> <span class='ocrx_word' id='word_1_458' title='bbox 1733 5298 1832 5352; x_wconf 91' lang='lat' dir='ltr'><strong>nisi</strong></span> <span class='ocrx_word' id='word_1_459' title='bbox 1858 5315 1955 5352; x_wconf 91' lang='lat' dir='ltr'><strong>au-</strong></span> 
     </span>
    </p>
   </div>
   <div class='ocr_carea' id='block_1_54' title="bbox 345 5385 1949 5459">
    <p class='ocr_par' dir='ltr' id='par_1_54' title="bbox 345 5385 1949 5459">
     <span class='ocr_line' id='line_1_54' title="bbox 345 5385 1949 5459; baseline 0.001 -16"><span class='ocrx_word' id='word_1_460' title='bbox 345 5390 580 5444; x_wconf 88' lang='lat' dir='ltr'><strong>divisset</strong></span> <span class='ocrx_word' id='word_1_461' title='bbox 609 5403 640 5441; x_wconf 89' lang='lat' dir='ltr'><strong>a</strong></span> <span class='ocrx_word' id='word_1_462' title='bbox 669 5386 892 5456; x_wconf 90' lang='lat' dir='ltr'><strong>Spiritu,</strong></span> <span class='ocrx_word' id='word_1_463' title='bbox 951 5402 1056 5440; x_wconf 94' lang='lat' dir='ltr'><strong>non</strong></span> <span class='ocrx_word' id='word_1_464' title='bbox 1113 5385 1386 5455; x_wconf 79' lang='lat' dir='ltr'><strong>profectus</strong></span> <span class='ocrx_word' id='word_1_465' title='bbox 1448 5397 1594 5441; x_wconf 83' lang='lat' dir='ltr'><strong>esset</strong></span> <span class='ocrx_word' id='word_1_466' title='bbox 1633 5387 1699 5441; x_wconf 87' lang='lat' dir='ltr'><strong>ad</strong></span> <span class='ocrx_word' id='word_1_467' title='bbox 1743 5400 1949 5459; x_wconf 84' lang='lat' dir='ltr'><strong>gentes.</strong></span> 
     </span>
    </p>
   </div>
   <div class='ocr_carea' id='block_1_55' title="bbox 344 5477 1953 5550">
    <p class='ocr_par' dir='ltr' id='par_1_55' title="bbox 344 5477 1953 5550">
     <span class='ocr_line' id='line_1_55' title="bbox 344 5477 1953 5550; baseline -0.002 -12"><span class='ocrx_word' id='word_1_468' title='bbox 344 5482 491 5538; x_wconf 79' lang='lat' dir='ltr'><strong>Audi</strong></span> <span class='ocrx_word' id='word_1_469' title='bbox 520 5482 664 5536; x_wconf 89' lang='lat' dir='ltr'><strong>enim</strong></span> <span class='ocrx_word' id='word_1_470' title='bbox 692 5479 819 5550; x_wconf 90' lang='lat' dir='ltr'><strong>quid</strong></span> <span class='ocrx_word' id='word_1_471' title='bbox 849 5479 993 5532; x_wconf 87' lang='lat' dir='ltr'><strong>dicat</strong></span> <span class='ocrx_word' id='word_1_472' title='bbox 1017 5496 1030 5531; x_wconf 91' lang='lat'><strong>:</strong></span> <span class='ocrx_word' id='word_1_473' title='bbox 1056 5478 1196 5548; x_wconf 87' lang='lat' dir='ltr'><strong>Ergo</strong></span> <span class='ocrx_word' id='word_1_474' title='bbox 1225 5477 1376 5530; x_wconf 86' lang='lat' dir='ltr'><strong>Dedit</strong></span> <span class='ocrx_word' id='word_1_475' title='bbox 1405 5477 1508 5530; x_wconf 86' lang='lat' dir='ltr'><strong>illis</strong></span> <span class='ocrx_word' id='word_1_476' title='bbox 1532 5477 1673 5532; x_wconf 88' lang='lat' dir='ltr'><strong>Deus</strong></span> <span class='ocrx_word' id='word_1_477' title='bbox 1702 5479 1953 5549; x_wconf 88' lang='lat' dir='ltr'><strong>Spiritum</strong></span> 
     </span>
    </p>
   </div>
   <div class='ocr_carea' id='block_1_56' title="bbox 345 5567 1956 5643">
    <p class='ocr_par' dir='ltr' id='par_1_56' title="bbox 345 5567 1956 5643">
     <span class='ocr_line' id='line_1_56' title="bbox 345 5567 1956 5643; baseline -0.002 -14"><span class='ocrx_word' id='word_1_478' title='bbox 345 5583 585 5629; x_wconf 86' lang='lat' dir='ltr'><strong>sanctum</strong></span> <span class='ocrx_word' id='word_1_479' title='bbox 631 5572 764 5625; x_wconf 85' lang='lat' dir='ltr'><strong>sicut</strong></span> <span class='ocrx_word' id='word_1_480' title='bbox 783 5579 829 5624; x_wconf 87' lang='lat' dir='ltr'><strong>et</strong></span> <span class='ocrx_word' id='word_1_481' title='bbox 855 5571 998 5623; x_wconf 88' lang='lat' dir='ltr'><strong>nobis</strong></span> <span class='ocrx_word' id='word_1_482' title='bbox 1023 5567 1158 5643; x_wconf 81' lang='lat' dir='ltr'><strong>(Act.</strong></span> <span class='ocrx_word' id='word_1_483' title='bbox 1195 5569 1280 5624; x_wconf 86' lang='grc'><strong>11.</strong></span> <span class='ocrx_word' id='word_1_484' title='bbox 1312 5569 1402 5632; x_wconf 84' lang='grc'><strong>17)</strong></span> <span class='ocrx_word' id='word_1_485' title='bbox 1429 5585 1443 5632; x_wconf 86' lang='lat'><strong>;</strong></span> <span class='ocrx_word' id='word_1_486' title='bbox 1480 5568 1582 5622; x_wconf 92' lang='lat' dir='ltr'><strong>hoc</strong></span> <span class='ocrx_word' id='word_1_487' title='bbox 1612 5579 1714 5634; x_wconf 71' lang='lat' dir='ltr'><strong>est,</strong></span> <span class='ocrx_word' id='word_1_488' title='bbox 1747 5571 1797 5623; x_wconf 93' lang='lat' dir='ltr'><strong>in</strong></span> <span class='ocrx_word' id='word_1_489' title='bbox 1835 5571 1956 5641; x_wconf 87' lang='lat' dir='ltr'><strong>Spi-</strong></span> 
     </span>
    </p>
   </div>
   <div class='ocr_carea' id='block_1_57' title="bbox 349 5662 1954 5736">
    <p class='ocr_par' dir='ltr' id='par_1_57' title="bbox 349 5662 1954 5736">
     <span class='ocr_line' id='line_1_57' title="bbox 349 5662 1954 5736; baseline 0 -15"><span class='ocrx_word' id='word_1_490' title='bbox 349 5671 462 5722; x_wconf 86' lang='lat' dir='ltr'><strong>ritu</strong></span> <span class='ocrx_word' id='word_1_491' title='bbox 487 5708 501 5730; x_wconf 93' lang='lat'><strong>,</strong></span> <span class='ocrx_word' id='word_1_492' title='bbox 530 5666 657 5736; x_wconf 85' lang='lat' dir='ltr'><strong>quia</strong></span> <span class='ocrx_word' id='word_1_493' title='bbox 687 5681 784 5734; x_wconf 90' lang='lat' dir='ltr'><strong>per</strong></span> <span class='ocrx_word' id='word_1_494' title='bbox 808 5662 1071 5734; x_wconf 89' lang='lat' dir='ltr'><strong>Spiritum</strong></span> <span class='ocrx_word' id='word_1_495' title='bbox 1096 5664 1345 5734; x_wconf 89' lang='lat' dir='ltr'><strong>dignatus</strong></span> <span class='ocrx_word' id='word_1_496' title='bbox 1362 5671 1446 5717; x_wconf 90' lang='lat' dir='ltr'><strong>est</strong></span> <span class='ocrx_word' id='word_1_497' title='bbox 1469 5664 1608 5716; x_wconf 89' lang='lat' dir='ltr'><strong>Deus</strong></span> <span class='ocrx_word' id='word_1_498' title='bbox 1638 5674 1693 5717; x_wconf 89' lang='lat' dir='ltr'><strong>ut</strong></span> <span class='ocrx_word' id='word_1_499' title='bbox 1717 5665 1818 5734; x_wconf 92' lang='lat' dir='ltr'><strong>ipsi</strong></span> <span class='ocrx_word' id='word_1_500' title='bbox 1863 5682 1954 5722; x_wconf 91' lang='lat' dir='ltr'><strong>ac-</strong></span> 
     </span>
    </p>
   </div>
   <div class='ocr_carea' id='block_1_58' title="bbox 349 5755 1950 5830">
    <p class='ocr_par' dir='ltr' id='par_1_58' title="bbox 349 5755 1950 5830">
     <span class='ocr_line' id='line_1_58' title="bbox 349 5755 1950 5830; baseline -0.001 -14"><span class='ocrx_word' id='word_1_501' title='bbox 349 5763 602 5830; x_wconf 83' lang='lat' dir='ltr'><strong>ciperent</strong></span> <span class='ocrx_word' id='word_1_502' title='bbox 629 5760 873 5829; x_wconf 78' lang='lat' dir='ltr'><strong>gratiam.</strong></span> <span class='ocrx_word' id='word_1_503' title='bbox 923 5760 1102 5828; x_wconf 85' lang='lat' dir='ltr'><strong>Atque</strong></span> <span class='ocrx_word' id='word_1_504' title='bbox 1125 5757 1378 5812; x_wconf 89' lang='lat' dir='ltr'><strong>dicebant</strong></span> <span class='ocrx_word' id='word_1_505' title='bbox 1399 5755 1614 5826; x_wconf 86' lang='lat' dir='ltr'><strong>quidem</strong></span> <span class='ocrx_word' id='word_1_506' title='bbox 1642 5759 1950 5828; x_wconf 69' lang='lat' dir='ltr'><strong>prophetre;</strong></span> 
     </span>
    </p>
   </div>
   <div class='ocr_carea' id='block_1_59' title="bbox 350 5853 1952 5922">
    <p class='ocr_par' dir='ltr' id='par_1_59' title="bbox 350 5853 1952 5922">
     <span class='ocr_line' id='line_1_59' title="bbox 350 5853 1952 5922; baseline -0.001 -12"><span class='ocrx_word' id='word_1_507' title='bbox 350 5855 455 5910; x_wconf 83' lang='lat' dir='ltr'><strong>sed</strong></span> <span class='ocrx_word' id='word_1_508' title='bbox 483 5869 586 5908; x_wconf 93' lang='lat' dir='ltr'><strong>non</strong></span> <span class='ocrx_word' id='word_1_509' title='bbox 640 5853 777 5908; x_wconf 88' lang='lat' dir='ltr'><strong>adeo</strong></span> <span class='ocrx_word' id='word_1_510' title='bbox 819 5862 1008 5908; x_wconf 75' lang='lat' dir='ltr'><strong>exacte</strong></span> <span class='ocrx_word' id='word_1_511' title='bbox 1061 5860 1359 5914; x_wconf 89' lang='lat' dir='ltr'><strong>noverant,</strong></span> <span class='ocrx_word' id='word_1_512' title='bbox 1407 5866 1529 5905; x_wconf 91' lang='lat' dir='ltr'><strong>cum</strong></span> <span class='ocrx_word' id='word_1_513' title='bbox 1578 5867 1676 5907; x_wconf 89' lang='lat' dir='ltr'><strong>nec</strong></span> <span class='ocrx_word' id='word_1_514' title='bbox 1722 5853 1952 5922; x_wconf 84' lang='lat' dir='ltr'><strong>apostoli</strong></span> 
     </span>
    </p>
   </div>
   <div class='ocr_carea' id='block_1_60' title="bbox 352 5946 1943 6028">
    <p class='ocr_par' dir='ltr' id='par_1_60' title="bbox 352 5946 1943 6028">
     <span class='ocr_line' id='line_1_60' title="bbox 352 5946 1943 6028; baseline 0.003 -28"><span class='ocrx_word' id='word_1_515' title='bbox 352 5947 574 6028; x_wconf 77' lang='lat' dir='ltr'><strong>quidem</strong></span> <span class='ocrx_word' id='word_1_516' title='bbox 605 5957 890 6028; x_wconf 80' lang='lat' dir='ltr'><strong>postquam</strong></span> <span class='ocrx_word' id='word_1_517' title='bbox 917 5946 1283 6026; x_wconf 69' lang='lat' dir='ltr'><strong>audivissent;</strong></span> <span class='ocrx_word' id='word_1_518' title='bbox 1320 5947 1606 6012; x_wconf 81' lang='lat' dir='ltr'><strong>humanam</strong></span> <span class='ocrx_word' id='word_1_519' title='bbox 1638 5947 1779 6002; x_wconf 87' lang='lat' dir='ltr'><strong>cnim</strong></span> <span class='ocrx_word' id='word_1_520' title='bbox 1827 5946 1943 6010; x_wconf 64' lang='lat' dir='ltr'><strong>hmo</strong></span> 
     </span>
    </p>
   </div>
   <div class='ocr_carea' id='block_1_61' title="bbox 2069 573 3654 654">
    <p class='ocr_par' dir='ltr' id='par_1_61' title="bbox 2069 573 3654 654">
     <span class='ocr_line' id='line_1_61' title="bbox 2069 573 3654 654; baseline 0.011 -30"><span class='ocrx_word' id='word_1_521' title='bbox 2069 573 2334 630; x_wconf 90' lang='lat' dir='ltr'><strong>rationem</strong></span> <span class='ocrx_word' id='word_1_522' title='bbox 2362 584 2417 631; x_wconf 90' lang='lat' dir='ltr'><strong>et</strong></span> <span class='ocrx_word' id='word_1_523' title='bbox 2438 592 2589 648; x_wconf 89' lang='lat' dir='ltr'><strong>spem</strong></span> <span class='ocrx_word' id='word_1_524' title='bbox 2642 593 2984 635; x_wconf 90' lang='lat' dir='ltr'><strong>communem</strong></span> <span class='ocrx_word' id='word_1_525' title='bbox 3011 579 3168 654; x_wconf 84' lang='lat' dir='ltr'><strong>longe</strong></span> <span class='ocrx_word' id='word_1_526' title='bbox 3195 585 3542 654; x_wconf 82' lang='lat' dir='ltr'><strong>superabant.</strong></span> <span class='ocrx_word' id='word_1_527' title='bbox 3599 592 3654 642; x_wconf 83' lang='grc'><strong>6.</strong></span> 
     </span>
    </p>
   </div>
   <div class='ocr_carea' id='block_1_62' title="bbox 2063 663 3652 749">
    <p class='ocr_par' dir='ltr' id='par_1_62' title="bbox 2063 663 3652 749">
     <span class='ocr_line' id='line_1_62' title="bbox 2063 663 3652 749; baseline 0.01 -32"><span class='ocrx_word' id='word_1_528' title='bbox 2063 663 2193 719; x_wconf 81' lang='lat' dir='ltr'><strong>Esse</strong></span> <span class='ocrx_word' id='word_1_529' title='bbox 2211 678 2380 738; x_wconf 89' lang='lat' dir='ltr'><strong>gentes</strong></span> <span class='ocrx_word' id='word_1_530' title='bbox 2401 669 2671 724; x_wconf 83' lang='lat' dir='ltr'><strong>coheredes</strong></span> <span class='ocrx_word' id='word_1_531' title='bbox 2698 681 2744 725; x_wconf 90' lang='lat' dir='ltr'><strong>et</strong></span> <span class='ocrx_word' id='word_1_532' title='bbox 2767 674 3160 743; x_wconf 85' lang='lat' dir='ltr'><strong>concorporales</strong></span> <span class='ocrx_word' id='word_1_533' title='bbox 3189 686 3236 730; x_wconf 91' lang='lat' dir='ltr'><strong>et</strong></span> <span class='ocrx_word' id='word_1_534' title='bbox 3264 679 3652 749; x_wconf 88' lang='lat' dir='ltr'><strong>comparticipes</strong></span> 
     </span>
    </p>
   </div>
   <div class='ocr_carea' id='block_1_63' title="bbox 2063 773 2438 825">
    <p class='ocr_par' dir='ltr' id='par_1_63' title="bbox 2063 773 2438 825">
     <span class='ocr_line' id='line_1_63' title="bbox 2063 773 2438 825; baseline 0.019 -17"><span class='ocrx_word' id='word_1_535' title='bbox 2063 773 2438 825; x_wconf 75' lang='lat' dir='ltr'><strong>promissionis.</strong></span> 
     </span>
    </p>
   </div>
   <div class='ocr_carea' id='block_1_64' title="bbox 2133 847 3657 928">
    <p class='ocr_par' dir='ltr' id='par_1_64' title="bbox 2133 847 3657 928">
     <span class='ocr_line' id='line_1_64' title="bbox 2133 847 3657 928; baseline 0.009 -26"><span class='ocrx_word' id='word_1_536' title='bbox 2133 848 2184 902; x_wconf 81' lang='lat'><strong>5.</strong></span> <span class='ocrx_word' id='word_1_537' title='bbox 2215 847 2350 914; x_wconf 88' lang='lat' dir='ltr'><strong>Quid</strong></span> <span class='ocrx_word' id='word_1_538' title='bbox 2379 861 2479 916; x_wconf 89' lang='lat' dir='ltr'><strong>est,</strong></span> <span class='ocrx_word' id='word_1_539' title='bbox 2507 852 2790 909; x_wconf 88' lang='lat' dir='ltr'><strong>Coheredes</strong></span> <span class='ocrx_word' id='word_1_540' title='bbox 2818 866 2866 909; x_wconf 89' lang='lat' dir='ltr'><strong>et</strong></span> <span class='ocrx_word' id='word_1_541' title='bbox 2889 859 3279 928; x_wconf 85' lang='lat' dir='ltr'><strong>comparticipes</strong></span> <span class='ocrx_word' id='word_1_542' title='bbox 3308 861 3657 927; x_wconf 86' lang='lat' dir='ltr'><strong>promissionis</strong></span> 
     </span>
    </p>
   </div>
   <div class='ocr_carea' id='block_1_65' title="bbox 2061 943 3651 1018">
    <p class='ocr_par' dir='ltr' id='par_1_65' title="bbox 2061 943 3651 1018">
     <span class='ocr_line' id='line_1_65' title="bbox 2061 943 3651 1018; baseline 0.009 -28"><span class='ocrx_word' id='word_1_543' title='bbox 2061 946 2107 990; x_wconf 88' lang='lat' dir='ltr'><strong>et</strong></span> <span class='ocrx_word' id='word_1_544' title='bbox 2128 943 2517 1010; x_wconf 80' lang='lat' dir='ltr'><strong>concorporalcs</strong></span> <span class='ocrx_word' id='word_1_545' title='bbox 2548 943 2574 996; x_wconf 66' lang='lat'><strong>.9</strong></span> <span class='ocrx_word' id='word_1_546' title='bbox 2603 944 2714 999; x_wconf 89' lang='lat' dir='ltr'><strong>lloc</strong></span> <span class='ocrx_word' id='word_1_547' title='bbox 2741 955 2824 999; x_wconf 90' lang='lat' dir='ltr'><strong>est</strong></span> <span class='ocrx_word' id='word_1_548' title='bbox 2862 963 3133 1016; x_wconf 88' lang='lat' dir='ltr'><strong>magnum,</strong></span> <span class='ocrx_word' id='word_1_549' title='bbox 3165 950 3304 1018; x_wconf 88' lang='lat' dir='ltr'><strong>quod</strong></span> <span class='ocrx_word' id='word_1_550' title='bbox 3353 967 3514 1004; x_wconf 91' lang='lat' dir='ltr'><strong>unum</strong></span> <span class='ocrx_word' id='word_1_551' title='bbox 3547 951 3651 1005; x_wconf 89' lang='lat' dir='ltr'><strong>sint</strong></span> 
     </span>
    </p>
   </div>
   <div class='ocr_carea' id='block_1_66' title="bbox 2061 1033 3654 1113">
    <p class='ocr_par' dir='ltr' id='par_1_66' title="bbox 2061 1033 3654 1113">
     <span class='ocr_line' id='line_1_66' title="bbox 2061 1033 3654 1113; baseline 0.007 -28"><span class='ocrx_word' id='word_1_552' title='bbox 2061 1045 2281 1101; x_wconf 91' lang='lat' dir='ltr'><strong>corpus,</strong></span> <span class='ocrx_word' id='word_1_553' title='bbox 2311 1033 2454 1103; x_wconf 92' lang='lat' dir='ltr'><strong>quod</strong></span> <span class='ocrx_word' id='word_1_554' title='bbox 2487 1051 2676 1105; x_wconf 88' lang='lat' dir='ltr'><strong>magna</strong></span> <span class='ocrx_word' id='word_1_555' title='bbox 2705 1039 3097 1108; x_wconf 89' lang='lat' dir='ltr'><strong>propinquitas.</strong></span> <span class='ocrx_word' id='word_1_556' title='bbox 3127 1040 3260 1095; x_wconf 87' lang='lat' dir='ltr'><strong>Nam</strong></span> <span class='ocrx_word' id='word_1_557' title='bbox 3282 1042 3425 1113; x_wconf 91' lang='lat' dir='ltr'><strong>quod</strong></span> <span class='ocrx_word' id='word_1_558' title='bbox 3451 1057 3654 1098; x_wconf 88' lang='lat' dir='ltr'><strong>vocan-</strong></span> 
     </span>
    </p>
   </div>
   <div class='ocr_carea' id='block_1_67' title="bbox 2059 1124 3650 1203">
    <p class='ocr_par' dir='ltr' id='par_1_67' title="bbox 2059 1124 3650 1203">
     <span class='ocr_line' id='line_1_67' title="bbox 2059 1124 3650 1203; baseline 0.008 -26"><span class='ocrx_word' id='word_1_559' title='bbox 2059 1124 2142 1178; x_wconf 71' lang='lat' dir='ltr'><strong>dze</strong></span> <span class='ocrx_word' id='word_1_560' title='bbox 2164 1127 2378 1195; x_wconf 89' lang='lat' dir='ltr'><strong>quidem</strong></span> <span class='ocrx_word' id='word_1_561' title='bbox 2405 1139 2590 1184; x_wconf 82' lang='lat' dir='ltr'><strong>essent</strong></span> <span class='ocrx_word' id='word_1_562' title='bbox 2613 1173 2626 1194; x_wconf 93' lang='lat'><strong>,</strong></span> <span class='ocrx_word' id='word_1_563' title='bbox 2653 1142 2943 1196; x_wconf 67' lang='lat' dir='ltr'><strong>novt-rant;</strong></span> <span class='ocrx_word' id='word_1_564' title='bbox 2974 1134 3117 1203; x_wconf 89' lang='lat' dir='ltr'><strong>quod</strong></span> <span class='ocrx_word' id='word_1_565' title='bbox 3145 1136 3209 1188; x_wconf 88' lang='lat' dir='ltr'><strong>ad</strong></span> <span class='ocrx_word' id='word_1_566' title='bbox 3238 1136 3351 1190; x_wconf 72' lang='lat' dir='ltr'><strong>haec</strong></span> <span class='ocrx_word' id='word_1_567' title='bbox 3374 1136 3650 1203; x_wconf 70' lang='lat' dir='ltr'><strong>vocandae,</strong></span> 
     </span>
    </p>
   </div>
   <div class='ocr_carea' id='block_1_68' title="bbox 2060 1220 3651 1298">
    <p class='ocr_par' dir='ltr' id='par_1_68' title="bbox 2060 1220 3651 1298">
     <span class='ocr_line' id='line_1_68' title="bbox 2060 1220 3651 1298; baseline 0.007 -26"><span class='ocrx_word' id='word_1_568' title='bbox 2060 1233 2167 1272; x_wconf 92' lang='lat' dir='ltr'><strong>non</strong></span> <span class='ocrx_word' id='word_1_569' title='bbox 2197 1220 2322 1274; x_wconf 90' lang='lat' dir='ltr'><strong>item</strong></span> <span class='ocrx_word' id='word_1_570' title='bbox 2352 1240 2365 1274; x_wconf 92' lang='lat'><strong>:</strong></span> <span class='ocrx_word' id='word_1_571' title='bbox 2396 1221 2497 1276; x_wconf 88' lang='lat' dir='ltr'><strong>hoc</strong></span> <span class='ocrx_word' id='word_1_572' title='bbox 2525 1223 2668 1277; x_wconf 92' lang='lat' dir='ltr'><strong>enim</strong></span> <span class='ocrx_word' id='word_1_573' title='bbox 2693 1235 2848 1279; x_wconf 86' lang='lat' dir='ltr'><strong>vocat</strong></span> <span class='ocrx_word' id='word_1_574' title='bbox 2892 1228 3207 1298; x_wconf 73' lang='lat' dir='ltr'><strong>mysmrium</strong></span> <span class='ocrx_word' id='word_1_575' title='bbox 3255 1229 3651 1296; x_wconf 80' lang='lat' dir='ltr'><strong>promissionis.</strong></span> 
     </span>
    </p>
   </div>
   <div class='ocr_carea' id='block_1_69' title="bbox 2061 1311 3654 1388">
    <p class='ocr_par' dir='ltr' id='par_1_69' title="bbox 2061 1311 3654 1388">
     <span class='ocr_line' id='line_1_69' title="bbox 2061 1311 3654 1388; baseline 0.006 -24"><span class='ocrx_word' id='word_1_576' title='bbox 2061 1311 2358 1382; x_wconf 86' lang='lat' dir='ltr'><strong>Participes</strong></span> <span class='ocrx_word' id='word_1_577' title='bbox 2383 1325 2538 1368; x_wconf 82' lang='lat' dir='ltr'><strong>erant</strong></span> <span class='ocrx_word' id='word_1_578' title='bbox 2569 1315 2848 1384; x_wconf 64' lang='lat' dir='ltr'><strong>Israelita),</strong></span> <span class='ocrx_word' id='word_1_579' title='bbox 2878 1319 3291 1388; x_wconf 88' lang='lat' dir='ltr'><strong>compartieipes</strong></span> <span class='ocrx_word' id='word_1_580' title='bbox 3315 1328 3468 1373; x_wconf 90' lang='lat' dir='ltr'><strong>erant</strong></span> <span class='ocrx_word' id='word_1_581' title='bbox 3492 1319 3654 1374; x_wconf 78' lang='lat' dir='ltr'><strong>etiarn</strong></span> 
     </span>
    </p>
   </div>
   <div class='ocr_carea' id='block_1_70' title="bbox 2059 1405 3653 1481">
    <p class='ocr_par' dir='ltr' id='par_1_70' title="bbox 2059 1405 3653 1481">
     <span class='ocr_line' id='line_1_70' title="bbox 2059 1405 3653 1481; baseline 0.008 -28"><span class='ocrx_word' id='word_1_582' title='bbox 2059 1413 2248 1469; x_wconf 87' lang='lat' dir='ltr'><strong>gentes</strong></span> <span class='ocrx_word' id='word_1_583' title='bbox 2273 1405 2650 1472; x_wconf 90' lang='lat' dir='ltr'><strong>promissionis</strong></span> <span class='ocrx_word' id='word_1_584' title='bbox 2697 1407 2810 1461; x_wconf 92' lang='lat' dir='ltr'><strong>Dei.</strong></span> <span class='ocrx_word' id='word_1_585' title='bbox 2860 1406 2926 1460; x_wconf 85' lang='lat' dir='ltr'><strong>In</strong></span> <span class='ocrx_word' id='word_1_586' title='bbox 2971 1407 3173 1462; x_wconf 79' lang='lat' dir='ltr'><strong>Christo</strong></span> <span class='ocrx_word' id='word_1_587' title='bbox 3202 1427 3291 1479; x_wconf 90' lang='lat' dir='ltr'><strong>per</strong></span> <span class='ocrx_word' id='word_1_588' title='bbox 3317 1412 3653 1481; x_wconf 87' lang='lat' dir='ltr'><strong>evangelium.</strong></span> 
     </span>
    </p>
   </div>
   <div class='ocr_carea' id='block_1_71' title="bbox 2059 1490 3658 1570">
    <p class='ocr_par' dir='ltr' id='par_1_71' title="bbox 2059 1490 3658 1570">
     <span class='ocr_line' id='line_1_71' title="bbox 2059 1490 3658 1570; baseline 0.007 -25"><span class='ocrx_word' id='word_1_589' title='bbox 2059 1490 2174 1546; x_wconf 83' lang='lat' dir='ltr'><strong>Hoc</strong></span> <span class='ocrx_word' id='word_1_590' title='bbox 2194 1502 2294 1558; x_wconf 88' lang='lat' dir='ltr'><strong>est,</strong></span> <span class='ocrx_word' id='word_1_591' title='bbox 2331 1496 2470 1564; x_wconf 92' lang='lat' dir='ltr'><strong>quod</strong></span> <span class='ocrx_word' id='word_1_592' title='bbox 2517 1507 2568 1551; x_wconf 87' lang='lat' dir='ltr'><strong>et</strong></span> <span class='ocrx_word' id='word_1_593' title='bbox 2593 1497 2659 1551; x_wconf 87' lang='lat' dir='ltr'><strong>ad</strong></span> <span class='ocrx_word' id='word_1_594' title='bbox 2689 1499 2834 1568; x_wconf 90' lang='lat' dir='ltr'><strong>ipsos</strong></span> <span class='ocrx_word' id='word_1_595' title='bbox 2858 1499 3080 1553; x_wconf 88' lang='lat' dir='ltr'><strong>missum</strong></span> <span class='ocrx_word' id='word_1_596' title='bbox 3110 1501 3201 1566; x_wconf 89' lang='lat' dir='ltr'><strong>sit,</strong></span> <span class='ocrx_word' id='word_1_597' title='bbox 3232 1510 3285 1555; x_wconf 90' lang='lat' dir='ltr'><strong>et</strong></span> <span class='ocrx_word' id='word_1_598' title='bbox 3312 1501 3454 1570; x_wconf 91' lang='lat' dir='ltr'><strong>quod</strong></span> <span class='ocrx_word' id='word_1_599' title='bbox 3481 1501 3658 1557; x_wconf 59' lang='lat' dir='ltr'><strong>credi-</strong></span> 
     </span>
    </p>
   </div>
   <div class='ocr_carea' id='block_1_72' title="bbox 2064 1588 3651 1668">
    <p class='ocr_par' dir='ltr' id='par_1_72' title="bbox 2064 1588 3651 1668">
     <span class='ocr_line' id='line_1_72' title="bbox 2064 1588 3651 1668; baseline 0.006 -26"><span class='ocrx_word' id='word_1_600' title='bbox 2064 1588 2242 1642; x_wconf 91' lang='lat' dir='ltr'><strong>derint</strong></span> <span class='ocrx_word' id='word_1_601' title='bbox 2273 1607 2285 1641; x_wconf 89' lang='lat'><strong>:</strong></span> <span class='ocrx_word' id='word_1_602' title='bbox 2316 1604 2421 1642; x_wconf 93' lang='lat' dir='ltr'><strong>non</strong></span> <span class='ocrx_word' id='word_1_603' title='bbox 2455 1591 2599 1645; x_wconf 88' lang='lat' dir='ltr'><strong>enim</strong></span> <span class='ocrx_word' id='word_1_604' title='bbox 2645 1603 2964 1664; x_wconf 88' lang='lat' dir='ltr'><strong>utcumque,</strong></span> <span class='ocrx_word' id='word_1_605' title='bbox 3011 1595 3124 1659; x_wconf 86' lang='lat' dir='ltr'><strong>sed,</strong></span> <span class='ocrx_word' id='word_1_606' title='bbox 3157 1594 3264 1649; x_wconf 82' lang='lat' dir='ltr'><strong>Per</strong></span> <span class='ocrx_word' id='word_1_607' title='bbox 3314 1598 3651 1668; x_wconf 81' lang='lat' dir='ltr'><strong>evangelium.</strong></span> 
     </span>
    </p>
   </div>
   <div class='ocr_carea' id='block_1_73' title="bbox 2059 1679 3652 1756">
    <p class='ocr_par' dir='ltr' id='par_1_73' title="bbox 2059 1679 3652 1756">
     <span class='ocr_line' id='line_1_73' title="bbox 2059 1679 3652 1756; baseline 0.005 -22"><span class='ocrx_word' id='word_1_608' title='bbox 2059 1679 2163 1734; x_wconf 89' lang='lat' dir='ltr'><strong>Sed</strong></span> <span class='ocrx_word' id='word_1_609' title='bbox 2195 1681 2296 1733; x_wconf 90' lang='lat' dir='ltr'><strong>hoc</strong></span> <span class='ocrx_word' id='word_1_610' title='bbox 2323 1682 2539 1752; x_wconf 91' lang='lat' dir='ltr'><strong>quidem</strong></span> <span class='ocrx_word' id='word_1_611' title='bbox 2572 1685 2705 1738; x_wconf 85' lang='lat' dir='ltr'><strong>nihil</strong></span> <span class='ocrx_word' id='word_1_612' title='bbox 2736 1695 3114 1756; x_wconf 86' lang='lat' dir='ltr'><strong>estmagnum;</strong></span> <span class='ocrx_word' id='word_1_613' title='bbox 3146 1701 3365 1755; x_wconf 85' lang='lat' dir='ltr'><strong>parvum</strong></span> <span class='ocrx_word' id='word_1_614' title='bbox 3388 1689 3529 1742; x_wconf 91' lang='lat' dir='ltr'><strong>enim</strong></span> <span class='ocrx_word' id='word_1_615' title='bbox 3549 1696 3652 1756; x_wconf 86' lang='lat' dir='ltr'><strong>est;</strong></span> 
     </span>
    </p>
   </div>
   <div class='ocr_carea' id='block_1_74' title="bbox 2058 1773 3654 1848">
    <p class='ocr_par' dir='ltr' id='par_1_74' title="bbox 2058 1773 3654 1848">
     <span class='ocr_line' id='line_1_74' title="bbox 2058 1773 3654 1848; baseline 0.005 -21"><span class='ocrx_word' id='word_1_616' title='bbox 2058 1783 2112 1827; x_wconf 91' lang='lat' dir='ltr'><strong>et</strong></span> <span class='ocrx_word' id='word_1_617' title='bbox 2142 1773 2282 1827; x_wconf 87' lang='lat' dir='ltr'><strong>aliud</strong></span> <span class='ocrx_word' id='word_1_618' title='bbox 2309 1775 2482 1843; x_wconf 87' lang='lat' dir='ltr'><strong>majus</strong></span> <span class='ocrx_word' id='word_1_619' title='bbox 2509 1777 2662 1830; x_wconf 90' lang='lat' dir='ltr'><strong>nobis</strong></span> <span class='ocrx_word' id='word_1_620' title='bbox 2695 1777 2917 1843; x_wconf 78' lang='lat' dir='ltr'><strong>revelat,</strong></span> <span class='ocrx_word' id='word_1_621' title='bbox 2954 1779 3095 1848; x_wconf 90' lang='lat' dir='ltr'><strong>quod</strong></span> <span class='ocrx_word' id='word_1_622' title='bbox 3120 1795 3226 1834; x_wconf 90' lang='lat' dir='ltr'><strong>non</strong></span> <span class='ocrx_word' id='word_1_623' title='bbox 3269 1781 3442 1834; x_wconf 91' lang='lat' dir='ltr'><strong>solum</strong></span> <span class='ocrx_word' id='word_1_624' title='bbox 3481 1780 3654 1835; x_wconf 83' lang='lat' dir='ltr'><strong>homi-</strong></span> 
     </span>
    </p>
   </div>
   <div class='ocr_carea' id='block_1_75' title="bbox 2058 1867 3653 1943">
    <p class='ocr_par' dir='ltr' id='par_1_75' title="bbox 2058 1867 3653 1943">
     <span class='ocr_line' id='line_1_75' title="bbox 2058 1867 3653 1943; baseline 0.008 -24"><span class='ocrx_word' id='word_1_625' title='bbox 2058 1881 2175 1931; x_wconf 91' lang='lat' dir='ltr'><strong>nes,</strong></span> <span class='ocrx_word' id='word_1_626' title='bbox 2206 1867 2300 1920; x_wconf 90' lang='lat' dir='ltr'><strong>scd</strong></span> <span class='ocrx_word' id='word_1_627' title='bbox 2332 1883 2431 1922; x_wconf 90' lang='lat' dir='ltr'><strong>nec</strong></span> <span class='ocrx_word' id='word_1_628' title='bbox 2455 1871 2632 1939; x_wconf 84' lang='lat' dir='ltr'><strong>angeli</strong></span> <span class='ocrx_word' id='word_1_629' title='bbox 2664 1886 2764 1926; x_wconf 89' lang='lat' dir='ltr'><strong>nec</strong></span> <span class='ocrx_word' id='word_1_630' title='bbox 2809 1872 3139 1943; x_wconf 83' lang='lat' dir='ltr'><strong>archangeli,</strong></span> <span class='ocrx_word' id='word_1_631' title='bbox 3188 1874 3281 1928; x_wconf 88' lang='lat' dir='ltr'><strong>sed</strong></span> <span class='ocrx_word' id='word_1_632' title='bbox 3307 1889 3404 1929; x_wconf 90' lang='lat' dir='ltr'><strong>nec</strong></span> <span class='ocrx_word' id='word_1_633' title='bbox 3425 1875 3528 1930; x_wconf 92' lang='lat' dir='ltr'><strong>ulla</strong></span> <span class='ocrx_word' id='word_1_634' title='bbox 3551 1875 3653 1932; x_wconf 85' lang='lat' dir='ltr'><strong>alia</strong></span> 
     </span>
    </p>
   </div>
   <div class='ocr_carea' id='block_1_76' title="bbox 2058 1961 3653 2040">
    <p class='ocr_par' dir='ltr' id='par_1_76' title="bbox 2058 1961 3653 2040">
     <span class='ocr_line' id='line_1_76' title="bbox 2058 1961 3653 2040; baseline 0.008 -29"><span class='ocrx_word' id='word_1_635' title='bbox 2058 1968 2298 2031; x_wconf 85' lang='lat' dir='ltr'><strong>potestas</strong></span> <span class='ocrx_word' id='word_1_636' title='bbox 2324 1971 2506 2014; x_wconf 83' lang='lat' dir='ltr'><strong>creata</strong></span> <span class='ocrx_word' id='word_1_637' title='bbox 2560 1961 2661 2017; x_wconf 88' lang='lat' dir='ltr'><strong>hoc</strong></span> <span class='ocrx_word' id='word_1_638' title='bbox 2715 1975 2935 2019; x_wconf 90' lang='lat' dir='ltr'><strong>noverat</strong></span> <span class='ocrx_word' id='word_1_639' title='bbox 2962 1984 2975 2019; x_wconf 87' lang='lat'><strong>:</strong></span> <span class='ocrx_word' id='word_1_640' title='bbox 3003 1965 3105 2020; x_wconf 89' lang='lat' dir='ltr'><strong>hoc</strong></span> <span class='ocrx_word' id='word_1_641' title='bbox 3134 1967 3276 2021; x_wconf 92' lang='lat' dir='ltr'><strong>enim</strong></span> <span class='ocrx_word' id='word_1_642' title='bbox 3309 1976 3425 2022; x_wconf 85' lang='lat' dir='ltr'><strong>crat</strong></span> <span class='ocrx_word' id='word_1_643' title='bbox 3451 1979 3653 2040; x_wconf 88' lang='lat' dir='ltr'><strong>myste-</strong></span> 
     </span>
    </p>
   </div>
   <div class='ocr_carea' id='block_1_77' title="bbox 2058 2049 3654 2124">
    <p class='ocr_par' dir='ltr' id='par_1_77' title="bbox 2058 2049 3654 2124">
     <span class='ocr_line' id='line_1_77' title="bbox 2058 2049 3654 2124; baseline 0.008 -23"><span class='ocrx_word' id='word_1_644' title='bbox 2058 2049 2220 2116; x_wconf 90' lang='lat' dir='ltr'><strong>rium,</strong></span> <span class='ocrx_word' id='word_1_645' title='bbox 2253 2062 2306 2106; x_wconf 89' lang='lat' dir='ltr'><strong>et</strong></span> <span class='ocrx_word' id='word_1_646' title='bbox 2334 2068 2438 2107; x_wconf 90' lang='lat' dir='ltr'><strong>non</strong></span> <span class='ocrx_word' id='word_1_647' title='bbox 2496 2064 2614 2108; x_wconf 89' lang='lat' dir='ltr'><strong>erat</strong></span> <span class='ocrx_word' id='word_1_648' title='bbox 2664 2057 2912 2124; x_wconf 89' lang='lat' dir='ltr'><strong>cuiquam</strong></span> <span class='ocrx_word' id='word_1_649' title='bbox 2965 2058 3284 2112; x_wconf 83' lang='lat' dir='ltr'><strong>revelatum.</strong></span> <span class='ocrx_word' id='word_1_650' title='bbox 3319 2059 3654 2113; x_wconf 80' lang='lat' dir='ltr'><strong>Prudentium</strong></span> 
     </span>
    </p>
   </div>
   <div class='ocr_carea' id='block_1_78' title="bbox 2059 2148 3653 2222">
    <p class='ocr_par' dir='ltr' id='par_1_78' title="bbox 2059 2148 3653 2222">
     <span class='ocr_line' id='line_1_78' title="bbox 2059 2148 3653 2222; baseline 0.005 -24"><span class='ocrx_word' id='word_1_651' title='bbox 2059 2163 2244 2212; x_wconf 84' lang='lat' dir='ltr'><strong>meam,</strong></span> <span class='ocrx_word' id='word_1_652' title='bbox 2271 2148 2461 2217; x_wconf 87' lang='lat' dir='ltr'><strong>inquit,</strong></span> <span class='ocrx_word' id='word_1_653' title='bbox 2505 2149 2806 2220; x_wconf 84' lang='lat' dir='ltr'><strong>intelligere.</strong></span> <span class='ocrx_word' id='word_1_654' title='bbox 2861 2150 3114 2206; x_wconf 86' lang='lat' dir='ltr'><strong>Fortasse</strong></span> <span class='ocrx_word' id='word_1_655' title='bbox 3168 2152 3373 2215; x_wconf 89' lang='lat' dir='ltr'><strong>innuit,</strong></span> <span class='ocrx_word' id='word_1_656' title='bbox 3404 2152 3544 2222; x_wconf 91' lang='lat' dir='ltr'><strong>quod</strong></span> <span class='ocrx_word' id='word_1_657' title='bbox 3573 2153 3653 2206; x_wconf 88' lang='lat' dir='ltr'><strong>eis</strong></span> 
     </span>
    </p>
   </div>
   <div class='ocr_carea' id='block_1_79' title="bbox 2059 2237 3650 2313">
    <p class='ocr_par' dir='ltr' id='par_1_79' title="bbox 2059 2237 3650 2313">
     <span class='ocr_line' id='line_1_79' title="bbox 2059 2237 3650 2313; baseline 0.004 -23"><span class='ocrx_word' id='word_1_658' title='bbox 2059 2237 2199 2292; x_wconf 75' lang='lat' dir='ltr'><strong>dixit</strong></span> <span class='ocrx_word' id='word_1_659' title='bbox 2243 2239 2293 2292; x_wconf 92' lang='lat' dir='ltr'><strong>in</strong></span> <span class='ocrx_word' id='word_1_660' title='bbox 2327 2241 2472 2293; x_wconf 83' lang='lat' dir='ltr'><strong>Actis</strong></span> <span class='ocrx_word' id='word_1_661' title='bbox 2499 2283 2514 2306; x_wconf 95' lang='lat'><strong>,</strong></span> <span class='ocrx_word' id='word_1_662' title='bbox 2545 2242 2686 2310; x_wconf 88' lang='lat' dir='ltr'><strong>quod</strong></span> <span class='ocrx_word' id='word_1_663' title='bbox 2720 2241 2790 2296; x_wconf 91' lang='lat' dir='ltr'><strong>sit</strong></span> <span class='ocrx_word' id='word_1_664' title='bbox 2821 2242 2938 2311; x_wconf 87' lang='lat' dir='ltr'><strong>ejus</strong></span> <span class='ocrx_word' id='word_1_665' title='bbox 2965 2242 3212 2312; x_wconf 77' lang='lat' dir='ltr'><strong>quaedam</strong></span> <span class='ocrx_word' id='word_1_666' title='bbox 3245 2243 3599 2313; x_wconf 87' lang='lat' dir='ltr'><strong>intelligentia</strong></span> <span class='ocrx_word' id='word_1_667' title='bbox 3635 2284 3650 2306; x_wconf 92' lang='lat'><strong>,</strong></span> 
     </span>
    </p>
   </div>
   <div class='ocr_carea' id='block_1_80' title="bbox 2060 2333 3650 2404">
    <p class='ocr_par' dir='ltr' id='par_1_80' title="bbox 2060 2333 3650 2404">
     <span class='ocr_line' id='line_1_80' title="bbox 2060 2333 3650 2404; baseline 0.003 -20"><span class='ocrx_word' id='word_1_668' title='bbox 2060 2343 2114 2384; x_wconf 90' lang='lat' dir='ltr'><strong>ut</strong></span> <span class='ocrx_word' id='word_1_669' title='bbox 2151 2333 2312 2386; x_wconf 88' lang='lat' dir='ltr'><strong>etiam</strong></span> <span class='ocrx_word' id='word_1_670' title='bbox 2356 2342 2544 2403; x_wconf 87' lang='lat' dir='ltr'><strong>gentes</strong></span> <span class='ocrx_word' id='word_1_671' title='bbox 2571 2342 2744 2388; x_wconf 92' lang='lat' dir='ltr'><strong>vocct.</strong></span> <span class='ocrx_word' id='word_1_672' title='bbox 2774 2333 2922 2390; x_wconf 82' lang='lat' dir='ltr'><strong>Hanc</strong></span> <span class='ocrx_word' id='word_1_673' title='bbox 2947 2351 3100 2389; x_wconf 91' lang='lat' dir='ltr'><strong>suam</strong></span> <span class='ocrx_word' id='word_1_674' title='bbox 3131 2334 3259 2389; x_wconf 90' lang='lat' dir='ltr'><strong>dicit</strong></span> <span class='ocrx_word' id='word_1_675' title='bbox 3311 2335 3650 2404; x_wconf 88' lang='lat' dir='ltr'><strong>prudentiam</strong></span> 
     </span>
    </p>
   </div>
   <div class='ocr_carea' id='block_1_81' title="bbox 2059 2425 3652 2498">
    <p class='ocr_par' dir='ltr' id='par_1_81' title="bbox 2059 2425 3652 2498">
     <span class='ocr_line' id='line_1_81' title="bbox 2059 2425 3652 2498; baseline 0.001 -21"><span class='ocrx_word' id='word_1_676' title='bbox 2059 2426 2321 2494; x_wconf 83' lang='lat' dir='ltr'><strong>mysterii,</strong></span> <span class='ocrx_word' id='word_1_677' title='bbox 2353 2426 2494 2494; x_wconf 90' lang='lat' dir='ltr'><strong>quod</strong></span> <span class='ocrx_word' id='word_1_678' title='bbox 2539 2425 2692 2493; x_wconf 86' lang='lat' dir='ltr'><strong>dixit,</strong></span> <span class='ocrx_word' id='word_1_679' title='bbox 2723 2426 2868 2498; x_wconf 91' lang='lat' dir='ltr'><strong>quod</strong></span> <span class='ocrx_word' id='word_1_680' title='bbox 2899 2428 2949 2479; x_wconf 93' lang='lat' dir='ltr'><strong>in</strong></span> <span class='ocrx_word' id='word_1_681' title='bbox 2975 2427 3157 2496; x_wconf 81' lang='lat' dir='ltr'><strong>seipso</strong></span> <span class='ocrx_word' id='word_1_682' title='bbox 3183 2426 3377 2482; x_wconf 90' lang='lat' dir='ltr'><strong>condet</strong></span> <span class='ocrx_word' id='word_1_683' title='bbox 3405 2427 3460 2480; x_wconf 91' lang='lat' dir='ltr'><strong>in</strong></span> <span class='ocrx_word' id='word_1_684' title='bbox 3488 2442 3652 2480; x_wconf 91' lang='lat' dir='ltr'><strong>unum</strong></span> 
     </span>
    </p>
   </div>
   <div class='ocr_carea' id='block_1_82' title="bbox 2059 2518 3650 2590">
    <p class='ocr_par' dir='ltr' id='par_1_82' title="bbox 2059 2518 3650 2590">
     <span class='ocr_line' id='line_1_82' title="bbox 2059 2518 3650 2590; baseline 0.001 -19"><span class='ocrx_word' id='word_1_685' title='bbox 2059 2534 2256 2572; x_wconf 82' lang='lat' dir='ltr'><strong>novum</strong></span> <span class='ocrx_word' id='word_1_686' title='bbox 2311 2518 2607 2574; x_wconf 88' lang='lat' dir='ltr'><strong>hominem.</strong></span> <span class='ocrx_word' id='word_1_687' title='bbox 2643 2522 2681 2574; x_wconf 83' lang='lat' dir='ltr'><strong>A</strong></span> <span class='ocrx_word' id='word_1_688' title='bbox 2712 2521 3044 2576; x_wconf 83' lang='lat' dir='ltr'><strong>revelatione</strong></span> <span class='ocrx_word' id='word_1_689' title='bbox 3091 2521 3233 2574; x_wconf 92' lang='lat' dir='ltr'><strong>enim</strong></span> <span class='ocrx_word' id='word_1_690' title='bbox 3279 2520 3466 2574; x_wconf 90' lang='lat' dir='ltr'><strong>didicit</strong></span> <span class='ocrx_word' id='word_1_691' title='bbox 3510 2519 3650 2590; x_wconf 89' lang='lat' dir='ltr'><strong>quod</strong></span> 
     </span>
    </p>
   </div>
   <div class='ocr_carea' id='block_1_83' title="bbox 2059 2614 3650 2684">
    <p class='ocr_par' dir='ltr' id='par_1_83' title="bbox 2059 2614 3650 2684">
     <span class='ocr_line' id='line_1_83' title="bbox 2059 2614 3650 2684; baseline -0.001 -20"><span class='ocrx_word' id='word_1_692' title='bbox 2059 2628 2164 2665; x_wconf 92' lang='lat' dir='ltr'><strong>non</strong></span> <span class='ocrx_word' id='word_1_693' title='bbox 2218 2623 2465 2682; x_wconf 86' lang='lat' dir='ltr'><strong>nporteat</strong></span> <span class='ocrx_word' id='word_1_694' title='bbox 2510 2623 2699 2684; x_wconf 86' lang='lat' dir='ltr'><strong>gentes</strong></span> <span class='ocrx_word' id='word_1_695' title='bbox 2752 2615 3072 2679; x_wconf 85' lang='lat' dir='ltr'><strong>abominari,</strong></span> <span class='ocrx_word' id='word_1_696' title='bbox 3105 2624 3158 2668; x_wconf 91' lang='lat' dir='ltr'><strong>et</strong></span> <span class='ocrx_word' id='word_1_697' title='bbox 3189 2616 3303 2684; x_wconf 89' lang='lat' dir='ltr'><strong>ipse</strong></span> <span class='ocrx_word' id='word_1_698' title='bbox 3333 2625 3384 2668; x_wconf 90' lang='lat' dir='ltr'><strong>et</strong></span> <span class='ocrx_word' id='word_1_699' title='bbox 3414 2614 3607 2668; x_wconf 87' lang='lat' dir='ltr'><strong>Petrus</strong></span> <span class='ocrx_word' id='word_1_700' title='bbox 3635 2631 3650 2662; x_wconf 88' lang='lat'><strong>:</strong></span> 
     </span>
    </p>
   </div>
   <div class='ocr_carea' id='block_1_84' title="bbox 2061 2705 3653 2777">
    <p class='ocr_par' dir='ltr' id='par_1_84' title="bbox 2061 2705 3653 2777">
     <span class='ocr_line' id='line_1_84' title="bbox 2061 2705 3653 2777; baseline 0 -21"><span class='ocrx_word' id='word_1_701' title='bbox 2061 2705 2162 2758; x_wconf 91' lang='lat' dir='ltr'><strong>hoc</strong></span> <span class='ocrx_word' id='word_1_702' title='bbox 2186 2705 2316 2758; x_wconf 90' lang='lat' dir='ltr'><strong>dicit</strong></span> <span class='ocrx_word' id='word_1_703' title='bbox 2345 2707 2394 2758; x_wconf 92' lang='lat' dir='ltr'><strong>in</strong></span> <span class='ocrx_word' id='word_1_704' title='bbox 2419 2721 2520 2760; x_wconf 85' lang='lat' dir='ltr'><strong>sua</strong></span> <span class='ocrx_word' id='word_1_705' title='bbox 2548 2706 2886 2762; x_wconf 82' lang='lat' dir='ltr'><strong>defensione.</strong></span> <span class='ocrx_word' id='word_1_706' title='bbox 2929 2708 2980 2760; x_wconf 88' lang='lat'><strong>7.</strong></span> <span class='ocrx_word' id='word_1_707' title='bbox 3009 2708 3167 2772; x_wconf 81' lang='lat' dir='ltr'><strong>Cuius</strong></span> <span class='ocrx_word' id='word_1_708' title='bbox 3217 2709 3382 2777; x_wconf 80' lang='lat' dir='ltr'><strong>factus</strong></span> <span class='ocrx_word' id='word_1_709' title='bbox 3422 2722 3534 2759; x_wconf 89' lang='lat' dir='ltr'><strong>sum</strong></span> <span class='ocrx_word' id='word_1_710' title='bbox 3561 2721 3653 2775; x_wconf 88' lang='lat' dir='ltr'><strong>ego</strong></span> 
     </span>
    </p>
   </div>
   <div class='ocr_carea' id='block_1_85' title="bbox 2057 2796 3653 2868">
    <p class='ocr_par' dir='ltr' id='par_1_85' title="bbox 2057 2796 3653 2868">
     <span class='ocr_line' id='line_1_85' title="bbox 2057 2796 3653 2868; baseline 0.001 -20"><span class='ocrx_word' id='word_1_711' title='bbox 2057 2796 2286 2850; x_wconf 87' lang='lat' dir='ltr'><strong>minister</strong></span> <span class='ocrx_word' id='word_1_712' title='bbox 2310 2797 2590 2850; x_wconf 87' lang='lat' dir='ltr'><strong>secundum</strong></span> <span class='ocrx_word' id='word_1_713' title='bbox 2645 2797 2838 2850; x_wconf 86' lang='lat' dir='ltr'><strong>donum</strong></span> <span class='ocrx_word' id='word_1_714' title='bbox 2879 2798 3060 2868; x_wconf 70' lang='lat' dir='ltr'><strong>gratia:</strong></span> <span class='ocrx_word' id='word_1_715' title='bbox 3101 2797 3222 2862; x_wconf 89' lang='lat' dir='ltr'><strong>Dei,</strong></span> <span class='ocrx_word' id='word_1_716' title='bbox 3252 2813 3365 2866; x_wconf 69' lang='lat' dir='ltr'><strong>qua:</strong></span> <span class='ocrx_word' id='word_1_717' title='bbox 3412 2797 3535 2850; x_wconf 86' lang='lat' dir='ltr'><strong>data</strong></span> <span class='ocrx_word' id='word_1_718' title='bbox 3581 2806 3653 2850; x_wconf 88' lang='lat' dir='ltr'><strong>est</strong></span> 
     </span>
    </p>
   </div>
   <div class='ocr_carea' id='block_1_86' title="bbox 2060 2888 3652 2958">
    <p class='ocr_par' dir='ltr' id='par_1_86' title="bbox 2060 2888 3652 2958">
     <span class='ocr_line' id='line_1_86' title="bbox 2060 2888 3652 2958; baseline 0 -16"><span class='ocrx_word' id='word_1_719' title='bbox 2060 2890 2185 2942; x_wconf 87' lang='lat' dir='ltr'><strong>mihi</strong></span> <span class='ocrx_word' id='word_1_720' title='bbox 2215 2889 2492 2942; x_wconf 78' lang='lat' dir='ltr'><strong>secundum</strong></span> <span class='ocrx_word' id='word_1_721' title='bbox 2519 2892 2865 2957; x_wconf 86' lang='lat' dir='ltr'><strong>aperationem</strong></span> <span class='ocrx_word' id='word_1_722' title='bbox 2893 2890 3090 2941; x_wconf 89' lang='lat' dir='ltr'><strong>virtutis</strong></span> <span class='ocrx_word' id='word_1_723' title='bbox 3121 2889 3250 2958; x_wconf 88' lang='lat' dir='ltr'><strong>ejus.</strong></span> <span class='ocrx_word' id='word_1_724' title='bbox 3282 2888 3421 2941; x_wconf 81' lang='lat' dir='ltr'><strong>Dixit</strong></span> <span class='ocrx_word' id='word_1_725' title='bbox 3448 2903 3504 2941; x_wconf 89' lang='lat' dir='ltr'><strong>se</strong></span> <span class='ocrx_word' id='word_1_726' title='bbox 3529 2903 3652 2942; x_wconf 86' lang='lat' dir='ltr'><strong>esse</strong></span> 
     </span>
    </p>
   </div>
   <div class='ocr_carea' id='block_1_87' title="bbox 2057 2979 3652 3051">
    <p class='ocr_par' dir='ltr' id='par_1_87' title="bbox 2057 2979 3652 3051">
     <span class='ocr_line' id='line_1_87' title="bbox 2057 2979 3652 3051; baseline 0 -19"><span class='ocrx_word' id='word_1_727' title='bbox 2057 2982 2316 3046; x_wconf 85' lang='lat' dir='ltr'><strong>vinctum,</strong></span> <span class='ocrx_word' id='word_1_728' title='bbox 2345 2981 2437 3035; x_wconf 90' lang='lat' dir='ltr'><strong>sed</strong></span> <span class='ocrx_word' id='word_1_729' title='bbox 2467 2997 2650 3035; x_wconf 59' lang='lat' dir='ltr'><strong>rursus</strong></span> <span class='ocrx_word' id='word_1_730' title='bbox 2680 2989 2845 3036; x_wconf 89' lang='lat' dir='ltr'><strong>totum</strong></span> <span class='ocrx_word' id='word_1_731' title='bbox 2886 2981 3002 3051; x_wconf 87' lang='lat' dir='ltr'><strong>ejus</strong></span> <span class='ocrx_word' id='word_1_732' title='bbox 3030 2980 3292 3034; x_wconf 80' lang='lat' dir='ltr'><strong>essedicit</strong></span> <span class='ocrx_word' id='word_1_733' title='bbox 3317 2995 3329 3043; x_wconf 88' lang='lat'>;</span> <span class='ocrx_word' id='word_1_734' title='bbox 3361 2979 3652 3034; x_wconf 88' lang='lat' dir='ltr'><strong>Secundum</strong></span> 
     </span>
    </p>
   </div>
   <div class='ocr_carea' id='block_1_88' title="bbox 2059 3070 3652 3143">
    <p class='ocr_par' dir='ltr' id='par_1_88' title="bbox 2059 3070 3652 3143">
     <span class='ocr_line' id='line_1_88' title="bbox 2059 3070 3652 3143; baseline -0.002 -17"><span class='ocrx_word' id='word_1_735' title='bbox 2059 3074 2248 3126; x_wconf 90' lang='lat' dir='ltr'><strong>donum</strong></span> <span class='ocrx_word' id='word_1_736' title='bbox 2277 3074 2458 3143; x_wconf 68' lang='lat' dir='ltr'><strong>gratia:</strong></span> <span class='ocrx_word' id='word_1_737' title='bbox 2505 3075 2650 3143; x_wconf 86' lang='lat' dir='ltr'><strong>ejus,</strong></span> <span class='ocrx_word' id='word_1_738' title='bbox 2700 3073 2993 3143; x_wconf 90' lang='lat' dir='ltr'><strong>inquiens:</strong></span> <span class='ocrx_word' id='word_1_739' title='bbox 3046 3070 3343 3126; x_wconf 82' lang='lat' dir='ltr'><strong>secundum</strong></span> <span class='ocrx_word' id='word_1_740' title='bbox 3396 3071 3652 3125; x_wconf 84' lang='lat' dir='ltr'><strong>virtutem</strong></span> 
     </span>
    </p>
   </div>
   <div class='ocr_carea' id='block_1_89' title="bbox 2057 3163 3650 3236">
    <p class='ocr_par' dir='ltr' id='par_1_89' title="bbox 2057 3163 3650 3236">
     <span class='ocr_line' id='line_1_89' title="bbox 2057 3163 3650 3236; baseline -0.004 -15"><span class='ocrx_word' id='word_1_741' title='bbox 2057 3169 2202 3221; x_wconf 89' lang='lat' dir='ltr'><strong>enim</strong></span> <span class='ocrx_word' id='word_1_742' title='bbox 2232 3183 2295 3222; x_wconf 90' lang='lat' dir='ltr'><strong>ac</strong></span> <span class='ocrx_word' id='word_1_743' title='bbox 2323 3177 2646 3236; x_wconf 66' lang='lat' dir='ltr'><strong>potestatein</strong></span> <span class='ocrx_word' id='word_1_744' title='bbox 2675 3167 2800 3222; x_wconf 91' lang='lat' dir='ltr'><strong>doni</strong></span> <span class='ocrx_word' id='word_1_745' title='bbox 2831 3166 2930 3220; x_wconf 84' lang='lat' dir='ltr'><strong>fuit</strong></span> <span class='ocrx_word' id='word_1_746' title='bbox 2955 3166 3186 3236; x_wconf 84' lang='lat' dir='ltr'><strong>dignitas</strong></span> <span class='ocrx_word' id='word_1_747' title='bbox 3216 3164 3376 3235; x_wconf 91' lang='lat' dir='ltr'><strong>hujus</strong></span> <span class='ocrx_word' id='word_1_748' title='bbox 3409 3163 3650 3218; x_wconf 85' lang='lat' dir='ltr'><strong>bOnoris.</strong></span> 
     </span>
    </p>
   </div>
   <div class='ocr_carea' id='block_1_90' title="bbox 2059 3259 3655 3328">
    <p class='ocr_par' dir='ltr' id='par_1_90' title="bbox 2059 3259 3655 3328">
     <span class='ocr_line' id='line_1_90' title="bbox 2059 3259 3655 3328; baseline -0.004 -10"><span class='ocrx_word' id='word_1_749' title='bbox 2059 3263 2166 3318; x_wconf 90' lang='lat' dir='ltr'><strong>Sed</strong></span> <span class='ocrx_word' id='word_1_750' title='bbox 2195 3280 2298 3318; x_wconf 93' lang='lat' dir='ltr'><strong>non</strong></span> <span class='ocrx_word' id='word_1_751' title='bbox 2323 3262 2626 3318; x_wconf 83' lang='lat' dir='ltr'><strong>snﬂ&#39;ecissct</strong></span> <span class='ocrx_word' id='word_1_752' title='bbox 2654 3263 2856 3317; x_wconf 88' lang='lat' dir='ltr'><strong>donum</strong></span> <span class='ocrx_word' id='word_1_753' title='bbox 2887 3303 2901 3328; x_wconf 92' lang='lat'><strong>,</strong></span> <span class='ocrx_word' id='word_1_754' title='bbox 2934 3261 3034 3315; x_wconf 90' lang='lat' dir='ltr'><strong>nisi</strong></span> <span class='ocrx_word' id='word_1_755' title='bbox 3067 3259 3142 3313; x_wconf 91' lang='lat' dir='ltr'><strong>illi</strong></span> <span class='ocrx_word' id='word_1_756' title='bbox 3176 3259 3462 3313; x_wconf 78' lang='lat' dir='ltr'><strong>indidisset</strong></span> <span class='ocrx_word' id='word_1_757' title='bbox 3488 3259 3655 3312; x_wconf 86' lang='lat' dir='ltr'><strong>virtu-</strong></span> 
     </span>
    </p>
   </div>
   <div class='ocr_carea' id='block_1_91' title="bbox 2060 3365 3676 3424">
    <p class='ocr_par' dir='ltr' id='par_1_91' title="bbox 2060 3365 3676 3424">
     <span class='ocr_line' id='line_1_91' title="bbox 2060 3365 3676 3424; baseline -0.008 -12"><span class='ocrx_word' id='word_1_758' title='bbox 2060 3367 2164 3412; x_wconf 86' lang='lat' dir='ltr'><strong>tem</strong></span> <span class='ocrx_word' id='word_1_759' title='bbox 2195 3373 2256 3410; x_wconf 88' lang='lat' dir='ltr'><strong>ac</strong></span> <span class='ocrx_word' id='word_1_760' title='bbox 2291 3365 2631 3424; x_wconf 85' lang='lat' dir='ltr'><strong>potestatem.</strong></span> <span class='ocrx_word' id='word_1_761' title='bbox 2761 3365 2766 3374; x_wconf 97' lang='lat'><em>‘</em></span> <span class='ocrx_word' id='word_1_762' title='bbox 3671 3412 3676 3416; x_wconf 20' lang='grc' dir='ltr'>ι</span> 
     </span>
    </p>
   </div>
   <div class='ocr_carea' id='block_1_92' title="bbox 2130 3447 3654 3523">
    <p class='ocr_par' dir='ltr' id='par_1_92' title="bbox 2130 3447 3654 3523">
     <span class='ocr_line' id='line_1_92' title="bbox 2130 3447 3654 3523; baseline -0.002 -20"><span class='ocrx_word' id='word_1_763' title='bbox 2130 3449 2287 3503; x_wconf 84' lang='lat' dir='ltr'><strong>Pauli</strong></span> <span class='ocrx_word' id='word_1_764' title='bbox 2314 3448 2784 3502; x_wconf 58' lang='lat' dir='ltr'><strong>virtus—Revera</strong></span> <span class='ocrx_word' id='word_1_765' title='bbox 2815 3447 2958 3502; x_wconf 91' lang='lat' dir='ltr'><strong>enim</strong></span> <span class='ocrx_word' id='word_1_766' title='bbox 2988 3463 3196 3518; x_wconf 80' lang='lat' dir='ltr'><strong>magna:</strong></span> <span class='ocrx_word' id='word_1_767' title='bbox 3227 3447 3325 3501; x_wconf 77' lang='lat' dir='ltr'><strong>fuit</strong></span> <span class='ocrx_word' id='word_1_768' title='bbox 3352 3447 3565 3501; x_wconf 88' lang='lat' dir='ltr'><strong>virtutis</strong></span> <span class='ocrx_word' id='word_1_769' title='bbox 3589 3462 3654 3523; x_wconf 82' lang='lat' dir='ltr'><strong>ac</strong></span> 
     </span>
    </p>
   </div>
   <div class='ocr_carea' id='block_1_93' title="bbox 2058 3539 3656 3612">
    <p class='ocr_par' dir='ltr' id='par_1_93' title="bbox 2058 3539 3656 3612">
     <span class='ocr_line' id='line_1_93' title="bbox 2058 3539 3656 3612; baseline 0 -17"><span class='ocrx_word' id='word_1_770' title='bbox 2058 3542 2366 3612; x_wconf 89' lang='lat' dir='ltr'><strong>potestatis;</strong></span> <span class='ocrx_word' id='word_1_771' title='bbox 2401 3555 2500 3595; x_wconf 86' lang='lat' dir='ltr'><strong>nec</strong></span> <span class='ocrx_word' id='word_1_772' title='bbox 2533 3539 2764 3593; x_wconf 87' lang='lat' dir='ltr'><strong>humana</strong></span> <span class='ocrx_word' id='word_1_773' title='bbox 2795 3540 3092 3594; x_wconf 79' lang='lat' dir='ltr'><strong>sufﬁciebat</strong></span> <span class='ocrx_word' id='word_1_774' title='bbox 3120 3540 3391 3610; x_wconf 83' lang='lat' dir='ltr'><strong>diligentia</strong></span> <span class='ocrx_word' id='word_1_775' title='bbox 3420 3549 3474 3595; x_wconf 92' lang='lat' dir='ltr'><strong>et</strong></span> <span class='ocrx_word' id='word_1_776' title='bbox 3501 3542 3656 3595; x_wconf 91' lang='lat' dir='ltr'><strong>indu-</strong></span> 
     </span>
    </p>
   </div>
   <div class='ocr_carea' id='block_1_94' title="bbox 2058 3629 3650 3699">
    <p class='ocr_par' dir='ltr' id='par_1_94' title="bbox 2058 3629 3650 3699">
     <span class='ocr_line' id='line_1_94' title="bbox 2058 3629 3650 3699; baseline -0.002 -12"><span class='ocrx_word' id='word_1_777' title='bbox 2058 3635 2210 3687; x_wconf 86' lang='lat' dir='ltr'><strong>stria.</strong></span> <span class='ocrx_word' id='word_1_778' title='bbox 2241 3631 2363 3684; x_wconf 88' lang='lat' dir='ltr'><strong>Tria</strong></span> <span class='ocrx_word' id='word_1_779' title='bbox 2391 3631 2534 3683; x_wconf 87' lang='lat' dir='ltr'><strong>enim</strong></span> <span class='ocrx_word' id='word_1_780' title='bbox 2581 3631 2760 3684; x_wconf 90' lang='lat' dir='ltr'><strong>attulit</strong></span> <span class='ocrx_word' id='word_1_781' title='bbox 2785 3630 2850 3684; x_wconf 89' lang='lat' dir='ltr'><strong>ad</strong></span> <span class='ocrx_word' id='word_1_782' title='bbox 2896 3631 3330 3699; x_wconf 71' lang='lat' dir='ltr'><strong>prmdicatiouem</strong></span> <span class='ocrx_word' id='word_1_783' title='bbox 3375 3650 3388 3683; x_wconf 91' lang='lat'><strong>:</strong></span> <span class='ocrx_word' id='word_1_784' title='bbox 3435 3629 3650 3684; x_wconf 84' lang='lat' dir='ltr'><strong>ferven-</strong></span> 
     </span>
    </p>
   </div>
   <div class='ocr_carea' id='block_1_95' title="bbox 2058 3721 3654 3790">
    <p class='ocr_par' dir='ltr' id='par_1_95' title="bbox 2058 3721 3654 3790">
     <span class='ocr_line' id='line_1_95' title="bbox 2058 3721 3654 3790; baseline -0.001 -13"><span class='ocrx_word' id='word_1_785' title='bbox 2058 3733 2165 3778; x_wconf 91' lang='lat' dir='ltr'><strong>tem</strong></span> <span class='ocrx_word' id='word_1_786' title='bbox 2197 3733 2250 3776; x_wconf 89' lang='lat' dir='ltr'><strong>et</strong></span> <span class='ocrx_word' id='word_1_787' title='bbox 2279 3722 2536 3775; x_wconf 88' lang='lat' dir='ltr'><strong>audacem</strong></span> <span class='ocrx_word' id='word_1_788' title='bbox 2570 3722 2734 3774; x_wconf 88' lang='lat' dir='ltr'><strong>animi</strong></span> <span class='ocrx_word' id='word_1_789' title='bbox 2785 3721 3118 3775; x_wconf 86' lang='lat' dir='ltr'><strong>alacritatem</strong></span> <span class='ocrx_word' id='word_1_790' title='bbox 3146 3762 3160 3785; x_wconf 90' lang='lat'><strong>,</strong></span> <span class='ocrx_word' id='word_1_791' title='bbox 3216 3730 3270 3775; x_wconf 91' lang='lat' dir='ltr'><strong>et</strong></span> <span class='ocrx_word' id='word_1_792' title='bbox 3307 3721 3373 3774; x_wconf 90' lang='lat' dir='ltr'><strong>ad</strong></span> <span class='ocrx_word' id='word_1_793' title='bbox 3425 3721 3654 3790; x_wconf 78' lang='lat' dir='ltr'><strong>quodvis</strong></span> 
     </span>
    </p>
   </div>
   <div class='ocr_carea' id='block_1_96' title="bbox 2058 3814 3654 3883">
    <p class='ocr_par' dir='ltr' id='par_1_96' title="bbox 2058 3814 3654 3883">
     <span class='ocr_line' id='line_1_96' title="bbox 2058 3814 3654 3883; baseline -0.001 -14"><span class='ocrx_word' id='word_1_794' title='bbox 2058 3815 2431 3869; x_wconf 87' lang='lat' dir='ltr'><strong>sustinendum</strong></span> <span class='ocrx_word' id='word_1_795' title='bbox 2472 3824 2709 3882; x_wconf 86' lang='lat' dir='ltr'><strong>paratam</strong></span> <span class='ocrx_word' id='word_1_796' title='bbox 2750 3814 2984 3866; x_wconf 86' lang='lat' dir='ltr'><strong>animam</strong></span> <span class='ocrx_word' id='word_1_797' title='bbox 3012 3855 3026 3877; x_wconf 92' lang='lat'><strong>,</strong></span> <span class='ocrx_word' id='word_1_798' title='bbox 3060 3822 3114 3867; x_wconf 83' lang='lat' dir='ltr'><strong>et</strong></span> <span class='ocrx_word' id='word_1_799' title='bbox 3144 3814 3552 3883; x_wconf 86' lang='lat' dir='ltr'><strong>intelligentiam</strong></span> <span class='ocrx_word' id='word_1_800' title='bbox 3591 3830 3654 3869; x_wconf 92' lang='lat' dir='ltr'><strong>ac</strong></span> 
     </span>
    </p>
   </div>
   <div class='ocr_carea' id='block_1_97' title="bbox 2057 3905 3654 3978">
    <p class='ocr_par' dir='ltr' id='par_1_97' title="bbox 2057 3905 3654 3978">
     <span class='ocr_line' id='line_1_97' title="bbox 2057 3905 3654 3978; baseline -0.001 -15"><span class='ocrx_word' id='word_1_801' title='bbox 2057 3909 2376 3978; x_wconf 87' lang='lat' dir='ltr'><strong>sapientiam</strong></span> <span class='ocrx_word' id='word_1_802' title='bbox 2413 3924 2425 3959; x_wconf 92' lang='lat'><strong>:</strong></span> <span class='ocrx_word' id='word_1_803' title='bbox 2459 3923 2562 3960; x_wconf 89' lang='lat' dir='ltr'><strong>non</strong></span> <span class='ocrx_word' id='word_1_804' title='bbox 2595 3905 2898 3960; x_wconf 81' lang='lat' dir='ltr'><strong>sufﬁciebat</strong></span> <span class='ocrx_word' id='word_1_805' title='bbox 2942 3906 3082 3959; x_wconf 92' lang='lat' dir='ltr'><strong>enim</strong></span> <span class='ocrx_word' id='word_1_806' title='bbox 3113 3905 3358 3960; x_wconf 84' lang='lat' dir='ltr'><strong>lubenter</strong></span> <span class='ocrx_word' id='word_1_807' title='bbox 3382 3906 3529 3960; x_wconf 87' lang='lat' dir='ltr'><strong>adire</strong></span> <span class='ocrx_word' id='word_1_808' title='bbox 3560 3921 3654 3976; x_wconf 85' lang='lat' dir='ltr'><strong>pe-</strong></span> 
     </span>
    </p>
   </div>
   <div class='ocr_carea' id='block_1_98' title="bbox 2057 3999 3655 4072">
    <p class='ocr_par' dir='ltr' id='par_1_98' title="bbox 2057 3999 3655 4072">
     <span class='ocr_line' id='line_1_98' title="bbox 2057 3999 3655 4072; baseline -0.003 -14"><span class='ocrx_word' id='word_1_809' title='bbox 2057 4005 2244 4070; x_wconf 89' lang='lat' dir='ltr'><strong>ricula,</strong></span> <span class='ocrx_word' id='word_1_810' title='bbox 2272 4006 2375 4057; x_wconf 89' lang='lat' dir='ltr'><strong>vita</strong></span> <span class='ocrx_word' id='word_1_811' title='bbox 2405 4003 2454 4055; x_wconf 92' lang='lat' dir='ltr'><strong>in</strong></span> <span class='ocrx_word' id='word_1_812' title='bbox 2474 4018 2630 4072; x_wconf 91' lang='lat' dir='ltr'><strong>quam</strong></span> <span class='ocrx_word' id='word_1_813' title='bbox 2653 4017 2755 4054; x_wconf 85' lang='lat' dir='ltr'><strong>non</strong></span> <span class='ocrx_word' id='word_1_814' title='bbox 2780 4001 3004 4055; x_wconf 88' lang='lat' dir='ltr'><strong>cadebat</strong></span> <span class='ocrx_word' id='word_1_815' title='bbox 3033 3999 3400 4068; x_wconf 85' lang='lat' dir='ltr'><strong>reprehensio,</strong></span> <span class='ocrx_word' id='word_1_816' title='bbox 3425 4001 3524 4054; x_wconf 90' lang='lat' dir='ltr'><strong>nisi</strong></span> <span class='ocrx_word' id='word_1_817' title='bbox 3548 4001 3655 4054; x_wconf 87' lang='lat' dir='ltr'><strong>vir-</strong></span> 
     </span>
    </p>
   </div>
   <div class='ocr_carea' id='block_1_99' title="bbox 2061 4091 3652 4163">
    <p class='ocr_par' dir='ltr' id='par_1_99' title="bbox 2061 4091 3652 4163">
     <span class='ocr_line' id='line_1_99' title="bbox 2061 4091 3652 4163; baseline -0.003 -14"><span class='ocrx_word' id='word_1_818' title='bbox 2061 4105 2226 4149; x_wconf 84' lang='lat' dir='ltr'><strong>tutem</strong></span> <span class='ocrx_word' id='word_1_819' title='bbox 2259 4093 2488 4163; x_wconf 87' lang='lat' dir='ltr'><strong>Spiritus</strong></span> <span class='ocrx_word' id='word_1_820' title='bbox 2520 4093 2832 4162; x_wconf 76' lang='lat' dir='ltr'><strong>accepisset.</strong></span> <span class='ocrx_word' id='word_1_821' title='bbox 2859 4092 2924 4145; x_wconf 77' lang='lat' dir='ltr'><strong>Et</strong></span> <span class='ocrx_word' id='word_1_822' title='bbox 2956 4091 3008 4145; x_wconf 88' lang='lat' dir='ltr'><strong>id</strong></span> <span class='ocrx_word' id='word_1_823' title='bbox 3029 4092 3255 4160; x_wconf 87' lang='lat' dir='ltr'><strong>primum</strong></span> <span class='ocrx_word' id='word_1_824' title='bbox 3280 4107 3344 4146; x_wconf 82' lang='lat' dir='ltr'><strong>ex</strong></span> <span class='ocrx_word' id='word_1_825' title='bbox 3379 4092 3493 4159; x_wconf 88' lang='lat' dir='ltr'><strong>ipso</strong></span> <span class='ocrx_word' id='word_1_826' title='bbox 3519 4107 3652 4146; x_wconf 86' lang='lat' dir='ltr'><strong>con-</strong></span> 
     </span>
    </p>
   </div>
   <div class='ocr_carea' id='block_1_100' title="bbox 2058 4181 3650 4254">
    <p class='ocr_par' dir='ltr' id='par_1_100' title="bbox 2058 4181 3650 4254">
     <span class='ocr_line' id='line_1_100' title="bbox 2058 4181 3650 4254; baseline -0.004 -14"><span class='ocrx_word' id='word_1_827' title='bbox 2058 4186 2341 4254; x_wconf 88' lang='lat' dir='ltr'><strong>templare,</strong></span> <span class='ocrx_word' id='word_1_828' title='bbox 2363 4183 2606 4237; x_wconf 85' lang='lat' dir='ltr'><strong>ituoaudi</strong></span> <span class='ocrx_word' id='word_1_829' title='bbox 2630 4199 2749 4236; x_wconf 88' lang='lat' dir='ltr'><strong>cum</strong></span> <span class='ocrx_word' id='word_1_830' title='bbox 2774 4182 3095 4236; x_wconf 88' lang='lat' dir='ltr'><strong>scribentem</strong></span> <span class='ocrx_word' id='word_1_831' title='bbox 3115 4181 3205 4236; x_wconf 89' lang='lat' dir='ltr'><strong>:Ut</strong></span> <span class='ocrx_word' id='word_1_832' title='bbox 3229 4199 3328 4235; x_wconf 87' lang='lat' dir='ltr'><strong>non</strong></span> <span class='ocrx_word' id='word_1_833' title='bbox 3343 4183 3650 4249; x_wconf 85' lang='lat' dir='ltr'><strong>vituperetur</strong></span> 
     </span>
    </p>
   </div>
   <div class='ocr_carea' id='block_1_101' title="bbox 2061 4274 3653 4347">
    <p class='ocr_par' dir='ltr' id='par_1_101' title="bbox 2061 4274 3653 4347">
     <span class='ocr_line' id='line_1_101' title="bbox 2061 4274 3653 4347; baseline -0.002 -15"><span class='ocrx_word' id='word_1_834' title='bbox 2061 4280 2396 4333; x_wconf 85' lang='lat' dir='ltr'><strong>ministerium</strong></span> <span class='ocrx_word' id='word_1_835' title='bbox 2427 4288 2651 4331; x_wconf 87' lang='lat' dir='ltr'><strong>nostrum</strong></span> <span class='ocrx_word' id='word_1_836' title='bbox 2676 4277 2752 4347; x_wconf 94' lang='lat'><strong>(2.</strong></span> <span class='ocrx_word' id='word_1_837' title='bbox 2781 4274 2898 4330; x_wconf 89' lang='lat' dir='ltr'><strong>Cor.</strong></span> <span class='ocrx_word' id='word_1_838' title='bbox 2929 4276 2982 4329; x_wconf 91' lang='lat'><strong>6.</strong></span> <span class='ocrx_word' id='word_1_839' title='bbox 3014 4277 3100 4346; x_wconf 75' lang='lat'><strong>3);</strong></span> <span class='ocrx_word' id='word_1_840' title='bbox 3131 4284 3185 4329; x_wconf 91' lang='lat' dir='ltr'><strong>ct</strong></span> <span class='ocrx_word' id='word_1_841' title='bbox 3215 4290 3423 4341; x_wconf 86' lang='lat' dir='ltr'><strong>rursus,</strong></span> <span class='ocrx_word' id='word_1_842' title='bbox 3451 4274 3653 4329; x_wconf 77' lang='lat' dir='ltr'><strong>Exhor—</strong></span> 
     </span>
    </p>
   </div>
   <div class='ocr_carea' id='block_1_102' title="bbox 2057 4367 3648 4436">
    <p class='ocr_par' dir='ltr' id='par_1_102' title="bbox 2057 4367 3648 4436">
     <span class='ocr_line' id='line_1_102' title="bbox 2057 4367 3648 4436; baseline -0.003 -12"><span class='ocrx_word' id='word_1_843' title='bbox 2057 4374 2178 4424; x_wconf 90' lang='lat' dir='ltr'><strong>tatio</strong></span> <span class='ocrx_word' id='word_1_844' title='bbox 2206 4372 2337 4424; x_wconf 90' lang='lat' dir='ltr'><strong>enim</strong></span> <span class='ocrx_word' id='word_1_845' title='bbox 2367 4380 2559 4431; x_wconf 87' lang='lat' dir='ltr'><strong>nostra,</strong></span> <span class='ocrx_word' id='word_1_846' title='bbox 2588 4385 2686 4421; x_wconf 88' lang='lat' dir='ltr'><strong>non</strong></span> <span class='ocrx_word' id='word_1_847' title='bbox 2713 4383 2775 4420; x_wconf 76' lang='lat' dir='ltr'><strong>ea:</strong></span> <span class='ocrx_word' id='word_1_848' title='bbox 2798 4383 2988 4430; x_wconf 86' lang='lat' dir='ltr'><strong>errore,</strong></span> <span class='ocrx_word' id='word_1_849' title='bbox 3031 4382 3188 4436; x_wconf 85' lang='lat' dir='ltr'><strong>neque</strong></span> <span class='ocrx_word' id='word_1_850' title='bbox 3212 4382 3276 4419; x_wconf 73' lang='lat' dir='ltr'><strong>ea:</strong></span> <span class='ocrx_word' id='word_1_851' title='bbox 3304 4367 3648 4433; x_wconf 87' lang='lat' dir='ltr'><strong>immunditia,</strong></span> 
     </span>
    </p>
   </div>
   <div class='ocr_carea' id='block_1_103' title="bbox 2059 4457 3654 4534">
    <p class='ocr_par' dir='ltr' id='par_1_103' title="bbox 2059 4457 3654 4534">
     <span class='ocr_line' id='line_1_103' title="bbox 2059 4457 3654 4534; baseline -0.001 -20"><span class='ocrx_word' id='word_1_852' title='bbox 2059 4479 2218 4534; x_wconf 75' lang='lat' dir='ltr'><strong>neque</strong></span> <span class='ocrx_word' id='word_1_853' title='bbox 2242 4463 2293 4514; x_wconf 87' lang='lat' dir='ltr'><strong>in</strong></span> <span class='ocrx_word' id='word_1_854' title='bbox 2321 4476 2547 4514; x_wconf 85' lang='lat' dir='ltr'><strong>sermone</strong></span> <span class='ocrx_word' id='word_1_855' title='bbox 2569 4459 2900 4521; x_wconf 87' lang='lat' dir='ltr'><strong>adulationis,</strong></span> <span class='ocrx_word' id='word_1_856' title='bbox 2931 4474 3088 4521; x_wconf 88' lang='lat' dir='ltr'><strong>neque</strong></span> <span class='ocrx_word' id='word_1_857' title='bbox 3107 4457 3159 4510; x_wconf 89' lang='lat' dir='ltr'><strong>in</strong></span> <span class='ocrx_word' id='word_1_858' title='bbox 3199 4459 3460 4511; x_wconf 87' lang='lat' dir='ltr'><strong>occasione</strong></span> <span class='ocrx_word' id='word_1_859' title='bbox 3484 4460 3654 4512; x_wconf 81' lang='lat' dir='ltr'><strong>avari-</strong></span> 
     </span>
    </p>
   </div>
   <div class='ocr_carea' id='block_1_104' title="bbox 2059 4551 3651 4624">
    <p class='ocr_par' dir='ltr' id='par_1_104' title="bbox 2059 4551 3651 4624">
     <span class='ocr_line' id='line_1_104' title="bbox 2059 4551 3651 4624; baseline -0.003 -15"><span class='ocrx_word' id='word_1_860' title='bbox 2059 4556 2142 4609; x_wconf 73' lang='lat' dir='ltr'><strong>tite</strong></span> <span class='ocrx_word' id='word_1_861' title='bbox 2163 4557 2241 4623; x_wconf 93' lang='grc'><strong>(1.</strong></span> <span class='ocrx_word' id='word_1_862' title='bbox 2279 4553 2522 4608; x_wconf 83' lang='lat' dir='ltr'><strong>Thess.2.</strong></span> <span class='ocrx_word' id='word_1_863' title='bbox 2551 4552 2632 4624; x_wconf 79' lang='lat'><strong>5).</strong></span> <span class='ocrx_word' id='word_1_864' title='bbox 2658 4552 2842 4606; x_wconf 77' lang='lat' dir='ltr'><strong>Vidisti</strong></span> <span class='ocrx_word' id='word_1_865' title='bbox 2867 4567 2971 4604; x_wconf 90' lang='lat' dir='ltr'><strong>non</strong></span> <span class='ocrx_word' id='word_1_866' title='bbox 3001 4566 3120 4606; x_wconf 89' lang='lat' dir='ltr'><strong>esse</strong></span> <span class='ocrx_word' id='word_1_867' title='bbox 3145 4551 3434 4604; x_wconf 82' lang='lat' dir='ltr'><strong>obnoxium</strong></span> <span class='ocrx_word' id='word_1_868' title='bbox 3465 4566 3651 4620; x_wconf 84' lang='lat' dir='ltr'><strong>repre-</strong></span> 
     </span>
    </p>
   </div>
   <div class='ocr_carea' id='block_1_105' title="bbox 2059 4641 3646 4710">
    <p class='ocr_par' dir='ltr' id='par_1_105' title="bbox 2059 4641 3646 4710">
     <span class='ocr_line' id='line_1_105' title="bbox 2059 4641 3646 4710; baseline -0.003 -9"><span class='ocrx_word' id='word_1_869' title='bbox 2059 4646 2352 4702; x_wconf 89' lang='lat' dir='ltr'><strong>hensioni?</strong></span> <span class='ocrx_word' id='word_1_870' title='bbox 2388 4647 2451 4699; x_wconf 88' lang='lat' dir='ltr'><strong>Et</strong></span> <span class='ocrx_word' id='word_1_871' title='bbox 2481 4661 2688 4710; x_wconf 87' lang='lat' dir='ltr'><strong>rursus,</strong></span> <span class='ocrx_word' id='word_1_872' title='bbox 2724 4642 3054 4697; x_wconf 88' lang='lat' dir='ltr'><strong>Providentes</strong></span> <span class='ocrx_word' id='word_1_873' title='bbox 3100 4641 3251 4707; x_wconf 84' lang='lat' dir='ltr'><strong>bona,</strong></span> <span class='ocrx_word' id='word_1_874' title='bbox 3311 4658 3418 4697; x_wconf 91' lang='lat' dir='ltr'><strong>non</strong></span> <span class='ocrx_word' id='word_1_875' title='bbox 3473 4645 3646 4697; x_wconf 88' lang='lat' dir='ltr'><strong>solum</strong></span> 
     </span>
    </p>
   </div>
   <div class='ocr_carea' id='block_1_106' title="bbox 2058 4733 3649 4806">
    <p class='ocr_par' dir='ltr' id='par_1_106' title="bbox 2058 4733 3649 4806">
     <span class='ocr_line' id='line_1_106' title="bbox 2058 4733 3649 4806; baseline -0.003 -13"><span class='ocrx_word' id='word_1_876' title='bbox 2058 4755 2240 4793; x_wconf 87' lang='lat' dir='ltr'><strong>coram</strong></span> <span class='ocrx_word' id='word_1_877' title='bbox 2275 4738 2517 4796; x_wconf 90' lang='lat' dir='ltr'><strong>Domino,</strong></span> <span class='ocrx_word' id='word_1_878' title='bbox 2549 4736 2642 4791; x_wconf 85' lang='lat' dir='ltr'><strong>sed</strong></span> <span class='ocrx_word' id='word_1_879' title='bbox 2666 4737 2826 4791; x_wconf 88' lang='lat' dir='ltr'><strong>etiam</strong></span> <span class='ocrx_word' id='word_1_880' title='bbox 2846 4753 3015 4789; x_wconf 88' lang='lat' dir='ltr'><strong>coram</strong></span> <span class='ocrx_word' id='word_1_881' title='bbox 3037 4735 3323 4789; x_wconf 87' lang='lat' dir='ltr'><strong>hominibus</strong></span> <span class='ocrx_word' id='word_1_882' title='bbox 3354 4733 3528 4806; x_wconf 86' lang='lat' dir='ltr'><strong>(Rom.</strong></span> <span class='ocrx_word' id='word_1_883' title='bbox 3561 4735 3649 4789; x_wconf 74' lang='lat' dir='ltr'><strong>i2.</strong></span> 
     </span>
    </p>
   </div>
   <div class='ocr_carea' id='block_1_107' title="bbox 2062 4826 3652 4899">
    <p class='ocr_par' dir='ltr' id='par_1_107' title="bbox 2062 4826 3652 4899">
     <span class='ocr_line' id='line_1_107' title="bbox 2062 4826 3652 4899; baseline -0.002 -16"><span class='ocrx_word' id='word_1_884' title='bbox 2062 4831 2173 4899; x_wconf 84' lang='grc'><strong>17).</strong></span> <span class='ocrx_word' id='word_1_885' title='bbox 2207 4829 2408 4882; x_wconf 90' lang='lat' dir='ltr'><strong>Deinde</strong></span> <span class='ocrx_word' id='word_1_886' title='bbox 2430 4828 2530 4881; x_wconf 90' lang='lat' dir='ltr'><strong>sub</strong></span> <span class='ocrx_word' id='word_1_887' title='bbox 2562 4827 2696 4892; x_wconf 76' lang='lat' dir='ltr'><strong>hzec,</strong></span> <span class='ocrx_word' id='word_1_888' title='bbox 2744 4826 2982 4892; x_wconf 82' lang='lat' dir='ltr'><strong>Quotidie</strong></span> <span class='ocrx_word' id='word_1_889' title='bbox 3031 4830 3241 4888; x_wconf 88' lang='lat' dir='ltr'><strong>moriar,</strong></span> <span class='ocrx_word' id='word_1_890' title='bbox 3288 4841 3378 4895; x_wconf 89' lang='lat' dir='ltr'><strong>per</strong></span> <span class='ocrx_word' id='word_1_891' title='bbox 3427 4837 3652 4880; x_wconf 86' lang='lat' dir='ltr'><strong>nostram</strong></span> 
     </span>
    </p>
   </div>
   <div class='ocr_carea' id='block_1_108' title="bbox 2059 4915 3650 4992">
    <p class='ocr_par' dir='ltr' id='par_1_108' title="bbox 2059 4915 3650 4992">
     <span class='ocr_line' id='line_1_108' title="bbox 2059 4915 3650 4992; baseline -0.003 -18"><span class='ocrx_word' id='word_1_892' title='bbox 2059 4921 2414 4992; x_wconf 90' lang='lat' dir='ltr'><strong>gloriationem</strong></span> <span class='ocrx_word' id='word_1_893' title='bbox 2436 4961 2450 4983; x_wconf 92' lang='lat'><strong>,</strong></span> <span class='ocrx_word' id='word_1_894' title='bbox 2481 4935 2635 4988; x_wconf 89' lang='lat' dir='ltr'><strong>quam</strong></span> <span class='ocrx_word' id='word_1_895' title='bbox 2657 4918 2814 4971; x_wconf 83' lang='lat' dir='ltr'><strong>habeo</strong></span> <span class='ocrx_word' id='word_1_896' title='bbox 2838 4918 2892 4970; x_wconf 90' lang='lat' dir='ltr'><strong>in</strong></span> <span class='ocrx_word' id='word_1_897' title='bbox 2921 4915 3118 4970; x_wconf 85' lang='lat' dir='ltr'><strong>Christo</strong></span> <span class='ocrx_word' id='word_1_898' title='bbox 3153 4915 3279 4969; x_wconf 86' lang='lat' dir='ltr'><strong>Jesu</strong></span> <span class='ocrx_word' id='word_1_899' title='bbox 3309 4916 3385 4985; x_wconf 89' lang='grc'><strong>(1.</strong></span> <span class='ocrx_word' id='word_1_900' title='bbox 3417 4916 3534 4968; x_wconf 87' lang='lat' dir='ltr'><strong>Cor.</strong></span> <span class='ocrx_word' id='word_1_901' title='bbox 3561 4918 3650 4971; x_wconf 79' lang='grc'><strong>15.</strong></span> 
     </span>
    </p>
   </div>
   <div class='ocr_carea' id='block_1_109' title="bbox 2059 5008 3654 5081">
    <p class='ocr_par' dir='ltr' id='par_1_109' title="bbox 2059 5008 3654 5081">
     <span class='ocr_line' id='line_1_109' title="bbox 2059 5008 3654 5081; baseline -0.006 -10"><span class='ocrx_word' id='word_1_902' title='bbox 2059 5017 2188 5081; x_wconf 81' lang='grc'><strong>51);</strong></span> <span class='ocrx_word' id='word_1_903' title='bbox 2223 5022 2276 5066; x_wconf 90' lang='lat' dir='ltr'><strong>ct</strong></span> <span class='ocrx_word' id='word_1_904' title='bbox 2315 5010 2522 5076; x_wconf 84' lang='lat' dir='ltr'><strong>rursus,</strong></span> <span class='ocrx_word' id='word_1_905' title='bbox 2558 5011 2680 5076; x_wconf 84' lang='lat' dir='ltr'><strong>Quis</strong></span> <span class='ocrx_word' id='word_1_906' title='bbox 2712 5026 2801 5063; x_wconf 89' lang='lat' dir='ltr'><strong>nos</strong></span> <span class='ocrx_word' id='word_1_907' title='bbox 2827 5009 3080 5078; x_wconf 86' lang='lat' dir='ltr'><strong>separabit</strong></span> <span class='ocrx_word' id='word_1_908' title='bbox 3107 5025 3139 5060; x_wconf 90' lang='lat' dir='ltr'><strong>a</strong></span> <span class='ocrx_word' id='word_1_909' title='bbox 3178 5008 3387 5060; x_wconf 87' lang='lat' dir='ltr'><strong>caritate</strong></span> <span class='ocrx_word' id='word_1_910' title='bbox 3411 5008 3601 5062; x_wconf 77' lang='lat' dir='ltr'><strong>Christi</strong></span> <span class='ocrx_word' id='word_1_911' title='bbox 3627 5009 3654 5061; x_wconf 67' lang='grc' dir='ltr'><em>τ</em></span> 
     </span>
    </p>
   </div>
   <div class='ocr_carea' id='block_1_110' title="bbox 2058 5098 3652 5177">
    <p class='ocr_par' dir='ltr' id='par_1_110' title="bbox 2058 5098 3652 5177">
     <span class='ocr_line' id='line_1_110' title="bbox 2058 5098 3652 5177; baseline -0.009 -18"><span class='ocrx_word' id='word_1_912' title='bbox 2058 5107 2279 5177; x_wconf 73' lang='lat' dir='ltr'><strong>afﬂictio,</strong></span> <span class='ocrx_word' id='word_1_913' title='bbox 2304 5115 2392 5157; x_wconf 91' lang='lat' dir='ltr'><strong>aut</strong></span> <span class='ocrx_word' id='word_1_914' title='bbox 2413 5103 2668 5172; x_wconf 87' lang='lat' dir='ltr'><strong>angustia,</strong></span> <span class='ocrx_word' id='word_1_915' title='bbox 2702 5110 2791 5154; x_wconf 87' lang='lat' dir='ltr'><strong>aut</strong></span> <span class='ocrx_word' id='word_1_916' title='bbox 2811 5101 3129 5170; x_wconf 79' lang='lat' dir='ltr'><strong>persequutio</strong></span> <span class='ocrx_word' id='word_1_917' title='bbox 3158 5099 3332 5170; x_wconf 86' lang='lat' dir='ltr'><strong>(Rom.</strong></span> <span class='ocrx_word' id='word_1_918' title='bbox 3356 5098 3408 5154; x_wconf 88' lang='lat'><strong>8.</strong></span> <span class='ocrx_word' id='word_1_919' title='bbox 3437 5099 3533 5169; x_wconf 80' lang='lat'><strong>35)</strong></span> <span class='ocrx_word' id='word_1_920' title='bbox 3554 5100 3577 5152; x_wconf 85' lang='lat'><strong>?</strong></span> <span class='ocrx_word' id='word_1_921' title='bbox 3597 5110 3652 5154; x_wconf 67' lang='lat' dir='ltr'><strong>ei,</strong></span> 
     </span>
    </p>
   </div>
   <div class='ocr_carea' id='block_1_111' title="bbox 2060 5190 3650 5265">
    <p class='ocr_par' dir='ltr' id='par_1_111' title="bbox 2060 5190 3650 5265">
     <span class='ocr_line' id='line_1_111' title="bbox 2060 5190 3650 5265; baseline -0.004 -14"><span class='ocrx_word' id='word_1_922' title='bbox 2060 5211 2266 5260; x_wconf 87' lang='lat' dir='ltr'><strong>rursus,</strong></span> <span class='ocrx_word' id='word_1_923' title='bbox 2293 5193 2354 5248; x_wconf 87' lang='lat' dir='ltr'><strong>In</strong></span> <span class='ocrx_word' id='word_1_924' title='bbox 2380 5195 2624 5265; x_wconf 86' lang='lat' dir='ltr'><strong>patientia</strong></span> <span class='ocrx_word' id='word_1_925' title='bbox 2645 5193 2826 5259; x_wconf 88' lang='lat' dir='ltr'><strong>multa,</strong></span> <span class='ocrx_word' id='word_1_926' title='bbox 2854 5193 2907 5246; x_wconf 87' lang='lat' dir='ltr'><strong>in</strong></span> <span class='ocrx_word' id='word_1_927' title='bbox 2935 5190 3362 5254; x_wconf 79' lang='lat' dir='ltr'><strong>tribulationibus,</strong></span> <span class='ocrx_word' id='word_1_928' title='bbox 3392 5191 3445 5244; x_wconf 88' lang='lat' dir='ltr'><strong>in</strong></span> <span class='ocrx_word' id='word_1_929' title='bbox 3476 5207 3650 5246; x_wconf 87' lang='lat' dir='ltr'><strong>neces-</strong></span> 
     </span>
    </p>
   </div>
   <div class='ocr_carea' id='block_1_112' title="bbox 2059 5285 3649 5358">
    <p class='ocr_par' dir='ltr' id='par_1_112' title="bbox 2059 5285 3649 5358">
     <span class='ocr_line' id='line_1_112' title="bbox 2059 5285 3649 5358; baseline -0.002 -14"><span class='ocrx_word' id='word_1_930' title='bbox 2059 5291 2290 5345; x_wconf 87' lang='lat' dir='ltr'><strong>sitatibus</strong></span> <span class='ocrx_word' id='word_1_931' title='bbox 2315 5330 2329 5354; x_wconf 97' lang='lat'><strong>,</strong></span> <span class='ocrx_word' id='word_1_932' title='bbox 2372 5291 2424 5342; x_wconf 91' lang='lat' dir='ltr'><strong>in</strong></span> <span class='ocrx_word' id='word_1_933' title='bbox 2455 5287 2942 5358; x_wconf 86' lang='lat' dir='ltr'><strong>persequutionibus,</strong></span> <span class='ocrx_word' id='word_1_934' title='bbox 2973 5285 3028 5338; x_wconf 90' lang='lat' dir='ltr'><strong>in</strong></span> <span class='ocrx_word' id='word_1_935' title='bbox 3059 5287 3324 5356; x_wconf 87' lang='lat' dir='ltr'><strong>angustiis.</strong></span> <span class='ocrx_word' id='word_1_936' title='bbox 3359 5286 3411 5339; x_wconf 88' lang='lat' dir='ltr'><strong>in</strong></span> <span class='ocrx_word' id='word_1_937' title='bbox 3461 5288 3649 5358; x_wconf 87' lang='lat' dir='ltr'><strong>plagis,</strong></span> 
     </span>
    </p>
   </div>
   <div class='ocr_carea' id='block_1_113' title="bbox 2058 5376 3642 5453">
    <p class='ocr_par' dir='ltr' id='par_1_113' title="bbox 2058 5376 3642 5453">
     <span class='ocr_line' id='line_1_113' title="bbox 2058 5376 3642 5453; baseline -0.003 -15"><span class='ocrx_word' id='word_1_938' title='bbox 2058 5387 2112 5438; x_wconf 90' lang='lat' dir='ltr'><strong>in</strong></span> <span class='ocrx_word' id='word_1_939' title='bbox 2140 5381 2424 5436; x_wconf 78' lang='lat' dir='ltr'><strong>carceribus</strong></span> <span class='ocrx_word' id='word_1_940' title='bbox 2476 5379 2549 5453; x_wconf 88' lang='lat'><strong>(2.</strong></span> <span class='ocrx_word' id='word_1_941' title='bbox 2579 5379 2697 5433; x_wconf 67' lang='lat' dir='ltr'><strong>(lor.</strong></span> <span class='ocrx_word' id='word_1_942' title='bbox 2730 5379 2782 5432; x_wconf 81' lang='lat'><strong>5.</strong></span> <span class='ocrx_word' id='word_1_943' title='bbox 2817 5380 2868 5433; x_wconf 70' lang='grc' dir='ltr'><em>ι.</em></span> <span class='ocrx_word' id='word_1_944' title='bbox 2902 5377 2982 5449; x_wconf 84' lang='grc'><strong>5).</strong></span> <span class='ocrx_word' id='word_1_945' title='bbox 3010 5376 3214 5432; x_wconf 87' lang='lat' dir='ltr'><strong>Deinde</strong></span> <span class='ocrx_word' id='word_1_946' title='bbox 3262 5377 3378 5447; x_wconf 88' lang='lat' dir='ltr'><strong>ejus</strong></span> <span class='ocrx_word' id='word_1_947' title='bbox 3427 5379 3642 5448; x_wconf 83' lang='lat' dir='ltr'><strong>dispen-</strong></span> 
     </span>
    </p>
   </div>
   <div class='ocr_carea' id='block_1_114' title="bbox 2060 5466 3654 5540">
    <p class='ocr_par' dir='ltr' id='par_1_114' title="bbox 2060 5466 3654 5540">
     <span class='ocr_line' id='line_1_114' title="bbox 2060 5466 3654 5540; baseline -0.005 -6"><span class='ocrx_word' id='word_1_948' title='bbox 2060 5478 2196 5534; x_wconf 88' lang='lat' dir='ltr'><strong>satio</strong></span> <span class='ocrx_word' id='word_1_949' title='bbox 2216 5495 2229 5532; x_wconf 89' lang='lat'><strong>:</strong></span> <span class='ocrx_word' id='word_1_950' title='bbox 2253 5475 2441 5529; x_wconf 84' lang='lat' dir='ltr'><strong>Factus</strong></span> <span class='ocrx_word' id='word_1_951' title='bbox 2467 5489 2578 5528; x_wconf 88' lang='lat' dir='ltr'><strong>sum</strong></span> <span class='ocrx_word' id='word_1_952' title='bbox 2597 5471 2796 5524; x_wconf 77' lang='lat' dir='ltr'><strong>Judwis</strong></span> <span class='ocrx_word' id='word_1_953' title='bbox 2819 5481 3075 5538; x_wconf 85' lang='lat' dir='ltr'><strong>tamquam</strong></span> <span class='ocrx_word' id='word_1_954' title='bbox 3092 5466 3336 5534; x_wconf 67' lang='lat' dir='ltr'><strong>Iudaeus;</strong></span> <span class='ocrx_word' id='word_1_955' title='bbox 3359 5470 3420 5523; x_wconf 88' lang='lat' dir='ltr'><strong>iis</strong></span> <span class='ocrx_word' id='word_1_956' title='bbox 3439 5471 3524 5540; x_wconf 88' lang='lat' dir='ltr'><strong>qui</strong></span> <span class='ocrx_word' id='word_1_957' title='bbox 3544 5471 3654 5526; x_wconf 84' lang='lat' dir='ltr'><strong>sine</strong></span> 
     </span>
    </p>
   </div>
   <div class='ocr_carea' id='block_1_115' title="bbox 2061 5563 3652 5643">
    <p class='ocr_par' dir='ltr' id='par_1_115' title="bbox 2061 5563 3652 5643">
     <span class='ocr_line' id='line_1_115' title="bbox 2061 5563 3652 5643; baseline -0.006 -16"><span class='ocrx_word' id='word_1_958' title='bbox 2061 5572 2169 5643; x_wconf 61' lang='lat' dir='ltr'><strong>Lege</strong></span> <span class='ocrx_word' id='word_1_959' title='bbox 2211 5579 2327 5625; x_wconf 88' lang='lat' dir='ltr'><strong>sunt</strong></span> <span class='ocrx_word' id='word_1_960' title='bbox 2365 5569 2511 5638; x_wconf 87' lang='lat' dir='ltr'><strong>quasi</strong></span> <span class='ocrx_word' id='word_1_961' title='bbox 2553 5567 2663 5620; x_wconf 89' lang='lat' dir='ltr'><strong>sine</strong></span> <span class='ocrx_word' id='word_1_962' title='bbox 2686 5566 2793 5636; x_wconf 82' lang='lat' dir='ltr'><strong>lege</strong></span> <span class='ocrx_word' id='word_1_963' title='bbox 2817 5580 3016 5629; x_wconf 85' lang='lat' dir='ltr'><strong>essem;</strong></span> <span class='ocrx_word' id='word_1_964' title='bbox 3052 5564 3114 5616; x_wconf 88' lang='lat' dir='ltr'><strong>iis</strong></span> <span class='ocrx_word' id='word_1_965' title='bbox 3141 5579 3226 5634; x_wconf 82' lang='lat' dir='ltr'><strong>qut</strong></span> <span class='ocrx_word' id='word_1_966' title='bbox 3249 5563 3342 5617; x_wconf 84' lang='lat' dir='ltr'><strong>sub</strong></span> <span class='ocrx_word' id='word_1_967' title='bbox 3373 5564 3482 5635; x_wconf 89' lang='lat' dir='ltr'><strong>lege</strong></span> <span class='ocrx_word' id='word_1_968' title='bbox 3509 5575 3652 5618; x_wconf 89' lang='lat' dir='ltr'><strong>erant</strong></span> 
     </span>
    </p>
   </div>
   <div class='ocr_carea' id='block_1_116' title="bbox 2063 5655 3654 5732">
    <p class='ocr_par' dir='ltr' id='par_1_116' title="bbox 2063 5655 3654 5732">
     <span class='ocr_line' id='line_1_116' title="bbox 2063 5655 3654 5732; baseline -0.003 -16"><span class='ocrx_word' id='word_1_969' title='bbox 2063 5673 2316 5732; x_wconf 89' lang='lat' dir='ltr'><strong>tamquam</strong></span> <span class='ocrx_word' id='word_1_970' title='bbox 2353 5661 2447 5714; x_wconf 86' lang='lat' dir='ltr'><strong>sub</strong></span> <span class='ocrx_word' id='word_1_971' title='bbox 2475 5660 2580 5729; x_wconf 86' lang='lat' dir='ltr'><strong>lege</strong></span> <span class='ocrx_word' id='word_1_972' title='bbox 2600 5673 2759 5711; x_wconf 87' lang='lat' dir='ltr'><strong>essem</strong></span> <span class='ocrx_word' id='word_1_973' title='bbox 2785 5657 2803 5720; x_wconf 91' lang='lat'><strong>(</strong></span> <span class='ocrx_word' id='word_1_974' title='bbox 2834 5658 2885 5711; x_wconf 87' lang='grc'><strong>1.</strong></span> <span class='ocrx_word' id='word_1_975' title='bbox 2917 5655 3034 5710; x_wconf 87' lang='lat' dir='ltr'><strong>Cor.</strong></span> <span class='ocrx_word' id='word_1_976' title='bbox 3067 5655 3120 5711; x_wconf 89' lang='lat'><strong>9.</strong></span> <span class='ocrx_word' id='word_1_977' title='bbox 3153 5656 3244 5710; x_wconf 83' lang='lat'><strong>20.</strong></span> <span class='ocrx_word' id='word_1_978' title='bbox 3285 5655 3398 5727; x_wconf 81' lang='lat' dir='ltr'><strong>2i).</strong></span> <span class='ocrx_word' id='word_1_979' title='bbox 3434 5657 3654 5712; x_wconf 78' lang='lat' dir='ltr'><strong>Raditur</strong></span> 
     </span>
    </p>
   </div>
   <div class='ocr_carea' id='block_1_117' title="bbox 2062 5748 3652 5820">
    <p class='ocr_par' dir='ltr' id='par_1_117' title="bbox 2062 5748 3652 5820">
     <span class='ocr_line' id='line_1_117' title="bbox 2062 5748 3652 5820; baseline -0.003 -11"><span class='ocrx_word' id='word_1_980' title='bbox 2062 5757 2246 5820; x_wconf 88' lang='lat' dir='ltr'><strong>etiam,</strong></span> <span class='ocrx_word' id='word_1_981' title='bbox 2272 5763 2326 5808; x_wconf 90' lang='lat' dir='ltr'><strong>et</strong></span> <span class='ocrx_word' id='word_1_982' title='bbox 2357 5752 2481 5805; x_wconf 83' lang='lat' dir='ltr'><strong>facit</strong></span> <span class='ocrx_word' id='word_1_983' title='bbox 2510 5748 2944 5804; x_wconf 89' lang='lat' dir='ltr'><strong>innumerabilia.</strong></span> <span class='ocrx_word' id='word_1_984' title='bbox 2977 5749 3132 5817; x_wconf 87' lang='lat' dir='ltr'><strong>Quod</strong></span> <span class='ocrx_word' id='word_1_985' title='bbox 3160 5758 3336 5804; x_wconf 90' lang='lat' dir='ltr'><strong>autem</strong></span> <span class='ocrx_word' id='word_1_986' title='bbox 3370 5761 3452 5804; x_wconf 89' lang='lat' dir='ltr'><strong>est</strong></span> <span class='ocrx_word' id='word_1_987' title='bbox 3489 5761 3652 5819; x_wconf 86' lang='lat' dir='ltr'><strong>caput</strong></span> 
     </span>
    </p>
   </div>
   <div class='ocr_carea' id='block_1_118' title="bbox 2061 5839 3652 5910">
    <p class='ocr_par' dir='ltr' id='par_1_118' title="bbox 2061 5839 3652 5910">
     <span class='ocr_line' id='line_1_118' title="bbox 2061 5839 3652 5910; baseline -0.005 -8"><span class='ocrx_word' id='word_1_988' title='bbox 2061 5846 2324 5910; x_wconf 79' lang='lat' dir='ltr'><strong>Omnium,</strong></span> <span class='ocrx_word' id='word_1_989' title='bbox 2352 5845 2401 5897; x_wconf 92' lang='lat' dir='ltr'><strong>in</strong></span> <span class='ocrx_word' id='word_1_990' title='bbox 2430 5843 2626 5896; x_wconf 87' lang='lat' dir='ltr'><strong>virtute</strong></span> <span class='ocrx_word' id='word_1_991' title='bbox 2661 5839 2894 5910; x_wconf 88' lang='lat' dir='ltr'><strong>Spiritus</strong></span> <span class='ocrx_word' id='word_1_992' title='bbox 2918 5841 3109 5895; x_wconf 89' lang='lat' dir='ltr'><strong>sancti.</strong></span> <span class='ocrx_word' id='word_1_993' title='bbox 3144 5839 3265 5895; x_wconf 87' lang='lat' dir='ltr'><strong>Non</strong></span> <span class='ocrx_word' id='word_1_994' title='bbox 3293 5841 3426 5894; x_wconf 88' lang='lat' dir='ltr'><strong>enim</strong></span> <span class='ocrx_word' id='word_1_995' title='bbox 3454 5841 3652 5894; x_wconf 87' lang='lat' dir='ltr'><strong>audebo</strong></span> 
     </span>
    </p>
   </div>
   <div class='ocr_carea' id='block_1_119' title="bbox 2065 5932 3654 6009">
    <p class='ocr_par' dir='ltr' id='par_1_119' title="bbox 2065 5932 3654 6009">
     <span class='ocr_line' id='line_1_119' title="bbox 2065 5932 3654 6009; baseline -0.006 -15"><span class='ocrx_word' id='word_1_996' title='bbox 2065 5937 2257 6009; x_wconf 84' lang='lat' dir='ltr'><strong>aliquid</strong></span> <span class='ocrx_word' id='word_1_997' title='bbox 2303 5935 2437 6007; x_wconf 83' lang='lat' dir='ltr'><strong>loqui</strong></span> <span class='ocrx_word' id='word_1_998' title='bbox 2465 5951 2638 5992; x_wconf 87' lang='lat' dir='ltr'><strong>eorum</strong></span> <span class='ocrx_word' id='word_1_999' title='bbox 2658 5975 2674 6004; x_wconf 84' lang='lat'><strong>,</strong></span> <span class='ocrx_word' id='word_1_1000' title='bbox 2705 5949 2816 6006; x_wconf 81' lang='lat' dir='ltr'><strong>qua:</strong></span> <span class='ocrx_word' id='word_1_1001' title='bbox 2843 5950 2944 5988; x_wconf 91' lang='lat' dir='ltr'><strong>non</strong></span> <span class='ocrx_word' id='word_1_1002' title='bbox 2991 5932 3154 6000; x_wconf 76' lang='lat' dir='ltr'><strong>e/I&#39;ecit</strong></span> <span class='ocrx_word' id='word_1_1003' title='bbox 3185 5932 3412 5988; x_wconf 86' lang='lat' dir='ltr'><strong>Christus</strong></span> <span class='ocrx_word' id='word_1_1004' title='bbox 3438 5948 3530 6001; x_wconf 84' lang='lat' dir='ltr'><strong>per</strong></span> <span class='ocrx_word' id='word_1_1005' title='bbox 3574 5947 3654 5984; x_wconf 87' lang='lat' dir='ltr'><strong>me</strong></span> 
     </span>
    </p>
   </div>
  </div>
