4140 6552
498 415 561 469 λ⁷
1228 419 1284 474 s.
1324 414 1601 474 JOANNIS
1636 406 2095 469 cunvsosrozttt

2202 406 2462 466 liClllEP.
2502 410 3030 473 CONSTANTINOP.
3716 428 3779 486 18

490 530 663 596 (Rom.
700 534 784 591 l5.
811 533 945 606 l8):
978 543 1032 590 et
1060 549 1279 599 rursus,
1316 534 1456 601 Quid
1487 534 1618 588 enim
1638 516 1719 586 ἐει
1747 529 1880 602 quod
1907 527 2075 580 minus

502 625 739 679 habuistis
783 641 890 697 pra:
912 625 1105 680 ueteris
1137 623 1414 678 Ecclesiis?
1435 634 1488 678 et
1517 624 1732 686 iterum,
1777 619 1926 674 Nihil
1950 618 2084 673 enim

497 717 662 768 minus
679 733 789 769 sunt
811 714 871 768 ab
896 716 957 769 iis
984 717 1070 786 qui
1092 727 1208 768 sunt
1233 733 1390 784 supra
1408 715 1610 768 modum
1631 713 1869 783 apostoli,
1891 712 2087 766 tamet-si

498 808 627 861 nihil
654 824 766 862 sum
797 808 873 875 (2.
901 807 1019 862 Cor.
1057 809 1144 863 12.
1176 809 1260 863 15.
1288 808 1399 878 11).
1420 808 1548 862 Sine
1576 807 1660 861 his
1683 806 1825 861 enim
1859 820 1961 859 non
1987 820 2085 872 po-

496 908 605 953 test
624 900 760 954 ticri.
789 899 905 954 Non
934 916 1063 971 ergo
1096 911 1311 971 propter
1335 900 1485 970 signa
1517 898 1636 966 ejus
1663 898 1784 952 facti
1804 906 1926 950 sunt
1955 894 2089 948 fide—

495 991 576 1045 les
607 1008 618 1043 :
651 1008 754 1045 non
777 993 918 1047 enim
945 993 1096 1063 signa
1126 993 1229 1047 hoc
1256 992 1553 1057 faciebant;
1584 1006 1754 1060 neque
1770 1006 1835 1045 ex
1866 990 1929 1043 iis
1952 1003 2088 1057 prae-

432 1157 437 1161 .
496 1083 646 1138 clare
667 1083 734 1139 de
756 1100 814 1139 se
833 1086 1035 1139 sentire
1063 1085 1299 1146 volebat,
1325 1085 1418 1139 scd
1447 1100 1508 1138 ex
1532 1084 1674 1138 aliis.
1701 1083 1922 1153 Oportet
1941 1082 2084 1136 enim

496 1187 555 1230 et
581 1194 684 1231 non
715 1192 837 1233 esse
875 1178 1165 1233 obnoxium
1199 1178 1638 1247 reprehensioni,
1666 1186 1721 1233 et
1744 1174 2086 1247 dispensandi

503 1280 685 1325 tenere
710 1279 902 1339 artem,
922 1271 1055 1326 etad
1080 1272 1312 1341 pericula
1331 1272 1576 1327 adeunda
1601 1278 1925 1341 promptum,
1948 1277 2000 1323 et
2017 1266 2085 1322 ad

504 1360 806 1415 docendum
834 1377 957 1416 esse
984 1371 1186 1432 aptum.
1214 1361 1265 1416 lu
1288 1362 1371 1415 his
1390 1364 1559 1432 magis
1577 1376 1635 1415 se
1663 1369 1809 1415 recte
1828 1358 2082 1430 gerebat:

500 1453 544 1505 si
579 1455 692 1508 hrrc
717 1462 869 1509 erant
891 1496 906 1519 ,
938 1455 1067 1509 nihil
1109 1470 1245 1525 opus
1289 1463 1406 1509 erat
1449 1455 1634 1525 signis.
1663 1453 1838 1522 Ipsum
1869 1454 2081 1523 quidem

501 1555 645 1599 certe
674 1543 915 1599 videmus
936 1546 1095 1599 etiam
1124 1556 1249 1600 ante
1283 1546 1453 1614 signa,
1488 1544 1895 1599 innumerabilia
1941 1548 2088 1612 ejus-

502 1634 643 1688 modi
670 1645 816 1690 recte
841 1635 1091 1705 gessisse.
1123 1635 1271 1689 Nunc
1299 1645 1474 1689 autem
1507 1635 1635 1689 nihil
1668 1636 1856 1689 lmrum
1883 1635 2089 1691 haben-

504 1735 606 1791 tes,
661 1725 841 1779 omnia
893 1726 1142 1781 volumus
1200 1726 1444 1781 obtinere
1489 1734 1544 1780 et
1588 1727 1821 1781 efﬁcere.
1865 1725 1996 1780 Nam
2042 1725 2089 1780 si

503 1815 730 1870 alterum
762 1816 831 1870 ab
849 1816 1020 1871 altero
1049 1818 1206 1872 fuerit
1238 1827 1566 1885 separatum,
1594 1818 1862 1888 reliquum
1892 1820 1949 1871 lit
1974 1818 2087 1873 iuu-

506 1907 618 1959 tite.
652 1903 788 1972 Quid
820 1907 963 1961 enim
1008 1907 1159 1975 juvat
1200 1923 1320 1962 esse
1355 1924 1681 1977 propensum
1728 1909 1793 1963 ad
1845 1908 2089 1964 adeunda

504 1999 739 2068 pericula
763 2039 779 2065 ,
808 1999 852 2053 si
881 1999 950 2053 sit
990 2001 1095 2053 vita
1129 2000 1358 2055 obnoxia
1388 2000 1843 2070 repreltetsioni?
1873 2001 1933 2056 Si
1955 2002 2089 2054 enim

503 2090 694 2156 lumen,
727 2090 915 2160 inquit,
965 2091 1181 2163 quodin
1223 2102 1270 2146 te
1294 2101 1366 2147 est
1388 2133 1404 2159 ,
1433 2102 1551 2147 sunt
1595 2094 1828 2156 tenebrw,
1878 2093 2094 2148 tenebra:

502 2194 706 2252 quanta!
731 2195 848 2240 sunt
891 2184 1102 2257 (Matth.
1137 2188 1188 2243 6.
1218 2188 1355 2261 25)?
1384 2189 1519 2259 Quid
1559 2200 1735 2245 autem
1767 2190 1986 2259 prodest
2013 2191 2092 2243 in-

434 2262 442 2269 ’
498 2278 713 2345 cuipata
745 2280 849 2332 vita
882 2280 930 2335 ei
974 2282 1065 2351 qui
1092 2282 1163 2335 sit
1195 2282 1416 2351 ignavus
1443 2294 1497 2337 et
1540 2282 1980 2337 somniculosus?
2031 2281 2093 2336 Si

498 2372 615 2441 quis
637 2373 770 2427 enim
810 2390 911 2428 non
938 2373 1082 2427 tollat
1113 2391 1311 2430 crucem
1338 2391 1483 2428 suam
1521 2385 1570 2428 et
1595 2384 1835 2446 sequatur
1862 2393 1958 2439 nte,
1992 2393 2092 2430 non

499 2474 579 2519 est
612 2482 691 2518 me
715 2466 901 2536 dignus
933 2464 1147 2538 (Matth.
1184 2467 1270 2523 l0.
1303 2467 1435 2537 58)?
1460 2476 1532 2531 et,
1557 2467 1668 2523 Nisi
1699 2468 1819 2539 quis
1856 2469 2093 2538 posuerit

505 2556 738 2610 animam
768 2571 920 2610 suam
948 2572 1045 2626 pro
1070 2558 1258 2612 ovibus
1279 2559 1456 2628 (Joan.
1492 2556 1580 2614 10.
1612 2559 1722 2627 11).
1752 2559 1889 2627 Quid
1914 2569 2091 2614 autem

510 2652 730 2720 prodest
770 2660 995 2724 utraque
1026 2653 1139 2708 haec
1184 2663 1389 2720 tenere,
1420 2663 1475 2710 et
1503 2671 1612 2709 non
1642 2669 1765 2710 esse
1813 2665 1995 2726 aptum
2026 2653 2094 2709 ad

505 2744 944 2813 dispensandum,
993 2753 1053 2801 ut
1077 2745 1207 2802 sciat
1236 2746 1507 2817 quomodo
1533 2734 1781 2816 oporteat
1811 2746 2097 2817 unicuique

504 2835 878 2907 respondere?
926 2837 984 2893 Si
1014 2839 1174 2892 etiam
1210 2839 1360 2909 signa
1387 2853 1493 2894 non
1524 2839 1634 2893 sint
1680 2837 1733 2892 in
1760 2836 1912 2893 nobis
1932 2878 1948 2904 ,
1979 2835 2099 2892 lucc

508 2938 734 3001 utraque
777 2930 885 2984 sint
914 2930 967 2984 in
999 2931 1174 2984 nobis.
1207 2929 1314 2986 Sed
1358 2942 1534 2986 tamen
1576 2930 1695 2985 haec
1736 2930 1915 2985 omnia
1940 2944 2007 2983 ex
2035 2943 2097 2984 se

507 3021 775 3085 all‘erens,
830 3031 998 3077 totum
1050 3034 1327 3093 acceptum
1370 3023 1574 3079 ferebat
1619 3024 1825 3091 gratiae.
1861 3021 1974 3077 Hoc
2014 3029 2099 3076 est

506 3115 643 3184 grati
686 3112 891 3169 famuli.
939 3113 1049 3170 Nec
1093 3130 1344 3185 umquam
1388 3114 1760 3171 didicissemus
1798 3128 1886 3170 res
1924 3111 1992 3168 ab
2031 3125 2099 3168 eo

512 3214 712 3274 gestas,
745 3205 844 3259 nisi
876 3206 1124 3260 redactus
1153 3214 1299 3261 esset
1327 3206 1635 3262 necessario
1654 3205 1721 3260 ad
1744 3220 1865 3260 rem
1902 3218 2098 3276 geren-

508 3296 652 3352 dam.
709 3298 930 3368 Dignine
959 3313 1146 3354 sumus
1183 3299 1270 3368 qui
1321 3299 1469 3354 Pauli
1526 3300 1609 3355 vel
1656 3299 2101 3356 meminerimus?

509 3391 604 3447 Ille
626 3393 786 3448 etiam
818 3392 1021 3449 habens
1049 3409 1169 3464 qtnc
1189 3395 1237 3450 ei
1265 3408 1424 3464 opem
1459 3393 1661 3449 ferebat
1686 3394 1912 3464 gratiam
1938 3432 1953 3456 ,
1989 3406 2096 3446 non

509 3488 642 3541 satis
670 3485 875 3552 habuit,
906 3487 999 3542 sed
1031 3488 1193 3542 etiam
1217 3488 1362 3543 mille
1387 3486 1802 3558 subiitpcrieula
1832 3505 1845 3541 :
1878 3500 1975 3540 nos
2000 3500 2101 3541 au-

513 3593 623 3639 tem
651 3584 739 3653 qui
773 3583 860 3638 illa
906 3597 1152 3637 caremus
1198 3580 1388 3635 ﬁducia
1417 3622 1431 3644 ,
1479 3579 2111 3647 u'ndenam,dic.qu:eso,

511 3685 887 3744 exspectamus
910 3689 1006 3729 nos
1051 3682 1469 3728 eonservaturos
1508 3688 1603 3728 eos
1646 3672 1738 3743 qui
1777 3669 1935 3726 nobis
1972 3680 2098 3726 sunt

510 3766 725 3833 crediti,
749 3777 841 3820 aut
866 3781 960 3821 eos
988 3773 1301 3833 accepturos
1340 3764 1430 3834 qui
1461 3762 1698 3817 nondum
1729 3760 2100 3816 accesserint?

512 3876 631 3923 ηοξ,
666 3861 903 3929 inquam,
928 3858 1015 3927 qui
1048 3856 1408 3926 voluptatibus
1437 3864 1492 3908 et
1522 3855 1730 3909 deliciis
1770 3854 1973 3923 expleri
2000 3869 2097 3906 cu-

513 3969 715 4015 ramus,
749 3959 803 4005 et
851 3948 1082 4019 undique
1128 3948 1293 4003 otium
1324 3948 1636 4018 quaerimus,
1669 3955 1721 3999 et
1750 3944 1984 4013 pericula
2033 3960 2101 3999 ne

514 4044 791 4100 insomnis
812 4041 1025 4112 quidem
1050 4040 1190 4097 ferre
1213 4054 1516 4111 possumus,
1542 4039 1650 4093 imo
1675 4052 1806 4092 vero
1828 4037 2097 4102 nolumus;

514 4134 834 4205 asapientia
880 4142 1056 4188 autem
1091 4132 1205 4203 ejus
1259 4140 1462 4186 tantum
1520 4130 1796 4189 absumus,
1841 4136 2101 4197 quantum

514 4226 706 4282 cadum
737 4241 766 4279 a
799 4224 981 4281 terra?
1036 4224 1324 4292 Propterea
1380 4233 1432 4278 et
1484 4222 1572 4291 qui
1623 4228 1821 4276 nostra:
1873 4218 2103 4290 subjecti

518 4328 649 4376 sunt
666 4316 1137 4384 administrationi,
1183 4315 1408 4371 multum
1436 4313 1636 4369 distant
1665 4312 1732 4365 ab
1760 4313 1825 4367 iis
1849 4313 1938 4381 qui
1978 4321 2106 4366 tunc

521 4420 677 4467 erant
727 4427 742 4464 :
782 4409 1222 4481 quandoquidem
1253 4408 1342 4479 qui
1374 4417 1500 4462 tunc
1540 4414 1694 4461 erant
1718 4404 1962 4474 discipuli
1990 4446 2006 4469 ,
2043 4405 2105 4456 iis

517 4502 609 4573 qui
640 4517 781 4557 nunc
801 4500 1184 4572 suntmagistri
1206 4508 1359 4554 erant
1388 4497 1812 4569 praistantiorcs,
1847 4497 2018 4566 utqui
2053 4496 2103 4549 in

518 4594 712 4651 mediis
760 4595 973 4664 populis
1015 4603 1070 4649 et
1116 4592 1357 4663 tyrannis
1404 4591 1722 4660 intercepti,
1765 4600 1820 4644 et
1872 4590 2107 4657 undique

517 4702 707 4743 omnes
738 4687 996 4741 habentes
1022 4685 1204 4742 hostes
1229 4725 1245 4750 ,
1285 4699 1351 4737 ne
1383 4698 1566 4752 parum
1598 4682 1814 4752 quidem
1863 4680 2105 4736 attrahe-

517 4780 713 4835 bantur
756 4788 812 4833 et
859 4776 1291 4832 inﬂectebantttr.

586 4870 641 4924 4.
663 4869 799 4925 Audi
830 4870 1008 4938 itaque
1035 4866 1317 4936 quiddicat
1336 4863 1772 4935 Pliilippensibus
1802 4880 1816 4920 :
1849 4863 2102 4929 Quoniam

520 4964 656 5023 nobis
684 4963 929 5018 donatum
957 4971 1031 5017 est
1063 4976 1154 5031 pro
1184 4959 1387 5014 Christo
1407 5000 1422 5023 ,
1467 4975 1570 5013 non
1614 4959 1780 5013 solum
1806 4968 1858 5012 ut
1889 4960 1942 5012 in
1987 4974 2103 5013 eum

512 5057 754 5122 credatis,
790 5054 880 5110 sed
908 5055 1060 5109 etiam
1089 5062 1143 5106 ut
1166 5068 1259 5122 pro
1288 5051 1399 5122 ipso
1453 5051 1719 5121 patiamini
1752 5050 2012 5123 (Philipp.
2050 5054 2100 5106 l.

513 5147 655 5221 29);
712 5163 896 5204 rursus
944 5154 1123 5200 autem
1169 5143 1776 5207 Thessalonicensibus,
1810 5142 2103 5197 Imitatores

514 5243 640 5313 [deli
652 5242 772 5298 estis
796 5239 1135 5294 Ecclesiarum
1154 5236 1272 5303 Dei,
1292 5252 1405 5310 quae
1414 5247 1530 5291 sunt
1546 5238 1599 5291 in
1617 5235 1803 5290 Judwa
1821 5237 1840 5307 (
1855 5238 1871 5291 l
1885 5274 1901 5290 .
1922 5235 2100 5291 Thess.

514 5335 571 5395 2.
604 5336 729 5407 ﬂ).
763 5334 832 5389 Et
855 5332 922 5387 ad
946 5331 1200 5386 Hebraeos
1224 5330 1465 5386 scribens
1485 5330 1702 5386 dicebat
1726 5348 1741 5385 :
1768 5329 1838 5385 Et
1865 5331 2101 5400 rapinam

456 5462 464 5469 -
515 5430 762 5483 bonorum
781 5435 1060 5481 vestrorum
1083 5440 1195 5480 cunt
1225 5423 1414 5496 gaudio
1455 5424 1749 5494 suscepistis
1787 5423 1973 5496 (Hebr.
2009 5424 2101 5489 10.

516 5522 635 5591 5t).
660 5518 1075 5576 Colossensibus
1092 5533 1307 5590 quoque
1326 5514 1433 5574 fert
1452 5518 1839 5584 testimonium,
1873 5517 2095 5574 dicens:

519 5611 713 5666 Mortui
738 5612 868 5665 enim
889 5612 1024 5678 estis,
1056 5621 1102 5666 et
1127 5612 1228 5666 vita
1246 5621 1410 5666 uestra
1429 5611 1673 5666 absconsa
1711 5620 1785 5665 est
1811 5627 1926 5665 cum
1952 5610 2103 5665 Chri-

519 5713 594 5760 sto
620 5704 673 5758 in
700 5700 808 5756 Deo
838 5701 972 5774 (Coi.
1002 5704 1055 5758 3.
1086 5704 1165 5775 ὅ).
1192 5703 1259 5759 Ει
1299 5703 1368 5759 de
1389 5703 1522 5773 ipsis
1549 5701 1635 5757 bis
1660 5710 1888 5758 testatur
1935 5702 2102 5755 etiam

521 5793 658 5866 quod
688 5794 851 5849 multa
896 5794 1157 5852 subierint
1206 5794 1462 5866 pericula.
1503 5794 1572 5850 Et
1599 5793 1668 5849 ad
1693 5793 1910 5850 Galatas
1937 5792 2100 5848 etiam

517 5884 757 5942 scribens
782 5888 874 5942 ait.
901 5884 1069 5942 Tanta
1087 5888 1221 5944 υαωὶ
1247 5887 1362 5943 estis
1386 5887 1495 5942 sine
1521 5901 1699 5952 causa,
1728 5885 1773 5940 si
1798 5893 1967 5941 tamen
1999 5889 2107 5945 sine

2188 539 2344 580 causa
2388 527 2528 599 (Gal.
2553 531 2604 585 5.
2635 531 2712 594 4).
2746 532 2905 588 Vides
2931 551 3121 593 omnes
3159 536 3286 595 huic
3317 542 3396 596 rei
3442 542 3774 611 incubuisse,

2194 635 2387 690 nempe
2432 629 2489 674 ut
2521 624 2657 679 bene
2702 623 2960 681 facerent.
2994 627 3286 699 Propterea
3315 643 3443 690 tunc
3480 636 3640 690 etiam
3669 653 3774 692 non

2192 712 2495 765 eratotiosa
2538 715 2706 784 gratia
2747 758 2761 773 .
2798 731 3077 787 propterea
3109 721 3235 778 hinc
3259 724 3312 778 in
3344 725 3496 781 bonis
3526 727 3780 797 Operibus

2194 803 2353 856 vitam
2381 805 2626 874 agebant.
2653 807 2791 875 Quid
2818 826 2944 864 vero
2970 812 3037 867 ad
3063 814 3373 870 Corinthios
3399 819 3601 873 scribat
3627 821 3774 887 audi,

2190 895 2344 963 queis
2376 898 2538 951 multa
2586 903 2808 955 crimina
2850 904 3036 974 objicit
3063 922 3077 959 :
3110 921 3288 963 annon
3316 909 3386 965 de
3415 911 3520 966 illis
3565 929 3781 983 quoque

2192 985 2307 1043 huic
2336 990 2669 1059 testiﬁcatur,
2694 994 2799 1049 Sed
2816 999 3190 1054 wmulationem
3212 1013 3449 1069 vestram,
3475 1004 3565 1058 sed
3584 1004 3784 1059 deside-

2191 1081 2325 1135 rium
2379 1082 2455 1153 (2.
2488 1083 2606 1139 Cor.
2640 1087 2690 1140 7.
2724 1088 2860 1158 il)?
2888 1090 2952 1144 Et
2989 1090 3058 1146 de
3088 1091 3188 1148 hac
3220 1110 3278 1149 re
3307 1110 3426 1164 qute
3468 1098 3598 1166 ipsis
3624 1098 3779 1165 dicit,

2192 1190 2254 1230 ea
2283 1191 2425 1231 nunc
2470 1193 2538 1232 ne
2565 1195 2592 1232 a
2645 1182 2914 1251 magistris
2941 1184 3156 1253 quidem
3186 1186 3305 1241 ﬁeri
3346 1188 3561 1243 videtis.
3592 1188 3780 1260 Itaque

2195 1280 2419 1338 pereunt
2446 1281 2501 1325 ct
2531 1271 2847 1328 interierunt
2878 1278 3079 1333 omnia.
3103 1278 3275 1333 Causa
3305 1289 3481 1335 autem
3511 1291 3614 1345 est,
3637 1283 3784 1352 quod

2194 1362 2464 1418 refrixerit
2498 1365 2716 1431 caritas,
2754 1367 2897 1435 quod
2938 1368 3028 1439 qui
3060 1379 3283 1437 peccant
3311 1386 3418 1426 non
3456 1374 3787 1442 castigentur

2194 1453 2358 1526 (audi
2389 1470 2511 1510 eum
2539 1456 2861 1511 scribentem
2889 1458 2956 1512 ad
3023 1456 3361 1515 Timotheum
3392 1471 3446 1516 et
3473 1462 3741 1517 dicentem
3766 1506 3783 1528 ,

2200 1545 2473 1602 Peccantes
2499 1564 2671 1601 coram
2701 1550 2931 1603 omnibus
2954 1566 3111 1620 argue
3139 1549 3215 1622 [l.
3236 1551 3373 1608 Tim.
3392 1553 3443 1608 5.
3472 1552 3613 1626 20]);
3639 1555 3783 1625 quod

2197 1640 2467 1711 principes
2493 1650 2757 1711 argrotent
2779 1659 2793 1695 :
2818 1657 2941 1696 nam
2966 1642 3095 1698 dum
3120 1654 3282 1714 caput
3304 1660 3409 1701 non
3441 1655 3523 1701 est
3567 1662 3783 1708 sanum.

2196 1732 2466 1801 quomodo
2512 1733 2649 1787 bene
2704 1733 2888 1788 valens
2936 1735 3197 1790 manserit
3240 1736 3502 1806 reliquum
3549 1739 3787 1806 corpus?

2197 1821 2333 1877 Vide
2362 1837 2493 1893 ergo
2517 1831 2714 1893 quanta
2745 1825 2815 1878 sit
2859 1825 3214 1896 intequalitas.
3245 1826 3379 1883 Nam
3413 1831 3503 1899 qui
3534 1838 3680 1884 recte
3707 1831 3788 1885 vi-

2194 1924 2346 1976 vunt,
2377 1925 2431 1969 et
2457 1915 2963 1985 quomodocum‘pte
2990 1916 3192 1973 habent
3222 1918 3492 1983 ﬁduciam,
3516 1922 3782 1976 montium

2196 2010 2472 2066 cacumina
2519 2018 2853 2079 occuparunt
2878 2017 2934 2065 et
2970 2024 3000 2064 a
3028 2011 3207 2066 medio
3235 2021 3599 2077 recesserunt,
3646 2022 3786 2067 tatu-

2196 2116 2356 2172 quam
2384 2101 2451 2155 ab
2475 2100 2626 2155 hoste
2653 2112 2705 2155 et
2731 2101 2928 2168 alieno,
2956 2116 3052 2156 seu
3080 2117 3186 2157 non
3207 2118 3238 2157 a
3266 2117 3366 2157 suo
3384 2118 3609 2174 corpore
3630 2105 3785 2159 avul-

2199 2194 2242 2248 si
2278 2212 2290 2248 :
2323 2192 2574 2249 scelerati
2624 2202 2804 2247 autent
2858 2202 2913 2248 et
2957 2192 3142 2249 referti
3190 2194 3347 2249 malis
3393 2195 3689 2251 innumeris
3732 2197 3785 2250 in

2200 2285 2469 2342 Ecclesias
2501 2286 2805 2342 iusilierunt
2855 2303 2871 2341 ε
2905 2288 3122 2341 venales
3161 2286 3379 2342 fuerunt
3434 2288 3786 2357 principatus.

2199 2377 2483 2433 lnnumera
2513 2377 2637 2432 hinc
2658 2378 2795 2431 mala
2825 2388 3136 2444 nascuntur,
3169 2393 3329 2433 nemo
3371 2387 3455 2434 est
3486 2379 3577 2449 qui
3617 2380 3792 2434 corri-

2197 2479 2308 2540 gat,
2342 2484 2502 2523 nemo
2524 2469 2611 2539 qui
2644 2469 2917 2537 increpet;
2942 2468 3037 2524 sed
3064 2468 3204 2523 viam
3232 2469 3517 2540 quamdam
3557 2479 3611 2524 et
3637 2469 3790 2523 ordi—

2200 2576 2322 2616 nem
2367 2560 2575 2628 acccpit
2618 2559 2886 2615 confusio.
2938 2560 3187 2616 Peccavit
3241 2561 3545 2630 quispiam,
3589 2570 3645 2615 et
3692 2561 3791 2616 fuit

2198 2653 2658 2711 accusatus?Non
2692 2654 2744 2708 in
2774 2652 2877 2709 hoc
2907 2653 3056 2724 ponit
3073 2653 3307 2708 studium
3340 2661 3398 2708 ttt
3429 2668 3489 2708 se
3510 2652 3788 2708 innoxium

2199 2747 2467 2812 ostendat,
2502 2747 2596 2803 sed
2647 2758 2705 2804 ut
2749 2748 2991 2804 invenire
3037 2747 3208 2819 possit
3248 2748 3427 2804 socios
3475 2747 3788 2805 criminum.

2199 2843 2337 2913 Quid
2361 2858 2536 2913 agam,
2566 2857 2689 2899 cum
2715 2841 2973 2913 gehennae
2992 2841 3151 2897 minae
3169 2848 3299 2899 sunt
3321 2840 3627 2897 intentatte?
3651 2843 3787 2897 Cre-

2201 2936 2311 2992 dite
2336 2936 2489 3001 mibi,
2509 2936 2611 2990 nisi
2629 2935 2772 2990 Deus
2794 2934 2901 2990 illic
2920 2934 3078 2990 nobis
3092 2944 3416 2990 reservasset
3443 2934 3785 3004 supplicium,

2201 3029 2457 3083 videretis
2500 3027 2742 3098 quotidie
2772 3027 3004 3093 majores
3033 3025 3322 3096 tragtedias
3350 3042 3511 3095 quam
3541 3025 3791 3080 Judaicas

2203 3122 2326 3176 illas
2351 3121 2701 3176 calamitates.
2728 3118 2868 3188 Quid
2907 3119 3096 3175 enim?
3135 3118 3230 3174 sed
3259 3133 3419 3174 nemo
3450 3129 3790 3180 succenseat,

2202 3227 2308 3267 non
2345 3211 2516 3267 dicam
2541 3211 2685 3267 enim
2713 3209 3026 3265 nominatim
3066 3227 3081 3264 :
3109 3209 3154 3265 si
3179 3211 3298 3281 quis
3319 3225 3439 3265 cum
3467 3211 3793 3265 accessisset

2201 3303 2269 3360 ad
2293 3303 2599 3367 ecclesiam,
2633 3303 2698 3357 iis
2715 3302 2805 3373 qui
2835 3318 2979 3357 nunc
3001 3311 3126 3358 sunt
3153 3312 3207 3357 et
3235 3302 3325 3372 qui
3368 3303 3643 3356 vobiscum
3665 3312 3795 3356 sunt

2201 3394 2464 3457 adductis,
2494 3410 2588 3449 eos
2615 3393 2985 3457 exanimaret;
3032 3393 3140 3446 imo
3166 3406 3295 3447 vero
3336 3406 3439 3445 non
3472 3405 3646 3455 nunc,
3693 3392 3791 3446 sed

2202 3486 2248 3540 si
2277 3488 2395 3556 quis
2419 3487 2469 3540 in
2500 3485 2589 3540 die
2617 3484 2858 3551 Pascluc,
2888 3497 3078 3538 omnes
3102 3482 3195 3553 qui
3233 3480 3570 3538 acceduntet
3601 3483 3791 3536 lavan-

2203 3586 2291 3634 tur
2319 3587 2602 3648 postquam
2629 3576 2989 3633 accessissent
3018 3575 3085 3630 ad
3115 3575 3393 3644 mysteria,
3425 3584 3615 3629 exacte
3660 3590 3791 3629 exa-

2204 3670 2483 3729 minasset,
2536 3681 2603 3723 eo
2634 3674 2856 3737 accepto
2885 3665 3076 3735 spiritu
3112 3675 3167 3720 ut
3195 3672 3443 3719 accurate
3470 3675 3792 3734 nossetquze

2203 3762 2272 3817 ab
2294 3760 2374 3817 eis
2389 3768 2538 3831 gesta
2567 3768 2712 3823 sunt,
2744 3757 2906 3811 multa
2934 3765 3116 3811 essent
3151 3760 3363 3811 iuventa
3406 3756 3648 3825 graviora
3680 3772 3794 3810 ma-

2206 3853 2272 3907 lis
2317 3849 2553 3905 Judaicis
2600 3865 2613 3901 :
2645 3863 2840 3919 nempe
2869 3863 2964 3902 eos
2990 3848 3083 3917 qui
3111 3848 3353 3902 divinant
3389 3849 3625 3916 auguriis
3650 3891 3665 3912 ,
3699 3851 3791 3918 qui

2207 3953 2425 3998 utuntur
2454 3940 2746 3995 veneﬁciis.
2802 3937 3035 3993 sortibus
3065 3947 3120 3994 et
3147 3938 3612 4003 incantationibus,
3636 3954 3792 3993 scur-

2209 4045 2427 4099 tatorcs,
2457 4031 2749 4096 adulteros,
2779 4029 2980 4096 ebrios,
3008 4039 3062 4085 et
3088 4030 3377 4084 maledicos
3423 4046 3436 4083 :
3469 4044 3663 4084 avaros
3689 4046 3789 4084 au-

2210 4136 2315 4183 tem
2357 4134 2412 4180 et
2438 4125 2526 4196 qui
2566 4124 2737 4179 aliena
2768 4123 3029 4178 invadunt
3074 4123 3199 4177 nolo
3224 4122 3436 4189 dicere,
3479 4138 3546 4178 ne
3577 4131 3790 4193 tangam

2207 4222 2415 4291 aliquos
2446 4235 2509 4274 ex
2544 4219 2608 4273 iis
2633 4218 2721 4289 qui
2754 4225 2897 4272 sunt.
2929 4217 3066 4284 Quid
3096 4234 3242 4282 vero,
3278 4219 3321 4272 si
3353 4227 3621 4272 scrutatus
3647 4229 3794 4272 esset

2208 4329 2397 4369 omnes
2430 4314 2481 4366 in
2527 4312 2659 4366 orbe
2688 4320 2845 4365 terra!
2872 4310 2961 4381 qui
2991 4309 3274 4374 accedunt,
3324 4310 3467 4380 quod
3509 4326 3614 4365 non
3645 4311 3787 4364 inve

2208 4409 2375 4463 uisset
2418 4405 2711 4461 delictum?
2752 4405 2888 4471 Quid
2918 4404 2961 4458 si
2995 4404 3307 4473 principes?
3334 4420 3512 4458 annon
3554 4405 3793 4474 pecuniae

2207 4501 2416 4567 avidos,
2452 4501 2673 4570 imperia
2706 4508 2951 4554 ementes
2980 4506 3034 4551 et
3064 4498 3428 4567 magistratus,
3461 4497 3691 4562 invidos,
3730 4498 3794 4552 li-

2209 4593 2381 4659 vidos,
2415 4592 2559 4646 inani
2586 4591 2756 4662 gloria
2799 4590 3138 4653 laborantes,
3168 4587 3484 4652 helluones,
3524 4598 3581 4643 et
3605 4603 3794 4643 servos

2209 4686 2489 4759 pecuniae?
2510 4683 2642 4740 Cum
2666 4700 2794 4753 ergo
2818 4690 2959 4735 tanta
2986 4682 3055 4735 sit
3073 4681 3338 4749 impietas,
3363 4679 3486 4750 quid
3500 4695 3611 4733 non
3631 4694 3795 4749 grave

2208 4788 2291 4836 est
2319 4774 2776 4848 exspectandum?
2797 4773 2862 4828 Et
2884 4781 2942 4827 ut
2968 4772 3150 4826 sciatis
3171 4780 3370 4840 quanto
3400 4770 3662 4839 supplicio
3685 4770 3794 4823 sint

2209 4872 2354 4943 digni
2383 4871 2470 4941 qui
2500 4869 2584 4924 bis
2617 4868 2849 4937 peccatis
2869 4866 3085 4921 ubnovii
3120 4863 3615 4934 deprehenduntur,
3642 4861 3794 4932 cogi--

2212 4971 2322 5018 tate
2366 4971 2549 5016 vetera
2597 4975 2611 5012 :
2647 4974 2784 5013 unus
2830 4972 3010 5011 sacras
3043 4957 3339 5013 suﬂ‘uratus
3373 4964 3456 5010 est
3501 4954 3792 5023 pecunias,

2212 5055 2373 5110 homo
2402 5054 2557 5108 miles
2584 5093 2600 5119 ,
2632 5060 2688 5107 et
2713 5066 2901 5105 onmes
2941 5049 3235 5121 pericrttut.
3265 5048 3426 5103 Scitis
3479 5046 3796 5101 historiam?

2210 5148 2279 5203 dc
2307 5146 2525 5202 Charini
2570 5145 2661 5199 illo
2689 5142 2811 5198 dico
2855 5143 2944 5211 qui
2994 5142 3287 5196 suﬂ'uratns
3315 5139 3484 5195 iuerat
3512 5138 3793 5194 donarium

2211 5239 2345 5309 (los.
2376 5240 2407 5293 7
2434 5247 2483 5294 et
2512 5237 2672 5308 sqq.).
2694 5236 2817 5290 ldeo
2856 5244 2982 5289 tunc
3006 5234 3218 5289 dicebat
3245 5231 3502 5302 propheta
3531 5247 3545 5284 :
3574 5228 3796 5297 Impleta

2211 5343 2285 5389 est
2311 5332 2450 5403 reg-io
2491 5330 2700 5384 illorum
2729 5327 2947 5383 sortibus
2968 5337 3012 5380 et
3034 5327 3262 5397 auguriis
3285 5325 3418 5378 sicut
3443 5335 3578 5379 terra
3615 5321 3799 5375 alieni-

2210 5439 2454 5496 genarum
2485 5419 2637 5489 (Isai.
2665 5419 2722 5474 2.
2752 5418 2830 5489 6).
2859 5417 3010 5473 Nunc
3038 5424 3216 5471 autem
3247 5415 3443 5484 ubique
3462 5413 3617 5468 malis
3639 5412 3794 5481 plena

2210 5524 2336 5571 sunt
2358 5516 2558 5579 omnia,
2589 5522 2645 5567 et
2683 5526 2842 5567 nemo
2883 5513 3054 5564 timet.
3082 5509 3319 5565 Tandem
3353 5510 3669 5562 timeamus:
3696 5520 3794 5561 nu-

2213 5608 2288 5661 vit
2325 5607 2464 5662 Deus
2492 5605 2653 5660 etiam
2681 5604 2856 5674 justus
2903 5603 3091 5672 punire
3120 5616 3243 5657 cum
3274 5600 3450 5670 impiis
3474 5640 3490 5663 ,
3523 5608 3582 5653 ut
3606 5596 3797 5651 accidit

2214 5698 2383 5752 tribus
2413 5697 2594 5766 pueris
2617 5705 2858 5765 tempore
2887 5694 3141 5759 Danielis,
3180 5704 3236 5746 ut
3257 5690 3376 5747 aliis
3397 5688 3712 5752 innumeris,
3737 5694 3798 5741 ut

2212 5789 2374 5845 etiam
2409 5789 2460 5844 in
2505 5787 2661 5844 bellis
2688 5804 2808 5857 qua:
2842 5802 2980 5841 nunc
3008 5785 3089 5840 ad
3119 5800 3184 5840 uc
3221 5783 3487 5839 accidunt.
3530 5781 3662 5835 Nam
3720 5779 3797 5837 illi

2217 5887 2431 5955 quidem
2473 5884 2633 5942 etiam
2664 5882 2833 5952 ipsam
2864 5891 3351 5951 quantamcumque
3378 5876 3576 5932 habent
3603 5887 3786 5944 pecca-
