4140 6492
622 394 689 449 49
1294 394 1351 450 S.
1390 393 1681 452 JOANNIS
1718 392 2214 452 CHRYSOSTOMI
2250 393 2580 453 ARCHIEP.
2626 392 3185 455 CONSTANTINOP.
3830 402 3897 460 50

614 510 730 563 ἀλλ’
757 511 847 565 ἀεὶ
872 510 940 565 τὰ
979 512 1253 584 δυνάμενα
1295 515 1573 568 συστεῖλαι
1606 515 1701 568 καὶ
1741 514 2077 583 σωφρονίσαι
2107 512 2207 585 τὴν

615 594 813 661 ψυχήν.
842 595 1027 649 Ταῦτα
1053 598 1162 667 γὰρ
1188 598 1338 651 αἴτια
1358 597 1573 665 γίνεται
1601 598 1710 651 τῶν
1737 599 2043 668 μελλόντων
2073 598 2211 666 ἁγα-

624 817 968 834 _—-——————-—

970 821 1433 831 Μ

1903 821 2215 834 -ῌ

2315 511 2426 566 θῶν
2450 530 2464 545 ·
2498 506 2573 568 ὧν
2599 512 2814 583 γένοιτο
2846 512 3053 577 πάντας
3089 515 3240 585 ἡμᾶς
3264 516 3561 589 ἐπιτυχεῖν,
3599 516 3783 588 χάριτι
3810 521 3897 573 καὶ

2318 594 2733 672 φιλανθρωπίᾳ.

2857 821 3682 835 v—_—--—-—————-—
3696 818 3834 835 ἠ

2126 984 2371 1038 ΟΜΙΛΙΑ
2399 987 2477 1039 Z'.

619 1176 788 1276 Ἐμοί
821 1183 903 1251 τῷ
930 1184 1372 1276 ἐὲίαχιστοτέρῳ
1401 1186 1667 1276 ΙΙπάντων
1710 1187 1896 1276 ἁγίων
1927 1184 2141 1276 ἐδόθηὶ
2159 1184 2198 1252 ἠ

683 1256 858 1327 χάρις
901 1256 1077 1323 αὕτη,
1110 1256 1180 1309 ἐν
1231 1257 1357 1322 τοῖς
1393 1256 1637 1312 ἔθνεσιν
1692 1256 2202 1325 εὐαγγελίσασθαι

680 1329 793 1380 τὸν
816 1326 1287 1395 ἀνεξιχνίαστον
1339 1327 1611 1381 πλοῦτον
1635 1327 1744 1381 τοῦ
1790 1325 2070 1395 Χριστοῦ,
2102 1324 2202 1381 καί

684 1397 943 1467 φωτίσαι
991 1398 1247 1463 πάντας,
1271 1397 1365 1462 τίς
1400 1398 1450 1467 Δἡ
1487 1398 1797 1467 οἰκονομία
1829 1396 1935 1450 τοῦ
1956 1410 2200 1467 μυστη-

674 1464 818 1536 ρίου
850 1467 958 1521 τοῦ
987 1464 1525 1535 ἀποκεκρυμμένου
1564 1464 1702 1521 ἀπὸ
1724 1466 1844 1520 τῷν
1869 1464 2101 1536 αἰώνων
2130 1466 2202 1536 ἐν

686 1537 768 1602 τῷ
825 1537 948 1601 Θεῷ
1012 1536 1093 1602 τῷ
1144 1539 1217 1591 τὰ
1256 1536 1455 1590 πάντα
1513 1539 1791 1591 κτίσαντι
1843 1535 1941 1589 διὰ
1995 1535 2201 1603 Ἰησοῦ

683 1606 986 1678 Χριστοῦ·
1014 1607 1121 1661 ἵνα
1175 1606 1478 1678 γνωρισθῇ
1534 1608 1653 1661 νῦν
1684 1610 1812 1674 ταῖς
1842 1605 2058 1678 ἀρχαῖς
2099 1606 2199 1678 καὶ

683 1676 815 1743 ταῖς
848 1677 1163 1744 ἐξουσίαις
1184 1675 1269 1731 ’ἐν
1341 1677 1466 1743 τοῖς
1508 1678 1894 1745 ἐπουρανίοις
1946 1675 2045 1730 διὰ
2088 1675 2202 1743 τῆς

696 1748 1064 1816 Ἑκκλησίας
1090 1748 1130 1815 ἠ
1164 1749 1601 1814 πολυποίκιλος
1655 1748 1841 1817 σοφία
1870 1747 1978 1802 τοῦ
2027 1747 2196 1811 Θεοῦ,

684 1819 837 1871 κατὰ
889 1819 1178 1887 πρόθεσιν
1211 1817 1331 1871 τῶν
1378 1817 1629 1882 αἰώνων,
1683 1817 1765 1886 ἢν
1809 1818 2105 1886 ἐποίησεν
2130 1817 2201 1870 ἐν

683 1887 919 1957 Χριστῷ
955 1889 1159 1956 Ἰησοῦ
1192 1888 1273 1958 τῷ
1303 1888 1499 1956 Κυρίῳ
1528 1888 1717 1959 ημῶν.

682 2021 823 2085 Τοὺς
854 2023 936 2085 είς
979 2023 1213 2093 ίατρεῖον
1256 2023 1588 2095 ἐρχομένους
1611 2024 1711 2094 οὐχ
1745 2022 1934 2087 ἁπλῶς
1974 2024 2093 2076 ἐκεῖ
2119 2023 2202 2077 δεῖ

610 2104 958 2175 πορεύεσθαι,
985 2104 1099 2158 ἀλλ’
1130 2105 1272 2159 ὥστε
1303 2105 1600 2177 μανθάνειν
1634 2106 2062 2177 θεραπεύεσθαι,
2104 2108 2199 2160 καὶ

611 2187 880 2259 φάρμακα
940 2187 1261 2244 ἐπιτιθέναι.
1323 2191 1432 2242 Καὶ
1497 2191 1643 2261 ἡμᾶς
1709 2192 1890 2245 τοίνυν
1966 2186 2200 2245 ἐνταῦθα

611 2271 1110 2343 παραγενομένους,
1150 2272 1251 2342 οὐχ
1301 2273 1489 2336 ἁπλῶς
1516 2272 1599 2327 δεῖ
1623 2272 1779 2327 τοῦτο
1813 2276 2008 2339 ποιεῖν,
2062 2274 2198 2327 ἀλλά

612 2354 905 2422 μανθάνειν
934 2355 1034 2426 τῆς
1078 2356 1588 2428 ταπεινοφροσύνης
1642 2357 1856 2411 Παύλου
1892 2359 1991 2429 τὴν
2023 2358 2194 2429 ὑπερ-

609 2437 795 2509 ϐολήν.
828 2438 893 2491 Τί
920 2440 1067 2508 γάρς
1104 2437 1323 2510 Ἐπειδὴ
1381 2438 1574 2510 ἔμελλε
1622 2439 1803 2509 λέγειν
1846 2444 1905 2495 τὸ
1964 2441 2194 2512 μέγεθος

606 2524 706 2593 τῆς
734 2523 953 2593 χάριτος
981 2521 1077 2576 τοῦ
1104 2522 1264 2588 Θεοῦ,
1303 2522 1539 2577 ἄκουσον
1571 2525 1622 2577 τί
1667 2542 1834 2597 φησιν
1856 2542 1869 2556 ·
1919 2526 2083 2593 Ἐμοὶ
2112 2524 2194 2591 τῷ

604 2605 1045 2676 ἐλαχιστοτέρῳ
1071 2605 1315 2661 πάντων
1334 2608 1522 2677 ἁγίων
1543 2606 1723 2677 ἐδόθη
1758 2610 1797 2678 ἡ
1822 2608 1996 2679 χάρις
2013 2610 2188 2678 αῦτη.

603 2683 713 2741 Ἦν
749 2688 850 2757 μὲν
888 2688 1392 2760 ταπεινοφροσύνης
1422 2693 1517 2744 καὶ
1539 2691 1601 2744 τὸ
1629 2692 1722 2745 ἐπὶ
1758 2695 1874 2757 τοῖς
1902 2693 2194 2765 προτέροις

600 2772 987 2842 ἁμαρτήμασι,
1015 2773 1194 2826 καίτοι
1226 2772 1660 2845 ὲξηλειμμὲνοις,
1688 2775 1930 2847 θρηνεῖν,
1962 2775 2058 2829 καὶ
2095 2794 2192 2846 με·

605 2853 842 2926 μνῆσθαι
880 2855 1081 2920 αὐτῶν,
1115 2856 1212 2910 καὶ⁵
1247 2859 1585 2927 μετριάζειν,
1620 2860 1696 2922 ὡς
1726 2861 1856 2913 ὅταν
1892 2860 2026 2932 λέγῃ
2063 2860 2191 2929 βλά-

602 2955 820 3009 σφημον
847 2938 1042 2992 ἑαυτὸν
1067 2940 1162 2993 καὶ
1183 2939 1419 3011 διώκτην
1447 2942 1823 3014 καὶὺϐριστήν
1840 2960 1854 2972 ·
1892 2944 2008 2997 ἀλλ’
2035 2944 2190 2997 οὐδὲν

603 3023 717 3076 ἴσον
744 3022 955 3079 τούτου,
984 3023 1257 3096 Πρότερον
1273 3024 1403 3095 γὰρ,
1438 3027 1593 3095 φησὶ,
1619 3025 1859 3091 τοιοῦτος
1888 3027 2058 3099 ἥμην,
2095 3028 2191 3080 καὶ

600 3107 863 3178 ἔκτρωμα
896 3107 953 3161 δὲ
988 3106 1182 3161 ἑαυτὸν
1214 3109 1371 3162 καλεῖ
1392 3127 1406 3142 ο
1442 3109 1502 3163 τὸ
1526 3110 1584 3163 δὲ
1608 3111 1751 3181 μετά
1780 3110 2024 3166 τοσαῦτα
2054 3128 2189 3165 κατ-

598 3190 902 3263 ορθώματα
946 3191 1041 3245 καὶ
1103 3193 1195 3246 ἐπὶ
1241 3193 1336 3247 τοῦ
1400 3195 1665 3266 παρόντος
1713 3195 2055 3267 μετριάζειν,
2093 3197 2189 3249 καὶ

601 3275 820 3328 πάντων
884 3276 1077 3330 ἑαυτὸν
1123 3276 1304 3345 λέγειν
1357 3278 1791 3351 ὲλαχιστότερον,
1847 3280 2053 3350 πολλῆς
2094 3281 2188 3333 καὶ

600 3357 1047 3429 ὑπερϐαλλούσης
1092 3360 1210 3413 ἐστὶ
1259 3362 1628 3433 μετριότητος.
1666 3362 1825 3432 Ἐμοί
1853 3363 1934 3429 τῷ
1979 3364 2184 3432 ἐλαχι-

598 3443 861 3511 στοτέρῳ
892 3442 1137 3497 πάντων
1158 3446 1359 3513 ἁγίων.
1393 3447 1508 3500 Οὐκ
1536 3443 1680 3512 εἷπε,
1704 3446 1823 3501 Τῶν
1849 3447 2183 3502 ἀποστόλων·

598 3526 743 3581 ὣστε
776 3530 1000 3581 κάκεῖνο
1030 3527 1221 3581 τούτου
1262 3528 1503 3584 ἔλαττον.
1536 3531 1687 3584 Ἐκεῖ
1704 3531 1813 3603 γάρ
1851 3526 2022 3590 εἶπεν,
2063 3533 2185 3585 Οὐκ

580 3611 712 3680 ἐἰμί
747 3612 954 3678 ίκανὸς
985 3612 1299 3667 καλεῖσθαι
1337 3614 1683 3680 ἀπόστολος
1702 3630 1715 3643 ⁸
1754 3614 1989 3668 ἐνταῦθα
2007 3615 2065 3667 δὲ
2091 3614 2185 3668 καὶ

594 3696 705 3748 τῶν
731 3695 903 3764 ἁγίων
931 3695 1147 3749 πάντων
1171 3695 1583 3769 ἐλαχιστότερον
1617 3694 1758 3751 εἷναί
1782 3714 1965 3768 φησιν.
1996 3698 2180 3766 Ἐμοὶ,

596 3779 754 3848 φησὶ,
793 3775 875 3843 τῷ
905 3778 1347 3846 ἐλαχιστοτέρῳ
1390 3778 1638 3833 πάντων
1692 3780 1879 3848 ἁγίων
1915 3780 2094 3847 ἐδόθη
2142 3779 2182 3847 ἠ

596 3862 769 3931 χάρις
794 3861 971 3928 αὕτη.
1002 3862 1138 3916 Ποία
1164 3879 1179 3928 ;
1235 3864 1766 3932 Εὑαγγελίσασθαι
1816 3862 1942 3929 τοῖς
1979 3863 2186 3918 ἔθνεσι

594 3946 705 3999 τὸν
752 3945 1220 4014 ἀνεξιχνίαστον
1263 3948 1532 4001 πλοῦτον
1582 3946 1691 4001 τοῦ
1749 3946 2029 4015 Χριστοῦ,
2087 3946 2185 4000 καί

596 4030 852 4099 φωτίσαι
888 4029 1138 4096 πάντας,
1170 4030 1261 4096 τίς
1298 4030 1337 4098 ἡ
1371 4030 1681 4098 οἰκονομία
1713 4029 1819 4083 τοῦ
1840 4029 2185 4098 μυστηρίου

597 4112 704 4166 τοῦ
753 4112 1339 4182 ἀποκεκαλυμμένου
1394 4112 1515 4167 ἀπὸ
1570 4111 1691 4165 τῶν
1727 4110 1960 4166 αἰώνων
2002 4112 2073 4165 ἐν
2104 4110 2185 4177 τῷ

598 4196 740 4263 Θεῷ,
770 4198 850 4263 τῷ
881 4198 953 4251 τὰ
1005 4197 1203 4251 πάντα
1244 4196 1522 4251 κτίσαντι
1544 4197 1643 4251 διὰ
1668 4195 1785 4268 [46]
1821 4197 2019 4264 Ἰησοῦ
2051 4199 2185 4266 Χρι-

594 4281 769 4344 στοῦ,
828 4282 930 4335 ἵνα
987 4280 1293 4350 γνωρισθῇ
1344 4281 1461 4336 νῦν
1488 4280 1621 4348 ταῖς
1656 4281 1869 4352 ἀρχαῖς
1908 4281 2007 4336 καὶ
2054 4281 2184 4348 ταῖς

594 4366 906 4432 ἐξουσίαις
937 4365 1008 4419 ἐν
1062 4365 1188 4430 τοῖς
1225 4365 1609 4433 ἐπουρανίοις
1639 4364 1739 4419 διὰ
1784 4365 1894 4435 τῆς
1926 4368 2181 4435 Ἐκκλη-

596 4452 738 4515 σίας
762 4450 799 4517 η
829 4449 1271 4516 πολυποίκιλος
1299 4451 1487 4519 σοφία
1515 4449 1621 4504 τοῦ
1655 4450 1823 4504 Θεοῦ.
1853 4450 2057 4517 Ἔστω,
2090 4451 2184 4504 ἀν-

597 4534 838 4605 θρώποις
886 4535 989 4587 οὐκ
1043 4533 1447 4603 ἀπεκαλύφθη·
1509 4534 1605 4588 καὶ
1641 4534 1913 4603 ἀγγέλους
1952 4534 2046 4589 καὶ
2078 4537 2181 4606 ἀρ-

595 4619 898 4691 χαγγέλους
925 4618 1200 4688 φωτίζεις.
1247 4620 1342 4673 καὶ
1370 4618 1545 4690 ἀρχὰς
1570 4618 1666 4673 καὶ
1704 4618 1953 4683 ἐξουσίας
1980 4637 1995 4686 ;
2048 4619 2179 4683 Nal,

595 4702 761 4772 φησίν
779 4717 794 4732 '
830 4704 887 4756 ὲν
914 4702 1026 4774 7&9
1053 4702 1132 4773 τῷ
1159 4700 1281 4772 Θεῷ
1302 4701 1605 4772 κέκρυπτο,
1631 4703 1727 4755 καὶ
1754 4701 1873 4773 Θεῷ
1898 4702 1976 4773 τῷ
2002 4703 2182 4757 πάντα

594 4789 842 4844 κτίσαντι
871 4787 959 4842 διά
1005 4785 1200 4857 Ἰησοῦ.
1234 4786 1345 4839 Kal
1369 4785 1576 4856 τολμᾷς
1610 4786 1768 4840 τοῦτο
1790 4788 2006 4853 είπεῖν;
2046 4786 2178 4852 Ναὶ,

593 4872 779 4943 φησιν.
810 4870 973 4925 Ἀλλά
1026 4870 1190 4923 πόθεν
1236 4869 1395 4923 τοῦτο
1443 4869 1603 4939 δῆλον
1641 4872 1753 4933 τοῖς
1800 4870 2055 4939 ἀγγέλοις
2083 4871 2179 4940 γέ-

591 4972 756 5022 γονε;
797 4954 895 5007 Διά
936 4953 1038 5023 τῆς
1073 4953 1424 5025 Ἐκκλησίας.
1478 4953 1589 5007 Kal
1631 4952 1752 5006 οὐδὲ
1785 4953 1973 5017 ἅπλῶς
1999 4949 2177 5018 εἶπεν,

605 5038 669 5092 Ἢ
702 5037 921 5108 ποικίλη
956 5036 1118 5105 σοφία
1146 5035 1241 5089 τοῦ
1262 5034 1420 5102 Θεοῦ,
1448 5036 1585 5099 ἀλλ’,
1629 5038 1691 5091 'H
1714 5037 2177 5104 πολυποίκιλος.

592 5122 658 5175 Τί
688 5118 781 5176 οὖν
810 5122 927 5174 ἐστι
957 5118 1150 5184 τοῦτο;
1188 5118 1287 5171 οὑκ
1336 5118 1533 5189 ᾔδεσαν
1563 5119 1786 5188 ἄγγελοι
1812 5137 1827 5178 ;
1871 5120 2140 5190 Οὐδαμῶς
2162 5137 2177 5152 ·

592 5209 642 5259 εἰ
671 5205 781 5277 γὰρ
810 5202 979 5275 ἀρχαὶ
1018 5203 1119 5256 οὐκ
1142 5202 1363 5274 ⁴ᾔδεσαν,
1390 5202 1571 5273 πολλῷ
1599 5203 1801 5274 μᾶλλον
1830 5202 2053 5272 ἄγγελοι
2079 5204 2181 5257 οὐκ

592 5290 791 5361 ᾔδεσαν
820 5289 904 5343 ἄν.
947 5286 1013 5339 Τί
1058 5281 1182 5353 οὖν;
1231 5285 1355 5339 οὐδὲ
1389 5285 1724 5356 ἀρχάγγελοι
1771 5285 2003 5357 ᾔδεσαν;
2043 5286 2180 5341 Ούδε

592 5375 827 5426 ἐκεῖνοι·
868 5370 1033 5424 πόθεν
1074 5368 1132 5423 δὲ
1161 5370 1256 5423 καὶ
1292 5367 1516 5438 ἔμελλον
1546 5368 1829 5436 εἴσεσθαι;
1865 5369 2008 5434 τίνος
2038 5371 2174 5423 ἀπο-

593 5454 994 5520 καλύπτοντος;
1032 5452 1162 5505 ’Ὀτε
1217 5453 1379 5523 ἡμεῖς
1432 5452 1732 5524 ἐμάθομεν,
1770 5453 1890 5506 τότε
1931 5454 2178 5507 κάκεῖνοι

591 5540 661 5592 δι’
691 5537 871 5608 ἡμῶν.
900 5538 1099 5590 Ἀκουε
1134 5534 1243 5607 7&9
1266 5535 1359 5590 τοῦ
1381 5536 1615 5606 ἀγγέλου
1636 5537 1888 5605 λέγοντος
1921 5537 2058 5609 πρὸς
2087 5539 2179 5592 τὸν

605 5622 804 5692 Ἰωσήφ
828 5637 843 5650 “
885 5619 1180 5685 Καλέσεις
1206 5619 1273 5675 τό
1308 5620 1497 5691 ὄνομα
1528 5620 1716 5674 αὑτοῦ
1750 5620 1998 5689 Ἰησοῦν
2024 5639 2039 5653 ο
2074 5625 2181 5676 αὺ-

592 5705 697 5770 τὸς
722 5701 834 5773 γὰρ
879 5701 1066 5758 σώσει
1114 5706 1222 5759 τὸν
1254 5703 1409 5758 λαὸν
1458 5703 1644 5757 αὐτοῦ
1688 5702 1809 5756 ἀπὸ
1842 5700 1962 5755 τῶν
1992 5704 2180 5772 ἀμαρ-

594 5784 737 5839 τιῶν
775 5786 989 5841 αὐτῶν.
1032 5788 1202 5850 Αὐτὸς
1235 5787 1518 5857 ἀπεστάλη
1553 5787 1633 5849 είς
1681 5785 1750 5837 τά
1793 5784 1942 5853 ἔθνη,
1978 5786 2177 5840 ἐκεῖνοι

591 5870 648 5921 δὲ
684 5871 763 5932 εἰς
798 5870 895 5940 τὴν
927 5872 1249 5943 περιτομήν.
1276 5872 1461 5936 Ὥστε,
1500 5871 1560 5922 τὸ
1603 5866 2053 5938 θαυμασιώτερον
2079 5873 2172 5925 καὶ

592 5954 916 6026 ἱκπληκτον,
974 5956 1114 6026 ἐμοὶ,
1168 5956 1356 6028 φησὶν,
1414 5953 1567 6025 ἐδόθη
1617 5952 1693 6021 τῷ
1747 5951 2163 6025 ἐλαχιστοτέριει.

2302 1185 2416 1239 Kal
2449 1185 2611 1240 τοῦτο
2633 1186 2690 1240 δὲ
2725 1186 2948 1258 χάριτος
2991 1182 3081 1264 ἦν,
3112 1187 3175 1239 τὸ
3205 1186 3297 1239 τὸν
3338 1185 3535 1258 μικρὸν
3564 1186 3637 1241 τὰ
3673 1187 3898 1260 μείζονα

2302 1269 2736 1341 ἐγχειρισθῆναι,
2782 1271 2844 1324 τὸ
2876 1270 3133 1339 γενέσθαι
3161 1269 3369 1324 τούτων
3396 1270 3818 1344 εὐαγγελιστήν.
3837 1273 3897 1326 '0

2301 1354 2412 1425 7&9
2436 1354 2553 1409 τῶν
2594 1354 2861 1426 μειζόνων
2890 1355 3185 1424 γενόμενος
3235 1353 3657 1425 εὐαγγελιστὴς,
3720 1356 3895 1430 ταύτῃ

2305 1440 2479 1509 μέγας
2505 1439 2672 1493 ἐστίν.
2705 1439 3237 1509 Εὐαγγελίσασθαι
3268 1439 3341 1493 ἐν
3379 1438 3505 1506 τοῖς
3547 1439 3755 1494 ἔθνεσι
3787 1440 3898 1495 τὸν

2300 1521 2769 1591 ἀνεξιχνίαστον
2793 1523 3067 1579 πλοῦτον
3094 1522 3202 1577 τοῦ
3240 1522 3525 1592 Χριστοῦ.
3561 1523 3623 1577 ΕΞ
3662 1524 3692 1577 6
3721 1523 3894 1577 πλοῦ-

2298 1622 2391 1669 τος
2413 1606 2578 1659 αὑτοῦ
2607 1606 3033 1678 ἀνεξιχνίαστος,
3053 1608 3149 1662 καὶ
3174 1606 3314 1678 μετά
3336 1607 3399 1661 τὸ
3424 1608 3682 1678 φανῆναι,
3712 1607 3895 1679 πολλῷ

2304 1688 2505 1760 μᾶλλον
2533 1691 2566 1761 ἡ
2590 1690 2770 1745 οὐσία.
2808 1689 2871 1744 Εἰ
2908 1691 3210 1762 μυστήριον
3243 1689 3325 1743 ἔτι
3367 1691 3507 1756 ἐστὶ,
3538 1689 3720 1762 πολλῷ
3756 1691 3895 1763 μᾶλ-

2299 1774 2390 1828 λον
2421 1774 2529 1846 πρὸ
2554 1773 2651 1828 τοῦ
2681 1774 3074 1846 γνωρισθῆναι.
3119 1775 3440 1844 Μυστήριον
3487 1775 3600 1846 γὰρ
3630 1775 3763 1828 αὐτὸ
3802 1776 3895 1829 διὰ

2300 1862 2457 1914 τοῦτο
2478 1860 2652 1925 καλεῖ,
2677 1858 2866 1930 ἐπειδὴ
2896 1859 3030 1930 μηδὲ
3055 1858 3281 1927 ἄγγελοι
3304 1858 3528 1929 ᾔδεσαν,
3556 1858 3692 1928 μηδὲ
3718 1858 3896 1929 ἑτέρῳ

2300 1944 2408 1997 τινὶ
2445 1943 2604 2015 δῆλον
2650 1940 2739 2016 ἦν.
2794 1944 2906 1997 Καὶ
2942 1944 3200 2013 φωτίσαι
3239 1942 3495 2008 πάντας,
3532 1944 3688 2013 φησὶ,
3724 1944 3822 2010 τίς
3854 1945 3894 2012 ή

2300 2028 2608 2096 οἰκονομία
2639 2027 2747 2082 τοῦ
2792 2028 3131 2096 μυστηρίου
3178 2025 3287 2080 τοῦ
3347 2025 3896 2096 ἀποκεκρυμμένου

2299 2111 2417 2165 ἀπὸ
2452 2108 2572 2164 τῶν
2601 2111 2833 2165 αἰώνων
2878 2111 2951 2163 ἐν
2978 2110 3061 2176 τῷ
3114 2109 3238 2175 Θεῷ
3286 2108 3368 2175 τῷ
3408 2108 3481 2163 τὰ
3519 2109 3720 2164 πάντα
3766 2112 3896 2165 κτί-

2300 2211 2478 2249 σαντι
2513 2193 2612 2248 διὰ
2656 2194 2854 2262 Ἰησοῦ
2903 2194 3185 2263 Χριστοῦ.
3225 2193 3484 2262 Ἄγγελοι
3529 2194 3689 2248 τοῦτο
3731 2196 3896 2265 μόνον

2301 2278 2520 2348 ᾔδεσαν,
2550 2280 2634 2332 ὅτι
2676 2277 2960 2347 Ἐγ-ενήθη
2989 2277 3163 2345 μερίς
3216 2277 3440 2345 Κυρίου
3471 2277 3624 2344 λαὸς
3665 2277 3891 2333 αὑτοῦ⁸

2302 2365 2395 2417 καὶ
2427 2362 2612 2427 πάλιν,
2647 2361 2710 2415 '0
2739 2360 2942 2430 ἀρχων
2961 2360 3083 2414 τῶν
3109 2360 3385 2428 Περσῶν,
3412 2362 3601 2431 φησὶν,
3624 2361 3895 2430 ἀντέστη

2297 2465 2418 2516 μοι.
2440 2448 2604 2499 Ὥστε
2638 2445 2791 2499 οὐδὲν
2839 2444 3175 2516 θαυμαστὸν,
3222 2445 3270 2498 εί
3314 2446 3408 2499 καὶ
3445 2446 3605 2498 τοῦτο
3634 2446 3892 2516 ἠγνόουν.

2302 2529 2366 2583 Et
2423 2530 2533 2600 7&9
2578 2528 2648 2582 τὰ
2676 2529 2776 2599 τῆς
2836 2528 3101 2582 ἐπανόδου
3151 2528 3405 2596 ἠγνόουν,
3451 2527 3634 2597 πολλῷ
3688 2527 3896 2597 μᾶλλον

2299 2611 2513 2667 ταῦτα·
2564 2610 2659 2666 καὶ
2702 2613 2811 2682 γάρ
2852 2610 3173 2679 εὐαγγέλιον
3224 2610 3384 2664 τοῦτό
3438 2611 3607 2666 ἐστιν.
3654 2609 3889 2675 "Oeae,

2301 2695 2456 2765 φησὶ,
2491 2693 2679 2749 σώσει
2717 2695 2827 2748 τὸν
2870 2693 3027 2749 λαὸν
3070 2693 3260 2748 αὑτοῦ
3292 2694 3401 2747 τὸν
3426 2694 3688 2762 Ἰσραήλ.
3719 2693 3893 2747 Οὐδὲν

2302 2779 2431 2850 περὶ
2469 2777 2577 2832 τῶν
2603 2777 2807 2832 ἐθνῶνο
2843 2777 2980 2831 ἀλλά
3034 2777 3166 2848 περὶ
3206 2776 3317 2831 τῶν
3359 2777 3530 2831 ἐθνῶν
3563 2778 3625 2831 τὸ
3659 2777 3891 2847 Πνεῦμα

2298 2862 2696 2917 ἀποκαλύπτει.
2725 2861 2849 2914 Ὀτι
2880 2861 2979 2932 μὲν
3005 2856 3100 2915 οὖν
3123 2859 3455 2933 ἐκλήθησαν,
3482 2861 3698 2932 ⁴ᾔδεσαν,
3724 2862 3813 2915 ὅτι
3836 2861 3893 2917 δὲ

2298 2947 2392 2999 ἐπὶ
2435 2948 2549 3009 τοῖς
2603 2945 2811 3008 αὐτοῖς,
2846 2945 2940 2998 καὶ
2994 2943 3135 2997 ὥστε
3189 2946 3272 3008 είς
3301 2944 3393 2998 τὸν
3433 2944 3624 3016 θρόνον
3663 2944 3894 3006 καθίσαι

2296 3028 2390 3082 τὸν
2415 3028 2510 3083 τοῦ
2545 3027 2703 3094 Θεοῦ,
2728 3027 2887 3080 τοῦτο
2909 3028 2993 3091 τίς
3021 3028 3087 3082 ἂν
3110 3028 3484 3098 προσεδόκησε
3509 3044 3523 3093 ;
3558 3030 3642 3091 τίς
3677 3028 3746 3082 ἂν
3766 3028 3893 3082 επί-

2300 3129 2489 3165 στευσε
2515 3129 2531 3179 ;
2577 3112 2690 3166 Τοῦ
2713 3111 3279 3181 ἀποκεκρυμμένου,
3317 3114 3503 3183 φησὶν,
3534 3112 3604 3166 ἐν
3624 3110 3705 3177 τῷ
3739 3111 3892 3178 Θεῷ.

2297 3196 2516 3268 Ταύτην
2552 3196 2609 3250 δὲ
2656 3196 2757 3269 τὴν
2811 3197 3128 3268 οἰκονομίαν
3175 3197 3512 3268 σαφέστερον
3546 3198 3605 3252 ὲν
3635 3199 3700 3268 τῇ
3749 3194 3895 3267 πρὸς

2307 3279 2616 3349 Ῥωμαίους
2645 3278 3046 3333 ἀποκαλύπτει.
3087 3280 3189 3334 Ἐν
3228 3278 3310 3345 τῷ
3341 3277 3484 3345 Θεῷ,
3521 3280 3678 3349 φησὶ,
3709 3276 3795 3344 τῷ
3820 3276 3897 3331 τὰ

2296 3361 2495 3416 πάντα
2532 3361 2810 3417 κτίσαντι
2856 3362 2959 3417 διὰ
2992 3362 3199 3430 Ἰησοῦ
3228 3361 3509 3431 Χριστοῦ.
3563 3362 3673 3415 Καὶ
3703 3359 3896 3423 καλῶς

2295 3446 2675 3517 ἐμνημόνευσε
2710 3446 2965 3513 κτίσεως,
3003 3445 3197 3512 εἰπὼν,
3226 3448 3329 3503 Διά
3371 3446 3576 3515 Ἰησοῦ
3600 3445 3891 3516 Χριστοῦ.

2306 3529 2366 3583 '0
2404 3529 2513 3602 7&9
2543 3530 2724 3584 πάντα
2751 3529 2819 3582 δι’
2852 3528 3018 3583 αὑτοῦ
3047 3529 3259 3593 κτίσας,
3308 3529 3403 3584 καὶ
3434 3529 3594 3583 τοῦτο
3620 3527 3686 3582 δι’
3716 3526 3892 3582 αὐτοῦ

2294 3613 2706 3669 ἀποκαλύπτει·
2764 3613 2923 3666 οὐδὲν
2972 3612 3080 3685 γὰρ
3133 3614 3303 3684 χωρὶς
3351 3611 3518 3667 αὐτοῦ
3569 3611 3892 3682 πεποίηκε·

2293 3699 2485 3766 Χωρίς
2523 3698 2631 3769 γάρ
2665 3695 2875 3761 αὐτοῦ,
2925 3697 3113 3765 φησὶν,
3157 3696 3400 3765 ἐγένετο
3453 3695 3657 3751 οὐδέν.
3696 3694 3896 3749 Εἰπὼν

2292 3782 2470 3853 ἀρχὰς
2502 3779 2599 3833 καὶ
2651 3778 2922 3844 ἐξουσίας,
2960 3780 3056 3832 καὶ
3100 3780 3230 3843 τοὺς
3277 3780 3392 3834 ἄνω
3424 3780 3520 3833 καὶ
3564 3780 3695 3843 τοὺς
3727 3780 3894 3833 κάτω

2292 3860 2433 3918 εἷπε.
2466 3863 2627 3918 Κατὰ
2655 3864 2943 3929 πρόθεσιν
2972 3862 3093 3917 τῶν
3120 3863 3371 3918 αἰώνων.
3419 3862 3535 3917 Νῦν
3567 3864 3686 3935 μὲν,
3721 3864 3894 3935 φησὶ,

2292 3948 2538 4017 γέγονεν,
2571 3946 2631 3999 οὐ
2665 3944 2760 4000 νῦν
2803 3945 2861 3998 δὲ
2900 3944 3126 4017 ὥριστο,
3179 3945 3298 3999 ἀλλ’
3351 3946 3561 4001 ἀνωθεν
3606 3946 3889 4017 προτετύ-

2292 4049 2463 4085 πωτο.
2495 4030 2659 4085 Κατὰ
2693 4031 2987 4097 πρόθεσιν
3016 4030 3136 4083 τῶν
3167 4029 3423 4099 αἰώνων,
3470 4030 3551 4099 ἦν
3583 4032 3893 4098 ἐποίησεν

2290 4115 2363 4171 ἐν
2387 4112 2621 4184 Χριστῷ
2658 4112 2866 4181 Ἰησοῦ
2886 4112 3002 4185 [47]
3034 4112 3114 4178 τῷ
3144 4115 3341 4184 Κυρίῳ
3365 4113 3537 4183 ἡμῶν
3558 4131 3572 4145 ·
3603 4115 3892 4177 τουτέστι,

2292 4198 2434 4253 κατά
2496 4197 2806 4271 πρόγνωσιν
2842 4196 2952 4249 τῶν
2991 4195 3229 4261 αἰώνων,
3295 4196 3566 4268 προειδὼς
3618 4196 3690 4251 τὰ
3746 4197 3891 4267 μὲλ-

2289 4285 2452 4337 λοντα
2480 4299 2493 4313 ⁸
2549 4283 2674 4345 τοὺς
2724 4279 3014 4352 μέλλοντας
3043 4280 3245 4344 αίῶνάς
3270 4298 3437 4352 φησιν
3456 4296 3470 4312 ⁸
3515 4282 3631 4353 ᾔδει
3659 4282 3771 4354 γὰρ
3819 4282 3894 4341 τὰ

2291 4366 2551 4437 ἐσόμενα,
2600 4364 2699 4417 καὶ
2750 4363 2925 4427 οὕτως
2977 4363 3167 4435 ὥρισε.
3227 4365 3389 4419 Κατὰ
3432 4369 3727 4434 πρόθεσιν
3760 4365 3894 4421 τῶν

2290 4449 2539 4505 αἰώνων·
2567 4448 2695 4511 ἴσως
2724 4448 2928 4501 τούτων
2957 4440 3033 4501 ὧν
3057 4447 3315 4517 ἐποίησεν
3340 4450 3398 4501 ὲν
3426 4448 3647 4520 Χριστῷ
3674 4449 3890 4519 Ἰησοῦ,

2290 4534 2373 4588 ὅτι
2395 4532 2460 4603 δὴ
2493 4531 2581 4584 διά
2606 4529 2702 4583 τοῦ
2733 4530 2975 4600 Χριστοῦ
3003 4530 3228 4599 γέγονεν
3250 4530 3421 4586 ἅπαν.
3438 4532 3534 4587 Ἐν
3559 4527 3607 4601 ᾧ
3632 4532 3891 4603 ἔχομεν,

2290 4615 2445 4686 φησὶ,
2483 4613 2597 4681 τὴν
2646 4613 2995 4681 παρρησίαν
3042 4614 3142 4668 καὶ
3200 4614 3317 4681 τὴν
3371 4618 3782 4686 προσαγωγὴν
3814 4618 3894 4671 ἐν

2289 4696 2646 4765 πεποιθήσει
2675 4695 2775 4749 διὰ
2813 4694 2923 4764 τῆς
2953 4696 3215 4763 πίστεως
3252 4699 3461 4753 αὐτοῦ.
3489 4699 3602 4770 Οὐχ
3649 4699 3726 4761 ὡς
3756 4702 3894 4769 αίχ-

2292 4780 2551 4852 μάλωτοι,
2595 4779 2751 4850 φησὶ,
2800 4778 3219 4851 προσήχθημεν,
3268 4780 3375 4834 οὐδ’
3418 4781 3496 4839 ὡς
3540 4782 3892 4855 συγγνώμης

2288 4863 2622 4935 ἀξιούμενοι,
2649 4862 2771 4916 οὐδὲ
2802 4863 2879 4927 ὡς
2929 4864 3336 4935 ἡμαρτηκότες.
3385 4867 3519 4931 Kal,
3574 4867 3696 4934 Τὴν
3720 4870 3892 4937 παῤ-

2279 4950 2512 5019 ρησίαν
2541 4948 2671 5020 γάρ,
2713 4947 2898 5016 φησὶν,
2935 4946 3158 5016 ἔχομεν
3192 4948 3263 5002 ἐν
3300 4949 3679 5017 πεποιθήσει,
3718 4968 3894 5006 τουτ-

2285 5033 2427 5096 έστι,
2458 5031 2597 5103 μετά
2625 5029 2721 5084 τοῦ
2755 5030 3004 5102 θαρρεῖν.
3039 5029 3250 5097 Πόθεν;
3302 5033 3407 5088 Διά
3446 5032 3559 5103 τῆς
3609 5036 3894 5104 πίστεως

2283 5115 2488 5171 αὐτοῦ.
2516 5113 2614 5168 Διό
2642 5113 2920 5183 αἰτοῦμαι
2939 5112 3027 5182 μὴ
3046 5114 3339 5181 ,ἐκκακεῖν
3366 5116 3439 5171 ἐν
3457 5117 3586 5183 ταῖς
3617 5119 3893 5187 θλίψεσί

2283 5216 2405 5268 μου
2438 5198 2594 5265 ὑπὲρ
2622 5196 2810 5266 ὑμῶν,
2833 5195 2966 5263 ἥτις
2989 5196 3120 5251 ἐστὶ
3157 5196 3309 5262 δόξα
3335 5198 3525 5269 ὑμῶν.
3560 5199 3687 5265 Πῶς
3720 5203 3894 5256 ἐστιν

2285 5282 2429 5353 ὑπὲρ
2457 5279 2671 5346 αὐτῶν;
2702 5280 2820 5342 πῶς
2847 5280 2964 5333 ἐστι
2991 5279 3116 5346 δόξα
3145 5282 3327 5336 αὐτῶν
3356 5298 3370 5348 ;
3398 5283 3523 5337 Ὀτι
3551 5282 3732 5347 οὕτως
3768 5285 3892 5338 αὐ-

2279 5367 2407 5430 τοὺς
2433 5365 2723 5435 ἠγάπησεν
2754 5366 2782 5416 6
2804 5363 2958 5426 Θεὸς.
2994 5362 3136 5417 ὥστε
3173 5366 3269 5419 καὶ
3314 5366 3407 5421 τὸν
3441 5368 3572 5421 Υἰὸν
3595 5368 3737 5439 ὑπὲρ
3768 5370 3889 5422 αὐ-

2277 5451 2386 5504 τῶν
2414 5450 2616 5510 δοῦναι,
2647 5449 2743 5500 καὶ
2768 5447 2897 5511 τοὺς
2924 5447 3143 5512 δούλους
3167 5449 3396 5506 κακοῦν.
3426 5452 3543 5505 Ἵνα
3576 5452 3689 5524 7&9
3716 5445 3888 5506 οὗτοι

2277 5533 2485 5603 τύχωσι
2508 5530 2779 5585 τοσούτων
2822 5530 3070 5599 ἀγαθῶν,
3131 5532 3343 5597 Παῦλος
3391 5533 3693 5606 ὲδεσμεῖτο.
3722 5536 3891 5605 Ἀρα

2278 5617 2437 5671 τοῦτο
2468 5616 2569 5685 τῆς
2601 5614 2801 5684 πολλῆς
2853 5614 2947 5668 τοῦ
3001 5614 3139 5669 Θεοῦ
3190 5617 3323 5689 περὶ
3376 5618 3578 5682 αὐτοὺς
3616 5619 3887 5687 ἀγάπης·

2278 5702 2416 5771 ὅπερ
2451 5700 2544 5754 καὶ
2576 5699 2705 5768 περὶ
2733 5699 2842 5750 τῶν
2868 5698 3169 5770 προφητῶν
3194 5716 3360 5771 φησιν
3390 5702 3419 5753 6
3447 5702 3582 5765 Θεός
3604 5717 3616 5729 ’
3667 5703 3892 5755 Ἆπέκ-

2285 5783 2727 5847 τεινοναύτοὺς
2768 5781 3079 5850 ἐνρήματι
3131 5784 3432 5851 στόματός
3474 5803 3612 5854 μου.
3660 5785 3789 5848 Πῶς
3826 5786 3897 5839 δὲ

2284 5866 2603 5934 ὲξεκάκουν,
2667 5865 2829 5919 ἀλλον
2879 5864 3235 5935 ολι6ομένου;
3294 5867 3605 5932 Τουτέστιν,
3673 5868 3893 5937 ἐθορυ-

2285 5952 2496 6020 ϐοῦντο,
2574 5952 2949 6021 ἐταράττοντο.
3011 5950 3195 6005 Ταῦτα
3249 5953 3343 6007 καὶ
3407 5952 3898 6009 θεσσαλονικεὺσι
