4140 6524
299 407 356 460 Η)
1181 392 1245 446 IN
1288 386 1500 448 EPlS'l".
1537 381 1624 440 .\D
1663 378 1908 437 EI’IIES.
1950 375 2102 431 CAP.
2149 374 2236 428 lll.
2282 375 2514 434 ll().\lll..
2561 381 2670 437 ΠΙ.
2791 426 2794 430 .
3535 377 3597 433 Μ]

296 536 469 574 ιυινιιηι
520 513 834 586 gravitatem
869 526 965 580 per
996 509 1045 562 id
1091 508 1407 577 deponunt,
1463 506 1514 560 hi
1573 520 1704 559 vero
1753 519 1883 557 non.

295 615 509 679 Propter
539 607 655 660 lucc
679 605 858 658 omnia
884 601 1039 656 nobis
1059 601 1188 670 ipsis
1211 599 1572 653 attendamus.
1593 596 1708 650 Non
1734 595 1874 647 vide-

294 709 355 759 tis
371 702 545 757 bella?
569 715 674 752 non
695 697 894 750 auditis
915 693 1288 747 calamitates?
1319 707 1422 746 noo
1456 691 1539 744 his
1560 686 1886 744 crmlimini?

293 796 480 851 Gentes
501 800 555 844 et
573 791 817 843 civitates
835 788 1057 855 integer.
1079 786 1349 853 absorpta:
1368 791 1492 835 sunt
1514 790 1566 834 et
1586 781 1883 849 perierant;

294 904 392 944 tam
427 887 590 940 multa
621 883 792 937 millia
817 881 1059 934 serviunt
1080 879 1220 942 apud
1244 879 1502 931 barbaros
1536 876 1614 927 :si
1639 874 1882 942 gehentia

298 997 388 1035 nos
419 994 524 1033 non
557 977 809 1045 castigat,
846 973 961 1026 inec
987 973 1176 1025 saltem
1213 987 1310 1024 nos
1337 969 1601 1038 castigent.
1634 976 1685 1019 et
1729 965 1889 1018 doce-

296 1084 378 1127 ant
405 1085 617 1140 sapere.
645 1070 724 1120 An
758 1066 873 1119 hinc
919 1065 1079 1117 mina:
1101 1063 1267 1116 sunt?
1299 1075 1479 1115 nonne
1507 1075 1592 1112 res
1619 1073 1737 1127 qum
1758 1069 1887 1109 eve-

300 1163 522 1220 nerunt?
555 1159 778 1228 Magnas
806 1157 880 1210 illi
928 1155 1196 1210 dederunt
1228 1167 1433 1223 poenas,
1468 1150 1561 1206 sed
1587 1165 1684 1203 nos
1717 1148 1888 1217 majo-

373 1279 2268 1306 Μ

1997 513 2084 553 res
2107 497 2370 563 dabimus,
2405 499 2491 568 qui
2523 515 2587 552 ex
2616 498 2830 554 illorum
2862 496 3256 554 calamitatibus
3285 511 3389 550 non
3424 498 3589 552 casti-

1993 608 2204 662 gantur.
2237 591 2414 648 Grave
2441 602 2520 646 est
2553 601 2609 646 et
2662 592 2944 648 molestum
2971 593 3113 664 quod
3136 591 3261 646 dico
3285 608 3297 644 :
3325 603 3426 658 ego
3457 603 3584 656 quu-

1993 701 2099 754 que
2132 686 2182 740 id
2215 687 2330 740 scio
2357 728 2372 751 ,
2418 686 2512 741 sed
2546 687 2754 741 lucrum
2789 687 2945 742 allert
2988 687 3033 740 si
3082 683 3445 741 attendamus.
3475 675 3592 736 Non

1995 777 2138 829 enim
2179 775 2320 830 dicta
2349 776 2554 847 profert
2582 793 2834 847 umquam
2863 777 2932 831 ad
2965 777 3190 847 gratiam
3215 818 3229 840 ,
3260 774 3353 828 sed
3383 789 3444 827 ea
3472 791 3594 841 qua:

1996 871 2166 938 magis
2194 880 2418 938 possunt
2461 872 2694 924 animam
2727 874 3007 926 continere
3049 881 3101 925 et
3143 870 3440 923 modestam
3473 865 3598 920 red-

1993 962 2142 1017 dere.
2163 962 2287 1016 llaec
2304 964 2447 1017 enim
2472 973 2598 1018 sunt
2617 965 2772 1019 nobis
2785 980 2962 1018 causze
2987 965 3285 1017 futurorum
3309 961 3597 1014 honorum:

1995 1070 2112 1120 qua:
2144 1055 2302 1109 detur
2341 1057 2494 1111 nobis
2525 1057 2778 1111 omnibus
2809 1057 3065 1124 eonsequi
3089 1095 3104 1120 ,
3138 1053 3304 1124 gratia
3336 1062 3391 1106 et
3445 1051 3596 1104 beni-

1995 1147 2219 1215 gnitate.

2879 1271 3442 1288 __.___.._...__———..
3453 1269 3580 1280 -.......

1655 1359 2003 1420 HOMILIA
2057 1361 2188 1419 Vll.

297 1517 416 1573 Car.
446 1516 498 1570 '5.
531 1530 583 1568 v.
617 1512 673 1568 8.
701 1510 838 1565 Mihi
883 1520 1052 1564 autem
1092 1516 1382 1561 sanctorum
1414 1505 1640 1558 omnium
1667 1504 1878 1556 minimo

363 1611 478 1661 data
505 1616 577 1660 est
616 1605 790 1676 gratia
821 1603 930 1656 haec
955 1644 970 1668 ,
1005 1602 1057 1654 in
1086 1598 1315 1671 gentibus
1346 1597 1693 1666 evangelizare
1719 1596 1891 1648 inves-

364 1701 589 1773 tignbiles
641 1697 852 1750 divitias
901 1694 1111 1749 Christi.
1158 1693 1212 1746 9.
1257 1700 1305 1745 et
1350 1690 1646 1744 illuminare
1686 1703 1888 1750 omnes,

366 1808 471 1864 quae
493 1793 559 1845 sit
605 1788 929 1859 dispensatio
961 1784 1271 1840 sacramenti
1300 1780 1584 1836 absconditi
1618 1797 1650 1832 a
1694 1779 1894 1832 saxulis

367 1890 414 1940 in
435 1887 538 1940 Deo
554 1885 644 1952 qui
667 1889 846 1936 omnia
868 1880 1056 1934 creavit
1084 1894 1174 1946 per
1197 1876 1378 1930 Jcsum
1403 1873 1698 1938 Christum;
1727 1871 1813 1926 10.
1843 1881 1896 1924 ut

372 1982 634 2032 innotescat
657 1990 798 2028 nunc
828 1969 1202 2042 principatibus
1243 1978 1291 2022 et
1313 1965 1643 2039 potestatibus
1671 1964 1723 2017 in
1745 1965 1897 2016 crete—

375 2069 517 2122 stibas
571 2083 666 2134 per
725 2063 1011 2116 Ecclesium
1080 2059 1412 2132 multiformis
1457 2057 1707 2126 sapientia
1757 2052 1896 2122 Dei,

375 2160 448 2212 11.
477 2156 765 2212 secimdum
800 2153 1192 2224 prie/initionem
1221 2151 1524 2204 steculorum
1551 2189 1565 2213 ,
1598 2161 1752 2217 quam
1782 2144 1901 2217 fecit

365 2253 410 2304 in
439 2250 643 2303 Christo
673 2246 802 2300 Jesu
836 2246 1053 2298 Domino
1082 2251 1276 2298 nostro.

368 2343 412 2395 1.
445 2340 671 2395 Summa
700 2336 862 2391 Pauli
895 2335 1186 2388 humilitas.
1220 2363 1290 2374 ——
1316 2332 1408 2386 Eis
1453 2331 1543 2401 qui
1589 2331 1654 2384 ad
1706 2329 1900 2383 medici

302 2433 505 2487 veniunt
533 2430 821 2485 ofﬁcinam
843 2469 858 2493 ,
892 2441 999 2482 non
1027 2426 1145 2480 sine
1175 2440 1336 2480 causa
1371 2423 1497 2477 illuc
1521 2431 1604 2476 est
1629 2421 1897 2484 eundum,

301 2526 385 2582 sed
433 2533 486 2579 ut
524 2524 751 2578 discant
779 2535 975 2575 curare
1001 2529 1055 2573 et
1085 2516 1348 2572 adhibere
1378 2515 1792 2570 medicamenta.
1839 2513 1905 2566 Et

302 2634 389 2673 nos
414 2631 637 2688 quoque
665 2630 788 2669 cum
819 2613 927 2668 huc
957 2610 1351 2666 accesserimus
1373 2649 1388 2674 ,
1424 2624 1529 2662 non
1559 2607 1662 2661 hoc
1687 2613 1906 2676 Oportet

301 2720 496 2766 temere
553 2708 744 2761 facere
795 2714 850 2760 et
902 2701 1343 2766 inconsiderate,
1390 2699 1485 2754 sed
1538 2709 1595 2751 ut
1637 2699 1906 2752 discamus

300 2804 440 2859 Pauli
489 2816 769 2857 summam
823 2797 1205 2852 humilitatem.
1234 2793 1373 2860 Quid
1421 2791 1609 2846 enim?
1639 2789 1904 2856 Quoniam

301 2905 407 2952 erat
430 2894 684 2949 dicturus
711 2891 904 2962 gratiae
931 2887 1029 2942 Dei
1062 2884 1512 2957 magnitudinem,
1543 2883 1666 2937 audi
1702 2882 1852 2936 illum
1888 2898 1903 2936 :

305 2987 428 3041 Mihi
453 2986 691 3041 omnium
734 2992 1029 3036 sanctorum
1070 2979 1280 3032 minimo
1309 2977 1429 3031 data
1473 2986 1547 3030 est
1572 2975 1740 3047 gratia
1779 2975 1905 3028 hwc.

303 3080 420 3134 Erat
455 3078 688 3148 quidem
723 3073 1075 3137 humilitatis,
1109 3084 1330 3142 prapter
1357 3071 1536 3140 priora
1565 3070 1780 3136 delicta,
1806 3068 1910 3124 etsi

304 3174 513 3237 deleta,
563 3171 796 3240 lugere,
844 3181 1032 3221 eorum
1077 3163 1388 3218 meminisse
1415 3202 1430 3227 ,
1476 3172 1532 3217 et
1577 3161 1822 3216 modeste
1851 3176 1911 3216 se

303 3280 503 3337 gerere,
531 3273 585 3318 ut
614 3260 838 3332 quando
860 3259 991 3314 dicit
1009 3273 1067 3313 se
1087 3257 1458 3326 blasphemum
1485 3265 1538 3309 et
1561 3265 1912 3324 persequutu-

307 3375 411 3414 rem
456 3368 510 3412 et
552 3354 1060 3416 contumeliosum;
1095 3349 1191 3406 sed
1230 3365 1337 3404 non
1366 3358 1450 3402 est
1480 3347 1611 3402 illud
1643 3363 1764 3402 cum
1811 3347 1914 3402 hoc

307 3450 719 3509 conferendum.
759 3448 916 3503 Prius
949 3447 1115 3512 enim,
1149 3445 1342 3514 inquit,
1374 3442 1520 3497 Talis
1548 3457 1696 3496 eram
1717 3481 1732 3506 ,
1767 3451 1821 3496 et
1855 3456 1914 3496 se

307 3553 455 3599 vocat
497 3540 815 3597 abortivum
850 3555 865 3591 :
897 3547 1020 3608 post
1048 3546 1128 3591 tot
1152 3546 1334 3591 autem
1365 3534 1624 3604 praeclare
1651 3545 1819 3605 gesta,
1855 3547 1914 3588 se

310 3634 547 3691 modeste
572 3647 795 3704 gerere,
821 3645 884 3685 ac
911 3645 970 3684 se
997 3644 1240 3684 omnium
1274 3628 1555 3682 minimmn
1585 3627 1798 3692 dicere,
1831 3635 1917 3681 est
1952 3615 1960 3621 ’

308 3728 486 3783 multa:
529 3735 587 3782 et
642 3738 872 3779 summa:
903 3722 1205 3777 modestiae.
1251 3720 1414 3786 Mihi,
1447 3719 1658 3786 inquit,
1704 3719 1914 3774 minima

309 3820 528 3875 omnium
557 3827 882 3873 sanctorum.
932 3814 1048 3869 Non
1089 3814 1227 3869 dixit
1270 3813 1638 3883 apostolorum
1675 3830 1686 3864 :
1722 3828 1914 3882 quam-

309 3912 487 3968 obrem
532 3918 624 3964 est
655 3906 791 3962 illud
818 3920 1036 3976 quoque
1067 3904 1172 3960 hoc
1199 3904 1397 3959 minus.
1430 3903 1546 3959 Illic
1571 3903 1713 3957 enim
1742 3903 1913 3971 dixit,

312 4005 428 4061 Non
451 4023 567 4061 sum
599 4005 794 4075 dignus
833 4003 1003 4057 vocari
1034 4001 1297 4072 apostolus
1328 3999 1404 4071 (l.
1431 3999 1551 4054 Cor.
1585 4000 1670 4054 15.
1699 3999 1794 4071 9);
1831 3998 1918 4054 hic

309 4112 485 4156 autem
517 4114 581 4155 se
611 4099 778 4154 etiam
808 4095 940 4151 dicit
963 4094 1206 4151 omnium
1239 4101 1556 4148 sanctorum
1584 4091 1865 4146 minimmn
1901 4108 1914 4144 :

313 4191 461 4261 Mihi,
490 4191 697 4262 inquit,
731 4187 960 4244 ontnium
989 4197 1285 4241 sanctorum
1317 4184 1528 4239 minimo
1556 4184 1678 4238 data
1707 4195 1778 4239 est
1799 4202 1918 4256 gra-

313 4285 379 4338 tia
407 4285 516 4339 haec
551 4300 566 4337 :
602 4282 906 4349 Qumnam?
947 4276 1318 4350 Euangelizare
1345 4275 1576 4348 gentibus
1602 4276 1918 4346 impervesti-

311 4375 498 4447 gabiles
549 4372 763 4428 diuitias
790 4369 983 4426 Christi
1023 4377 1070 4424 et
1117 4368 1413 4422 illuminare
1455 4383 1661 4432 omnes,
1715 4383 1828 4437 quae
1855 4368 1921 4422 sit

311 4469 628 4540 dispensatio
671 4465 903 4537 mysterii
939 4462 1222 4519 absconditi
1248 4480 1280 4516 a
1317 4462 1517 4518 steculis
1545 4464 1600 4518 in
1645 4461 1785 4529 Deo,
1833 4463 1921 4535 qui

313 4564 480 4618 omnia
509 4562 707 4616 creavit
734 4577 826 4632 per
853 4557 891 4613 Ι
895 4575 1036 4614 esum
1060 4557 1352 4624 Christum;
1379 4569 1432 4610 ut
1472 4558 1754 4612 innotescat
1784 4574 1921 4612 nunc

315 4655 692 4725 principatibus
709 4660 759 4707 et
809 4650 1139 4720 potestatibus
1155 4653 1210 4703 in
1233 4649 1510 4706 ctelestibus
1527 4665 1618 4718 per
1640 4648 1924 4704 Ecclesium

315 4747 649 4818 multiformis
671 4743 927 4814 sapientia
953 4741 1070 4798 Dei.
1096 4743 1246 4809 Esto,
1276 4741 1583 4796 hominibus
1601 4757 1707 4796 non
1727 4739 1924 4797 fuitre-

317 4836 944 4908 velatum;,illuminasne
961 4835 1181 4907 angelos
1191 4843 1246 4890 et
1261 4834 1636 4904 archangelos,
1655 4845 1710 4890 et
1728 4834 1926 4904 princi-

318 4939 470 4999 patus
501 4938 560 4986 et
587 4927 920 5000 potestates?
964 4926 1156 4994 Certe,
1185 4926 1358 4998 inquit
1390 4941 1403 4977 :
1437 4926 1492 4980 in
1522 4927 1631 4981 Deo
1658 4927 1802 4981 enim
1829 4925 1929 4980 fuit

316 5023 675 5088 absconsum,
706 5031 762 5076 et
791 5021 902 5076 Deo
932 5021 1026 5091 qui
1045 5021 1226 5076 omnia
1257 5020 1462 5075 creavit
1489 5035 1585 5090 per
1612 5019 1820 5076 Jesum.
1852 5020 1926 5075 Et.

319 5114 486 5171 audes
526 5114 635 5169 hoc
662 5113 888 5168 dicere?
917 5113 1093 5168 Etiam
1121 5154 1136 5179 ,
1170 5112 1365 5184 inquit.
1393 5110 1501 5167 Sed
1536 5111 1678 5168 unde
1701 5113 1805 5168 hoc
1833 5113 1934 5168 fuit

321 5206 670 5262 manifestum
688 5204 932 5276 angelis?
965 5205 1065 5260 Per
1091 5203 1407 5259 Ecclesiam.
1442 5203 1628 5273 Neque
1649 5203 1824 5259 solum
1842 5204 1932 5259 di-

322 5301 417 5367 xit,
441 5301 590 5355 varia
612 5298 704 5354 Dei
722 5297 1010 5369 sapientia,
1029 5296 1324 5364 sed,Valde
1350 5298 1512 5351 varia.
1535 5295 1672 5365 Quid
1692 5296 1934 5368 hocergo

325 5393 446 5448 est?
491 5407 604 5446 non
643 5398 846 5446 norunt
869 5389 1078 5460 angeli?
1106 5388 1328 5444 Minime
1360 5406 1374 5444 :
1404 5403 1528 5444 nam
1557 5391 1604 5445 si
1646 5389 1936 5460 principa—

327 5493 410 5538 tus
439 5498 551 5538 non
582 5491 784 5538 norunt
807 5523 823 5548 ,
857 5483 1028 5538 multo
1057 5482 1236 5538 minus
1279 5482 1458 5553 angeli
1488 5483 1759 5538 noverint.
1789 5483 1931 5551 Quid

328 5577 492 5647 ergo?
524 5591 626 5631 nec
652 5575 964 5646 archangeli
985 5576 1218 5632 norunt?
1244 5574 1356 5631 Nec
1391 5576 1468 5631 illi
1495 5595 1507 5630 :
1539 5576 1812 5634 undenam
1843 5594 1934 5634 es-

330 5677 448 5722 sent
501 5666 815 5738 cognituri?
863 5683 1098 5739 quonam
1153 5667 1473 5724 revelante?
1529 5669 1759 5737 Quando
1830 5687 1930 5726 nos

330 5759 619 5815 didicimus
639 5803 654 5827 ,
687 5769 817 5815 tunc
847 5760 923 5815 illi
951 5776 1168 5832 quoque
1209 5775 1305 5832 per
1334 5776 1454 5817 nos.
1485 5761 1626 5818 Audi
1653 5763 1798 5818 enim
1828 5777 1934 5820 an-

333 5851 507 5920 gelum
537 5850 806 5907 dicentem
822 5850 1057 5924 Joscpho
1085 5870 1099 5911 :
1132 5843 1354 5904 Vocaois
1375 5869 1556 5910 nomen
1576 5855 1685 5928 eius
1711 5853 1933 5911 Iesum:

1995 1520 2106 1572 ipse
2122 1503 2254 1555 enim
2283 1505 2477 1557 salttum
2505 1502 2656 1574 faciet
2689 1506 2933 1572 populum
2957 1523 2987 1556 (ι
3007 1507 3223 1572 peccatis
3249 1504 3354 1556 suis
3387 1499 3600 1574 (Matth.

2000 1596 2051 1648 1.
2086 1595 2200 1665 (21).
2238 1596 2356 1663 lpse
2406 1597 2602 1650 missus
2654 1596 2751 1648 fuit
2795 1598 2859 1649 ad
2907 1608 3129 1666 gentes,
3183 1596 3256 1649 illi
3309 1603 3488 1649 autem
3535 1595 3604 1649 ad

2001 1687 2490 1742 cireunteisionem.
2522 1689 2911 1755 Quamobrem,
2946 1688 3087 1758 quod
3118 1698 3202 1743 est
3229 1688 3604 1742 admirabilius

2001 1792 2054 1835 et
2077 1781 2422 1849 stupendum,
2456 1783 2603 1847 mihi,
2643 1783 2832 1853 inquit,
2863 1783 3045 1837 datum
3072 1795 3153 1838 est
3178 1785 3266 1854 qui
3297 1799 3413 1836 sum
3448 1782 3610 1835 mini.

2005 1891 2142 1930 mus.
2194 1875 2321 1928 Erat
2369 1885 2548 1928 autem
2599 1875 2702 1930 hoc
2749 1891 2962 1946 quoque
3009 1877 3193 1945 gratia:
3246 1876 3387 1946 quod
3441 1891 3608 1945 parvo

2005 1966 2205 2035 majora
2227 1978 2350 2021 sunt
2373 1969 2597 2033 credita,
2623 1977 2678 2022 ut
2705 1979 2847 2022 esset
2877 1984 3064 2024 eorum
3091 1971 3444 2040 evangelista.
3471 1969 3604 2024 Nam

2004 2060 2093 2129 qui
2127 2061 2386 2126 majorum
2419 2059 2517 2113 fuit
2545 2061 2908 2130 evangelista,
2944 2061 3047 2116 hac
3099 2063 3310 2117 ratione
3353 2072 3437 2117 est
3487 2080 3604 2116 ma-

2004 2167 2161 2223 gnus.
2209 2152 2578 2223 Euangelizare
2618 2154 2670 2207 in
2712 2156 2943 2224 gentibus
2992 2155 3365 2227 investigabiles
3404 2156 3610 2211 divitias

2007 2244 2212 2297 Christi.
2244 2244 2298 2298 Si
2326 2244 2445 2313 ejus
2491 2244 2691 2298 divitim
2717 2255 2842 2300 sunt
2873 2247 3410 2316 impervestigahiles,
3443 2249 3607 2302 etiam

2009 2346 2289 2403 postquam
2337 2336 2618 2404 apparuit,
2677 2337 2848 2390 multo
2889 2338 3059 2407 magis
3109 2339 3366 2392 essentia.
3419 2338 3472 2394 Si
3521 2347 3607 2392 e~t

2009 2427 2182 2480 adhuc
2215 2429 2555 2498 mysterium,
2593 2429 2764 2482 multo
2797 2430 2964 2499 magis
2991 2440 3279 2500 antequam
3309 2445 3607 2500 cognosce-

2008 2532 2176 2573 retur.
2210 2520 2521 2589 Mysterium
2551 2520 2692 2574 enim
2725 2521 2895 2590 ipsum
2932 2531 3212 2592 propterea
3243 2531 3431 2586 vocat,
3462 2539 3606 2592 quo--

2010 2615 2152 2667 niam
2185 2629 2282 2667 nec
2308 2615 2483 2684 angeli
2515 2623 2798 2680 noverant,
2836 2630 2935 2668 nec
2965 2615 3054 2668 ulli
3097 2616 3186 2669 alii
3219 2625 3336 2670 erat
3365 2616 3595 2671 manife-

2011 2719 2172 2763 stum.
2210 2706 2277 2761 Et
2300 2709 2610 2772 illuminare,
2641 2710 2831 2777 inquit,
2867 2726 3040 2763 omnes
3070 2726 3184 2780 quae
3206 2711 3270 2763 sit
3297 2712 3609 2781 dispensatio

2013 2801 2241 2871 mysterii
2269 2801 2553 2854 absconditi
2578 2817 2608 2853 a
2652 2801 2853 2854 swculis
2879 2801 2930 2854 in
2961 2800 3088 2868 Deo,
3118 2802 3204 2870 qui
3234 2804 3403 2855 omnia
3427 2805 3614 2856 creavit

2015 2913 2105 2964 per
2133 2894 2314 2948 Jesum
2341 2894 2622 2948 Christum.
2658 2894 2845 2964 Angeli
2876 2894 2978 2947 hoc
3011 2904 3216 2948 tantum
3248 2905 3436 2948 norant
3467 2897 3610 2963 quod

2016 2987 2208 3042 Factus
2239 2999 2309 3042 est
2343 2989 2508 3058 portio
2541 2985 2752 3040 Domini
2783 2987 3006 3056 populus
3037 2989 3147 3059 ejus
3179 2987 3357 3060 (Deut.
3390 2990 3478 3042 52.
3514 2987 3567 3049 9)
3596 3005 3611 3052 ;

2015 3091 2068 3137 et
2099 3095 2285 3136 rursus
2306 3120 2322 3144 ,
2361 3079 2610 3149 Princeps
2643 3077 2921 3132 Persarum
2950 3079 3136 3133 restitit
3168 3079 3293 3132 mihi
3325 3078 3486 3149 (Dan.
3521 3081 3612 3135 10.

2019 3176 2127 3244 15).
2156 3172 2518 3242 Quamobrem
2551 3185 2658 3225 non
2692 3181 2774 3225 est
2808 3171 3114 3224 mirandunt
3144 3213 3158 3238 ,
3190 3171 3233 3225 si
3268 3171 3369 3224 hoc
3398 3187 3614 3240 quoque

2017 3266 2356 3338 ignorabant.
2385 3263 2518 3318 Nam
2551 3265 2593 3316 si
2624 3262 2853 3317 reditum
2885 3262 3236 3332 ignorabant,
3286 3261 3402 3316 ha-c
3445 3264 3616 3316 multo

2017 3361 2189 3430 magis
2214 3379 2226 3413 :
2251 3370 2335 3414 est
2357 3359 2499 3414 enim
2535 3358 2636 3412 hoc
2663 3357 3022 3428 evangelium.
3057 3357 3158 3421 Qui
3179 3357 3394 3421 salvum,
3421 3358 3613 3426 inquit,

2021 3453 2172 3526 faciet
2204 3451 2450 3522 populum
2479 3467 2630 3505 suum
2657 3449 2824 3504 Israel
2871 3449 3087 3519 (Matth.
3121 3450 3173 3503 1.
3202 3447 3322 3521 ﬁl).
3355 3449 3501 3504 Nihil
3549 3451 3618 3505 de

2018 3543 2269 3612 gentibus
2303 3541 2437 3596 :sed
2482 3541 2549 3595 de
2597 3541 2844 3610 gentibus
2887 3540 3090 3594 revelat
3133 3539 3388 3609 Spiritus.
3442 3542 3619 3611 Atque

2020 3635 2162 3706 quod
2190 3646 2391 3689 vocata:
2419 3634 2636 3704 quidem
2670 3642 2875 3700 essent,
2908 3641 3136 3696 norant;
3168 3633 3311 3701 quod
3342 3644 3522 3688 autem
3550 3635 3615 3685 ad

2020 3727 2249 3789 eadem,
2291 3735 2346 3780 et
2372 3740 2605 3780 sessurae
2650 3733 2832 3778 essent
2863 3724 2915 3777 in
2949 3724 3144 3778 throno
3171 3724 3306 3789 Dei,
3342 3723 3462 3792 quis
3514 3724 3618 3778 hoc

2026 3827 2417 3889 exspectasset,
2447 3818 2567 3888 quis
2597 3815 2952 3885 credidisset?
2979 3815 3297 3883 Absconditi,
3345 3817 3536 3885 inquit,
3566 3817 3618 3868 in

2023 3911 2154 3966 Deo.
2189 3910 2340 3964 Hanc
2367 3918 2547 3964 autem
2572 3908 3032 3979 dispensationem
3059 3908 3300 3978 apertius
3330 3908 3532 3962 revelat
3564 3906 3616 3961 in

2027 4003 2265 4073 Epistola
2301 4001 2367 4055 ad
2413 4001 2705 4055 Romanos.
2755 3999 2822 4054 In
2868 3999 3013 4065 Deo,
3064 4000 3272 4070 inquit,
3317 4001 3405 4071 qui
3451 4007 3622 4054 omnia

2025 4095 2212 4150 creavit
2245 4111 2334 4165 per
2364 4093 2545 4148 Jesum
2576 4093 2852 4148 Christum.
2889 4093 3058 4149 Recte
3083 4103 3259 4149 autem
3289 4096 3620 4150 creationem

2025 4186 2346 4244 memoravit
2393 4186 2617 4252 dicens,
2651 4183 2757 4240 Per
2787 4184 3063 4240 Christum.
3109 4185 3242 4240 Nam
3291 4187 3380 4257 qui
3442 4191 3621 4241 omnia

2026 4280 2231 4336 ereavit
2257 4295 2352 4350 per
2382 4279 2555 4349 ipsum
2578 4321 2594 4344 ,
2624 4278 2727 4333 hoc
2753 4294 2966 4350 quoque
3010 4295 3108 4347 per
3146 4279 3319 4349 ipsum
3352 4281 3554 4336 revelat
3609 4301 3620 4335 :

2028 4374 2161 4430 nihil
2201 4373 2347 4428 enim
2387 4372 2506 4426 sine
2551 4371 2644 4426 illo
2674 4370 2802 4427 fecit
2845 4389 2857 4424 :
2895 4387 3016 4425 nam
3066 4371 3193 4426 Sine
3233 4372 3355 4439 illo,
3411 4372 3579 4442 inquit
3613 4419 3624 4437 ,

2030 4469 2221 4538 factum
2253 4474 2324 4519 est
2352 4463 2480 4517 nihil
2514 4461 2707 4536 (Joan.
2737 4465 2790 4518 1.
2826 4463 2919 4533 5).
2953 4463 3148 4517 Dieens
3193 4465 3523 4535 principatus
3573 4477 3622 4518 et

2028 4567 2342 4628 potestates,
2362 4556 2495 4611 dixit
2514 4555 2890 4626 etsuperiores
2911 4566 2964 4611 et
2997 4557 3299 4612 inferiores.
3331 4559 3620 4613 Secundum

2027 4651 2416 4723 prteﬁnitionem
2469 4651 2791 4704 saeculorum.
2823 4651 2975 4705 Nunc
3002 4650 3216 4721 quidem
3260 4651 3457 4707 factum
3504 4661 3622 4715 est,

2029 4744 2236 4814 inquit,
2263 4757 2369 4796 non
2398 4758 2542 4796 nunc
2569 4751 2750 4797 autem
2789 4752 2872 4798 est
2903 4744 3230 4814 praeﬁnitum
3256 4785 3271 4810 ,
3319 4743 3414 4799 sed
3437 4746 3622 4798 multis

2033 4844 2180 4890 retro
2229 4833 2364 4889 actis
2413 4834 2745 4904 temporibus
2773 4833 2871 4888 fuit
2914 4837 3290 4890 constitutum.
3325 4836 3627 4891 Secundam

2034 4928 2427 4999 prteﬁnitionem
2469 4928 2774 4982 seculorum
2817 4946 2969 5001 quam
3002 4929 3120 4998 fecit
3157 4930 3209 4984 in
3259 4929 3459 4984 Christo
3503 4929 3628 4984 Iesu

2037 5019 2256 5075 Domino
2287 5029 2478 5073 nostro.
2511 5018 2626 5073 Hoc
2653 5028 2774 5085 est,
2827 5019 3121 5074 secundum
3151 5021 3630 5092 przecoguitionem

2037 5113 2358 5170 saeculorum
2378 5154 2394 5179 ,
2417 5121 2473 5166 ut
2503 5112 2592 5184 qui
2613 5110 2790 5166 futura
2817 5113 3208 5182 prtescivisset,
3236 5113 3410 5168 futura
3434 5118 3632 5172 swcu!a

2037 5205 2167 5261 dicit
2197 5224 2210 5260 :
2243 5204 2448 5260 sciebat
2473 5204 2620 5259 enim
2641 5203 2818 5259 futura
2853 5213 2901 5258 et
2931 5205 3010 5260 sic
3035 5205 3300 5260 deﬁnivit.
3337 5206 3630 5262 Secundum

2039 5299 2428 5371 prteﬁnitionem
2477 5298 2820 5362 swculorum;
2898 5296 3089 5353 horum
3170 5297 3435 5365 fortasse,
3516 5317 3634 5369 qua:

2041 5393 2242 5448 lecitin
2271 5393 2490 5447 Christo
2538 5391 2711 5448 Jesu:
2767 5409 2859 5462 per
2902 5392 3176 5448 Christum
3223 5404 3402 5450 autem
3433 5395 3632 5451 factum

2042 5495 2128 5542 est
2185 5486 2520 5541 universum.
2573 5484 2661 5540 12.
2696 5483 2760 5538 In
2787 5501 2923 5551 quo,
2967 5485 3170 5557 inquit,
3221 5488 3463 5542 habemus
3492 5489 3629 5560 ﬁdu-

2043 5581 2179 5635 ciam
2233 5585 2280 5634 ει
2324 5595 2581 5633 accessum
2633 5579 2685 5632 in
2739 5577 3048 5648 conﬁdentia
3074 5595 3165 5651 per
3184 5581 3630 5653 [idemejas.Non

2045 5684 2318 5744 tamquam
2344 5673 2539 5742 captivi
2566 5713 2581 5739 ,
2612 5672 2817 5742 inquit,
2860 5671 3074 5728 adducti
3098 5689 3287 5730 sumus
3310 5716 3326 5740 ,
3357 5692 3534 5746 neque
3588 5687 3639 5733 ut

2042 5766 2244 5837 dignati
2301 5764 2497 5828 venia,
2527 5778 2702 5835 neque
2754 5773 3025 5836 tamquam
3072 5767 3162 5837 qui
3213 5769 3638 5838 peccaverimus.

2051 5856 2261 5912 Etenim
2293 5855 2586 5924 Fiduciam,
2615 5857 2803 5926 inquit,
2832 5857 3072 5912 habemus
3099 5859 3151 5915 in
3180 5859 3510 5930 conﬁdentia,
