4140 6518
606 336 666 389 iii
1341 331 1398 386 S.
1437 328 1712 385 JOANNIS
1749 322 2212 383 CIlllYSOSTUMI
2254 323 2571 386 ARClllEP.
2611 332 3139 395 CONSTANTINOP.

598 457 703 513 est,
730 447 1068 503 confidimus.
1099 442 1418 503 Undenam?
1443 440 1547 499 Per
1572 444 1723 512 [idem
1765 443 1893 513 ejus.
1925 443 2012 497 i5.
2050 441 2180 497 Pro-

600 552 715 606 pter
738 542 876 610 quod
896 551 1009 611 peto
1035 557 1097 595 ne
1122 539 1369 607 deﬁciatis
1410 537 1464 592 in
1495 536 1900 590 tribulationibus
1941 536 2064 589 meis
2089 551 2182 604 pro

598 631 753 695 vobis,
781 648 894 702 qua:
918 642 992 687 est
1017 630 1184 702 gloria
1211 640 1391 685 uestra.
1422 629 1702 698 Quomodo
1728 638 1853 682 sunt
1883 642 1981 696 pro
2011 627 2180 697 ipsis?

598 724 868 791 quomodo
898 732 1023 776 sunt
1073 722 1241 792 gloria
1292 722 1574 791 ipsorum?
1615 722 1878 790 Quoniam
1926 718 2071 791 ipsos
2096 718 2177 773 sic

595 815 783 869 dilexit
815 815 973 880 Deus,
1003 824 1053 867 ut
1075 814 1238 868 etiam
1269 828 1364 883 pro
1391 814 1521 884 ipsis
1547 813 1702 868 daret
1730 806 1948 881 Filium,
1976 822 2031 868 et
2054 829 2176 869 ser-

598 921 689 958 vos
723 920 851 960 suos
878 905 1016 959 male
1042 905 1301 960 afﬁceret.
1333 904 1464 959 Nam
1495 914 1552 958 ut
1576 904 1661 959 isti
1690 914 1795 959 tam
1826 907 1993 958 multa
2039 907 2120 956 but
2144 920 2175 959 a

592 1007 1070 1065 consequerentur,
1130 997 1325 1051 Paulus
1377 1005 1493 1050 erat
1538 997 1590 1050 in
1640 996 1888 1051 vinculis.
1939 996 2052 1052 Hoc
2091 1006 2176 1052 est

592 1087 771 1141 multm
819 1088 912 1141 Dei
944 1089 995 1142 in
1044 1087 1188 1158 ipsos
1218 1088 1493 1142 caritatis:
1550 1087 1692 1158 quod
1741 1088 1901 1141 etiam
1933 1086 2000 1142 de
2043 1104 2171 1159 pro-

592 1179 767 1246 phetis
794 1179 922 1233 dicit
951 1180 1087 1234 Deus
1121 1198 1132 1232 :
1165 1177 1343 1233 Occidi
1368 1195 1451 1233 eos
1477 1179 1531 1232 in
1555 1178 1712 1233 verbis
1743 1180 1845 1232 oris
1866 1180 1965 1234 mei
1993 1179 2150 1249 (Osee

588 1269 622 1324 6
672 1270 751 1340 5).
779 1269 1059 1337 Quomodo
1091 1280 1270 1325 autem
1297 1270 1615 1326 deﬁciebant
1651 1271 1759 1324 alio
1786 1270 2026 1327 afflicto?
2058 1274 2169 1329 lloc

585 1371 703 1427 est,
748 1364 1221 1432 perturbabantur.
1272 1363 1383 1418 Hoc
1429 1365 1589 1418 etiam
1637 1363 1770 1417 dicit
1818 1364 2061 1420 scribens
2099 1365 2167 1420 ad

597 1452 1108 1508 Thessalonicenses
1144 1471 1156 1506 :
1189 1453 1255 1508 Ut
1287 1470 1431 1507 nemo
1458 1465 1715 1509 moveatur
1740 1456 1794 1508 in
1817 1456 2162 1512 tribulationi-

584 1546 673 1599 bus
698 1546 806 1600 istis
837 1547 911 1615 (1.
935 1545 1113 1601 Thess.
1141 1546 1195 1600 5.
1221 1544 1298 1616 5).
1329 1545 1445 1600 Non
1472 1547 1644 1600 solum
1673 1548 1815 1601 enim
1848 1564 1954 1603 non
1979 1549 2164 1604 dolen-

580 1635 704 1689 dtnn
732 1676 749 1702 ,
810 1636 903 1692 sed
934 1638 1093 1692 etiam
1123 1646 1207 1691 est
1238 1638 1539 1691 lactandum.
1578 1637 1632 1694 Si
1680 1642 1823 1693 enim
1852 1656 1915 1694 ex
1964 1644 2158 1711 prsidi-

579 1727 757 1780 etione
783 1727 1022 1796 accipitis
1051 1729 1311 1782 consolati
1338 1746 1495 1791 metu,
1519 1730 1853 1799 pncdicimns
1883 1732 2116 1788 futurum
2142 1776 2158 1800 ,

580 1828 635 1869 ut
663 1816 747 1871 hic
775 1818 1092 1888 aiﬁigamur.
1125 1820 1336 1887 Quare?
1366 1820 1627 1888 Quoniam
1663 1823 1917 1879 Dominus
1945 1827 2022 1881 sic
2046 1824 2161 1897 jus-

575 1908 663 1960 sit.
696 1909 783 1963 14.
818 1909 990 1981 Hujus
1025 1913 1098 1964 rei
1123 1912 1289 1982 gratia
1313 1913 1463 1981 [lecto
1493 1930 1657 1984 genua
1687 1932 1799 1969 mea
1836 1918 1905 1970 ad
1954 1918 2157 1974 Putrem

573 1998 778 2054 Domini
802 2004 962 2057 nostri
1001 2002 1121 2060 Iesu
1150 2003 1359 2069 Christi,
1390 2005 1477 2061 15.
1516 2023 1579 2060 ea:
1605 2024 1703 2079 quo
1730 2011 1892 2064 omnis
1932 2015 2156 2082 paterni-

572 2101 648 2144 tus
680 2094 730 2145 in
760 2094 898 2148 ctelis
933 2095 1055 2153 etin
1087 2107 1220 2150 terra
1246 2098 1560 2152 nominatur.
1595 2099 1718 2155 Sua:
1747 2118 1842 2170 pro
1872 2104 1998 2171 ipsis
2030 2122 2151 2174 prc-

567 2183 793 2237 catiouis
818 2187 1052 2240 ostendit
1078 2186 1349 2242 affectum.
1378 2189 1491 2243 Non
1524 2191 1655 2245 dixit
1688 2194 1862 2249 solum
1883 2232 1898 2261 ,
1931 2196 2150 2264 Preenr,

566 2276 659 2329 sed
704 2290 1080 2347 compunctum
1111 2283 1347 2336 ostendit
1398 2286 1759 2353 precationem
1790 2304 1855 2344 ex
1897 2304 1960 2344 eo
2006 2290 2149 2360 quod

566 2368 744 2423 flectat
766 2384 960 2437 genua.
994 2371 1081 2425 Ea:
1099 2388 1199 2442 quo
1225 2375 1387 2429 omnis
1415 2379 1711 2443 paternitas.
1746 2378 1860 2432 Non
1887 2381 1996 2450 jam
2023 2382 2153 2438 dicit

563 2459 858 2513 secundum
891 2477 1173 2516 numerum
1200 2465 1510 2534 angelorum
1537 2508 1552 2531 ,
1583 2468 1676 2521 sed
1705 2471 1996 2525 secundum
2027 2489 2148 2528 eum

561 2551 651 2620 qui
685 2551 808 2605 fecit
838 2552 1008 2608 tribus
1033 2569 1297 2624 supernas
1323 2565 1380 2611 et
1403 2557 1641 2612 infernas
1667 2601 1680 2623 ,
1712 2577 1816 2615 non
1845 2565 2031 2631 quales
2055 2566 2148 2619 Ju-

561 2642 749 2696 daicm.
786 2644 873 2699 16.
911 2643 978 2699 Ut
1006 2646 1086 2699 det
1128 2648 1264 2702 vobis
1292 2653 1566 2703 secundum
1607 2650 1808 2705 divitias
1838 2656 2015 2724 glorite
2041 2675 2148 2712 sua:

561 2734 789 2789 uirtutem
818 2738 1137 2792 corroborari
1162 2756 1252 2809 per
1283 2740 1537 2812 Spiritum
1561 2744 1672 2811 ejus
1692 2745 1744 2799 in
1772 2746 2003 2803 interiori
2046 2750 2143 2805 ho-

562 2828 717 2893 mine,
749 2828 842 2882 17.
892 2827 1151 2884 Christum
1180 2831 1410 2887 habitare
1434 2850 1522 2904 per
1542 2835 1694 2902 ﬁdem
1720 2837 1773 2890 in
1800 2842 2034 2896 cordibus
2063 2858 2145 2898 ue-

556 2919 694 2972 stris.
730 2918 862 2975 Vide
886 2938 1006 2976 cum
1037 2934 1233 2993 quanta
1257 2924 1655 2982 insatiabilitate
1681 2930 1761 2984 eis
1783 2932 1919 2986 bona
1954 2947 2142 3003 prece-

559 3018 682 3076 tur,
719 3026 785 3065 ne
820 3012 1290 3071 circumferuntur.
1343 3016 1627 3085 Quomodo
1674 3030 1852 3077 autem
1901 3024 1959 3077 ﬁt
2000 3025 2145 3080 hoc?

561 3101 663 3156 Per
692 3102 945 3174 Spiritum
969 3118 1201 3161 sanctum
1253 3109 1307 3164 in
1353 3111 1583 3166 interiori
1633 3113 1836 3171 homine
1861 3117 2145 3174 inhabitare

557 3196 815 3250 Christum
843 3215 934 3269 per
968 3200 1122 3268 ﬁdem
1151 3202 1203 3255 in
1232 3203 1466 3257 cordibus
1490 3206 1681 3261 vestris.
1713 3207 2030 3277 Quomodo?
2073 3211 2143 3267 lu

557 3289 769 3342 caritate
793 3291 1011 3345 radicati
1035 3302 1080 3345 et
1104 3294 1340 3362 fundati,
1369 3294 1456 3349 18.
1483 3306 1536 3350 ut
1568 3300 1770 3367 possitis
1808 3304 2139 3370 comprehen-

557 3380 677 3432 dere
721 3398 832 3434 cum
879 3383 1108 3438 omnibus
1144 3385 1364 3447 sanctis,
1394 3403 1507 3455 qum
1533 3390 1598 3442 sit
1624 3389 1886 3460 longitudo
1934 3400 1980 3446 et
2018 3394 2139 3447 lati-

555 3473 677 3527 tudo
702 3514 716 3536 ,
759 3485 804 3527 et
855 3475 1138 3529 sublimitas
1184 3488 1230 3530 et
1278 3478 1590 3549 profundum
1633 3496 1652 3535 :
1688 3482 1773 3537 19.
1817 3483 1948 3537 scire
1989 3486 2139 3540 etiam

554 3567 1001 3630 supereminentem
1024 3570 1247 3624 scientia:
1275 3571 1534 3625 caritatem
1558 3572 1768 3627 Christi.

627 3654 681 3708 2.
724 3656 874 3722 Quod
915 3667 1161 3727 precatus
1201 3670 1283 3715 est
1311 3662 1361 3714 in
1391 3662 1673 3733 principio,
1706 3663 1807 3719 hoc
1836 3681 1979 3721 nunc
2004 3683 2139 3737 quo-

551 3765 675 3819 que.
701 3750 837 3817 Quid
866 3761 947 3805 est
973 3762 1149 3806 autem
1178 3753 1317 3822 quod
1341 3754 1479 3808 dixit
1502 3755 1553 3808 in
1580 3756 1883 3824 principio?
1906 3756 1973 3812 Ut
2000 3758 2137 3813 Deus

551 3841 761 3896 Domini
802 3846 960 3898 nostri
995 3842 1123 3898 Jesu
1171 3844 1398 3926 Christi,
1446 3844 1605 3902 Pater
1645 3848 1842 3919 gloriat,
1874 3851 1957 3903 det
2001 3852 2137 3907 vobis

550 3934 787 4001 spiritum
822 3934 1085 4002 sapientite
1121 3946 1168 3989 et
1208 3937 1528 3995 reuelationis
1570 3938 1623 3992 in
1651 3940 1961 4009 agnitionem
2001 3944 2133 4013 ejus,

551 4022 867 4078 illuminatos
909 4025 1082 4079 oculos
1108 4026 1276 4082 cordis
1304 4029 1472 4094 vestri,
1502 4038 1558 4082 ut
1587 4030 1761 4083 sciatis
1787 4047 1899 4098 qua:
1926 4033 1988 4086 sit
2022 4050 2137 4101 spes

553 4114 825 4168 uocationis
848 4117 974 4185 ejus,
1005 4126 1051 4169 et
1077 4132 1190 4187 qua:
1213 4117 1403 4172 divitiis
1425 4119 1605 4190 gloria:
1628 4120 1922 4175 hereditatis
1950 4125 2061 4193 ejus
2084 4125 2137 4177 in

551 4205 753 4269 sanctis,
776 4215 822 4259 et
847 4222 959 4277 qua:
996 4208 1060 4261 sit
1088 4209 1463 4278 supereminens
1488 4212 1783 4279 magnitudo
1807 4212 2003 4266 virtutis
2028 4215 2136 4283 ejus

552 4297 603 4350 in
643 4313 733 4350 nos
769 4299 854 4368 qui
891 4298 1143 4354 credimus
1190 4299 1403 4370 (Ephes.
1455 4301 1504 4354 1.
1558 4301 1762 4372 17-19).
1808 4303 1951 4360 ldcm
1998 4321 2138 4360 nunc

552 4404 762 4459 quoque
782 4390 910 4444 dicit
944 4409 955 4442 :
994 4390 1061 4445 Ut
1093 4391 1294 4460 possitis
1316 4394 1738 4463 comprehendere
1764 4410 1879 4448 cum
1909 4397 2136 4451 omnibus

551 4481 756 4545 sanctis,
798 4497 912 4548 qua:
953 4482 1017 4535 sit
1063 4482 1328 4554 longitudo
1377 4492 1423 4535 et
1469 4483 1708 4551 latitudo,
1757 4486 2040 4540 sublimitas
2089 4498 2137 4542 et

555 4573 899 4642 profundum;
923 4573 1025 4629 hoc
1054 4586 1156 4640 est,
1204 4575 1515 4646 mysterium
1544 4576 1683 4645 quod
1723 4592 1819 4647 pro
1845 4580 2002 4634 nobis
2028 4581 2137 4636 dis-

555 4675 832 4732 pensatnm
863 4676 944 4721 est
992 4674 1240 4722 accurate
1281 4666 1463 4721 scire:
1509 4665 1611 4721 hoc
1655 4669 1797 4723 enim
1833 4681 1987 4725 vocat
2012 4671 2134 4726 lati-

553 4755 787 4811 tudinem
819 4769 872 4811 et
897 4757 1308 4828 longitudinem,
1351 4756 1762 4828 profunditatem
1794 4768 1850 4815 et
1889 4762 2133 4819 sublimi-

553 4855 713 4902 tatem
747 4867 759 4904 :
789 4849 839 4903 id
879 4860 996 4917 est,
1045 4848 1463 4919 magnitudinem
1510 4851 1750 4906 caritatis
1796 4853 1889 4907 Dei
1935 4869 2129 4923 nosse,

550 4941 819 5007 quomodo
849 4941 899 4994 in
928 4956 1140 4996 omnem
1174 4949 1377 5010 partem
1406 4949 1624 4997 extensa
1652 4944 1741 4998 sit.
1774 4942 1843 4998 Et
1862 4958 1979 4999 eam
2008 4960 2131 5003 cor-

552 5031 825 5098 poralibus
874 5033 1056 5102 figuris
1104 5031 1419 5102 descripsit,
1472 5034 1762 5089 ostendens
1813 5036 2131 5094 hominem:

551 5124 999 5192 eomprehendit‘
1031 5140 1150 5194 qua:
1193 5137 1319 5182 sunt
1346 5140 1527 5196 supra,
1557 5144 1677 5198 quae
1717 5128 1878 5198 infra,
1920 5142 1974 5186 et
2012 5148 2133 5201 qua:

550 5231 618 5268 ex
654 5226 982 5273 transverso.
1026 5218 1264 5273 Diximus
1291 5220 1457 5287 enim,
1488 5220 1675 5292 inquit,
1711 5238 1817 5277 non
1845 5235 1927 5280 est
1952 5236 2129 5280 autem

553 5325 684 5363 mese
720 5308 933 5363 dicendi
962 5307 1226 5366 facultatis
1258 5310 1372 5366 haec
1398 5312 1615 5380 docere,
1639 5315 1734 5370 sed
1762 5318 1930 5371 sancti
1958 5317 2131 5389 Spiri-

551 5408 653 5452 tus.
687 5397 858 5468 Hujus
886 5400 1086 5464 tirtute,
1128 5401 1318 5471 inquit,
1363 5403 1681 5458 corroborari
1718 5405 1975 5463 adversus
2007 5419 2128 5465 ten-

550 5492 795 5558 tatioues,
839 5500 894 5546 et
933 5506 1037 5546 non
1064 5491 1242 5549 labare
1279 5502 1336 5549 et
1362 5493 1549 5550 devios
1584 5496 1731 5551 ferri.
1763 5496 2125 5564 Quamobrem

608 5642 626 5671 ⁸
662 5649 789 5692 Unus
802 5643 1046 5697 Codex....
1075 5654 1274 5698 extensa
1296 5649 1374 5699 sit.
1408 5649 1575 5701 Valens
1606 5658 1766 5702 autem
1790 5653 2124 5706 demonstrare

545 5713 724 5779 quarta
745 5706 1044 5779 siccaritatis
1069 5710 1157 5760 Dei
1168 5710 1489 5779 pugnando,
1515 5714 1847 5779 corporalibus
1869 5714 2041 5779 ﬁguris
2063 5718 2121 5768 il-

542 5765 642 5815 lam
664 5765 933 5833 descripsit,
962 5770 1121 5835 rcipsa
1143 5765 1325 5835 dicens,
1353 5765 1885 5839 quodcom'prehendat',
1901 5765 1995 5829 ὄις.

3806 342 3877 411 εξ

2294 441 2403 494 fieri
2449 445 2605 498 aliter
2641 462 2744 500 non
2790 458 2963 515 potest
3011 461 3068 505 ut
3111 456 3541 521 corroborentdr,
3579 475 3738 530 quam
3777 482 3867 534 per

2287 531 2540 600 Spiritum
2587 547 2641 590 et
2689 542 3030 596 tentationes.
3071 544 3352 611 Quomodo
3394 559 3571 605 autem
3621 531 3866 613 Christus

2286 622 2488 679 habitet
2518 627 2569 679 in
2597 630 2869 699 cordibus,
2897 634 3019 687 audi
3050 636 3319 692 Christum
3351 640 3615 697 dicentem
3643 664 3657 700 :
3682 646 3791 718 Ego
3817 662 3866 704 et

2286 711 2443 767 Pater
2484 719 2734 774 veniemus
2755 763 2770 784 ,
2819 731 2865 774 et
2918 726 3231 781 mansionem
3270 730 3411 799 apud
3461 749 3574 786 cum
3622 739 3867 804 faciemus

2286 802 2463 875 (Joan.
2498 809 2583 863 14.
2609 810 2724 879 25).
2761 812 3025 870 lnhabitat
3052 829 3229 873 autem
3262 836 3369 876 non
3401 802 3738 893 simpliciter,
3767 834 3862 888 sed

2283 895 2333 950 in
2364 899 2612 954 cordibus
2641 903 2887 961 ﬁdelibus
2914 924 3032 979 quae
3061 911 3271 967 radices
3299 927 3526 984 egerunt
3553 920 3604 974 in
3635 923 3751 990 ejus
3771 940 3862 980 ca-

2278 988 2452 1057 ritate,
2499 1009 2618 1061 quae
2658 1011 2763 1050 non
2792 997 2960 1054 devia:
2991 998 3258 1059 feruntur.
3307 1005 3374 1061 Ut
3400 1011 3624 1078 possitis,
3666 988 3861 1086 inquit.

2277 1079 2459 1152 Itaque
2490 1088 2695 1156 magnis
2716 1104 2851 1158 opus
2870 1103 2952 1146 est
2978 1095 3198 1149 viribus.
3236 1096 3332 1152 Ubi
3363 1116 3489 1154 vero
3512 1103 3706 1160 talibus
3725 1079 3865 1178 opus

2275 1174 2344 1228 sit
2370 1177 2572 1233 viribus
2601 1180 2856 1249 declarat,
2896 1186 3245 1259 subjungens,
3291 1190 3359 1246 Ut
3389 1196 3592 1262 possitis
3630 1174 3863 1270 compre.

2274 1266 2488 1345 hendere
2522 1286 2635 1322 cum
2674 1275 2907 1329 omnibus
2945 1279 3155 1345 sanctis,
3189 1297 3304 1351 qua:
3347 1283 3412 1336 sit
3446 1266 3769 1355 profunditas
3808 1300 3860 1347 et

2270 1358 2507 1423 altitudo,
2536 1373 2581 1414 et
2610 1365 2736 1415 scire
2756 1381 2871 1431 gnte
2895 1367 2958 1420 sit
2987 1372 3366 1437 supereminens
3395 1375 3582 1430 raritas
3605 1381 3859 1449 cognitio-

2272 1449 2349 1501 nis
2384 1446 2588 1503 Christi.
2641 1451 2709 1507 Ut
2757 1455 3129 1524 adimpleamur
3158 1460 3212 1513 iu
3254 1477 3452 1515 omnent
3492 1446 3860 1534 plenitudinem

2279 1537 2384 1594 Dei.
2418 1541 2529 1594 line
2557 1554 2732 1597 autem
2768 1547 2881 1601 vult
2906 1549 3209 1617 signiﬁcare
3236 1569 3249 1602 :
3279 1552 3612 1624 Quamquam
3655 1563 3857 1616 caritas

2265 1630 2460 1685 Christi
2492 1632 2647 1703 longe
2671 1646 2889 1705 superet
2904 1653 3120 1693 omnem
3148 1643 3435 1697 humanam
3456 1648 3851 1718 eognitionem;

2265 1738 2361 1778 vos
2384 1732 2557 1778 tamen
2586 1730 2940 1795 cognoscetis,
2970 1731 3012 1785 si
3043 1732 3283 1788 habeatis
3310 1735 3582 1793 Christum
3609 1740 3857 1797 habitan-

2265 1824 2369 1869 tem
2414 1816 2465 1869 in
2499 1817 2667 1871 vobis.
2698 1818 2883 1889 Neque
2909 1823 3082 1876 solum
3114 1825 3215 1878 hoc
3257 1841 3322 1880 ex
3365 1826 3456 1881 illo
3487 1834 3850 1900 cognoscetis,

2263 1922 2445 1961 verum
2474 1918 2526 1961 et
2556 1908 2906 1974 implebimini
2957 1912 3010 1965 in
3052 1928 3268 1969 omnem
3309 1915 3697 1984 plenitudinem
3727 1921 3847 1978 Dei.

2261 1997 2362 2057 Ubi
2393 2008 2485 2052 aut
2518 2001 2725 2069 annuit,
2774 2001 2913 2056 idem
2943 2019 3065 2059 esse
3096 2005 3482 2074 plenitudinem
3526 2010 3643 2078 Dei,
3686 2000 3851 2083 atque

2258 2105 2602 2161 cognoscere,
2627 2094 2898 2163 quomodo
2928 2095 2980 2150 in
3006 2095 3164 2151 Patre
3192 2108 3247 2152 et
3268 2098 3404 2154 Filio
3435 2109 3490 2155 et
3518 2113 3705 2158 sancto
3726 2104 3851 2174 Spi‘

2260 2183 2364 2237 ritu
2427 2184 2564 2239 Deus
2612 2201 2750 2239 unus
2801 2186 3010 2241 adorari
3055 2188 3215 2243 debet
3247 2201 3376 2245 :aut
3425 2192 3742 2250 adhortatur
3788 2207 3847 2251 ut

2257 2274 2397 2329 serio
2438 2275 2809 2331 incumbamus
2850 2277 2901 2330 in
2933 2277 3006 2344 id,
3057 2288 3112 2332 ut
3151 2281 3458 2335 omnimodo
3493 2283 3708 2351 virtute,
3739 2301 3845 2356 qua

2254 2366 2489 2420 abundat
2519 2368 2681 2432 Deus,
2714 2384 2811 2423 nos
2838 2370 3176 2439 impleamur.
3209 2373 3300 2426 ΞΟ.
3337 2372 3399 2426 Ei
3424 2384 3613 2442 autent,
3637 2379 3727 2448 qui
3746 2395 3846 2448 po-

2253 2469 2361 2513 tens
2406 2471 2478 2515 est
2523 2463 2694 2514 omnia
2724 2463 2894 2528 [acere
2935 2463 3408 2532 superabundanler
3435 2483 3587 2533 quam
3629 2470 3846 2539 petimus

2252 2562 2340 2605 aut
2384 2552 2710 2623 intelligimus
2758 2555 3035 2608 secundum
3076 2557 3308 2610 virtutem
3350 2574 3464 2629 gnte
3506 2571 3745 2629 operatur
3789 2565 3843 2617 in

2252 2644 2415 2698 nobis.
2451 2644 2748 2700 Secundum
2780 2649 3009 2700 virtutem
3036 2659 3180 2704 recte
3198 2648 3332 2704 dixit
3353 2670 3364 2704 :
3384 2667 3449 2706 ex
3478 2653 3670 2709 virtute
3694 2656 3841 2710 enim

2251 2752 2313 2792 ea
2339 2737 2629 2805 accipimus
2656 2753 2778 2807 quae
2809 2755 3095 2809 numquam
3143 2742 3501 2810 speravimus.
3545 2745 3694 2810 Quod
3736 2762 3841 2801 au-

2253 2837 2359 2882 tem
2391 2826 2743 2881 abundantius
2772 2844 2931 2898 quam
2962 2845 3082 2898 quae
3112 2831 3344 2900 petimus
3365 2842 3455 2886 aut
3483 2832 3834 2904 intelligimus

2249 2918 2455 2984 fecerit,
2485 2920 2661 2989 palam
2686 2930 2769 2975 est
2795 2936 2861 2975 ex
2888 2921 2953 2975 iis
2974 2938 3094 2991 qua:
3122 2924 3236 2993 ipse
3262 2925 3552 2981 scribebat.
3583 2926 3713 2981 Nam
3735 2944 3841 3000 ego

2249 3009 2487 3080 quidem,
2517 3011 2707 3081 inquit,
2740 3026 2929 3079 precor
2961 3028 2975 3065 :
3008 3013 3121 3082 ipse
3147 3025 3324 3070 autem
3357 3017 3518 3072 etiam
3541 3018 3659 3073 sine
3697 3023 3839 3075 meis

2248 3103 2498 3173 precibus
2525 3103 2725 3173 majora
2768 3103 2924 3159 faciet
2949 3120 3107 3175 quam
3136 3118 3334 3162 nostra:
3360 3108 3465 3163 sint
3498 3111 3787 3179 petitiones
3818 3129 3836 3168 :

2248 3208 2354 3249 non
2381 3195 2556 3251 solum
2594 3197 2796 3265 majora
2833 3206 2927 3251 aut
2952 3197 3311 3265 abundanter,
3344 3200 3458 3263 sed,
3496 3201 3837 3271 Superabun‘

2246 3286 2445 3352 denter,
2471 3287 2889 3357 magnitudinem
2919 3289 3046 3344 doni
3074 3289 3377 3347 declarans.
3413 3291 3693 3350 Undenam
3726 3296 3836 3354 hoc

2245 3377 2450 3449 liquet?
2494 3380 2569 3434 Ex
2618 3381 2816 3437 virtute
2858 3397 2979 3451 quae
3024 3393 3282 3453 operatur
3327 3385 3379 3439 in
3426 3387 3601 3442 nobis.
3647 3388 3834 3459 Neque

2244 3468 2388 3523 ettim
2429 3468 2545 3524 haec
2574 3486 2824 3540 umquam
2860 3472 3130 3539 petiimus,
3171 3487 3346 3544 neque
3372 3478 3826 3545 exspectavimus.

2170 3576 2177 3583 ’
2242 3559 2334 3615 Ξ1.
2366 3558 2502 3629 Ipsi,
2533 3560 2722 3631 inquit,
2755 3561 2921 3632 gloria
2948 3562 3002 3615 in
3031 3560 3261 3619 Ecclesia
3299 3563 3351 3617 in
3394 3564 3592 3620 Christo
3624 3566 3751 3622 Jesu
3779 3572 3833 3623 in

2242 3669 2414 3707 omnes
2447 3652 2789 3724 generationes
2827 3653 3001 3707 swculi
3023 3655 3344 3709 steculorum.
3390 3659 3568 3711 Amen.
3604 3660 3834 3715 Pulchre

2242 3742 2506 3799 conclusit
2531 3743 2829 3797 orationem
2860 3743 3106 3812 precibus
3136 3753 3190 3799 et
3216 3746 3625 3814 gloriﬁcatioue.
3658 3749 3834 3820 Opora

2245 3832 2393 3888 lebat
2417 3833 2559 3886 enim
2592 3847 2712 3886 eum
2740 3832 3023 3903 gloriﬁcari
3050 3843 3104 3891 et
3126 3835 3366 3893 benedici
3395 3840 3482 3907 qui
3516 3847 3660 3900 tanta
3689 3857 3831 3910 pm-

2244 3923 2375 3979 buit.
2403 3922 2577 3987 Quare
2604 3922 2707 3978 hoc
2734 3938 2944 3995 quoque
2971 3941 3091 3993 pars
3122 3936 3204 3980 est
3230 3921 3615 3995 admirationis,
3642 3933 3822 4000 glori-

2245 4013 2402 4068 ficare
2424 4023 2641 4083 propter
2662 4030 2722 4069 ca
2751 4030 2868 4085 quae
2895 4031 2925 4070 a
2955 4016 3062 4069 Dco
3083 4031 3268 4071 sumus
3287 4017 3487 4087 adepti,
3523 4034 3615 4088 per
3643 4020 3827 4079 Jesuin

2241 4105 2535 4159 Christum.
2583 4105 2758 4161 Cloria
2794 4107 2912 4177 ejus
2941 4110 2992 4161 in
3027 4108 3277 4176 Ecclesia,
3316 4121 3461 4167 recte
3506 4112 3639 4167 dixit
3669 4130 3682 4166 :
3715 4115 3827 4183 ipsa

2242 4196 2384 4250 enim
2436 4197 2546 4251 sola
2599 4207 2779 4252 manet
2825 4199 2876 4251 in
2924 4209 3261 4269 perpetuum.
3304 4200 3438 4267 Quia
3488 4212 3664 4259 autem
3708 4193 3823 4274 ipsa

2242 4303 2458 4359 semper
2498 4301 2625 4350 stat.
2658 4291 2771 4347 vult
2810 4292 2959 4347 illum
2985 4309 3015 4349 a
3047 4294 3201 4350 nobis
3228 4296 3515 4367 gloriﬁcari
3553 4315 3720 4369 usque
3757 4301 3823 4355 ad

2242 4386 2794 4439 consummationem:
2830 4385 2929 4441 hoc
2977 4388 3119 4442 enim
3170 4389 3489 4459 significavit
3522 4374 3728 4458 dicens,
3761 4393 3824 4447 In

2241 4488 2412 4528 omnes
2437 4476 2784 4544 generationes
2823 4477 3015 4530 saeculi.
3048 4476 3184 4545 Quid
3215 4480 3318 4535 sint
3350 4482 3699 4549 paternitates
3725 4499 3825 4538 nee

2240 4578 2391 4619 cesse
2434 4575 2516 4619 est
2550 4565 2746 4621 dicere.
2778 4566 2908 4622 Nam
2943 4567 3028 4624 hic
3064 4569 3282 4638 quidem
3312 4574 3659 4641 pateruitates
3700 4587 3826 4631 sunt

2238 4671 2458 4726 genera,
2491 4658 2541 4711 in
2571 4658 2703 4713 czelo
2728 4670 2904 4714 autem
2929 4661 3198 4731 quomodo
3252 4664 3342 4719 ubi
3374 4666 3552 4722 nullus
3569 4683 3633 4722 ex
3652 4670 3825 4724 altero

2240 4756 2322 4803 est
2345 4748 2592 4818 genitus?
2624 4766 2688 4803 an
2721 4751 2829 4806 illic
2854 4763 3023 4813 coetus
3051 4763 3205 4809 vocat
3231 4764 3456 4827 πατριάς,
3489 4758 3538 4811 id
3577 4770 3659 4815 est
3685 4776 3823 4830 gen-

2242 4850 2322 4896 tes
2365 4858 2428 4896 ae
2474 4844 2863 4912 cognationes?
2905 4845 3043 4901 sicut
3089 4847 3355 4902 invenitur
3409 4849 3460 4903 iu
3508 4848 3779 4921 Scriptura
3806 4895 3822 4919 ,

2242 4939 2423 5003 πατριὰ
2466 4937 2732 5004 ape-rupit
2761 4934 2857 5005 (a),
2899 4945 3079 5005 utpote
3115 4953 3144 4991 a
3184 4953 3289 5007 quo
3327 4948 3503 5007 patres
3543 4951 3822 4998 vocantur.

2239 5021 2356 5077 Non
2396 5032 2561 5077 totum
2593 5035 2768 5079 autem
2795 5040 2826 5080 a
2854 5025 2963 5081 Deo
2995 5024 3247 5095 postulat,
3281 5028 3375 5084 sed
3405 5030 3563 5085 etiam
3595 5033 3662 5087 ab
3689 5033 3822 5102 ipsis

2242 5112 2401 5170 ﬁdem
2432 5125 2484 5169 et
2513 5116 2790 5170 caritatem
2823 5136 2836 5171 :
2871 5133 3043 5187 neque
3074 5119 3248 5173 solum
3277 5121 3578 5187 caritatem,
3607 5122 3700 5177 sed
3734 5139 3825 5178 ra-

2239 5204 2467 5259 dicatam
2489 5217 2544 5261 et
2565 5206 2861 5273 fundatam,
2893 5220 2951 5262 nt
2971 5225 3143 5280 neque
3170 5211 3310 5265 venti
3340 5227 3456 5266 eam
3480 5213 3822 5279 labefaciaut,

2240 5311 2413 5367 neque
2443 5299 2733 5368 quidquam
2765 5300 2907 5355 aliud
2931 5316 3053 5357 eam
3081 5301 3314 5369 dejiciat.
3341 5303 3482 5359 Dixit
3501 5303 3825 5363 afﬂictiones

2238 5402 2358 5442 esse
2398 5388 2619 5458 gloriam
2652 5408 2664 5443 :
2697 5390 2739 5443 si
2788 5401 2963 5451 autem
3006 5408 3162 5460 mem,
3201 5393 3367 5448 multo
3408 5396 3574 5464 magis
3601 5404 3820 5451 vestrm.

2309 5478 2363 5534 5.
2404 5477 2765 5549 Quamobrem
2791 5481 2835 5536 si
2858 5481 3164 5553 afﬂigimur,
3196 5499 3302 5538 non
3335 5484 3455 5540 ideo
3482 5485 3819 5541 deserimur:

2296 5649 2369 5723 _(a_)
2393 5651 2501 5723 ‘Hie
2542 5654 2761 5716 suspicor
2805 5653 3070 5718 legendum
3114 5670 3248 5721 mea.
3291 5672 3462 5723 ηιραμι,
3509 5658 3565 5707 In
3605 5657 3822 5709 Ηειη-ειιο

2232 5717 2365 5833 ἔξω
2390 5718 2601 5787 legitur;
2629 5732 2738 5776 erat
2759 5717 2927 5777 autem
2948 5727 3106 5778 tribus
3130 5717 3419 5779 Le'vitaru'm'.
3454 5727 3579 5779 Vide
3602 5735 3735 5779 sani.
3761 5730 3816 5793 4,
