  <div class='ocr_page' id='page_1' title='image "/cluster/home/n/w/nwhite01/storage/ocr_20150623/62:no.11/coo.31924054869627/059.png"; bbox 0 0 4140 6502; ppageno 0'>
   <div class='ocr_carea' id='block_1_1' title="bbox 515 315 3787 386">
    <p class='ocr_par' dir='ltr' id='par_1_1' title="bbox 515 315 3787 386">
     <span class='ocr_line' id='line_1_1' title="bbox 515 315 3787 386; baseline -0.003 -2"><span class='ocrx_word' id='word_1_1' title='bbox 515 333 588 384; x_wconf 74' lang='grc' dir='ltr'>δδ</span> <span class='ocrx_word' id='word_1_2' title='bbox 1214 325 1575 386; x_wconf 66' lang='lat' dir='ltr'>S‘JOANNIS</span> <span class='ocrx_word' id='word_1_3' title='bbox 1612 318 2103 380; x_wconf 77' lang='lat' dir='ltr'>CHRYSOSTOMI</span> <span class='ocrx_word' id='word_1_4' title='bbox 2134 315 2459 383; x_wconf 74' lang='lat' dir='ltr'>ARCHIEP.</span> <span class='ocrx_word' id='word_1_5' title='bbox 2495 324 3054 385; x_wconf 79' lang='lat' dir='ltr'>CONSTANTINOP.</span> <span class='ocrx_word' id='word_1_6' title='bbox 3719 316 3787 375; x_wconf 64' lang='lat' dir='ltr'>bl</span> 
     </span>
    </p>
   </div>
   <div class='ocr_carea' id='block_1_2' title="bbox 522 435 2095 511">
    <p class='ocr_par' dir='ltr' id='par_1_2' title="bbox 522 435 2095 511">
     <span class='ocr_line' id='line_1_2' title="bbox 522 435 2095 511; baseline -0.006 -15"><span class='ocrx_word' id='word_1_7' title='bbox 522 443 735 508; x_wconf 77' lang='grc' dir='ltr'>Παῦλος</span> <span class='ocrx_word' id='word_1_8' title='bbox 764 444 822 499; x_wconf 73' lang='grc' dir='ltr'>δέ</span> <span class='ocrx_word' id='word_1_9' title='bbox 869 443 930 497; x_wconf 87' lang='lat'>06</span> <span class='ocrx_word' id='word_1_10' title='bbox 961 443 1022 496; x_wconf 86' lang='lat'>16</span> <span class='ocrx_word' id='word_1_11' title='bbox 1044 444 1230 509; x_wconf 86' lang='grc' dir='ltr'>πόσον,</span> <span class='ocrx_word' id='word_1_12' title='bbox 1263 442 1324 495; x_wconf 86' lang='lat'><em>06</em></span> <span class='ocrx_word' id='word_1_13' title='bbox 1356 442 1412 495; x_wconf 88' lang='grc' dir='ltr'>δὲ</span> <span class='ocrx_word' id='word_1_14' title='bbox 1440 442 1580 495; x_wconf 85' lang='grc' dir='ltr'>ὥστε</span> <span class='ocrx_word' id='word_1_15' title='bbox 1615 440 1884 511; x_wconf 78' lang='grc' dir='ltr'>μετρῆσαι</span> <span class='ocrx_word' id='word_1_16' title='bbox 1921 435 2095 507; x_wconf 76' lang='grc' dir='ltr'>ζητεῖο</span> 
     </span>
    </p>
   </div>
   <div class='ocr_carea' id='block_1_3' title="bbox 522 533 2101 615">
    <p class='ocr_par' dir='ltr' id='par_1_3' title="bbox 522 533 2101 615">
     <span class='ocr_line' id='line_1_3' title="bbox 522 533 2101 615; baseline -0.009 -14"><span class='ocrx_word' id='word_1_17' title='bbox 522 545 645 609; x_wconf 81' lang='grc' dir='ltr'>πῶς</span> <span class='ocrx_word' id='word_1_18' title='bbox 662 543 771 615; x_wconf 85' lang='grc' dir='ltr'>γάρ</span> <span class='ocrx_word' id='word_1_19' title='bbox 802 560 817 608; x_wconf 89' lang='grc'><strong>;</strong></span> <span class='ocrx_word' id='word_1_20' title='bbox 852 542 966 596; x_wconf 84' lang='grc' dir='ltr'>ἀλλ’</span> <span class='ocrx_word' id='word_1_21' title='bbox 995 542 1077 595; x_wconf 82' lang='grc' dir='ltr'>ὅτι</span> <span class='ocrx_word' id='word_1_22' title='bbox 1123 540 1463 611; x_wconf 78' lang='grc' dir='ltr'>θπερὸάλλον</span> <span class='ocrx_word' id='word_1_23' title='bbox 1502 540 1595 593; x_wconf 70' lang='grc' dir='ltr'>καὶ</span> <span class='ocrx_word' id='word_1_24' title='bbox 1635 540 1782 608; x_wconf 89' lang='grc' dir='ltr'>μέγα</span> <span class='ocrx_word' id='word_1_25' title='bbox 1816 536 1936 591; x_wconf 81' lang='grc' dir='ltr'>ἐστὶ</span> <span class='ocrx_word' id='word_1_26' title='bbox 1969 533 2101 587; x_wconf 87' lang='lat'><em>0616</em></span> 
     </span>
    </p>
   </div>
   <div class='ocr_carea' id='block_1_4' title="bbox 521 633 2101 713">
    <p class='ocr_par' dir='ltr' id='par_1_4' title="bbox 521 633 2101 713">
     <span class='ocr_line' id='line_1_4' title="bbox 521 633 2101 713; baseline -0.008 -16"><span class='ocrx_word' id='word_1_27' title='bbox 521 643 678 697; x_wconf 84' lang='grc' dir='ltr'>τοῦτο</span> <span class='ocrx_word' id='word_1_28' title='bbox 712 641 902 713; x_wconf 78' lang='grc' dir='ltr'>μαθεῖν</span> <span class='ocrx_word' id='word_1_29' title='bbox 928 656 941 669; x_wconf 88' lang='grc'><strong>·</strong></span> <span class='ocrx_word' id='word_1_30' title='bbox 972 639 1064 693; x_wconf 86' lang='grc' dir='ltr'>καί</span> <span class='ocrx_word' id='word_1_31' title='bbox 1091 655 1280 707; x_wconf 83' lang='grc' dir='ltr'>φησιν,</span> <span class='ocrx_word' id='word_1_32' title='bbox 1309 637 1391 690; x_wconf 82' lang='grc' dir='ltr'>ὅτι</span> <span class='ocrx_word' id='word_1_33' title='bbox 1423 637 1556 690; x_wconf 87' lang='lat'><em>0616</em></span> <span class='ocrx_word' id='word_1_34' title='bbox 1593 637 1753 690; x_wconf 88' lang='grc' dir='ltr'>τοῦτο</span> <span class='ocrx_word' id='word_1_35' title='bbox 1783 633 1964 697; x_wconf 85' lang='grc' dir='ltr'>ἱκανός</span> <span class='ocrx_word' id='word_1_36' title='bbox 1985 635 2101 686; x_wconf 84' lang='grc' dir='ltr'>ἐστι</span> 
     </span>
    </p>
   </div>
   <div class='ocr_carea' id='block_1_5' title="bbox 521 729 2098 805">
    <p class='ocr_par' dir='ltr' id='par_1_5' title="bbox 521 729 2098 805">
     <span class='ocr_line' id='line_1_5' title="bbox 521 729 2098 805; baseline -0.008 -11"><span class='ocrx_word' id='word_1_37' title='bbox 521 738 693 805; x_wconf 79' lang='grc' dir='ltr'>δεῖξαι</span> <span class='ocrx_word' id='word_1_38' title='bbox 711 740 803 793; x_wconf 76' lang='grc' dir='ltr'>καὶ</span> <span class='ocrx_word' id='word_1_39' title='bbox 828 737 933 791; x_wconf 82' lang='grc' dir='ltr'>ἀπὸ</span> <span class='ocrx_word' id='word_1_40' title='bbox 956 737 1055 805; x_wconf 87' lang='grc' dir='ltr'>τῆς</span> <span class='ocrx_word' id='word_1_41' title='bbox 1080 734 1354 803; x_wconf 81' lang='grc' dir='ltr'>γνώσεως,</span> <span class='ocrx_word' id='word_1_42' title='bbox 1378 729 1445 805; x_wconf 80' lang='grc' dir='ltr'>ἦς</span> <span class='ocrx_word' id='word_1_43' title='bbox 1473 736 1634 805; x_wconf 80' lang='grc' dir='ltr'>ἡμεῖς</span> <span class='ocrx_word' id='word_1_44' title='bbox 1661 731 1971 803; x_wconf 82' lang='grc' dir='ltr'>κατηξιώθη</span> <span class='ocrx_word' id='word_1_45' title='bbox 1981 747 2098 801; x_wconf 90' lang='grc' dir='ltr'>μεν.</span> 
     </span>
    </p>
   </div>
   <div class='ocr_carea' id='block_1_6' title="bbox 522 828 2104 904">
    <p class='ocr_par' dir='ltr' id='par_1_6' title="bbox 522 828 2104 904">
     <span class='ocr_line' id='line_1_6' title="bbox 522 828 2104 904; baseline -0.006 -13"><span class='ocrx_word' id='word_1_46' title='bbox 522 835 715 891; x_wconf 79' lang='grc' dir='ltr'>Καίτοι</span> <span class='ocrx_word' id='word_1_47' title='bbox 747 835 798 889; x_wconf 85' lang='grc' dir='ltr'>τί</span> <span class='ocrx_word' id='word_1_48' title='bbox 825 835 1082 904; x_wconf 88' lang='grc' dir='ltr'>περισσόν</span> <span class='ocrx_word' id='word_1_49' title='bbox 1115 834 1235 885; x_wconf 78' lang='grc' dir='ltr'>ἐστι</span> <span class='ocrx_word' id='word_1_50' title='bbox 1269 831 1363 885; x_wconf 86' lang='grc' dir='ltr'>τοῦ</span> <span class='ocrx_word' id='word_1_51' title='bbox 1389 830 1781 903; x_wconf 86' lang='grc' dir='ltr'>κραταιοῦσθαι</span> <span class='ocrx_word' id='word_1_52' title='bbox 1807 844 1821 895; x_wconf 86' lang='lat'><strong>;</strong></span> <span class='ocrx_word' id='word_1_53' title='bbox 1843 828 1917 881; x_wconf 87' lang='lat' dir='ltr'><em>T6</em></span> <span class='ocrx_word' id='word_1_54' title='bbox 1950 828 2104 882; x_wconf 83' lang='grc' dir='ltr'>δυνά-</span> 
     </span>
    </p>
   </div>
   <div class='ocr_carea' id='block_1_7' title="bbox 523 926 2099 1005">
    <p class='ocr_par' dir='ltr' id='par_1_7' title="bbox 523 926 2099 1005">
     <span class='ocr_line' id='line_1_7' title="bbox 523 926 2099 1005; baseline -0.006 -18"><span class='ocrx_word' id='word_1_55' title='bbox 523 951 635 1005; x_wconf 87' lang='grc' dir='ltr'>μει,</span> <span class='ocrx_word' id='word_1_56' title='bbox 667 934 854 1003; x_wconf 86' lang='grc' dir='ltr'>ῶσπερ</span> <span class='ocrx_word' id='word_1_57' title='bbox 910 931 1003 985; x_wconf 89' lang='grc' dir='ltr'>τοῦ</span> <span class='ocrx_word' id='word_1_58' title='bbox 1042 931 1132 984; x_wconf 85' lang='lat' dir='ltr'><em>16v</em></span> <span class='ocrx_word' id='word_1_59' title='bbox 1186 929 1420 999; x_wconf 74' lang='grc' dir='ltr'>Χριστὸν</span> <span class='ocrx_word' id='word_1_60' title='bbox 1470 928 1617 997; x_wconf 81' lang='grc' dir='ltr'>ἔχειν</span> <span class='ocrx_word' id='word_1_61' title='bbox 1658 927 1846 990; x_wconf 85' lang='grc' dir='ltr'>ἁπλῶς</span> <span class='ocrx_word' id='word_1_62' title='bbox 1864 926 1926 979; x_wconf 92' lang='lat'>16</span> <span class='ocrx_word' id='word_1_63' title='bbox 1952 926 2099 978; x_wconf 79' lang='grc' dir='ltr'>ἔνδον</span> 
     </span>
    </p>
   </div>
   <div class='ocr_carea' id='block_1_8' title="bbox 521 1020 2098 1096">
    <p class='ocr_par' dir='ltr' id='par_1_8' title="bbox 521 1020 2098 1096">
     <span class='ocr_line' id='line_1_8' title="bbox 521 1020 2098 1096; baseline -0.006 -13"><span class='ocrx_word' id='word_1_64' title='bbox 521 1030 639 1083; x_wconf 74' lang='grc' dir='ltr'>ἐστὶ</span> <span class='ocrx_word' id='word_1_65' title='bbox 699 1028 979 1096; x_wconf 88' lang='grc' dir='ltr'>περισσόν.</span> <span class='ocrx_word' id='word_1_66' title='bbox 1016 1025 1246 1094; x_wconf 87' lang='grc' dir='ltr'>Μεγάλα</span> <span class='ocrx_word' id='word_1_67' title='bbox 1295 1025 1363 1077; x_wconf 77' lang='grc' dir='ltr'>τὰ</span> <span class='ocrx_word' id='word_1_68' title='bbox 1398 1024 1691 1094; x_wconf 81' lang='grc' dir='ltr'>αἰτηθέντα</span> <span class='ocrx_word' id='word_1_69' title='bbox 1713 1067 1727 1088; x_wconf 82' lang='grc'>,</span> <span class='ocrx_word' id='word_1_70' title='bbox 1764 1022 1959 1091; x_wconf 74' lang='grc' dir='ltr'>φησὶν,</span> <span class='ocrx_word' id='word_1_71' title='bbox 1984 1020 2098 1074; x_wconf 83' lang='grc' dir='ltr'>ἀλλ’</span> 
     </span>
    </p>
   </div>
   <div class='ocr_carea' id='block_1_9' title="bbox 516 1119 2095 1194">
    <p class='ocr_par' dir='ltr' id='par_1_9' title="bbox 516 1119 2095 1194">
     <span class='ocr_line' id='line_1_9' title="bbox 516 1119 2095 1194; baseline -0.008 -15"><span class='ocrx_word' id='word_1_72' title='bbox 516 1124 624 1180; x_wconf 75' lang='grc' dir='ltr'>οἶδε</span> <span class='ocrx_word' id='word_1_73' title='bbox 661 1126 757 1180; x_wconf 74' lang='grc' dir='ltr'>καὶ</span> <span class='ocrx_word' id='word_1_74' title='bbox 784 1125 925 1194; x_wconf 80' lang='grc' dir='ltr'>ὑπὲρ</span> <span class='ocrx_word' id='word_1_75' title='bbox 977 1123 1116 1177; x_wconf 82' lang='grc' dir='ltr'>αὐτά</span> <span class='ocrx_word' id='word_1_76' title='bbox 1150 1124 1344 1183; x_wconf 82' lang='grc' dir='ltr'>ποιεῖν,</span> <span class='ocrx_word' id='word_1_77' title='bbox 1371 1120 1510 1174; x_wconf 82' lang='grc' dir='ltr'>ὥστε</span> <span class='ocrx_word' id='word_1_78' title='bbox 1553 1120 1627 1190; x_wconf 84' lang='grc' dir='ltr'>μὴ</span> <span class='ocrx_word' id='word_1_79' title='bbox 1660 1119 1819 1189; x_wconf 89' lang='grc' dir='ltr'>μόνον</span> <span class='ocrx_word' id='word_1_80' title='bbox 1853 1119 2095 1187; x_wconf 75' lang='grc' dir='ltr'>ἀγαπᾷν,</span> 
     </span>
    </p>
   </div>
   <div class='ocr_carea' id='block_1_10' title="bbox 515 1214 2096 1292">
    <p class='ocr_par' dir='ltr' id='par_1_10' title="bbox 515 1214 2096 1292">
     <span class='ocr_line' id='line_1_10' title="bbox 515 1214 2096 1292; baseline -0.008 -15"><span class='ocrx_word' id='word_1_81' title='bbox 515 1223 653 1277; x_wconf 85' lang='grc' dir='ltr'>ἀλλά</span> <span class='ocrx_word' id='word_1_82' title='bbox 671 1222 767 1277; x_wconf 74' lang='grc' dir='ltr'>καὶ</span> <span class='ocrx_word' id='word_1_83' title='bbox 785 1220 992 1292; x_wconf 89' lang='grc' dir='ltr'>σφόδρα</span> <span class='ocrx_word' id='word_1_84' title='bbox 1019 1219 1179 1273; x_wconf 92' lang='grc' dir='ltr'>τοῦτο</span> <span class='ocrx_word' id='word_1_85' title='bbox 1208 1221 1399 1271; x_wconf 87' lang='grc' dir='ltr'>ποιεῖν.</span> <span class='ocrx_word' id='word_1_86' title='bbox 1421 1218 1503 1270; x_wconf 91' lang='grc' dir='ltr'>Με</span> <span class='ocrx_word' id='word_1_87' title='bbox 1510 1217 1761 1286; x_wconf 88' lang='grc' dir='ltr'>ριμνήσω</span> <span class='ocrx_word' id='word_1_88' title='bbox 1769 1232 1867 1283; x_wconf 87' lang='grc' dir='ltr'>μεν</span> <span class='ocrx_word' id='word_1_89' title='bbox 1894 1214 2096 1278; x_wconf 81' lang='grc' dir='ltr'>τοίνυν,</span> 
     </span>
    </p>
   </div>
   <div class='ocr_carea' id='block_1_11' title="bbox 515 1311 2097 1390">
    <p class='ocr_par' dir='ltr' id='par_1_11' title="bbox 515 1311 2097 1390">
     <span class='ocr_line' id='line_1_11' title="bbox 515 1311 2097 1390; baseline -0.007 -16"><span class='ocrx_word' id='word_1_90' title='bbox 515 1318 814 1390; x_wconf 75' lang='grc' dir='ltr'>ἀγαπητοὶ,</span> <span class='ocrx_word' id='word_1_91' title='bbox 847 1317 989 1370; x_wconf 85' lang='grc' dir='ltr'>ὥστε</span> <span class='ocrx_word' id='word_1_92' title='bbox 1021 1315 1116 1370; x_wconf 91' lang='grc' dir='ltr'>τοῦ</span> <span class='ocrx_word' id='word_1_93' title='bbox 1144 1316 1278 1369; x_wconf 87' lang='grc' dir='ltr'>Θεοῦ</span> <span class='ocrx_word' id='word_1_94' title='bbox 1312 1315 1407 1385; x_wconf 80' lang='grc' dir='ltr'>τὴν</span> <span class='ocrx_word' id='word_1_95' title='bbox 1443 1314 1664 1383; x_wconf 84' lang='grc' dir='ltr'>ἀγάπην</span> <span class='ocrx_word' id='word_1_96' title='bbox 1701 1312 1910 1382; x_wconf 80' lang='grc' dir='ltr'>μαθεῖν.</span> <span class='ocrx_word' id='word_1_97' title='bbox 1935 1311 2097 1377; x_wconf 81' lang='grc' dir='ltr'>Μέγα</span> 
     </span>
    </p>
   </div>
   <div class='ocr_carea' id='block_1_12' title="bbox 513 1405 2098 1483">
    <p class='ocr_par' dir='ltr' id='par_1_12' title="bbox 513 1405 2098 1483">
     <span class='ocr_line' id='line_1_12' title="bbox 513 1405 2098 1483; baseline -0.008 -13"><span class='ocrx_word' id='word_1_98' title='bbox 513 1417 671 1471; x_wconf 88' lang='grc' dir='ltr'>τοῦτό</span> <span class='ocrx_word' id='word_1_99' title='bbox 707 1417 876 1479; x_wconf 87' lang='grc' dir='ltr'>ἐστιν,</span> <span class='ocrx_word' id='word_1_100' title='bbox 916 1413 1068 1468; x_wconf 72' lang='grc' dir='ltr'>οὐδὲν</span> <span class='ocrx_word' id='word_1_101' title='bbox 1099 1412 1242 1467; x_wconf 75' lang='grc' dir='ltr'>οὕτω</span> <span class='ocrx_word' id='word_1_102' title='bbox 1294 1414 1439 1483; x_wconf 75' lang='grc' dir='ltr'>ἡμᾶς</span> <span class='ocrx_word' id='word_1_103' title='bbox 1468 1412 1704 1481; x_wconf 85' lang='grc' dir='ltr'>ὠφελεῖ,</span> <span class='ocrx_word' id='word_1_104' title='bbox 1735 1408 1888 1462; x_wconf 81' lang='grc' dir='ltr'>οὐδὲν</span> <span class='ocrx_word' id='word_1_105' title='bbox 1925 1405 2098 1471; x_wconf 79' lang='grc' dir='ltr'>οὕτως</span> 
     </span>
    </p>
   </div>
   <div class='ocr_carea' id='block_1_13' title="bbox 512 1504 2095 1583">
    <p class='ocr_par' dir='ltr' id='par_1_13' title="bbox 512 1504 2095 1583">
     <span class='ocr_line' id='line_1_13' title="bbox 512 1504 2095 1583; baseline -0.006 -16"><span class='ocrx_word' id='word_1_106' title='bbox 512 1515 662 1583; x_wconf 78' lang='grc' dir='ltr'>ἡμᾶς</span> <span class='ocrx_word' id='word_1_107' title='bbox 729 1510 1097 1566; x_wconf 75' lang='grc' dir='ltr'>κατανύσσειο</span> <span class='ocrx_word' id='word_1_108' title='bbox 1127 1510 1220 1563; x_wconf 89' lang='grc' dir='ltr'>τοῦ</span> <span class='ocrx_word' id='word_1_109' title='bbox 1275 1508 1441 1579; x_wconf 72' lang='grc' dir='ltr'>φόϐου</span> <span class='ocrx_word' id='word_1_110' title='bbox 1502 1508 1599 1577; x_wconf 88' lang='grc' dir='ltr'>τῆς</span> <span class='ocrx_word' id='word_1_111' title='bbox 1657 1506 1884 1576; x_wconf 81' lang='grc' dir='ltr'>γεέννης</span> <span class='ocrx_word' id='word_1_112' title='bbox 1911 1504 2095 1558; x_wconf 77' lang='grc' dir='ltr'>ἰκανὸν</span> 
     </span>
    </p>
   </div>
   <div class='ocr_carea' id='block_1_14' title="bbox 511 1601 2094 1680">
    <p class='ocr_par' dir='ltr' id='par_1_14' title="bbox 511 1601 2094 1680">
     <span class='ocr_line' id='line_1_14' title="bbox 511 1601 2094 1680; baseline -0.003 -17"><span class='ocrx_word' id='word_1_113' title='bbox 511 1608 673 1664; x_wconf 86' lang='grc' dir='ltr'>τοῦτο</span> <span class='ocrx_word' id='word_1_114' title='bbox 725 1609 925 1680; x_wconf 82' lang='grc' dir='ltr'>μᾶλλον</span> <span class='ocrx_word' id='word_1_115' title='bbox 955 1608 1096 1662; x_wconf 80' lang='grc' dir='ltr'>ἑλεῖν</span> <span class='ocrx_word' id='word_1_116' title='bbox 1133 1609 1233 1671; x_wconf 80' lang='grc' dir='ltr'>τάς</span> <span class='ocrx_word' id='word_1_117' title='bbox 1264 1608 1539 1678; x_wconf 81' lang='grc' dir='ltr'>ἡμετέρας</span> <span class='ocrx_word' id='word_1_118' title='bbox 1567 1606 1766 1677; x_wconf 76' lang='grc' dir='ltr'>ψυχάς.</span> <span class='ocrx_word' id='word_1_119' title='bbox 1798 1607 1974 1661; x_wconf 81' lang='grc' dir='ltr'>Πόθεν</span> <span class='ocrx_word' id='word_1_120' title='bbox 2000 1601 2094 1661; x_wconf 84' lang='grc' dir='ltr'>οῦν</span> 
     </span>
    </p>
   </div>
   <div class='ocr_carea' id='block_1_15' title="bbox 512 1701 2093 1776">
    <p class='ocr_par' dir='ltr' id='par_1_15' title="bbox 512 1701 2093 1776">
     <span class='ocr_line' id='line_1_15' title="bbox 512 1701 2093 1776; baseline -0.003 -17"><span class='ocrx_word' id='word_1_121' title='bbox 512 1704 807 1776; x_wconf 87' lang='grc' dir='ltr'>εἰσόμεθα;</span> <span class='ocrx_word' id='word_1_122' title='bbox 852 1705 956 1759; x_wconf 80' lang='grc' dir='ltr'>Ἐκ</span> <span class='ocrx_word' id='word_1_123' title='bbox 999 1721 1061 1758; x_wconf 91' lang='grc' dir='ltr'>τε</span> <span class='ocrx_word' id='word_1_124' title='bbox 1101 1701 1209 1757; x_wconf 91' lang='grc' dir='ltr'>τῶν</span> <span class='ocrx_word' id='word_1_125' title='bbox 1246 1703 1573 1774; x_wconf 81' lang='grc' dir='ltr'>εἰρημένων,</span> <span class='ocrx_word' id='word_1_126' title='bbox 1619 1703 1682 1756; x_wconf 78' lang='grc' dir='ltr'>ἐκ</span> <span class='ocrx_word' id='word_1_127' title='bbox 1726 1720 1783 1756; x_wconf 87' lang='grc' dir='ltr'>τε</span> <span class='ocrx_word' id='word_1_128' title='bbox 1827 1702 1933 1756; x_wconf 89' lang='grc' dir='ltr'>τῶν</span> <span class='ocrx_word' id='word_1_129' title='bbox 1969 1701 2093 1755; x_wconf 87' lang='grc' dir='ltr'>καθ’</span> 
     </span>
    </p>
   </div>
   <div class='ocr_carea' id='block_1_16' title="bbox 512 1797 2094 1872">
    <p class='ocr_par' dir='ltr' id='par_1_16' title="bbox 512 1797 2094 1872">
     <span class='ocr_line' id='line_1_16' title="bbox 512 1797 2094 1872; baseline -0.002 -17"><span class='ocrx_word' id='word_1_130' title='bbox 512 1802 750 1872; x_wconf 78' lang='grc' dir='ltr'>ἑκάστην</span> <span class='ocrx_word' id='word_1_131' title='bbox 788 1798 1002 1871; x_wconf 77' lang='grc' dir='ltr'>ἡμέραν</span> <span class='ocrx_word' id='word_1_132' title='bbox 1050 1799 1481 1870; x_wconf 79' lang='grc' dir='ltr'>συμϐαινόντων.</span> <span class='ocrx_word' id='word_1_133' title='bbox 1542 1797 1700 1863; x_wconf 87' lang='grc' dir='ltr'>Τίνος</span> <span class='ocrx_word' id='word_1_134' title='bbox 1756 1799 1865 1871; x_wconf 74' lang='grc' dir='ltr'>γὰρ</span> <span class='ocrx_word' id='word_1_135' title='bbox 1906 1798 2094 1852; x_wconf 75' lang='grc' dir='ltr'>ἕνεκεν</span> 
     </span>
    </p>
   </div>
   <div class='ocr_carea' id='block_1_17' title="bbox 509 1893 2093 1966">
    <p class='ocr_par' dir='ltr' id='par_1_17' title="bbox 509 1893 2093 1966">
     <span class='ocr_line' id='line_1_17' title="bbox 509 1893 2093 1966; baseline -0.004 -15"><span class='ocrx_word' id='word_1_136' title='bbox 509 1896 686 1952; x_wconf 90' lang='grc' dir='ltr'>ταῦτα</span> <span class='ocrx_word' id='word_1_137' title='bbox 741 1894 1064 1966; x_wconf 84' lang='grc' dir='ltr'>γεγένηται;</span> <span class='ocrx_word' id='word_1_138' title='bbox 1099 1895 1257 1957; x_wconf 82' lang='grc' dir='ltr'>ποίας</span> <span class='ocrx_word' id='word_1_139' title='bbox 1309 1895 1501 1965; x_wconf 80' lang='grc' dir='ltr'>χρείας</span> <span class='ocrx_word' id='word_1_140' title='bbox 1556 1895 1654 1964; x_wconf 83' lang='grc' dir='ltr'>τῆς</span> <span class='ocrx_word' id='word_1_141' title='bbox 1699 1893 1895 1956; x_wconf 84' lang='lat'><em>06106;</em></span> <span class='ocrx_word' id='word_1_142' title='bbox 1928 1894 2093 1947; x_wconf 77' lang='grc' dir='ltr'>Οὐδε-</span> 
     </span>
    </p>
   </div>
   <div class='ocr_carea' id='block_1_18' title="bbox 511 1988 2089 2067">
    <p class='ocr_par' dir='ltr' id='par_1_18' title="bbox 511 1988 2089 2067">
     <span class='ocr_line' id='line_1_18' title="bbox 511 1988 2089 2067; baseline -0.001 -20"><span class='ocrx_word' id='word_1_143' title='bbox 511 1988 661 2067; x_wconf 80' lang='grc' dir='ltr'>μιᾶς.</span> <span class='ocrx_word' id='word_1_144' title='bbox 700 1995 847 2047; x_wconf 80' lang='grc' dir='ltr'>Ἀνω</span> <span class='ocrx_word' id='word_1_145' title='bbox 884 1994 979 2048; x_wconf 68' lang='grc' dir='ltr'>καὶ</span> <span class='ocrx_word' id='word_1_146' title='bbox 1035 1994 1186 2047; x_wconf 88' lang='grc' dir='ltr'>κάτω</span> <span class='ocrx_word' id='word_1_147' title='bbox 1218 1995 1318 2064; x_wconf 79' lang='grc' dir='ltr'>τὴν</span> <span class='ocrx_word' id='word_1_148' title='bbox 1365 1995 1588 2063; x_wconf 84' lang='grc' dir='ltr'>ἀγάπην</span> <span class='ocrx_word' id='word_1_149' title='bbox 1627 1993 1840 2065; x_wconf 84' lang='grc' dir='ltr'>τίθησιν</span> <span class='ocrx_word' id='word_1_150' title='bbox 1868 1993 2046 2047; x_wconf 89' lang='grc' dir='ltr'>αἰτίαν</span> <span class='ocrx_word' id='word_1_151' title='bbox 2074 2010 2089 2025; x_wconf 87' lang='grc'><strong>·</strong></span> 
     </span>
    </p>
   </div>
   <div class='ocr_carea' id='block_1_19' title="bbox 511 2086 2093 2163">
    <p class='ocr_par' dir='ltr' id='par_1_19' title="bbox 511 2086 2093 2163">
     <span class='ocr_line' id='line_1_19' title="bbox 511 2086 2093 2163; baseline 0 -18"><span class='ocrx_word' id='word_1_152' title='bbox 511 2087 747 2163; x_wconf 87' lang='grc' dir='ltr'>μάλιστα</span> <span class='ocrx_word' id='word_1_153' title='bbox 788 2086 847 2142; x_wconf 85' lang='grc' dir='ltr'>δέ</span> <span class='ocrx_word' id='word_1_154' title='bbox 884 2089 1069 2160; x_wconf 80' lang='grc' dir='ltr'>ἐκείνη</span> <span class='ocrx_word' id='word_1_155' title='bbox 1116 2089 1304 2157; x_wconf 80' lang='grc' dir='ltr'>ἀγάπη</span> <span class='ocrx_word' id='word_1_156' title='bbox 1340 2090 1509 2151; x_wconf 72' lang='grc' dir='ltr'>ἐστὶν,</span> <span class='ocrx_word' id='word_1_157' title='bbox 1539 2090 1668 2142; x_wconf 78' lang='grc' dir='ltr'>ὅταν</span> <span class='ocrx_word' id='word_1_158' title='bbox 1697 2091 2093 2160; x_wconf 81' lang='grc' dir='ltr'>εὐεργετῶνται</span> 
     </span>
    </p>
   </div>
   <div class='ocr_carea' id='block_1_20' title="bbox 507 2184 2091 2258">
    <p class='ocr_par' dir='ltr' id='par_1_20' title="bbox 507 2184 2091 2258">
     <span class='ocr_line' id='line_1_20' title="bbox 507 2184 2091 2258; baseline -0.001 -18"><span class='ocrx_word' id='word_1_159' title='bbox 507 2186 785 2258; x_wconf 80' lang='grc' dir='ltr'>ἄνθρωποι</span> <span class='ocrx_word' id='word_1_160' title='bbox 810 2185 1039 2256; x_wconf 83' lang='grc' dir='ltr'>μηδενὸς</span> <span class='ocrx_word' id='word_1_161' title='bbox 1074 2184 1526 2255; x_wconf 81' lang='grc' dir='ltr'>προῦπάρξαντος</span> <span class='ocrx_word' id='word_1_162' title='bbox 1553 2185 1684 2256; x_wconf 87' lang='grc' dir='ltr'>παρ’</span> <span class='ocrx_word' id='word_1_163' title='bbox 1718 2186 1917 2239; x_wconf 82' lang='grc' dir='ltr'>αὐτῶν.</span> <span class='ocrx_word' id='word_1_164' title='bbox 1952 2186 2091 2238; x_wconf 84' lang='grc' dir='ltr'>Τοῦ-</span> 
     </span>
    </p>
   </div>
   <div class='ocr_carea' id='block_1_21' title="bbox 505 2278 2089 2352">
    <p class='ocr_par' dir='ltr' id='par_1_21' title="bbox 505 2278 2089 2352">
     <span class='ocr_line' id='line_1_21' title="bbox 505 2278 2089 2352; baseline 0.001 -17"><span class='ocrx_word' id='word_1_165' title='bbox 505 2300 595 2335; x_wconf 91' lang='grc' dir='ltr'>τον</span> <span class='ocrx_word' id='word_1_166' title='bbox 630 2283 809 2335; x_wconf 83' lang='grc' dir='ltr'>τοίνυν</span> <span class='ocrx_word' id='word_1_167' title='bbox 843 2282 1118 2351; x_wconf 70' lang='grc' dir='ltr'>καί-ἡμεῖς</span> <span class='ocrx_word' id='word_1_168' title='bbox 1165 2278 1465 2350; x_wconf 85' lang='grc' dir='ltr'>μιμώμεθα</span> <span class='ocrx_word' id='word_1_169' title='bbox 1492 2291 1518 2320; x_wconf 71' lang='grc' dir='ltr'>ι</span> <span class='ocrx_word' id='word_1_170' title='bbox 1540 2318 1555 2343; x_wconf 91' lang='grc'>,</span> <span class='ocrx_word' id='word_1_171' title='bbox 1594 2280 1721 2344; x_wconf 79' lang='grc' dir='ltr'>τοὺς</span> <span class='ocrx_word' id='word_1_172' title='bbox 1768 2280 1995 2352; x_wconf 82' lang='grc' dir='ltr'>ἐχθροὺς</span> <span class='ocrx_word' id='word_1_173' title='bbox 2028 2278 2089 2336; x_wconf 81' lang='grc' dir='ltr'>εῦ</span> 
     </span>
    </p>
   </div>
   <div class='ocr_carea' id='block_1_22' title="bbox 507 2378 2090 2452">
    <p class='ocr_par' dir='ltr' id='par_1_22' title="bbox 507 2378 2090 2452">
     <span class='ocr_line' id='line_1_22' title="bbox 507 2378 2090 2452; baseline -0.001 -17"><span class='ocrx_word' id='word_1_174' title='bbox 507 2380 774 2452; x_wconf 85' lang='grc' dir='ltr'>ποιῶμεν,</span> <span class='ocrx_word' id='word_1_175' title='bbox 810 2379 936 2441; x_wconf 75' lang='grc' dir='ltr'>τοὺς</span> <span class='ocrx_word' id='word_1_176' title='bbox 975 2378 1270 2449; x_wconf 77' lang='grc' dir='ltr'>μισοῦντας</span> <span class='ocrx_word' id='word_1_177' title='bbox 1302 2379 1488 2448; x_wconf 75' lang='grc' dir='ltr'>ἡμᾶς,</span> <span class='ocrx_word' id='word_1_178' title='bbox 1528 2378 1656 2443; x_wconf 85' lang='grc' dir='ltr'>τοὺς</span> <span class='ocrx_word' id='word_1_179' title='bbox 1685 2380 2090 2451; x_wconf 67' lang='grc' dir='ltr'>άποστρεφομέυ</span> 
     </span>
    </p>
   </div>
   <div class='ocr_carea' id='block_1_23' title="bbox 506 2476 2092 2551">
    <p class='ocr_par' dir='ltr' id='par_1_23' title="bbox 506 2476 2092 2551">
     <span class='ocr_line' id='line_1_23' title="bbox 506 2476 2092 2551; baseline -0.001 -17"><span class='ocrx_word' id='word_1_180' title='bbox 506 2497 631 2544; x_wconf 87' lang='grc' dir='ltr'>νους</span> <span class='ocrx_word' id='word_1_181' title='bbox 677 2476 1054 2549; x_wconf 84' lang='grc' dir='ltr'>προσιώμεθα.</span> <span class='ocrx_word' id='word_1_182' title='bbox 1104 2476 1276 2530; x_wconf 88' lang='grc' dir='ltr'>Τοῦτο</span> <span class='ocrx_word' id='word_1_183' title='bbox 1310 2478 1488 2546; x_wconf 83' lang='grc' dir='ltr'>ὁμοιοῖ</span> <span class='ocrx_word' id='word_1_184' title='bbox 1538 2478 1686 2548; x_wconf 79' lang='grc' dir='ltr'>ἡμᾶς</span> <span class='ocrx_word' id='word_1_185' title='bbox 1714 2477 1792 2549; x_wconf 81' lang='grc' dir='ltr'>τῷ</span> <span class='ocrx_word' id='word_1_186' title='bbox 1820 2478 1958 2551; x_wconf 82' lang='grc' dir='ltr'>Θεῷ.</span> <span class='ocrx_word' id='word_1_187' title='bbox 1994 2480 2092 2533; x_wconf 81' lang='grc' dir='ltr'>Ἂν</span> 
     </span>
    </p>
   </div>
   <div class='ocr_carea' id='block_1_24' title="bbox 505 2575 2086 2649">
    <p class='ocr_par' dir='ltr' id='par_1_24' title="bbox 505 2575 2086 2649">
     <span class='ocr_line' id='line_1_24' title="bbox 505 2575 2086 2649; baseline 0.022 -51"><span class='ocrx_word' id='word_1_188' title='bbox 505 2578 615 2649; x_wconf 65' lang='grc' dir='ltr'>γὰρ</span> <span class='ocrx_word' id='word_1_189' title='bbox 667 2578 759 2630; x_wconf 60' lang='grc' dir='ltr'>τὸν</span> <span class='ocrx_word' id='word_1_190' title='bbox 827 2576 1002 2645; x_wconf 48' lang='grc' dir='ltr'>φίλον,</span> <span class='ocrx_word' id='word_1_191' title='bbox 1040 2576 1245 2644; x_wconf 55' lang='grc' dir='ltr'>φησὶν,</span> <span class='ocrx_word' id='word_1_192' title='bbox 1284 2575 1611 2646; x_wconf 84' lang='grc' dir='ltr'>ἀγαπήσῃς,</span> <span class='ocrx_word' id='word_1_193' title='bbox 1648 2577 1701 2629; x_wconf 87' lang='grc' dir='ltr'>τί</span> <span class='ocrx_word' id='word_1_194' title='bbox 1751 2577 1813 2630; x_wconf 91' lang='lat'>16</span> <span class='ocrx_word' id='word_1_195' title='bbox 1863 2577 2086 2649; x_wconf 87' lang='grc' dir='ltr'>κέρδος;</span> 
     </span>
    </p>
   </div>
   <div class='ocr_carea' id='block_1_25' title="bbox 503 2670 2089 2744">
    <p class='ocr_par' dir='ltr' id='par_1_25' title="bbox 503 2670 2089 2744">
     <span class='ocr_line' id='line_1_25' title="bbox 503 2670 2089 2744; baseline 0 -17"><span class='ocrx_word' id='word_1_196' title='bbox 503 2672 664 2727; x_wconf 88' lang='grc' dir='ltr'>τοῦτο</span> <span class='ocrx_word' id='word_1_197' title='bbox 705 2674 800 2726; x_wconf 79' lang='grc' dir='ltr'>καί</span> <span class='ocrx_word' id='word_1_198' title='bbox 848 2673 897 2725; x_wconf 84' lang='grc' dir='ltr'>οἰ</span> <span class='ocrx_word' id='word_1_199' title='bbox 949 2672 1151 2725; x_wconf 77' lang='grc' dir='ltr'>ἐθνικοὶ</span> <span class='ocrx_word' id='word_1_200' title='bbox 1192 2672 1462 2726; x_wconf 88' lang='grc' dir='ltr'>ποιοῦσιν.</span> <span class='ocrx_word' id='word_1_201' title='bbox 1514 2670 1628 2744; x_wconf 84' lang='grc'>[50]</span> <span class='ocrx_word' id='word_1_202' title='bbox 1678 2672 1839 2725; x_wconf 82' lang='grc' dir='ltr'>Ἀλλά</span> <span class='ocrx_word' id='word_1_203' title='bbox 1885 2672 1938 2725; x_wconf 88' lang='grc' dir='ltr'>τί</span> <span class='ocrx_word' id='word_1_204' title='bbox 1990 2673 2089 2744; x_wconf 88' lang='grc' dir='ltr'>τῆς</span> 
     </span>
    </p>
   </div>
   <div class='ocr_carea' id='block_1_26' title="bbox 506 2769 2089 2845">
    <p class='ocr_par' dir='ltr' id='par_1_26' title="bbox 506 2769 2089 2845">
     <span class='ocr_line' id='line_1_26' title="bbox 506 2769 2089 2845; baseline 0.001 -20"><span class='ocrx_word' id='word_1_205' title='bbox 506 2770 727 2839; x_wconf 82' lang='grc' dir='ltr'>ἀγάπης</span> <span class='ocrx_word' id='word_1_206' title='bbox 753 2770 1084 2840; x_wconf 87' lang='grc' dir='ltr'>τεκμήριον;</span> <span class='ocrx_word' id='word_1_207' title='bbox 1113 2769 1216 2822; x_wconf 75' lang='grc' dir='ltr'>Τὸν</span> <span class='ocrx_word' id='word_1_208' title='bbox 1253 2769 1518 2839; x_wconf 89' lang='grc' dir='ltr'>μισοῦντα</span> <span class='ocrx_word' id='word_1_209' title='bbox 1543 2772 1784 2843; x_wconf 84' lang='grc' dir='ltr'>ἀγαπᾷν.</span> <span class='ocrx_word' id='word_1_210' title='bbox 1823 2771 2089 2845; x_wconf 86' lang='grc' dir='ltr'>Βούλομαί</span> 
     </span>
    </p>
   </div>
   <div class='ocr_carea' id='block_1_27' title="bbox 503 2867 2088 2941">
    <p class='ocr_par' dir='ltr' id='par_1_27' title="bbox 503 2867 2088 2941">
     <span class='ocr_line' id='line_1_27' title="bbox 503 2867 2088 2941; baseline 0.002 -20"><span class='ocrx_word' id='word_1_211' title='bbox 503 2886 557 2921; x_wconf 88' lang='grc' dir='ltr'>τι</span> <span class='ocrx_word' id='word_1_212' title='bbox 609 2869 920 2938; x_wconf 81' lang='grc' dir='ltr'>ὑπόδειγμα</span> <span class='ocrx_word' id='word_1_213' title='bbox 969 2868 1166 2931; x_wconf 87' lang='grc' dir='ltr'>εἰπεῖν,</span> <span class='ocrx_word' id='word_1_214' title='bbox 1217 2867 1498 2936; x_wconf 90' lang='grc' dir='ltr'>σύγγνωτέ</span> <span class='ocrx_word' id='word_1_215' title='bbox 1531 2887 1651 2939; x_wconf 88' lang='grc' dir='ltr'>μοι,</span> <span class='ocrx_word' id='word_1_216' title='bbox 1696 2870 1791 2923; x_wconf 77' lang='grc' dir='ltr'>καὶ</span> <span class='ocrx_word' id='word_1_217' title='bbox 1819 2870 1917 2941; x_wconf 82' lang='grc' dir='ltr'>οὐχ</span> <span class='ocrx_word' id='word_1_218' title='bbox 1938 2870 2088 2940; x_wconf 83' lang='grc' dir='ltr'>εὑρί-</span> 
     </span>
    </p>
   </div>
   <div class='ocr_carea' id='block_1_28' title="bbox 505 2954 2087 3038">
    <p class='ocr_par' dir='ltr' id='par_1_28' title="bbox 505 2954 2087 3038">
     <span class='ocr_line' id='line_1_28' title="bbox 505 2954 2087 3038; baseline 0.003 -20"><span class='ocrx_word' id='word_1_219' title='bbox 505 2954 621 3018; x_wconf 70' lang='grc' dir='ltr'>σκω</span> <span class='ocrx_word' id='word_1_220' title='bbox 642 2964 699 3016; x_wconf 84' lang='grc' dir='ltr'>ἐν</span> <span class='ocrx_word' id='word_1_221' title='bbox 718 2965 831 3027; x_wconf 90' lang='grc' dir='ltr'>τοῖς</span> <span class='ocrx_word' id='word_1_222' title='bbox 866 2964 1259 3032; x_wconf 81' lang='grc' dir='ltr'>πνευματικοῖς</span> <span class='ocrx_word' id='word_1_223' title='bbox 1292 2979 1306 2993; x_wconf 86' lang='grc'><strong>·</strong></span> <span class='ocrx_word' id='word_1_224' title='bbox 1334 2963 1414 3016; x_wconf 72' lang='grc' dir='ltr'>διὸ</span> <span class='ocrx_word' id='word_1_225' title='bbox 1438 2964 1546 3016; x_wconf 83' lang='grc' dir='ltr'>ἀπὸ</span> <span class='ocrx_word' id='word_1_226' title='bbox 1578 2963 1687 3016; x_wconf 87' lang='grc' dir='ltr'>τῶν</span> <span class='ocrx_word' id='word_1_227' title='bbox 1725 2963 1925 3029; x_wconf 77' lang='grc' dir='ltr'>ἔξωθεν</span> <span class='ocrx_word' id='word_1_228' title='bbox 1955 2965 2087 3038; x_wconf 83' lang='grc' dir='ltr'>ἐρῶ.</span> 
     </span>
    </p>
   </div>
   <div class='ocr_carea' id='block_1_29' title="bbox 503 3057 2090 3134">
    <p class='ocr_par' dir='ltr' id='par_1_29' title="bbox 503 3057 2090 3134">
     <span class='ocr_line' id='line_1_29' title="bbox 503 3057 2090 3134; baseline 0.002 -20"><span class='ocrx_word' id='word_1_229' title='bbox 503 3060 617 3130; x_wconf 82' lang='grc' dir='ltr'>υὺχ</span> <span class='ocrx_word' id='word_1_230' title='bbox 648 3060 811 3130; x_wconf 82' lang='grc' dir='ltr'>ὁρᾶτε</span> <span class='ocrx_word' id='word_1_231' title='bbox 843 3058 972 3122; x_wconf 79' lang='grc' dir='ltr'>τοὺς</span> <span class='ocrx_word' id='word_1_232' title='bbox 1002 3057 1243 3129; x_wconf 77' lang='grc' dir='ltr'>ἐρῶντας</span> <span class='ocrx_word' id='word_1_233' title='bbox 1271 3059 1495 3123; x_wconf 82' lang='grc' dir='ltr'>τούτους</span> <span class='ocrx_word' id='word_1_234' title='bbox 1526 3077 1541 3125; x_wconf 88' lang='lat'><strong>;</strong></span> <span class='ocrx_word' id='word_1_235' title='bbox 1570 3060 1709 3115; x_wconf 89' lang='grc' dir='ltr'>πόσα</span> <span class='ocrx_word' id='word_1_236' title='bbox 1743 3060 2090 3134; x_wconf 75' lang='grc' dir='ltr'>ὑδριζόμενοι</span> 
     </span>
    </p>
   </div>
   <div class='ocr_carea' id='block_1_30' title="bbox 502 3154 2088 3228">
    <p class='ocr_par' dir='ltr' id='par_1_30' title="bbox 502 3154 2088 3228">
     <span class='ocr_line' id='line_1_30' title="bbox 502 3154 2088 3228; baseline 0.002 -19"><span class='ocrx_word' id='word_1_237' title='bbox 502 3154 658 3228; x_wconf 84' lang='grc' dir='ltr'>παρά</span> <span class='ocrx_word' id='word_1_238' title='bbox 714 3154 824 3208; x_wconf 91' lang='grc' dir='ltr'>τῶν</span> <span class='ocrx_word' id='word_1_239' title='bbox 861 3155 1189 3226; x_wconf 87' lang='grc' dir='ltr'>ἐρωμένων,</span> <span class='ocrx_word' id='word_1_240' title='bbox 1227 3155 1370 3209; x_wconf 87' lang='grc' dir='ltr'>πόσα</span> <span class='ocrx_word' id='word_1_241' title='bbox 1400 3155 1908 3227; x_wconf 81' lang='grc' dir='ltr'>ἐπιϐουλευόμενοι,</span> <span class='ocrx_word' id='word_1_242' title='bbox 1946 3159 2088 3212; x_wconf 87' lang='grc' dir='ltr'>πόσα</span> 
     </span>
    </p>
   </div>
   <div class='ocr_carea' id='block_1_31' title="bbox 503 3248 2089 3325">
    <p class='ocr_par' dir='ltr' id='par_1_31' title="bbox 503 3248 2089 3325">
     <span class='ocr_line' id='line_1_31' title="bbox 503 3248 2089 3325; baseline 0.002 -20"><span class='ocrx_word' id='word_1_243' title='bbox 503 3250 883 3322; x_wconf 82' lang='grc' dir='ltr'>ζημιούμενοι,</span> <span class='ocrx_word' id='word_1_244' title='bbox 918 3248 1319 3322; x_wconf 86' lang='grc' dir='ltr'>προσηλοῦνται</span> <span class='ocrx_word' id='word_1_245' title='bbox 1362 3252 1456 3305; x_wconf 72' lang='grc' dir='ltr'>καὶ</span> <span class='ocrx_word' id='word_1_246' title='bbox 1491 3253 1837 3316; x_wconf 81' lang='grc' dir='ltr'>ἐκκαίονται.</span> <span class='ocrx_word' id='word_1_247' title='bbox 1874 3254 2089 3325; x_wconf 77' lang='grc' dir='ltr'>καὶτῆς</span> 
     </span>
    </p>
   </div>
   <div class='ocr_carea' id='block_1_32' title="bbox 502 3342 2092 3417">
    <p class='ocr_par' dir='ltr' id='par_1_32' title="bbox 502 3342 2092 3417">
     <span class='ocr_line' id='line_1_32' title="bbox 502 3342 2092 3417; baseline 0.003 -17"><span class='ocrx_word' id='word_1_248' title='bbox 502 3347 715 3401; x_wconf 81' lang='grc' dir='ltr'>ἐαυτῶν</span> <span class='ocrx_word' id='word_1_249' title='bbox 774 3342 956 3417; x_wconf 74' lang='grc' dir='ltr'>ψυχῆς</span> <span class='ocrx_word' id='word_1_250' title='bbox 1007 3346 1207 3417; x_wconf 79' lang='grc' dir='ltr'>μᾶλλον</span> <span class='ocrx_word' id='word_1_251' title='bbox 1254 3348 1423 3411; x_wconf 82' lang='grc' dir='ltr'>αὐτὰς</span> <span class='ocrx_word' id='word_1_252' title='bbox 1470 3349 1769 3417; x_wconf 87' lang='grc' dir='ltr'>ἀγαπῶσι,</span> <span class='ocrx_word' id='word_1_253' title='bbox 1811 3350 2092 3405; x_wconf 62' lang='grc' dir='ltr'>διανυκτεέ</span> 
     </span>
    </p>
   </div>
   <div class='ocr_carea' id='block_1_33' title="bbox 504 3440 2089 3515">
    <p class='ocr_par' dir='ltr' id='par_1_33' title="bbox 504 3440 2089 3515">
     <span class='ocr_line' id='line_1_33' title="bbox 504 3440 2089 3515; baseline 0.003 -20"><span class='ocrx_word' id='word_1_254' title='bbox 504 3440 754 3513; x_wconf 85' lang='grc' dir='ltr'>ρεύοντες</span> <span class='ocrx_word' id='word_1_255' title='bbox 779 3443 837 3494; x_wconf 82' lang='grc' dir='ltr'>ἐν</span> <span class='ocrx_word' id='word_1_256' title='bbox 865 3443 978 3505; x_wconf 90' lang='grc' dir='ltr'>τοῖς</span> <span class='ocrx_word' id='word_1_257' title='bbox 1007 3441 1233 3495; x_wconf 78' lang='grc' dir='ltr'>ἐκείνων</span> <span class='ocrx_word' id='word_1_258' title='bbox 1264 3443 1588 3515; x_wconf 85' lang='grc' dir='ltr'>προθύροις;</span> <span class='ocrx_word' id='word_1_259' title='bbox 1641 3446 1883 3500; x_wconf 81' lang='grc' dir='ltr'>Ἐκεῖθεν</span> <span class='ocrx_word' id='word_1_260' title='bbox 1910 3445 2089 3500; x_wconf 81' lang='grc' dir='ltr'>λάϐω-</span> 
     </span>
    </p>
   </div>
   <div class='ocr_carea' id='block_1_34' title="bbox 506 3534 2089 3612">
    <p class='ocr_par' dir='ltr' id='par_1_34' title="bbox 506 3534 2089 3612">
     <span class='ocr_line' id='line_1_34' title="bbox 506 3534 2089 3612; baseline 0.004 -23"><span class='ocrx_word' id='word_1_261' title='bbox 506 3553 606 3607; x_wconf 90' lang='grc' dir='ltr'>μεν</span> <span class='ocrx_word' id='word_1_262' title='bbox 630 3536 691 3589; x_wconf 90' lang='lat'>16</span> <span class='ocrx_word' id='word_1_263' title='bbox 720 3537 1045 3608; x_wconf 71' lang='grc' dir='ltr'>ὑπόδειγμα,</span> <span class='ocrx_word' id='word_1_264' title='bbox 1077 3537 1175 3608; x_wconf 87' lang='grc' dir='ltr'>ούχ</span> <span class='ocrx_word' id='word_1_265' title='bbox 1210 3534 1350 3591; x_wconf 85' lang='grc' dir='ltr'>ὥστε</span> <span class='ocrx_word' id='word_1_266' title='bbox 1371 3539 1629 3604; x_wconf 84' lang='grc' dir='ltr'>τοιαύτας</span> <span class='ocrx_word' id='word_1_267' title='bbox 1658 3541 1856 3612; x_wconf 83' lang='grc' dir='ltr'>φιλεῖν,</span> <span class='ocrx_word' id='word_1_268' title='bbox 1885 3542 2089 3611; x_wconf 83' lang='grc' dir='ltr'>πόρνας</span> 
     </span>
    </p>
   </div>
   <div class='ocr_carea' id='block_1_35' title="bbox 502 3632 2083 3710">
    <p class='ocr_par' dir='ltr' id='par_1_35' title="bbox 502 3632 2083 3710">
     <span class='ocr_line' id='line_1_35' title="bbox 502 3632 2083 3710; baseline 0.003 -23"><span class='ocrx_word' id='word_1_269' title='bbox 502 3632 647 3701; x_wconf 85' lang='grc' dir='ltr'>λέγω</span> <span class='ocrx_word' id='word_1_270' title='bbox 676 3635 964 3701; x_wconf 89' lang='grc' dir='ltr'>γυναῖκας,</span> <span class='ocrx_word' id='word_1_271' title='bbox 994 3633 1110 3686; x_wconf 85' lang='grc' dir='ltr'>ἀλλ’</span> <span class='ocrx_word' id='word_1_272' title='bbox 1130 3633 1271 3687; x_wconf 85' lang='grc' dir='ltr'>ὥστε</span> <span class='ocrx_word' id='word_1_273' title='bbox 1300 3633 1448 3688; x_wconf 72' lang='grc' dir='ltr'>οὕτω</span> <span class='ocrx_word' id='word_1_274' title='bbox 1475 3636 1650 3703; x_wconf 84' lang='grc' dir='ltr'>φιλεῖν</span> <span class='ocrx_word' id='word_1_275' title='bbox 1673 3638 1801 3701; x_wconf 85' lang='grc' dir='ltr'>τοὺς</span> <span class='ocrx_word' id='word_1_276' title='bbox 1834 3639 2083 3710; x_wconf 84' lang='grc' dir='ltr'>ἐχθρούς.</span> 
     </span>
    </p>
   </div>
   <div class='ocr_carea' id='block_1_36' title="bbox 503 3726 2089 3804">
    <p class='ocr_par' dir='ltr' id='par_1_36' title="bbox 503 3726 2089 3804">
     <span class='ocr_line' id='line_1_36' title="bbox 503 3726 2089 3804; baseline 0.004 -23"><span class='ocrx_word' id='word_1_277' title='bbox 503 3727 639 3781; x_wconf 82' lang='grc' dir='ltr'>Εἰπέ</span> <span class='ocrx_word' id='word_1_278' title='bbox 689 3729 798 3797; x_wconf 85' lang='grc' dir='ltr'>γάρ</span> <span class='ocrx_word' id='word_1_279' title='bbox 839 3744 951 3797; x_wconf 88' lang='grc' dir='ltr'>μοι,</span> <span class='ocrx_word' id='word_1_280' title='bbox 985 3726 1108 3799; x_wconf 85' lang='grc' dir='ltr'>ούχί</span> <span class='ocrx_word' id='word_1_281' title='bbox 1128 3727 1346 3781; x_wconf 84' lang='grc' dir='ltr'>πάντων</span> <span class='ocrx_word' id='word_1_282' title='bbox 1385 3730 1600 3802; x_wconf 83' lang='grc' dir='ltr'>ἐχθρῶν</span> <span class='ocrx_word' id='word_1_283' title='bbox 1630 3731 2089 3804; x_wconf 78' lang='grc' dir='ltr'>ὑϐριστικώτερον</span> 
     </span>
    </p>
   </div>
   <div class='ocr_carea' id='block_1_37' title="bbox 502 3824 2088 3896">
    <p class='ocr_par' dir='ltr' id='par_1_37' title="bbox 502 3824 2088 3896">
     <span class='ocr_line' id='line_1_37' title="bbox 502 3824 2088 3896; baseline 0.003 -18"><span class='ocrx_word' id='word_1_284' title='bbox 502 3824 686 3889; x_wconf 83' lang='grc' dir='ltr'>αὐτοῖς</span> <span class='ocrx_word' id='word_1_285' title='bbox 709 3824 1042 3895; x_wconf 85' lang='grc' dir='ltr'>κέχρηνται,</span> <span class='ocrx_word' id='word_1_286' title='bbox 1076 3824 1169 3879; x_wconf 79' lang='grc' dir='ltr'>καὶ</span> <span class='ocrx_word' id='word_1_287' title='bbox 1193 3825 1291 3896; x_wconf 82' lang='grc' dir='ltr'>τὴν</span> <span class='ocrx_word' id='word_1_288' title='bbox 1311 3826 1503 3880; x_wconf 80' lang='grc' dir='ltr'>οὐσίαν</span> <span class='ocrx_word' id='word_1_289' title='bbox 1539 3827 1881 3881; x_wconf 83' lang='grc' dir='ltr'>διασπαθῶσι</span> <span class='ocrx_word' id='word_1_290' title='bbox 1912 3829 1962 3893; x_wconf 74' lang='grc'>1³,</span> <span class='ocrx_word' id='word_1_291' title='bbox 1994 3829 2088 3882; x_wconf 76' lang='grc' dir='ltr'>καὶ</span> 
     </span>
    </p>
   </div>
   <div class='ocr_carea' id='block_1_38' title="bbox 510 3922 2087 3996">
    <p class='ocr_par' dir='ltr' id='par_1_38' title="bbox 510 3922 2087 3996">
     <span class='ocr_line' id='line_1_38' title="bbox 510 3922 2087 3996; baseline 0.001 -18"><span class='ocrx_word' id='word_1_292' title='bbox 510 3923 610 3995; x_wconf 80' lang='grc' dir='ltr'>τὴν</span> <span class='ocrx_word' id='word_1_293' title='bbox 665 3922 788 3991; x_wconf 74' lang='grc' dir='ltr'>ὄψιν</span> <span class='ocrx_word' id='word_1_294' title='bbox 831 3922 1143 3992; x_wconf 71' lang='grc' dir='ltr'>ὑϐρίζουσι,</span> <span class='ocrx_word' id='word_1_295' title='bbox 1171 3924 1262 3976; x_wconf 73' lang='grc' dir='ltr'>καὶ</span> <span class='ocrx_word' id='word_1_296' title='bbox 1297 3923 1407 3979; x_wconf 87' lang='grc' dir='ltr'>τῶν</span> <span class='ocrx_word' id='word_1_297' title='bbox 1439 3924 1872 3996; x_wconf 83' lang='grc' dir='ltr'>διακονουμένων</span> <span class='ocrx_word' id='word_1_298' title='bbox 1894 3925 2087 3990; x_wconf 84' lang='grc' dir='ltr'>αὑταῖς</span> 
     </span>
    </p>
   </div>
   <div class='ocr_carea' id='block_1_39' title="bbox 513 4020 2089 4094">
    <p class='ocr_par' dir='ltr' id='par_1_39' title="bbox 513 4020 2089 4094">
     <span class='ocr_line' id='line_1_39' title="bbox 513 4020 2089 4094; baseline 0.003 -20"><span class='ocrx_word' id='word_1_299' title='bbox 513 4020 879 4091; x_wconf 85' lang='grc' dir='ltr'>δουλικώτερα</span> <span class='ocrx_word' id='word_1_300' title='bbox 932 4021 1339 4088; x_wconf 84' lang='grc' dir='ltr'>ἐπιτάττουσιν;</span> <span class='ocrx_word' id='word_1_301' title='bbox 1401 4021 1542 4075; x_wconf 83' lang='grc' dir='ltr'>Ἀλλ’</span> <span class='ocrx_word' id='word_1_302' title='bbox 1592 4021 1743 4093; x_wconf 82' lang='grc' dir='ltr'>ὅμως</span> <span class='ocrx_word' id='word_1_303' title='bbox 1801 4022 1902 4077; x_wconf 81' lang='grc' dir='ltr'>οὐκ</span> <span class='ocrx_word' id='word_1_304' title='bbox 1962 4024 2089 4094; x_wconf 84' lang='grc' dir='ltr'>ἀφί-</span> 
     </span>
    </p>
   </div>
   <div class='ocr_carea' id='block_1_40' title="bbox 507 4114 2084 4193">
    <p class='ocr_par' dir='ltr' id='par_1_40' title="bbox 507 4114 2084 4193">
     <span class='ocr_line' id='line_1_40' title="bbox 507 4114 2084 4193; baseline 0.003 -23"><span class='ocrx_word' id='word_1_305' title='bbox 507 4133 754 4170; x_wconf 87' lang='grc' dir='ltr'>στανται.</span> <span class='ocrx_word' id='word_1_306' title='bbox 786 4116 981 4171; x_wconf 81' lang='grc' dir='ltr'>Καίτοι</span> <span class='ocrx_word' id='word_1_307' title='bbox 1032 4114 1208 4181; x_wconf 68' lang='grc' dir='ltr'>οὐδεὶς</span> <span class='ocrx_word' id='word_1_308' title='bbox 1232 4114 1424 4171; x_wconf 79' lang='grc' dir='ltr'>οὐδένα</span> <span class='ocrx_word' id='word_1_309' title='bbox 1457 4118 1568 4189; x_wconf 73' lang='grc' dir='ltr'>ἔχει</span> <span class='ocrx_word' id='word_1_310' title='bbox 1594 4118 1837 4174; x_wconf 89' lang='grc' dir='ltr'>τοιοῦτον</span> <span class='ocrx_word' id='word_1_311' title='bbox 1868 4120 2084 4193; x_wconf 76' lang='grc' dir='ltr'>ἐχθρὸν,</span> 
     </span>
    </p>
   </div>
   <div class='ocr_carea' id='block_1_41' title="bbox 500 4207 2089 4287">
    <p class='ocr_par' dir='ltr' id='par_1_41' title="bbox 500 4207 2089 4287">
     <span class='ocr_line' id='line_1_41' title="bbox 500 4207 2089 4287; baseline 0.001 -19"><span class='ocrx_word' id='word_1_312' title='bbox 500 4207 613 4268; x_wconf 77' lang='grc' dir='ltr'>οἷον</span> <span class='ocrx_word' id='word_1_313' title='bbox 641 4215 669 4267; x_wconf 88' lang='lat'>6</span> <span class='ocrx_word' id='word_1_314' title='bbox 704 4212 874 4283; x_wconf 88' lang='grc' dir='ltr'>φιλῶν</span> <span class='ocrx_word' id='word_1_315' title='bbox 903 4213 1003 4285; x_wconf 82' lang='grc' dir='ltr'>τὴν</span> <span class='ocrx_word' id='word_1_316' title='bbox 1028 4213 1382 4285; x_wconf 86' lang='grc' dir='ltr'>φιλουμένην.</span> <span class='ocrx_word' id='word_1_317' title='bbox 1405 4215 1515 4267; x_wconf 78' lang='grc' dir='ltr'>Καὶ</span> <span class='ocrx_word' id='word_1_318' title='bbox 1543 4215 1652 4287; x_wconf 85' lang='grc' dir='ltr'>γὰρ</span> <span class='ocrx_word' id='word_1_319' title='bbox 1684 4214 2089 4286; x_wconf 77' lang='grc' dir='ltr'>θρύπτεταικαί</span> 
     </span>
    </p>
   </div>
   <div class='ocr_carea' id='block_1_42' title="bbox 502 4308 2087 4383">
    <p class='ocr_par' dir='ltr' id='par_1_42' title="bbox 502 4308 2087 4383">
     <span class='ocr_line' id='line_1_42' title="bbox 502 4308 2087 4383; baseline 0.001 -19"><span class='ocrx_word' id='word_1_320' title='bbox 502 4309 792 4376; x_wconf 80' lang='grc' dir='ltr'>αἰκίζεται,</span> <span class='ocrx_word' id='word_1_321' title='bbox 827 4312 921 4363; x_wconf 66' lang='grc' dir='ltr'>καί¹</span> <span class='ocrx_word' id='word_1_322' title='bbox 951 4308 1328 4382; x_wconf 78' lang='grc' dir='ltr'>ἀποκέχρηται</span> <span class='ocrx_word' id='word_1_323' title='bbox 1385 4309 1534 4381; x_wconf 80' lang='grc' dir='ltr'>αὐτῷ</span> <span class='ocrx_word' id='word_1_324' title='bbox 1576 4310 1882 4383; x_wconf 80' lang='grc' dir='ltr'>πολλάκιςή</span> <span class='ocrx_word' id='word_1_325' title='bbox 1910 4311 2087 4382; x_wconf 84' lang='grc' dir='ltr'>φιλου-</span> 
     </span>
    </p>
   </div>
   <div class='ocr_carea' id='block_1_43' title="bbox 507 4404 2084 4478">
    <p class='ocr_par' dir='ltr' id='par_1_43' title="bbox 507 4404 2084 4478">
     <span class='ocr_line' id='line_1_43' title="bbox 507 4404 2084 4478; baseline 0.003 -19"><span class='ocrx_word' id='word_1_326' title='bbox 507 4406 663 4476; x_wconf 82' lang='grc' dir='ltr'>μένη,</span> <span class='ocrx_word' id='word_1_327' title='bbox 710 4406 805 4459; x_wconf 77' lang='grc' dir='ltr'>καὶ</span> <span class='ocrx_word' id='word_1_328' title='bbox 853 4406 963 4477; x_wconf 77' lang='grc' dir='ltr'>ὅσῳ</span> <span class='ocrx_word' id='word_1_329' title='bbox 1010 4406 1076 4460; x_wconf 84' lang='grc' dir='ltr'>ἂν</span> <span class='ocrx_word' id='word_1_330' title='bbox 1128 4404 1349 4476; x_wconf 75' lang='grc' dir='ltr'>φιλῆται</span> <span class='ocrx_word' id='word_1_331' title='bbox 1382 4446 1397 4467; x_wconf 84' lang='grc'>,</span> <span class='ocrx_word' id='word_1_332' title='bbox 1449 4407 1691 4478; x_wconf 85' lang='grc' dir='ltr'>τοσούτῳ</span> <span class='ocrx_word' id='word_1_333' title='bbox 1731 4412 2084 4478; x_wconf 86' lang='grc' dir='ltr'>καταφρονεῖ.</span> 
     </span>
    </p>
   </div>
   <div class='ocr_carea' id='block_1_44' title="bbox 505 4502 2085 4578">
    <p class='ocr_par' dir='ltr' id='par_1_44' title="bbox 505 4502 2085 4578">
     <span class='ocr_line' id='line_1_44' title="bbox 505 4502 2085 4578; baseline 0.003 -21"><span class='ocrx_word' id='word_1_334' title='bbox 505 4504 695 4557; x_wconf 83' lang='grc' dir='ltr'>Καίτοι</span> <span class='ocrx_word' id='word_1_335' title='bbox 728 4503 781 4556; x_wconf 86' lang='grc' dir='ltr'>τί</span> <span class='ocrx_word' id='word_1_336' title='bbox 820 4504 913 4573; x_wconf 77' lang='grc' dir='ltr'>τῆς</span> <span class='ocrx_word' id='word_1_337' title='bbox 946 4502 1088 4557; x_wconf 76' lang='grc' dir='ltr'>οὕτω</span> <span class='ocrx_word' id='word_1_338' title='bbox 1135 4503 1484 4575; x_wconf 79' lang='grc' dir='ltr'>διακειμένης</span> <span class='ocrx_word' id='word_1_339' title='bbox 1527 4503 1704 4575; x_wconf 79' lang='grc' dir='ltr'>ψυχῆς</span> <span class='ocrx_word' id='word_1_340' title='bbox 1730 4504 2085 4578; x_wconf 85' lang='grc' dir='ltr'>θηριωδέστε·</span> 
     </span>
    </p>
   </div>
   <div class='ocr_carea' id='block_1_45' title="bbox 506 4594 2084 4669">
    <p class='ocr_par' dir='ltr' id='par_1_45' title="bbox 506 4594 2084 4669">
     <span class='ocr_line' id='line_1_45' title="bbox 506 4594 2084 4669; baseline 0.003 -19"><span class='ocrx_word' id='word_1_341' title='bbox 506 4612 639 4668; x_wconf 87' lang='grc' dir='ltr'>ρον;</span> <span class='ocrx_word' id='word_1_342' title='bbox 689 4596 830 4651; x_wconf 82' lang='grc' dir='ltr'>Ἀλλ’</span> <span class='ocrx_word' id='word_1_343' title='bbox 879 4597 1029 4667; x_wconf 82' lang='grc' dir='ltr'>ὅμως</span> <span class='ocrx_word' id='word_1_344' title='bbox 1086 4594 1330 4665; x_wconf 83' lang='grc' dir='ltr'>φιλοῦσιν</span> <span class='ocrx_word' id='word_1_345' title='bbox 1379 4596 1595 4649; x_wconf 83' lang='grc' dir='ltr'>ἐκεῖνοι.</span> <span class='ocrx_word' id='word_1_346' title='bbox 1637 4597 1798 4650; x_wconf 86' lang='grc' dir='ltr'>Ἀλλά</span> <span class='ocrx_word' id='word_1_347' title='bbox 1834 4599 2084 4669; x_wconf 82' lang='grc' dir='ltr'>τάχακαί⁸</span> 
     </span>
    </p>
   </div>
   <div class='ocr_carea' id='block_1_46' title="bbox 503 4692 2081 4767">
    <p class='ocr_par' dir='ltr' id='par_1_46' title="bbox 503 4692 2081 4767">
     <span class='ocr_line' id='line_1_46' title="bbox 503 4692 2081 4767; baseline 0.001 -19"><span class='ocrx_word' id='word_1_348' title='bbox 503 4694 611 4749; x_wconf 84' lang='grc' dir='ltr'>ἀπὸ</span> <span class='ocrx_word' id='word_1_349' title='bbox 648 4694 758 4749; x_wconf 87' lang='grc' dir='ltr'>τῶν</span> <span class='ocrx_word' id='word_1_350' title='bbox 797 4692 1183 4764; x_wconf 85' lang='grc' dir='ltr'>πνευματικῶν</span> <span class='ocrx_word' id='word_1_351' title='bbox 1221 4693 1528 4763; x_wconf 80' lang='grc' dir='ltr'>εὑρήσομεν</span> <span class='ocrx_word' id='word_1_352' title='bbox 1552 4692 1807 4764; x_wconf 75' lang='grc' dir='ltr'>τοιαύτην</span> <span class='ocrx_word' id='word_1_353' title='bbox 1838 4695 2081 4767; x_wconf 86' lang='grc' dir='ltr'>ἀγάπην,</span> 
     </span>
    </p>
   </div>
   <div class='ocr_carea' id='block_1_47' title="bbox 503 4785 2086 4860">
    <p class='ocr_par' dir='ltr' id='par_1_47' title="bbox 503 4785 2086 4860">
     <span class='ocr_line' id='line_1_47' title="bbox 503 4785 2086 4860; baseline 0.001 -18"><span class='ocrx_word' id='word_1_354' title='bbox 503 4788 563 4842; x_wconf 85' lang='lat'><em>06</em></span> <span class='ocrx_word' id='word_1_355' title='bbox 600 4788 709 4844; x_wconf 91' lang='grc' dir='ltr'>τῶν</span> <span class='ocrx_word' id='word_1_356' title='bbox 730 4789 826 4843; x_wconf 89' lang='grc' dir='ltr'>νῦν</span> <span class='ocrx_word' id='word_1_357' title='bbox 856 4806 870 4820; x_wconf 90' lang='grc'><strong>·</strong></span> <span class='ocrx_word' id='word_1_358' title='bbox 902 4789 1078 4860; x_wconf 82' lang='grc' dir='ltr'>ἐψύγη</span> <span class='ocrx_word' id='word_1_359' title='bbox 1121 4789 1229 4859; x_wconf 87' lang='grc' dir='ltr'>γάρ</span> <span class='ocrx_word' id='word_1_360' title='bbox 1253 4806 1265 4818; x_wconf 88' lang='grc'>·</span> <span class='ocrx_word' id='word_1_361' title='bbox 1294 4785 1432 4839; x_wconf 87' lang='grc' dir='ltr'>ἀλλά</span> <span class='ocrx_word' id='word_1_362' title='bbox 1471 4786 1579 4841; x_wconf 88' lang='grc' dir='ltr'>τῶν</span> <span class='ocrx_word' id='word_1_363' title='bbox 1610 4788 1781 4840; x_wconf 80' lang='grc' dir='ltr'>πάλαι</span> <span class='ocrx_word' id='word_1_364' title='bbox 1834 4790 2086 4860; x_wconf 84' lang='grc' dir='ltr'>μεγάλων</span> 
     </span>
    </p>
   </div>
   <div class='ocr_carea' id='block_1_48' title="bbox 505 4882 1478 4956">
    <p class='ocr_par' dir='ltr' id='par_1_48' title="bbox 505 4882 1478 4956">
     <span class='ocr_line' id='line_1_48' title="bbox 505 4882 1478 4956; baseline -0.006 -16"><span class='ocrx_word' id='word_1_365' title='bbox 505 4886 602 4940; x_wconf 76' lang='grc' dir='ltr'>καὶ</span> <span class='ocrx_word' id='word_1_366' title='bbox 638 4885 969 4956; x_wconf 85' lang='grc' dir='ltr'>θαυμαστῶν</span> <span class='ocrx_word' id='word_1_367' title='bbox 993 4883 1218 4937; x_wconf 84' lang='grc' dir='ltr'>ἐκείνων</span> <span class='ocrx_word' id='word_1_368' title='bbox 1249 4882 1478 4953; x_wconf 86' lang='grc' dir='ltr'>ἀνδρῶν.</span> 
     </span>
    </p>
   </div>
   <div class='ocr_carea' id='block_1_49' title="bbox 587 4963 2083 5042">
    <p class='ocr_par' dir='ltr' id='par_1_49' title="bbox 587 4963 2083 5042">
     <span class='ocr_line' id='line_1_49' title="bbox 587 4963 2083 5042; baseline 0.001 -20"><span class='ocrx_word' id='word_1_369' title='bbox 587 4970 646 5022; x_wconf 85' lang='grc'>’0</span> <span class='ocrx_word' id='word_1_370' title='bbox 671 4969 913 5039; x_wconf 82' lang='grc' dir='ltr'>Μωῦσῆς</span> <span class='ocrx_word' id='word_1_371' title='bbox 939 4970 968 5022; x_wconf 97' lang='lat'>6</span> <span class='ocrx_word' id='word_1_372' title='bbox 1023 4966 1292 5037; x_wconf 87' lang='grc' dir='ltr'>μακάριος</span> <span class='ocrx_word' id='word_1_373' title='bbox 1320 4966 1415 5018; x_wconf 82' lang='grc' dir='ltr'>καὶ</span> <span class='ocrx_word' id='word_1_374' title='bbox 1442 4963 1671 5031; x_wconf 75' lang='grc' dir='ltr'>τούτους</span> <span class='ocrx_word' id='word_1_375' title='bbox 1694 4970 1892 5035; x_wconf 82' lang='lat'><em>06106;</em></span> <span class='ocrx_word' id='word_1_376' title='bbox 1920 4969 2083 5042; x_wconf 82' lang='grc' dir='ltr'>ύπερ-</span> 
     </span>
    </p>
   </div>
   <div class='ocr_carea' id='block_1_50' title="bbox 503 5061 2078 5139">
    <p class='ocr_par' dir='ltr' id='par_1_50' title="bbox 503 5061 2078 5139">
     <span class='ocr_line' id='line_1_50' title="bbox 503 5061 2078 5139; baseline 0.004 -24"><span class='ocrx_word' id='word_1_377' title='bbox 503 5064 664 5119; x_wconf 62' lang='grc' dir='ltr'>ἔϐαλε</span> <span class='ocrx_word' id='word_1_378' title='bbox 691 5065 820 5128; x_wconf 76' lang='grc' dir='ltr'>τοὺς</span> <span class='ocrx_word' id='word_1_379' title='bbox 857 5063 1019 5134; x_wconf 78' lang='grc' dir='ltr'>ἔρωτι</span> <span class='ocrx_word' id='word_1_380' title='bbox 1057 5061 1366 5132; x_wconf 83' lang='grc' dir='ltr'>φιλοῦντας.</span> <span class='ocrx_word' id='word_1_381' title='bbox 1417 5061 1541 5126; x_wconf 88' lang='grc' dir='ltr'>Πῶς</span> <span class='ocrx_word' id='word_1_382' title='bbox 1589 5064 1684 5116; x_wconf 77' lang='grc' dir='ltr'>καὶ</span> <span class='ocrx_word' id='word_1_383' title='bbox 1720 5067 1828 5119; x_wconf 89' lang='grc' dir='ltr'>τίνι</span> <span class='ocrx_word' id='word_1_384' title='bbox 1859 5067 2078 5139; x_wconf 85' lang='grc' dir='ltr'>τρόπῳ;</span> 
     </span>
    </p>
   </div>
   <div class='ocr_carea' id='block_1_51' title="bbox 504 5157 2083 5236">
    <p class='ocr_par' dir='ltr' id='par_1_51' title="bbox 504 5157 2083 5236">
     <span class='ocr_line' id='line_1_51' title="bbox 504 5157 2083 5236; baseline 0.001 -21"><span class='ocrx_word' id='word_1_385' title='bbox 504 5161 725 5232; x_wconf 86' lang='grc' dir='ltr'>Πρῶτον</span> <span class='ocrx_word' id='word_1_386' title='bbox 748 5161 848 5232; x_wconf 77' lang='grc' dir='ltr'>μὶν</span> <span class='ocrx_word' id='word_1_387' title='bbox 875 5160 943 5213; x_wconf 80' lang='grc' dir='ltr'>τά</span> <span class='ocrx_word' id='word_1_388' title='bbox 975 5157 1223 5230; x_wconf 80' lang='grc' dir='ltr'>βασίλεια</span> <span class='ocrx_word' id='word_1_389' title='bbox 1262 5158 1440 5227; x_wconf 71' lang='grc' dir='ltr'>ἀφιεὶς</span> <span class='ocrx_word' id='word_1_390' title='bbox 1482 5160 1577 5213; x_wconf 73' lang='grc' dir='ltr'>καὶ</span> <span class='ocrx_word' id='word_1_391' title='bbox 1604 5158 1701 5232; x_wconf 80' lang='grc' dir='ltr'>τὴν</span> <span class='ocrx_word' id='word_1_392' title='bbox 1728 5163 1845 5217; x_wconf 89' lang='grc' dir='ltr'>ἐκεῖ</span> <span class='ocrx_word' id='word_1_393' title='bbox 1872 5164 2083 5236; x_wconf 83' lang='grc' dir='ltr'>τρυφὴν</span> 
     </span>
    </p>
   </div>
   <div class='ocr_carea' id='block_1_52' title="bbox 504 5255 2080 5332">
    <p class='ocr_par' dir='ltr' id='par_1_52' title="bbox 504 5255 2080 5332">
     <span class='ocr_line' id='line_1_52' title="bbox 504 5255 2080 5332; baseline 0.001 -17"><span class='ocrx_word' id='word_1_394' title='bbox 504 5261 599 5314; x_wconf 80' lang='grc' dir='ltr'>καὶ</span> <span class='ocrx_word' id='word_1_395' title='bbox 635 5260 733 5332; x_wconf 81' lang='grc' dir='ltr'>τὴν</span> <span class='ocrx_word' id='word_1_396' title='bbox 786 5258 1084 5329; x_wconf 87' lang='grc' dir='ltr'>θεραπείαν</span> <span class='ocrx_word' id='word_1_397' title='bbox 1140 5258 1233 5311; x_wconf 79' lang='grc' dir='ltr'>καὶ</span> <span class='ocrx_word' id='word_1_398' title='bbox 1276 5257 1338 5311; x_wconf 90' lang='lat'>16</span> <span class='ocrx_word' id='word_1_399' title='bbox 1364 5255 1704 5324; x_wconf 78' lang='grc' dir='ltr'>δοξάζεσθαι,</span> <span class='ocrx_word' id='word_1_400' title='bbox 1743 5260 1914 5315; x_wconf 78' lang='grc' dir='ltr'>εἵλετο</span> <span class='ocrx_word' id='word_1_401' title='bbox 1937 5257 2080 5316; x_wconf 78' lang='grc' dir='ltr'>εἶναι</span> 
     </span>
    </p>
   </div>
   <div class='ocr_carea' id='block_1_53' title="bbox 508 5350 2078 5427">
    <p class='ocr_par' dir='ltr' id='par_1_53' title="bbox 508 5350 2078 5427">
     <span class='ocr_line' id='line_1_53' title="bbox 508 5350 2078 5427; baseline 0.002 -17"><span class='ocrx_word' id='word_1_402' title='bbox 508 5355 649 5427; x_wconf 88' lang='grc' dir='ltr'>μετά</span> <span class='ocrx_word' id='word_1_403' title='bbox 694 5354 802 5410; x_wconf 89' lang='grc' dir='ltr'>τῶν</span> <span class='ocrx_word' id='word_1_404' title='bbox 846 5350 1215 5423; x_wconf 78' lang='grc' dir='ltr'>Ἰσραηλιτῶν.</span> <span class='ocrx_word' id='word_1_405' title='bbox 1258 5354 1454 5409; x_wconf 81' lang='grc' dir='ltr'>Καίτοι</span> <span class='ocrx_word' id='word_1_406' title='bbox 1487 5356 1548 5408; x_wconf 88' lang='lat'>06</span> <span class='ocrx_word' id='word_1_407' title='bbox 1586 5355 1743 5426; x_wconf 90' lang='grc' dir='ltr'>μόνον</span> <span class='ocrx_word' id='word_1_408' title='bbox 1767 5358 1866 5411; x_wconf 88' lang='grc' dir='ltr'>οὐκ</span> <span class='ocrx_word' id='word_1_409' title='bbox 1897 5359 1963 5413; x_wconf 76' lang='grc' dir='ltr'>ἄν</span> <span class='ocrx_word' id='word_1_410' title='bbox 1992 5377 2078 5425; x_wconf 91' lang='grc' dir='ltr'>τις</span> 
     </span>
    </p>
   </div>
   <div class='ocr_carea' id='block_1_54' title="bbox 504 5447 2083 5526">
    <p class='ocr_par' dir='ltr' id='par_1_54' title="bbox 504 5447 2083 5526">
     <span class='ocr_line' id='line_1_54' title="bbox 504 5447 2083 5526; baseline 0.004 -22"><span class='ocrx_word' id='word_1_411' title='bbox 504 5450 663 5512; x_wconf 67' lang='grc' dir='ltr'>ἄλλος</span> <span class='ocrx_word' id='word_1_412' title='bbox 703 5447 998 5519; x_wconf 83' lang='grc' dir='ltr'>εἰργάσατο</span> <span class='ocrx_word' id='word_1_413' title='bbox 1033 5448 1210 5515; x_wconf 88' lang='grc' dir='ltr'>τοῦτο,</span> <span class='ocrx_word' id='word_1_414' title='bbox 1239 5449 1375 5504; x_wconf 87' lang='grc' dir='ltr'>ἀλλά</span> <span class='ocrx_word' id='word_1_415' title='bbox 1431 5452 1534 5505; x_wconf 70' lang='grc' dir='ltr'>κᾶν</span> <span class='ocrx_word' id='word_1_416' title='bbox 1563 5453 1881 5526; x_wconf 82' lang='grc' dir='ltr'>ἐπῃσχύνθη</span> <span class='ocrx_word' id='word_1_417' title='bbox 1927 5455 2083 5526; x_wconf 88' lang='grc' dir='ltr'>ἐλέγ-</span> 
     </span>
    </p>
   </div>
   <div class='ocr_carea' id='block_1_55' title="bbox 505 5546 2080 5623">
    <p class='ocr_par' dir='ltr' id='par_1_55' title="bbox 505 5546 2080 5623">
     <span class='ocr_line' id='line_1_55' title="bbox 505 5546 2080 5623; baseline 0.005 -22"><span class='ocrx_word' id='word_1_418' title='bbox 505 5564 689 5618; x_wconf 88' lang='grc' dir='ltr'>χοντος</span> <span class='ocrx_word' id='word_1_419' title='bbox 742 5546 930 5617; x_wconf 87' lang='grc' dir='ltr'>ἐτέρου</span> <span class='ocrx_word' id='word_1_420' title='bbox 965 5547 1199 5620; x_wconf 89' lang='grc' dir='ltr'>φανῆναι</span> <span class='ocrx_word' id='word_1_421' title='bbox 1236 5550 1507 5622; x_wconf 83' lang='grc' dir='ltr'>συγγενὴς</span> <span class='ocrx_word' id='word_1_422' title='bbox 1547 5550 1609 5605; x_wconf 88' lang='lat'><em>06</em></span> <span class='ocrx_word' id='word_1_423' title='bbox 1652 5552 1813 5623; x_wconf 86' lang='grc' dir='ltr'>μόνον</span> <span class='ocrx_word' id='word_1_424' title='bbox 1841 5553 2045 5608; x_wconf 88' lang='grc' dir='ltr'>δούλων</span> <span class='ocrx_word' id='word_1_425' title='bbox 2065 5595 2080 5619; x_wconf 90' lang='grc'>,</span> 
     </span>
    </p>
   </div>
   <div class='ocr_carea' id='block_1_56' title="bbox 506 5651 2086 5729">
    <p class='ocr_par' dir='ltr' id='par_1_56' title="bbox 506 5651 2086 5729">
     <span class='ocr_line' id='line_1_56' title="bbox 506 5651 2086 5729; baseline 0.001 -22"><span class='ocrx_word' id='word_1_426' title='bbox 506 5655 644 5710; x_wconf 70' lang='grc' dir='ltr'>ἀλλὰ</span> <span class='ocrx_word' id='word_1_427' title='bbox 694 5655 785 5709; x_wconf 88' lang='grc' dir='ltr'>καί</span> <span class='ocrx_word' id='word_1_428' title='bbox 836 5656 1048 5726; x_wconf 86' lang='grc' dir='ltr'>μιαρῶν</span> <span class='ocrx_word' id='word_1_429' title='bbox 1077 5651 1219 5711; x_wconf 84' lang='grc' dir='ltr'>εἶναι</span> <span class='ocrx_word' id='word_1_430' title='bbox 1252 5653 1625 5729; x_wconf 76' lang='grc' dir='ltr'>νομιζομένων</span> <span class='ocrx_word' id='word_1_431' title='bbox 1651 5672 1663 5684; x_wconf 90' lang='grc'>·</span> <span class='ocrx_word' id='word_1_432' title='bbox 1698 5658 1723 5709; x_wconf 87' lang='lat'>6</span> <span class='ocrx_word' id='word_1_433' title='bbox 1749 5655 1804 5709; x_wconf 81' lang='grc' dir='ltr'>δέ</span> <span class='ocrx_word' id='word_1_434' title='bbox 1827 5655 1888 5709; x_wconf 85' lang='lat'><em>06</em></span> <span class='ocrx_word' id='word_1_435' title='bbox 1925 5654 2086 5725; x_wconf 85' lang='grc' dir='ltr'>μόνον</span> 
     </span>
    </p>
   </div>
   <div class='ocr_carea' id='block_1_57' title="bbox 592 5838 1317 5910">
    <p class='ocr_par' dir='ltr' id='par_1_57' title="bbox 592 5838 1317 5910">
     <span class='ocr_line' id='line_1_57' title="bbox 592 5838 1317 5910; baseline 0.023 -25"><span class='ocrx_word' id='word_1_436' title='bbox 592 5839 612 5910; x_wconf 85' lang='lat'>_&#39;</span> <span class='ocrx_word' id='word_1_437' title='bbox 646 5838 791 5910; x_wconf 53' lang='lat' dir='ltr'>Alam.</span> <span class='ocrx_word' id='word_1_438' title='bbox 810 5842 992 5910; x_wconf 57' lang='lat' dir='ltr'>Sat-IL,</span> <span class='ocrx_word' id='word_1_439' title='bbox 1019 5848 1317 5910; x_wconf 77' lang='grc' dir='ltr'>μιμούμενοι.</span> 
     </span>
    </p>
   </div>
   <div class='ocr_carea' id='block_1_58' title="bbox 589 5901 1184 5962">
    <p class='ocr_par' dir='ltr' id='par_1_58' title="bbox 589 5901 1184 5962">
     <span class='ocr_line' id='line_1_58' title="bbox 589 5901 1184 5962; baseline 0.022 -14"><span class='ocrx_word' id='word_1_440' title='bbox 589 5901 625 5943; x_wconf 62' lang='grc' dir='ltr'><em>ὓ</em></span> <span class='ocrx_word' id='word_1_441' title='bbox 656 5901 767 5952; x_wconf 67' lang='lat' dir='ltr'>MSS.</span> <span class='ocrx_word' id='word_1_442' title='bbox 793 5904 890 5954; x_wconf 84' lang='lat' dir='ltr'>duo</span> <span class='ocrx_word' id='word_1_443' title='bbox 926 5901 1184 5962; x_wconf 53' lang='grc' dir='ltr'>διασπῶσι.</span> 
     </span>
    </p>
   </div>
   <div class='ocr_carea' id='block_1_59' title="bbox 2214 424 3787 500">
    <p class='ocr_par' dir='ltr' id='par_1_59' title="bbox 2214 424 3787 500">
     <span class='ocr_line' id='line_1_59' title="bbox 2214 424 3787 500; baseline 0.004 -22"><span class='ocrx_word' id='word_1_444' title='bbox 2214 424 2317 495; x_wconf 77' lang='grc' dir='ltr'>τὴν</span> <span class='ocrx_word' id='word_1_445' title='bbox 2355 426 2672 494; x_wconf 83' lang='grc' dir='ltr'>συγγένειαν</span> <span class='ocrx_word' id='word_1_446' title='bbox 2688 427 2789 480; x_wconf 82' lang='grc' dir='ltr'>οὐκ</span> <span class='ocrx_word' id='word_1_447' title='bbox 2804 426 3139 498; x_wconf 86' lang='grc' dir='ltr'>ἐπῃσχύνθη,</span> <span class='ocrx_word' id='word_1_448' title='bbox 3168 426 3301 480; x_wconf 81' lang='grc' dir='ltr'>ἀλλὰ</span> <span class='ocrx_word' id='word_1_449' title='bbox 3320 426 3414 481; x_wconf 75' lang='grc' dir='ltr'>καὶ</span> <span class='ocrx_word' id='word_1_450' title='bbox 3443 427 3608 482; x_wconf 86' lang='grc' dir='ltr'>παντί</span> <span class='ocrx_word' id='word_1_451' title='bbox 3632 429 3787 500; x_wconf 71' lang='grc' dir='ltr'>θυμῳ</span> 
     </span>
    </p>
   </div>
   <div class='ocr_carea' id='block_1_60' title="bbox 2206 528 3785 604">
    <p class='ocr_par' dir='ltr' id='par_1_60' title="bbox 2206 528 3785 604">
     <span class='ocr_line' id='line_1_60' title="bbox 2206 528 3785 604; baseline -0.004 -17"><span class='ocrx_word' id='word_1_452' title='bbox 2206 533 2382 604; x_wconf 75' lang='grc' dir='ltr'>ἧμυνε</span> <span class='ocrx_word' id='word_1_453' title='bbox 2400 575 2417 597; x_wconf 85' lang='grc'>,</span> <span class='ocrx_word' id='word_1_454' title='bbox 2448 535 2542 589; x_wconf 75' lang='grc' dir='ltr'>καὶ</span> <span class='ocrx_word' id='word_1_455' title='bbox 2570 536 2652 597; x_wconf 90' lang='grc' dir='ltr'>εἰς</span> <span class='ocrx_word' id='word_1_456' title='bbox 2692 533 2973 595; x_wconf 84' lang='grc' dir='ltr'>κινδύνους</span> <span class='ocrx_word' id='word_1_457' title='bbox 3000 530 3192 585; x_wconf 81' lang='grc' dir='ltr'>ἐαυτὸν</span> <span class='ocrx_word' id='word_1_458' title='bbox 3216 529 3438 601; x_wconf 78' lang='grc' dir='ltr'>ἔρριψεν</span> <span class='ocrx_word' id='word_1_459' title='bbox 3471 528 3614 600; x_wconf 74' lang='grc' dir='ltr'>ὑπὲρ</span> <span class='ocrx_word' id='word_1_460' title='bbox 3638 528 3785 582; x_wconf 67' lang='grc' dir='ltr'>ἐκείυ</span> 
     </span>
    </p>
   </div>
   <div class='ocr_carea' id='block_1_61' title="bbox 2204 624 3785 701">
    <p class='ocr_par' dir='ltr' id='par_1_61' title="bbox 2204 624 3785 701">
     <span class='ocr_line' id='line_1_61' title="bbox 2204 624 3785 701; baseline -0.004 -18"><span class='ocrx_word' id='word_1_461' title='bbox 2204 646 2331 686; x_wconf 90' lang='grc' dir='ltr'>νων.</span> <span class='ocrx_word' id='word_1_462' title='bbox 2361 632 2518 697; x_wconf 86' lang='grc' dir='ltr'>Πῶς;</span> <span class='ocrx_word' id='word_1_463' title='bbox 2562 630 2739 701; x_wconf 87' lang='grc' dir='ltr'>Ὀρῶν</span> <span class='ocrx_word' id='word_1_464' title='bbox 2764 673 2779 696; x_wconf 91' lang='grc'>,</span> <span class='ocrx_word' id='word_1_465' title='bbox 2815 630 2970 699; x_wconf 80' lang='grc' dir='ltr'>φησί,</span> <span class='ocrx_word' id='word_1_466' title='bbox 3014 626 3136 682; x_wconf 80' lang='grc' dir='ltr'>τινὰ</span> <span class='ocrx_word' id='word_1_467' title='bbox 3158 625 3467 689; x_wconf 87' lang='grc' dir='ltr'>ἀδικοῦντα,</span> <span class='ocrx_word' id='word_1_468' title='bbox 3506 626 3680 697; x_wconf 68' lang='grc' dir='ltr'>ἤμυνε</span> <span class='ocrx_word' id='word_1_469' title='bbox 3708 624 3785 694; x_wconf 81' lang='grc' dir='ltr'>τῷ</span> 
     </span>
    </p>
   </div>
   <div class='ocr_carea' id='block_1_62' title="bbox 2203 720 3783 797">
    <p class='ocr_par' dir='ltr' id='par_1_62' title="bbox 2203 720 3783 797">
     <span class='ocr_line' id='line_1_62' title="bbox 2203 720 3783 797; baseline -0.004 -18"><span class='ocrx_word' id='word_1_470' title='bbox 2203 725 2549 797; x_wconf 83' lang='grc' dir='ltr'>ἀδικουμένῳ</span> <span class='ocrx_word' id='word_1_471' title='bbox 2575 769 2589 792; x_wconf 88' lang='grc'>,</span> <span class='ocrx_word' id='word_1_472' title='bbox 2635 727 2728 780; x_wconf 78' lang='grc' dir='ltr'>καὶ</span> <span class='ocrx_word' id='word_1_473' title='bbox 2786 727 3075 780; x_wconf 88' lang='grc' dir='ltr'>ἀπέκτεινε</span> <span class='ocrx_word' id='word_1_474' title='bbox 3135 723 3228 776; x_wconf 84' lang='lat' dir='ltr'><em>16v</em></span> <span class='ocrx_word' id='word_1_475' title='bbox 3289 721 3599 775; x_wconf 81' lang='grc' dir='ltr'>ἀδικοῦντα.</span> <span class='ocrx_word' id='word_1_476' title='bbox 3645 720 3783 774; x_wconf 81' lang='grc' dir='ltr'>Ἀλλ’</span> 
     </span>
    </p>
   </div>
   <div class='ocr_carea' id='block_1_63' title="bbox 2201 812 3785 893">
    <p class='ocr_par' dir='ltr' id='par_1_63' title="bbox 2201 812 3785 893">
     <span class='ocr_line' id='line_1_63' title="bbox 2201 812 3785 893; baseline -0.003 -19"><span class='ocrx_word' id='word_1_477' title='bbox 2201 820 2355 875; x_wconf 80' lang='grc' dir='ltr'>οῠπω</span> <span class='ocrx_word' id='word_1_478' title='bbox 2379 822 2551 875; x_wconf 90' lang='grc' dir='ltr'>ταῦτα</span> <span class='ocrx_word' id='word_1_479' title='bbox 2586 822 2727 893; x_wconf 79' lang='grc' dir='ltr'>ὑπὲρ</span> <span class='ocrx_word' id='word_1_480' title='bbox 2759 820 2970 893; x_wconf 86' lang='grc' dir='ltr'>ἐχθρῶν</span> <span class='ocrx_word' id='word_1_481' title='bbox 3003 836 3018 851; x_wconf 86' lang='grc'><strong>·</strong></span> <span class='ocrx_word' id='word_1_482' title='bbox 3060 818 3273 890; x_wconf 87' lang='grc' dir='ltr'>μεγάλα</span> <span class='ocrx_word' id='word_1_483' title='bbox 3311 819 3410 874; x_wconf 59' lang='grc' dir='ltr'>μὲν</span> <span class='ocrx_word' id='word_1_484' title='bbox 3440 812 3531 870; x_wconf 80' lang='lat' dir='ltr'>06v</span> <span class='ocrx_word' id='word_1_485' title='bbox 3558 817 3655 870; x_wconf 71' lang='grc' dir='ltr'>καί</span> <span class='ocrx_word' id='word_1_486' title='bbox 3686 817 3785 869; x_wconf 85' lang='lat'><em>06—</em></span> 
     </span>
    </p>
   </div>
   <div class='ocr_carea' id='block_1_64' title="bbox 2202 910 3787 988">
    <p class='ocr_par' dir='ltr' id='par_1_64' title="bbox 2202 910 3787 988">
     <span class='ocr_line' id='line_1_64' title="bbox 2202 910 3787 988; baseline -0.001 -19"><span class='ocrx_word' id='word_1_487' title='bbox 2202 916 2290 984; x_wconf 86' lang='grc' dir='ltr'>τά,</span> <span class='ocrx_word' id='word_1_488' title='bbox 2326 918 2425 988; x_wconf 87' lang='grc' dir='ltr'>οὐχ</span> <span class='ocrx_word' id='word_1_489' title='bbox 2452 917 2595 972; x_wconf 78' lang='grc' dir='ltr'>οὕτω</span> <span class='ocrx_word' id='word_1_490' title='bbox 2631 917 2689 971; x_wconf 84' lang='grc' dir='ltr'>δέ</span> <span class='ocrx_word' id='word_1_491' title='bbox 2722 916 2799 981; x_wconf 82' lang='grc' dir='ltr'>ὡς</span> <span class='ocrx_word' id='word_1_492' title='bbox 2828 918 2897 972; x_wconf 87' lang='grc' dir='ltr'>τὰ</span> <span class='ocrx_word' id='word_1_493' title='bbox 2930 916 3068 988; x_wconf 89' lang='grc' dir='ltr'>μετά</span> <span class='ocrx_word' id='word_1_494' title='bbox 3099 915 3302 969; x_wconf 78' lang='grc' dir='ltr'>ταῦτα.</span> <span class='ocrx_word' id='word_1_495' title='bbox 3336 915 3379 967; x_wconf 91' lang='grc' dir='ltr'>Τ</span> <span class='ocrx_word' id='word_1_496' title='bbox 3382 918 3415 986; x_wconf 78' lang='grc' dir='ltr'><strong>ᾖ</strong></span> <span class='ocrx_word' id='word_1_497' title='bbox 3437 910 3530 968; x_wconf 85' lang='grc' dir='ltr'>οῦν</span> <span class='ocrx_word' id='word_1_498' title='bbox 3552 914 3787 987; x_wconf 79' lang='grc' dir='ltr'>ἐπιούσῃ</span> 
     </span>
    </p>
   </div>
   <div class='ocr_carea' id='block_1_65' title="bbox 2200 999 3785 1084">
    <p class='ocr_par' dir='ltr' id='par_1_65' title="bbox 2200 999 3785 1084">
     <span class='ocr_line' id='line_1_65' title="bbox 2200 999 3785 1084; baseline -0.003 -20"><span class='ocrx_word' id='word_1_499' title='bbox 2200 1013 2384 1084; x_wconf 79' lang='grc' dir='ltr'>ἡμέρα</span> <span class='ocrx_word' id='word_1_500' title='bbox 2429 1013 2490 1066; x_wconf 87' lang='lat'>16</span> <span class='ocrx_word' id='word_1_501' title='bbox 2523 1010 2653 1067; x_wconf 86' lang='lat'><em>0616</em></span> <span class='ocrx_word' id='word_1_502' title='bbox 2704 1005 2811 1066; x_wconf 83' lang='grc' dir='ltr'>εἶδε</span> <span class='ocrx_word' id='word_1_503' title='bbox 2860 1013 3164 1083; x_wconf 84' lang='grc' dir='ltr'>γινόμενον,</span> <span class='ocrx_word' id='word_1_504' title='bbox 3199 1001 3450 1065; x_wconf 79' lang='grc' dir='ltr'>κάκεῖνον</span> <span class='ocrx_word' id='word_1_505' title='bbox 3482 1003 3527 1079; x_wconf 83' lang='grc' dir='ltr'><strong>ᾧ</strong></span> <span class='ocrx_word' id='word_1_506' title='bbox 3577 999 3785 1081; x_wconf 63' lang='grc' dir='ltr'>ἤμυνεν</span> 
     </span>
    </p>
   </div>
   <div class='ocr_carea' id='block_1_66' title="bbox 2198 1098 3784 1178">
    <p class='ocr_par' dir='ltr' id='par_1_66' title="bbox 2198 1098 3784 1178">
     <span class='ocr_line' id='line_1_66' title="bbox 2198 1098 3784 1178; baseline -0.001 -21"><span class='ocrx_word' id='word_1_507' title='bbox 2198 1107 2340 1175; x_wconf 79' lang='grc' dir='ltr'>δρῶν</span> <span class='ocrx_word' id='word_1_508' title='bbox 2359 1104 2680 1171; x_wconf 88' lang='grc' dir='ltr'>ἀδικοῦντα,</span> <span class='ocrx_word' id='word_1_509' title='bbox 2718 1098 2952 1178; x_wconf 74' lang='grc' dir='ltr'>παρῄνει</span> <span class='ocrx_word' id='word_1_510' title='bbox 2990 1102 3304 1159; x_wconf 86' lang='grc' dir='ltr'>παύσασθαι</span> <span class='ocrx_word' id='word_1_511' title='bbox 3338 1098 3436 1175; x_wconf 80' lang='grc' dir='ltr'>τῆς</span> <span class='ocrx_word' id='word_1_512' title='bbox 3468 1098 3680 1167; x_wconf 80' lang='grc' dir='ltr'>ἀδικίας</span> <span class='ocrx_word' id='word_1_513' title='bbox 3710 1119 3726 1134; x_wconf 85' lang='grc'><em>’</em></span> <span class='ocrx_word' id='word_1_514' title='bbox 3755 1102 3784 1155; x_wconf 91' lang='lat'>6</span> 
     </span>
    </p>
   </div>
   <div class='ocr_carea' id='block_1_67' title="bbox 2197 1194 3783 1274">
    <p class='ocr_par' dir='ltr' id='par_1_67' title="bbox 2197 1194 3783 1274">
     <span class='ocr_line' id='line_1_67' title="bbox 2197 1194 3783 1274; baseline -0.001 -21"><span class='ocrx_word' id='word_1_515' title='bbox 2197 1202 2254 1254; x_wconf 89' lang='grc' dir='ltr'>δέ</span> <span class='ocrx_word' id='word_1_516' title='bbox 2274 1219 2426 1274; x_wconf 84' lang='grc' dir='ltr'>φησι,</span> <span class='ocrx_word' id='word_1_517' title='bbox 2452 1196 2619 1274; x_wconf 73' lang='grc' dir='ltr'>πολλῇ</span> <span class='ocrx_word' id='word_1_518' title='bbox 2638 1202 3001 1274; x_wconf 82' lang='grc' dir='ltr'>ἀγνωμοσύνῃ</span> <span class='ocrx_word' id='word_1_519' title='bbox 3026 1200 3389 1272; x_wconf 83' lang='grc' dir='ltr'>κεχρημένος,</span> <span class='ocrx_word' id='word_1_520' title='bbox 3414 1194 3515 1265; x_wconf 79' lang='grc' dir='ltr'>Τίς</span> <span class='ocrx_word' id='word_1_521' title='bbox 3541 1201 3615 1254; x_wconf 62' lang='grc' dir='ltr'>οδε</span> <span class='ocrx_word' id='word_1_522' title='bbox 3631 1217 3783 1254; x_wconf 83' lang='grc' dir='ltr'>κατ-</span> 
     </span>
    </p>
   </div>
   <div class='ocr_carea' id='block_1_68' title="bbox 2196 1297 3787 1370">
    <p class='ocr_par' dir='ltr' id='par_1_68' title="bbox 2196 1297 3787 1370">
     <span class='ocr_line' id='line_1_68' title="bbox 2196 1297 3787 1370; baseline -0.001 -18"><span class='ocrx_word' id='word_1_523' title='bbox 2196 1299 2461 1367; x_wconf 84' lang='grc' dir='ltr'>έστησεν</span> <span class='ocrx_word' id='word_1_524' title='bbox 2493 1300 2760 1370; x_wconf 80' lang='grc' dir='ltr'>ἄρχοντα</span> <span class='ocrx_word' id='word_1_525' title='bbox 2801 1300 2903 1354; x_wconf 82' lang='grc' dir='ltr'>καί</span> <span class='ocrx_word' id='word_1_526' title='bbox 2937 1298 3241 1367; x_wconf 79' lang='grc' dir='ltr'>δικαστὴν</span> <span class='ocrx_word' id='word_1_527' title='bbox 3276 1299 3369 1368; x_wconf 71' lang='grc' dir='ltr'>ἐφ’</span> <span class='ocrx_word' id='word_1_528' title='bbox 3423 1297 3619 1367; x_wconf 70' lang='grc' dir='ltr'>ήμᾶςῖ</span> <span class='ocrx_word' id='word_1_529' title='bbox 3650 1297 3787 1351; x_wconf 86' lang='grc' dir='ltr'>Τίνα</span> 
     </span>
    </p>
   </div>
   <div class='ocr_carea' id='block_1_69' title="bbox 2198 1393 3778 1469">
    <p class='ocr_par' dir='ltr' id='par_1_69' title="bbox 2198 1393 3778 1469">
     <span class='ocr_line' id='line_1_69' title="bbox 2198 1393 3778 1469; baseline -0.001 -20"><span class='ocrx_word' id='word_1_530' title='bbox 2198 1397 2296 1450; x_wconf 81' lang='grc' dir='ltr'>οὐκ</span> <span class='ocrx_word' id='word_1_531' title='bbox 2326 1396 2392 1451; x_wconf 84' lang='grc' dir='ltr'>ἂν</span> <span class='ocrx_word' id='word_1_532' title='bbox 2418 1400 2687 1469; x_wconf 79' lang='grc' dir='ltr'>ἐνέπρησε</span> <span class='ocrx_word' id='word_1_533' title='bbox 2723 1397 2793 1451; x_wconf 86' lang='grc' dir='ltr'>τὰ</span> <span class='ocrx_word' id='word_1_534' title='bbox 2823 1399 3043 1469; x_wconf 78' lang='grc' dir='ltr'>ῥήματα</span> <span class='ocrx_word' id='word_1_535' title='bbox 3074 1394 3279 1461; x_wconf 87' lang='grc' dir='ltr'>ταῦτα;</span> <span class='ocrx_word' id='word_1_536' title='bbox 3317 1396 3383 1448; x_wconf 86' lang='grc' dir='ltr'><strong>Εἰ</strong></span> <span class='ocrx_word' id='word_1_537' title='bbox 3405 1395 3587 1448; x_wconf 86' lang='grc' dir='ltr'>τοίνυν</span> <span class='ocrx_word' id='word_1_538' title='bbox 3614 1393 3778 1464; x_wconf 83' lang='grc' dir='ltr'>θυμῷ</span> 
     </span>
    </p>
   </div>
   <div class='ocr_carea' id='block_1_70' title="bbox 2196 1489 3785 1564">
    <p class='ocr_par' dir='ltr' id='par_1_70' title="bbox 2196 1489 3785 1564">
     <span class='ocr_line' id='line_1_70' title="bbox 2196 1489 3785 1564; baseline -0.001 -18"><span class='ocrx_word' id='word_1_539' title='bbox 2196 1492 2256 1546; x_wconf 97' lang='lat'>16</span> <span class='ocrx_word' id='word_1_540' title='bbox 2301 1495 2562 1564; x_wconf 86' lang='grc' dir='ltr'>πρότερον</span> <span class='ocrx_word' id='word_1_541' title='bbox 2612 1494 2827 1561; x_wconf 88' lang='grc' dir='ltr'>ἐγένετο</span> <span class='ocrx_word' id='word_1_542' title='bbox 2871 1494 2965 1547; x_wconf 70' lang='grc' dir='ltr'>καὶ</span> <span class='ocrx_word' id='word_1_543' title='bbox 2995 1493 3182 1564; x_wconf 81' lang='grc' dir='ltr'>μανίᾳ,</span> <span class='ocrx_word' id='word_1_544' title='bbox 3211 1493 3304 1547; x_wconf 69' lang='grc' dir='ltr'>καὶ</span> <span class='ocrx_word' id='word_1_545' title='bbox 3334 1491 3524 1545; x_wconf 91' lang='grc' dir='ltr'>τοῦτον</span> <span class='ocrx_word' id='word_1_546' title='bbox 3545 1491 3612 1544; x_wconf 80' lang='grc' dir='ltr'>ἂν</span> <span class='ocrx_word' id='word_1_547' title='bbox 3642 1489 3785 1559; x_wconf 78' lang='grc' dir='ltr'>πλήο</span> 
     </span>
    </p>
   </div>
   <div class='ocr_carea' id='block_1_71' title="bbox 2198 1584 3788 1662">
    <p class='ocr_par' dir='ltr' id='par_1_71' title="bbox 2198 1584 3788 1662">
     <span class='ocr_line' id='line_1_71' title="bbox 2198 1584 3788 1662; baseline -0.001 -20"><span class='ocrx_word' id='word_1_548' title='bbox 2198 1588 2296 1654; x_wconf 80' lang='grc' dir='ltr'>ξας</span> <span class='ocrx_word' id='word_1_549' title='bbox 2336 1590 2565 1643; x_wconf 83' lang='grc' dir='ltr'>ἀνεῖλεν.</span> <span class='ocrx_word' id='word_1_550' title='bbox 2591 1591 2665 1644; x_wconf 83' lang='grc' dir='ltr'>Οὐ</span> <span class='ocrx_word' id='word_1_551' title='bbox 2706 1591 2814 1662; x_wconf 85' lang='grc' dir='ltr'>γὰρ</span> <span class='ocrx_word' id='word_1_552' title='bbox 2848 1590 2911 1660; x_wconf 84' lang='grc' dir='ltr'>δὴ</span> <span class='ocrx_word' id='word_1_553' title='bbox 2957 1592 3184 1653; x_wconf 87' lang='grc' dir='ltr'>ἐκεῖνος,</span> <span class='ocrx_word' id='word_1_554' title='bbox 3215 1589 3355 1660; x_wconf 81' lang='grc' dir='ltr'>ὑπὲρ</span> <span class='ocrx_word' id='word_1_555' title='bbox 3384 1584 3445 1643; x_wconf 76' lang='grc' dir='ltr'>οῦ</span> <span class='ocrx_word' id='word_1_556' title='bbox 3476 1587 3637 1641; x_wconf 89' lang='grc' dir='ltr'>τοῦτο</span> <span class='ocrx_word' id='word_1_557' title='bbox 3669 1587 3788 1656; x_wconf 79' lang='grc' dir='ltr'>ἐγέ·</span> 
     </span>
    </p>
   </div>
   <div class='ocr_carea' id='block_1_72' title="bbox 2195 1681 3783 1761">
    <p class='ocr_par' dir='ltr' id='par_1_72' title="bbox 2195 1681 3783 1761">
     <span class='ocr_line' id='line_1_72' title="bbox 2195 1681 3783 1761; baseline -0.003 -20"><span class='ocrx_word' id='word_1_558' title='bbox 2195 1706 2336 1752; x_wconf 86' lang='grc' dir='ltr'>νετο,</span> <span class='ocrx_word' id='word_1_559' title='bbox 2364 1691 2741 1761; x_wconf 83' lang='grc' dir='ltr'>κατεμήνυσεν</span> <span class='ocrx_word' id='word_1_560' title='bbox 2768 1683 2833 1744; x_wconf 73' lang='grc' dir='ltr'>ἂν</span> <span class='ocrx_word' id='word_1_561' title='bbox 2847 1688 3030 1753; x_wconf 72' lang='grc' dir='ltr'>αὑτὸν,</span> <span class='ocrx_word' id='word_1_562' title='bbox 3063 1689 3177 1742; x_wconf 86' lang='grc' dir='ltr'>ἀλλ’</span> <span class='ocrx_word' id='word_1_563' title='bbox 3207 1689 3290 1742; x_wconf 79' lang='grc' dir='ltr'>ὅτι</span> <span class='ocrx_word' id='word_1_564' title='bbox 3316 1688 3597 1755; x_wconf 85' lang='grc' dir='ltr'>συγγενεῖς</span> <span class='ocrx_word' id='word_1_565' title='bbox 3617 1681 3783 1756; x_wconf 82' lang='grc' dir='ltr'>ἦσαν,</span> 
     </span>
    </p>
   </div>
   <div class='ocr_carea' id='block_1_73' title="bbox 2197 1773 3785 1855">
    <p class='ocr_par' dir='ltr' id='par_1_73' title="bbox 2197 1773 3785 1855">
     <span class='ocr_line' id='line_1_73' title="bbox 2197 1773 3785 1855; baseline -0.003 -18"><span class='ocrx_word' id='word_1_566' title='bbox 2197 1785 2368 1855; x_wconf 78' lang='grc' dir='ltr'>φησὶ,</span> <span class='ocrx_word' id='word_1_567' title='bbox 2410 1784 2582 1838; x_wconf 88' lang='grc' dir='ltr'>ταῦτα</span> <span class='ocrx_word' id='word_1_568' title='bbox 2627 1780 2801 1838; x_wconf 72' lang='grc' dir='ltr'>εἶπεν.</span> <span class='ocrx_word' id='word_1_569' title='bbox 2846 1786 2973 1838; x_wconf 85' lang='grc' dir='ltr'>Ὅτε</span> <span class='ocrx_word' id='word_1_570' title='bbox 3024 1786 3287 1854; x_wconf 80' lang='grc' dir='ltr'>ἠδικεῖτο,</span> <span class='ocrx_word' id='word_1_571' title='bbox 3332 1773 3486 1836; x_wconf 82' lang='grc' dir='ltr'>οὐδὲν</span> <span class='ocrx_word' id='word_1_572' title='bbox 3537 1781 3785 1835; x_wconf 82' lang='grc' dir='ltr'>τοιοῦτον</span> 
     </span>
    </p>
   </div>
   <div class='ocr_carea' id='block_1_74' title="bbox 2194 1874 3786 1950">
    <p class='ocr_par' dir='ltr' id='par_1_74' title="bbox 2194 1874 3786 1950">
     <span class='ocr_line' id='line_1_74' title="bbox 2194 1874 3786 1950; baseline -0.001 -17"><span class='ocrx_word' id='word_1_573' title='bbox 2194 1880 2515 1950; x_wconf 83' lang='grc' dir='ltr'>ἐφθέγξατο,</span> <span class='ocrx_word' id='word_1_574' title='bbox 2553 1882 2650 1948; x_wconf 83' lang='grc' dir='ltr'>Τίς</span> <span class='ocrx_word' id='word_1_575' title='bbox 2681 1898 2755 1936; x_wconf 87' lang='grc' dir='ltr'>σε</span> <span class='ocrx_word' id='word_1_576' title='bbox 2798 1874 3179 1949; x_wconf 72' lang='grc' dir='ltr'>κατέστησεν</span> <span class='ocrx_word' id='word_1_577' title='bbox 3202 1882 3467 1949; x_wconf 78' lang='grc' dir='ltr'>ἄρχοντα</span> <span class='ocrx_word' id='word_1_578' title='bbox 3491 1879 3588 1933; x_wconf 81' lang='grc' dir='ltr'>καί</span> <span class='ocrx_word' id='word_1_579' title='bbox 3613 1878 3786 1932; x_wconf 81' lang='grc' dir='ltr'>δικα-</span> 
     </span>
    </p>
   </div>
   <div class='ocr_carea' id='block_1_75' title="bbox 2193 1966 3784 2048">
    <p class='ocr_par' dir='ltr' id='par_1_75' title="bbox 2193 1966 3784 2048">
     <span class='ocr_line' id='line_1_75' title="bbox 2193 1966 3784 2048; baseline -0.003 -16"><span class='ocrx_word' id='word_1_580' title='bbox 2193 1977 2354 2045; x_wconf 75' lang='grc' dir='ltr'>στὴν</span> <span class='ocrx_word' id='word_1_581' title='bbox 2380 1977 2472 2045; x_wconf 64' lang='grc' dir='ltr'>ἐφ’</span> <span class='ocrx_word' id='word_1_582' title='bbox 2499 1976 2700 2046; x_wconf 72' lang='grc' dir='ltr'>ἠμᾶςς</span> <span class='ocrx_word' id='word_1_583' title='bbox 2734 1977 2832 2031; x_wconf 77' lang='grc' dir='ltr'>Διά</span> <span class='ocrx_word' id='word_1_584' title='bbox 2883 1975 2936 2029; x_wconf 92' lang='grc' dir='ltr'>τί</span> <span class='ocrx_word' id='word_1_585' title='bbox 2986 1978 3060 2048; x_wconf 82' lang='grc' dir='ltr'>μὴ</span> <span class='ocrx_word' id='word_1_586' title='bbox 3101 1977 3231 2047; x_wconf 84' lang='grc' dir='ltr'>χθὲς</span> <span class='ocrx_word' id='word_1_587' title='bbox 3279 1970 3434 2039; x_wconf 84' lang='grc' dir='ltr'>εἶπες</span> <span class='ocrx_word' id='word_1_588' title='bbox 3477 1972 3673 2040; x_wconf 86' lang='grc' dir='ltr'>τοῦτο;</span> <span class='ocrx_word' id='word_1_589' title='bbox 3713 1966 3784 2027; x_wconf 78' lang='grc' dir='ltr'><strong>Ἡ</strong></span> 
     </span>
    </p>
   </div>
   <div class='ocr_carea' id='block_1_76' title="bbox 2194 2070 3783 2144">
    <p class='ocr_par' dir='ltr' id='par_1_76' title="bbox 2194 2070 3783 2144">
     <span class='ocr_line' id='line_1_76' title="bbox 2194 2070 3783 2144; baseline -0.003 -18"><span class='ocrx_word' id='word_1_590' title='bbox 2194 2072 2377 2127; x_wconf 86' lang='grc' dir='ltr'>ἀδικία</span> <span class='ocrx_word' id='word_1_591' title='bbox 2406 2076 2438 2143; x_wconf 82' lang='grc' dir='ltr'>ἡ</span> <span class='ocrx_word' id='word_1_592' title='bbox 2470 2072 2538 2144; x_wconf 80' lang='grc' dir='ltr'>σὴ</span> <span class='ocrx_word' id='word_1_593' title='bbox 2564 2074 2656 2126; x_wconf 79' lang='grc' dir='ltr'>καὶ</span> <span class='ocrx_word' id='word_1_594' title='bbox 2691 2074 2725 2143; x_wconf 73' lang='grc' dir='ltr'><strong>ἡ</strong></span> <span class='ocrx_word' id='word_1_595' title='bbox 2753 2073 2995 2143; x_wconf 80' lang='grc' dir='ltr'>ὠμότης,</span> <span class='ocrx_word' id='word_1_596' title='bbox 3021 2072 3206 2142; x_wconf 73' lang='grc' dir='ltr'>φησὶν,</span> <span class='ocrx_word' id='word_1_597' title='bbox 3247 2070 3386 2141; x_wconf 81' lang='grc' dir='ltr'>αὔτη</span> <span class='ocrx_word' id='word_1_598' title='bbox 3419 2088 3486 2142; x_wconf 86' lang='grc' dir='ltr'>με</span> <span class='ocrx_word' id='word_1_599' title='bbox 3509 2070 3783 2136; x_wconf 81' lang='grc' dir='ltr'>κατέστη-</span> 
     </span>
    </p>
   </div>
   <div class='ocr_carea' id='block_1_77' title="bbox 2196 2166 3785 2242">
    <p class='ocr_par' dir='ltr' id='par_1_77' title="bbox 2196 2166 3785 2242">
     <span class='ocr_line' id='line_1_77' title="bbox 2196 2166 3785 2242; baseline -0.003 -19"><span class='ocrx_word' id='word_1_600' title='bbox 2196 2188 2287 2224; x_wconf 91' lang='grc' dir='ltr'>σεν</span> <span class='ocrx_word' id='word_1_601' title='bbox 2314 2171 2551 2242; x_wconf 81' lang='grc' dir='ltr'>ἄρχοντα</span> <span class='ocrx_word' id='word_1_602' title='bbox 2577 2174 2672 2225; x_wconf 84' lang='grc' dir='ltr'>καὶ</span> <span class='ocrx_word' id='word_1_603' title='bbox 2701 2171 2986 2238; x_wconf 82' lang='grc' dir='ltr'>δικαστήν.</span> <span class='ocrx_word' id='word_1_604' title='bbox 3032 2169 3192 2222; x_wconf 81' lang='grc' dir='ltr'>Ἀλλά</span> <span class='ocrx_word' id='word_1_605' title='bbox 3221 2167 3315 2222; x_wconf 88' lang='grc' dir='ltr'>νῦν</span> <span class='ocrx_word' id='word_1_606' title='bbox 3356 2169 3457 2238; x_wconf 81' lang='grc' dir='ltr'>ὅρα</span> <span class='ocrx_word' id='word_1_607' title='bbox 3478 2169 3561 2222; x_wconf 87' lang='grc' dir='ltr'>ὄτι</span> <span class='ocrx_word' id='word_1_608' title='bbox 3586 2166 3785 2237; x_wconf 79' lang='grc' dir='ltr'>καὶτῷ</span> 
     </span>
    </p>
   </div>
   <div class='ocr_carea' id='block_1_78' title="bbox 2193 2260 3785 2339">
    <p class='ocr_par' dir='ltr' id='par_1_78' title="bbox 2193 2260 3785 2339">
     <span class='ocr_line' id='line_1_78' title="bbox 2193 2260 3785 2339; baseline -0.002 -18"><span class='ocrx_word' id='word_1_609' title='bbox 2193 2266 2311 2337; x_wconf 85' lang='grc' dir='ltr'>Θεῷ</span> <span class='ocrx_word' id='word_1_610' title='bbox 2358 2269 2531 2322; x_wconf 89' lang='grc' dir='ltr'>ταῦτα</span> <span class='ocrx_word' id='word_1_611' title='bbox 2560 2268 2777 2336; x_wconf 87' lang='grc' dir='ltr'>λέγουσί</span> <span class='ocrx_word' id='word_1_612' title='bbox 2809 2265 2924 2339; x_wconf 83' lang='grc'>[51]</span> <span class='ocrx_word' id='word_1_613' title='bbox 2949 2284 3111 2330; x_wconf 89' lang='grc' dir='ltr'>τινες.</span> <span class='ocrx_word' id='word_1_614' title='bbox 3157 2267 3245 2320; x_wconf 84' lang='grc' dir='ltr'>Ἐν</span> <span class='ocrx_word' id='word_1_615' title='bbox 3272 2260 3354 2329; x_wconf 79' lang='grc' dir='ltr'>οἷς</span> <span class='ocrx_word' id='word_1_616' title='bbox 3383 2266 3482 2337; x_wconf 85' lang='grc' dir='ltr'>μὲν</span> <span class='ocrx_word' id='word_1_617' title='bbox 3512 2265 3622 2336; x_wconf 84' lang='grc' dir='ltr'>γάρ</span> <span class='ocrx_word' id='word_1_618' title='bbox 3659 2265 3785 2319; x_wconf 66' lang='grc' dir='ltr'>ἀδίεέ</span> 
     </span>
    </p>
   </div>
   <div class='ocr_carea' id='block_1_79' title="bbox 2193 2359 3783 2434">
    <p class='ocr_par' dir='ltr' id='par_1_79' title="bbox 2193 2359 3783 2434">
     <span class='ocr_line' id='line_1_79' title="bbox 2193 2359 3783 2434; baseline -0.002 -16"><span class='ocrx_word' id='word_1_619' title='bbox 2193 2364 2434 2428; x_wconf 86' lang='grc' dir='ltr'>κοῦνται,</span> <span class='ocrx_word' id='word_1_620' title='bbox 2479 2365 2759 2434; x_wconf 86' lang='grc' dir='ltr'>βούλονται</span> <span class='ocrx_word' id='word_1_621' title='bbox 2800 2363 2961 2417; x_wconf 78' lang='grc' dir='ltr'>αὐτὸν</span> <span class='ocrx_word' id='word_1_622' title='bbox 3007 2359 3149 2416; x_wconf 78' lang='grc' dir='ltr'>εῖναι</span> <span class='ocrx_word' id='word_1_623' title='bbox 3202 2361 3454 2433; x_wconf 83' lang='grc' dir='ltr'>σφοδρὸν,</span> <span class='ocrx_word' id='word_1_624' title='bbox 3525 2362 3621 2416; x_wconf 64' lang='grc' dir='ltr'>καὶ</span> <span class='ocrx_word' id='word_1_625' title='bbox 3678 2362 3783 2428; x_wconf 79' lang='grc' dir='ltr'>τῆς</span> 
     </span>
    </p>
   </div>
   <div class='ocr_carea' id='block_1_80' title="bbox 2196 2459 3783 2532">
    <p class='ocr_par' dir='ltr' id='par_1_80' title="bbox 2196 2459 3783 2532">
     <span class='ocr_line' id='line_1_80' title="bbox 2196 2459 3783 2532; baseline 0 -18"><span class='ocrx_word' id='word_1_626' title='bbox 2196 2460 2581 2532; x_wconf 87' lang='grc' dir='ltr'>μακροθυμίας</span> <span class='ocrx_word' id='word_1_627' title='bbox 2617 2459 2782 2515; x_wconf 81' lang='grc' dir='ltr'>αὐτοῦ</span> <span class='ocrx_word' id='word_1_628' title='bbox 2828 2459 3229 2530; x_wconf 89' lang='grc' dir='ltr'>κατηγοροῦσιν</span> <span class='ocrx_word' id='word_1_629' title='bbox 3259 2475 3272 2489; x_wconf 93' lang='grc'><strong>·</strong></span> <span class='ocrx_word' id='word_1_630' title='bbox 3311 2460 3440 2512; x_wconf 83' lang='grc' dir='ltr'>ὅταν</span> <span class='ocrx_word' id='word_1_631' title='bbox 3484 2460 3542 2513; x_wconf 91' lang='grc' dir='ltr'>δέ</span> <span class='ocrx_word' id='word_1_632' title='bbox 3574 2460 3783 2514; x_wconf 65' lang='grc' dir='ltr'>ἀδικῶι</span> 
     </span>
    </p>
   </div>
   <div class='ocr_carea' id='block_1_81' title="bbox 2195 2554 3779 2627">
    <p class='ocr_par' dir='ltr' id='par_1_81' title="bbox 2195 2554 3779 2627">
     <span class='ocr_line' id='line_1_81' title="bbox 2195 2554 3779 2627; baseline 0 -18"><span class='ocrx_word' id='word_1_633' title='bbox 2195 2573 2302 2623; x_wconf 89' lang='grc' dir='ltr'>σιν,</span> <span class='ocrx_word' id='word_1_634' title='bbox 2325 2557 2529 2611; x_wconf 81' lang='grc' dir='ltr'>οὐκέτι.</span> <span class='ocrx_word' id='word_1_635' title='bbox 2576 2558 2618 2609; x_wconf 88' lang='grc' dir='ltr'>Τ</span> <span class='ocrx_word' id='word_1_636' title='bbox 2626 2558 2641 2610; x_wconf 93' lang='grc' dir='ltr'>ί</span> <span class='ocrx_word' id='word_1_637' title='bbox 2664 2556 2872 2610; x_wconf 85' lang='grc' dir='ltr'>τούτων</span> <span class='ocrx_word' id='word_1_638' title='bbox 2929 2554 3258 2625; x_wconf 88' lang='grc' dir='ltr'>πικρότερον</span> <span class='ocrx_word' id='word_1_639' title='bbox 3300 2554 3408 2607; x_wconf 87' lang='grc' dir='ltr'>τῶν</span> <span class='ocrx_word' id='word_1_640' title='bbox 3468 2555 3779 2627; x_wconf 70' lang='grc' dir='ltr'>ρημάτωνξ</span> 
     </span>
    </p>
   </div>
   <div class='ocr_carea' id='block_1_82' title="bbox 2206 2650 3786 2724">
    <p class='ocr_par' dir='ltr' id='par_1_82' title="bbox 2206 2650 3786 2724">
     <span class='ocr_line' id='line_1_82' title="bbox 2206 2650 3786 2724; baseline 0 -18"><span class='ocrx_word' id='word_1_641' title='bbox 2206 2651 2345 2706; x_wconf 78' lang='grc' dir='ltr'>Ἀλλ’</span> <span class='ocrx_word' id='word_1_642' title='bbox 2372 2654 2521 2724; x_wconf 71' lang='grc' dir='ltr'>ὅμως</span> <span class='ocrx_word' id='word_1_643' title='bbox 2556 2653 2695 2723; x_wconf 83' lang='grc' dir='ltr'>μετά</span> <span class='ocrx_word' id='word_1_644' title='bbox 2727 2653 2899 2706; x_wconf 90' lang='grc' dir='ltr'>ταῦτα</span> <span class='ocrx_word' id='word_1_645' title='bbox 2923 2653 3059 2722; x_wconf 83' lang='grc' dir='ltr'>πρὸς</span> <span class='ocrx_word' id='word_1_646' title='bbox 3090 2651 3217 2715; x_wconf 75' lang='grc' dir='ltr'>τοὺς</span> <span class='ocrx_word' id='word_1_647' title='bbox 3241 2650 3567 2722; x_wconf 80' lang='grc' dir='ltr'>ἀγνώμονας</span> <span class='ocrx_word' id='word_1_648' title='bbox 3588 2694 3604 2717; x_wconf 91' lang='grc'>,</span> <span class='ocrx_word' id='word_1_649' title='bbox 3641 2653 3786 2724; x_wconf 73' lang='grc' dir='ltr'>πρὸς</span> 
     </span>
    </p>
   </div>
   <div class='ocr_carea' id='block_1_83' title="bbox 2191 2747 3788 2821">
    <p class='ocr_par' dir='ltr' id='par_1_83' title="bbox 2191 2747 3788 2821">
     <span class='ocr_line' id='line_1_83' title="bbox 2191 2747 3788 2821; baseline -0.002 -17"><span class='ocrx_word' id='word_1_650' title='bbox 2191 2750 2318 2813; x_wconf 77' lang='grc' dir='ltr'>τοὺς</span> <span class='ocrx_word' id='word_1_651' title='bbox 2359 2750 2687 2821; x_wconf 83' lang='grc' dir='ltr'>ἀχαρίστους</span> <span class='ocrx_word' id='word_1_652' title='bbox 2727 2748 3082 2819; x_wconf 81' lang='grc' dir='ltr'>πεμπόμενος</span> <span class='ocrx_word' id='word_1_653' title='bbox 3108 2787 3123 2813; x_wconf 91' lang='grc'>,</span> <span class='ocrx_word' id='word_1_654' title='bbox 3159 2748 3383 2819; x_wconf 69' lang='grc' dir='ltr'>ἤρχετο,</span> <span class='ocrx_word' id='word_1_655' title='bbox 3407 2749 3500 2801; x_wconf 77' lang='grc' dir='ltr'>καὶ</span> <span class='ocrx_word' id='word_1_656' title='bbox 3533 2747 3634 2801; x_wconf 79' lang='grc' dir='ltr'>οὑκ</span> <span class='ocrx_word' id='word_1_657' title='bbox 3658 2749 3788 2801; x_wconf 82' lang='grc' dir='ltr'>ἀνε-</span> 
     </span>
    </p>
   </div>
   <div class='ocr_carea' id='block_1_84' title="bbox 2191 2843 3786 2915">
    <p class='ocr_par' dir='ltr' id='par_1_84' title="bbox 2191 2843 3786 2915">
     <span class='ocr_line' id='line_1_84' title="bbox 2191 2843 3786 2915; baseline -0.003 -14"><span class='ocrx_word' id='word_1_658' title='bbox 2191 2846 2370 2901; x_wconf 87' lang='grc' dir='ltr'>δύετο.</span> <span class='ocrx_word' id='word_1_659' title='bbox 2410 2846 2571 2899; x_wconf 79' lang='grc' dir='ltr'>Ἀλλά</span> <span class='ocrx_word' id='word_1_660' title='bbox 2625 2846 2722 2899; x_wconf 78' lang='grc' dir='ltr'>καὶ</span> <span class='ocrx_word' id='word_1_661' title='bbox 2760 2844 2897 2915; x_wconf 86' lang='grc' dir='ltr'>μετά</span> <span class='ocrx_word' id='word_1_662' title='bbox 2936 2843 3006 2897; x_wconf 83' lang='grc' dir='ltr'>τά</span> <span class='ocrx_word' id='word_1_663' title='bbox 3037 2845 3241 2914; x_wconf 86' lang='grc' dir='ltr'>σημεῖα</span> <span class='ocrx_word' id='word_1_664' title='bbox 3276 2844 3481 2906; x_wconf 85' lang='grc' dir='ltr'>ἐκεῖνα,</span> <span class='ocrx_word' id='word_1_665' title='bbox 3513 2844 3608 2897; x_wconf 72' lang='grc' dir='ltr'>καὶ</span> <span class='ocrx_word' id='word_1_666' title='bbox 3640 2844 3786 2913; x_wconf 65' lang='grc' dir='ltr'>μετὰ</span> 
     </span>
    </p>
   </div>
   <div class='ocr_carea' id='block_1_85' title="bbox 2189 2938 3786 3012">
    <p class='ocr_par' dir='ltr' id='par_1_85' title="bbox 2189 2938 3786 3012">
     <span class='ocr_line' id='line_1_85' title="bbox 2189 2938 3786 3012; baseline -0.001 -18"><span class='ocrx_word' id='word_1_667' title='bbox 2189 2943 2259 2995; x_wconf 79' lang='grc' dir='ltr'>τά</span> <span class='ocrx_word' id='word_1_668' title='bbox 2287 2941 2539 3012; x_wconf 87' lang='grc' dir='ltr'>θαύματα</span> <span class='ocrx_word' id='word_1_669' title='bbox 2566 2942 2631 2994; x_wconf 76' lang='grc' dir='ltr'>τά</span> <span class='ocrx_word' id='word_1_670' title='bbox 2659 2941 2726 2994; x_wconf 84' lang='grc' dir='ltr'>δι’</span> <span class='ocrx_word' id='word_1_671' title='bbox 2746 2938 2915 2993; x_wconf 77' lang='grc' dir='ltr'>αὑτοῦ</span> <span class='ocrx_word' id='word_1_672' title='bbox 2942 2940 3229 3010; x_wconf 86' lang='grc' dir='ltr'>γενόμενα,</span> <span class='ocrx_word' id='word_1_673' title='bbox 3257 2939 3592 2992; x_wconf 82' lang='grc' dir='ltr'>καταλεῦσαι</span> <span class='ocrx_word' id='word_1_674' title='bbox 3615 2939 3786 2993; x_wconf 78' lang='grc' dir='ltr'>αὐτὸν</span> 
     </span>
    </p>
   </div>
   <div class='ocr_carea' id='block_1_86' title="bbox 2192 3035 3783 3109">
    <p class='ocr_par' dir='ltr' id='par_1_86' title="bbox 2192 3035 3783 3109">
     <span class='ocr_line' id='line_1_86' title="bbox 2192 3035 3783 3109; baseline 0 -20"><span class='ocrx_word' id='word_1_675' title='bbox 2192 3036 2455 3100; x_wconf 79' lang='grc' dir='ltr'>πολλάκις</span> <span class='ocrx_word' id='word_1_676' title='bbox 2480 3037 2861 3109; x_wconf 76' lang='grc' dir='ltr'>ἐπεχείρησαν,</span> <span class='ocrx_word' id='word_1_677' title='bbox 2885 3038 2978 3090; x_wconf 79' lang='grc' dir='ltr'>καί</span> <span class='ocrx_word' id='word_1_678' title='bbox 3003 3036 3232 3104; x_wconf 82' lang='grc' dir='ltr'>ἐξέφυγε</span> <span class='ocrx_word' id='word_1_679' title='bbox 3250 3035 3350 3100; x_wconf 84' lang='grc' dir='ltr'>τάς</span> <span class='ocrx_word' id='word_1_680' title='bbox 3369 3038 3557 3107; x_wconf 88' lang='grc' dir='ltr'>χεῖρας</span> <span class='ocrx_word' id='word_1_681' title='bbox 3575 3036 3783 3091; x_wconf 74' lang='grc' dir='ltr'>αὐτῶνσ</span> 
     </span>
    </p>
   </div>
   <div class='ocr_carea' id='block_1_87' title="bbox 2192 3126 3778 3205">
    <p class='ocr_par' dir='ltr' id='par_1_87' title="bbox 2192 3126 3778 3205">
     <span class='ocr_line' id='line_1_87' title="bbox 2192 3126 3778 3205; baseline -0.001 -18"><span class='ocrx_word' id='word_1_682' title='bbox 2192 3135 2284 3187; x_wconf 72' lang='grc' dir='ltr'>καὶ</span> <span class='ocrx_word' id='word_1_683' title='bbox 2311 3132 2722 3203; x_wconf 73' lang='grc' dir='ltr'>κατεγόγγυζον</span> <span class='ocrx_word' id='word_1_684' title='bbox 2760 3133 3020 3205; x_wconf 64' lang='grc' dir='ltr'>συνεχῶς,</span> <span class='ocrx_word' id='word_1_685' title='bbox 3056 3130 3169 3187; x_wconf 83' lang='grc' dir='ltr'>ἀλλ’</span> <span class='ocrx_word' id='word_1_686' title='bbox 3192 3128 3343 3205; x_wconf 80' lang='grc' dir='ltr'>ὅμως</span> <span class='ocrx_word' id='word_1_687' title='bbox 3379 3126 3577 3197; x_wconf 80' lang='lat'><em>06106;</em></span> <span class='ocrx_word' id='word_1_688' title='bbox 3604 3133 3778 3195; x_wconf 72' lang='grc' dir='ltr'>οὕτως</span> 
     </span>
    </p>
   </div>
   <div class='ocr_carea' id='block_1_88' title="bbox 2191 3226 3785 3302">
    <p class='ocr_par' dir='ltr' id='par_1_88' title="bbox 2191 3226 3785 3302">
     <span class='ocr_line' id='line_1_88' title="bbox 2191 3226 3785 3302; baseline 0.001 -20"><span class='ocrx_word' id='word_1_689' title='bbox 2191 3227 2368 3298; x_wconf 85' lang='grc' dir='ltr'>ἐφίλει</span> <span class='ocrx_word' id='word_1_690' title='bbox 2418 3230 2616 3301; x_wconf 75' lang='grc' dir='ltr'>ἔρωτι,</span> <span class='ocrx_word' id='word_1_691' title='bbox 2660 3226 2733 3295; x_wconf 86' lang='grc' dir='ltr'>ὡς</span> <span class='ocrx_word' id='word_1_692' title='bbox 2777 3232 2952 3283; x_wconf 85' lang='grc' dir='ltr'>εἰπεῖν</span> <span class='ocrx_word' id='word_1_693' title='bbox 2996 3230 3133 3302; x_wconf 80' lang='grc' dir='ltr'>πρὸς</span> <span class='ocrx_word' id='word_1_694' title='bbox 3176 3229 3269 3283; x_wconf 80' lang='grc' dir='ltr'>τὸν</span> <span class='ocrx_word' id='word_1_695' title='bbox 3296 3228 3450 3296; x_wconf 82' lang='grc' dir='ltr'>Θεὸν,</span> <span class='ocrx_word' id='word_1_696' title='bbox 3486 3229 3649 3302; x_wconf 78' lang='grc' dir='ltr'>ἡνίκα</span> <span class='ocrx_word' id='word_1_697' title='bbox 3678 3230 3785 3301; x_wconf 75' lang='grc' dir='ltr'>τὴν</span> 
     </span>
    </p>
   </div>
   <div class='ocr_carea' id='block_1_89' title="bbox 2191 3327 3783 3400">
    <p class='ocr_par' dir='ltr' id='par_1_89' title="bbox 2191 3327 3783 3400">
     <span class='ocr_line' id='line_1_89' title="bbox 2191 3327 3783 3400; baseline -0.001 -19"><span class='ocrx_word' id='word_1_698' title='bbox 2191 3328 2469 3400; x_wconf 83' lang='grc' dir='ltr'>ἁμαρτίαν</span> <span class='ocrx_word' id='word_1_699' title='bbox 2500 3329 2717 3399; x_wconf 84' lang='grc' dir='ltr'>ἐκείνην</span> <span class='ocrx_word' id='word_1_700' title='bbox 2764 3327 2863 3398; x_wconf 85' lang='grc' dir='ltr'>τὴν</span> <span class='ocrx_word' id='word_1_701' title='bbox 2894 3327 3140 3399; x_wconf 79' lang='grc' dir='ltr'>χαλεπὴν</span> <span class='ocrx_word' id='word_1_702' title='bbox 3172 3329 3497 3397; x_wconf 88' lang='grc' dir='ltr'>εἰργάσαντο</span> <span class='ocrx_word' id='word_1_703' title='bbox 3522 3344 3536 3358; x_wconf 88' lang='grc'><strong>·</strong></span> <span class='ocrx_word' id='word_1_704' title='bbox 3560 3330 3632 3382; x_wconf 80' lang='lat' dir='ltr'>El</span> <span class='ocrx_word' id='word_1_705' title='bbox 3662 3329 3783 3397; x_wconf 80' lang='grc' dir='ltr'>μὲν</span> 
     </span>
    </p>
   </div>
   <div class='ocr_carea' id='block_1_90' title="bbox 2190 3422 3784 3493">
    <p class='ocr_par' dir='ltr' id='par_1_90' title="bbox 2190 3422 3784 3493">
     <span class='ocr_line' id='line_1_90' title="bbox 2190 3422 3784 3493; baseline -0.002 -15"><span class='ocrx_word' id='word_1_706' title='bbox 2190 3422 2354 3493; x_wconf 68' lang='grc' dir='ltr'>ἁφῆς</span> <span class='ocrx_word' id='word_1_707' title='bbox 2377 3423 2585 3489; x_wconf 79' lang='grc' dir='ltr'>αὐτοῖς</span> <span class='ocrx_word' id='word_1_708' title='bbox 2608 3423 2724 3493; x_wconf 75' lang='grc' dir='ltr'>τὴν</span> <span class='ocrx_word' id='word_1_709' title='bbox 2756 3424 3073 3493; x_wconf 80' lang='grc' dir='ltr'>ἁμαρτίαν,</span> <span class='ocrx_word' id='word_1_710' title='bbox 3103 3422 3253 3493; x_wconf 78' lang='grc' dir='ltr'>ἄφες</span> <span class='ocrx_word' id='word_1_711' title='bbox 3279 3440 3294 3455; x_wconf 85' lang='grc'><strong>·</strong></span> <span class='ocrx_word' id='word_1_712' title='bbox 3324 3425 3377 3477; x_wconf 84' lang='grc' dir='ltr'>εἰ</span> <span class='ocrx_word' id='word_1_713' title='bbox 3409 3423 3477 3477; x_wconf 85' lang='grc' dir='ltr'>δὲ</span> <span class='ocrx_word' id='word_1_714' title='bbox 3498 3422 3605 3493; x_wconf 78' lang='grc' dir='ltr'>μὴ,</span> <span class='ocrx_word' id='word_1_715' title='bbox 3625 3424 3784 3492; x_wconf 74' lang='grc' dir='ltr'>κάμὲ</span> 
     </span>
    </p>
   </div>
   <div class='ocr_carea' id='block_1_91' title="bbox 2188 3515 3789 3589">
    <p class='ocr_par' dir='ltr' id='par_1_91' title="bbox 2188 3515 3789 3589">
     <span class='ocr_line' id='line_1_91' title="bbox 2188 3515 3789 3589; baseline -0.002 -16"><span class='ocrx_word' id='word_1_716' title='bbox 2188 3519 2517 3588; x_wconf 59' lang='grc' dir='ltr'>ἐξωειψον</span> <span class='ocrx_word' id='word_1_717' title='bbox 2546 3520 2616 3573; x_wconf 85' lang='grc' dir='ltr'>ἐκ</span> <span class='ocrx_word' id='word_1_718' title='bbox 2654 3518 2765 3588; x_wconf 81' lang='grc' dir='ltr'>τῆς</span> <span class='ocrx_word' id='word_1_719' title='bbox 2784 3520 3009 3584; x_wconf 77' lang='grc' dir='ltr'>,ϐίϐλου</span> <span class='ocrx_word' id='word_1_720' title='bbox 3038 3515 3116 3589; x_wconf 83' lang='grc' dir='ltr'>ἧς</span> <span class='ocrx_word' id='word_1_721' title='bbox 3155 3520 3456 3589; x_wconf 73' lang='grc' dir='ltr'>ἔγραψας.</span> <span class='ocrx_word' id='word_1_722' title='bbox 3498 3518 3789 3589; x_wconf 77' lang='grc' dir='ltr'>Βούλομαι</span> 
     </span>
    </p>
   </div>
   <div class='ocr_carea' id='block_1_92' title="bbox 2192 3614 3770 3688">
    <p class='ocr_par' dir='ltr' id='par_1_92' title="bbox 2192 3614 3770 3688">
     <span class='ocr_line' id='line_1_92' title="bbox 2192 3614 3770 3688; baseline -0.001 -18"><span class='ocrx_word' id='word_1_723' title='bbox 2192 3618 2308 3688; x_wconf 86' lang='grc' dir='ltr'>μετ’</span> <span class='ocrx_word' id='word_1_724' title='bbox 2331 3618 2556 3670; x_wconf 87' lang='grc' dir='ltr'>ἐκείνων</span> <span class='ocrx_word' id='word_1_725' title='bbox 2581 3616 2901 3678; x_wconf 80' lang='grc' dir='ltr'>ἀπολέσθαι,</span> <span class='ocrx_word' id='word_1_726' title='bbox 2928 3615 3114 3684; x_wconf 75' lang='grc' dir='ltr'>φησὶν,</span> <span class='ocrx_word' id='word_1_727' title='bbox 3157 3614 3190 3687; x_wconf 72' lang='grc' dir='ltr'>ἢ</span> <span class='ocrx_word' id='word_1_728' title='bbox 3218 3615 3391 3688; x_wconf 81' lang='grc' dir='ltr'>χωρὶς</span> <span class='ocrx_word' id='word_1_729' title='bbox 3413 3618 3638 3669; x_wconf 82' lang='grc' dir='ltr'>ἐκείνων</span> <span class='ocrx_word' id='word_1_730' title='bbox 3670 3615 3770 3670; x_wconf 81' lang='grc' dir='ltr'>σῶ-</span> 
     </span>
    </p>
   </div>
   <div class='ocr_carea' id='block_1_93' title="bbox 2189 3710 3789 3783">
    <p class='ocr_par' dir='ltr' id='par_1_93' title="bbox 2189 3710 3789 3783">
     <span class='ocr_line' id='line_1_93' title="bbox 2189 3710 3789 3783; baseline 0.008 -19"><span class='ocrx_word' id='word_1_731' title='bbox 2189 3710 2617 3776; x_wconf 77' lang='grc' dir='ltr'>ζεσθαι.Ὅντως</span> <span class='ocrx_word' id='word_1_732' title='bbox 2658 3711 2846 3782; x_wconf 89' lang='grc' dir='ltr'>μανία,</span> <span class='ocrx_word' id='word_1_733' title='bbox 2868 3710 3038 3775; x_wconf 66' lang='grc' dir='ltr'>⁹όντως</span> <span class='ocrx_word' id='word_1_734' title='bbox 3059 3711 3201 3780; x_wconf 79' lang='grc' dir='ltr'>ἔρως</span> <span class='ocrx_word' id='word_1_735' title='bbox 3236 3712 3432 3783; x_wconf 80' lang='grc' dir='ltr'>μέγας.</span> <span class='ocrx_word' id='word_1_736' title='bbox 3468 3711 3533 3764; x_wconf 86' lang='grc' dir='ltr'>Τί</span> <span class='ocrx_word' id='word_1_737' title='bbox 3559 3711 3743 3780; x_wconf 81' lang='grc' dir='ltr'>λέγειῖ</span> <span class='ocrx_word' id='word_1_738' title='bbox 3764 3725 3789 3778; x_wconf 63' lang='grc' dir='ltr'>ι</span> 
     </span>
    </p>
   </div>
   <div class='ocr_carea' id='block_1_94' title="bbox 2188 3806 3785 3881">
    <p class='ocr_par' dir='ltr' id='par_1_94' title="bbox 2188 3806 3785 3881">
     <span class='ocr_line' id='line_1_94' title="bbox 2188 3806 3785 3881; baseline 0.001 -21"><span class='ocrx_word' id='word_1_739' title='bbox 2188 3806 2282 3860; x_wconf 90' lang='grc' dir='ltr'>τοῦ</span> <span class='ocrx_word' id='word_1_740' title='bbox 2334 3806 2567 3879; x_wconf 85' lang='grc' dir='ltr'>οὐρανοῦ</span> <span class='ocrx_word' id='word_1_741' title='bbox 2624 3809 3027 3876; x_wconf 88' lang='grc' dir='ltr'>καταφρονεῖς;</span> <span class='ocrx_word' id='word_1_742' title='bbox 3061 3807 3170 3863; x_wconf 75' lang='grc' dir='ltr'>Ναὶ</span> <span class='ocrx_word' id='word_1_743' title='bbox 3192 3850 3206 3875; x_wconf 91' lang='grc'>,</span> <span class='ocrx_word' id='word_1_744' title='bbox 3235 3807 3396 3881; x_wconf 79' lang='grc' dir='ltr'>φησί</span> <span class='ocrx_word' id='word_1_745' title='bbox 3430 3823 3445 3838; x_wconf 77' lang='grc' dir='ltr'><strong><em>ο</em></strong></span> <span class='ocrx_word' id='word_1_746' title='bbox 3471 3807 3612 3876; x_wconf 88' lang='grc' dir='ltr'>φιλῶ</span> <span class='ocrx_word' id='word_1_747' title='bbox 3669 3808 3785 3880; x_wconf 85' lang='grc' dir='ltr'>γὰρ</span> 
     </span>
    </p>
   </div>
   <div class='ocr_carea' id='block_1_95' title="bbox 2187 3908 3781 3981">
    <p class='ocr_par' dir='ltr' id='par_1_95' title="bbox 2187 3908 3781 3981">
     <span class='ocr_line' id='line_1_95' title="bbox 2187 3908 3781 3981; baseline -0.001 -18"><span class='ocrx_word' id='word_1_748' title='bbox 2187 3911 2314 3972; x_wconf 79' lang='grc' dir='ltr'>τοὺς</span> <span class='ocrx_word' id='word_1_749' title='bbox 2338 3909 2688 3980; x_wconf 77' lang='grc' dir='ltr'>ἠδικηκότας.</span> <span class='ocrx_word' id='word_1_750' title='bbox 2709 3908 3123 3981; x_wconf 82' lang='grc' dir='ltr'>Ἐξαλειφθῆναι</span> <span class='ocrx_word' id='word_1_751' title='bbox 3150 3910 3322 3974; x_wconf 80' lang='grc' dir='ltr'>αἰτεῖς</span> <span class='ocrx_word' id='word_1_752' title='bbox 3342 3927 3357 3976; x_wconf 88' lang='lat'><strong>;</strong></span> <span class='ocrx_word' id='word_1_753' title='bbox 3392 3910 3503 3964; x_wconf 81' lang='grc' dir='ltr'>Καὶ</span> <span class='ocrx_word' id='word_1_754' title='bbox 3526 3910 3579 3963; x_wconf 91' lang='grc' dir='ltr'>τί</span> <span class='ocrx_word' id='word_1_755' title='bbox 3597 3910 3781 3974; x_wconf 86' lang='grc' dir='ltr'>πάθω,</span> 
     </span>
    </p>
   </div>
   <div class='ocr_carea' id='block_1_96' title="bbox 2190 4000 3783 4073">
    <p class='ocr_par' dir='ltr' id='par_1_96' title="bbox 2190 4000 3783 4073">
     <span class='ocr_line' id='line_1_96' title="bbox 2190 4000 3783 4073; baseline 0 -19"><span class='ocrx_word' id='word_1_756' title='bbox 2190 4002 2354 4073; x_wconf 85' lang='grc' dir='ltr'>φησίν</span> <span class='ocrx_word' id='word_1_757' title='bbox 2378 4019 2393 4068; x_wconf 88' lang='grc'><strong>;</strong></span> <span class='ocrx_word' id='word_1_758' title='bbox 2417 4000 2556 4072; x_wconf 82' lang='grc' dir='ltr'>έρως</span> <span class='ocrx_word' id='word_1_759' title='bbox 2584 4002 2694 4071; x_wconf 86' lang='grc' dir='ltr'>γάρ</span> <span class='ocrx_word' id='word_1_760' title='bbox 2712 4004 2849 4057; x_wconf 77' lang='grc' dir='ltr'>ἐστι.</span> <span class='ocrx_word' id='word_1_761' title='bbox 2874 4003 2940 4055; x_wconf 88' lang='grc' dir='ltr'>Τί</span> <span class='ocrx_word' id='word_1_762' title='bbox 2969 4001 3027 4056; x_wconf 85' lang='grc' dir='ltr'>δέ</span> <span class='ocrx_word' id='word_1_763' title='bbox 3055 4002 3125 4055; x_wconf 82' lang='grc' dir='ltr'>τά</span> <span class='ocrx_word' id='word_1_764' title='bbox 3155 4002 3300 4072; x_wconf 86' lang='grc' dir='ltr'>μετά</span> <span class='ocrx_word' id='word_1_765' title='bbox 3321 4001 3499 4056; x_wconf 89' lang='grc' dir='ltr'>ταῦτα</span> <span class='ocrx_word' id='word_1_766' title='bbox 3523 4019 3538 4069; x_wconf 90' lang='lat'><strong>;</strong></span> <span class='ocrx_word' id='word_1_767' title='bbox 3571 4002 3783 4055; x_wconf 79' lang='grc' dir='ltr'>Ἀκου-</span> 
     </span>
    </p>
   </div>
   <div class='ocr_carea' id='block_1_97' title="bbox 2191 4096 3783 4171">
    <p class='ocr_par' dir='ltr' id='par_1_97' title="bbox 2191 4096 3783 4171">
     <span class='ocr_line' id='line_1_97' title="bbox 2191 4096 3783 4171; baseline 0 -19"><span class='ocrx_word' id='word_1_768' title='bbox 2191 4115 2283 4152; x_wconf 89' lang='grc' dir='ltr'>σον</span> <span class='ocrx_word' id='word_1_769' title='bbox 2319 4099 2372 4152; x_wconf 91' lang='grc' dir='ltr'>τί</span> <span class='ocrx_word' id='word_1_770' title='bbox 2400 4115 2567 4169; x_wconf 87' lang='grc' dir='ltr'>φησιν</span> <span class='ocrx_word' id='word_1_771' title='bbox 2596 4098 2825 4169; x_wconf 70' lang='grc' dir='ltr'>ἑτέρωθι</span> <span class='ocrx_word' id='word_1_772' title='bbox 2857 4096 2889 4170; x_wconf 82' lang='grc' dir='ltr'>ἡ</span> <span class='ocrx_word' id='word_1_773' title='bbox 2913 4098 3105 4171; x_wconf 87' lang='grc' dir='ltr'>Γραφή</span> <span class='ocrx_word' id='word_1_774' title='bbox 3124 4115 3140 4131; x_wconf 68' lang='grc' dir='ltr'>θ</span> <span class='ocrx_word' id='word_1_775' title='bbox 3177 4099 3286 4153; x_wconf 85' lang='grc' dir='ltr'>Καί</span> <span class='ocrx_word' id='word_1_776' title='bbox 3313 4098 3583 4169; x_wconf 80' lang='grc' dir='ltr'>ἐκακώθη</span> <span class='ocrx_word' id='word_1_777' title='bbox 3608 4101 3783 4153; x_wconf 62' lang='lat' dir='ltr'>M00-</span> 
     </span>
    </p>
   </div>
   <div class='ocr_carea' id='block_1_98' title="bbox 2188 4190 3783 4267">
    <p class='ocr_par' dir='ltr' id='par_1_98' title="bbox 2188 4190 3783 4267">
     <span class='ocr_line' id='line_1_98' title="bbox 2188 4190 3783 4267; baseline -0.001 -18"><span class='ocrx_word' id='word_1_778' title='bbox 2188 4190 2308 4264; x_wconf 87' lang='grc' dir='ltr'>σῆς</span> <span class='ocrx_word' id='word_1_779' title='bbox 2351 4193 2426 4247; x_wconf 75' lang='grc' dir='ltr'>δι’</span> <span class='ocrx_word' id='word_1_780' title='bbox 2464 4196 2707 4262; x_wconf 84' lang='grc' dir='ltr'>αὐτούς.</span> <span class='ocrx_word' id='word_1_781' title='bbox 2748 4194 2987 4259; x_wconf 87' lang='grc' dir='ltr'>ῐῙοσάκις</span> <span class='ocrx_word' id='word_1_782' title='bbox 3032 4190 3311 4267; x_wconf 79' lang='grc' dir='ltr'>ὕϐρισαν;</span> <span class='ocrx_word' id='word_1_783' title='bbox 3362 4195 3600 4259; x_wconf 87' lang='grc' dir='ltr'>ποσάκις</span> <span class='ocrx_word' id='word_1_784' title='bbox 3643 4195 3783 4248; x_wconf 87' lang='grc' dir='ltr'>άπε-</span> 
     </span>
    </p>
   </div>
   <div class='ocr_carea' id='block_1_99' title="bbox 2188 4290 3783 4365">
    <p class='ocr_par' dir='ltr' id='par_1_99' title="bbox 2188 4290 3783 4365">
     <span class='ocr_line' id='line_1_99' title="bbox 2188 4290 3783 4365; baseline -0.001 -19"><span class='ocrx_word' id='word_1_785' title='bbox 2188 4294 2580 4365; x_wconf 87' lang='grc' dir='ltr'>χειροτόνησαν</span> <span class='ocrx_word' id='word_1_786' title='bbox 2611 4291 2797 4356; x_wconf 82' lang='grc' dir='ltr'>αὐτὸν,</span> <span class='ocrx_word' id='word_1_787' title='bbox 2842 4292 2939 4345; x_wconf 68' lang='grc' dir='ltr'>καὶ</span> <span class='ocrx_word' id='word_1_788' title='bbox 2961 4291 3051 4345; x_wconf 81' lang='lat' dir='ltr'><em>16v</em></span> <span class='ocrx_word' id='word_1_789' title='bbox 3079 4291 3308 4361; x_wconf 84' lang='grc' dir='ltr'>ἀδελφόν</span> <span class='ocrx_word' id='word_1_790' title='bbox 3332 4309 3347 4358; x_wconf 89' lang='lat'><strong>;</strong></span> <span class='ocrx_word' id='word_1_791' title='bbox 3390 4292 3472 4357; x_wconf 86' lang='grc' dir='ltr'>εἰς</span> <span class='ocrx_word' id='word_1_792' title='bbox 3495 4290 3783 4360; x_wconf 73' lang='grc' dir='ltr'>Αἴγυπτον</span> 
     </span>
    </p>
   </div>
   <div class='ocr_carea' id='block_1_100' title="bbox 2189 4386 3779 4459">
    <p class='ocr_par' dir='ltr' id='par_1_100' title="bbox 2189 4386 3779 4459">
     <span class='ocr_line' id='line_1_100' title="bbox 2189 4386 3779 4459; baseline -0.003 -16"><span class='ocrx_word' id='word_1_793' title='bbox 2189 4391 2423 4455; x_wconf 85' lang='grc' dir='ltr'>ποσάκις</span> <span class='ocrx_word' id='word_1_794' title='bbox 2479 4390 2879 4459; x_wconf 84' lang='grc' dir='ltr'>μεταναστῆναι</span> <span class='ocrx_word' id='word_1_795' title='bbox 2931 4386 3207 4459; x_wconf 80' lang='grc' dir='ltr'>ἐζήτησαν</span> <span class='ocrx_word' id='word_1_796' title='bbox 3232 4405 3248 4454; x_wconf 88' lang='grc'>;</span> <span class='ocrx_word' id='word_1_797' title='bbox 3278 4388 3373 4442; x_wconf 80' lang='grc' dir='ltr'>καὶ</span> <span class='ocrx_word' id='word_1_798' title='bbox 3430 4386 3570 4459; x_wconf 83' lang='grc' dir='ltr'>μετὰ</span> <span class='ocrx_word' id='word_1_799' title='bbox 3597 4386 3779 4442; x_wconf 74' lang='grc' dir='ltr'>ταῦτα</span> 
     </span>
    </p>
   </div>
   <div class='ocr_carea' id='block_1_101' title="bbox 2189 4482 3781 4555">
    <p class='ocr_par' dir='ltr' id='par_1_101' title="bbox 2189 4482 3781 4555">
     <span class='ocr_line' id='line_1_101' title="bbox 2189 4482 3781 4555; baseline -0.003 -16"><span class='ocrx_word' id='word_1_800' title='bbox 2189 4487 2374 4541; x_wconf 88' lang='grc' dir='ltr'>πάντα</span> <span class='ocrx_word' id='word_1_801' title='bbox 2401 4485 2679 4551; x_wconf 81' lang='grc' dir='ltr'>ἐξεκαίετο</span> <span class='ocrx_word' id='word_1_802' title='bbox 2702 4484 2794 4538; x_wconf 80' lang='grc' dir='ltr'>καὶ</span> <span class='ocrx_word' id='word_1_803' title='bbox 2828 4484 3120 4555; x_wconf 88' lang='grc' dir='ltr'>ἐμεμήνει,</span> <span class='ocrx_word' id='word_1_804' title='bbox 3153 4484 3247 4537; x_wconf 79' lang='grc' dir='ltr'>καὶ</span> <span class='ocrx_word' id='word_1_805' title='bbox 3276 4483 3418 4554; x_wconf 80' lang='grc' dir='ltr'>ὑπὲρ</span> <span class='ocrx_word' id='word_1_806' title='bbox 3454 4482 3636 4536; x_wconf 81' lang='grc' dir='ltr'>αὐτῶν</span> <span class='ocrx_word' id='word_1_807' title='bbox 3667 4484 3781 4535; x_wconf 77' lang='grc' dir='ltr'>πά-</span> 
     </span>
    </p>
   </div>
   <div class='ocr_carea' id='block_1_102' title="bbox 2191 4576 3776 4653">
    <p class='ocr_par' dir='ltr' id='par_1_102' title="bbox 2191 4576 3776 4653">
     <span class='ocr_line' id='line_1_102' title="bbox 2191 4576 3776 4653; baseline -0.002 -17"><span class='ocrx_word' id='word_1_808' title='bbox 2191 4600 2338 4653; x_wconf 84' lang='grc' dir='ltr'>σχειν</span> <span class='ocrx_word' id='word_1_809' title='bbox 2375 4582 2591 4651; x_wconf 73' lang='grc' dir='ltr'>ἕτοιμος</span> <span class='ocrx_word' id='word_1_810' title='bbox 2612 4576 2702 4652; x_wconf 82' lang='grc' dir='ltr'>ἦν,</span> <span class='ocrx_word' id='word_1_811' title='bbox 2738 4579 2895 4635; x_wconf 83' lang='grc' dir='ltr'>Οὖτω</span> <span class='ocrx_word' id='word_1_812' title='bbox 2924 4580 3007 4634; x_wconf 88' lang='grc' dir='ltr'>δεῖ</span> <span class='ocrx_word' id='word_1_813' title='bbox 3035 4581 3212 4651; x_wconf 86' lang='grc' dir='ltr'>φιλεῖν</span> <span class='ocrx_word' id='word_1_814' title='bbox 3238 4580 3364 4645; x_wconf 81' lang='grc' dir='ltr'>τοὺς</span> <span class='ocrx_word' id='word_1_815' title='bbox 3397 4580 3645 4652; x_wconf 82' lang='grc' dir='ltr'>ἐχθροὺς,</span> <span class='ocrx_word' id='word_1_816' title='bbox 3676 4596 3741 4634; x_wconf 88' lang='grc' dir='ltr'>κο</span> <span class='ocrx_word' id='word_1_817' title='bbox 3760 4612 3776 4621; x_wconf 80' lang='grc' dir='ltr'><strong><em>ο</em></strong></span> 
     </span>
    </p>
   </div>
   <div class='ocr_carea' id='block_1_103' title="bbox 2190 4674 3778 4748">
    <p class='ocr_par' dir='ltr' id='par_1_103' title="bbox 2190 4674 3778 4748">
     <span class='ocr_line' id='line_1_103' title="bbox 2190 4674 3778 4748; baseline -0.001 -17"><span class='ocrx_word' id='word_1_818' title='bbox 2190 4677 2462 4748; x_wconf 86' lang='grc' dir='ltr'>πτόμενον</span> <span class='ocrx_word' id='word_1_819' title='bbox 2504 4676 2601 4730; x_wconf 78' lang='grc' dir='ltr'>καὶ</span> <span class='ocrx_word' id='word_1_820' title='bbox 2635 4675 3157 4748; x_wconf 88' lang='grc' dir='ltr'>ταλαιπωρούμενον</span> <span class='ocrx_word' id='word_1_821' title='bbox 3181 4677 3278 4730; x_wconf 78' lang='grc' dir='ltr'>καὶ</span> <span class='ocrx_word' id='word_1_822' title='bbox 3312 4676 3491 4730; x_wconf 88' lang='grc' dir='ltr'>πάντα</span> <span class='ocrx_word' id='word_1_823' title='bbox 3510 4674 3778 4729; x_wconf 79' lang='grc' dir='ltr'>ποιοῦντα</span> 
     </span>
    </p>
   </div>
   <div class='ocr_carea' id='block_1_104' title="bbox 2188 4771 3777 4843">
    <p class='ocr_par' dir='ltr' id='par_1_104' title="bbox 2188 4771 3777 4843">
     <span class='ocr_line' id='line_1_104' title="bbox 2188 4771 3777 4843; baseline -0.001 -17"><span class='ocrx_word' id='word_1_824' title='bbox 2188 4772 2283 4826; x_wconf 78' lang='grc' dir='ltr'>καὶ</span> <span class='ocrx_word' id='word_1_825' title='bbox 2312 4772 2703 4843; x_wconf 80' lang='grc' dir='ltr'>χωριζόμενον,</span> <span class='ocrx_word' id='word_1_826' title='bbox 2742 4772 2990 4840; x_wconf 89' lang='grc' dir='ltr'>ἐφίεσθαι</span> <span class='ocrx_word' id='word_1_827' title='bbox 3024 4773 3125 4843; x_wconf 88' lang='grc' dir='ltr'>τῆς</span> <span class='ocrx_word' id='word_1_828' title='bbox 3168 4772 3445 4843; x_wconf 89' lang='grc' dir='ltr'>σωτηρίας</span> <span class='ocrx_word' id='word_1_829' title='bbox 3483 4771 3686 4827; x_wconf 86' lang='grc' dir='ltr'>αὐτῶν.</span> <span class='ocrx_word' id='word_1_830' title='bbox 3706 4772 3777 4824; x_wconf 85' lang='grc' dir='ltr'>Τί</span> 
     </span>
    </p>
   </div>
   <div class='ocr_carea' id='block_1_105' title="bbox 2185 4867 3776 4939">
    <p class='ocr_par' dir='ltr' id='par_1_105' title="bbox 2185 4867 3776 4939">
     <span class='ocr_line' id='line_1_105' title="bbox 2185 4867 3776 4939; baseline 0 -18"><span class='ocrx_word' id='word_1_831' title='bbox 2185 4869 2244 4921; x_wconf 84' lang='grc' dir='ltr'>δέ</span> <span class='ocrx_word' id='word_1_832' title='bbox 2273 4870 2301 4922; x_wconf 93' lang='lat'>6</span> <span class='ocrx_word' id='word_1_833' title='bbox 2329 4867 2564 4934; x_wconf 89' lang='grc' dir='ltr'>Παῦλος,</span> <span class='ocrx_word' id='word_1_834' title='bbox 2599 4867 2723 4921; x_wconf 85' lang='grc' dir='ltr'>εἰπέ</span> <span class='ocrx_word' id='word_1_835' title='bbox 2767 4885 2881 4937; x_wconf 86' lang='grc' dir='ltr'>μοι,</span> <span class='ocrx_word' id='word_1_836' title='bbox 2903 4868 3024 4939; x_wconf 79' lang='grc' dir='ltr'>οὐχὶ</span> <span class='ocrx_word' id='word_1_837' title='bbox 3050 4869 3143 4921; x_wconf 72' lang='grc' dir='ltr'>καὶ</span> <span class='ocrx_word' id='word_1_838' title='bbox 3169 4867 3397 4937; x_wconf 84' lang='grc' dir='ltr'>γέενναν</span> <span class='ocrx_word' id='word_1_839' title='bbox 3424 4867 3628 4939; x_wconf 75' lang='grc' dir='ltr'>ᾔτησεν</span> <span class='ocrx_word' id='word_1_840' title='bbox 3651 4868 3776 4922; x_wconf 78' lang='grc' dir='ltr'>ἀντ’</span> 
     </span>
    </p>
   </div>
   <div class='ocr_carea' id='block_1_106' title="bbox 2188 4963 3774 5039">
    <p class='ocr_par' dir='ltr' id='par_1_106' title="bbox 2188 4963 3774 5039">
     <span class='ocr_line' id='line_1_106' title="bbox 2188 4963 3774 5039; baseline 0 -19"><span class='ocrx_word' id='word_1_841' title='bbox 2188 4963 2414 5033; x_wconf 74' lang='grc' dir='ltr'>αὑτῶνς</span> <span class='ocrx_word' id='word_1_842' title='bbox 2467 4964 2608 5019; x_wconf 77' lang='grc' dir='ltr'>Ἀλλ’</span> <span class='ocrx_word' id='word_1_843' title='bbox 2641 4964 2749 5020; x_wconf 86' lang='grc' dir='ltr'>ἀπὸ</span> <span class='ocrx_word' id='word_1_844' title='bbox 2808 4964 2902 5018; x_wconf 87' lang='grc' dir='ltr'>τοῦ</span> <span class='ocrx_word' id='word_1_845' title='bbox 2958 4964 3231 5018; x_wconf 89' lang='grc' dir='ltr'>Δεσπότου</span> <span class='ocrx_word' id='word_1_846' title='bbox 3287 4965 3349 5019; x_wconf 91' lang='lat'>16</span> <span class='ocrx_word' id='word_1_847' title='bbox 3417 4966 3774 5039; x_wconf 87' lang='grc' dir='ltr'>παράδειγμα</span> 
     </span>
    </p>
   </div>
   <div class='ocr_carea' id='block_1_107' title="bbox 2188 5058 3772 5134">
    <p class='ocr_par' dir='ltr' id='par_1_107' title="bbox 2188 5058 3772 5134">
     <span class='ocr_line' id='line_1_107' title="bbox 2188 5058 3772 5134; baseline 0 -17"><span class='ocrx_word' id='word_1_848' title='bbox 2188 5064 2487 5132; x_wconf 85' lang='grc' dir='ltr'>ἀναγκαῖον</span> <span class='ocrx_word' id='word_1_849' title='bbox 2527 5063 2783 5132; x_wconf 87' lang='grc' dir='ltr'>ἀγαγεῖν.</span> <span class='ocrx_word' id='word_1_850' title='bbox 2826 5058 2983 5115; x_wconf 77' lang='grc' dir='ltr'>Οὕτω</span> <span class='ocrx_word' id='word_1_851' title='bbox 3025 5062 3134 5134; x_wconf 83' lang='grc' dir='ltr'>γὰρ</span> <span class='ocrx_word' id='word_1_852' title='bbox 3165 5063 3262 5115; x_wconf 77' lang='grc' dir='ltr'>καὶ</span> <span class='ocrx_word' id='word_1_853' title='bbox 3296 5062 3459 5126; x_wconf 77' lang='grc' dir='ltr'>αὐτὸς</span> <span class='ocrx_word' id='word_1_854' title='bbox 3485 5065 3650 5128; x_wconf 88' lang='grc' dir='ltr'>ποιεῖ,</span> <span class='ocrx_word' id='word_1_855' title='bbox 3678 5062 3772 5117; x_wconf 84' lang='grc' dir='ltr'>λέ·-</span> 
     </span>
    </p>
   </div>
   <div class='ocr_carea' id='block_1_108' title="bbox 2186 5155 3775 5230">
    <p class='ocr_par' dir='ltr' id='par_1_108' title="bbox 2186 5155 3775 5230">
     <span class='ocr_line' id='line_1_108' title="bbox 2186 5155 3775 5230; baseline 0.001 -18"><span class='ocrx_word' id='word_1_856' title='bbox 2186 5176 2323 5230; x_wconf 86' lang='grc' dir='ltr'>γων,</span> <span class='ocrx_word' id='word_1_857' title='bbox 2352 5160 2433 5213; x_wconf 79' lang='grc' dir='ltr'>ὅτι</span> <span class='ocrx_word' id='word_1_858' title='bbox 2457 5159 2568 5214; x_wconf 82' lang='grc' dir='ltr'>Τὸν</span> <span class='ocrx_word' id='word_1_859' title='bbox 2604 5155 2783 5227; x_wconf 72' lang='grc' dir='ltr'>ἥλιον</span> <span class='ocrx_word' id='word_1_860' title='bbox 2802 5157 2990 5212; x_wconf 83' lang='grc' dir='ltr'>αὐτοῦ</span> <span class='ocrx_word' id='word_1_861' title='bbox 3002 5155 3321 5211; x_wconf 65' lang='grc' dir='ltr'>ἀνατέλλει</span> <span class='ocrx_word' id='word_1_862' title='bbox 3343 5158 3441 5212; x_wconf 77' lang='grc' dir='ltr'>ἐπὶ</span> <span class='ocrx_word' id='word_1_863' title='bbox 3465 5160 3775 5228; x_wconf 68' lang='grc' dir='ltr'>πονηροὺς⁴</span> 
     </span>
    </p>
   </div>
   <div class='ocr_carea' id='block_1_109' title="bbox 2187 5246 3774 5326">
    <p class='ocr_par' dir='ltr' id='par_1_109' title="bbox 2187 5246 3774 5326">
     <span class='ocr_line' id='line_1_109' title="bbox 2187 5246 3774 5326; baseline 0.001 -17"><span class='ocrx_word' id='word_1_864' title='bbox 2187 5255 2288 5310; x_wconf 80' lang='grc' dir='ltr'>καί</span> <span class='ocrx_word' id='word_1_865' title='bbox 2340 5256 2601 5326; x_wconf 80' lang='grc' dir='ltr'>ἀγαθούς</span> <span class='ocrx_word' id='word_1_866' title='bbox 2631 5271 2645 5285; x_wconf 73' lang='grc' dir='ltr'><strong>ο</strong></span> <span class='ocrx_word' id='word_1_867' title='bbox 2682 5248 2791 5307; x_wconf 75' lang='grc' dir='ltr'>ἀπὸ</span> <span class='ocrx_word' id='word_1_868' title='bbox 2826 5246 2920 5307; x_wconf 86' lang='grc' dir='ltr'>τοῦ</span> <span class='ocrx_word' id='word_1_869' title='bbox 2946 5246 3161 5325; x_wconf 71' lang='grc' dir='ltr'>Πατρός</span> <span class='ocrx_word' id='word_1_870' title='bbox 3190 5250 3358 5307; x_wconf 82' lang='grc' dir='ltr'>αὐτοῦ</span> <span class='ocrx_word' id='word_1_871' title='bbox 3384 5254 3564 5326; x_wconf 82' lang='grc' dir='ltr'>φέρων</span> <span class='ocrx_word' id='word_1_872' title='bbox 3589 5257 3647 5310; x_wconf 89' lang='lat'>16</span> <span class='ocrx_word' id='word_1_873' title='bbox 3666 5273 3774 5309; x_wconf 80' lang='lat'><em>110-</em></span> 
     </span>
    </p>
   </div>
   <div class='ocr_carea' id='block_1_110' title="bbox 2191 5348 3771 5426">
    <p class='ocr_par' dir='ltr' id='par_1_110' title="bbox 2191 5348 3771 5426">
     <span class='ocr_line' id='line_1_110' title="bbox 2191 5348 3771 5426; baseline -0.002 -18"><span class='ocrx_word' id='word_1_874' title='bbox 2191 5355 2481 5426; x_wconf 84' lang='grc' dir='ltr'>ράδειγμα,</span> <span class='ocrx_word' id='word_1_875' title='bbox 2528 5353 2692 5423; x_wconf 73' lang='grc' dir='ltr'>ἡμεῖς</span> <span class='ocrx_word' id='word_1_876' title='bbox 2734 5349 2792 5404; x_wconf 84' lang='grc' dir='ltr'>δέ</span> <span class='ocrx_word' id='word_1_877' title='bbox 2843 5350 3122 5404; x_wconf 77' lang='grc' dir='ltr'>ἀπἀύτοῦ</span> <span class='ocrx_word' id='word_1_878' title='bbox 3172 5350 3268 5404; x_wconf 91' lang='grc' dir='ltr'>τοῦ</span> <span class='ocrx_word' id='word_1_879' title='bbox 3324 5348 3771 5424; x_wconf 75' lang='grc' dir='ltr'>Χριστοῦ.ἾΙλΟε</span> 
     </span>
    </p>
   </div>
   <div class='ocr_carea' id='block_1_111' title="bbox 2189 5446 3773 5523">
    <p class='ocr_par' dir='ltr' id='par_1_111' title="bbox 2189 5446 3773 5523">
     <span class='ocr_line' id='line_1_111' title="bbox 2189 5446 3773 5523; baseline -0.001 -19"><span class='ocrx_word' id='word_1_880' title='bbox 2189 5450 2327 5523; x_wconf 81' lang='grc' dir='ltr'>πρὸς</span> <span class='ocrx_word' id='word_1_881' title='bbox 2348 5450 2568 5513; x_wconf 86' lang='grc' dir='ltr'>αὐτοὺς,</span> <span class='ocrx_word' id='word_1_882' title='bbox 2600 5447 2741 5501; x_wconf 87' lang='grc' dir='ltr'>κατά</span> <span class='ocrx_word' id='word_1_883' title='bbox 2768 5446 2865 5519; x_wconf 77' lang='grc' dir='ltr'>τὴν</span> <span class='ocrx_word' id='word_1_884' title='bbox 2890 5448 3203 5518; x_wconf 89' lang='grc' dir='ltr'>οίκονομίαν</span> <span class='ocrx_word' id='word_1_885' title='bbox 3237 5448 3401 5518; x_wconf 86' lang='grc' dir='ltr'>λέγω,</span> <span class='ocrx_word' id='word_1_886' title='bbox 3432 5448 3617 5513; x_wconf 89' lang='grc' dir='ltr'>δοῦλος</span> <span class='ocrx_word' id='word_1_887' title='bbox 3646 5450 3773 5518; x_wconf 72' lang='grc' dir='ltr'>ἐγέ-</span> 
     </span>
    </p>
   </div>
   <div class='ocr_carea' id='block_1_112' title="bbox 2189 5538 3772 5610">
    <p class='ocr_par' dir='ltr' id='par_1_112' title="bbox 2189 5538 3772 5610">
     <span class='ocr_line' id='line_1_112' title="bbox 2189 5538 3772 5610; baseline -0.004 -13"><span class='ocrx_word' id='word_1_888' title='bbox 2189 5559 2309 5597; x_wconf 89' lang='grc' dir='ltr'>νετο</span> <span class='ocrx_word' id='word_1_889' title='bbox 2339 5542 2406 5596; x_wconf 78' lang='grc' dir='ltr'>δι’</span> <span class='ocrx_word' id='word_1_890' title='bbox 2436 5541 2654 5603; x_wconf 80' lang='grc' dir='ltr'>αὐτοὺς,</span> <span class='ocrx_word' id='word_1_891' title='bbox 2687 5538 3051 5593; x_wconf 85' lang='grc' dir='ltr'>ἐταπείνωσεν</span> <span class='ocrx_word' id='word_1_892' title='bbox 3079 5539 3295 5605; x_wconf 78' lang='grc' dir='ltr'>ἐαυτὸν,</span> <span class='ocrx_word' id='word_1_893' title='bbox 3331 5540 3590 5604; x_wconf 81' lang='grc' dir='ltr'>ἐκένωσε,</span> <span class='ocrx_word' id='word_1_894' title='bbox 3634 5556 3772 5610; x_wconf 88' lang='grc' dir='ltr'>μορ-</span> 
     </span>
    </p>
   </div>
   <div class='ocr_carea' id='block_1_113' title="bbox 2187 5631 3762 5707">
    <p class='ocr_par' dir='ltr' id='par_1_113' title="bbox 2187 5631 3762 5707">
     <span class='ocr_line' id='line_1_113' title="bbox 2187 5631 3762 5707; baseline -0.003 -18"><span class='ocrx_word' id='word_1_895' title='bbox 2187 5635 2294 5707; x_wconf 80' lang='grc' dir='ltr'>φὴν</span> <span class='ocrx_word' id='word_1_896' title='bbox 2335 5633 2524 5687; x_wconf 88' lang='grc' dir='ltr'>δούλου</span> <span class='ocrx_word' id='word_1_897' title='bbox 2584 5631 2746 5687; x_wconf 70' lang='grc' dir='ltr'>ἔλαϐε</span> <span class='ocrx_word' id='word_1_898' title='bbox 2779 5646 2792 5659; x_wconf 93' lang='grc'>·</span> <span class='ocrx_word' id='word_1_899' title='bbox 2824 5632 2918 5685; x_wconf 75' lang='grc' dir='ltr'>καὶ</span> <span class='ocrx_word' id='word_1_900' title='bbox 2956 5633 3423 5705; x_wconf 81' lang='grc' dir='ltr'>παραγενόμενος.</span> <span class='ocrx_word' id='word_1_901' title='bbox 3447 5631 3570 5686; x_wconf 75' lang='grc' dir='ltr'>οὒτε</span> <span class='ocrx_word' id='word_1_902' title='bbox 3602 5632 3762 5696; x_wconf 80' lang='grc' dir='ltr'>αὐτὸ,</span> 
     </span>
    </p>
   </div>
   <div class='ocr_carea' id='block_1_114' title="bbox 2185 5721 3763 5794">
    <p class='ocr_par' dir='ltr' id='par_1_114' title="bbox 2185 5721 3763 5794">
     <span class='ocr_line' id='line_1_114' title="bbox 2185 5721 3763 5794; baseline -0.002 -15"><span class='ocrx_word' id='word_1_903' title='bbox 2185 5726 2266 5788; x_wconf 81' lang='grc' dir='ltr'>εἰς</span> <span class='ocrx_word' id='word_1_904' title='bbox 2329 5723 2447 5777; x_wconf 77' lang='lat' dir='ltr'><em>666v</em></span> <span class='ocrx_word' id='word_1_905' title='bbox 2497 5721 2668 5776; x_wconf 88' lang='grc' dir='ltr'>ἐθνῶν</span> <span class='ocrx_word' id='word_1_906' title='bbox 2715 5723 3014 5793; x_wconf 87' lang='grc' dir='ltr'>άπήρχετο,</span> <span class='ocrx_word' id='word_1_907' title='bbox 3041 5724 3136 5775; x_wconf 80' lang='grc' dir='ltr'>καὶ</span> <span class='ocrx_word' id='word_1_908' title='bbox 3159 5725 3271 5786; x_wconf 88' lang='grc' dir='ltr'>τοῖς</span> <span class='ocrx_word' id='word_1_909' title='bbox 3296 5723 3570 5794; x_wconf 88' lang='grc' dir='ltr'>μαθηταῖς</span> <span class='ocrx_word' id='word_1_910' title='bbox 3603 5723 3763 5777; x_wconf 82' lang='grc' dir='ltr'>τοῦτο</span> 
     </span>
    </p>
   </div>
   <div class='ocr_carea' id='block_1_115' title="bbox 2184 5811 3758 5887">
    <p class='ocr_par' dir='ltr' id='par_1_115' title="bbox 2184 5811 3758 5887">
     <span class='ocr_line' id='line_1_115' title="bbox 2184 5811 3758 5887; baseline -0.002 -17"><span class='ocrx_word' id='word_1_911' title='bbox 2184 5815 2449 5869; x_wconf 70' lang='grc' dir='ltr'>ἐπέταττε</span> <span class='ocrx_word' id='word_1_912' title='bbox 2485 5830 2499 5844; x_wconf 84' lang='grc'><em>’</em></span> <span class='ocrx_word' id='word_1_913' title='bbox 2524 5813 2620 5866; x_wconf 77' lang='grc' dir='ltr'>καὶ</span> <span class='ocrx_word' id='word_1_914' title='bbox 2662 5812 2722 5866; x_wconf 85' lang='lat'><em>06</em></span> <span class='ocrx_word' id='word_1_915' title='bbox 2760 5811 2919 5865; x_wconf 85' lang='grc' dir='ltr'>τοῦτο</span> <span class='ocrx_word' id='word_1_916' title='bbox 2961 5812 3144 5880; x_wconf 84' lang='grc' dir='ltr'>μόνον,</span> <span class='ocrx_word' id='word_1_917' title='bbox 3185 5813 3321 5867; x_wconf 73' lang='grc' dir='ltr'>ἀλλὰ</span> <span class='ocrx_word' id='word_1_918' title='bbox 3363 5816 3458 5868; x_wconf 78' lang='grc' dir='ltr'>καὶ</span> <span class='ocrx_word' id='word_1_919' title='bbox 3526 5816 3758 5887; x_wconf 68' lang='grc' dir='ltr'>περιῆγε</span> 
     </span>
    </p>
   </div>
   <div class='ocr_carea' id='block_1_116' title="bbox 2186 5904 3547 5977">
    <p class='ocr_par' dir='ltr' id='par_1_116' title="bbox 2186 5904 3547 5977">
     <span class='ocr_line' id='line_1_116' title="bbox 2186 5904 3547 5977; baseline 0.001 -17"><span class='ocrx_word' id='word_1_920' title='bbox 2186 5904 2505 5976; x_wconf 83' lang='grc' dir='ltr'>θεραπεύων</span> <span class='ocrx_word' id='word_1_921' title='bbox 2532 5904 2710 5957; x_wconf 75' lang='grc' dir='ltr'>πᾶσαν</span> <span class='ocrx_word' id='word_1_922' title='bbox 2734 5905 2887 5959; x_wconf 78' lang='grc' dir='ltr'>νόσον</span> <span class='ocrx_word' id='word_1_923' title='bbox 2908 5904 3000 5958; x_wconf 71' lang='grc' dir='ltr'>καὶ</span> <span class='ocrx_word' id='word_1_924' title='bbox 3042 5906 3221 5961; x_wconf 78' lang='grc' dir='ltr'>πᾶσαν</span> <span class='ocrx_word' id='word_1_925' title='bbox 3254 5906 3547 5977; x_wconf 84' lang='grc' dir='ltr'>μαλακίαν.</span> 
     </span>
    </p>
   </div>
  </div>
