4140 6494
234 382 243 395 “
308 406 372 460 ω
1225 402 1286 455 IN
1331 404 1543 458 Ei’lST.
1588 406 1678 459 AD
1723 404 1966 462 EPHES.
2010 408 2162 463 CAP.
2211 413 2308 470 lli.
2358 419 2585 473 litjMiL.
2634 421 2743 475 VII.
3540 436 3608 495 54

308 534 405 573 non
436 518 582 571 enim
614 517 717 570 hoc
745 516 932 570 fecerit
966 516 1056 584 qui
1089 524 1195 569 tam
1224 518 1388 581 multa
1417 527 1500 573 est
1525 530 1805 589 operatus.
1837 519 1893 573 Si

303 622 494 670 autem.
529 620 585 663 ut
611 608 785 663 discat
828 609 921 663 Dei
955 609 1257 673 caritatem,
1290 608 1458 664 Paulo
1485 626 1621 679 opus
1661 620 1744 665 est
1775 626 1896 680 pre-

302 704 504 756 catione
548 713 604 756 et
634 700 807 756 fulcro
851 701 1105 770 Spiritus,
1135 702 1257 772 quis
1284 701 1482 757 Christi
1530 703 1665 757 sciet
1710 719 1897 758 essen-

302 798 440 857 tiam,
473 808 705 861 sequens
729 791 1053 846 ratiocinia?
1081 793 1238 862 Atqui
1262 792 1554 848 difficilene
1579 804 1663 849 est
1686 794 1894 848 discere

298 884 432 953 (μιοὰ
474 885 619 938 Deus
649 898 748 938 nos
778 883 1007 953 diligat?
1039 884 1135 939 Est
1164 884 1456 938 admodum
1480 884 1715 951 difficile,
1755 901 1786 937 ο
1815 886 1893 939 di-

299 975 449 1031 lecte.
504 974 641 1030 Nam
688 976 777 1029 alii
820 975 1042 1045 quidem
1087 976 1248 1031 etiam
1292 976 1395 1030 hoc
1442 977 1712 1047 ignorant,
1753 977 1893 1032 unde

296 1072 446 1123 etiam
474 1068 664 1122 dicunt
708 1067 1125 1123 innumerabilia
1173 1069 1311 1122 mala
1358 1069 1489 1123 oriri
1523 1068 1724 1123 mundo
1756 1087 1768 1125 :
1801 1070 1889 1123 alii

296 1174 460 1215 autem
499 1161 752 1231 ignorant
777 1170 1063 1232 quantum.
1094 1161 1292 1215 Paulus
1337 1171 1516 1216 autem
1563 1177 1669 1215 non
1698 1163 1893 1231 quaerit

295 1266 562 1323 quantum,
598 1268 776 1322 neque
817 1264 874 1307 ut
901 1253 1253 1308 dimetiatur:
1284 1255 1558 1325 quomodo
1584 1256 1729 1309 enim
1766 1269 1892 1324 pos—

295 1345 403 1400 set?
425 1345 518 1400 sed
546 1344 694 1414 quod
733 1344 835 1399 hoc
859 1345 1035 1413 ipsum
1061 1344 1271 1401 discere
1296 1356 1377 1401 est
1400 1361 1671 1401 summmn
1693 1358 1747 1400 et
1778 1361 1892 1400 ma-

292 1454 441 1508 gnum
463 1456 475 1491 :
496 1437 700 1492 etdicit
724 1451 785 1492 se
810 1452 878 1492 ex
901 1437 1005 1492 hoc
1024 1438 1141 1507 ipso
1172 1452 1330 1507 posse
1361 1438 1668 1503 ostendere,
1696 1453 1889 1507 nempe

294 1546 353 1584 ex
380 1528 707 1598 cognitione,
722 1543 826 1597 qua
843 1543 941 1583 nos
955 1528 1157 1598 dignati
1172 1542 1376 1583 sumus.
1398 1528 1887 1599 Atquidestabun-

293 1621 488 1674 dantius
509 1634 671 1689 quam
693 1618 1435 1675 corroborari?Corroborari
1466 1623 1685 1684 virtute,
1707 1636 1888 1689 quem-

292 1712 561 1766 admodum
590 1712 759 1766 etiam
791 1711 1070 1767 Christum
1102 1713 1246 1766 intus
1276 1712 1479 1768 habere
1519 1713 1885 1767 abundantius

293 1816 383 1870 est,
422 1820 575 1874 quam
624 1804 951 1873 simpliciter
987 1820 1111 1859 eum
1142 1804 1361 1870 habere,
1396 1805 1433 1858 i.
1469 1820 1520 1859 e.
1567 1805 1887 1874 simpliciter

293 1912 402 1951 eum
427 1894 693 1965 profiteri.
719 1896 933 1966 Magna,
954 1896 1146 1966 inQuit,
1178 1906 1305 1951 sunt
1331 1913 1450 1968 qua:
1480 1907 1767 1969 petuntur;
1791 1898 1883 1952 sed

298 1989 388 2043 scit
405 1992 550 2043 etiam
582 1987 776 2044 facere
800 2004 925 2059 qua:
954 1989 1069 2059 ipsa
1098 2000 1377 2059 superant,
1412 1990 1550 2045 adeo
1574 1999 1631 2043 ut
1661 2005 1767 2045 non
1798 2004 1887 2045 so-

300 2080 392 2132 lum
418 2078 724 2149 diligamus,
754 2078 850 2134 sed
884 2080 1045 2134 etiam
1072 2079 1251 2137 valde.
1282 2080 1606 2136 Mcditemur
1634 2082 1816 2150 igitur,
1848 2094 1882 2136 0

293 2172 477 2236 dilecti,
526 2182 580 2226 ut
616 2171 718 2227 Dei
743 2172 1019 2226 discamus
1060 2172 1431 2227 dilectionem.
1471 2172 1584 2227 Hoc
1631 2188 1880 2243 magnum

291 2274 365 2317 est
390 2282 403 2317 :
432 2264 559 2317 nihil
586 2264 752 2319 nobis
777 2264 857 2319 sic
880 2263 1120 2334 prodeSt,
1149 2264 1280 2319 nihil
1304 2278 1403 2319 nos
1432 2265 1501 2319 ita
1533 2264 1877 2335 compnngit:

287 2354 379 2409 hoc
407 2355 571 2423 magis
597 2363 689 2409 cst
716 2363 906 2424 aptum
938 2363 993 2409 et
1018 2354 1294 2410 sufficiens
1321 2354 1388 2409 ad
1421 2366 1634 2410 nostras
1664 2357 1883 2430 capien-

282 2450 369 2501 das
402 2449 631 2510 animas,
665 2463 833 2518 quam
882 2459 1057 2503 metus
1093 2447 1380 2517 gehennaa.
1414 2446 1574 2503 Unde
1605 2463 1732 2501 vero
1777 2449 1879 2502 hoc

278 2541 537 2595 sciemus?
589 2542 659 2595 Et
707 2556 775 2596 ex
827 2541 892 2595 iis
921 2556 1042 2611 qum
1075 2541 1217 2596 dicta
1263 2549 1409 2606 sunt,
1463 2550 1515 2595 et
1547 2555 1612 2595 ex
1664 2541 1728 2595 iis
1758 2556 1878 2611 quae

273 2632 497 2701 quotidie
523 2633 805 2688 accidunt.
839 2633 1012 2699 Quam
1042 2632 1114 2689 ob
1136 2648 1354 2688 causam
1390 2633 1504 2687 haec
1539 2633 1675 2687 facta
1707 2633 1872 2688 sunt?

272 2725 386 2794 quid
412 2728 490 2781 eis
514 2727 623 2796 ipsi
650 2742 788 2796 opus
817 2726 954 2781 fuit?
975 2726 1138 2781 Nihil.
1170 2727 1295 2783 Sive
1317 2743 1555 2791 sursum,
1580 2729 1694 2781 sive
1716 2727 1875 2781 dcor-

269 2831 378 2870 sum
396 2828 642 2886 spectes,
663 2832 882 2872 causam
903 2832 1119 2888 semper
1139 2818 1288 2888 ponit
1303 2819 1614 2873 caritatem:
1641 2819 1873 2875 maxime

270 2924 435 2969 autem
482 2915 575 2969 illa
637 2923 720 2969 est
766 2914 985 2981 caritas,
1032 2913 1251 2984 quando
1296 2914 1497 2969 benefit
1543 2912 1872 2981 hominibus,

267 3023 378 3061 cum
410 3009 541 3064 nihil
574 3009 655 3062 ab
686 3010 765 3065 eis
796 3011 944 3078 prius
988 3009 1058 3062 sit
1097 3009 1398 3078 profectum
1434 3008 1703 3062 beneficii.
1736 3006 1872 3063 Eum

265 3117 385 3171 ergo
428 3116 526 3156 nos
567 3118 796 3172 quoque
840 3101 1137 3167 imitemur,
1179 3101 1578 3156 benefaciamus
1620 3100 1869 3166 inimicis,

266 3193 324 3246 iis
354 3195 439 3263 qui
488 3208 591 3248 nos
628 3193 883 3260 oderunt,
919 3192 984 3248 iis
1024 3193 1114 3263 qui
1146 3208 1248 3247 nos
1292 3203 1632 3256 aversantur,
1682 3190 1748 3245 ad
1780 3205 1873 3245 eos

263 3284 615 3339 accedamus:
656 3283 761 3338 hoc
810 3299 910 3339 nos
963 3284 1076 3339 Deo
1133 3282 1309 3339 reddit
1358 3284 1582 3338 similes.
1631 3281 1767 3338 Nam
1824 3283 1869 3338 si

262 3376 504 3441 amicum,
561 3375 764 3446 inquit,
815 3375 1030 3446 diligas,
1078 3375 1207 3445 quid
1261 3375 1386 3429 inde
1445 3374 1714 3428 lucraris?
1763 3373 1867 3428 hoc

260 3466 408 3520 etiam
436 3466 648 3521 faciunt
676 3466 882 3521 ethnici
910 3465 1125 3537 (Matth.
1154 3466 1208 3521 5.
1240 3466 1354 3536 46).
1386 3464 1490 3521 Sed
1518 3464 1657 3534 quod
1683 3472 1765 3517 est
1789 3464 1868 3518 in-

260 3558 443 3613 dicium
472 3559 770 3614 caritatis?
795 3559 1025 3628 Diligere
1046 3573 1167 3613 eum
1191 3558 1279 3626 qui
1304 3557 1501 3612 oderit.
1533 3555 1668 3609 Volo
1689 3555 1867 3609 dicere

260 3652 463 3721 aliquod
505 3652 869 3722 exemplum;
907 3652 1167 3721 ignoscite
1212 3651 1367 3719 mihi,
1412 3666 1518 3705 non
1552 3649 1769 3705 invenio
1812 3650 1863 3704 in

258 3746 629 3813 spiritualibus
660 3763 674 3799 :
703 3744 1055 3816 quamobrem
1104 3744 1277 3799 dicam
1327 3760 1394 3798 ex
1439 3744 1702 3799 externis.
1747 3742 1862 3796 Non

257 3837 436 3892 videtis
467 3833 1160 3907 eosquihicamant?quam
1176 3831 1643 3904 multisabiisquaa
1676 3848 1865 3887 aman-

257 3936 335 3980 tur
376 3927 751 3994 contumeliis,
801 3926 1032 3992 insidiis,
1077 3925 1290 3980 damnis
1337 3925 1446 3979 sint
1490 3925 1865 3982 affectizsunt

254 4020 387 4074 affixi
429 4030 645 4083 tamen,
683 4020 986 4089 ardentque
1038 4028 1095 4074 et
1133 4028 1384 4085 uruntur,
1436 4027 1491 4073 et
1543 4034 1635 4074 eas
1690 4019 1860 4089 magis

252 4123 422 4166 amant
460 4128 632 4183 quam
680 4126 806 4166 suas
851 4111 1082 4174 animas,
1118 4118 1499 4180 pernoctantes
1547 4111 1599 4165 in
1643 4111 1854 4165 illarum

252 4205 564 4259 vestibulis?
608 4204 763 4257 Illinc.
795 4202 1124 4272 accipiamus
1157 4201 1487 4279 exemplum,
1520 4215 1624 4256 non
1667 4210 1723 4257 ut
1769 4215 1862 4255 eas

250 4313 505 4363 amemus,
547 4296 893 4363 meretrices,
941 4296 1181 4366 inquam,
1227 4295 1323 4351 sed
1369 4303 1426 4349 ut
1472 4295 1541 4349 ita
1572 4294 1856 4364 diligamus

250 4382 512 4437 inimicos.
539 4382 681 4438 Nam
713 4382 800 4436 dic
821 4380 974 4446 mihi,
1001 4396 1109 4436 non
1131 4380 1578 4435 contumeliosius
1596 4381 1647 4436 in
1676 4395 1770 4434 eos
1801 4395 1860 4435 se

249 4486 433 4544 gerunt
471 4492 642 4546 quam
673 4490 869 4530 omnes
909 4474 1155 4531 inimici?
1196 4489 1304 4529 non
1334 4474 1599 4544 dissipant
1630 4474 1858 4529 faculta-

253 4570 365 4624 tes?
393 4586 504 4626 non
535 4572 592 4625 in
625 4585 690 4625 os
716 4569 1077 4624 contumelias
1105 4569 1376 4639 ingerunt,
1416 4577 1468 4623 et
1494 4568 1573 4624 eis
1606 4568 1857 4623 servilius

249 4661 509 4730 imperant
535 4676 700 4732 quam
723 4660 837 4715 suis
863 4659 1159 4715 ministris?
1180 4660 1288 4715 Sed
1319 4668 1498 4715 tamen
1528 4675 1634 4714 non
1667 4659 1857 4714 absce-

248 4750 391 4807 dunt.
422 4754 589 4823 Atqui
622 4752 802 4807 nullus
830 4752 989 4807 talem
1020 4752 1183 4806 habet
1208 4751 1421 4807 hostem
1453 4750 1669 4822 qualem
1702 4766 1855 4804 ama-

248 4854 325 4899 tor
367 4857 629 4901 amatam.
674 4844 828 4900 Illum
869 4845 1015 4901 enim
1047 4844 1364 4901 ludificatur
1410 4853 1465 4900 et
1503 4843 1855 4900 dissimulans

249 4938 444 5002 irridet.
485 4948 544 4995 et
593 4955 661 4994 eo
708 4953 853 5008 saepe
890 4938 1133 4993 abutitur
1178 4937 1376 5005 amica,
1422 4946 1478 4993 et
1520 4952 1631 5008 quo
1682 4938 1854 5008 magis

246 5039 470 5096 amatur,
511 5044 582 5085 eo
623 5029 794 5099 magis
821 5028 1070 5100 despicit.
1109 5029 1274 5100 Atqui
1318 5029 1493 5083 anima
1540 5029 1619 5083 sic
1663 5028 1852 5083 affecta

244 5120 363 5188 quid
400 5131 484 5176 est
538 5121 713 5191 magis
753 5119 1090 5175 belluinum?
1138 5118 1216 5175 Illi
1271 5131 1447 5176 tamen
1498 5128 1701 5176 autaut.
1746 5119 1855 5176 Sed

244 5210 467 5267 fortasse
498 5212 666 5267 etiam
694 5226 726 5266 e
753 5211 1125 5280 spiritualibus
1157 5211 1317 5267 talem
1348 5212 1686 5267 inveniemus
1716 5213 1855 5267 cari-

245 5311 424 5368 tatem,
474 5320 587 5358 non
633 5318 700 5357 ex
732 5304 798 5357 iis
840 5302 1060 5373 quidem
1104 5304 1195 5374 qui
1240 5320 1386 5359 nunc
1430 5314 1595 5369 sunt;
1644 5304 1885 5359 refrixit.

243 5399 418 5464 enim;
460 5397 562 5453 sed
606 5413 675 5453 ex
718 5397 824 5452 illis
864 5397 996 5453 viris
1036 5399 1244 5467 magnis
1283 5407 1337 5454 et
1378 5398 1718 5453 admirandis
1760 5400 1849 5470 qui

245 5487 456 5545 fuerunt
488 5491 644 5545 olim.

312 5582 367 5636 4.
401 5581 603 5636 Beatus
622 5582 714 5637 ille
731 5580 910 5637 Moses
927 5582 1025 5637 hos
1044 5597 1256 5654 quoque
1273 5584 1545 5653 superavit
1562 5584 1650 5653 qui
1669 5598 1852 5641 amore

245 5674 378 5742 capti
405 5683 614 5730 amant.
634 5674 955 5743 Quomodo?
976 5676 1214 5733 Primum
1232 5677 1447 5749 quidem
1472 5678 1658 5734 relicta
1680 5681 1846 5749 regia,

245 5773 294 5819 ct
316 5780 438 5835 quae
459 5765 569 5822 illic
590 5779 747 5822 erant
767 5767 998 5833 deliciis,
1030 5769 1326 5840 obsequiis,
1358 5770 1525 5841 gloria
1549 5780 1602 5826 et
1622 5772 1846 5839 honore,

245 5855 427 5914 maluit
450 5872 572 5915 esse
601 5874 726 5915 cum
758 5858 1034 5915 Israelitis.
1069 5861 1230 5932 Atqui
1265 5878 1373 5920 non
1409 5862 1513 5919 hoc
1544 5864 1715 5920 solum
1738 5880 1848 5922 non

563 5950 840 6013 PATROL.
888 5952 1006 6014 Gn.
1056 5953 1247 6018 LXII.

2010 524 2224 581 fecisset
2266 530 2526 599 quispiam
2564 534 2726 602 alius,
2761 538 2853 591 sed
2878 540 3036 592 etiam
3060 542 3367 599 erubuisset
3390 546 3496 601 alio
3519 564 3607 605 ar.

2002 626 2219 684 guente,
2234 622 2376 689 quod
2395 627 2728 694 apparuisset
2742 645 2862 682 eum
2882 646 3003 685 esse
3024 644 3310 702 cognatum
3326 651 3431 691 non
3451 639 3612 694 modo

2004 723 2305 779 servorum,
2345 716 2438 768 sed
2468 732 2652 771 eorum
2681 722 2767 789 qui
2798 723 2959 775 etiam
3001 725 3453 782 existimabantur
3486 746 3609 785 esse

2001 801 2237 855 scelesti.
2268 804 2398 859 Eum
2428 822 2559 862 vero
2580 825 2683 863 n0n
2710 814 2881 866 solum
2908 830 3013 868 non
3038 816 3224 884 puduit
3246 822 3605 891 cognationis,

2002 893 2094 946 sed
2120 895 2280 950 etiam
2305 909 2420 954 toto
2442 903 2627 957 animo
2648 920 2742 959 eos
2767 907 2911 961 ultus
2935 918 3038 974 est,
3074 920 3128 965 et
3148 926 3208 967 se
3233 927 3330 983 pro
3354 913 3458 970 illis
3478 930 3605 969 cnn-

2005 983 2126 1075 jccit
2146 985 2196 1040 in
2221 990 2476 1057 pericula.
2517 992 2841 1060 Quomodo?
2867 999 3083 1067 Videtis,
3105 1004 3293 1072 inquit,
3319 1008 3601 1075 quemdam

2003 1074 2284 1132 facientem
2313 1080 2584 1151 injuriam,
2610 1086 2753 1141 ultus
2771 1099 2852 1144 est
2871 1105 2992 1145 eum
3022 1093 3105 1146 cui
3134 1093 3294 1150 ﬁebat
3318 1074 3527 1165 injuria,
3552 1110 3605 1152 et

1999 1169 2196 1224 occidit
2216 1186 2339 1228 eum
2367 1176 2457 1244 qui
2492 1176 2777 1235 inferebat.
2807 1181 2913 1237 Sed
2943 1185 3182 1240 nondum
3211 1197 3336 1242 sunt
3362 1189 3476 1245 haec
3507 1207 3603 1259 pro

1999 1263 2230 1318 inimicis
2256 1283 2268 1319 :
2300 1282 2488 1338 magna
2513 1272 2725 1340 quidem
2751 1290 2836 1341 ea,
2859 1276 2951 1329 sed
2976 1292 3081 1331 non
3104 1287 3207 1333 tam
3232 1295 3423 1351 magna
3439 1299 3599 1353 quam

1995 1371 2116 1425 qua:
2149 1366 2329 1425 postea
2363 1358 2509 1416 fecit.
2548 1363 2802 1433 Sequenti
2836 1383 2963 1437 ergo
2991 1368 3079 1423 die
3108 1371 3237 1426 vidit
3268 1372 3409 1428 idem
3441 1373 3555 1429 fieri
3583 1417 3597 1441 ,

1995 1456 2047 1500 et
2075 1448 2222 1503 illutn
2256 1451 2443 1507 videns
2472 1453 2718 1524 injuriam
2753 1459 3031 1515 facientem
3058 1503 3072 1528 ,
3106 1480 3264 1532 quem
3298 1465 3440 1521 ultus
3480 1468 3599 1524 fue—

1994 1540 2193 1609 rat(a),
2218 1541 2497 1600 admonuit
2525 1557 2577 1601 ut
2605 1560 2848 1605 cessaret
2869 1552 3117 1622 injuriam
3148 1555 3325 1612 facere
3351 1576 3364 1611 :
3395 1558 3483 1613 illc
3504 1576 3597 1614 au-

1995 1641 2103 1685 tem
2125 1631 2417 1689 inhumano
2441 1637 2599 1705 plane
2620 1650 2675 1695 et
2697 1642 2904 1711 ingrato
2930 1646 3131 1711 animo,
3158 1646 3285 1711 Quis
3311 1660 3377 1714 te,
3404 1650 3594 1721 inquit,

1991 1724 2253 1777 constituit
2275 1728 2556 1799 principem
2578 1740 2624 1783 et
2636 1733 2866 1801 judicent
2887 1752 3041 1803 super
3060 1754 3151 1792 nos
3177 1738 3369 1808 (Exod.
3395 1741 3448 1796 2.
3474 1744 3597 1812 l4)?

1990 1813 2160 1879 Quem
2184 1832 2289 1871 non
2315 1817 2679 1876 incendissent
2705 1824 2818 1879 ha-e
2840 1826 3036 1880 verba?
3057 1828 3111 1883 Si
3134 1844 3263 1900 ergo
3283 1832 3423 1901 quod
3449 1834 3597 1903 prius

1991 1908 2189 1965 factum
2219 1922 2325 1980 est,
2356 1913 2555 1971 factum
2586 1927 2730 1974 esset
2753 1919 2929 1989 aliqua
2957 1922 3120 1975 animi
3152 1922 3517 1995 indignatione
3540 1938 3597 1982 et

1988 2002 2325 2073 oﬂ‘ensione,
2363 2007 2505 2064 hunc
2548 2025 2765 2081 quoque
2811 2014 3167 2082 percussisset
3210 2026 3265 2072 et
3301 2017 3371 2073 de
3415 2020 3595 2075 medio

1986 2097 2297 2154 sustulisset
2327 2117 2339 2152 :
2371 2116 2477 2155 non
2507 2103 2651 2157 enim
2685 2104 2793 2171 ille,
2822 2116 3043 2176 propter
3065 2124 3224 2178 quem
3255 2109 3455 2167 factum
3481 2111 3593 2169 fue-

1988 2196 2088 2252 rat,
2122 2204 2244 2244 eum
2274 2191 2580 2248 detulisset.
2609 2194 2715 2251 Sed
2744 2199 2996 2267 quoniam
3029 2201 3243 2270 cognati
3271 2214 3446 2269 crant,
3477 2204 3593 2260 ha-c

1984 2278 2131 2335 dicit.
2158 2281 2384 2349 Quando
2410 2286 2458 2339 ei
2483 2284 2646 2341 ﬁebat
2669 2287 2883 2357 injuria,
2910 2289 3041 2346 nihil
3072 2292 3179 2347 tale
3205 2302 3290 2347 est
3317 2295 3587 2365 loquutus,

1984 2376 2115 2441 Quis
2144 2386 2196 2430 te
2222 2378 2503 2432 constituit
2530 2379 2826 2450 principem
2870 2394 2925 2437 et
2959 2382 3196 2452 judicem
3244 2400 3407 2460 super
3453 2387 3591 2441 nos?

1983 2464 2090 2521 Cur
2118 2466 2222 2526 hoc
2250 2479 2305 2523 et
2338 2468 2452 2523 lteri
2498 2486 2607 2525 non
2649 2470 2876 2526 dixisti?
2907 2473 3103 2543 lnjuria
3137 2484 3224 2530 tua
3248 2518 3264 2543 ,
3299 2477 3503 2547 inquit,
3535 2489 3591 2537 et

1982 2561 2297 2629 crudelitas,
2328 2563 2443 2632 ipsa
2476 2580 2563 2620 me
2591 2566 2872 2620 constituit
2918 2568 3215 2639 principem
3246 2578 3300 2625 et
3324 2569 3587 2640 judicem.

1982 2652 2089 2707 Sed
2119 2669 2261 2710 nunc
2289 2656 2515 2711 observa
2544 2659 2685 2726 quod
2720 2659 2831 2713 Deo
2860 2675 3074 2730 quoque
3102 2662 3219 2716 hzec
3248 2662 3434 2720 dicunt
3464 2666 3585 2736 qui-

1981 2744 2127 2809 dam,
2154 2753 2212 2799 ut
2234 2746 2287 2801 in
2314 2762 2409 2801 eos
2436 2763 2464 2800 a
2495 2750 2689 2818 quibus
2716 2750 2908 2819 injuria
2934 2752 3248 2808 afficiuntur
3268 2757 3436 2812 velint
3459 2773 3582 2814 eum

1980 2852 2101 2893 esse
2126 2838 2524 2907 vehementem,
2553 2854 2609 2897 et
2648 2842 2767 2913 ejus
2791 2854 3048 2900 accusent
3094 2848 3370 2903 lenitatem
3400 2859 3455 2906 et
3485 2867 3583 2921 pa-

1981 2929 2219 2984 tientiam
2253 2948 2265 2985 :
2292 2932 2507 3000 quando
2528 2942 2707 2989 autem
2732 2934 2923 3004 injuria
2945 2936 3203 2999 afficiunt,
3230 2954 3335 2994 non
3366 2940 3575 2995 itidem.

1978 3022 2116 3089 Quid
2149 3023 2232 3079 his
2259 3024 2436 3080 verbis
2463 3027 2743 3082 amarius?
2771 3028 2876 3083 Sed
2910 3038 3086 3084 tamen
3110 3072 3125 3096 ,
3161 3046 3284 3086 cum
3317 3042 3440 3103 post
3466 3032 3583 3088 inre

1978 3115 2210 3170 mittitur
2237 3117 2303 3170 ad
2336 3118 2572 3188 ingratos
2600 3128 2655 3174 et
2686 3119 2931 3176 beneficii
2965 3121 3333 3190 immemores,
3357 3123 3500 3179 venit
3529 3135 3585 3179 et

1976 3221 2082 3259 non
2110 3207 2398 3261 recusavit.
2428 3207 2535 3264 Sed
2565 3221 2618 3265 et
2647 3219 2767 3281 post
2797 3211 2883 3265 illa
2916 3213 3066 3283 signa
3095 3224 3149 3268 et
3177 3223 3298 3284 post
3322 3216 3579 3271 miracula

1973 3311 2092 3364 quae
2118 3312 2214 3365 per
2241 3297 2413 3367 ipsum
2443 3298 2580 3353 facta
2613 3310 2771 3368 sunt,
2806 3317 2951 3371 saepe
2981 3318 3103 3358 eum
3131 3315 3259 3359 sunt
3287 3308 3464 3360 conati
3499 3307 3580 3362 la-

1974 3387 2185 3456 pidibus
2210 3390 2473 3456 obruere,
2505 3400 2561 3445 et
2601 3392 2772 3446 evasit
2802 3408 2833 3448 e
2860 3394 3110 3448 manibus
3138 3410 3327 3450 eorum
3358 3414 3373 3451 :
3407 3408 3461 3453 ct
3488 3413 3573 3452 as-

1973 3479 2126 3534 sidue
2152 3481 2559 3535 murmurabant
2588 3499 2603 3548 ;
2652 3483 2746 3537 sed
2777 3492 2956 3538 tamen
2989 3485 3110 3541 illos
3137 3500 3204 3541 eo
3233 3501 3420 3542 amore
3448 3503 3574 3557 pro-

1971 3573 2315 3642 sequebatur,
2341 3584 2396 3627 ut
2420 3575 2530 3629 Deo
2554 3575 2770 3641 dixerit,
2797 3593 2920 3633 cum
2948 3593 3113 3647 grave
3143 3580 3273 3635 illud
3298 3592 3575 3650 peccatum

1970 3664 2314 3719 admisissent
2342 3684 2352 3717 :
2386 3667 2448 3722 Si
2491 3679 2754 3736 peccatth
2800 3670 3003 3737 quidem
3043 3670 3298 3738 dimittas,
3330 3673 3527 3729 dimitte
3556 3692 3574 3728 :

1969 3758 2047 3811 sin
2073 3759 2258 3821 minus,
2282 3776 2361 3812 me
2378 3776 2574 3830 quoque
2599 3761 2710 3814 dele
2733 3777 2760 3815 e
2781 3761 2908 3816 libro
2935 3778 3080 3832 quem
3101 3765 3350 3835 scripsisti
3373 3765 3568 3841 (Ea-od.

1969 3851 2060 3906 32.
2098 3852 2187 3907 3i.
2238 3851 2353 3924 52).
2385 3853 2557 3919 Malo,
2590 3855 2795 3925 inquit,
2826 3872 2948 3911 eum
3001 3859 3108 3915 illis
3147 3861 3325 3930 perire
3349 3904 3364 3929 ,
3411 3878 3570 3933 quam

1968 3940 2173 4012 absque
2205 3943 2306 3997 illis
2335 3958 2457 3999 esse
2484 3945 2687 4000 salvus.
2733 3946 2813 4002 Re
2857 3963 2981 4003 vera
3029 3959 3112 4005 est
3142 3949 3293 4006 furor
3313 3994 3327 4017 ,
3358 3968 3417 4007 re
3446 3971 3573 4009 rer.-

1968 4047 2050 4091 est
2068 4052 2291 4108 magnus
2312 4053 2484 4094 amor.
2509 4040 2646 4108 Quid
2671 4041 2847 4097 dicis?
2867 4044 3057 4098 catlum
3083 4045 3351 4114 despicis?
3370 4047 3567 4114 Etiam,

1968 4131 2171 4201 inquit;
2205 4146 2301 4187 eos
2326 4132 2470 4188 enim
2501 4149 2624 4189 amo
2653 4135 2744 4205 qui
2777 4136 3018 4191 fecerunt
3061 4138 3333 4207 injuriam.
3387 4134 3566 4197 Deleri

1966 4224 2141 4294 petis?
2162 4224 2299 4293 Quid
2324 4225 2536 4293 faciam,
2568 4227 2776 4298 inquit?
2799 4239 2883 4284 est
2907 4232 3050 4285 enim
3076 4247 3248 4287 amor.
3273 4232 3410 4299 Quid
3439 4252 3569 4290 vero

1964 4332 2084 4385 quae
2115 4327 2299 4385 postea
2346 4328 2473 4372 sunt
2511 4321 2884 4389 consequuta?
2912 4321 3051 4376 Audi
3079 4323 3205 4393 quid
3251 4325 3377 4379 alibi
3421 4325 3568 4381 dicat

1964 4410 2240 4478 Scriptura
2276 4431 2287 4464 :
2324 4410 2387 4465 Et
2416 4413 2563 4466 malis
2589 4410 2805 4480 allectus
2831 4416 2928 4484 fuit
2958 4415 3126 4470 Moses
3171 4428 3379 4488 prapter
3422 4420 3566 4489 ipsos

1965 4502 2135 4573 (I’sal.
2164 4505 2287 4559 105.
2312 4504 2429 4575 ⁸52).
2455 4506 2678 4574 Quoties
2705 4523 2826 4562 eum
2855 4509 3201 4565 contumeliis
3228 4508 3566 4567 affecerunt?

1962 4596 2174 4665 quoties
2215 4596 2578 4652 destituerunt
2621 4599 2774 4653 illum
2804 4609 2859 4654 et
2890 4598 3149 4655 fratrem?
3174 4602 3386 4672 quoties
3412 4618 3563 4675 quaa-

1914 4735 1918 4740 .
1961 4688 2167 4742 sierunt
2198 4688 2375 4743 redire
2422 4688 2473 4743 in
2520 4689 2857 4761 Egyptum?
2882 4702 2936 4747 et
2963 4702 3084 4763 post
3116 4693 3230 4749 lucc
3257 4696 3434 4751 omnia
3460 4712 3560 4750 ex-

1960 4780 2321 4836 candescebat
2348 4792 2403 4836 et
2433 4781 2673 4848 furebat,
2704 4793 2759 4840 et
2788 4801 2885 4855 pro
2917 4787 3046 4855 ipsis
3089 4789 3296 4857 perpeti
3324 4799 3440 4844 erat
3465 4806 3560 4860 pa-

1960 4882 2112 4928 ratus
2142 4891 2154 4926 :
2189 4874 2268 4928 sic
2312 4883 2524 4943 oportet
2568 4875 2793 4947 diligere
2845 4878 3126 4943 inimicos;
3174 4881 3466 4936 laceratum
3507 4894 3563 4937 et

1960 4966 2218 5023 afﬂictum
2245 4983 2307 5022 ac
2335 4968 2463 5021 nihil
2487 4984 2594 5023 non
2619 4970 2899 5025 facientem
2928 4981 2983 5026 et
3011 4983 3337 5041 separatum,
3368 4975 3557 5029 horum

1960 5057 2271 5114 desiderare
2292 5058 2547 5117 salutem.
2575 5060 2711 5127 Quid
2736 5076 2884 5126 vero,
2904 5061 2991 5115 dic
3014 5062 3163 5126 mihi,
3187 5063 3427 5117 Paulus?
3450 5080 3556 5119 non

1960 5150 2120 5206 etiam
2152 5164 2250 5219 pro
2270 5149 2399 5220 ipsis
2425 5150 2578 5220 petiit
2597 5152 2941 5221 gehennam?
2969 5154 3074 5208 Sed
3096 5156 3163 5208 ab
3188 5156 3303 5223 ipso
3334 5155 3561 5210 Domino

1960 5257 2184 5299 necesse
2226 5252 2310 5298 est
2351 5242 2622 5299 adducere
2650 5246 2998 5315 exemplum:
3036 5263 3156 5301 nam
3202 5248 3316 5316 ipse
3347 5264 3563 5320 quoque

1960 5336 2039 5392 sic
2071 5334 2235 5401 facit,
2268 5336 2452 5390 dicens
2485 5353 2497 5389 :
2535 5335 2709 5390 Solem
2737 5355 2886 5389 suum
2918 5339 3039 5391 oriri
3072 5338 3194 5408 facit
3224 5355 3376 5409 super
3405 5340 3562 5395 bonos

1959 5440 2007 5484 et
2036 5430 2200 5484 malos
2226 5431 2244 5499 (
2268 5428 2454 5485 Matth.
2487 5430 2541 5485 5.
2570 5432 2698 5501 45),
2729 5447 2767 5485 ειέ
2788 5432 2945 5486 Patre
2966 5446 3065 5486 suo
3090 5432 3403 5501 exemplum
3431 5433 3562 5489 affe-

1959 5541 2085 5581 rens
2109 5542 2124 5590 ;
2158 5538 2256 5579 nos
2282 5534 2458 5578 autem
2486 5524 2552 5577 ab
2582 5526 2698 5595 ipso
2723 5526 2957 5581 Christo.
3003 5526 3161 5601 Venit
3188 5526 3254 5582 ad
3284 5527 3430 5595 ipsos
3450 5570 3468 5598 ,
3496 5545 3565 5585 ex

2022 5686 2096 5749 (α)
2131 5693 2230 5735 Non
2254 5685 2372 5735 dicit
2394 5685 2935 5751 SeriptnragHebraeum
2974 5685 3109 5751 illum
3130 5724 3145 5747 ,
3170 5689 3252 5751 qui
3276 5698 3564 5751 monentem

1957 5762 2014 5799 se
2032 5747 2237 5814 alcysem
2260 5761 2369 5814 cum
2403 5747 2700 5814 itnproperig
2724 5747 2930 5814 repulit,
2944 5750 3171 5814 eumdem
3187 5747 3364 5814 'ipsum
3383 5750 3560 5810 fuisse,
3602 5771 3606 5776 ’

1957 5808 2580 5877 quem'zEg-yptiusinjuria
2620 5808 2873 5877 affecerat.
2901 5811 3002 5862 Sed
3025 5808 3334 5866 concionans
3361 5808 3566 5877 Ωιιηέιὲ

1960 5871 2148 5925 atomus
2170 5871 2429 5940 aliquando
2452 5871 2687 5923 memoria
2716 5871 2911 5927 labitur.
