4140 6544
529 440 597 495 55
1233 433 1290 487 S.
1330 426 1606 484 JOANNIS
1628 420 2103 479 CHRYSOSTOMI
2131 419 2451 475 ARCHIEP.
2481 421 3012 479 CONSTANTINOP.
3738 431 3801 486 sit

530 546 930 617 dispensatione
950 586 966 610 ,
994 545 1207 613 inquam
1224 550 1491 611 ,-propter
1522 540 1666 607 ipsos
1692 537 1863 591 factus
1890 543 1975 589 est
1998 548 2114 588 ser-

528 656 646 706 vus,
677 640 914 708 seipsum
962 635 1260 690 humiliavit
1287 676 1302 698 ,
1335 634 1647 695 evacuavit,
1699 631 1926 687 formam
1973 627 2116 682 servi

528 733 735 802 accepit
764 750 778 787 :
808 739 1006 786 etcum
1033 728 1358 790 advenisset,
1392 741 1569 795 neque
1600 727 1714 794 ipse
1737 723 1869 779 abiit
1894 724 1945 777 in
1974 723 2115 775 viam

528 826 787 893 gentium,
811 830 867 876 et
891 822 992 876 hoc
1018 819 1301 889 imperavit
1321 816 1598 886 discipulis
1624 834 1638 870 :
1666 830 1765 871 nec
1790 814 1892 871 hoc
1916 813 2112 878 solum,

529 916 623 971 sed
653 923 708 969 et
735 912 983 969 cireuivit
1027 926 1244 967 omnem
1288 909 1533 965 morbum
1565 920 1764 962 curans
1809 914 1864 961 et
1901 919 2115 959 omnem

531 1003 919 1069 a‘gritndinem.

602 1095 845 1147 Inimicos
874 1091 1128 1162 quomodo
1158 1089 1369 1162 diligere
1406 1097 1652 1160 oporteat.
1681 1118 1751 1127 —
1775 1085 1914 1153 Quid
1942 1085 2115 1155 ergo?

530 1186 631 1241 Alii
653 1198 841 1240 omnes
865 1183 1155 1253 stupebant
1188 1191 1241 1236 et
1268 1180 1693 1243 admirabantur,
1726 1188 1782 1234 et
1818 1177 2070 1233 dicebam
2098 1196 2110 1230 :

536 1275 802 1329 lindenam
829 1276 873 1329 ei
894 1275 1002 1329 hac
1030 1275 1160 1341 ﬁunt
1190 1272 1407 1342 (Matth.
1440 1272 1526 1325 15.
1558 1271 1688 1339 56)?
1715 1270 1749 1323 ii
1774 1278 1952 1325 autem
1979 1283 2115 1337 quos

528 1366 796 1422 alliciebat
821 1365 1117 1428 beneﬁciis,
1138 1363 1405 1429 dicebant,
1435 1361 1748 1416 Dtemonium
1765 1361 1910 1415 habet
1932 1358 2111 1432 (Joan.

530 1461 617 1516 10.
645 1459 760 1532 20),
792 1468 845 1514 et
863 1459 1191 1528 blaspltemal
1220 1469 1272 1512 et
1304 1457 1500 1512 insanit
1528 1466 1583 1510 et
1610 1466 1693 1510 est
1717 1455 1907 1523 planus
1935 1463 1989 1509 et
2018 1452 2115 1508 de-

527 1560 716 1620 eeptor
743 1550 954 1623 (Matth.
978 1549 1032 1605 9.
1063 1550 1115 1604 5.
1144 1557 1191 1603 et
1219 1548 1307 1603 27.
1331 1547 1444 1617 65).
1474 1545 1736 1617 Numquid
1758 1560 1889 1615 ergo
1914 1559 2009 1601 eos
2028 1558 2115 1600 re-

527 1646 695 1716 pulit?
724 1644 1092 1714 Nequaquam,
1136 1641 1231 1697 sed
1280 1655 1376 1696 eos
1412 1638 1707 1709 majoribus
1735 1638 1914 1693 aﬂ‘ecit
1943 1636 2111 1692 bene-

528 1735 664 1790 ficiis
695 1735 810 1789 haec
837 1733 1081 1798 audiens,
1112 1741 1168 1787 et
1187 1732 1315 1787 abiit
1344 1729 1413 1784 ad
1439 1745 1533 1786 eos
1549 1729 1638 1800 qui
1669 1729 1843 1798 ipsum
1873 1736 2029 1784 erant
2056 1727 2110 1782 in

525 1841 741 1882 crucem
769 1824 976 1889 acturi,
1006 1833 1067 1879 ut
1095 1838 1191 1878 eos
1219 1821 1398 1877 salvos
1451 1820 1670 1878 laceret.
1704 1819 1774 1874 Et
1828 1826 2110 1889 postquam

526 1919 620 1973 luit
656 1917 968 1981 cruciﬁxus,
1016 1916 1142 1985 quid
1185 1913 1360 1970 dicit?
1410 1912 1798 1980 Pater,dimitte
1823 1910 1967 1975 illis;
2008 1924 2112 1964 non

524 2011 656 2064 enim
682 2008 847 2062 sciunt
873 2007 995 2078 quid
1011 2007 1204 2076 faciunt
1236 2005 1383 2076 (Luc.
1408 2004 1499 2061 23.
1526 2004 1641 2074 54).
1684 2003 1753 2058 Et
1776 2011 1932 2058 antea
1972 2002 2111 2057 male

523 2115 732 2169 passus,
765 2108 817 2154 et
842 2108 1024 2169 postea
1081 2097 1223 2152 male
1251 2111 1460 2166 passus,
1497 2096 1563 2150 ad
1602 2103 1909 2151 extremum
1939 2108 2109 2164 usque

522 2192 766 2259 Spiritum
812 2206 908 2259 pro
937 2188 1064 2257 ipsis
1113 2187 1292 2241 omnia
1322 2188 1547 2257 agebat,
1577 2200 1679 2255 pro
1723 2185 1857 2256 ipsis
1894 2186 2105 2241 oruliat.

521 2283 586 2338 Et
610 2291 732 2351 post
762 2296 977 2336 crucem
1009 2278 1138 2350 quid
1170 2293 1277 2334 non
1308 2293 1407 2349 pro
1437 2278 1520 2335 eis
1545 2277 1711 2336 fecit?
1736 2292 1914 2335 nonne
1963 2279 2108 2333 misit

2222 536 2541 603 apostolos?
2585 551 2688 588 non
2729 537 2877 605 signa
2911 536 3072 591 fecit?
3103 552 3208 591 non
3251 538 3460 606 quidvis
3492 543 3692 595 movit?
3717 546 3801 596 Sir.

2221 633 2432 695 oportet
2460 624 2684 694 diligere
2725 626 2990 693 inimicos,
3026 628 3105 682 sic
3150 627 3346 682 imitari
3369 627 3663 686 Christum.
3717 635 3800 687 Sir
3845 638 3849 643 '

2223 714 2346 767 fecit
2373 714 2568 770 Paulus
2594 733 2606 767 :
2638 715 2903 785 lapidibus
2932 718 3219 786 appetitus,
3275 735 3463 789 passus
3496 721 3802 778 innumera-

2220 806 2365 867 bilia.
2397 822 2495 878 pro
2522 807 2652 878 ipsis
2681 809 2872 879 agebat
2917 810 3118 863 omnia.
3153 811 3290 865 Audi
3331 826 3452 865 eum
3484 812 3751 867 dicenti-tn
3785 833 3798 869 :

2230 896 2474 952 Voluntas
2493 899 2662 952 cordis
2681 900 2779 953 mei
2804 910 2851 953 et
2872 898 3149 954 obsecratio
3168 901 3226 970 ﬁt
3243 918 3336 971 pro
3351 901 3455 957 illis
3466 904 3533 957 ad
3555 905 3799 970 salutem;

2218 997 2274 1041 et
2293 1002 2527 1056 rursum,
2562 988 2924 1045 Testimonium
2946 993 3079 1045 enint
3098 992 3201 1046 illis
3223 993 3476 1062 perltibeo,
3500 995 3633 1064 quod
3654 1009 3800 1049 amnt.

2220 1079 2460 1133 lationem
2489 1080 2583 1135 Dei
2607 1081 2788 1135 habent
2814 1083 2989 1152 (Rom.
3016 1083 3104 1137 l0.
3132 1085 3184 1139 1.
3216 1095 3264 1138 et
3283 1084 3339 1153 2)
3361 1100 3376 1148 ;
3399 1094 3455 1140 et
3481 1086 3672 1141 iterum
3701 1105 3715 1139 :
3743 1089 3799 1142 Si

2205 1183 2274 1227 .tu
2303 1188 2366 1227 ex
2397 1176 2623 1229 naturali
2650 1176 2866 1230 excisus
2889 1176 3124 1231 oleastro
3157 1176 3392 1232 insertus
3412 1191 3474 1232 es
3499 1177 3678 1248 (Rom.
3708 1180 3798 1233 11.

2220 1266 2331 1333 17),
2359 1275 2561 1334 quanto
2591 1266 2761 1336 magis
2812 1266 2899 1321 isti
2953 1267 3257 1323 inserantur
3308 1283 3421 1326 sua
3473 1265 3676 1327 olivae?
3722 1270 3799 1327 Ex

2217 1367 2417 1425 quanto
2446 1373 2632 1412 amore
2663 1359 2780 1414 haec
2809 1360 2970 1415 verba
3016 1360 3121 1416 diei
3152 1361 3452 1429 existimas,
3505 1378 3570 1418 ex
3601 1373 3800 1433 «(nauta

2218 1448 2590 1504 benevolentia
2613 1451 2637 1503 ?
2662 1449 2777 1506 Non
2808 1459 2987 1521 potest
3014 1451 3142 1519 diei,
3166 1467 3273 1507 non
3303 1461 3501 1524 potest.
3524 1453 3615 1510 Sic
3639 1469 3803 1523 opor-

2218 1552 2293 1597 tet
2319 1542 2563 1598 inimicos
2590 1543 2817 1612 diligere
2845 1560 2859 1597 :
2890 1543 2993 1599 hoc
3019 1553 3106 1600 est
3133 1544 3302 1599 Deum
3325 1545 3546 1614 diligere
3572 1548 3660 1614 qui
3687 1545 3803 1611 jus-

2216 1635 2414 1705 sit,qui
2443 1636 2612 1706 legem
2634 1635 2816 1701 dedit;
2847 1637 2999 1691 illum
3030 1637 3227 1692 imitari
3255 1646 3339 1692 est
3364 1636 3589 1708 diligere
3619 1637 3802 1692 inimi—

2215 1743 2358 1783 cum.
2384 1727 2568 1798 Cogita
2594 1729 2736 1799 quod
2766 1744 2872 1785 non
2905 1729 3123 1785 inimico
3154 1728 3458 1796 benefacis,
3509 1728 3606 1785 sed
3657 1729 3755 1785 tibi
3785 1748 3800 1786 :

2216 1836 2321 1876 non
2366 1820 2513 1875 illum
2549 1820 2745 1891 diligis,
2804 1821 2898 1876 sed
2931 1821 3041 1876 Deo
3087 1820 3295 1877 obedis.
3328 1820 3455 1876 Haec
3501 1836 3631 1891 ergo
3675 1835 3803 1877 cum

2215 1913 2447 1967 sciamus
2466 1951 2484 1971 .
2512 1910 2895 1967 eonﬁrmemus
2924 1912 3065 1969 inter
3097 1918 3197 1966 nos
3222 1911 3535 1978 amicitiam,
3578 1920 3639 1966 ut
3676 1927 3805 1967 cum

2217 2016 2315 2058 nos
2342 2002 2393 2056 in
2425 2016 2487 2058 ea
2518 2014 2706 2057 exacte
2734 2004 3085 2073 gesserimus,
3121 2018 3480 2073 assequamur
3511 2002 3649 2058 bona
3686 2017 3809 2073 pro-

2216 2096 2376 2151 missa
2405 2095 2456 2149 in
2481 2094 2700 2151 Christo
2717 2095 2843 2151 .iesu
2877 2095 3107 2152 Domino
3133 2104 3342 2164 nostro,
3367 2110 3489 2152 cum
3519 2110 3629 2167 quo
3654 2095 3805 2151 Patri

2215 2189 2372 2243 simul
2393 2204 2516 2244 cum
2540 2200 2728 2244 sancto
2749 2189 2951 2259 Spiritu
2972 2188 3432 2260 gloria,potentia,
3448 2189 3642 2253 honor,
3661 2202 3811 2243 nunc

2221 2289 2275 2333 et
2297 2295 2532 2349 semper,
2561 2289 2615 2335 et
2646 2281 2697 2335 in
2727 2280 2921 2335 saecula
2948 2281 3289 2335 saeculorum.
3321 2281 3509 2335 Amen.

1852 2506 2195 2571 HOMILIA
2240 2510 2409 2572 νιιι.

519 2650 649 2705 CAP.
678 2650 730 2704 4.
764 2666 813 2703 v.
847 2650 899 2705 l.
934 2649 1155 2704 Obsecro
1206 2650 1377 2719 itaque
1418 2665 1505 2704 vos
1548 2664 1639 2718 ego
1667 2649 1862 2702 vinctus
1907 2650 1960 2703 in
1998 2648 2105 2702 Do-

591 2743 746 2805 mino,
794 2752 847 2794 ut
875 2742 1026 2812 digne
1051 2741 1318 2795 ambuletis
1355 2742 1615 2796 vocatione
1640 2757 1741 2808 qua
1774 2742 1934 2795 vocati
1964 2745 2102 2808 estis,

589 2851 713 2897 cunt
728 2834 864 2887 omni
896 2834 1182 2887 humilitate
1199 2843 1245 2886 et
1276 2833 1678 2888 mansuetudine.

596 2929 645 2981 l.
689 2926 977 2980 Doctorum
1009 2931 1091 2980 est
1120 2924 1324 2990 virtus,
1370 2938 1477 2978 non
1526 2923 1808 2987 honorem,
1842 2938 1946 2979 non
1992 2924 2105 2994 glo-

520 3022 654 3075 riam
685 3035 930 3089 qunererc
966 3017 1034 3072 ab
1062 3016 1128 3071 iis
1157 3016 1351 3086 quibus
1395 3017 1685 3087 imperant,
1717 3015 1811 3072 sed
1860 3016 2102 3087 ipsorum

523 3113 776 3179 salutem,
806 3120 860 3167 et
902 3126 998 3182 pro
1046 3126 1108 3165 ea
1134 3127 1194 3166 re
1238 3111 1417 3165 omnia
1460 3108 1658 3166 facere.
1697 3108 1829 3165 Nam
1858 3110 1947 3181 qui
1976 3108 2105 3164 illud

519 3203 729 3272 quzerit,
762 3217 867 3256 non
909 3201 1069 3257 fuerit
1109 3203 1333 3265 doctor,
1380 3200 1474 3255 sed
1507 3209 1789 3271 tyrannus.
1817 3199 1933 3254 Non
1960 3201 2105 3255 enim

521 3294 662 3348 Deus
690 3300 972 3363 propterea
998 3300 1049 3347 te
1077 3291 1141 3345 iis
1163 3290 1423 3361 prmfeeit,
1454 3300 1511 3345 ut
1537 3300 1591 3345 tu
1617 3290 1786 3361 magis
1815 3290 2015 3345 celaris
2055 3297 2111 3344 et

521 3385 847 3449 observeris,
878 3383 973 3438 sed
997 3391 1054 3437 ut
1082 3392 1170 3438 tua
1197 3381 1416 3453 quidem
1445 3383 1803 3454 negligantur,
1831 3397 1951 3452 qua:
1974 3394 2109 3436 vero

523 3487 650 3531 sunt
684 3477 898 3532 illorum
950 3475 1127 3529 omnia
1175 3474 1525 3530 :rdilicentur.
1578 3474 1691 3530 Hoc
1719 3473 1957 3529 doctoris
1983 3481 2104 3529 est:

523 3569 644 3622 talis
673 3577 790 3622 erat
810 3567 1000 3623 beatus
1030 3566 1252 3635 Paulus,
1281 3566 1419 3622 liber
1443 3568 1512 3622 ab
1540 3567 1686 3623 omni
1713 3566 1883 3632 fastu;
1915 3567 1985 3621 ita
2013 3582 2110 3620 au-

523 3669 630 3715 tem
673 3668 790 3716 erat
826 3659 1051 3715 aﬂectus
1075 3668 1133 3714 ut
1169 3667 1314 3715 esset
1343 3658 1559 3730 quidem
1596 3674 1733 3714 unus
1761 3673 1829 3714 ex
1883 3659 2066 3714 multis
2091 3700 2107 3724 ,

525 3751 631 3804 imo
660 3751 821 3805 etiam
863 3749 1079 3804 illorum
1124 3749 1400 3805 minimus.
1445 3749 1738 3819 Propterea
1769 3757 1824 3803 et
1862 3762 1922 3804 se
1955 3756 2112 3803 vocat

525 3855 775 3906 servum,
822 3847 878 3895 et
932 3840 1160 3909 plurima
1191 3849 1462 3911 tamquam
1506 3839 1815 3911 supplicans
1852 3839 2106 3910 loquitur.

527 3928 711 4000 Itaque
739 3928 860 3985 vide
887 3944 1009 3984 eum
1034 3946 1177 3985 nunc
1197 3944 1411 4000 quoque
1441 3929 1571 3987 nihil
1599 3930 1836 3985 scribere
1866 3930 2113 4001 imperio-

525 4036 667 4085 sum,
700 4019 991 4090 nihilquod
1016 4036 1126 4091 prae
1147 4036 1207 4077 se
1233 4021 1369 4078 lerat
1399 4022 1796 4086 auctoritatem,
1828 4022 1922 4077 sed
1963 4020 2107 4092 quod

528 4114 600 4165 sit
627 4118 962 4166 contractum
983 4126 1049 4168 ac
1074 4111 1365 4168 demissum
1396 4130 1411 4167 :
1449 4112 1666 4168 Obsecro
1693 4113 1861 4182 itaque
1890 4128 1998 4175 vos,
2026 4114 2110 4168 in-

527 4203 663 4272 quit,
693 4217 783 4273 ego
804 4201 1000 4257 vinctus
1022 4202 1077 4257 in
1111 4201 1352 4265 Domino,
1394 4211 1450 4257 ut
1477 4203 1630 4274 digne
1654 4200 1921 4259 ambuletis
1961 4217 2111 4255 voca-

534 4294 670 4346 tione
693 4309 793 4362 qua
832 4294 993 4348 uocati
1019 4295 1156 4348 estis.
1186 4293 1324 4363 Quid
1348 4307 1524 4364 rogas,
1554 4292 1889 4364 dic.qua:so?
1917 4301 1976 4353 ut
1999 4293 2113 4362 ipse

532 4383 732 4453 aliquid
763 4384 1108 4453 assequaris?
1148 4384 1494 4456 Nequaquam
1514 4427 1529 4451 ,
1564 4385 1767 4455 inquit,
1791 4383 1884 4441 sed
1910 4393 1968 4439 ut
1994 4383 2114 4441 aliis

533 4475 758 4530 salutem
781 4474 1026 4531 ali'eram.
1045 4475 1205 4546 Atqui
1233 4475 1324 4543 qui
1341 4483 1550 4545 rogant,
1565 4483 1758 4545 rogant
1772 4490 1889 4544 quae
1902 4475 2114 4544 assequi

540 4552 777 4635 ipsoruni
802 4568 1048 4623 interest.
1079 4567 1144 4622 Et
1180 4580 1322 4633 mea,
1352 4565 1544 4636 inquit,
1576 4567 1677 4620 boc
1704 4566 1955 4621 interest:
1978 4565 2118 4620 sicut

533 4657 694 4711 etiam
721 4658 846 4713 alibi
872 4657 1115 4713 scribens
1143 4656 1356 4713 dicebat
1381 4673 1396 4711 :
1430 4655 1586 4711 Nunc
1602 4657 1835 4721 vivimus,
1856 4657 1898 4711 si
1918 4666 2115 4711 vosste—

537 4747 604 4803 tis
629 4749 684 4803 in
696 4747 915 4805 Domino
936 4750 987 4819 (1
1013 4747 1193 4803 Thess.
1218 4747 1272 4803 ὃ.
1286 4747 1364 4817 8).
1384 4747 1612 4818 Semper
1623 4748 1764 4803 enim
1792 4747 1945 4803 valde
1972 4747 2114 4804 desi-

536 4838 759 4894 derahat
784 4840 1011 4895 salutem
1034 4852 1256 4895 suorum
1277 4838 1683 4910 discipulorum.
1715 4838 1828 4910 Ego
1845 4842 2036 4894 vinctus
2064 4840 2119 4893 in

535 4929 778 4985 Domino.
804 4930 990 5000 Magna
1020 4940 1075 4985 et
1102 4945 1222 5000 quae
1260 4930 1365 4984 vim
1396 4944 1640 5000 magnam
1668 4929 1830 4985 habet
1863 4929 2115 5000 dignitas,

538 5031 592 5073 et
618 5034 784 5090 regno
811 5028 866 5073 et
890 5019 1171 5075 consulatu
1197 5027 1253 5075 et
1267 5019 1547 5089 quibusvis
1572 5019 1693 5075 aliis
1718 5019 1909 5088 major.

609 5109 862 5164 Diadema
888 5109 1540 5179 Imperatorum.Vinctum
1553 5127 1659 5168 esse
1683 5129 1776 5183 pro
1797 5112 1995 5167 Christo
2011 5129 2122 5167 ma-v

537 5203 620 5271 ius
644 5209 873 5272 putatur,
895 5216 1048 5269 quam
1074 5200 1246 5255 sedere
1273 5218 1305 5255 a
1329 5201 1519 5257 dextris
1550 5204 1683 5272 ejus.
1709 5232 1783 5245 —
1805 5201 1959 5268 Quod
1999 5201 2122 5273 qui.

543 5293 662 5347 :lem
693 5291 824 5345 dicit
844 5290 1005 5345 etiam
1041 5291 1283 5347 scribens
1308 5292 1375 5348 ad
1408 5292 1816 5349 Philemonem:
1849 5293 1977 5347 Cum
2024 5293 2122 5348 sim

544 5382 738 5435 Paulus
766 5397 939 5446 senem,
973 5398 1109 5435 nunc
1129 5393 1297 5436 autem
1319 5385 1515 5440 vinctus
1557 5386 1611 5439 in
1643 5382 1847 5443 Christo
1871 5383 2119 5455 (Philem.

539 5473 618 5545 9).
650 5471 793 5526 Nihil
834 5482 917 5527 est
962 5472 1104 5527 enim
1149 5489 1304 5544 mque
1353 5476 1668 5545 praeclarum
1714 5485 1876 5546 atque
1908 5475 2118 5539 vincula

546 5570 762 5632 propter
786 5562 1079 5631 Christum,
1105 5575 1266 5636 atque
1286 5575 1491 5622 catena:
1518 5567 1716 5622 sanctis
1740 5566 1849 5621 illis
1873 5566 2122 5621 manibus

544 5652 827 5720 impositse.
860 5652 1108 5708 Vinctum
1144 5670 1265 5711 esse
1296 5667 1513 5728 propter
1548 5657 1821 5712 Christum
1867 5665 1952 5711 est
1980 5672 2120 5726 prae-

542 5742 741 5796 clarius
768 5759 925 5813 quam
972 5761 1093 5802 esse
1116 5748 1439 5816 apostolum,
1485 5764 1646 5819 quam
1675 5762 1798 5805 esse
1818 5747 2118 5817 doctorem,

543 5847 703 5909 quam
729 5850 848 5895 esse
872 5840 1273 5912 evangelistam.
1304 5842 1357 5896 Si
1381 5843 1502 5914 quis
1533 5854 1674 5898 amat
1697 5844 1992 5911 Christum,
2020 5859 2118 5898 no-

2213 2651 2287 2705 vit
2313 2652 2457 2723 quod
2485 2656 2681 2713 dicitur
2710 2675 2725 2712 :
2752 2656 2800 2715 si
2826 2658 2947 2729 quis
2972 2658 3026 2714 in
3059 2658 3342 2714 Dominum
3372 2656 3570 2711 insanit
3596 2664 3652 2713 et
3678 2656 3809 2722 ejus

2211 2761 2396 2805 amore
2419 2749 2610 2817 uritur,
2659 2752 2808 2807 novit
2848 2753 2955 2807 vim
2987 2752 3338 2807 vinculorum.
3385 2749 3631 2806 Maluerit
3674 2762 3810 2804 esse

2212 2838 2421 2896 vinetus
2441 2850 2660 2912 propter
2681 2841 2957 2898 Christum
2984 2857 3145 2911 quam
3177 2843 3424 2898 habitare
3444 2842 3626 2898 caelus.
3647 2842 3778 2909 Quo
3792 2871 3809 2881 -

2213 2929 2295 2984 vis
2315 2944 2447 2985 auro
2474 2931 2867 2999 splendidiores
2894 2933 2975 2988 eis
2993 2930 3315 2988 ostendebat
3342 2945 3552 2998 manus,
3580 2941 3634 2987 et
3655 2946 3809 3002 quo-

2217 3016 2299 3072 vis
2330 3020 2496 3089 regali
2522 3020 2847 3078 diademate.
2881 3021 2996 3077 Non
3024 3023 3168 3077 enim
3197 3029 3307 3077 tam
3348 3021 3690 3092 splendidum
3724 3022 3813 3077 fa-

2215 3110 2290 3164 cit
2321 3118 2483 3181 caput
2522 3113 2657 3165 vitta
2710 3127 2775 3167 ex
2821 3113 3049 3183 gemmis
3085 3112 3386 3181 composita
3421 3112 3472 3168 ei
3523 3112 3810 3182 imposita.

2213 3214 2372 3270 quam
2414 3210 2602 3255 catena
2645 3202 2819 3258 ferrea
2873 3212 3091 3272 proliter
3137 3202 3431 3258 Christum.
3486 3202 3636 3259 Tunc
3679 3213 3818 3259 erat

2213 3289 2375 3361 regiis
2394 3290 2802 3350 aedibuscarcer
2824 3294 3150 3364 praeclarior.
3164 3293 3300 3361 Quid
3327 3293 3448 3350 dICO
3475 3294 3637 3364 regiis
3658 3295 3813 3349 :mlio

2214 3379 2353 3436 bus?
2374 3381 2492 3451 ipso
2513 3398 2728 3453 quoque
2752 3384 2886 3439 ca-lo
2910 3401 2924 3436 :
2956 3383 3190 3440 habebat
3213 3384 3358 3440 enim
3384 3383 3616 3438 vinctum
3641 3384 3820 3439 Chri-

2214 3472 2302 3527 sti.
2329 3472 2384 3527 Si
2412 3475 2533 3543 quis
2557 3474 2828 3530 Christum
2859 3475 3068 3546 diligit,
3104 3476 3251 3531 novit
3293 3475 3432 3531 hanc
3457 3474 3812 3545 dignitatem,

2216 3564 2362 3619 novit
2387 3563 2524 3620 banc
2548 3566 2820 3631 virtutem,
2847 3567 3264 3635 novitquantum
3293 3568 3477 3637 generi
3511 3565 3812 3622 hominum

2214 3653 2287 3707 sit
2311 3652 2685 3723 gratiﬁcatum,
2713 3655 2854 3725 quod
2888 3664 3107 3725 propter
3132 3656 3305 3726 ipsum
3332 3656 3403 3712 sit
3431 3657 3663 3713 vinctus.
3693 3659 3819 3713 lloe

2216 3743 2441 3798 fortasse
2466 3754 2548 3799 est
2580 3746 2911 3815 prmelarius,
2939 3762 3102 3817 quam
3134 3747 3330 3803 sedere
3357 3763 3385 3801 a
3411 3748 3618 3803 dextris
3646 3750 3780 3818 ejus
3804 3769 3817 3804 :

2216 3833 2319 3889 hoc
2336 3844 2420 3890 est
2444 3835 2892 3905 magniﬁcentius,
2926 3853 3085 3908 quam
3107 3839 3302 3894 sedere
3327 3853 3490 3908 super
3507 3838 3817 3894 duodecim

2215 3927 2394 3995 sedes,
2427 3929 2665 3983 vinctum
2691 3944 2812 3985 esse
2850 3939 3067 4001 propter
3093 3930 3388 3987 Christum.
3419 3931 3487 3986 Et
3511 3931 3640 4002 quid
3681 3931 3825 3987 dico

2215 4020 2285 4075 de
2313 4020 2473 4076 rebus
2495 4021 2781 4077 humanis?
2814 4037 2901 4078 me
2930 4023 3091 4093 pudet
3124 4022 3374 4079 conferre
3398 4023 3612 4079 divitias
3637 4034 3696 4079 et
3719 4039 3826 4079 or-

2219 4115 2399 4163 natum
2429 4123 2647 4165 aureum
2677 4125 2800 4167 cum
2839 4112 3086 4168 vinculis.
3130 4112 3236 4169 Sed
3280 4127 3471 4184 magna
3519 4113 3605 4168 illa
3639 4116 3826 4171 missa

2217 4200 2437 4267 faciens,
2467 4202 2627 4258 etiam
2658 4203 2705 4259 si
2734 4218 2821 4261 res
2850 4203 3050 4259 nullam
3083 4205 3306 4260 haberet
3345 4205 3671 4270 mercedem,
3706 4205 3831 4263 hoc

2214 4293 2391 4348 solmn
2421 4302 2505 4348 est
2533 4309 2722 4364 magna
2750 4310 2956 4351 merces
2983 4304 3037 4351 et
3080 4295 3348 4350 sufficiens
3401 4298 3786 4353 remuneratio
3806 4339 3826 4365 ,

2218 4383 2333 4440 lucc
2359 4385 2540 4456 gravia
2570 4387 2675 4455 pati
2704 4396 2921 4457 propter
2949 4401 3076 4442 eum
3093 4389 3180 4457 qui
3207 4395 3434 4441 amatur.
3458 4387 3637 4441 Sciunt
3659 4388 3831 4457 quod

2216 4473 2412 4530 dicitur
2449 4475 2538 4545 qui
2587 4486 2790 4540 amant,
2834 4476 2879 4530 si
2924 4491 3030 4530 non
3062 4478 3250 4542 Deum,
3275 4485 3332 4532 at
3383 4476 3664 4532 homines:
3720 4482 3832 4547 qui

2219 4566 2388 4636 magis
2412 4566 2660 4622 limantur
2685 4567 2730 4622 si
2749 4567 2888 4622 male
2911 4568 3184 4637 patiuntur
3211 4582 3310 4638 pro
3339 4567 3406 4623 iis
3433 4581 3568 4638 quos
3594 4578 3832 4636 amant,

2218 4669 2375 4725 quam
2410 4655 2456 4710 si
2504 4654 2856 4711 honorentur.
2900 4657 3013 4712 lloc
3041 4657 3210 4712 sancti
3238 4656 3389 4713 chori
3418 4658 3592 4713 solum
3621 4670 3710 4713 est
3747 4661 3838 4716 in-

2221 4745 2482 4817 telligere,
2512 4747 2900 4817 apostolorum,
2951 4747 3189 4816 inquam.
3240 4746 3375 4803 Audi
3419 4749 3562 4803 enim
3588 4750 3842 4808 beatum

2221 4835 2418 4890 Lucam
2448 4836 2738 4904 dicentem,
2768 4836 3018 4891 Redibant
3042 4838 3364 4910 gaudentem
3391 4850 3668 4906 conspectu
3692 4858 3844 4896 con-

2222 4928 2347 4995 cilii,
2373 4928 2612 4999 quoniam
2640 4929 2782 5000 digni
2809 4930 2966 4984 habiti
2991 4941 3106 4985 sunt
3129 4946 3221 5001 pro
3244 4933 3444 4989 nomine
3469 4929 3657 4985 Christi
3695 4948 3844 4986 cou-

2223 5020 2478 5074 tumeliam
2498 5020 2606 5090 pati
2627 5019 2764 5091 (Act.
2785 5022 2839 5075 5.
2867 5021 2984 5090 41).
3008 5023 3184 5091 Atque
3207 5020 3327 5075 aliis
3354 5018 3572 5091 quidem
3591 5020 3847 5077 videtur

2223 5126 2345 5168 esse
2363 5112 2674 5179 ridiculum,
2705 5113 2748 5168 si
2774 5114 2972 5183 probro
2992 5123 3046 5167 et
3066 5113 3385 5168 contumelia
3401 5126 3522 5168 esse
3532 5112 3852 5187 atectum,

2224 5204 2294 5258 sit
2321 5219 2441 5260 esse
2470 5204 2785 5275 dignitatem
2813 5213 3156 5276 assequutum
3181 5244 3199 5273 ,
3221 5204 3267 5259 si
3310 5203 3509 5274 probro
3535 5217 3658 5260 esse
3692 5207 3857 5262 altae

2226 5303 2391 5359 ctum,
2417 5294 2489 5350 sit
2521 5294 2693 5349 laetari
2724 5313 2737 5349 :
2771 5296 2837 5349 iis
2861 5303 3038 5349 autem
3060 5294 3149 5363 qui
3180 5294 3359 5350 sciunt
3374 5293 3576 5349 Christi
3595 5294 3861 5354 deside.

2227 5385 2386 5450 rium,
2411 5383 2512 5438 hoc
2536 5400 2657 5440 esse
2682 5384 3023 5440 existimatur
3057 5384 3295 5438 omnium
3333 5383 3749 5441 beatissimum.
3792 5391 3863 5445 Si

2226 5474 2346 5544 quis
2374 5474 2503 5529 mibi
2533 5475 2752 5530 oli‘erret
2783 5483 2951 5529 totum
2988 5475 3201 5539 cmlum,
3234 5483 3327 5528 aut
3363 5474 3505 5529 illam
3544 5487 3872 5547 catenam,

2227 5582 2329 5636 ego
2367 5567 2509 5622 illam
2533 5566 2842 5637 praferrem
2887 5583 2900 5619 :
2938 5567 2982 5621 si
3006 5567 3127 5637 quis
3168 5581 3257 5622 me
3282 5565 3422 5637 apud
3453 5581 3693 5635 superos
3732 5584 3872 5623 cot-

2230 5660 2431 5713 locaret
2450 5674 2571 5714 cum
2593 5660 2817 5731 angelis,
2847 5668 3078 5714 autcum
3108 5657 3277 5712 Paulo
3316 5659 3528 5721 vincto,
3556 5656 3874 5724 eligerem

2229 5762 2500 5804 carcerem
2532 5767 2545 5802 :
2574 5750 2617 5805 si
2644 5749 2766 5821 quis
2795 5763 2884 5805 me
2907 5749 3107 5805 iaceret
3140 5762 3307 5803 unum
3347 5763 3413 5802 ex
3457 5747 3883 5809 Potestatihus

2229 5858 2349 5912 qtae
2376 5855 2501 5897 sum
2528 5843 2671 5898 circa
2699 5841 2887 5912 caios,
2919 5849 3012 5897 aut
3037 5841 3179 5898 circa
3227 5839 3450 5897 thronos
3473 5875 3492 5907 ,
3529 5846 3623 5898 aut
3661 5843 3882 5905 mea]
