4140 6498
453 382 524 439 55
1330 381 1398 436 IN
1437 380 1660 438 EPIST.
1696 381 1788 435 AD
1831 379 2074 435 EPHES.
2115 379 2268 436 CAP.
2325 378 2412 434 IV.
2450 379 2688 436 HOMII..
2733 380 2871 435 VIII.
3662 389 3734 445 56

520 497 582 552 Τί
609 492 706 552 οῦν
734 516 749 564 ;
776 498 841 551 Οί
905 499 1003 568 μὲν
1043 497 1196 552 ἄλλοι
1249 498 1451 562 πάντες
1504 497 1902 568 ἐξεπλήσσοντο
1944 497 2039 548 καὶ

449 581 760 651 ἐθαύμαζον
779 622 795 646 ,
833 583 926 634 καὶ
967 582 1176 650 ἔλεγον,
1205 582 1401 635 Πόθεν
1430 581 1621 645 τούτῳ
1645 581 1864 644 ταῦτα;
1892 573 2038 633 οὗτοι

446 667 503 722 δέ
515 663 964 735 εὐεργετούμενοι
981 663 1510 733 ἐλεγον,Δαιμόν-ιον
1526 665 1558 717 ἕ
1562 680 1674 730 χει,
1695 663 1812 726 καὶ,
1837 663 2040 726 ,ϐλασ-

445 747 663 818 φημεῒ,
695 748 820 810 καὶ,
862 747 1152 813 Μαίνεται,
1189 746 1310 812 καὶ,
1343 744 1585 810 Πλάνος
1612 745 1764 798 ἐστί.
1791 741 1919 816 Ἆρ’
1945 741 2038 798 οῦν

444 831 703 886 ἀπώσατο
727 829 961 895 αὐτούςς
994 830 1282 900 Οὐδαμῶς,
1324 827 1464 882 ἀλλά
1509 827 1604 881 καὶ
1643 826 1907 898 μειζόνως
1953 828 2039 882 εὐ-

442 913 668 984 ηργέτει
685 912 864 967 ταῦτα
879 911 1115 978 ἀκούων,
1134 914 1231 967 καὶ
1250 910 1420 982 ἀπῄει
1439 911 1576 982 πρὸς
1593 913 1720 974 τοὺς
1745 911 2038 981 μέλλοντας

441 997 608 1054 αὑτὸν
629 997 923 1068 σταυροῦν,
949 997 1035 1049 ἵνα
1069 997 1232 1066 μόνον
1253 995 1449 1058 αὐτοὺς
1473 994 1736 1066 διασώσῃ.
1771 996 1880 1048 Καὶ
1899 995 2038 1066 μετὰ

439 1078 502 1131 τὺ
537 1079 944 1150 σταυρωθῆναι,
965 1079 1018 1132 τί
1054 1095 1228 1150 φησις
1260 1077 1475 1146 Πάτερ,
1511 1077 1662 1146 ἄφες
1685 1077 1927 1148 αὐτοῖςέ
1962 1079 2036 1132 οὺ

438 1160 553 1230 γὰρ
618 1161 866 1216 οιδασιν
899 1162 931 1216 ὃ
981 1161 1245 1216 ποιοῦσι.
1281 1160 1395 1213 Καὶ
1455 1160 1564 1231 πρὸ
1613 1159 1804 1214 τούτου
1850 1160 2038 1225 κακῶς

439 1243 657 1310 παθὼν,
709 1246 805 1299 καὶ
854 1245 995 1316 μετά
1030 1244 1206 1299 ταῦτα
1258 1243 1446 1308 κακῶς
1505 1244 1716 1308 παθὼν,
1755 1246 1950 1316 μέχρις
1975 1246 2034 1298 ἐ-

439 1329 649 1399 σχάτης
681 1329 960 1398 ἀναπνοῆς
989 1330 1158 1400 περὶι
1187 1327 1368 1382 αὐτῶν
1391 1329 1568 1382 πάντα
1581 1328 1846 1400 ἔπραττεν
1860 1371 1875 1394 ,
1893 1329 2036 1399 ὑπὲρ

437 1411 625 1463 αὐτῶν
649 1411 846 1465 ἐδεῖτο.
875 1411 986 1465 Καὶ
1018 1412 1159 1481 μετὰ
1187 1411 1279 1464 τὸν
1311 1410 1546 1482 σταυρὸν
1573 1410 1626 1463 τί
1663 1412 1768 1464 οὐκ
1805 1411 2032 1480 ἐποίησε

434 1494 507 1548 δι’
529 1493 731 1558 αὐτούς
761 1512 776 1561 ;
811 1495 935 1565 οὐχὶ
959 1494 1294 1557 ἀποστόλους
1318 1493 1668 1560 ἀπέστειλεν;
1688 1494 1810 1565 οὐχὶ⁵
1833 1499 2035 1566 σημεῖα

437 1575 769 1644 είργάσατος
801 1579 926 1646 οὐχὶ
958 1579 1069 1632 πᾶν
1095 1575 1275 1632 ὁτιοῦν
1298 1577 1552 1648 ἐκίνησεν
1583 1593 1598 1644 ;
1634 1576 1794 1631 Οὕτω
1823 1577 1907 1630 δεῖ
1944 1595 2034 1648 cp:-

435 1657 550 1710 λεῖν
610 1659 739 1723 τοῦς
788 1659 1040 1732 ἐχθροὺς,
1076 1659 1221 1714 οῦτω
1273 1661 1568 1730 μιμεῖσθαι
1624 1661 1717 1713 τὸν
1768 1661 2030 1732 Χριστόν.

441 1739 597 1794 Οὕτω
650 1741 864 1806 Παῦλος
903 1743 1127 1814 ἐποίησε
1156 1743 1271 1816 [5'2]
1300 1743 1656 1814 λιθαζόμενος
1675 1785 1690 1808 ,
1729 1745 1900 1815 μυρία
1922 1745 2030 1800 πά-

437 1841 606 1894 σχων,
639 1825 783 1897 ὑπὲρ
825 1825 1009 1879 αὐτῶν
1040 1826 1262 1881 ἅπαντα
1300 1826 1591 1899 ἔπραττεν.
1631 1829 1831 1882 Ἀκουε
1861 1827 2030 1882 αὐτοῦ

433 1906 724 1976 λέγοντος·
769 1910 832 1965 Ἠ
863 1910 1115 1965 εὐδοκία
1144 1927 1265 1980 μου
1300 1911 1402 1965 καί
1435 1911 1474 1980 ἡ
1501 1909 1713 1978 δέησις
1733 1911 1888 1979 ὑπὲρ
1921 1913 2029 1966 αὐ-

493 2069 512 2093 ⁸
540 2069 699 2123 Savil.
729 2076 858 2135 conj.
884 2077 1020 2138 ὑπέρ.

1383 2326 1506 2336 ..ο-.-
1533 2331 1626 2336 ..-ο

2143 496 2265 550 τῶν
2323 497 2498 552 ἐστιν
2543 500 2630 563 εἱς
2667 500 2973 566 σωτηρίαν
3003 514 3017 530 ’
3057 499 3152 552 καὶ
3216 499 3400 564 πάλιν,
3442 503 3735 572 Μαρτυρῶ

2142 580 2254 648 γὰρ
2306 581 2534 647 αὐτοῖς,
2579 581 2669 633 ὅτι
2727 579 2914 646 ζῆλον
2941 581 3093 636 Θεοῦ
3128 583 3345 652 ἔχουσι
3372 601 3386 616 ·
3425 586 3520 639 καὶ
3546 586 3727 644 πάλιν.

2143 663 2212 714 Ei
2256 662 2338 739 σὺ
2377 664 2722 731 ἀγριέλαιος
2761 661 2847 714 ὢν
2883 663 3378 733 ἐνεκεντρίσθης,
3417 668 3570 739 πόσῳ
3595 670 3732 738 μᾶλ-

2141 743 2231 798 λον
2266 738 2414 799 οὗτοι
2463 747 3016 818 ἐγκεντρισθήσονται
3043 750 3072 789 ιδ
3109 752 3178 821 τῇ
3205 750 3310 822 ίδίᾳ
3351 751 3507 823 ἐλαίᾳ
3526 738 3548 818 ;ν
3591 753 3730 807 Ἀπὺ

2141 828 2314 900 πόσης
2345 830 2735 901 φιλοστοργίας
2759 831 2859 884 οίει
2879 832 3056 886 ταῦτα
3081 833 3340 903 λέγεσθαι
3368 835 3438 889 τά
3469 837 3725 906 ρήματας

2139 910 2249 964 ἀπὸ
2306 913 2478 982 πόσης
2520 914 2773 978 εὐνοίαςς
2819 915 2933 967 Οὐκ
2973 915 3121 969 ἐστιν
3163 918 3503 981 είπεῖν,ὀὑκ
3547 918 3725 972 ἔστιν.

2141 991 2300 1048 Οὕτω
2338 995 2421 1048 δεῖ
2462 995 2639 1064 φιλεῖν
2669 997 2797 1059 τοὺς
2824 997 3056 1067 ἐχθρούς
3085 1014 3098 1026 °
3135 999 3300 1052 τοῦτο
3325 999 3418 1052 τὸν
3455 999 3588 1054 Θεὸν
3609 1002 3729 1053 ἐστι

2139 1076 2344 1144 φιλεῖν,
2371 1079 2462 1132 τὸν
2508 1078 2883 1145 ἐπιτάξαντα,
2937 1079 3032 1132 τὸν
3079 1081 3524 1152 νομοθετήσαντα
3587 1095 3611 1125 ο
3648 1085 3728 1136 ’τὸ

2141 1161 2428 1230 μιμεῖσθαι
2457 1163 2662 1215 ἐκεῖνον
2683 1205 2697 1228 ,
2731 1163 2792 1215 τὸ
2823 1163 2998 1231 φιλεῖν
3037 1164 3128 1217 τὸν
3158 1165 3352 1234 ἐχθρόν
3397 1168 3565 1221 ἐστιν.
3605 1167 3726 1219 Ἐν-

2137 1243 2330 1314 νόησον
2344 1245 2426 1298 ὄτι
2454 1245 2516 1298 οὐ
2535 1245 2624 1298 τὸν
2641 1245 2734 1315 ἐχθ
2745 1243 2836 1316 ρόν
2858 1245 3189 1316 εὐεργετεῖς,
3213 1247 3350 1302 ἀλλά
3381 1249 3600 1314 σαυτὸν,
3624 1251 3726 1303 οὐκ

2137 1326 2343 1379 ἐκεῖνον
2379 1327 2589 1396 φιλεῖς,
2625 1329 2764 1383 ἀλλά
2797 1328 2876 1398 τῷ
2909 1329 3030 1398 Θεῷ
3061 1329 3382 1394 ὑπακούεις.
3415 1332 3602 1386 Ταῦτα
3628 1329 3724 1386 οὖν

2137 1401 2358 1476 εἰδότες,
2387 1411 2732 1483 κυρώσωμεν
2784 1414 2864 1476 είς
2909 1413 3178 1482 ἀλλήλους
3227 1415 3327 1484 τὴν
3357 1416 3598 1487 ἀγάπην,
3639 1417 3726 1470 ἵνα

2139 1492 2277 1561 μετὰ
2296 1493 2581 1564 ἀκριϐείας
2598 1494 2806 1565 ταύτην
2833 1495 3282 1565 κατορθώσαντες
3299 1539 3313 1563 ,
3346 1500 3602 1568 τύχωμεν
3618 1499 3725 1551 τῶν

2135 1573 2564 1646 ἐπηγγελμένων
2588 1577 2810 1644 ἀγαθῶν
2847 1579 2904 1630 ἐν
2938 1577 3160 1648 Χριστῷ
3194 1577 3370 1650 Ἰησοῦ
3407 1579 3485 1650 τῷ
3533 1581 3723 1651 Κυρίῳ

2135 1657 2316 1726 ἡμῶν,
2355 1657 2475 1728 μεθ’
2507 1652 2568 1711 οῦ
2605 1657 2684 1729 τῷ
2732 1660 2907 1728 Πατρὶ
2963 1659 3081 1730 ἅμα
3131 1659 3209 1730 τῷ
3245 1661 3386 1732 ἁγίῳ
3443 1661 3722 1732 Πνεῦματι

2133 1738 2284 1806 δόξα,
2316 1743 2539 1813 κράτος,
2569 1744 2726 1814 τιμὴ,
2764 1743 2858 1798 νῦν
2881 1743 2976 1799 καὶ
3002 1743 3111 1810 ἀεὶ,
3143 1743 3236 1798 καὶ
3265 1745 3347 1808 είς
3369 1745 3497 1809 τοὺς
3520 1744 3722 1815 αἰῶνας

2129 1823 2238 1876 τῶν
2273 1824 2506 1880 αἰώνων.
2561 1827 2756 1896 Ἀμήν.

2191 2021 2218 2058 δ
2248 2021 2356 2086 Quo
2384 2021 2933 2086 M53.,_é7xsvtpmeé3m.

2191 2087 2212 2113 ο
2247 2083 2399 2146 Murg.
2423 2082 2977 2140 8πίίζνουθὲτὴσαντα.

1677 2331 3688 2346 mwm—”»—w-—————-—.—_.-_

1913 2525 2153 2578 OMMIA
2193 2529 2270 2580 Il'.

418 2743 768 2826 Παρακαλῶ
810 2738 928 2800 οὖν
963 2742 1122 2826 ἡμᾶς
1149 2742 1286 2823 ὲζὼ,
1321 2744 1361 2826 (ξ
1383 2741 1634 2826 δέσμιος
1688 2747 1757 2826 ἐμ·
1788 2747 2018 2826 ΔῘιξιιὲίξίῳ,

486 2811 680 2880 ἀξίως
713 2811 1120 2882 περιπατῆσαι
1146 2811 1257 2879 τῆς
1287 2811 1566 2880 κλήσεως
1593 2811 1670 2885 ἧς
1698 2811 2018 2883 ἐκλήθητε,

480 2883 644 2954 μετὰ
681 2883 891 2951 πάσης
925 2883 1496 2952 ταπεινοφροσύνης
1525 2887 1620 2938 καί
1654 2886 2016 2954 πραότητος.

485 3006 850 3060 Διδασκάλων
897 3005 1050 3058 ἐστὶν
1099 3003 1270 3075 ἀρετὴ
1327 3003 1404 3074 μὴ
1462 3005 1652 3076 τιμήν,
1686 3006 1822 3076 μηδέ
1861 3007 2021 3074 δόξαν

412 3089 613 3159 ζητεῖν
645 3088 795 3158 παρά
826 3087 938 3139 τῶν
970 3087 1316 3157 ἀρχομένων,
1334 3086 1471 3139 ἀλλά
1500 3086 1598 3158 τὴν
1624 3088 1902 3159 σωτηρίαν
1923 3090 2021 3142 αὐ.

409 3171 556 3236 τῶν,
608 3172 706 3224 καλ⁵
738 3171 918 3225 πάντα
947 3169 1090 3240 ὑπὲρ
1112 3168 1305 3222 τούτου
1342 3172 1520 3223 ποιεῖν
1552 3186 1566 3199 ·
1595 3171 1671 3234 ὡς
1694 3172 1722 3224 ὃ
1745 3188 1807 3240 γε
1841 3173 2022 3226 ἐκεῖνο

411 3252 626 3324 ζητῶν,
651 3253 752 3306 οὐκ
774 3251 840 3305 ἂν
858 3252 944 3322 εἴη
961 3251 1305 3316 διδάσκαλος,
1335 3251 1474 3304 ἀλλά
1503 3252 1786 3324 τύραννος.
1819 3255 1892 3306 Οὐ
1913 3253 2023 3323 γὰρ

407 3338 502 3393 διὰ
546 3336 708 3392 τοῦτό
759 3353 818 3388 σε
849 3335 1159 3408 ἐπέστησεν
1193 3335 1223 3387 ό
1251 3335 1386 3398 Θεὸς
1407 3336 1614 3400 αὐτοῖς,
1645 3338 1734 3391 ἵνα
1759 3339 1823 3391 σὺ
1863 3337 2017 3391 πλεία

406 3439 540 3485 ονος
573 3419 895 3491 ἀπολαύσῃς
951 3419 1274 3491 θεραπείας,
1303 3419 1420 3472 ἀλλ’
1445 3421 1534 3474 (va
1561 3421 1628 3474 τά
1659 3422 1759 3491 μὲν
1793 3422 1861 3475 σά
1882 3424 2020 3489 ἀμε-

408 3507 605 3576 λῆται,
631 3506 811 3559 πάντα
843 3505 901 3558 δὲ
928 3505 998 3558 τὰ
1026 3504 1254 3558 ἐκείνων
1286 3504 1668 3574 οίκοδομῆται.
1698 3506 1870 3559 Τοῦτό
1902 3508 2023 3561 ἐστι

407 3588 754 3642 διδασκάλου
789 3605 804 3618 ·
841 3586 1086 3650 τοιοῦτος
1133 3587 1161 3639 ό
1209 3585 1484 3658 μακάριος
1559 3586 1774 3651 Παῦλος
1832 3584 1920 3658 ἦν,
1962 3590 2022 3648 ὃς

407 3675 596 3742 τύφου
646 3671 746 3741 μὲν
788 3669 1106 3740 ἀπήλλακτο
1139 3670 1341 3732 παντὸς
1362 3708 1377 3733 ,
1399 3669 1542 3723 οὕτω
1571 3669 1628 3723 δέ
1653 3669 1910 3735 διέκειτο,
1935 3671 2012 3735 ώς

409 3751 497 3820 εἷς
530 3756 642 3808 τῶν
663 3753 902 3816 πολλῶν,
938 3753 1144 3822 μᾶλλον
1166 3753 1222 3806 δέ
1252 3753 1348 3806 καὶ
1373 3752 1560 3806 αὐτῶν
1590 3753 1894 3824 ἐλάχιστος.
1919 3755 2020 3809 Διά

406 3838 580 3893 τοῦτο
597 3839 693 3891 καὶ
717 3836 904 3890 δοῦλον
923 3835 1101 3891 αὐτῶν
1120 3835 1313 3890 ἑαυτὸν
1333 3837 1508 3901 καλεῖ,
1524 3837 1618 3890 καὶ
1637 3836 1706 3890 τά
1725 3837 1948 3893 πλείονα
1963 3840 2022 3892 ἐν

411 3921 709 3992 ἱκετηρίας
733 3919 1251 3992 τάξειφθέγγεται.
1279 3920 1425 3990 Ὅρα
1454 3917 1586 3988 γοῦν
1619 3920 1714 3973 καὶ
1738 3919 1836 3973 νῦν
1863 3919 2020 3974 οὐδὲν

406 3981 779 4059 ἐπιτακτικὸν
800 3981 1102 4076 γράφοντα,
1146 4002 1300 4057 οὐδὲν
1329 3981 1669 4067 αὐθεντικὸν,
1698 4003 1837 4058 ἀλλά
1863 4021 2017 4059 συνε-

407 4088 744 4158 σταλμένον,
764 4089 856 4142 καὶ
885 4086 1310 4158 καθυφειμένον.
1348 4086 1688 4154 Παρακαλῶ
1719 4082 1834 4142 οὖν
1878 4086 2015 4158 ἐγὼ,

407 4174 614 4244 φησὶν,
644 4169 796 4238 ὑμᾶς
831 4174 866 4226 ὁ
893 4171 1141 4240 δέσμιος
1181 4170 1252 4225 ἐν
1291 4171 1507 4240 Κυρίῳ,
1537 4169 1723 4236 ἀξίως
1771 4187 2020 4240 περιπα-

406 4256 604 4324 τῆσαι
635 4253 748 4322 τῆς
781 4253 1065 4320 κλήσεως
1088 4247 1166 4324 ἧς
1200 4252 1520 4319 ἐκλήθητε.
1553 4253 1620 4306 Τί
1649 4254 2014 4326 παρακαλεῖς,

407 4341 541 4392 εῖπέ
577 4356 668 4408 μοι
698 4355 714 4402 ;
750 4337 839 4390 ῖνα
876 4336 1021 4400 τινὸς
1067 4335 1242 4408 τύχῃς
1271 4336 1472 4402 αὐτός;
1507 4335 1797 4404 Οὐδαμῶς,
1825 4338 2014 4407 φησὶν,

407 4423 533 4475 ἀλλ’
568 4424 658 4474 ἴνα
696 4420 891 4483 ἄλλους
931 4421 1113 4473 σώσω.
1157 4418 1350 4473 Καίτοι
1373 4435 1439 4487 γε
1467 4421 1514 4472 οί
1543 4419 2013 4490 παρακαλοῦντες,

407 4506 564 4574 ὑπὲρ
619 4504 730 4556 τῶν
777 4503 963 4566 αὐτοῖς
1033 4502 1403 4570 διαφερόντων
1450 4501 1856 4573 παρακαλοῦσι.
1908 4505 2018 4557 Καὶ⁹

405 4588 542 4658 ἐμοὶ
576 4585 734 4639 τοῦτο
777 4585 1050 4656 διαφέρει,
1079 4584 1235 4655 φησὶ,
1275 4583 1460 4648 καθὼς
1487 4587 1582 4639 καὶ
1610 4585 1842 4656 ἑτέρωθι
1872 4585 2014 4658 γρά-

409 4688 537 4740 φων
592 4669 749 4734 ἔλεγε
779 4684 792 4696 ·
844 4668 978 4722 Νῦν
1007 4665 1226 4738 ζῶμεν,
1255 4667 1366 4722 ἐὰν
1425 4667 1594 4738 ὑμεῖς
1635 4669 1906 4735 στηκητε
1947 4670 2017 4722 ἐν

407 4754 638 4821 Κυρίῳ.
667 4752 882 4824 Σφόδρα
909 4751 1018 4822 γὰρ
1055 4751 1143 4805 ἀεὶ
1169 4752 1270 4822 τῆς
1290 4751 1567 4823 σωτηρίας
1585 4753 1693 4805 τῶν
1716 4752 2018 4822 μαθητευθ-

411 4837 598 4910 μένων
657 4837 861 4906 ἐφίετο.
909 4833 1050 4904 Ἐγὼ
1095 4838 1129 4889 ό
1182 4833 1431 4902 δέσμιος
1472 4836 1542 4888 ἐν
1594 4836 1807 4902 Κυρίῳ.
1857 4837 2016 4904 Μέγα

407 4921 638 4990 ἀξίωμα
674 4921 768 4974 καὶ
797 4918 1048 4990 σφοδρὸν,
1077 4921 1174 4973 καὶ
1205 4919 1486 4990 βασιλείας
1511 4920 1603 4973 καὶ
1628 4919 1899 4982 ὑπατείας
1919 4920 2017 4972 καὶ

406 5003 640 5056 πάντων
673 5001 882 5072 μεῖζον.

486 5157 758 5230 ὶὸΊΓΟπε
765 5175 796 5229 ρ
812 5154 906 5212 οὖν
918 5158 1014 5211 καὶ
1030 5158 1164 5228 πρὸς
1176 5157 1454 5229 Φιλήμονα
1467 5155 1696 5228 γράφων
1712 5158 1896 5226 φησίν⁶
1916 5157 2015 5224 Ὠς

409 5241 664 5308 Παῦλος
680 5241 913 5309 πρεσϐύ
921 5257 1046 5308 της,
1061 5241 1199 5294 νυνί
1215 5239 1284 5294 δὲ
1299 5238 1399 5294 καί
1414 5237 1660 5307 δέσμιος
1675 5239 1745 5292 ἐν
1756 5240 2009 5309 Χριστῷ.

409 5325 587 5378 οὐδὲν
614 5325 725 5394 γὰρ
757 5322 904 5377 οὕτω
950 5322 1223 5394 λαμπρὸν,
1254 5321 1330 5386 ῶς
1380 5323 1580 5393 δεσμὸς
1636 5322 1724 5376 διὰ
1752 5324 2012 5394 Χριστὸν,

407 5408 491 5470 ὼς
536 5408 594 5460 αῖ
641 5407 864 5470 ἁλύσεις
902 5408 960 5460 αί
1015 5407 1400 5478 περικείμεναι
1453 5409 1574 5470 ταῖς
1605 5406 1778 5470 ὁσίαις
1827 5408 2015 5478 χερσὶν

410 5489 675 5553 ἐκείναις.
727 5488 838 5544 Τοῦ
884 5491 1184 5545 ἀπόστολον
1230 5486 1392 5554 εῖναι,
1440 5489 1534 5543 τοῦ
1569 5488 1891 5543 διδάσκαλον
1933 5485 2016 5543 εί-

409 5590 527 5628 ναι.
577 5573 674 5628 τοῦ
733 5575 1132 5644 εὐαγγελιστὴν
1185 5570 1349 5636 εἶναι.
1400 5573 1563 5628 τοῦτο
1611 5573 2011 5646 λαμπρότερον,

409 5655 477 5708 τὸ
512 5657 736 5727 δέσμιον
772 5653 914 5711 εἶναι
966 5659 1056 5712 διὰ
1100 5659 1192 5712 τὸν
1231 5657 1490 5729 Χριστόν.
1526 5657 1591 5712 Ετ
1613 5674 1698 5719 τις
1739 5657 1882 5726 φιλεῖ
1921 5659 2014 5713 τὸν

413 5739 677 5809 Χριστὸν,
699 5741 845 5809 ἐγνω
871 5742 934 5795 τὸ
959 5741 1250 5813 λεγόμενον
1270 5760 1284 5775 ο
1322 5744 1374 5795 εῖ
1400 5759 1483 5806 τις
1516 5742 1767 5810 μαίνεται
1797 5742 1892 5796 καὶ
1915 5760 2014 5796 πε-

422 5823 699 5893 ρικαίεται
721 5822 814 5877 τοῦ
832 5825 1130 5888 Δεσπότου,
1153 5823 1259 5880 οἶδε
1276 5826 1376 5896 τὴν
1395 5825 1625 5896 δύναμιν
1639 5827 1748 5880 τῶν
1769 5826 2008 5894 δεσμῶν.

432 5904 498 5959 '0
537 5903 779 5974 τοιοῦτος
811 5907 989 5964 ἕλοιτο
1032 5908 1101 5964 ἀν
1132 5910 1354 5983 δέσμιος
1396 5905 1535 5965 εἶναι
1569 5910 1656 5965 διὰ
1685 5910 1940 5982 Χριστὸν,
1975 5913 2006 5984 ἥ

2124 2748 2252 2811 τοῦς
2297 2749 2560 2818 οὐρανοὺς
2597 2750 2784 2803 οίκεῖν.
2841 2750 3046 2814 Παντὸς
3088 2750 3290 2821 χρυσοῦ
3325 2750 3716 2822 λαμπροτέρας

2126 2830 2309 2893 αὐτοῖς
2337 2830 2545 2884 ἐδείκνυ
2568 2831 2667 2895 τὰς
2684 2834 2894 2903 χεῖρας,
2923 2833 3123 2896 παντὸς
3150 2831 3480 2903 διαδήματος
3507 2834 3716 2903 βασιλι-

2125 2911 2244 2965 κοῦ.
2282 2914 2357 2965 Οὐ
2386 2913 2494 2985 γὰρ
2522 2912 2665 2967 οὕτω
2688 2916 2832 2968 ποιεῖ
2858 2915 3116 2985 λαμπρὰν
3141 2916 3382 2987 κεφαλὴν
3415 2919 3607 2971 ταινία
3635 2918 3717 2972 λι-

2127 2995 2450 3065 θοκόλλητος
2479 2997 2860 3068 περικειμένη,
2891 2998 2966 3060 ὼς
2993 2997 3182 3063 ἅλυσις
3216 2999 3413 3071 σιδηρᾶ
3451 2999 3539 3053 διὰ
3585 3002 3720 3070 Χριο

2127 3079 2274 3132 στόν.
2310 3079 2445 3131 Τότε
2485 3080 2596 3131 τῶν
2629 3079 2916 3149 βασιλείων
2948 3081 3328 3153 λαμπρότερον
3356 3082 3419 3136 τὸ
3434 3082 3718 3153 δεσμωτή-

2129 3180 2245 3233 ριον
2259 3157 2346 3232 ἦν.
2369 3163 2435 3215 Τί
2454 3163 2597 3232 λέγω
2620 3164 2909 3234 βασιλείων
2928 3181 2942 3230 ;
2967 3166 3061 3218 καὶ
3082 3164 3249 3218 αὐτοῦ
3268 3165 3324 3218 δὲ
3345 3165 3442 3220 τοῦ
3460 3168 3520 3219 οὐ
3532 3167 3715 3234 ρανοῦο

2124 3246 2350 3317 δέσμιον
2378 3246 2488 3317 γὰρ
2520 3243 2636 3316 εἶχε
2667 3246 2931 3318 Χριστοῦ.
2966 3248 3136 3311 Εῖτις
3171 3247 3317 3317 φιλεῖ
3338 3249 3430 3302 τὸν
3459 3251 3718 3320 Χριστὸν,

2124 3324 2234 3382 οἶδε
2267 3330 2426 3383 τοῦτο
2453 3331 2514 3383 τὸ
2542 3331 2784 3399 ἀξίωμα,
2807 3328 2916 3384 οἶδε
2945 3330 3152 3401 ταύτην
3181 3332 3281 3402 τὴν
3316 3333 3544 3404 ἀρετήν,
3579 3328 3723 3386 οἶδεν

2123 3413 2248 3466 ὅσον
2275 3413 2569 3484 ἐχαρίσατο
2585 3413 2662 3483 τῷ
2691 3415 2800 3466 τῶν
2831 3413 3138 3484 ἀνθρώπων
3155 3414 3302 3483 γένει
3323 3415 3385 3468 τὸ
3411 3416 3720 3484 δεθῆναιδι⁹

2124 3497 2312 3552 αὐτόν.
2349 3496 2502 3567 Τάχα
2527 3497 2620 3550 τοῦ
2651 3497 2874 3551 καθίσαι
2903 3497 2965 3550 ἐκ
2985 3497 3175 3564 δεξιῶν
3204 3499 3369 3552 αὐτοῦ
3397 3497 3555 3551 τοῦτο
3581 3500 3719 3571 λαμ-

2125 3581 2414 3654 πρότερον,
2441 3581 2538 3635 τοῦ
2559 3581 2782 3634 καθίσαι
2813 3581 2904 3634 ἐπὶ
2925 3579 3136 3634 δώδεκα
3167 3581 3374 3652 θρόνων
3398 3581 3556 3634 τοῦτο
3582 3600 3638 3636 σε
3649 3602 3718 3653 μ-

2124 3666 2362 3736 νότερον,
2406 3664 2466 3717 τὸ
2491 3664 2709 3734 δεθῆναι
2742 3664 2808 3717 δι’
2843 3662 3024 3716 αὐτόν.
3063 3665 3172 3716 Καὶ
3196 3663 3248 3715 τί
3273 3664 3416 3730 λέγω
3451 3666 3581 3734 περὶ
3606 3666 3719 3718 τῶν

2124 3747 2518 3820 ἀνθρωπίνων;
2548 3748 2879 3818 αἰσχύνομαι
2907 3747 3217 3818 συγκρίνων
3247 3748 3475 3801 πλοῦτον
3504 3751 3598 3802 καὶ
3626 3752 3716 3802 κό-

2126 3851 2262 3904 σμον
2301 3831 2535 3902 χρυσοῦν
2564 3832 2801 3900 δεσμοῖς.
2854 3830 2994 3884 Ἀλλ’
3031 3831 3191 3900 ἀφεὶς
3225 3833 3400 3885 εἰπεῖν
3435 3833 3564 3902 περὶ
3607 3833 3717 3886 τῶν

2127 3915 2380 3987 μεγάλων
2398 3915 2644 3978 ἐκείνων,
2672 3914 2777 3968 κᾶν
2796 3915 3003 3984 μηδένα
3029 3913 3219 3984 μισθὸν
3238 3911 3351 3985 εἶχε
3369 3915 3430 3969 τὸ
3455 3919 3712 3986 πρᾶγμα,

2122 3998 2282 4052 τοῦτο
2311 3998 2471 4070 μόνον
2503 3998 2678 4068 μέγας
2708 3998 2918 4069 μισθὸς,
2951 3997 3109 4052 τοῦτο
3134 3999 3404 4063 ἀντίδοσις
3436 4001 3619 4072 ἱκανὴ,
3653 4003 3714 4054 τὸ

2120 4079 2209 4134 διὰ
2232 4080 2323 4133 τδν
2367 4079 2691 4152 φιλούμενον
2720 4080 2893 4134 ταῦτα
2931 4081 3162 4150 πάσχειν
3193 4081 3262 4134 τά
3293 4082 3462 4136 δεινά.
3505 4085 3716 4137 Ἰσασιν

2120 4167 2168 4218 οί
2194 4164 2499 4234 φιλοῦντες,
2537 4167 2584 4216 εί
2638 4163 2732 4216 καὶ
2779 4163 2854 4233 μὴ
2884 4162 2976 4215 τόν
3011 4164 3165 4226 Θεὸν,
3205 4164 3321 4218 ἀλλ’
3368 4165 3713 4238 ἀνθρώπους,

2119 4247 2179 4300 τὸ
2207 4248 2523 4318 λεγόμενον,
2563 4247 2612 4301 οἳ
2656 4247 2874 4316 ἥδονται
2914 4247 3101 4312 κακῶς
3139 4249 3439 4318 πάσχοντες
3490 4250 3713 4318 μᾶλλον,

2118 4328 2468 4400 ἢτιμώμενοι
2495 4331 2646 4399 παρὰ
2665 4330 2774 4382 τῶν
2805 4331 3116 4401 ἐρωμένων.
3144 4331 3252 4385 Τοῦ
3277 4332 3437 4400 ἁγίου
3466 4332 3630 4403 χοροῦ
3653 4334 3715 4386 τὸ

2117 4411 2292 4466 ταῦτα
2322 4413 2555 4466 συνιδεῖν
2601 4412 2784 4483 μόνον,
2823 4414 2932 4464 τῶν
2961 4413 3276 4467 ἀποστόλων
3303 4414 3470 4484 λέγω.
3511 4416 3711 4468 ’Ἄκουε

2117 4495 2227 4568 γὰρ
2253 4496 2346 4550 τοῦ
2368 4497 2640 4567 μακαρίου
2663 4497 2848 4549 Λουκᾶ
2865 4496 3120 4565 λέγοντος
3140 4515 3153 4528 ·
3177 4499 3258 4551 ὄτι
3303 4499 3715 4568 Ὕπέστρεφον

2119 4580 2433 4647 χαίροντες
2453 4580 2570 4633 ἀπὸ
2597 4579 2923 4647 προσώπου
2948 4581 3053 4635 τοῦ
3076 4582 3411 4650 συνεδρίου,
3445 4583 3532 4636 ὅτι
3561 4583 3714 4652 ὑπὲρ

2118 4662 2224 4715 τοῦ
2247 4662 2539 4731 ὀνόματος
2585 4663 2692 4714 τοῦ
2721 4662 2985 4730 Χριστοῦ
3013 4664 3478 4732 κατηξιώθησαν
3508 4665 3715 4734 ἀτιμα-

2117 4744 2492 4814 σθῆναι.Τοῖς
2524 4745 2622 4815 μὲν
2657 4743 2752 4799 οῦν
2784 4746 2965 4809 ἀλλοις
2993 4747 3142 4800 δοκεῖ
3172 4748 3344 4816 γέλως
3377 4743 3536 4813 εἶναι,
3574 4750 3622 4800 εί
3651 4749 3713 4801 τὸ

2119 4827 2488 4898 ἀτιμασθῆναι
2519 4829 2921 4897 καταξιωθῆναι
2953 4831 3123 4891 ἐστιν,
3154 4831 3202 4881 εί
3228 4828 3288 4882 τὸ
3316 4829 3706 4900 ἀτιμασθῆναι,

2116 4909 2329 4979 χαίρειν
2368 4911 2520 4963 ἐστί’
2553 4915 2666 4974 τοῖς
2704 4911 2759 4964 δὲ
2793 4911 3179 4981 ἐπισταμένοις
3209 4911 3305 4964 τοῦ
3343 4913 3582 4982 Χριστοῦ
3619 4913 3709 4966 τὸν

2117 4995 2283 5046 πόθον
2323 4993 2484 5048 τοῦτο
2520 4995 2738 5049 πάντων
2775 4993 3243 5064 μακαριστότερον
3271 4996 3608 5065 νενόμισται.
3647 4996 3714 5049 Et

2115 5093 2199 5139 τις
2233 5077 2358 5145 ἐμοὶ
2383 5067 2480 5129 τὸν
2510 5076 2740 5147 οὐρανὸν
2773 5077 3058 5147 ἐχαρίζετο
3090 5079 3289 5143 πάντα,
3323 5077 3355 5148 ἦ
3389 5079 3488 5149 τὴν
3517 5077 3710 5130 ἅλυσιν

2117 5159 2352 5229 ἐκείνην,
2377 5159 2592 5228 ἐκείνην
2619 5160 2685 5213 ἂν
2718 5159 2830 5228 ἐγὼ
2854 5160 3200 5232 προετίμησα
3223 5177 3238 5192 ·
3272 5161 3325 5214 εἴ
3353 5162 3434 5223 τίς
3470 5178 3538 5230 με
3571 5162 3712 5231 μετά

2116 5239 2224 5294 τῶν
2247 5243 2498 5310 ἀγγέλων
2527 5243 2648 5313 ἵστη
2676 5243 2808 5308 ἄνω,
2847 5245 2878 5312 ἦ
2913 5244 3050 5313 μετᾶ
3083 5241 3297 5297 Παύλου
3321 5243 3626 5312 δεδεμένου,
3648 5243 3710 5297 τδ

2112 5325 2488 5400 δεσμωτήριον
2507 5326 2574 5380 ἂν
2600 5327 2823 5397 εἱλόμην
2845 5345 2858 5357 ·
2877 5328 2932 5382 εί
2950 5344 3036 5391 τις
3066 5343 3132 5396 με
3156 5327 3381 5380 ἐκείνων
3411 5326 3509 5380 ἐνα
3533 5328 3707 5382 ἐποίει

2113 5411 2222 5462 τῶν
2255 5411 2544 5480 δυνάμεων
2574 5411 2684 5464 τῶν
2719 5413 2850 5483 περὶ
2881 5412 2972 5464 τὸν
3003 5410 3253 5481 οὐρανὸν,
3303 5411 3413 5463 τῶν
3456 5411 3586 5482 περὶ
3618 5412 3710 5464 τδν

2115 5493 2324 5564 θρόνον,
2383 5493 2416 5563 ἢ
2476 5493 2764 5564 δεσμώτην
2817 5494 3078 5560 τοιοῦτον,
3145 5493 3385 5556 τοιοῦτος
3451 5494 3516 5546 ἂν
3566 5494 3707 5546 είλόο

2119 5594 2225 5648 μην
2261 5577 2513 5646 γενέσθαι
2555 5577 2862 5648 δεσμώτης.
2911 5576 3190 5639 Εῖκότως’
3228 5577 3382 5630 οὐδὲν
3429 5577 3533 5647 τῆς
3576 5577 3709 5630 ἀλύ-

2122 5677 2258 5725 σεως
2289 5661 2506 5731 ἐκείνης
2537 5659 2975 5732 μακαριώτερον.
3027 5658 3364 5730 Ἐϐουλόμην
3393 5663 3451 5713 ἐν
3480 5664 3592 5723 τοῖς
3617 5661 3708 5713 τό·

2119 5763 2244 5808 ποις
2273 5745 2532 5812 γενέσθαι
2565 5743 2661 5798 νῦν
2701 5745 2966 5808 ἐκείνοις·
2999 5744 3219 5814 λέγεται
3251 5745 3359 5815 γὰρ
3400 5745 3482 5796 ἔτι
3521 5745 3707 5814 μένειν

2119 5829 2186 5880 τὰ
2219 5826 2396 5894 δεσμά
2421 5843 2433 5856 ·
2469 5829 2564 5879 καὶ
2595 5827 2722 5880 ίδεῖν
2751 5828 2846 5880 καὶ
2877 5827 3160 5898 θαυμάσαι
3191 5829 3317 5889 τοὺς
3343 5826 3540 5896 ἄνδρας
3561 5825 3704 5876 ἐκείσ-

2118 5926 2242 5974 νους
2293 5908 2388 5964 τοῦ
2425 5909 2591 5964 πόθου
2633 5911 2728 5964 τοῦ
2768 5910 3010 5984 Χριστοῦ
3034 5927 3047 5941 ·
3091 5909 3394 5982 ἐϐουλόμην
3431 5907 3558 5960 ίδεῖν
3601 5907 3702 5969 τὰς
