4140 6500
408 346 474 402 57
1190 358 1246 413 S.
1285 361 1573 419 JOANNIS
1609 361 2095 418 CHRYSOSTOMI
2137 364 2455 422 ARCIIIEP.
2491 367 3045 424 CONSI‘ANTINOP.
3611 371 3681 428 38

408 467 647 551 ἁλύσεις,
689 469 759 535 ἃς
798 470 1068 530 δεδοίκασι
1109 477 1206 546 μὲν
1232 477 1484 548 δαίμονες
1525 481 1621 534 καὶ
1656 480 1992 551 φρίττουσιν.

405 550 681 608 αἰδοῦνται
705 555 761 609 δὲ
776 556 1019 627 ἄγγελοι.
1038 559 1208 616 Οὐδὲν
1231 562 1440 632 βέλτιον
1461 564 1558 619 τοῦ
1586 550 1775 631 κακῶς
1795 565 1989 619 παθεῖν

406 651 459 687 τι
486 633 573 690 διά
604 638 857 709 Χριστόν.
888 643 999 713 Οὐχ
1027 643 1170 698 οὕτω
1214 646 1505 719 μακαρίζω
1529 648 1765 715 Παῦλον,
1800 650 1883 703 ὅτι
1911 650 1991 711 εἰς

408 721 737 804 παράδεισον
772 726 1021 797 ἡρπάγη,
1081 729 1159 793 ὡς
1190 730 1274 784 ὅτι
1304 733 1385 795 εἰς
1420 733 1481 786 τὸ
1513 733 1889 804 δεσμωτήριον
1917 735 2004 786 ἐν·

410 800 640 888 ἒδλήθηο
678 804 794 879 [⁵4]
818 810 933 881 Οὐχ
953 810 1128 876 οὕτως
1144 814 1309 869 αὑτὸν
1335 800 1645 888 μακαρίζω,
1672 800 2002 888 ὂτιῆκουσεν

407 886 623 973 ἇρρητα
651 891 894 962 ῥήματα.
917 897 995 960 ὡς
1006 898 1367 969 ὃτιὺπὲμεινε
1398 901 1468 955 τά
1492 886 1669 972 δεσμά
1687 886 1807 973 ὀὐχ
1828 901 2002 965 οὕτως

406 970 572 1056 αὐτὸν
624 977 936 1047 μακαρίζω,
981 980 1063 1034 ὅτι
1100 983 1328 1055 ἡρπάγη
1368 988 1451 1048 είς
1480 970 1662 1056 τρίτον
1696 970 1927 1055 οὐρανὸν
1944 995 1994 1048 ι,

406 1054 482 1115 ὡς
510 1059 800 1130 μακαρίζω
836 1061 925 1115 διά
951 1063 1021 1118 τὰ
1047 1064 1241 1135 δεσμά.
1275 1054 1396 1121 Ὅτι
1432 1054 1545 1139 γὰρ
1575 1068 1753 1123 ταῦτα
1776 1067 2001 1122 ἐκείνων

409 1139 653 1220 μείζονα,
676 1143 912 1200 ἄκουσον
940 1148 1035 1200 καὶ
1052 1149 1217 1212 αὐτὸς
1233 1149 1354 1215 πῶς
1378 1151 1540 1204 τοῦτο
1559 1147 1721 1206 οἶδεν.
1739 1150 1874 1205 Ούδέ
1890 1149 2001 1220 γάρ

405 1216 548 1285 εἶπε,
581 1221 896 1296 Παρακαλῶ
937 1229 1085 1300 ὑμᾶς
1114 1232 1226 1299 ἐγὼ
1253 1236 1281 1287 6
1316 1235 1537 1305 ῥήματα
1573 1236 1790 1307 ἄρρητα
1834 1216 2001 1287 ἀκού*-

408 1322 529 1369 σας,
574 1309 711 1364 ἀλλά
739 1312 823 1377 τίς
855 1315 1192 1384 Παρακαλῶ
1230 1317 1388 1388 ὑμᾶς
1427 1317 1543 1388 ἐγὼ
1581 1322 1615 1374 δ
1650 1317 1898 1388 δέσμιος
1929 1316 2000 1369 ἐν

406 1391 626 1459 Κυρίῳ.

480 1577 623 1633 Εἰδέ
647 1579 723 1651 μὴ
739 1580 944 1646 πάσαις
964 1581 1123 1638 τοῦτο
1147 1585 1498 1657 προσγράφει
1513 1586 1636 1650 ταῖς
1660 1582 1996 1646 ἐπιστολαῖς,

407 1658 472 1713 οὐ
506 1660 856 1735 θαυμαστόν
912 1665 1035 1720 ούδέ
1078 1666 1189 1740 γὰρ
1226 1666 1461 1721 πάντοτε
1505 1668 1733 1731 ἐδέδετο,
1778 1667 1894 1721 ἀλλ’
1940 1668 1999 1719 ἐν

410 1743 624 1814 χρόνοις
652 1746 814 1802 τισίν.
851 1748 1224 1820 Λῖρετώτερον
1256 1749 1380 1821 ἐμοί
1407 1749 1603 1803 παθεῖν
1640 1749 1830 1813 κακῶς
1857 1749 2000 1819 ὑπὲρ

409 1825 505 1879 τοῦ
540 1828 802 1899 Χριστοῦ,
842 1832 876 1902 ἦ
920 1833 1186 1901 τιμᾶσθαι
1215 1833 1367 1905 παρὰ
1397 1832 1492 1887 τοῦ
1523 1832 1783 1904 Χριστοῦ.
1827 1833 2001 1887 Τοῦτο

414 1912 627 1982 μεγάλη
658 1915 819 1986 τιμή,
851 1914 1012 1970 τοῦτο
1042 1916 1167 1985 δόξα
1195 1919 1229 1988 ή
1262 1918 1442 1972 πάντα
1464 1917 1901 1988 ὑπερϐάλλουσα.
1933 1916 1997 1968 Εἰ

409 1994 573 2059 αὐτὸς
599 1996 665 2050 δι’
696 1998 798 2067 ἐμὲ
822 1999 1114 2070 γενόμενος
1141 2000 1348 2065 δοῦλος,
1383 2001 1479 2056 καὶ
1513 2001 1612 2071 τὴν
1642 2000 1802 2065 δόξαν
1829 1999 2001 2054 κενὼ·

412 2096 531 2142 σας,
571 2079 670 2150 οὐχ
699 2080 873 2146 οὕτως
906 2085 1093 2154 ἠγεῖτο
1126 2087 1186 2138 ἐν
1218 2084 1345 2157 δόξῃ
1372 2082 1535 2150 εἶναι,
1575 2085 1653 2150 ὡς
1682 2086 1773 2139 ὅτε
1800 2086 1998 2140 ἐσταυ-

414 2161 571 2230 ροῦτο
591 2162 732 2234 ὑπὲρ
748 2163 906 2234 ἐμοῦ,
928 2166 982 2219 τί
1005 2167 1103 2237 ἐμὲ
1122 2168 1316 2222 παθεῖν
1335 2168 1397 2221 ού
1422 2168 1506 2222 δεῖ
1523 2186 1538 2236 ;
1561 2170 1761 2223 Ἄκουε
1780 2168 1891 2239 γάρ
1911 2167 2002 2222 αύ-

407 2243 503 2297 τοῦ
521 2244 796 2315 λέγοντος.
838 2249 1202 2321 Δόξασόνμε
1221 2252 1323 2316 σὺ,
1345 2252 1558 2321 Πάτερ.
1583 2253 1650 2307 Τί
1667 2253 1851 2321 λέγεις
1871 2269 1887 2319 ;
1909 2253 2002 2307 ἐπὶ

411 2329 649 2399 σταυροῦ
679 2332 787 2403 ἄγῃ
820 2333 960 2401 μετὰ
977 2333 1192 2405 λῃστῶν
1218 2335 1313 2389 καὶ
1342 2336 1747 2409 τυμϐωρύχων,
1776 2337 1869 2390 τὸν
1892 2337 2002 2391 τῶν

409 2411 706 2483 ἐπαράτων
742 2414 1068 2483 ὑφίστασθαι
1104 2417 1353 2483 θάνατον,
1405 2419 1751 2490 ἐμπτύεσθαι
1788 2419 2002 2491 μέλλεις

409 2494 504 2548 καὶ
528 2494 878 2565 ῥαπίζεσθαι,
903 2498 999 2552 καὶ
1013 2497 1189 2553 ταῦτα
1213 2500 1372 2566 δόξαν
1402 2501 1619 2566 καλεῖς;
1641 2502 1772 2569 Ναὶ,
1796 2503 1962 2575 φησίν
1987 2520 2000 2534 ·

408 2576 553 2648 ὑπὲρ
574 2576 685 2650 γάρ
708 2578 817 2633 τῶν
849 2580 1191 2652 φιλουμένων
1213 2582 1325 2651 ἐγὼ
1346 2583 1542 2653 πάσχω
1572 2584 1770 2650 ταῦτα,
1795 2585 1888 2639 καὶ
1909 2603 2002 2639 τα-

408 2658 506 2713 νῦν
530 2661 689 2726 δόξαν
700 2662 840 2718 αύτά
863 2663 1125 2736 ἡγοῦμαι.
1153 2667 1217 2719 Εἰ
1237 2668 1266 2719 6
1288 2666 1414 2729 τοὺς
1439 2666 1693 2739 οἰκτροὺς
1709 2668 1804 2723 καὶ¹
1824 2669 2004 2724 ταλαι-

409 2741 630 2813 πιῖιρους
654 2746 1085 2818 φιλήσας,δόξαν
1106 2748 1164 2802 τὸ
1193 2750 1427 2821 πρᾶγμα
1451 2751 1629 2816 καλεῖ,
1646 2751 1743 2805 καὶ
1775 2752 1837 2805 ού
1859 2752 1922 2806 τὸ
1943 2753 2002 2807 ἐν

408 2825 489 2897 τῷ
505 2826 680 2900 θρόνῳ
694 2824 834 2885 εἶναι
861 2832 941 2903 τῷ
966 2832 1244 2904 πατρικῷ,
1275 2833 1399 2888 οὐδέ
1424 2834 1485 2888 τὸ
1513 2824 1577 2887 ἐν
1600 2837 1667 2905 τῇ
1687 2834 1836 2906 δόξῃ,
1864 2834 2005 2890 ἀλλά

408 2910 471 2964 τὸ
509 2912 568 2965 ἐν
601 2913 797 2985 ἀτιμίᾳ
834 2913 962 2978 δόξα
996 2910 1087 2986 ἦν,
1125 2916 1223 2969 καὶ
1253 2915 1412 2970 τοῦτο
1451 2915 1663 2971 ἐκείνου
1701 2917 2027 2988 προετίθει,.

409 2993 594 3066 πολλῷ
626 2996 829 3066 μᾶλλον
867 2996 980 3065 ἐγὼ
1009 2997 1185 3053 ταῦτα
1211 2998 1414 3067 ὀφείλω
1447 2998 1607 3064 δόξαν
1637 3000 1912 3070 ἡγεῖσθαι.
1940 3002 2005 3054 Ὢ

409 3077 519 3132 τῶν
553 3079 840 3151 μακαρίων
877 3079 1114 3151 δεσμῶν,
1142 3080 1189 3135 ὣ
1221 3081 1329 3136 τῶν
1362 3082 1647 3153 μακαρίων
1683 3081 1904 3153 χειρῶν,
1939 3084 2007 3146 ἀς

412 3161 723 3232 ἐκόσμησεν
741 3164 776 3233 ἡ
806 3162 997 3228 ἆλυσις
1025 3164 1231 3237 ἐκείνη.
1261 3165 1376 3218 Οὐκ
1396 3161 1540 3237 ἦσαν
1561 3167 1705 3219 οὕτω
1734 3165 1917 3236 τίμιαι
1948 3168 2005 3220 αἱ

409 3248 595 3317 χεῖρες
622 3248 839 3302 Παύλου
868 3249 960 3303 τὸν
993 3249 1166 3320 χωλὸν
1190 3248 1284 3302 τὸν
1317 3250 1375 3303 ἐν
1402 3248 1673 3320 Λύστροις
1698 3250 2007 3321 ἀναστήσα-

414 3346 507 3383 σαι
530 3330 627 3384 καὶ
641 3330 1039 3402 ἐγείρασαι,ὡς
1077 3331 1150 3384 τά
1172 3331 1350 3400 δεσμά
1371 3331 1777 3403 περικείμεναι.
1803 3333 1868 3387 Εί
1883 3334 2004 3388 κατ’

413 3412 656 3478 ἐκείνους
679 3415 807 3477 τοὺς
837 3413 1063 3486 χρόνους
1079 3409 1148 3486 ἦν
1168 3413 1300 3482 ἐγὼ,
1331 3413 1454 3491 τότε
1477 3414 1545 3469 ἂν
1579 3414 1813 3485 μάλιστα
1835 3416 2006 3481 αὐτάς

413 3498 886 3569 περιεπτυξάμην,
910 3498 1006 3553 καὶ
1034 3499 1130 3552 ἐπὶ
1157 3497 1260 3562 τὰς
1287 3498 1457 3569 κόρας
1486 3498 1661 3570 ἔθηκα
1693 3501 1793 3567 τὰς
1828 3503 1971 3574 ἐμάς
1988 3519 2004 3535 ⁸

413 3582 514 3635 οὐκ
530 3581 862 3653 ἐπαυσάμην
882 3580 1199 3650 καταφιλῶν
1212 3582 1402 3655 χεῖρας
1415 3582 1850 3649 καταξιωθείσας
1864 3585 2006 3657 ὑπὲρ

411 3662 509 3716 τοῦ
539 3665 812 3719 Δεσπότου
847 3664 1070 3735 δεθῆναι
1098 3664 1193 3718 τοῦ
1221 3665 1380 3735 ἐμοῦ.
1418 3665 1738 3737 Θαυμάζεις
1766 3667 2003 3733 Παῦλον,

413 3746 506 3799 ὅτε
548 3747 792 3817 καθῆψεν
846 3745 1014 3801 αὐτοῦ
1051 3749 1086 3818 ή
1135 3747 1251 3817 ἐχις
1291 3748 1396 3817 τῆς
1446 3749 1653 3820 χειρὸς,
1708 3750 1804 3804 καὶ
1830 3752 2006 3805 ὀὐδὲν

415 3828 642 3895 ἐποίησε
664 3846 678 3894 ;
709 3828 802 3899 Μὴ
824 3828 1115 3901 θαυμάσῃς
1132 3844 1147 3857 ⁸
1178 3829 1379 3901 ᾐδέσθη
1402 3831 1513 3903 γὰρ
1529 3832 1628 3903 τὴν
1646 3832 1838 3887 ἅλυσιν
1866 3849 1881 3865 ⁸
1910 3835 2008 3888 καὶ

417 3913 660 3967 θάλαττα
673 3912 729 3965 δὲ
751 3911 947 3983 όλόκλη
957 3930 1048 3987 ρος
1062 3912 1268 3983 ταύτην
1287 3915 1469 3985 ᾐδεῖτο
1484 3933 1500 3949 ο
1515 3917 1637 3969 τότε
1648 3916 1758 3987 γὰρ
1771 3917 2003 3972 ἐδέδετο.

418 3997 486 4050 El
522 3996 607 4060 τίς
656 4014 744 4063 μοι
785 3998 1016 4068 νεκροὺς
1044 3996 1244 4050 ἔδωκεν
1295 3999 1602 4069 ἀναστῆσαι
1637 4000 1755 4061 νῦν,
1786 4001 1889 4053 οὐκ
1940 4000 2007 4055 ἂν

416 4079 576 4133 τοῦτο
598 4078 845 4150 εἱλόμην,
871 4079 1009 4134 ἀλλὰ
1037 4081 1137 4151 τὴν
1160 4080 1349 4135 ἅλυσιν
1374 4101 1387 4114 ο
1416 4083 1467 4136 εἰ
1492 4082 1603 4136 τῶν
1622 4082 2007 4153 ἐκκλησιαστι-

420 4163 533 4216 κῶν
568 4163 866 4235 φροντίδων
895 4164 1054 4229 ἐκτὸς
1084 4164 1255 4235 ήμην,
1293 4166 1387 4220 καὶ
1418 4164 1481 4220 τὸ
1524 4166 1684 4236 σῶμα
1730 4165 2007 4237 εὔρωστον

420 4242 588 4316 εἶχον,
610 4247 712 4301 οὐκ
731 4246 796 4301 ἂν
814 4248 1222 4320 παρῃτησάμην
1246 4249 1559 4321 ἀποδημίαν
1579 4247 1851 4320 τοσαύτην
1872 4250 2027 4320 ποιή-

421 4329 617 4384 σασθαι
642 4329 783 4401 ὑπὲρ
800 4330 895 4384 τοῦ
925 4332 1025 4395 τὰς
1046 4332 1265 4395 ἁλύσεις
1297 4332 1458 4403 μόνον
1485 4333 1636 4393 ἰδεῖν,
1665 4332 1806 4402 ὑπὲρ
1829 4332 1924 4387 τοῦ
1947 4334 2008 4386 τὸ

418 4411 793 4484 δεσμωτήριον
815 4412 945 4468 ἔνθα
968 4414 1194 4469 ἐδέδετο.
1230 4414 1425 4469 Καίτοι
1450 4414 1547 4469 καὶ
1575 4413 1684 4467 τῶν
1707 4414 2007 4484 θαυμάτων

421 4497 588 4550 αὐτοῦ
612 4496 783 4550 πολλά
803 4498 1082 4569 πανταχοῦ
1114 4499 1319 4569 σημεῖα
1346 4497 1630 4568 τυγχάνει,
1655 4497 1771 4551 ἀλλ’
1794 4497 1893 4567 οὐχ
1914 4496 2008 4550 οῦ-

419 4597 528 4642 τως
553 4580 671 4633 ἐστὶ
701 4580 945 4641 ποθεινὰ.
972 4583 1050 4643 ὡς
1070 4580 1141 4635 τὰ
1159 4580 1268 4633 τῶν
1299 4580 1637 4650 στιγμάτων.
1671 4581 1783 4635 Καὶ
1802 4582 1862 4635 ἐν
1888 4583 2007 4645 ταῖς

420 4665 667 4735 Γραφαῖς
695 4664 752 4718 δέ
779 4664 878 4736 ούχ
908 4663 1055 4719 οὕτω
1087 4681 1154 4734 με
1183 4664 1468 4734 εὐφραίνει
1498 4662 1754 4734 θαύματα
1781 4664 2008 4736 ἐργαζό-

422 4763 606 4818 μενος,
636 4746 713 4809 ὡς
744 4747 971 4818 πάσχων
997 4745 1206 4810 κακῶς,
1234 4745 1652 4816 μαστιζόμενος,
1682 4747 2004 4819 συρόμενος.

424 4831 633 4892 Ὄντως
662 4829 955 4901 θαυμαστά
974 4830 1070 4883 καὶ
1088 4828 1158 4883 τά
1182 4827 1276 4882 τοῦ
1299 4827 1511 4900 χρωτὸς
1532 4828 1791 4901 σουδάρια
1820 4829 2008 4885 καὶτὰ

421 4911 762 4983 σημικίνθια,
807 4911 1089 4983 παράδοξα
1120 4910 1467 4982 ἐργαζόμενα
1487 4928 1500 4941 ’
1535 4910 1651 4966 ἀλλ’
1683 4913 1746 4967 ού
1782 4912 2007 4968 τοιαῦτα

421 4989 509 5048 οἷα
534 4994 739 5050 ἐκεῖνα.
775 4995 1091 5064 Δείραντες
1119 4993 1329 5057 αὑτὸν,
1376 4993 1533 5064 φησὶ,
1574 4993 1674 5049 καί
1700 4994 2003 5062 ἐπιθέντες

422 5079 657 5144 πολλὰς
696 5076 814 5150 [55]
855 5075 1116 5146 πληγὰς,
1154 5075 1381 5131 ἔϐαλον
1408 5078 1496 5143 εἰς
1541 5077 1829 5146 φυλακήν
1849 5095 1864 5109 ·
1913 5081 2008 5134 καὶ

423 5160 607 5226 πάλιν,
655 5159 972 5229 Δεδεμένοι
1013 5159 1251 5227 ὕμνουν
1289 5157 1397 5213 τὸν
1438 5161 1587 5215 Θεόν
1610 5176 1623 5192 °
1676 5162 1772 5216 καὶ
1818 5161 2005 5228 πάλιν,

422 5242 796 5309 Λιθάσαντες
823 5240 1032 5306 αὐτὸν,
1067 5240 1294 5308 ἔσυρον
1324 5240 1442 5307 ἔξω
1466 5240 1576 5312 τῆς
1613 5245 1868 5312 πόλεως,
1904 5263 2007 5300 νο-

419 5326 714 5395 μίσαντες
744 5324 933 5381 αὑτὸν
960 5320 1261 5378 τεθνάναι.

495 5507 760 5561 Βούλεσθε
786 5506 981 5576 μαθεῖν
1007 5509 1131 5563 ὅσον
1155 5509 1306 5563 ἐστὶν
1327 5509 1518 5574 ἅλυσις
1544 5510 1742 5582 σιδηρᾶ
1766 5511 1854 5566 διὰ
1876 5515 2010 5584 Χρι-

426 5592 551 5645 στὸν
581 5588 941 5662 περικειμένη
987 5589 1201 5662 σώματι
1231 5591 1494 5665 δουλικῷ;
1528 5593 1803 5648 ἀκούσατε
1844 5595 2010 5651 αὑτοῦ

422 5674 519 5729 τοῦ
550 5672 788 5744 Χριστοῦ
815 5672 1087 5742 λέγοντος,
1113 5676 1403 5745 Μακάριοι
1427 5678 1591 5733 ἐστε.
1626 5679 1725 5747 Τί;
1762 5680 1891 5733 ὅταν
1920 5697 2009 5734 νε-

488 5898 515 5929 ⁶
541 5896 695 5960 UnuS,
726 5898 788 5957 εἰς
810 5900 964 5965 τρίτον
987 5901 1275 5965 παράδεισον
1297 5899 1377 5949 τὸν
1401 5899 1612 5962 οὐρανόν.

2106 480 2269 549 κροὺς
2287 481 2628 555 ἀναστήσητε
2649 504 2662 548 ;
2683 485 2849 556 Οὐχί·
2866 483 3003 538 ἀλλά
3018 482 3071 537 τί
3091 498 3107 547 ;
3124 483 3254 537 ὅταν
3272 482 3505 552 τυφλοὺς
3525 487 3686 558 θερα-

2106 563 2380 635 πεύσητε;
2419 567 2688 638 Οὐδαμῶς
2710 586 2724 600 ο
2768 568 2906 623 ἀλλά
2942 567 2995 620 τί
3016 583 3031 631 ;
3077 566 3265 620 Ὅταν
3300 566 3687 625 ὀνειδίσωσιν

2101 645 2277 713 ὑμᾶς,
2301 650 2399 701 καὶ
2426 648 2702 719 διώξωσι,
2724 651 2821 705 καί
2848 651 3063 704 εἴπωσι
3085 646 3209 704 πᾶν
3223 650 3688 722 ποντυρὸνρἦα,

2101 730 2465 799 ψευδόμενοι
2488 734 2617 787 καθ’
2635 732 2807 803 ὑμῶν
2833 733 3044 787 ἕνεκεν
3057 732 3225 801 ἐμοῦ.
3250 733 3313 785 Et
3338 732 3395 786 δέ
3414 733 3476 786 τὸ
3501 733 3689 798 κακῶς

2102 810 2335 867 ἀκοῦσαι
2366 814 2510 868 οὕτω
2538 817 2684 869 ποιεῖ
2711 815 3036 887 μακαρίους,
3088 813 3150 866 τὸ
3181 813 3368 878 κακῶς
3393 814 3609 881 παθεῖν,
3634 817 3689 870 τί

2102 894 2204 949 οὐκ
2214 894 2280 950 ἂν
2290 899 2589 968 εἰργάσατο
2607 899 2636 941 ι’
2656 916 2671 965 ;
2691 899 2893 953 ’Δκουε
2909 897 3075 952 αὑτοῦ
3087 895 3183 951 τοῦ
3211 899 3488 970 μακαρίου
3496 900 3691 955 τούτου

2102 976 2351 1047 λέγοντος
2379 980 2612 1052 ἀλλαχοῦ
2638 998 2654 1013 ’
2683 982 2911 1038 Λοιπὸν
2942 981 3254 1037 ἀπόκειταί
3270 999 3372 1050 μοι
3403 985 3436 1036 ὀ
3467 980 3578 1051 τῆς
3599 981 3691 1037 δι-

2102 1064 2438 1133 καιοσύνης
2469 1064 2794 1135 στέφανος.
2849 1066 3010 1121 Ἀλλά
3045 1063 3142 1119 τοῦ
3184 1068 3454 1134 στεφάνου
3493 1066 3693 1120 τούτου

2101 1144 2482 1218 λαμπρότερος
2501 1150 2529 1202 6
2548 1149 2767 1219 δεσμός.
2799 1148 3003 1202 Τούτου
3049 1165 3117 1219 με
3148 1148 3500 1214 καταξιώσει,
3530 1149 3688 1220 φησὶ,

2102 1228 2198 1281 καὶ
2233 1229 2385 1282 οὐδὲν
2413 1230 2555 1301 ὑπὲρ
2582 1232 2809 1289 ἐκείνων
2846 1230 3333 1302 ἀκριϐολογοῦμαι.
3377 1231 3565 1302 ’Δρκεῖ
3596 1248 3689 1297 μοι

2101 1309 2241 1380 πρὸς
2262 1313 2445 1366 πᾶσαν
2468 1314 2738 1370 ἀντίδοσιν
2764 1316 2825 1370 τὸ
2845 1316 3041 1371 παθεῖν
3058 1315 3248 1380 κακῶς
3275 1315 3366 1369 διά
3390 1316 3484 1370 τὸν
3511 1317 3689 1387 Χρισ-

2099 1392 2214 1448 τόν.
2244 1394 2501 1467 Δότωμοι
2520 1397 2856 1468 φθέγξασθαι
2892 1399 3090 1464 ἐκεῖνο,
3120 1396 3695 1467 δτιἉνταναπληρῶ

2098 1476 2174 1531 τὰ
2198 1478 2586 1549 ὑστερήματα
2623 1483 2745 1535 τῶν
2770 1482 3040 1551 θλίψεων
3074 1480 3480 1551 τοῦΧριστοῦ
3511 1482 3584 1536 ἐν
3612 1479 3695 1550 τῇ

2100 1560 2285 1628 σαρκί
2302 1578 2443 1631 μου,
2469 1564 2566 1617 καὶ
2597 1565 2814 1629 οὐδενὸς
2842 1564 3056 1636 δέομαι.
3097 1564 3430 1636 Κατηξιώθη
3454 1565 3552 1619 καὶ
3580 1564 3692 1618 Πέ-

2101 1659 2229 1713 τρος
2245 1643 2450 1716 ταύτης
2471 1647 2570 1717 τῆς
2599 1647 2844 1713 άλύσεως
2862 1663 2878 1680 ο
2905 1643 3017 1703 Ἦν
3039 1648 3169 1720 γὰρ,
3189 1648 3346 1721 φησὶ,
3381 1648 3688 1720 δεδεμένοςι

2101 1727 2198 1781 καὶ
2231 1729 2667 1802 παραδεδομένος
2704 1730 3088 1803 στρατιώταις,
3111 1733 3209 1787 καὶ
3241 1731 3554 1786 ἐκάθευδεν.
3580 1730 3692 1784 06-

2101 1827 2211 1875 τως
2256 1811 2467 1883 ἔχαιρε,
2508 1814 2603 1868 καὶ
2633 1815 2735 1869 οὐκ
2770 1816 2950 1887 ήλγει,
2977 1817 3052 1880 ὡς
3081 1817 3177 1871 καὶ
3215 1815 3499 1872 καθεύδειν
3528 1831 3547 1847 ⁸
3588 1815 3693 1868 οὐκ

2101 1907 2169 1961 ἂν
2200 1908 2256 1962 δέ
2282 1909 2445 1963 αὐτὸν
2479 1909 2647 1980 βαθὺς
2685 1911 2853 1977 ὕπνος
2878 1910 3045 1984 εῖχεν,
3076 1912 3130 1966 εί
3161 1928 3227 1980 γε
3258 1911 3317 1963 ἐν
3351 1908 3593 1982 φροντίδι
3623 1902 3695 1979 ἦν

2103 1991 2292 2062 πολλῇ.
2337 1994 2627 2049 Ἐκάθευδε
2665 1995 2869 2067 μεταξὺ
2911 1995 3259 2065 στρατιωτῶν
3284 1994 3360 2048 ῶν
3384 2011 3399 2025 ο
3441 1995 3538 2048 καὶ
3585 1993 3691 2062 ἀγ-

2101 2075 2260 2145 γελος
2306 2072 2440 2147 ἦλθε
2486 2079 2624 2151 πρὸς
2676 2080 2861 2146 αὐτὸν,
2916 2081 3013 2135 καὶ
3057 2080 3307 2146 πατάξας
3365 2076 3533 2134 αὐτοῦ
3592 2076 3696 2146 τὴν

2103 2159 2368 2231 πλευρὰν,
2412 2161 2657 2233 ήγειρεν.
2698 2161 2769 2216 Et
2789 2180 2877 2227 τις
2908 2164 3089 2217 τοίνυν
3120 2160 3246 2218 εἶπέ
3282 2180 3395 2233 μοι,
3435 2161 3501 2214 Τί
3532 2159 3693 2214 ἐϐού-

2102 2241 2224 2309 λου;
2254 2242 2487 2313 ἄγγελος
2511 2240 2651 2300 εῖναι
2679 2247 2709 2300 6
2738 2244 2945 2315 Πέτρον
2986 2245 3173 2314 νύξας,
3204 2246 3237 2317 ἦ
3274 2247 3480 2317 Πέτρος
3513 2246 3542 2296 6
3571 2243 3691 2296 δια-

2106 2324 2329 2393 σωθείς;
2372 2327 2578 2400 Πέτρος
2624 2328 2691 2383 ἃν
2737 2329 2963 2401 εἱλόμην
2996 2328 3273 2398 γενέσθαι,
3329 2329 3397 2382 δι’
3435 2326 3496 2407 ὃν
3530 2327 3627 2381 καὶ
3663 2324 3695 2377 ὁ

2102 2407 2337 2477 ἄγγελος
2368 2408 2555 2483 ἦλθεν.
2605 2413 2748 2482 Ἐγὼ
2777 2413 2886 2467 τῶν
2916 2412 3137 2485 δεσμῶν
3169 2412 3404 2484 ὀναίμην
3445 2413 3691 2466 ἐκείνων.

2103 2493 2215 2547 Καὶ
2236 2493 2376 2556 πῶς,
2402 2495 2591 2565 φησιν,
2619 2496 2695 2560 ὡς
2724 2496 2979 2567 μεγάλων
3012 2496 3203 2551 κακῶν
3231 2494 3569 2563 ἀπαλλαγεὶς
3599 2492 3692 2546 εὖ-

2103 2592 2288 2646 Χεται;
2318 2578 2410 2648 Μὴ
2437 2578 2724 2651 θαυμάσῃς
2741 2596 2757 2611 ⁶
2782 2579 3004 2650 εὔχεται
3025 2580 3156 2652 γὰρ,
3187 2578 3442 2642 δεδοικὼς
3466 2577 3541 2649 μὴ
3564 2577 3694 2630 ἀπο.

2104 2659 2261 2732 θάνῃ.
2302 2660 2376 2713 Τὸ
2404 2660 2460 2713 δέ
2498 2660 2797 2717 ἀποθανεῖν
2833 2662 3094 2717 ἐδεδοίκει
3134 2661 3225 2716 διά
3281 2661 3342 2715 τὸ
3392 2660 3474 2714 ἔτι
3508 2659 3695 2730 βούλε-

2106 2744 2230 2799 σθαι
2263 2744 2427 2799 αὐτὸν
2468 2745 2565 2816 τὴν
2593 2745 2739 2818 ζωὴν
2788 2742 2931 2801 εῖναι
2973 2745 3231 2800 ὑπόθεσιν
3264 2744 3373 2799 τῶν
3425 2742 3615 2799 παθῶν
3637 2753 3689 2794 ο.

2107 2826 2377 2880 Ἄκουσον
2432 2827 2563 2896 γοῦν
2614 2830 2708 2883 καὶ
2756 2829 2921 2892 αὐτὸς
2966 2829 2996 2881 6
3050 2826 3322 2899 μακάριος
3367 2826 3582 2889 Παῦλος
3637 2824 3692 2877 τί

2104 2925 2270 2979 φησι;
2308 2910 2378 2964 Τὸ
2405 2910 2713 2966 ἀναλῦσαι
2736 2911 2836 2965 καὶ
2869 2911 2995 2966 σὺν
3015 2910 3247 2981 Χριστῷ
3279 2907 3454 2976 εἶναι,
3481 2907 3696 2972 πολ.ιῷ

2098 2990 2343 3059 μᾶλλον
2358 2991 2671 3061 κρεῖσσον,
2688 2994 2756 3048 τὸ
2768 2993 2836 3047 δὲ
2845 2995 3215 3064 παραμένειν
3229 2991 3303 3063 τῆ
3319 2992 3499 3061 σαρκί
3513 2992 3694 3061 ἀναγ-

2105 3074 2420 3142 καιότερον
2430 3074 2505 3129 δι’
2518 3074 2872 3145 ὑμᾶς.Τοῦτο
2882 3078 2977 3130 καὶ
2993 3077 3154 3147 χάριν
3182 3075 3410 3129 ἐκάλεσε
3428 3074 3658 3146 γράφων
3676 3088 3689 3100 ·

2119 3155 2444 3227 Ἐχαρίσθη
2477 3157 2586 3229 γὰρ
2608 3159 2770 3228 ὑμῖν,
2798 3159 2984 3229 φησὶν,
3013 3160 3131 3215 ἀπὸ
3171 3157 3279 3213 τοῦ
3309 3156 3588 3227 Χριστοῦ,
3619 3157 3694 3210 οὐ

2100 3240 2293 3309 μόνον
2318 3241 2386 3294 τὸ
2414 3243 2501 3306 είς
2531 3243 2722 3296 αὐτόν
2748 3243 3080 3307 πιστεύειν,
3113 3241 3275 3298 ἀλλὰ
3301 3244 3400 3296 καί
3438 3240 3504 3295 τὸ
3535 3238 3692 3306 ὑπὲρ

2103 3323 2292 3377 αὐτοῦ
2329 3323 2613 3393 πάσχειν.
2645 3326 2811 3381 ’Ὥστε
2842 3325 3003 3380 τοῦτο
3037 3325 3248 3380 ἐκείνου
3285 3324 3473 3396 μεῖζόν
3505 3325 3653 3377 ἐστιν
3672 3338 3687 3352 ·

2056 3426 2061 3433 ν
2105 3404 2398 3477 ἐχαρίσατο
2429 3407 2562 3478 γάρ.
2597 3409 2803 3472 Ὄντως
2831 3410 2949 3462 ἐστὶ
2979 3408 3141 3480 χάρις
3174 3408 3428 3479 μεγίστη,
3458 3405 3553 3460 καὶ
3582 3421 3691 3458 πα-

2107 3489 2217 3541 σῶν
2254 3488 2460 3543 τούτων
2508 3488 2736 3560 μείζων,
2771 3490 2865 3544 τοῦ
2899 3491 2992 3544 τὸν
3022 3492 3177 3561 ἥλιον
3216 3492 3416 3561 στῆσαι
3460 3489 3555 3543 καὶ
3590 3486 3694 3557 τὴν

2108 3571 2361 3644 σελήνην,
2408 3572 2502 3627 τοῦ
2528 3572 2620 3626 τὸν
2650 3574 2857 3644 κόσμον
2882 3574 3105 3645 κινῆσαι
3129 3590 3145 3608 ο
3180 3572 3339 3627 τοῦτο
3380 3573 3566 3643 μεῖζον
3599 3569 3693 3624 τοῦ

2103 3656 2376 3726 δαιμόνων
2402 3656 2698 3726 κρατῆσαι,
2721 3657 2755 3728 ἢ
2777 3658 3051 3711 ἀπελάσαι
3082 3658 3361 3729 δαίμονας.
3386 3657 3499 3727 Οὐχ
3522 3654 3695 3718 οὓτως

2104 3737 2364 3807 ἀλγοῦσιν
2397 3740 2596 3791 ἐκεῖνοι
2628 3740 2810 3793 πίστει
2839 3742 2904 3811 τῇ
2952 3742 3082 3811 παρ’
3114 3740 3275 3812 ἡμῶν
3321 3739 3693 3808 ἐλαυνόμενοι,

2104 3821 2182 3886 ὡς
2224 3823 2356 3876 ὅταν
2403 3822 2553 3892 ἡμᾶς
2601 3821 2753 3875 ῐδωσι
2801 3822 2972 3877 κακόν
3005 3841 3059 3877 τι
3105 3825 3420 3893 πάσχοντας
3467 3821 3555 3875 διὰ
3599 3823 3694 3874 τὸν

2106 3902 2365 3974 Χριστὸν,
2391 3902 2487 3956 καὶ
2511 3903 2711 3974 δεσμου
2721 3904 2914 3974 μένους
2940 3923 2954 3937 ·
2989 3906 3344 3977 μείζονα..γὰρ
3368 3904 3526 3959 τοῦτο
3549 3906 3698 3958 ποιεῖ

2105 3986 2205 4058 τὴν
2235 3986 2569 4059 παρρησίαν.
2616 3988 2693 4041 Οὐ
2719 3988 2807 4043 διὰ
2836 3988 2996 4044 τοῦτο
3033 3991 3197 4044 καλὸν
3225 3990 3286 4044 τδ
3327 3988 3573 4044 δεδέσθαι
3605 3988 3698 4042 διὰ

2104 4070 2200 4125 τὸν
2253 4067 2513 4138 Χριστὸν,
2565 4071 2651 4124 ὄτι
2703 4071 2984 4143 βασιλείαν
3032 4073 3286 4145 προξενεῖ
3321 4074 3384 4128 τὸ
3434 4073 3691 4145 πρᾶγμα.

2107 4150 2224 4204 ἀλλ’
2247 4151 2329 4206 ὅτι
2355 4150 2443 4205 διὰ
2471 4153 2563 4206 τὸν
2592 4154 2829 4223 Χριστὸν
2857 4157 3066 4224 γίνεται
3087 4173 3101 4188 ⁸
3134 4159 3196 4210 ού
3227 4156 3317 4210 διά
3333 4156 3494 4211 τοῦτο
3514 4158 3697 4225 μακα-Δ

2110 4233 2246 4306 ρίζω
2285 4235 2413 4298 τοὺς
2451 4234 2706 4305 δεσμοὺς,
2745 4238 2827 4293 ὅτι
2871 4239 2952 4303 είς
2992 4238 3086 4294 τὸν
3118 4240 3350 4313 οὐρανὸν
3393 4239 3693 4311 παραπέμ-

2106 4333 2323 4384 πουσιν,
2361 4317 2477 4372 ἀλλ’
2519 4320 2602 4374 ὅτι
2632 4320 2720 4374 διὰ
2752 4320 2844 4377 τὸν
2887 4323 3169 4395 Δεσπότην
3196 4322 3294 4377 τοῦ
3325 4320 3564 4394 ούρανοῦ
3604 4320 3693 4390 γί-

2107 4418 2308 4456 νονται.

2182 4567 2298 4641 [56]
2315 4569 2486 4623 Πόσον
2500 4569 2764 4642 καύχημα
2781 4571 3001 4641 εἰδέναι,
3018 4573 3100 4626 ὅτι
3116 4573 3203 4628 διὰ
3219 4575 3310 4629 τὸν
3323 4572 3560 4646 Χριστὸν
3579 4571 3696 4627 ἐδέ-

2107 4652 2205 4722 θη;
2234 4655 2374 4723 πόση
2396 4652 2578 4724 ἡδονὴ,
2603 4655 2743 4726 πόση
2774 4655 2932 4726 τιμὴ,
2954 4657 3096 4732 πόση
3117 4658 3474 4731 λαμπρότης;
3510 4657 3697 4713 Ἐϐου-

2107 4733 2278 4806 λόμην
2305 4734 2598 4800 διαπαντὸς
2625 4737 2800 4791 ταῦτα
2834 4738 3166 4808 φθέγγεσθαι
3192 4758 3208 4773 ·
3242 4741 3543 4813 ἐϐουλόμην
3570 4742 3695 4813 ἐχε-

2108 4819 2231 4872 σθαι
2261 4821 2361 4889 τῆς
2388 4819 2665 4884 ἀλύσεωςυ
2701 4821 3024 4894 ἐϐουλόμην,
3067 4826 3115 4878 εἰ
3147 4826 3242 4878 καὶ
3287 4824 3367 4895 τῷ
3405 4825 3695 4896 πράγματι

2104 4902 2511 4973 ἀπεστέρημαι,
2560 4902 2696 4956 ἀλλά
2733 4903 2812 4974 τῷ
2859 4904 3004 4977 λόγῳ
3041 4908 3349 4979 περιθεῖναι
3371 4910 3472 4979 τὴν
3500 4908 3694 4963 ἅλυσιν

2104 4986 2172 5055 τῇ
2201 4984 2348 5055 ψυχῇ
2376 4985 2465 5039 διὰ
2484 4985 2585 5057 τῆς
2608 4986 2922 5054 διαθέσεως.
2962 4990 3270 5060 Ἐσείσθη,
3304 4992 3460 5065 φησι,
3504 4994 3570 5047 τὸ
3593 4991 3696 5046 δε-

2105 5069 2447 5139 σμωτήριον
2493 5068 2818 5140 δεδεμένου
2872 5075 3119 5131 Παύλου
3137 5115 3153 5139 ,
3204 5075 3305 5129 καί
3343 5074 3587 5131 πάντων
3619 5077 3697 5132 τὰ

2105 5153 2299 5222 δεσμὰ
2333 5153 2560 5223 ἀνείθη.
2594 5150 2749 5219 Εἶδες
2794 5155 3010 5227 δεσμῶν
3060 5157 3224 5229 φύσιν
3253 5159 3323 5215 τά
3360 5160 3537 5231 δεσμὰ
3570 5161 3697 5215 ἁνα-

2106 5237 2341 5291 λύουσαν
2362 5237 2602 5309 ;Ὥσπερ
2618 5237 2729 5311 γὰρ
2740 5240 2769 5292 6
2788 5238 2884 5294 τοῦ
2900 5241 3106 5310 Κυρίου
3120 5241 3350 5307 θάνατος
3360 5243 3451 5297 τὸν
3465 5243 3696 5298 θάνατον

2107 5320 2472 5384 ἐθανάτωσεν,
2501 5319 2642 5375 οὕτω
2674 5322 2770 5376 καὶ
2790 5322 2860 5378 τά
2886 5323 3100 5379 Παύλου
3125 5325 3303 5396 δεσμά
3328 5327 3456 5391 τοὺς
3483 5326 3695 5397 δεσμώο

2107 5422 2206 5468 τας
2249 5403 2430 5468 ἔλυσε,
2461 5403 2522 5456 τὸ
2557 5402 2931 5477 δεσμωτήριον
2971 5406 3170 5471 ἔσεισε,
3218 5407 3317 5473 τὰς
3373 5408 3545 5481 θύρας
3595 5411 3694 5464 άν-

2111 5487 2281 5559 έῳξε·
2316 5487 2495 5541 καίτοι
2544 5488 2643 5559 οὐχ
2677 5486 2818 5557 αὓτη
2864 5488 2972 5543 τῶν
3008 5490 3223 5562 δεσμῶν
3252 5494 3286 5564 ή
3320 5493 3483 5562 φύσις
3523 5494 3695 5557 ἐστὶν,

2109 5569 2223 5623 ἀλλ’
2256 5570 2289 5640 ἡ
2318 5569 2555 5636 ἐναντία,
2591 5570 2841 5641 κατέχειν
2873 5573 2932 5627 ἐν
2966 5573 3234 5647 ἀσφαλείᾳ
3273 5575 3366 5630 τὸν
3388 5575 3694 5648 δεδεμένον,

2184 5778 2213 5861 ξ
2240 5778 2356 5861 H33.
2382 5777 2602 5861 qgidqfn,
2624 5778 2897 5861 ἐργάσαιτο,
2924 5785 3189 5861 ηοηληιεις.
3243 5846 3256 5861 '
3371 5847 3394 5861 _

2122 5840 2589 5964 Ραᾷέξιεπεξδανὶιη
2614 5840 2711 5891 τῶν
2754 5843 2968 5906 ἀγώνων,
2996 5852 3049 5894 οι
3085 5845 3209 5894 infra
3237 5846 3469 5911 ἐπιμεῖναι
3492 5859 3581 5911 pro
3599 5863 3694 5899 πα·
