4140 6492
427 451 497 509 57
1329 440 1395 497 IN
1434 440 1645 499 EPIST.
1688 443 1777 498 AD
1812 448 2048 507 EPHES.
2090 449 2242 507 CAP.
2285 449 2370 506 IV.
2415 450 2642 509 HOMIL.
2689 457 2820 521 Vlll.
3289 503 3293 505 -
3659 476 3725 532 δε

427 579 546 622 esse
580 561 838 625 vinetum,
887 555 1065 627 potlus
1105 561 1348 624 Optarent
1380 553 1501 608 talis
1528 566 1649 607 esse
1678 552 1910 606 vinctus.
1952 550 2019 604 Et

421 660 540 728 jure
569 652 782 725 quidem
811 670 825 706 :
857 649 990 704 nihil
1019 647 1165 703 enim
1192 656 1277 703 est
1311 647 1400 702 illa
1421 656 1612 702 catena
1637 644 1867 700 beatius.
1891 642 2018 698 Vel-

425 748 524 803 lem
545 759 688 801 nunc
713 757 838 798 esse
878 743 931 796 in
970 740 1077 796 illis
1106 739 1275 807 locis,
1308 739 1361 793 in
1391 738 1586 810 quibus
1627 736 1875 792 dicuntur
1905 749 2014 790 ma-

423 852 548 894 nere
574 837 664 892 illa
694 834 909 889 vincula
931 874 948 899 ,
975 843 1030 887 et
1060 831 1243 886 videre
1263 873 1278 897 ,
1313 831 1567 901 virosque
1608 829 1731 884 illos
1759 827 2015 883 admirari

421 937 635 999 propter
677 925 881 982 Christi
910 923 1239 980 desiderium
1279 940 1293 978 :
1323 923 1516 978 vellem
1545 921 1728 976 videre
1771 930 2010 986 catenas,

416 1036 546 1092 quas
573 1019 961 1090 pertimescunt
986 1015 1206 1085 quidem
1236 1023 1288 1069 et
1335 1013 1558 1070 horrent
1595 1013 1890 1077 daemones,
1922 1026 2013 1066 re-

415 1121 668 1168 verentur
690 1118 871 1166 autem
917 1109 1114 1180 angeli.
1167 1107 1310 1163 Nihil
1341 1116 1424 1162 est
1455 1106 1645 1161 melius
1675 1119 1833 1176 quam
1869 1103 2013 1159 male

414 1206 516 1274 pati
568 1213 792 1274 propter
831 1201 1128 1256 Christum.
1183 1199 1298 1254 Non
1350 1208 1457 1253 tam
1506 1198 1722 1254 beatum
1773 1195 2011 1267 praedico

412 1296 631 1352 Paulum
662 1295 809 1367 quod
858 1303 1044 1365 raptus
1091 1293 1164 1349 sit
1199 1294 1251 1347 in
1296 1291 1623 1363 paradisum,
1656 1307 1816 1362 quam
1861 1290 2006 1360 quod

409 1391 682 1460 conjectus
725 1389 796 1444 sit
821 1387 876 1442 in
907 1401 1186 1442 carcerem
1217 1403 1231 1437 :
1261 1401 1369 1439 non
1398 1393 1506 1438 tam
1534 1383 1678 1438 enim
1727 1383 1848 1437 dico
1880 1381 2007 1436 bea-

409 1492 516 1537 tum
557 1480 706 1552 quod
748 1478 985 1534 audierit
1029 1491 1229 1532 arcana
1253 1475 1439 1540 verba,
1464 1490 1623 1544 quam
1654 1489 1776 1527 eum
1809 1488 2008 1528 censeo

409 1575 616 1628 beatum
647 1579 874 1642 propter
904 1571 1120 1625 vincula
1149 1587 1162 1622 :
1197 1584 1302 1622 non
1334 1578 1440 1622 tam
1473 1567 1686 1622 beatum
1713 1566 1834 1621 dico
1861 1566 2004 1637 quod

403 1673 581 1733 raptus
611 1665 686 1719 sit
719 1663 773 1718 in
805 1661 1028 1718 tertium
1065 1659 1282 1724 caelum,
1333 1673 1494 1730 qnam
1521 1655 1744 1728 propter
1773 1657 1864 1712 illa
1891 1657 2005 1711 vin~

403 1756 536 1812 cula.
571 1754 711 1810 Nam
730 1753 878 1826 quod
909 1752 1029 1808 haec
1055 1751 1162 1807 illis
1187 1750 1297 1806 sint
1325 1749 1550 1820 majora,
1576 1749 1698 1804 audi
1733 1749 2006 1820 quomodo

404 1849 511 1916 ipse
537 1861 759 1916 quoque
787 1843 1021 1899 noverit.
1044 1841 1230 1912 Neque
1251 1841 1395 1897 enim
1419 1839 1555 1896 dixit
1579 1858 1592 1893 :
1618 1840 1770 1910 Rogo
1791 1854 1886 1896 vos
1903 1854 2006 1910 ego

402 1937 485 2008 qui
513 1940 680 1992 verba
702 1935 884 1990 audivi
917 1932 1252 1990 ineffabilia?
1279 1931 1374 1988 sed
1405 1931 1533 2003 quid
1557 1931 1580 1986 ?
1619 1931 1767 2002 Rogo
1796 1947 1882 1985 vos
1912 1946 2005 2002 ego

405 2029 584 2084 tinctus
607 2029 665 2082 in
693 2027 936 2082 Domino.

462 2119 513 2174 2.
556 2119 614 2176 Si
649 2119 756 2174 hoc
779 2130 962 2174 autem
1007 2133 1113 2172 non
1141 2117 1395 2172 omnibus
1429 2115 1692 2170 adscribit
1717 2115 1960 2184 epistolis
1982 2156 1998 2180 ,

397 2228 494 2269 non
517 2220 604 2268 est
627 2211 830 2267 mirum
867 2230 881 2266 :
909 2226 1017 2266 non
1049 2211 1195 2266 enim
1248 2225 1463 2280 semper
1504 2208 1607 2264 fuit
1646 2209 1876 2274 vinctus,
1906 2207 1998 2262 sed

393 2305 718 2376 quibusdam
752 2303 1110 2373 temporibus.
1145 2301 1272 2356 Mihi
1303 2309 1388 2356 est
1409 2301 1696 2370 optabilius
1722 2299 1862 2354 male
1893 2300 1998 2368 pati

392 2413 483 2464 pro
503 2395 753 2460 Christo,
801 2409 964 2465 quam
994 2393 1250 2448 honorari
1283 2409 1312 2446 τι
1342 2391 1580 2448 Christo.
1613 2391 1723 2447 Hoc
1775 2406 2000 2459 magnus

389 2497 468 2542 est
492 2486 694 2552 honor,
736 2487 841 2541 hoc
885 2495 971 2541 est
1009 2486 1176 2554 gloria
1226 2500 1345 2554 quae
1375 2485 1555 2539 omnia
1583 2493 1892 2552 exsuperat.
1941 2483 1995 2537 Si

389 2581 497 2647 ipse
531 2581 631 2650 qui
679 2587 903 2650 propter
933 2593 1020 2634 me
1048 2579 1218 2632 factus
1255 2585 1337 2632 est
1380 2592 1606 2640 servus.
1633 2588 1686 2632 et
1713 2579 1999 2632 evaCuavit

386 2671 641 2742 gloriam,
673 2687 780 2726 non
820 2671 962 2727 adeo
990 2671 1337 2726 existimabat
1366 2684 1426 2727 se
1463 2686 1585 2725 esse
1617 2671 1670 2724 in
1697 2671 1886 2739 gloria,
1943 2679 2000 2724 ut

385 2764 597 2834 quando
648 2779 748 2834 pro
795 2779 883 2818 me
922 2763 1181 2833 agebatur
1219 2762 1275 2816 in
1306 2775 1548 2827 crucem,
1594 2761 1722 2831 quid
1767 2775 1854 2816 me
1890 2775 1995 2815 non

383 2866 590 2926 oportet
618 2856 766 2925 pati?
789 2854 926 2908 Audi
945 2855 1088 2909 enim
1107 2853 1282 2923 ipsum
1301 2853 1570 2909 dicentem
1595 2871 1607 2909 :
1628 2851 1991 2922 Gloriﬁcante,

383 2949 572 3018 inquit,
613 2957 666 3001 tu
702 2946 862 3001 Pater
883 2945 1064 3019 (Joan.
1095 2947 1182 3000 l7.
1215 2945 1294 3015 i).
1328 2943 1468 3012 Quid
1494 2944 1669 2999 dicis?
1700 2945 1752 2998 in
1778 2959 1993 2997 crucem

381 3042 575 3110 ageris,
618 3049 678 3095 ut
704 3047 1108 3095 exsecratorum
1130 3046 1363 3092 mortem
1389 3037 1586 3092 subeas
1625 3051 1746 3090 cum
1771 3034 1994 3090 latrooi-

381 3134 476 3186 hus
523 3143 580 3188 et
648 3132 1025 3202 scpulcrorum
1079 3130 1471 3195 etl‘ossoribus;
1514 3145 1574 3185 es
1614 3129 1992 3199 consliuendus

381 3235 426 3276 et
459 3223 712 3295 colaphis
736 3223 1049 3288 credendus,
1077 3232 1130 3278 et
1175 3223 1291 3276 haec
1333 3237 1492 3278 vocas
1519 3222 1782 3293 gloriam?
1809 3223 1990 3287 Certe,

384 3319 583 3388 inquit;
624 3319 742 3372 ha'c
770 3317 916 3372 enim
945 3317 1120 3385 patior
1147 3331 1245 3386 pro
1291 3316 1356 3370 iis
1385 3330 1519 3385 quos
1548 3315 1737 3384 diligo,
1786 3324 1841 3369 et
1877 3314 1993 3370 haec

381 3427 519 3466 omne
543 3411 777 3484 gloriam
809 3409 1082 3464 existimo.
1117 3408 1174 3464 Si
1201 3409 1290 3478 qui
1320 3407 1662 3464 miserabiles
1688 3416 1744 3463 et
1763 3408 1991 3463 miseros

379 3505 584 3564 dilexit,
647 3518 765 3556 eam
803 3515 916 3555 rem
951 3509 1106 3555 vocat
1153 3499 1404 3569 gloriam,
1455 3515 1633 3569 neque
1682 3500 1734 3553 in
1793 3499 1988 3554 throno

377 3613 496 3650 esse
526 3609 757 3663 paterno
789 3609 964 3664 neque
1008 3593 1060 3646 in
1086 3593 1276 3663 gloria,
1319 3591 1412 3646 sed
1463 3592 1515 3646 iu
1547 3593 1838 3662 ignominia
1868 3607 1989 3648 esse

378 3700 428 3742 cl
453 3688 727 3743 dedecore
751 3686 1078 3754 eratgloria,
1111 3685 1288 3739 ethoc
1313 3683 1386 3738 illi
1412 3683 1770 3752 prazferebat;
1819 3684 1990 3738 multo

381 3779 546 3848 magis
583 3792 692 3846 ego
732 3775 847 3829 haec
889 3775 1066 3829 debeo
1109 3772 1424 3828 existimare
1475 3773 1724 3844 gloriam.
1757 3773 1802 3828 0
1833 3772 1985 3828 beata

377 3867 627 3922 vincula!
658 3881 692 3922 ο
739 3866 928 3922 beatas
965 3879 1158 3919 manus
1185 3877 1323 3934 quas
1360 3864 1576 3919 ornavit
1621 3863 1715 3918 illa
1757 3864 1984 3919 catena!

377 3957 489 4012 Non
523 3965 687 4013 erant
727 3955 867 4012 adeo
897 3954 1230 4011 honorandae
1256 3955 1409 4011 Pauli
1439 3970 1654 4021 manus,
1684 3971 1805 4026 quae
1839 3956 1989 4011 clau-

375 4049 500 4104 dum
535 4049 630 4120 qui
659 4056 776 4104 erat
826 4047 1036 4119 Lystris
1070 4056 1363 4103 erexerunt
1390 4057 1445 4103 et
1495 4046 1740 4104 iecerunt
1761 4061 1987 4118 surgere

375 4141 512 4208 (Act.
538 4140 657 4212 14),
683 4149 740 4195 ut
765 4155 886 4210 qua:
908 4137 1110 4195 indutae
1124 4146 1278 4194 erant
1295 4137 1547 4194 vinculis.
1569 4139 1628 4193 Si
1647 4154 1748 4210 ego
1763 4138 1984 4194 fuissem

375 4233 478 4286 illis
506 4233 878 4302 temporibus,
911 4241 1040 4287 tunc
1082 4232 1318 4288 maxime
1355 4246 1448 4287 eas
1486 4247 1661 4286 essent
1683 4232 1982 4301 amplexus,

372 4334 428 4380 et
452 4325 676 4395 pupillis
705 4323 844 4380 meis
873 4323 1234 4380 admovissent
1263 4339 1404 4378 :nou
1435 4338 1732 4378 cessassem
1758 4324 1986 4379 deoscu-

377 4417 476 4474 lari
503 4432 727 4485 manus,
760 4432 883 4488 quae
907 4416 1082 4488 dignae
1107 4425 1235 4472 sunt
1264 4416 1463 4472 habita:
1489 4434 1608 4487 quae
1635 4432 1734 4488 pro
1757 4417 1986 4474 Domino

375 4523 497 4562 meo
536 4508 895 4563 vincirentur.
926 4507 1226 4562 Admiraris
1256 4508 1482 4562 Paulum
1505 4508 1720 4578 quando
1740 4509 1858 4578 ejus
1874 4524 1986 4563 ma-

374 4615 501 4654 num
531 4601 713 4670 tetigit
738 4603 921 4669 vipera
943 4641 959 4666 ,
991 4608 1046 4654 et
1075 4600 1207 4654 nihil
1229 4601 1278 4655 ei
1314 4601 1472 4655 fecit?
1499 4601 1575 4656 Ne
1616 4603 1827 4656 mireris
1858 4621 1870 4656 :
1901 4618 1987 4659 re-

373 4693 542 4747 verita
601 4694 747 4747 enim
789 4693 887 4747 fuit
927 4703 1205 4759 catenam;
1241 4703 1403 4748 totam
1453 4695 1614 4750 etiam
1666 4712 1814 4752 mare
1863 4713 1983 4753 eam

371 4785 761 4848 reverebatur;
815 4792 947 4840 tunc
974 4787 1118 4841 enim
1159 4793 1281 4840 erat
1329 4787 1564 4841 vinctus.
1598 4787 1656 4843 Si
1703 4789 1825 4859 quis
1851 4788 1982 4844 mihl

371 4877 587 4932 dederit
613 4893 760 4932 nune
787 4887 846 4933 ut
872 4879 1130 4934 suscitem
1158 4887 1422 4946 mortuos,
1445 4895 1550 4934 non
1579 4879 1683 4936 hoc
1704 4881 1982 4953 elegerim,

373 4967 467 5021 sed
516 4976 790 5022 catenam.
819 4967 875 5023 Si
896 4967 965 5022 ab
1000 4960 1383 5024 ecclesiasticis
1409 4971 1556 5025 curis
1582 4985 1758 5026 essem
1800 4987 1981 5028 remo-

373 5069 480 5125 tus,
511 5069 568 5113 et
595 5068 741 5113 esset
783 5059 911 5112 mihi
943 5075 1141 5130 corpus
1166 5075 1356 5115 sanum
1383 5075 1446 5116 ac
1469 5063 1723 5132 validum,
1751 5081 1854 5119 non
1891 5082 1980 5121 re-

372 5149 610 5203 eusarim
652 5150 793 5204 hanc
834 5150 1112 5220 suscipere
1161 5152 1675 5221 peregrinationem,
1707 5163 1765 5209 ut
1803 5156 1980 5212 solmu

375 5239 614 5294 viderem
659 5249 909 5303 catenas,
943 5249 1001 5295 ut
1041 5255 1317 5296 carcerem
1365 5241 1420 5296 in
1470 5257 1579 5313 quo
1621 5243 1720 5298 fuit
1747 5246 1976 5302 vinctus.

371 5329 537 5400 Atqui
569 5331 688 5400 ejus
735 5332 1119 5388 miraculorum
1147 5334 1316 5388 multa
1347 5335 1534 5391 multis
1583 5337 1636 5390 in
1678 5338 1811 5395 locis
1854 5351 1979 5397 sunt

369 5421 547 5491 signa,
580 5424 676 5479 sed
717 5439 826 5478 non
856 5433 984 5480 sunt
1005 5434 1112 5480 tant
1140 5426 1525 5484 desiderabilia
1554 5445 1716 5501 quam
1753 5433 1976 5504 stigma-

369 5521 508 5566 tum.
540 5512 610 5567 Et
648 5515 702 5569 in
734 5514 1031 5586 Scripluris
1071 5531 1175 5572 non
1206 5518 1276 5572 ita
1305 5533 1394 5573 me
1424 5517 1656 5575 delectat
1685 5523 1810 5578 dum
1852 5524 1979 5579 facit

371 5603 630 5659 miracula
652 5647 667 5673 ,
710 5622 870 5676 quam
920 5607 1048 5662 dum
1080 5608 1220 5663 male
1249 5609 1469 5678 patitur,
1500 5609 1681 5680 ﬁagris
1727 5615 1973 5681 caeditur,

374 5702 536 5762 atque
566 5706 828 5764 raptatur.
883 5697 1023 5752 Vere
1053 5697 1320 5753 mirabilia
1369 5710 1495 5756 sunt
1543 5703 1686 5758 illius
1733 5708 1976 5776 corporis

371 5783 589 5839 sudaria
616 5796 672 5841 et
718 5787 1049 5843 semicinctia
1080 5804 1201 5858 quae
1248 5794 1510 5861 stupenda
1546 5805 1758 5864 patrant
1789 5815 1803 5852 :
1846 5809 1974 5855 sunt

374 5873 489 5931 hate
519 5891 642 5936 vere
667 5878 958 5951 mirabilia,
988 5879 1083 5939 sed
1112 5895 1219 5938 non
1259 5892 1315 5939 ut
1353 5884 1462 5941 illa.
1495 5886 1620 5943 Cum
1644 5888 1798 5946 illum
1835 5893 1971 5948 ceci-

2128 555 2340 624 dissent,
2371 571 2417 615 et
2445 567 2632 622 multas
2667 573 2846 644 plagas
2895 576 2942 628 ei
2969 579 3350 652 imposuissent,
3381 589 3625 645 miserant
3675 595 3725 648 in

2123 662 2398 750 gare-eram;
2415 665 2469 710 et
2491 674 2695 729 rursus,
2739 664 2900 721 Vincti
2917 672 3198 729 laudabant
3213 675 3376 732 Deum
3397 691 3485 745 ;et
3512 699 3722 750 rursus,

2124 734 2437 808 Lapidantes
2457 757 2721 808 traxerunt
2745 775 2858 811 eum
2905 772 3048 816 extra
3093 767 3383 836 civitatem,
3417 752 3755 840 existitnanui

2122 836 2336 933 tes-eum
2361 849 2613 933 mortuum
2626 862 2734 900 esse
2755 849 2890 921 (Act.
2918 853 3006 908 16.
3024 855 3268 916 25;Ιῡὶι1.
3293 879 3340 914 υ.
3357 862 3427 918 25
3453 875 3500 918 et
3524 865 3610 920 14.
3636 868 3716 933 8).

2193 921 2418 1022 Propter
2445 930 2700 992 Christum
2743 944 2852 1010 pati
2885 942 3030 1000 bonis
3059 949 3290 1004 omnibus
3321 955 3490 1022 majus
3515 951 3610 1010 est.

2121 1010 2297 1072 Vultis
2310 1022 2458 1115 scire
2487 1039 2684 1094 quanta
2713 1048 2802 1088 res
2819 1035 2892 1090 sit
2916 1047 3105 1094 eatena
3129 1042 3298 1097 ferrea
3320 1010 3539 1115 propter
3557 1048 3716 1104 Chri.

2117 1114 2259 1163 stum
2308 1110 2360 1206 in
2387 1128 2583 1186 corpus
2625 1125 2826 1180 servile
2865 1127 3100 1198 injecta?
3138 1110 3521 1206 audite-ipsum
3553 1139 3712 1194 Chri-

2116 1208 2257 1255 stum
2305 1203 2595 1277 dicentem,
2636 1212 2782 1270 Beati
2825 1220 2962 1274 estis.
3013 1222 3070 1276 In
3111 1225 3261 1294 quo?
3306 1203 3427 1282 cum
3474 1239 3716 1287 mortuos

2117 1294 2506 1356 Suscitaveritis
2529 1304 2550 1354 ?
2577 1304 2922 1377 Nequaquam
2946 1329 2960 1378 ;
2995 1314 3087 1368 sed
3119 1316 3171 1370 in
3197 1319 3351 1387 quo?
3376 1323 3590 1390 quando
3611 1339 3716 1378 ca:-

2115 1398 2210 1441 cos
2251 1393 2611 1451 curaveritis?
2656 1399 2909 1469 Minime;
2945 1406 3042 1462 sed
3083 1409 3135 1462 in
3177 1414 3454 1480 quonam?
3495 1415 3715 1483 Quando

2117 1481 2318 1546 probris
2348 1499 2434 1538 vos
2463 1487 2728 1554 a/Tecerint
2755 1494 3005 1564 homines,
3034 1510 3081 1553 et
3111 1505 3402 1573 persequuti
3430 1481 3640 1577 fuerint,
3668 1521 3714 1562 ει

2113 1571 2332 1629 dixerint
2358 1593 2506 1634 omne
2532 1583 2723 1637 malum
2749 1587 3017 1643 adversum
3043 1606 3151 1658 vos,
3175 1596 3483 1662 mentientes,
3508 1609 3714 1669 prepter

2112 1677 2192 1716 me
2239 1665 2456 1735 (Matth.
2491 1671 2543 1726 5.
2581 1674 2695 1740 ll).
2730 1676 2786 1731 Si
2823 1688 3004 1735 autem
3033 1684 3189 1738 male
3210 1686 3398 1742 audire
3423 1665 3714 1745 sicbeatos

2110 1757 2292 1824 efﬁcit,
2327 1763 2469 1818 male
2501 1767 2606 1834 pati
2633 1769 2760 1838 quid
2804 1787 2911 1827 non
2941 1773 3171 1831 iecerit?
3200 1778 3340 1834 Audi
3366 1779 3539 1850 ipsum
3581 1783 3710 1838 bea-

2112 1857 2222 1904 tum
2270 1852 2494 1911 Paulum
2541 1858 2810 1918 dicentem
2845 1863 2970 1920 alibi
3005 1885 3019 1921 :
3056 1867 3125 1921 In
3173 1869 3368 1941 reliquo
3393 1874 3613 1943 reposita
3637 1883 3712 1929 est

2107 1944 2234 1996 mihi
2262 1962 2451 2000 corona
2479 1949 2702 2018 justitia:
2741 1954 2821 2022 (2.
2865 1955 2997 2011 Tim.
3026 1959 3080 2014 4.
3127 1960 3208 2027 8).
3241 1962 3348 2018 Sed
3380 1963 3480 2020 hac
3506 1980 3706 2022 corona

2109 2037 2420 2103 praeclarius
2442 2050 2523 2095 est
2555 2044 2827 2101 vinculum
2853 2065 2866 2102 :
2901 2048 2982 2104 E-o
3007 2065 3114 2118 me,
3145 2052 3338 2123 inquit,
3370 2055 3700 2127 dignabitur,

2106 2135 2160 2180 et
2189 2127 2258 2182 de
2301 2128 2407 2185 illis
2435 2146 2543 2186 non
2572 2146 2826 2194 accurate
2866 2140 3131 2211 discepto.
3165 2144 3247 2198 Ad
3275 2159 3492 2202 omnem
3523 2164 3698 2216 remu-

2105 2221 2441 2276 nerationem
2485 2226 2617 2280 mihi
2655 2229 2856 2286 sufﬁcit
2902 2234 3042 2289 male
3093 2251 3310 2304 passum
3341 2253 3463 2294 esse
3488 2251 3707 2310 propter

2103 2310 2402 2368 Christum.
2449 2315 2548 2371 Det
2589 2319 2720 2374 mihi
2768 2333 2825 2375 ut
2858 2323 2989 2378 illud
3019 2325 3283 2396 eloquar:
3323 2328 3594 2400 Adimpleo
3639 2348 3701 2384 ea

2101 2417 2214 2470 qua:
2243 2404 2424 2460 desunt
2445 2410 2739 2476 passionum
2764 2411 2954 2470 Christi
2979 2417 3199 2472 income
3214 2436 3326 2474 mea
3348 2419 3484 2491 (Col.
3508 2422 3557 2476 1.
3581 2421 3696 2492 24).

2103 2503 2158 2548 et
2201 2497 2402 2553 nullius
2452 2515 2606 2569 egeo.
2659 2502 2860 2572 Dignus
2897 2522 3116 2578 quoque
3157 2519 3236 2564 cst
3270 2509 3483 2566 habitus
3509 2512 3703 2568 Petrus

2104 2585 2204 2642 hac
2249 2599 2481 2644 catena:
2534 2594 2661 2648 Erat
2707 2597 2875 2665 enim,
2919 2600 3112 2669 inquit,
3157 2602 3367 2658 vinctus
3395 2614 3450 2660 et
3479 2606 3704 2662 traditus

2104 2679 2395 2746 militibus,
2426 2694 2480 2736 et
2508 2683 2811 2742 dormiebat
2845 2688 2981 2758 (Act.
3030 2692 3118 2746 12.
3147 2694 3290 2764 4-6).
3320 2695 3470 2751 Adeo
3495 2697 3701 2767 gaude.

2104 2767 2191 2822 hat
2216 2786 2314 2824 nec
2340 2772 2690 2843 alterahatnr,
2725 2786 2777 2833 ut
2828 2780 3131 2849 profundus
3168 2799 3293 2840 eum
3322 2795 3531 2842 teneret
3559 2803 3694 2844 somc

2101 2875 2202 2912 uus
2232 2877 2246 2912 :
2281 2876 2386 2916 non
2412 2863 2724 2932 dormisset,
2755 2869 2801 2922 si
2848 2872 2899 2924 in
2933 2886 3126 2943 magna
3155 2874 3344 2932 fuisset
3374 2879 3687 2935 sollicitudi-

2099 2969 2186 3008 ne.
2213 2955 2519 3012 Dormiebat
2548 2959 2685 3014 inter
2706 2961 2905 3020 milites
2929 3005 2945 3031 ,
2972 2973 3026 3020 et
3051 2969 3199 3022 venit
3219 2969 3286 3024 ad
3308 2985 3430 3025 eum
3450 2973 3693 3043 angelus,

2098 3054 2151 3097 et
2176 3060 2431 3113 percusso
2478 3049 2592 3119 ejus
2627 3051 2798 3108 latere
2839 3070 2962 3110 eum
2994 3058 3275 3115 excitavit.
3306 3062 3363 3117 Si
3405 3065 3524 3133 quis
3568 3082 3698 3136 ergo

2099 3138 2228 3192 mihi
2256 3137 2461 3195 diceret
2489 3159 2502 3196 :
2533 3143 2670 3210 Quid
2703 3147 2915 3215 malles,
2968 3165 3034 3204 an
3063 3166 3186 3207 esse
3218 3156 3446 3225 angelus
3475 3158 3565 3227 qui
3594 3159 3697 3213 Pe-

2099 3238 2238 3284 trum
2268 3234 2514 3304 pttpugit,
2555 3250 2623 3290 an
2655 3237 2848 3294 Petrus
2874 3242 2964 3311 qui
3009 3244 3191 3299 salvus
3231 3247 3443 3302 evasit?
3480 3249 3697 3306 mallem

2096 3335 2219 3376 esse
2269 3322 2463 3379 Petrus
2507 3336 2729 3397 propter
2765 3347 2926 3400 quem
2973 3335 3118 3390 venit
3164 3338 3408 3407 angelus.
3446 3339 3535 3394 Illa
3561 3341 3693 3396 mihi

2097 3414 2419 3482 prodessent
2461 3420 2692 3474 vincula.
2745 3423 2812 3477 Et
2860 3427 3154 3496 quomodo,
3189 3428 3383 3500 inquit,
3422 3443 3693 3503 precatur,

2097 3517 2368 3578 tamquam
2398 3512 2656 3569 liberatus
2677 3531 2705 3568 a
2736 3519 2945 3588 magnis
2967 3521 3166 3577 malis?
3190 3523 3266 3579 Ne
3291 3526 3502 3582 mireris
3529 3546 3541 3581 :
3573 3545 3696 3598 pre-

2093 3607 2247 3652 catur
2272 3600 2416 3655 eniut
2452 3603 2651 3658 timens
2678 3622 2747 3662 ne
2773 3610 3036 3666 moriatur
3063 3629 3076 3666 :
3109 3613 3330 3670 timebat
3359 3626 3536 3673 autem
3574 3635 3692 3675 mo-

2092 3687 2160 3752 ri,
2191 3690 2332 3758 quod
2384 3691 2560 3749 adhuc
2588 3696 2749 3752 vellet
2781 3699 2943 3755 vitam
2976 3717 3098 3758 esse
3125 3707 3494 3776 perpessionis
3529 3724 3693 3782 argu-

2093 3789 2331 3835 mentum
2383 3793 2440 3838 et
2486 3789 2791 3843 materiam.
2842 3793 2980 3847 Audi
3033 3795 3213 3866 itaque
3243 3799 3368 3868 quid
3407 3799 3521 3870 ipse
3551 3801 3696 3858 dicat

2090 3872 2281 3931 beatus
2309 3876 2508 3934 Paulus
2534 3899 2546 3933 :
2582 3879 2805 3937 Dissolvi
2833 3894 2880 3939 et
2907 3903 3024 3940 cum
3053 3888 3254 3945 Christo
3278 3909 3385 3946 esse
3401 3895 3561 3950 multo
3582 3913 3690 3950 nte-

2092 3965 2190 4022 lius
2227 3984 2248 4023 :
2293 3987 2588 4038 permanere
2634 3986 2807 4031 autem
2850 3978 2905 4032 in
2953 3995 3107 4034 carne
3149 3985 3311 4055 magis
3357 3989 3692 4042 necessarium

2091 4070 2299 4130 prapler
2347 4080 2434 4119 vos
2473 4064 2737 4138 (Philipp.
2781 4070 2832 4124 1.
2864 4070 2956 4126 25.
2987 4072 3106 4142 24).
3147 4075 3258 4130 Hoc
3289 4077 3450 4132 etiam
3485 4081 3695 4135 vocavit

2089 4151 2340 4220 gratiam,
2369 4155 2652 4212 scribens:
2697 4158 2871 4228 Vobis,
2897 4161 3088 4232 inquit,
3124 4167 3368 4221 donatum
3397 4178 3470 4224 est
3495 4169 3692 4226 aChri-

2087 4254 2189 4311 sto,
2223 4256 2275 4299 ut
2293 4263 2396 4301 non
2412 4249 2576 4304 solum
2604 4253 2657 4305 in
2684 4269 2798 4306 eum
2829 4255 3068 4320 credatis,
3100 4259 3190 4312 sed
3215 4260 3365 4312 etiam
3387 4278 3481 4330 pro
3507 4279 3564 4317 eo
3593 4281 3692 4333 pa-

2091 4338 2291 4394 tiamini
2316 4340 2426 4410 (Ib.
2453 4357 2502 4397 υ.
2551 4344 2670 4413 29).
2701 4346 3064 4414 Quamobrem
3108 4351 3208 4406 hoc
3236 4352 3328 4408 illo
3363 4363 3447 4410 est
3474 4357 3688 4427 majus:

2088 4429 2310 4486 donavit
2351 4434 2519 4490 enim.
2574 4437 2781 4494 Revera
2821 4450 2906 4497 est
2951 4444 3183 4500 maxima
3215 4449 3406 4518 gratia,
3435 4459 3489 4506 et
3518 4453 3690 4522 major

2089 4517 2199 4574 illis
2244 4523 2516 4591 omnibus,
2564 4543 2724 4596 quant
2769 4531 2939 4587 solem
2984 4542 3039 4588 et
3081 4535 3261 4590 lunam
3287 4539 3499 4606 sistere,
3525 4517 3689 4610 quam

2089 4613 2346 4668 mundum
2390 4631 2645 4674 movere:
2689 4621 2793 4677 hoc
2831 4625 3006 4694 majus
3031 4642 3192 4696 quam
3229 4631 3447 4687 vincere
3470 4643 3559 4689 aut
3588 4649 3686 4689 ex-

2088 4701 2290 4770 pellere
2317 4702 2612 4764 daemones.
2643 4709 2760 4765 Non
2791 4712 2865 4767 illi
2896 4723 3001 4768 tam
3044 4717 3248 4787 dolent,
3273 4720 3400 4775 dum
3443 4723 3547 4779 lidc
3589 4742 3685 4780 ex-

2089 4797 2360 4863 pelluntur
2403 4813 2433 4851 a
2485 4799 2662 4868 nobis,
2695 4811 2751 4856 ut
2793 4806 3009 4872 quando
3038 4809 3272 4864 viderint
3300 4827 3399 4868 nos
3429 4815 3552 4868 mali
3578 4817 3650 4870 ali
3673 4846 3686 4856 -

2086 4885 2214 4955 quid
2264 4887 2372 4956 pati
2423 4898 2643 4960 preptcr
2687 4892 2957 4950 Christum
3000 4907 3056 4952 et
3102 4899 3293 4955 vinciri
3346 4919 3361 4957 :
3411 4902 3514 4960 hoc
3538 4907 3683 4962 enim

2088 4977 2346 5046 majorem
2380 4978 2474 5034 dat
2514 4981 2816 5038 libertatem
2845 4994 2900 5039 ct
2940 4987 3208 5044 ﬁduciam.
3239 4991 3357 5049 Non
3399 5004 3683 5065 propterea

2086 5071 2287 5126 bonmn
2332 5082 2417 5127 est
2454 5074 2689 5130 vinctum
2715 5092 2837 5132 esse
2869 5089 3086 5150 propter
3112 5082 3410 5152 Christum,
3443 5089 3586 5155 quod
3617 5105 3681 5145 ea

2087 5179 2174 5220 res
2197 5181 2420 5234 regnum
2466 5167 2740 5232 conciliet,
2771 5171 2868 5226 sed
2893 5173 3037 5242 quod
3073 5189 3142 5229 eo
3170 5176 3260 5230 ﬁat
3288 5190 3506 5248 propter
3528 5181 3684 5236 Chri-

2085 5267 2226 5309 suun
2273 5274 2286 5310 :
2341 5272 2446 5311 non
2499 5267 2783 5328 propterea
2829 5261 2984 5318 beata
3027 5266 3262 5334 praedico
3302 5271 3508 5326 vincula
3540 5276 3682 5341 quod

2089 5348 2454 5402 transmittant
2480 5349 2531 5403 in
2561 5351 2778 5420 caelum,
2811 5353 2909 5409 sed
2936 5355 3079 5426 quod
3106 5372 3170 5414 ea
3197 5359 3306 5415 sint
3327 5372 3549 5432 propter
3578 5363 3683 5418 Do-

2085 5437 2288 5491 tniuum
2321 5438 2462 5493 caeli.

2157 5532 2209 5585 '5.
2235 5531 2442 5597 Quanta
2493 5541 2577 5588 est
2619 5536 2870 5605 gloriatio
2916 5539 3056 5595 scire
3097 5543 3242 5613 quod
3271 5559 3491 5620 propter
3516 5549 3678 5605 Chri-

2085 5631 2224 5676 stum
2254 5623 2325 5677 sit
2370 5624 2603 5694 vinctus,
2645 5639 2845 5699 quanta
2889 5634 3162 5705 voluptas,
3211 5651 3444 5710 quantus
3483 5643 3679 5706 honor,

2083 5723 2316 5781 quantus
2347 5715 2640 5784 splendor?
2674 5721 2880 5778 Vellem
2913 5703 3035 5780 hmo
3061 5703 3324 5798 perpetuo
3365 5733 3538 5798 eﬁ'ari,
3567 5703 3695 5790 vel]

2081 5803 2186 5859 lem
2213 5804 2424 5862 haerere
2453 5820 2682 5878 catenae,
2712 5813 2908 5870 vellem
2935 5817 3037 5871 etsi
3071 5820 3245 5890 reipsa
3270 5837 3388 5878 sum
3415 5825 3674 5894 privatus,

2084 5908 2139 5953 at
2179 5901 2382 5954 ratione
2413 5918 2513 5971 per
2554 5903 2898 5964 aﬁ‘ectionem
2928 5911 3160 5968 animant
3205 5929 3267 5970 ea
3316 5915 3667 5973 circumdare.
