4140 6500
404 465 472 521 59
533 505 538 508 -
1144 450 1202 506 Β.
1241 444 1516 504 JUANNIS
1550 433 2022 498 CIIRYSOSTOMI
2063 429 2374 490 ARCHIEP.
2403 427 2934 488 CONSTANTINOP.
3613 437 3686 498 ω

2098 559 2265 614 quare
2291 543 2452 600 etiam
2483 559 2602 598 cum
2634 552 2793 598 terra:
2836 543 3022 596 motu?
3050 541 3245 612 Audite
3272 543 3365 599 Dei
3391 544 3679 617 dispem-

2102 637 2320 700 tionem,
2352 645 2406 690 et
2434 635 2792 690 admirantini.
2819 635 3068 690 (nuntium
3092 635 3416 690 suntsaluta
3443 639 3681 708 vincula,

405 582 580 635 Terrae
618 584 754 628 motu
784 582 1057 625 concussus
1083 574 1155 619 est
1192 576 1364 615 carcer
1388 558 1553 611 vincto
1589 552 1772 614 Paulo,
1807 559 1853 603 et
1880 556 1994 601 sunt

408 669 580 725 omnia
609 666 839 719 relaxata
863 658 1064 714 vincula
1090 656 1225 725 (Act.
1257 653 1344 704 16.
1373 648 1488 716 26).
1520 643 1711 699 Vidisti
1742 637 1982 694 vinculo-

413 774 530 814 rum
559 765 801 810 naturam
831 748 1194 805 resolventem
1222 738 1477 794 vincula?
1508 735 1658 790 Sicut
1678 732 1822 786 enim
1852 741 2000 783 mors

418 850 631 906 Domini
660 855 832 902 morte
863 850 1090 898 mortem
1120 837 1318 901 affecit,
1348 836 1419 888 ita
1439 833 1600 887 etiam
1625 827 1772 883 Pauli
1790 821 1999 876 vincula

417 944 626 996 vinctos
675 938 973 999 solverunt,
1025 943 1302 987 carcerem
1352 929 1772 983 concusserunt,
1824 922 2001 985 portas

414 1041 756 1103 aperuerunt.
806 1027 966 1098 Atqui
1014 1039 1122 1078 non
1160 1030 1244 1077 est
1272 1019 1387 1073 lucc
1406 1014 1743 1071 vinculorum
1777 1017 1991 1069 natura,

418 1101 514 1178 sed
544 1121 836 1186 contraria,
885 1130 1082 1185 nempe
1127 1113 1363 1168 vinctum
1393 1117 1506 1162 tuto
1532 1113 1716 1159 tenere
1740 1101 1794 1154 in
1820 1105 2002 1152 custo-

417 1215 525 1276 dia,
559 1229 666 1267 non
693 1212 742 1266 ei
771 1207 983 1278 aperire
1005 1205 1257 1275 parietes.
1289 1199 1394 1255 Sed
1425 1193 1759 1250 vinculorum
1788 1186 2002 1258 quidem

420 1319 526 1357 non
568 1311 654 1356 est
700 1300 948 1354 absolute
1000 1297 1114 1348 haec
1143 1300 1354 1355 natura,
1396 1287 1493 1343 sed
1520 1282 1858 1338 vinculorum
1887 1290 2006 1346 quzc

421 1407 548 1452 sunt
589 1402 810 1464 propter
851 1389 1146 1445 Christum.
1194 1385 1384 1439 Custos
1422 1376 1655 1433 carceris
1682 1369 1908 1464 procidit
1939 1365 2006 1421 ad

427 1459 604 1555 pedesv
623 1459 772 1538 Pauli
812 1491 864 1536 et
892 1480 1037 1536 Silaa.
1071 1476 1177 1531 Sed
1209 1487 1381 1542 neque
1408 1471 1511 1524 hoc
1537 1465 1786 1522 absolute
1810 1459 2010 1555 faciunt

424 1553 660 1640 vincula,
690 1582 749 1627 ut
777 1588 872 1628 eos
897 1570 988 1640 qui
1021 1563 1511 1622 viuxeruntducant
1535 1559 1601 1612 ad
1623 1556 1783 1627 pedes
1804 1553 2010 1606 vincto-

427 1685 567 1731 rum,
621 1666 716 1722 sed
760 1674 945 1720 contra
993 1662 1094 1715 hos
1130 1659 1238 1713 illis
1275 1655 1500 1711 reddant
1539 1649 1833 1719 subjectos.
1862 1643 2012 1698 Nunc

427 1771 606 1814 autem
639 1759 706 1822 is,
734 1757 825 1827 qui
857 1764 972 1809 erat
997 1753 1227 1815 solutus,
1256 1747 1615 1819 procubuerat
1637 1743 1702 1796 ad
1727 1740 1890 1796 vincti
1917 1752 2012 1807 pe-

434 1852 569 1906 des:
617 1851 706 1918 qui
754 1850 1020 1910 vinxerat,
1068 1842 1290 1911 rogabat
1337 1839 1570 1892 vinctum
1613 1842 1672 1888 ut
1714 1831 2016 1887 solveretur

434 1954 599 1994 metu.
631 1939 746 1993 Non
776 1947 829 1991 tu
859 1951 980 1989 eum
1015 1932 1256 1997 vinxisti,
1285 1930 1370 1984 dic
1397 1926 1565 1981 mihi?
1592 1938 1697 1980 non
1729 1931 1781 1976 tu
1807 1936 1930 1975 eum
1962 1919 2013 1972 in

437 2032 748 2085 interiorem
776 2025 1056 2096 conjecisti
1087 2021 1386 2078 custodiam
1409 2019 1433 2071 ?
1463 2033 1570 2072 non
1598 2025 1652 2068 tu
1670 2010 2018 2082 compedibus

437 2125 489 2177 in
521 2133 632 2175 tuto
663 2120 935 2174 collocasti
963 2115 1169 2187 pedes?
1195 2113 1321 2183 quid
1343 2108 1752 2166 eontremiscis‘t
1779 2103 1915 2171 Quid
1945 2112 2019 2156 tu-

442 2213 716 2267 mnhnnris
741 2211 763 2264 ?
797 2210 922 2280 quid
952 2205 1310 2278 lacrymaris?
1339 2203 1466 2273 quid
1491 2199 1751 2254 strinxisti
1794 2195 2020 2250 ensem?

437 2306 577 2360 Nihil
609 2305 736 2367 tale,
761 2303 952 2371 inquit,
987 2301 1130 2352 vinxi
1160 2315 1173 2349 :
1203 2295 1508 2350 nesciebam
1541 2301 1743 2344 tantum
1771 2303 1892 2341 esse
1914 2287 2023 2339 vir-

442 2410 606 2450 tutem
643 2395 940 2448 vinctorum
963 2390 1183 2445 Christi.
1216 2386 1354 2454 Quid
1375 2383 1554 2438 dicis?
1575 2386 1896 2450 acceperunt
1924 2390 2020 2446 po-

443 2501 687 2544 testatem
735 2487 897 2540 caelos
951 2481 1250 2550 aperiendi,
1305 2488 1360 2532 et
1401 2489 1670 2532 carcerem
1728 2488 1833 2526 non
1871 2479 2025 2524 erant

441 2576 700 2647 aperturi?
728 2573 1003 2629 solvebant
1024 2586 1117 2624 eos
1138 2569 1227 2639 qui
1255 2567 1414 2620 vincti
1445 2577 1642 2618 eranta
1670 2560 2023 2622 daemonibus,

442 2681 496 2725 et
554 2669 753 2723 ferrum
798 2681 893 2721 eos
928 2671 1046 2718 erat
1072 2657 1486 2730 superaturum?
1519 2655 1635 2708 Non
1676 2653 1812 2706 nosti
1859 2651 2022 2712 viros,

444 2771 500 2817 et
529 2759 649 2814 ideo
678 2757 888 2812 veniam
920 2771 977 2808 es
1003 2758 1386 2818 consequutus.
1423 2746 1616 2800 Paulus
1647 2753 1732 2796 est
1775 2741 1864 2795 ille
1907 2740 2025 2792 vin-

445 2861 586 2916 ctus,
617 2862 774 2918 quem
806 2843 982 2912 angeli
1011 2855 1200 2897 onmes
1245 2847 1369 2892 sunt
1407 2834 1620 2891 reveriti
1651 2851 1663 2886 :
1700 2831 1893 2886 Paulus
1921 2837 2026 2891 est,

449 2941 602 3009 cujus
631 2937 848 2992 sudaria
875 2945 926 2989 et
949 2929 1281 2987 semiciuCtia
1307 2929 1577 2980 da‘moues
1600 2921 1938 2992 expellebant
1976 2929 2030 2972 et

453 3007 671 3085 morbos
714 3025 986 3094 fugahant.
1038 3020 1196 3087 Atqui
1230 3017 1372 3070 ferro
1399 3025 1483 3070 est
1513 3013 1682 3068 multo
1711 3010 1877 3078 magis
1905 3007 2033 3062 ada-

451 3120 771 3184 niantinum,
799 3125 854 3171 et
874 3114 1014 3185 quod
1041 3111 1209 3180 frangi
1234 3125 1339 3163 non
1365 3114 1560 3176 potest,
1580 3101 1840 3157 daemonis
1859 3099 2044 3152 vincu-

451 3219 559 3268 lum
589 3231 605 3268 ;
647 3226 768 3265 nam
797 3209 898 3263 hoc
923 3205 1136 3277 quidem
1165 3204 1414 3264 animam,
1449 3197 1579 3252 illud
1607 3209 1734 3250 vero
1763 3193 1887 3262 ligat
1915 3206 2036 3245 cor-

455 3322 576 3378 pus.
604 3304 704 3370 Qui
732 3302 938 3356 vinctas
961 3313 1088 3369 ergo
1104 3297 1263 3351 solvit
1289 3295 1514 3353 animas,
1539 3302 1734 3356 corpus
1752 3299 1904 3340 suum
1928 3298 2033 3337 non

455 3373 625 3467 potuit
651 3391 884 3450 solvere?
904 3389 996 3460 qui
1023 3389 1323 3442 daemonum
1348 3379 1629 3452 perfringit
1647 3376 1877 3440 vincula,
1908 3373 2036 3428 ferri

456 3465 562 3544 non
626 3485 848 3540 solverit
885 3480 1152 3552 ligamen?
1213 3477 1303 3547 qui
1362 3489 1455 3544 per
1509 3484 1634 3526 suas
1685 3478 1859 3522 vestes
1919 3465 2038 3519 illos

453 3577 696 3635 solvebat
719 3577 926 3629 vinctos
979 3581 1034 3627 et
1076 3568 1334 3626 liberabat
1373 3579 1402 3618 a
1426 3561 1778 3626 daimonibus,
1807 3559 1919 3626 ipse
1946 3569 2039 3625 per

457 3686 516 3726 se
543 3669 778 3737 seipsuni
805 3679 912 3720 non
939 3661 1198 3718 solverit?
1220 3659 1514 3725 Propterea
1540 3653 1656 3722 ipse
1683 3651 1912 3720 primum
1943 3647 2042 3700 fuit

457 3767 688 3820 vinctus.
716 3771 768 3814 et
791 3769 913 3813 tunc
942 3754 1104 3811 solvit
1129 3753 1361 3812 vinctos,
1389 3756 1448 3801 ut
1471 3746 1647 3800 discas
1671 3741 1813 3812 quod
1841 3738 2038 3794 Christi

456 3854 600 3910 servi
627 3854 788 3908 vincti
821 3851 976 3918 longe
998 3846 1254 3914 majorem
1277 3841 1382 3893 vim
1412 3838 1630 3902 habent,
1655 3849 1812 3904 quam
1839 3833 1927 3901 qui
1954 3847 2034 3884 εο-

458 3947 552 4000 luti
599 3951 740 3999 sunt.
787 3940 842 3996 Si
892 3939 1103 3993 solutus
1153 3932 1254 3986 hoc
1289 3928 1523 3990 fecisset,
1571 3940 1674 3979 non
1719 3933 1824 3976 tant
1858 3921 2043 3976 fuisset

459 4035 672 4088 mirum.
701 4031 816 4086 Non
846 4037 965 4085 erat
1012 4027 1190 4094 itaque
1215 4019 1486 4076 vinculum
1515 4012 1913 4073 imbecillitatis,
1945 4010 2039 4064 sed

462 4123 681 4192 majoris
727 4119 1002 4191 potentia.
1050 4114 1140 4171 Sic
1162 4113 1306 4168 enim
1335 4108 1505 4165 sancti
1542 4103 1849 4175 praeclarior
1875 4101 2042 4155 virtus

461 4215 782 4278 ostenditur,
807 4210 1024 4281 quando
1048 4209 1209 4262 etiam
1237 4203 1450 4258 vinctus
1472 4199 1804 4254 dominatum
1835 4194 2043 4250 obtinet

462 4311 515 4362 in
545 4307 770 4369 vinctos,
797 4317 918 4356 cum
949 4302 1111 4354 etiam
1152 4296 1367 4350 vinctus
1407 4307 1515 4347 non
1560 4288 1736 4345 solum
1781 4286 2038 4355 seipsum,

463 4399 558 4454 sed
585 4397 745 4452 etiam
774 4393 984 4448 vinctos
1013 4387 1194 4446 solvit.
1237 4385 1374 4454 Quid
1399 4383 1584 4453 juvant
1614 4378 1885 4450 parietes?
1913 4374 2040 4446 quid

464 4488 684 4560 prodest
707 4500 828 4539 eum
854 4483 906 4537 in
933 4480 1240 4536 interiorem
1272 4475 1540 4544 conjicere
1571 4469 1887 4533 custodiam,
1918 4481 2040 4521 cum

463 4579 621 4635 etiam
657 4574 925 4646 aperuerit
953 4567 1316 4626 exteriorem?
1357 4566 1464 4621 Cur
1494 4562 1544 4618 id
1574 4571 1751 4616 autem
1785 4567 1966 4622 noctu,
1989 4564 2044 4613 et

463 4688 560 4728 cur
582 4685 702 4726 cum
730 4676 887 4722 terrae
917 4673 1064 4719 motu
1091 4661 1286 4716 factum
1317 4656 1442 4713 est?
1468 4655 1660 4710 Parum
1687 4651 1817 4707 mihi
1845 4661 2038 4704 conce-

463 4763 571 4818 dite
600 4770 654 4814 et
673 4757 982 4829 permittite,
1015 4762 1073 4808 ut
1095 4753 1222 4806 dum
1261 4765 1288 4802 a
1322 4747 1503 4802 verbis
1529 4741 1880 4798 ahscesserim
1911 4754 2041 4806 apo-

465 4854 688 4918 stolicis,
710 4852 830 4907 etin
855 4850 1010 4906 factis
1024 4843 1336 4918 apostolicis
1363 4856 1448 4894 me
1474 4837 1797 4907 expleverim
1815 4831 2042 4896 deliciis,

466 4947 520 5000 in
563 4943 710 4998 Pauli
749 4952 942 4996 catena
983 4934 1260 4995 convivari
1293 4951 1305 4984 :
1336 4933 1460 4986 date
1499 4927 1626 4982 mihi
1675 4929 1728 4980 in
1777 4940 1838 4980 ea
1885 4921 2044 4992 paulo

463 5036 694 5103 amplius
713 5033 936 5089 versari.
971 5026 1313 5101 Apprehendi
1345 5022 1635 5084 vinculum,
1659 5033 1815 5074 nemo
1833 5031 1920 5071 me
1946 5014 2044 5069 ab~

468 5127 644 5180 ducet.
684 5123 875 5179 Tutius
895 5136 994 5191 ego
1024 5135 1168 5174 nunc
1192 5131 1309 5171 sum
1336 5115 1547 5168 vinctus
1567 5109 1854 5172 desiderio,
1884 5119 2042 5176 quam

468 5219 554 5271 ille
595 5227 719 5271 tunc
747 5216 913 5285 ligno.
955 5213 1069 5268 Huc
1096 5223 1254 5263 nemo
1280 5207 1438 5261 solvit
1462 5202 1767 5265 vinculum;
1797 5206 1879 5252 est
1903 5197 2045 5251 enim

465 5321 494 5360 a
522 5306 720 5361 Christi
743 5303 1013 5372 desiderio
1052 5318 1066 5353 :
1098 5301 1200 5354 hoc
1216 5313 1390 5367 neque
1408 5293 1604 5364 angeli,
1630 5305 1803 5359 neque
1821 5301 2044 5356 regnum

466 5399 720 5453 Caelorum
737 5404 908 5464 potest
924 5395 1154 5449 solvere.
1171 5387 1516 5445 Licetaudire
1531 5385 1706 5454 ipsum
1733 5380 1950 5434 Paulum
1970 5377 2048 5430 di-

465 5498 678 5544 centem
697 5503 710 5539 :
736 5484 914 5554 Neque
930 5483 1116 5554 angeli,
1132 5497 1296 5549 neque.
1303 5478 1634 5546 principatus,
1651 5488 1808 5542 neque
1831 5477 2042 5541 potesta-

465 5591 555 5641 tes,
573 5594 727 5647 neque
741 5575 1159 5642 instantia,ttequc
1167 5575 1356 5643 futura,
1373 5583 1528 5637 neque
1539 5564 1757 5618 altitudo
1774 5576 1965 5630 nequep
1973 5573 2048 5611 ro-

465 5674 552 5738 [ειη
567 5671 680 5722 lum
697 5675 853 5735 potest
866 5683 955 5720 nos
965 5679 1197 5733 separare
1213 5662 1462 5715 ecaritate
1481 5656 1665 5711 Christi
1692 5651 1907 5722 (Rom.8
1934 5648 2048 5717 59).

537 5759 614 5812 De
639 5755 846 5809 custode
883 5755 1121 5818 carceris,
1166 5755 1218 5806 in
1247 5767 1345 5820 quo
1377 5749 1575 5802 Paulus
1604 5754 1710 5798 erat
1737 5744 1954 5795 vinctus.
1973 5766 2045 5776 ——-

465 5853 706 5917 Quanam
730 5863 856 5916 ergo
881 5847 948 5903 de
989 5862 1145 5904 causa
1188 5845 1380 5900 factum
1409 5853 1490 5896 est
1519 5840 1617 5895 hoc
1646 5836 1818 5892 media
1853 5833 2050 5887 nocte?

2099 737 2155 784 et
2184 738 2350 798 porta:
2376 737 2500 782 sunt
2527 738 2744 796 apertae.
2773 726 2878 782 Sed
2911 728 3013 782 hoc
3036 727 3208 781 solum
3235 727 3430 782 factum
3457 738 3536 784 est
3567 746 3684 800 pro-

2103 827 2220 888 pter
2259 817 2534 872 custodem
2574 817 2839 880 carceris;
2875 833 2979 870 non
3012 817 3076 871 ad
3114 816 3550 885 ostentationem,
3578 821 3677 876 sed

2102 909 2168 964 ad
2199 909 2444 964 salutem.
2473 907 2604 963 Nam
2627 909 2768 979 quod
2801 908 2961 963 vincti
3001 910 3270 964 nescirent
3297 926 3357 965 se
3382 926 3504 966 esse
3529 913 3674 968 solu-

2105 1008 2205 1065 tos,
2237 1009 2322 1054 est
2355 999 2688 1068 perspicuum
2719 1015 2782 1053 ex
2811 1014 2939 1053 voce
2969 999 3137 1053 Pauli.
3169 1000 3307 1065 Quid
3337 1002 3479 1056 enim
3508 1002 3684 1058 dicit?

2104 1088 2362 1144 Clamavit
2399 1105 2529 1145 voce
2555 1105 2744 1159 magna
2782 1090 2968 1144 dicens
2998 1108 3011 1144 :
3038 1089 3189 1144 Nihil
3216 1093 3306 1145 tibi
3332 1093 3454 1146 mali
3483 1095 3646 1164 facias
3669 1135 3686 1162 ,

2106 1197 2276 1236 omnes
2303 1183 2436 1235 enim
2461 1183 2541 1236 Itic
2566 1199 2740 1236 suum;
2770 1182 2906 1251 (Act.
2940 1182 3028 1236 16.
3054 1181 3170 1252 28).
3207 1182 3317 1238 Non
3341 1183 3568 1239 fuissent
3593 1201 3691 1239 au-

2110 1283 2214 1329 tem
2258 1290 2449 1328 omnes
2490 1275 2654 1341 intus,
2686 1275 2729 1329 si
2779 1275 3064 1330 scivisscnt
3092 1283 3274 1344 portas
3303 1290 3424 1332 esse
3453 1287 3689 1348 apertas,

2108 1377 2163 1423 et
2190 1383 2249 1423 se
2295 1369 2520 1424 solutos.
2556 1369 2687 1422 Nam
2729 1369 2820 1438 qui
2853 1381 3035 1422 muros
3059 1369 3412 1441 perfringunt,
3448 1381 3694 1443 tectaque

2109 1467 2163 1512 et
2185 1457 2510 1527 suggrundia
2555 1459 2879 1524 transiliunt,
2928 1468 2982 1513 et
3011 1459 3142 1513 nihil
3173 1476 3276 1514 non
3305 1462 3504 1516 audent
3531 1462 3695 1518 etiam

2109 1564 2230 1604 cum
2247 1550 2493 1615 vinculis,
2515 1566 2620 1604 non
2641 1551 2964 1606 tolerassent
2979 1561 3034 1606 ct
3051 1551 3276 1608 vinculis
3293 1555 3482 1609 solutis
3501 1563 3554 1608 et
3570 1571 3696 1623 por-

2114 1641 2181 1694 tis
2201 1643 2402 1710 apertis
2427 1643 2569 1696 intus
2607 1657 2848 1706 manere,
2876 1641 3176 1697 dormiwtc
3200 1644 3315 1713 ipso
3337 1645 3558 1700 custode
3579 1661 3697 1700 car-

2113 1733 2270 1788 ceris.
2291 1733 2396 1788 Sed
2411 1747 2504 1801 pro
2522 1732 2710 1789 ferreis
2729 1733 2959 1788 vinculis
2975 1736 3180 1790 erateis
3199 1734 3375 1792 somni
3402 1738 3668 1792 vinculum
3681 1779 3694 1793 .

2114 1821 2230 1890 Quo
2263 1822 2458 1878 factum
2489 1832 2572 1878 est
2603 1835 2659 1877 ut
2689 1833 2742 1878 et
2774 1823 2825 1878 id
2854 1824 3029 1890 fieret,
3066 1839 3164 1880 nec
3210 1841 3274 1881 ex
3304 1827 3565 1881 miraculo
3591 1829 3698 1882 ulla

2117 1929 2255 1967 noxa
2303 1913 2504 1968 rediret
2557 1913 2622 1968 ad
2650 1914 2928 1969 custodem
2959 1916 3213 1981 carceris,
3256 1918 3344 1986 qui
3377 1928 3494 1972 erat
3521 1920 3703 1975 salvus

2119 2006 2343 2060 futurus.
2390 2006 2458 2060 Et
2480 2007 2676 2076 alioqui
2709 2008 2869 2061 etiam
2906 2007 3136 2062 maxime
3164 2020 3324 2062 noctu
3359 2009 3589 2079 ligantur
3611 2012 3701 2079 qui

2122 2107 2245 2150 Sunt
2269 2097 2572 2158 vincti,non
2604 2097 2853 2151 interdiu.
2883 2095 3098 2151 Licebat
3121 2114 3249 2168 ergo
3272 2109 3396 2155 tunc
3417 2100 3706 2170 diligenter

2119 2188 2303 2244 videre
2342 2203 2526 2243 rursus
2563 2188 2770 2243 vinctos
2807 2198 2862 2244 et
2901 2189 3253 2245 dormientes.
3288 2191 3344 2246 Si
3387 2193 3500 2246 haec
3527 2205 3705 2247 autem

2123 2280 2350 2334 interdiu
2395 2283 2528 2336 facta
2571 2291 2774 2344 essent,
2819 2297 3042 2352 magnus
3071 2294 3219 2337 ortus
3255 2295 3394 2340 esset
3426 2288 3703 2341 tumultus.

2124 2371 2231 2426 Cur
2256 2386 2384 2440 ergo
2416 2379 2575 2426 terrai
2604 2381 2752 2426 motu
2781 2386 3074 2427 concussus
3106 2373 3204 2427 fuit
3230 2376 3457 2430 carcer?
3483 2375 3550 2432 Ut
3582 2391 3707 2430 sur-

2123 2471 2273 2529 geret
2303 2472 2482 2516 custos
2506 2463 2742 2518 carceris
2768 2463 2832 2518 ad
2857 2464 2932 2518 rei
2964 2466 3362 2534 spectaculum:
3397 2467 3441 2522 is
3461 2468 3603 2522 enim
3621 2484 3711 2523 so-

2126 2554 2206 2605 lus
2235 2551 2424 2620 dignus
2453 2561 2571 2607 erat
2597 2553 2792 2608 salute.

2198 2644 2249 2696 4.
2281 2643 2360 2697 Tu
2387 2652 2565 2698 autem
2615 2643 2745 2697 mihi
2787 2643 2910 2699 vide
2938 2643 3138 2699 Christi
3166 2659 3428 2700 summam
3458 2647 3708 2717 gratiam.

2128 2731 2258 2785 Nam
2291 2733 2428 2787 inter
2459 2732 2610 2787 Pauli
2655 2733 2888 2800 vincula,
2921 2733 3118 2789 Christi
3148 2751 3362 2805 quoque
3389 2737 3573 2805 gratim
3597 2752 3717 2792 me-

2132 2825 2350 2878 minisse
2377 2825 2660 2894 pulchrum
2689 2832 2746 2880 et
2769 2825 3051 2880 honestum
3080 2842 3093 2879 :
3125 2828 3232 2880 imo
3258 2841 3386 2882 vero
3409 2842 3471 2882 ea
3501 2843 3716 2898 quoque

2131 2923 2284 2967 erant
2331 2913 2424 2968 Dei
2449 2915 2654 2983 gratiae.
2698 2913 2834 2969 Sunt
2863 2916 3004 2968 enim
3033 2917 3121 2983 qui
3151 2917 3548 2986 reprehendunt
3571 2919 3717 2986 quod

2132 3007 2310 3060 salvus
2341 3005 2499 3059 fuerit
2526 3014 2707 3060 custos
2756 3008 3009 3073 carceris,
3048 3015 3103 3062 et
3131 3022 3228 3077 pro
3247 3009 3438 3079 quibus
3463 3010 3716 3066 admirari

2133 3096 2413 3166 oportebat
2456 3096 2548 3150 Dei
2590 3096 2952 3160 clementiam,
3000 3112 3064 3151 ex
3111 3098 3178 3152 iis
3205 3099 3333 3167 ipsis
3362 3100 3714 3168 vituperant:

2137 3201 2236 3240 nec
2269 3187 2486 3240 mirum.
2519 3185 2774 3240 lmbecilli
2817 3186 2960 3241 enim
2989 3195 3043 3241 et
3071 3191 3256 3257 a‘groti
3284 3198 3410 3243 sunt
3439 3189 3718 3258 hujusmo—

2135 3277 2211 3344 di,
2238 3278 2327 3348 qui
2355 3277 2512 3332 etiam
2551 3278 2862 3331 alimentum
2909 3277 3232 3346 vituperant,
3259 3278 3403 3348 quod
3437 3288 3720 3348 oporteret

2137 3367 2410 3433 admirari,
2459 3375 2514 3422 et
2549 3366 2654 3422 mel
2682 3365 2866 3421 dicunt
2894 3381 3015 3421 esse
3043 3382 3303 3422 amarum.
3335 3365 3402 3422 Et
3429 3369 3515 3438 qui
3546 3384 3722 3424 caten-

2140 3459 2296 3522 tinnt,
2345 3473 2410 3512 ex
2455 3473 2521 3512 eo
2548 3457 2969 3512 obtenebrantur
2993 3471 3058 3511 ex
3097 3473 3204 3527 quo
3230 3457 3494 3514 deberent
3524 3459 3725 3514 illumi-

2139 3551 2276 3616 nari,
2309 3565 2429 3605 cum
2457 3550 2572 3604 lucc
2598 3549 2843 3603 accidant
2864 3564 2970 3602 non
2999 3563 3065 3603 ex
3089 3564 3268 3603 rerum
3297 3559 3506 3614 natura,
3531 3550 3625 3606 sed
3653 3566 3722 3607 ex

2141 3641 2506 3696 imbecillitate
2533 3654 2719 3695 eorum
2751 3640 2840 3709 qui
2868 3639 2949 3694 eis
2975 3641 3052 3694 uti
3079 3655 3186 3695 non
3211 3650 3454 3712 possunt.
3485 3651 3544 3696 ut
3561 3658 3727 3712 opor-

2143 3740 2237 3785 tet.
2260 3730 2398 3797 Quid
2417 3745 2545 3799 ergo
2557 3729 2831 3784 dicebant?
2842 3729 2975 3784 Cum
3001 3740 3276 3799 oporteret
3299 3730 3550 3786 admirari
3578 3731 3724 3801 quod

2142 3837 2262 3875 eum
2290 3821 2524 3888 cepisset
2544 3821 2632 3889 qui
2659 3821 2725 3874 ad
2752 3829 3048 3876 extremum
3079 3821 3358 3892 prolapsus
3375 3833 3490 3878 erat
3511 3823 3721 3888 vitium,

2142 3922 2196 3964 et
2219 3911 2434 3966 fecisset
2463 3912 2762 3975 meliorem,
2793 3910 2979 3966 dicunt
3003 3929 3015 3965 :
3044 3912 3326 3980 Quomodo
3353 3929 3461 3968 non
3490 3913 3723 3969 arbitra-

2143 4009 2227 4055 tus
2250 4010 2332 4056 est
2352 4015 2468 4056 eam
2487 4017 2598 4056 rem
2623 4016 2742 4057 esse
2761 4003 3154 4073 prarstigiarum
3166 4012 3223 4058 et
3242 4004 3644 4066 incantationis.
3668 4014 3727 4061 et

2144 4107 2248 4148 non
2279 4107 2373 4148 eos
2413 4095 2581 4163 magis
2619 4093 2839 4149 retinuit
2892 4103 2946 4149 et
2991 4095 3279 4149 clamavit?
3305 4095 3386 4150 Ad
3417 4095 3521 4151 hoc
3543 4097 3728 4152 multis

2144 4198 2270 4237 usus
2298 4192 2380 4237 est
2422 4184 2783 4252 conjecturis:
2815 4183 3044 4254 primum
3075 4184 3313 4254 quidem,
3351 4187 3496 4255 quod
3523 4185 3730 4240 audivit

2143 4288 2238 4328 eos
2267 4273 2430 4326 Deum
2472 4273 2750 4328 laudantes
2776 4283 2828 4328 et
2853 4274 3080 4345 hymnos
3105 4283 3388 4330 cantantes
3415 4293 3429 4328 :
3461 4275 3728 4345 ejusmodi

2143 4373 2322 4420 autem
2347 4367 2572 4436 hymnos
2599 4380 2702 4420 non
2734 4365 3078 4431 cecinissent,
3106 4366 3151 4420 si
3183 4365 3405 4423 fuissent
3436 4366 3727 4436 praestigia-

2145 4467 2322 4512 tores:
2351 4457 2743 4523 Audivitenim,
2769 4457 2959 4526 inquit,
2979 4471 3072 4510 eos
3096 4456 3267 4511 Deum
3290 4456 3568 4512 laudantes
3590 4456 3726 4524 (Act.

2147 4547 2232 4603 i6.
2261 4546 2376 4618 25).
2426 4546 2674 4602 Secundo
2700 4556 2901 4612 autem,
2945 4545 3088 4616 quod
3119 4547 3217 4616 ipsi
3251 4563 3354 4602 non
3385 4547 3724 4617 aufugerunt,

2145 4640 2239 4696 scd
2263 4640 2422 4694 etiam
2475 4638 2864 4708 prohibuerunt
2901 4653 2967 4692 ne
2996 4651 3056 4692 se
3083 4637 3444 4693 interficeret:
3474 4639 3518 4693 si
3548 4648 3729 4692 autem

2146 4739 2363 4800 propter
2399 4745 2458 4784 se
2500 4729 2602 4784 hoc
2641 4727 2911 4792 fecissent,
2947 4743 3053 4782 non
3083 4727 3223 4782 intus
3252 4729 3598 4794 mansissent,
3631 4725 3730 4782 sed

2145 4836 2203 4878 se
2232 4823 2379 4891 prius
2425 4819 2772 4874 exemissent.
2799 4816 2984 4886 Magna
3025 4828 3201 4871 autem
3233 4825 3316 4872 cst
3339 4818 3499 4872 etiam
3542 4831 3732 4872 eorum

2148 4913 2454 4966 humanitas
2478 4928 2491 4964 :
2523 4907 2909 4977 prohibuerunt
2931 4923 2997 4961 ne
3016 4922 3078 4961 se
3106 4906 3454 4972 interficeret,
3473 4907 3562 4976 qui
3587 4907 3734 4974 ipsos

2149 5003 2322 5058 valide
2345 5017 2406 5056 ac
2433 5000 2680 5056 sin'iiliter
2701 4998 2982 5068 ligaverat.
3014 4999 3090 5053 Ac
3112 4998 3158 5052 si
3184 4997 3447 5053 dixissent
3467 4999 3542 5052 illi
3567 5015 3582 5052 :
3616 4997 3734 5051 Fir-

2147 5096 2307 5150 miter
2325 5102 2382 5147 et
2403 5091 2598 5146 acriter
2624 5106 2723 5145 nos
2750 5089 2987 5156 vinxisti,
3021 5098 3077 5142 ut
3108 5089 3223 5159 ipse
3253 5103 3404 5144 esses
3431 5088 3639 5143 solutus
3662 5087 3735 5143 ab

2149 5183 2512 5239 acerbissimis
2538 5181 2786 5235 vinculis.
2815 5179 3033 5234 Catenis
3062 5179 3206 5232 enim
3232 5192 3455 5233 suorum
3483 5187 3734 5247 peccato-

2151 5293 2268 5333 rum
2287 5273 2651 5343 unusquisque
2674 5270 3078 5340 constringitur.
3099 5268 3230 5326 Natn
3256 5269 3344 5323 illa
3371 5268 3588 5338 quidem
3606 5278 3735 5324 sunt

2150 5362 2856 5424 exsecrandavincula.llzec
2868 5371 3045 5416 autem
3061 5362 3212 5416 beata
3231 5371 3283 5414 et
3303 5361 3460 5414 valde
3476 5360 3706 5428 optanda
3718 5400 3732 5414 .

2150 5459 2282 5515 Nam
2313 5456 2451 5528 quod
2495 5455 2609 5510 lucc
2632 5455 2722 5508 illa
2748 5453 3028 5518 solverint,
3050 5451 3289 5506 ostendit
3329 5467 3392 5504 ex
3421 5452 3732 5506 sensilibus.
3765 5492 3768 5494 η

2154 5552 2342 5606 Vidisti
2366 5563 2461 5604 eos
2497 5547 2706 5602 solutos
2731 5545 2822 5616 qui
2851 5547 2992 5599 ferro
3031 5543 3242 5599 fuerant
3269 5541 3481 5600 vincti?
3513 5540 3734 5596 Videbis

2155 5657 2206 5699 te
2231 5659 2442 5713 quoque
2464 5645 2638 5712 ipsum
2655 5639 2950 5694 relaxatum
2971 5653 3035 5692 ex
3064 5638 3180 5692 aliis
3207 5639 3458 5708 gravibus
3486 5633 3734 5689 vinculis.

2157 5735 2280 5790 [hcc
2308 5735 2537 5793 vincula,
2563 5734 2882 5795 vinctorum,
2905 5730 3139 5797 inquam,
3164 5729 3396 5795 vincula,
3423 5743 3536 5782 non.
3562 5723 3732 5788 Pauli,

2159 5828 2359 5884 faciunt
2405 5827 2492 5883 illa
2536 5824 2746 5880 vincula
2797 5829 3157 5893 peccatorum.
3181 5821 3347 5877 Erant
3391 5821 3498 5876 duo
3534 5828 3730 5890 genera
