4140 6500
364 343 426 398 59
1185 340 1250 396 IN
1291 343 1511 401 EPIST.
1557 346 1649 400 ΛΙ)
1689 347 1924 403 EPHES.

2028 349 2128 405 ΔΡ.
2173 350 2259 405 IV.
2300 349 2535 407 HOMIL.
2574 350 2705 405 VIII.
3536 353 3608 409 ϐυ

359 452 467 524 οὐχὶ
495 450 607 513 :06;
632 449 840 520 τοίχους
879 451 1116 521 ἀνοίγειν
1157 455 1328 526 αὑτῷ.
1374 458 1535 511 Ἀλλά
1563 459 1671 513 τῶν
1699 461 1798 532 μὲν
1823 463 1912 514 δε-

359 541 498 611 σμῶν
523 540 696 603 ἁπλῶς
724 539 886 609 φύσις
914 543 1015 596 ούκ
1063 543 1210 597 ἔστιν
1251 545 1417 617 αῦτη,
1457 548 1673 616 δεσμῶν
1710 549 1768 602 δὲ
1807 549 1915 604 τῶν

357 630 436 685 διὰ
457 628 673 700 Χριστὸν
698 627 861 700 αῦτη.
890 629 1237 701 Προσέπεσεν
1261 635 1289 687 6
1311 633 1654 705 δεσμοφύλαξ
1672 636 1750 707 τῷ
1775 638 1920 690 Παύ-

358 719 424 788 λῳ
447 718 532 771 καὶ
561 715 632 787 τῷ
657 716 808 787 Σίλᾳ.
845 717 986 771 Ἀλλ’
1008 718 1128 772 οὑδέ
1156 718 1314 773 τοῦτο
1342 724 1488 775 ποιεῖ
1513 722 1689 793 δεσμὰ
1707 724 1916 789 ἁπλῶς,

357 806 468 868 τοὺς
479 805 738 874 δήσαντας
756 805 838 869 είς
852 807 978 870 τοὺς
994 806 1162 871 πόδας
1180 807 1335 875 ἄγειν
1357 809 1464 861 τῶν
1483 809 1804 880 δεδεμένων,
1829 811 1921 863 ἀλ-

354 892 416 946 λά
454 892 750 945 τούναντίον
797 893 1140 964 ὑποχειρίους
1180 895 1402 960 τούτους
1441 897 1672 960 ἐκείνοις
1721 900 1917 952 ποιεῖν.

354 977 455 1033 Νῦν
473 977 566 1031 61:6
587 977 873 1048 λελυμένος
895 981 1000 1033 ὑπὸ
1016 982 1144 1043 τοὺς
1168 976 1414 1052 πόδαςῆν
1432 981 1525 1035 τοῦ
1539 982 1824 1054 δεδεμένου
1846 1001 1861 1016 ·
1891 985 1920 1036 6

352 1066 503 1135 δήσας
525 1065 675 1134 ἠξίου
702 1067 796 1119 τὸν
822 1066 1045 1120 δεθέντα
1077 1067 1306 1139 λυθῆναι
1336 1067 1430 1121 τοῦ
1465 1069 1654 1140 φόϐου.
1685 1068 1824 1141 Ούχὶ
1851 1066 1918 1123 σὺ

354 1152 548 1224 ἔδησας,
569 1153 690 1206 είπέ
719 1171 806 1225 μοι
827 1171 842 1220 ;
878 1155 997 1225 οὑχὶ
1019 1157 1101 1218 είς
1119 1156 1218 1226 τὴν
1241 1157 1515 1226 ἐσωτέραν
1542 1157 1733 1221 ἔϐαλες
1755 1157 1919 1227 φυλαο

353 1242 479 1312 κήνς
509 1242 626 1312 οὐχὶ
644 1244 725 1307 είς
746 1243 808 1296 :6
839 1243 994 1307 ξύλον
1024 1244 1314 1314 ὴσφαλίσω
1331 1246 1459 1310 τοὺς
1484 1243 1687 1313 πόδάςς
1718 1247 1773 1299 τί
1793 1247 1917 1317 τρέ-

355 1343 494 1397 μεις;
539 1329 590 1381 τί
630 1329 866 1400 θορυϐῇς
896 1331 947 1384 τί
979 1331 1268 1401 δακρύεις;
1303 1327 1356 1384 τί
1383 1333 1445 1385 :6
1474 1331 1627 1402 ξίφος
1657 1333 1916 1399 ὲσπάσω;

352 1417 499 1470 Οὐδὲν
525 1415 760 1470 τοιοῦτον
786 1418 974 1487 ἔδησα.
1003 1419 1168 1488 φησίν
1193 1437 1206 1450 ·
1237 1419 1338 1472 ούκ
1367 1420 1536 1490 ᾔδειν,
1569 1421 1652 1474 ὅτι
1683 1420 1918 1491 τοσαύτη

350 1503 446 1556 τῶν
466 1505 550 1558 τοῦ
566 1505 808 1576 Χριστοῦ
829 1506 1067 1576 δεσμίων
1088 1507 1121 1576 ὴ
1141 1505 1390 1577 δύναμις.
1425 1507 1490 1560 Τί
1514 1507 1691 1575 λέγεις
1714 1524 1729 1574 ;
1755 1509 1920 1578 ούρα-

351 1593 457 1654 νοῦς
484 1585 672 1646 ἔλαϐον
703 1592 954 1658 ἐξουσίαν
984 1593 1242 1660 ἀνοίγειν,
1283 1595 1379 1646 καὶ
1421 1594 1791 1667 δεσμωτήριον
1819 1595 1920 1648 οὑκ

351 1679 551 1748 έμελλον
568 1679 842 1748 ἀνοίγειν;
877 1680 1006 1742 τοὺς
1027 1679 1130 1733 ὑπὸ
1153 1678 1425 1752 δαιμόνων
1454 1679 1769 1752 δεδεμένους
1793 1681 1918 1734 ἔλυε

349 1784 419 1829 ον,
448 1768 532 1819 καὶ
565 1765 812 1838 σιδήριον
836 1767 1064 1838 ἔμελλεν
1089 1769 1277 1823 αὐτῶν·
1299 1769 1649 1838 περιέσεσθαι
1673 1788 1686 1836 ;
1721 1771 1822 1824 οὑκ
1849 1766 1921 1823 οἷ-

349 1854 434 1917 δας
456 1856 572 1917 τοὺς
606 1853 814 1925 ἄνδρας
836 1869 850 1886 ο
883 1854 974 1908 διὰ
1002 1855 1160 1908 τοῦτο
1203 1856 1298 1909 x61
1336 1855 1668 1928 συγγνώμης
1707 1857 1915 1927 ἔτυχες.

352 1939 536 2004 Παῦλος
563 1942 591 1992 6
622 1934 910 2010 δεδεμένος
932 1941 1101 2007 ἐστὶν,
1130 1941 1192 1996 δν
1213 1943 1438 2012 ἄγγελοι
1465 1945 1663 2008 πάντες
1689 1943 1920 2015 ᾐδέσθη-

354 2045 466 2081 σαν·
495 2028 711 2092 Παῦλός
741 2029 913 2096 ἐστιν,
942 2023 1004 2085 οῦ
1045 2032 1137 2084 καὶ
1163 2032 1232 2085 :6
1262 2032 1518 2104 σουδάρια
1549 2033 1644 2086 καὶ
1671 2035 1739 2088 τά
1759 2050 1922 2104 σημι-

351 2119 504 2173 κίνθια
528 2121 798 2190 δαίμονας
825 2121 1047 2191 ἤλαυνε,
1087 2121 1181 2175 καὶ
1207 2121 1396 2188 νόσους
1437 2125 1760 2193 ἐφυγάδευε,
1796 2125 1920 2178 καί-

348 2223 414 2258 τοι
440 2206 615 2277 τωλλῷ
649 2207 873 2278 σιδήρου
905 2207 1288 2279 ἀδαμάντινος,
1328 2211 1424 2264 καὶ
1457 2211 1863 2282 ἀρῥαγέστερος
1891 2211 1920 2263 ό

345 2294 478 2363 παρὰ
519 2293 620 2347 τοῦ
666 2293 923 2364 δαίμονος
959 2295 1188 2366 δεσμός·
1220 2289 1378 2360 οὗτος
1428 2298 1526 2368 μὲν
1571 2298 1680 2368 γὰρ
1718 2297 1920 2370 ψυχὴν,

341 2385 526 2446 ἐκεῖνος
561 2384 629 2438 δὲ
669 2382 830 2454 σῶμα
873 2383 1085 2454 δεσμεῖ.
1131 2384 1188 2437 '0
1209 2385 1385 2455 ψυχὰς
1411 2387 1591 2440 τοίνυν
1631 2387 1920 2456 δεδεμένας

339 2470 487 2534 λύων,
513 2471 570 2524 :6
588 2470 757 2541 σῶμα
782 2472 842 2524 τὸ
860 2472 1023 2525 αὑτοῦ
1047 2473 1146 2525 οὑκ
1168 2473 1232 2525 ἂν
1258 2472 1443 2542 ἴσχυσε
1462 2473 1620 2526 λῦσαι
1642 2490 1655 2538 ;
1680 2475 1708 2526 6
1729 2474 1918 2545 δαιμό-

340 2576 436 2612 νων
461 2559 642 2624 δεσμὰ
669 2559 1028 2630 διαρρηγνὺς,
1063 2561 1284 2630 σιδήρου
1316 2560 1462 2614 δέσιν
1482 2561 1583 2614 οὑκ
1604 2561 1669 2614 ἂν
1694 2561 1882 2614 ἔλυσεν
1905 2577 1918 2625 ;

337 2651 364 2702 6
386 2648 467 2701 διὰ
489 2647 603 2701 τῶν
633 2649 869 2719 ἱματίων
901 2648 1067 2702 αὑτοῦ
1097 2650 1222 2712 τοὺς
1249 2650 1532 2719 δεσμώτας
1562 2651 1804 2714 ἐκείνους
1831 2650 1923 2703 λύέ

335 2753 423 2798 ων,
457 2737 544 2788 καὶ
564 2735 695 2802 ,τῶν
719 2734 990 2805 δαιμόνων
1019 2734 1399 2797 ἀπαλλάττων,
1433 2734 1597 2798 66:6;
1627 2735 1694 2787 δι’
1725 2733 1920 2788 ἐαυτοῦ

337 2824 516 2878 ἑαυτὸν
539 2824 650 2878 οὐκ
671 2823 738 2877 ἂν
759 2824 915 2878 ἔλυσε
937 2840 952 2886 ;
982 2823 1079 2876 Διὰ
1102 2822 1260 2876 τοῦτο
1281 2824 1496 2892 πρῶτον
1521 2823 1698 2894 ἐδέθη,
1722 2823 1924 2876 1:61:6-

334 2927 387 2963 τε
417 2911 536 2973 τοὺς
551 2911 880 2980 δεδεμένους
913 2909 1121 2976 ἔλυσεν,
1143 2909 1230 2962 ἵνα
1260 2909 1458 2981 μάθῃς,
1477 2910 1560 2963 ὃτι
1589 2913 1636 2962 οἱ
1663 2909 1756 2963 τοῦ
1785 2910 1922 2978 Χρι-

337 2997 454 3051 στοῦ
479 2997 664 3051 δοῦλοι
692 2996 984 3068 δεδεμένοι,
1027 2996 1208 3067 πολλῷ
1240 2997 1349 3050 τῶν
1371 2996 1694 3068 Δλελυμένων
1738 2997 1922 3066 μείζο-

336 3102 396 3138 να
423 3086 612 3156 έχουσι
642 3088 740 3154 τὴν
774 3083 948 3154 ἰσχύν.
996 3082 1061 3136 Εἰ
1086 3081 1381 3154 λελυμένος
1413 3084 1572 3138 τοῦτο
1605 3085 1922 3154 εἰργάσατο,

333 3176 427 3227 οὑκ
446 3171 512 3244 ἦν
535 3173 690 3228 οὕτω
713 3171 1026 3242 θαυμαστόν
1050 3189 1063 3203 ο
1091 3171 1232 3225 ὥστε
1253 3173 1354 3225 οὑκ
1372 3171 1658 3236 ἀσθενείας
1679 3174 1708 3225 6
1726 3172 1924 3240 δεσμὸς

334 3252 417 3326 ἦν,
447 3261 588 3316 ἀλλά
631 3262 879 3332 μείζονος
908 3260 1211 3330 δυνάμεως.
1243 3259 1401 3312 Οῦτω
1434 3260 1545 3328 γὰρ
1570 3258 1927 3330 λαμπροτέρα

332 3346 363 3411 ή
394 3351 544 3419 ἰσχὺς
570 3349 675 3402 τοῦ
706 3347 864 3416 ἁγίου
891 3347 1186 3410 δείκνυται,
1219 3347 1350 3400 ὅταν
1381 3348 1476 3400 καὶ
1504 3345 1785 3415 δεδεμένος
1817 3345 1926 3398 τῶν

336 3437 650 3507 λελυμένων
674 3437 876 3508 κρατῇ,
905 3435 1034 3488 ὅταν
1057 3437 1084 3488 6
1112 3434 1396 3505 δεδεμένος
1422 3432 1497 3504 μὴ
1526 3434 1685 3504 μόνον
1711 3431 1924 3497 ἑαυτὸν,

333 3525 462 3579 ἀλλὰ
481 3529 578 3579 καὶ
614 3527 740 3589 :06;
763 3524 1081 3594 δεδεμένους
1108 3523 1228 3594 λύῃ.
1272 3524 1338 3576 Τί
1368 3523 1478 3576 τῶν
1505 3523 1700 3592 τοίχων
1721 3523 1779 3575 :6
1802 3521 1928 3588 δφε-

333 3615 445 3678 λος;
472 3617 526 3669 τί
560 3616 630 3669 τὸ
662 3615 825 3667 πλέον
848 3613 958 3668 ἀπὸ
986 3612 1078 3666 τοῦ
1110 3615 1188 3675 εἰς
1227 3614 1324 3680 τὴν
1373 3611 1650 3683 ἐσωτέραν
1681 3611 1928 3680 φυλακὴν

336 3703 512 3770 βαλεῖν
541 3702 736 3764 αὑτὸν,
759 3703 895 3755 ὅπου
918 3717 982 3768 γε
1009 3700 1101 3752 καὶ
1130 3699 1226 3769 τὴν
1252 3699 1525 3768 ἐξωτέραν
1554 3698 1758 3770 ἀνέῳξε
1779 3697 1926 3768 ;[57]

335 3791 429 3842 Διὰ
443 3792 492 3843 τί
515 3791 570 3844 δὲ
605 3792 664 3841 ἐν
690 3789 869 3852 νυκτὶ,
897 3787 990 3840 καὶ
1013 3786 1148 3857 μετά
1177 3785 1402 3856 σεισμοῦ
1424 3786 1676 3854 γέγονεν;
1711 3785 1929 3839 Ἔνδοτέ

337 3895 425 3946 μοι
448 3878 653 3947 μικρὸν
687 3876 784 3928 καὶ
798 3873 1259 3944 παραχωρήσατε,
1274 3872 1382 3925 τῶν
1403 3869 1773 3926 ἁποστολικῶν
1789 3873 1928 3925 ἀπο-

336 3964 585 4034 σχομένῳ
618 3962 908 4033 ῥημάτων,
940 3960 1035 4013 καὶ
1063 3960 1466 4032 ἐντρυφήσαντι
1495 3961 1608 4023 τοῖς
1642 3959 1929 4013 ἀποστολι-

334 4057 444 4117 κοίς
472 4053 828 4123 πράγμασιν,
852 4047 1172 4120 έστιαθῆναι
1192 4048 1252 4100 ὲν
1273 4050 1340 4118 τῇ
1359 4047 1549 4100 ἁλύσει
1572 4047 1784 4101 Παύλου
1807 4065 1820 4079 ’
1846 4047 1930 4100 δό-

331 4157 388 4193 τε
415 4159 505 4212 μοι
526 4137 795 4193 ἐπιπλέον
814 4134 1172 4206 ἐνδιατρίψαι.
1195 4135 1570 4204 Ἐπελαϐόμην
1591 4135 1686 4188 τοῦ
1705 4135 1926 4206 δεσμοῦ,

331 4227 514 4290 ούδείςυ
542 4244 616 4297 με
645 4224 958 4295 ἀφίστησιν.
1006 4221 1435 4292 Ἀσφαλέστερον
1463 4221 1573 4289 ἐγὼ
1592 4222 1813 4291 δέδεμαι
1834 4222 1930 4276 νῦν

330 4316 407 4386 τῷ
427 4314 622 4385 πόθῳ(
647 4312 682 4384 ἦ
711 4314 919 4374 ἐκεῖνος
941 4310 1065 4364 τότε
1089 4309 1167 4379 τῷ
1191 4309 1354 4378 ξύλῳ.
1396 4306 1598 4362 Τοῦτον
1616 4309 1791 4372 οὐδεὶς
1811 4308 1930 4363 λύει

331 4401 421 4456 τὸν
443 4400 674 4472 δεσμόν·
697 4400 806 4453 ἀπὸ
827 4397 938 4468 γὰρ
959 4395 1053 4450 τοῦ
1075 4397 1243 4450 πόθου
1267 4397 1386 4449 ἐστὶ
1405 4393 1496 4448 τοῦ
1518 4395 1774 4466 Χριστοῦ
1803 4395 1932 4449 τοῦ·-

329 4508 420 4544 τον
447 4490 576 4545 οὑδέ
600 4490 652 4542 οί
676 4487 921 4555 ἄγγελοι,
949 4486 1068 4540 οὐδὲ
1093 4484 1341 4555 βασιλεία
1359 4483 1602 4556 οὐρανῶν
1633 4483 1807 4556 ίσχύει
1831 4484 1931 4539 λῦ-

333 4594 459 4632 σαι·
503 4574 680 4630 αὑτοῦ
727 4573 939 4627 Παύλου
982 4573 1132 4626 ἐστὶν
1162 4569 1394 4624 ἀκοῦσαι
1438 4569 1725 4638 λέγοντος,
1782 4571 1933 4626 οὔτε

331 4669 604 4736 ἄγγελοι,
621 4664 763 4718 οὔτε
778 4660 976 4731 ἀρχαί,
995 4661 1133 4714 οὔτε
1154 4659 1462 4727 δυνάμεις,
1473 4658 1613 4713 οὔτε
1630 4659 1934 4714 ἐνεστῶτα

332 4755 472 4807 οὔτε
490 4752 827 4822 μέλλοντα,
849 4749 989 4803 οὔτε
1007 4747 1227 4816 ὕψωμα
1245 4746 1382 4800 οὕτε
1392 4745 1587 4811 ,βάθος
1602 4745 1934 4813 δυνήσεται

331 4839 494 4910 ἡμᾶς
521 4839 781 4908 χωρίσαι
809 4833 927 4890 ἀπὸ
962 4832 1073 4902 τῆς
1101 4831 1341 4902 ἀγάπης
1373 4832 1480 4886 τοῦ
1507 4830 1789 4900 Χριστοῦ.

404 4999 568 5063 Τίνος
590 4994 685 5053 οῦν
713 4999 877 5052 ἔνεκα
905 4996 1072 5067 μέσον
1102 4995 1316 5050 νυκτῶν
1340 4995 1402 5049 :6
1442 4997 1675 5068 πρᾶγμα
1705 4996 1932 5064 γέγονε;

333 5092 479 5152 τίνος
506 5088 702 5141 ἔνεκεν
727 5085 822 5139 καὶ
849 5083 987 5155 μετὰ
1012 5081 1238 5153 σεισμοῦ
1261 5099 1275 5148 ;
1311 5083 1606 5136 Ἀκούσατε
1631 5083 1765 5135 Θεοῦ
1788 5085 1935 5137 οίκο-

333 5174 559 5246 νομίαν,
597 5173 692 5226 καὶ
717 5169 1060 5240 θαυμάσατε.
1095 5169 1319 5222 Πάντων
1337 5169 1408 5222 :6
1427 5168 1602 5238 δεσμὰ
1625 5167 1808 5239 ἐλύθη,
1843 5171 1936 5222 καὶ

333 5267 390 5318 αί
418 5263 594 5333 θύραι
621 5257 968 5330 ἁνεῴγησαν.
1009 5255 1172 5310 Ἀλλά
1205 5255 1366 5310 τοῦτο
1400 5255 1560 5326 μόνον
1591 5255 1681 5309 διὰ
1701 5257 1792 5309 τὸν
1811 5257 1937 5309 δεσ-

338 5349 644 5420 μοφύλακα
689 5344 950 5415 γέγονεν,
1001 5344 1064 5396 06
1107 5343 1248 5412 πρὸς
1296 5342 1577 5410 ἐπίδειξιν,
1615 5343 1752 5398 ἀλλὰ
1801 5343 1938 5415 πρὸς

335 5436 645 5508 σωτηρίαν.
695 5435 822 5486 Ὅτι
881 5431 991 5502 γὰρ
1046 5429 1147 5483 οὐκ
1187 5431 1386 5502 ⁴ᾔδεσαν
1424 5431 1475 5483 οἱ
1523 5430 1800 5501 δεσμῶται
1852 5433 1935 5486 ὅτι

333 5525 631 5594 λελυμένοι
673 5521 835 5586 εἰσὶν,
867 5517 1028 5588 δῆλον
1060 5517 1169 5571 61:6
1204 5517 1308 5588 τῆς
1346 5517 1529 5587 φωνῆς
1579 5517 1817 5570 Παύλου.
1871 5519 1936 5572 Τί

335 5614 449 5684 γάρ
477 5627 647 5680 φησιν
665 5627 682 5674 ;
722 5607 1002 5678 Ἐφώνησε
1019 5606 1077 5659 δὲ
1098 5607 1249 5676 φωνῇ
1278 5605 1486 5675 μεγάλῃ
1502 5603 1677 5672 λέγων
1697 5623 1710 5636 ·
1732 5603 1938 5674 Μηδέν

338 5699 585 5767 πράξῃς
604 5694 840 5760 σεαυτῷ
865 5694 1076 5756 κακὸν,
1114 5692 1334 5758 πάντες
1358 5690 1467 5761 γάρ
1489 5691 1677 5760 ἐσμεν
1701 5691 1932 5749 ἐνθάδε.

337 5789 460 5840 Οὑκ
507 5786 578 5837 ἂν
607 5784 662 5837 δὲ
701 5783 902 5843 πάντες
943 5777 1083 5851 ἦσαν
1115 5779 1285 5842 ἔνδον,
1351 5780 1400 5831 εί
1446 5775 1588 5832 εἶδον
1631 5778 1730 5842 :6;
1766 5779 1935 5850 θύρας

341 5871 734 5943 ἀνεῳγμένας,
757 5871 851 5923 καὶ
873 5869 1101 5931 ἑαυτοὺς
1123 5866 1468 5936 λελυμένους.
1502 5866 1564 5919 OE
1594 5865 1701 5937 γὰρ
1725 5867 1931 5937 τοίχους

2024 465 2424 536 διατέμνοντες,
2449 468 2543 520 καὶ
2559 467 2785 537 ὀρόφους
2802 467 2896 519 καὶ
2917 464 3140 536 θριγκία
3163 465 3606 536 ὑπερϐαίνοντες,

2023 555 2115 606 καὶ
2153 555 2331 608 πάντα
2372 554 2678 624 τολμῶντες
2727 553 2870 623 μετὰ
2905 551 3142 622 δεσμῶν,
3191 552 3290 604 οὑκ
3327 550 3394 605 ἂν
3438 553 3607 623 ἐκαρο

2020 641 2281 711 τέρησαν,
2306 641 2402 694 καὶ
2431 640 2539 694 τῶν
2559 639 2774 711 δεσμῶν
2793 639 3103 709 λελυμένων
3147 637 3241 693 καὶ
3269 639 3377 692 τῶν
3426 639 3607 710 θυρῶν

2019 729 2413 800 ἀνεῳγμένων,
2461 729 2608 783 ἔνδον
2644 729 2860 800 μένειν,
2908 729 3002 782 καὶ
3041 728 3136 780 τοῦ
3197 728 3606 798 δεσμοφύλακος

2021 818 2376 882 καθεύδοντος
2421 819 2610 876 αὑτοῦ.
2683 819 2832 872 Ἀλλ’
2859 819 2980 872 ἀντὶ
3027 816 3242 886 δεσμῶν
3278 816 3511 889 σιδηρῶν
3536 811 3607 888 ἦν

2020 907 2204 968 αὑτοῖς
2218 908 2246 960 6
2267 905 2462 976 δεσμὸς
2472 905 2561 959 τοῦ
2577 905 2765 960 ὕπνου.
2791 905 2890 959 Διὰ
2901 905 3058 960 τοῦτο
3068 906 3240 970 οὕτως
3251 903 3601 976 ᾠκονομηθη,

2019 993 2161 1048 ὥστε
2200 995 2295 1048 καὶ
2312 994 2374 1047 τὸ
2401 995 2634 1066 πρᾶγμα
2655 993 2932 1062 γενέσθαι,
2960 994 3054 1048 καὶ
3083 993 3354 1065 μηδεμίαν
3374 991 3482 1047 61:6
3507 989 3604 1044 τοῦ

2022 1081 2301 1152 θαύματος
2340 1080 2542 1151 ζημίαν
2588 1079 2864 1151 συμϐῆναι
2906 1080 2984 1152 τῷ
3036 1080 3286 1150 μέλλοντι
3333 1078 3604 1144 σώζεσθαι

2020 1168 2409 1238 δεσμοφύλακι.
2444 1167 2556 1221 Καὶ
2584 1168 2782 1239 ἑτέρως
2805 1167 2864 1221 δὲ
2893 1167 3132 1240 μάλιστα
3169 1169 3220 1221 οί
3245 1167 3516 1225 δεδεμένοι
3545 1167 3604 1218 ἐν

2020 1255 2633 1326 νυκτὶδεσμοῦνται,οὑκ
2652 1255 2928 1326 ἐνήμέρᾳ.
2944 1255 3098 1309 Μετά
3112 1253 3311 1324 πολλῆς
3325 1250 3416 1309 οὖν
3435 1271 3602 1306 σπου-

2020 1342 2116 1412 δῆς
2132 1338 2199 1412 ἦν
2213 1342 2340 1394 ἰδεῖν
2353 1341 2669 1412 δεδεμένους
2684 1341 2867 1407 πάλιν,
2888 1342 2982 1394 καὶ
2998 1341 3378 1405 καθεύδοντας.
3398 1341 3461 1393 Εἰ
3477 1340 3534 1394 δὲ
3549 1341 3608 1392 ὲν

2021 1429 2204 1501 ἡμέρᾳ
2226 1429 2442 1498 ἐγένετο
2463 1429 2658 1494 ταῦτα,
2683 1428 2848 1492 πολὺς
2877 1429 2943 1482 ἂν
2963 1429 3180 1498 ἐγένετο
3195 1427 3608 1499 θόρυϐος.Τίνος

2020 1511 2112 1570 οὖν
2135 1517 2320 1571 ἕνεκεν
2346 1517 2440 1570 καὶ
2466 1517 2689 1586 ἐσείσθη
2719 1517 2780 1569 :6
2795 1515 3003 1587 οἴκημα
3026 1535 3041 1584 ;
3072 1517 3233 1570 Ὥστε
3258 1516 3607 1586 διαναστῆναι

2020 1604 2111 1658 τὸν
2138 1605 2526 1676 δεσμοφύλακα
2555 1607 2648 1658 ἐπὶ
2679 1607 2777 1678 τὴν
2801 1606 2896 1660 τοῦ
2919 1605 3244 1678 πράγματος
3264 1605 3392 1660 θέαν
3416 1621 3430 1634 ·
3455 1600 3608 1666 06:0;

2021 1691 2131 1762 γὰρ
2149 1688 2218 1764 ἦν
2241 1693 2389 1760 ἄξιος
2416 1694 2514 1764 τῆς
2545 1694 2820 1766 σωτηρίας
2851 1695 3031 1763 μόνος.

2094 1887 2166 1939 Σὺ
2187 1887 2244 1940 δέ
2275 1905 2364 1957 μοι
2395 1887 2494 1942 θέα
2523 1888 2622 1959 τῆς
2647 1887 2744 1942 τοῦ
2780 1887 3019 1959 Χριστοῦ
3057 1887 3280 1958 χάριτος
3319 1885 3418 1955 τὴν
3441 1886 3612 1955 ὑπερο

2021 1972 2208 2044 ϐολήν.
2244 1975 2465 2041 Μεταξὺ
2495 1974 2604 2046 γὰρ
2631 1975 2740 2029 τῶν
2768 1975 2983 2030 Παύλου
3009 1976 3223 2045 δεσμῶν
3251 1976 3346 2028 καὶ
3381 1974 3480 2042 τῆς
3510 1970 3609 2024 τοῦ

2021 2061 2258 2133 Χριστοῦ
2285 2063 2507 2132 χάριτος
2529 2063 2839 2134 μεμνῆσθαι
2861 2063 3044 2128 καλὸν,
3073 2062 3272 2132 μᾶλλον
3293 2061 3350 2114 δὲ
3365 2061 3460 2114 καὶ
3482 2059 3611 2113 ταῦ-

2021 2166 2088 2202 τα
2120 2151 2218 2220 τῆς
2239 2150 2332 2203 τοῦ
2359 2151 2497 2203 Θεοῦ
2531 2151 2750 2223 χάριτός
2778 2154 2948 2204 ἐστιν.
2982 2151 3100 2204 Εἰσί
3133 2166 3280 2213 τινες
3315 2146 3612 2216 ἐγκαλοῦν-

2021 2255 2112 2301 τες
2135 2239 2216 2292 ὅτι
2244 2239 2475 2308 διεσώθη
2494 2242 2524 2294 6
2552 2239 2916 2309 δεσμοφύλαξ.
2941 2241 3032 2292 καὶ
3052 2240 3191 2310 ὑπὲρ
3212 2232 3286 2291 ὧν
3311 2237 3611 2307 θαυμάζειν

2021 2324 2116 2378 τοῦ
2147 2325 2282 2379 Θεοῦ
2308 2326 2406 2397 τὴν
2437 2326 2846 2398 φιλανθρωπίαν
2888 2327 3080 2396 ἐχρῆν,
3126 2325 3234 2380 61:6
3265 2324 3472 2378 τούτων
3508 2324 3610 2393 ψέε

2023 2431 2211 2482 γοντες
2227 2429 2239 2440 ·
2267 2413 2361 2466 καὶ
2383 2415 2535 2467 οὐδὲν
2550 2412 2883 2484 θαυμαστόν.
2909 2415 2972 2466 Οί
2992 2411 3100 2482 γὰρ
3118 2413 3361 2476 ἀσθενεῖς
3379 2411 3611 2464 τοιοῦτοί

2024 2505 2180 2564 εἰσιν,
2238 2503 2287 2556 οἳ
2320 2505 2414 2556 καὶ
2447 2504 2545 2574 τήν
2577 2503 2884 2574 τρέφουσαν
2918 2505 3125 2573 τροφὴν
3161 2502 3507 2566 κακίζουσιν,
3544 2500 3612 2568 ἥν

2023 2588 2324 2660 θαυμάζειν
2349 2591 2537 2659 ἐχρῆν,
2565 2591 2663 2642 καὶ
2691 2589 2752 2641 :6
2777 2590 2898 2660 μέλι
2921 2591 3118 2660 πικρὸν
3145 2585 3284 2642 εἷναί
3310 2603 3462 2655 φασι.
3503 2587 3612 2638 Καὶ

2023 2678 2071 2729 οἱ
2119 2677 2558 2745 τυφλώττοντες,
2592 2677 2684 2744 ἀφ’
2714 2665 2776 2728 οὗ
2819 2676 3048 2745 ὤφειλον
3084 2674 3452 2744 φωτίζεσθαι,
3504 2674 3614 2727 61:6

2024 2763 2213 2816 τούτου
2261 2763 2618 2826 σκοτίζονται.
2681 2765 2740 2816 ού
2769 2767 2923 2833 παρὰ
2971 2765 3069 2834 τὴν
3113 2764 3222 2816 τῶν
3269 2761 3613 2831 πραγμάτων

2027 2851 2188 2921 φύσιν
2217 2851 2422 2904 τούτων
2472 2849 2900 2919 συμϐαινόντων,
2950 2851 3085 2904 ἀλλά
3127 2850 3279 2921 παρά
3321 2850 3418 2918 τὴν
3447 2847 3612 2900 6606-

2025 2957 2173 2992 νειαν
2202 2939 2309 2991 τῶν
2341 2939 2418 3001 είς
2448 2938 2565 2991 δέον
2589 2940 2771 3001 αὐτοῖς
2815 2940 3114 3009 κεχρῆσθαι
3166 2938 3241 3006 μὴ
3275 2937 3609 3004 δυναμένων.

2027 3027 2144 3100 [58]
2169 3027 2234 3080 Τί
2250 3023 2341 3080 οὖν
2357 3027 2541 3095 ἔλεγον
2560 3043 2574 3092 ;
2593 3027 2721 3079 Δέον
2744 3027 3038 3097 θαυμάσαι,
3065 3027 3144 3078 ὅτι
3163 3027 3241 3089 είς
3267 3025 3503 3094 ἐσχάτην
3521 3041 3614 3076 κα-

2027 3117 2150 3169 κίαν
2180 3116 2509 3184 ἐμπεσόντα,
2541 3112 2730 3166 τοῦτον
2763 3108 2897 3178 εἷλε,
2947 3115 3043 3166 καὶ
3078 3113 3270 3184 βελτίω
3296 3112 3612 3182 εἰργάσατο,

2026 3204 2243 3272 λέγουσι
2269 3219 2282 3232 ·
2322 3201 2448 3262 Πῶς
2474 3201 2583 3272 γὰρ
2614 3202 2714 3254 οὐκ
2745 3202 2964 3271 ἐνόμισε
2994 3201 3056 3253 τὸ
3091 3203 3324 3272 πρᾶγμα
3357 3199 3614 3269 γοητείας

2027 3287 2168 3343 εἶναι
2209 3291 2304 3342 καὶ
2341 3289 2702 3358 μαγγανείας,
2745 3290 2840 3342 καὶ
2873 3288 3072 3359 μᾶλλον
3115 3287 3316 3350 αὐτοὺς
3353 3286 3610 3352 κατέσχε,

2028 3379 2122 3432 καὶ
2142 3377 2474 3441 ἁνωλόλυξε;
2505 3377 2683 3430 Πολλά
2709 3376 2848 3446 πρὸς
2866 3375 3024 3429 τοῦτο
3046 3374 3400 3429 συνεϐάλλετο
3423 3388 3436 3402 ·
3463 3371 3614 3442 πρῶ-

2027 3480 2118 3516 τον
2151 3464 2270 3534 μὲν,
2298 3463 2379 3516 ὅτι
2405 3463 2638 3533 ἤκουσεν
2680 3462 2992 3530 ὑμνούντων
3018 3464 3114 3515 τὸν
3135 3461 3267 3514 Θεόν
3291 3476 3303 3488 ·
3333 3460 3434 3513 οὑκ
3461 3457 3525 3511 ἂν
3555 3458 3614 3510 δὲ

2029 3550 2224 3621 γόητες
2237 3549 2510 3612 τοιούτους
2521 3545 2857 3621 ὕμνουςῇδον
2876 3565 2890 3580 ο
2917 3550 3154 3601 Ἤκουσε
3168 3547 3277 3616 γάρ
3293 3545 3490 3606 αὑτῶν,
3512 3563 3614 3612 φη-

2032 3639 2137 3698 σὶν,
2165 3637 2478 3708 ὑμνούντων
2490 3635 2579 3688 τὸν
2599 3635 2753 3688 Θεόν.
2777 3635 3060 3705 Δεύτερον,
3085 3635 3167 3687 ὅτι
3191 3633 3347 3688 αὐτοὶ
3362 3633 3460 3684 οὑκ
3480 3631 3614 3684 61:95-

2031 3742 2220 3793 φυγον,
2257 3723 2394 3777 ἀλλὰ
2415 3725 2508 3776 καὶ
2531 3724 2694 3776 αὑτὸν
2718 3722 2998 3776 ἐκώλυσαν
3031 3721 3236 3790 σφάξαι
3273 3720 3464 3773 ἑαυτόν
3480 3735 3493 3746 ⁸
3514 3718 3615 3771 οὑκ

2030 3811 2096 3865 ἂν
2120 3813 2200 3876 δὲ,
2235 3812 2283 3864 εἰ
2317 3811 2524 3864 ἑαυτῶν
2558 3810 2744 3863 ἔνεκεν
2771 3809 3010 3872 ἐποίουν,
3060 3808 3208 3862 ἔνδον
3239 3807 3451 3877 έμενον,
3478 3803 3615 3858 ἀλλὰ

2033 3901 2332 3970 προτέρους
2357 3901 2423 3954 ἂν
2456 3900 2682 3961 ἑαυτοὺς
2709 3898 2930 3962 ἐξεῖλον.
2964 3898 3140 3967 Πολλὴ
3171 3896 3229 3950 δέ
3255 3895 3436 3950 αὐτῶν
3456 3895 3549 3948 καὶ
3582 3895 3615 3964 ἠ

2033 3989 2444 4059 φιλανθρωπίαο
2489 3985 2770 4040 ἐκώλυσαν
2803 3987 2966 4039 αὑτὸν
3019 3983 3218 4054 σφάξαι
3275 3983 3486 4042 ἑαυτὸν,
3524 3983 3618 4034 τὸν

2031 4075 2268 4145 δήσαντα
2287 4075 2504 4137 αὑτοὺς,
2534 4074 2817 4143 μονονουχὶ
2846 4073 2983 4144 πρὸς
3004 4072 3168 4124 αὑτὸν
3192 4071 3442 4137 λέγοντες
3463 4086 3476 4100 ⁸
3501 4069 3615 4123 Με-

2031 4163 2101 4216 :6
2133 4162 2332 4232 πολλῆς
2366 4163 2465 4230 τῆς
2490 4159 2787 4229 ἀσφαλείας
2805 4159 3092 4230 ὴσφαλίσω
3119 4162 3199 4219 είς
3216 4159 3313 4228 τὴν
3341 4158 3615 4228 ἐσωτέραν

2037 4248 2215 4320 βαλὼν
2244 4247 2511 4318 φυλακὴν,
2537 4249 2631 4300 καὶ
2659 4246 2872 4318 πικρῶς
2905 4246 3052 4316 ἡμᾶς
3074 4244 3294 4316 ἔδησας,
3329 4243 3416 4298 ἴνα
3450 4244 3618 4314 λυθῇς

2033 4335 2196 4400 66:6;
2222 4333 2332 4388 τῶν
2355 4334 2698 4404 πικροτάτων
2723 4331 2960 4404 δεσμῶν.
2989 4333 3206 4402 Σειραίς
3223 4333 3332 4401 γὰρ
3354 4329 3464 4384 τῶν
3491 4332 3617 4384 έαυ-

2035 4420 2129 4475 τοῦ
2163 4417 2446 4492 ἁμαρτιῶν
2488 4419 2717 4484 ἔκαστος
2766 4419 3074 4489 σφίγγεται.
3124 4419 3340 4472 Ἐκεῖνα
3372 4419 3469 4487 μὲν
3508 4417 3619 4488 γάρ

2035 4508 2286 4579 ἐπάρατα
2329 4507 2396 4561 τὰ
2433 4506 2632 4577 δεσμά,
2667 4505 2842 4559 ταῦτα
2873 4506 2928 4559 δὲ
2975 4506 3242 4577 μακάρια,
3277 4506 3372 4559 καὶ
3418 4505 3618 4573 πολλῆς

2034 4597 2202 4666 εὐχῆς
2225 4593 2368 4659 ἀξια.
2408 4595 2533 4648 Ὅτι
2582 4595 2692 4666 γὰρ
2723 4593 2840 4648 λύει
2877 4594 2949 4647 τὰ
2980 4595 3157 4664 δεσμὰ
3187 4594 3370 4647 ἐκεῖνα
3419 4592 3614 4656 ταῦτα,

2035 4682 2234 4748 ἔδειξεν
2255 4682 2363 4736 61:6
2393 4683 2502 4736 τῶν
2527 4681 2822 4753 αἰσθητῶν.
2855 4677 3008 4747 Εἶδες
3046 4682 3173 4746 τοὺς
3191 4681 3270 4752 τῷ
3297 4682 3502 4752 σιδήρῳ
3532 4681 3619 4734 δε-

2034 4771 2291 4841 δεμένους
2331 4770 2622 4838 λυθέντας;
2661 4771 2822 4841 Ὄψει
2852 4771 2945 4824 καὶ
2981 4771 3179 4824 σαυτὸν
3215 4769 3274 4836 ἐξ
3303 4769 3505 4839 ἐτέρων
3531 4769 3618 4820 δε-

2038 4857 2191 4927 σμῶν
2218 4857 2476 4910 ἀνεθέντα
2506 4857 2779 4928 χαλεπῶν.
2817 4855 3003 4910 Ταῦτα
3052 4855 3121 4908 :6
3164 4854 3362 4924 δεσμά,
3409 4855 3478 4906 τά
3509 4853 3620 4906 τῶν

2035 4945 2328 5016 δεσμωτῶν
2373 4945 2538 5013 λέγω,
2594 4945 2656 4998 οὑ
2715 4945 2778 4997 τά
2815 4943 3053 5006 Παύλου,
3101 4943 3288 4994 ἐκεῖνα
3343 4941 3410 4994 :6
3444 4941 3618 5010 δεσμά

2037 5042 2181 5092 ποιεῖ
2205 5038 2273 5092 τά
2297 5038 2404 5090 τῶν
2430 5037 2734 5108 ἁμαρτιῶν.
2772 5035 2946 5106 Διπλῇ
2975 5031 3114 5105 ἦσαν
3139 5033 3416 5102 δεσμῶται
3444 5032 3496 5085 οἱ
3533 5031 3618 5084 ἐν·

2036 5132 2146 5196 δον,
2169 5129 2267 5184 καὶ
2296 5129 2461 5192 66:6;
2499 5126 2785 5198 δεσμώτης
2807 5121 2876 5197 ἦν
2908 5127 2938 5178 6
2975 5123 3344 5196 δεσμοφύλαξ.
3391 5124 3619 5176 Ἐκεῖνοι

2041 5221 2141 5292 μὲν
2190 5222 2300 5292 γὰρ
2349 5219 2553 5290 σιδήρῳ
2583 5218 2843 5281 ἐδέδεντο,
2899 5217 2992 5271 καὶ
3022 5216 3342 5288 ἁμαρτίαις,
3384 5209 3620 5280 οῦτοςδέ

2037 5311 2334 5382 ἁμαρτίαις
2355 5309 2566 5381 μόναις.
2591 5308 2822 5362 Ἔλυσεν
2844 5309 3088 5372 ἐκείνους
3109 5309 3137 5360 6
3152 5305 3366 5370 Παῦλος
3391 5307 3472 5370 είς
3490 5306 3619 5376 πλη-

2040 5403 2300 5474 ροφορίαν
2329 5401 2522 5456 τούτου
2543 5419 2557 5433 ·
2591 5402 2685 5455 καὶ
2711 5403 2820 5473 γὰρ
2845 5397 2912 5472 ἦν
2952 5401 3126 5473 ὀρατά
3149 5399 3219 5453 τὰ
3244 5399 3442 5471 δεσμά.
3463 5397 3621 5452 Οῦτω

2039 5492 2178 5547 καὶὸ
2210 5491 2442 5563 Χριστος
2467 5491 2714 5563 ἐποίησε,
2738 5491 2939 5562 μᾶλλον
2965 5490 3022 5544 δέ
3042 5489 3436 5561 ἀντιστρόφως.
3473 5488 3623 5542 Ἐκεῖ

2037 5583 2198 5655 διπλῆ
2244 5584 2550 5654 παράλυσις
2573 5580 2662 5656 ἦν.
2698 5582 2832 5636 Ποία
2867 5581 2924 5635 δὲ
2958 5581 3132 5653 αῦτη;
3183 5581 3250 5634 Ἦ
3289 5581 3398 5634 τῶν
3437 5582 3618 5650 ἁμαρ-

2036 5673 2186 5740 τιῶν,
2215 5676 2309 5727 καὶ
2326 5675 2470 5743 ήτοῦ
2501 5675 2772 5746 σώματος.
2796 5674 2862 5729 Τί
2880 5670 3164 5738 οὖνποιεῖ;
3192 5672 3431 5742 Θάρσει,
3459 5672 3615 5741 φησὶ,

2037 5767 2274 5832 τέκνον,
2307 5767 2605 5836 ἀφέωνταί
2635 5785 2753 5823 σου
2783 5771 2843 5823 al
2875 5768 3177 5839 ἁμαρτίαι.
3210 5767 3488 5838 Προτέραν
3515 5763 3615 5834 τὴν

2042 5861 2210 5923 δντως
2248 5860 2554 5931 παράλυσιν
2591 5859 2800 5928 ἔλυσεν,
2834 5857 2953 5916 εἶτα
3001 5861 3095 5915 ἐπὶ
3136 5858 3342 5929 ταύτην
3369 5857 3611 5927 ἔρχεται.
