4140 6532
510 365 572 420 6|
1344 363 1400 419 S.
1439 356 1725 418 JOA‘NNIS
1757 345 2241 416 CHRYSOSTOMI
2282 348 2598 411 ARCHIEP.
2638 348 3194 411 CONSTANTINOP.
3683 346 3757 403 69

513 481 643 533 Ὁτι
662 478 771 549 τὰρ
799 477 992 532 Εῖπόν
1016 492 1177 542 τινες
1190 475 1313 530 τῶν
1327 474 1710 545 γραμματέων
1732 473 1802 525 ἐν
1821 467 2079 532 ἑαυτοῖς,

514 558 706 628 οὗτος
751 558 1126 629 βλασφημεῖ,
1170 557 1342 624 εἰδὼς
1387 560 1420 611 ὁ
1466 555 1704 623 Ἰησοῦς
1748 554 1855 618 τὰς
1906 553 2080 605 ἐνθυ-

507 647 728 716 μήσεις
755 643 974 705 αὐτῶν,
997 640 1166 698 εἶπεν
1185 661 1198 675 ·
1233 644 1358 697 Ἵνα
1387 644 1444 696 τί
1473 640 1825 709 ἐνθυμεῖσθε
1851 637 2085 706 πονηρὰ

511 732 583 786 ἑν
608 731 736 796 ταῖς
756 729 1024 797 καρδίαις
1046 726 1252 797 ὑμῶν;
1278 727 1334 780 τί
1348 725 1457 796 γάρ
1486 726 1658 779 ἐστιν
1674 723 2086 790 εὐκοπώτερον

511 813 737 876 εἰπεῖν,
796 810 1105 880 Ἀφέωνταί
1163 824 1280 863 σου
1329 811 1387 863 αἰ
1429 808 1745 875 ἁμαρτίαι,
1796 805 1835 872 ἢ
1870 803 2083 866 εἰπεῖν,

519 898 776 963 Ἕγειραι
803 894 900 947 καὶ
926 893 1270 961 περιπάτει;
1304 892 1441 947 Ἵνα
1467 889 1535 944 δὲ
1564 889 1765 955 εἰδῆτε
1793 888 1882 941 ὅτι
1910 887 2085 951 ἐξου-

515 978 658 1030 σίαν
677 976 800 1044 ἔχει
820 978 853 1029 ό
878 976 1012 1040 Υἱὸς
1030 975 1137 1029 τοῦ
1153 973 1469 1041 ἀνθρώπου
1488 972 1587 1026 ἐπὶ
1609 965 1718 1037 τῆς
1731 969 2088 1040 γυῆςάφιέναι

515 1059 824 1128 ἁμαρτίας,
851 1055 1015 1127 λέγει
1042 1058 1125 1123 τῷ
1159 1054 1546 1124 παραλυτικῷ
1563 1072 1577 1085 θ
1609 1050 1923 1123 Ἐγερθεὶς,
1942 1045 2090 1120 ἆρόν

515 1156 631 1194 σου
670 1140 786 1208 τὴν
816 1141 1039 1207 κλίνην
1063 1181 1079 1205 ,
1126 1139 1226 1192 καί
1266 1132 1460 1207 ὕπαγε
1487 1137 1577 1205 εἰς
1618 1132 1904 1191 τόνοῖκόν
1948 1146 2088 1187 σου.

528 1222 806 1279 Ἐϐεϐαίου
847 1221 908 1278 τὸ
930 1220 1121 1297 νοητὸν
1149 1224 1257 1278 άπὸ
1287 1222 1383 1276 τοῦ
1408 1217 1692 1293 αἰσθητοῦ,
1723 1220 1831 1274 ἀπὸ
1858 1217 1953 1272 τοῦ
1988 1234 2091 1270 σω-

520 1308 753 1376 ματικοῦ
772 1309 834 1362 τὸ
863 1308 1005 1363 κατά
1023 1306 1202 1377 ψυχὴν
1232 1305 1630 1377 ἐργασάμενος.
1658 1303 1759 1357 Διά
1782 1303 1834 1355 τί
1859 1300 1914 1355 δὲ
1934 1296 2092 1355 τοῦτο

518 1391 806 1460 ἐποίησεν;
838 1391 959 1445 Ἵνα
990 1387 1252 1461 πληρωθῇ
1299 1388 1359 1441 τὸ
1396 1385 1710 1458 εἰρημένον
1755 1384 1945 1439 Δοῦλε
1981 1394 2091 1435 πο-

519 1474 685 1544 νηρέ,
740 1475 810 1528 ἐκ
848 1473 956 1527 τοῦ
1000 1471 1300 1541 στόματός
1342 1483 1460 1524 σου
1521 1464 1704 1538 κρινῶ
1768 1482 1862 1522 σε.
1918 1463 1985 1519 Τί
2035 1463 2092 1544 δὲ

519 1563 750 1625 ἑκεῖνοι;
779 1558 969 1621 Οὐδεὶς
988 1556 1211 1611 δύναται
1240 1554 1458 1623 ἀφιέναι
1491 1550 1790 1624 ἁμαρτίας,
1821 1548 1870 1604 εἰ
1903 1548 1978 1621 μὴ
2011 1543 2094 1611 εἷς

518 1646 547 1696 ὁ
576 1643 708 1703 Θεός
729 1661 742 1674 ·
782 1642 885 1695 οὐκ
910 1638 1141 1708 ἄγγελος
1193 1638 1300 1709 ἄρα
1330 1637 1539 1699 λοιπὸν,
1593 1633 1694 1689 οὐκ
1731 1630 2091 1708 ἀρχάγγελος,

520 1726 643 1778 οἱ)δέ
672 1723 804 1794 ἄλλη
837 1721 1028 1792 κτιστὴ
1074 1722 1328 1790 δύναμις.
1374 1720 1563 1791 Ὑμεῖς
1609 1718 1768 1771 τοῦτο
1808 1714 2095 1786 ὡμολογή-

524 1824 675 1862 σατε.
702 1806 768 1860 Τί
795 1803 890 1860 οῦν
914 1804 1086 1876 ἐχρῆν
1114 1805 1290 1858 εἰπεῖν
1313 1819 1328 1868 ;
1365 1803 1464 1856 Ἂν
1482 1799 1678 1871 δειχθῶ
1697 1799 1882 1870 ἀφιεὶς
1909 1799 2094 1870 ἀμαρ-

520 1892 664 1954 τὶας,
698 1887 918 1959 εὔδηλον
947 1889 1029 1941 ὅτι
1059 1886 1192 1950 Θεὸς
1219 1885 1349 1955 ἐγώ.
1396 1884 1539 1938 Ἀλλ’
1570 1885 1673 1938 ούκ
1709 1880 1863 1937 εἶπεν
1896 1880 2092 1945 οὕτως,

523 1975 659 2029 ἀλλὰ
680 1974 765 2036 τίς
798 1971 937 2026 Ἵνα
965 1970 1035 2025 δὲ
1055 1970 1254 2040 εἰδῆτε
1277 1970 1367 2023 ὅτι
1400 1969 1696 2034 ἐξουσίαν
1723 1968 1850 2037 ἔχει
1901 1967 1934 2019 ὁ
1965 1964 2098 2029 Υἱὸς

524 2057 631 2110 τοῦ
673 2054 991 2122 ἀνθρώπου
1037 2054 1136 2106 ἐπὶ
1189 2051 1300 2120 τῆς
1334 2050 1450 2121 γῆς
1490 2050 1731 2120 ἀφιέναι
1785 2047 2096 2120 ἁμαρτίας,

524 2144 658 2193 τότε
688 2136 802 2209 [59]
841 2136 1005 2205 λέγει
1052 2134 1134 2200 τῷ
1176 2132 1584 2203 παραλυτικῷ,
1631 2130 1918 2209 Ἐγερθεὶς
1951 2123 2100 2197 ἆρόν

525 2239 642 2275 σου
671 2207 799 2288 τὴν
821 2218 1064 2285 κλίνην,
1096 2216 1195 2269 καὶ
1237 2216 1430 2286 ὕπαγε
1465 2217 1555 2280 είς
1602 2214 1711 2268 τὸν
1753 2207 1924 2268 οἶκόν
1954 2227 2095 2266 σου.

528 2305 695 2356 ὐταν
716 2297 832 2364 οῦν,
862 2299 1015 2370 φησὶ,
1043 2298 1105 2352 τὸ
1130 2297 1533 2370 δυσκολώτερον
1569 2295 1917 2367 ἐργάσωμαι,
1944 2290 2100 2361 εὔδη-

525 2385 617 2438 λον
638 2386 721 2437 ὅτι
745 2381 968 2452 οὐδεμία
999 2379 1242 2451 περὶτοῦ
1271 2380 1497 2434 εὐκόλου
1536 2376 1926 2433 καταλείπεται
1960 2373 2098 2444 πρό-

528 2477 691 2535 φασις
719 2462 843 2520 οὐδὲ
880 2462 1179 2533 ἀντιλογία.
1219 2462 1317 2517 Διά
1360 2463 1520 2517 τοῦτο
1567 2460 1631 2514 τὸ
1674 2459 1863 2531 νοητὸν
1894 2461 2101 2521 ἐκεῖνος

528 2534 753 2619 ἐποίησε
783 2548 1066 2618 πρότερον,
1089 2541 1278 2616 ἐπειδὴ
1310 2545 1497 2599 πολλοὶ
1533 2534 1676 2615 ἦσαν
1709 2542 1758 2596 οἱ
1787 2540 2101 2609 ἀντιλέγον-

526 2647 649 2695 τες·
702 2630 939 2686 ἐνταῦθα
970 2627 1027 2684 δὲ
1072 2627 1184 2685 ἀπὸ
1214 2623 1309 2684 τοῦ
1357 2627 1548 2700 νοητοῦ
1596 2628 1691 2683 ἐπὶ
1734 2624 1798 2680 τὸ
1844 2619 2102 2695 αἰσθητὸν

528 2715 662 2768 αὐτὸ
688 2712 916 2784 ἤγαγεν.
944 2708 1089 2784 ’Ἄρα
1116 2709 1217 2766 οὐκ
1237 2707 1305 2784 ἦν
1328 2711 1661 2781 κουφότητος
1692 2709 1728 2779 ή
1753 2708 1957 2770 πίστις.
1979 2702 2101 2760 Εἷδε

528 2798 653 2860 τοὺς
679 2790 984 2867 δεσμώτας,
1019 2796 1113 2849 καὶ
1138 2793 1294 2849 οὐδὲν
1326 2789 1466 2847 εἶδεν
1483 2792 1603 2846 ούδέ
1629 2792 1830 2863 ἢκουσε
1860 2787 2064 2860 φαῦλον
2082 2801 2097 2816 ⁸

528 2875 667 2932 εἶδεν
689 2878 752 2933 ού
785 2876 1092 2949 μαγγανεία
1112 2894 1167 2930 τι
1196 2874 1563 2946 γεγενημένον
1582 2891 1596 2906 ο
1630 2872 1834 2944 ὕμνουν
1863 2872 1974 2942 γάρ
2010 2870 2103 2924 τδν

527 2961 689 3014 Θεὸν⁸
724 2950 864 3015 εἶδεν
902 2960 1012 3015 ἀπὸ
1049 2957 1461 3030 φιλανθρωπίας
1494 2955 1698 3028 πολλῆς
1742 2956 1922 3009 πάντα
1951 2952 2105 3023 γενό-

533 3061 701 3115 μεναι
735 3042 798 3099 οὗ
846 3044 957 3115 γὰρ
1004 3042 1285 3114 ἠμύναντο
1334 3041 1519 3106 αὐτὸν,
1568 3039 1749 3093 καίτοι
1789 3037 2101 3108 δυνάμενοι.

544 3127 701 3198 Ἐνῆν
729 3126 838 3197 γὰρ
859 3128 954 3180 καὶ
976 3126 1227 3190 ἑαυτοὺς,
1256 3125 1352 3178 καὶ
1376 3123 1506 3187 τοὺς
1529 3121 1848 3191 δεδεμένους
1891 3119 2104 3185 ἐξελόν-

530 3227 629 3272 τας
652 3210 908 3264 ἀπελθεῖν
932 3226 947 3240 ·
988 3211 1037 3263 εἰ
1065 3208 1124 3262 δέ
1160 3208 1236 3281 μὴ
1274 3208 1402 3272 τοὺς
1437 3204 1779 3276 δεδεμένους,
1814 3202 1931 3259 ἀλλ’
1976 3205 2104 3258 ἐαυ-

529 3292 678 3354 τούς.
724 3291 864 3346 Ἀλλ’
913 3291 1015 3345 οὐκ
1055 3290 1383 3363 εἰργάσαντο
1407 3289 1589 3344 τοῦτο.
1644 3288 1809 3342 ’Ὥστε
1853 3284 1973 3341 οὐκ
1997 3286 2108 3341 ἀπὸ

530 3374 626 3426 τοῦ
652 3373 934 3444 θαύματος
968 3373 1150 3443 μόνον,
1177 3371 1314 3425 άλλά
1346 3372 1441 3426 καὶ
1464 3370 1574 3424 ἀπὸ
1600 3370 1696 3425 τοῦ
1718 3369 1924 3441 τρόπου
1941 3367 2106 3422 αὑτὸν

532 3456 857 3528 κατήδεσαν.
907 3455 1033 3519 Πῶς
1086 3452 1371 3525 ἐφώνησε;
1422 3452 1648 3525 Μεγάλῃ
1703 3453 1856 3523 φωνῇ
1894 3450 2070 3519 λέγων
2089 3490 2105 3516 ,

533 3538 740 3606 Μηδὲν
799 3536 1065 3607 ποιήσῃς
1114 3535 1349 3603 σεαυτῷ
1397 3535 1588 3591 κακόν
1608 3554 1622 3568 ο
1673 3535 1938 3601 ἅπαντες
1994 3532 2108 3603 γάρ

530 3625 722 3693 ἐσμεν
740 3621 974 3676 ἐνθάδε.
1020 3622 1184 3693 Ὁρᾷς
1212 3620 1309 3675 καὶ
1340 3620 1401 3674 τὸ
1425 3619 1741 3685 ἀκενόδοξον
1776 3618 1873 3672 καὶ
1896 3617 1957 3671 τὸ
1980 3617 2110 3671 ἀτυο

538 3724 634 3776 φον
658 3708 752 3761 καὶ
763 3705 825 3760 τὸ
845 3704 1219 3776 φιλόστοργον.
1234 3705 1349 3758 Οὐκ
1370 3701 1543 3768 εἶπεν,
1568 3706 1653 3759 ὅτι
1672 3704 1750 3757 Δι’
1767 3702 1914 3774 ἡμᾶς
1934 3698 2110 3755 ταῦτα

535 3790 779 3858 γέγονεν·
799 3789 936 3853 ἀλλ’,
966 3787 1167 3842 ὡσανεὶ
1191 3786 1299 3841 τῶν
1327 3786 1622 3856 δεσμωτῶν
1643 3780 1745 3850 εἷς,
1771 3783 1927 3854 φησί·
1951 3781 2111 3837 Πάν-

535 3889 637 3938 τες
658 3872 768 3942 γάρ
802 3872 989 3940 ἐσμεν
1018 3869 1251 3925 ἐνθάδε.
1280 3870 1475 3923 Καίτοι
1515 3871 1565 3922 εἰ
1600 3869 1696 3922 καὶ
1729 3867 1804 3938 μὴ
1836 3865 1945 3938 πρὸ
1981 3864 2109 3920 τούο

535 3971 652 4018 του,
688 3953 823 4024 μηδέ
852 3952 939 4007 διὰ
989 3952 1082 4006 τοῦ
1131 3951 1410 4022 θαύματος
1463 3950 1660 4003 ἔλυσαν
1690 3948 1942 4011 ἑαυτοὺς,
1993 3945 2110 4000 ἀλλ’

537 4038 669 4106 ἐνῆν
694 4036 890 4100 αὐτοὺς
919 4034 1162 4105 σιγῆσαι,
1203 4033 1298 4090 καὶ
1336 4032 1547 4095 πάντας
1576 4030 1849 4086 ἀπολῦσαι
1885 4029 1981 4084 καὶ
2022 4028 2112 4081 δε-

538 4119 816 4190 δεμένους.
847 4120 911 4173 Εἰ
937 4119 1047 4190 γάρ
1072 4117 1356 4188 ἐσίγησαν,
1396 4115 1491 4168 καὶ
1518 4114 1594 4185 μὴ
1625 4113 1715 4167 διά
1737 4115 1839 4184 τῆς
1866 4112 2113 4183 μεγάλης

540 4204 726 4273 φωνῆς
769 4202 1032 4272 κατέσχον
1069 4199 1236 4255 αὐτοῦ
1273 4198 1373 4263 τὰς
1415 4199 1625 4268 χεῖρας,
1677 4192 1891 4268 ὥθησεν
1927 4194 1994 4249 ἂν
2026 4193 2116 4248 διὰ

538 4289 632 4341 τοῦ
655 4286 854 4356 λαιμοῦ
877 4285 939 4340 τὸ
961 4285 1132 4354 ξίφος.
1166 4282 1264 4336 Διά
1311 4280 1469 4356 τοῦτο
1506 4278 1602 4334 καὶ
1637 4279 1888 4349 ἐδόησεν,
1923 4276 2114 4348 ἐπειδὴ

540 4373 618 4429 εἰς
661 4354 762 4438 τὴν
789 4366 1071 4436 ἐνδοτέραν
1128 4364 1378 4434 φυλακὴν
1427 4354 1495 4434 ἦν
1543 4361 1897 4432 βεϐλημένος.
1957 4358 2116 4414 Κατὰ

545 4450 744 4504 σαυτοῦ
766 4449 922 4503 τοῦτο
946 4447 1272 4518 πεποίηκας,
1292 4446 1476 4517 φησὶν,
1504 4444 1768 4515 ἐνδοτέρω
1791 4443 1968 4514 βαλὼν
1988 4443 2118 4507 τοὺς

547 4531 836 4602 μέλλοντάς
877 4547 937 4584 σε
988 4528 1307 4599 ἐλευθεροῦν
1356 4527 1452 4581 τοῦ
1507 4526 1780 4580 κινδύνου.
1827 4524 1970 4578 Ἀλλ’
2018 4524 2120 4578 οὐκ

545 4615 887 4684 ἐμιμήσαντο
917 4612 984 4666 τὰ
1025 4612 1154 4682 παρ’
1186 4613 1397 4665 ἐκείνου
1429 4610 1722 4680 γενόμενα.
1770 4605 2014 4661 Ἐκείνου
2060 4605 2118 4660 δὲ

544 4697 904 4761 ἀποθανόντος
928 4697 1129 4760 πάντες
1166 4694 1232 4749 ἂν
1259 4694 1543 4765 ἐξέφυγον.

616 4895 769 4964 Εἶδες
799 4898 883 4952 ὅτι
914 4898 1119 4953 εἴλοντο
1153 4894 1401 4952 δεδέσθαι
1440 4893 1662 4966 μᾶλλον,
1702 4893 1736 4964 ἢ
1770 4892 1978 4945 ἐκεῖνον
2022 4907 2121 4943 πε-

549 4984 735 5051 ριιδεῖν
769 4982 1162 5052 ἀπολλύμενον.
1210 4981 1310 5035 Διά
1356 4979 1513 5031 τοῦτο
1554 4977 1649 5030 καὶ
1686 4974 1936 5044 ἐνενόησε
1986 4972 2122 5043 πρὸς

548 5066 772 5133 ἑαυτὸν,
805 5064 866 5118 Et
900 5064 1097 5136 γόητες
1144 5059 1308 5135 ἦσαν.
1350 5061 1571 5121 πάντως
1606 5058 1673 5112 ἂν
1707 5056 1953 5115 ἐκείνους
1983 5055 2122 5107 ἀπέ-

546 5150 736 5212 λυσαν,
764 5147 860 5201 καὶ
888 5148 1116 5210 ἑαυτοὺς
1151 5143 1534 5216 ἠλευθέρωσαν
1560 5142 1666 5195 τῶν
1698 5139 1915 5209 δεσμῶν
1935 5156 1948 5169 ’
1975 5139 2124 5201 εἰκὸς

549 5232 659 5301 γὰρ
683 5230 911 5291 πολλοὺς
943 5228 1038 5283 καὶ
1065 5226 1342 5288 τοιούτους
1368 5224 1765 5294 ἐμϐεϐλῆσθαι.
1795 5220 2008 5283 Ἀλλως
2042 5219 2123 5284 δὲ,

551 5326 811 5387 πολλάκις
839 5324 1131 5394 δεξάμενος
1158 5320 1382 5392 γόητας,
1413 5320 1508 5374 καὶ
1536 5319 1690 5374 οὐδὲν
1725 5317 1851 5370 ἰδὼν
1878 5316 2124 5372 τοιοῦτον

550 5411 863 5477 γενόμενον,
913 5402 1242 5475 ἐθαύμασεν.
1279 5405 1336 5457 '0
1388 5403 1522 5473 γόης
1570 5403 1671 5455 ούκ
1725 5400 1792 5454 ἂν
1840 5399 2019 5454 ἔσεισε
2057 5398 2129 5453 τά

550 5490 775 5560 θεμέλια
800 5487 940 5540 ῶστε
969 5481 1246 5541 διυπνίσαι
1266 5487 1358 5540 τὸν
1376 5481 1784 5555 δεσμοφύλακα,
1818 5482 1912 5535 καὶ
1936 5482 2128 5535 δυσκο-

549 5572 795 5642 λωτέραν
831 5570 1012 5642 ἐαυτῷ
1056 5571 1278 5640 ποιῆσαι
1331 5568 1431 5642 τὴν
1483 5568 1682 5638 φυγήν.
1747 5564 1886 5619 Ἀλλ’
1928 5565 2128 5636 ἴδωμεν

551 5655 736 5710 λοιπὸν
764 5653 860 5708 τοῦ
880 5653 1288 5725 δεσμοφύλακος
1305 5652 1404 5723 τὴν
1425 5652 1628 5705 πίστιν.
1652 5650 1936 5718 Αἰτήσας,
1964 5650 2120 5718 φησὶ,

550 5736 716 5806 φῶτα
749 5737 1138 5805 εισεπιήδησε,
1176 5735 1275 5790 καί
1293 5735 1579 5803 ἔντρομος
1605 5730 1908 5800 ὑπάρχων,
1937 5742 2119 5797 προσ·

552 5821 736 5874 ἐπεσε
767 5820 847 5885 τῷ
873 5822 1088 5887 Παύλῳ
1135 5822 1233 5874 καί
1275 5818 1355 5884 τῷ
1398 5817 1579 5882 Σίλᾳ,
1627 5815 1719 5867 καί
1774 5812 2127 5882 προαγαγὼν

553 5901 774 5970 αὐτοὺς
803 5902 938 5971 ἔξω,
984 5903 1153 5972 φησί·
1189 5902 1424 5968 Κύριοι,
1459 5898 1516 5950 τί
1548 5913 1623 5965 με
1662 5894 1757 5948 δεῖ
1798 5894 1989 5949 ποιεῖν
2023 5896 2122 5963 ἵνα

2190 464 2399 529 σωθῶ;
2433 467 2552 539 Πῦρ
2583 469 2804 539 ἐκράτει
2833 468 2927 520 καὶ
2957 467 3128 537 ξίφος,
3160 464 3256 519 καὶ
3299 464 3450 534 ἔλεγε
3475 480 3491 496 ⁸
3528 465 3756 534 Κύριοι,

2190 553 2249 605 τί
2260 572 2337 623 με
2357 555 2452 610 δεῖ
2465 558 2660 612 ποιεῖν
2678 559 2779 612 ἵνα
2803 558 3007 621 σωθῶ;
3025 559 3091 611 οι
3112 557 3181 611 δὲ
3203 551 3398 609 εἷπονο
3419 554 3763 609 Πίστευσον

2194 639 2283 702 εἰς
2297 638 2405 693 τὸν
2422 641 2646 704 Κύριον
2676 641 2913 710 Ἰησοῦν
2942 639 3219 709 Χριστὸν,
3244 638 3346 693 καί
3370 635 3624 705 σωθήσῃ
3651 634 3758 698 σὺν

2193 718 2293 773 καί
2323 722 2357 774 ὁ
2398 718 2565 788 οτκός
2594 738 2735 778 σου.
2787 723 2958 777 Τοῦτο
3003 723 3125 793 οὐχὶ
3175 723 3388 792 γοήτων
3428 720 3571 784 ἐστὶ,
3604 718 3764 788 φησὶ,

2193 804 2371 876 δόγμα
2387 806 2627 861 τοιοῦτον
2654 807 2989 880 παραδοῦναι
3006 823 3020 840 °
3043 806 3280 876 οὐδαμοῦ
3308 805 3563 876 δαίμονος
3584 801 3769 857 ἐνταῦ-

2195 889 2264 942 θα
2299 890 2510 961 μνήμη.
2557 891 2723 963 Ὁρᾷς
2761 891 2878 956 πῶς
2914 890 3065 956 ἄξιος
3109 890 3204 944 τοῦ
3236 890 3478 961 σωθῆναι
3517 891 3764 955 ἐκεῖνοςς

2207 971 2354 1025 ’ἰδὼν
2379 973 2488 1044 γὰρ
2516 974 2577 1028 τδ
2602 974 2807 1046 θαῦμα,
2833 977 2927 1031 καὶ
2956 975 3051 1029 τοῦ
3083 975 3249 1045 φόϐου
3279 973 3636 1040 ἀπαλλαγεὶς,
3667 971 3769 1026 οὐκ

2196 1055 2492 1112 ἐπελάθετο
2521 1059 2633 1112 τῶν
2675 1059 3088 1130 συμφερόντων,
3123 1058 3241 1113 ἀλλ’
3279 1059 3338 1112 ἐν
3366 1055 3607 1128 τοσούτῳ
3648 1072 3770 1109 κιν-

2196 1139 2339 1212 δύνῳ
2369 1138 2482 1212 [60]
2515 1141 2646 1213 περὶ⁹
2680 1143 2780 1212 τῆς
2827 1142 3102 1215 σωτηρίας
3150 1141 3436 1214 ἐφρόντιζε
3486 1140 3588 1210 τῆς
3627 1137 3774 1194 κατά

2196 1224 2397 1296 ψυχὴν,
2439 1225 2535 1280 καὶ
2559 1226 2634 1290 ὡς
2667 1226 2835 1298 ἐχρῆν
2877 1226 3219 1290 διδασκάλοις
3252 1225 3591 1297 προσελθεῖν,
3626 1223 3777 1277 οὕτω

2199 1306 2473 1376 προσῆλθε
2500 1321 2514 1338 ο
2548 1309 2642 1362 καὶ
2673 1309 2810 1379 πρὸς
2836 1310 2963 1373 τοὺς
3006 1309 3174 1372 πόδας
3220 1309 3401 1364 αὐτῶν
3439 1306 3623 1361 ἔπεσε.
3662 1300 3775 1359 Καί

2198 1386 2517 1458 ἐλάλησαν
2538 1390 2719 1457 αὐτῷ,
2745 1392 2902 1461 φησὶ,
2930 1391 3040 1446 τὸν
3063 1392 3253 1460 λόγον
3276 1391 3387 1446 τοῦ
3410 1390 3654 1459 Κυρίου,
3673 1384 3777 1441 καί

2200 1470 2350 1527 πᾶσι
2395 1473 2523 1539 τοῖς
2564 1471 2636 1529 ἐν
2680 1472 2757 1543 τῇ
2785 1476 2944 1543 οἰκίᾳ
2984 1475 3192 1531 αὐτοῦ.
3247 1476 3358 1532 Καὶ
3413 1470 3779 1543 παραλαϐὼν

2200 1552 2423 1621 αὐτοὺς
2451 1553 2522 1611 ἐν
2563 1556 2764 1625 ἐκείνῃ
2813 1554 2890 1625 τῇ
2941 1557 3151 1621 νυκτί,
3185 1556 3450 1614 ἔλουσεν
3483 1553 3603 1611 ἀπὸ
3659 1552 3781 1609 τῶν

2202 1636 2485 1707 πληγῶν,
2546 1638 2646 1693 καί
2693 1638 3026 1708 ἐϐαπτίσθη
3089 1642 3296 1706 αὐτὸς,
3350 1640 3451 1695 καί
3501 1642 3558 1693 οἱ
3588 1636 3780 1691 αὑτοῦ

2203 1720 2435 1804 πάντες.
2458 1721 2839 1804 παραχρῆμα.
2884 1724 3050 1796 Ὁρᾷς
3080 1724 3390 1795 θερμότητα
3409 1721 3634 1804 ἀνδρός;
3663 1718 3782 1772 Ούκ

2203 1797 2530 1872 ἀνεϐάλετο,
2589 1804 2690 1860 ούκ
2736 1797 2923 1870 εἶπεν,
2976 1803 3189 1876 Ἡμέρα
3244 1804 3515 1874 γενέσθω,
3555 1801 3779 1869 ἴδωμεν.

2206 1884 2537 1956 σκεψώμεθα
2557 1905 2571 1919 ·
2613 1887 2752 1942 ἀλλά
2789 1888 2929 1959 μετὰ
2952 1882 3153 1959 πολλῆς
3194 1885 3297 1957 τῆς
3323 1886 3660 1959 θερμότητος
3684 1882 3783 1936 καὶ⁵

2205 1966 2369 2032 αὐτὸς
2407 1970 2502 2024 καὶ
2533 1970 2567 2041 ή
2598 1970 2747 2026 οἰκία
2777 1968 2943 2025 αὐτοῦ
2982 1974 3133 2027 πᾶσα
3162 1970 3466 2040 ἐϐαπτίσθη
3488 1986 3502 2002 ’
3538 1967 3653 2022 ἀλλ’
3683 1966 3784 2035 οὐχ

2205 2046 2283 2114 ὡς
2305 2049 2400 2105 νῦν
2414 2052 2464 2105 οἰ
2487 2052 2706 2118 πλείους
2728 2053 3027 2127 περιορῶσι
3052 2052 3146 2108 καὶ
3161 2049 3381 2114 δούλους
3399 2048 3495 2105 καὶ
3514 2051 3784 2119 γυναῖκας

2208 2135 2303 2189 καὶ
2329 2136 2526 2201 παῖδας
2554 2138 2837 2207 ἀμυήτους
2875 2137 3266 2208 τυγχάνοντας.
3305 2132 3550 2197 Γίνεσθε,
3598 2149 3785 2202 παρα-

2207 2218 2379 2283 καλῶ,
2410 2218 2555 2273 κατά
2597 2220 2691 2274 τὸν
2728 2219 3116 2292 δεσμοφύλακα
3137 2236 3153 2253 ’
3188 2219 3251 2274 οὐ
3285 2219 3386 2289 τὴν
3416 2214 3573 2283 ἀξίαν
3615 2215 3785 2282 λέγω,

2206 2300 2344 2356 ἀλλά
2370 2302 2471 2374 τὴν
2492 2304 2832 2375 προαίρεσιν.
2864 2302 2930 2357 Τί
2953 2304 3062 2374 γὰρ
3084 2303 3274 2373 ὄφελος
3297 2298 3630 2372 ἀξιώματος,
3654 2298 3789 2353 ὅταν

2205 2380 2241 2457 ᾗ
2274 2386 2308 2457 ή
2339 2385 2662 2457 προαίρεσις
2685 2382 2957 2458 ἀσθενήςς
2998 2384 3191 2451 Βαϐαῖ,
3223 2386 3253 2439 ὁ
3290 2382 3460 2452 ὠμδς,
3491 2385 3520 2437 ὁ
3546 2381 3786 2452 ἀπηνὴς,

2208 2468 2237 2522 ό
2268 2469 2484 2540 μυρίοις
2518 2469 2697 2535 συζῶν
2731 2472 2942 2536 κακοῖς,
2975 2471 3005 2524 ό
3036 2466 3198 2524 τοῦτο
3231 2465 3474 2540 μελετῶν
3501 2461 3609 2529 ἀεὶ,
3641 2462 3791 2518 οὕτω

2208 2550 2611 2622 φιλάνθρωπος,
2661 2551 2808 2607 οὕτω
2860 2551 3215 2624 κηδεμονικδς
3261 2551 3479 2622 ἀθρόως
3533 2548 3787 2619 γέγονεν.

2211 2636 2517 2691 Ἕλουσεν
2554 2636 2799 2704 αὐτοὺς,
2828 2636 3011 2709 φησὶν,
3035 2637 3157 2693 ἀπὸ
3183 2636 3306 2693 τῶν
3331 2633 3601 2704 πληγῶν.
3631 2633 3749 2688 Θέα
3762 2643 3790 2674 ι

2210 2718 2375 2773 πάλιν
2397 2719 2601 2775 καὶτοῦ
2624 2717 2838 2775 Παύλου
2862 2722 2964 2792 τὴν
2982 2720 3295 2791 θερμότητα
3318 2736 3333 2753 ·
3356 2714 3661 2790 δεδεμένος,
3692 2732 3793 2786 με·

2213 2802 2648 2874 μαστιγωμένος,
2673 2802 2845 2866 οὕτως
2866 2800 3273 2873 εὐηγγελίζετο.
3298 2800 3363 2855 Ὦ
3387 2798 3488 2871 τῆς
3510 2799 3791 2872 μακαρίας

2211 2883 2475 2951 ἁλύσεως,
2499 2885 2616 2949 οἵας
2634 2883 2823 2940 ὤδινεν
2842 2884 3038 2949 ὠδῖνας
3057 2885 3200 2939 κατά
3221 2885 3322 2957 τὴν
3343 2884 3515 2939 νύκτα
3533 2881 3756 2952 ἐκείνην
3775 2898 3790 2912 ⁸

2209 2960 2298 3021 οἵα
2329 2966 2566 3021 ἀπέτεκε
2597 2967 2806 3021 παιδία.
2842 2968 2956 3021 Καὶ
2991 2967 3123 3037 περὶ
3156 2967 3364 3022 τούτων
3394 2966 3543 3021 ἔστιν
3586 2966 3791 3028 εἰπεῖν,

2216 3049 2338 3115 Οὓς
2352 3048 2654 3120 ἐγέννησα
2666 3049 2738 3103 ἐν
2751 3048 2876 3115 τοῖς
2891 3048 3138 3119 δεσμοῖς
3150 3066 3291 3119 μου.
3308 3049 3473 3121 Ὁρᾷς
3488 3047 3606 3110 πῶς
3621 3045 3796 3115 ἀγάλ-

2212 3131 2384 3195 λεται,
2418 3131 2513 3185 καὶ
2539 3130 2611 3185 τά
2649 3130 2913 3202 τεχθέντα
2941 3131 3132 3187 παιδία
3166 3131 3277 3186 ἀπὸ
3299 3131 3493 3202 τούτου
3534 3129 3794 3201 λαμπρό-

2212 3230 2346 3285 τερα
2376 3212 2621 3284 βούλεται
2644 3196 2816 3280 εῖναις
2843 3215 2977 3286 ὁρᾷς
3001 3214 3142 3287 πόση
3179 3196 3470 3286 περιουσία
3498 3196 3658 3283 δόξης
3677 3196 3797 3265 τῶν

2212 3295 2452 3368 δεσμῶν.
2478 3296 2613 3351 ὅπου
2630 3314 2696 3366 γε
2716 3298 2779 3351 ού
2811 3297 2971 3368 μόνον
2990 3297 3083 3351 τὸν
3109 3297 3515 3369 περικείμενον,
3537 3295 3676 3351 ἀλλά
3698 3295 3799 3351 καὶ

2213 3380 2339 3444 τοὺς
2351 3378 2511 3434 ἐνέκε
2519 3379 2612 3451 ίνῳ
2623 3378 2702 3451 τῷ
2724 3377 2902 3450 καιρῷ
2912 3378 3202 3451 τεχθέντος
3223 3379 3317 3433 ὑπ’
3329 3378 3494 3435 αὐτοῦ
3504 3379 3798 3451 λαμπροὺς

2214 3464 2388 3530 ποιεῖς
2419 3463 2646 3533 Ἔχουσι
2666 3480 2718 3517 τι
2747 3462 2910 3517 πλέον
2933 3463 2982 3516 οἰ
3005 3465 3063 3517 ἐν
3086 3465 3201 3527 τοῖς
3224 3463 3438 3519 Παύλου
3459 3463 3684 3533 δεσμοῖς
3709 3479 3797 3517 τε·

2215 3545 2452 3617 χθέντες,
2484 3547 2546 3599 ού
2570 3544 2713 3600 κατά
2741 3545 2842 3617 τὴν
2873 3544 3034 3616 χάριν
3064 3544 3229 3615 λέγω,
3256 3544 3292 3617 ή
3316 3547 3426 3617 γὰρ
3450 3543 3590 3614 αὐτὴ
3606 3544 3795 3617 χάρις,

2215 3624 2337 3681 οὐδὲ
2366 3627 2510 3682 κατά
2541 3627 2641 3698 τὴν
2677 3627 2893 3696 ἄφεσιν,
2925 3627 2960 3697 ή
2989 3625 3101 3697 γάρ
3133 3628 3273 3699 αὐτὴ
3310 3623 3531 3699 πάντων
3573 3626 3796 3696 ἄφεσις,

2216 3709 2331 3763 ἀλλ’
2359 3709 2440 3764 δτι
2468 3712 2532 3763 ἐκ
2560 3709 2862 3781 προοιμίων
2889 3709 3236 3764 παιδεύονται
3264 3708 3476 3782 χαίρειν
3505 3710 3601 3765 καὶ
3626 3709 3799 3779 ἀγάλ-

2216 3790 2407 3846 λεσθαι
2433 3793 2548 3855 τοῖς
2575 3790 2839 3855 τοιούτοις
2866 3793 3203 3864 πράγμασιν.
3235 3792 3402 3863 Αὐτῇ
3435 3792 3511 3863 τῇ
3539 3792 3665 3863 ὥρᾳ
3688 3791 3801 3864 τῆς

2217 3872 2459 3939 νυκτὸς,
2507 3875 2662 3943 φησι,
2697 3873 3059 3943 παραλαϐὼν
3093 3875 3336 3943 αὐτοὺς,
3376 3876 3640 3931 ἔλουσεν
3677 3874 3801 3933 ἀπὸ

2218 3955 2339 4013 τῶν
2368 3953 2637 4026 πληγῶν,
2676 3956 2778 4012 καί
2825 3957 3177 4027 ἐϐαπτίσθη.
3209 3960 3318 4013 Καὶ
3348 3959 3446 4014 θέα
3477 3960 3665 4014 λοιπὸν
3708 3959 3801 4012 τὸν

2220 4041 2434 4111 καρπόν
2456 4057 2471 4072 ·
2504 4036 2806 4096 ἀντέδωκεν
2830 4040 3032 4105 εὐθέως
3049 4042 3121 4096 τά
3150 4043 3411 4115 σαρκικά.
3454 4041 3802 4112 Ἀναγαγὼν

2220 4120 2445 4189 αὐτοὺς
2465 4123 2553 4190 είς
2570 4122 2679 4178 τὸν
2700 4119 2891 4189 οἶκον,
2915 4122 3134 4191 εὐθέως
3163 4124 3463 4195 παρέθηκε
3481 4123 3800 4194 τράπεζαν,

2221 4209 2323 4263 καὶ
2357 4209 2775 4279 ἠγαλλιάσατο
2808 4207 3049 4265 πανοικὶ
3083 4210 3499 4278 πεπιστευκὼς
3532 4208 3614 4277 τῷ
3653 4209 3801 4276 Θεῷ.

2223 4295 2290 4349 Τί
2318 4296 2429 4367 γὰρ
2462 4297 2563 4350 οὐκ
2595 4296 2838 4368 ἔμελλεν,
2888 4295 3198 4366 άνοιγέντος
3240 4294 3391 4369 αὐτῷ
3427 4297 3523 4353 τοῦ
3563 4294 3802 4369 ούρανοῦ

2222 4382 2312 4437 διὰ
2359 4383 2460 4454 τῆς
2522 4382 2778 4449 ἀνοίξεως
2839 4380 2951 4438 τῶν
3006 4378 3103 4437 τοῦ
3156 4380 3531 4457 δεσμωτηρίου
3585 4382 3799 4455 θυρῶνς

2228 4469 2456 4524 Ἐλουσε
2500 4468 2592 4525 τδν
2641 4468 2983 4539 διδάσκαλον,
3035 4470 3317 4544 τράπεζαν
3352 4472 3650 4544 παρέθηκε,
3706 4469 3805 4525 καὶ

2226 4554 2611 4625 ἠγαλλιάσατο.
2661 4554 2928 4629 Εἰσῆλθεν
2966 4558 3045 4623 είς
3089 4554 3468 4631 δεσμωτήριον
3511 4559 3545 4629 ή
3583 4557 3802 4612 Παύλου

2228 4640 2441 4709 ἅλυσις,
2474 4644 2569 4700 καὶ
2596 4642 2892 4714 ἐκκλησίαν
2919 4644 3216 4714 εἰργάσατο
3242 4644 3421 4699 πάντα
3446 4643 3516 4697 τὰ
3540 4644 3677 4705 ἐκεῖ,
3708 4645 3805 4697 καὶ

2230 4729 2390 4801 σῶμα
2428 4731 2664 4803 Χριστοῦ
2701 4732 2911 4797 πάντας
2932 4732 3176 4803 ἐποίησε,
3206 4732 3301 4786 καὶ
3323 4731 3604 4804 τράπεζαν
3637 4730 3805 4802 ἔθηκε

2228 4818 2328 4890 τὴν
2357 4818 2753 4891 πνευματικὴν,
2777 4820 2872 4874 καὶ⁵
2898 4818 3095 4882 ὠδῖνας
3118 4817 3327 4882 ἔτεκεν,
3355 4820 3442 4887 ἐφ’
3467 4814 3556 4882 αῖς
3580 4817 3806 4886 ἄγγελοι

2230 4907 2501 4976 χαίρουσι.
2536 4907 2685 4977 Μήτι
2718 4905 2841 4976 εἰκῆ
2880 4905 3064 4976 ἔλεγον
3086 4905 3150 4959 τὸ
3175 4905 3548 4976 δεσμωτήριον
3578 4903 3673 4958 τοῦ
3707 4904 3802 4957 οὐ·

2235 4991 2395 5064 ρανοῦ
2425 4993 2837 5064 λαμπρότερον;
2870 4994 2982 5065 Τῆς
3012 4992 3124 5065 γὰρ
3157 4993 3275 5046 ἐκεῖ
3316 4992 3493 5064 χαρᾶς
3525 4992 3687 5046 τοῦτο
3719 4990 3811 5060 γέ-

2232 5099 2387 5150 γονεν
2422 5082 2612 5136 αἴτιον.
2655 5079 2718 5135 Εἰ
2746 5080 2856 5152 γὰρ
2893 5082 2979 5150 ἐφ’
3004 5078 3086 5135 ἐνὶ
3114 5077 3424 5153 ἁμαρτωλῷ
3453 5078 3806 5151 μετανοοῦντι

2234 5167 2380 5238 χαρά
2398 5169 2454 5221 ἐν
2487 5168 2758 5237 οὐρανοῖς,
2785 5169 2834 5221 εἰ
2862 5164 2996 5222 ὅπου
3023 5163 3117 5221 δύο
3146 5166 3253 5220 εἰσὶ
3284 5164 3616 5238 συνηγμένοι
3644 5165 3724 5229 εἰς
3745 5162 3809 5217 τὸ

2232 5255 2402 5325 ὄνομα
2435 5255 2624 5318 αὑτοῦ,
2654 5256 2771 5309 ἐκεῖ
2801 5255 2860 5308 ἐν
2892 5254 3042 5325 μέσῳ
3075 5252 3256 5309 αὐτῶν
3290 5257 3439 5308 ἐστιν
3479 5255 3508 5307 ό
3543 5251 3805 5323 Χριστὸς,

2233 5339 2366 5393 ὅπου
2388 5340 2550 5405 Σίλας
2576 5340 2669 5395 καὶ
2698 5339 2909 5404 Παῦλος
2938 5342 3032 5394 καὶ
3054 5342 3083 5395 ὁ
3100 5338 3446 5411 δεσμοφύλαξ
3476 5340 3570 5392 καὶ
3599 5340 3633 5409 ἡ
3661 5338 3808 5391 οἰκία

2233 5426 2401 5480 αὑτοῦ
2438 5428 2533 5497 δλη
2570 5428 2662 5481 καὶ
2694 5427 2877 5491 πίστις
2907 5426 3163 5497 τοσαύτη,
3206 5427 3360 5497 πόσῳ
3401 5425 3626 5495 μᾶλλονς
3666 5426 3808 5494 Ὅρα

2235 5513 2334 5583 τὴν
2359 5514 2692 5585 σφοδρότητα
2722 5514 2820 5584 τῆς
2856 5514 3109 5576 πίστεως.
3151 5512 3313 5568 Ἀλλά
3343 5512 3406 5567 τὸ
3436 5513 3810 5583 δεσμωτήριον

2236 5598 2392 5653 τοῦτο
2427 5600 2615 5671 ἐτέρου
2658 5618 2724 5671 με
2764 5600 3049 5672 ὑπέμνησε
3093 5600 3493 5673 δεσμωτηρίου.
3546 5599 3706 5654 Ποίου
3747 5595 3811 5667 δὴ

2301 5904 2325 5951 ε
2350 5896 2431 5950 Sic
2455 5912 2569 5949 mss.
2599 5896 2653 5949 In
2680 5898 2849 5950 Morel.
2876 5899 2957 5947 θέα
2977 5897 3140 5948 deest.
