4140 6492
330 367 385 424 σε
1128 357 1192 413 ΙΝ
1236 350 1446 413 EPIST.
1495 357 1583 409 AD
1626 350 1865 409 El‘llES.
1909 352 2059 409 CAP.
2107 351 2189 410 IV.
2236 358 2463 414 llOllIL.
2511 359 2642 417 \‘Ill.
3541 357 3612 416 63

329 496 497 538 eorum
513 478 600 548 qui
618 482 768 531 erant
787 473 930 537 intus
950 470 1132 524 vincti:
1154 470 1269 538 ipse
1287 486 1499 540 quoque
1521 478 1702 523 custos
1724 482 1900 521 carce-

331 574 398 626 ris
414 578 523 625 erat
538 570 765 621 vinctus.
780 563 911 617 Nam
934 562 1009 615 illi
1033 561 1249 631 quidem
1270 561 1413 615 ferro
1432 560 1596 614 vincti
1626 559 1838 614 fuerant
1853 567 1907 612 et

332 682 405 734 per
422 662 569 724 catis,
605 658 691 712 hic
717 666 895 710 autem
918 654 1052 707 solis
1076 653 1332 722 peccatis.
1366 652 1488 706 lllos
1511 652 1669 705 solvit
1687 650 1903 713 Paulus,

330 762 383 805 ut
408 749 472 804 de
494 748 594 801 hoc
625 745 878 800 redderet
901 743 1165 796 certiores
1192 757 1206 803 ;
1242 751 1396 794 erant
1425 741 1570 794 enim
1602 737 1905 808 aspectabi-

328 847 390 899 lia
420 841 643 896 vincula.
675 838 750 893 Ita
776 838 940 891 etiam
965 834 1092 890 fecit
1117 832 1383 897 Christus,
1407 833 1512 885 imo
1540 846 1669 885 vero
1696 840 1905 885 contra.

329 940 425 993 Illic
453 936 637 1005 duplex
668 943 785 988 erat
804 930 1083 1001 paralysis.
1104 930 1362 996 Quantam
1382 936 1558 979 autem
1578 926 1677 979 ea?
1712 924 1909 978 Pecca-

328 1044 483 1085 torum
507 1038 561 1082 et
590 1025 857 1094 corporis.
890 1023 1029 1091 Quid
1058 1038 1189 1091 ergo
1231 1021 1403 1077 facit?
1446 1020 1679 1089 Conﬁde,
1715 1019 1907 1087 inquit,

328 1121 745 1190 ﬁti,remittuntur
770 1117 861 1169 tibi
888 1125 1096 1184 peccata
1124 1113 1343 1183 (Matth.
1376 1112 1429 1168 9.
1455 1112 1537 1183 2).
1570 1111 1723 1166 Prius
1751 1110 1911 1165 solvit

328 1231 429 1270 eam
458 1228 572 1284 quae
598 1225 724 1265 vere
746 1218 864 1263 erat
891 1208 1174 1278 paralysis,
1199 1205 1397 1260 deinde
1417 1204 1482 1258 ad
1516 1205 1654 1259 hanc
1679 1201 1906 1257 accedit.

327 1307 530 1377 Quando
548 1305 691 1360 enim
727 1302 951 1369 Quidam
980 1316 1043 1354 ea:
1066 1299 1247 1353 scribis
1278 1298 1515 1351 dicebant
1536 1296 1675 1363 apud
1700 1312 1773 1360 se,
1806 1292 1910 1347 Iste

328 1399 641 1467 blasphemat,
690 1394 855 1448 sciens
911 1391 1064 1445 Jesus
1112 1406 1284 1445 eorum
1338 1388 1688 1458 cogitationes,
1737 1386 1866 1439 dixit
1890 1400 1910 1438 .'

331 1491 449 1557 Quid
476 1487 702 1558 cogitatis
728 1484 871 1538 ntala
917 1485 972 1538 in
1004 1484 1241 1538 cordibus
1269 1483 1490 1536 vestris?
1513 1480 1651 1546 Quid
1672 1490 1743 1533 est
1775 1479 1906 1550 faci-

327 1583 414 1635 lius
446 1580 622 1643 dicere,
667 1574 1023 1629 Remittuntur
1047 1585 1133 1627 tua
1163 1582 1390 1641 peccata.
1416 1589 1482 1625 an
1523 1572 1712 1637 dicere,
1743 1569 1910 1638 Surge

327 1682 366 1724 et
392 1668 620 1722 ambula?
651 1666 724 1720 Ut
751 1675 924 1719 autem
952 1664 1127 1717 sciatis
1151 1663 1288 1733 quod
1319 1670 1617 1731 potestatem
1635 1659 1781 1713 habet
1811 1657 1907 1711 Fi-

328 1763 414 1816 lius
430 1758 635 1814 hominis
653 1754 952 1809 remittendi
970 1764 1179 1823 peccata
1204 1754 1254 1806 in
1279 1763 1433 1818 terra,
1459 1751 1581 1803 dicit
1598 1750 1905 1820 paralytico,

330 1855 492 1921 Surge,
535 1860 579 1904 et
612 1850 741 1903 tolle
778 1850 965 1901 lectum
996 1856 1160 1911 tuum,
1205 1856 1252 1899 et
1282 1845 1410 1898 vade
1444 1845 1495 1897 in
1524 1844 1731 1898 domum
1768 1851 1908 1894 tuam

331 1945 438 2015 (id.
458 1959 500 1997 ν.
526 1942 622 1997 5-6
648 1940 693 2012 ).
728 1940 807 1994 Ex
840 1939 943 1993 hoc
969 1936 1113 2008 quod
1142 1946 1227 1991 est
1253 1937 1471 1997 sensile,
1501 1933 1836 1989 confirmavit
1856 1930 1908 1986 id

332 2037 453 2107 quod
492 2034 625 2090 cadit
666 2034 778 2089 sub
820 2032 1252 2101 intelligentiam,
1298 2037 1356 2083 ut
1397 2029 1487 2099 qui
1532 2044 1597 2081 ex
1641 2026 1906 2096 corporali

333 2127 494 2183 fecerit
530 2126 579 2181 id
607 2126 757 2195 quod
806 2134 893 2178 est
944 2124 996 2177 in
1022 2123 1222 2176 anima.
1266 2121 1373 2176 Cur
1401 2129 1580 2175 autem
1611 2119 1714 2173 hoc
1743 2118 1910 2173 fecit?

331 2216 387 2274 Ut
412 2219 716 2287 impleretur
739 2215 884 2286 quod
908 2214 1113 2269 dictum
1140 2221 1251 2280 est,
1283 2212 1440 2267 Serve
1468 2227 1702 2280 nequam,
1731 2227 1794 2263 ea:
1824 2226 1910 2262 ore

326 2324 400 2366 tuo
421 2322 463 2367 te
482 2312 660 2383 judico
694 2308 854 2378 (Luc.
889 2308 978 2363 l9.
1008 2306 1125 2374 22).
1149 2305 1286 2372 Quid
1318 2304 1392 2359 illi
1425 2304 1674 2358 dixerunt
1697 2303 1720 2355 ?
1743 2302 1911 2357 Nemo

326 2413 482 2472 potest
523 2402 809 2456 remittere
853 2408 1073 2468 peccata
1104 2397 1205 2451 nisi
1235 2395 1386 2451 solus
1416 2396 1575 2459 Dens,
1608 2408 1782 2463 neque
1808 2407 1908 2446 an-

323 2495 475 2563 gelus,
504 2507 677 2563 neque
702 2489 1087 2559 archangelus,
1120 2503 1295 2557 neque
1318 2486 1423 2540 alia
1449 2494 1686 2555 potestas
1706 2493 1906 2540 creata.

324 2585 416 2637 Vos
456 2585 551 2639 hoc
578 2581 825 2638 confessi
870 2581 1030 2635 estis.
1060 2578 1197 2647 Quid
1229 2592 1358 2648 ergo
1384 2584 1658 2645 oporteret
1683 2574 1911 2630 dicere?

318 2675 365 2730 Si
386 2685 648 2730 ostensum
680 2672 852 2728 fuerit
877 2671 1024 2742 quod
1050 2671 1203 2727 solvo
1232 2678 1472 2739 peccata,
1504 2668 1679 2737 palam
1712 2676 1796 2721 est
1824 2681 1913 2721 me

318 2784 425 2823 e~se
467 2770 652 2823 Deum.
700 2767 777 2821 At
818 2780 929 2819 non
978 2765 1057 2819 sic
1095 2763 1253 2829 dixit,
1296 2761 1391 2816 sed
1439 2761 1605 2831 quid?
1639 2759 1706 2815 Ut
1737 2761 1913 2816 sciatis

317 2860 439 2929 quod
464 2859 629 2914 Filius
656 2858 889 2912 hominis
918 2855 1065 2910 habet
1094 2864 1392 2925 potestatem
1434 2870 1585 2923 super
1614 2863 1800 2907 terram
1826 2869 1911 2906 re-

318 2952 531 3005 mittendi
573 2958 811 3021 peccata,
865 2957 986 3001 tunc
1014 2947 1137 2999 dicit
1166 2946 1472 3016 paralytico,
1505 2945 1690 3014 Surge,
1718 2954 1765 2997 et
1790 2944 1909 2997 tolle

318 3046 483 3099 lectum
530 3054 698 3108 tuum,
745 3052 791 3096 et
822 3040 950 3095 vade
985 3040 1037 3093 in
1068 3040 1276 3092 domum
1314 3048 1474 3090 tuam.
1505 3036 1732 3104 Quando
1760 3051 1907 3106 ergo,

320 3137 495 3205 inquit,
517 3134 663 3205 quod
683 3131 1057 3188 estdifftciltus
1076 3132 1275 3192 fecero,
1300 3129 1475 3198 palam
1494 3138 1576 3183 est
1597 3127 1664 3182 de
1689 3142 1755 3180 eo
1772 3127 1913 3196 quod

321 3236 395 3280 est
411 3226 562 3280 facile
585 3224 799 3279 trullam
823 3221 1059 3291 relinqui
1088 3220 1594 3275 contradictionem.
1619 3220 1913 3289 Propterea

320 3322 402 3376 ille
430 3322 574 3391 prius
603 3320 741 3375 fecit
766 3318 818 3373 id
843 3318 986 3388 quod
1016 3318 1159 3372 cadit
1188 3318 1288 3372 sub
1317 3317 1747 3388 intelligentiam,
1774 3330 1912 3387 quo-

319 3414 447 3467 niam
476 3414 628 3467 tnulti
665 3420 825 3467 erant
860 3410 952 3480 qui
981 3409 1466 3464 contradicehant;
1510 3409 1597 3463 hic
1631 3417 1811 3462 autem
1845 3406 1914 3461 ab

318 3521 376 3559 eo
419 3505 558 3575 quod
599 3503 756 3560 cadit
800 3502 903 3557 sub
945 3499 1380 3571 intelligentiam,
1410 3497 1615 3567 redegit
1644 3500 1818 3570 ipsum
1845 3497 1912 3553 ad

318 3599 522 3654 sensile.
553 3595 826 3654 Levitatis
857 3609 989 3665 ergo
1038 3609 1145 3648 non
1175 3602 1291 3647 erat
1317 3592 1472 3647 fides.
1504 3590 1649 3646 Vidit
1681 3591 1912 3656 vinctos,

318 3702 367 3745 et
404 3690 528 3745 nihil
576 3689 713 3744 mali
758 3686 896 3741 vidit
937 3701 1037 3740 nec
1079 3684 1252 3739 audiit
1298 3701 1312 3733 :
1363 3684 1499 3738 vidit
1530 3684 1582 3738 id
1615 3700 1720 3737 non
1749 3681 1917 3737 fuisse

320 3782 503 3837 factum
545 3780 846 3854 praestigiis
884 3786 944 3832 et
991 3777 1398 3841 incantatione;
1432 3777 1597 3831 Deum
1626 3777 1771 3832 enim
1802 3776 1917 3830 lau-

318 3874 502 3927 dabant
532 3892 546 3927 :
591 3871 733 3927 vidit
756 3870 940 3926 omnia
984 3868 1121 3924 facta
1139 3883 1259 3923 esse
1280 3883 1345 3923 ex
1370 3868 1534 3923 multa
1560 3867 1925 3935 humanitate;

321 3980 416 4018 non
435 3965 576 4019 enim
608 3962 712 4018 ulti
741 3971 891 4024 sunt,
925 3961 1026 4015 etsi
1052 3968 1319 4030 poterant.
1346 3958 1604 4013 Poterant
1627 3959 1772 4013 enim
1805 3961 1921 4013 vin-

319 4058 412 4113 ctis
435 4057 627 4113 solutis
657 4055 811 4110 abire
836 4070 851 4119 ;
880 4053 926 4107 si
954 4068 1061 4107 non
1094 4052 1310 4118 vinctis,
1336 4052 1530 4106 saltem
1559 4053 1791 4122 seipsis;
1823 4053 1918 4108 sed

224 4200 236 4211 ,
321 4164 417 4202 non
449 4148 719 4203 fecerunt.
749 4143 1117 4212 Quamobrem
1146 4158 1268 4197 eum
1296 4152 1421 4197 sunt
1444 4143 1682 4207 reveriti,
1702 4159 1810 4197 non
1833 4158 1922 4199 so-

321 4241 420 4293 lum
441 4238 510 4292 ob
536 4235 885 4298 miraculum,
901 4234 996 4289 sed
1020 4234 1181 4288 etiam
1203 4233 1273 4288 ob
1295 4248 1495 4289 mores.
1517 4234 1799 4300 Quomodo
1823 4251 1920 4291 ex-

318 4330 592 4383 clamavit?
624 4328 775 4382 Voce
803 4340 996 4396 magna
1024 4325 1233 4391 dicens,
1263 4323 1416 4379 Nihil
1446 4325 1536 4378 tibi
1566 4327 1690 4379 muli
1718 4327 1919 4397 feceris;

319 4438 481 4476 omnes
509 4422 649 4475 enim
681 4419 763 4472 hic
791 4434 986 4473 sumus.
1026 4416 1188 4473 Vides
1220 4418 1360 4471 inani
1387 4404 1557 4488 gloria
1585 4428 1641 4473 et
1662 4418 1798 4475 fastu
1830 4435 1920 4474 va-

320 4528 491 4577 cuum,
517 4526 713 4567 amore
731 4510 1056 4565 ferventem.
1090 4507 1206 4563 Non
1235 4508 1388 4574 dixit,
1423 4510 1652 4577 Propter
1678 4525 1777 4566 nos
1807 4510 1923 4568 haec

321 4606 446 4661 facta
469 4617 614 4669 sunt,
644 4603 744 4660 sed
776 4612 1027 4672 tanquam
1058 4616 1195 4655 unus
1224 4617 1293 4656 ex
1323 4602 1516 4657 vinctis
1536 4602 1702 4658 dicit:
1736 4605 1923 4661 Omnes

321 4700 445 4752 enim
489 4700 572 4753 hic
599 4713 801 4753 sumus.
845 4694 1008 4763 Atqui
1044 4694 1255 4748 etiamsi
1285 4709 1390 4748 non
1419 4696 1590 4765 prius,
1621 4712 1797 4767 neque
1828 4712 1924 4767 per

322 4791 634 4847 miraculum
685 4804 745 4844 se
788 4788 1095 4851 solvissent,
1135 4797 1192 4842 at
1231 4788 1309 4841 eis
1355 4788 1596 4844 licuisset
1638 4789 1835 4857 facere,
1867 4801 1925 4846 et

322 4898 502 4938 omnes
547 4882 715 4937 etiam
758 4879 968 4934 vinctos
1001 4879 1231 4935 solvere.
1270 4878 1326 4933 Si
1355 4881 1499 4934 enim
1532 4881 1833 4948 siluissent,
1866 4893 1923 4939 et

323 4991 420 5031 non
465 4994 562 5047 per
607 4994 863 5049 magnam
916 4993 1107 5033 vocem
1146 4978 1264 5048 ejus
1310 4994 1499 5032 manus
1527 4980 1917 5048 cohibuissem,

323 5084 409 5135 per
430 5080 618 5138 guttur
635 5086 822 5124 ensem
850 5069 1287 5140 transadegisset.
1318 5069 1606 5138 Propterea
1629 5072 1790 5126 etiam
1815 5074 1923 5128 cla-

320 5160 495 5228 mavit,
529 5162 789 5231 quoniam
817 5161 873 5215 in
918 5161 1229 5216 interioretn
1281 5176 1556 5215 carcerem
1588 5170 1704 5215 erat
1733 5162 1919 5230 conje-

319 5258 429 5303 ctus
453 5268 467 5303 :
488 5250 696 5305 Contra
728 5260 800 5316 te,
831 5251 1025 5319 inquit,
1053 5250 1154 5304 hoc
1186 5250 1386 5315 fecisti,
1418 5250 1640 5304 interius
1663 5251 1921 5320 conjectis

319 5339 379 5393 iis
417 5341 505 5406 qui
553 5353 607 5396 te
637 5349 793 5396 erant
840 5340 1117 5395 liberatori
1159 5357 1189 5396 a
1222 5342 1484 5410 periculo.
1518 5342 1623 5396 Sed
1656 5358 1763 5396 non
1796 5354 1921 5397 sunt

319 5432 503 5487 imitati
532 5450 660 5505 quae
688 5435 756 5490 ab
796 5434 890 5488 illo
919 5433 1061 5488 facta
1091 5433 1327 5488 fuerant.
1364 5433 1460 5489 lllo
1489 5444 1668 5489 autem
1705 5447 1918 5491 mortuo

319 5538 501 5579 onmes
530 5526 875 5595 effugissent.

382 5615 434 5667 5.
467 5615 827 5686 Vidistiquod
858 5615 1152 5672 maluerint
1182 5631 1304 5671 esse
1332 5618 1495 5673 vincti
1519 5660 1533 5684 ,
1579 5634 1737 5688 quam
1769 5621 1916 5678 illum

320 5720 632 5774 pereuntem
660 5711 964 5782 despicere.
1009 5713 1162 5781 Apud
1188 5728 1250 5768 se
1280 5713 1401 5768 ideo
1428 5715 1676 5785 cogitavit
1706 5736 1717 5768 ;
1747 5716 1799 5770 Si
1833 5735 1914 5772 es-

319 5809 431 5853 sent
475 5805 897 5876 paestigiatores
920 5845 935 5874 ,
963 5814 1109 5861 certe
1145 5815 1198 5861 ct
1228 5806 1349 5864 illos
1394 5808 1702 5876 solvissent,
1735 5821 1788 5866 ct
1821 5827 1909 5867 se—

2015 468 2161 535 ipsos
2188 469 2505 527 liberassent
2531 489 2559 528 a
2583 476 2836 545 vinculis;
2878 488 2961 536 est
2982 485 3124 540 enim
3160 491 3448 551 verisimile
3476 503 3617 555 mul-

2018 570 2097 614 tos
2126 578 2339 632 quoque
2363 564 2496 620 tales
2519 567 2685 624 fuisse
2705 571 2950 641 injectos.
2979 578 3226 648 Alioquin
3259 597 3435 642 autem
3460 633 3471 655 ,
3492 606 3615 649 cum

2015 665 2159 720 smpe
2189 656 2486 724 accepisset
2520 662 2973 733 pratsligiatores,
3024 681 3074 724 et
3108 672 3238 728 nihil
3281 678 3387 733 tale
3416 680 3615 740 factum

2014 757 2136 798 esse
2166 744 2409 811 videret,
2442 751 2662 806 miratus
2694 764 2795 809 est.
2834 758 3197 832 Praestigiator
3239 783 3344 823 non
3386 787 3617 832 concus-

2015 836 2178 891 sisset
2207 838 2554 897 fundamenta
2593 849 2863 915 carceris,
2906 862 2963 905 ut
2998 855 3115 923 ejus
3145 861 3425 917 custodem
3469 871 3616 923 exci-

2018 938 2174 995 taret,
2217 941 2270 986 et
2299 934 2538 990 efliceret
2584 948 2640 992 ut
2687 941 2789 995 sibi
2836 942 2954 1013 fuga
3001 959 3145 1003 esset
3185 951 3477 1014 dillicilior.
3511 961 3617 1016 Sed

2011 1020 2121 1118 jam
2154 1023 2428 1078 videamus
2455 1027 2613 1081 fidem
2644 1032 2886 1087 custodis
2915 1040 3172 1093 carceris.
3208 1041 3396 1111 Petito,
3426 1049 3616 1118 inquit.

2016 1112 2208 1168 lumine
2236 1117 2573 1188 introgressus
2604 1132 2716 1188 est,
2749 1134 2794 1177 et
2821 1133 3146 1199 tremefactus
3185 1138 3400 1203 procidit
3449 1112 3621 1197 Paulo

2016 1216 2061 1259 et
2095 1207 2224 1262 Sila:
2243 1211 2312 1261 ad
2333 1212 2515 1279 pedes;
2542 1224 2587 1266 et
2619 1216 2903 1281 producens
2930 1236 3015 1277 eos
3044 1223 3182 1291 [oras
3208 1228 3358 1293 dixit,
3392 1230 3618 1295 Domini,

2014 1298 2138 1395 guid
2155 1315 2232 1352 me
2260 1312 2456 1370 oportet
2479 1307 2667 1373 facere,
2696 1317 2747 1359 ut
2776 1310 2946 1363 salvus
2962 1313 3241 1384 ﬁam(Act.
3270 1319 3354 1373 16.
3380 1321 3467 1376 29.
3500 1325 3621 1395 50)?

2018 1388 2195 1458 Ignem
2232 1394 2451 1449 tenebat
2478 1405 2531 1448 ct
2560 1396 2831 1465 gladium,
2865 1411 2919 1454 et
2946 1403 3095 1469 dicit,
3131 1405 3356 1472 Domini,
3391 1414 3514 1479 quid
3544 1388 3622 1469 me

2016 1492 2210 1547 Oportet
2239 1486 2408 1553 facere
2427 1526 2442 1549 ,
2482 1496 2535 1537 at
2561 1488 2733 1543 salvus
2762 1491 2928 1557 liam?
2957 1494 3022 1547 At
3045 1496 3122 1549 illi
3146 1498 3383 1555 dixerunt
3417 1503 3620 1561 :Crede

2016 1571 2067 1623 in
2117 1570 2394 1628 Dominum
2422 1576 2599 1631 Jesum
2624 1618 2640 1643 ,
2682 1591 2729 1634 et
2772 1583 2950 1637 salvus
2995 1586 3095 1640 eris
3125 1598 3198 1653 tu,
3232 1601 3279 1643 et
3306 1592 3488 1649 domus
3532 1608 3621 1652 tua

2018 1660 2124 1735 (Ib.
2160 1681 2207 1717 v.
2239 1666 2353 1736 51).
2390 1667 2500 1722 lloc
2532 1684 2637 1723 non
2665 1682 2767 1739 est,
2802 1673 2991 1744 inquit,
3020 1680 3492 1752 pmestigiatorum,
3513 1690 3621 1746 tale

2017 1755 2292 1811 decretum
2330 1761 2540 1816 tradere
2572 1781 2585 1816 :
2633 1780 2894 1834 nusquam
2926 1768 3014 1824 hic
3045 1774 3302 1828 memoria
3333 1776 3614 1835 daemonis.

2018 1847 2178 1902 Vides
2210 1866 2370 1920 quam
2412 1855 2483 1908 sit
2510 1854 2598 1910 ille
2625 1856 2819 1928 dignos
2847 1860 2938 1929 qui
2968 1861 3059 1917 iiat
3087 1865 3306 1921 salvus?
3333 1868 3468 1923 Nam
3495 1886 3618 1927 cum

2016 1940 2238 1997 vidisset
2266 1945 2607 2015 miraculum,
2638 1958 2693 2004 et
2724 1961 2868 2006 metu
2897 1964 3042 2009 esset
3073 1956 3330 2015 liberatus
3351 2003 3367 2026 ,
3401 1979 3506 2020 non
3537 1975 3623 2021 est

2015 2032 2215 2086 oblitos
2243 2050 2432 2091 eorum
2468 2056 2588 2108 quae
2620 2051 2776 2095 erant
2815 2045 3195 2115 conducibilia,
3224 2051 3319 2105 sed
3357 2053 3408 2106 in
3437 2069 3503 2109 eo
3526 2072 3618 2126 pe-

2017 2125 2188 2178 riculo
2232 2141 2417 2182 curam
2463 2132 2725 2200 gerebant
2761 2136 2951 2191 salutis
2988 2140 3204 2207 animai,
3230 2152 3284 2199 et
3305 2125 3619 2204 accessitad

2016 2215 2269 2272 doetores
2300 2220 2365 2272 ita
2392 2230 2449 2275 ut
2475 2225 2718 2290 Oportuit
2742 2228 3040 2295 accedere;
3079 2241 3134 2286 et
3162 2234 3395 2302 procidit
3426 2239 3490 2291 ad
3521 2256 3587 2293 eo
3607 2275 3619 2283 ο

2017 2322 2133 2360 rom
2166 2310 2350 2376 pedes.
2386 2312 2452 2365 Et
2481 2314 2676 2385 loquuti
2698 2329 2836 2385 sunt,
2863 2320 3059 2390 inquit,
3083 2324 3129 2376 ei
3158 2326 3360 2380 verbum
3390 2328 3614 2395 Domini,

2016 2409 2064 2452 et
2090 2402 2322 2457 onmibus
2349 2403 2438 2473 qui
2457 2416 2604 2459 erant
2628 2407 2681 2460 in
2710 2408 2861 2463 domo
2889 2413 3025 2481 ejus.
3056 2412 3123 2467 Et
3142 2418 3323 2472 tollens
3344 2436 3427 2473 eos
3447 2422 3499 2474 in
3530 2424 3621 2476 illa

2018 2503 2181 2556 nocte,
2213 2494 2335 2547 lavit
2361 2496 2541 2567 plagas
2568 2516 2762 2565 eorum,
2794 2512 2839 2555 et
2866 2505 3155 2573 baptizatus
3169 2521 3238 2563 est
3256 2512 3365 2577 ipse
3389 2524 3435 2567 et
3456 2518 3621 2571 omnis

2017 2588 2129 2654 ejus
2158 2586 2338 2642 domus
2367 2593 2607 2645 continuo
2636 2593 2796 2663 (Ibid.
2848 2613 2894 2650 υ.
2925 2599 3012 2653 52.
3044 2600 3154 2672 35).
3195 2602 3354 2658 Vides
3382 2578 3478 2660 viri
3511 2609 3621 2663 fer-

2017 2681 2242 2734 vorem?
2269 2680 2383 2735 Non
2413 2682 2640 2748 distulit,
2677 2702 2781 2740 non
2812 2690 2968 2757 dixit,
2997 2692 3114 2747 Fiat
3143 2696 3283 2763 dies,
3319 2698 3619 2767 videamus,

2018 2772 2458 2839 consideremus;
2491 2777 2588 2832 sed
2637 2794 2832 2849 magno
2882 2783 3093 2840 fervore
3141 2798 3197 2841 et
3244 2789 3358 2857 ipse
3409 2801 3464 2846 et
3512 2803 3621 2851 tota

2021 2862 2135 2932 ejus
2163 2864 2357 2920 domus
2394 2866 2496 2921 fuit
2530 2868 2797 2939 baptizata
2830 2889 2843 2925 :
2876 2889 2981 2927 non
3028 2886 3208 2931 autem
3244 2889 3301 2932 ttt
3330 2897 3471 2936 nunc
3502 2884 3623 2952 pln-

2021 2955 2140 3008 rimi
2169 2955 2474 3026 deSpiciunt
2493 2968 2545 3014 et
2572 2975 2761 3017 servos
2787 2976 2837 3018 et
2864 2980 3061 3021 uxores
3088 2984 3152 3022 ac
3185 2970 3383 3026 liberos
3422 2985 3622 3046 myste-

2017 3046 2113 3099 riis
2148 3062 2254 3101 non
2303 3048 2562 3105 initiatos.
2598 3051 2727 3107 Sitis
2752 3095 2765 3118 ,
2800 3071 2933 3126 rogo
2957 3098 2972 3122 ,
3022 3068 3081 3112 ut
3108 3071 3291 3114 custOs
3339 3069 3615 3122 carceris:

2021 3153 2126 3192 non
2148 3141 2467 3197 auctoritate
2490 3143 2635 3211 dico,
2655 3146 2751 3201 sed
2771 3146 3036 3205 instituto.
3066 3152 3204 3219 Quid
3232 3156 3373 3209 enim
3404 3158 3624 3226 prodest

2019 3233 2333 3300 auctoritas,
2366 3235 2409 3289 si
2440 3237 2689 3293 voluntas
2732 3251 2787 3294 et
2817 3241 3116 3298 institutum
3152 3245 3221 3297 sit
3254 3247 3624 3306 imbecillum?

2020 3323 2210 3394 Papus!
2264 3326 2353 3395 qui
2384 3338 2503 3381 erat
2540 3329 2776 3384 crudelis
2804 3373 2818 3397 ,
2847 3334 2936 3402 qui
2984 3333 3204 3389 immitis
3226 3378 3240 3402 ,
3271 3339 3362 3407 qui
3408 3340 3625 3398 vivebat

2019 3430 2140 3471 cum
2168 3418 2322 3471 malis
2347 3418 2657 3476 hominibus
2686 3422 3192 3492 innumerabilibus,
3218 3430 3309 3499 qui
3342 3431 3446 3486 hoc
3475 3448 3623 3489 sem-

2022 3522 2118 3576 per
2148 3508 2528 3577 meditabatur,
2563 3512 2699 3567 adeo
2743 3514 3031 3583 humanus,
3074 3519 3210 3575 adeo
3241 3522 3501 3578 sollicitus
3531 3542 3621 3582 re-

2024 3609 2185 3666 pente
2211 3601 2411 3654 evasit!
2447 3601 2616 3668 Lavit,
2651 3604 2852 3673 inquit,
2894 3608 3073 3678 plagas
3101 3626 3296 3665 eorum.
3327 3613 3623 3671 Considera

2024 3706 2209 3746 rursus
2237 3694 2398 3747 etiam
2433 3695 2579 3749 Pauli
2624 3698 2889 3753 fervorem
2923 3716 2936 3751 :
2965 3702 3195 3765 vinetus,
3224 3705 3524 3776 flagellatos
3551 3710 3624 3764 ita

2022 3786 2442 3855 evangelizabat.
2492 3787 2536 3842 Ο
2584 3789 2795 3844 beatam
2840 3794 3122 3847 catenam!
3166 3796 3340 3863 qualis
3389 3798 3489 3852 fuit
3537 3800 3626 3856 illa

2026 3886 2185 3931 nocte
2214 3876 2333 3947 ejus
2372 3880 2693 3948 partttritio?
2738 3882 2926 3949 quales
2967 3884 3175 3953 peperit
3227 3885 3400 3942 filios?
3441 3890 3516 3946 De
3561 3893 3627 3949 iis

2024 3969 2128 4024 diei
2162 3980 2340 4040 potest
2370 3990 2384 4027 :
2413 3973 2560 4038 Quos
2588 3975 2745 4044 genui
2778 3975 2830 4029 in
2860 3977 2996 4031 meis
3023 3978 3268 4033 vinculis.
3301 3981 3463 4038 Vides
3489 4000 3621 4054 quo-

2027 4062 2187 4117 modo
2214 4066 2468 4131 exsultet,
2498 4075 2551 4119 et
2581 4066 2695 4120 vult
2739 4065 2878 4121 filios
2903 4110 2919 4133 ,
2950 4068 3039 4137 qui
3069 4070 3180 4123 nati
3222 4080 3348 4126 sunt
3386 4088 3451 4127 ex
3498 4075 3622 4143 hoc,

2023 4169 2146 4212 esse
2172 4154 2606 4223 splendidiores?
2638 4157 2788 4212 vides
2816 4158 3150 4213 vinculorum
3176 4171 3374 4230 quanta
3414 4164 3483 4219 sit
3526 4181 3627 4235 po-

2028 4247 2216 4311 tentia,
2238 4263 2362 4300 eum
2392 4262 2496 4300 non
2530 4247 2706 4302 solum
2735 4263 2858 4303 eum
2881 4249 2969 4319 qui
2995 4258 3079 4304 est
3106 4250 3211 4304 illis
3241 4253 3624 4323 circumdatus,

2029 4338 2124 4393 sed
2146 4338 2307 4392 etiam
2335 4352 2431 4393 eos
2474 4354 2611 4409 quos
2652 4340 2745 4395 ille
2785 4355 2852 4394 eo
2880 4349 3123 4411 tempore
3164 4346 3407 4414 peperit,
3440 4348 3631 4404 reddat

2029 4428 2463 4498 splendidiores?
2489 4428 2698 4483 Habent
2726 4430 2929 4501 aliquid
2958 4432 3187 4501 amplius
3210 4474 3223 4498 ,
3253 4436 3341 4505 qui
3372 4437 3478 4490 nali
3502 4450 3632 4495 sunt

2028 4519 2084 4574 in
2106 4519 2334 4575 vinculis
2352 4519 2500 4575 Pauli
2537 4536 2553 4576 :
2580 4536 2685 4575 non
2709 4520 2831 4577 dico
2856 4521 2909 4577 in
2930 4525 3136 4593 gratia;
3161 4533 3246 4579 est
3272 4526 3415 4581 enim
3438 4529 3630 4586 eadem

2028 4613 2228 4682 gratia;
2262 4626 2362 4667 nec
2388 4610 2442 4667 in
2474 4611 2826 4678 remissione;
2871 4622 2954 4669 est
2982 4616 3127 4670 enim
3154 4616 3345 4672 eadem
3386 4621 3627 4677 omnium

2029 4703 2279 4758 remissio
2308 4719 2322 4755 :
2350 4701 2445 4759 sed
2468 4703 2612 4772 quod
2627 4719 2655 4758 a
2676 4705 2955 4775 prooemiis
2976 4706 3241 4762 docentur
3267 4708 3336 4764 de
3362 4710 3629 4780 ejusmodi

2030 4793 2194 4849 rebus
2222 4794 2393 4848 laatari
2423 4803 2479 4849 et
2504 4795 2797 4851 exsultare.
2832 4794 2902 4849 Et
2947 4796 3164 4865 tollens,
3208 4800 3422 4866 inquit,
3453 4819 3538 4857 eos
3576 4805 3632 4859 in

2028 4888 2123 4941 illa
2149 4888 2276 4940 hora
2297 4887 2459 4941 noctis
2482 4927 2498 4953 ,
2548 4886 2669 4941 lavit
2699 4888 2879 4958 plagas
2907 4904 3105 4955 eorum,
3137 4898 3184 4944 et
3214 4892 3504 4961 baptizatus
3533 4906 3628 4951 est.

2034 4981 2109 5037 De
2134 4991 2334 5036 caetero
2363 4990 2543 5035 autem
2588 4980 2712 5037 vide
2753 4980 2987 5036 fructum
3022 5000 3036 5037 :
3067 4997 3165 5052 pro
3194 4983 3261 5039 iis
3290 4986 3473 5041 statim
3503 4988 3629 5043 red-

2029 5072 2166 5127 didit
2193 5073 2450 5128 carnalia.
2475 5073 2701 5144 Cumque
2725 5073 3045 5143 perduaisset
3068 5114 3084 5142 ,
3119 5076 3314 5147 inquit,
3344 5094 3428 5135 eos
3454 5081 3506 5134 in
3536 5083 3630 5135 do-

2029 5181 2171 5217 mum
2198 5180 2365 5229 suam,
2396 5164 2571 5218 statim
2585 5165 2828 5235 apposuit
2858 5166 2929 5220 eis
2955 5183 3182 5221 mensam
3206 5210 3222 5234 ,
3252 5180 3300 5224 et
3327 5171 3531 5228 [celatus
3557 5186 3627 5231 est

2027 5273 2146 5311 cum
2181 5264 2286 5310 tota
2325 5256 2475 5310 domo
2502 5257 2641 5327 quod
2669 5257 2964 5312 credidisset
2996 5257 3124 5312 Deo.
3163 5259 3301 5326 Quid
3329 5260 3475 5318 enim
3521 5280 3633 5322 non

2028 5357 2143 5404 erat
2170 5348 2443 5413 facturus,
2473 5348 2607 5402 caelo
2647 5350 2697 5402 ei
2729 5357 2919 5418 aperto
2947 5364 3044 5420 per
3073 5350 3411 5419 apertionem
3432 5354 3634 5423 janua-

2028 5455 2148 5494 rum
2178 5439 2454 5494 carceris?
2484 5438 2638 5493 Lavit
2664 5439 2965 5505 doctorem,
2998 5456 3238 5496 mensam
3267 5447 3541 5516 apposuit,
3572 5459 3632 5506 ct

2027 5533 2335 5588 exsultavit.
2370 5533 2613 5603 lngressa
2640 5542 2724 5588 est
2751 5534 2802 5587 in
2828 5548 3103 5588 carcerem
3134 5543 3325 5591 catena
3356 5537 3506 5595 Pauli
3530 5582 3545 5605 ,
3576 5553 3633 5599 et

2026 5640 2381 5696 quacumque
2407 5625 2517 5679 illic
2537 5635 2690 5681 erant
2713 5625 2840 5679 fecit
2865 5625 3170 5693 ecclesiam,
3202 5638 3257 5682 et
3283 5629 3483 5686 Christi
3505 5610 3629 5688 cer-

2030 5734 2125 5787 pus
2155 5733 2344 5772 omnes
2375 5716 2521 5782 fecit,
2549 5726 2603 5772 et
2632 5732 2873 5771 mensam
2899 5719 3149 5787 apposuit
3176 5722 3510 5790 spiritualem
3529 5767 3544 5792 ,
3574 5738 3626 5782 et

2030 5828 2124 5868 cos
2151 5813 2306 5867 lwtus
2333 5822 2416 5867 est
2443 5812 2631 5867 enixus
2658 5811 2851 5882 quibus
2882 5814 3113 5884 gaudent
3141 5818 3338 5890 angeli.
3376 5818 3514 5876 Nunt
3544 5827 3624 5876 tc-
