4140 6490
565 333 636 390 os
1316 330 1373 384 s.
1403 322 1681 384 summa
1717 313 2189 378 attnvsosrosu
2217 313 2532 369 AllClllEl‘.
2574 314 3107 376 CONSTANTINOP.
3779 336 3844 394 ω

573 461 722 501 ntere
762 445 1006 501 dicebam
1045 459 1314 498 carcerem
1357 456 1475 497 esse
1515 439 1648 494 callo
1693 430 2152 507 splendidiorem?

573 536 702 605 Ejus
748 537 889 589 enim
931 551 1049 605 qua:
1095 534 1203 589 illic
1247 542 1333 589 est
1371 532 1568 587 ltetitiae
1619 529 1707 583 hic
1745 527 1845 582 fuit
1890 540 2069 578 causa.
2097 523 2153 577 Si

567 627 712 681 enim
747 635 962 694 propter
999 641 1158 678 unum
1211 634 1544 693 peccatorem
1587 618 1954 690 paenitentiam
1989 631 2154 685 agen-

569 728 674 771 tem
718 716 967 787 gaudium
1000 724 1082 770 est
1123 717 1173 767 in
1207 715 1353 768 cmlis
1385 713 1538 784 (Luc.
1572 711 1656 765 15.
1689 710 1746 779 7)
1778 728 1791 763 :
1819 709 1864 763 si
1910 706 2000 760 ubi
2047 705 2156 760 duo

566 817 690 862 sunt
717 808 1020 877 congregati
1051 806 1102 859 itt
1135 806 1352 860 nomine
1380 804 1528 872 ejus,
1562 802 1667 856 illic
1704 813 1784 855 est
1812 799 2058 854 Christus
2101 796 2152 850 itt

567 898 745 953 medio
772 913 957 952 eorum
986 897 1199 967 (Matth.
1226 896 1314 950 18.
1344 892 1439 966 20)
1470 909 1484 948 :
1511 892 1601 946 tibi
1623 900 1708 946 est
1725 890 1864 945 Silas
1884 897 1938 944 et
1958 887 2157 944 Paulus

563 1000 617 1043 et
645 1001 826 1043 custos
853 989 1087 1043 carceris
1109 999 1164 1042 et
1192 995 1303 1042 tota
1331 986 1448 1054 ejus
1475 984 1670 1039 domus
1711 993 1764 1036 et
1805 990 1950 1035 tattta
1999 979 2152 1043 fides,

564 1080 730 1132 inulto
762 1079 952 1149 magis.
984 1078 1118 1134 Vide
1146 1077 1539 1132 vehementiam
1561 1075 1704 1129 lidei.
1731 1073 1836 1128 Sed
1861 1073 1946 1126 hic
1969 1087 2154 1127 carcer

566 1174 688 1226 mihi
723 1173 996 1226 revocavit
1026 1171 1079 1225 in
1107 1172 1420 1225 memoriam
1451 1170 1613 1222 alium
1635 1183 1928 1222 carcerem.
1955 1166 2154 1234 Quem-

570 1278 683 1316 sam
715 1264 932 1315 autem?
962 1261 1064 1318 Ubi
1095 1271 1214 1317 erat
1240 1263 1450 1316 Petrus.
1484 1262 1554 1314 At
1580 1261 1688 1314 illic
1715 1259 1845 1312 nihil
1877 1258 1975 1311 fuit
2003 1258 2150 1327 ejus-

573 1351 706 1406 stodi
732 1368 746 1416 ;
777 1351 870 1406 sed
901 1351 1126 1405 traditus
1156 1350 1331 1405 fuerat
1359 1349 1743 1404 custodiendus
1763 1358 1990 1419 quatuor
2018 1362 2152 1418 qua-

565 1442 897 1496 ternionibus
950 1442 1180 1496 militum
1227 1441 1361 1511 (Act.
1393 1441 1479 1496 19..
1531 1443 1623 1510 4);
1665 1450 1720 1496 et
1767 1441 1997 1511 hymnos
2042 1455 2148 1494 non

559 1535 808 1599 canebat,
830 1551 928 1590 nec
957 1534 1228 1604 vigilabat.
1258 1534 1352 1590 sed
1374 1534 1705 1598 dormiebat;
1752 1541 1807 1587 et
1833 1547 2004 1602 neque
2031 1531 2147 1586 fue-

561 1635 642 1679 rat
671 1625 849 1697 flagris
877 1641 1071 1693 cmsus,
1095 1625 1191 1681 sed
1220 1623 1393 1694 majus
1422 1633 1538 1679 erat
1567 1623 1882 1695 periculum.
1905 1623 2037 1678 Nam
2063 1622 2148 1677 hic

559 1720 776 1787 quidem
803 1731 966 1774 totum
995 1719 1107 1790 jam
1135 1731 1252 1775 erat
1281 1721 1614 1784 confectum,
1656 1726 1711 1772 et
1757 1732 1944 1788 poenas
1984 1715 2149 1771 dede-

561 1822 684 1869 rant
714 1831 727 1867 :
759 1813 866 1869 illic
889 1823 1069 1868 autem
1103 1813 1360 1866 nondum.
1395 1811 1572 1878 Quare
1601 1811 1700 1866 etsi
1729 1809 1965 1864 nondum
1993 1819 2149 1865 erant

561 1905 731 1976 plaga:
761 1904 1000 1968 inflictzc,
1021 1913 1077 1957 at
1108 1903 1268 1957 futuri
1296 1903 1627 1972 exspectatio
1656 1915 1751 1956 eos
1770 1899 2148 1956 conturbabat.

565 1996 694 2050 Vide
715 1997 875 2050 etiam
913 1996 1017 2050 illic
1049 1995 1387 2050 miraculum.
1419 1993 1552 2048 Ecce
1575 1993 1787 2064 angelus
1817 1992 2022 2046 Domini
2049 1992 2148 2046 ad-

557 2085 702 2151 stitit,
739 2097 784 2141 et
823 2087 991 2140 lumen
1021 2086 1224 2156 refulsit
1252 2088 1304 2140 in
1331 2085 1618 2139 habitacula
1649 2101 1668 2138 :
1703 2100 2037 2154 percussaque
2066 2083 2149 2137 la-

557 2187 661 2232 tere
694 2177 872 2243 Petri,
915 2180 1152 2232 excitavit
1188 2194 1304 2232 eum
1329 2179 1500 2232 dicens
1532 2193 1550 2230 :
1580 2178 1747 2246 Surge
1789 2177 2044 2231 velociter.
2080 2175 2149 2228 Et

555 2269 726 2323 statim
754 2269 1040 2323 ceciderunt
1081 2279 1274 2324 catena:
1297 2271 1362 2323 de
1407 2269 1639 2322 manibus
1678 2271 1789 2340 ejus
1833 2266 1940 2336 (Ib.
1975 2283 2023 2321 υ.
2066 2269 2146 2338 7).

565 2360 644 2416 Ne
666 2362 998 2416 existimaret
1025 2377 1137 2416 rem
1170 2377 1292 2417 esse
1321 2361 1494 2418 solum
1530 2361 1690 2427 lucis,
1710 2371 1764 2415 et
1793 2361 2012 2415 Petrum
2047 2376 2147 2430 pu-

559 2452 724 2521 pugit.
755 2451 924 2505 Nemo
951 2461 1129 2507 autem
1169 2452 1382 2507 videbat
1410 2453 1583 2508 lucem
1615 2453 1714 2507 nisi
1746 2453 1860 2522 ipse
1886 2455 2066 2516 solus,
2095 2463 2150 2508 et

557 2543 898 2597 existimabat
925 2558 1046 2598 eSse
1075 2544 1244 2597 visum
1277 2564 1290 2598 :
1320 2545 1398 2598 sic
1437 2548 1526 2614 qui
1564 2543 1839 2598 dormiunt
1883 2559 1986 2598 non
2028 2559 2146 2599 sen-

558 2634 697 2688 tiuttt
727 2634 817 2688 Dei
861 2633 1141 2688 beneficia.
1172 2633 1319 2688 Dixit
1340 2645 1544 2700 autem,
1579 2635 1783 2704 inquit,
1821 2635 1868 2688 ei
1900 2638 2148 2704 angelus:

557 2723 881 2796 Prwciitgere
899 2766 916 2792 ,
945 2735 994 2780 et
1018 2727 1187 2780 calceo
1227 2736 1274 2780 tc
1297 2727 1536 2782 sandalio
1564 2736 1676 2781 tua.
1714 2727 1782 2781 Et
1818 2727 1937 2798 fecit
1962 2729 2054 2782 sic.
2083 2727 2152 2781 Et

557 2820 679 2872 dicit
719 2821 808 2873 ei:
843 2818 1117 2873 Circumda
1155 2821 1243 2872 tibi
1289 2821 1636 2876 vestimentum
1683 2829 1846 2886 tuum,
1873 2831 1922 2874 et
1946 2839 2150 2890 sequere

559 2926 658 2963 me.
692 2907 758 2961 Et
805 2926 1038 2981 egressus
1063 2922 1303 2980 sequutus
1336 2921 1408 2964 est
1437 2927 1552 2964 eum
1580 2927 1599 2964 :
1636 2920 1684 2965 et
1722 2911 1969 2964 nesciebat
2013 2912 2151 2980 quod

558 3016 730 3055 verum
755 3011 879 3054 esset
908 3002 1043 3071 quod
1067 3002 1217 3070 ﬁebat
1262 3019 1351 3072 per
1396 3004 1634 3073 angelum
1662 3020 1680 3058 :
1710 3005 2027 3059 existimabat
2056 3023 2150 3059 au-

563 3104 664 3148 tem
687 3110 740 3148 se
770 3095 930 3148 visum
957 3095 1146 3149 videre.
1180 3095 1522 3150 Transeuntes
1546 3107 1710 3150 autem
1736 3113 1824 3166 per
1853 3097 2074 3166 primaut
2103 3108 2151 3152 et

561 3185 835 3238 secundant
860 3186 1166 3251 custodiam,
1197 3197 1436 3241 uenerunt
1463 3187 1532 3239 ad
1557 3195 1754 3256 portant
1776 3192 2013 3259 ferream,
2039 3204 2153 3258 qua:

559 3278 697 3331 ducit
719 3277 786 3330 ad
811 3279 1083 3339 civitatem,
1114 3294 1226 3346 qua:
1252 3279 1385 3332 ultro
1409 3291 1585 3347 aperta
1610 3289 1684 3332 est
1708 3279 1797 3333 eis.
1827 3278 1895 3332 Et
1916 3292 2152 3335 exeuntes

560 3377 908 3436 processerunt
931 3368 1095 3420 vicum
1117 3383 1274 3420 unum
1302 3382 1322 3421 .°
1349 3377 1395 3422 et
1414 3369 1652 3422 continuo
1673 3369 1901 3424 discessit
1938 3371 2153 3442 angelus

560 3459 622 3512 ab
652 3477 709 3512 eo
735 3458 840 3529 (Ib.
868 3476 915 3513 tt.
947 3459 1134 3530 8-10).

632 3550 686 3605 6.
715 3550 818 3605 Cur
843 3549 978 3604 Deus
1005 3551 1285 3620 permiserit
1308 3559 1364 3604 ut
1389 3593 1404 3616 ,
1431 3552 1517 3618 qui
1565 3549 1772 3606 Petrum
1803 3553 2152 3607 custodiebant

559 3642 612 3695 in
634 3657 856 3707 carcere,
882 3642 1032 3694 occisi
1054 3641 1262 3709 fuerint.
1289 3672 1361 3680 —
1389 3641 1496 3696 Cur
1523 3641 1606 3696 hic
1637 3658 1741 3696 non
1773 3641 1970 3698 factum
1993 3654 2080 3698 est
2099 3643 2151 3697 id

559 3732 700 3800 quod
730 3733 781 3784 in
814 3732 978 3786 Paulo
1023 3741 1077 3785 et
1118 3731 1264 3787 Sila?
1295 3731 1445 3798 Quod
1476 3733 1584 3786 illic
1609 3733 1824 3803 quidem
1863 3748 1958 3788 eos
1997 3745 2153 3788 erant

561 3823 890 3888 absoluturi;
921 3832 1204 3893 propterea
1245 3823 1418 3878 noluit
1454 3838 1550 3879 eos
1579 3824 1658 3878 sic
1700 3825 1834 3878 solvi
1867 3841 1881 3876 :
1915 3825 1967 3878 in
1997 3825 2154 3880 beato

561 3923 738 3968 autem
770 3913 946 3977 Petro.
979 3913 1044 3968 ad
1084 3923 1312 3969 mortem
1356 3930 1481 3970 eum
1521 3923 1678 3971 erant
1721 3915 1986 3971 educturi.
2015 3916 2151 3983 Quid

563 4023 692 4062 vero
717 4049 731 4071 ,
769 4007 959 4077 inquit,
988 4022 1166 4062 annon
1192 4009 1380 4064 fuisset
1420 4009 1738 4071 mirabilius,
1769 4008 1815 4062 si
1845 4007 2070 4063 eductus
2100 4017 2154 4062 et

561 4102 789 4156 traditus
817 4102 870 4155 in
909 4117 1096 4156 manus
1127 4102 1268 4172 regis
1289 4142 1304 4165 ,
1337 4112 1465 4156 tunc
1493 4111 1711 4171 ereptus
1757 4111 1902 4157 esset
1929 4118 1994 4157 ex
2023 4101 2154 4171 ipsis

563 4191 753 4248 mediis
784 4192 1033 4260 periculis
1057 4232 1073 4259 ,
1101 4203 1157 4247 et
1187 4192 1318 4246 nihil
1339 4201 1485 4246 esset
1514 4192 1841 4261 perpessus?
1887 4191 1966 4246 sic
2007 4191 2153 4246 enim

564 4302 736 4356 neque
783 4286 1069 4354 periissent
1103 4285 1321 4340 milites.
1363 4284 1549 4354 Magna
1581 4283 1667 4338 hic
1695 4292 1839 4338 mota
1892 4290 1976 4337 est
2009 4297 2152 4352 quie-

562 4378 687 4430 stio.
721 4377 859 4432 Deus
885 4390 1040 4431 suum
1060 4415 1076 4439 ,
1107 4376 1318 4445 inquit,
1346 4389 1560 4430 servum
1599 4375 1835 4428 servavit
1863 4388 1985 4428 eum
2015 4373 2155 4429 alio-

564 4484 680 4522 rum
709 4467 987 4535 cruciatis,
1013 4482 1136 4522 eum
1162 4467 1388 4522 aliorum
1416 4465 1652 4520 interitu.
1683 4463 1822 4532 Quid
1849 4478 1978 4534 ergo
1998 4463 2155 4518 dice-

565 4557 718 4612 mus?
749 4557 928 4612 Primo
967 4557 1180 4628 quidem
1225 4571 1334 4610 non
1365 4571 1488 4610 eum
1515 4555 1750 4610 servavit
1775 4570 1896 4609 cum
1925 4555 2154 4609 aliorum

565 4652 813 4716 interitu;
848 4651 1105 4716 secundo,
1133 4667 1238 4704 nou
1268 4649 1367 4705 fuit
1392 4650 1496 4705 hoc
1530 4665 1596 4705 ex
1627 4650 1705 4705 rei
1729 4650 2151 4719 dispensatione,

563 4744 655 4797 sed
683 4759 748 4798 ex
780 4744 1111 4798 immanitate
1131 4741 1348 4813 judicia.
1394 4740 1718 4809 Quomodo?
1747 4742 1885 4797 Deus
1910 4742 2055 4797 enim
2079 4743 2156 4797 sic

565 4851 676 4890 rem
701 4833 1098 4889 administravit
1135 4848 1202 4888 ac
1226 4832 1592 4902 dispensavit,
1627 4840 1688 4888 ut
1727 4849 1835 4887 non
1875 4833 2050 4889 solum
2098 4833 2154 4888 hi

565 4943 669 4979 non
701 4927 963 4996 perirent,
988 4925 1087 4980 sed
1116 4925 1204 4980 ille
1229 4924 1392 4980 etiam
1417 4926 1596 4980 salvus
1623 4935 1805 4991 esset;
1835 4926 1972 4982 sicut
1991 4927 2155 4982 etiam

565 5019 650 5074 hic
679 5035 892 5091 quoque
922 5021 974 5075 in
1004 5019 1229 5076 custode
1256 5021 1530 5086 carceris;
1566 5020 1656 5076 ille
1699 5030 1880 5076 autem
1923 5037 2029 5076 non
2073 5031 2156 5077 est

564 5127 693 5167 usus
713 5111 856 5166 dono
886 5121 944 5167 ut
971 5111 1224 5181 oportuit.
1273 5109 1440 5165 Facta
1465 5121 1635 5166 autem
1667 5112 1751 5166 die
1773 5154 1788 5178 ,
1825 5113 2016 5184 inquit,
2045 5122 2156 5168 erat

564 5219 667 5257 non
689 5219 846 5270 parua
871 5204 1088 5257 turbatio
1111 5204 1241 5256 inter
1262 5203 1446 5258 milites
1463 5204 1713 5275 quidnam
1731 5208 1922 5274 factum
1941 5216 2066 5260 esset
2092 5205 2158 5260 de

567 5295 726 5350 Petro
752 5295 859 5366 (Ib.
884 5313 932 5349 υ.
977 5296 1089 5364 18).
1135 5295 1279 5362 Quid
1322 5296 1549 5365 postea?
1581 5295 1821 5351 Herodes
1868 5311 1981 5351 rem
2031 5296 2157 5352 facit

565 5386 884 5450 examinari,
917 5395 973 5441 et
999 5387 1068 5443 de
1095 5387 1160 5441 iis
1186 5387 1321 5442 facta
1349 5389 1735 5458 inquisitione,
1746 5387 1907 5458 jussit
1935 5388 2149 5443 abduci.

565 5478 700 5534 Nam
721 5479 766 5533 si
796 5493 902 5532 non
925 5479 1254 5549 inquisisset,
1284 5481 1459 5550 aliqua
1489 5487 1634 5535 esset
1661 5480 1935 5534 excusatio
1966 5497 1980 5533 :
2013 5494 2154 5534 nunc

565 5580 745 5626 autem
772 5570 1060 5640 produxit,
1087 5573 1432 5636 examinavit,
1459 5571 1650 5627 didicit
1673 5587 1795 5626 eum
1824 5572 1990 5626 fuisse
2035 5572 2153 5624 vin-

565 5671 733 5730 ctum,
755 5677 1025 5718 carcerem
1055 5679 1175 5720 esse
1201 5665 1442 5719 clausum
1461 5673 1516 5718 et
1540 5672 1733 5729 tutum,
1751 5663 2002 5717 custodes
2027 5673 2153 5717 ante

566 5765 747 5822 partas
777 5755 959 5823 fuisse,
993 5771 1090 5812 nec
1137 5756 1300 5813 fuisse
1327 5755 1552 5812 effossos
1577 5755 1806 5824 parietes
1825 5795 1841 5822 ,
1873 5769 1968 5811 nec
2002 5755 2142 5811 fores

2262 442 2474 500 apertas
2498 475 2514 500 ,
2560 450 2658 489 nec
2690 436 2856 493 ullum
2884 439 3025 494 aliud
3067 456 3188 497 esse
3231 443 3442 514 signum
3475 449 3716 509 sceleris.
3762 455 3836 513 Ex

2265 520 2572 615 ltocgautem
2599 530 2882 597 Oportebat
2906 530 2996 584 Dei
3026 533 3278 590 admirari
3307 543 3622 608 potentiam,
3643 561 3758 615 qua:
3781 566 3840 602 es

2263 613 2454 669 mediis
2481 616 2652 685 ipsum
2675 620 2944 689 eripuerat
2973 623 3243 691 periculis,
3272 635 3328 683 et
3353 629 3580 688 adorare
3606 613 3725 690 eum
3756 655 3842 706 qut

2264 702 2380 760 haec
2409 710 2638 776 potuerit
2670 728 2684 764 :
2714 711 2802 768 ille
2835 728 2966 769 vero
2999 715 3162 783 jussit
3201 733 3296 774 eos
3333 722 3547 780 abduci.
3591 702 3842 793 Quantam

2259 806 2345 852 est
2371 813 2499 867 ergo
2525 802 2677 871 culpa
2711 803 2796 858 hic
2822 804 2935 860 Deo
2963 805 3312 876 imputanda?
3338 813 3469 869 Nam
3510 819 3553 870 si
3581 818 3844 877 eﬁ’ecissct

2262 899 2320 940 ut
2341 903 2524 943 murus
2551 891 2992 962 perfringeretur,
3022 907 3076 952 et
3096 898 3174 954 sic
3193 901 3464 971 eiecisset,
3495 907 3629 962 forte
3655 911 3836 965 existi-

2261 988 2462 1034 masset
2491 980 2542 1034 id
2569 997 2690 1037 esse
2718 983 3130 1042 adscribendum
3171 1005 3356 1048 eorum
3385 997 3718 1067 negligentia:
3755 1021 3766 1055 :
3799 1004 3842 1057 si

2259 1077 2438 1124 autem
2466 1086 2578 1126 rem
2608 1074 2685 1128 sic
2711 1075 3105 1134 administravit
3126 1090 3180 1135 et
3208 1082 3558 1156 dispensavit,
3583 1099 3640 1146 ut
3663 1103 3846 1148 esten-

2260 1160 2481 1217 deretur
2509 1180 2626 1219 eam
2660 1182 2764 1221 non
2801 1183 2922 1224 esse
2958 1169 3172 1227 humani
3216 1177 3434 1232 sceleris
3467 1195 3530 1234 ac
3572 1184 3842 1250 maleficii,

2257 1251 2352 1305 sed
2381 1251 2542 1345 divini
2575 1255 2842 1324 miraculi,
2864 1273 2960 1314 cur
2989 1260 3091 1316 hoc
3122 1264 3283 1318 fecit?
3313 1265 3368 1322 Si
3399 1273 3542 1324 enitn
3569 1286 3683 1327 erat
3710 1275 3847 1345 fugi.

2259 1349 2430 1409 turus,
2461 1344 2530 1398 ita
2555 1345 2776 1416 fugisset
2797 1359 2853 1403 ut
2881 1349 3065 1406 habuit
3085 1365 3304 1410 catenas
3335 1375 3350 1411 :
3376 1359 3419 1414 si
3443 1372 3558 1416 erat
3583 1344 3845 1435 fugiturus

2255 1435 2638 1502 conturbatus,
2671 1455 2777 1493 non
2812 1449 2972 1496 tanta:
3017 1447 3064 1498 ei
3095 1445 3284 1501 fuisset
3309 1463 3454 1504 cura:
3479 1462 3539 1507 ut
3576 1457 3847 1526 acciperet

2256 1527 2496 1580 sandalia
2521 1568 2536 1593 ,
2580 1529 2675 1583 sed
2707 1546 2769 1585 ea
2799 1531 3111 1589 dimisisset.
3156 1535 3308 1594 Nunc
3349 1551 3526 1596 autem
3561 1556 3843 1616 propterea

2255 1616 2386 1671 dicit
2409 1621 2458 1672 ei
2485 1621 2730 1690 angelus,
2759 1621 2987 1678 Induere
3011 1627 3248 1681 sandalio
3273 1669 3287 1694 ,
3321 1641 3376 1684 ut
3403 1634 3675 1691 discerent
3699 1641 3844 1710 quod

2254 1723 2374 1763 eam
2417 1726 2528 1764 rem
2561 1727 2667 1765 non
2699 1711 2916 1769 fecisset
2945 1715 3188 1788 fugiens;
3221 1721 3316 1776 sed
3349 1724 3400 1777 in
3431 1741 3626 1797 magno
3653 1732 3767 1786 otio
3791 1746 3845 1787 et

2253 1799 2452 1867 quiete.
2478 1800 2608 1872 Nam
2631 1817 2753 1856 cum
2783 1815 2928 1860 esset
2956 1808 3188 1875 vinctus,
3221 1819 3276 1865 et
3298 1812 3437 1868 inter
3458 1816 3593 1872 duos
3621 1821 3840 1889 milites,

2255 1905 2360 1943 tton
2385 1899 2588 1945 tantum
2614 1893 2664 1948 ei
2693 1893 2886 1951 fuisset
2911 1898 3004 1951 otii
3030 1940 3046 1965 ,
3074 1909 3130 1954 ut
3153 1902 3387 1959 solveret
3419 1917 3654 1972 catenas.l
3681 1913 3843 1982 idque

2253 1995 2375 2036 cum
2400 1994 2543 2038 esset
2568 1985 2620 2038 in
2644 1985 2882 2042 interiori
2907 1990 3170 2044 custodia.
3193 1992 3396 2050 Judicis
3414 2012 3543 2067 ergo
3569 2000 3844 2068 injustitia:

2256 2083 2343 2127 est
2383 2074 2796 2132 adscribendum
2845 2084 3131 2137 custodum
3178 2087 3517 2155 supplicium.
3565 2091 3696 2147 Nam
3745 2110 3844 2150 cur

2255 2161 2358 2218 hoc
2389 2180 2493 2219 non
2522 2166 2766 2222 fecerunt
2803 2169 3018 2226 Judaei?
3062 2173 3274 2230 Memini
3305 2179 3446 2234 enim
3474 2181 3696 2238 alterius
3722 2201 3844 2241 crar-

2253 2257 2413 2322 ceris,
2447 2257 2589 2313 illius
2617 2261 2833 2330 quidem
2865 2263 3057 2332 prioris
3085 2267 3174 2335 qui
3219 2267 3428 2335 Romae,
3475 2273 3634 2342 hujus
3679 2278 3843 2332 etiam

2253 2348 2345 2417 qui
2371 2347 2650 2417 Caesareae,
2687 2367 2828 2407 nunc
2868 2365 3044 2410 autem
3073 2358 3192 2427 ejus
3219 2362 3307 2430 qui
3341 2361 3440 2417 fuit
3465 2364 3840 2438 Jerosolymis.

2252 2438 2386 2494 Nam
2429 2457 2550 2496 cum
2585 2444 2863 2513 pontifices
2901 2458 2957 2503 et
3003 2448 3257 2506 Pharisati
3295 2454 3626 2513 audivissent
3667 2461 3735 2515 ab
3783 2463 3846 2518 iis

2252 2547 2388 2602 quos
2417 2535 2512 2604 ipsi
2539 2537 2798 2592 miserant
2821 2540 2888 2594 ad
2917 2540 3252 2597 educendum
3283 2545 3521 2614 Petrum,
3551 2565 3610 2604 se
3637 2555 3844 2610 nullunt

2254 2623 2398 2679 intus
2444 2627 2713 2683 invenisse
2738 2670 2754 2694 ,
2785 2631 2880 2686 sed
2911 2632 3073 2688 etiam
3124 2644 3305 2701 portas
3338 2638 3549 2694 clausas
3579 2657 3701 2697 esse
3725 2686 3737 2706 ,
3791 2657 3847 2701 et

2253 2719 2503 2772 custodes
2531 2728 2736 2774 stantes
2778 2735 2873 2790 pro
2902 2721 3138 2789 foribus;
3167 2740 3265 2780 cur
3285 2729 3539 2785 custodes
3571 2747 3674 2786 t.0n
3706 2734 3846 2787 ἰηιιι-

2257 2819 2567 2873 remorunt,
2616 2811 2710 2865 sed
2762 2813 3079 2868 dubitabant
3134 2815 3388 2885 quidnam
3440 2821 3508 2875 de
3578 2823 3641 2875 iis
3691 2825 3848 2880 fieret

2255 2900 2392 2967 (Art.
2417 2901 2515 2970 5)?
2545 2901 2601 2957 Si
2633 2912 2812 2958 autem
2858 2904 3116 2960 adversus
3145 2923 3238 2963 eos
3283 2909 3410 2966 licet
3441 2914 3642 2968 eadem
3689 2933 3748 2968 va
3763 2918 3850 2972 Ede

2253 2993 2520 3060 spirantes
2543 3035 2559 3056 ,
2592 2995 2720 3048 nihil
2753 2996 2858 3051 tale
2885 2999 3228 3067 cogitarunt,
3263 3003 3429 3056 multo
3459 3007 3628 3074 magis
3657 3017 3711 3060 tu
3753 3011 3844 3077 qui

2253 3086 2431 3138 omnia
2458 3086 2586 3140 l‘aeis
2609 3086 2675 3141 ad
2704 3089 2915 3143 illorum
2939 3091 3185 3160 gratiam.
3206 3093 3492 3163 Propterea
3514 3113 3637 3152 eum
3660 3103 3844 3155 statim

2257 3174 2535 3244 insequuta
2585 3187 2668 3231 est
2719 3193 2897 3247 poena.
2943 3181 3000 3235 Si
3043 3191 3222 3237 autem
3271 3185 3390 3254 ejus
3419 3187 3496 3241 rei
3527 3190 3742 3258 culpam
3793 3194 3845 3246 in

2261 3264 2426 3320 Deum
2453 3267 2667 3322 confers
2691 3311 2706 3333 ,
2740 3270 2927 3325 confer
2966 3273 3127 3326 etiam
3160 3273 3212 3327 in
3261 3290 3384 3329 eum
3431 3279 3643 3346 culpam
3682 3281 3755 3336 de
3784 3283 3847 3336 iis

2256 3359 2342 3426 qui
2390 3357 2442 3410 in
2473 3361 2572 3413 viis
2611 3362 3048 3432 jugulantnr,et
3088 3365 3157 3421 de
3203 3366 3678 3426 innumerabilibus
3723 3376 3849 3429 aliis

2255 3449 2346 3516 qui
2378 3450 2572 3518 injuste
2600 3454 2936 3521 perimuntur
2961 3496 2976 3519 ,
3017 3465 3072 3510 et
3099 3456 3168 3512 de
3203 3459 3382 3525 pueris
3410 3461 3571 3514 etiam
3600 3464 3688 3530 qui
3717 3481 3846 3532 pro-

2257 3551 2377 3611 pter
2403 3543 2678 3599 Christum
2705 3556 2830 3599 sunt
2857 3547 3116 3618 perempti
3143 3565 3154 3599 :
3185 3564 3306 3602 nam
3341 3559 3398 3604 ut
3417 3551 3496 3605 illi
3522 3567 3758 3622 quoque.
3793 3565 3851 3609 ιιι

2259 3641 2314 3687 tu
2355 3633 2492 3688 dicis
2516 3676 2531 3699 ,
2563 3635 2956 3702 perintcrentur
2983 3678 2996 3701 ,
3022 3637 3269 3694 Christus
3301 3641 3352 3692 in
3377 3656 3537 3695 causa
3566 3642 3682 3696 fuit.
3735 3644 3850 3700 Into

2258 3738 2388 3778 vero
2410 3739 2516 3776 non
2548 3725 2794 3779 Christus
2821 3765 2836 3789 ,
2881 3727 2974 3781 sed
3021 3727 3168 3782 furor
3193 3739 3243 3784 et
3272 3733 3513 3800 tyrannis
3544 3734 3710 3801 patris
3746 3736 3850 3791 lle.

2259 3814 2424 3867 rudis.
2455 3816 2512 3870 Si
2537 3825 2716 3869 autem
2743 3816 2877 3871 dicis
2901 3834 2914 3870 :
2939 3816 3047 3872 Cur
3067 3834 3188 3873 eum
3212 3836 3318 3874 non
3344 3821 3516 3890 rapuit
3545 3839 3575 3877 e
3601 3826 3851 3880 manibus

2259 3903 2486 3958 Herodis
2508 3905 2531 3957 ‘l
2557 3904 2660 3960 hoc
2689 3922 2901 3976 quoque
2929 3917 3139 3977 poterat
3166 3909 3364 3974 facere,
3397 3912 3490 3966 sed
3521 3928 3586 3968 ex
3615 3928 3681 3969 eo
3712 3917 3849 3970 nihil

2259 4005 2405 4050 esset
2432 3997 2689 4050 lucratus.
2716 3997 2850 4053 Nam
2876 4001 3089 4069 quoties
3115 4004 3285 4056 evasit
3311 4002 3560 4060 Christus
3581 4020 3644 4061 ex
3673 4009 3850 4060 mani-

2261 4088 2361 4143 bus
2388 4103 2576 4144 eorum
2603 4089 2625 4142 ?
2651 4090 2779 4160 quid
2807 4093 2906 4146 hoc
2933 4107 3061 4162 ergo
3107 4093 3306 4163 profuit
3350 4096 3609 4165 ingratis?
3648 4101 3719 4152 At
3765 4100 3852 4154 hic
3945 4159 3954 4170 ,

2259 4197 2323 4236 ex
2352 4182 2417 4236 iis
2439 4198 2558 4252 quae
2587 4183 2720 4237 facta
2749 4192 2876 4238 sunt
2899 4183 3203 4248 ,adlideles
3235 4186 3399 4241 multa
3431 4189 3570 4242 redit
3598 4191 3804 4245 utilitas
3834 4209 3847 4244 :

2262 4280 2383 4328 nam
2409 4275 2536 4330 dum
2568 4276 2764 4331 fierent
2800 4277 3130 4332 monimenta
3154 4318 3169 4342 ,
3202 4287 3259 4334 et
3285 4280 3382 4349 ipsi
3413 4281 3609 4336 inimici
3640 4283 3704 4337 iis
3728 4299 3853 4352 qua:

2259 4368 2584 4437 gerebantur
2627 4367 2833 4422 ferrent
2861 4367 3224 4422 testimonium
3250 4409 3267 4433 ,
3295 4370 3516 4425 minime
3541 4383 3852 4441 suspectum

2259 4469 2377 4514 erat
2407 4461 2789 4515 testimoainm.
2823 4459 2971 4514 Sicut
2995 4476 3126 4531 ergo
3159 4462 3268 4517 illic
3297 4478 3512 4533 quoque
3543 4480 3646 4518 non
3675 4465 3856 4520 aliun-

2260 4552 2328 4607 de
2369 4552 2449 4607 eis
2473 4553 2570 4606 fuit
2607 4568 2666 4606 os
2691 4553 3019 4607 obstructum
3047 4595 3063 4618 ,
3107 4571 3265 4624 quant
3292 4571 3358 4610 ex
3383 4571 3448 4611 eo
3471 4558 3611 4626 quod
3641 4559 3728 4627 qui
3763 4576 3855 4613 ve-

2260 4652 2452 4698 nerant
2480 4643 2865 4698 confiterentnr
2891 4659 2952 4698 ea
2981 4661 3100 4712 qua:
3129 4646 3264 4700 facta
3299 4647 3510 4701 fuerant
3541 4665 3553 4699 :
3586 4649 3654 4701 ita
3683 4650 3852 4702 etiam

2262 4734 2366 4788 hic.
2395 4733 2503 4789 Cur
2528 4735 2671 4789 enim
2701 4734 2832 4790 nihil
2875 4735 3139 4805 ejusmodi
3184 4736 3309 4792 fecit
3350 4751 3533 4793 custos
3571 4741 3856 4794 carceris?

2261 4828 2418 4895 Atqui
2443 4843 2561 4896 qnze
2589 4837 2951 4882 usuvenera'nt
2973 4828 3192 4894 Herodi,
3227 4845 3331 4883 non
3363 4840 3520 4885 erant
3546 4833 3752 4886 minora
3790 4833 3855 4887 iis

2261 4934 2380 4987 qua:
2411 4918 2534 4972 huic
2564 4928 2950 4974 usuvenerunt.
2979 4918 3110 4974 Nam
3140 4921 3422 4975 rescivisse
3463 4921 3606 4989 quod
3651 4923 3855 4978 clausis

2257 5010 2437 5080 januis
2463 5011 2672 5065 vinctus
2698 5010 2916 5066 exiisset
2943 5011 3009 5066 ad
3040 5021 3314 5081 stuporem
3345 5013 3707 5068 incutiendum
3742 5031 3851 5067 non

2263 5105 2440 5159 minus
2483 5114 2621 5170 erat,
2672 5121 2831 5175 quam
2869 5105 3068 5160 vidisse
3090 5116 3303 5175 apertas
3323 5106 3514 5175 januas
3543 5127 3556 5160 :
3585 5109 3692 5161 imo
3719 5109 3852 5163 illud

2261 5197 2422 5252 etiam
2455 5196 2588 5250 visio
2609 5211 2732 5251 esse
2761 5196 2930 5250 videri
2962 5207 3209 5264 poterat;
3277 5197 3376 5251 hoc
3403 5207 3579 5252 autem
3607 5213 3711 5251 non
3755 5200 3852 5263 ita,

2261 5288 2390 5344 dum
2438 5299 2691 5343 accurate
2748 5297 2804 5342 et
2848 5297 3035 5342 exacte
3089 5289 3443 5342 renuntiatur.
3486 5289 3852 5356 Quamobrem

2265 5382 2352 5436 hic
2379 5397 2593 5451 quoque
2622 5381 2667 5435 si
2696 5380 2888 5435 fuisset
2931 5381 3103 5434 malus
3129 5422 3144 5444 ,
3177 5380 3537 5436 interfecisset
3585 5381 3808 5435 Paulum
3837 5421 3852 5443 ,

2261 5477 2403 5530 sicut
2429 5476 2516 5530 ille
2546 5475 2746 5529 milites
2776 5493 2789 5528 :
2817 5473 2911 5528 sed
2942 5489 3048 5528 non
3074 5483 3210 5528 erat.
3274 5474 3326 5528 Si
3367 5482 3546 5528 autem
3573 5473 3856 5527 confutare

2263 5570 2522 5624 vellemus
2549 5583 2645 5623 eos
2669 5567 2758 5636 qui
2781 5566 3006 5632 dicunt,
3037 5581 3135 5620 cur
3165 5566 3303 5619 Deus
3330 5567 3633 5634 permiserit
3659 5577 3854 5633 pueros

2265 5660 2491 5715 interfici
2521 5702 2534 5723 ,
2563 5660 2771 5730 longior
2803 5659 2938 5712 foret
2963 5657 3139 5712 oratio
3163 5699 3176 5720 ,
3209 5673 3368 5727 quam
3416 5658 3567 5712 initio
3607 5657 3853 5711 institue-

2267 5767 2464 5808 ramus.
