4140 6488
277 362 347 424 63
1176 360 1239 417 IN
1286 354 1506 417 EPIST.
1541 360 1631 414 AD
1672 359 1850 416 EPIIE

1955 361 2104 421 CAP.
2148 364 2237 426 ιν.
2276 368 2513 430 ιιοιιιι.
2555 374 2689 432 VIII.
3495 384 3566 441 64

274 483 498 549 τούτους
538 479 704 536 Ἔνθα
741 478 948 547 Πέτρος
978 472 1064 551 ἦν.
1110 477 1270 532 Ἀλλά
1295 478 1537 532 τοιοῦτον
1557 479 1710 533 οὐδὲν
1745 479 1869 546 ἐγέ-

273 590 390 628 νετο
413 573 555 625 ἐκεῖο
578 568 693 623 ἀλλ’
711 563 782 639 ἦν
801 566 1237 640 παραδεδομένος
1257 566 1271 638 [
1281 564 1374 639 61]
1396 567 1658 640 τέσσαρσι
1676 584 1869 638 τετρα-

269 662 404 723 δίοις
454 657 809 729 στρατιωτῶν
856 654 1160 725 φυλάσσειν
1194 656 1381 719 αὑτὸν,
1427 658 1522 709 καὶ
1559 656 1659 726 οὐχ
1704 654 1866 726 ὕμνει

269 748 391 802 οὐδὲ
422 747 722 817 ὴγρύπνει,
746 743 865 797 ἀλλ’
897 742 1157 796 ἐκάθευδε
1188 760 1203 774 ’
1232 744 1325 796 καὶ
1357 743 1478 796 οὐδὲ
1513 761 1867 814 μεμαστιγω-

274 836 435 906 μένος
457 831 549 905 ἦν,
573 834 713 887 ἀλλά
738 831 945 902 μείζων
966 834 995 885 0
1026 830 1293 894 κίνδυνος.
1340 831 1603 885 Ἐνταῦθα
1630 832 1730 902 μὲν
1756 833 1867 903 γὰρ

270 924 367 994 ῆδη
399 923 464 975 10
501 923 611 975 πᾶν
663 920 948 989 εἴργαστο,
990 919 1085 972 καὶ
1127 918 1285 990 δίκην
1330 913 1471 989 ἦσαν
1520 918 1816 982 δεδωκότες
1846 934 1861 949 ο

273 1016 385 1066 ἐκεῖ
421 1012 480 1064 δὲ
511 1011 751 1065 οὐδέπω.
793 1010 961 1063 Ὠστε
993 1011 1041 1062 εἰ
1068 1008 1143 1079 μὴ
1172 1008 1379 1080 πληγαὶ
1408 1008 1651 1071 ὠδύνων,
1681 1008 1798 1062 ἀλλ’
1826 1010 1859 1079 ἡ

274 1104 567 1174 προσδοκία
598 1100 696 1155 τοῦ
730 1101 1021 1172 μέλλοντος
1051 1099 1323 1171 ἐθορύϐει.
1362 1101 1504 1170 Ὅρα
1538 1100 1630 1152 καὶ
1657 1102 1775 1153 ἐκεῖ
1800 1099 1863 1151 10

272 1192 469 1261 θαῦμα.
514 1189 673 1245 Ἰδοὺ
703 1191 963 1258 ἄγγελος
993 1188 1237 1256 Κυρίου,
1266 1189 1451 1258 φησιν,
1481 1187 1733 1255 ἐπέστη.
1764 1186 1863 1241 καὶ

267 1280 388 1351 φῶς
416 1282 699 1349 ἔλαμψεν
742 1280 814 1332 ἐν
850 1278 931 1344 τῷ
971 1277 1247 1346 οἰκήματι
1268 1295 1283 1310 ·
1332 1277 1607 1344 πατάξας
1642 1277 1711 1330 δὲ
1746 1277 1863 1345 τὴν

267 1369 537 1436 πλευρὰν
596 1365 705 1421 τοῦ
768 1365 1019 1435 Πέτρου,
1084 1364 1326 1436 ἤγειρεν
1384 1367 1576 1420 αὐτὸν
1626 1365 1857 1435 λέγων·

279 1456 539 1509 Ἀνάστα
562 1456 633 1508 ἐν
654 1453 843 1523 τάχει.
871 1454 979 1508 Kal
1015 1452 1236 1520 εὐθέως
1262 1453 1563 1518 ἐξέπεσον
1587 1453 1775 1507 αὐτοῦ
1801 1458 1860 1508 al

264 1546 515 1612 ἁλύσεις
560 1548 630 1600 ἐκ
684 1546 808 1600 τῶν
862 1545 1101 1615 χειρῶν.
1167 1544 1329 1597 Ὥστε
1390 1544 1465 1617 μὴ
1518 1544 1739 1615 νομίσαι
1800 1543 1861 1597 10

266 1638 496 1705 πρᾶγμα
526 1634 623 1689 τοῦ
653 1634 834 1704 φωτὸς
870 1634 1031 1704 μόνον
1060 1629 1224 1698 εἶναι,
1252 1634 1346 1686 καὶ
1378 1632 1473 1686 10v
1505 1634 1714 1703 Πέτρον
1742 1632 1862 1685 ἔνυ-

269 1725 373 1789 ξεν.
406 1724 597 1785 Οὐδεὶς
632 1723 690 1776 δὲ
720 1723 785 1775 10
818 1722 937 1791 φῶς
968 1721 1135 1793 ἐώρα,
1174 1721 1313 1775 ἀλλὰ
1350 1722 1509 1792 μόνος
1546 1720 1729 1785 αὐτὸς,
1766 1721 1859 1775 καὶ¹

268 1813 436 1865 ἐδόκει
466 1813 552 1866 ὃτι
577 1812 768 1883 δραμά
795 1813 946 1865 ἐστιν
970 1827 985 1843 ⁸
1024 1810 1199 1874 οὔτως
1228 1811 1328 1863 οὐκ
1353 1810 1778 1863 ἐπαισθάνονται
1808 1812 1857 1863 οἱ

269 1901 619 1963 καθεύδοντες
648 1899 761 1953 τῶν
793 1899 890 1952 τοῦ
919 1899 1055 1952 Θεοῦ
1081 1899 1436 1969 εὐεργεσιῶν.
1466 1895 1612 1952 Eine
1641 1899 1730 1959 δὲ,
1764 1916 1859 1969 φη-

274 1987 375 2045 cm.
402 1991 433 2041 ό
456 1986 715 2057 ἄγγελος
733 1987 889 2054 πρὸς
909 1986 1101 2041 αὐτόν
1126 2000 1139 2015 ⁸
1168 1985 1492 2055 Περίζωσαι
1519 1988 1618 2041 καὶ
1635 1988 1860 2056 ὑπόδη-

270 2091 370 2129 σαι
398 2077 468 2129 τὰ
512 2074 827 2129 σανδάλιά
859 2089 998 2128 σου.
1046 2074 1156 2127 Kal
1196 2075 1494 2143 ἐποίησεν
1532 2075 1705 2129 οὕτω.
1748 2076 1857 2131 Kal

263 2160 418 2232 λέγει
441 2161 628 2227 αὐτῷ,
659 2161 995 2230 Περιϐαλοῦ
1035 2160 1102 2215 τὸ
1132 2159 1369 2230 ἱμάτιόν
1396 2177 1536 2224 σου,
1579 2162 1679 2215 καί
1715 2162 1857 2217 ἁκο-

258 2250 461 2303 λούθει
482 2267 615 2317 μοι.
651 2250 757 2302 Καὶ
778 2248 1049 2312 ἐξελθὼν
1083 2248 1512 2315 ἠκολούθησεν
1537 2246 1720 2313 αὐτῷ,
1755 2249 1858 2302 καὶ

257 2321 366 2373 οὐκ
412 2319 551 2388 ᾖδει
591 2319 683 2373 ὅτι
719 2318 948 2385 ἀληθές
976 2319 1109 2372 ἐστι
1149 2321 1215 2372 τὸ
1259 2321 1580 2388 γινόμενον
1620 2319 1719 2373 διὰ
1748 2319 1856 2374 τοῦ

252 2408 519 2477 ἀγγέλου
545 2424 557 2435 ·
604 2407 802 2461 ἐδόκει
842 2407 912 2459 δὲ
941 2406 1135 2475 ὅραμα
1174 2406 1457 2471 βλέπειν.
1509 2409 1857 2475 Διελθόντες

251 2493 318 2548 δὲ
343 2493 597 2563 πρώτην
616 2494 913 2563 φυλακὴν
935 2494 1033 2547 καὶ
1056 2493 1373 2562 δευτέραν,
1401 2490 1594 2564 ἦλθον
1621 2496 1720 2549 ἐπὶ
1744 2497 1857 2563 τὴν

248 2584 454 2650 ,τύλην
500 2582 622 2649 τὴν
665 2581 928 2649 σιδηρᾶν
958 2582 1075 2647 τὴν
1118 2582 1433 2651 φέρουσαν
1477 2585 1564 2649 είς
1599 2584 1716 2651 τὴν
1746 2584 1856 2637 πό-

249 2674 370 2733 λιν,
438 2671 582 2738 ἣτις
643 2670 954 2739 αὐτομάτη
992 2670 1248 2738 ἠνοίχθη
1279 2670 1504 2733 αὐτοῖς.
1541 2672 1649 2725 Kal
1671 2684 1699 2712 ει
1729 2674 1855 2725 εἱσ-

244 2760 562 2822 ιιθόντες,
594 2757 913 2826 προῆλθον
936 2759 1141 2827 ρύμην
1156 2758 1326 2827 μίαν,
1346 2758 1443 2812 καὶ
1460 2758 1679 2826 εὐθέως
1694 2762 1727 2815 ό
1748 2757 1852 2828 ἆγ-

245 2850 423 2917 τειος
452 2848 567 2901 ἀπ’
591 2846 783 2900 αὑτοῦ
814 2846 1073 2915 ἀπέστη.

312 3062 411 3115 Διά
450 3060 513 3113 τί
552 3061 628 3132 μῆ
662 3059 823 3113 τοῦτο
874 3059 1095 3130 γέγονεν
1125 3059 1381 3124 ἐνταῦθα,
1430 3062 1568 3133 ὅπερ
1618 3062 1711 3114 ἐπὶ
1755 3062 1850 3114 τοῦ

245 3150 456 3203 Παύλου
516 3150 615 3202 καὶ
652 3150 815 3213 Σίλας
854 3148 977 3201 ’Ότι
1020 3150 1139 3200 ἐκεῖ
1181 3149 1281 3219 μὲν
1312 3148 1539 3218 ἔμελλον
1591 3149 1850 3203 ἀπολύειν

242 3239 440 3302 αὐτούς
473 3255 488 3269 ·
534 3238 626 3292 διὰ
666 3238 828 3292 τοῦτο
855 3238 956 3290 ούκ
990 3237 1255 3307 ἠθέλησεν
1294 3237 1470 3300 οὕτως
1506 3238 1848 3307 ἀπολυθῆναι

240 3325 440 3389 αὐτούς
468 3342 487 3358 ο
535 3324 631 3378 ἐπὶ
656 3325 712 3378 δὲ
743 3324 840 3378 τοῦ
875 3324 1151 3396 μακαρίου
1190 3326 1420 3397 Πέτρον,
1454 3327 1529 3387 εἰς
1568 3326 1726 3394 φόνον
1752 3328 1848 3379 αύ-

241 3412 330 3467 τδν
355 3414 599 3484 ἔμελλον
633 3413 872 3481 ἐξάγειν.
910 3413 974 3465 Τί
999 3408 1129 3475 ούνς
1162 3413 1223 3467 οὐ
1262 3412 1442 3485 πολλῴ
1471 3413 1850 3483 θαυμασιώτε-

244 3515 333 3572 ρον
353 3497 447 3573 ἦν,
498 3503 693 3573 φησιν,
740 3499 1040 3570 ἐξαχθέντα
1069 3502 1164 3553 καὶ
1201 3501 1576 3570 παραδοθέντα
1606 3504 1726 3564 ταῖς
1752 3502 1847 3554 τοῦ

242 3586 520 3657 βασιλέως
551 3588 733 3657 χερσὶ,
761 3586 883 3639 τότε
920 3588 985 3639 ἐκ
1018 3587 1199 3657 μέσων
1227 3588 1409 3641 αὐτῶν
1436 3588 1846 3659 ἐξαρπασθῆναι

238 3675 347 3728 τῶν
378 3674 689 3738 κινδύνων,
722 3675 818 3727 καὶ
849 3675 1014 3745 μηδὲν
1045 3674 1280 3741 παθεῖν;
1310 3675 1453 3728 οὕτω
1491 3678 1601 3748 γὰρ
1632 3675 1697 3729 ἀν
1724 3676 1847 3729 ούδέ

238 3765 288 3817 οί
326 3763 679 3834 στρατιῶται
718 3762 1020 3817 ἀπώλοντο.
1062 3764 1227 3831 Μέγα
1278 3762 1514 3817 ἐνταῦθα
1562 3765 1844 3834 κεκίνηται

238 3848 490 3922 ζήτημα.
541 3850 601 3902 '0
637 3849 772 3913 Θεὸς
810 3849 901 3902 τὸν
936 3847 1101 3903 αὑτοῦ
1130 3849 1341 3912 δοῦλον,
1381 3852 1538 3920 φησὶ,
1576 3851 1715 3920 μετά
1744 3850 1846 3919 τῆς

235 3939 446 4012 ἐτέρων
469 3939 654 3993 ἔσωσε
678 3940 977 4010 τιμωρίας,
1010 3940 1151 4009 μετά
1170 3940 1270 4010 τῆς
1297 3939 1500 4010 ἐτέρων
1530 3939 1842 4007 ἀπωλείας;

234 4027 301 4082 Τί
326 4026 423 4084 οὖν
466 4030 754 4101 ἐροῦμεν;
799 4029 1025 4100 Πρῶτον
1059 4030 1159 4100 μέν
1200 4026 1314 4093 οὖν,
1355 4031 1439 4083 ὅτι
1478 4031 1539 4082 ού
1573 4029 1713 4100 μετά
1742 4030 1845 4100 τῆς

234 4117 445 4189 ἐτέρων
476 4117 771 4179 ἀπωλείας
796 4132 811 4147 ’
836 4115 1113 4187 δεύτερον,
1143 4118 1303 4170 ὅτιού
1333 4118 1432 4188 τῆς
1457 4116 1554 4169 τοῦ
1581 4118 1844 4187 πράγμα-

233 4220 324 4269 τος
352 4205 687 4276 οἰκονομίας
712 4205 873 4258 τοῦτο
895 4205 1141 4274 γέγονεν,
1172 4205 1310 4259 ἀλλά
1334 4207 1431 4276 τῆς
1458 4206 1551 4260 τοῦ
1586 4206 1843 4260 δικαστοῦ

231 4295 493 4366 πικρίας.
534 4293 696 4359 Πῶς;
740 4293 801 4346 '0
850 4294 948 4360 μὲν
980 4294 1114 4358 Θεὸς
1147 4293 1323 4357 οὕτως
1352 4294 1730 4365 ᾡκονόμησεν,
1766 4296 1841 4360 ὡς

236 4382 310 4454 μὴ
344 4383 522 4453 μόνον
570 4380 801 4444 τούτους
848 4382 925 4452 μὴ
963 4382 1284 4443 ἀπολέσθαι,
1332 4382 1470 4436 ἀλλά
1506 4384 1601 4436 καὶ
1634 4384 1842 4437 ἐκεῖνον

231 4469 511 4540 σωθῆναι,
547 4468 807 4539 καθάπερ
829 4469 894 4541 δὴ
921 4470 1017 4523 καὶ
1050 4470 1288 4523 ἐνταῦθα
1319 4469 1414 4522 ἐπὶ
1440 4469 1535 4523 τοῦ
1568 4471 1843 4542 δεσμοφύ-

229 4555 401 4621 λακος
429 4575 446 4589 ο
486 4558 702 4620 ἐκεῖνος
740 4556 797 4609 δὲ
827 4558 927 4610 οὐκ
956 4558 1234 4628 ἐχρήσατο
1266 4560 1331 4629 τῇ
1365 4558 1545 4630 δωρεᾷ
1574 4561 1654 4623 είς
1699 4560 1838 4613 δέον.

228 4646 595 4716 Γενομένης
614 4645 683 4697 δὲ
700 4645 950 4715 ἡμέρας,
976 4646 1163 4716 φησὶν,
1183 4641 1265 4716 ἦν
1286 4647 1550 4716 τάραχος
1571 4649 1685 4702 οὐκ
1716 4649 1842 4702 ὀλί-

230 4751 338 4804 γος
364 4735 442 4789 ἐν
458 4734 586 4798 τοῖς
609 4737 1022 4802 στρατιώταις,
1047 4736 1107 4789 τί
1131 4736 1247 4803 ἄρα
1270 4739 1302 4791 ὀ
1329 4736 1552 4803 Πέτρος
1578 4737 1837 4806 ἐγένετο.

230 4819 366 4877 Εἶτα
388 4824 447 4878 τί
474 4840 491 4889 ;
538 4823 821 4890 Ἐξέτασιν
854 4823 948 4876 τοῦ
982 4824 1313 4895 πράγματος
1336 4829 1575 4880 ποιεῖται
1604 4830 1633 4881 0
1664 4827 1840 4897 Ἡρώ-

228 4912 349 4984 δης,
380 4914 487 4967 καὶ
518 4914 821 4984 ἀνακρίνας
845 4914 1066 4977 αὐτοὺς,
1096 4913 1386 4969 ἐκέλευσεν
1411 4916 1742 4989 ἀπαχθῆναι.
1777 4917 1839 4970 El

232 5002 335 5071 μὲν
360 5002 479 5072 γὰρ
501 5002 578 5072 μὴ
606 5003 912 5074 ἀνέκρινεν,
934 4999 1002 5073 ῆν
1021 5004 1087 5057 ἄν
1112 5021 1195 5066 τις
1213 5005 1482 5075 ἀπολογία
1500 5022 1512 5035 ⁸
1538 5006 1635 5060 νῦν
1656 5007 1713 5061 δέ
1734 5024 1840 5062 πα-

232 5091 533 5161 ρέστησεν,
551 5091 858 5162 ἀνέκρινεν,
884 5091 1087 5162 ἔμαθεν
1103 5093 1186 5147 ὅτι
1204 5094 1433 5159 ἐδέδετο,
1450 5096 1531 5149 ὅτι
1551 5096 1612 5149 τὸ
1626 5097 1839 5167 δεσμω-

229 5178 428 5249 τήριον
444 5179 772 5248 ὴσφάλιστο,
791 5180 874 5232 ὅτι
891 5181 939 5233 οἱ
958 5179 1202 5248 φύλακες
1218 5178 1359 5254 ἦσαν
1374 5184 1481 5254 πρὸ
1496 5184 1601 5237 τῶν
1624 5184 1804 5256 θυρῶν
1821 5201 1835 5217 ο

232 5268 294 5321 οῦ
326 5270 515 5338 τοῖχος
547 5266 926 5338 διωρώρυκτο,
956 5269 1018 5322 ού
1044 5269 1187 5340 θύρα
1216 5271 1483 5342 ἀνέῳκτο,
1516 5273 1669 5326 οὐδὲν
1707 5274 1838 5328 ἀλλο

233 5357 584 5429 κακουργίας
598 5358 923 5428 τεκμήριον.
957 5359 1158 5430 Ἐχρῆν
1173 5360 1337 5413 αὐτὸν
1356 5360 1468 5415 ἀπὸ
1483 5362 1689 5416 τούτων
1716 5362 1840 5416 θαυ-

235 5446 412 5515 μάσαι
446 5445 540 5498 τοῦ
570 5445 709 5499 Θεοῦ
734 5446 837 5518 τὴν
870 5445 1123 5517 δύναμιν,
1155 5447 1279 5518 ἥτις
1312 5449 1408 5502 καὶ
1439 5452 1503 5503 ἐκ
1530 5450 1715 5520 μέσων
1739 5451 1838 5504 αύ-

230 5534 324 5586 τὸν
359 5535 653 5604 ἀνήρπασε
703 5534 816 5586 τῶν
857 5534 1119 5589 κινδύνων
1141 5552 1154 5566 ·
1182 5537 1279 5591 καὶ
1330 5541 1714 5608 προσκυνῆσαι
1744 5540 1838 5593 10v

231 5621 474 5675 τοσαῦτα
500 5622 807 5693 δυνηθέντα
829 5639 842 5653 ·
871 5625 900 5675 0
923 5622 980 5676 δὲ
1012 5624 1258 5689 ἐκείνους
1282 5627 1565 5697 ἀπήγαγε.
1597 5627 1723 5691 Πῶς
1742 5623 1837 5681 οὖν

234 5710 476 5765 ἐνταῦθα
494 5714 522 5765 ὁ
557 5712 693 5775 Θεὸς
721 5710 930 5777 αἴτιοςς
965 5714 1027 5766 El
1051 5713 1151 5784 μὲν
1179 5714 1288 5786 γὰρ
1315 5718 1494 5786 τοῖχον
1524 5716 1832 5789 διαρραγῆ-

300 5970 327 6000 ι
348 5959 494 6025 Mars.
534 5962 669 6015 Savil
698 5965 971 6026 ἐξελθόντες,
998 5970 1050 6015 ει
1072 5968 1140 6017 ita
1165 5965 1298 6019 Bibl.

1981 498 2068 534 ναι
2101 482 2216 556 [δὲ]
2241 488 2466 560 ἐποίησε
2491 531 2506 554 ,
2539 491 2633 543 καὶ
2666 488 2841 554 οὕτως
2890 491 3165 559 ἐξέϐαλεν,
3196 495 3325 558 ίσως
3354 494 3421 548 ἂν
3450 498 3565 550 ἐνο-

1981 570 2148 645 μίσθη
2193 577 2293 645 τῆς
2340 579 2566 632 ἐκείνων
2604 579 2877 651 ῥᾳθυμίας
2905 582 2967 634 10
2995 586 3233 654 πρᾶγμα
3258 602 3271 615 ·
3296 586 3345 637 εἰ
3378 585 3435 638 δέ
3469 586 3563 638 οὗ·

1974 677 2081 722 τως
2112 661 2491 735 ᾠκονόμησεν,
2517 666 2660 719 ὥστε
2674 667 2957 738 δειχθῆναι
2986 671 3067 723 ὅτι
3098 671 3199 723 οὐκ
3214 671 3564 743 ἀνθρωπίνης

1970 751 2341 821 κακουργίας,
2375 753 2515 807 ἀλλά
2557 753 2707 817 θείας
2745 755 3197 829 θαυματουργίας
3222 758 3284 813 10
3325 761 3564 831 πρᾶγμα

1966 832 2055 907 ἦν,
2079 840 2132 892 τί
2162 840 2227 912 δὴ
2261 840 2422 895 τοῦτο
2466 842 2726 913 ἐποίησεν
2754 862 2769 910 ;
2802 846 2864 898 El
2903 847 3013 918 γάρ
3062 847 3259 918 ἔμελλε
3303 848 3558 917 φεύγειν,

1965 925 2139 991 οὕτως
2192 929 2268 992 ὡς
2309 925 2422 1001 εἶχε
2475 932 2574 995 τὰς
2630 932 2852 997 ἁλύσεις
2896 935 3097 1005 ἔφυγεν
3145 936 3247 990 ἄν·
3278 940 3329 990 εί
3365 938 3561 1009 ἔμελλε

1969 1015 2197 1084 φεύγειν
2222 1018 2683 1090 τεθορυδημένος,
2720 1022 2822 1075 οὐκ
2854 1023 2920 1077 ἂν
2947 1025 3223 1096 τοσαύτην
3257 1028 3561 1098 ἐποιήσατο

1966 1103 2246 1174 πρόνοιαν,
2282 1104 2424 1161 ὥστε
2474 1109 2571 1161 καὶ
2608 1110 2675 1162 τὰ
2700 1110 2960 1165 σανδάλια
2990 1112 3174 1165 λαόεῖν
3192 1154 3207 1178 ,
3236 1113 3353 1167 ἀλλ’
3376 1116 3559 1170 εῖασεν

1966 1191 2051 1245 ἄν.
2076 1190 2191 1245 Νῦν
2232 1193 2290 1247 δὲ
2319 1194 2408 1249 διὰ
2443 1196 2603 1249 τοῦτό
2654 1215 2821 1269 φησιν
2846 1200 2873 1252 0
2904 1198 3137 1268 ἄγγελος
3175 1200 3314 1270 πρὸς
3369 1193 3555 1267 αὐτὸν,

1977 1279 2313 1349 ’Υπόδησαι
2341 1282 2414 1337 τὰ
2441 1283 2753 1338 σανδάλιά
2789 1300 2910 1339 σου
2930 1301 2946 1316 ·
2982 1286 3071 1339 ἵνα
3110 1286 3358 1358 μάθωσιν
3381 1287 3464 1341 ὅτι
3491 1288 3556 1340 οὐ

1966 1367 2210 1438 φεύγων,
2234 1369 2371 1423 ἀλλὰ
2408 1372 2548 1441 μετά
2581 1373 2783 1444 πολλῆς
2815 1373 3055 1437 ἀνέσεως
3076 1375 3138 1427 10
3172 1375 3407 1446 πρᾶγμα
3444 1376 3558 1447 είρ⁸

1962 1456 2189 1523 γάσατο.
2247 1458 2543 1529 Δεδεμένος
2576 1460 2707 1531 γὰρ,
2747 1463 2841 1513 καὶ
2879 1460 3083 1531 μεταξὺ
3122 1461 3233 1515 τῶν
3262 1461 3358 1516 δύο
3379 1462 3557 1533 μένων

1964 1545 2317 1614 στρατιωτῶν
2374 1548 2475 1600 ούκ
2534 1546 2602 1601 ἂν
2631 1547 2904 1618 τοσαύτην
2958 1549 3259 1619 ἐποιήσατο
3309 1549 3507 1620 σχολὴν
3538 1586 3554 1615 ,

1962 1629 2102 1684 ὥστε
2141 1634 2233 1686 καὶ
2264 1633 2362 1697 τὰς
2389 1634 2610 1699 ἁλύσεις
2642 1635 2827 1702 λῦσαι,
2860 1636 2955 1690 κα)⁵
2987 1636 3161 1692 ταῦτα
3190 1637 3271 1699 εἰς
3302 1637 3402 1707 τὴν
3422 1639 3557 1691 ἐσω-

1961 1719 2126 1789 τέραν
2149 1718 2223 1771 ὢν
2246 1721 2339 1773 καὶ
2368 1722 2531 1784 αὐτὸς
2567 1723 2841 1794 φυλακήν.
2873 1724 3038 1776 Ὥστε
3088 1724 3189 1793 τῆς
3219 1724 3435 1786 ἀδικίας
3457 1724 3555 1777 τοῦ

1960 1806 2219 1860 δικαστοῦ
2244 1808 2466 1876 γέγονεν
2486 1810 2520 1880 ἡ
2551 1809 2775 1871 κόλασις
2801 1810 2910 1863 τῶν
2939 1811 3218 1879 φυλάκων.
3252 1813 3351 1865 Διά
3371 1811 3424 1864 τί
3445 1812 3556 1882 γάρ

1976 1894 2217 1949 Ἰουδαῖοι
2260 1896 2336 1968 μὴ
2381 1897 2544 1950 τοῦτο
2583 1898 2899 1970 ἐποίησαν;
2942 1899 3053 1952 Καὶ
3095 1899 3204 1969 γὰρ
3237 1900 3427 1969 ἐτέρου
3470 1899 3555 1953 δε-

1963 1985 2278 2054 σμωτηρίου
2317 1986 2627 2057 μέμνημαι,
2664 1986 2876 2040 ἐκείνου
2908 1986 3007 2056 μὲν
3038 1986 3131 2039 τοῦ
3161 1987 3436 2058 προτέρου
3455 1985 3553 2040 τοῦ

1961 2073 2018 2124 ἐν
2057 2072 2243 2143 Ῥώμῃ
2278 2114 2293 2137 ,
2343 2072 2537 2125 τούτου
2592 2074 2650 2126 δὲ
2696 2072 2791 2126 τοῦ
2862 2075 2919 2126 ἐν
2967 2074 3305 2145 Καισαρείᾳ,
3360 2074 3459 2129 νῦν
3494 2075 3554 2129 δὲ

1960 2159 2055 2212 τοῦ
2096 2161 2155 2212 ἐν
2199 2160 2622 2231 Ἰεροσολύμοις.
2666 2161 3029 2225 Ἀκούσαντες
3060 2160 3168 2234 γὰρ
3195 2162 3248 2215 οἱ
3270 2163 3554 2233 ἀρχιερεῖς

1962 2251 2056 2301 καὶ
2084 2250 2133 2301 οί
2165 2250 2453 2320 Φαρισαῖοι
2508 2249 2663 2322 παρὰ
2690 2247 2800 2302 τῶν
2824 2249 3243 2303 ἀποσταλέντων
3278 2252 3410 2320 παρ’
3449 2251 3553 2303 αῦ-

1960 2337 2067 2389 τῶν
2093 2338 2173 2398 είς
2200 2337 2261 2389 10
2275 2338 2678 2408 δεσμωτήριον,
2706 2337 2849 2391 ὥστε
2874 2337 3170 2407 ἐξαγαγεῖν
3196 2338 3289 2393 τὸν
3319 2338 3551 2410 Πέτρον,

1957 2426 2041 2478 ὅτι
2074 2425 2225 2477 Ἐσω
2243 2425 2436 2479 οὐδένα
2454 2422 2712 2497 εὕρομεν,
2734 2424 2870 2479 ἀλλὰ
2907 2427 3006 2479 καῖ⁵
3026 2426 3422 2495 κεκλεισμένας
3450 2426 3553 2489 τὰς

1958 2511 2152 2583 θύρας,
2210 2514 2308 2565 καὶ
2355 2514 2483 2576 τοὺς
2524 2513 2774 2581 φύλακας
2798 2514 3041 2576 ἑστῶτας
3067 2514 3175 2585 πρὸ
3203 2514 3311 2566 τῶν
3344 2513 3549 2584 θυρῶν·

1956 2600 2045 2653 διά
2093 2601 2145 2653 τί
2196 2600 2272 2670 μὴ
2314 2600 2445 2663 τοὺς
2484 2600 2734 2669 φύλακας
2768 2601 3017 2666 ἀνεῖλον,
3058 2601 3198 2655 ἀλλά
3249 2602 3551 2674 διηπόρουν

1956 2688 2088 2757 περὶ
2121 2688 2304 2741 αὐτῶν
2358 2688 2638 2755 λέγοντες,
2675 2688 2743 2740 Τί
2783 2688 2849 2741 ἂν
2883 2688 3096 2757 γένοιτο
3147 2688 3347 2755 τοῦτο;
3394 2690 3457 2741 Εἰ
3492 2689 3550 2741 δὲ

1957 2776 2164 2846 σφόδρα
2201 2776 2323 2828 κατ’
2350 2775 2533 2829 αὐτῶν
2562 2776 2836 2843 φονῶντες
2864 2775 3015 2828 οὐδὲν
3054 2776 3299 2829 τοιοῦτον
3329 2777 3553 2846 ἐνενόη-

1958 2880 2082 2928 σαν,
2108 2862 2291 2933 πολλῷ
2346 2861 2549 2932 μᾶλλον
2594 2864 2657 2915 σὺ
2692 2865 2719 2916 0
2755 2863 2893 2934 πρὸς
2924 2864 3150 2916 ἐκείνοιν
3177 2864 3338 2934 χάριν
3367 2864 3550 2916 πάντα

1956 2951 2151 3004 ποιῶν.
2176 2952 2279 3004 Διὰ
2303 2949 2464 3003 τοῦτο
2490 2949 2758 3020 μετῆλθεν
2797 2951 2962 3003 αὐτὸν
2986 2952 3019 3020 ἡ
3064 2951 3187 3022 δίκη
3218 2951 3448 3021 ταχέως.
3486 2949 3550 3027 El

1953 3039 2011 3092 δὲ
2061 3038 2223 3092 τοῦτο
2281 3037 2558 3106 ἐγκαλεῖς,
2610 3038 2838 3105 ἐγκάλει
2888 3039 2984 3091 καὶ
3042 3039 3304 3109 περὶτῶν
3334 3040 3392 3091 ἐν
3424 3041 3549 3098 ταῖς

1952 3128 2094 3190 ὁδοῖς
2147 3125 2563 3195 σφαττομένων,
2599 3127 2696 3179 καὶ
2757 3126 2886 3195 περὶ
2920 3126 3030 3179 τῶν
3067 3125 3264 3189 ἀδίκως
3300 3127 3551 3196 ἀναιρου·

1955 3214 2134 3283 μένων
2168 3212 2380 3283 μυρίων
2411 3212 2638 3283 ἐτέρων,
2670 3214 2763 3265 καὶ
2799 3213 2879 3266 ἔτι
2906 3214 3036 3284 περὶ
3064 3213 3177 3266 τῶν
3208 3214 3418 3267 παίδων
3437 3212 3551 3266 τῶν

1952 3302 2044 3354 ἐπὶ
2076 3301 2173 3355 τοῦ
2205 3300 2446 3371 Χριστοῦ
2492 3302 2892 3371 ἀναιρεθέντων
2925 3319 2938 3332 ·
2974 3302 3071 3355 καὶ
3117 3301 3228 3371 γὰρ
3271 3302 3365 3354 καὶ
3410 3302 3552 3355 ὲκεί-

1950 3408 2081 3453 νοις,
2113 3391 2189 3454 ὡς
2240 3391 2304 3444 σὺ
2325 3390 2527 3459 λέγεις,
2556 3393 2585 3444 0
2630 3390 2868 3462 Χριστὸς
2912 3392 3128 3460 ἐγένετο
3157 3392 3332 3455 αἴτιος
3356 3408 3371 3422 ·
3409 3391 3550 3461 μᾶλ-

1949 3477 2041 3530 λον
2100 3478 2198 3547 οὐχ
2217 3478 2247 3529 0
2272 3477 2511 3547 Χριστὸς
2535 3519 2549 3540 ,
2586 3477 2703 3530 ἀλλ’
2731 3480 2763 3547 ἡ
2795 3479 2962 3549 μανία
2992 3480 3143 3550 καὶὴ
3171 3480 3426 3550 τυραννὶς
3450 3480 3546 3534 τοῦ

1951 3565 2159 3637 πατρὸς
2222 3563 2318 3618 τοῦ
2374 3564 2621 3635 Ἡρώδου
2650 3565 2700 3620 ι).
2732 3567 2795 3618 El
2838 3566 2894 3619 δέ
2918 3567 3121 3636 λέγεις,
3149 3567 3250 3621 Διά
3286 3568 3345 3621 τί
3372 3569 3447 3638 μὴ
3480 3569 3547 3621 ἐκ

1948 3654 2059 3711 τῶν
2097 3653 2303 3725 χειρῶν
2342 3653 2510 3707 αὐτὸν
2539 3654 2761 3724 ἥρπασε
2806 3654 2902 3707 τοῦ
2948 3655 3198 3727 Ἡρώδου
3221 3675 3234 3723 ;
3261 3658 3356 3709 καὶ
3383 3656 3547 3710 τοῦτο

1950 3741 2180 3810 ῆδύνατο
2209 3740 2458 3811 ποιῆσαι,
2479 3740 2596 3793 ἀλλ’
2612 3742 2768 3795 οὐδὲν
2786 3743 3076 3813 ἐκέρδανεν
3101 3743 3170 3798 ἂν
3194 3745 3304 3797 ἀπὸ
3327 3744 3543 3802 τούτου.

1948 3828 2191 3893 Ποσάκις
2216 3828 2350 3897 γοῦν
2385 3830 2413 3881 0
2453 3830 2695 3900 Χριστὸς
2713 3831 2777 3883 ἐκ
2805 3833 2975 3900 μέσου
3008 3831 3188 3885 αὐτῶν
3216 3831 3408 3900 ἐξῆλθε
3428 3832 3543 3885 τῶν

1947 3916 2188 3989 χειρῶνς
2227 3916 2281 3969 τί
2329 3911 2425 3972 οῦν
2478 3917 2641 3971 τοῦτο
2694 3918 2952 3989 ὠφέλησε
2997 3920 3123 3982 τοὺς
3170 3917 3539 3990 ἀγνώμονας;

1961 4006 2227 4059 Ἐνταῦθα
2260 4005 2447 4075 μέντοι
2480 4022 2546 4074 γε
2574 4007 2668 4059 καὶ
2700 4006 2871 4078 πολλὴ
2906 4008 3017 4070 τοῖς
3045 4010 3257 4072 πιστοῖς
3302 4007 3543 4077 ὠφέλεια

1946 4092 2157 4162 γίνεται
2198 4093 2306 4145 ἀπὸ
2358 4092 2468 4146 τῶν
2504 4093 2929 4163 γεγενημένων’
2965 4094 3386 4166 ὑπομνημάτων
3432 4095 3543 4167 γὰρ

1946 4180 2281 4251 γενομένων,
2332 4183 2427 4233 καὶ
2471 4180 2582 4233 τῶν
2623 4181 2836 4251 ἐχθρῶν
2880 4181 3061 4234 αὐτῶν
3109 4182 3541 4254 μαρτυρούντων

1947 4270 2061 4330 τοῖς
2115 4267 2544 4338 πραττομένοις,
2583 4268 2897 4331 ἀνύποπτος
2922 4264 2991 4340 ἦν
3008 4271 3053 4339 ἡ,
3079 4272 3379 4341 μαρτυρία.
3401 4270 3539 4323 Ὠσ-

1947 4370 2055 4426 περ
2088 4352 2179 4410 οὗν
2220 4356 2384 4407 κάκεῖ
2430 4354 2731 4427 οὐδαμόθεν
2769 4356 2992 4409 ἄλλοθεν
3032 4356 3537 4429 ἐπεστομίσθησαν,

1947 4442 2065 4496 ἀλλ’
2094 4443 2127 4511 ἢ
2164 4445 2228 4496 ἐκ
2282 4444 2378 4497 τοῦ
2413 4447 2541 4506 τοὺς
2584 4445 2845 4509 ἐλθόντας
2889 4446 3178 4517 ὁμολογεῖν
3209 4447 3279 4501 τά
3310 4464 3538 4520 γεγενη-

1951 4532 2111 4602 μένα,
2145 4532 2288 4586 οὕτω
2334 4533 2399 4604 δὴ
2443 4534 2540 4587 καὶ
2584 4533 2842 4591 ἐνταῦθα.
2872 4533 2973 4588 Διά
3017 4534 3071 4588 τί
3120 4533 3231 4606 γὰρ
3265 4537 3294 4590 0
3340 4536 3538 4609 δεσμο-

1947 4616 2124 4686 φύλαξ
2151 4618 2303 4671 οὐδὲν
2332 4618 2576 4672 τοιοῦτον
2599 4619 2857 4692 ἐποίησε;
2894 4624 3075 4675 καίτοι
3100 4639 3166 4691 γε
3192 4622 3349 4677 οὐδὲν
3381 4623 3539 4677 ἐλάτο

1944 4720 2076 4758 τονα
2128 4706 2237 4758 τῶν
2289 4705 2481 4760 τούτου
2550 4708 2620 4761 τὰ
2685 4708 2928 4780 Ἡρώδου
2978 4704 3067 4781 ἦν.
3109 4708 3215 4762 Τοῦ
3270 4710 3383 4782 γὰρ
3409 4711 3539 4764 ἰδεῖν

1945 4792 2302 4863 ἀνεῳγμένας
2354 4793 2455 4857 τὰς
2504 4794 2697 4865 θύρας,
2731 4796 2855 4850 ὅσον
2881 4799 2961 4859 είς
3005 4796 3325 4867 ἐκπλήξεως
3354 4796 3534 4865 λόγον,

1942 4879 2097 4934 οὐδὲν
2145 4880 2366 4933 ἔλαττον
2414 4881 2475 4934 10
2530 4882 2728 4952 μαθεῖν
2770 4884 2853 4936 ὅτι
2898 4883 3306 4953 κεκλεισμένων
3351 4884 3537 4938 αὐτῶν

1942 4967 2169 5039 ἐξῆλθεν
2198 4971 2228 5022 0
2271 4968 2555 5040 δεδεμένος
2580 4986 2593 4998 ·
2627 4971 2807 5024 καίτοι
2858 4970 3033 5024 ταῦτα
3094 4972 3191 5023 καὶ
3255 4972 3534 5040 φαντασία

1941 5056 2122 5121 ἔδοξεν
2139 5056 2204 5110 ἂν
2234 5051 2374 5110 εἶναι
2409 5057 2631 5126 μᾶλλον,
2662 5059 2841 5111 ἐκεῖνο
2873 5059 2929 5112 δὲ
2957 5058 3167 5123 οὐκέτι,
3210 5059 3349 5129 μετά
3371 5060 3533 5129 ἀκριο

1942 5144 2097 5207 δείας
2125 5142 2628 5213 ἀπαγγελλόμενον.
2701 5145 2867 5198 ’Ὥστε
2889 5147 2947 5199 είε
2970 5147 3064 5199 καὶ
3092 5140 3248 5207 οὗτος
3278 5144 3452 5209 οὕτως
3464 5140 3534 5217 ἦν

1941 5232 2199 5303 πονηρὸς,
2257 5230 2490 5300 ἔσφαξεν
2556 5231 2625 5285 ἂν
2680 5232 2770 5285 τὸν
2817 5233 3055 5297 Παῦλον,
3100 5231 3216 5305 [65]
3276 5232 3533 5304 καθάπερ

1940 5324 2147 5384 ἐκεῖνος
2202 5322 2330 5385 τοὺς
2390 5320 2732 5393 στρατιώτας
2763 5338 2777 5353 ’
2807 5322 2923 5375 ἀλλ’
2952 5324 3053 5376 οὐκ
3071 5319 3160 5393 ἦν.
3208 5323 3269 5375 Εἰ
3295 5322 3353 5375 δὲ
3394 5322 3534 5393 πρὸς

1938 5413 2065 5475 τοὺς
2111 5410 2397 5481 λέγοντας,
2436 5409 2524 5463 διὰ
2553 5411 2606 5463 τί
2634 5411 2729 5463 καὶ
2765 5412 2833 5463 τά
2876 5412 3067 5464 παιδία
3097 5409 3480 5482 συνεχώρησεν
3503 5412 3533 5462 0

1939 5499 2070 5563 Θεὸς
2095 5498 2472 5570 ἀναιρεθῆναι,
2500 5498 2854 5569 βουληθῶμεν
2882 5498 3360 5569 ἀπολογήσασθαι,
3384 5498 3528 5567 τάχα

1938 5590 2018 5650 εἰς
2074 5587 2413 5658 μακρότερον
2472 5586 2869 5655 ἐμπεσούμεθα
2927 5586 3107 5654 λόγον,
3169 5586 3228 5639 ὃν
3276 5588 3335 5639 ἐν
3395 5603 3531 5656 προ-

1936 5675 2140 5747 οιμίοις
2164 5676 2274 5728 ἔδει
2300 5674 2558 5743 λέγεσθαι
2592 5676 2726 5745 πρὸς
2744 5675 2914 5743 ὑμᾶς.

2002 5846 2027 5886 ι·
2050 5843 2170 5905 Alii,
2194 5844 2279 5907 τοῦ
2314 5845 2511 5893 πάππου
2539 5843 2625 5893 τοῦ
2659 5844 2895 5907 Ἡρώδου.
2930 5844 3084 5894 Paulo
3120 5850 3231 5907 post
3259 5842 3528 5905 legendum

1935 5906 2137 5975 omnjyn
2161 5906 2359 5977 \‘idetqr
2387 5908 2557 5961 αὐτοὺς
2586 5905 2773 5964 ἥρπασε
2804 5905 2918 5964 τοῦ,
2948 5908 3025 5981 vel
3047 5905 3160 5983 τῶν,
3190 5905 3429 5968 Ἡρώδου,
3473 5909 3530 5955 ιιι

1940 5974 2159 6019 Summus
2188 5974 2466 6031 suspicatus
2492 5975 2599 6029 est;
2625 5983 2719 6017 non
2742 5975 2930 6029 autem,
2968 5974 3110 6017 αὐτὸν
3134 5974 3342 6030 ἥρπασε.
