4140 6550
546 460 553 465 η
596 393 671 452 05
1284 388 1344 446 S.
1380 384 1669 445 JOANNIS
1701 381 2196 443 CHRYSOSTOMI
2240 384 2561 443 ARCHIEP.
2603 386 3162 445 CONSTANTINOP.
3807 393 3880 449 66

670 509 822 574 Τέως
859 508 917 563 δέ
958 506 1129 562 πολλᾶ
1158 508 1224 578 τῇ
1265 504 1480 559 Παύλου
1531 503 2034 574 εὐχαριστήσαντες
2055 502 2186 557 ἀλύ-

600 610 707 657 σει,
756 592 1203 661 καταπαύσωμεν
1251 588 1343 642 τδν
1387 588 1568 657 λόγον,
1606 588 1691 640 ὅτι
1742 586 2018 640 τοσούτων
2047 589 2180 658 ἡμῖν

596 676 821 745 ἀγαθῶν
852 676 1004 729 αἰτία
1037 674 1252 743 γέγονε,
1290 671 1781 745 παρακαλέσαντες
1807 671 1953 741 ὑμᾶς
1977 670 2052 742 μὴ
2081 669 2173 740 μό·

599 778 691 815 νον
720 760 797 832 μὴ
816 760 1215 832 δυσχεραίνειν,
1254 759 1371 813 είτι
1393 758 1482 812 διά
1515 755 1752 828 Χριστὸν
1774 756 2024 821 πάθοιτε,
2049 756 2187 810 ἀλλά

599 845 697 899 καὶ
728 843 943 914 χαίρειν
970 842 1047 906 ὡς
1070 844 1121 896 οί
1142 841 1456 904 ἀπόστολοι,
1481 841 1579 895 καὶ
1600 839 1910 910 καυχᾶσθαι
1935 839 2010 904 ὡς
2034 839 2188 894 Παῦ-

598 928 690 991 λος
716 926 907 995 ἔλεγεν
943 942 958 956 ’
1005 925 1257 981 Ἥδιστα
1308 924 1697 994 καυχήσομαι
1738 923 1811 978 ἐν
1855 922 1986 989 ταῖς
2015 923 2191 978 ἀσθε-

597 1010 789 1076 νείαις
812 1028 959 1079 μου.
993 1009 1097 1083 Διά
1125 1009 1236 1080 γὰρ
1260 1006 1422 1061 τοῦτο
1455 1008 1551 1062 καὶ
1573 1009 1830 1077 ήκουσεν,
1870 1006 2068 1074 Ἀρκεῖ
2086 1023 2189 1061 σοι

598 1096 638 1162 ἡ
669 1093 843 1164 χάρις
864 1110 1009 1163 μου.
1051 1091 1266 1155 Παῦλος
1286 1092 1382 1144 ἐπὶ
1419 1091 1640 1161 δεσμοῖς
1666 1091 1964 1161 καυχᾶται,
1998 1090 2094 1145 καὶ⁸
2120 1092 2187 1145 σὺ

598 1178 696 1233 ἐπὶ
722 1177 941 1248 πλούτῳ
970 1176 1116 1247 μέγα
1146 1178 1399 1249 φρονεῖς;
1432 1176 1482 1230 οἱ
1510 1175 1802 1229 ἀπόστολοι
1822 1174 2044 1246 ἔχαιρον
2064 1213 2080 1237 ,
2105 1175 2187 1229 δτι

597 1257 1027 1333 κατηξιώθησαν
1083 1258 1521 1331 μαστιγωθῆναι,
1557 1258 1749 1312 καὶσὺ
1801 1258 1986 1312 ἄνεσιν
2005 1257 2189 1329 ζητεῖς

598 1348 696 1398 καὶ
722 1344 938 1416 τρυφήν
965 1360 981 1409 ;
1013 1341 1139 1406 Πῶς
1165 1337 1260 1396 οὖν
1282 1341 1458 1405 θέλεις
1483 1341 1590 1395 τῶν
1621 1339 1802 1394 αὐτῶν
1823 1340 2057 1405 ἐκείνοις
2093 1357 2190 1393 τυ-

599 1430 737 1498 χεῖν,
770 1426 1105 1488 ἀπεναντίας
1150 1427 1334 1489 αὐτοῖς
1363 1424 1567 1479 ὁδεύων
1590 1423 1827 1480 ἐνταῦθα
1854 1441 1870 1491 ;
1903 1424 2017 1479 Καὶ
2046 1424 2188 1492 νῦν,

599 1508 735 1581 φησὶ
760 1552 774 1575 ,
801 1511 1126 1579 πορεύομαι
1151 1512 1237 1576 είς
1281 1508 1675 1578 Ἱεροσόλυμα
1730 1507 2053 1576 δεδεμένος
2108 1506 2190 1574 τῷ

597 1593 913 1661 πνεύματι,
950 1591 1020 1644 τὰ
1061 1592 1131 1645 ἐν
1179 1591 1384 1658 αὐτοῖς
1434 1587 1908 1656 συναντήσοντά
1948 1607 2051 1659 μοι
2098 1588 2188 1658 μὴ

597 1676 792 1742 εἰδὼς,
838 1674 1010 1743 πλὴν
1056 1673 1147 1729 ὅτι
1175 1676 1240 1729 τὸ
1268 1673 1514 1743 Πνεῦμὰ
1533 1693 1638 1744 μοι
1675 1672 1828 1728 κατά
1843 1674 2029 1728 πόλιν
2061 1672 2190 1726 δια-

592 1759 952 1829 μαρτύρεται
981 1758 1185 1828 λέγον,
1240 1759 1332 1813 ὅτι
1377 1757 1576 1827 δεσμά
1594 1775 1672 1827 με
1703 1758 1798 1811 καὶ
1823 1759 2063 1826 θλίψεις
2087 1756 2191 1827 μέ·-

598 1857 801 1895 νουσι.
839 1841 909 1893 Τί
932 1835 1026 1894 οὖν
1059 1841 1299 1912 ἀπέρχῃ,
1331 1842 1381 1893 εί
1406 1840 1582 1910 δεσμά
1626 1857 1687 1893 σε
1720 1841 1815 1893 καὶ
1844 1839 2054 1908 θλίψεις
2088 1840 2190 1911 μέ-

599 1940 751 1976 νουσι
777 1941 791 1989 ;
818 1924 918 1977 Διά
966 1922 1124 1976 τοῦτο
1189 1922 1344 1988 αὐτὸ,
1402 1923 1591 1993 φησὶν,
1633 1921 1722 1977 ἴνα
1769 1922 2057 1994 δεσμευθῶ
2101 1922 2190 1976 διὰ

601 2007 859 2079 Χριστὸν,
897 2007 986 2061 ἵνα
1024 2006 1285 2060 ἀποθάνω
1321 2005 1391 2060 δι’
1413 2006 1599 2060 αὐτόν.
1650 2007 1726 2060 Οὐ
1758 2006 1867 2078 γὰρ
1907 2008 2072 2078 μόνον
2100 2008 2190 2061 δε-

603 2091 792 2160 θῆναι,
836 2089 976 2144 ἀλλά
1043 2090 1139 2144 καλ⁵
1194 2088 1490 2143 ἀποθανεῖν
1520 2089 1757 2160 ἑτοίμως
1786 2088 1896 2160 ἔχω
1925 2090 2067 2161 ὑπὲρ
2094 2089 2191 2145 τοῦ

600 2174 869 2244 ὀνόματος
892 2172 989 2227 τοῦ
1013 2171 1222 2245 Κυρίου
1252 2171 1414 2244 ήμῶν
1442 2171 1621 2244 Ἰησοῦ
1657 2172 1924 2243 Χριστοῦ.

674 2359 842 2412 Οὐδὲν
871 2358 970 2429 τῆς
1001 2357 1183 2429 ψυχῆς
1224 2355 1446 2425 ἐκείνης
1483 2352 1922 2427 μακαριώτερον.
1965 2355 2057 2408 Ἑν
2080 2355 2191 2409 τίσι

603 2442 877 2512 καυχᾶται
896 2458 910 2508 ;
930 2441 1018 2494 Ἐν
1038 2440 1279 2511 δεσμοῖς,
1300 2440 1359 2491 ἐν
1381 2437 1719 2507 θλίψεσιν,ἐν
1738 2438 1944 2503 ἁλύσει,
1965 2438 2021 2490 ἐν
2039 2438 2191 2506 στίγ-

610 2542 797 2596 μασιν.
863 2521 1014 2593 Ἔγὼ
1073 2522 1148 2576 τὰ
1204 2521 1504 2591 στίγματα
1551 2520 1659 2574 τοῦ
1698 2521 1921 2588 Κυρίου
1996 2519 2192 2587 Ἰησοῦ

602 2605 1086 2677 Χριστοῦ,φησὶν,
1107 2606 1178 2659 ἐν
1200 2604 1279 2671 τῷ
1297 2604 1528 2673 σώματί
1551 2621 1673 2673 μου
1692 2601 1993 2669 βαστάζω,
2021 2603 2187 2657 καθά-

603 2708 707 2763 περ
723 2689 980 2762 τρόπαιόν
995 2707 1048 2742 τι
1067 2688 1228 2759 μέγαο
1243 2688 1339 2741 καὶ
1354 2688 1797 2753 πάλιν,”Ἐνεκεν
1806 2685 1914 2740 τοῦ
1931 2688 2188 2756 Ἰσραὴλ,

605 2775 760 2845 φησι,
801 2776 916 2840 τὴν
936 2771 1167 2826 ἅλυσιν
1188 2770 1422 2838 ταύτην
1454 2770 1792 2838 περίκειμαι
1826 2786 1841 2801 ·
1870 2769 1965 2823 καὶ
2004 2770 2188 2835 πάλιν,

615 2860 721 2911 Ἑν
748 2850 791 2928 ᾖ
843 2854 1157 2924 πρεσϐεύω
1220 2854 1290 2907 ἐν
1340 2852 1578 2907 ἁλύσει.
1622 2852 1687 2905 Τί
1713 2852 1833 2905 ἐστι
1856 2852 2016 2906 τοῦτο
2049 2853 2193 2917 ςούκ

601 2939 873 3012 αισχύνῃς
904 2937 966 2991 οὐ
995 2936 1245 2999 δέδοικας
1288 2938 1392 3006 τὴν
1435 2936 1766 3006 οἰκουμένην
1782 2936 2072 3008 δεσμώτης
2093 2954 2194 2991 πε-

605 3023 765 3095 ριιὼν
794 3039 811 3089 ;
839 3022 901 3074 οὒ
934 3019 1075 3090 φοϐῇ
1107 3019 1182 3091 μή
1236 3035 1322 3083 τις
1355 3019 1648 3074 ἀσθένειαν
1674 3018 1772 3073 τοῦ
1798 3019 1936 3074 Θεοῦ
1974 3039 2069 3074 σου
2095 3039 2194 3075 κα-

603 3105 824 3176 ταγνῷ;
850 3105 925 3176 μή
944 3120 1028 3166 τις
1054 3103 1147 3156 διά
1166 3101 1327 3157 τοῦτο
1350 3102 1411 3155 οὐ
1441 3103 1517 3174 μὴ
1553 3101 1835 3173 προσέλθῃ
1864 3120 1879 3169 ;
1915 3104 1989 3156 Οὐ
2008 3103 2194 3157 τοιαῦ-

601 3190 675 3245 τά
706 3206 829 3260 μου,
859 3187 1100 3259 φησὶ,τά
1128 3185 1307 3256 δεσμά
1333 3201 1348 3217 θ
1381 3180 1491 3239 οἶδε
1524 3187 1620 3240 καὶ
1647 3187 1706 3239 ἐν
1728 3185 2022 3256 βασιλείοις
2054 3186 2190 3258 λάμ-

605 3290 750 3326 πειν.
773 3271 958 3325 Ὥστε
1015 3268 1159 3335 τοὺς
1210 3268 1477 3337 δεσμούς
1510 3285 1655 3338 μου,
1701 3270 1858 3338 φησὶ,
1893 3269 2195 3338 φανεροὺς

604 3353 888 3424 γενέσθαι
922 3353 993 3406 ἐν
1037 3351 1160 3419 ὅλῳ
1196 3350 1276 3417 τῷ
1300 3351 1656 3419 πραιτωρίῳ,
1692 3350 1952 3417 καὶτοὺς
1982 3352 2192 3406 πλείο-

605 3455 719 3502 νας
739 3437 857 3491 τῶν
887 3433 1171 3504 ιίδιελςιδῶου⁹
1215 3434 1286 3489 ἐν
1326 3433 1524 3504 Κυρίῳ
1566 3436 1930 3501 πεποιθότας
1955 3437 2081 3500 τοῖς
2106 3433 2197 3489 δει-

605 3519 785 3591 σμοῖς
807 3536 928 3589 μου
965 3516 1414 3587 περισσοτέρως
1456 3515 1691 3587 τολμᾷν
1715 3517 1955 3586 ἀφόϐως
1976 3519 2196 3574 λαλεῖν

605 3603 715 3657 τὸν
763 3602 955 3671 λόγον
1008 3600 1178 3673 Ὁρᾷς
1223 3599 1441 3672 δεσμῶν
1475 3599 1627 3670 ἰσχὺν
1658 3599 1944 3672 μάλλον,ἢ
1981 3601 2195 3673 νεκρῶν

604 3687 995 3752 ἀναστάσεως;
1027 3682 1327 3754 Δεδεμένον
1360 3700 1429 3754 με
1465 3678 1608 3737 εἶδον
1631 3724 1648 3746 ,
1680 3684 1776 3739 καὶ
1817 3684 2021 3755 μᾶλλον
2062 3685 2196 3757 θαῤ-

606 3767 816 3840 ροῦσιν.
851 3769 1028 3823 Ὅπου
1066 3767 1177 3837 γὰρ
1215 3766 1430 3838 δεσμὰ,
1462 3766 1678 3837 ἀνάγκη
1710 3766 1806 3820 καὶ
1838 3767 1984 3838 μέγα
2014 3786 2067 3822 τι
2097 3785 2194 3837 γε-

604 3850 793 3905 νέσθαι
816 3852 936 3905 ἐκεῖ
964 3862 981 3881 '
1013 3849 1147 3903 ὅπου
1179 3848 1382 3917 θλῖψις,
1418 3849 1638 3911 πάντως
1657 3849 1778 3902 ἐκεῖ
1801 3851 1893 3903 καὶ
1924 3850 2193 3921 σωτηρία,

606 3936 827 3998 πάντως
857 3935 977 3987 ἐκεῖ
1003 3931 1190 3994 ἄνεσις
1210 3971 1225 3996 ,
1258 3932 1481 3995 πάντως
1510 3934 1628 3984 ἐκεῖ
1663 3932 2195 4004 μεγάλακατορθῴ-

610 4035 779 4090 ματα.
818 4017 879 4071 ὐ
907 4016 1018 4086 γάρ
1049 4013 1296 4077 διάϐολος
1355 4013 1486 4067 ὅταν
1515 4013 1767 4084 λακτίσῃ,
1803 4015 1927 4067 τότε
1957 4015 2196 4087 πλήττε-

604 4118 698 4155 ται
722 4117 734 4129 '
760 4101 891 4157 ὅταν
908 4098 1047 4171 δήσῃ
1079 4097 1207 4161 τοὺς
1232 4095 1327 4150 τοῦ
1359 4095 1497 4149 Θεοῦ
1530 4095 1770 4161 δούλους,
1801 4097 1923 4150 τότε
1957 4096 2197 4168 μάλιστα

604 4186 635 4237 ὁ
672 4183 828 4253 λόγος
880 4181 1183 4235 ἐπιδίδωσι.
1223 4180 1334 4233 Καὶ⁵
1368 4179 1468 4233 θέα
1512 4179 1791 4248 πανταχοῦ
1853 4178 2014 4234 τοῦτο
2048 4180 2196 4250 γινό-

610 4283 795 4336 μενον.
836 4262 1196 4336 Ἐδεσμεύθη,
1229 4263 1322 4318 καὶ
1371 4264 1430 4315 ἐν
1475 4261 1554 4332 τῷ
1603 4261 1970 4334 δεσμωτηρίῳ
2018 4263 2196 4318 ταῦτα

607 4349 925 4418 εἰργάσατο.
957 4347 1063 4402 Ἔν
1080 4347 1264 4410 αὐτοῖς
1292 4346 1425 4417 γὰρ,
1448 4346 1604 4417 φησὶ,
1633 4346 1758 4412 τοῖς
1779 4346 2032 4416 δεσμοῖς
2049 4365 2192 4416 μου.

621 4431 956 4503 Ἐδεσμεύθη
987 4432 1047 4485 έν
1089 4429 1301 4503 Ῥώμῃ,
1334 4431 1430 4484 καὶ
1475 4429 1725 4493 πλείονας
1747 4430 2060 4501 ἐπηγάγετο
2086 4447 2098 4458 ·
2129 4432 2194 4485 οὐ

607 4516 718 4586 γάρ
736 4513 903 4577 αὐτὸς
928 4513 1089 4585 μόνος
1105 4513 1351 4584 ἐθάρρει,
1369 4509 1505 4566 ἀλλά
1528 4513 1622 4566 καὶ
1643 4512 1793 4567 ἄλλοι
1811 4512 1996 4566 πολλοὶ.
2011 4511 2081 4565 δι’
2098 4514 2196 4566 αὑ-

607 4599 726 4653 τοῦ.
758 4595 1090 4668 Ἐδεσμεύθη
1122 4598 1181 4650 ἐν
1215 4594 1646 4667 Ἰεροσολύμοις,
1679 4596 1773 4649 καὶ
1797 4595 2083 4666 δεδεμένος
2101 4597 2197 4668 δη-

613 4682 874 4754 μηγορῶν
922 4680 1016 4733 τὸν
1071 4677 1297 4751 βασιλέα
1334 4678 1667 4750 κατέπληξε,
1700 4679 1795 4732 καὶ
1833 4679 1924 4735 τὸν
1956 4680 2197 4752 ἄρχοντα

610 4764 729 4839 [Μ]
761 4764 844 4829 εἰς
896 4760 1063 4834 φόϐον
1123 4761 1333 4831 ἤγαγεν
1366 4777 1381 4793 ’
1413 4761 1657 4832 ἔμφοϐος
1710 4763 1818 4834 γάρ
1862 4763 2191 4835 γενόμενος,

609 4851 807 4918 φησὶν,
844 4847 1117 4903 ἀπέλυσεν
1167 4845 1354 4911 αὐτὸν,
1387 4845 1481 4900 καὶ
1504 4846 1605 4899 οὐκ
1634 4845 1899 4916 ᾐσχύνετο
1923 4847 2076 4917 παρά
2098 4847 2194 4901 τοῦ

608 4930 895 5001 δεδεμένου
938 4928 1227 5000 μανθάνων
1279 4928 1409 4999 περὶ
1450 4927 1560 4981 τῶν
1610 4927 1912 4999 μελλόντων
1948 4930 1979 4982 ὁ
2022 4930 2195 5000 δήσας

609 5016 794 5069 αὐτόν.
836 5012 1133 5085 Δεδεμένος
1149 5010 1326 5076 ἔπλει,
1362 5012 1457 5065 καὶ
1480 5012 1736 5080 ναυάγιον
1763 5011 1944 5076 ἔλυσε,
1978 5013 2073 5067 καὶ
2099 5012 2193 5067 τὸν

610 5097 860 5170 χειμῶνα
913 5095 1199 5164 ὲπέδησεν.
1238 5095 1328 5148 Ἐν
1375 5095 1595 5165 δεσμοῖς
1624 5094 1776 5159 ὄντος
1808 5096 1974 5150 αὐτοῦ
2004 5093 2066 5149 τὸ
2097 5095 2195 5166 θη-

610 5184 731 5254 ρίον
754 5182 929 5235 ἐκεῖνο
956 5179 1263 5250 καθήψατο,
1292 5178 1387 5233 καὶ
1411 5179 1578 5251 μηδὲν
1603 5179 1987 5250 λυμηνάμενον
2009 5179 2195 5246 ἐξέπε-

613 5283 706 5319 σεν
738 5276 787 5317 ι.
837 5261 1026 5332 Ἐδέθη
1064 5262 1122 5314 ἐν
1158 5260 1369 5333 Ῥώμῃ,
1401 5265 1494 5315 καὶ
1533 5261 1817 5333 δεδεμένος
1860 5262 2195 5334 δημηγορῶν

611 5349 844 5420 μυρίους
887 5344 1259 5408 ἐπεσπάσατο,
1287 5346 1409 5399 ἀντὶ
1463 5345 1686 5401 πάντων
1711 5345 1871 5400 τοῦτο
1899 5346 2032 5400 αὐτὸ
2061 5363 2195 5417 προ-

613 5432 967 5500 ϐαλλόμενος,
991 5428 1090 5497 τὴν
1126 5428 1316 5483 ἀλυσιν
1347 5429 1508 5498 λέγω.

697 5625 840 5681 Ἀλλ’
878 5626 979 5680 οὐκ
1006 5625 1153 5679 ἔστιν
1208 5627 1396 5680 ἁλύσει
1434 5626 1655 5698 δεθῆναι
1685 5626 1819 5682 -νῦν,
1854 5627 1994 5681 Ἀλλ’
2047 5627 2194 5680 ἔστιν

618 5713 781 5782 ἑτέρα
816 5710 1027 5777 ἅλυσις,
1064 5711 1129 5765 ἂν
1172 5711 1466 5782 ἐθέλωμεν.
1516 5713 1650 5767 [Ιοία
1681 5713 1743 5783 δὴ
1780 5711 1961 5781 αῦτη;
1994 5712 2065 5764 Τὸ
2097 5713 2195 5778 τῆς

678 5951 707 5983 ⁸
728 5950 805 6002 An
828 5949 1169 6012 λυμαινομένου
1192 5945 1440 6003 ἐξέπεσενῖ

2293 505 2476 578 χειρὸς
2502 509 2744 578 κρατεῖν,
2772 506 2833 559 τὸ
2857 505 2932 576 μὴ
2956 505 3092 577 πρὸς
3121 505 3433 574 πλεονεξίαν
3458 506 3676 576 ἕτοιμον
3712 502 3877 562 εἶναι.

2290 591 2480 663 Ταύτῃ
2524 593 2591 661 τῇ
2642 589 2831 643 ἁλύσει
2882 589 3135 659 δήσωμεν
3160 588 3427 653 ἑαυτούς’
3474 592 3596 645 ἀντὶ
3630 590 3878 660 σιδηρίου

2297 673 2539 743 γενέσθω
2561 676 2696 745 ἡμῖν
2726 676 2755 728 ό
2779 672 2875 727 τοῦ
2905 672 3041 726 Θεοῦ
3067 672 3253 742 φόϐος.
3283 675 3555 745 Λύσωμεν
3580 676 3706 738 τοὺς
3734 675 3880 727 δεδε-

2293 758 2492 828 μένους
2537 757 2644 812 ὑπὸ
2690 759 2904 822 πενίας,
2942 756 3047 810 ὑπὸ
3102 757 3356 827 θλίψεως.
3411 760 3530 812 Οὐκ
3584 759 3732 811 ἐστιν
3762 760 3879 810 ῖσον

2288 840 2669 912 δεσμωτηρίου
2708 839 2880 914 θύρας
2915 839 3149 904 ἀνοῖξαι,
3208 841 3305 894 καὶ
3331 839 3511 911 ψυχὴν
3554 840 3878 909 συγκεκλει-

2292 926 2503 995 σμένην
2525 926 2746 993 ἀφεῖναι
2767 940 2783 956 ο
2811 924 2912 978 οὐκ
2936 923 3084 977 ἔστιν
3119 923 3235 977 ἴσον
3267 924 3429 978 λῦσαι
3457 924 3633 993 δεσμὰ
3657 923 3876 993 δεσμω-

2288 1008 2401 1062 τῶν
2425 1008 2748 1079 δεδεμένων,
2776 1008 2873 1062 καὶ
2900 1008 3342 1079 τεθραυσμένους
3358 1007 3628 1061 ἀπολῦσαι
3654 1010 3714 1061 ἐν
3741 1007 3880 1075 ἀφέ-

2293 1107 2396 1148 σει.
2427 1090 2598 1146 Τοῦτο
2619 1092 2829 1146 ἐκείνου
2852 1090 3040 1162 μεῖζόν
3061 1094 3209 1145 ἐστιν
3234 1106 3248 1120 ο
3281 1090 3492 1145 ἐκείνου
3523 1090 3621 1160 μὲν
3652 1089 3760 1161 γάρ
3788 1090 3883 1144 οὐ·

2290 1177 2402 1238 δεῖς
2437 1179 2614 1231 κεῖται
2649 1175 2864 1247 μισθὸς,
2894 1176 3085 1230 τούτου
3122 1176 3180 1229 δὲ
3231 1175 3436 1247 μυρίοι.
3482 1173 3688 1246 Μακρά
3720 1175 3755 1243 ἡ
3780 1172 3881 1227 τοῦ

2292 1258 2510 1313 Παύλου
2531 1260 2758 1328 γέγονεν
2786 1258 2997 1324 ἅλυσις,
3019 1259 3112 1312 καὶ
3133 1258 3228 1312 ἐπὶ
3245 1257 3381 1312 πολὺ
3407 1256 3675 1326 κατέσχεν
3705 1258 3879 1327 ἡμᾶς’

2292 1344 2390 1399 καὶ
2419 1344 2529 1414 γάρ
2555 1344 2703 1397 ἐστιν
2733 1343 2904 1407 ὅντως
2936 1343 3143 1414 μακρὰ,
3177 1344 3271 1396 καὶ
3302 1343 3487 1413 πάσης
3516 1341 3704 1413 σειρᾶς
3742 1358 3882 1412 χρυ-

2294 1429 2396 1498 σῆς
2425 1428 2796 1499 κοσμιωτέρα.
2827 1426 2978 1498 Αὕτη
3006 1429 3133 1492 τοὺς
3154 1427 3475 1498 δεδεμένους
3506 1426 3761 1498 καθάπερ
3790 1427 3884 1481 διά

2292 1529 2438 1576 τινος
2473 1511 2726 1583 μηχανῆς
2752 1511 2901 1566 ἕλκει
2956 1511 3097 1582 πρὸς
3139 1510 3231 1564 τὸν
3266 1509 3518 1582 οὐρανὸν,
3561 1511 3657 1565 καὶ
3686 1508 3883 1580 ὥσπερ

2293 1594 2473 1666 χρυσῆ
2525 1594 2683 1666 σειρά
2727 1592 3112 1666 ὲξαρτηθείσα,
3169 1593 3387 1647 ἀνέλκει
3420 1593 3558 1663 πρὸς
3589 1592 3752 1647 αὑτὸν
3785 1592 3884 1666 τρν

2293 1663 2542 1749 ούρανόνο
2575 1663 2668 1731 καὶ
2700 1676 2761 1731 τὸ
2788 1663 2853 1748 δή
2901 1663 3238 1748 θαυμαστὸν,
3272 1676 3424 1729 κάτω
3463 1673 3701 1739 δεθεῖσα,
3747 1663 3886 1737 τοῦς

2293 1759 2611 1832 δεδεμένους
2641 1762 2755 1817 ἀνω
2786 1762 2956 1816 ἕλκει.
3000 1760 3194 1815 Καίτοι
3225 1761 3325 1831 οὐχ
3354 1758 3495 1831 αῦτη
3547 1759 3658 1813 τῶν
3686 1776 3882 1828 πραγ-

2298 1848 2484 1918 μάτων
2513 1847 2546 1917 ὴ
2583 1845 2745 1915 φύσις
2765 1862 2779 1877 ⁸
2811 1844 2928 1900 ἀλλ’
2990 1845 3118 1899 ὃταν
3144 1843 3280 1907 Θεὸς
3309 1845 3589 1913 οίκονομῇ,
3617 1843 3693 1913 μὴ
3724 1843 3887 1912 ζήτει

2295 1929 2641 2000 πραγμάτων
2670 1928 2834 1998 φύσιν
2884 1928 3020 2000 μηδέ
3077 1926 3422 1988 ἀκολουθίαν,
3455 1926 3593 1979 ἀλλά
3632 1926 3700 1979 τά
3736 1927 3885 1996 ὑπὲρ

2296 2012 2459 2082 φύσιν
2486 2013 2580 2067 καὶ
2609 2012 2955 2067 ἀκολουθίαν.
3008 2009 3291 2081 Μάθωμεν
3324 2008 3461 2079 μηδέ
3517 2010 3575 2062 ἐν
3612 2014 3735 2073 ταῖς
3764 2009 3889 2062 θλί-

2293 2095 2420 2165 ψεσι
2446 2096 2835 2158 καταπίπτειν,
2871 2093 3009 2166 μηδέ
3035 2093 3435 2164 δυσχεραίνειν.
3471 2093 3614 2163 Ὅρα
3649 2092 3758 2161 γάρ
3783 2091 3887 2144 τὸν

2299 2179 2571 2251 μακάριον
2616 2179 2808 2232 τοῦτον
2830 2195 2845 2209 ’
2900 2175 3312 2249 μεμαστίγωτο,
3359 2177 3456 2229 καὶ
3486 2176 3889 2246 μεμαστίγωτο

2299 2262 2535 2334 ἰσχυρῶς
2559 2278 2574 2292 ⁸
2628 2262 2874 2329 Πολλὰς
2924 2262 3034 2330 γάρ
3080 2260 3310 2327 αὐτοῖς,
3344 2260 3535 2331 φησὶν,
3570 2258 3890 2326 ἐπιθέντες

2295 2346 2534 2418 πληγάς
2555 2362 2568 2375 ο
2606 2347 2705 2400 καὶ
2726 2345 2957 2410 ἐδέδετο,
2985 2346 3083 2399 καὶ
3101 2344 3263 2398 τοῦτο
3291 2345 3457 2398 πάλιν
3486 2341 3725 2414 ἰσχυρῶς
3746 2360 3760 2374 ·
3799 2345 3890 2407 είς

2296 2431 2405 2502 γάρ
2423 2432 2524 2502 τὴν
2553 2430 2830 2502 ἐσωτέραν
2861 2428 3111 2499 φυλακὴν
3136 2427 3392 2483 ἐνέϐαλεν
3414 2427 3599 2489 αὐτὸν,
3622 2426 3716 2479 καὶ
3743 2426 3890 2496 μετά

2297 2515 2544 2577 πλείονος
2598 2512 2923 2582 ἀσφαλείας.
2976 2511 3086 2565 Καὶ
3121 2511 3179 2563 ἐν
3215 2508 3496 2573 τοσούτοις
3523 2508 3600 2562 ὢν
3649 2508 3793 2561 κατά
3818 2508 3890 2561 τὸ

2298 2597 2673 2668 μεσονύκτιον,
2704 2596 2794 2650 ὅτε
2829 2594 2922 2649 καὶ
2947 2594 2999 2647 οί
3032 2592 3240 2664 σφόδρα
3285 2593 3650 2664 ἐγηγερμένοι
3677 2590 3889 2645 καθεύ-

2295 2681 2499 2746 δουσιν,
2553 2679 2747 2751 ἐτέρου
2807 2677 3010 2749 δεσμοῦ
3086 2677 3495 2747 χαλεπωτέρου,
3550 2676 3645 2729 τοῦ
3709 2674 3889 2728 ὕπνου

2296 2765 2669 2835 ἐπικειμένου,
2844 2763 2939 2817 καὶ
2969 2761 3174 2832 ῦμνουν
3202 2762 3293 2815 τὸν
3320 2759 3548 2832 Κύριον.
3581 2760 3647 2813 Τί
3673 2758 3887 2812 τούτων

2296 2849 2496 2921 γένοιτ’
2531 2850 2599 2904 ἂν
2644 2848 2754 2903 τῶν
2786 2846 2980 2919 ψυχῶν
3011 2845 3559 2916 ἀδαμαντινώτερον;
3603 2844 3887 2897 Ἐνενόουν

2296 2934 2380 2987 ὅτι
2409 2933 2506 2987 καὶ
2532 2933 2583 2986 οί
2613 2931 2805 2995 παῖδες
2830 2933 2891 2985 ἐν
2924 2930 3062 3001 πυρὶ
3086 2925 3213 3004 ᾖδον
3245 2929 3341 2983 καὶ
3368 2932 3426 2982 ἐν
3447 2927 3664 2999 καμίνῳ
3685 2942 3700 2956 ’
3750 2926 3887 2987 ῖσως

2296 3016 2622 3085 ἐλογίζοντο,
2655 3015 2739 3068 δτι
2758 3014 2953 3085 Ἡμεῖς
2981 3013 3137 3067 οὐδὲν
3165 3010 3408 3065 τοιοῦτον
3439 3010 3653 3064 οὐδέπω
3678 3009 3889 3061 πεπόν-

2297 3099 2494 3169 θαμεν.
2553 3097 2715 3151 Ἀλλά
2768 3096 2952 3160 καλῶς
3007 3094 3179 3149 ποιῶν
3223 3096 3253 3148 ό
3307 3093 3468 3162 λόγος
3522 3092 3604 3155 είς
3658 3091 3885 3159 ἐτέρους

2296 3185 2446 3254 ἡμᾶς
2497 3182 2665 3236 πάλιν
2722 3180 2985 3253 ἐξήνεγκε
3049 3178 3284 3252 δεσμοὺς
3353 3177 3449 3232 καὶ
3502 3176 3887 3248 δεσμωτήριον

2295 3267 2383 3321 ἓτε
2390 3283 2502 3340 ρον.

2367 3433 2435 3487 Τί
2469 3431 2661 3498 πάθω;
2723 3429 2988 3503 βούλομαι
3048 3428 3301 3500 σιγῆσαι,
3351 3427 3468 3482 ἀλλ’
3511 3424 3574 3479 οὐ
3619 3424 3884 3497 δύναμαι.

2296 3519 2531 3589 Ἕτερον
2582 3516 2962 3587 δεσμωτήριον
2995 3507 3154 3586 εὗρον
3185 3512 3398 3567 ἐκείνου
3449 3508 3631 3581 πολλῷ
3663 3510 3885 3583 θαυμα-

2298 3602 2560 3674 σιώτερον
2608 3601 2704 3655 καὶ
2751 3598 3288 3670 ἐκπληκτικώτερον.
3327 3595 3491 3653 Ἀλλά
3558 3613 3648 3666 μοι
3695 3596 3889 3649 διανά-

2299 3702 2486 3756 στητε,
2514 3686 2590 3749 ὡς
2618 3682 2715 3737 νῦν
2765 3682 3073 3754 ἀρχομένου
3110 3681 3206 3735 τοῦ
3255 3680 3438 3749 λόγου,
3478 3678 3573 3732 καὶ⁴
3601 3676 3888 3749 ἀκμαζού-

2301 3784 2421 3831 σαις
2460 3765 2792 3837 προσέλθετε
2835 3767 2955 3827 ταῖς
3000 3763 3288 3827 διανοίαις.
3318 3763 3592 3832 Βούλομαι
3621 3761 3886 3833 διακόψαι

2296 3851 2391 3904 τὸν
2412 3851 2592 3920 λόγον,
2620 3850 2718 3904 καὶ
2732 3849 2834 3903 οὐκ
2860 3848 3135 3920 ἀνέχεται.
3158 3847 3429 3922 Καθάπερ
3443 3850 3553 3922 γάρ
3568 3867 3652 3913 τις
3675 3848 3888 3920 μεταξὺ

2300 3938 2472 3992 πίνων
2506 3936 2606 3990 οὐκ
2657 3934 2725 3990 ἂν
2781 3934 3072 4005 ἀνάσχοιτο
3126 3935 3404 4005 διακόψαι,
3459 3935 3563 3989 κᾶν
3591 3933 3773 3990 ὁτιοῦν
3799 3949 3889 3997 τις

2298 4019 2706 4090 ἐπαγγέλληται
2728 4033 2742 4047 ’
2779 4016 2922 4071 οὕτω
2939 4017 3097 4087 κάγὼ
3112 4018 3215 4089 τῆς
3239 4017 3463 4082 κύλικος
3485 4016 3887 4085 ἐπιλαϐόμενος

2298 4103 2399 4174 τῆς
2438 4101 2762 4175 θαυμαστῆς
2789 4099 2886 4154 τοῦ
2924 4100 3302 4172 δεσμωτηρίου
3330 4100 3442 4155 τῶν
3469 4100 3561 4154 διὰ
3590 4098 3706 4174 [65]
3742 4101 3886 4170 Χρι-

2302 4188 2425 4242 στὸν
2461 4183 2784 4255 δεδεμένων,
2818 4184 2880 4236 οὐ
2926 4182 3160 4253 δύναμαι
3192 4183 3526 4250 παύσασθαι,
3553 4185 3616 4238 οὐ
3643 4183 3887 4252 δύναμαι

2301 4272 2542 4342 σιγῆσαι.
2592 4271 2653 4322 Et
2680 4269 2790 4340 γὰρ
2825 4267 2988 4331 αὐτὸς
3016 4269 3074 4320 ἐν
3097 4266 3458 4338 δεσμωτηρίῳ
3499 4267 3595 4321 καὶ
3640 4268 3700 4319 ἐν
3727 4265 3889 4319 νυκτὶ

2298 4355 2398 4408 οὐκ
2432 4353 2709 4421 ἐσίγησεν,
2738 4351 2861 4405 οὐδέ
2889 4352 2947 4404 ἐν
2974 4349 3248 4421 μάστιξιν,
3280 4349 3393 4419 ἐγὼ
3422 4352 3720 4423 σιγήσομαι
3746 4352 3890 4406 καθ-

2299 4439 2502 4509 ήμενος
2541 4434 2757 4506 ἡμέρας
2803 4432 2994 4502 οὔσης,
3046 4432 3185 4502 μετά
3233 4432 3436 4503 πολλῆς
3491 4436 3591 4505 τῆς
3644 4435 3891 4496 ἀνέσεως

2300 4520 2692 4590 φθεγγόμενος,
2718 4517 2826 4569 τῶν
2855 4515 3179 4586 δεδεμένων,
3208 4515 3320 4569 τῶν
3347 4517 3888 4590 μεμαστιγωμένων,

2297 4605 2408 4659 τῶν
2441 4605 2499 4657 ἐν
2530 4602 2672 4674 μέσῃ
2704 4600 2861 4654 νυκτὶ⁵
2888 4598 3048 4653 τοῦτο
3081 4598 3157 4670 μὴ
3186 4598 3499 4668 παθόντων;

2368 4768 2434 4822 Ol
2467 4766 2658 4829 παῖδες
2683 4764 2785 4816 οὐκ
2817 4761 3019 4831 ἐσίγων
3051 4764 3110 4817 ἐν
3130 4764 3347 4837 καμίνῳ
3368 4765 3464 4818 καὶ
3495 4766 3555 4821 ἐν
3583 4764 3745 4838 πυρί·
3790 4768 3892 4822 καὶ

2298 4852 2460 4922 ἡμεῖς
2494 4851 2597 4903 οὐκ
2620 4845 2992 4921 αἰσχυνόμεθα
3022 4848 3324 4916 σιγῶντεςς
3367 4848 3599 4920 Ἴδωμεν
3647 4844 3742 4902 οῦν
3790 4853 3891 4904 καὶ

2297 4936 2457 4990 τοῦτο
2480 4933 2545 4987 τὸ
2582 4933 2981 5005 δεσμωτήριον.
3010 4931 3304 5001 Ἐδέθησαν
3337 4934 3436 4985 καὶ
3478 4931 3736 4995 ἐνταῦθα,
3767 4934 3889 4987 ἀλλ’

2299 5018 2502 5081 εὐθέως
2530 5016 2625 5070 καὶ¹
2662 5017 2726 5069 ἐκ
2757 5015 3064 5087 προοιμίων
3089 5013 3387 5081 ἐδείκνυτο,
3420 5016 3504 5068 ὅτι
3527 5015 3629 5068 οὑκ
3658 5015 3891 5085 ἔμελλον

2300 5103 2573 5166 καίεσθαι,
2613 5099 2728 5153 ἀλλ’
2759 5099 2835 5164 ὡς
2870 5101 2952 5163 εἰς
2983 5098 3357 5169 δεσμωτήριον
3391 5100 3640 5154 εἰσιέναι.
3676 5099 3742 5152 Τί
3776 5101 3890 5172 γάρ

2298 5185 2518 5254 δεσμεῖς
2564 5184 2693 5247 τοὺς
2751 5182 3053 5252 μέλλοντας
3109 5180 3497 5250 φλογίζεσθαις
3564 5181 3885 5251 Ἐδέθησαν,

2299 5266 2483 5330 καθὼς
2536 5265 2773 5329 Παῦλος,
2829 5265 2925 5319 καὶ
2983 5264 3151 5329 πόδας
3198 5265 3294 5318 καὶ
3341 5266 3529 5335 χεῖρας
3556 5280 3569 5295 ’
3618 5265 3889 5336 ἐδέθησαν

2303 5351 2440 5422 μετὰ
2468 5349 2726 5403 τοσούτου
2762 5346 2960 5419 θυμοῦ.
2989 5349 3100 5403 Καί
3125 5348 3234 5418 γὰρ
3268 5349 3478 5410 ἐκεῖνος
3512 5350 3591 5410 εἰς
3623 5349 3725 5418 τὴν
3749 5349 3891 5402 ἐσω-

2298 5436 2463 5506 τέραν
2516 5431 2677 5487 ἔϐαλε
2735 5430 3008 5502 φυλακὴν,
3058 5430 3153 5485 καὶ
3206 5422 3362 5494 οὗτος
3396 5429 3491 5483 ἐπὶ
3520 5430 3654 5483 πολὺ
3684 5431 3889 5501 καῆναι

2297 5519 2398 5585 τὴν
2433 5518 2666 5586 κάμινον
2689 5513 2994 5569 ἐκέλευσεν.
3027 5512 3170 5581 Ἀλλ’
3201 5512 3402 5583 ἴδωμεν
3417 5513 3486 5569 τά
3512 5514 3651 5585 μετὰ
3678 5513 3879 5569 ταῦτα.

2312 5597 2658 5666 ’Υμνούντων
2715 5597 2942 5651 ἐκείνων
2989 5596 3200 5650 ἐσείετο
3250 5595 3314 5649 τὸ
3359 5596 3758 5667 δεσμωτήριον,
3789 5597 3887 5648 καὶ

2300 5681 2653 5752 ἀνεῴχθησαν
2683 5680 2742 5733 αί
2775 5679 2937 5750 θύραι
2959 5696 2974 5712 υ
3010 5679 3105 5732 καὶ
3132 5677 3339 5733 τούτων
3374 5679 3688 5750 ὑμνούντων
3712 5679 3883 5749 ἐλύθη

2304 5768 2370 5820 τά
2404 5765 2582 5834 δεσμά
2611 5763 2836 5819 καὶτῶν
2872 5763 3050 5816 ποδῶν
3090 5763 3184 5816 καὶ
3210 5762 3320 5816 τῶν
3347 5761 3548 5833 χειρῶν
3579 5774 3592 5788 ⁶
3629 5761 3883 5833 ἀνεῴχθη

2302 5851 2363 5903 τὸ
2395 5850 2795 5921 δεσμωτήριον,
2843 5847 2937 5901 καὶ
2971 5844 3325 5916 ἀνεῴχθησαν
3355 5848 3411 5899 αἱ
3446 5846 3607 5916 θύραι
3643 5845 3744 5914 τῆς
3781 5863 3883 5898 κα-

2235 5942 2244 5951 '
2306 5933 2463 6001 μίνου
2484 5948 2496 5962 ·
2540 5932 2729 6002 δρόσος
2757 5931 2864 6001 γὰρ
2892 5929 3196 6001 πνεύματος
3222 5928 3545 5999 διεσύριζεν.
3568 5930 3705 5983 Ἀλλ’
3732 5932 3883 5999 δμως
