4140 6494
228 405 284 462 55
1081 388 1143 442 IN
1186 385 1403 442 EPIST.
1449 385 1541 438 AD
1585 379 1823 436 liPlll‘lS.
1867 380 2017 434 CAP.
2058 380 2141 433 l\'.
2191 381 2414 435 llOMlL.
2465 382 2594 436 VIII.
3431 391 3499 447 66

286 520 334 571 7.
357 515 501 571 Nunc
528 520 701 564 autem
731 506 879 561 Pauli
910 515 1115 559 catena:
1160 504 1340 558 multis
1384 502 1518 553 actis
1564 497 1781 568 gratiis,

224 614 359 666 ﬁnem
388 608 716 673 imponamus
738 598 987 662 orationi,
1007 595 1149 667 quod
1169 604 1274 650 tam
1308 593 1599 648 multorum
1632 590 1785 644 nobis

222 705 452 756 bonorum
481 694 639 749 fuerit
664 705 821 746 causa
848 731 864 756 ,
894 705 1016 743 cum
1048 702 1146 742 vos
1172 685 1544 756 rogaverimus
1586 691 1643 735 ut
1678 696 1786 735 non

217 794 367 849 solum
395 804 496 844 non
528 802 669 855 argre
696 783 980 849 feratis,.si
1012 780 1139 851 quid
1169 779 1312 848 passi
1336 776 1547 832 fueritis
1568 783 1788 844 propter

216 886 495 945 Christum,
532 877 629 933 sed
679 876 844 931 etiam
897 870 1179 942 gaudeatis
1225 870 1365 925 sicut
1416 866 1683 937 apostoli,
1734 874 1789 917 et

218 972 482 1049 gloriemini
511 1011 525 1035 ,
560 979 616 1023 ut
642 967 859 1023 dicebat
882 964 1112 1029 Paulus,
1141 960 1508 1015 Lubentissime
1533 956 1789 1029 gloriabor

222 1073 261 1122 in
293 1062 653 1134 inﬁrmitatibus
688 1060 836 1114 meis.
867 1059 1159 1127 Propterea
1186 1054 1425 1121 audivit,
1459 1051 1657 1121 Sufﬁcit
1700 1051 1788 1103 tibi

220 1160 355 1232 gratia
390 1172 495 1209 mea
526 1153 619 1227 (2.
650 1151 776 1207 Cor.
809 1150 897 1205 η.
933 1149 1021 1219 9).
1055 1147 1253 1202 Paulus
1282 1144 1543 1216 gloriatur
1569 1151 1789 1214 propter

218 1251 391 1305 vincula
419 1290 434 1314 ,
478 1257 529 1301 et
555 1257 608 1300 tu
639 1254 869 1314 propter
908 1240 1126 1296 divitias
1151 1239 1317 1294 altum
1349 1237 1531 1307 sapis?
1559 1235 1787 1304 apostoli

213 1341 483 1413 gaudebant
510 1337 653 1406 quod
685 1335 833 1406 digni
865 1342 1049 1389 essent
1078 1331 1243 1386 habiti
1284 1329 1375 1399 qui
1404 1327 1584 1397 ﬂagris
1608 1325 1788 1381 caade-

214 1448 402 1501 rentur,
447 1443 499 1488 et
541 1443 595 1486 tu
647 1432 821 1486 otium
867 1428 1067 1501 quaeris
1106 1435 1161 1482 et
1207 1423 1468 1481 delicias?
1506 1419 1788 1492 Quomodo

212 1544 321 1599 ergo
341 1530 410 1582 vis
435 1526 621 1581 eadem
655 1540 778 1595 qum
806 1523 884 1578 illi
915 1519 1213 1590 consequi,
1258 1533 1380 1575 cum
1414 1518 1501 1573 hic
1526 1515 1788 1586 gradieris

212 1623 280 1675 via
304 1623 373 1675 eis
407 1615 713 1673 contraria?
743 1614 814 1668 Et
860 1630 1025 1678 nunc,
1066 1611 1275 1682 inquit,
1325 1609 1456 1664 vado
1492 1610 1546 1662 in
1572 1607 1789 1662 Jerusa-

215 1714 295 1767 lem
316 1711 538 1779 alligatus
588 1708 810 1777 spiritu,
871 1720 984 1775 qua:
1035 1704 1092 1757 in
1141 1719 1200 1757 ea
1244 1712 1457 1756 uentura
1499 1699 1624 1753 mihi
1673 1706 1789 1753 sunt

214 1807 421 1875 ignorans
443 1818 460 1855 :
481 1801 577 1854 nisi
600 1798 747 1869 quod
780 1797 1013 1868 Spiritus
1040 1803 1248 1849 sanctus
1273 1809 1362 1864 per
1384 1808 1581 1846 omnem
1606 1791 1784 1844 ciuita-

215 1904 295 1946 tem
316 1892 424 1945 mihi
447 1898 760 1959 protestatnr
798 1887 972 1940 dicens
992 1925 1007 1950 ,
1038 1884 1176 1955 quod
1202 1883 1408 1937 vincula
1431 1892 1479 1936 et
1503 1880 1787 1935 tribulatio-

215 2003 291 2039 nes
329 2000 397 2036 me
442 1990 640 2035 manent
701 1980 850 2051 (Act.
874 1976 970 2035 20.
996 1976 1088 2030 9.2.
1137 1972 1263 2047 25).
1306 1974 1417 2028 Cur
1441 1986 1572 2044 ergo
1602 1970 1782 2036 vadis,

217 2079 255 2130 si
296 2076 472 2129 vincula
525 2084 579 2129 et
620 2071 955 2127 afﬂictiones
1006 2080 1057 2124 te
1111 2067 1369 2122 manent?
1411 2066 1638 2135 Propter
1683 2063 1785 2118 hoc

216 2170 359 2237 ipsum
418 2174 469 2219 ut
527 2164 743 2219 vinciar
806 2170 1028 2233 propter
1080 2159 1391 2225 Christum,
1464 2165 1519 2211 ut
1588 2156 1787 2210 moriar

208 2270 398 2330 propter
426 2259 617 2327 ipsum.
652 2255 773 2311 Non
824 2256 1001 2310 solum
1045 2253 1189 2307 enim
1243 2260 1458 2321 paratus
1501 2264 1619 2304 sum
1664 2249 1781 2302 vin-

205 2351 289 2406 ciri
311 2392 325 2416 ,
353 2349 440 2404 sed
471 2349 636 2404 etiam
670 2346 809 2402 mori
838 2361 936 2416 pro
968 2343 1188 2399 nomine
1218 2341 1429 2396 Domini
1458 2339 1628 2395 nostri
1658 2338 1783 2394 Jesu

202 2441 396 2496 Christi.

265 2530 441 2585 Paulus
465 2530 517 2584 in
538 2528 768 2584 vinculis
798 2537 846 2581 et
883 2525 1033 2581 malis
1071 2523 1410 2596 gloriabatur.
1436 2551 1510 2562 —
1533 2520 1675 2576 Nihil
1704 2531 1786 2575 est

201 2624 274 2676 illa
294 2625 452 2677 anima
483 2622 724 2677 beatius.
760 2620 817 2674 In
845 2617 1166 2688 quibusnam
1191 2612 1488 2686 gloriatur?
1510 2613 1566 2667 In
1600 2613 1786 2667 vincu-

200 2716 282 2782 lis,
306 2717 354 2771 in
396 2714 791 2770 afﬂictionibus
815 2754 829 2779 ,
865 2713 915 2766 in
947 2721 1137 2766 catena
1158 2751 1174 2777 ,
1204 2710 1257 2764 in
1280 2706 1641 2779 stigmatibus.
1675 2705 1785 2775 Ego

201 2809 407 2878 stigmata
459 2806 673 2862 Domini
718 2804 848 2859 Iesu
892 2802 1086 2858 Christi
1125 2802 1179 2855 in
1219 2815 1433 2870 corpore
1474 2813 1586 2852 meo
1639 2806 1785 2866 porto

204 2898 337 2967 (Gal.
365 2900 415 2954 6.
449 2899 583 2971 17),
617 2908 902 2967 tamquam
944 2908 1198 2965 magnum
1242 2890 1457 2962 aliquod
1490 2900 1782 2959 tropaeum;

200 3008 242 3044 et
263 3007 456 3057 rursus,
488 2991 720 3062 PrOpter
743 2987 940 3052 Israel,
968 2985 1159 3058 inquit,
1186 2993 1365 3038 catena
1382 2985 1477 3037 hac
1493 2982 1782 3036 circumda-

200 3093 263 3138 tus
300 3100 404 3137 sum
452 3083 472 3154 (
496 3084 611 3137 Act.
657 3081 755 3136 28.
782 3080 856 3134 20
878 3080 931 3149 );
960 3088 1015 3134 et
1044 3092 1235 3133 rursus
1266 3094 1279 3131 :
1313 3075 1379 3130 In
1410 3093 1509 3145 quo
1538 3074 1787 3145 legatione

200 3180 360 3248 fungar
382 3178 433 3230 in
483 3187 671 3230 catena
720 3173 894 3245 (Eph.
943 3172 998 3228 6.
1051 3170 1123 3226 20
1141 3169 1181 3241 ).
1216 3168 1355 3237 Quid
1380 3168 1482 3223 hoc
1507 3183 1638 3238 ergo
1664 3169 1785 3223 est?

199 3285 287 3323 non
314 3279 361 3325 te
397 3270 594 3340 pudet?
626 3283 741 3322 non
781 3264 1128 3330 extimescis,
1176 3271 1344 3318 totum
1392 3260 1578 3316 orbein
1628 3271 1786 3316 terra:

201 3361 385 3416 vinctus
425 3359 800 3417 circumiens?
828 3373 935 3413 non
966 3356 1161 3412 metuis
1188 3370 1257 3410 ne
1282 3354 1403 3425 quis
1436 3354 1603 3408 Deum
1637 3365 1783 3407 tuum

194 3453 823 3511 accusetimbccillitatis?
849 3468 917 3506 ne
939 3451 1058 3521 quis
1082 3458 1368 3520 propterea
1393 3463 1498 3501 non
1526 3446 1785 3500 accedat?

196 3547 294 3601 Non
318 3558 469 3613 sunt,
526 3546 746 3616 inquit,
796 3543 919 3597 talia
949 3556 1069 3597 mea
1108 3540 1319 3595 vincula
1356 3557 1368 3592 :
1400 3539 1577 3594 sciunt
1623 3539 1784 3592 etiam

196 3641 448 3707 sulendere
475 3642 527 3694 in
551 3639 699 3693 aulis
726 3652 938 3707 regum.
964 3634 1050 3688 Ita
1081 3645 1134 3688 ut
1162 3634 1365 3688 vincula
1394 3649 1507 3686 mea
1531 3674 1545 3698 ,
1577 3632 1781 3701 inquit,

198 3733 435 3800 manifesta
462 3733 652 3800 ﬁerem
681 3731 735 3783 in
762 3729 902 3782 omni
931 3727 1193 3797 praetorio,
1216 3736 1263 3777 et
1294 3725 1465 3794 plures
1493 3741 1519 3777 e
1543 3724 1787 3794 fratribus

195 3825 238 3878 in
266 3823 473 3879 Domino
517 3823 844 3892 conﬁdentes
890 3821 942 3874 in
995 3819 1212 3874 vinculis
1255 3820 1400 3882 meis,
1445 3817 1787 3871 abundantius

197 3922 411 3973 auderent
451 3921 561 3973 sine
596 3918 782 3970 timore
810 3913 1012 3968 verbum
1059 3910 1157 3965 Dei
1211 3910 1349 3981 loqui
1402 3908 1677 3981 (Philipp.
1732 3910 1783 3962 l.

196 4013 271 4068 13.
301 4014 414 4083 14).
447 4011 643 4066 Viden‘
664 4007 1003 4063 vinculorum
1044 4005 1151 4059 vim
1184 4004 1385 4073 magis,
1426 4018 1585 4073 quam
1619 4004 1670 4057 in
1705 4016 1789 4057 rc-

196 4107 506 4162 surrcctione
537 4099 930 4159 mortuorum?
957 4099 1203 4154 Vinctum
1232 4096 1503 4160 viderunt,
1539 4104 1593 4150 et
1619 4095 1788 4166 magis

196 4198 466 4252 Conlidunl.
503 4196 612 4253 Ubi
662 4196 808 4249 enim
847 4200 974 4246 sunt
1018 4189 1267 4253 vincula,
1316 4186 1425 4241 illic
1471 4202 1686 4257 quoque
1732 4195 1790 4240 ut

194 4292 351 4358 magni
379 4289 581 4359 aliquid
616 4288 817 4340 factum
858 4283 929 4338 sit
972 4296 1195 4336 necesse
1235 4288 1318 4333 est
1348 4296 1362 4332 :
1398 4279 1485 4332 ubi
1529 4278 1784 4343 afﬂictio,

198 4382 290 4435 illic
315 4396 524 4452 quoque
550 4377 784 4434 omnino
814 4384 897 4432 est
935 4374 1081 4430 salus
1103 4415 1118 4437 ,
1177 4371 1399 4427 omnino
1435 4372 1544 4426 illic
1593 4380 1675 4425 est
1704 4386 1790 4425 re-

197 4475 407 4540 laxatio,
464 4473 581 4528 illic
631 4470 856 4525 omnino
908 4477 1034 4523 sunt
1086 4466 1343 4537 praeclara
1386 4475 1439 4519 et
1481 4480 1546 4519 ex
1592 4464 1790 4519 virtute

196 4575 330 4632 gesta
360 4563 627 4618 facinora.
652 4560 788 4615 Nam
833 4558 1080 4613 diabolus
1133 4554 1348 4626 quando
1396 4555 1785 4621 calcitraret-it,

198 4666 308 4709 tunc
360 4653 553 4709 feritur
605 4670 622 4708 :
676 4650 893 4722 quando
940 4647 1177 4703 vinxerit
1234 4646 1325 4700 Dei
1392 4658 1608 4710 servos,
1665 4653 1791 4698 tunc

153 4795 157 4797 .
197 4747 410 4800 maxime
437 4746 643 4800 crescit
664 4741 910 4798 verbum.
945 4739 1077 4795 Vide
1096 4748 1277 4792 autem
1303 4739 1406 4791 hoc
1432 4736 1629 4805 ubique
1651 4735 1786 4790 fieri.

198 4836 399 4890 Vinetus
428 4837 560 4900 fuit,
592 4843 650 4889 et
680 4833 797 4887 haec
820 4831 946 4886 fecit
982 4831 1035 4885 in
1076 4843 1296 4884 carcere
1321 4845 1334 4880 :
1361 4826 1428 4881 In
1454 4830 1584 4897 ipsis
1604 4828 1745 4882 enim
1772 4870 1787 4895 ,

200 4932 370 4997 inquit,
394 4928 619 4981 vinculis
640 4925 761 4978 meis
779 4927 799 4994 (
819 4922 958 4977 Ibid.
990 4922 1040 4975 vl.
1070 4920 1162 4991 7).
1198 4920 1421 4974 Vinctus
1446 4916 1546 4973 fuit
1574 4918 1787 4984 Romae,

200 5029 246 5073 et
267 5020 437 5089 plures
468 5018 688 5073 induxit
718 5033 733 5070 :
763 5030 870 5069 non
901 5013 1046 5069 enim
1095 5014 1210 5082 ipse
1251 5010 1398 5066 solus
1448 5009 1751 5065 conﬁdebat
1774 5051 1788 5075 ,

202 5111 283 5163 sed
307 5113 463 5166 etiam
486 5110 581 5164 alii
614 5107 770 5163 multi
801 5121 895 5176 per
936 5107 1131 5175 ipsum.
1188 5102 1413 5158 Vinctus
1440 5103 1536 5156 fuit
1576 5101 1793 5157 Jeroso—

202 5202 364 5271 lymis,
396 5213 447 5257 et
471 5202 695 5256 vinctus
720 5199 1051 5254 concionans
1099 5210 1279 5267 regem
1323 5193 1711 5264 obstupefecit,
1740 5203 1794 5249 ct

205 5297 377 5351 timore
420 5295 607 5350 affecit
659 5290 975 5363 praefectum
1008 5307 1021 5343 :
1054 5304 1176 5343 nam
1232 5288 1427 5342 timore
1479 5287 1788 5357 perculsus,

204 5405 311 5441 cum
339 5388 608 5450 absolvit;
646 5398 746 5440 nec
768 5398 891 5438 eum
919 5380 1011 5451 qui
1046 5383 1289 5434 vinxerat
1321 5377 1512 5447 puduit
1554 5392 1585 5431 a
1615 5377 1794 5430 vincto

205 5479 394 5534 discere
414 5480 483 5534 de
508 5476 727 5531 futuris.
765 5472 990 5528 Vinctus
1035 5470 1353 5540 navigabat,
1390 5478 1444 5522 et
1472 5467 1634 5522 solvit
1659 5483 1793 5521 nau-

206 5568 445 5638 fragium,
477 5579 535 5625 et
555 5569 729 5623 vinxit
757 5572 1154 5635 tempestatem.
1180 5562 1315 5616 Cum
1357 5570 1502 5616 esset
1533 5561 1585 5614 in
1613 5562 1796 5615 vincu-

207 5657 264 5710 lis
286 5701 299 5723 ,
326 5662 475 5714 illum
505 5660 683 5730 tetigit
712 5657 883 5711 bestia
910 5696 925 5722 ,
958 5664 1010 5710 et
1039 5669 1105 5709 co
1149 5654 1370 5708 minime
1415 5652 1543 5706 heso
1580 5651 1791 5705 cecidit.

210 5749 413 5807 Vinctus
461 5761 549 5807 est
594 5751 782 5806 Roma:
809 5788 825 5814 ,
851 5758 906 5803 et
939 5748 1147 5803 vinctus
1187 5745 1540 5799 concionatus
1578 5744 1797 5797 attraxit

1902 498 2319 552 inutnnerabiles
2340 541 2352 561 ,
2386 514 2494 569 pra)
2521 502 2771 555 omnibus
2799 503 2901 557 hoc
2947 505 3121 575 ipsum
3152 522 3493 579 proponens,

1895 602 2088 655 nempe
2118 598 2384 645 catenam.

1964 679 2155 735 Contra
2176 699 2356 737 avaros
2384 695 2431 737 et
2453 686 2604 755 plura
2642 687 2862 741 habendi
2889 691 3125 759 cupidos.
3150 722 3219 733 --
3247 692 3355 749 Sed
3388 713 3493 751 non

1894 772 2018 825 licet
2045 788 2207 839 nunc,
2242 776 2435 845 inquit,
2470 778 2658 833 vinciri
2685 781 2910 836 catenis.
2934 781 3039 837 Sed
3065 783 3170 838 alia
3196 796 3277 841 est
3303 799 3494 845 catena

1892 864 1938 918 si
1988 864 2233 919 velimus.
2263 866 2519 933 Quaenam
2566 878 2744 925 autem
2798 874 2913 928 lucc
2939 877 3065 929 est?
3107 876 3294 931 Manus
3322 883 3495 934 conti-

1893 971 2058 1024 nere,
2089 959 2154 1012 ad
2186 960 2463 1016 avaritiam
2488 973 2540 1017 et
2568 964 2718 1033 plura
2743 964 2976 1021 habendi
3012 970 3362 1039 cupiditatem
3386 989 3493 1027 non

1893 1064 2015 1104 esse
2045 1062 2281 1117 paratos.
2325 1052 2451 1107 Haec
2480 1064 2669 1109 catena
2703 1072 2803 1111 nos
2849 1059 2995 1128 ipsos
3022 1060 3320 1117 vinciamus
3353 1081 3367 1117 :
3396 1080 3496 1135 pro

1893 1141 2037 1195 ferro
2068 1142 2139 1196 sit
2186 1143 2342 1197 nobis
2375 1144 2534 1200 timor
2564 1146 2680 1201 Dei.
2713 1147 2998 1204 Solvamus
3027 1166 3158 1217 eos,
3191 1154 3281 1223 qui
3331 1156 3493 1210 vincti

1893 1242 2051 1301 sunt,
2083 1250 2113 1289 a
2160 1248 2477 1308 paupertate
2502 1280 2517 1305 ,
2558 1242 2627 1294 ab
2668 1241 2983 1299 afﬂictione.
3028 1244 3144 1300 Non
3194 1257 3321 1301 sunt
3346 1251 3494 1317 paria

1893 1330 2105 1398 aperire
2128 1340 2308 1400 portas
2328 1334 2583 1400 carceris,
2606 1344 2663 1389 et
2678 1335 2939 1390 inclusam
2956 1337 3201 1395 relaxare
3221 1341 3454 1395 animam
3478 1360 3493 1397 :

1893 1438 1999 1476 non
2033 1432 2161 1478 sunt
2186 1425 2358 1494 paria,
2390 1427 2693 1482 vinctorum
2730 1428 2946 1485 solvere
2976 1432 3189 1485 vincula
3213 1474 3228 1497 ,
3257 1442 3313 1486 ct
3358 1449 3492 1487 con-

1893 1515 2047 1583 tritos
2076 1516 2358 1572 absolvere
2384 1517 2438 1571 in
2466 1519 2809 1575 remissione.
2857 1521 2971 1578 Hoc
3002 1524 3093 1579 illo
3141 1535 3225 1581 est
3272 1526 3446 1596 majus
3476 1546 3490 1582 :

1890 1621 2014 1660 nam
2047 1607 2189 1661 illius
2215 1608 2433 1677 quidem
2462 1610 2609 1665 nulla
2638 1622 2723 1666 est
2748 1628 2958 1669 merces
2986 1618 3259 1685 preposita
3281 1660 3297 1685 ,
3331 1619 3494 1689 hujus

1890 1709 2069 1755 autem
2100 1701 2543 1759 innumerabiles.
2566 1704 2748 1777 Longa
2780 1706 2881 1763 fuit
2901 1709 3051 1764 Pauli
3072 1720 3260 1767 catena
3282 1754 3297 1777 ,
3326 1725 3381 1769 et
3401 1716 3492 1770 diu

1891 1793 2225 1864 multumque
2269 1811 2368 1850 nos
2400 1799 2568 1852 tenuit
2604 1820 2617 1855 :
2663 1811 2747 1854 est
2792 1802 2937 1857 enim
2981 1819 3166 1859 revera
3214 1807 3405 1879 longa,
3440 1822 3495 1867 et

1888 1887 2078 1955 quavis
2107 1897 2295 1943 catena
2329 1903 2490 1944 aurea
2538 1890 2840 1947 honestior.
2893 1894 3013 1966 Ipsa
3060 1898 3272 1955 vinctos
3325 1903 3491 1958 veluti

1887 1975 2117 2045 quadam
2141 1978 2387 2033 machina
2416 1979 2576 2035 trahit
2598 1981 2667 2037 ad
2697 1985 2909 2051 emtum,
2937 1996 2992 2042 et
3012 1997 3281 2060 tamquam
3302 2004 3491 2051 catena

1888 2082 2051 2122 aurea
2083 2082 2339 2139 suspensa
2366 2071 2433 2126 ad
2461 2072 2650 2128 caelum
2675 2090 2889 2132 sursum
2920 2078 3123 2136 trahit:
3153 2091 3208 2138 et
3236 2085 3381 2153 quod
3407 2098 3493 2143 est

1888 2159 2193 2216 mirandum
2216 2203 2231 2229 ,
2264 2162 2476 2219 inferne
2504 2165 2681 2221 vincta
2710 2168 2920 2225 vinctos
2942 2186 3158 2229 sursum
3188 2176 3370 2232 trahit.
3396 2180 3493 2233 At-

1887 2253 1978 2323 qui
2028 2267 2134 2308 non
2164 2264 2248 2309 est
2274 2254 2390 2310 haac
2437 2271 2616 2311 rerum
2660 2267 2889 2329 natura;
2939 2263 3035 2319 sed
3081 2267 3299 2336 quando
3350 2270 3493 2327 Deus

1887 2343 2227 2400 administrat
2255 2361 2319 2401 ac
2345 2348 2639 2417 dispensat,
2672 2366 2741 2404 ne
2772 2368 2983 2421 quatras
3010 2371 3190 2413 rerum
3218 2368 3487 2428 naturam,

1889 2450 2065 2505 neque
2091 2440 2569 2508 consequentiam,
2602 2441 2699 2496 sed
2731 2458 2853 2514 qua:
2883 2453 3012 2501 sunt
3036 2461 3199 2518 supra
3243 2459 3490 2508 naturam

1889 2532 2428 2600 ctconseqaeutiam.
2452 2533 2730 2588 Discantus
2757 2535 2810 2589 in
2831 2535 3214 2596 aﬂlictionihus
3240 2557 3346 2599 non
3393 2546 3487 2600 de-

1883 2617 1976 2688 jiei
1995 2659 2010 2683 ,
2042 2636 2140 2674 nec
2169 2637 2310 2691 aegre
2338 2623 2496 2677 ferre.
2533 2623 2663 2679 Vide
2684 2628 2828 2682 enim
2871 2627 3013 2685 hunc
3033 2630 3285 2689 beatum:
3313 2635 3491 2707 ﬂagris

1887 2725 2061 2765 caesus
2084 2710 2260 2766 fuerat
2285 2722 2337 2767 et
2384 2714 2541 2769 valde
2567 2731 2776 2782 cwsus;
2811 2717 3009 2775 Multas
3056 2723 3200 2777 enim
3225 2766 3241 2792 ,
3289 2726 3486 2797 inquit,

1890 2801 2071 2872 plagas
2099 2803 2144 2856 ei
2169 2805 2487 2873 imponeutes
2509 2805 2661 2878 (Act.
2687 2808 2776 2863 16.
2804 2808 2908 2881 25)
2930 2828 2944 2864 :
2973 2821 3029 2867 et
3053 2814 3264 2870 vinctus
3292 2816 3487 2887 fuerat,

1889 2896 2050 2965 idque
2093 2912 2282 2952 rursus
2308 2899 2492 2964 valde;
2549 2901 2599 2954 in
2658 2902 2969 2960 interiorem
3009 2909 3154 2963 enim
3190 2912 3489 2968 custodiam

1888 3001 2011 3041 eum
2042 2987 2257 3058 injecit,
2280 2990 2443 3061 idque
2470 2993 2694 3047 firmiter
2719 3003 2773 3048 et
2795 3005 3014 3053 utesset
3034 2998 3088 3053 in
3114 3010 3247 3057 tuto.
3275 3003 3490 3060 Etcum

1888 3082 1941 3137 in
1991 3092 2097 3137 tam
2155 3084 2339 3138 multis
2388 3096 2537 3140 esset
2592 3086 3030 3157 difﬁcultatibus,
3086 3094 3263 3149 media
3294 3108 3487 3165 nocte,

1888 3174 2103 3244 quando
2130 3175 2293 3229 etiam
2322 3175 2602 3232 dormiunt
2643 3179 2735 3249 qui
2782 3181 2938 3236 valde
2981 3192 3111 3238 sunt
3156 3192 3487 3255 experrecti.

1890 3265 2144 3334 imposito
2172 3268 2333 3321 etiam
2357 3269 2549 3338 majori
2580 3270 2795 3326 vinculo
2814 3315 2828 3338 ,
2861 3289 3058 3346 nempe
3082 3292 3274 3334 somno
3292 3321 3307 3347 ,
3331 3296 3491 3336 caue-

1890 3356 2023 3411 bant
2050 3367 2105 3412 et
2135 3358 2424 3413 laudabant
2459 3360 2763 3417 Dominum.
2807 3363 2947 3431 Quid
2996 3366 3080 3421 his
3108 3369 3301 3424 animis
3329 3370 3493 3428 fuerit

1892 3449 2061 3519 magis
2089 3450 2537 3506 adamantinum?
2584 3452 2902 3523 Cogitabam
2923 3459 3064 3527 quod
3097 3463 3252 3530 pueri
3281 3478 3494 3535 quoque

1889 3540 2156 3595 canebant
2180 3542 2234 3596 in
2263 3543 2382 3613 igne
2422 3555 2475 3598 et
2507 3546 2559 3598 in
2590 3546 2805 3602 fornace
2846 3566 2860 3602 :
2890 3549 3119 3608 fortasse
3172 3558 3495 3625 reputabant

1889 3633 2153 3697 dicentes,
2182 3634 2293 3691 Nos
2324 3636 2454 3691 nihil
2478 3637 2652 3693 adhuc
2683 3640 2787 3695 tale
2811 3642 2951 3710 passi
2979 3657 3187 3701 sumus.
3212 3646 3317 3703 Sed
3345 3661 3493 3707 recte

1891 3738 1950 3779 se
1971 3738 2165 3795 gerens
2189 3729 2382 3792 oratio,
2436 3743 2536 3784 nos
2565 3730 2631 3783 ad
2661 3730 2764 3785 alia
2794 3747 2983 3790 rursus
3018 3735 3239 3793 abduxit
3279 3741 3492 3799 vincula

1893 3825 1949 3870 et
1975 3816 2143 3871 alium
2165 3833 2463 3875 carcerem.

1963 3910 2017 3966 8.
2047 3910 2183 3979 Quid
2211 3916 2405 3983 agam?
2429 3914 2550 3970 volo
2575 3925 2771 3985 tacere,
2796 3917 2891 3974 sed
2914 3935 3018 3975 non
3054 3936 3292 3992 possum.
3316 3926 3492 3982 Alium

1893 4005 2072 4059 inveni
2103 4020 2374 4061 carcerem
2406 4007 2497 4062 illo
2518 4008 2995 4081 admirabiliorem,
3030 4024 3085 4070 et
3113 4017 3201 4086 qui
3235 4019 3495 4088 majorem

1893 4094 2047 4150 aﬂ‘ert
2070 4106 2364 4167 stuporem.
2410 4097 2516 4153 Sed
2551 4115 2694 4155 nunc
2724 4100 2854 4155 mihi
2885 4106 3190 4175 exsurgite,
3225 4118 3495 4180 tamquam

1894 4203 2036 4243 nunc
2078 4189 2296 4259 incipiat
2326 4191 2521 4253 oratio,
2572 4194 2887 4263 vegetisque
2915 4211 3059 4251 nunc
3101 4200 3345 4255 accedite
3374 4207 3491 4256 ani-

1894 4281 2017 4335 mis.
2056 4281 2190 4336 Volo
2219 4293 2449 4353 emptam
2481 4284 2873 4354 interrumpere
2899 4288 3227 4356 orationem;
3260 4306 3322 4346 ea
3367 4309 3496 4348 vero

1896 4388 2001 4427 non
2035 4375 2182 4428 sinit.
2215 4373 2348 4428 Nam
2373 4384 2430 4429 ut
2458 4378 2608 4446 quis,
2635 4376 2761 4431 dum
2793 4378 2946 4447 bibit,
2980 4396 3084 4435 non
3116 4397 3304 4453 passus
3333 4384 3497 4444 fuerit

1896 4465 2253 4534 interrumpi,
2278 4466 2535 4536 quidquid
2565 4468 2613 4521 ci
2644 4469 3020 4526 renuntietur:
3053 4472 3125 4527 ita
3157 4489 3258 4545 ego
3283 4491 3497 4548 quoque

1896 4556 2237 4627 apprehenso
2288 4559 2586 4613 admirabili
2641 4562 2877 4616 carceris
2926 4563 3121 4631 poculo
3170 4581 3357 4623 eorum
3405 4573 3497 4642 qui

1896 4650 2061 4704 vincti
2089 4660 2214 4705 sunt
2244 4662 2463 4721 propter
2508 4653 2780 4709 Christum
2803 4695 2818 4722 ,
2853 4671 2958 4711 non
2997 4672 3215 4728 possum
3244 4676 3496 4733 cessare,

1897 4758 2005 4797 non
2030 4757 2249 4812 possum
2280 4743 2460 4799 silere.
2507 4743 2639 4799 Nam
2668 4746 2712 4800 si
2763 4747 2879 4817 ipse
2906 4749 2958 4802 in
3010 4764 3231 4808 carcere
3259 4763 3314 4807 et
3342 4766 3499 4813 nocte

1899 4849 2005 4889 non
2028 4834 2195 4902 siluit,
2221 4849 2321 4889 nec
2347 4834 2400 4915 in
2433 4836 2659 4905 flagellis
2696 4852 2832 4908 :ego
2857 4839 3029 4894 silebo
3055 4841 3251 4897 sedens
3278 4860 3401 4900 cum
3428 4847 3500 4902 sit

1898 4926 2014 4980 dies
2033 4964 2049 4991 ,
2078 4934 2133 4979 et
2161 4925 2213 4978 in
2246 4925 2413 4979 multo
2435 4926 2547 4980 otio
2577 4927 2799 4996 loquens
2818 4937 2872 4982 et
2892 4930 3092 4998 quiete,
3120 4945 3241 4986 cum
3269 4932 3369 4989 hoc
3392 4952 3499 4992 non

1899 5019 2207 5073 usuvenerit
2233 5019 2296 5073 iis
2326 5019 2417 5090 qui
2444 5021 2606 5074 vincti
2626 5061 2641 5088 ,
2674 5022 2765 5091 qui
2796 5020 2975 5092 ﬂagris
3014 5024 3138 5079 caesi
3167 5024 3413 5094 fuerant,
3443 5040 3498 5087 et

1902 5110 2077 5166 media
2102 5109 2296 5165 nocte?

1976 5203 2054 5258 De
2076 5204 2234 5256 tribus
2258 5204 2447 5271 pueris.
2473 5233 2543 5244 —
2563 5203 2719 5259 Pueri
2748 5219 2857 5261 non
2884 5206 3115 5262 silebant
3136 5209 3189 5263 in
3213 5208 3429 5267 fornace
3448 5224 3502 5268 et

1902 5298 2024 5365 igne
2050 5294 2226 5367 (Dan.
2258 5295 2329 5361 5)
2350 5337 2365 5361 ,
2396 5304 2451 5349 et
2477 5310 2575 5351 nos
2601 5312 2705 5350 non
2736 5298 2960 5368 pudebit
2986 5299 3185 5355 silere?
3209 5300 3503 5359 Videamus

1903 5403 2032 5458 ergo
2055 5388 2197 5442 hunc
2215 5402 2509 5443 carcerem.
2537 5389 2634 5443 llic
2658 5405 2873 5460 quoque
2901 5391 3064 5445 vincti
3087 5403 3245 5460 sunt;
3278 5395 3374 5450 sed
3396 5408 3502 5450 sta-

1905 5479 1999 5534 tim
2022 5480 2091 5534 ab
2119 5479 2342 5535 exordio
2370 5481 2761 5536 ostendebatur
2789 5481 2929 5551 quod
2954 5498 3059 5536 non
3084 5494 3267 5539 essent
3288 5488 3501 5556 urendi,

1905 5570 1999 5626 sed
2024 5572 2176 5641 quasi
2203 5572 2450 5626 intraturi
2481 5573 2532 5626 in
2555 5587 2851 5628 earccrem.
2884 5573 2993 5627 Cur
3015 5585 3193 5630 autem
3226 5593 3321 5632 eos
3351 5579 3502 5650 ligas,

1906 5666 1994 5736 qui
2026 5674 2152 5719 sunt
2191 5665 2587 5720 comburendi?
2645 5666 2817 5720 Viucti
2863 5676 3050 5734 erant,
3097 5670 3235 5724 sicut
3267 5671 3503 5740 Paulus,

1907 5755 2132 5826 pedibus
2161 5766 2215 5810 et
2241 5758 2485 5811 manibus
2519 5775 2531 5810 :
2565 5757 2730 5812 vincti
2758 5770 2912 5813 erant
2958 5776 3063 5814 non
3106 5763 3297 5818 minori
3344 5765 3421 5819 ira
3453 5779 3506 5820 et

1912 5849 2112 5905 furore.
2144 5848 2275 5903 Nam
2301 5858 2357 5904 et
2386 5850 2476 5905 ille
2503 5850 2685 5921 injecit
2726 5852 2776 5905 in
2821 5852 3132 5911 interiorem
3172 5856 3505 5918 custodiam.
