4140 6496
681 370 750 426 67
1383 366 1440 421 s.
1479 365 1756 421 JOANNIS
1793 366 2266 423 cuttvsosront
2307 370 2616 428 .uitznttar.
2658 377 3188 438 LUNSTANTINOI’.
3881 389 3941 440 ss

678 495 734 540 et
759 484 885 540 hinc
910 483 1070 552 jussit
1098 481 1250 536 valde
1277 480 1492 534 accendi
1517 478 1809 534 fornacem.
1843 480 1947 535 Sed
1988 481 2262 536 videamus

678 592 799 646 qute
815 584 939 630 sunt
958 583 1305 641 consequuta.
1327 571 1434 624 Illis
1453 571 1679 640 hymnos
1703 571 2018 625 canentilms
2037 586 2256 626 concuso

677 683 769 722 sus
794 675 878 720 est
903 680 1112 728 carcer,
1139 672 1195 716 et
1220 671 1418 730 apertae
1439 671 1565 716 sunt
1598 673 1764 731 portae
1793 680 1805 715 :
1837 673 1893 716 et
1921 662 2003 716 his
2033 661 2260 732 hymnos

675 755 991 813 canentibus
1041 754 1216 808 soluta
1255 761 1381 807 sunt
1424 752 1635 808 vincula
1669 752 1860 822 pedum
1885 762 1941 807 et
1980 768 2255 819 manuutn,

676 857 892 914 apertus
918 853 1002 900 est
1031 859 1237 911 carcer,
1277 853 1332 899 et
1357 855 1557 914 apertae
1584 855 1710 899 stmt
1756 855 1922 914 porta:
1976 847 2209 900 lorttacis
2241 862 2256 898 :

672 935 924 992 sibilabat
950 933 1098 990 enim
1140 949 1229 990 ros
1259 933 1512 1002 Spiritus.
1560 935 1934 990 Verumtamen
1966 950 2050 989 me
2089 934 2258 989 multa

671 1026 1053 1082 circumfluunt
1082 1043 1095 1079 :
1126 1025 1310 1080 nescio
1339 1023 1591 1094 quidnam
1623 1025 1850 1094 primum
1881 1025 2077 1091 dicam,
2105 1024 2259 1094 quid-

671 1134 797 1174 nam
833 1118 1127 1174 secundum
1155 1135 1168 1170 :
1203 1117 1324 1173 ideo
1350 1132 1480 1187 rogo
1497 1131 1564 1172 ne
1592 1116 1714 1186 quis
1739 1133 1768 1171 a
1795 1134 1883 1172 me
1909 1118 2086 1187 exigat
2110 1117 2257 1170 ordi-

672 1226 830 1274 nem;
857 1219 942 1264 est
969 1209 1112 1264 enim
1139 1224 1320 1264 rerum
1347 1208 1514 1263 multa
1543 1209 1810 1279 cognatio.
1833 1207 2001 1265 Saluti
2020 1218 2143 1264 sunt
2166 1208 2257 1278 qui

669 1318 793 1358 cum
811 1303 890 1358 eis
911 1303 1070 1358 vincti
1093 1301 1324 1365 fuerant,
1345 1301 1440 1358 sed
1465 1310 1640 1356 tamen
1661 1299 2000 1355 dormiebant
2022 1315 2036 1353 :
2061 1298 2146 1353 hic
2162 1314 2258 1353 au-

671 1403 780 1450 tem
798 1409 894 1463 pro
921 1394 984 1450 iis
1004 1392 1201 1462 aliquid
1225 1391 1366 1448 aliud
1388 1392 1585 1449 factum
1603 1401 1714 1448 est:
1732 1392 2001 1450 combusti
2018 1400 2141 1447 sunt
2163 1393 2254 1461 qui

670 1501 764 1542 eos
795 1483 1122 1555 injiciebant.
1147 1484 1252 1540 Sed
1282 1485 1423 1555 quod
1453 1485 1696 1542 volebam
1724 1484 1928 1551 dicere,
1951 1483 2084 1539 vidit
2097 1483 2253 1568 solu-

670 1591 753 1634 tos
782 1593 898 1641 rex,
929 1588 983 1634 et
1010 1586 1136 1632 ante
1165 1592 1260 1633 eos
1284 1575 1548 1646 procidit:
1571 1576 1704 1631 vidit
1731 1578 1957 1647 hymnos
1974 1585 2250 1642 canentes,

666 1678 722 1724 et
767 1679 992 1738 quatuor
1038 1666 1169 1723 vidit
1197 1667 1572 1734 ambulantes,
1605 1677 1659 1721 et
1701 1667 1913 1722 vocavit
1949 1681 2064 1722 eos.
2104 1666 2254 1721 Sicut

665 1775 795 1830 ergo
823 1758 1020 1814 Paulus
1043 1773 1149 1814 non
1177 1758 1470 1825 exivisset,
1504 1759 1602 1814 etsi
1635 1768 1849 1828 posset,
1873 1759 1975 1813 nisi
2002 1759 2091 1828 qui
2118 1758 2252 1827 inje-

665 1857 815 1904 cerat
841 1865 964 1904 eum
1012 1859 1290 1913 vocasset,
1320 1859 1377 1906 et
1405 1849 1680 1907 eduxisset
1708 1868 1720 1903 :
1751 1851 1822 1906 ita
1870 1865 1969 1907 nec
2013 1850 2092 1906 illi
2142 1859 2250 1906 tres

663 1939 814 2010 pueri
845 1939 1124 2007 exierunt,
1157 1939 1330 1994 donec
1359 1939 1406 1993 is
1424 1940 1514 2010 qui
1543 1939 1724 2010 injecit
1739 1939 1896 2009 jussit
1922 1940 2089 1995 exire.
2112 1939 2247 2007 Quid

655 2046 726 2086 ex
756 2029 859 2086 hoc
883 2029 1325 2086 discimusiNon
1378 2031 1632 2088 festinare
1679 2030 1748 2086 ad
1795 2046 2095 2097 aerumnas,
2150 2044 2250 2086 nec

660 2136 953 2192 properare
979 2121 1048 2176 ad
1077 2120 1434 2186 afflictiones;
1465 2137 1564 2178 nec
1592 2136 1779 2178 rursus
1805 2123 1858 2177 in
1879 2123 1959 2176 eis
1988 2137 2206 2176 manere
2225 2162 2242 2186 ,

659 2217 706 2272 si
729 2217 836 2274 sint
855 2216 945 2286 qui
967 2217 1200 2272 solvant.
1229 2215 1333 2272 Sed
1363 2215 1452 2270 ille
1478 2215 1696 2284 quidem
1719 2215 1944 2284 procidit
1961 2215 2030 2269 ad
2051 2215 2242 2284 pedes;

658 2316 873 2378 poterat
896 2308 1041 2364 enim
1067 2307 1274 2378 ingredi
1297 2307 1384 2363 ubi
1406 2317 1560 2363 erant
1579 2307 1747 2362 sancti
1779 2325 1792 2361 :
1817 2307 1903 2363 hic
1925 2319 2100 2363 autem
2122 2322 2242 2362 cum

663 2398 901 2454 venisset
923 2397 990 2454 ad
1017 2399 1252 2465 ostium,
1281 2399 1428 2454 stetit
1463 2417 1476 2454 :
1506 2414 1613 2455 non
1644 2398 1875 2453 audebat
1914 2399 2057 2452 enim
2087 2413 2241 2452 acce-

657 2490 788 2547 dere
815 2489 881 2545 ad
906 2505 1028 2548 eum
1055 2490 1147 2559 qui
1169 2490 1309 2546 intus
1326 2499 1441 2546 erat
1461 2504 1754 2555 carcerem,
1777 2505 1935 2559 quem
1965 2488 2092 2557 ipsis
2115 2502 2242 2542 con-

657 2589 931 2635 struxerat
960 2595 1056 2649 per
1083 2581 1280 2650 ignem.
1309 2578 1689 2650 Contemplare
1717 2589 1893 2633 autem
1922 2578 2102 2632 verba.
2147 2579 2241 2631 Ille

653 2673 783 2728 dicit
811 2691 823 2726 :
862 2671 1093 2739 Domini,
1125 2671 1250 2742 quid
1275 2687 1356 2724 me
1379 2680 1572 2740 Oportet
1599 2675 1766 2742 facere
1783 2711 1798 2734 ,
1825 2681 1880 2724 ut
1908 2671 2002 2723 sim
2027 2668 2241 2723 salvus?

652 2765 750 2820 llic
773 2765 861 2820 ille
882 2781 986 2820 non
1011 2779 1133 2822 cum
1173 2773 1315 2820 tanta
1341 2763 1554 2833 quidem
1583 2763 1880 2818 lmmilitate
1898 2804 1913 2831 ,
1935 2777 2120 2818 vocem
2142 2778 2236 2816 au-

651 2865 758 2909 tem
789 2856 967 2910 emisit
994 2870 1100 2912 non
1133 2855 1308 2910 minus
1331 2853 1624 2923 jucundam
1656 2871 1670 2907 :
1704 2854 1924 2917 Sidi-ac,
1969 2853 2163 2919 illisae,
2190 2861 2238 2906 et

649 2946 961 3016 Abdenago,
1006 2947 1136 3000 servi
1193 2944 1288 2998 Dei
1351 2945 1532 3000 excelsi
1552 2984 1568 3007 ,
1629 2946 1944 3015 egredimini,
1988 2955 2035 2999 et
2081 2947 2239 3020 venite

649 3036 891 3104 (Daniel.
921 3037 973 3091 '5.
1006 3052 1054 3090 ιι.
1078 3035 1203 3105 95).
1227 3036 1446 3107 Magnus
1476 3039 1685 3093 honor:
1715 3037 1864 3092 Servi
1893 3037 1989 3092 Dei
2010 3038 2194 3092 excelsi
2215 3078 2232 3105 ,

648 3127 966 3197 egredimini,
985 3136 1028 3180 et
1046 3127 1222 3181 uenite.
1241 3127 1520 3194 Quomodo
1551 3127 1912 3198 egredientur,
1937 3143 1970 3181 ο
1985 3128 2106 3182 rex?
2123 3127 2237 3183 vin-

647 3226 764 3271 ctos
786 3216 1010 3286 injecisti
1037 3217 1090 3272 in
1113 3218 1287 3287 ignem
1325 3237 1338 3272 :
1365 3227 1470 3272 tam
1494 3219 1653 3289 longo
1683 3229 1924 3290 tempore
1948 3217 2161 3272 fuerunt
2182 3219 2234 3275 in

647 3311 808 3380 igne?
838 3309 969 3364 Nam
995 3310 1040 3366 si
1072 3309 1293 3368 fuissent
1327 3310 1672 3377 adamantini,
1701 3311 1746 3365 si
1778 3310 2016 3366 materia:
2043 3312 2233 3364 metal-

647 3401 765 3454 licae
789 3440 804 3465 ,
835 3401 922 3469 qui
957 3409 1124 3457 totum
1153 3400 1300 3456 illum
1328 3401 1592 3456 canebant
1617 3400 1874 3472 hynmum
1895 3442 1909 3466 ,
1938 3417 2115 3456 annon
2141 3418 2234 3471 pe-

645 3493 898 3547 riissent‘l
927 3492 1150 3563 Propter
1173 3491 1276 3546 hoc
1304 3493 1474 3562 ipsum
1503 3493 1637 3546 salvi
1682 3492 1930 3560 fuerunt,
1961 3494 2102 3564 quod
2131 3495 2231 3566 hy-

646 3598 802 3637 mnos
827 3593 1104 3638 canerent.
1141 3582 1318 3636 Animi
1368 3596 1554 3637 eorum
1598 3581 1925 3638 alacritatem
1971 3586 2232 3640 reveritus

644 3681 729 3728 cst
753 3672 888 3744 ignis
920 3690 933 3726 :
959 3671 1220 3726 reveritus
1249 3679 1332 3726 est
1357 3672 1517 3726 etiam
1543 3672 1808 3726 canticum
1841 3672 1968 3728 illud
1996 3673 2229 3728 admira-

645 3762 754 3816 bile
781 3772 834 3815 et
865 3763 1112 3833 hymnos.
1153 3762 1435 3828 Quomodo
1463 3777 1557 3817 eos
1587 3765 1788 3818 vocas?
1815 3765 2050 3819 Primum
2071 3766 2180 3820 dixi
2211 3782 2227 3818 :

647 3849 792 3904 Servi
820 3848 916 3903 Dei
930 3852 1110 3905 excelsi
1133 3865 1152 3907 :
1175 3852 1354 3906 omnia
1385 3851 1525 3905 enim
1555 3861 1778 3919 possunt
1799 3852 1892 3908 Dei
1915 3855 2074 3908 servi.
2097 3853 2229 3908 Nam

644 3943 691 3997 si
719 3952 842 3997 sunt
870 3942 1032 4012 aliqui
1058 3943 1195 3997 servi
1219 3942 1517 4008 hominum,
1539 3951 1593 3996 ct
1624 3941 1676 3996 in
1705 3941 1864 3997 rebus
1891 3943 2098 3997 illorum
2123 3959 2230 3998 non

645 4032 905 4087 minorem
934 4032 1131 4086 habent
1157 4041 1498 4102 potestatem,
1517 4031 1799 4101 Imperium
1817 4041 1874 4087 et
1887 4032 2228 4088 administrao

645 4124 881 4190 tionem,
908 4126 1074 4179 multo
1095 4125 1264 4197 magis
1289 4125 1428 4179 servi
1450 4125 1564 4182 Dei.
1601 4123 1796 4182 Vocem
1829 4127 2007 4181 emisit
2031 4126 2228 4195 jucun-

643 4216 920 4273 dissimam
955 4232 969 4270 :
992 4216 1197 4272 sciebat
1220 4231 1280 4274 se
1300 4231 1363 4272 ea
1381 4218 1612 4272 maxime
1638 4218 1767 4287 ipsis
1791 4220 2071 4274 assentari.
2095 4219 2227 4276 Nam

642 4310 730 4376 si,
762 4319 821 4366 ut
847 4309 989 4364 servi
1040 4309 1135 4366 Dei
1167 4317 1483 4375 manerent,
1517 4310 1570 4366 in
1616 4311 1790 4380 ignem
1818 4320 1943 4368 sunt
1970 4312 2224 4382 ingressi,

646 4419 752 4458 non
779 4411 895 4460 erat
922 4403 1026 4458 alia
1047 4419 1150 4456 vox
1181 4403 1280 4460 hac
1301 4402 1588 4472 jucundior
1618 4421 1631 4458 :
1660 4418 1764 4458 non
1789 4405 1832 4458 si
1869 4419 1963 4460 eos
1987 4415 2231 4460 vocasset

644 4509 798 4565 rcges
816 4534 832 4559 ,
865 4509 970 4549 non
992 4493 1037 4548 si
1066 4492 1311 4548 dominos
1339 4493 1485 4547 orbis
1511 4501 1665 4549 terra:
1684 4534 1699 4559 ,
1731 4502 1874 4550 tanta
1905 4509 2001 4549 eos
2023 4496 2231 4550 adeeis-

643 4597 727 4642 set
747 4586 1016 4658 voluptate
1033 4626 1050 4654 ,
1080 4593 1278 4658 quanta
1300 4601 1420 4644 cum
1443 4586 1522 4642 eis
1541 4586 1707 4654 dixit,
1735 4588 1882 4643 Serui
1905 4589 2004 4643 Dei
2022 4589 2225 4646 excelsi.

645 4679 715 4736 Et
743 4680 869 4752 quid
907 4679 1159 4735 miraris?
1186 4678 1266 4734 Ad
1295 4694 1539 4749 magnam
1570 4681 1712 4735 enim
1737 4681 1955 4745 urbem,
1986 4697 2106 4751 quae
2135 4696 2227 4736 or-

642 4772 726 4829 bis
771 4782 929 4827 teme
976 4769 1254 4828 obtinebat
1297 4769 1664 4837 dominatum,
1718 4779 1774 4825 et
1813 4771 1901 4826 cui
1940 4771 2228 4826 auctoritas

642 4877 864 4933 magnos
909 4862 1136 4922 faciebat
1178 4861 1432 4931 spiritus,
1479 4862 1675 4917 Paulus
1719 4863 1958 4918 scribens
2006 4861 2108 4917 hoc
2133 4877 2229 4932 po-

641 4959 780 5023 suit,
826 4955 1050 5025 utquod
1099 4954 1341 5025 dignitati
1378 4969 1442 5010 ex
1494 4954 1791 5024 tequilibrio
1837 4954 2226 5024 restionderet,

643 5050 752 5103 imo
775 5061 904 5101 vero
934 5057 984 5101 et
1011 5045 1288 5101 consulatu
1310 5054 1364 5099 et
1390 5061 1554 5116 regno
1581 5057 1636 5101 et
1653 5047 1798 5101 orbis
1824 5056 1982 5102 terra:
2005 5047 2227 5118 imperio

641 5140 798 5208 longe
820 5136 992 5206 majus
1006 5146 1166 5206 atque
1187 5136 1324 5196 adeo
1345 5137 1832 5206 incomparabiliter
1849 5141 2022 5210 majus
2045 5153 2185 5196 esset
2207 5160 2224 5208 ;

642 5231 842 5286 Paulus
889 5244 1063 5282 servus
1112 5226 1240 5284 Iesu
1275 5228 1464 5283 Christi
1516 5228 1701 5303 (Rom.
1729 5233 1780 5284 l.
1808 5232 1831 5287 l
1859 5233 1896 5300 ).
1957 5232 2102 5286 Servi
2129 5231 2227 5286 Dei

641 5321 842 5376 excelsi.
871 5318 926 5373 Si
955 5319 1122 5384 enim,
1171 5318 1376 5388 inquit,
1408 5327 1612 5374 tantum
1657 5331 1859 5391 ponunt
1887 5323 2122 5378 studium
2169 5333 2226 5380 ut

639 5412 752 5467 sint
777 5410 954 5476 servi,
977 5409 1197 5464 omnino
1215 5409 1294 5465 eis
1323 5410 1424 5466 hoc
1453 5413 1907 5480 persuadebimus.
1941 5413 2073 5470 Vide
2097 5430 2225 5486 ergo

639 5501 800 5556 etiam
825 5515 1108 5569 puerorum
1136 5499 1384 5569 pietatem
1419 5519 1432 5554 :
1472 5516 1576 5555 non
1602 5515 2023 5558 succensuerunt
2049 5520 2223 5573 neque

638 5591 759 5646 irati
788 5599 914 5646 sunt
957 5605 1128 5660 neque
1166 5591 1632 5657 contradixerunt,
1680 5593 1774 5647 sed
1822 5595 2023 5664 egressi
2073 5603 2217 5650 sunt.

636 5681 768 5738 Nam
797 5682 843 5738 si
868 5681 1183 5753 supplicium
1213 5684 1641 5752 existimassem,
1663 5684 1802 5754 quod
1827 5685 2006 5753 iujccti
2035 5697 2216 5742 essent

639 5776 691 5833 in
720 5777 1026 5834 fornaceme
1074 5780 1505 5836 succensuissent
1535 5779 1584 5835 ci
1625 5779 1713 5848 qui
1756 5777 2008 5848 injecerat
2038 5796 2051 5834 :
2076 5794 2216 5834 mmc

2367 493 2544 576 autem
2572 486 2699 540 nihil
2731 489 2954 556 horum;
3003 495 3096 548 sed
3143 497 3211 550 ita
3257 498 3502 554 exierunt
3555 511 3822 572 tamquam
3860 512 3944 576 qui

2369 574 2638 664 prodirent
2681 595 2712 632 e
2740 581 2872 633 cmlo
2899 599 2912 635 :
2944 591 2998 636 et
3036 585 3174 648 quod
3202 585 3272 640 de
3317 588 3431 643 sole
3476 591 3606 645 dicit
3655 574 3941 664 propbrta,

2371 661 2646 731 Tamquam
2671 683 2889 734 sponsus
2915 673 3188 739 procedens
3211 691 3238 727 e
3263 677 3486 730 thalamo
3527 697 3619 733 suo
3688 661 3829 737 Psul.
3859 661 3940 742 18.

2367 752 2467 821 6),
2503 752 2604 808 hoc
2629 756 2786 810 etiam
2815 760 2905 828 qui
2924 760 2990 815 dc
3009 762 3090 816 eis
3110 764 3337 832 dixerit,
3369 782 3473 822 non
3497 771 3778 826 aberrarit.
3805 774 3921 841 Quo

2365 845 2563 900 modo?
2619 849 2713 903 Illo
2759 852 2835 904 sic
2865 855 3189 922 procedente
3242 857 3343 928 ipsi
3393 869 3520 914 tunc
3575 877 3945 930 processerunt

2363 935 2712 1004 splendidius.
2763 939 2894 994 Nam
2950 942 3064 1009 ipse
3109 945 3326 1014 quidem
3357 950 3715 1019 procedebat,
3759 955 3941 1012 urbem

2366 1034 2524 1081 terra:
2555 1027 2826 1084 illustrans
2851 1034 3033 1088 sensili
3067 1035 3295 1102 lumine,
3330 1039 3403 1093 illi
3436 1056 3562 1096 vero
3580 1042 3736 1099 aliter
3758 1047 3942 1102 orbem

2365 1123 2521 1170 terra:
2579 1117 2974 1187 illuminantes,
3032 1140 3225 1195 nempe
3273 1130 3534 1196 spirituali
3580 1133 3760 1190 modo.
3808 1135 3940 1192 Nam

2364 1217 2582 1277 propter
2610 1209 2753 1278 ipsos
2782 1227 2875 1267 rex
2906 1214 3086 1269 atatim
3117 1217 3258 1271 misit
3303 1219 3578 1276 decretmn
3599 1262 3615 1289 ,
3660 1226 3800 1295 quod
3829 1227 3943 1284 haec

2361 1299 2528 1388 verba
2554 1301 2858 1357 continebat
2881 1321 2894 1357 :
2915 1304 3232 1362 Placueruut
3253 1325 3436 1366 coram
3463 1329 3548 1370 me
3574 1315 3723 1386 signa
3746 1328 3800 1372 et
3814 1335 3938 1388 pro-

2361 1387 2523 1478 digia,
2554 1405 2674 1460 qua:
2702 1390 2826 1446 fecit
2855 1394 2994 1449 Deus
3023 1399 3178 1452 nobis
3202 1401 3412 1454 ostendi
3439 1413 3706 1473 tamquam
3751 1387 3941 1478 magna

2359 1486 2415 1530 et
2438 1477 2592 1532 fortia
2617 1478 2789 1550 (Dan.
2825 1483 2878 1537 3.
2906 1483 2994 1539 99.
3023 1486 3124 1541 too
3141 1487 3180 1556 ).
3213 1488 3470 1546 Exierunt
3495 1493 3673 1563 itaque
3707 1477 3941 1566 splendi-

2357 1569 2486 1624 dum
2511 1573 2817 1630 emittentes
2843 1577 3048 1631 radium
3069 1618 3084 1644 ,
3107 1582 3196 1649 qui
3224 1581 3375 1636 laetus
3401 1583 3616 1652 quidem
3636 1598 3753 1643 erat
3778 1592 3938 1644 etiam

2359 1659 2411 1714 in
2440 1661 2569 1729 ipsis
2594 1663 2942 1733 regionibus:
2981 1670 3212 1724 maxime
3261 1680 3436 1726 autem
3481 1684 3690 1744 poterat
3745 1679 3940 1750 ubique

2357 1751 2579 1806 extendi
2619 1768 2714 1823 per
2767 1755 2951 1812 literas
2987 1759 3192 1827 regias,
3219 1771 3272 1814 et
3311 1763 3520 1819 solvere
3548 1767 3794 1824 tenebras
3817 1786 3940 1840 qua

2356 1853 2511 1897 crant
2545 1844 2738 1914 ubique
2786 1856 3045 1903 extensze.
3098 1849 3414 1920 Egredimini
3436 1892 3452 1918 ,
3500 1865 3548 1909 et
3593 1859 3771 1914 venite.
3816 1859 3938 1915 Non

2349 1933 2510 2003 jussit
2561 1935 2835 1992 fornacem
2894 1939 3267 2010 exstinguere,
3321 1943 3415 1997 sed
3467 1944 3571 2002 hoc
3635 1949 3796 2003 etiam
3839 1966 3937 2006 eos

2353 2027 2584 2081 maxime
2615 2028 2930 2096 honoravit,
2975 2031 3114 2099 quod
3152 2032 3439 2087 crediderit
3471 2049 3566 2089 eos
3603 2051 3708 2091 non
3757 2040 3936 2095 solum

2353 2130 2511 2185 posse
2539 2117 2682 2170 intus
2705 2117 3011 2186 ambulare,
3039 2119 3134 2175 sed
3164 2120 3325 2175 etiam
3367 2138 3432 2177 eo
3469 2125 3694 2182 ardente
3730 2131 3935 2199 egredi.

2421 2208 2473 2264 9.
2507 2207 2795 2263 Videamus
2815 2221 2994 2265 autem
3024 2251 3040 2278 ,
3072 2212 3114 2264 si
3147 2211 3322 2281 placet
3353 2254 3369 2278 ,
3400 2215 3560 2269 verba
3588 2231 3802 2287 quoque
3828 2235 3930 2275 cu-

2348 2300 2517 2354 stodis
2558 2302 2793 2356 carceris
2825 2317 2839 2354 :
2873 2301 3083 2356 Domini
3114 2343 3128 2368 ,
3159 2303 3281 2372 quid
3320 2322 3398 2357 me
3426 2317 3622 2376 Oportet
3663 2313 3834 2380 facere
3880 2325 3934 2366 ut

2346 2391 2516 2444 salvus
2544 2390 2663 2457 ﬁam
2695 2389 2828 2461 (Act.
2862 2391 2949 2446 16.
2979 2392 3108 2462 50)?
3162 2393 3296 2460 Quid
3323 2396 3420 2450 hac
3449 2411 3577 2451 voce
3601 2398 3933 2466 jucundius!

2347 2481 2496 2536 Facit
2525 2483 2668 2552 ipsos
2693 2483 2913 2552 angelos
2940 2485 3157 2540 exsilire
3186 2506 3200 2540 :
3230 2497 3288 2539 ut
3315 2487 3452 2541 hanc
3477 2488 3688 2544 audiret
3718 2506 3928 2559 vocem,

2343 2588 2531 2628 servus
2555 2589 2768 2644 quoque
2796 2575 2968 2630 factus
2995 2586 3080 2632 est
3107 2578 3196 2631 Dei
3226 2578 3540 2648 Unigcnitus
3561 2599 3574 2634 :
3597 2584 3735 2636 hanc
3768 2584 3930 2639 Petro

2343 2667 2592 2721 dicebant
2619 2683 2804 2723 vocem
2831 2669 2922 2739 qui
2949 2669 3298 2726 crediderunt
3327 2671 3394 2726 ab
3423 2673 3576 2726 initio
3609 2690 3623 2728 :
3672 2675 3810 2741 Quid
3842 2681 3927 2747 fa-

2340 2760 2528 2812 ciemus
2557 2769 2613 2813 ut
2643 2759 2774 2814 salvi
2806 2761 3007 2816 simus?
3038 2761 3105 2815 Et
3128 2761 3253 2829 quid
3282 2762 3452 2817 dicit?
3480 2763 3714 2831 Credite,
3748 2776 3806 2821 et
3831 2766 3927 2821 ba-

2342 2851 2616 2919 ptizemini
2659 2852 2678 2921 (
2707 2850 2844 2905 Ibid.
2875 2851 2930 2908 2.
2957 2852 3047 2907 '57.
3082 2851 3152 2908 58
3181 2852 3220 2923 ).
3263 2852 3532 2909 Lubenter
3561 2855 3724 2910 etiam
3757 2857 3810 2910 in
3835 2873 3930 2928 ge-

2345 2941 2574 2996 hennam
2603 2943 2888 2998 cecidisset
2916 2943 3115 2998 Paulus
3139 2985 3154 3011 ,
3186 2955 3243 2998 ut
3270 2944 3409 3000 hanc
3439 2962 3624 3002 vocem
3657 2948 3872 3002 audiret
3896 2965 3944 3021 a_

2339 3032 2558 3097 ludatis,
2584 3042 2804 3103 propter
2829 3033 3153 3089 desiderium
3176 3050 3361 3090 eorum
3380 3036 3566 3091 salutis
3587 3046 3641 3091 et
3665 3037 3926 3093 obedien-

2342 3121 2449 3176 tite.
2484 3122 2618 3179 Vide
2646 3131 2867 3191 autem,
2895 3123 2975 3178 eis
3005 3124 3266 3193 permittit
3301 3133 3468 3178 totum
3500 3165 3516 3192 ,
3548 3126 3679 3180 nihil
3711 3127 3930 3183 curiose

2341 3215 2582 3285 inquirit.
2617 3213 2908 3270 Videamus
2948 3223 3125 3268 autem
3157 3231 3277 3284 qua:
3315 3224 3634 3286 sequuntur.
3674 3216 3773 3271 llic
3817 3234 3930 3273 non

2338 3305 2466 3361 dicit
2501 3326 2515 3362 :
2562 3305 2632 3362 Ut
2675 3307 2856 3362 salvus
2888 3308 3009 3362 tiam
3035 3348 3050 3373 ,
3095 3307 3190 3362 sed
3233 3309 3422 3378 quavis
3463 3323 3598 3364 voce
3629 3309 3830 3366 clarior
3873 3321 3932 3366 et

2337 3400 2637 3456 evidentior
2663 3401 2872 3455 exstitit
2898 3400 3164 3466 doctrina,
3197 3411 3254 3456 ct
3283 3402 3461 3456 statim
3492 3401 3552 3456 fit
3580 3403 3929 3472 praedicator.

2335 3489 2452 3544 Non
2479 3505 2614 3558 opus
2643 3490 2804 3546 habet
2828 3500 2889 3545 ut
2913 3491 3180 3547 catechesi
3211 3492 3517 3548 instituatur
3537 3532 3552 3557 ,
3579 3494 3718 3548 sicut
3737 3506 3931 3550 custos

2335 3583 2566 3636 carceris
2591 3598 2606 3646 ;
2636 3581 2731 3639 sed
2755 3581 2932 3652 quid?
2964 3582 3130 3636 Deum
3165 3584 3436 3652 pra-.dicat,
3467 3594 3521 3638 et
3548 3583 3746 3640 fatetur
3769 3597 3928 3656 pote-

2336 3682 2533 3726 statem
2563 3687 2578 3725 :
2613 3671 2670 3726 ln
2701 3672 2931 3728 veritate
2965 3673 3088 3727 novi
3113 3713 3128 3736 ,
3157 3673 3298 3741 quod
3331 3675 3471 3728 Deus
3496 3684 3675 3729 vester
3701 3676 3818 3745 ipse
3842 3687 3930 3731 est

2336 3763 2478 3818 Deus
2501 3763 2748 3829 deorum,
2769 3774 2824 3819 et
2853 3763 3107 3818 Dominus
3127 3765 3488 3832 dominorum,
3505 3769 3754 3835 quoniam
3775 3769 3930 3823 misit

2335 3855 2582 3924 angelum
2603 3870 2780 3920 suum,
2800 3864 2854 3909 et
2877 3855 3124 3909 liberavit
3142 3872 3236 3910 vos
3251 3872 3281 3909 a
3302 3857 3514 3912 fornace
3532 3856 3694 3930 (Dan.
3721 3859 3776 3914 3.
3802 3860 3923 3931 95).

2335 3943 2404 3999 Et
2432 3943 2560 4014 quid
2589 3945 2814 4013 postea?
2833 3945 2948 4000 Νοιι
2977 3961 3113 4000 unus
3138 3957 3320 4000 custos
3340 3949 3573 4003 carceris
3591 3989 3608 4016 ,
3636 3951 3733 4004 sed
3761 3952 3927 4006 multi

2334 4035 2604 4090 catechesi
2624 4036 2979 4092 instituuntur
2999 4052 3094 4108 per
3116 4038 3298 4092 literas
3315 4039 3510 4109 regias,
3527 4055 3623 4110 per
3637 4054 3925 4113 aspectum

2335 4142 2536 4183 rerum.
2569 4127 2704 4183 Nam
2731 4129 2870 4200 quod
2903 4145 2995 4184 rex
3025 4145 3130 4184 non
3159 4140 3302 4185 esset
3341 4131 3597 4187 mentitus
3621 4173 3634 4198 ,
3653 4136 3932 4206 'omnibus

2335 4219 2676 4288 perspicuum
2720 4229 2838 4274 erat
2867 4238 2881 4275 :
2911 4237 3015 4274 non
3055 4221 3199 4274 enim
3249 4221 3507 4277 voluisset
3539 4223 3762 4292 captivis
3806 4226 3933 4282 hace

2335 4311 2476 4367 ferre
2503 4312 2808 4367 testimonia
2833 4355 2847 4377 ,
2880 4328 3056 4382 neque
3093 4328 3187 4368 sua
3219 4311 3454 4382 dejicere
3481 4329 3544 4369 ac
3571 4314 3885 4385 deprimere
3913 4337 3927 4371 :

2335 4406 2596 4461 noluisset
2616 4414 2777 4460 tantae
2803 4407 3052 4460 amentia:
3082 4405 3326 4474 praebere
3352 4407 3685 4475 opinionem.
3715 4407 3930 4474 Quam-

2333 4495 2522 4550 obrem
2542 4536 2557 4560 ,
2585 4495 2685 4550 nisi
2715 4495 2955 4556 veritatis
2985 4496 3148 4550 nmlta
3189 4495 3378 4550 fuisset
3404 4498 3776 4566 perspicuitas,
3810 4516 3930 4556 non

2335 4585 2452 4642 lucc
2478 4587 2801 4656 scripsisset,
2826 4585 2984 4655 idque
2999 4601 3120 4640 cum
3148 4595 3254 4640 tam
3285 4586 3438 4640 multi
3462 4586 3734 4643 adessent.
3757 4589 3937 4644 Vide-

2335 4680 2403 4733 tis
2430 4688 2629 4748 quanta
2657 4677 2727 4736 sit
2767 4678 2844 4732 vis
2873 4679 3234 4744 vinculorum,
3267 4687 3467 4747 quanta
3495 4678 3664 4733 virtus
3691 4679 3934 4750 hymno-

2334 4785 2450 4824 rum
2481 4771 2573 4840 qui
2620 4779 2904 4824 cantantur
2933 4769 2985 4822 in
3021 4768 3362 4822 afﬂictione?
3398 4768 3652 4822 Animum
3687 4785 3792 4824 non
3825 4773 3934 4829 de-

2333 4863 2667 4932 Sponderunt
2719 4879 2893 4934 neque
2949 4863 3144 4933 dejecti
3203 4873 3374 4929 sunt,
3432 4863 3524 4918 sed
3582 4873 3709 4918 tunc
3762 4879 3937 4922 erant

2332 4955 2781 5023 vehementiores,
2806 4965 2932 5012 tunc
2951 4971 3136 5011 eorum
3161 4955 3258 5010 fuit
3279 4955 3449 5024 major
3465 4956 3624 5010 animi
3645 4957 3934 5015 alacritas.

2331 5049 2524 5105 Merito
2561 5052 2676 5106 hate
2716 5052 3039 5120 cogitarunt.
3073 5049 3259 5104 Restat
3297 5048 3472 5104 adhuc
3497 5065 3683 5104 unum.
3724 5049 3835 5104 Cur
3872 5053 3935 5106 in

2331 5155 2548 5195 carcere
2588 5142 2621 5194 ii
2662 5142 2752 5211 qni
2793 5141 2955 5195 vincti
2986 5149 3142 5195 erant
3171 5181 3188 5206 ,
3217 5149 3342 5195 sunt
3366 5139 3524 5195 soluti
3554 5157 3567 5202 ;
3602 5139 3656 5193 in
3700 5139 3937 5197 fornace

2331 5240 2508 5286 autem
2539 5231 2712 5286 exusti
2757 5239 2884 5286 sunt
2910 5231 2999 5300 qui
3032 5229 3385 5299 injiciebant?
3427 5229 3586 5299 Atqui
3633 5230 3940 5298 oportebat

2332 5325 2434 5381 hoc
2458 5327 2562 5395 pati
2593 5341 2773 5396 regem
2805 5343 2818 5379 :
2847 5341 3022 5396 neque
3060 5326 3202 5380 enim
3236 5334 3441 5380 tantum
3474 5336 3782 5396 peccaram,
3816 5343 3938 5383 nec

2328 5418 2417 5487 qui
2447 5417 2752 5473 vinciebant
2777 5431 2954 5486 neque
2978 5421 3065 5487 qui
3095 5417 3428 5486 injiciebant,
3461 5426 3720 5487 quantum
3753 5418 3800 5471 is
3823 5420 3935 5488 qui

2323 5509 2487 5578 jussit
2527 5508 2628 5564 hoc
2669 5509 2808 5563 fieri.
2854 5507 2964 5563 Cur
3008 5523 3138 5578 ergo
3182 5508 3256 5562 illi
3299 5508 3618 5577 perierunt?
3658 5509 3753 5562 llic
3805 5524 3936 5562 non

2331 5600 2485 5655 valde
2526 5615 2661 5669 opus
2703 5609 2786 5655 est
2834 5609 2892 5654 ut
2932 5615 3020 5654 res
3057 5608 3308 5654 accurate
3349 5600 3697 5671 disceptetur.
3743 5600 3941 5654 Erant

2328 5691 2469 5744 enim
2500 5691 2647 5759 impii
2684 5706 2698 5745 :
2729 5700 3014 5762 prepterea
3045 5690 3146 5744 hoc
3182 5691 3410 5745 consilio
3441 5691 3490 5746 id
3521 5691 3774 5760 agebatur
3800 5731 3822 5756 ,
3871 5704 3940 5744 ut

2333 5781 2704 5838 ostenderetur
2726 5790 2805 5838 vis
2827 5783 2988 5848 ignis,
3019 5792 3071 5837 et
3103 5782 3274 5854 majus
3307 5783 3458 5839 fieret
3489 5780 3830 5837 miraculum.
3867 5781 3937 5837 Si
