4140 6492
327 396 389 448 67
1153 384 1216 438 IN
1256 381 1476 439 liPlST.

325 504 491 560 πολλά
539 518 601 572 με
652 498 938 570 περιρρεῖο
1002 496 1104 548 οῦκ
1146 488 1265 548 οἶδα
1306 495 1457 546 ποῖον
1493 492 1634 546 εἴπω
1667 492 1907 563 πρῶτον,

324 600 469 653 ποῖον
496 593 550 646 δέ
574 590 847 662 δεύτερον.
899 588 992 640 Διὸ
1045 584 1374 655 παρακαλῶ,
1415 586 1490 655 μή
1536 601 1601 654 με
1634 583 1789 648 τάξιν
1820 598 1907 645 τις

320 678 614 739 άπαιτείτω
637 692 651 705 ’
686 673 859 744 πολλὴ
887 673 998 742 γὰρ
1020 674 1053 743 ἡ
1086 670 1381 739 συγγένεια
1408 669 1519 720 τῶν
1540 674 1915 740 πραγμάτων.

334 763 627 832 Ἐλύθησαν
681 761 731 811 οί
779 756 1160 826 συνδεδεμένοι
1213 754 1419 817 αὐτοῖς,
1453 753 1548 807 καὶ
1593 754 1743 824 ὅμως
1793 750 1919 806 ἐκά-

323 848 500 901 θευδον
525 861 540 876 ·
573 842 823 895 ἐνταῦθα
851 840 909 894 δέ
953 841 1076 892 ἀντὶ
1118 836 1314 892 τούτου
1343 838 1571 907 γέγονεν
1603 835 1795 907 ἐτερόν
1824 852 1877 887 τι
1899 850 1914 866 ο

322 930 667 994 κατεκάησαν
695 927 747 980 οἱ
773 924 1112 997 ἐμϐαλόντες
1139 921 1362 985 αὐτούς.
1398 921 1559 986 Ἀλλ’,
1586 922 1726 991 ὅπερ
1768 919 1918 972 ἐϐου-

321 1016 486 1086 λόμην
512 1014 711 1075 εἰπεῖν,
760 1006 869 1063 εἶδε
900 1007 1257 1077 λελυμένους,
1312 1006 1409 1058 καὶ
1444 1004 1790 1077 προσέπεσεν
1815 1002 1917 1055 a6-

320 1106 422 1163 τοῖς
446 1100 475 1151 6
506 1096 764 1167 βασιλεύς
786 1108 836 1136 α’
856 1096 1098 1166 ἤκουσεν
1143 1090 1488 1161 ὑμνούντων.
1525 1090 1621 1144 καὶ
1643 1091 1917 1158 τέσσαρας

320 1182 418 1240 εἶδε
447 1181 920 1253 περιπατοῦντας,
959 1179 1056 1233 καὶ
1102 1176 1365 1231 ἐκάλεσεν
1397 1175 1616 1239 αὐτούς.
1646 1173 1919 1243 Καθάπερ

319 1266 405 1323 οὖν
436 1269 464 1320 6
506 1265 721 1329 Παῦλος
769 1266 869 1317 ούκ
909 1261 1127 1332 ἐξῆλθε,
1162 1261 1341 1315 καίτοι
1385 1259 1707 1331 δυνάμενος,
1751 1259 1859 1321 ἕως
1890 1258 1919 1310 6

319 1352 568 1423 ἐμϐαλὼν
613 1349 875 1405 ἐκάλεσεν
906 1348 1073 1402 αὑτὸν
1125 1346 1221 1401 κα)⁵
1264 1344 1559 1416 ἐξήγαγεν,
1589 1343 1766 1407 οὕτως
1794 1342 1919 1396 οὑδέ

318 1440 363 1491 οἱ
392 1438 539 1507 τρεῖς
578 1434 771 1497 παῖδες
802 1432 1053 1503 ἐξῆλθον,
1085 1431 1192 1494 ἓως
1227 1423 1291 1483 οῦ
1317 1432 1346 1484 6
1392 1426 1649 1500 ἐμϐαλὼν
1680 1426 1918 1492 ἐξελθεῖν

319 1519 587 1573 ἐκέλευσε.
619 1517 686 1569 Τί
723 1517 831 1570 ἀπὸ
862 1516 1055 1569 τούτου
1088 1514 1501 1585 παιδευόμεθα;
1538 1513 1632 1581 Μὴ
1666 1511 1919 1565 σπεύδειν

318 1605 372 1656 ἐν
397 1604 514 1663 ταῖς
540 1600 891 1667 ἐπαγωγαῖς,
924 1598 1059 1669 μηδέ
1091 1596 1411 1665 ἐπείγεσθαι
1441 1598 1500 1649 ἐν
1527 1598 1648 1658 ταῖς
1678 1594 1915 1664 θλίψεσι,

322 1688 455 1756 μήτε
482 1684 649 1737 πάλιν
671 1682 911 1737 λυόντων
938 1681 1224 1752 ἐμμένειν.
1260 1680 1401 1732 Ἀλλ’
1436 1674 1591 1742 οὗτος
1626 1678 1726 1748 μέν
1757 1694 1921 1750 προσ.

320 1771 511 1823 έπεσε·
551 1768 652 1821 καὶ
712 1767 826 1838 γάρ
865 1764 1134 1819 εἰσελθεῖν
1181 1764 1439 1834 ἠδύνατο,
1484 1762 1617 1817 ἔνθα
1667 1757 1811 1834 ἦσαν
1870 1763 1918 1815 οί

320 1853 488 1920 ᾶγιοι·
527 1852 744 1912 ἐκεῖνος
796 1849 855 1903 δέ
900 1848 1040 1919 πρὸς
1068 1847 1166 1918 τὴν
1197 1847 1371 1918 θύραν
1413 1845 1608 1910 ἐλθὼν,
1642 1845 1775 1917 ἔστη
1798 1861 1813 1875 ο
1856 1845 1918 1897 οὐ

320 1937 420 2005 γάρ
444 1935 656 2005 ἐτόλμα
687 1932 1016 2004 προσελθεῖν
1050 1933 1131 1994 είς
1164 1932 1225 1985 τὸ
1251 1932 1632 2001 δεσμωτήριον
1661 1929 1723 1982 τὸ
1747 1928 1918 1991 ἔνδον,

324 2019 448 2089 ὅπερ
492 2018 685 2079 αὐτοῖς
734 2015 824 2069 διά
874 2014 969 2069 τοῦ
1006 2014 1182 2086 πυρὸς
1232 2014 1635 2068 κατεσκεύασε.
1673 2013 1784 2067 Καὶ
1819 2012 1920 2065 θέα

326 2120 407 2172 μοι
425 2102 488 2155 τά
510 2103 583 2173 ρή
594 2118 766 2172 ματα.
796 2094 967 2162 Οὗτός
997 2117 1151 2170 φησι,
1180 2099 1485 2166 Κύριοι,τί
1509 2114 1585 2167 με
1612 2097 1707 2150 δεῖ
1725 2096 1923 2151 ποιεῖν

322 2188 412 2246 ἵνα
442 2184 622 2239 σωθῶ
648 2201 667 2249 ;
704 2185 916 2246 ἐκεῖνος
963 2183 1026 2235 ού
1059 2180 1200 2247 μετά
1222 2180 1497 2252 τοσαύτης
1539 2181 1638 2252 μὲν
1665 2197 1921 2233 ταπεινο-

320 2265 613 2337 φροσύνης,
668 2262 772 2315 οὐκ
814 2261 1040 2314 ἔλαττον
1075 2260 1134 2313 δὲ
1188 2260 1375 2329 φωνὴν
1401 2259 1536 2330 ήδίω
1583 2260 1787 2330 ἀφῆκε,
1817 2261 1921 2312 Σε-

315 2350 479 2419 δρὰχ,
510 2347 747 2414 Μισὰκ,
787 2346 1143 2416 Ἀϐδεναγὼ,
1175 2347 1228 2399 oi
1252 2344 1463 2399 δοῦλοι
1494 2344 1601 2399 τοῦ
1629 2344 1779 2399 Θεοῦ
1818 2343 1921 2399 τοῦ

313 2436 609 2502 ὑψίστου,
650 2431 956 2496 ἐξέλθετε,
1000 2430 1101 2485 καί
1131 2428 1329 2486 δεῦτε.
1376 2428 1608 2499 Μεγάλη
1642 2429 1815 2500 τιμήο
1856 2430 1921 2480 Ol

312 2517 517 2571 δοῦλοι
574 2514 689 2569 τοῦ
739 2514 891 2569 Θεοῦ
946 2512 1054 2567 τοῦ
1112 2513 1406 2581 ὑψίστου,
1459 2511 1762 2578 ἐξέλθετε,
1819 2512 1919 2565 καί

310 2600 497 2654 δεῦτε.
550 2599 682 2663 Πῶς
722 2596 1038 2663 ἐξέλθωσιν,
1068 2589 1113 2648 ὦ
1153 2594 1418 2666 βασιλεῦ;
1479 2589 1797 2667 δεδεμένους
1832 2596 1921 2648 ἐνρ-

308 2683 501 2746 έϐαλες
526 2682 614 2753 τῷ
646 2682 806 2753 πυρὶ,
838 2680 1098 2733 τοσοῦτον
1122 2678 1477 2749 ἐνεχρόνισαν
1519 2678 1600 2749 τῷ
1629 2680 1764 2749 πυρὶ
1796 2678 1923 2749 χρόα

308 2785 436 2833 νον;
470 2768 535 2820 Εἰ
570 2766 686 2837 γάρ
715 2764 1076 2835 ἀδαμάντινοι
1130 2758 1295 2834 ἦσαν,
1324 2763 1375 2815 εί
1409 2762 1519 2832 γὰρ
1559 2761 1686 2815 ὕλαι
1719 2762 1921 2832 μεταλ-

309 2852 477 2915 λικαί,
515 2851 624 2904 καὶ
685 2849 856 2919 ὕμνον
894 2848 1149 2915 λέγοντες
1181 2847 1391 2900 ἐκεῖνον
1428 2845 1671 2909 ἅπαντα,
1718 2846 1819 2898 οὐκ
1857 2845 1923 2899 ἂν

308 2934 600 2989 ἀπώλοντο
626 2951 641 3000 ;
677 2932 779 2986 Διά
806 2931 965 2986 τοῦτο
995 2932 1097 3002 μέν
1122 2927 1217 2984 οὖν
1245 2928 1555 2997 ἐσώθησαν,
1584 2929 1667 2982 ὅτι
1695 2927 1918 2998 ὕμνουν.

320 3019 558 3091 ᾜδέσθη
616 3018 719 3089 τὴν
761 3016 1076 3090 προθυμίαν
1104 3014 1290 3067 αὐτῶν
1319 3011 1381 3065 τὸ
1414 3013 1549 3084 πῦρ,
1593 3013 1794 3084 ᾐδέσθη
1828 3012 1924 3066 καὶ

306 3104 405 3173 τὴν
434 3103 593 3174 ᾠδὴν
627 3102 728 3172 τὴν
781 3099 1109 3171 θαυμαστὴν
1140 3097 1361 3167 ἐκείνην
1389 3098 1486 3149 καὶ
1516 3098 1645 3159 τοὺς
1690 3095 1917 3167 ὕμνους.

308 3188 432 3250 Πῶς
454 3187 667 3249 αὐτοὺς
696 3185 915 3251 καλεῖς;
950 3181 1249 3254 Προλαϐὼν
1273 3175 1450 3245 εἷπον,
1480 3184 1543 3234 Ol
1576 3180 1789 3236 δοῦλοι
1815 3180 1925 3234 τοῦ

310 3271 460 3327 Θεοῦ
499 3270 621 3326 τοῦ
672 3271 981 3338 ὑψίστου·
1043 3269 1157 3330 τοῖς
1211 3265 1322 3337 γὰρ
1372 3263 1468 3318 τοῦ
1530 3263 1668 3318 Θεοῦ
1715 3264 1926 3328 δούλοις

308 3359 492 3412 πάντα
521 3354 760 3410 δυνατά.
789 3354 854 3407 Et
878 3352 989 3425 γάρ
1020 3350 1329 3423 ἀνθρώπων
1354 3350 1462 3403 είοὶ
1645 3348 1821 3403 δοῦλοί
1843 3367 1926 3401 τι-

309 3460 417 3508 νες,
456 3441 559 3496 καὶ
613 3442 673 3495 ἐν
725 3441 839 3502 τοῖς
888 3438 1121 3491 ἐκείνων
1170 3437 1270 3506 οὐχ
1305 3429 1472 3506 ἦττον
1526 3432 1773 3505 ἰσχύουσι
1832 3434 1927 3488 καὶ

309 3527 589 3598 κρατοῦσι
631 3524 728 3577 καὶ
772 3522 1176 3583 διατάττονται,
1222 3517 1401 3589 πολλῷ
1460 3517 1663 3589 μᾶλλον
1715 3518 1767 3571 οί
1830 3516 1926 3572 τοῦ

310 3608 445 3664 Θεοῦ
472 3607 688 3663 δοῦλοι.
718 3604 831 3677 Τὴν
860 3605 1090 3677 ἡδίστην
1118 3605 1304 3673 φωνὴν
1328 3602 1622 3659 ἐκάλεσεν·
1657 3601 1771 3673 ᾔδει
1797 3598 1926 3654 τού-

309 3709 387 3762 τῳ
419 3692 676 3763 μάλιστα
728 3687 1049 3742 κολακεύων
1102 3686 1324 3750 αὐτούς.
1381 3686 1445 3738 El
1478 3684 1590 3754 γάρ
1622 3684 1711 3739 ἵνα
1747 3683 1927 3738 δοῦλοι

309 3776 404 3829 τοῦ
440 3773 589 3829 Θεοῦ
626 3772 890 3845 μένωσιν,
928 3774 1008 3835 είς
1050 3770 1163 3842 πῦρ
1194 3769 1485 3842 ἐνέϐησαν,
1516 3769 1617 3823 οὐκ
1649 3764 1716 3840 ἦν
1743 3769 1929 3832 αὐτοῖς

309 3860 474 3932 έτέρα
509 3858 674 3929 φωνὴ
704 3855 913 3927 ταύτης
946 3855 1113 3927 ἡδίων
1137 3872 1150 3885 υ
1214 3854 1315 3911 οὐκ
1347 3855 1431 3915 ἂν,
1480 3855 1529 3906 εί
1558 3852 1796 3924 βασιλεῖς
1829 3852 1929 3907 αύ-

312 3944 441 4007 τοῦς
469 3940 771 4005 ἐκάλεσεν,
805 3941 909 3993 οὐκ
943 3940 1031 4005 ἂν,
1059 3939 1108 3992 εί
1137 3937 1239 4008 τῆς
1274 3937 1605 4008 οἰκουμένης
1637 3936 1925 4001 δεσπότας,

310 4025 487 4090 οὕτως
516 4026 591 4080 ἂν
628 4024 827 4088 αὐτοὺς
853 4021 1153 4095 ηὖφρανεν,
1186 4020 1261 4083 ὡς
1289 4021 1380 4073 ὅτε
1414 4016 1592 4084 εἶπεν,
1631 4022 1695 4073 Ol
1718 4018 1930 4073 δοῦλοι

313 4108 466 4165 Θεοῦ
524 4108 643 4162 τοῦ
681 4107 982 4177 ὑψίστου.
1046 4105 1157 4160 Kal
1208 4103 1262 4156 τί
1311 4101 1649 4173 θαυμάζεις;
1703 4103 1784 4173 Τῇ
1820 4103 1929 4173 γὰρ

312 4194 537 4267 μεγάλῃ
600 4192 779 4258 πόλει,
835 4192 903 4261 τῇ
962 4188 1247 4262 κρατούσῃ
1283 4186 1384 4256 τῆς
1432 4186 1783 4256 οἰκουμένης,
1834 4186 1932 4238 καὶ

313 4280 462 4350 μέγα
495 4276 786 4351 φρονούσῃ
826 4277 915 4330 ἐπ’
957 4273 1292 4344 ἀξιώμασιν,
1323 4270 1400 4334 ὼς
1434 4270 1765 4342 ἀντίρροπον
1792 4269 1932 4339 πρὸς

309 4362 497 4430 ἀξίαν,
542 4361 755 4434 μᾶλλον
783 4359 840 4413 δὲ
870 4358 1058 4428 πολλῷ
1086 4356 1276 4428 μεῖζον
1302 4354 1399 4409 καὶ
1424 4353 1776 4425 ἀσυγκρίτως
1810 4354 1931 4423 μεῖ-

308 4447 402 4513 ζον
435 4447 539 4499 καὶ
591 4443 866 4507 ὑπατείας
906 4441 1004 4496 καὶ
1033 4440 1316 4512 βασιλείας
1357 4437 1584 4508 καὶτῆς
1618 4438 1794 4507 ἀρχῆς
1829 4436 1933 4506 τῆς

309 4531 678 4603 οἰκουμένης,
715 4532 743 4582 6
776 4527 992 4589 Παῦλος
1036 4525 1198 4579 τοῦτο
1223 4523 1440 4577 τέθεικε
1470 4521 1733 4592 γράφων·
1768 4520 1933 4575 Παῦ-

309 4621 425 4683 λος
466 4614 703 4680 δοῦλος
739 4612 951 4680 Ἰησοῦ
989 4608 1276 4679 Χριστοῦ.
1310 4610 1374 4661 οι
1400 4606 1615 4661 δοῦλοι
1644 4604 1753 4660 τοῦ
1781 4604 1933 4660 Θεοῦ

309 4701 422 4755 τοῦ
471 4700 778 4767 ὑψίστου.
837 4696 901 4749 El
952 4694 1063 4765 γὰρ
1114 4690 1407 4763 τοσαύτην,
1445 4690 1604 4761 φησὶ,
1650 4688 1934 4743 ποιοῦνται

313 4783 594 4854 σπουδὴν,
629 4781 774 4835 ὥστε
808 4778 989 4833 δοῦλοι
1017 4774 1179 4839 εἶναι,
1212 4777 1434 4838 πάντως
1456 4772 1635 4844 τούτῳ
1670 4773 1935 4843 πείσομεν

315 4867 552 4930 αὐτούς.
587 4866 738 4936 Ὅρα
764 4864 948 4917 τοίνυν
971 4861 1071 4919 καὶ
1102 4860 1207 4931 τὴν
1246 4858 1537 4911 εὐλάϐειαν
1559 4856 1671 4910 τῶν
1703 4856 1934 4910 παίδων.

318 4952 441 5004 Ούκ
470 4951 905 5021 ἠγανάκτησαν,
931 4945 1057 5000 ούδέ
1089 4942 1469 5014 ὠργίσθησαν,
1501 4941 1625 4995 οὐδὲ
1658 4942 1934 5003 ἀντεῖπον,

318 5036 441 5091 ἀλλ’
483 5034 737 5105 ἐξῆλθον.
776 5033 839 5086 Εἰ
860 5033 971 5104 γάρ
999 5028 1277 5102 τιμωρίαν
1307 5028 1369 5081 τὸ
1396 5028 1632 5098 πρᾶγμα
1663 5023 1937 5095 ἐνόμιζον,

317 5122 383 5176 τὸ
408 5120 686 5190 ἐμπεσεῖν
717 5118 796 5182 εἰς
819 5117 921 5187 τὴν
946 5116 1203 5186 κάμινον,
1250 5110 1354 5165 κᾶν
1388 5110 1635 5181 ’ήλγησαν
1682 5108 1821 5178 πρὸς
1846 5106 1939 5160 τὸν

319 5203 651 5277 ἐμϐαλόντα
671 5219 685 5233 ο
746 5200 842 5255 νῦν
872 5200 930 5253 δὲ
961 5199 1115 5253 οὐδὲν
1161 5196 1393 5259 τούτων,
1418 5193 1536 5246 ἀλλ’
1568 5193 1643 5257 ὡς
1675 5191 1734 5259 ἐξ
1773 5190 1937 5245 αὑτοῦ

320 5276 625 5361 προϊόντες
668 5285 765 5339 τοῦ
809 5284 1071 5355 ούρανοῦ,
1104 5282 1249 5337 οὕτω
1276 5278 1579 5352 προῄεσαν.
1608 5276 1721 5331 Kal
1754 5276 1782 5329 ὃ
1813 5277 1942 5346 περὶ

319 5360 423 5426 τοῦ
459 5372 623 5441 ἡλίου
655 5371 825 5443 φησὶν
864 5371 894 5422 6
926 5372 1238 5442 προφήτης,
1268 5368 1352 5420 ὅτι
1389 5364 1483 5429 Ὠς
1529 5360 1793 5431 νυμφίος
1844 5360 1942 5419 ἐκ·

321 5458 750 5525 πορευόμενος
806 5455 876 5508 ἐκ
936 5451 1178 5506 παστοῦ
1218 5447 1433 5514 αὑτοῦ,
1467 5446 1629 5500 τοῦτο
1670 5446 1762 5501 καὶ
1811 5443 1944 5517 περὶ

277 5597 286 5607 ,
321 5541 545 5595 τούτων
574 5539 747 5593 εἰπών
769 5556 856 5603 τις
886 5539 989 5592 οὐκ
1017 5538 1082 5590 ἂν
1108 5536 1365 5607 ἁμάρτοι.
1400 5532 1525 5593 Πῶς
1550 5549 1565 5597 ;
1596 5530 1720 5583 Ὅτι
1750 5527 1943 5583 τούτου

322 5623 390 5693 δὴ
422 5622 529 5677 τοῦ
560 5622 735 5687 οὓτως
773 5620 1223 5693 ἐκπορευομένου
1256 5618 1457 5672 ἐκεῖνοι
1479 5615 1601 5668 τότε
1628 5612 1946 5683 λαμπρότε-

328 5724 427 5777 ρον
451 5706 872 5781 ἐξεπορεύοντο.
907 5699 1079 5768 υῦτος
1106 5704 1206 5781 μὲν
1233 5702 1343 5772 γὰρ
1369 5698 1731 5769 ἐξεπορεύετο
1746 5696 1845 5767 τὴν
1872 5697 1948 5750 οἱ-

325 5779 908 5863 κουμένηνῦφωτίζων
938 5788 1020 5859 τῷ
1050 5786 1297 5858 αἰσθητῷ
1343 5784 1504 5855 φωτὶ,
1541 5785 1741 5836 ἐκεῖνοι
1769 5781 1826 5835 δέ
1850 5779 1948 5851 τὴν

399 5944 426 6005 ξ
454 5941 790 6005 ιυγεετὶρῑοιισ
817 5954 951 5991 sacra
972 5953 1072 6005 non
1097 5938 1311 6003 legitur,
1337 5935 1473 5999 quod
1490 5940 1605 5985 ante
1632 5938 1739 5983 tres
1758 5944 1941 5994 pueros

332 6001 794 6057 Nabuchodoimsor
816 6003 1104 6067 prociderit.

1561 380 1653 435 Al)
1689 380 1935 437 EPHES.
1972 379 2126 438 CAP.
2190 384 2279 440 IV.
2325 383 2566 441 IIOMIL.
2614 382 2749 438 \‘lll.
3548 384 3618 438 68

2019 496 2349 570 οἰκουμένην
2393 497 2722 569 φωτίζοντες
2775 495 3001 566 ἑτέρως,
3038 493 3247 565 νοητῶς
3302 492 3467 563 λέγω.
3521 496 3625 548 Διὰ

2022 583 2133 653 γὰρ
2175 586 2373 649 αὐτοὺς
2418 584 2622 646 εὐθέως
2665 584 2947 652 διάταγμα
2988 580 3240 650 ἔπεμπεν
3279 578 3309 631 6
3357 578 3619 649 βασιλεὺς

2015 667 2189 720 ταῦτα
2223 668 2344 739 ἕχον
2371 671 2441 721 τά
2497 671 2746 740 ῥήματα·
2779 669 3019 737 ’Ἡρεσεν
3076 663 3324 718 ἐναντίον
3369 663 3506 730 ἐμοῦ
3553 666 3623 718 τὰ

2022 754 2228 822 σημεῖα
2258 753 2355 807 καὶ
2385 753 2453 806 τά
2502 753 2730 823 τέρατα,
2763 750 2800 805 ἃ
2851 750 3112 820 ἐποίησεν
3144 751 3172 801 6
3200 747 3333 812 Θεὸς
3377 749 3621 820 δηλωσαι

2017 836 2172 906 ἡμῖν,
2210 837 2287 900 ὡς
2342 836 2559 908 μεγάλα
2614 836 2710 889 καὶ
2767 834 3174 905 ίσχυρά.”Ωστε
3224 831 3621 903 λαμπροτέραν

2019 917 2253 991 ἐξῄεσαν
2286 920 2547 989 ἀφιέντες
2570 920 2792 980 ἀκτῖνα,
2829 916 3065 987 φαιδρὰν
3098 915 3198 987 μὲν
3232 910 3402 968 οὖσαν
3430 915 3525 967 καὶ
3562 916 3623 967 ἐν

2018 1004 2203 1067 αὐτοῖς
2234 1008 2342 1069 τοῖς
2371 1005 2616 1076 χωρίοις,
2651 1004 2890 1074 μάλιστα
2917 1002 2973 1055 δέ
3010 998 3297 1071 πανταχοῦ
3319 998 3622 1069 ἐκταθῆναι

2018 1096 2326 1168 δυναμένην
2370 1097 2456 1151 διά
2506 1096 2617 1149 τῶν
2642 1097 2999 1168 γραμμάτων
3025 1094 3138 1147 τῶν
3168 1093 3490 1163 βασιλικῶν,
3526 1092 3624 1145 καὶ

2017 1179 2180 1234 λῦσαι
2213 1180 2275 1234 τὸ
2325 1179 2606 1252 πανταχοῦ
2632 1168 2934 1249 τεταμένον
2969 1179 2999 1219 ι)
3034 1178 3248 1240 σκότος.
3286 1176 3621 1241 Ἐξέλθετε,

2018 1263 2117 1317 καί
2156 1263 2353 1319 δεῦτε.
2405 1265 2521 1318 υύκ
2549 1264 2805 1317 ἐκέλευσε
2837 1263 3031 1317 σϐέσαι
3066 1262 3166 1334 τὴν
3194 1261 3451 1331 κάμινον,
3485 1259 3623 1313 ἀλλά

2018 1349 2115 1401 καὶ
2141 1348 2319 1420 τούτῳ
2372 1348 2611 1419 μάλιστα
2642 1348 2844 1411 αὐτοὺς
2877 1347 3135 1419 ἐτίμησε,
3179 1344 3260 1415 τῷ
3299 1343 3622 1406 πιστεῦσαι,

2017 1433 2102 1485 ὅτι
2140 1432 2469 1505 δυνήσονται
2504 1431 2579 1504 μὴ
2609 1432 2772 1504 μόνον
2803 1432 2954 1485 ἔνδον
2981 1430 3336 1505 περιπατεῖν,
3367 1427 3508 1482 ἀλλά
3530 1427 3626 1481 καὶ

2019 1515 2323 1587 καιομένης
2350 1513 2611 1580 ἐξελθεῖν.

2096 1681 2327 1753 ’Ίδωμεν
2364 1682 2444 1746 δέ,
2510 1686 2559 1737 εί
2618 1683 2789 1746 δοκεῖ,
2842 1681 2939 1735 καὶ
2976 1680 3071 1735 τοῦ
3104 1677 3517 1751 δεσμοφύλακος
3552 1676 3625 1731 τά

2022 1768 2265 1838 ῥήματα.
2299 1768 2529 1836 Κύριοι,
2561 1768 2620 1821 τί
2649 1784 2727 1836 με
2770 1766 2861 1821 δεῖ
2894 1765 3115 1833 ποιεῖν,
3166 1766 3267 1819 ἵνα
3302 1761 3517 1825 σωθῶ;
3556 1761 3625 1814 Τί

2018 1850 2225 1920 ταύτης
2247 1851 2345 1921 τῆς
2367 1852 2553 1922 φωνῆς
2569 1850 2754 1923 ἧδιονς
2794 1849 2944 1919 Αὕτη
2978 1850 3214 1920 σκιρτᾷν
3235 1848 3328 1901 καὶ
3351 1846 3620 1915 ἀγγέλους

2019 1938 2193 1987 ποιεῖ’
2230 1935 2318 1988 ἴνα
2343 1934 2553 2005 ταύτην
2574 1934 2787 2005 ἀκούσῃ
2812 1933 2913 2003 τὴν
2937 1933 3145 2003 φωνὴν,
3172 1932 3268 1985 καὶ
3295 1930 3481 1993 δοῦλος
3505 1929 3629 1997 ἐγέ-

2020 2035 2142 2073 νετο
2197 2020 2225 2071 6
2266 2017 2361 2071 τοῦ
2394 2018 2531 2071 Θεοῦ
2584 2018 2899 2086 Μονογενής
2924 2033 2937 2045 ο
2992 2015 3201 2085 ταύτην
3236 2014 3374 2084 πρὸς
3407 2012 3617 2086 Πέτρον

2022 2102 2208 2170 ἔλεγον
2231 2102 2331 2173 τὴν
2363 2101 2546 2174 φωνὴν
2570 2103 2619 2154 οί
2660 2099 2815 2170 παρά
2846 2099 2946 2169 τὴν
2973 2098 3151 2168 ἀρχὴν
3181 2096 3578 2158 πιστεύσαντες
3601 2114 3614 2126 ·

2028 2188 2091 2240 Τί
2140 2185 2505 2255 ποιήσομεν,
2539 2186 2627 2239 ἵνα
2663 2184 2965 2255 σωθῶμεν;
3002 2183 3112 2235 Καὶ
3150 2181 3203 2234 τί
3230 2198 3397 2250 φησιν
3424 2180 3623 2245 αὑτός;

2022 2270 2386 2335 Πιστεύσατε,
2409 2270 2506 2324 καὶ
2542 2268 2903 2340 βαπτίσθητε.
2933 2267 3138 2329 Ἡδέως
3166 2267 3232 2319 ἂν
3260 2267 3354 2318 καὶ
3374 2266 3455 2328 εἰς
3471 2264 3626 2332 γέεν-

2021 2372 2119 2409 ναν
2153 2354 2414 2408 ἐνέπεσεν
2458 2355 2487 2406 ὁ
2540 2352 2777 2416 Παῦλος,
2821 2350 2965 2403 ὥστε
3011 2349 3222 2419 ταύτην
3257 2348 3493 2401 ἀκοῦσαι
3527 2348 3628 2417 τὴν

2022 2436 2208 2507 φωνὴν
2257 2436 2411 2501 παρά
2442 2434 2735 2500 Ἰουδαίων,
2778 2434 2845 2489 δι’
2872 2434 3179 2505 ἐπιθυμίαν
3213 2431 3494 2501 σωτηρίας
3532 2431 3628 2485 καὶ

2024 2521 2275 2592 ὑπακοῆς
2307 2521 2511 2574 αὐτῶν.
2538 2521 2682 2591 Ὅρα
2729 2519 2824 2573 δέ’
2864 2519 2926 2572 τὸ
2952 2520 3062 2572 πᾶν
3092 2518 3279 2581 αὐτοῖς
3314 2516 3629 2587 ἐπιτρέπει,

2023 2606 2177 2660 οὐδὲν
2231 2604 2685 2676 περιεργάζεται.
2724 2604 2869 2657 Ἀλλ’
2920 2602 3122 2672 ῖδωμεν
3156 2601 3223 2654 τά
3256 2602 3397 2671 μετὰ
3433 2599 3627 2653 ταῦτα.

2026 2688 2144 2761 [67]
2168 2680 2339 2752 Οὗτος
2360 2688 2424 2741 ού
2440 2687 2739 2756 λέγει,”1να
2764 2686 2946 2751 σωθῶ,
2966 2684 3104 2739 ἀλλά
3121 2684 3429 2755 τρανοτέρα
3446 2683 3629 2753 πάσης

2026 2771 2210 2841 φωνῆς
2244 2770 2396 2841 αὐτῷ
2428 2772 2461 2841 ἠ
2491 2769 2815 2823 διδασκαλία
2858 2769 3054 2838 γέγονε
3080 2783 3095 2798 ·
3150 2768 3248 2819 καὶ
3284 2766 3395 2837 γάρ
3422 2765 3628 2828 εὐθέως

2024 2856 2239 2923 γίνεται
2297 2852 2501 2925 κήρυξ.
2553 2856 2631 2908 Οὐ
2661 2854 2834 2907 δεῖται
2871 2850 3283 2921 κατηχηθῆναι,
3320 2850 3571 2921 καθάπερ
3602 2850 3632 2901 6

2022 2937 2395 3008 δεσμοφύλαξ,
2453 2938 2593 2991 ἀλλά
2646 2936 2736 3004 τί;
2794 2935 3198 3005 Ἀνακηρύττει
3225 2933 3319 2987 τὸν
3347 2933 3503 2997 Θεὸν,
3536 2933 3632 2985 καὶ

2023 3022 2281 3093 ὁμολογεῖ
2302 3022 2403 3092 τὴν
2432 3022 2668 3091 δύναμιν
2694 3038 2707 3050 °
2747 3021 2865 3074 Ἐπ’
2890 3018 3151 3092 ἀληθείας
3179 3015 3320 3085 οἶδα,
3345 3018 3429 3072 ὅτι
3455 3019 3484 3071 6
3500 3016 3633 3079 Θεὸς

2026 3108 2182 3178 ὑμῶν
2213 3108 2378 3172 αὑτός
2401 3109 2518 3160 ἐστι
2538 3105 2649 3159 τῶν
2679 3103 2818 3158 θεῶν
2838 3103 2994 3167 Θεὸς,
3030 3104 3127 3156 καὶ
3161 3102 3367 3174 Κύριος
3396 3100 3509 3155 τῶν
3535 3115 3634 3154 κυ-

2028 3191 2160 3263 ρίων
2180 3209 2193 3223 ·
2231 3193 2315 3245 ὃτι
2355 3189 2711 3256 ἐξαπέστειλε
2744 3187 2838 3241 τὸν
2858 3186 3096 3257 ἄγγελον
3120 3187 3309 3252 αὐτοῦ,
3346 3186 3440 3242 καὶ
3471 3186 3636 3255 agape-

2027 3292 2160 3329 σατο
2182 3276 2328 3345 ὑμᾶς
2359 3274 2469 3329 ἀπὸ
2484 3274 2583 3344 τῆς
2609 3272 2868 3343 καμίνου.
2896 3271 3009 3324 Kal
3030 3270 3083 3324 τί
3123 3270 3264 3343 μετά
3297 3270 3492 3334 ταῦτα;
3520 3268 3635 3337 υῦχ

2025 3355 2107 3423 εἷς
2136 3358 2507 3429 δεσμοφύλαξ,
2560 3357 2701 3412 ἀλλά
2739 3355 2931 3410 πολλοὶ
2967 3355 3340 3426 κατηχοῦνται
3386 3353 3474 3408 διὰ
3522 3352 3635 3404 τῶν

2026 3443 2379 3513 γραμμάτων
2396 3443 2506 3495 τῶν
2530 3439 2852 3512 βασιλικῶν,
2876 3438 2966 3493 διὰ
2986 3439 3087 3509 τῆς
3101 3439 3230 3503 θέας
3253 3437 3363 3492 τῶν
3378 3434 3638 3508 πραγμά-

2026 3543 2153 3580 των.
2181 3526 2305 3579 Ὅτι
2341 3525 2453 3597 γάρ
2497 3527 2601 3579 οὐκ
2635 3526 2704 3579 ἂν
2750 3522 3023 3593 ἐψεύσατο
3050 3524 3079 3576 6
3136 3522 3415 3592 βασιλεὺς,
3467 3520 3636 3575 παντί

2028 3626 2133 3662 που
2162 3608 2351 3678 δῆλονο
2382 3609 2445 3663 ού
2477 3611 2589 3680 γάρ
2609 3606 2676 3661 ἂν
2694 3606 2931 3677 ἠθέλησε
2958 3604 3190 3658 τοιαῦτα
3208 3606 3323 3665 τοῖς
3352 3602 3636 3673 αἰχμαλω-

2026 3691 2262 3747 τισθεῖσι
2288 3692 2662 3764 μαρτυρῆσαι,
2701 3690 2824 3744 οὐδὲ
2854 3689 2925 3743 τά
2952 3688 3121 3742 αὐτοῦ
3141 3686 3476 3741 καταϐαλεῖν
3494 3705 3506 3718 ·
3536 3688 3637 3741 ούκ

2030 3777 2098 3831 ἂν
2118 3774 2357 3848 ἠθέλησε
2410 3775 2686 3846 τοσαύτης
2743 3773 2932 3837 ἀνοίας
2963 3771 3126 3837 δόξαν
3156 3771 3366 3825 λαϐεῖν.
3388 3770 3554 3822 Ὥστε
3588 3769 3638 3822 εί

2032 3861 2109 3933 μὴ
2138 3860 2307 3932 πολλὴ
2337 3860 2437 3931 τῆς
2459 3858 2719 3931 ἀληθείας
2740 3859 2774 3928 ή
2799 3857 3152 3928 περιφάνεια,
3187 3855 3289 3908 οὐκ
3311 3854 3379 3908 ἂν
3409 3851 3642 3909 τοιαῦτα

2029 3945 2259 4017 ἔγραψε,
2294 3944 2392 3997 καὶ
2428 3942 2703 3997 τοσούτων
2749 3939 3058 4012 παρόντων.
3109 3939 3303 4010 Ὁρᾶτε
3346 3937 3492 4006 πόση
3529 3936 3641 3989 τῶν

2030 4029 2249 4101 δεσμῶν
2277 4029 2313 4099 ἡ
2342 4025 2611 4095 δύναμις;
2643 4025 2789 4095 πόση
2822 4023 2923 4094 τῆς
2951 4023 3230 4095 ὑμνῳδίας
3258 4021 3359 4091 τῆς
3382 4022 3440 4073 ἐν
3461 4018 3640 4088 θλίψει

2032 4116 2066 4185 ἡ
2105 4113 2293 4183 ίσχύςς
2329 4111 2446 4165 Ούκ
2474 4109 2867 4182 ἀπηγόρευσαν
2893 4107 3017 4169 ούδέ
3039 4107 3327 4168 ἀνέπεσον,
3358 4104 3495 4158 ἀλλά
3516 4104 3641 4156 τότε

2036 4197 2240 4270 μᾶλλον
2268 4191 2411 4266 ἦσαν
2446 4194 2690 4264 σφοδροὶ,
2720 4194 2843 4245 τότε
2885 4190 3089 4244 πλείων
3122 4192 3155 4260 ή
3199 4188 3502 4260 προθυμία.
3552 4187 3638 4239 Εἰ-

2032 4282 2209 4344 κότως
2230 4278 2406 4333 ταῦτα
2430 4277 2726 4332 ἐννοοῦσιν.
2774 4277 2900 4329 Ἔτι
2929 4274 2989 4328 ἐν
3022 4272 3401 4328 ὑπολείπεται.
3455 4270 3556 4323 Διά
3590 4270 3645 4323 τί

2035 4366 2095 4419 ἐν
2137 4363 2238 4437 μὲν
2258 4362 2337 4431 τῷ
2375 4360 2740 4432 δεσμωτηρίῳ
2773 4360 2824 4413 οί
2853 4358 3130 4430 δεδεμένοι
3169 4356 3465 4428 ἐλύθησαν,
3505 4356 3564 4407 ἐν
3586 4354 3643 4408 δὲ

2034 4452 2102 4520 τῇ
2142 4446 2363 4517 καμίνῳ
2408 4445 2459 4498 οί
2504 4443 2839 4515 ἐμϐαλόντες
2887 4442 3279 4512 κατεκάησαν;
3315 4439 3526 4509 ,Καίτοι
3580 4454 3645 4507 γε

2035 4532 2204 4603 ἐχρῆν
2241 4530 2333 4582 τὸν
2358 4527 2586 4598 βασιλέα
2611 4525 2773 4581 τοῦτο
2799 4525 2992 4579 παθεῖν
3019 4542 3033 4556 ο
3061 4525 3123 4578 οὐ
3156 4523 3268 4596 γάρ
3298 4522 3350 4576 οἱ
3380 4520 3648 4593 δεσμοῦν-

2035 4633 2127 4680 τες
2168 4613 2291 4668 ούδέ
2328 4616 2376 4667 οί
2424 4610 2790 4684 ἐμϐάλλοντες
2827 4609 3085 4663 τοσοῦτον
3136 4608 3409 4679 ἥμαρτον,
3449 4606 3575 4660 ὅσον
3618 4607 3651 4657 6

2037 4700 2281 4756 κελεύων
2330 4695 2492 4751 τοῦτο
2537 4694 2818 4765 γενέσθαι.
2882 4694 3044 4757 Τίνος
3081 4688 3175 4746 οῦν
3214 4691 3399 4744 ἕνεκεν
3444 4690 3650 4742 ἐκεῖνοι

2037 4783 2357 4849 ἀπώλοντο;
2405 4779 2672 4834 Ἐνταῦθα
2706 4780 2770 4832 ού
2816 4778 2990 4849 πολλή
3025 4793 3112 4838 τις
3156 4774 3315 4846 χρεία
3352 4773 3452 4843 τῆς
3486 4773 3651 4843 ἀκρι-

2041 4868 2310 4936 ϐολογίας.
2356 4864 2603 4928 Ἀσεϐεἶς
2634 4862 2744 4934 γάρ
2775 4857 2919 4934 ἦσαν
2939 4877 2953 4892 ·
2986 4860 3078 4914 διὰ
3108 4858 3269 4911 τοῦτο
3305 4855 3649 4928 ᾠκονόμητο,

2041 4954 2130 5007 ἴνα
2158 4950 2346 5022 δειχθῇ
2374 4948 2470 5003 τοῦ
2512 4947 2747 5019 πυρὸςή
2783 4945 2957 5017 ίσχὺς,
3000 4944 3097 4998 καὶ
3135 4942 3320 5014 μεῖζον
3360 4941 3421 4995 τὸ
3461 4939 3653 5010 θαῦμα

2041 5040 2291 5108 γένηται.
2337 5034 2401 5087 Et
2423 5033 2534 5103 γὰρ
2558 5032 2686 5094 τοὺς
2720 5029 2829 5095 ἔξω
2849 5028 2996 5081 οὕτω
3023 5026 3359 5095 κατέφαγεν,
3387 5022 3481 5087 οὒς
3505 5022 3654 5108 ἔνδον

2043 5107 2180 5192 εἶχε,
2214 5118 2333 5181 πῶς
2361 5116 2597 5177 ἀπαθεῖς
2625 5114 2873 5179 ἐδείκνυ;
2912 5112 3032 5166 ”Ινα
3065 5111 3200 5183 δήλη
3241 5110 3471 5192 γένηται
3500 5110 3533 5178 ἡ
3556 5107 3655 5192 τοῦ

2043 5190 2180 5259 Θεοῦ
2214 5200 2466 5271 δύναμις.
2494 5197 2607 5253 Kal
2632 5196 2826 5268 μηδεὶς
2849 5193 3204 5266 θαυμαζέτω,
3231 5195 3278 5246 εί
3310 5191 3403 5246 τὸν
3425 5190 3656 5262 βασιλέα

2045 5294 2105 5347 ἐν
2123 5286 2277 5354 τάξει
2300 5284 2394 5339 τοῦ
2420 5281 2837 5355 δεσμοφύλακος
2861 5278 3036 5351 ἔθηκα
3062 5295 3075 5309 ’
3101 5279 3163 5332 τὸ
3183 5280 3293 5347 γὰρ
3316 5277 3448 5332 αὐτὸ
3469 5276 3658 5355 εἰργά-

2048 5352 2222 5426 σατοξ
2269 5366 2441 5422 Οὐδὲν
2497 5352 2615 5435 γάρ
2648 5357 2805 5426 οὗτος
2850 5361 3062 5417 ἐκείνου
3109 5359 3499 5431 λαμπρότερος
3543 5352 3614 5428 ἦν
3639 5370 3654 5384 '

2048 5454 2340 5511 ἀπώναντο
2378 5449 2492 5523 γὰρ
2521 5448 2849 5521 ἀμφότεροι.
2897 5444 3059 5509 Ἀλλ’,
3096 5445 3236 5516 ὅπερ
3279 5443 3438 5515 ἔφην,
3473 5442 3558 5495 ὅτι
3601 5443 3661 5496 ἐν

2047 5541 2170 5603 ταῖς
2198 5536 2445 5607 θλίψεσιν
2469 5534 2624 5597 ὄντες
2657 5531 2708 5586 οἱ
2729 5530 2952 5593 δίκαιοι,
2979 5529 3104 5582 τότε
3134 5528 3373 5600 μάλιστά
3396 5527 3501 5580 τίσι
3529 5542 3663 5593 σφο-

2048 5624 2316 5696 δρότεροι,
2344 5621 2477 5674 ὅταν
2523 5620 2582 5671 ἐν
2629 5615 2849 5686 δεσμοῖς
2879 5607 3001 5669 ὦσι.
3022 5614 3097 5666 Τὸ
3140 5612 3249 5686 γάρ
3289 5611 3377 5696 διὰ
3423 5608 3664 5696 Χριστόν

2051 5693 2103 5761 τί
2137 5693 2353 5768 παθεῖν,
2387 5704 2570 5774 πάσης
2602 5697 2965 5770 παραμυθίας
2992 5696 3164 5768 ἥδιον.
3219 5693 3488 5750 Βούλεσθε
3521 5693 3660 5745 ὐπο-

2134 5928 2161 5966 5
2202 5925 2353 5989 Marg.
2392 5921 2569 5985 Sa\'i|.,
2604 5919 2884 5984 κεχυμένον,
2917 5924 2970 5968 ει
2989 5929 3127 5978 mox,
3172 5916 3262 5965 οὐκ
3286 5912 3524 5975 ἐτόλμησε
3547 5903 3660 5955 σϐέ-

2060 6005 2161 6037 σαι.
