4140 6498
533 373 603 431 (:9
1246 363 1304 418 S.
1346 361 1638 418 JUANNIS
1674 361 2165 418 CIIRYSOSTOMI
2205 362 2524 417 ARCHIEP.
2563 363 3116 419 CONSTANTINOP.
3721 373 3788 424 70

539 490 730 561 μνήσω
768 486 910 556 ὑμᾶς
949 485 1043 537 καὶ
1087 483 1276 548 ἐτέρου
1327 479 1744 549 δεσμωτηρίου;
1791 480 2112 548 Ἀναγκαῖον

533 571 642 626 ἀπὸ
673 571 774 638 τῆς
809 568 1048 629 ἁλύσεως
1075 581 1279 634 ταυτης
1312 563 1395 630 ἐφ’
1425 563 1609 633 ἕτερον
1640 563 1812 616 ἐλθεῖν
1836 565 2115 635 δεσμωτή-

535 671 672 725 ριον.
708 654 780 706 Τὸ
809 653 958 704 ποῖον
983 647 1268 718 βούλεσθες
1311 646 1371 698 τὸ
1400 645 1494 697 τοῦ
1536 646 1832 716 Ἰερεμίου;
1861 645 1893 715 ἢ
1932 647 1992 696 τὸ
2019 645 2113 696 τοῦ

546 737 785 807 Ἰωσήφ;
825 735 858 803 ἢ
900 733 961 784 τὸ
1006 731 1286 794 Ἰωάννου;
1322 728 1495 799 Χάρις
1539 731 1604 798 τῇ
1642 728 1852 781 Παύλου
1884 728 2070 780 ἁλύσει
2095 742 2108 756 ·

533 819 676 870 πόσα
698 816 899 884 ἀνέῳξε
922 813 1002 883 τῷ
1020 812 1162 882 λόγῳ
1193 812 1545 882 δεσμωτήρια
1565 829 1580 875 ς
1623 812 1696 863 Τὸ
1733 811 1976 864 Ἰωάννου
1999 810 2112 879 βού-

532 898 723 964 λεσθε;
791 897 975 967 Ἐδέθη
1021 897 1115 950 καὶ
1145 889 1298 958 οὗτος
1343 895 1472 948 ποτέ
1505 895 1594 948 διὰ
1635 894 1726 948 τὸν
1753 894 1986 964 Χριστὸν
2023 893 2115 945 καὶ

531 984 623 1038 τὸν
644 981 736 1034 τοῦ
760 980 895 1033 Θεοῦ
921 979 1103 1049 νόμον.
1158 977 1222 1031 Τί
1240 973 1363 1040 οὗν;
1395 975 1504 1046 ἆρα
1527 978 1687 1046 ήργει
1710 979 1766 1029 ἐν
1794 978 1872 1046 τῷ
1898 975 2112 1045 δεσμω-

529 1065 704 1135 τηρίῳ
733 1062 836 1128 (iw;
870 1061 991 1130 οὐχὶ
1022 1060 1078 1112 δὲ
1113 1061 1321 1113 ἐκεῖθεν
1352 1059 1574 1128 πέμψας
1616 1062 1680 1111 ἐκ
1714 1058 1806 1111 τοῦ
1834 1059 2114 1127 δεσμωτη-

534 1149 649 1218 ρίου
675 1147 826 1213 ἔλεγε
850 1147 963 1207 τοῖς
997 1143 1267 1214 μαθηταῖς
1299 1143 1486 1207 αὑτοῦ,
1531 1142 1895 1213 Πορευθέντες
1922 1143 2110 1196 εἴπατε

529 1229 610 1300 τῷ
634 1226 875 1300 Χριστῷ,
911 1226 995 1281 Σὺ
1011 1223 1111 1279 εἷό
1126 1225 1470 1294 ἐρχόμενος,
1494 1226 1530 1292 ἢ
1548 1225 1751 1294 ἕτερον
1769 1223 2110 1292 προσδοκῶο

525 1327 672 1380 μεν;
697 1311 805 1365 Καὶ
837 1311 952 1362 ἐκεῖ
980 1308 1055 1362 ὢν
1087 1308 1194 1378 ἄρα
1229 1308 1504 1361 ἐδίδασκεν
1535 1325 1548 1338 ·
1577 1309 1638 1361 ού
1666 1307 1772 1378 γάρ
1799 1307 1862 1377 δὴ
1891 1307 2106 1376 ήμέλει.

546 1393 685 1445 Ἀλλ’
721 1391 988 1464 Ἱερεμίας
1019 1392 1140 1460 οὐχ).
1175 1393 1542 1463 προεφήτευσε
1574 1391 1702 1461 περὶ
1729 1391 1822 1443 τοῦ
1858 1389 2107 1444 Βαϐυλωο

533 1475 671 1540 νίου,
716 1474 892 1529 πάντα
933 1473 1006 1527 τά
1055 1472 1220 1528 αὑτοῦ
1263 1474 1356 1528 καὶ
1379 1475 1495 1528 ἐκεῖ
1521 1473 1719 1540 ποιῶν;
1755 1473 1820 1526 Τί
1846 1473 1902 1526 δέ
1928 1476 1957 1528 ό
1995 1475 2107 1526 ἰω-

2218 480 2360 548 σήφ;
2395 481 2515 549 ούχὶ
2555 481 2912 550 τριακαίδεκα
2947 481 3039 552 ἐτη
3077 482 3467 546 ἐδέδετο;Ἀλλ’
3497 483 3644 552 ὅμως
3670 483 3790 538 ούίὺ

2213 563 2330 614 ἐκεῖ
2363 563 2464 632 τῆς
2487 563 2688 633 ἀρετῆς
2730 563 3045 618 ἐπελάθετο.
3102 566 3221 619 Ἔτι
3266 566 3380 627 ἐνὸς
3423 565 3666 626 εἰπόντες
3702 565 3787 616 δε-

2215 645 2405 713 σμοὺς,
2429 647 2854 716 καταπαύσομεν
2878 649 2970 699 τὸν
2992 649 3168 716 λόγον.
3212 649 3403 717 Ίὲδέθη
3427 650 3519 700 καὶ
3541 651 3568 701 ό
3592 650 3791 701 Δεσπό-

2211 745 2308 798 της
2335 732 2364 782 ὁ
2393 731 2677 800 ἡμέτερος,
2717 733 2744 784 δ
2774 735 2872 801 τὴν
2910 733 3232 802 οἰκουμένην
3265 731 3432 794 λύσας
3468 732 3576 784 τῶν
3609 733 3789 801 ἀμαρα-

2211 813 2510 880 τημάτων·
2542 813 2801 882 ἐδέθησαν
2848 818 3028 884 χεῖρες
3083 817 3138 867 αί
3193 816 3361 885 μυρία
3417 817 3788 885 ἐργασάμεναι

2215 894 2492 965 [68]καλά·
2517 897 2824 963 Δήσαντες
2845 897 3171 966 γάράὑτὸν,
3193 898 3376 966 φησὶν,
3396 897 3623 966 ἤγαγον
3639 899 3788 964 πρὸς

2211 977 2506 1046 Καϊάφαν.
2540 980 2649 1032 Καὶ
2683 979 2892 1032 ἐδέδετο
2924 981 2952 1031 δ
2979 980 3216 1036 τοσαῦτα
3245 981 3789 1051 θαυματουργήματα

2211 1061 2601 1132 ἐργασάμενος.
2645 1062 2828 1114 Ταῦτα
2855 1061 3181 1130 ἐννοοῦντες,
3211 1063 3479 1133 μηδέποτε
3501 1063 3788 1132 δυσχεραί-

2209 1161 2408 1214 νωμεν,
2435 1143 2570 1198 ἀλλὰ
2600 1145 2704 1198 κᾶν
2724 1145 2985 1216 δεθῶμεν,
3015 1147 3326 1217 χαίρωμενο
3359 1147 3461 1199 κᾶν
3493 1145 3568 1214 μὴ
3595 1148 3651 1198 ἐν
3673 1149 3788 1208 τοῖς

2209 1225 2426 1294 δεσμοῖς
2455 1219 2638 1295 ὦμεν,
2685 1227 2760 1289 ὡς
2797 1229 3169 1298 συνδεδεμένοι
3212 1226 3574 1297 διακεὼμεθα.
3623 1228 3788 1298 Ὁρᾷς

2210 1309 2334 1361 ὅσον
2362 1309 2563 1375 ἀγαθὸν
2603 1312 2630 1362 δ
2655 1311 2880 1381 δεσμός;
2916 1313 3104 1366 Ταῦτα
3151 1312 3328 1366 πάντα
3371 1309 3590 1371 εἰδότες,
3626 1311 3786 1380 χάριν

2209 1393 2624 1463 ἀναπέμπωμεν
2672 1396 2813 1465 ὑπὲρ
2860 1396 3077 1450 πάντων
3121 1397 3199 1468 τῷ
3249 1394 3402 1466 Θεῷ,
3459 1394 3515 1444 ἐν
3565 1391 3788 1466 Χριστῷ

2223 1473 2397 1545 Ἰησοῦ
2429 1475 2508 1547 τῷ
2535 1476 2722 1548 Κυρίῳ
2749 1477 2923 1549 ήμῶν.

2220 1739 3231 1756 ...ῃ-Μ-

1981 2041 2228 2096 ΟΜΙΛΙΑ
2279 2040 2358 2097 8⁸.

526 2222 861 2293 Παρακαλῶ
901 2218 1015 2278 οὖν
1044 2218 1199 2290 ὑμᾶς
1234 2219 1369 2289 ἐγὼ,
1416 2221 1449 2274 ό
1478 2219 1722 2289 δέσμιος
1766 2221 1836 2273 ἐν
1868 2221 2083 2287 Κυρίῳ,

597 2307 781 2372 ἀξίως
811 2303 1213 2373 περιπατῆσαι
1245 2301 1350 2370 τῆς
1388 2302 1665 2370 κλήσεως
1689 2296 1765 2370 ἧς
1788 2299 2103 2367 ἐκλήθητε,

593 2390 743 2458 μετὰ
785 2387 989 2454 πάσης
1029 2384 1593 2453 ταπεινοφροσύνης
1623 2383 1719 2436 καὶ
1748 2382 2102 2450 πραότητος,

593 2470 742 2541 μετὰ
791 2469 1235 2539 μακροθυμίας,
1299 2465 1653 2534 ἀνεχόμενοι
1705 2463 1995 2530 ἀλλήλων
2035 2463 2106 2515 ἐν

596 2555 819 2624 ἀγάπῃ,
851 2549 1292 2614 σπουδάζοντες
1333 2547 1535 2616 τηρεῖν
1562 2546 1679 2615 τὴν
1709 2546 1960 2614 ἑνότητα
2000 2544 2105 2600 τοῦ

597 2641 935 2706 πνεύματος
961 2635 1032 2688 ἐν
1059 2634 1141 2697 τῷ
1163 2632 1488 2700 συνδέσμῳ
1510 2629 1619 2698 τῆς
1643 2629 1909 2698 είρήνης.

609 2742 923 2814 Ἀπεδείχθη
948 2736 1048 2812 τῆς
1088 2741 1333 2806 ἁλύσεως
1361 2737 1456 2792 τοῦ
1485 2738 1699 2792 Παύλου
1729 2741 1763 2810 ή
1805 2741 1960 2810 ἰσχὺς
1997 2737 2096 2792 καὶ

531 2827 742 2900 μεγάλη
768 2827 863 2879 καὶ
890 2825 1136 2896 σημείων
1165 2822 1542 2893 λαμπροτέρα.
1567 2822 1644 2873 Ού
1677 2823 1856 2894 μάτην
1881 2818 1976 2877 οὖν
2012 2825 2098 2876 ἐνο

525 2911 720 2971 ταῦθα,
760 2910 836 2972 ὡς
898 2909 1070 2970 ἔοικε,
1121 2907 1326 2977 ταύτην
1375 2905 1762 2977 προϐάλλεται,
1793 2905 1914 2960 ούδέ
1952 2907 2098 2978 είκῆ,

523 2994 640 3047 ἁλλ’
663 2993 738 3055 ὼς
772 2989 1010 3062 μάλιστα
1046 2989 1114 3043 δι’
1139 2989 1310 3058 αὐτῆς
1334 2988 1696 3058 δυσωπήσων.
1719 2987 1831 3041 Καὶ
1859 2989 1913 3042 τί
1937 3006 2099 3059 φησις

527 3073 858 3142 Παρακαλῶ
903 3069 1011 3126 οὖν
1074 3071 1229 3140 ὑμᾶς
1278 3069 1412 3139 ἐγὼ,
1449 3073 1482 3122 ό
1509 3069 1756 3139 δέσμιος
1792 3072 1862 3123 ἐν
1885 3072 2100 3138 Κυρίῳ,

525 3159 709 3224 ἀξίως
757 3155 1160 3225 περιπατῆσαι
1208 3152 1320 3221 τῆς
1351 3152 1627 3218 κλήσεως
1658 3149 1734 3224 ἧς
1783 3153 2098 3222 ἐκλήθητε.

526 3241 687 3306 Πῶς;
722 3239 882 3294 Μετὰ
916 3237 1120 3304 πάσης
1146 3237 1727 3304 ταπεινοφροσύνης,
1757 3235 1906 3304 μετὰ
1922 3237 2104 3302 πραό-

524 3339 700 3390 τητος
736 3320 834 3374 καί
877 3319 1306 3388 μακροθυμίας,
1333 3319 1684 3386 ἀνεχόμενοι
1717 3318 2007 3386 ἀλλήλων
2032 3318 2104 3371 ἐν

523 3404 746 3474 ἀγάπῃ.
779 3402 891 3472 Οὐχ
921 3401 1107 3464 ἁπλῶς
1139 3401 1202 3454 τὸ
1233 3401 1454 3469 δέσμιον
1485 3396 1626 3453 εἶναι
1660 3399 1844 3464 καλὸν,
1875 3399 2012 3453 άλλὰ
2042 3401 2101 3454 τδ

523 3489 614 3541 διὰ
647 3485 905 3556 Χριστόν.
957 3483 1058 3536 Διὰ
1085 3484 1244 3536 τοῦτό
1271 3500 1458 3554 φησιν,
1504 3482 1567 3535 '0
1609 3482 1856 3552 δέσμιος
1889 3485 1958 3536 ἐν
1986 3487 2102 3536 Κυ-

517 3573 650 3637 ρίῳ,
711 3568 975 3631 τουτέστι,
1033 3568 1120 3621 διὰ
1178 3567 1434 3638 Χριστόν.
1491 3567 1658 3620 ούδέν
1710 3566 1904 3630 τούτου
1959 3562 2095 3623 ἴσον.

537 3653 697 3705 Ἀλλὰ
741 3651 942 3722 μᾶλλον
990 3651 1138 3720 ἡμᾶς
1175 3649 1442 3719 ἁποσύρει
1502 3649 1612 3701 τῶν
1655 3652 2035 3721 προκειμένων
2063 3655 2096 3721 ἡ

523 3735 712 3796 ἅλυσις
767 3735 859 3786 καὶ
922 3733 1189 3803 περισπᾷ,
1231 3733 1326 3786 καὶ
1358 3733 1670 3784 ἀντιπεσεῖν
1695 3733 1791 3801 οὐχ
1836 3733 2100 3801 ὑπομένο-

525 3834 644 3887 μεν,
677 3815 791 3868 ἀλλ’
819 3814 1094 3885 ἑλκόμεθα
1132 3815 1225 3868 καὶ
1259 3813 1504 3875 ἄκοντες,
1535 3813 1737 3883 μᾶλλον
1767 3814 1822 3865 δέ
1851 3817 1945 3866 καὶ
1980 3814 2101 3883 βου-

521 3899 736 3968 λόμενοι
772 3898 867 3950 καὶ
909 3897 1213 3968 εὐχόμενοι.
1266 3896 1373 3948 Καὶ
1400 3895 1512 3948 εἴθε
1558 3895 1647 3948 ἀεὶ
1693 3897 1942 3967 περὶτῆς
1968 3897 2098 3949 ἀλύ-

524 3997 662 4042 σεως
689 3980 900 4033 Παύλου
935 3979 1281 4048 διαλέγεσθαι
1326 3974 1414 4049 ἦν.
1455 3977 1616 4029 Ἀλλὰ
1652 3978 1726 4047 μὴ
1753 3981 2094 4048 ναρκὴσητε·

521 4065 606 4116 ετι
630 4065 737 4133 γὰρ
761 4065 936 4117 ἐκεῖνο
987 4064 1162 4115 εἰπεῖν
1210 4061 1492 4132 βούλομαι,
1520 4061 1548 4112 ὃ
1591 4061 1777 4114 πολλοὶ
1809 4060 2098 4131 ζητοῦντές

522 4163 690 4215 φασι·
731 4146 844 4199 Καὶ
881 4148 930 4198 εί
989 4145 1156 4197 καλὸν
1205 4145 1258 4196 αί
1309 4142 1538 4212 θλίψεις,
1575 4143 1692 4206 πῶς
1726 4144 1886 4206 αὐτὸς
1909 4144 2100 4196 ἀπολο⁴

519 4229 783 4299 γούμενος
821 4228 955 4299 πρὸς
978 4227 1070 4280 τδν
1102 4227 1414 4296 Ἀγρίππαν
1449 4225 1653 4291 ἔλεγεν,
1683 4225 1995 4294 Εὐξαίμην
2022 4225 2100 4280 ἂν

517 4312 601 4378 τῷ
624 4309 764 4376 Θεῷ,
807 4309 903 4363 καί
935 4310 1006 4362 ἐν
1027 4309 1210 4377 ὀλίγῳ
1261 4307 1361 4360 καί
1407 4307 1478 4360 ἐν
1521 4305 1752 4372 πολλῷ,
1794 4310 1866 4362 ού
1906 4309 2098 4378 μόνον

517 4393 614 4460 σὲ,
643 4393 804 4448 ἀλλὰ
861 4391 956 4445 καὶ
1009 4394 1241 4454 πάντας
1278 4389 1422 4454 τοὺς
1459 4388 1797 4456 ἀκούοντάς
1824 4409 1943 4459 μου
1982 4391 2096 4457 σή-

514 4492 701 4547 μερον
729 4475 1009 4544 γενέσθαι
1058 4473 1388 4536 τοιούτους,
1437 4473 1644 4534 όποῐος
1673 4472 1769 4526 καὶ
1807 4473 1921 4542 ἐγώ
1956 4477 2091 4542 ειμι,

518 4557 811 4626 παρεκτὸς
846 4553 964 4610 τῶν
991 4552 1232 4622 δεσμῶν
1263 4556 1490 4607 τούτων
1510 4569 1524 4582 ο
1577 4555 1690 4624 υύχ
1719 4555 1794 4618 ὡς
1826 4556 2096 4610 ἀπευκτὸν

518 4640 579 4693 τὸ
607 4641 840 4710 πρᾶγμα
889 4637 1148 4708 νομίζων,
1195 4634 1370 4692 ταῦτα
1409 4635 1585 4703 ἔλεγε,
1629 4635 1704 4708 μὴ
1756 4638 1995 4704 γένοιτο·
2031 4639 2093 4690 ού

517 4725 628 4795 γὰρ
656 4723 743 4790 ἂν,
773 4724 826 4776 ετ
857 4740 918 4792 γε
966 4721 1240 4776 ἀπευκτὸν
1285 4717 1374 4790 ἦν,
1402 4721 1680 4789 ἐκαυχᾶτο
1729 4722 1823 4774 ἐπὶ
1866 4724 1980 4784 τοῖς
2009 4721 2094 4774 δε-

519 4810 700 4878 σμοῖς,
730 4809 824 4861 ἐπὶ
871 4809 993 4869 ταῖς
1044 4803 1336 4873 φυλακαῖς,
1367 4802 1459 4854 ἐπὶ
1485 4805 1606 4865 ταῖς
1631 4801 1816 4865 ἄλλαις
1850 4801 2089 4873 emam-

515 4891 622 4944 οὐδ’
639 4889 705 4944 ἂν
721 4889 948 4962 γράφων
972 4887 1178 4955 ἔλεγεν,
1195 4886 1442 4941 Ἥδιστα
1467 4888 1849 4954 καυχήσομαι
1869 4886 1940 4940 ἐν
1966 4886 2094 4953 ταῖς

516 4973 855 5036 ἀσθενείαις
887 4989 1034 5040 μου·
1061 4969 1198 5023 ἁλλὰ
1223 4969 1274 5021 τί
1301 4987 1315 5033 ;
1349 4967 1518 5022 Τοῦτο
1545 4968 1679 5021 αὐτὸ
1706 4971 2007 5039 τεκμήριον
2023 4965 2092 5040 ἦν

516 5057 610 5111 τοῦ
646 5057 854 5129 μεγάλα
881 5055 1130 5125 ἡγεῖσθαι
1160 5052 1230 5106 τὰ
1258 5053 1454 5121 δεσμά.
1507 5053 1720 5123 Ὥσπερ
1751 5055 1860 5123 γὰρ
1893 5056 2092 5125 Κοριν-

517 5140 651 5203 θίοις
667 5143 890 5212 γράφων
903 5139 1053 5205 ἔλεγε
1069 5153 1082 5168 ο
1107 5135 1280 5190 Γάλα
1296 5133 1451 5204 ὑμᾶς
1467 5135 1742 5198 ἐπότισα,
1761 5138 1834 5190 οὺ
1858 5135 2090 5204 βρῶμα,

515 5224 678 5278 οὔπω
700 5225 807 5293 γὰρ
832 5221 1130 5274 ἐδύνασθε
1150 5235 1163 5249 °
1194 5217 1337 5272 οὕτω
1361 5218 1424 5287 δὴ
1450 5219 1544 5271 καὶ
1565 5218 1817 5282 ἐνταῦθα,
1840 5220 1940 5273 οὐκ
1963 5219 2093 5290 ήδύ-

514 5324 675 5360 ναντο
705 5304 937 5361 ἀκοῦσαι
970 5303 1031 5355 τὸ
1060 5302 1278 5366 κάλλος,
1314 5301 1435 5354 οὐδὲ
1461 5302 1553 5354 τὸν
1576 5302 1803 5372 κόσμον,
1840 5303 1960 5355 οὐδὲ
1991 5303 2091 5374 τὴν

514 5389 783 5458 ὠφέλειαν
805 5388 914 5439 τῶν
948 5385 1183 5455 δεσμῶν.
1205 5383 1304 5438 Διά
1326 5382 1484 5437 τοῦτό
1514 5401 1700 5454 φησιν,
1737 5385 1946 5449 Ἐκτὸς
1975 5383 2093 5438 τῶν

513 5470 754 5539 δεσμῶν
765 5469 1138 5531 τούτων.Ἰ“οῖς
1158 5467 1338 5536 μέντοι
1353 5466 1445 5520 Ἐϐ
1454 5468 1624 5536 ραίοις
1641 5468 1737 5536 οὐχ
1755 5467 2092 5530 ούτως,ἁλλὰ

515 5553 746 5623 παρῄνει
775 5551 1117 5604 συνδεδέσθαι
1145 5551 1258 5613 τοῖς
1302 5548 1632 5620 δεδεμένοις.
1676 5550 1774 5601 Διὰ
1806 5550 1966 5602 τοῦτο
1995 5549 2091 5602 καὶ

514 5633 630 5705 [69]
651 5634 808 5696 αὐτὸς
833 5633 1047 5704 ἔχαιρεν
1060 5634 1152 5686 ἐπὶ
1170 5635 1282 5695 τοῖς
1305 5633 1544 5701 δεσμοῖς,
1564 5633 1660 5686 καὶ
1676 5633 1983 5702 ἐδεσμεῖτο,
1999 5632 2091 5684 καὶ

518 5719 655 5786 μετά
688 5717 794 5768 τῶν
822 5716 1116 5787 δεσμωτῶν
1143 5717 1389 5785 ἀπήγετο
1438 5717 1518 5777 είς
1547 5715 1812 5784 φυλακήν.
1862 5714 2086 5785 Μεγάλη

513 5798 614 5866 τῆς
641 5798 883 5862 ἁλύσεως
943 5799 1156 5853 Παύλου
1221 5799 1254 5868 ή
1295 5798 1467 5867 ίσχύςο
1496 5799 1661 5868 ἀρκεῖ
1697 5798 1818 5851 ἀντὶ
1872 5797 2088 5850 πάντων

515 5879 671 5940 τοῦτο
699 5882 759 5936 τδ
790 5883 988 5957 θέαμα,
1038 5880 1320 5952 δεδεμένον
1363 5881 1492 5936 ίδεῖν
1527 5881 1738 5936 Παῦλον
1769 5883 1860 5936 καὶ
1893 5879 2086 5948 ἐξαγό-

2209 2235 2368 2302 μενον
2394 2221 2504 2276 άπδ
2531 2223 2625 2278 τοῦ
2654 2224 3050 2299 δεσμωτηρίου.
3080 2231 3375 2302 Δεδεμένον
3402 2233 3533 2290 ἰδεῖν
3567 2238 3660 2292 καὶ
3689 2239 3780 2294 ἐν-

2205 2301 2295 2388 δον
2317 2302 2646 2388 καθήμενον,
2674 2309 2834 2372 ποίας
2864 2310 3056 2382 ἡδονῆς
3085 2301 3244 2367 τοῦτο
3270 2316 3330 2369 ού
3373 2317 3556 2387 μεῖζον
3580 2338 3596 2388 ;
3631 2321 3784 2387 τίνος

2205 2383 2306 2437 ούκ
2333 2384 2400 2438 ἂν
2425 2389 2720 2460 τιμήσαιμι
2750 2393 2812 2446 τὸ
2845 2395 3079 2464 πρᾶγμα
3104 2413 3120 2460 ;

2277 2467 2388 2538 Οὐχ
2414 2469 2576 2540 δρᾶτε
2602 2475 2727 2536 τοὺς
2753 2472 3029 2542 βασιλέας,
3077 2478 3203 2542 τοὺς
3239 2479 3478 2544 ὑπάτους
3529 2485 3622 2536 ἐπὶ
3653 2484 3779 2550 ζεύ-

2205 2564 2335 2615 γους
2370 2553 2702 2623 φερομένους
2735 2557 2830 2609 καὶ
2859 2559 3354 2630 χρυσοφοροῦντας,
3403 2565 3498 2616 καὶ
3538 2568 3662 2630 τοὺς
3688 2568 3780 2621 δο-

2208 2635 2576 2704 ρυφοροῦντας
2605 2639 2780 2692 πάντα
2813 2640 3034 2710 ἔχοντας
3068 2645 3245 2713 χρυσᾶ
3266 2687 3280 2706 ,
3315 2649 3494 2718 χρυσᾶ
3517 2650 3584 2702 τά
3615 2651 3778 2720 δόρα-

2203 2732 2291 2775 τα.
2322 2721 2528 2787 χρυσᾶς
2563 2720 2660 2784 τὰς
2691 2723 2941 2789 ἀσπίδας,
2990 2729 3168 2798 χρυσᾶ
3198 2729 3266 2781 τά
3317 2731 3531 2799 ίμάτια,
3581 2733 3780 2797 ἵππους

2203 2801 2616 2888 χρυσοφόρους;
2662 2805 2832 2888 Πόσον
2872 2809 2972 2878 τῆς
3015 2809 3144 2873 θέας
3186 2811 3402 2883 ἐκείνης
3432 2815 3590 2868 τοῦτο
3649 2834 3778 2888 τερ-

2203 2882 2501 2954 πνότερον;
2543 2885 2726 2953 Ἀπαξ
2752 2887 2820 2941 ἂν
2860 2890 3114 2961 ηὐξάμην
3168 2882 3378 2948 Παῦλον
3421 2896 3545 2949 ίδεῖν
3573 2899 3639 2952 ἐκ
3683 2882 3781 2953 τοῦ

2201 2964 2578 3036 δεσμωτηρίου
2613 2971 2753 3039 μετὰ
2784 2971 2892 3024 τῶν
2921 2973 3215 3041 δεσμωτῶν
3243 2977 3478 3043 ἐξιόντα,
3505 2981 3537 3050 ἦ
3577 2983 3778 3052 μυριά-

2203 3070 2291 3116 κις
2311 3053 2550 3138 ἐκείνους
2583 3056 2723 3138 μετὰ
2748 3058 2847 3127 τῆς
2873 3059 3200 3132 δορυφορίας
3223 3063 3444 3134 ἐκείνης
3472 3083 3776 3138 παραπεμ-

2203 3136 2491 3217 πομένους.
2523 3137 2729 3201 Πόσους
2761 3139 2936 3194 οἴεσθε
2981 3144 3248 3211 ἀγγέλους
3279 3149 3641 3217 προηγεῖσθαι
3672 3136 3773 3202 αύ-

2201 3216 2317 3280 τοῦ,
2345 3218 2432 3270 ὅτε
2472 3219 2698 3290 ἐξήγετο
2755 3221 2927 3287 06103;
2986 3227 3095 3279 Καὶ
3122 3227 3204 3280 ὅτι
3233 3227 3294 3280 ού
3327 3216 3639 3299 ψεύδομαι.
3667 3232 3786 3286 ἀπό

2201 3316 2345 3362 τινος
2377 3300 2610 3365 παλαιᾶς
2632 3304 2874 3376 ἱστορίας
2896 3307 2957 3360 τὸ
2977 3311 3210 3380 πρᾶγμα
3245 3311 3375 3379 ὑμῖν
3435 3313 3647 3382 ποιήσω
3676 3331 3782 3381 φα-

2201 3387 2379 3457 νερόν.
2423 3387 2722 3454 Ἐλισσαῖος
2746 3393 2774 3444 δ
2807 3395 3113 3464 προφήτης,
3153 3396 3294 3465 τάχα
3337 3397 3394 3450 δέ
3421 3397 3534 3451 ἴστε
3568 3399 3658 3452 τὸν
3683 3401 3781 3453 ἁν-

2200 3470 2322 3541 δρα,
2361 3470 2456 3523 τοῦ
2492 3471 2757 3541 βασιλέως
2816 3477 3016 3546 Συρίας
3064 3479 3591 3550 ἐκπεπολεμωμένου
3638 3483 3781 3552 πρὸς

2200 3554 2290 3606 τὸν
2337 3552 2431 3606 τοῦ
2482 3555 2698 3626 Ἰσραὴλ
2734 3557 2994 3625 βασιλέα,
3052 3561 3362 3631 καθήμενος
3414 3564 3544 3634 παρ’
3576 3565 3776 3634 ἐαυτῷ,

2201 3636 2439 3699 ἅπαντα,
2476 3637 2621 3708 άπερ
2661 3641 2869 3702 ἐκεῖνος
2919 3642 2978 3692 ἐν
3035 3645 3146 3706 τοῖς
3177 3646 3424 3713 ταμείοις
3477 3647 3616 3714 μετὰ
3665 3647 3779 3698 τῶν

2201 3718 2600 3774 κοινωνούντων
2640 3721 2788 3790 αύτῷ
2814 3722 2914 3791 τῆς
2954 3723 3179 3794 γνώμης
3209 3726 3545 3790 ἐϐουλεύετο,
3567 3731 3647 3791 εἰς
3680 3729 3779 3798 μέ-

2203 3815 2293 3852 σον
2323 3801 2566 3872 ἐξέφερε,
2605 3804 2699 3856 καὶ
2739 3804 2976 3875 ἀκύρους
3005 3807 3176 3861 ἐποίει
3221 3808 3316 3862 τοῦ
3348 3809 3614 3878 βασιλέως
3675 3815 3778 3879 τὰς

2201 3881 2418 3951 βουλάς,
2452 3885 2520 3937 τά
2548 3885 2834 3956 ἀπόρρητα
2868 3888 3169 3958 προλέγων,
3202 3891 3297 3944 καὶ
3329 3893 3429 3946 οὐκ
3477 3897 3658 3962 ἀφιεὶς
3693 3899 3779 3961 εἰς

2199 3964 2297 4026 τὰς
2324 3965 2578 4032 παγίδας,
2618 3966 2684 4029 ἂς
2729 3969 2935 4032 ἐκεῖνος
2973 3971 3160 4036 ἐτίθει,
3216 3975 3494 4043 ἐμπεσεῖν.
3555 3976 3776 4033 Ἐλύπει

2197 4047 2359 4134 τοῦτο
2386 4048 2474 4134 τὸν
2507 4049 2754 4134 βασιλέα,
2787 4051 2882 4104 καὶ
2928 4053 3188 4123 ἀθυμῶν,
3242 4060 3298 4110 ἐν
3340 4059 3547 4130 ἀπορία
3599 4061 3772 4134 πολλῇ

2200 4131 2571 4198 καθειστήκει,
2599 4133 2697 4187 οὐκ
2725 4133 2862 4204 ἔχων
2891 4135 3080 4204 μαθεῖν
3108 4137 3190 4191 τὸν
3221 4140 3524 4210 ἐκφέροντα
3554 4131 3776 4201 ἅπαντα

2199 4213 2292 4265 καὶ
2324 4212 2764 4278 ἐπιϐουλεύοντα,
2804 4218 2896 4272 καὶ
2926 4218 3024 4281 τὰς
3059 4221 3310 4289 μηχανὰς
3339 4223 3650 4294 ἀκυροῦντα
3673 4229 3774 4291 τὰς

2197 4297 2408 4352 τούτου.
2454 4299 2770 4381 ’βποροῦντι
2810 4300 2988 4354 τοίνυν
3017 4303 3167 4373 αύτῴ
3201 4305 3294 4357 καὶ
3332 4305 3432 4376 τὴν
3463 4310 3645 4362 αἰτίαν
3673 4311 3774 4381 εις-

2197 4379 2377 4435 τοῦντι
2435 4376 2556 4434 είπέ
2581 4398 2664 4443 τις
2710 4382 2818 4435 τῶν
2846 4383 3227 4451 ὑπασπιστῶν,
3259 4389 3342 4441 ὅτι
3371 4390 3436 4461 δὴ
3486 4376 3776 4462 προφήτης

2197 4465 2282 4534 εῐη
2305 4479 2386 4525 τις
2428 4464 2728 4527 Ἐλισσαῖος
2757 4466 2816 4517 ἐν
2852 4467 3137 4539 Σαμαρείᾳ
3185 4471 3512 4542 καθήμενος,
3542 4475 3641 4527 οὐκ
3666 4476 3778 4530 ἐῶν

2195 4545 2412 4599 ἑστάναι
2447 4547 2546 4616 τὴν
2567 4547 2660 4600 τοῦ
2693 4546 2958 4614 βασιλέως
2985 4550 3231 4622 γνώμην,
3260 4554 3396 4607 ἀλλὰ
3449 4557 3628 4610 πάντα
3675 4559 3771 4611 ἐκ-

2197 4628 2398 4700 φέρων.
2439 4629 2674 4695 Ἐκεῖνος
2729 4632 2978 4702 ἐνόμισεν
3027 4635 3318 4706 εὑρηκέναι
3342 4637 3401 4691 τδ
3433 4643 3560 4694 πᾶν.
3603 4643 3773 4696 Οὐδὲν

2193 4710 2250 4763 δὲ
2273 4711 2378 4780 ἄρα
2427 4711 2592 4766 αὑτοῦ
2632 4711 2981 4786 ἀθλιώτερον.
3016 4717 3159 4788 Ὅρα
3195 4721 3323 4791 γάρ’
3377 4721 3495 4775 δέον
3542 4725 3769 4794 τιμῆσαι

2193 4796 2284 4850 τὸν
2318 4796 2506 4866 ἄνδρα,
2542 4795 2841 4867 θαυμάσαι,
2903 4801 3268 4872 ἐκπλαγῆναι,
3313 4806 3362 4858 εί
3399 4805 3464 4877 δή
3496 4807 3770 4878 τοσαύτην

2194 4880 2305 4950 ἔχει
2342 4879 2440 4950 τὴν
2479 4882 2652 4950 ἰσχὺν,
2685 4882 2761 4945 ὡς
2795 4883 2902 4940 ἀπὸ
2925 4885 3195 4940 τοσούτων
3233 4887 3462 4942 σταδίων
3521 4890 3770 4960 καθήμε-

2193 4979 2302 5026 νον,
2331 4964 2508 5015 πάντα
2534 4963 2602 5015 τά
2633 4964 2692 5016 ἐν
2737 4964 2812 5034 τῷ
2843 4967 3054 5036 ταμείῳ
3085 4967 3178 5021 τοῦ
3236 4968 3523 5037 βασιλέως,
3553 4972 3768 5036 ούδενδς

2191 5045 2643 5114 ἀπαγγέλλοντος,
2671 5049 2888 5102 εἰδέναισ
2914 5050 3072 5103 τοῦτο
3100 5051 3196 5120 μὲν
3222 5053 3323 5107 οὐκ
3352 5053 3599 5124 ἐποίησε,
3630 5072 3768 5126 παρ-

2192 5128 2432 5195 οξυνθεὶς
2455 5129 2534 5191 δὲ,
2561 5129 2656 5184 καὶ
2684 5133 2782 5200 τῆς
2807 5131 2974 5202 ὀργῆς
3011 5133 3302 5202 γενόμενος
3339 5135 3528 5204 μόνης,
3561 5137 3765 5201 ἱππέας

2192 5211 2287 5265 καὶ
2306 5211 2527 5275 ὁπλίτας
2558 5211 2845 5278 συντάξας,
2875 5214 3086 5284 πέμπει
3116 5219 3481 5286 παραστήσων
3510 5217 3600 5270 τὸν
3634 5236 3766 5290 προ-

2194 5291 2521 5366 φήτηντἾΙν
2540 5295 2595 5350 δὲ
2631 5294 2707 5365 τῷ
2738 5295 3029 5368 Ἐλισσαίῳ
3057 5299 3305 5368 μαθητὴς
3331 5301 3388 5353 ἐν
3409 5301 3766 5369 προπυλαίοις

2191 5380 2272 5433 ἔτι
2323 5380 2423 5448 τῆς
2476 5378 2842 5448 προφητείας,
2901 5380 3009 5432 τῶν
3059 5381 3315 5435 τοιούτων
3365 5383 3764 5454 ἀποκαλύψεων

2194 5463 2360 5532 μήπω
2375 5460 2693 5530 κρινόμενος
2709 5459 3010 5527 ἀξιοῦσθαι.
3045 5463 3386 5532 Ἐπέστησαν
3413 5466 3462 5518 οί
3493 5468 3764 5535 στρατιῶο

2189 5560 2281 5597 ται
2309 5543 2403 5596 τοῦ
2462 5542 2757 5612 βασιλέως,
2807 5544 2884 5607 ὡς
2932 5545 3185 5616 δήσαντες
3217 5547 3310 5599 τὸν
3339 5547 3527 5616 ἄνδρα,
3562 5551 3764 5618 μᾶλλον

2189 5628 2246 5682 δὲ
2267 5627 2356 5680 τὸν
2386 5629 2690 5698 προφήτην.
2716 5628 2885 5683 Πάλιν
2907 5630 2986 5691 είς
3015 5629 3249 5700 δεσμοὺς
3272 5632 3644 5701 ἐμπίπτομεν,
3667 5641 3762 5691 καὶ

2188 5712 2240 5764 τί
2275 5710 2470 5777 πάθω;
2511 5711 2775 5764 πάντοθεν
2808 5707 2960 5774 οὗτος
2986 5712 3014 5762 δ
3045 5713 3199 5781 λόγος
3234 5713 3406 5778 οὕτως
3455 5714 3758 5783 ὑφαίνεται.

2190 5797 2300 5849 Καὶ
2357 5794 2479 5848 ἰδὼν
2507 5796 2535 5846 ὁ
2572 5794 2818 5864 μαθητὴς
2848 5795 2954 5847 τῶν
3013 5795 3358 5865 στρατιωτῶν
3417 5796 3478 5848 τὸ
3533 5797 3758 5868 πλῆθος,

2191 5879 2403 5949 ἐξέστη,
2437 5879 2530 5934 καὶ
2558 5877 2816 5948 περιδεὴς
2849 5878 2942 5930 καὶ
2968 5878 3227 5950 ἔντρομος
3263 5878 3629 5952 προσδραμὼν
3681 5881 3760 5954 τῷ
