4140 6538
260 403 320 461 ω
1104 386 1170 443 ΙΝ
1201 385 1416 443 EPIST.
1459 385 1550 441 AD
1590 385 1834 446 EPHES.
1874 385 2030 444 CAP.
2071 385 2161 443 IV.
2205 383 2442 442 HOMIL.
2487 381 2576 436 IX.
3439 389 3508 446 70

257 517 380 570 enim
403 521 488 562 cos
513 504 597 576 qui
629 501 751 558 forts
779 512 936 559 erant
965 501 1043 557 sic
1062 499 1270 562 exedit,
1291 499 1566 570 quomodo
1594 513 1690 552 eos
1714 498 1805 567 qui

258 613 385 660 erant
415 600 548 652 intus
574 595 832 651 reddebat
874 594 1074 648 ill-.esos
1098 602 1154 646 et
1185 591 1511 660 impatibiles
1537 591 1560 644 ?
1598 589 1668 644 Ut
1699 605 1810 643 tna-

259 697 422 750 uilesta
453 693 598 746 lieret
626 689 713 744 Dei
741 688 1001 758 potentia.
1025 685 1199 742 Nemo
1219 697 1398 740 autem
1421 686 1646 740 miretur
1665 682 1810 753 quod

257 800 412 856 regem
443 784 490 835 in
519 781 706 835 eodem
728 779 923 834 ordine
945 779 1218 848 posuerim
1248 791 1356 848 quo
1379 775 1660 832 custodem
1687 789 1810 828 car-

256 880 376 934 eeris
406 892 418 928 :
459 873 682 941 idipsutn
729 871 874 926 enim
907 869 1054 925 fecit.
1091 868 1192 924 llic
1228 869 1375 923 enim
1411 867 1504 922 illo
1531 867 1664 921 nihil
1691 874 1814 921 erat

259 965 568 1039 put-clarior:
601 961 865 1016 ambobus
902 961 1044 1016 enim
1079 959 1298 1029 profuit.
1343 959 1451 1014 Sed
1482 959 1620 1014 sicut
1657 957 1768 1012 dixi
1792 999 1810 1023 ,

257 1060 358 1129 justi
382 1057 499 1111 dum
519 1055 571 1108 iu
600 1055 856 1108 :nrumuis
885 1064 1189 1118 versantur,
1223 1061 1349 1108 tunc
1372 1062 1492 1107 sunt
1517 1051 1813 1110 vehemen-

263 1154 430 1214 tiores,
461 1147 666 1218 quando
696 1155 825 1201 sunt
865 1147 917 1200 in
966 1147 1214 1201 vinculis.
1249 1145 1381 1200 Nam
1409 1157 1632 1216 propter
1660 1145 1815 1200 Chri-

260 1255 375 1298 stum
398 1241 585 1312 aliquid
616 1255 740 1295 esse
769 1254 988 1309 passum
1020 1280 1036 1305 ,
1064 1248 1148 1293 est
1175 1239 1368 1309 quovis
1399 1239 1594 1296 solatio
1621 1239 1816 1308 jucun-

259 1337 374 1389 dius.
413 1333 576 1388 Vultis
605 1333 770 1388 alium
803 1347 1018 1403 quoque
1048 1347 1324 1388 carcerem
1367 1332 1521 1386 vobis
1566 1346 1813 1386 revocem

259 1427 302 1480 iu
339 1422 678 1479 memoriam?
721 1421 805 1477 Ab
855 1421 955 1476 hac
1000 1433 1190 1477 catena
1237 1423 1290 1476 in
1332 1421 1498 1476 alium
1539 1437 1815 1476 carcerem

257 1517 542 1574 veniendum
587 1524 693 1570 est.
746 1514 1049 1580 Quemnam
1093 1514 1304 1568 vultis?
1343 1512 1667 1569 Jeremiaane
1694 1555 1713 1580 ,
1748 1529 1816 1567 an

254 1608 442 1678 loseplti
467 1649 482 1673 ,
511 1623 574 1661 an
622 1607 855 1662 Joannis
884 1607 908 1658 ?
950 1606 1098 1661 Pauli
1146 1615 1353 1661 catena:
1401 1607 1575 1676 gratia
1607 1623 1622 1660 :
1654 1621 1818 1672 quam

259 1701 428 1755 multos
467 1699 693 1753 orationi
746 1709 950 1753 nostra:
991 1699 1206 1770 aperuit
1253 1699 1542 1754 carceres!
1577 1697 1820 1752 Vultisne

259 1792 488 1849 Joannis?
531 1791 757 1846 Vinctus
794 1791 891 1845 fuit
928 1791 1014 1845 hic
1053 1806 1270 1861 quoque
1298 1799 1518 1860 propter
1547 1790 1820 1843 Christum

259 1894 305 1941 et
339 1885 491 1955 legem
527 1884 639 1938 Dei.
687 1883 828 1952 Quid
865 1898 996 1953 ergo
1020 1924 1036 1949 ,
1071 1883 1239 1938 fuitne
1285 1883 1492 1938 otiosus
1517 1895 1642 1936 cum
1671 1890 1819 1936 esset

258 1978 304 2032 in
339 1976 572 2032 carcere?
599 1991 790 2029 annon
841 1976 967 2030 inde
1005 1992 1073 2031 ex
1117 1991 1340 2032 carcere
1385 1976 1565 2030 missis
1603 1975 1820 2028 dicebat

264 2070 502 2140 discipulis
518 2069 619 2124 suis
644 2110 662 2134 ,
704 2070 908 2124 Euntes
932 2069 1100 2124 dicite
1125 2068 1341 2124 Cbrisxo
1362 2088 1374 2122 :
1395 2068 1476 2122 Tn
1501 2086 1552 2121 es
1579 2069 1666 2137 qui
1696 2083 1813 2121 reu-

1917 505 2060 549 turus
2088 512 2243 562 es,an
2262 497 2420 550 alium
2441 503 2790 565 exspectamus
2810 494 3030 567 (Matth.
3054 497 3076 552 1
3097 497 3142 551 l.
3171 497 3232 568 5)
3253 497 3360 556 ?Et
3384 515 3507 554 rum

1920 588 2026 642 illic
2055 599 2200 641 esset
2232 627 2248 652 ,
2279 588 2509 642 docebat
2543 605 2558 644 :
2590 605 2694 642 non
2735 603 2878 642 etum
2906 600 3026 644 erat
3052 590 3352 660 negligens.
3398 591 3508 646 Scit

1917 678 2179 734 Jeremias
2206 696 2382 735 annon
2413 681 2662 751 praedixit
2686 682 2754 736 de
2777 683 3102 754 Babylonio,
3133 699 3254 754 qua:
3281 685 3362 739 sui
3385 684 3516 740 olli—

1917 777 1988 830 cii
2009 775 2361 830 erantomuia
2384 776 2546 830 etiam
2580 776 2690 831 illic
2710 775 2912 831 faciens
2935 778 2957 830 ‘l
2983 777 3122 842 Quid
3147 794 3273 832 vero
3291 778 3518 849 Josephl

1919 884 2098 924 annon
2131 870 2342 922 vinctus
2370 879 2484 923 erat
2517 883 2614 937 per
2642 870 2897 922 tredecim
2929 871 3145 924 annos?
3173 873 3422 926 Attamen
3451 887 3520 925 ne

1921 960 2033 1017 illic
2059 961 2276 1027 quidem
2327 962 2533 1015 oblitus
2577 970 2661 1016 est
2702 961 2937 1016 virtutis.
2987 962 3122 1018 Cum
3154 964 3332 1018 adhuc
3359 963 3519 1018 unius

1921 1054 2131 1108 vincula
2163 1053 2461 1107 dixerimus
2484 1094 2501 1120 ,
2533 1053 2692 1106 linem
2724 1055 3064 1122 imponemus
3090 1056 3346 1110 orationi.
3383 1056 3517 1110 Viu-

1921 1157 2042 1200 ctus
2081 1161 2296 1216 quoque
2325 1145 2423 1200 fuit
2456 1146 2715 1200 Dominus
2753 1157 2938 1200 uester
2964 1186 2978 1208 ,
3012 1147 3103 1215 qui
3135 1148 3324 1202 orbem
3362 1157 3521 1203 terra:

1921 1239 2082 1293 solvit
2110 1253 2139 1290 a
2171 1239 2406 1308 peccatis
2437 1253 2452 1292 :
2485 1242 2678 1292 vincta:
2711 1249 2832 1292 sunt
2867 1255 3092 1304 manus,
3125 1257 3245 1310 qua:
3275 1241 3415 1296 bona
3447 1243 3523 1297 fe-

1923 1340 2110 1385 cerunt
2149 1331 2558 1385 innumerabilia
2587 1348 2599 1384 :
2644 1330 2877 1383 Vinctum
2925 1332 3071 1385 enim
3099 1371 3115 1398 ,
3150 1331 3322 1402 inquit
3352 1375 3368 1398 ,
3410 1352 3524 1387 eum

1923 1421 2179 1475 duxerunt
2221 1421 2289 1476 ad
2336 1420 2586 1491 Caipham
2617 1421 2638 1494 (
2668 1420 2754 1473 ld.
2791 1421 2883 1475 26.
2914 1422 2984 1476 57
3092 1421 3156 1476 Et
3185 1424 3396 1477 vinctus
3426 1425 3526 1478 luit

1924 1513 2012 1584 qui
2063 1523 2171 1566 tam
2230 1513 2397 1567 multa
2449 1515 2652 1568 iecerat
2703 1512 2986 1566 miracula.
3047 1513 3174 1568 ΙΙωο
3223 1515 3526 1585 cogitantes

1927 1621 2216 1675 numquam
2237 1620 2380 1674 aegre
2412 1603 2666 1670 leramus,
2688 1604 2783 1658 sed
2813 1605 3023 1659 etiamsi
3048 1604 3307 1661 fuerimus
3337 1607 3525 1675 vincti,

1925 1697 2285 1766 gaudeamus:
2310 1695 2413 1751 etsi
2443 1711 2549 1750 non
2577 1711 2765 1752 suums
2799 1698 2852 1752 in
2884 1697 3132 1762 vinculis,
3161 1699 3333 1754 simus
3380 1709 3522 1754 tant-

1927 1805 2087 1857 quam
2133 1787 2392 1860 colligati.
2421 1787 2586 1843 Vides
2613 1799 2874 1857 quantum
2906 1789 3106 1844 bonum
3138 1791 3210 1846 sit
3234 1791 3527 1846 vinculum.

1931 1879 2055 1934 Ha-c
2077 1880 2256 1934 omnia
2298 1895 2421 1934 eum
2450 1879 2721 1944 sciamus,
2752 1881 2864 1936 Deo
2899 1882 3099 1950 gratias
3137 1896 3239 1951 pro
3280 1882 3529 1939 omnibus

1928 1975 2259 2040 omittamus,
2285 1973 2336 2026 iu
2368 1971 2587 2028 Christo
2611 1972 2738 2028 Jesu
2775 1974 3001 2028 Domino
3028 1986 3240 2029 nostro.

271 2153 3527 2179 Mm

1645 2205 1992 2271 HOMILIA
2038 2199 2155 2262 IX.

255 2319 367 2374 CAP.
401 2315 449 2370 4.
479 2330 529 2368 v.
565 2316 612 2370 l.
650 2314 878 2370 Obsecro
922 2316 1092 2384 itaque
1135 2331 1221 2369 vos
1261 2333 1350 2387 ego
1399 2315 1593 2370 uinctus
1641 2315 1693 2367 iu
1726 2313 1826 2367 Do-

314 2407 453 2472 mino,
483 2415 535 2460 ut
559 2407 721 2476 digne
746 2405 1016 2460 ambuletis
1045 2407 1316 2459 vocatione
1343 2422 1444 2474 qua
1469 2406 1635 2459 uocati
1661 2405 1779 2457 estis
1810 2447 1826 2472 ,

308 2499 356 2551 2.
384 2515 489 2552 cum
507 2500 644 2552 omni
678 2498 969 2551 humilitate
990 2508 1036 2551 et
1053 2499 1459 2560 mansuetudine,
1488 2513 1601 2550 cum
1625 2497 1826 2566 patien-

307 2591 390 2650 tia.
416 2598 778 2659 supportantes
807 2589 1023 2643 invicem
1047 2590 1101 2642 in
1128 2590 1340 2642 caritate
1358 2629 1374 2654 ,
1407 2588 1460 2643 5.
1485 2586 1692 2641 solliciti
1717 2603 1827 2640 ser.

305 2699 412 2736 vare
437 2683 686 2735 unitatem
715 2683 929 2751 spiritus
957 2682 1008 2734 in
1039 2680 1246 2734 vinculo
1271 2681 1427 2750 pacis.

305 2775 352 2828 l.
385 2774 605 2828 Ostensa
637 2782 728 2828 est
754 2782 959 2828 catena:
988 2774 1136 2828 Pauli
1167 2790 1356 2844 magna
1377 2775 1545 2829 virtus
1564 2816 1579 2841 ,
1602 2783 1658 2830 et
1682 2788 1823 2845 prte-

248 2869 417 2922 clarior
441 2868 628 2938 signis.
649 2867 768 2922 Non
789 2876 995 2923 temere
1015 2883 1145 2940 ergo
1162 2882 1261 2923 nec
1283 2866 1500 2933 frustra,
1522 2867 1823 2931 utvidetur,

244 2973 346 3014 eam
381 2959 580 3030 profert
606 3002 621 3026 ,
659 2959 760 3015 sed
790 2967 1062 3029 tamquam
1093 2975 1189 3030 per
1215 2961 1386 3028 ipsam
1411 2958 1620 3031 pudore
1653 2956 1825 3013 sulfu-

245 3069 401 3108 surus.
433 3054 500 3108 Et
527 3053 663 3124 quid
696 3053 817 3108 ait?
848 3052 1068 3107 Obsecro
1109 3054 1279 3122 itaque
1319 3070 1404 3107 vos
1429 3069 1522 3124 ego
1554 3052 1751 3106 vinctus
1773 3052 1828 3104 in

247 3145 444 3201 Domino
463 3189 478 3211 ,
509 3157 562 3200 ut
589 3146 751 3218 digne
780 3146 1048 3200 ambuletis
1070 3147 1330 3200 vocatione
1356 3163 1456 3216 qua
1485 3147 1647 3199 vocati
1685 3141 1825 3199 estis.

245 3239 504 3305 Quomodo
529 3239 553 3292 ‘l
583 3237 721 3293 Cum
749 3238 886 3291 omni
921 3237 1210 3292 humilitate
1238 3279 1254 3303 ,
1300 3253 1415 3290 cum
1444 3238 1831 3292 mansuetudine

242 3341 283 3383 et
311 3329 548 3400 patientia
567 3369 586 3395 ,
621 3329 760 3382 alter
787 3329 1006 3382 alterum
1034 3329 1339 3382 sustinentes
1367 3329 1420 3382 in
1448 3330 1682 3383 caritate.
1712 3327 1831 3384 Non

242 3421 540 3492 simpliciter
595 3421 845 3475 vinctum
900 3435 1022 3475 esse
1062 3421 1264 3476 bonum
1304 3429 1388 3476 est
1417 3461 1433 3486 ,
1468 3420 1563 3476 sed
1614 3433 1834 3492 propter

239 3512 494 3568 Christum
529 3525 667 3568 esse
701 3513 966 3566 vinctum.
995 3511 1293 3580 Pr0pterca
1325 3511 1457 3567 dicit
1484 3555 1498 3578 ,
1540 3511 1749 3566 Vinctus
1780 3514 1834 3566 in

245 3605 464 3668 Domino,
497 3605 549 3658 id
575 3612 693 3671 est,
720 3612 941 3673 propter
965 3602 1260 3658 Christum.
1281 3603 1423 3658 Nihil
1449 3603 1525 3657 illi
1555 3603 1633 3657 rei
1663 3612 1837 3672 potest

239 3698 565 3767 mquiparari.
625 3696 736 3751 Sed
778 3697 971 3751 catena
1003 3711 1103 3750 uos
1128 3685 1300 3766 magis
1326 3696 1591 3750 abstrahit
1620 3704 1675 3750 et
1700 3695 1838 3751 avel-

242 3790 295 3843 lit
320 3806 347 3844 a
377 3789 704 3860 propositis,
740 3795 796 3843 et
823 3803 932 3842 non
955 3787 1286 3842 sustinemus
1309 3788 1565 3842 resistere
1585 3828 1600 3852 ,
1632 3786 1726 3841 sed
1759 3787 1840 3840 iu-

239 3880 322 3934 viti
361 3881 681 3942 trahimur;
716 3880 826 3934 imo
850 3878 1096 3933 volentes
1124 3887 1179 3933 et
1202 3887 1476 3948 optantes.
1523 3878 1592 3932 Et
1631 3879 1835 3932 utinam

237 3989 439 4042 semper
467 3973 602 4027 mihi
635 3972 824 4026 liceret
850 3971 995 4041 loqui
1019 3970 1085 4024 de
1105 3979 1296 4025 catena
1319 3970 1492 4024 Pauli.
1517 3970 1623 4024 Sed
1655 3985 1721 4025 ne
1751 3971 1842 4025 ob-

239 4067 547 4135 torpescatis
577 4083 592 4119 :
634 4064 757 4117 volo
782 4063 961 4117 adhuc
991 4063 1344 4132 quatstionem
1376 4071 1610 4117 tractare
1632 4105 1646 4128 ,
1679 4077 1839 4133 quam

237 4157 380 4211 multi
410 4157 696 4212 ell'ertmt:
727 4154 837 4211 Sed
868 4155 912 4210 si
939 4156 1096 4209 bonze
1123 4164 1250 4208 sunt
1275 4170 1533 4209 aerumna:
1559 4197 1574 4219 ,
1607 4171 1705 4209 cur
1729 4157 1843 4225 ipse

236 4262 290 4302 se
325 4249 635 4304 defendens
675 4248 818 4317 apud
873 4248 1166 4316 Agrippam
1215 4247 1426 4302 dicabat
1456 4288 1472 4313 ,
1517 4247 1653 4316 Opto
1701 4247 1845 4316 apud

237 4339 391 4393 Deum
420 4353 466 4396 et
496 4343 553 4395 in
589 4341 799 4394 modico
837 4350 886 4394 et
930 4341 982 4393 in
1012 4357 1198 4411 magno
1233 4381 1247 4404 ,
1277 4356 1380 4394 non
1417 4351 1615 4393 tantum
1643 4351 1690 4394 te
1709 4382 1724 4404 ,
1756 4341 1847 4394 sed

236 4432 376 4485 etiam
401 4448 608 4498 omnes,
631 4432 720 4501 qui
748 4447 827 4484 me
853 4433 1070 4484 audiunt
1095 4432 1265 4498 hodie,
1291 4431 1402 4500 ﬁeri
1425 4432 1574 4498 tales,
1606 4432 1774 4503 qualis
1798 4441 1846 4485 et

235 4541 318 4595 ego
347 4543 484 4591 sum,
502 4525 740 4593 exceptis
765 4524 985 4578 vinculis
1011 4525 1090 4577 Iris
1119 4527 1138 4593 (
1165 4525 1280 4578 Act.
1306 4523 1396 4580 26.
1431 4525 1502 4580 29
1526 4527 1572 4598 )?
1591 4525 1706 4580 Non
1732 4525 1846 4581 lucc

235 4615 444 4672 dicebat
473 4629 760 4686 tamquam
792 4616 1112 4671 existimans
1147 4633 1260 4670 rem
1297 4633 1418 4672 esse
1449 4617 1844 4688 deprecandam

236 4719 282 4760 et
307 4707 751 4772 exsecrandum;
786 4707 926 4762 absit
957 4723 974 4766 ;
1007 4723 1110 4760 non
1135 4709 1277 4761 enim
1309 4751 1323 4769 .
1353 4708 1398 4763 si
1428 4725 1515 4764 res
1545 4719 1692 4765 esset
1712 4712 1847 4766 abo-

240 4801 489 4854 minanda
519 4843 536 4867 ,
571 4802 906 4869 gloriaretur
930 4799 999 4854 de
1027 4801 1257 4855 vinculis
1276 4841 1292 4868 ,
1321 4801 1389 4858 de
1412 4804 1722 4859 carceribus
1743 4845 1758 4870 ,
1781 4805 1849 4860 de

240 4893 358 4946 aliis
396 4892 809 4947 afﬂictionibus
832 4909 847 4946 :
873 4905 975 4947 nec
1009 4893 1258 4949 scribens
1301 4894 1570 4961 dixisset,
1603 4895 1851 4953 Lubenter

237 4987 496 5055 gloriabor
526 4987 586 5040 in
616 4986 1008 5052 inﬁrmitatibus
1041 4988 1166 5041 meis
1199 4985 1220 5059 (
1245 4987 1300 5042 2.
1337 4987 1459 5044 Cor.
1487 4989 1572 5044 l2.
1606 4990 1722 5063 9);
1754 4992 1850 5048 sed

237 5080 406 5146 quid?
429 5080 551 5134 lloc
579 5079 762 5149 ipsum
793 5088 913 5134 erat
936 5079 1192 5135 indicium
1222 5123 1238 5146 ,
1267 5085 1410 5150 quod
1442 5085 1617 5155 magni
1652 5085 1855 5141 laceret

238 5172 470 5226 vincula.
493 5171 660 5226 Sicut
686 5172 834 5225 enim
861 5171 1079 5227 dicebat
1109 5173 1356 5229 scribens
1395 5177 1462 5230 ad
1495 5174 1806 5234 Corinthios
1834 5197 1848 5236 :

237 5259 336 5316 Lac
354 5263 503 5318 vobis
535 5271 721 5333 potum
750 5262 889 5327 dedi,
920 5280 1025 5318 non
1052 5281 1264 5330 escam;
1290 5267 1517 5321 nondum
1543 5269 1678 5323 enim
1707 5281 1854 5341 pote-

239 5356 357 5408 ratis
388 5356 470 5425 (Ι.
495 5354 630 5410 Cor.
665 5355 718 5410 5.
751 5354 810 5427 2)
845 5371 859 5409 :
892 5355 964 5410 ita
997 5356 1086 5414 hic
1109 5374 1326 5429 quoque
1351 5375 1458 5415 non
1482 5372 1734 5431 poterant
1753 5379 1850 5419 au-

235 5445 350 5500 dire
380 5445 862 5516 pulchritudinem
893 5463 992 5502 nec
1017 5448 1273 5505 decorem
1303 5467 1402 5507 nec
1429 5453 1714 5510 utilitatem
1737 5457 1857 5512 vin-

238 5538 512 5593 culorum.
547 5539 846 5608 Propterea
870 5540 1018 5606 dicit,
1052 5537 1294 5612 Exceptis
1323 5545 1402 5600 his
1426 5546 1640 5601 uinculis
1666 5547 1854 5622 (Hebr.

240 5631 324 5686 l5.
351 5632 436 5701 5).
486 5630 656 5701 Apud
688 5631 953 5688 Hebraeos
980 5642 1160 5688 autem
1194 5652 1300 5690 non
1334 5639 1406 5692 ita
1428 5680 1442 5703 ,
1473 5638 1569 5694 sed
1596 5641 1861 5698 suadebat

241 5730 298 5774 ut
324 5722 493 5778 simul
541 5723 880 5779 vincirentur
907 5740 1032 5781 cura
1073 5727 1288 5782 vinctis.
1331 5727 1622 5800 Propterea
1661 5742 1717 5788 et
1745 5735 1860 5805 ipse

242 5812 537 5871 laetabatur
573 5826 797 5887 propter
823 5817 1038 5873 vincula
1073 5859 1088 5881 ,
1137 5827 1194 5874 ct
1231 5821 1566 5878 vinciebatur
1591 5864 1608 5890 ,
1651 5835 1706 5881 et
1733 5840 1858 5883 eum

243 5905 438 5964 vinctis
482 5908 860 5965 alulucebatur
887 5911 939 5966 in
980 5913 1302 5974 custodiam;
1338 5915 1523 5987 .ilagua
1546 5929 1630 5974 est
1659 5921 1740 5977 vis
1760 5936 1853 5977 ca-

580 6025 853 6092 PATBOL.
900 6001 1018 6100 ιι,
1069 6033 1262 6095 LXII.

1939 2335 2076 2382 lena:
2121 2323 2266 2378 Pauli
2297 2342 2312 2379 :
2342 2323 2545 2380 suflicit
2579 2339 2676 2395 pro
2703 2326 2954 2381 omnibus
2985 2326 3089 2384 hoc
3115 2332 3484 2400 spectaculum
3515 2377 3532 2401 ,

1936 2417 2162 2472 Paulum
2188 2415 2370 2471 videre
2393 2417 2651 2484 vinctum,
2681 2426 2737 2472 et
2757 2417 3008 2473 eductum
3030 2435 3316 2477 ecarcerc.
3345 2423 3538 2480 Videre

1935 2511 2168 2564 vinctum
2211 2516 2268 2564 et
2298 2508 2443 2564 intus
2473 2509 2750 2564 sedentem
2782 2550 2799 2575 ,
2828 2527 2930 2580 qua
2974 2512 3251 2583 voluptate
3296 2531 3402 2570 non
3449 2527 3535 2572 est

1937 2602 2050 2656 haec
2078 2599 2292 2669 major?
2319 2615 2426 2670 quo
2454 2601 2627 2671 pretio
2650 2616 2764 2655 rem
2790 2616 2898 2655 non
2927 2604 3305 2660 mstimavcrim
3337 2607 3360 2661 ?

2003 2692 2384 2762 Imperatorum
2417 2702 2465 2746 et
2501 2691 2780 2747 Consulum
2813 2696 2981 2749 cultus
3010 2713 3125 2749 cum
3155 2699 3250 2766 spit
3263 2699 3372 2752 itali
3398 2702 3536 2754 cultu

1934 2783 2098 2838 Pauli
2121 2802 2149 2838 e
2170 2800 2371 2837 carcere
2390 2785 2618 2838 exeuntis
2637 2797 2981 2854 comparatus.
3001 2815 3072 2826 -—-
3085 2787 3201 2842 Non
3227 2790 3415 2846 videtis
3438 2792 3539 2846 lm-

1942 2885 2220 2945 peratores
2247 2884 2303 2930 et
2326 2875 2585 2930 Consules
2611 2891 2771 2930 curru
2797 2887 3125 2948 gestatus,et
3145 2896 3276 2936 auro
3296 2894 3538 2952 ornatos,

1936 2979 1991 3025 et
2032 2971 2290 3025 satellites
2330 2971 2509 3025 Omnia
2541 2970 2802 3028 habentes
2829 2988 2991 3031 aurea
3013 3015 3029 3040 ,
3059 2991 3252 3032 aureas
3283 2978 3498 3036 lanceas
3523 3026 3538 3049 ,

1936 3077 2131 3121 aureos
2155 3065 2375 3136 clypeos
2397 3105 2411 3128 ,
2442 3079 2634 3118 aureas
2657 3074 2838 3122 vestes
2858 3108 2872 3132 ,
2901 3083 3071 3140 equos
3110 3073 3287 3128 aureis
3321 3084 3542 3132 ornatos

1938 3157 2244 3228 ephippiis?
2273 3157 2442 3225 Quam
2470 3167 2556 3213 est
2581 3157 2684 3212 hoc
2709 3163 3076 3230 spectaculum
3107 3165 3196 3219 illo
3218 3167 3543 3234 jucundius?

1939 3247 2151 3304 Mallem
2178 3250 2348 3304 semel
2370 3250 2553 3305 videre
2585 3251 2806 3308 Paulum
2829 3269 2860 3310 e
2879 3270 3097 3314 carcere
3118 3271 3400 3317 exeuntem
3419 3279 3540 3318 cum

1939 3341 2136 3397 vinctis
2161 3385 2176 3408 ,
2209 3359 2369 3413 quam
2408 3345 2602 3400 millies
2642 3347 2763 3402 illos
2787 3347 3046 3406 deductos
3070 3368 3192 3407 cum
3221 3355 3310 3410 illa
3338 3358 3541 3413 satelli-

1943 3441 2053 3487 tum
2084 3434 2398 3504 stipautium
2424 3449 2662 3493 caterva.
2689 3437 2858 3507 Quam
2889 3441 3088 3497 multos
3109 3445 3424 3502 existimatis
3445 3464 3544 3503 au-

1941 3527 2092 3598 gelos
2119 3543 2241 3584 eum
2267 3531 2632 3598 praecessisse,
2655 3533 2870 3602 quando
2896 3535 2974 3589 sic
2999 3536 3366 3594 cducebatur?
3389 3541 3543 3610 Quod

1942 3629 2120 3674 autem
2154 3636 2259 3674 non
2291 3623 2556 3689 mentiar,
2588 3638 2657 3678 ex
2685 3626 2851 3685 veteri
2881 3628 3109 3697 quadam
3145 3632 3364 3688 historia
3395 3638 3548 3692 vobis

1945 3710 2136 3766 faciam
2179 3714 2545 3782 perspicuum.
2590 3716 2815 3772 Elisrcus
2855 3719 3152 3790 propheta,
3188 3724 3326 3780 forte
3367 3737 3543 3782 autem

1945 3805 2190 3874 quisnam
2239 3807 2307 3860 sit
2353 3807 2535 3874 scitis,
2577 3821 2698 3863 cum
2743 3825 2838 3864 rex
2881 3810 3053 3884 Syria:
3093 3814 3291 3870 bellum
3336 3833 3550 3889 gereret

1946 3896 2205 3953 adversus
2245 3913 2424 3970 regem
2467 3899 2630 3956 Israel
2655 3940 2672 3968 ,
2713 3901 2909 3958 sedens
2948 3905 3088 3974 apud
3130 3923 3190 3961 se
3225 3907 3278 3963 in
3311 3912 3550 3968 medium

1950 3988 2254 4058 proferebat
2297 4005 2650 4062 quascumque
2695 3993 2786 4048 ille
2832 3995 2884 4049 in
2932 3995 3135 4052 intimis
3183 4005 3550 4068 penetralibus

1947 4081 2288 4136 consultabat
2317 4097 2439 4136 cum
2480 4082 2545 4136 iis
2572 4098 2710 4153 quos
2738 4083 3026 4141 adhibebat
3055 4090 3126 4143 ad
3152 4094 3435 4148 consilium
3469 4100 3549 4167 (4.

1952 4170 2081 4243 Reg.
2107 4173 2160 4227 6.
2186 4171 2266 4243 8);
2298 4182 2354 4227 et
2383 4174 2524 4244 regis
2548 4176 2770 4230 consilia
2800 4176 3028 4232 faciebat
3058 4181 3227 4250 irrita,
3251 4187 3553 4256 pra-dicens

1951 4278 2144 4316 arcana
2172 4304 2186 4326 ,
2221 4275 2275 4318 et
2305 4280 2410 4318 non
2449 4266 2632 4320 sitiens
2676 4266 2915 4324 incidere
2958 4271 3009 4324 in
3055 4272 3275 4342 laqueos
3303 4284 3438 4348 quos
3465 4282 3552 4337 ille

1954 4354 2227 4411 tendebat.
2262 4355 2375 4410 Hoc
2403 4371 2582 4427 regem
2613 4359 2752 4414 male
2781 4360 3042 4430 habebat,
3073 4377 3126 4420 et
3154 4371 3336 4425 animo
3363 4376 3555 4432 anxios

1956 4447 2007 4502 in
2035 4463 2224 4518 magna
2254 4458 2368 4503 erat
2393 4450 2748 4519 perplexitate
2777 4463 2830 4507 et
2862 4453 3220 4529 haesitatione,
3246 4474 3305 4518 ut
3328 4468 3414 4537 qui
3445 4486 3553 4525 non

1959 4547 2139 4608 posset
2163 4537 2480 4606 resciscere,
2502 4541 2746 4610 quisnam
2777 4555 2920 4601 esset
2943 4549 3032 4618 qui
3059 4555 3236 4609 omnia
3264 4558 3551 4629 proferret,

1957 4642 2010 4685 et
2040 4631 2284 4685 tenderet
2312 4631 2533 4686 insidias
2561 4634 2843 4708 irritasque
2870 4640 3119 4698 redderet
3139 4646 3258 4716 ejus
3282 4652 3558 4712 machina-

1959 4725 2152 4778 tiones.
2199 4723 2263 4777 Ei
2307 4739 2437 4795 ergo
2476 4725 2738 4783 dubitanti
2783 4740 2838 4784 et
2873 4747 3088 4789 causam
3126 4746 3384 4807 qumrcnti
3425 4747 3558 4806 dixit

1959 4817 2176 4888 quidatn
2206 4833 2270 4871 ex
2302 4819 2623 4912 satellitibus
2646 4863 2662 4888 ,
2690 4838 2813 4879 esse
2838 4829 3124 4896 quemdam
3153 4833 3408 4896 Elismum
3433 4858 3557 4912 pro-

1961 4913 2178 4981 phetam
2222 4911 2498 4968 sedentem
2533 4915 2586 4969 iu
2617 4914 2856 4972 Samaria
2882 4963 2898 4988 ,
2928 4924 3016 4992 qui
3049 4942 3154 4980 non
3182 4929 3387 4988 sineret
3419 4944 3560 5008 regis

1960 5004 2281 5059 sententiam
2312 5019 2434 5061 esse
2463 5008 2694 5077 ﬁrmant,
2723 5012 2815 5066 sed
2847 5016 3026 5070 omnia
3059 5021 3340 5088 proferret.
3371 5027 3420 5082 ιε
3448 5004 3562 5088 exi-

1961 5098 2198 5154 stimavit
2221 5113 2282 5155 se
2313 5107 2480 5154 totum
2511 5101 2801 5162 invenisse.
2834 5106 2970 5175 Sed,
3002 5119 3059 5165 ut
3085 5113 3308 5186 videas,
3332 5137 3398 5175 eo
3427 5126 3560 5182 "itm

1962 5200 2078 5246 erat
2105 5191 2377 5249 miserius.
2405 5191 2540 5248 Cum
2565 5207 2839 5265 oporteret
2866 5202 3035 5257 virum
3064 5205 3364 5282 honorare,
3390 5218 3563 5275 adrui-

1966 5283 2094 5346 rari,
2139 5292 2378 5354 stupere,
2409 5285 2452 5339 si
2485 5294 2684 5342 tantam
2719 5290 2944 5349 haberet
2979 5297 3251 5367 virtutem,
3283 5315 3342 5360 ut
3367 5311 3566 5369 sedens

1967 5385 2073 5426 tam
2101 5374 2284 5428 multis
2311 5385 2552 5432 remotus
2577 5380 2788 5449 stadiis,
2813 5385 2977 5440 sciret
2998 5404 3350 5468 quaecumque
3377 5400 3567 5462 fici-cm

1967 5465 2018 5518 in
2046 5465 2575 5566 regis-penetrz-tlibus
2594 5511 2609 5536 ,
2641 5473 2786 5528 nullo
2811 5482 3188 5553 renuntiante;
3219 5465 3322 5546 hoc
3348 5496 3564 5566 quidem

1969 5572 2076 5660 non
2106 5555 2252 5622 fecit,
2284 5558 2377 5614 sed
2411 5559 2650 5618 irritatus
2675 5575 2728 5620 et
2761 5567 2836 5622 ira
2868 5573 3124 5642 percitus,
3153 5555 3568 5660 coactis-equiti;

1971 5649 2071 5704 bus
2097 5660 2152 5704 et
2177 5653 2400 5744 armatis
2427 5654 2707 5725 militibus,
2731 5675 2828 5716 eos
2855 5664 3016 5720 mittit
3041 5671 3358 5743 prophetam
3386 5649 3569 5744 obses.

1971 5755 2149 5798 suros.
2197 5742 2329 5798 Erat
2357 5755 2535 5803 autem
2568 5749 2766 5807 Elisaeo
2795 5754 3090 5827 discipulus
3117 5742 3294 5825 adhuc
3324 5772 3375 5828 iu
3403 5742 3566 5834 vesti-

1973 5834 2114 5890 bulis
2140 5837 2457 5908 pr0phetiae,
2488 5844 2578 5913 qui
2607 5846 2844 5904 nondum
2872 5852 3124 5924 dignatus
3147 5875 3294 5920 esset
3319 5876 3573 5940 consequi

1971 5931 2235 6000 ejusmodi
2287 5935 2661 5997 revelationes.
2725 5944 3082 6005 Accesserant
3137 5958 3280 6025 regis
3333 5931 3561 6029 milites,

3141 6064 3182 6124 5
