4140 6496
375 398 432 453 Ἠ
1241 389 1304 443 ΙΝ
1345 390 1560 446 LPIST.
1608 392 1697 445 AD
1739 392 1938 448 ΕΡΙΙΕΕ

2038 391 2170 446 IAP.
2208 393 2294 447 IV.
2343 395 2573 450 IIUMIL.
2612 397 2696 450 IX.
3565 411 3636 466 7‘3.

372 510 696 578 διδασκάλῳ,
858 507 1168 578 συμφορὰν,
1198 509 1272 570 ὡς
1296 506 1454 577 ᾤετο,
1485 509 1809 580 ἀπήγγειλε,
1853 509 1948 562 καὶ

369 599 458 651 τὸν
499 597 734 663 ἄφυκτον
773 592 1013 663 ἐμήνυσε
1036 592 1298 645 κίνδυνον.
1344 595 1725 662 Κατεγέλασεν
1759 599 1786 648 ὁ
1818 597 1943 664 Προ-

371 682 561 751 φήτης,
587 679 666 731 ὅτι
697 679 767 730 τὰ
791 678 896 730 οὐκ
927 676 1055 742 ἄξια
1085 677 1237 738 δέους
1270 678 1544 739 ἐδεδοίκει,
1581 681 1674 732 καὶ
1714 679 1949 750 παρῄνει

370 765 602 835 θαρρεῖν.
648 762 887 824 Ἐκεῖνος
931 761 988 814 δὲ
1037 760 1235 832 ἀτελὴς
1272 762 1352 814 ἔτι
1387 761 1484 825 ῶν,
1531 764 1631 816 οὐκ
1676 762 1945 825 ἐπείθετο,

367 849 475 902 ἀλλ’
517 847 596 900 ἔτι
638 847 744 898 ὑπὸ
771 845 874 914 τῆς
906 845 1081 914 ὅψεως
1121 844 1562 916 ἐκπληττόμενος
1592 847 1831 899 ἐνέκειτο
1868 843 1948 915 τῷ

371 931 536 1002 φόϐῳ.
578 930 640 983 Τί
671 925 765 983 οὖν
792 932 825 982 6
860 930 1157 998 Προφήτης
1181 946 1196 992 ;
1225 929 1404 996 Κύριε
1427 967 1443 992 ,
1472 929 1740 994 ἄνοιξον,
1790 930 1946 1000 φησὶ,

367 1017 497 1082 τοὺς
519 1013 866 1084 ὀφθαλμοὺς
888 1013 998 1067 τοῦ
1021 1012 1340 1080 παιδαρίου
1363 1014 1602 1080 τούτου,
1634 1016 1733 1068 καί
1756 1015 1945 1076 ίδέτω.

367 1101 473 1174 [70]
504 1102 584 1152 ὅτι
620 1099 842 1159 πλείους
869 1100 917 1151 οἱ
944 1096 1063 1167 μεθ’
1091 1097 1253 1167 ήμῶν
1281 1097 1422 1168 ὑπὲρ
1442 1099 1569 1161 τοὺς
1595 1099 1712 1166 μετ’
1743 1099 1945 1152 αὐτῶν.

369 1186 468 1238 Καὶ
496 1183 650 1251 ἄφνω
687 1182 749 1235 τὸ
788 1181 914 1252 ὅρος
955 1180 1077 1234 ὅλον
1105 1180 1226 1250 ὁρᾷ.
1260 1179 1398 1250 ὅπερ
1426 1182 1453 1234 ό
1491 1182 1787 1253 Προφήτης
1813 1182 1948 1252 ᾠκει

365 1270 497 1331 τότε,
531 1266 716 1318 ἵππων
744 1266 1016 1334 πυρίνων,
1049 1264 1143 1316 καὶ
1181 1261 1446 1332 ἁρμάτων
1477 1264 1736 1318 τοιούτων
1776 1268 1941 1336 ἐμπε-

367 1351 688 1423 πλησμένον.
724 1349 897 1402 Τοῦτο
925 1349 983 1402 δὲ
1010 1348 1162 1402 οὐδὲν
1191 1350 1378 1417 ἕτερον
1404 1342 1492 1418 ἦν,
1512 1351 1561 1402 εἰ
1593 1350 1668 1421 μὴ
1696 1349 1948 1421 ἀγγέλων

366 1435 713 1509 παρατάξεις.

431 1583 490 1652 β’.
513 1583 570 1636 Εἰ
598 1582 657 1634 δὲ
690 1582 988 1653 Ἐλισσαίῳ
1005 1584 1147 1656 ὑπὲρ
1161 1585 1351 1639 τούτου
1373 1586 1536 1657 μόνου
1549 1584 1786 1656 τοσαύτη
1805 1601 1948 1653 παρ-

363 1670 536 1723 εἰπετο
562 1667 717 1731 τάξις
761 1667 1039 1736 ἀγγέλων,
1079 1668 1132 1722 τί
1160 1671 1396 1742 Παύλῳς
1422 1669 1594 1724 Τοῦτο
1631 1670 1728 1724 καὶ
1751 1671 1780 1722 6
1812 1687 1949 1742 προ-

366 1755 527 1824 φὴτης
563 1751 731 1804 Ααυῒδ
782 1753 971 1822 ἔλεγε·
1014 1755 1394 1824 Παρεμϐαλεῐ
1424 1755 1680 1826 ἄγγελος
1724 1757 1947 1823 Κυρίου

363 1839 550 1902 κύκλῳ
583 1836 709 1890 τῶν
745 1837 1141 1907 φοϐουμένων
1165 1841 1392 1894 αὐτόν’
1449 1843 1544 1894 καὶ⁵
1585 1840 1770 1905 πάλιν,
1821 1839 1948 1894 Ἐπὶ

371 1920 559 1991 χειρῶν
570 1920 801 1988 ἀροῦσί
824 1937 918 1984 σε,
944 1920 1178 1989 μήποτε
1205 1923 1578 1992 προσκόψῃς
1595 1924 1747 1993 πρὸς
1771 1924 1948 1978 λίθον

375 2008 468 2059 τὸν
494 2004 646 2060 πόδα
672 2021 818 2058 σου.
860 2005 971 2058 Καὶ
1007 2004 1060 2058 τί
1092 2004 1235 2072 λέγω
1269 2006 1571 2075 ἀγγέλους;
1613 2006 1774 2069 αὐτὸς
1801 2009 1830 2060 ὁ
1857 2010 1949 2061 Δε-

375 2091 550 2160 σπότης
573 2089 706 2142 τότε
757 2090 875 2159 μετ’
917 2087 1084 2142 αὑτοῦ
1116 2085 1186 2161 ἦν
1211 2089 1469 2156 ἐξιόντος.
1511 2092 1587 2146 Οὐ
1625 2091 1735 2163 γὰρ
1769 2093 1944 2165 δήπου

366 2176 434 2244 τῷ
461 2176 551 2245 μὲν
601 2175 862 2246 Ἀϐραάμ
888 2175 1194 2242 ὠπτάνετο,
1223 2176 1364 2247 μετὰ
1393 2177 1450 2230 δὲ
1482 2177 1676 2232 τούτου
1709 2179 1812 2234 οὐκ
1841 2176 1941 2252 ἦν’

363 2259 508 2322 αὐτὸς
533 2259 649 2329 γὰρ
671 2257 1047 2328 ἐπηγγείλατο
1071 2259 1246 2327 λέγων
1272 2278 1286 2292 ’
1328 2261 1477 2330 Ἐγώ
1493 2264 1611 2332 εἶμι
1627 2265 1758 2332 μεθ’
1775 2251 1946 2334 ὑμῶν

359 2343 546 2408 πάσας
567 2343 679 2406 τὰς
699 2343 926 2409 ἡμέρας
943 2342 1052 2408 ἕως
1071 2343 1181 2411 τῆς
1202 2346 1564 2412 συντελείας
1580 2346 1688 2401 τοῦ
1705 2347 1940 2416 αἰῶνος.

359 2427 458 2479 Καὶ
501 2426 671 2480 πάλιν
709 2427 898 2496 ὀφθεὶς
926 2427 1096 2497 αὐτῷ,
1135 2427 1292 2497 ἔλεγε
1317 2444 1330 2457 ·
1377 2429 1477 2496 Μὴ
1521 2430 1736 2498 φοϐοῦ,
1779 2432 1943 2487 ἀλλὰ

351 2508 532 2572 λάλει,
575 2509 678 2563 ὅτι
705 2508 822 2579 ἐγώ
859 2512 977 2579 ειμι
1002 2511 1158 2580 μετὰ
1175 2511 1315 2574 σοῦ,
1357 2512 1458 2566 καί
1492 2513 1694 2581 οὐδεὶς
1721 2516 1943 2581 ἐπιθή-

349 2595 512 2648 σεταί
533 2609 646 2649 σοι
683 2595 793 2648 τοῦ
818 2596 1092 2650 κακῶσαί
1115 2611 1211 2650 σε.
1238 2597 1351 2650 Καὶ
1383 2599 1507 2651 κατ’
1541 2598 1675 2672 ὄναρ
1708 2601 1765 2654 δὲ
1789 2601 1941 2673 αὐτῷ

351 2681 542 2749 ἐπέστη
573 2679 797 2748 λέγων’
867 2679 1118 2749 Θάρσειο
1155 2682 1238 2748 ὡς
1290 2682 1401 2752 γὰρ
1444 2682 1818 2754 διεμαρτύρω
1869 2687 1942 2740 τὰ

348 2763 474 2831 περὶ
513 2765 670 2834 ἐμοῦ
705 2766 793 2831 εἰς
830 2764 1248 2836 Ἰερουσαλὴμ,
1280 2766 1436 2820 οὕτω
1482 2785 1559 2822 σε
1587 2769 1686 2823 δεῖ
1723 2771 1825 2824 καὶ
1871 2772 1946 2826 ἐν

358 2845 539 2915 Ῥώμῃ
551 2845 969 2916 μαρτυρῆσαι.
1009 2848 1120 2901 ’Δεὶ
1141 2849 1240 2918 μὲν
1265 2844 1360 2902 οὖν
1375 2852 1423 2903 οἰ
1441 2851 1591 2919 ἆγιοι
1613 2852 1939 2924 θαυμαστοὶ,

346 2929 434 2982 καὶ
464 2931 678 3001 πολλῆς
711 2931 945 3000 γέμουσι
989 2933 1234 3004 χάριτος,
1296 2933 1534 3003 μάλιστα
1583 2935 1641 2989 δὲ
1678 2937 1808 2990 ὅταν
1853 2939 1944 2993 διὰ

344 3014 572 3084 Χριστὸν
611 3015 1020 3080 κινδυνεῦωσιν,
1047 3017 1175 3069 ὅταν
1203 3016 1416 3086 δέσμιοι
1465 3017 1748 3086 γίνωνται.
1788 3022 1943 3075 Καθ-

342 3098 479 3168 άπερ
511 3099 633 3171 γὰρ
672 3099 1015 3171 στρατιώτης
1059 3103 1311 3169 γενναῖος
1353 3102 1440 3155 ἀεὶ
1486 3103 1585 3172 μὲν
1617 3105 1716 3158 καὶ
1749 3107 1942 3171 ἁπλῶς

341 3183 434 3252 ήδὺ
462 3183 652 3253 θέαμα
667 3185 782 3246 τοῖς
797 3183 968 3254 ὁρῶσι
991 3184 1222 3252 γίνεται,
1252 3185 1487 3256 μάλιστα
1501 3187 1558 3240 δὲ
1575 3188 1703 3241 ὅταν
1730 3191 1940 3265 ἑστήκῃ

341 3268 431 3318 καὶ
479 3267 818 3340 παρατάττῃ
873 3267 1004 3339 παρ’
1052 3269 1219 3322 αὑτὸν
1249 3269 1342 3322 τὸν
1395 3269 1654 3341 βασιλέα·
1697 3273 1841 3328 οὓτω
1874 3275 1939 3347 δὴ

340 3352 429 3403 καὶ
459 3352 685 3405 Παῦλον
707 3351 985 3423 ἐννόησον,
1014 3353 1139 3406 ὅσον
1167 3349 1236 3425 ἦν
1264 3354 1395 3407 ἰδεῖν
1420 3356 1560 3426 μετὰ
1584 3358 1693 3410 τῶν
1723 3358 1940 3430 δεσμῶν

339 3436 492 3488 αὐτὸν
531 3436 887 3489 διδάσκοντα.
935 3438 1090 3492 Είπω
1123 3439 1181 3491 τί
1211 3438 1417 3509 μεταξὺ
1468 3439 1562 3494 νῦν
1601 3441 1833 3495 ὑπελθόν
1871 3462 1940 3514 με

337 3518 544 3588 νόημα;
620 3519 679 3572 ’0
736 3521 1013 3590 μακάριος
1056 3520 1270 3592 μάρτυς
1318 3522 1572 3587 Βαϐύλας
1621 3524 1800 3596 ἐδέθη,
1845 3529 1939 3581 καὶ

337 3601 493 3664 αὐτὸς
520 3601 643 3655 ἀπὸ
687 3602 790 3672 τῆς
815 3596 988 3672 αὐτῆς
1017 3605 1222 3669 αἰτίας,
1271 3605 1366 3674 ἀφ’
1409 3602 1479 3680 ἧς
1511 3607 1608 3661 καὶ
1658 3609 1935 3680 Ἰωάννης,

275 3671 282 3677 ’
338 3683 557 3753 βασιλέα
625 3671 1053 3756 παρανομοῦντα
1108 3671 1356 3756 ἐλέγξας.
1428 3671 1598 3754 δῦτος
1667 3671 1938 3748 τελευτῶν

336 3769 604 3840 ἐπέτρεψε
639 3769 708 3823 τά
748 3769 926 3840 δεσμὰ
961 3770 1184 3841 τεθῆναι
1231 3773 1371 3843 μετὰ
1403 3774 1497 3827 τοῦ
1537 3774 1810 3846 σώματος,
1840 3781 1935 3834 καὶ

334 3851 390 3903 τὸ
423 3853 584 3923 σῶμα
620 3853 911 3923 δεδεμένον
951 3856 1191 3926 ταφῆναι
1219 3875 1230 3887 ·
1261 3859 1356 3910 καὶ
1389 3857 1486 3912 νῦν
1515 3860 1570 3912 αἱ
1605 3861 1765 3915 πέδαι
1798 3866 1934 3916 κεῖν-

333 3952 418 3989 ται
461 3938 608 4006 μετὰ
640 3936 741 4005 τῆς
781 3937 1011 4009 τέφρας.
1050 3939 1320 4004 Τοσοῦτος
1352 3936 1421 4013 ἦν
1450 3943 1601 4015 αὐτῷ
1633 3945 1797 4009 πόθος
1825 3949 1933 4000 τῶν

331 4018 416 4072 διὰ
441 4020 688 4093 Χριστὸν
711 4019 949 4088 δεσμῶν.
982 4021 1242 4092 Σίδηρον
1280 4023 1533 4093 διῆλθεν
1556 4029 1594 4096 ἡ
1621 4031 1794 4097 ψυχὴ
1825 4034 1934 4086 αὺ-

331 4102 456 4166 τοῦ,
487 4105 516 4156 ό
540 4105 849 4175 Προφήτης
872 4107 1008 4176 φησὶ
1038 4107 1168 4176 περὶ
1193 4106 1288 4160 τοῦ
1329 4109 1551 4181 Ἰωσήφ.
1584 4111 1722 4185 Ἤδη
1750 4115 1807 4167 δέ
1838 4117 1934 4169 καὶ

329 4190 586 4253 γυναῖκες
632 4186 841 4239 τούτων
869 4187 1063 4241 ἔλαϐον
1111 4194 1308 4262 πεῖραν
1341 4192 1452 4246 τῶν
1503 4193 1722 4266 δεσμῶν
1752 4215 1765 4227 ο
1816 4199 1932 4252 ἀλλ’

327 4273 486 4342 ἡμεῖς
502 4272 566 4324 οὐ
588 4271 968 4342 δεσμούμεθα.
990 4273 1126 4326 Οὐδὲ
1144 4275 1304 4327 τοῦτο
1326 4278 1603 4343 παραινῶ,
1624 4281 1820 4350 καιροῦ
1839 4283 1933 4336 νῦν

329 4358 425 4410 οὐκ
451 4359 614 4421 ὄντος
636 4375 651 4387 ·
687 4358 824 4411 ἀλλὰ
854 4358 918 4410 σὺ
949 4361 1024 4430 μὴ
1051 4361 1221 4434 δήσῃς
1251 4363 1348 4426 τὰς
1373 4367 1584 4434 χεῖρας,
1608 4365 1748 4420 ἀλλὰ
1772 4368 1933 4440 δῆσον

325 4442 420 4510 τὴν
451 4441 730 4496 διάνοιαν.
767 4441 928 4494 Ἔστι
985 4445 1082 4496 καὶ
1111 4445 1249 4498 ἄλλα
1296 4446 1507 4516 δεσμόν
1553 4450 1603 4501 οἱ
1651 4449 1823 4504 ταῦτα
1857 4452 1932 4522 μὴ

326 4529 609 4596 φέροντες,
650 4529 838 4582 ἐκεῖνα
867 4529 1130 4583 οἴσουσιν.
1173 4532 1376 4585 ’Ἄκουε
1422 4533 1518 4587 τοῦ
1568 4535 1807 4606 Χριστοῦ
1842 4536 1930 4590 λέ-

325 4629 514 4677 γοντος
535 4630 548 4642 -
577 4610 821 4677 Δήσατε
843 4613 1034 4666 αὑτοῦ
1055 4613 1259 4682 χεῖρας
1287 4616 1386 4670 καὶ
1417 4617 1628 4685 πόδας.
1667 4619 1829 4674 Ἀλλὰ
1857 4622 1930 4693 μὴ

325 4695 537 4760 γένοιτο
556 4699 762 4763 πεῖραν
788 4696 1016 4750 ἐκείνων
1033 4697 1239 4766 λαϐεῖν,
1261 4700 1470 4754 τούτων
1495 4703 1553 4756 δὲ
1579 4703 1688 4756 τῶν
1713 4705 1930 4776 δεσμῶν

327 4778 418 4830 καὶ
443 4777 840 4849 ἐμπλησθῆναι
867 4780 1103 4848 γένοιτο.
1139 4784 1238 4837 Διὰ
1270 4783 1444 4839 ταῦτα
1468 4786 1657 4856 ἔλεγεν
1678 4804 1691 4816 ·
1731 4789 1872 4859 Ἐγὼ
1899 4793 1931 4843 ό

323 4862 574 4931 δέσμιος
594 4863 668 4916 ἐν
697 4864 892 4931 Κυρίῳ
919 4867 1250 4933 παρακαλῶ
1269 4868 1451 4937 ὑμᾶς,
1483 4871 1667 4938 ἀξίως
1683 4889 1928 4942 περιπα-

325 4945 506 5012 τῆσαι
561 4946 679 5015 τῆς
734 4947 1015 5015 κλήσεως
1064 4945 1142 5020 ἧς
1191 4952 1521 5022 ἐκλήθητε·
1585 4958 1681 5010 καὶ
1741 4959 1925 5022 πάλιν,

326 5029 592 5100 Κεφαλήν
645 5029 848 5101 ἔχομεν
901 5032 993 5084 τὸν
1025 5034 1290 5104 Χριστόν.
1345 5039 1644 5111 Συνήγειρε
1692 5043 1801 5111 γὰρ
1834 5047 1928 5097 καὶ

327 5115 686 5170 συνεκάθισεν
713 5118 864 5188 ἡμᾶς
899 5119 957 5170 ἐν
983 5124 1097 5183 τοῖς
1124 5122 1472 5192 ἐπουρανίοις
1498 5126 1724 5195 ἐχθροὺς
1745 5128 1926 5193 ὄντας,

322 5200 415 5253 καὶ
439 5202 621 5272 μυρία
644 5203 1064 5273 ἐργασαμένους
1087 5206 1255 5261 κακά.
1282 5209 1565 5280 Μεγάληή
1593 5210 1806 5281 κλῆσις,
1832 5215 1926 5268 καὶ

322 5285 414 5336 ἐπὶ
450 5285 742 5354 μεγάλοις,
779 5287 882 5358 οὐχ
923 5289 1006 5342 ὅτι
1040 5290 1138 5343 ἀπ’
1187 5292 1418 5346 ἐκείνων
1467 5295 1651 5365 μόνον,
1687 5295 1803 5349 ἀλλ’
1843 5297 1927 5352 ὅτι

323 5369 414 5421 καὶ
445 5369 544 5422 ἐπὶ
579 5370 832 5437 τοιαῦτα,
867 5373 960 5426 καὶ
991 5374 1219 5447 τοιούτῳ
1244 5377 1455 5448 τρόπῳ.

391 5517 518 5581 Πῶς
550 5519 613 5572 δὲ
642 5521 792 5575 ἔστιν
839 5522 1008 5588 ἀξίως
1059 5528 1476 5599 περιπατῆσαι;
1517 5532 1680 5586 Μετὰ
1717 5534 1926 5605 πάσης

326 5607 918 5674 ταπεινοφροσύνης.
986 5610 1045 5663 Ὀ
1086 5612 1330 5676 τοιοῦτος
1387 5611 1555 5679 ἀξίως
1593 5624 1923 5688 περιπατεῖ·

322 5685 478 5776 τοῦτο
518 5687 725 5776 ἀρετῆς
757 5690 946 5776 πάσης
981 5694 1260 5760 ὑπόθεσις.
1296 5695 1409 5771 [71]
1433 5701 1530 5751 Ἂν
1550 5685 1807 5767 ταπεινὸς
1833 5701 1920 5776 ᾖς,

323 5769 416 5860 καὶ
457 5770 731 5860 ἐννοήσῃς
775 5776 861 5840 τίς
907 5775 987 5829 ῶν
1015 5779 1134 5842 πῶς
1184 5769 1418 5850 ἐσώθης,
1480 5783 1740 5857 ἀφορμήν
1789 5769 1926 5860 πρὸς

322 5854 525 5924 ἀρετὴν
573 5856 874 5929 λαμϐάνεις
928 5863 1028 5938 τὴν
1072 5866 1315 5936 μνήμην,
1378 5866 1502 5920 οὔτε
1540 5854 1653 5933 τοῖς
1700 5870 1920 5943 δεσμοῖς

2053 508 2294 579 ἐπαίρῃ,
2351 509 2471 562 οὔτε
2508 512 2689 576 αὐτοῖς
2740 513 2949 578 τούτοις
2993 513 3076 579 οἷς
3121 515 3290 577 εἷπον,
3329 521 3447 573 ἀλλ’
3483 523 3637 587 εἰδὼς

2049 589 2131 642 ὅτι
2160 592 2220 643 τὸ
2252 593 2358 644 πᾶν
2395 593 2501 660 τῆς
2537 596 2757 665 χάριτός
2793 599 2928 658 ἐστι,
2972 602 3278 666 συστέλλεις
3320 605 3536 658 σαυτόν.
3582 605 3640 655 '0

2048 675 2432 746 ταπεινόφρων
2464 679 2558 730 καὶ
2591 681 2890 751 εὐγνώμων
2928 682 3150 738 δύναται
3182 683 3321 740 εἶναι
3353 689 3446 741 καὶ
3477 690 3640 758 εὐχά-

2051 773 2234 826 ριστος
2260 760 2501 830 οἰκέτης.
2534 764 2594 816 Τί
2620 764 2730 833 γὰρ
2756 766 2936 835 ἔχεις,
2971 771 3158 838 φησὶν,
3178 771 3209 824 ὃ
3239 775 3352 826 οὐκ
3379 773 3595 840 ἔλαϐες
3617 791 3634 834 ;

2052 843 2254 896 ’Ἄκουε
2296 844 2353 897 δὲ
2410 846 2571 898 πάλιν
2625 848 2791 901 αὐτοῦ
2853 851 3100 919 λέγοντος
3133 871 3145 883 ·
3197 858 3639 924 Περισσότερον

2048 925 2250 980 αὐτῶν
2288 928 2534 983 πάντων
2573 932 2896 997 ἐκοπίασα,
2938 939 3050 990 οὐκ
3104 939 3221 1008 ἐγὼ
3271 939 3360 1006 δὲ,
3424 941 3564 995 ἀλλ’
3598 943 3637 1008 ἡ

2048 1009 2223 1078 χάρις
2267 1013 2374 1066 τοῦ
2417 1015 2567 1068 Θεοῦ
2605 1016 2642 1082 ἡ
2679 1017 2801 1071 σὺν
2829 1019 2980 1088 ἐμοί.
3015 1024 3179 1076 Μετὰ
3217 1024 3441 1090 πάσης.
3478 1025 3635 1095 φησὶ,

2047 1100 2630 1166 ταπεινοφροσύνης,
2669 1101 2744 1171 μὴ
2773 1101 2873 1171 τῆς
2906 1105 2964 1155 ἐν
2997 1107 3230 1176 ῥήμασι,
3253 1107 3387 1177 μηδὲ
3417 1110 3474 1161 ἐν
3499 1108 3639 1176 πρά-

2047 1193 2220 1246 γμασι
2256 1181 2462 1248 μόνοις.
2487 1181 2625 1236 ἀλλὰ
2648 1183 2740 1236 καὶ
2774 1186 2832 1236 ἐν
2858 1188 3099 1257 σχήματι
3127 1189 3221 1242 καὶ
3244 1192 3302 1241 ἐν
3321 1191 3598 1261 φθέγματι
3619 1206 3631 1216 “

2052 1262 2128 1332 μὴ
2163 1265 2303 1335 πρὸς
2332 1263 2520 1320 τοῦτον
2558 1267 2658 1338 μὲν
2685 1271 2962 1337 ταπεινὸς,
2995 1273 3132 1343 πρὸς
3170 1275 3228 1327 δὲ
3256 1277 3461 1328 ἐκεῖνον
3502 1276 3638 1349 θρα-

2050 1347 2175 1409 σύς³
2228 1352 2366 1419 πρὸς
2403 1351 2613 1415 πάντας
2665 1353 2758 1406 ἔσο
2799 1356 3077 1420 ταπεινὸς,
3122 1359 3226 1412 κᾶν
3279 1355 3494 1432 φίλοςῇ
3534 1347 3638 1412 κᾶν

2047 1431 2264 1506 ἐχθρὸς,
2300 1435 2405 1488 κᾶν
2437 1436 2612 1505 μέγας
2651 1437 2755 1491 κᾶν
2789 1441 2988 1512 μικρός
3023 1459 3038 1474 ·
3080 1442 3240 1496 τοῦτο
3273 1431 3638 1514 ταπεινοφροσ-

2050 1515 2206 1587 σύνη.
2266 1519 2376 1572 Καὶ
2428 1521 2487 1572 ἐν
2548 1523 2663 1585 τοῖς
2718 1523 3144 1596 κατορθώμασιν
3209 1527 3302 1581 ἔσο
3355 1528 3632 1591 ταπεινός.

2051 1602 2251 1654 ’Ἄκουε
2305 1603 2414 1674 γάρ
2470 1603 2566 1657 τοῦ
2620 1607 2862 1678 Χριστοῦ
2920 1609 3207 1677 λέγοντος,
3243 1612 3538 1681 Μακάριοι
3584 1616 3636 1664 οἱ

2046 1685 2269 1753 πτωχοὶ
2301 1687 2382 1751 τῷ
2417 1689 2737 1758 πνεύματι,
2781 1692 3065 1747 καὶτοῦτο
3112 1695 3330 1766 πρῶτον
3370 1695 3633 1756 τιθέντος.

2047 1769 2146 1822 Διὰ
2183 1770 2345 1824 τοῦτο
2372 1775 2470 1826 καὶ
2499 1773 2666 1836 αὐτός
2712 1792 2867 1846 φησι·
2904 1778 3067 1832 Μετὰ
3115 1780 3323 1848 πάσης
3363 1796 3636 1835 ταπεινο-

2045 1854 2364 1922 φροσύνης
2390 1855 2491 1908 καὶ
2519 1859 2858 1926 πραότητος
2883 1861 3442 1933 καί-μακροθυμίας.
3478 1866 3635 1917 Ἔστι

2045 1939 2157 2009 γὰρ
2191 1940 2449 1992 ταπεινὸν
2487 1941 2585 2011 μὲν
2615 1937 2776 2002 εἶναι.
2818 1943 2946 2008 ὀξὺν
2993 1946 3051 1998 δὲ
3094 1950 3189 2000 καὶ
3231 1949 3484 2019 ὀργίλον·
3518 1949 3635 2002 ἀλλ’

2045 2023 2198 2076 οὐδὲν
2237 2025 2434 2093 ὄφελος
2457 2043 2468 2054 ·
2502 2025 2761 2090 πολλάκις
2785 2027 2894 2098 γὰρ
2923 2030 3031 2083 ὑπὸ
3063 2032 3162 2100 τῆς
3189 2033 3362 2105 ὀργῆς
3406 2037 3634 2105 κατεχό-

2048 2124 2228 2178 μενος.
2255 2109 2432 2162 πάντα
2454 2108 2754 2164 ἀπώλεσεν.
2805 2112 3207 2183 Ἀνεχόμενοι,
3235 2120 3420 2187 φησὶν,
3444 2119 3638 2185 ἀλ.ιή-

2043 2193 2170 2243 λων
2197 2191 2268 2243 ἐν
2295 2191 2518 2261 ἀγάπῃ.
2555 2193 2679 2257 Πῶς
2709 2197 2998 2266 ἀνέχεσθαι
3032 2200 3279 2263 δυνατὸν,
3321 2202 3388 2254 ἂν
3418 2203 3633 2274 ὀργίλος

2045 2269 2100 2348 ᾖ,
2134 2273 2201 2328 ἂν
2219 2276 2525 2347 κατήγορος
2549 2296 2562 2343 ;
2597 2274 2733 2331 Εἶπε
2754 2281 2958 2334 καὶτὸν
2983 2282 3213 2352 τρόπον’
3280 2285 3375 2335 Ἐν
3407 2269 3631 2354 ἀγάπῃ,

2047 2358 2232 2429 φησίν.
2263 2358 2326 2412 Εἰ
2364 2360 2457 2413 τοῦ
2497 2363 2746 2432 πλησίον,
2779 2365 2965 2435 φησὶν,
3003 2368 3104 2420 οὐκ
3139 2367 3330 2438 ἀνέχῃ,
3384 2369 3501 2431 πῶς
3537 2371 3632 2422 σοῦ

2044 2440 2293 2506 ἀνέξεται
2324 2445 2352 2496 6
2389 2444 2557 2511 Θεός;
2595 2449 2644 2501 εἰ
2672 2448 2834 2512 αὐτὸς
2867 2449 2959 2502 τὸν
2988 2451 3279 2520 ὁμόδουλον
3321 2453 3380 2505 οὐ
3420 2453 3625 2524 φέρεις,

2043 2526 2162 2590 πῶς
2193 2528 2257 2581 σὲ
2284 2529 2422 2582 οἴσει
2446 2532 2474 2582 6
2500 2533 2811 2604 Δεσπότης;
2847 2534 3019 2590 Ἔνθα
3049 2535 3116 2590 ἂν
3213 2537 3425 2607 ἀγάπη,
3454 2539 3633 2592 πάντα

2041 2613 2199 2666 οἰστά
2227 2615 2367 2666 ἐστι.
2412 2615 2879 2684 Σπουδάζοντες,
2918 2620 3073 2690 φησὶ,
3106 2621 3307 2690 τηρεῖν
3337 2622 3451 2690 τὴν
3493 2625 3630 2678 ἐνό-

2041 2714 2189 2763 τητα
2205 2697 2310 2778 τοῦ
2339 2701 2679 2768 πνεύματος
2699 2702 2768 2754 ἐν
2788 2703 2867 2766 τῷ
2885 2704 3209 2774 συνδέσμῳ
3232 2706 3341 2773 τῆς
3359 2709 3626 2778 εἰρήνης.

2041 2780 2213 2851 Δῆσον
2248 2777 2343 2835 οὖν
2367 2783 2468 2845 τὰς
2499 2787 2687 2854 χεῖρας
2721 2788 2786 2857 τῇ
2827 2788 3120 2858 ἐπιεικείᾳ.
3160 2790 3328 2842 Πάλιν
3365 2793 3426 2844 τὸ
3462 2795 3628 2849 καλὸν

2039 2865 2213 2933 δνομα
2241 2865 2502 2935 ἤνθησεν,
2524 2869 2552 2919 6
2576 2867 2798 2938 δεσμός·
2823 2870 3118 2942 ἀφήκαμεν
3141 2873 3323 2936 αὐτὸν,
3340 2876 3434 2930 καὶ
3454 2878 3619 2943 αὐτὸς

2041 2951 2174 3019 ήμῖν
2200 2947 2362 3028 πάλιν
2398 2951 2694 3022 ἐπέδραμε.
2725 2953 2907 3016 Καλὸς
2936 2957 3143 3020 ἐκεῖνος
3172 2959 3201 3010 6
3221 2957 3442 3028 δεσμὸς,
3459 2962 3625 3026 καλὸς

2041 3033 2135 3086 καὶ
2173 3024 2357 3096 οὗτος·
2391 3033 2484 3087 καὶ
2516 3036 2724 3099 ἐκεῖνος
2755 3038 2863 3090 ἀπὸ
2889 3037 3086 3092 τούτου
3115 3041 3381 3096 τίκτεται.
3431 3044 3629 3116 Σύνδηι

2042 3133 2134 3168 σον
2177 3117 2376 3170 σαυτὸν
2414 3118 2492 3188 τῷ
2519 3118 2736 3190 ἀδελφῷ
2758 3136 2772 3150 °
2819 3124 2868 3174 οἰ
2898 3122 3134 3177 τοιοῦτοι
3165 3123 3382 3180 ἅπαντα
3413 3128 3632 3197 κούφως

2039 3199 2302 3270 φέρουσιν
2343 3203 2392 3254 οἱ
2424 3202 2801 3274 συνδεδεμένοι
2836 3209 2904 3277 τῇ
2941 3207 3152 3280 ἀγάπῃ.
3193 3209 3398 3264 Σαυτὸν
3433 3213 3631 3284 ἐκείνῳ

2043 3285 2369 3356 -ιτρόσδησον,
2407 3287 2662 3340 κάκεῖνόν
2695 3305 2778 3342 σοι
2800 3304 2811 3316 ·
2854 3293 3186 3363 ἀμφοτέρων
3217 3295 3280 3346 σὺ
3315 3295 3507 3368 κύριος
3533 3315 3544 3326 ⁸
3571 3300 3630 3352 ὃν

2038 3370 2148 3440 γὰρ
2173 3370 2239 3423 ἂν
2279 3370 2636 3442 βουλήσωμαι
2664 3374 2890 3442 ποιῆσαι
2927 3375 3104 3444 φίλον,
3131 3378 3455 3450 δυνήσομαι.
3490 3387 3630 3438 Μετ’

2035 3454 2323 3519 εὐκολίας
2377 3453 2848 3522 σπουδάζοντες.
2923 3461 3214 3514 Δείκνυσιν
3265 3465 3364 3534 οὐχ
3417 3467 3627 3533 ἁπλῶς,

2035 3536 2272 3590 οὐδὲτοῦ
2311 3537 2567 3607 τυχόντος
2600 3539 2662 3591 τὸ
2700 3542 2933 3612 πρᾶγμα
2961 3539 3122 3598 εἶναι.
3156 3549 3626 3620 Σπουδάζοντες,

2037 3621 2192 3690 φησὶ,
2220 3619 2423 3688 τηρεῖν
2443 3620 2559 3687 τὴν
2589 3621 2844 3691 ἑνότητα
2869 3626 2973 3680 τοῦ
3006 3630 3372 3699 πνεύματος.

2106 3777 2175 3838 γ’.
2199 3770 2265 3822 Τί
2295 3770 2441 3822 ἐστιν
2464 3771 2656 3841 ἑνότης
2681 3773 3022 3843 πνεύματος;
3049 3777 3318 3850 Καθάπερ
3338 3783 3394 3834 ἐν
3416 3785 3624 3855 σώματι

2035 3857 2256 3926 πνεῦμά
2289 3857 2406 3907 ἐστι
2437 3856 2498 3908 τὸ
2524 3857 2702 3910 πάντα
2747 3860 2994 3930 συνέχον,
3029 3864 3124 3916 καὶ
3164 3865 3222 3916 ἓν
3255 3883 3307 3918 τι
3340 3869 3530 3922 ποιοῦν
3570 3875 3630 3924 τὸ

2033 3942 2091 3992 ἐν
2117 3939 2398 4009 διαφόροις
2438 3938 2497 3991 ὃν
2534 3941 2755 4009 μέλεσιν
2781 3961 2794 3973 ·
2825 3944 2971 3998 οὕτω
3006 3946 3070 4017 δὴ
3118 3950 3209 4001 καὶ
3240 3952 3494 4007 ἐνταῦθα.
3530 3957 3629 4008 Διὰ

2034 4025 2143 4095 γὰρ
2172 4023 2332 4076 τοῦτο
2358 4024 2418 4076 τὸ
2447 4025 2670 4094 πνεῦμα
2696 4027 2876 4097 ἐδόθη,
2913 4030 2998 4083 ἵνα
3039 4034 3167 4097 τοὺς
3201 4036 3346 4103 γένει
3374 4039 3470 4092 καὶ
3504 4043 3630 4111 τρό-

2033 4126 2157 4170 ποις
2190 4107 2470 4178 διαφόροις
2503 4108 2859 4178 διεστηκότας
2889 4113 3088 4186 ένὼσῃ.
3117 4118 3173 4168 Ὀ
3198 4119 3304 4190 γὰρ
3329 4121 3506 4191 γέρων
3534 4107 3628 4177 καὶ

2033 4195 2060 4243 ό
2083 4192 2221 4255 νέος,
2257 4194 2283 4242 6
2309 4194 2472 4260 πένης
2498 4195 2590 4244 καὶ
2617 4193 2644 4244 6
2678 4193 2952 4258 πλούσιος,
3002 4201 3028 4250 6
3053 4203 3179 4264 παῖς
3216 4203 3311 4255 καί
3339 4205 3367 4256 6
3398 4205 3624 4277 ἔφηϐος,

2029 4281 2062 4347 ἡ
2095 4278 2234 4346 γονὴ
2291 4276 2384 4328 καὶ
2413 4278 2442 4328 6
2477 4277 2636 4348 ἀνὴρ,
2680 4281 2772 4333 καὶ
2812 4284 2956 4334 πᾶσα
3009 4284 3154 4356 ψυχὴ
3194 4286 3252 4339 ἓν
3303 4306 3353 4341 τι
3392 4276 3622 4358 γίνεται,

2031 4363 2124 4414 καὶ
2158 4360 2359 4430 μᾶλλον
2386 4360 2418 4430 ἢ
2455 4361 2502 4412 εἰ
2527 4362 2686 4432 σῶμα
2711 4363 2769 4416 ἓν
2803 4361 2889 4437 ἦν.
2911 4367 3128 4439 Ταύτης
3163 4371 3271 4442 γὰρ
3300 4373 3400 4444 τῆς
3426 4393 3624 4445 συγγε-

2031 4447 2182 4509 νείας
2221 4444 2403 4516 πολλῴ
2436 4447 2639 4516 μείζων
2675 4451 2882 4522 ἐκείνη,
2939 4454 3033 4506 καὶ
3069 4455 3272 4510 πλείων
3304 4461 3336 4530 ἡ
3369 4444 3623 4532 ἀκρίϐεια

2029 4531 2131 4598 τῆς
2174 4531 2442 4592 ἐνώσεως.
2493 4531 2553 4583 Ἦ
2594 4531 2703 4605 γάρ
2734 4536 2830 4605 τῆς
2877 4536 3058 4609 ψυχῆς
3091 4542 3356 4612 συνάφεια
3400 4531 3625 4618 ἀκριϐε-

2032 4616 2199 4686 στέρα
2227 4616 2393 4678 ἐστὶν,
2427 4615 2538 4686 ὅσῳ
2567 4620 2662 4670 καὶ
2693 4619 2840 4687 ἁπλῆ
2867 4622 2962 4674 καὶ
3017 4627 3300 4698 μονοειδής
3330 4615 3624 4698 ἔστα-Πῶς

2029 4700 2085 4752 δὲ
2116 4698 2257 4767 αὕτη
2293 4699 2622 4767 φυλάττεται
2651 4717 2664 4764 ;
2712 4705 2812 4756 Ἐν
2843 4703 2923 4768 τῷ
2963 4708 3289 4777 συνδέσμῳ
3326 4712 3438 4779 τῆς
3466 4717 3624 4784 εἰρή-

2029 4801 2162 4848 νης.
2199 4782 2313 4835 Οὐκ
2335 4781 2484 4835 ἔστιν
2509 4786 2564 4836 ἐν
2587 4784 2758 4856 ἔχθρᾳ
2792 4789 2886 4840 καὶ
2912 4789 3196 4845 διαστάσει
3225 4795 3430 4866 ταύτην
3457 4781 3619 4855 εἶναι.

2030 4867 2225 4951 ’Ὅπου
2259 4868 2368 4936 γὰρ
2426 4867 2618 4935 ἔριδες
2652 4869 2767 4942 [72]
2802 4873 2872 4924 ἐν
2899 4874 3063 4942 ἡμῖν,
3117 4879 3271 4946 φησὶ,
3322 4882 3419 4935 καὶ
3454 4881 3622 4951 ζῆλοι

2028 4951 2126 5004 καὶ
2167 4950 2577 5019 διχοστασίαι,
2612 4954 2750 5023 οὐχὶ
2801 4961 3083 5024 σαρκικοί
3131 4962 3294 5026 ἐστε,
3341 4950 3622 5022 καὶκατὰ

2027 5034 2347 5102 ἄνθρωπον
2400 5039 2817 5104 περιπατεῖτε;
2880 5041 3153 5114 Καθάπερ
3216 5045 3325 5118 γὰρ
3373 5047 3432 5100 τε
3487 5050 3619 5122 πῦρ,

2026 5117 2155 5169 ὅταν
2195 5117 2294 5186 μὲν
2325 5116 2470 5188 ξηρά
2502 5117 2642 5190 εὕρῃ
2671 5118 2824 5187 ξύλα,
2857 5123 2987 5192 μίαν
3018 5125 3086 5176 τὰ
3114 5116 3302 5181 πάντα.
3323 5116 3618 5202 ἐργάζεται

2029 5202 2235 5274 πυράν,
2265 5203 2395 5255 ὅταν
2424 5203 2479 5256 δὲ
2500 5205 2666 5275 ὑγρὰ,
2694 5205 2816 5260 οὐδὲ
2836 5209 3050 5279 ἐνεργεῖ
3074 5212 3193 5266 οὐδὲ
3218 5217 3580 5283 συγκολλᾶται
3601 5239 3614 5252 ο

2026 5285 2170 5340 οὕτω
2215 5285 2310 5339 καὶ
2362 5286 2640 5340 ἐνταῦθα’
2686 5289 2838 5344 οὐδὲν
2895 5293 3006 5344 τῶν
3043 5294 3270 5368 ψυχρῶν
3317 5300 3486 5372 αὐτὴν
3533 5320 3620 5356 συ.

2028 5368 2251 5438 σφίγξαι
2269 5369 2511 5436 δύναται,
2544 5371 2774 5458 ἕκαστον
2794 5374 2851 5427 δὲ
2875 5375 2950 5440 ὡς
2977 5378 3072 5430 ἐπὶ
3096 5378 3154 5432 τὸ
3184 5380 3321 5433 πολὺ
3346 5368 3457 5438 τῶν
3486 5385 3615 5458 θερ-

2029 5453 2169 5526 μῶν.
2218 5454 2350 5509 Ἀπὸ
2384 5455 2576 5509 τούτου
2602 5455 2734 5526 γοῦν
2767 5459 2861 5511 καὶ
2890 5461 2922 5530 ή
2959 5459 3235 5532 θερμότης
3263 5466 3363 5536 τῆς
3389 5453 3615 5537 ἀγάπης

2025 5537 2270 5592 τίκτεται
2295 5555 2311 5572 ·
2351 5539 2463 5593 ἀπὸ
2505 5539 2601 5594 τοῦ
2639 5541 2941 5612 συνδέσμου
2982 5545 3079 5615 τῆς
3110 5547 3336 5620 εἰρήνης
3369 5551 3617 5622 βούλεται

2026 5623 2287 5693 συνδῆσαι
2319 5624 2526 5687 πάντας
2582 5626 2752 5695 ἡμᾶς.
2785 5627 3054 5699 Καθάπερ
3100 5633 3228 5704 γὰρ,
3279 5639 3465 5706 φησὶν,
3518 5641 3616 5693 ἐὰν

2026 5707 2184 5778 θέλῃς
2218 5708 2413 5761 σαυτὸν
2461 5707 2634 5780 ἑτέρῳ
2668 5711 2973 5780 προσδήσαι
3001 5753 3016 5777 ,
3059 5715 3237 5780 ἄλλως
3278 5722 3336 5772 οὺ
3381 5723 3609 5797 δυνήσῃ,

2025 5792 2205 5860 ἀλλ’ἢ
2255 5792 2342 5846 διὰ
2371 5793 2468 5847 τοῦ
2503 5796 2758 5847 κάκεῖνον
2815 5797 2998 5868 σαυτῷ
3053 5804 3379 5874 προσδῆσαι,
3419 5811 3511 5860 καὶ
3559 5792 3617 5862 ’έι

2029 5876 2233 5939 ἐθέλοις
2255 5877 2476 5930 διπλοῦν
2499 5871 2723 5949 ποιῆσαι
2754 5879 2844 5933 τὴν
2875 5880 3094 5952 δεσμὸν,
3125 5888 3227 5956 χρὴ
3258 5890 3510 5944 κάκεῖνόν
3535 5907 3617 5943 σοι
