4140 6542
505 411 572 465 75
1180 407 1236 460 S.
1274 405 1563 462 JOANNIS
1599 403 2086 461 CHRYSOSTOMI
2140 405 2458 462 AHCIIIEP.
2495 408 3052 468 CONSTANTINOP.
3690 419 3757 474 76

503 518 897 590 προσδεθῆναι·
943 517 1088 572 οὑτω
1125 519 1218 572 καὶ
1260 518 1495 573 ἐνταῦθα
1544 519 1796 590 ἀλλήλοις
1849 517 2075 590 προσδε-

498 603 685 658 δέσθαι
714 603 985 673 βούλεται,
1021 603 1119 673 οὑχ
1152 602 1339 666 ἀπλῶς
1367 603 1692 672 εἰρηνεύειν,
1727 602 1848 655 οὑδέ
1889 601 2078 665 ἀπλῶς

499 689 694 758 φιλεῖν,
727 687 845 740 ἀλλ’
879 689 937 739 ἐν
965 689 1131 740 πᾶσιν
1161 682 1300 740 εἶναι
1330 686 1461 756 μίαν
1489 687 1692 758 ψυχήν.
1719 685 1900 748 Καλὸς
1926 679 2080 748 οὗτος

495 783 523 832 ὁ
549 777 746 848 δεσμός
762 793 776 806 ο
805 774 1078 845 τούτῳπῷ
1107 775 1292 846 δεσμῷ
1309 776 1407 829 καὶ
1425 775 1678 845 ἀλλήλοις
1701 775 1795 828 καὶ
1820 774 1955 846 πρὸς
1987 773 2080 826 τὸν

495 863 628 914 Θεὸν
667 861 1022 932 συνδήσωμεν
1053 859 1301 920 ἑαυτούς.
1335 860 1410 912 Οὑ
1443 859 1639 922 θλίϐει,
1667 860 1727 911 οὑ
1759 857 1941 921 πιέζει
1973 857 2076 920 τάς

493 945 782 1014 δεδεμένας
811 947 1000 1015 χεῖρας
1031 938 1186 1006 οὗτος
1217 945 1245 995 6
1273 943 1493 1013 δεσμὸς,
1528 943 1644 996 ἀλλ’
1675 943 1862 1014 ἀνίησι
1895 940 1990 994 καὶ
2018 941 2078 992 ἐν

493 1031 551 1082 εὑ
562 1027 806 1100 ρυχωρίᾳ
829 1027 1122 1096 καθίστησι
1152 1027 1318 1096 πολλῇ
1355 1027 1451 1080 καὶ
1474 1025 1583 1079 τῶν
1612 1025 1922 1095 λελυμένων
1946 1022 2078 1094 μάλα

494 1114 584 1166 λον
641 1111 998 1182 εὐθυμεῖσθαι
1040 1113 1206 1163 ποιεῖ.
1267 1112 1324 1163 Ὀ
1373 1110 1592 1181 ἰσχυρὸς
1647 1109 1743 1163 καὶ
1794 1106 2076 1178 δεδεμένος

495 1197 633 1265 μετά
659 1195 753 1249 τοῦ
793 1193 1053 1258 ἀσθενοῦς
1087 1194 1442 1258 διαϐαστάζει
1482 1211 1542 1247 τε
1569 1196 1795 1256 ἐκεῖνον,
1839 1192 1932 1244 καὶ
1974 1190 2076 1244 οὑκ

491 1282 714 1352 ἀφίησιν
748 1279 1083 1333 ἀπολέσθαι·
1135 1281 1237 1332 κᾶν
1286 1278 1426 1348 μετὰ
1458 1277 1553 1331 τοῦ
1609 1276 1856 1348 ῥᾳθύμου
1903 1291 2075 1345 προσ-

491 1366 642 1436 δεθῇ,
677 1365 937 1434 διεγείρει
990 1363 1192 1434 μᾶλλον
1225 1364 1410 1418 αὑτόν.
1477 1361 1759 1430 Ἆδελφὸς
1805 1360 1914 1429 γὰρ
1951 1359 2072 1414 ὑπὸ

490 1447 759 1516 ἀδελφοῦ
809 1448 1244 1516 βψθούμενος,
1288 1445 1476 1515 φησὶν,
1523 1446 1604 1511 ὡς
1649 1446 1829 1508 πόλις
1856 1440 2068 1512 ὀχυρά.

491 1531 707 1604 Ταύτην
738 1531 836 1602 τὴν
875 1528 1068 1583 ἅλυσιν
1101 1531 1199 1600 οὑχ
1228 1529 1364 1582 ὁδῶν
1393 1530 1670 1598 διάστημα
1705 1526 1950 1580 κωλῦσαι
1975 1524 2070 1577 δύ-

488 1633 669 1680 ναται,
715 1616 816 1668 οὐκ
862 1613 1111 1684 οὐρανὸς,
1140 1614 1202 1666 οὑ
1243 1613 1338 1682 γῆ,
1375 1612 1434 1664 οὑ
1488 1611 1752 1676 θάνατος,
1785 1611 1886 1663 οὑκ
1940 1607 2072 1662 ἀλλο

487 1693 641 1752 οὐδὲν
661 1738 676 1762 ,
714 1697 851 1750 ἀλλά
875 1698 1092 1750 πάντων
1129 1697 1247 1750 ἐστὶ
1279 1695 1547 1766 κρείττων
1577 1695 1672 1748 καὶ
1707 1693 2033 1763 ἰσχυροτέρα
2051 1707 2067 1723 ο

488 1781 628 1854 αῦτη
673 1783 769 1835 καὶ
795 1780 902 1833 ἀπὸ
935 1781 1064 1850 μιᾶς
1112 1777 1369 1849 τεχθεῖσα
1403 1777 1601 1848 ψυχῆς,
1651 1777 1876 1831 δύναται
1931 1775 2067 1847 όμοῦ

488 1864 716 1928 πολλοὺς
763 1862 1098 1934 περιλαϐεῖν.
1137 1864 1335 1914 ’Δκουε
1377 1860 1487 1931 γὰρ
1524 1859 1738 1913 Παύλου
1778 1859 2063 1928 λέγοντος·

480 1951 562 2002 Ob
585 1946 1056 2015 στενοχωρεῖσθε
1093 1945 1162 1996 δὲ
1190 1945 1262 1997 ἐν
1295 1943 1420 2010 τοῖς
1451 1941 1837 2012 σπλάγχνοις
1873 1941 2064 2011 ὑμῶν.

486 2028 831 2100 Πλατύνθητε
863 2028 956 2081 καὶ
995 2028 1173 2097 ὑμεῖς.
1209 2025 1274 2078 Τί
1303 2026 1367 2096 δὴ
1395 2021 1488 2078 οῦν
1521 2023 1712 2078 τοῦτον
1740 2025 2066 2095 λυμαίνεται

481 2112 572 2166 τὸν
601 2112 833 2182 δεσμόνς
870 2110 1186 2182 Χρημάτων
1227 2109 1387 2179 ἔρως,
1418 2107 1733 2178 φιλαρχίας,
1777 2107 1937 2177 δόξης
1971 2107 2066 2184 καλ.

481 2197 590 2249 τῶν
630 2195 806 2249 ἀλλων
849 2193 1142 2247 τοιούτων·
1196 2192 1426 2264 χαύνους
1485 2192 1686 2254 αὐτοὺς
1716 2203 1743 2231 ι
1787 2194 1932 2244 ποιεῖ
1970 2193 2065 2244 καὶ

479 2280 781 2334 διακόπτει.
811 2278 932 2342 Πῶς
963 2273 1078 2342 οῦν,
1107 2277 1193 2330 ἵνα
1227 2277 1301 2346 μὴ
1327 2275 1698 2340 διακοπῶσιν;
1745 2275 1872 2328 Ἐὰν
1888 2276 2064 2329 ταῦτα

481 2361 724 2417 ἐκποδὼν
753 2361 1002 2431 γένηται,
1027 2361 1122 2413 καλ⁵
1157 2359 1321 2430 μηδὲν
1353 2357 1658 2430 παρενοχλῇ
1693 2357 1802 2410 τῶν
1827 2357 2064 2428 διαφθει-

483 2449 684 2520 ρόντων
702 2448 802 2518 τὴν
830 2444 1074 2515 ἀγάπην.
1109 2445 1308 2495 ’Ἄκουε
1343 2443 1454 2511 7&9
1485 2442 1580 2493 τοῦ
1613 2441 1851 2514 Χριστοῦ
1881 2442 2065 2510 λέγον-

479 2545 601 2593 τος’
658 2530 844 2583 Ὅταν
883 2525 1204 2594 πληθυνθῇ
1256 2527 1292 2592 ἡ
1326 2525 1579 2594 ἀνομία,
1627 2525 1972 2594 ψυγήσεται
2019 2527 2059 2595 ἠ

476 2612 678 2684 ἀγάπη
712 2611 832 2666 τῶν
857 2610 1123 2664 πολλῶν.
1162 2609 1326 2661 Οὐδὲν
1356 2606 1531 2670 οὕτως
1569 2608 1811 2660 ἐναντίον
1845 2608 2056 2680 ἀγάπῃ,

475 2699 550 2761 ώς
585 2695 850 2768 ἁμαρτία,
885 2695 980 2748 καὶ
1018 2695 1079 2746 οὑ
1129 2692 1274 2760 λέγω
1318 2694 1384 2762 τῇ
1422 2692 1558 2759 πρὸς
1596 2691 1689 2743 τὸν
1730 2689 1886 2756 Θεὸν,
1922 2691 2058 2744 ἀλλά

475 2784 572 2835 καὶ
599 2784 664 2853 τῇ
706 2780 844 2851 πρὸς
873 2779 964 2832 τὸν
997 2777 1244 2848 πλησίον.
1279 2776 1401 2838 Πῶς
1436 2771 1530 2827 οὑν
1557 2777 1652 2829 καὶ
1685 2774 1882 2846 λῃσταὶ
1908 2777 2058 2847 είρη-

473 2867 710 2928 νεύουσι,
738 2862 906 2935 φησί;
963 2861 1121 2925 Πότε,
1165 2860 1284 2912 είπέ
1325 2876 1449 2930 μοις
1504 2860 1766 2921 Πάντως,
1810 2859 1941 2912 ὅταν
1993 2860 2054 2912 οὑ

472 2947 751 3022 λῃστρικῷ
790 2945 978 3016 τρόπῳ
1006 2945 1339 3014 χρήσωνται.
1375 2944 1474 2994 Ἂν
1503 2941 1609 3012 γάρ
1639 2944 1698 2993 ἐν
1726 2941 1932 3008 αὑτοῖς,
1972 2937 2054 3008 οἷς

473 3033 541 3085 ἂν
564 3029 952 3098 διανέμωνται,
985 3028 1060 3096 μὴ
1095 3025 1218 3087 τοὺς
1245 3025 1442 3094 νόμους
1473 3024 1753 3092 φυλάξωσι
1796 3025 1924 3088 τοὺς
1959 3023 2054 3078 τοῦ

471 3116 706 3179 δικαίου,
749 3114 844 3166 καὶ
880 3112 1094 3180 ἑκάστῳ
1128 3110 1473 3179 ἀπονείμωσι
1515 3109 1576 3161 τὸ
1622 3108 1852 3173 δίκαιον,
1885 3109 2055 3182 εὑρή-

473 3217 588 3262 σεις
625 3198 691 3252 ἀν
735 3195 1023 3257 κάκείνους
1081 3196 1139 3246 ἐν
1188 3192 1446 3262 πολέμοις
1478 3193 1574 3244 καὶ
1628 3192 1852 3262 μάχαις.
1887 3193 2053 3246 Ὥστε

470 3284 591 3336 οὑδέ
619 3283 676 3335 ἐν
706 3282 818 3342 τοῖς
852 3280 1043 3340 κακοῖς
1073 3278 1174 3348 τὴν
1214 3278 1439 3345 εἰρήνην
1473 3273 1619 3327 ἔστιν
1655 3275 1836 3344 εὑρεῖν
1857 3291 1872 3307 ’
1913 3291 2054 3329 παν-

469 3367 636 3436 ταχοῦ
670 3364 726 3417 δὲ
757 3366 964 3433 ταύτην
1000 3360 1146 3414 ἐστιν
1173 3360 1378 3430 εὑρεῖν,
1405 3359 1538 3411 ὅπου
1571 3359 1637 3412 ἂν
1672 3361 1812 3428 μετά
1843 3358 2050 3412 δικαιο-

472 3449 636 3518 σύνης
669 3448 767 3502 καὶ
819 3445 1024 3517 ἀρετῆς
1089 3443 1296 3514 βιῶσιν.
1358 3441 1521 3495 Ἀλλά
1581 3441 1670 3507 τίς
1722 3443 2051 3513 ἀντερασταὶ

468 3530 886 3602 είρηνεύουσιν;
932 3527 1219 3596 Οὐδαμῶς.
1285 3523 1448 3578 Ἀλλά
1495 3524 1617 3576 τίνα
1655 3523 1831 3594 βούλει
1878 3525 2046 3590 εῖπως

469 3614 806 3683 Πλεονέκτης
866 3613 1004 3682 μετά
1053 3609 1379 3662 πλεονέκτου
1429 3607 1530 3660 οὑκ
1590 3607 1656 3659 ἂν
1709 3605 2050 3678 εἰρηνεύσειέ

467 3714 632 3751 ποτε·
673 3699 749 3759 ώς
789 3697 841 3748 εῖ
865 3712 929 3764 γε
970 3695 1044 3764 μὴ
1081 3689 1220 3765 ἦσαν
1254 3691 1452 3744 δίκαιοι
1499 3689 1594 3742 καὶ
1628 3693 1914 3755 ἐπιεικεῖς,
1954 3690 2048 3743 καὶ

465 3779 816 3849 ἀδικούμενοι
868 3778 1072 3849 μεταξὺ
1127 3775 1339 3840 αὑτῶν,
1393 3774 1488 3826 καὶ
1536 3773 1838 3844 διεσπάσθη
1893 3774 1961 3827 ἂν
1986 3775 2047 3826 τὸ

464 3866 640 3934 γένος.
677 3863 942 3932 Καθάπερ
971 3862 1078 3932 γάρ
1108 3859 1201 3913 δύο
1235 3859 1441 3929 θηρίων
1473 3857 1679 3927 σφόδρα
1710 3855 2043 3922 πεινώντων,

465 3947 584 4020 [75]
602 3948 666 4000 ἂν
694 3948 768 4017 μή
798 3963 852 3998 τι
883 3945 1094 4013 γένοιτο
1125 3943 1286 4013 μέσον
1313 3940 1374 3993 τὸ
1407 3941 1708 4010 δυνάμενον
1740 3941 1830 3992 ὑπ’
1862 3939 2046 3992 αὑτῶν

463 4031 831 4102 ἀναλωθῆναι,
869 4030 1037 4083 ἐαυτά
1067 4026 1445 4081 κατεσθίουσιν
1465 4039 1479 4051 ⁸
1521 4022 1665 4076 οῦτω
1690 4023 1784 4076 καὶ
1813 4023 1907 4075 ἐπὶ
1937 4022 2046 4077 τῶν

463 4115 803 4172 πλεονεκτῶν
855 4115 949 4167 καὶ
980 4113 1091 4165 τῶν
1120 4110 1309 4164 κακῶν
1344 4110 1564 4178 ἐγένετο
1615 4109 1700 4161 ἀν.
1741 4108 1906 4159 Ὥστε
1942 4109 2045 4160 οὑκ

463 4203 544 4255 ἔνι
578 4201 802 4271 εἰρήνην
841 4193 1003 4262 εἶναι,
1067 4195 1142 4264 μὴ
1193 4194 1460 4266 πρότερον
1494 4191 1697 4262 ἀρετῆς
1760 4188 2043 4261 κατορθω-

464 4285 670 4354 Οείσης.
716 4279 1240 4348 Κατασκευάσωμεν
1287 4276 1344 4328 δὲ
1395 4276 1488 4328 καὶ
1523 4273 1702 4338 πόλιν,
1753 4275 1802 4326 εί
1839 4273 2040 4345 βούλει,

459 4369 680 4423 πάντων
708 4362 1046 4420 πλεονεκτῶν
1068 4366 1162 4414 καὶ
1181 4361 1317 4413 ίσοτί
1326 4377 1462 4430 μων,
1495 4360 1591 4411 καὶ
1608 4357 1797 4429 μηδεὶς
1831 4357 2044 4429 φερέτω

461 4454 641 4523 Ιψῆφον
667 4449 762 4504 τοῦ
794 4447 1120 4512 ἀδικεῖσθαι,
1152 4445 1288 4498 ἀλλὰ
1306 4446 1508 4506 πάντες
1535 4443 1891 4496 ἀδικείτωσαν
1917 4461 1930 4473 ·
1964 4443 2039 4513 μὴ

459 4540 684 4592 δύναται
723 4533 986 4603 συστῆναι
1023 4532 1057 4601 ἡ
1093 4529 1247 4592 πόλις
1287 4527 1508 4598 ἐκείνη;
1542 4527 1826 4596 Οὐδαμῶς.
1880 4527 2042 4580 Ἀλλά

464 4621 667 4692 μοιχῶν
697 4619 842 4672 ἐστιν
875 4617 1101 4688 είρήνη;
1156 4611 1298 4666 Ἀλλ’
1347 4612 1468 4680 οὑχ)⁸
1505 4611 1760 4682 εὑρήσεις
1793 4610 1912 4663 οὑδέ
1946 4608 2041 4662 δύο

458 4703 835 4778 ὁμονοοῦντας.
879 4701 1044 4752 Ὥστε
1070 4696 1222 4748 οὐδὲν
1253 4694 1447 4748 τούτου
1482 4695 1657 4747 αἴτιον
1695 4694 1878 4758 πάλιν,
1909 4692 1944 4764 ἢ
1978 4693 2040 4746 τὸ

459 4776 560 4860 τὴν
591 4787 812 4857 ἀγάπην
842 4782 1120 4853 ψυγῆναι·
1165 4777 1260 4832 τοῦ
1305 4778 1362 4831 δέ
1389 4777 1489 4848 τὴν
1534 4777 1756 4860 ἀγάπην
1797 4776 2039 4860 ψυγῇναι

460 4859 630 4926 αἴτιον
657 4869 718 4923 τὸ
749 4865 1123 4938 πληθυνθῆναι
1153 4862 1253 4931 τὴν
1288 4861 1540 4930 ἀνομίαν.
1586 4859 1678 4922 El;
1707 4859 1816 4930 7&9
1841 4859 2036 4928 φιλαυ-

459 4957 580 5008 τίαν
602 4954 724 5021 άγει
751 4950 931 5012 τοῦτο,
963 4948 1059 5000 καὶ
1089 4945 1292 5012 διαιρεῖ
1320 4945 1416 4995 καὶ
1445 4943 1618 5014 σχίζει
1642 4943 1703 4996 τὸ
1736 4943 1916 5014 σῶμα,
1942 4947 2036 5000 καὶ

460 5041 648 5108 χαυνοί
693 5036 787 5088 καὶ
834 5033 1058 5102 διασπᾷ,
1103 5027 1272 5082 Ἔνθα
1322 5028 1380 5081 δὲ
1431 5029 1636 5100 ἀρετὴ,
1683 5028 1745 5081 τὸ
1792 5030 2034 5085 ἐναντίον

463 5124 608 5176 ποιεῖ
630 5138 642 5151 -
683 5122 711 5173 ὁ
740 5119 840 5190 μὲν
873 5117 982 5186 γὰρ
1005 5113 1260 5184 ἐνάρετος
1282 5113 1377 5165 καὶ
1413 5114 1714 5184 χρημάτων
1747 5113 2031 5184 κρείττων.

462 5208 624 5258 Ὥστε
652 5203 758 5257 κᾶν
806 5201 989 5271 μυρίοι
1030 5191 1166 5249 ὦσιν
1205 5199 1262 5248 ἐν
1294 5196 1479 5265 πενίᾳ,
1509 5196 1746 5248 δύναιντ’
1789 5195 1856 5249 ἂν
1895 5192 2034 5250 εἷναι

460 5288 756 5359 εἰρηνικοί·
789 5287 837 5337 οί
874 5283 932 5336 δέ
959 5279 1303 5348 πλεονέκται,
1331 5279 1434 5333 κάν
1468 5279 1562 5332 δύο
1589 5273 1742 5345 ὦσιν,
1775 5281 2035 5334 οὑδέποτε

458 5373 713 5432 δύνανται
749 5371 806 5421 ἐν
835 5367 1028 5437 εἰρήνῃ
1061 5359 1220 5419 εἶναι.

529 5517 759 5571 δ’.”Ωστε
777 5511 870 5565 ἐὰν
891 5513 1050 5582 ἡμεῖς
1065 5503 1214 5581 ὦμεν
1237 5509 1502 5581 ἐνάρετοι,
1525 5509 1560 5579 ή
1581 5508 1768 5580 ἀγάπη
1788 5509 1887 5561 οὑκ
1903 5508 2034 5562 ἀπο-

459 5601 667 5654 mm-
697 5595 807 5650 ἀπὸ
826 5595 938 5666 γὰρ
963 5594 1182 5664 ἀγάπης
1210 5594 1244 5662 ὴ
1274 5592 1470 5663 ἀρετὴ,
1501 5595 1598 5646 καὶ
1628 5593 1735 5646 ἀπὸ
1770 5593 1975 5664 ἀρετῆς
1998 5594 2033 5664 ἠ

460 5683 670 5752 ἀγάπη.
696 5679 802 5735 Καὶ
827 5679 964 5744 πῶς,
998 5677 1108 5747 ἐγὼ
1133 5677 1296 5745 λέγωο
1344 5676 1404 5730 Ὀ
1432 5675 1686 5746 ἐνάρετος
1707 5677 1768 5730 οὑ
1793 5679 2033 5748 προτιμᾷ

521 5879 547 5909 ⁸
569 5878 714 5928 Sail.
742 5877 920 5924 mavult
946 5873 1117 5937 χαῦνον
1141 5871 1298 5919 αὑτὸν.

2185 522 2442 594 χρήματα
2474 523 2677 593 φιλίας,
2712 525 2834 578 ούδέ
2868 525 3207 598 μνησίκακός
3233 525 3406 596 ἐστιν,
3432 529 3553 584 οὑδέ
3581 531 3760 588 ἀδικεῖ

2179 602 2271 657 τὸν
2298 601 2543 674 πλησίον·
2565 608 2662 677 οὑχ
2687 608 2920 679 ὑΰρίζει,
2953 610 3108 680 φέρει
3129 612 3304 666 πάντα
3326 614 3607 681 γενναίως.
3625 617 3758 671 Ἀπὸ

2179 685 2383 740 τούτων
2412 690 2444 758 ἡ
2468 689 2658 761 ἀγάπη
2687 693 3020 746 συνίσταται.
3048 694 3272 748 Πάλιν⁹ό
3295 697 3544 764 ἀγαπῶν.
3578 699 3756 753 πάντα

2179 767 2353 822 ταῦτα
2378 770 2688 838 ὑφίσταται.
2731 774 2919 838 Οῦτως
2977 776 3221 846 ἀλλήλων
3260 779 3376 832 ἐστὶ
3413 797 3753 834 κατασκευα-

2181 852 2370 905 στικά.
2416 854 2522 906 Καὶ
2568 855 2726 909 τοῦτο
2775 858 2874 928 μέν
2924 859 3172 912 ἐντεῦθεν
3199 862 3492 928 δείκνυται,
3527 865 3609 917 ὅτι
3647 865 3754 918 ἀπὸ

2177 933 2378 1005 ἀρετῆς
2404 936 2436 1006 ἡ
2467 937 2656 1008 ἀγάπη
2676 956 2690 970 ο
2712 940 2790 1010 τῷ
2808 941 2916 1010 γὰρ
2944 945 3139 1008 εἰπεῖν,
3166 945 3354 997 Ὅταν
3374 946 3696 1014 πληθυνθῇ
3715 949 3753 1014 ἡ

2176 1016 2414 1086 ἀνομία,
2456 1021 2799 1089 ψυγήσεται
2824 1026 2864 1093 ἠ
2894 1024 3116 1094 ἀγάπη,
3145 1025 3303 1080 τοῦτο
3341 1029 3643 1098 ἐδήλωσεν
3673 1034 3755 1084 ὅτι

2175 1098 2232 1153 δέ
2250 1101 2358 1154 ἀπὸ
2373 1103 2593 1174 ἀγάπης
2608 1107 2641 1175 ή
2666 1107 2860 1178 ἀρετὴ,
2885 1107 2950 1160 ὐ
2964 1109 3214 1178 ἀγαπῶν
3233 1111 3639 1178 τὸνπλησίον,
3655 1116 3755 1167 νό-

2169 1184 2642 1269 μοηέπλήρωσε,
2672 1191 2858 1260 φησίν.
2891 1192 3050 1248 Ὥστε
3078 1192 3139 1245 ἓν
3157 1195 3267 1248 τῶν
3283 1195 3378 1248 δύο
3395 1193 3534 1250 εἶναι
3558 1197 3664 1269 χρὴ
3718 1199 3752 1268 ἢ

2176 1266 2381 1336 σφόδρα
2409 1269 2622 1337 φιλικὸν
2648 1273 2743 1325 καὶ
2770 1273 3066 1344 ἐρώμενον,
3091 1275 3123 1346 ἢ
3159 1277 3362 1348 σφόδρα
3383 1266 3661 1348 ἐνάρετον.
3693 1266 3752 1332 Ὀ

2172 1351 2283 1422 7&9
2311 1352 2370 1404 τὸ
2392 1351 2450 1405 ἓν
2471 1353 2630 1424 ἔχων,
2664 1355 2724 1420 ἐξ
2751 1358 2996 1428 ἀνάγκης
3028 1360 3120 1412 καὶ
3140 1360 3201 1412 τὸ
3230 1360 3418 1432 ἕτερον
3442 1363 3703 1432 κέκτηται
3728 1383 3739 1394 ·

2171 1433 2268 1487 καὶ
2285 1436 2615 1502 τούναντίον,
2646 1440 2674 1491 6
2699 1441 2774 1510 μή
2805 1440 2960 1505 είδὼς
2989 1441 3184 1512 φιλεῖν,
3219 1445 3312 1496 καὶ
3341 1446 3552 1516 πονηρά
3583 1447 3750 1516 ἐργά-

2173 1532 2326 1570 σεται
2348 1533 2361 1547 ο
2384 1519 2413 1570 6
2433 1520 2646 1592 πονηρά
2661 1521 3050 1594 ἐργαζόμενος,
3077 1525 3198 1578 οὑδέ
3217 1527 3388 1595 φιλεῖν
3415 1524 3544 1581 οἶδε.
3567 1530 3748 1583 Maza-

2169 1597 2449 1670 διώξωμεν
2463 1603 2643 1657 τοίνυν
2662 1605 2759 1676 τὴν
2776 1608 2998 1678 ἀγάπην
3014 1622 3030 1637 ·
3059 1609 3316 1679 φρούριον
3340 1611 3447 1680 γάρ
3472 1613 3587 1663 ἐστι
3612 1613 3750 1682 πρὸς

2169 1681 2228 1734 τὸ
2261 1683 2429 1754 μηδὲν
2459 1689 2813 1758 συγχωρῆσαι
2844 1691 2993 1760 ημᾶς
3020 1692 3212 1745 παθεῖν
3237 1696 3408 1746 κακόν
3427 1711 3442 1724 ·
3473 1681 3750 1765 συνδήσωὲ-

2172 1783 2270 1849 μεν
2305 1769 2553 1845 ἑαυτούς.
2581 1771 2764 1840 Μηδὲν
2794 1772 3009 1844 δολερὸν
3035 1775 3176 1828 ἔστω
3215 1778 3345 1847 παρ’
3384 1779 3536 1848 ἡμῖν,
3578 1777 3748 1849 μηδὲν

2170 1846 2402 1934 ῦπουλον
2423 1867 2438 1881 ·
2461 1854 2616 1907 οὐδὲν
2633 1855 2742 1927 γὰρ
2762 1855 3074 1934 εὑρίσκεται
3093 1846 3353 1924 τοιοῦτον,
3379 1846 3506 1912 ἔνθα
3527 1846 3593 1914 ἂν
3667 1880 3748 1929 φιο

2167 1929 2275 1986 λία.
2301 1930 2438 1988 Είπε
2459 1935 2515 1990 δὲ
2534 1937 2693 1990 τοῦτο
2710 1938 2805 1992 καὶ
2826 1929 2984 2002 ἀλλος
3003 1941 3168 2009 σοφός
3182 1958 3265 2004 τις
3289 1942 3431 2012 ἀνὴρ
3451 1961 3464 1973 ·
3504 1929 3645 1996 Ἐπί⁷
3657 1945 3748 2012 φί-

2163 2018 2281 2068 λων
2319 2017 2430 2070 ἐὰν
2463 2019 2564 2071 καί
2604 2019 2856 2090 audam;
2872 2023 3204 2092 ῥομφαίαν,
3233 2023 3320 2094 μὴ
3359 2026 3705 2095 ἀπελπίσῃς
3729 2042 3742 2054 ·

2164 2099 2296 2151 ἔστι
2334 2099 2444 2169 γὰρ
2483 2101 2803 2170 ἐπάνοδος.
2834 2106 2964 2160 Ἐπί
3008 2108 3196 2176 φίλον
3236 2108 3346 2162 ἐὰν
3388 2109 3642 2178 ἀνοίξῃς
3680 2110 3746 2164 τὸ

2165 2184 2381 2252 στόμα,
2428 2185 2516 2254 μὴ
2554 2186 2866 2257 ἀπογνῷςο
2904 2191 3036 2244 ἐστι
3085 2191 3194 2261 γὰρ
3235 2191 3558 2262 διαλλαγὴ,
3596 2194 3746 2248 ἄνευ

2165 2268 2533 2338 ὀνειδισμοῦ,
2576 2271 2676 2324 καὶ
2725 2275 3082 2341 μυστηρίων
3123 2275 3588 2344 ἀποκαλύψεως,
3647 2279 3746 2332 καί

2163 2350 2404 2432 πληγῆς
2441 2352 2670 2420 ἃολίας.
2723 2349 2813 2409 Ἐῦ
2855 2357 3070 2420 τούτοις
3117 2359 3420 2428 ἀποφεύγει
3465 2362 3638 2432 φίλος,
3686 2365 3746 2416 ἐν

2162 2427 2524 2513 ἀποκαλύψει,
2567 2440 2722 2509 φησὶ,
2773 2443 3110 2513 μυστηρίων.
3167 2427 3267 2498 ’Ἂν
3317 2427 3519 2512 πάντες
3561 2427 3744 2502 τοίνυν

2161 2510 2312 2588 ὦμεν
2350 2519 2515 2589 φίλοι,
2549 2521 2668 2574 οὑδέ
2709 2510 3028 2595 μυστηρίων
3054 2525 3172 2578 δεῖ·
3205 2526 3396 2600 ὥσπερ
3437 2510 3547 2598 γάρ
3580 2531 3744 2594 αὑτός

2159 2617 2242 2663 τις
2275 2603 2412 2672 πρὸς
2455 2605 2649 2657 ἐαυτὸν
2693 2606 2846 2658 οὐδὲν
2888 2609 3003 2678 ἔχει
3041 2612 3361 2681 μυστήριον,
3409 2613 3531 2665 οὑδὲ
3580 2615 3745 2677 αὑτὸς

2160 2685 2352 2738 ἐαυτὸν
2380 2687 2643 2758 κρύπτειν
2669 2689 2961 2760 δυνήσεται
2983 2707 2998 2721 ⁸
3030 2691 3203 2756 οὑτως
3229 2694 3349 2747 οὑδέ
3377 2695 3502 2758 τοὺς
3530 2697 3738 2765 φίλους.

2159 2771 2273 2825 Οὑκ
2296 2772 2464 2826 ὄντων
2494 2770 2586 2828 οῦν
2616 2777 2955 2847 μυστηρίων,
2981 2774 3240 2841 ἀδύνατος
3264 2782 3296 2850 ή
3324 2781 3388 2833 ἐκ
3413 2781 3604 2834 τούτου
3625 2782 3743 2837 δια⁹

2159 2857 2325 2927 κοπή.
2356 2859 2434 2908 Δι’
2469 2857 2622 2911 οὐδὲν
2668 2861 2779 2930 γάρ
2819 2861 3017 2930 ἔχομεν
3049 2865 3346 2934 μυστήρια,
3380 2864 3414 2935 ἢ
3453 2864 3542 2918 διὰ
3569 2866 3632 2919 τὸ
3663 2867 3740 2938 μή

2159 2943 2293 2994 πᾶσι
2319 2942 2544 3012 θαρρεῖν
2567 2959 2581 2972 ο
2614 2941 2756 2995 ὥστε
2783 2945 2814 2995 6
2844 2945 3062 3014 ψυγμὸς
3110 2943 3224 3018 [74]
3255 2948 3354 3017 τῆς
3385 2949 3606 3020 ἀγάπης
3641 2967 3742 3002 πε-

2158 3023 2352 3092 ποίηκε
2383 3026 2681 3096 μυστήρια.
2714 3025 2778 3076 Τί
2799 3028 2907 3096 γάρ
2938 3029 3085 3097 ἔχεις
3117 3031 3453 3102 μυστήριον;
3484 3031 3740 3102 ἀδικῆσαι

2155 3106 2248 3158 τὸν
2289 3107 2516 3178 πλησίον
2552 3108 2766 3178 βούλει;
2811 3111 2844 3180 ἢ
2892 3111 3124 3176 κωλύεις
3171 3113 3377 3182 ἀγαθοῦ
3422 3133 3566 3178 τινος
3608 3133 3738 3187 μετ-

2155 3190 2323 3259 έχειν,
2356 3192 2452 3244 καὶ
2474 3191 2562 3245 διά
2599 3191 2760 3244 τοῦτο
2789 3192 3090 3264 κρύπτεις;
3135 3197 3275 3249 Ἀλλ’
3301 3198 3454 3252 οὐδὲν
3486 3200 3694 3253 τούτων
3719 3217 3733 3229 ·

2152 3273 2270 3326 ἀλλ’
2303 3274 2572 3346 αίσχύνῃ;
2601 3275 2814 3356 Οὑκοῦν
2841 3275 2903 3328 τὸ
2933 3277 3010 3349 μὴ
3041 3279 3267 3351 θαρρεῖν
3300 3282 3491 3336 τούτου
3524 3287 3736 3356 τεκμή-

2154 3375 2289 3428 ριον.
2333 3359 2432 3411 Ἂν
2473 3361 2572 3429 μὲν
2611 3355 2705 3412 οῦν
2748 3361 2938 3434 ἀγάπη
2991 3360 3046 3434 ᾖ,
3082 3365 3182 3415 οὑκ
3227 3365 3379 3419 ἔσται
3419 3355 3738 3439 μυστηρίων

2151 3440 2516 3512 ἀποκάλυψις,
2547 3442 2664 3495 ἀλλ’
2695 3443 2816 3496 ούδέ
2850 3445 3176 3515 ὀνειδισμὸς.
3209 3448 3306 3510 Τίς
3337 3450 3444 3520 7&9
3485 3451 3571 3516 ἀν,
3611 3454 3735 3504 εἰπέ

2155 3541 2266 3594 μοι,
2288 3524 2385 3577 καὶ
2412 3526 2542 3577 πότε
2574 3527 2640 3596 τῇ
2672 3526 2868 3578 ἐαυτοῦ
2898 3526 3044 3600 ψυχῇ
3079 3529 3426 3598 όνειδίσειεν;
3463 3533 3525 3585 El
3551 3533 3608 3586 δὲ
3637 3536 3734 3588 καὶ

2149 3608 2380 3676 γένοιτο,
2429 3609 2522 3662 ἐπὶ
2555 3609 2756 3678 κέρδει.
2810 3611 2963 3664 Ἐπεὶ
3011 3615 3105 3666 καὶ
3140 3614 3332 3667 παισὶν
3375 3617 3732 3687 ὀνειδίζομεν,

2148 3689 2336 3743 δακεῖν
2368 3691 2567 3754 αὐτοῦς
2603 3691 2952 3762 βουλόμενοι’
2983 3697 3073 3748 καὶ
3094 3699 3124 3750 6
3150 3698 3386 3767 Χριστὸς
3406 3698 3462 3752 δὲ
3489 3700 3610 3754 τότε
3632 3703 3734 3772 ἤρ-

2151 3773 2280 3837 ξατο
2295 3774 2576 3838 ὀνειδίζειν
2593 3778 2692 3837 τάς
2716 3776 2922 3843 πόλεις,
2945 3779 3140 3847 λέγων,
3162 3783 3311 3836 Οὐαί
3327 3799 3427 3836 σοι
3444 3784 3728 3853 Χωραζὶν,

2148 3857 2286 3908 οὐαί
2300 3871 2399 3908 σοι
2425 3856 2752 3924 Βηθσαϊδὰ,
2783 3859 2868 3913 ἵνα
2883 3861 3206 3934 ὀνειδισμῶν
3227 3866 3532 3937 ἀπαλλάξῃ.
3561 3868 3732 3922 Οὐδὲν

2148 3940 2256 4007 γὰρ
2290 3938 2433 3992 οῦτω
2472 3939 2693 3995 δύναται
2739 3944 3087 4014 καθάψασθαι
3131 3947 3386 4012 διανοίας,
3421 3952 3514 4002 καὶ
3545 3951 3725 4004 διανα-

2150 4025 2345 4094 στῆσαι
2369 4023 2570 4095 μᾶλλον
2595 4027 2786 4098 αὑτὴν,
2811 4031 2904 4082 καὶ
2921 4032 3259 4103 παρειμένην
3277 4033 3605 4103 ἀνορθῶσαι.
3632 4036 3727 4106 Μὴ

2145 4108 2209 4181 δή
2231 4108 2580 4180 ὀνειδίζωμεν
2603 4110 2790 4175 ἁπλῶς
2812 4111 3094 4182 ἀλλήλους.
3128 4115 3194 4167 Τί
3215 4116 3355 4186 γάρ;
3387 4118 3479 4169 ἐπὶ
3504 4118 3724 4189 χρήμα-

2149 4211 2232 4246 σιν
2261 4193 2422 4246 αὑτὸν
2452 4193 2762 4264 ὀνειδίσεις;
2802 4196 3105 4267 Μηδαμῶς,
3148 4199 3200 4252 εί
3226 4217 3290 4267 γε
3318 4201 3472 4253 κοινά
3495 4202 3564 4254 τά
3596 4202 3725 4255 ὄντα

2145 4278 2431 4349 κέκτησαι.
2478 4277 2617 4330 Ἀλλ’
2648 4280 2740 4332 ἐπὶ
2767 4281 3198 4352 ἀμαρτήμασιν;
3233 4283 3372 4336 Ἀλλ’
3393 4284 3514 4338 οὑδὲ
3541 4284 3722 4349 τοῦτο,

2144 4359 2279 4416 ἀλλά
2303 4361 2502 4431 μᾶλλον
2524 4359 2859 4433 διορθώσεις.
2884 4364 2994 4416 Kal
3024 4364 3288 4433 πληγῆς,
3310 4366 3465 4436 φησὶ,
3489 4367 3719 4432 ὃολίας.

2143 4445 2207 4497 Τί
2234 4462 2360 4498 ποτε
2383 4463 2398 4512 ;
2434 4445 2628 4498 ἑαυτὸν
2656 4446 2980 4516 ἀναιρήσει;
3006 4447 3092 4510 τίς
3119 4449 3176 4501 δὲ
3204 4449 3428 4519 πλῆξεις
3456 4451 3592 4504 Οὑδὲ
3617 4446 3718 4514 εἷς.

2143 4527 2439 4598 Διώκωμεν
2456 4529 2633 4581 τοίνυν
2652 4528 2750 4600 τὴν
2773 4529 3016 4600 ἀγάπην.
3033 4531 3146 4585 Οὑκ
3166 4528 3320 4588 εἶπεν
3341 4533 3547 4597 ἁπλῶς,
3564 4535 3723 4602 Ἅγα-

2141 4613 2353 4682 πῶμεν,
2384 4611 2542 4677 ἀλλά,
2588 4611 2910 4684 Διώκωμεν.
2945 4615 3155 4686 Πολλῆς
3193 4615 3276 4670 δεῖ
3308 4618 3411 4687 τῆς
3441 4619 3678 4690 σπουδῆς
3701 4635 3716 4649 °

2139 4698 2350 4766 ταχέως
2391 4696 2738 4765 ἀφανίζεται,
2788 4697 2937 4764 ὀξεῖα
2983 4698 3122 4770 πρὸς
3162 4699 3512 4772 ἀναχώρησιν
3558 4702 3716 4755 ἐστι·

2139 4782 2376 4834 τοσαῦτα
2410 4781 2468 4833 ὲν
2501 4780 2579 4851 τῷ
2609 4779 2708 4851 βίῳ
2738 4781 2817 4851 τῷ
2851 4782 3137 4852 πράγματι
3166 4783 3340 4854 τούτῳ
3372 4785 3716 4854 λυμαίνεται.

2141 4866 2238 4918 Ἂν
2274 4864 2560 4936 διώκωμεν
2591 4865 2782 4934 αὑτὴν,
2809 4865 2870 4918 οὑ
2906 4865 3102 4934 φθάσει
3137 4867 3410 4935 ἀπελθεῖν,
3447 4869 3581 4924 ἀλλά
3615 4887 3716 4924 τα-

2139 4950 2278 5018 χέως
2303 4948 2472 5018 αὑτὴν
2498 4947 2862 5019 ἐξελκύσομεν
2889 4965 2904 4980 ο
2942 4951 2976 5020 ὴ
2997 4951 3187 5020 ἀγάπη
3217 4951 3312 5005 τοῦ
3345 4951 3480 5007 Θεοῦ
3518 4953 3596 5024 τῷ
3619 4954 3714 5007 οὑ-

2141 5032 2288 5104 ρανῷ
2312 5031 2515 5101 συνῆψε
2541 5032 2641 5102 τὴν
2668 5032 2774 5102 γῆν
2797 5048 2810 5060 ·
2835 5035 2868 5102 ἠ
2895 5033 3084 5106 ἀγάπη
3106 5034 3201 5088 τοῦ
3233 5035 3368 5089 Θεοῦ
3391 5037 3482 5090 τὸν
3500 5036 3716 5108 ἀνθρωρ-

2139 5134 2238 5169 πον
2264 5117 2355 5168 ἐπὶ
2383 5115 2473 5168 τὸν
2497 5115 2686 5185 θρόνον
2718 5117 2808 5168 τὸν
2829 5117 3108 5186 βασιλικὸν
3135 5119 3391 5173 ἐκάθισεν
3411 5136 3425 5149 °
3459 5122 3491 5192 ἡ
3521 5123 3714 5192 ἀγάπη

2137 5201 2230 5253 τοῦ
2271 5199 2408 5251 Θεοῦ
2446 5199 2538 5252 τὸν
2587 5199 2719 5251 Θεὸν
2754 5199 2955 5266 ἔδειξεν
2994 5203 3088 5254 ἐπὶ
3123 5203 3220 5273 τῆς
3246 5204 3350 5274 γῆς
3376 5219 3390 5232 ·
3441 5205 3476 5274 ἠ
3521 5205 3714 5277 ἀγάπη

2135 5285 2230 5338 τοῦ
2264 5283 2400 5337 Θεοῦ
2440 5283 2530 5336 τὸν
2569 5283 2846 5354 Δεσπότην
2895 5283 3079 5338 δοῦλον
3120 5286 3377 5358 ἐποίησεν
3399 5305 3413 5319 ·
3450 5289 3483 5358 ἡ
3519 5287 3712 5358 ἀγάπη

2135 5369 2228 5423 τοῦ
2261 5367 2398 5420 Θεοῦ
2423 5367 2564 5436 ὑπὲρ
2595 5366 2704 5418 τῶν
2725 5368 2934 5439 ἐχθρῶν
2959 5369 3048 5422 τὸν
3077 5369 3406 5441 Ἀγαπητὸν,
3434 5371 3574 5441 ὑπὲρ
3603 5371 3715 5424 τῶν

2140 5451 2442 5523 μισούντων
2474 5449 2564 5503 τὸν
2589 5450 2734 5515 Υἱὸν,
2761 5452 2903 5522 ὑπὲρ
2925 5453 3033 5505 τῶν
3059 5453 3262 5507 δούλων
3289 5455 3381 5508 τὸν
3408 5455 3710 5526 Δεσπότην,

2137 5538 2278 5606 ὑπὲρ
2325 5535 2434 5588 τῶν
2483 5535 2784 5603 ἀνθρώπων
2835 5538 2926 5589 τὸν
2977 5537 3130 5601 Θεὸν,
3179 5539 3320 5610 ὑπὲρ
3357 5539 3587 5594 οἰκετῶν
3619 5541 3713 5594 τὸν

2137 5619 2420 5690 ἐλεύθερον
2464 5618 2748 5688 ἐκδοθῆναι
2786 5619 3028 5687 ἐποίησε.
3082 5621 3191 5675 Καὶ
3225 5622 3346 5675 οὑδὲ
3377 5623 3540 5693 μέχρι
3583 5622 3712 5676 τού-

2133 5721 2227 5757 του
2260 5704 2410 5773 ἐστη,
2442 5702 2578 5754 ἀλλά
2627 5701 2721 5753 καὶ
2750 5704 2841 5756 ἐπὶ
2883 5704 3104 5774 μείζονα
3142 5708 3288 5776 ἡμᾶς
3316 5707 3595 5762 ἐκάλεσεν.
3633 5707 3710 5760 Οὑ

2135 5787 2245 5858 7&9
2286 5785 2448 5857 μόνον
2487 5783 2796 5856 ἀπήλλαξεν
2825 5789 2974 5858 ἡμᾶς
3005 5789 3113 5841 τῶν
3164 5790 3445 5862 προτέρων
3499 5790 3708 5854 κακῶν,

2138 5873 2272 5927 ἀλλά
2313 5874 2406 5924 καὶ
2437 5869 2615 5940 πολλῴ
2653 5873 2873 5940 μείζονά
2903 5874 3092 5926 δώσειν
3122 5876 3283 5943 ἕτερα
3321 5877 3703 5942 ἐπηγγείλατο.
