4140 6492
383 350 449 407 73
1264 334 1330 389 ΙΝ
1371 332 1587 389 EPIST.
1631 332 1723 387 Al)
1764 325 2012 386 EPHES.
2055 324 2215 381 CAP.
2256 322 2344 375 IV.
2388 320 2619 375 lIOMlL.
2668 319 2752 375 IX.
3615 324 3679 377 τι

378 467 581 542 quando
630 463 768 532 ligna
810 456 1027 528 quidem
1075 452 1339 508 invenerit
1380 451 1519 504 sicca
1548 490 1561 511 ,
1593 447 1773 501 omnia
1802 458 1961 496 uuam

377 536 534 617 efﬁcit
569 569 789 626 pyram;
824 548 1040 622 quando
1067 554 1245 600 autem
1286 540 1505 595 humida
1531 582 1544 602 ,
1581 536 1689 594 nec
1710 542 1966 607 operatur

375 670 471 707 nec
493 644 824 717 oonglntinat
856 660 869 696 :
899 643 971 696 ita
1003 640 1089 694 hic
1114 637 1276 693 etiam
1306 653 1320 688 :
1351 634 1483 689 nihil
1512 649 1577 687 ex
1608 629 1815 701 frigidis
1839 642 1963 683 eum

378 752 545 813 potest
561 739 958 805 constringere.
984 731 1078 787 sed
1104 746 1171 786 ex
1192 728 1381 784 calidis
1409 724 1825 795 unumquodque
1851 734 1966 774 ma-

374 840 507 891 xima
549 849 613 887 ex
665 838 837 901 parte.
886 827 962 881 Ex
1011 824 1113 878 hoc
1156 836 1288 892 ergo
1326 821 1487 875 etiam
1540 816 1774 871 nascitur
1815 813 1966 868 calor

371 927 601 982 caritatis
630 943 644 977 :
674 940 701 975 a
743 920 958 975 vinculo
1000 917 1148 988 pacis
1184 914 1295 967 vult
1331 927 1430 967 nos
1469 923 1659 965 omnes
1684 907 1959 977 colligare.

369 1015 824 1089 Quemadmodum
853 1012 998 1067 enim
1026 1051 1042 1073 ,
1072 1008 1283 1078 inquit,
1310 1006 1354 1059 si
1385 1003 1518 1058 velis
1549 1002 1777 1070 teipsmn
1810 995 1962 1051 alteri

372 1116 604 1183 alligare,
629 1125 735 1165 non
763 1107 922 1161 aliter
945 1103 1172 1175 poteris,
1199 1100 1301 1155 nisi
1328 1098 1479 1153 illum
1502 1109 1715 1167 quoque
1743 1093 1834 1147 tibi
1863 1090 1963 1161 ipsi

370 1210 583 1279 alliges;
615 1203 757 1276 quod
787 1203 831 1256 si
861 1201 995 1256 velis
1020 1197 1221 1265 duplex
1259 1193 1437 1257 facere
1466 1190 1738 1246 vinculum
1761 1228 1778 1252 ,
1812 1187 1964 1242 illum

370 1316 577 1374 quoque
598 1305 808 1369 oportet
832 1296 923 1350 tibi
949 1308 1070 1349 esse
1091 1291 1361 1360 alligatum
1384 1304 1395 1339 :
1420 1286 1490 1340 ita
1515 1284 1601 1338 hic
1620 1297 1834 1354 quoque
1856 1280 1968 1367 vult

371 1414 460 1453 eos
484 1398 625 1451 inter
648 1410 709 1450 se
731 1407 853 1447 esse
878 1390 1146 1461 alligatos,
1174 1401 1278 1440 non
1305 1385 1477 1439 solum
1509 1383 1559 1436 in
1590 1396 1719 1451 pace
1744 1360 1969 1448 degere,

374 1506 465 1544 nec
496 1488 673 1543 solum
703 1486 927 1554 diligere
949 1524 963 1547 ,
995 1481 1091 1537 sed
1122 1493 1313 1535 omnes
1351 1491 1474 1533 esse
1516 1490 1677 1528 unam
1709 1472 1964 1526 animam.

375 1581 655 1638 Pulchrum
684 1589 767 1633 est
794 1577 899 1632 hoc
921 1575 1191 1630 vinculum
1221 1591 1233 1625 :
1260 1572 1361 1627 hoc
1382 1568 1595 1625 vinculo
1619 1576 1673 1622 et
1702 1581 1800 1620 nos
1828 1565 1970 1620 inter

373 1690 484 1739 nos,
507 1683 561 1728 et
590 1688 690 1725 nos
718 1670 867 1740 ipsos
889 1684 1011 1723 cum
1039 1668 1147 1721 Deo
1167 1665 1499 1734 colligemus.
1525 1660 1641 1716 Non
1663 1658 1852 1729 afﬂigit
1871 1670 1971 1711 nec

372 1765 670 1837 comprimit
690 1763 972 1833 colligatos
996 1775 1184 1814 manus
1209 1761 1311 1811 hoc
1330 1753 1622 1818 vinculum,
1643 1750 1741 1806 sed
1764 1747 1971 1804 relaxat

374 1868 426 1915 et
460 1859 506 1912 in
534 1856 720 1925 amplo
749 1872 813 1911 ac
840 1854 948 1908 lato
979 1853 1106 1906 sinit
1129 1865 1253 1906 esse
1280 1848 1490 1919 spatio;
1515 1856 1570 1900 et
1599 1843 1764 1900 eflicit
1793 1851 1850 1896 ut
1878 1841 1968 1911 qui

379 1959 491 2003 sunt
524 1947 688 2002 vincti
714 1989 729 2012 ,
764 1946 873 1999 sint
917 1944 1152 1999 laetiores
1195 1941 1259 1995 iis
1288 1939 1378 2010 qui
1428 1936 1591 1993 soluti
1621 1942 1767 1990 sunt.
1795 1932 1973 1988 Fortis

385 2042 527 2094 etiam
555 2038 869 2094 cnm‘debili
900 2036 1097 2105 ligatus
1117 2076 1130 2099 ,
1161 2044 1216 2088 et
1244 2032 1393 2086 illum
1424 2039 1600 2101 portat
1628 2038 1683 2083 et
1707 2042 1813 2082 non
1843 2025 1970 2080 sinit

382 2134 538 2201 perire
562 2172 578 2195 ,
606 2130 821 2185 cti.unsi
850 2144 975 2183 cum
1000 2127 1148 2197 segni
1178 2135 1232 2180 et
1268 2125 1461 2195 ignavo
1494 2121 1652 2177 fuerit
1683 2120 1932 2190 alligatus
1951 2156 1969 2185 ,

376 2230 530 2295 ipsmn
566 2229 739 2293 magis
766 2224 992 2277 excitat.
1019 2219 1208 2274 Frater
1231 2220 1384 2283 enim,
1414 2217 1605 2285 inquit,
1636 2231 1669 2267 a
1692 2217 1853 2285 fratre
1879 2210 1972 2264 ad-

368 2320 518 2387 jutus,
549 2327 626 2370 est
652 2325 914 2385 tamquam
943 2314 1060 2366 urbs
1086 2312 1283 2365 muttito
1311 2311 1329 2382 (
1353 2309 1507 2363 Prov.
1543 2309 1630 2364 18.
1660 2306 1787 2377 19).
1824 2305 1973 2359 lianc

367 2423 607 2466 catenam
640 2426 748 2465 non
791 2416 968 2478 potest
1009 2405 1294 2476 prohibere
1323 2404 1526 2457 viarum
1559 2400 1789 2471 spatium
1815 2440 1831 2465 ,
1865 2413 1971 2452 non

366 2504 574 2567 ca-lunt,
605 2518 713 2556 non
746 2511 913 2567 terra,
944 2515 1051 2553 non
1079 2514 1248 2564 mors,
1282 2511 1458 2566 neque
1484 2494 1629 2547 aliud
1659 2492 1971 2564 quidquam,

365 2595 456 2650 sed
499 2603 589 2649 est
633 2592 885 2647 omnibus
933 2589 1205 2660 potentior
1252 2596 1305 2642 et
1351 2586 1619 2640 validior:
1652 2583 1768 2639 haec
1807 2582 1973 2638 etiam

364 2697 483 2739 nata
513 2701 589 2740 ex
615 2700 720 2738 una
746 2683 959 2746 anima,
991 2688 1167 2751 potest
1198 2679 1397 2733 multos
1427 2677 1584 2731 simul
1613 2672 1973 2745 comprehen-

362 2781 507 2835 dere.
539 2776 688 2832 Audi
711 2776 853 2831 enim
880 2774 1101 2829 Paulum
1128 2773 1396 2827 dicentem
1424 2788 1438 2823 :
1467 2767 1587 2821 Non
1609 2764 1976 2838 angustiamini

362 2873 413 2925 in
458 2870 612 2923 nobis
637 2910 652 2932 ,
691 2864 1058 2935 angustiamini
1096 2871 1263 2916 autem
1304 2862 1358 2915 in
1386 2858 1659 2914 visceribus
1687 2857 1864 2912 uestris
1893 2855 1973 2927 (‘2.

360 2965 479 3020 Cor.
507 2964 566 3017 0.
602 2961 671 3015 12
696 2963 733 3029 ).
772 2956 1076 3012 Dilatemini
1110 2964 1165 3009 et
1190 2969 1305 3007 vos.
1339 2952 1477 3020 Quid
1505 2967 1636 3020 ergo
1666 2951 1767 3005 hoc
1792 2950 1977 3004 vincu-

364 3058 471 3111 lum
501 3051 841 3110 labefactat?
874 3054 1042 3104 Amor
1069 3049 1311 3119 pecuniae
1338 3089 1351 3111 ,
1386 3045 1597 3115 imperii
1624 3054 1678 3100 et
1709 3044 1974 3098 honorum

362 3149 666 3220 glorizeque
692 3144 957 3213 cupiditas
985 3154 1041 3197 et
1069 3141 1300 3195 aliorum
1334 3138 1637 3206 hujusmodi
1666 3154 1679 3191 :
1706 3151 1800 3191 eos
1828 3137 1978 3191 laxos

364 3243 539 3300 reddit
574 3252 634 3297 et
664 3240 856 3295 molles
880 3279 897 3302 ,
930 3238 1184 3307 ipsosque
1212 3232 1487 3287 discindit.
1536 3230 1821 3299 Quomodo
1849 3244 1980 3300 ergo

366 3338 485 3399 fiat,
520 3345 585 3389 ut
620 3349 723 3387 non
753 3328 1167 3386 discindantur?
1205 3325 1262 3381 Si
1293 3325 1410 3379 haec
1439 3323 1613 3378 ablata
1647 3322 1845 3378 fuerint
1876 3321 1978 3375 im-

365 3429 701 3498 pedimenta,
729 3433 785 3479 et
814 3422 947 3477 nihil
974 3420 1274 3475 molesﬁam
1298 3418 1489 3473 aﬂ'erat
1511 3432 1578 3471 ex
1606 3416 1671 3470 iis
1697 3431 1817 3485 qua:
1842 3414 1980 3468 cari-

364 3531 525 3576 tatem
572 3525 950 3585 corrumpunt.
992 3513 1130 3568 Audi
1171 3512 1314 3565 enim
1349 3509 1622 3565 Christum
1662 3508 1977 3563 dicentem:

365 3611 597 3678 Quando
630 3607 963 3663 abundaverit
1008 3605 1250 3675 iniquitas
1270 3645 1285 3669 ,
1317 3603 1605 3672 refrigescet
1636 3601 1820 3654 caritas
1849 3598 1983 3651 mul-

364 3720 532 3763 torum
565 3708 585 3776 (
624 3704 811 3758 Matth.
841 3703 934 3757 2L
967 3702 1036 3756 12
1065 3692 1357 3760 ).Ὀτιι·ἰι;ιιί
1390 3696 1520 3751 nihil
1551 3703 1635 3749 est
1678 3710 1829 3764 teque
1855 3708 1983 3748 con-

369 3803 601 3854 trariutn
649 3806 812 3866 atque
855 3804 1132 3865 peccatum
1163 3808 1176 3845 :
1208 3805 1308 3847 nec
1337 3790 1459 3845 dico
1485 3789 1660 3844 solum
1689 3787 1896 3842 caritati
1928 3786 1982 3840 in

369 3895 564 3957 Deum,
587 3890 686 3945 sed
709 3890 871 3943 etiam
894 3886 1104 3942 caritati
1130 3886 1183 3939 in
1207 3883 1532 3953 proximum.
1554 3879 1834 3950 Quomodo
1854 3892 1984 3949 ergo

363 3987 617 4041 latrones
638 4024 652 4047 ,
680 3981 850 4050 inquit
874 4024 888 4045 ,
920 3980 1120 4050 degunt
1147 3979 1201 4032 in
1228 3976 1398 4048 pace?
1424 3974 1669 4043 Quando,
1700 3973 1786 4028 dic
1811 3970 1939 4026 mihi
1967 4010 1983 4034 ,

364 4078 619 4149 degunt?
644 4076 780 4130 Cum
806 4074 1075 4127 latronum
1103 4070 1344 4125 moribus
1367 4084 1472 4121 non
1496 4076 1735 4120 utuntttr.
1760 4065 1815 4120 Si
1838 4064 1982 4119 enim

364 4173 419 4226 in
451 4172 521 4226 iis
549 4168 688 4240 ipsis
709 4166 905 4237 quibus
929 4163 1260 4224 dividuntur,
1284 4178 1392 4215 non
1417 4168 1635 4214 servent
1661 4158 1806 4228 leges
1827 4156 1983 4227 justi-

367 4264 454 4317 tia:
477 4303 493 4328 ,
522 4272 591 4317 ut
620 4258 908 4328 unicuique
935 4256 1076 4326 quod
1102 4255 1305 4325 justum
1332 4263 1416 4308 est
1444 4252 1716 4315 tribuant,
1745 4249 1987 4304 invenies

366 4357 489 4411 illos
515 4368 741 4425 quoque
765 4365 886 4405 esse
912 4349 965 4403 in
995 4348 1152 4403 bellis
1175 4356 1231 4401 et
1259 4345 1469 4414 pugnis.
1497 4342 1860 4411 Quamobrem
1886 4354 1987 4395 nec

366 4449 419 4503 in
443 4448 610 4503 malis
635 4445 761 4499 licet
783 4458 969 4512 pacem
995 4439 1272 4494 invenire:
1295 4438 1492 4505 ubique
1512 4444 1692 4489 autem
1715 4448 1834 4488 eam
1861 4432 1988 4487 licet

367 4542 647 4602 invenire,
672 4536 905 4591 ubicqu
930 4533 1137 4603 justitia
1159 4540 1215 4586 et
1237 4530 1437 4584 virtute
1457 4529 1673 4582 vivitur.
1697 4526 1801 4581 Sed
1824 4524 1987 4594 quid?

367 4639 651 4694 rivalesne
668 4641 723 4688 et
743 4630 923 4686 aemuli
949 4628 1003 4683 in
1028 4642 1159 4697 pace
1179 4624 1399 4680 vivunt?
1420 4623 1659 4677 Minime.
1681 4619 1788 4677 Sed
1808 4620 2008 4690 quem-'

368 4746 499 4784 nam
542 4728 629 4782 vis
669 4722 886 4780 dicam?
923 4722 1132 4776 Avarus
1159 4731 1453 4786 numquam
1480 4714 1586 4770 erit
1621 4713 1675 4769 in
1707 4728 1839 4782 pace
1863 4728 1986 4766 cum

366 4836 543 4877 avaro
577 4837 591 4873 :
624 4834 749 4873 nam
779 4815 826 4870 si
868 4829 975 4869 non
1004 4821 1187 4867 essent
1224 4810 1366 4863 inter
1398 4823 1458 4862 se
1490 4807 1620 4878 justi
1648 4814 1704 4861 et
1729 4805 1906 4875 aequi,
1934 4814 1991 4860 et

367 4918 463 4971 alii
510 4914 657 4968 alios
700 4910 980 4964 aflicerent
1021 4905 1237 4973 injuria,
1270 4901 1587 4971 dissipatum
1622 4906 1768 4955 esset
1799 4914 1987 4954 eorum

370 5021 574 5079 genus.
622 5002 777 5058 Sicut
812 4998 956 5053 enim
999 4995 1128 5051 ferte
1165 4995 1286 5048 dua:
1328 4991 1482 5046 valde
1519 4990 1855 5055 esurientes,
1886 4987 1989 5042 nisi

369 5098 583 5173 aliquid
616 5093 915 5154 intercedat
952 5089 1188 5147 medium
1214 5087 1357 5161 quod
1386 5088 1557 5160 possit
1586 5087 1656 5142 ab
1682 5086 1762 5141 eis
1786 5100 1988 5140 consu-

372 5198 449 5252 mi
472 5238 489 5260 ,
524 5193 635 5248 ille
664 5206 725 5245 se
754 5187 992 5244 exedunt
1018 5202 1031 5238 :
1060 5184 1131 5239 ita
1158 5185 1319 5238 etiam
1349 5183 1489 5236 inter
1517 5191 1711 5235 avaros
1737 5190 1791 5234 ct
1821 5178 1992 5233 malos

372 5289 652 5344 eveniret.
683 5281 1044 5351 Quamobrem
1073 5278 1188 5332 fieri
1215 5292 1322 5330 non
1354 5282 1530 5345 potest
1558 5283 1614 5327 ιιι
1640 5273 1709 5328 sit
1736 5288 1859 5342 pax,
1890 5271 1991 5326 nisi

377 5384 560 5436 virtus
585 5384 925 5433 exerceatur.
953 5373 1375 5435 Construamus,
1408 5367 1451 5422 si
1484 5366 1689 5437 placet,
1720 5366 1991 5420 civitatem

375 5486 678 5531 avarorum
710 5478 766 5524 et
792 5468 883 5539 qui
917 5479 1071 5535 pares
1100 5465 1209 5519 sint
1239 5464 1291 5517 in
1319 5463 1524 5516 honore
1544 5502 1559 5526 ,
1590 5468 1647 5513 et
1675 5474 1834 5513 nemo
1858 5473 1990 5514 con-

378 5569 610 5623 demnet
654 5561 940 5628 injuriam,
975 5557 1069 5612 sed
1110 5567 1299 5609 omnes
1337 5552 1586 5621 injuriam
1627 5549 1893 5613 inferant;
1922 5565 1988 5602 an

382 5665 573 5727 potest
607 5652 915 5723 hujusmodi
946 5649 1138 5704 civitas
1160 5645 1499 5702 consistere?
1531 5643 1765 5699 Minime.
1795 5644 1865 5696 At
1892 5656 1994 5712 pax

380 5759 473 5808 est
500 5746 914 5802 adulterorum?
941 5742 1047 5800 Sed
1077 5757 1145 5797 ne
1178 5741 1316 5796 duos
1345 5739 1560 5810 quidem
1596 5738 1837 5792 invenies
1860 5750 1994 5790 cou-

379 5844 604 5901 cordes.
633 5840 998 5909 Quamobrem
1033 5852 1138 5894 non
1169 5849 1247 5893 cst
1278 5849 1465 5891 rursus
1495 5832 1595 5888 alia
1626 5830 1783 5903 hujus
1809 5845 1991 5900 causa,

2075 454 2234 507 quam
2281 437 2422 508 quod
2462 436 2728 505 refrixerit
2759 436 2956 489 caritas
2985 453 2996 487 :
3028 436 3169 505 quod
3200 446 3377 490 animi
3411 440 3679 494 refrixerit

2072 530 2295 597 caritas,
2320 544 2480 585 causa
2505 541 2607 594 est,
2631 530 2772 599 quod
2797 530 3079 583 abundarit
3102 531 3373 600 iniquitas.
3401 533 3511 587 lloe
3533 536 3676 589 enim

2073 623 2221 677 ducit
2267 623 2332 677 ad
2387 624 2660 692 proprium
2712 639 2951 678 amorem
2980 666 2995 689 ,
3046 635 3100 680 et
3144 626 3335 680 dividit
3378 637 3433 682 et
3478 645 3675 699 eoi-pus

2048 716 2277 771 ,scindit
2297 758 2312 783 ,
2342 718 2654 788 emollitqne
2680 728 2733 771 et
2763 717 2985 771 divellit.
3020 718 3115 773 Uhi
3147 730 3324 774 autem
3357 732 3440 777 est
3471 725 3635 778 virtus
3666 770 3681 787 ,

2075 809 2200 864 facit
2225 810 2553 863 contrarium
2584 828 2597 864 :
2633 826 2755 864 nam
2787 810 2981 865 virtute
3013 813 3285 880 praeditus,
3321 824 3405 869 est
3436 819 3679 885 pecuniis

2073 903 2342 971 superior.
2375 904 2560 973 Itaque
2581 903 2789 958 etiamsi
2816 905 3231 962 innumerabiles
3251 909 3447 979 degant
3470 913 3520 965 in
3546 930 3677 981 pati-

2075 1004 2302 1064 pertatc,
2335 996 2611 1066 potuerint
2634 1012 2754 1051 esse
2785 998 2988 1067 pacifici
3016 1016 3028 1051 :
3053 1002 3198 1054 arari
3230 1012 3429 1070 autem,
3462 1007 3674 1063 etiamsi

2071 1087 2181 1141 sint
2228 1088 2335 1141 duo
2386 1097 2627 1154 tantum,
2672 1105 2961 1159 numquam
3004 1102 3227 1160 possunt
3272 1109 3392 1151 esse
3436 1096 3489 1150 in
3521 1115 3676 1168 pace.

2144 1178 2198 1233 4.
2241 1178 2321 1233 De
2345 1181 2574 1234 caritate.
2606 1180 2755 1235 Unde
2788 1193 2900 1235 orta
2941 1184 3040 1236 sint
3069 1201 3263 1239 arcana
3299 1197 3346 1241 et
3375 1202 3589 1246 secreta.
3608 1222 3680 1231 ο-

2073 1270 2458 1339 Quamobrem,
2507 1272 2555 1327 si
2600 1272 2797 1328 virtute
2839 1276 3009 1329 simus
3053 1278 3287 1346 pra'diti,
3332 1296 3437 1334 non
3480 1284 3678 1351 peribit

2072 1365 2271 1419 caritas
2303 1382 2317 1417 :
2350 1365 2519 1420 virtus
2549 1365 2693 1420 enim
2722 1376 2804 1420 est
2830 1382 2893 1421 ex
2920 1368 3165 1436 caritate,
3190 1378 3245 1424 et
3266 1372 3461 1427 Caritas
3481 1390 3546 1427 ex
3570 1377 3677 1429 vir-

2076 1463 2210 1512 tute.
2243 1456 2527 1524 Quomodo
2554 1466 2756 1531 autem,
2788 1474 2889 1529 ego
2924 1460 3121 1514 dicam.
3166 1461 3266 1528 Qui
3306 1473 3391 1519 est
3422 1467 3678 1535 praeditus

2073 1550 2294 1617 virtute,
2328 1567 2433 1605 non
2468 1552 2685 1621 prmfert
2707 1554 2989 1621 pecuniam
3020 1556 3292 1622 amicitias,
3322 1576 3428 1613 non
3459 1570 3541 1615 est
3566 1579 3680 1616 meo

2077 1658 2197 1697 mor
2233 1642 2445 1711 injuria:
2489 1656 2745 1714 acceptae,
2780 1647 3083 1715 proximum
3132 1665 3231 1703 nec
3270 1650 3465 1720 injuria
3511 1652 3679 1709 aflicit

2077 1750 2177 1790 nec
2202 1738 2553 1799 contumelia.
2586 1741 2764 1793 omnia
2808 1738 2912 1794 fert
2941 1741 3061 1797 forti
3090 1752 3142 1797 et
3169 1760 3436 1813 generoso
3474 1748 3676 1803 animo.

2079 1829 2153 1884 Ex
2182 1829 2266 1885 his
2295 1841 2508 1886 constat
2532 1833 2749 1887 caritas.
2780 1834 2985 1890 Rursus
3013 1839 3101 1907 qui
3130 1839 3322 1909 diligit,
3356 1840 3470 1897 inec
3497 1845 3677 1899 omnia

2076 1926 2322 1995 suscipit.
2353 1926 2443 1982 Sic
2472 1944 2533 1982 ea
2576 1938 2703 1983 sunt
2734 1929 3066 2000 hujusmodi,
3110 1944 3167 1988 ut
3194 1937 3419 1991 alterum
3452 1939 3685 1995 alterum

2076 2021 2390 2076 constituat.
2428 2024 2491 2077 Et
2521 2039 2588 2077 ex
2625 2023 2728 2079 hoc
2753 2027 3078 2092 ostenditur,
3122 2030 3261 2099 quod
3291 2033 3490 2087 caritas
3519 2034 3587 2087 sit
3614 2000 3690 2089 es

2079 2114 2279 2170 virtute
2309 2131 2323 2169 :
2354 2114 2589 2169 dicendo
2610 2116 2777 2183 cuitu,
2810 2116 3032 2183 Quando
3058 2120 3391 2174 abundaverit
3418 2122 3681 2193 iniquitas,

2077 2208 2368 2278 refrigescet
2395 2208 2604 2271 caritas,
2655 2207 2757 2262 hoc
2797 2210 3118 2278 signiﬁcavit
3150 2230 3163 2267 :
3194 2214 3336 2282 quod
3363 2226 3544 2271 autem
3579 2224 3687 2271 vir-

2080 2310 2165 2354 tus
2196 2316 2259 2353 ex
2290 2300 2515 2355 caritate
2549 2318 2561 2353 :
2599 2299 2701 2365 Qui
2727 2301 2920 2371 diligit,
2954 2301 3147 2372 inquit,
3182 2306 3492 2375 proximum,
3526 2308 3683 2379 legem

2078 2392 2304 2463 implevit
2336 2392 2513 2463 (Rom.
2542 2396 2628 2451 15.
2659 2394 2740 2465 8).
2773 2396 3138 2464 Quamobrem
3172 2415 3238 2453 ex
3280 2401 3490 2456 duobus
3519 2418 3683 2458 unum

2079 2501 2201 2542 esse
2229 2497 2462 2556 oportet,
2504 2499 2594 2544 aut
2638 2490 2794 2546 valde
2823 2490 3134 2562 diligentem
3179 2502 3233 2548 et
3274 2495 3552 2564 dilectum,
3595 2511 3689 2555 aut

2086 2578 2241 2633 valde
2270 2579 2469 2636 virtute
2514 2581 2822 2650 przeditum.
2850 2583 2951 2650 Qui
2982 2586 3127 2639 enim
3159 2586 3323 2642 habet
3359 2606 3542 2653 unum,
3586 2609 3685 2648 ne-

2080 2672 2318 2725 cessario
2371 2688 2586 2742 quoque
2631 2674 2871 2741 possidet
2914 2676 3145 2730 alterum
3190 2695 3204 2729 :
3248 2688 3303 2732 et
3355 2691 3539 2735 contra
3594 2688 3685 2754 qui

2084 2762 2254 2815 nescit
2279 2761 2527 2831 diligere,
2571 2764 2735 2817 multa
2763 2780 2980 2835 quoque
3023 2766 3160 2821 mala
3194 2768 3392 2833 faciet;
3426 2773 3516 2842 qui
3551 2778 3687 2830 tnala

2082 2851 2232 2920 facit,
2265 2854 2439 2909 nescit
2480 2854 2726 2924 diligere.
2769 2856 3164 2927 Persequamur
3190 2874 3319 2930 ergo
3355 2865 3635 2919 caritatem
3673 2884 3685 2920 :

2084 2954 2165 2997 est
2197 2947 2340 3000 enim
2375 2945 2683 3015 praesidium
2704 2947 2770 3000 ad
2802 2947 2996 3023 hocut
3023 2966 3129 3004 non
3159 2954 3501 3019 permittatur
3535 2959 3690 3013 nobis

2082 3037 2287 3108 aliquid
2321 3038 2446 3091 mali
2478 3040 2585 3108 pali
2620 3057 2634 3094 :
2662 3040 2979 3109 colligemus
3001 3057 3117 3097 nos.
3149 3043 3289 3099 Nihil
3324 3047 3395 3101 sit
3422 3050 3562 3118 apud
3591 3066 3691 3104 nos

2084 3129 2355 3196 dolosum,
2415 3131 2547 3184 nihil
2608 3130 3002 3188 fraudulentum
3060 3146 3113 3189 et
3160 3136 3476 3193 insidiosum
3515 3163 3526 3196 :
3559 3143 3690 3198 nihil

2086 3223 2229 3277 enim
2260 3225 2536 3278 invenitur
2560 3224 2865 3294 hujusmodi
2894 3227 2982 3281 ubi
3008 3227 3166 3283 fuerit
3194 3232 3451 3286 amicitia.
3484 3233 3692 3289 llocdi-

2088 3316 2164 3370 xit
2185 3314 2265 3369 v'ir
2285 3332 2498 3387 quoque
2525 3317 2664 3373 alius
2685 3312 2903 3387 sapiens
2931 3337 2945 3374 :
2976 3319 3043 3373 In
3065 3321 3283 3376 amicum
3310 3325 3511 3380 etiamsi
3538 3329 3693 3381 strin-

2087 3410 2223 3463 xeris
2251 3425 2440 3476 ensem,
2468 3428 2530 3464 ne
2564 3410 2840 3481 desperes;
2866 3423 2939 3467 est
2963 3416 3095 3467 enim
3128 3432 3385 3485 regressus
3416 3433 3435 3472 :
3460 3422 3530 3472 ad
3557 3423 3691 3473 ami-

2088 3520 2222 3565 cum,
2271 3505 2315 3557 si
2368 3522 2423 3557 os
2471 3507 2769 3573 aperueris,
2819 3523 2883 3560 ne
2932 3507 3249 3578 despondeas
3300 3514 3567 3578 animant;
3620 3526 3692 3568 est

2088 3594 2432 3647 reconciliatio
2469 3604 2651 3663 praeter
2683 3596 3522 3664 exprobrationem,ctarcanorum
3550 3618 3691 3657 reve-

2089 3687 2349 3750 lationem,
2380 3696 2426 3739 et
2457 3687 2663 3755 plagam
2710 3686 2942 3740 dolosam
2983 3686 3172 3757 (Eccli.
3212 3690 3305 3744 2‘2.
3344 3691 3437 3746 26.
3480 3693 3595 3764 27).
3634 3697 3693 3750 In

2092 3779 2176 3834 his
2207 3778 2415 3850 aufugit
2442 3780 2670 3845 anticus,
2702 3781 2753 3834 in
2796 3795 3115 3835 arcanorum
3150 3785 3504 3842 revelatioue.
3533 3789 3588 3845 Si
3621 3791 3693 3846 si-

2091 3885 2211 3925 mus
2243 3871 2424 3940 itaque
2453 3887 2644 3925 mnnes
2664 3871 2845 3937 amici,
2871 3889 2939 3927 ne
2959 3874 3174 3929 arcanis
3194 3876 3408 3946 quidem
3436 3891 3519 3936 est
3535 3898 3693 3953 opus.

2096 3964 2163 4019 Ut
2191 3965 2336 4019 enim
2372 3982 2478 4018 non
2521 3966 2684 4020 habet
2720 3966 3003 4037 quisquam
3043 3969 3184 4037 apud
3221 3987 3283 4026 se
3331 3973 3498 4029 ullum
3541 3992 3695 4031 arca-

2094 4076 2242 4125 num,
2275 4076 2450 4125 neque
2480 4062 2593 4129 ipse
2624 4062 2860 4130 seipsum
2892 4072 3070 4132 potest
3096 4063 3292 4128 celare,
3326 4066 3398 4121 ita
3425 4083 3524 4123 nec
3552 4072 3692 4125 ami-

2092 4166 2187 4205 cos
2241 4152 2374 4206 Cum
2410 4152 2570 4222 igitur
2598 4168 2703 4206 non
2744 4152 2850 4207 sint
2875 4169 3092 4219 arcana,
3140 4156 3254 4211 fieri
3294 4174 3399 4213 non
3433 4172 3608 4229 potest
3637 4175 3697 4218 ιιι

2092 4260 2157 4299 ex
2200 4258 2265 4298 ea
2312 4260 2371 4298 re
2418 4246 2490 4297 sit
2530 4245 2811 4300 ahsci~sio.
2843 4248 3052 4302 Arcana
3092 4249 3236 4303 enim
3280 4267 3386 4305 non
3433 4254 3693 4310 habemus

2095 4346 2318 4407 propter
2338 4336 2508 4402 aliud,
2532 4352 2693 4407 quam
2721 4338 2863 4407 quod
2889 4356 2993 4392 non
3016 4340 3269 4396 omnibus
3297 4342 3526 4399 fidamus
3561 4365 3574 4399 :
3603 4364 3695 4403 ca—

2094 4429 2270 4484 ritatis
2298 4428 2478 4498 itaque
2504 4428 2842 4498 refrigeratio
2874 4430 2998 4485 fecit
3024 4446 3242 4486 arcana.
3275 4434 3408 4490 Nam
3436 4438 3563 4506 quid
3596 4438 3700 4493 ha-

2094 4522 2191 4577 bes
2241 4523 2543 4577 arcanutn?
2600 4523 2682 4577 vis
2731 4522 2982 4593 injuriam
3032 4524 3209 4581 facere
3259 4530 3550 4596 proximo?
3598 4542 3695 4588 aut

2096 4615 2352 4686 prohibes
2380 4632 2449 4669 ne
2475 4616 2547 4670 sit
2573 4615 2801 4685 alicujus
2829 4617 2952 4671 boni
2986 4618 3277 4688 particeps,
3319 4632 3373 4676 ct
3405 4632 3689 4693 propterea

2094 4722 2220 4764 eum
2247 4708 2392 4763 celas
2412 4710 2436 4761 ‘t
2461 4710 2530 4762 At
2567 4707 2697 4762 nihil
2730 4717 2814 4763 est
2849 4709 3078 4777 horum;
3108 4711 3204 4765 sed
3234 4714 3550 4769 erubescis?
3582 4716 3695 4772 Hoc

2096 4811 2181 4856 est
2208 4815 2337 4871 ergo
2366 4800 2577 4871 signum
2605 4800 2751 4871 quod
2772 4817 2888 4867 non
2934 4801 3073 4855 iidis.
3113 4803 3169 4858 Si
3212 4805 3280 4857 sit
3318 4820 3448 4876 ergo
3471 4809 3694 4878 caritas,

2099 4912 2206 4950 non
2236 4897 2341 4950 erit
2378 4895 2615 4950 deiectio
2663 4909 3008 4959 arcanorum,
3050 4896 3145 4951 sed
3177 4912 3277 4952 nec
3320 4900 3689 4968 exprobratio.

2097 4992 2229 5060 Quis
2252 4990 2417 5054 enim,
2432 4987 2543 5053 dic,
2560 5002 2766 5054 quasso,
2788 4986 2983 5040 animae
3003 5002 3116 5041 sua:
3147 5002 3398 5059 umquam
3413 4992 3711 5060 exprobra-

2102 5084 2282 5141 rerit?
2311 5081 2464 5150 Quod
2502 5083 2547 5135 si
2587 5081 2750 5135 etiam
2790 5079 2900 5145 liat,
2935 5082 2993 5134 lit
3035 5090 3255 5150 preptcr
3294 5083 3525 5138 lucrum.
3559 5085 3690 5138 Nam

2100 5178 2264 5234 etiam
2309 5175 2490 5245 pueris
2537 5172 2929 5241 exprobramus
2970 5171 3211 5227 volentes
3260 5188 3355 5227 eos
3394 5175 3646 5231 mordere
3682 5197 3694 5231 :

2101 5272 2348 5328 Christus
2382 5282 2598 5338 quoque
2639 5266 2949 5321 civitatibus
2996 5277 3122 5319 tunc
3160 5266 3699 5336 cmpitexprobrare,

2110 5364 2202 5419 νω
2228 5362 2317 5417 tibi
2343 5361 2617 5425 Corozain,
2649 5374 2724 5413 va:
2752 5358 2841 5411 tibi
2870 5358 3145 5412 Bethsaida
3176 5356 3328 5429 (Luc.
3374 5360 3457 5413 10.
3496 5360 3605 5429 15).
3640 5371 3699 5415 ιιι

2102 5474 2196 5515 eas
2226 5457 2483 5511 liberaret
2506 5472 2533 5506 ει
2564 5454 2795 5524 probris.
2824 5452 2968 5507 Nihil
2996 5454 3138 5505 enim
3162 5453 3400 5507 animum
3428 5454 3497 5508 ita
3524 5465 3701 5522 potest

2106 5561 2346 5621 tangere,
2379 5557 2434 5602 et
2462 5563 2584 5602 eum
2614 5546 2784 5615 magis
2810 5550 3067 5607 excitare,
3100 5554 3151 5599 et
3183 5544 3452 5614 dejectum
3491 5563 3552 5601 ac
3587 5546 3701 5602 dis-

2104 5642 2336 5696 solutum
2386 5639 2615 5708 erigere.
2665 5637 2851 5707 Neque
2901 5650 3000 5691 nos
3045 5645 3250 5692 temere
3286 5639 3424 5693 alter
3470 5641 3707 5694 alterunt

2110 5733 2321 5804 probris
2357 5737 2695 5800 appetamus.
2732 5729 2868 5794 Quid
2898 5730 3085 5784 enim?
3114 5740 3332 5800 propter
3375 5731 3705 5799 pecuniosus

2111 5828 2307 5899 probra
2347 5826 2599 5896 umores?
2646 5824 3014 5894 Nequaquam,
3052 5824 3312 5895 siquidem
3345 5839 3464 5895 qua:
3505 5823 3700 5888 habes,
