4092 6496
480 331 549 384 75
1183 327 1240 385 S.
1284 328 1561 386 JUANNIS
1599 330 2073 387 CllllYSOSTUMl
2114 331 2428 389 AllClllEP.
2471 334 3007 396 CONSTANTINOP.
3696 359 3760 413 7’;

481 447 723 517 (sissides
750 448 1070 502 communia.
1102 450 1168 502 At
1194 459 1411 518 propter
1435 450 1694 519 peccata?
1720 448 1797 504 Ne
1817 449 1917 504 hoc
1944 451 2063 519 qui-

479 542 624 601 dem,
653 538 745 592 sed
778 541 951 607 potius
972 540 1234 609 corriges.
1265 538 1332 592 Et
1354 540 1581 610 plagam,
1613 540 1805 609 inquit,
1835 541 2065 597 dolosam

479 633 558 697 (Ι.
588 632 705 684 Cor.
743 632 827 684 Μ.
872 632 947 700 l).
981 631 1117 690 Ouid
1148 630 1320 685 vero?
1348 634 1583 701 seipsqu
1622 635 1901 701 perimet?
1943 636 2064 703 quis

479 721 649 791 ipsum
696 722 998 789 percutiet?
1037 722 1225 777 Nemo.
1270 722 1665 793 Persequamur
1703 740 1833 794 ergo
1872 726 2064 780 carita—

476 827 603 865 tem.
637 812 751 866 Non
795 813 928 865 dixit
966 813 1298 881 simpliciter,
1345 814 1656 884 Diligamus,
1707 817 1825 882 sed,
1876 816 2057 870 Perse-

474 919 719 971 quatitur.
752 904 916 958 Multo
946 904 1125 959 studio
1161 921 1298 975 opus
1333 917 1384 960 et
1424 907 1695 977 diligentia
1739 927 1751 961 :
1795 909 1903 962 cito
1931 923 2058 961 eva-

474 999 661 1059 ui'sttil,
691 998 842 1051 velox
871 1008 950 1052 est
984 997 1049 1052 ad
1091 1000 1451 1055 recedendum
1485 1018 1498 1052 :
1535 1010 1641 1055 tam
1683 1002 1845 1056 multa
1876 1002 2057 1055 invita

471 1087 595 1140 huic
625 1088 700 1140 rei
726 1089 946 1142 exitium
989 1089 1238 1144 all‘erunt.
1268 1091 1321 1146 Si
1359 1107 1476 1145 eam
1511 1108 1915 1163 persequamur,
1949 1108 2055 1148 non

471 1180 615 1243 prius
655 1182 961 1246 recesserit,
1007 1197 1164 1250 quam
1208 1199 1327 1238 eam
1356 1186 1464 1238 cito
1510 1186 1908 1241 attraxeritnus.
1959 1187 2054 1240 Dei

465 1270 659 1323 raritas
686 1272 819 1325 ca-lo
848 1282 1042 1326 terram
1074 1275 1384 1343 conjunxit;
1434 1276 1523 1332 Dei
1562 1277 1758 1332 caritas
1787 1277 2053 1333 hominem

467 1361 656 1416 sedere
680 1362 981 1431 lecitsuper
1003 1365 1250 1421 thronum
1282 1370 1520 1439 regium;
1552 1370 1641 1425 Dei
1667 1370 1861 1424 caritas
1886 1370 2051 1426 Deum

465 1453 698 1506 ostendit
741 1468 903 1523 super
951 1466 1190 1523 terram;
1237 1458 1329 1513 Dei
1371 1460 1569 1515 caritas
1606 1460 1882 1514 dominum
1929 1461 2054 1515 ft-cit

2174 466 2425 517 servum;
2474 454 2566 508 Dei
2596 455 2791 510 caritas
2823 455 2947 512 mu
2988 468 3043 512 ut
3072 461 3372 519 traderetur
3408 465 3632 523 dilectus
3666 487 3758 541 pro

2174 543 2421 609 inimicis,
2459 545 2600 599 lilius
2634 561 2733 615 pro
2760 547 2823 601 iis
2851 550 2941 619 qui
2987 552 3231 617 oderant,
3265 556 3495 613 dominis
3520 574 3617 629 pro
3640 578 3756 618 ser-

2174 636 2274 702 vis,
2316 636 2454 689 Deus
2482 652 2580 706 pro
2607 638 2933 706 hominibus,
2981 643 3118 698 liber
3156 662 3254 713 pro
3284 646 3518 707 l'autulis.
3557 652 3665 709 Nec
3691 671 3755 711 eo

2173 744 2340 797 usque
2361 730 2621 793 constitit,
2642 730 2737 785 sed
2758 746 2857 786 nos
2878 736 3084 789 vocavit
3107 737 3171 790 a‘d
3198 740 3420 810 majora.
3452 742 3565 797 Non
3587 747 3753 805 solum

2169 820 2310 873 enim
2343 835 2440 875 nos
2467 820 2712 875 liberavit
2734 837 2765 877 a
2797 824 3063 893 prioribus
3091 829 3263 892 malis,
3286 832 3380 886 sed
3408 834 3567 889 etiam
3592 840 3753 894 multa

2169 914 2367 980 majora
2397 928 2455 968 se
2487 913 2734 970 daturum
2767 927 2852 972 est
2892 919 3177 988 pollicitus.
3216 923 3321 977 Pro
3351 925 3457 992 his,
3488 930 3621 983 actis
3649 931 3752 985 Deo

2165 1005 2368 1072 gratiis,
2398 1022 2611 1063 omnem
2643 1023 3031 1080 persequamur
3053 1018 3327 1083 virtutem,
3363 1027 3418 1073 et
3445 1035 3557 1089 pra:
3576 1027 3750 1079 omni-

2166 1095 2266 1151 bus
2311 1099 2584 1154 caritatem
2630 1115 3000 1169 exerceamus,
3038 1114 3094 1159 ut
3134 1106 3277 1177 digni
3325 1109 3619 1168 habeamur
3660 1121 3748 1187 qui

2164 1200 2557 1257 consequamur
2588 1189 2726 1245 bona
2757 1193 3040 1261 promissa,
3074 1211 3169 1265 per
3191 1201 3413 1267 gratiam
3441 1213 3493 1256 et
3521 1204 3752 1275 benigni-

2165 1288 2324 1333 tatem
2360 1280 2565 1335 Dmnini
2597 1283 2767 1337 nostri
2797 1283 2924 1339 Jesu
2959 1284 3179 1353 Christi,
3225 1292 3309 1345 cui
3350 1306 3473 1348 cum
3506 1295 3665 1352 Patre
3698 1311 3750 1355 et

2160 1370 2363 1439 Spiritu
2389 1386 2576 1428 saneto
2597 1374 2788 1443 gloria,
2817 1376 3121 1446 imperium,
3147 1380 3336 1451 honor,
3361 1400 3502 1442 nunc
3529 1397 3584 1442 et
3610 1405 3751 1445 sem-

2163 1478 2276 1533 per,
2306 1474 2357 1518 et
2386 1464 2436 1516 iu
2465 1466 2660 1519 secula
2688 1468 3028 1525 saeculorum.
3061 1471 3255 1528 Amen.

1874 1667 2214 1728 HOMILIA
2265 1668 2349 1728 Χ.

456 1807 589 1862 Car.
630 1811 681 1863 4.
718 1827 768 1862 v.
803 1812 853 1865 4.
900 1811 1069 1866 Unum
1104 1830 1286 1881 corpus
1324 1827 1369 1867 et
1399 1831 1527 1867 unus
1566 1815 1796 1880 spiritus,
1829 1816 1958 1869 sicut
1998 1824 2043 1868 et

530 1903 689 1954 vocati
712 1914 833 1956 estis
851 1903 904 1956 in
934 1920 1037 1956 una
1063 1921 1153 1974 spe
1174 1906 1448 1959 vocationis
1475 1916 1671 1961 vestra.

528 2000 581 2045 ι.
621 1992 844 2059 Quando
864 1993 928 2047 ad
956 2009 1202 2064 magnum
1229 1996 1425 2064 aliquid
1455 2011 1553 2050 nos
1573 1997 1885 2052 exhortatur
1908 1999 2043 2052 Pau-

456 2085 558 2145 lus,
592 2087 760 2156 utqui
790 2087 860 2141 sit
895 2087 1050 2143 valde
1079 2089 1294 2157 sapiens
1322 2099 1379 2143 et
1408 2089 1720 2158 spiritualis.
1759 2092 1906 2146 ducit
1942 2108 2039 2147 ex-

455 2178 809 2233 hortationem
856 2179 926 2233 ab
968 2178 1033 2233 iis
1081 2195 1200 2248 qua:
1230 2190 1357 2235 sunt
1402 2182 1451 2234 in
1497 2181 1665 2245 αιιιίε,
1709 2192 1767 2235 ιιι
1802 2184 1891 2251 qui
1937 2183 2040 2236 hoc

370 2250 377 2258 l
454 2272 626 2337 ipsum
669 2285 700 2324 a
746 2271 971 2325 Domino
1011 2271 1298 2327 didicerit:
1332 2273 1471 2328 sicut
1509 2276 1668 2328 etiam
1712 2250 1843 2330 dicit
1887 2277 2034 2341 alibi,

451 2360 720 2416 Autbulate
744 2363 797 2416 in
819 2362 1103 2427 dilectione,
1133 2366 1264 2418 sicut
1291 2373 1338 2418 et
1362 2366 1592 2418 Christus
1630 2368 1806 2420 dilexit
1845 2384 1959 2431 nos,
1991 2377 2037 2421 et

451 2454 661 2507 tradidit
674 2456 1001 2527 sentetipsnm
1019 2474 1111 2526 pro
1137 2457 1279 2512 nobis
1298 2456 1515 2526 (Ep/tes.
1544 2459 1596 2514 5.
1623 2458 1717 2530 ‘2);
1749 2469 1802 2513 et
1829 2475 2032 2526 rursus,

453 2545 568 2599 Hoc
587 2548 837 2600 sentiatur
862 2551 914 2601 in
942 2547 1079 2601 vobis
1099 2549 1239 2617 quod
1258 2550 1379 2603 etin
1402 2548 1602 2604 Christo
1628 2550 1660 2603 .l
1668 2567 1774 2614 esu,
1812 2552 1895 2619 qui
1921 2568 2036 2605 cum

446 2640 498 2690 in
521 2637 688 2705 forma
727 2637 815 2691 Dei
844 2650 992 2704 esset,
1036 2657 1137 2693 non
1179 2641 1414 2709 rapinam
1449 2641 1723 2696 arbitratus
1749 2653 1821 2696 est
1848 2659 1954 2698 esse
1981 2658 2035 2696 se

445 2722 689 2797 aequalem
726 2729 830 2783 Deo
852 2730 1113 2801 (Philipp.
1138 2729 1195 2784 2.
1224 2731 1279 2786 5.
1309 2733 1390 2799 6).
1427 2733 1536 2785 lloc
1564 2733 1725 2787 etiam
1759 2733 1844 2788 hic
1885 2733 2028 2788 facit.

445 2819 667 2886 Quando
718 2822 860 2875 enim
908 2822 1152 2891 exempla
1208 2824 1477 2893 preposita
1524 2834 1649 2878 sunt
1692 2840 1902 2896 magna,
1950 2837 2033 2880 est

444 2913 714 2966 aemulatio
757 2912 1049 2968 vehemens
1087 2925 1141 2967 et
1181 2915 1525 2969 desiderium.
1572 2915 1709 2981 Quid
1749 2932 1877 2986 ergo
1905 2917 2031 2971 dicit

445 3019 542 3059 nos
570 3004 864 3059 adhortans
908 3005 977 3059 ad
1027 3006 1327 3059 unitatem?
1376 3005 1546 3061 Unum
1591 3023 1775 3078 corpus
1814 3018 1859 3061 et
1899 3025 2031 3062 unus

442 3096 673 3163 spiritus,
709 3099 838 3150 sicut
885 3107 932 3150 et
979 3098 1143 3151 uocati
1183 3098 1300 3153 estis
1351 3099 1407 3152 in
1455 3116 1558 3153 una
1609 3116 1703 3168 spe
1748 3101 2029 3155 vocationis

442 3199 619 3242 ucstra:
643 3204 662 3241 :
687 3189 740 3244 5.
774 3205 907 3243 unus
935 3188 1204 3253 Dominus,
1236 3206 1340 3243 una
1364 3190 1514 3257 ﬁdes,
1575 3207 1732 3244 unum
1752 3190 2023 3259 baptisma.

441 3281 578 3347 Quid
606 3290 687 3335 est
714 3292 892 3336 autem
928 3296 1089 3335 unum
1121 3280 1360 3350 corpus?
1389 3282 1489 3347 Qui
1518 3292 1643 3336 sunt
1684 3282 1879 3352 ubique
1920 3293 2027 3339 ter-

442 3387 620 3426 rarum
659 3372 845 3428 ﬁdeles
876 3382 931 3425 et
961 3372 1172 3426 fuerunt
1193 3382 1245 3425 et
1275 3372 1435 3426 futuri
1463 3381 1606 3427 sunt.
1635 3373 1835 3427 Rursus
1861 3384 1914 3428 et
1936 3374 2023 3443 qui

438 3474 565 3517 ante
591 3462 787 3518 Christi
810 3463 1095 3518 adventum
1129 3464 1460 3532 placuerunt,
1483 3474 1607 3519 sunt
1624 3481 1784 3519 unum
1806 3480 2020 3535 corpus.

437 3555 760 3622 Quomodo?
799 3555 1059 3622 Quoniam
1106 3556 1180 3609 illi
1231 3572 1441 3626 quoque
1489 3557 1757 3612 Christum
1802 3567 2020 3613 norunt.

441 3646 718 3701 Uudenam
747 3646 849 3700 hoc
871 3647 1121 3701 constat?
1148 3646 1401 3700 Abraham
1445 3657 1590 3717 pater
1618 3658 1796 3712 vester,
1825 3650 2018 3719 inquit,

437 3738 701 3792 exsultauit
738 3749 793 3791 ut
838 3737 1024 3792 videret
1054 3739 1187 3791 diem
1220 3754 1429 3803 meum;
1466 3750 1511 3793 et
1546 3740 1692 3806 vidit,
1730 3750 1776 3794 et
1819 3742 2022 3811 gavisus

436 3840 507 3882 est
532 3828 711 3899 (Joau.
744 3830 796 3882 8.
825 3828 955 3898 56);
981 3839 1036 3881 et
1065 3845 1268 3888 rursus,
1300 3829 1362 3885 Si
1386 3830 1655 3883 crederetis
1686 3829 1875 3901 Moysi,
1912 3847 2021 3884 cre-

436 3922 619 3976 deretis
649 3920 816 3988 utique
841 3931 887 3973 et
915 3920 1039 3973 mihi
1069 3936 1088 3974 :
1114 3921 1177 3974 de
1206 3938 1284 3974 nte
1323 3921 1455 3974 enim
1482 3921 1570 3974 ille
1610 3921 1812 3990 scripsit
1848 3921 1900 3991 (Ι
1908 3922 2014 3976 bid.

435 4014 489 4067 5.
521 4012 637 4081 46).
672 4022 725 4066 et
756 4012 1047 4080 propheta).
1085 4011 1200 4064 Non
1240 4012 1583 4080 scripsissent
1624 4022 1826 4077 autem,
1864 4013 1911 4067 si
1949 4011 2017 4068 de

434 4120 498 4159 eo
553 4105 887 4173 ignorasse-ut
933 4118 1050 4174 quze
1093 4103 1343 4157 dicebant
1390 4118 1564 4157 :cum
1613 4103 1784 4171 ipsum
1836 4114 2015 4158 autem

435 4205 672 4261 nossent,
713 4195 873 4249 etiam
911 4196 1225 4249 adorahant.
1276 4194 1637 4262 Quamobrem
1687 4195 1761 4249 illi
1803 4211 2015 4266 quoque

430 4300 554 4342 sunt
585 4304 748 4342 unum
769 4303 985 4357 corpus.
1019 4287 1135 4341 Non
1164 4297 1247 4342 cst
1272 4288 1594 4355 disjunclum
1622 4303 1817 4356 corpus
1842 4305 1871 4343 a
1899 4291 2014 4360 spi-

432 4383 533 4435 ritu
562 4400 573 4434 :
605 4381 802 4449 alioqui
837 4395 942 4436 non
975 4378 1130 4433 fuerit
1154 4393 1365 4450 corpus.
1393 4378 1503 4434 Nos
1529 4380 1671 4435 enim
1697 4381 1933 4437 solemus
1958 4383 2011 4437 in

430 4475 608 4537 uuitis,
633 4486 685 4527 et
710 4488 827 4542 qua:
851 4473 1069 4525 multam
1098 4471 1295 4527 habent
1318 4472 1779 4541 consequentiam,
1806 4473 2008 4541 dicere,

430 4570 521 4621 list
550 4584 709 4620 ιιιιιιηι
741 4582 956 4634 corpus.
989 4565 1062 4619 lta
1092 4566 1251 4618 etiam
1279 4579 1377 4619 nos
1401 4565 1454 4620 in
1484 4566 1679 4621 unione
1715 4567 2012 4637 accipimus

427 4675 587 4712 unmn
621 4672 819 4727 corpus
846 4673 953 4711 uno
974 4656 1168 4725 capite.
1193 4655 1248 4711 Si
1276 4665 1357 4710 est
1380 4665 1556 4711 autem
1588 4673 1747 4712 unum
1769 4669 1929 4729 caput
1952 4668 2009 4715 et

426 4767 586 4803 unum
615 4763 832 4818 corpus,
861 4757 1074 4803 constat
1099 4762 1293 4817 corpus
1313 4762 1379 4802 ex
1407 4749 1661 4803 membris
1684 4748 1925 4805 honestis
1954 4759 2009 4805 et

424 4861 528 4896 non
560 4843 818 4897 honestis.
847 4840 1111 4894 Caeterum
1154 4854 1327 4908 neque
1358 4840 1412 4893 in
1442 4839 1755 4893 vilissimum
1782 4841 2008 4911 insurgit

423 4938 471 4987 id
504 4935 643 5004 quod
670 4944 753 4989 est
780 4932 973 5001 majus,
1023 4946 1195 5000 neque
1232 4930 1361 4985 illud
1406 4930 1532 4986 huic
1573 4932 1793 4986 invidet.
1841 4934 2001 5004 Atqui

424 5045 527 5080 non
556 5029 804 5083 eumdem
844 5040 998 5078 usum
1041 5038 1140 5077 nec
1177 5022 1422 5077 eamdem
1464 5022 1792 5078 iunctionem
1824 5027 2001 5079 omnia

419 5123 668 5184 atl’erunt,
719 5119 812 5173 sed
860 5117 1242 5171 convenienter
1280 5115 1469 5170 rationi
1519 5118 1855 5172 necessitatis
1892 5137 1905 5173 :
1947 5130 2003 5175 et

418 5216 541 5282 quia
573 5215 703 5267 laeta
733 5220 854 5266 sunt
884 5210 1060 5265 omnia
1086 5209 1392 5267 necessario
1416 5218 1470 5263 et
1494 5210 1557 5264 ad
1580 5210 1824 5266 diversos
1849 5225 1996 5277 usus,

417 5305 596 5359 omnia
643 5315 768 5358 sunt
813 5303 1016 5355 honore
1044 5301 1212 5368 paria.
1255 5300 1391 5355 Sunt
1427 5311 1603 5356 autem
1645 5302 1748 5357 alia
1783 5303 1996 5372 quidem

415 5393 877 5464 praestantissumi,
907 5400 958 5445 et
983 5407 1101 5461 quze
1130 5394 1358 5446 maxime
1378 5393 1708 5446 dominatum
1728 5395 1991 5459 obtinent,

415 5489 515 5539 alia
548 5500 676 5538 vero
706 5485 882 5537 minus
916 5500 930 5536 :
967 5495 1019 5537 ut
1063 5494 1222 5552 caput
1262 5493 1346 5538 est
1390 5485 1551 5538 totius
1583 5485 1826 5553 corporis
1857 5500 2004 5555 prtem

414 5576 801 5632 stantissimum
834 5590 883 5631 et
916 5577 1083 5646 magis
1109 5576 1437 5631 dominatum
1470 5577 1738 5643 obtinens,
1765 5586 1821 5631 ut
1854 5577 1994 5646 quod

414 5674 469 5725 in
504 5686 564 5725 se
603 5669 794 5723 haheat
829 5685 1019 5726 omnes
1047 5685 1238 5726 sensus
1275 5679 1331 5725 et
1359 5671 1552 5724 anima:
1594 5669 1945 5738 principatum
1977 5690 1991 5725 :

413 5777 583 5831 neque
611 5762 808 5831 absque
834 5763 1005 5831 capite
1032 5762 1134 5817 vivi
1171 5772 1376 5831 potest;
1410 5760 1632 5830 pedibus
1656 5769 1832 5814 autem
1867 5778 1981 5814 ant-

2155 1813 2353 1881 putazis
2383 1816 2535 1871 multi
2565 1818 2806 1875 vixerunt
2844 1821 3004 1894 longo
3045 1833 3303 1897 tempore.
3335 1830 3432 1887 Est
3470 1834 3649 1906 itaque
3692 1838 3741 1894 id

2152 1905 2256 1959 illis
2284 1922 2387 1960 non
2414 1908 2585 1962 solum
2611 1910 2715 1966 situ
2737 1920 3100 1985 praestantius,
3124 1921 3219 1981 sed
3240 1924 3399 1979 etiam
3430 1905 3743 1997 operatione

2150 2009 2204 2052 et
2233 2000 2441 2055 ordine.
2471 2002 2649 2070 Quare
2685 2004 2788 2060 hoc
2826 2006 2951 2065 dico
2980 2028 2993 2065 :
3023 2009 3161 2067 Sunt
3205 2015 3258 2070 in
3290 2017 3526 2074 Ecclesia
3565 2025 3740 2094 mtdti,

2146 2090 2237 2157 qui
2264 2106 2385 2144 sunt
2427 2091 2479 2145 in
2510 2095 2675 2148 altum
2717 2099 2907 2167 erecti,
2940 2111 2997 2155 ut
3032 2115 3215 2173 caput,
3244 2109 3651 2169 considerantes
3688 2090 3741 2173 et

2134 2176 2486 2251 'spcculantes
2513 2186 2767 2253 caelestia,
2812 2192 2950 2247 sicut
2991 2196 3132 2251 oculi
3178 2199 3229 2253 in
3272 2202 3469 2271 capite,
3512 2208 3738 2264 multum

2145 2273 2403 2331 distantes
2427 2292 2456 2330 a
2486 2287 2648 2345 terra,
2684 2290 2738 2335 et
2776 2283 3017 2352 quicum
3062 2303 3126 2343 ea
3166 2289 3298 2345 nihil
3342 2292 3542 2351 habent
3585 2314 3740 2353 eom-

2147 2383 2307 2425 nmne
2358 2386 2374 2422 :
2430 2370 2518 2425 alii
2567 2381 2748 2427 autem
2797 2385 2980 2432 tenent
3030 2379 3205 2436 locum
3252 2384 3482 2453 pedum,
3534 2399 3736 2445 terram

2142 2461 2435 2529 calcantes,
2474 2464 2568 2519 sed
2608 2466 2800 2535 pedum
2844 2484 3116 2528 sanorum.
3156 2475 3271 2530 Non
3319 2479 3464 2534 enim
3510 2483 3737 2551 pedibus

2142 2552 2298 2607 datur
2323 2555 2454 2609 vitio
2477 2557 2617 2625 quod
2649 2567 2844 2614 terram
2875 2563 3108 2632 calcent,
3151 2567 3245 2622 sed
3272 2571 3412 2639 quod
3439 2573 3503 2627 ad
3532 2576 3734 2630 malum

2104 2719 2108 2724 '
2140 2654 2360 2699 currant
2388 2665 2401 2699 :
2426 2662 2545 2701 nam
2577 2647 2760 2717 Pedes,
2792 2653 2981 2723 inquit,
3003 2672 3179 2712 eorum
3201 2673 3414 2717 currunt
3441 2666 3512 2719 ad
3534 2669 3734 2725 malum

2141 2733 2293 2805 (lsai.
2325 2737 2415 2792 59.
2441 2738 2518 2809 7).
2547 2739 2727 2811 Neque
2757 2758 2908 2814 ergo,
2943 2747 3135 2818 inquit,
3161 2753 3302 2807 oculi
3325 2758 3656 2816 extollantur
3680 2774 3735 2819 et

2138 2827 2367 2896 superbe
2389 2844 2448 2884 se
2475 2842 2664 2898 gerant
2689 2832 2948 2892 adversus
2980 2839 3181 2907 pedes;
3213 2859 3388 2915 neque
3408 2849 3567 2913 pedes
3597 2868 3734 2909 ocn-

2137 2916 2204 2971 lis
2232 2917 2524 2986 invideant,
2557 2922 2792 2992 alioquin
2824 2927 3109 2999 unicuique
3148 2947 3246 2987 sua
3285 2939 3495 3007 propria
3527 2943 3733 2999 tollitur

2138 3010 2495 3077 pulchritudo,
2530 3025 2586 3069 et
2614 3031 2742 3071 suus
2772 3018 3038 3087 perfectus
3072 3024 3363 3095 impeditur
3389 3047 3517 3087 usus
3545 3044 3603 3091 et
3634 3052 3729 3093 sua

2139 3102 2338 3157 functio
2359 3122 2370 3156 :
2396 3116 2448 3159 et
2462 3106 2583 3175 jure
2599 3109 2650 3163 id
2671 3109 2865 3165 dicitur
2885 3133 2898 3167 :
2920 3130 3040 3168 nam
3058 3118 3147 3187 qui
3166 3118 3443 3177 insidiatur
3458 3130 3727 3197 proximo,

2136 3196 2235 3250 sibi
2268 3199 2494 3264 primum
2526 3212 2675 3270 parat
2704 3204 2943 3260 insidias.
2973 3206 3027 3263 Si
3051 3224 3179 3281 ergo
3198 3214 3361 3282 pedes
3389 3217 3561 3275 nolint
3587 3237 3723 3295 por-

2137 3296 2247 3341 tare
2276 3301 2428 3358 caput
2481 3307 2602 3346 cum
2629 3294 2810 3363 egredi
2841 3300 3203 3357 necessarium
3231 3314 3346 3370 est,
3376 3307 3477 3363 sibi
3507 3326 3727 3383 quoque

2136 3379 2404 3433 interitum
2426 3380 2656 3437 all'erunt
2673 3396 2891 3455 propter
2907 3388 3331 3450 immobilitatem
3353 3407 3408 3452 et
3427 3379 3721 3471 pigritiam:

2131 3478 2186 3523 et
2214 3472 2257 3523 si
2294 3482 2451 3539 caput
2492 3473 2692 3528 nullam
2726 3477 2855 3551 velit
2880 3479 3072 3547 pedum
3100 3496 3283 3538 curam
3303 3502 3515 3557 gerere,
3544 3493 3725 3562 ipsum

2130 3561 2357 3629 primum
2392 3561 2621 3618 laeditur.
2660 3565 2731 3619 At
2759 3567 2845 3620 illa
2874 3570 3088 3637 quidem
3130 3573 3360 3633 alterum
3396 3580 3450 3634 in
3485 3561 3720 3640 alterum

2129 3666 2233 3705 non
2262 3652 2535 3723 insurgere
2551 3665 2634 3710 est
2652 3670 3069 3717 consentaneum
3095 3666 3210 3722 :sic
3233 3671 3375 3726 enim
3401 3679 3723 3736 naturaliter

2126 3744 2426 3797 ordinatmn
2454 3754 2537 3799 est
2569 3763 2583 3799 :
2616 3747 2710 3802 sed
2737 3752 3007 3818 quomodo
3039 3755 3152 3810 ﬁeri
3185 3767 3357 3828 potest
3388 3773 3445 3818 ut
3474 3763 3641 3823 homo
3665 3771 3718 3826 in

2127 3834 2398 3933 hominem
2428 3852 2531 3891 non
2562 3839 2842 3911 insurgat?
2868 3844 3051 3913 Neque
3083 3850 3224 3904 enim
3252 3857 3561 3925 angelorum
3589 3866 3719 3933 quis

2128 3926 2383 3995 insurgit,
2433 3931 2683 3997 quoniam
2726 3949 2824 3988 nec
2881 3935 2957 3989 illi
3008 3938 3269 3998 adversus
3318 3926 3714 4023 archangelos;

2124 4032 2299 4085 neque
2330 4034 2514 4075 rursus
2538 4020 2693 4076 bruta
2728 4024 2846 4092 plus
2874 4043 3032 4096 quam
3059 4046 3160 4102 ego
3187 4034 3367 4091 efferri
3396 4047 3453 4095 et
3475 4020 3717 4111 majores

2123 4108 2341 4176 spiritus
2367 4121 2590 4181 possunt
2613 4117 2896 4185 concipere
2921 4136 2935 4173 :
2963 4120 3049 4174 ubi
3071 4132 3249 4179 autem
3279 4143 3375 4196 par
3395 4141 3478 4184 est
3498 4108 3714 4195 honore

2122 4207 2331 4268 natura,
2365 4211 2420 4257 et
2449 4218 2613 4257 unum
2637 4204 2855 4272 donum,
2886 4217 2941 4263 et
2967 4211 3065 4266 iste
3093 4214 3212 4283 plus
3249 4232 3407 4287 quam
3448 4221 3538 4278 ille
3569 4226 3713 4283 nihil

2120 4291 2282 4348 habet
2307 4310 2405 4351 nec
2425 4305 2731 4367 superatur,
2754 4302 3024 4369 quomodo
3050 4320 3156 4360 non
3180 4309 3532 4370 insurrexerit
3548 4317 3574 4371 ἵ
3590 4318 3714 4375 Ιιηο

2120 4400 2247 4439 vero
2276 4396 2496 4456 propter
2524 4387 2638 4443 htec
2665 4406 2769 4444 non
2796 4391 2959 4448 debes
2988 4394 3264 4469 insurgere
3293 4401 3348 4456 in
3374 4407 3711 4473 proximum.

2117 4477 2247 4531 Nam
2274 4479 2319 4533 si
2354 4481 2534 4534 omnia
2572 4491 2698 4535 sunt
2737 4488 3062 4554 communia,
3111 4498 3166 4545 et
3209 4492 3346 4548 alter
3377 4497 3496 4565 plus
3540 4515 3708 4570 quam

2115 4571 2253 4625 alter
2273 4588 2376 4625 non
2397 4572 2576 4640 habet,
2602 4573 2867 4630 undeuam
2885 4582 3222 4650 arrogantia?
3238 4583 3492 4655 Ejusdem
3513 4607 3710 4650 sumus

2118 4673 2320 4717 naturze
2342 4665 2650 4734 participes,
2682 4667 2876 4721 anima:
2901 4678 2956 4723 et
2983 4673 3226 4741 corporis
3246 4677 3514 4747 similiter,
3541 4700 3706 4740 eum-

2114 4751 2234 4807 dem
2265 4753 2533 4822 spiramus
2568 4771 2769 4819 aerem,
2804 4757 2992 4813 iisdem
3036 4763 3234 4817 utimur
3260 4767 3568 4839 alimentis;
3603 4791 3707 4829 nn-

2110 4844 2303 4900 denam
2332 4847 2697 4901 insurrectio?
2726 4849 2793 4902 At
2816 4865 2974 4918 posse
3001 4864 3216 4923 propter
3240 4858 3488 4916 virtutem
3516 4866 3702 4920 incor-

2113 4949 2301 5003 porcas
2341 4950 2598 5005 superare
2639 4947 2947 5006 potestates,
2991 4943 3187 4998 suﬂicit
3223 4946 3290 5001 ad
3338 4949 3699 5009 inducendam

2109 5025 2469 5095 arrogantiam
2501 5043 2515 5079 :
2546 5028 2653 5081 imo
2692 5043 2824 5084 vero
2865 5046 2970 5085 non
3002 5032 3178 5088 ‘luerit
3225 5037 3327 5093 hoc
3361 5047 3699 5112 arrOgantia.

2113 5117 2222 5186 Ego
2267 5127 2444 5171 autem
2488 5120 2678 5174 merito
2714 5121 2977 5178 adversus
3016 5124 3315 5185 daemonem
3363 5136 3596 5192 extollar
3638 5151 3701 5194 et

2107 5208 2259 5261 valde
2284 5209 2533 5262 extollar.
2574 5210 2707 5265 Vide
2734 5222 2911 5267 autem
2940 5217 3213 5283 quomodo
3247 5219 3441 5278 Paulus
3477 5242 3699 5299 qucque

2105 5300 2258 5354 valde
2286 5300 2650 5355 extollebatur
2674 5302 2929 5361 adversus
2948 5307 3271 5366 dzemonem.
3296 5314 3521 5381 Quando
3544 5323 3693 5377 ettilll

2104 5406 2291 5462 magna
2339 5403 2393 5446 et
2433 5392 2764 5449 admirabilia
2808 5395 2876 5450 de
2911 5412 2979 5452 eo
3015 5398 3230 5459 diccbat
3274 5404 3508 5475 daemon,
3538 5413 3586 5467 ei
3626 5430 3696 5469 os

2103 5487 2385 5551 obstruxit,
2428 5502 2498 5541 ne
2540 5488 2850 5543 adulantem
2877 5492 3094 5560 quidem
3136 5493 3339 5552 ferens.
3384 5500 3517 5557 Nam
3562 5520 3690 5561 cum

2102 5579 2375 5645 ancillula,
2420 5595 2540 5649 qua:
2580 5580 2824 5649 spiritum
2875 5582 3105 5639 habebat
3143 5586 3426 5660 Pythonis,
3457 5595 3688 5664 diceret,

2105 5666 2175 5721 lli
2201 5668 2425 5723 homines
2450 5679 2565 5723 sunt
2593 5673 2719 5726 servi
2750 5669 2844 5726 Dei
2868 5673 3076 5740 excelsi,
3105 5678 3192 5747 qui
3220 5682 3356 5736 vobis
3382 5688 3690 5741 antruntitmt

2100 5763 2231 5816 viam
2271 5764 2489 5817 veritatis
2515 5764 2650 5835 (Act.
2700 5765 2781 5819 lli.
2827 5765 2933 5838 l7),
2970 5768 3126 5829 valde
3166 5770 3468 5847 increpans,
3509 5780 3680 5846 impu-
