4092 6488
241 361 305 415 75
1149 356 1213 410 IN
1255 355 1473 412 EPIST.
1524 357 1615 411 AD
1655 356 1896 412 EI’IIES.
1938 357 2092 414 CAP.
2135 359 2220 413 IV.
2265 358 2498 414 HOMIL.
2544 358 2610 412 Χ.
3432 364 3508 417 76

252 474 411 543 Ὑπὲρ
450 471 515 543 δὴ
561 470 764 525 τούτων
804 473 1313 544 εὐχαριστήσαντες,
1339 475 1416 546 τῷ
1447 475 1585 546 Θεῷ,
1632 477 1811 527 πᾶσαν

240 557 430 626 ἀρετὴν
483 555 852 626 μετέλθωμεν,
895 557 990 610 καὶ
1038 559 1144 627 πρὸ
1195 559 1412 611 πάντων
1454 558 1556 628 τὴν
1589 559 1812 628 ἀγάπην

242 639 352 710 μετ’
388 639 670 710 ἀκριϐείας
721 641 1185 711 κατορθώσωμεν,
1239 642 1328 695 ἵνα
1381 642 1811 712 καταξιωθῶμεν

241 727 509 794 ἐπιτυχεῖν
553 723 661 775 τῶν
709 725 1143 795 ἐπηγγελμένων
1194 725 1438 792 ἀγαθῶν,
1482 727 1666 796 χάριτι
1718 727 1808 779 καὶ

1919 475 2296 546 φιλανθρωπίᾳ
2330 476 2423 528 τοῦ
2452 477 2656 547 Κυρίου
2687 474 2844 545 ἡμῶν
2891 474 3064 544 Ἰησοῦ
3099 473 3356 545 Χριστοῦ,
3386 479 3504 547 μεθ’

1917 555 1976 612 οὗ
2007 560 2085 628 τῷ
2123 561 2295 630 Πατρὶ
2328 560 2443 629 ἅμα
2480 561 2555 628 τῷ
2584 561 2724 629 ἁγίῳ
2767 559 3066 629 ΙΙνεύματι,
3104 558 3252 623 δόξα,
3282 558 3506 630 κράτος.

1916 644 2075 712 τιμὴ,
2111 641 2204 694 νῦν
2236 645 2326 695 καὶ
2367 645 2475 708 ἀεὶ,
2509 645 2601 697 καὶ
2631 645 2708 706 είς
2743 644 2869 706 τοὺς
2894 643 3096 706 αἰῶνας
3131 643 3238 694 τῶν
3267 642 3505 698 αἰώνων.

1931 727 1986 777 Ἀ
1999 728 2071 796 μή
2081 745 2127 781 ν,

281 969 3491 991 mm

1721 1136 1964 1190 ΟΜΙΛΙΛ
2011 1137 2064 1194 l'.

248 1345 348 1398 Ἕν
365 1339 533 1412 σῶμα
567 1343 666 1397 καὶ
693 1341 765 1397 ἓν
795 1343 1055 1412 πνεῦμα,
1083 1345 1277 1411 καθὼς
1303 1343 1398 1398 καὶ
1426 1342 1726 1411 ἐκλήθητε
1749 1343 1818 1396 ἐν

500 1425 612 1497 μιᾷ
646 1425 851 1480 ἑλπίδι
878 1427 988 1494 τῆς
1019 1430 1298 1495 κλήσεως
1325 1429 1510 1498 ὑμῶν.

309 1531 644 1586 α’.⁴’οτανέπί
664 1550 712 1584 τι
734 1533 920 1602 μεῖζον
939 1533 1231 1605 παρακαλῇ
1249 1535 1276 1586 ὁ
1293 1533 1562 1604 μακάριος
1584 1530 1814 1595 Παῦλος,

249 1617 446 1680 συνετὸς
466 1613 544 1668 ὢν
573 1615 782 1686 σφόδρα
809 1619 902 1670 καὶ
924 1618 1317 1688 πνευματικὸς,
1351 1617 1460 1670 ἀπὸ
1485 1616 1592 1669 τῶν
1627 1617 1684 1667 ἐν
1705 1619 1820 1678 τοῖς

246 1703 474 1773 οὐρανοῖς
490 1703 728 1754 ποιεῖται
751 1701 850 1772 τὴν
867 1702 1235 1774 παράκλησιν,
1250 1701 1408 1754 τοῦτο
1429 1701 1493 1772 δὴ
1510 1697 1642 1754 αὐτὸ
1666 1700 1819 1770 παρά

249 1787 327 1841 τοῦ
353 1787 556 1859 Κυρίου
595 1786 941 1858 μεμαθηκώς
961 1804 977 1820 ο
1005 1787 1192 1850 καθὼς
1227 1787 1320 1841 καὶ
1359 1785 1595 1856 ἀλλαχοῦ
1639 1801 1772 1855 φησι
1801 1801 1815 1816 ο

248 1869 604 1939 Περιπατεῖτε
628 1870 700 1923 ἐν
729 1870 956 1940 ἀγάπῃ,
988 1871 1185 1936 καθὼς
1209 1871 1308 1924 καὶ
1337 1873 1370 1925 ό
1392 1870 1647 1938 Χριστὸς
1674 1867 1818 1937 ἠγά-

251 1970 428 2021 πησεν
460 1953 576 2026 [75]
616 1953 802 2023 ἡμᾶς,
857 1957 957 2009 καὶ
1003 1955 1348 2024 παρέδωκεν
1391 1955 1609 2010 ἑαυτὸν
1665 1953 1818 2021 ὑπὲρ

255 2037 423 2104 ἡμῶν
437 2039 520 2092 καὶ
539 2037 730 2104 πάλιν,
750 2039 931 2092 Τοῦτο
952 2039 1290 2108 φρονείσθω
1312 2040 1381 2092 ἐν
1395 2038 1556 2107 ὑμῖν,
1580 2037 1610 2091 ὃ
1636 2037 1730 2090 καὶ
1751 2037 1820 2090 ἐν

255 2119 456 2187 Χριστῷ
494 2121 726 2188 Ἰησοῦ,
757 2120 827 2188 ὃς
852 2122 924 2175 ἐν
951 2120 1153 2193 μορφῇ
1177 2123 1327 2176 Θεοῦ
1357 2121 1665 2189 ὑπάρχων,
1705 2122 1815 2187 οὺχ

249 2205 530 2274 ἁρπαγμὸν
574 2204 856 2273 ἡγήσατο
893 2206 956 2258 τὸ
989 2201 1142 2258 εἶναι
1185 2207 1291 2258 ἴσα
1344 2203 1484 2269 Θεῷ.
1521 2203 1692 2256 Τοῦτο
1725 2205 1817 2256 καὶ

245 2286 455 2340 ἐνταῦθα
475 2290 643 2340 ποιεῖ.
681 2289 852 2340 Ὅταν
882 2283 1046 2360 γάρῇ
1076 2288 1144 2342 τὰ
1170 2289 1547 2357 ὑποδείγματα
1579 2287 1647 2339 τὰ
1678 2305 1814 2356 προ-

241 2372 449 2441 κείμενα
477 2373 720 2443 μεγάλα,
761 2373 991 2444 σφοδρός
1013 2376 1126 2426 ἐστι
1158 2375 1307 2445 ζήλῳ
1331 2374 1426 2427 καὶ
1453 2373 1531 2444 τῷ
1553 2373 1721 2444 πόθῳ.
1752 2372 1816 2424 Τί

237 2449 320 2506 οὖν
348 2472 528 2525 φησιν,
566 2459 647 2520 εἰς
683 2455 912 2528 ἑνότητα
936 2457 1266 2526 προτρέπων
1299 2459 1446 2528 ἡμᾶς
1470 2475 1486 2524 ;
1513 2459 1616 2510 Ἓν
1645 2455 1817 2523 σῶμα

233 2538 324 2591 καί
345 2537 414 2592 ἐν
429 2538 698 2610 πνεῦμα,
723 2539 922 2605 καθὼς
951 2541 1051 2594 καί
1068 2541 1366 2609 ἐκλήθητε
1385 2541 1455 2594 ἐν
1485 2539 1595 2610 μιᾷ
1615 2541 1815 2594 ἐλπίδι

233 2619 332 2689 τῆς
369 2622 653 2689 κλήσεως
696 2623 900 2692 ὑμῶν’
930 2619 1018 2690 εἷς
1057 2627 1294 2692 Κύριος,
1338 2626 1447 2692 μία
1485 2627 1709 2690 πίστις,
1745 2623 1814 2676 ἓν

225 2704 552 2776 βάπτισμα.
585 2707 652 2760 Τί
676 2707 732 2761 δέ
757 2710 928 2771 ἐστιν,
959 2711 1062 2762 Ἓν
1089 2709 1296 2779 σῶμα
1326 2712 1386 2762 υἱ
1417 2709 1692 2779 πανταχοῦ
1716 2709 1815 2778 τῆς

229 2794 540 2865 οἰκουμένης
583 2794 769 2847 πιστοὶ
813 2795 907 2849 καὶ
934 2796 1088 2860 ὄντες
1119 2799 1214 2850 καὶ
1245 2797 1531 2868 γενόμενοι
1563 2797 1655 2849 καὶ
1696 2797 1816 2848 ἐσό-

234 2893 390 2946 μενοι.
424 2878 604 2932 Πάλιν
639 2879 734 2932 καὶ
762 2880 813 2932 οἱ
846 2880 951 2950 πρὸ
983 2880 1082 2951 τῆς
1114 2881 1208 2934 τοῦ
1239 2879 1478 2951 Χριστοῦ
1510 2880 1816 2951 παρουσίας

231 2962 683 3035 εὐηρεστηκότες,
728 2962 786 3016 ἓν
840 2964 1002 3031 σῶμά
1027 2967 1154 3018 είσι.
1205 2965 1364 3032 Πῶς;
1406 2965 1532 3017 Ὅτι
1573 2965 1815 3018 κάκεῖνοι

230 3045 308 3097 τὸν
337 3047 583 3117 Χριστὸν
623 3047 843 3118 ᾔδεσαν.
891 3048 1064 3100 Πόθεν
1102 3048 1298 3119 δῆλονς
1347 3046 1604 3117 Ἀϐραὰμ
1637 3049 1670 3101 ὀ
1701 3064 1816 3102 πα-

229 3128 328 3197 τὴρ
359 3129 552 3198 ἡμῶν,
597 3133 782 3201 φησιν,
815 3131 1250 3200 ἠγαλλιάσατο,
1281 3133 1382 3185 ἵνα
1405 3132 1504 3198 ἴδῃ
1537 3132 1652 3198 τὴν
1674 3133 1816 3202 ἡμέ-

227 3230 334 3279 ραν
364 3214 480 3282 τὴν
506 3213 696 3284 ἐμὴν,
730 3214 829 3268 καί
859 3212 1004 3280 εἶδε,
1033 3215 1133 3269 καὶ
1155 3213 1342 3283 ἐχάρη
1371 3230 1383 3242 °
1418 3215 1514 3268 καὶ
1536 3216 1719 3278 πάλιν,
1747 3217 1817 3269 El

226 3299 648 3364 ἐπιστεύσατε,
673 3299 828 3370 φησὶ,
854 3298 1104 3368 Μωῦσ-ῇ,
1127 3300 1528 3353 ἐπιστεύσατε
1544 3299 1621 3353 ἂν
1647 3301 1780 3368 ἐμοί
1799 3316 1813 3332 ο

229 3382 346 3451 περὶ
372 3383 483 3450 γὰρ
505 3381 666 3451 ἐμοῦ
683 3383 917 3448 ἐκεῖνος
931 3384 1180 3453 ἕῃοαψε,
1203 3383 1297 3436 καὶ
1313 3385 1362 3435 οἱ
1378 3384 1676 3455 προφῆται.
1702 3385 1816 3437 υύκ

228 3463 287 3518 ἂν
318 3466 371 3519 δὲ
395 3467 655 3537 ἔγραψαν
692 3468 822 3537 περὶ
843 3462 904 3521 οὗ
937 3467 1172 3537 ⁴ηγνόουν
1203 3467 1240 3522 δι
1267 3466 1453 3536 ἔλεγον
1477 3481 1491 3498 ⁸
1529 3467 1730 3531 εἰδότες
1759 3468 1815 3521 δέ

229 3551 398 3616 αὑτὸν,
429 3552 526 3606 καὶ
557 3552 955 3624 προσεκύνουν,
985 3553 1152 3605 Ὥστε
1176 3552 1416 3606 κάκεῖνοι
1443 3551 1502 3605 ἓν
1534 3551 1714 3622 σῶμα.
1740 3554 1815 3606 Οὐ

229 3635 468 3705 διέστηκε
513 3637 686 3706 σῶμα
729 3635 1064 3706 πνεύματος,
1103 3637 1226 3688 ἐπεὶ
1257 3637 1359 3689 οὐκ
1401 3637 1468 3690 ἂν
1506 3635 1591 3705 εἴη
1633 3635 1814 3706 σῶμα.

231 3719 378 3774 Οὕτω
403 3721 497 3774 καὶ
525 3723 671 3790 ἡμῖν
706 3720 824 3784 ἔθος
854 3721 948 3773 ἐπὶ
993 3719 1101 3772 τῶν
1143 3719 1443 3790 ὴνωμένων
1486 3721 1580 3772 καὶ
1617 3721 1819 3791 πολλὴν

230 3801 320 3871 τὴν
367 3803 704 3857 ἀκολουθίαν
753 3804 988 3874 ἐχόντων
1043 3803 1252 3871 λέγειν·
1295 3804 1391 3856 Ἓν
1437 3803 1600 3874 σῶμά
1646 3805 1815 3859 ἐστιν.

229 3887 373 3942 Οὕτω
408 3888 505 3942 καὶ
555 3887 658 3940 ἐπὶ
704 3887 805 3957 τῆς
850 3887 1098 3949 ἐνώσεως
1143 3887 1205 3939 τὸ
1259 3886 1420 3958 σῶμα
1463 3887 1824 3958 λαμϐάνομεν.

233 3972 324 4042 μιᾷ
351 3971 595 4044 κεφαλῇ.
620 3971 682 4024 Εἰ
704 3971 760 4023 δὲ
792 3970 890 4041 μία
912 3969 1125 4042 κεφαλὴ
1157 3971 1250 4023 καὶ
1273 3969 1330 4023 ἓν
1363 3971 1545 4041 σῶμα,
1567 3971 1626 4024 τὸ
1656 3971 1816 4041 σῶμα

227 4055 281 4120 ἐξ
310 4055 548 4126 ἐντίμων
594 4054 690 4107 καὶ
727 4055 944 4125 ἀτίμων.
971 4055 1259 4124 σύγκειται
1298 4053 1495 4124 μελῶν.
1532 4055 1677 4126 Πλὴν
1702 4053 1818 4106 ἀλλ’

226 4138 340 4192 οὕτε
361 4140 456 4193 τοῦ
497 4134 851 4210 φαυλοτάτου
885 4139 946 4191 τὸ
975 4138 1160 4210 μεῖζον
1190 4137 1665 4202 κατεξανίσταται,
1692 4137 1816 4191 οὔτε

225 4223 374 4277 τοῦτο
405 4227 616 4294 ἐκείνῳ
645 4222 1019 4292 διαφθονείται
1042 4233 1082 4276 ·.
1112 4222 1305 4275 Καίτοι
1338 4239 1398 4290 γε
1433 4223 1490 4273 οὑ
1518 4221 1618 4292 τὴν
1647 4223 1818 4292 αὐτὴν

228 4307 535 4362 συντέλειαν
582 4308 654 4360 τά
691 4309 871 4360 πάντα
911 4306 1178 4375 εἰσφέρει,
1226 4305 1362 4358 ἀλλά
1415 4305 1557 4358 κατὰ
1589 4305 1682 4357 τὸν
1718 4307 1819 4376 τῆς

226 4393 466 4462 ἀνάγκης
518 4392 707 4460 λόγον.
753 4393 864 4444 Καὶ
908 4391 989 4443 ὃτι
1031 4390 1210 4443 πάντα
1245 4389 1558 4457 ἀναγκαίως
1592 4390 1820 4461 γεγένη-

224 4493 328 4536 ται,
359 4480 456 4531 καὶ⁵
481 4479 564 4539 είς
596 4476 784 4546 χρείας
805 4474 1119 4545 διαφόρους.
1151 4473 1330 4526 πάντα
1359 4473 1511 4542 ὀμότι
1523 4491 1619 4543 μα.
1663 4473 1817 4526 Ἔστι

225 4559 276 4612 δέ
307 4561 374 4613 τὰ
418 4561 520 4631 μέν
564 4558 910 4628 κυριώτατα,
945 4559 1014 4612 τά
1039 4558 1097 4611 δὲ
1132 4555 1294 4630 ἦττον
1315 4574 1336 4587 ’·
1374 4552 1506 4620 οἷον,
1540 4559 1571 4628 ἡ
1609 4557 1818 4629 κεφαλὴ

227 4644 419 4708 παντὸς
454 4642 556 4696 τοῦ
592 4641 848 4713 σώματός
881 4642 997 4696 ἐστι
1028 4642 1373 4713 κυριωτέρα,’
1401 4642 1500 4703 τάς
1531 4659 1590 4694 τε
1625 4641 1818 4712 αἰσθή-

225 4746 331 4792 σεις
364 4730 552 4792 πάσας
588 4729 648 4782 ἐν
683 4729 850 4800 ἑαυτῇ
879 4729 1099 4798 ἔχουσα,
1141 4730 1234 4782 καὶ
1268 4728 1330 4780 τὸ
1356 4731 1455 4797 τῆς
1484 4728 1660 4798 ψυχῆς
1695 4730 1819 4797 ἡγε-

229 4815 443 4881 μονικόν
473 4830 487 4844 ⁸
539 4813 642 4868 καὶ
687 4813 932 4882 κεφαλῆς
981 4813 1110 4866 ἄνευ
1146 4812 1308 4882 ζῆσαι
1349 4813 1450 4864 οὐκ
1479 4813 1557 4864 ἕνι
1585 4829 1596 4840 ·
1640 4812 1820 4866 ποδῶν

225 4897 275 4949 δέ
318 4897 688 4951 ἐκκοπέντων
719 4896 905 4949 πολλοὶ
945 4896 1111 4948 πολὺν
1139 4896 1335 4966 χρόνον
1367 4895 1620 4949 ἐϐίωσαν.
1657 4897 1819 4948 Ὥστε

226 4980 282 5030 οὐ
311 4985 374 5052 τῇ
420 4981 577 5035 θέσει
627 4980 788 5050 μόνον
819 4979 958 5048 αῦτη
999 4978 1223 5048 βελτίων
1268 4980 1511 5043 ἐκείνων,
1554 4978 1690 5031 ἀλλά
1725 4979 1821 5031 καὶ

227 5065 355 5136 αὐτῇ
400 5069 469 5135 τῇ
519 5065 780 5136 ἐνεργείᾳ⁴
815 5064 911 5116 καὶ
951 5066 1016 5133 τῇ
1049 5063 1221 5128 τάξει.
1255 5063 1319 5114 Τί
1356 5063 1419 5132 δὴ
1457 5062 1614 5116 τοῦτο
1644 5062 1816 5128 λέγω;

227 5147 370 5200 Εἰσὶν
433 5152 493 5203 έν
552 5151 621 5218 τῇ
693 5147 992 5217 Ἐκκλησία
1047 5146 1256 5207 πολλοὶ,
1308 5147 1446 5198 εἰσὶν
1500 5146 1630 5209 είςὶ)
1682 5144 1817 5214 ὕψος

223 5233 641 5304 ἁνωρθωμένοι.
673 5231 926 5301 καθάπερ
955 5233 987 5301 ἡ
1014 5230 1247 5300 κεφαλὴ,
1276 5230 1343 5283 τὰ
1372 5232 1600 5300 οὐράνια
1664 5245 1818 5298 περι-

227 5317 584 5380 σκοποῦντες,
617 5317 872 5387 καθάπερ
903 5317 954 5368 οἱ
1005 5314 1274 5386 ὀφθαλμοὶ
1319 5316 1367 5366 οἱ
1399 5317 1453 5365 ἐν
1491 5317 1556 5385 τῇ
1586 5314 1817 5383 κεφαλῇ,

226 5401 353 5454 πολὺ
411 5401 518 5470 τῆς
562 5400 666 5471 γῆς
717 5399 1114 5468 ἀφεστηκότες,
1172 5399 1323 5451 οὐδὲν
1379 5399 1593 5467 ἔχοντες
1643 5397 1812 5451 κοινὸν

228 5485 357 5552 πρὸς
385 5486 568 5554 αὐτήν
587 5502 602 5516 ο
633 5482 786 5537 ἀλλοι
812 5482 870 5535 δὲ
903 5481 1080 5535 ποδῶν
1110 5483 1261 5546 τάξιν
1287 5482 1563 5552 ἐπέχουσι,
1596 5482 1694 5551 τὴν
1719 5481 1821 5550 γῆν

235 5567 554 5632 πατοῦντες,
589 5567 766 5620 ποδῶν
801 5567 989 5637 μέντοι
1033 5567 1306 5634 ὑγιεινῶν.
1361 5567 1432 5618 υύ
1473 5565 1580 5637 γὰρ
1622 5565 1680 5618 τὸ
1723 5567 1820 5633 τὴν

282 5788 309 5854 ξ
337 5789 493 5854 ξεινίι.
522 5788 577 5838 in
603 5804 781 5854 marg,
807 5791 965 5852 τούτῳ
987 5791 1138 5839 ἐκεῖνο
1162 5792 1410 5854 διαφθονεῖ.

286 5847 315 5887 δ
333 5851 490 5901 Furta
521 5847 791 5914 lcgehdﬁm
815 5857 859 5901 οἱ
887 5847 968 5910 μέν
992 5854 1072 5910 εἰς.

1921 1344 2024 1411 γῆν
2060 1346 2251 1396 πατεῖν
2305 1341 2557 1412 ἔγκλημα
2601 1342 2800 1408 ποδῶν,
2836 1345 2974 1398 ἀλλὰ
3019 1345 3080 1399 τὸ
3119 1348 3200 1410 εἰς
3245 1349 3509 1418 πονηρίαν

1919 1427 2136 1496 τρέχειν
2159 1443 2170 1456 ·
2207 1430 2270 1479 Οἱ
2297 1427 2480 1493 πόδες
2505 1427 2614 1497 γὰρ
2644 1425 2864 1489 αὐτῶν,
2886 1429 3075 1496 φησὶν,
3103 1433 3191 1496 εὶς
3212 1433 3513 1498 πονηρίαν

1920 1511 2227 1579 τρέχουσι.
2275 1511 2432 1581 Μήτε
2481 1511 2546 1581 δὴ
2581 1506 2671 1563 οὖν
2703 1503 2870 1571 οὗτοι,
2915 1512 3071 1580 φησὶ,
3113 1514 3257 1583 μέγα
3289 1517 3508 1585 φρονεί-

1919 1612 2100 1648 τωσαν
2145 1597 2286 1649 κατά
2314 1597 2424 1647 τῶν
2469 1595 2666 1655 ποδῶν,
2705 1595 2840 1666 μηδὲ
2884 1598 3084 1649 ἐκεῖνοι
3125 1599 3340 1662 τούτοις
3416 1600 3512 1668 βα·-

1925 1680 2317 1733 σκαινέτωσαν·
2357 1679 2478 1731 ἐπεὶ
2507 1678 2570 1732 τὸ
2592 1681 2790 1732 οἰκεῖον
2816 1681 3046 1734 ἑκάστου
3074 1681 3270 1746 κάλλος
3301 1684 3510 1755 ἀνῄρη-

1919 1779 2030 1822 ται,
2081 1763 2175 1816 καὶ
2216 1765 2249 1833 ἡ
2297 1763 2453 1834 χρεία
2506 1765 2539 1832 ἠ
2599 1764 2894 1835 αὐτοτελὴς
2945 1764 3377 1834 ἐμπεπόδισται’
3419 1768 3512 1820 καὶ

1921 1846 2177 1910 εῑκότως·
2239 1848 2268 1898 ὁ
2321 1847 2429 1918 γὰρ
2477 1847 2554 1917 τῷ
2599 1848 2825 1918 πλησίον
2886 1848 3301 1914 ἐπιϐουλεύων,.
3331 1848 3512 1920 ἐαυτῷ

1921 1930 2134 2000 πρῶτον
2157 1930 2271 2004 [76]
2291 1931 2708 1984 ἐπεϐούλευσεν.
2736 1933 2835 1984 Ἂν
2855 1949 2913 1984 τε
2931 1927 3023 1985 οῦν
3041 1933 3090 1986 οἱ
3114 1932 3271 1996 πόδες
3291 1934 3368 2004 μὴ
3389 1935 3514 2004 βου-

1919 2013 2127 2083 ληθῶσι
2174 2015 2401 2084 κομίσαι
2449 2032 2551 2067 που
2595 2014 2693 2085 τὴν
2730 2015 2974 2086 κεφαλὴν
3013 2018 3093 2079 εἰς
3128 2015 3308 2081 ἔξοδον
3342 2020 3513 2086 ἀναγ-

1921 2098 2084 2150 καίαν
2101 2139 2115 2163 ,
2153 2098 2246 2150 καὶ
2275 2100 2489 2160 ἑαυτοῖς
2514 2097 2851 2168 ἐλυμήναντο
2874 2098 2960 2152 διὰ
2982 2099 3083 2160 τῆς
3109 2099 3395 2168 ἀκινησίας
3420 2103 3513 2154 καὶ

1918 2181 2012 2234 τοῦ
2048 2182 2206 2235 ὄκνου
2232 2199 2246 2211 ⁸
2291 2183 2356 2236 ἄν
2385 2200 2444 2234 τε
2474 2183 2506 2252 ἡ
2553 2183 2776 2252 κεφαλὴ
2813 2183 3085 2252 μηδεμίαν
3132 2184 3368 2256 βουληθῇ
3403 2186 3512 2238 τῶν

1919 2264 2096 2318 ποδῶν
2130 2266 2458 2336 ποιήσασθαι
2511 2267 2613 2334 τὴν
2664 2266 2946 2337 πρόνοιαν,
2991 2266 3130 2338 αὕτη
3176 2267 3368 2338 πρώτη
3413 2270 3512 2338 τὴν

1921 2348 2126 2419 βλάϐην
2162 2350 2405 2414 ἐδέξατο.
2460 2350 2602 2402 Ἀλλ’
2640 2351 2824 2402 ἐκεῖνα
2871 2351 2981 2421 μὲν.
3004 2352 3229 2414 εἰκότως
3267 2352 3514 2424 ἀλλήλων

1917 2433 1979 2486 ού
2030 2435 2521 2500 κατεξανίσταται·
2575 2434 2825 2504 φυσικῶς
2866 2437 2975 2508 γὰρ
3031 2435 3175 2490 οὕτω
3212 2438 3510 2492 τέτακται·

1918 2516 2204 2588 ἄνθρωπον
2231 2518 2287 2570 δὲ
2327 2518 2445 2582 πῶς
2469 2519 2698 2573 δυνατὸν
2737 2519 3029 2591 ἀνθρώπου
3067 2521 3142 2592 μὴ
3204 2521 3506 2585 κατεξανα-

1921 2602 2138 2670 στῆναι;
2165 2603 2298 2654 Οὒδὲ
2319 2602 2430 2672 γὰρ
2450 2603 2699 2671 ἀγγέλων
2720 2621 2805 2667 τις
2821 2603 3300 2670 κατεξανίσταται·
3322 2607 3512 2676 ἐπειδὴ

1915 2682 2039 2735 οὔτε
2070 2687 2266 2737 ἐκεῖνοι
2315 2685 2423 2736 τῶν
2460 2686 2822 2755 ἀρχαγγέλων
2853 2703 2866 2717 ·
2902 2688 3025 2740 οὺδέ
3067 2688 3202 2757 ἐμοῦ
3240 2690 3404 2742 πάλιν
3443 2689 3514 2741 τὰ

1916 2765 2086 2835 ἄλογα
2113 2767 2298 2837 μεῖζόν
2323 2785 2374 2821 τι
2403 2769 2672 2840 φρονῆσαι
2703 2769 2928 2822 δύναται
2956 2788 2968 2799 ³
3000 2769 3130 2822 ἔνθα
3162 2771 3220 2823 δὲ
3249 2772 3512 2842 ὁμότιμος

1916 2851 1948 2920 ὴ
1987 2849 2147 2917 φύσις
2188 2852 2283 2903 καὶ
2332 2853 2429 2923 μία
2472 2855 2505 2923 ή
2545 2853 2745 2924 δωρεὰ,
2776 2854 2870 2907 καὶ
2917 2855 3070 2906 οὐδὲν
3101 2849 3256 2916 οὗτος
3296 2855 3508 2907 ἐκείνου

1919 2934 2078 2985 πλέον
2108 2933 2332 3005 ἔσχηκε,
2370 2935 2488 2999 πῶς
2537 2939 2597 2988 οὑ
2672 2935 2747 3008 μὴ
2795 2937 3203 3008 κατεξαναστῇ;
3251 2939 3360 2991 Καὶ
3404 2938 3512 3010 μὴν

1915 3017 2004 3069 διὰ
2043 3016 2220 3071 ταῦτα
2257 3017 2733 3090 κατεξαναστῆναι
2785 3022 2886 3073 οὑκ
2931 3021 3172 3090 ὀφείλεις
3221 3021 3365 3074 κατά
3414 3021 3510 3075 τοῦ

1917 3101 2166 3171 πλησίον.
2203 3103 2264 3155 E!
2293 3103 2403 3174 γὰρ
2436 3104 2615 3157 πάντα
2654 3106 2830 3161 κοινὰ.
2863 3105 2958 3157 καὶ
2988 3105 3140 3157 οὐδὲν
3173 3106 3362 3176 ἔτερος
3397 3108 3514 3160 ἐτέ-

1920 3202 2014 3256 ρου
2045 3185 2205 3239 πλέον
2256 3187 2389 3257 ἔχει,
2432 3187 2598 3240 πόθεν
2634 3190 2666 3259 ἡ
2714 3189 2973 3254 ἀπόνοιας
3022 3189 3245 3253 Φύσεως
3289 3191 3515 3261 μετέχο-

1921 3289 2019 3341 μεν
2049 3271 2149 3340 τῆς
2181 3272 2371 3342 αὑ.τῆς,
2402 3272 2586 3342 ψυχῆς
2618 3273 2713 3326 καὶ
2747 3273 3002 3342 σώματος
3035 3275 3261 3344 ὁμοίως,
3297 3276 3388 3330 τὸν
3416 3276 3514 3330 αὑ-

1917 3355 2008 3407 τὸν
2055 3355 2400 3426 ἀναπνέομεν
2435 3357 2595 3428 ἀέρα,
2642 3360 2762 3420 ταῖς
2801 3359 2994 3420 αὑταῖς
3025 3358 3351 3429 κεχρήμεθα
3385 3378 3514 3431 τρο-

1920 3441 2050 3508 φαῖς
2077 3455 2089 3468 °
2138 3439 2303 3492 πόθεν
2339 3440 2371 3510 ὴ
2414 3439 2809 3506 ἐξανάστασις
2860 3441 2970 3494 Καὶ
3005 3441 3111 3511 μὴν
3145 3441 3208 3493 τὸ
3253 3442 3514 3498 δύνασθαι

1917 3523 2007 3576 διὰ
2038 3522 2139 3592 τὴν
2182 3522 2383 3592 ἀρετὴν
2419 3523 2527 3574 τῶν
2575 3524 2884 3592 ἀσωμάτων
2921 3524 3302 3595 περιγίνεσθαι
3353 3527 3514 3581 δυνά-

1924 3625 2068 3678 μεων
2107 3607 2289 3659 ἱκανδν
2319 3609 2399 3669 είς
2426 3607 2748 3671 ἀλαζονείαν
2787 3609 3017 3676 ἀγαγεῖν
3047 3626 3058 3636 ·
3096 3609 3297 3679 μᾶλλον
3323 3611 3381 3663 δὲ
3411 3614 3514 3665 οὐκ

1922 3692 1988 3746 ἂν
2026 3692 2111 3761 είη
2150 3691 2307 3744 τοῦτο
2335 3690 2642 3757 ἀλαζονεία.
2683 3693 2822 3760 Ἐγὼ
2851 3693 2960 3764 γὰρ
2987 3695 3214 3757 εἰκότως
3249 3695 3391 3748 κατὰ
3416 3695 3511 3749 τοῦ

1920 3777 2174 3846 δαίμονος
2202 3777 2342 3846 μέγα
2367 3777 2572 3846 φρονῶ,
2602 3778 2696 3830 καὶ
2721 3778 2929 3848 σφόδρα
2956 3777 3119 3848 μέγα.
3158 3780 3266 3832 Καί¹
3293 3779 3393 3850 ὅρα
3417 3782 3513 3834 καλ⁵

1923 3860 2135 3924 Παῦλος
2169 3861 2285 3923 πῶς
2333 3861 2475 3930 μέγα
2514 3861 2734 3930 ἐφρόνει
2761 3863 2903 3914 κατά
2933 3861 3028 3914 τοῦ
3055 3862 3333 3932 δαίμονος.
3379 3864 3511 3917 Ὅτε

1922 3944 2031 4015 γὰρ
2082 3944 2292 4014 μεγάλα
2330 3945 2458 4016 περὶ
2489 3943 2654 3997 αὑτοῦ
2696 3943 2850 4012 ἔλεγε
2883 3946 2975 3998 καὶ
3019 3945 3312 4016 θαυμαστὰ
3339 3950 3366 4001 ὁ
3391 3949 3512 4002 δαί-

1926 4046 2062 4098 μων,
2105 4028 2467 4097 ἐπεστόμισεν
2524 4029 2706 4090 αὺτδν,
2755 4028 2878 4081 οὑδέ
2929 4029 3324 4092 κολακεύοντος
3383 4034 3513 4086 ἀνα·

1924 4111 2205 4180 σχόμενος.
2258 4111 2543 4181 Λεγούσης
2583 4112 2693 4182 γὰρ
2720 4113 2936 4181 ἐκείνης
2965 4112 3065 4180 τῆς
3089 4115 3382 4184 παιδίσκης
3411 4113 3512 4183 τῆς

1920 4195 1981 4245 τὸ
2011 4194 2228 4264 πνεῦμα
2256 4193 2349 4245 τοῦ
2378 4194 2624 4257 πύθωνος
2651 4194 2904 4264 ἐχούσης,
2934 4190 3111 4248 Οὗτοι
3134 4199 3188 4248 oI
3213 4196 3512 4263 ἄνθρωποι

1921 4275 2128 4330 δοῦλοι
2156 4277 2260 4331 τοῦ
2283 4279 2432 4331 Θεοῦ
2464 4278 2572 4331 τοῦ
2612 4278 2878 4346 ὑψίστου
2912 4279 3092 4342 εἰσίν,
3120 4279 3338 4343 οἵτινες
3371 4297 3510 4333 κατ-

1921 4361 2332 4430 αγγέλλουσιν
2392 4362 2535 4431 ὑμῖν
2589 4361 2733 4414 ὁδὸν
2785 4361 3115 4429 σωτηρίας,
3179 4363 3517 4435 ἐπιτιμήσας

1925 4442 2171 4512 σφοδρῶς
2199 4444 2561 4515 ἐπεστόμισεν
2593 4444 2757 4497 αὑτοῦ
2796 4444 2895 4516 τὴν
2935 4446 3293 4515 ἀναίσχυντον
3331 4447 3512 4514 γλῶσ-

1925 4544 2038 4579 σαν.
2077 4528 2184 4580 Καὶ
2203 4528 2366 4580 πάλιν
2391 4527 2624 4597 ἀλλαχοῦ
2654 4529 2856 4598 γράφει
2883 4527 3059 4596 λέγων
3085 4546 3097 4558 ·
3130 4532 3450 4598 Συντριᾞπει
3478 4538 3518 4590 δ

1925 4611 2069 4676 Θεὸς
2089 4609 2196 4662 τὸν
2216 4609 2494 4665 Σατανᾶν
2515 4611 2633 4664 ὑπὸ
2660 4611 2805 4677 τοὺς
2824 4613 3018 4678 πόδας
3042 4610 3208 4681 ὑμῶν
3229 4614 3298 4664 ἐν
3317 4613 3508 4683 τάχει.

1922 4695 2012 4763 Μή
2051 4713 2100 4746 τι
2126 4695 2184 4747 τὸ
2217 4695 2314 4764 τῆς
2346 4696 2560 4762 φύσεως
2589 4695 3046 4766 παρηλλαγμένον
3078 4696 3367 4767 ἐποίησεν;

1996 4843 2062 4911 β’.
2081 4843 2246 4912 Ὁρᾷς
2264 4842 2348 4895 ὅτι
2362 4843 2513 4895 οὐδὲν
2538 4846 2682 4895 ποιεῖ
2705 4844 2763 4896 τὸ
2788 4845 2899 4898 τῶν
2921 4843 3136 4912 φύσεων
3165 4843 3350 4912 μέσον,
3375 4842 3514 4897 ἀλλά

1921 4925 1982 4976 τὸ
2003 4926 2102 4994 τῆς
2129 4925 2504 4996 προαιρέσεως
2527 4944 2541 4990 ;
2578 4927 2678 4978 Διά
2704 4929 2803 4997 τὴν
2829 4927 3150 4996 προαίρεσιν
3167 4924 3347 4978 τοίνυν
3378 4925 3511 4979 πολὺ

1923 5008 2140 5079 χείρους
2195 5009 2453 5062 ἁπάντων
2503 5009 2660 5062 εἰσίν.
2697 5011 2835 5061 Ἀλλ’
2884 5009 3206 5077 ἀγγέλουοὺ
3256 5009 3514 5073 κατεξαν-

1929 5090 2172 5160 ίσταμαι,
2207 5092 2375 5162 φησί·
2414 5092 2547 5145 πολὺ
2604 5092 2714 5162 γὰρ
2744 5092 2804 5144 τὸ
2837 5092 3004 5163 μέσον
3052 5091 3192 5162 ἐμοῦ
3231 5092 3510 5147 κάκείνου.

1929 5173 2045 5227 Καὶ
2093 5175 2199 5244 μὴν
2245 5175 2534 5245 ἀνθρώπου
2588 5175 3079 5242 κατεξανίστασθαι
3117 5177 3217 5230 οὐκ
3251 5176 3510 5244 ὀφείλεις,

1928 5259 1988 5311 ού
2025 5260 2286 5332 μᾶλλονῆ
2318 5262 2577 5329 ἀγγέλου.
2614 5263 2670 5334 ’ρ
2713 5262 2815 5332 μὲν
2853 5261 2963 5332 γὰρ
2993 5261 3222 5330 ἄγγελος
3251 5264 3314 5330 τῇ
3351 5261 3511 5329 φύσει

1930 5343 2024 5395 σοῦ
2049 5345 2355 5412 διέστηκεν,
2389 5347 2524 5417 ὅπερ
2555 5343 2680 5398 οὔτε
2704 5344 2980 5415 ἐγκώμιον
3005 5347 3237 5404 ἐκείνου,
3263 5343 3386 5397 οὔτε
3413 5361 3513 5399 κα·

1929 5428 2026 5480 κία
2045 5428 2255 5495 γένοιτο
2283 5444 2294 5456 ’
2337 5429 2624 5498 ἄνθρωπος
2683 5430 2737 5481 δὲ
2787 5428 3078 5498 ἀνθρώπου
3110 5428 3294 5481 οὐκέτι
3329 5428 3511 5496 φύσει,

1927 5509 2063 5562 ἀλλά
2099 5511 2418 5582 προαιρέσει
2471 5512 2720 5583 διέστηκε
2743 5529 2754 5540 ·
2806 5513 2898 5564 καὶ
2925 5511 3042 5565 ἔστι
3087 5511 3182 5564 καὶ
3215 5513 3272 5563 ἐν
3301 5513 3518 5583 ἀνθρώ-

1929 5610 2052 5656 ποις
2101 5592 2352 5662 ἄγγελος.
2386 5595 2548 5648 Ὥστε
2589 5599 2636 5648 εἰ
2673 5594 2794 5648 κατ’
2841 5595 3089 5663 ἀγγέλων
3121 5595 3196 5666 μὴ
3254 5595 3518 5661 κατεξαν-

1939 5675 2179 5740 ίστασαι,
2213 5675 2396 5746 πολλῷ
2438 5677 2640 5747 μᾶλλον
2687 5680 2829 5732 κατά
2877 5678 3186 5746 ἀνθρώπων
3227 5679 3338 5732 τῶν
3361 5682 3417 5732 ἐν
3445 5683 3516 5750 τῇ

1930 5759 2091 5824 φύσει
2123 5759 2294 5830 ταύτῃ
2329 5761 2636 5828 γενομένων
2679 5761 2946 5829 ἀγγέλων.
2981 5763 3042 5815 EE
3084 5763 3193 5833 γάρ
3217 5762 3430 5829 γένοιτο
3453 5763 3524 5817 ἐν

1927 5842 2236 5914 ἀνθρώποις
2289 5843 2544 5914 ἐνάρετος
2589 5844 2762 5910 οὕτως
2809 5847 2882 5910 ὡς
2925 5847 3176 5915 ἅγγελος,
3224 5844 3356 5900 πολύ
3419 5862 3514 5898 σου
