4092 6492
584 321 653 379 77

581 439 783 514 μᾶλλον
835 430 990 499 οὗτος
1025 435 1250 507 μείζων,
1304 436 1338 506 ἦ
1393 437 1599 500 ἐκεῖνός
1632 440 1769 493 ἐστι.
1821 440 1887 494 Τί
1914 441 2156 512 δήποτε;

581 525 702 579 ’Ὁτι
734 522 871 592 ὅπερ
897 518 1004 573 ἀπὸ
1047 519 1264 589 φύσεως
1294 519 1453 591 έσχεν
1480 524 1713 587 ἐκεῖνος,
1753 523 1913 579 τοῦτο
1940 523 2157 596 κατώρυ-

576 610 752 667 θωσεν
784 604 893 659 ἀπὸ
936 604 1315 676 προαιρέσεως
1364 604 1526 669 αὐτός
1551 622 1565 636 ’
1613 608 1709 661 καί⁸
1737 609 1821 662 ὅτι
1846 607 2159 680 ἀπῴκισται

580 708 674 745 σου
701 691 731 743 ό
759 687 993 757 ἄγγελος
1031 687 1127 739 καὶ
1167 685 1248 757 τῷ
1278 687 1430 758 τόπῳ
1464 688 1560 742 καὶ
1594 689 1688 742 τὸν
1718 690 1948 761 οὐρανὸν
1993 691 2155 744 οἰκεῖ·

573 768 730 839 οὗτος
760 773 819 834 δὲ
848 769 1252 841 ἀναστρέφεται
1285 770 1426 842 μετά
1450 770 1570 836 σοῦ,
1601 773 1697 827 καὶ
1724 773 1912 828 δίδωσί
1950 791 2034 828 σοι
2060 774 2158 827 τοῦ

573 858 738 930 ζήλου
775 859 971 928 ῥοπήν.
1004 855 1115 910 Καὶ
1154 855 1262 926 μὴν
1302 856 1400 910 καὶ
1426 849 1585 919 οὗτος
1611 857 1926 927 ἀπῴκισται
1956 856 2182 927 μᾶλλον,

571 943 605 1011 ἢ
637 942 865 1003 ἐκεῖνος.
918 935 1121 1007 Ἧμῶν
1164 937 1299 1009 γὰρ,
1345 939 1504 1010 φησὶ,
1538 940 1607 993 τὸ
1655 938 1774 1013 [77]
1824 941 2163 1010 πολίτευμα

567 1027 640 1080 ἐν
669 1022 973 1094 οὐρανοῖς.
992 1022 1117 1074 Ὅτι
1139 1021 1197 1075 δέ
1226 1021 1427 1091 μᾶλλον
1455 1016 1612 1085 οὗτος
1640 1023 1971 1094 ἀπῴκισται,
1990 1024 2156 1079 ἄκου-

570 1126 686 1174 σον,
719 1106 825 1161 ποῦ
854 1103 1023 1159 αὐτοῦ
1073 1104 1311 1177 κάθηται
1347 1108 1379 1175 ή
1419 1105 1653 1177 κεφαλή·
1689 1106 1785 1170 Εἰς
1815 1107 1908 1161 τὸν
1941 1106 2150 1179 θρόνον,

568 1193 727 1264 φησί,
750 1192 842 1244 τδν
871 1188 1149 1261 βασιλικόν
1170 1207 1184 1220 ·
1223 1190 1333 1260 δσῳ
1361 1189 1419 1241 δὲ
1449 1191 1639 1262 πόρρω
1661 1190 1819 1261 ήμῶν
1868 1192 1898 1244 ό
1943 1191 2151 1263 θρόνος,

565 1274 812 1346 τοσούτῳ
833 1272 926 1327 καὶ
952 1266 1126 1336 οὗτος.
1159 1271 1298 1325 Ἀλλ’
1320 1272 1431 1342 όρῶ
1459 1274 1622 1344 τιμῆς
1651 1273 2017 1336 ἀπολαύοντα.
2045 1292 2153 1347 φη-

568 1361 645 1426 σί,
677 1359 774 1415 καὶ
805 1360 884 1422 εἰς
922 1355 1260 1429 ζηλοτυπίαν
1309 1356 1537 1427 ἄγομαι.
1589 1356 1763 1413 Τοῦτο
1797 1360 1906 1431 γάρ
1955 1361 2103 1415 ἐστιν
2125 1360 2153 1414 0

566 1445 749 1499 πάντα
776 1443 889 1498 ἄνω
921 1442 1019 1494 καί.
1048 1441 1205 1495 κάτω
1233 1439 1526 1511 πεποίηκε,
1557 1442 1653 1496 καὶ
1684 1443 1746 1496 ού
1770 1444 1869 1514 τὴν
1897 1444 2153 1515 οἰκουμέ-

565 1546 664 1602 νην
697 1527 879 1597 μόνον,
907 1523 1044 1577 ἀλλά
1068 1524 1162 1577 καὶ
1181 1522 1279 1593 τὴν
1310 1524 1636 1595 Ἐκκλησίαν
1660 1526 1867 1598 μυρίων
1884 1527 2151 1598 ἐνέπλησε

566 1610 834 1682 θορύϐων.
865 1609 974 1661 Καὶ
996 1607 1249 1678 καθάπερ
1276 1608 1357 1671 εἰς
1377 1607 1573 1679 λιμένα
1596 1608 1832 1681 γαληνὸν
1861 1609 2150 1682 πνεύματα

562 1696 734 1768 ἄγρια
767 1694 829 1760 ἐξ
875 1692 1127 1755 ἐναντίας
1181 1692 1518 1762 ἐμπεσόντα,
1549 1695 1733 1765 πάσης
1765 1694 2025 1760 σπιλάδος
2054 1697 2151 1750 καὶ

563 1778 766 1841 παντὸς
804 1774 1058 1847 πορθμοῦ
1091 1775 1557 1847 ἐπισφαλέστερον
1599 1777 1762 1831 αὑτὸν
1791 1777 2146 1849 καθίστησιν·

561 1864 705 1918 οὕτω
733 1863 799 1933 δὴ
832 1861 928 1917 καὶ
978 1861 1007 1915 ὁ
1044 1859 1146 1929 τῆς
1192 1858 1353 1930 δόξης
1394 1858 1535 1931 ἔρως
1570 1859 1929 1928 ἐπεισελθὼν,
1967 1862 2150 1916 πάντα

562 1946 829 2020 ἀνέτρεψε
861 1945 955 2000 καὶ
987 1944 1230 2016 συνέχεε.
1287 1944 1712 2016 Παραγεγόνατε
1757 1944 2020 2010 πολλάκις
2048 1946 2149 2017 ὲμ-

559 2029 802 2104 πρησμῷ
829 2028 1018 2083 οἰκιῶν
1041 2027 1296 2100 μεγάλων
1316 2043 1329 2056 ·
1368 2028 1539 2082 εἰδετε
1570 2028 1690 2095 πῶς
1717 2029 1925 2084 ἄνεισιν
1950 2031 2033 2096 είς
2056 2029 2147 2083 τὸν

557 2115 789 2187 οὐρανὸν
815 2116 843 2170 ό
876 2111 1105 2176 καπνὸς,
1140 2112 1236 2166 καὶ
1262 2111 1493 2184 μηδενὸς
1519 2112 1841 2184 προσιόντος
1869 2112 2061 2167 σϐέσαι
2086 2113 2148 2168 10

559 2201 748 2263 κακὸν,
778 2198 916 2257 άλλά
958 2196 1021 2250 τὸ
1059 2196 1184 2251 καθ’
1236 2196 1428 2250 ἑαυτὸν
1456 2196 1691 2252 ἑκάστου
1742 2197 2144 2267 σκοπουμένου,

561 2284 701 2358 μετά
721 2282 923 2355 πολλῆς
953 2279 1055 2352 τῆς
1079 2281 1310 2352 ἡσυχίας
1334 2281 1395 2335 10
1420 2279 1533 2354 πῦρ
1556 2281 1774 2336 ἅπαντα
1798 2284 2141 2354 ἐπινέμεταιο

556 2368 653 2422 καὶ
677 2365 1009 2440 περιέστηκε
1041 2364 1142 2434 μὲν
1170 2364 1434 2429 πολλάκις
1486 2365 1674 2436 κύκλῳ
1702 2367 1855 2421 πᾶσα
1880 2368 1916 2438 η
1965 2366 2143 2432 πόλις,

556 2451 954 2524 περιεστήκασι
1006 2447 1064 2501 δὲ
1108 2446 1301 2504 θεαταὶ
1335 2446 1549 2515 κακῶν,
1595 2449 1656 2503 ού
1710 2450 1992 2522 σύμμαχοι
2022 2449 2145 2503 οὐδὲ

559 2534 782 2606 βοηθοί·
841 2533 936 2586 καὶ
971 2531 1119 2586 ἐστιν
1171 2532 1301 2586 ἰδεῖν
1349 2533 1505 2587 οὐδὲν
1545 2531 1841 2598 ποιοῦντας
1890 2533 2145 2598 ἅπαντας

555 2622 682 2682 τοὺς
701 2615 1100 2690 περιεστῶτας,
1118 2614 1234 2669 ἀλλ’
1260 2615 1493 2669 ἕκαστον
1520 2616 1702 2670 αὐτῶν
1722 2617 1825 2688 τὴν
1856 2620 2016 2692 χεῖρα
2048 2618 2144 2670 ἐκ·

554 2703 819 2766 τείνοντα,
858 2700 954 2754 καὶ
979 2700 1057 2769 τῷ
1094 2698 1428 2770 προσφάτως
1450 2699 1660 2753 ἐλθόντι
1686 2700 1825 2772 πρὸς
1851 2700 1944 2753 τὸν
1976 2699 2143 2754 τόπον

553 2784 955 2851 ἐπιδεικνύντα,
1009 2783 1045 2855 ἢ
1093 2783 1181 2838 διά
1234 2782 1454 2855 θυρίδος
1487 2783 1751 2857 λαμπάδα
1775 2784 2143 2856 ἐξαλλομένην

556 2872 820 2944 συνεχῶς,
862 2870 897 2941 ἢ
932 2869 1123 2932 δοκοὺς
1177 2869 1727 2941 καταρριπτομένας,
1775 2869 1810 2942 ἢ
1856 2870 2142 2940 περίϐολον

552 2959 849 3028 ὁλόκληρον
875 2953 986 3007 τῶν
1020 2954 1362 3026 ἐρεισμάτων
1405 2955 1836 3009 ἀποσπασθέντα
1877 2955 1975 3010 καὶ
2004 2955 2143 3026 πρὸς

551 3042 653 3114 τὴν
691 3040 801 3110 γῆν
828 3038 1206 3109 ἐπειγόμενον.
1240 3036 1366 3092 Εἰσί
1401 3037 1459 3091 δὲ
1505 3037 1696 3093 πολλοὶ
1719 3038 1828 3091 τῶν
1850 3040 2142 3112 τολμηρῶν

554 3127 648 3179 καὶ
677 3121 1085 3196 ῥιψοκινδύνων,
1123 3120 1174 3175 οἶ
1225 3121 1323 3176 καί
1376 3121 1609 3195 πλησίον
1661 3122 1842 3177 αὐτῶν
1883 3124 2142 3192 γενέσθαι

553 3210 662 3264 τῶν
706 3207 1014 3278 καιομένων
1045 3204 1501 3277 οἰκοδομημάτων
1548 3206 1990 3277 κατετόλμησαν,
2042 3207 2142 3277 οὐχ

554 3293 697 3347 ὥστε
731 3296 892 3363 χεῖρα
920 3290 1108 3363 ὀρέξαι
1133 3290 1317 3354 αὐτοῖς
1361 3290 1458 3343 καὶ
1497 3289 1689 3344 σϐέσαι
1712 3290 1774 3343 τὸ
1800 3292 1995 3359 κακὸν,
2023 3290 2141 3345 ἀλλ’

553 3377 696 3431 ὥστε
728 3375 997 3446 ήδυτέραν
1037 3373 1294 3443 γενέσθαι
1327 3372 1429 3445 τὴν
1454 3373 1607 3439 θέαν,
1641 3376 1706 3428 ὲκ
1739 3374 1834 3428 τοῦ
1870 3375 2139 3444 σύνεγγυς

553 3462 734 3517 πάντα
768 3458 1081 3529 δυναμένων
1116 3458 1295 3515 αὐτῶν
1326 3461 1703 3529 περισκοπεῖν,
1735 3459 1772 3514 ἃ.
1792 3460 1918 3523 τοὺς
1940 3460 2141 3529 ἔξωθεν

552 3545 814 3608 πολλάκις
853 3542 1068 3597 ἔλαθεν.
1124 3544 1189 3599 Εἰ
1219 3542 1278 3597 δέ
1312 3544 1407 3598 καὶ
1431 3543 1662 3616 λαμπρά
1691 3545 1785 3598 καὶ
1809 3546 2020 3617 μεγάλη
2045 3546 2141 3600 τύ-

551 3646 638 3702 χοι
669 3624 803 3682 οὖσα
830 3628 863 3699 ἡ
896 3627 1064 3688 οἰκία,
1101 3625 1334 3681 ἐλεεινὸν
1362 3626 1545 3699 θέαμα
1568 3628 1664 3681 καὶ
1713 3628 1923 3682 πολλῶν
1953 3631 2138 3696 αὐτοῖς

551 3712 807 3785 δακρύων
836 3710 988 3777 ἀξιον
1019 3705 1163 3764 εἶναι
1194 3712 1366 3765 δοκεῖ.
1425 3712 1534 3765 Καὶ
1575 3711 1723 3765 ἔστιν
1755 3712 1975 3781 ἀληθῶς
2007 3713 2140 3768 ἰδεῖν

553 3797 732 3867 θέαμα
783 3795 1037 3859 ἐλεεινὸν,
1096 3792 1294 3849 κιόνων
1342 3795 1584 3863 κεφαλὰς
1619 3798 1769 3848 κόνιν
1818 3799 2135 3869 γινομένας,

552 3880 782 3941 πολλοὺς
817 3878 873 3935 δέ
912 3877 1006 3932 καὶ
1053 3876 1254 3940 αὐτοὺς
1301 3876 1823 3949 διακεκλασμένους,
1874 3881 2002 3944 τοὺς
2036 3881 2138 3951 μὲν

551 3963 645 4018 τοῦ
694 3963 864 4032 πυρὺς
911 3960 1416 4032 κατεργαζομένου,
1449 3962 1578 4024 τοὺς
1626 3961 1685 4014 δὲ
1741 3962 2004 4026 πολλάκις
2028 3964 2139 4018 τῶν

550 4046 1026 4118 οἰκοδομησὼιτων
1062 4043 1263 4107 αὐτοὺς
1312 4043 1513 4118 χειρῶν
1564 4044 1844 4107 ὼθουσῶν,
1875 4045 2019 4100 ὥστε
2058 4047 2137 4119 μὴ

551 4130 773 4184 πλείονα
806 4128 1016 4200 τροφὴν
1058 4125 1317 4197 γενέσθαι
1366 4124 1447 4196 τῷ
1484 4126 1641 4197 πυρί.
1683 4127 1843 4182 Ἔστι
1898 4128 1958 4182 δὲ
2005 4129 2136 4183 ἰδεῖν

549 4214 866 4287 ἀγάλματα,
909 4211 945 4267 ἃ.
979 4211 1119 4282 μετὰ
1149 4208 1347 4266 πολλοῦ
1372 4209 1469 4263 τοῦ
1499 4210 1730 4279 κόσμου,
1777 4210 1881 4280 τῆς
1904 4216 1907 4219 ’
1930 4212 2138 4285 ὀροφῆς

551 4298 926 4371 ἐπικειμένης,
966 4297 1234 4367 εἱστήκει,
1267 4293 1744 4363 ἀνακαλυφθέντα,
1786 4297 1885 4367 τῆς
1928 4298 2134 4370 στέγης

548 4380 962 4453 ἀφαιρεθείσης,
992 4378 1086 4432 καὶ
1115 4380 1172 4431 ἐν
1203 4377 1402 4449 αἰθρίῳ
1424 4378 1565 4451 μετά
1593 4378 1799 4449 πολλῆς
1827 4379 1928 4451 τῆς
1960 4381 2136 4453 ἀμορ-

549 4467 679 4536 φίας
713 4465 1007 4535 ἑστηκότα.
1036 4463 1102 4516 Τί
1127 4462 1219 4530 δέ;
1252 4462 1345 4516 τὸν
1375 4463 1609 4516 πλοῦτον
1633 4463 1725 4517 τὸν
1753 4463 1903 4520 ἔνδον
1930 4468 2132 4522 ἐναπο-

550 4548 802 4620 κείμενον
845 4546 928 4611 τίς
965 4546 1312 4617 διηγήσαιτο,
1362 4545 1433 4601 τά
1480 4547 1672 4618 ἰμάτια
1703 4547 1773 4602 τά
1804 4550 2002 4619 χρυσᾶ,
2039 4551 2134 4604 καὶ

546 4633 618 4688 τά
654 4630 826 4702 σκεύη
846 4631 914 4687 τά
944 4630 1201 4702 ἀργυρᾶς
1239 4631 1350 4684 Καὶ¹
1382 4628 1492 4701 γάρ
1521 4628 1652 4684 ἔνθα
1688 4631 1849 4701 μόνος
1872 4632 1901 4683 ό
1937 4632 2133 4686 δεσπό-

546 4734 649 4787 της
679 4716 855 4788 εἰσῄει
887 4713 1026 4785 μετὰ
1048 4714 1149 4784 τῆς
1178 4711 1375 4766 ἑαυτοῦ
1410 4712 1667 4781 συζύγου,
1709 4713 1838 4767 ἔνθα
1871 4714 1979 4768 τῶν
2003 4716 2132 4769 πολ-

548 4802 662 4855 λῶν
691 4799 920 4871 ίματίων
966 4798 1062 4852 καὶ
1095 4796 1409 4869 ἀρωμάτων
1438 4796 1501 4851 10
1524 4799 1751 4868 ταμεῖον
1781 4794 1873 4870 ἦν,
1912 4799 2021 4854 τῶν
2050 4800 2131 4853 λί-

549 4885 659 4939 θων
687 4884 799 4936 τῶν
828 4880 1138 4937 πολυτελῶν
1166 4881 1234 4934 τὰ
1284 4880 1487 4951 δοχεῖα,
1528 4882 1657 4951 μιᾶς
1685 4884 1868 4953 πυράς
1900 4885 2132 4955 γενομέ-

548 4989 666 5041 νης,
690 4969 785 5023 καὶ
815 4965 1147 5036 βαλανευταί.
1174 4966 1270 5017 καὶ
1296 4963 1580 5032 κοπρῶναι
1611 4966 1706 5019 καὶ
1739 4965 2006 5035 δραπέται
2035 4970 2130 5023 καὶ

547 5056 751 5115 πάντες
797 5050 985 5104 λοιπὸν
1031 5049 1199 5113 ἔνδον,
1233 5048 1330 5103 καὶ
1369 5048 1552 5103 πάντα
1576 5048 1644 5102 τά
1683 5048 1833 5103 ἔνδον
1858 5049 2004 5123 ὕδωρ
2036 5056 2129 5106 καὶ

547 5138 661 5210 πῦρ
689 5136 785 5190 καὶ
815 5134 988 5206 πηλὸς
1010 5133 1106 5188 καὶ
1128 5134 1298 5197 κόνις,
1332 5133 1428 5188 καὶ
1452 5132 1586 5199 ξύλα
1613 5133 1951 5204 ήμίκαυστα.
1982 5136 2047 5188 Τί
2073 5136 2128 5189 δὲ

543 5224 647 5295 τὴν
676 5222 859 5277 εἰκόνα
895 5219 1098 5289 ταύτην
1129 5218 1387 5273 ἐπιπλέον
1435 5217 1723 5282 ἐξέτεινας
1780 5218 1893 5289 Ούχ
1940 5219 2130 5285 ἁπλῶς

545 5307 725 5369 οικξας
771 5302 1103 5375 ἐμπρησμὸν
1136 5301 1453 5372 ὑπογράψαι
1500 5300 1864 5371 βουλόμενος·
1920 5302 1975 5356 τί
2017 5305 2129 5375 γάρ

549 5408 641 5460 μοι
665 5388 859 5443 τούτου
886 5386 1073 5458 μέλεις
1108 5384 1244 5439 ἀλλά
1272 5387 1626 5456 παραστῆσαι
1661 5384 1986 5456 βουλόμενος
2014 5390 2129 5450 τοῖς

545 5472 834 5545 ὑμετέροις
860 5471 1183 5541 ὀφθαλμοῖς,
1212 5470 1287 5533 ὡς
1314 5463 1425 5522 οἷόν
1451 5486 1533 5532 τε,
1572 5470 1642 5522 τὰ
1672 5470 1772 5539 τῆς
1802 5469 2130 5542 Ἐκκλησίας

486 5560 493 5571 ’⁵
547 5558 716 5613 κακά.
767 5556 1036 5625 Καθάπερ
1072 5554 1184 5625 γὰρ
1227 5553 1560 5625 ἐμπρησμὸς
1589 5552 1780 5616 ὅντως,
1814 5551 1848 5623 ἢ
1884 5554 2128 5624 σκηπτός

546 5660 632 5706 τις
679 5641 884 5696 ἄνωθεν
923 5638 1039 5711 [78]
1080 5640 1403 5711 φερόμενος,
1443 5634 1619 5699 οὕτως
1660 5636 1741 5700 εἰς
1798 5635 1964 5692 αὐτὸν
1993 5652 2128 5691 κατ-

547 5725 747 5798 ηνέχθη
777 5721 876 5792 τῆς
908 5724 1232 5795 Ἐκκλησίας
1264 5720 1355 5775 τὸν
1385 5720 1606 5789 ὄροφον,
1634 5719 1730 5773 καὶ
1758 5718 1950 5775 οὐδένα
1975 5719 2125 5773 διαν-

548 5809 790 5878 ίστησιν·
821 5806 959 5864 ἀλλά
985 5810 1082 5883 τῆς
1136 5807 1315 5871 οἰκίας
1348 5803 1449 5874 τῆς
1494 5801 1757 5875 πατρῴας
1797 5803 2120 5874 καιομένης,

1307 321 1366 378 S.
1405 321 1697 380 JUANNIS
1732 318 2142 384 ωιιιῖεοετο

2267 330 2592 391 ΔίἰΩΙίΙΕΡ.
2631 333 3182 398 CONSTANTINOP.

3763 352 3830 410 78

2265 441 2608 530 καθεύδομεν
2633 446 2800 504 ὕπνον
2824 451 2949 506 τινὰ
2978 451 3148 523 βαθὺν
3179 456 3273 510 καὶ
3296 456 3644 530 ἀναίσθητον.
3678 462 3832 529 Τίνος

2260 526 2371 616 γάρ
2394 528 2716 616 ούχῃήψατο
2762 532 2924 588 τοῦτο
2964 535 3026 588 10
3080 538 3230 609 πῦρς
3276 542 3447 596 ποίων
3502 526 3832 616 ἀγαλμάτων

2259 607 2371 696 τῶν
2400 612 2459 696 ἐν
2482 611 2787 696 Ἐκκλησία
2831 616 3120 682 ἐστώτωνς
3164 607 3471 695 Ἐκκλησία
3522 607 3832 696 γὰρὀύδέν

2258 691 2806 783 ξτερόνβέστινηάλκ
2836 700 2869 772 ἢ
2899 701 2989 756 διά
3028 703 3138 756 τῶν
3166 691 3452 779 ἡμετέρων
3478 691 3668 780 ψυχῶν
3691 711 3832 783 ᾠκο-

2256 774 2540 851 δομημένη
2565 781 2733 836 οἰκία.
2774 782 2838 837 Ἠ
2874 783 2928 837 δέ
2959 797 2985 826 ει
3017 787 3161 841 οίκία
3190 774 3460 861 αῦτητούκ
3492 774 3638 847 ἔστιν
3670 774 3834 851 ἰσότι-

2262 875 2364 929 μσς
2393 861 2606 929 ἅπασα,
2637 862 2772 918 ἀλλά
2798 864 2908 920 τῶν
2930 870 3009 932 εἰς
3047 869 3217 942 αὐτὴν
3245 873 3640 929 συντελούντων
3668 877 3833 932 λίθων

2333 943 2453 1031 Δμέν
2488 946 2877 1031 εἰσιλαμ-προὶ
2912 952 3007 1005 καὶ
3045 953 3284 1025 φαιδροὶ,
3315 956 3367 1007 οἱ
3394 957 3451 1010 δὲ
3480 958 3704 1013 ἐκείνων
3732 960 3834 1031 μὲν

2257 1023 2515 1109 ἐλάττους
2540 1030 2633 1082 καὶ
2654 1030 3042 1104 ἀμαυρότεροι,
3068 1023 3248 1107 πολλῷ
3279 1037 3336 1091 δέ
3367 1037 3542 1092 ἄλλων
3565 1023 3830 1109 βελτίους.

2261 1108 2449 1163 Ἔστιν
2478 1111 2607 1165 ἰδεῖν
2635 1114 2871 1170 ἐνταῦθα
2898 1117 3130 1183 πολλοὺς
3157 1122 3252 1173 καὶ
3302 1122 3506 1192 χρυσοῦ
3538 1108 3695 1192 τάξιν
3732 1128 3836 1179 ἐπ-

2257 1192 2507 1263 έχοντας,
2531 1196 2734 1265 χρυσοῦ
2766 1198 2862 1252 τοῦ
2912 1202 3245 1273 κοσμοῦντος
3294 1207 3385 1258 τὸν
3421 1207 3645 1277 δροφονο
3684 1210 3835 1264 ἐστιν

2257 1274 2388 1364 ἰδεῖν
2414 1278 2509 1331 καὶ
2532 1278 2626 1364 τὸν
2655 1279 2763 1333 ἀπὸ
2794 1281 3130 1354 ἀγαλμάτων
3156 1287 3361 1358 κόσμον
3382 1274 3577 1354 ἄλλους
3603 1309 3837 1364 παρεχο-

2258 1360 2455 1441 μένους
2477 1377 2491 1391 ·
2547 1363 2774 1433 πολλοὺς
2817 1365 2966 1421 ἐστιν
3001 1369 3129 1426 ἰδεῖν
3164 1372 3240 1437 ὼς
3288 1372 3515 1439 στύλους
3568 1360 3833 1441 ἑστῶτας.

2254 1438 2377 1529 Οίδε
2406 1443 2516 1529 γὰρ
2546 1446 2642 1499 καί
2688 1446 3008 1519 ἀνθρώπους
3038 1452 3264 1519 στύλους
3290 1438 3505 1523 καλεῖν,
3536 1459 3600 1511 οὐ
3631 1461 3700 1529 τῇ
3735 1438 3834 1513 δύ-

2252 1527 2417 1597 νάμει
2445 1528 2630 1599 μόνον,
2667 1531 2805 1585 ἀλλά
2838 1534 2934 1588 καὶ
2959 1535 3039 1606 τῷ
3066 1537 3255 1592 κάλλει
3294 1539 3463 1594 πολὺν
3490 1527 3836 1613 παρέχοντας

2252 1612 2483 1696 κόσμον,
2543 1616 2788 1686 κεφαλὰς
2866 1617 3090 1689 ἔχοντας
3171 1612 3619 1696 κεχρυσωμένας.
3674 1629 3836 1682 Ἐστι

2251 1694 2458 1765 πλῆθος
2490 1696 2638 1783 ἰδεῖν,
2666 1699 2742 1763 ὡς
2759 1702 2853 1755 ἐπὶ
2880 1703 3014 1757 πολὺ
3036 1705 3104 1783 10
3131 1706 3411 1778 διάστημα
3431 1694 3528 1763 καὶ
3548 1708 3647 1781 τὴν
3672 1711 3832 1783 εύρυο

2250 1780 2475 1867 χωρίανῌ
2495 1781 2607 1867 τῶν
2661 1782 2969 1857 περιϐόλων
2998 1782 3137 1843 εῖναι
3158 1806 3172 1821 ο
3201 1791 3263 1844 τὸ
3301 1791 3409 1861 γὰρ
3458 1780 3835 1867 πολὺπλῆθος

2248 1863 2349 1935 τήν
2373 1862 2528 1929 τάξιν
2556 1865 2746 1938 ἐπέχει
2779 1868 2888 1923 τῶν
2915 1869 3078 1925 λίθων
3103 1872 3212 1925 τῶν
3235 1874 3364 1938 τοὺς
3386 1875 3599 1947 τοίχους
3628 1862 3834 1934 οἰκοδο-

2252 1963 2519 2018 μουντων.

2318 2120 2388 2186 γ’.
2406 2115 2623 2170 Μᾶλλον
2637 2115 2692 2170 δὲ
2710 2117 2802 2170 ἐπὶ
2821 2117 3209 2193 λαμπροτέραν
3218 2120 3394 2178 ἐλθεῖν
3409 2124 3592 2181 εἰκόνα
3610 2126 3709 2181 δεῖ.
3723 2127 3836 2183 Λῦ-

2246 2218 2315 2272 τη
2350 2201 2384 2272 ἡ
2418 2199 2719 2283 Ἐκκλησία
2741 2202 2841 2255 οὐκ
2863 2204 2972 2257 ἀπὸ
3000 2204 3110 2260 τῶν
3131 2206 3298 2261 λίθων
3321 2209 3527 2264 τούτων
3549 2212 3836 2283 ᾠκοδόμηο

2246 2301 2356 2347 ται,
2391 2282 2507 2337 ἀλλ’
2540 2283 2649 2339 ἀπὸ
2692 2284 2789 2339 τοῦ
2823 2286 3031 2358 χρυσοῦ
3061 2289 3278 2344 καὶτοῦ
3305 2282 3679 2365 ἀργύρουκαί
3719 2282 3835 2350 τῶν

2247 2367 2412 2420 λίθων
2434 2365 2545 2419 τῶν
2568 2366 2788 2437 τιμίων,
2814 2371 2910 2423 καὶ
2932 2370 3101 2434 πολὺς
3131 2374 3412 2445 πανταχοῦ
3445 2376 3777 2449 διέσπαρται
3806 2384 3841 2435 ό

2248 2451 2471 2521 χρυσός.
2510 2450 2648 2537 Ἀλλ’
2755 2453 2863 2509 τῶν
2915 2455 3131 2527 πικρῶν
3170 2457 3458 2531 δακρύωνί
3510 2461 3690 2517 πάντα
3720 2465 3837 2537 γάρ

2246 2534 2421 2588 ταῦτα
2447 2534 2746 2604 κατέφλεξε
2776 2537 2876 2608 τῆς
2905 2538 3214 2605 κενοδοξίας
3244 2542 3278 2614 ή
3304 2545 3586 2614 τυραννὶς,
3614 2547 3648 2617 ή
3677 2534 3833 2618 παμξέ

2247 2618 2422 2689 φάγος
2453 2619 2592 2691 αῦτη
2622 2621 2773 2689 φλὸξ.
2813 2623 2907 2675 καὶ
2934 2623 3109 2687 οὐδεὶς
3141 2627 3404 2699 ἀνωτέρω
3429 2628 3523 2683 τοῦ
3562 2632 3834 2702 πράγμα-

2245 2722 2336 2769 τος
2357 2704 2612 2774 γέγονεν·
2648 2705 2766 2759 ἀλλ’
2800 2708 3115 2778 ἑστήκαμεν
3137 2709 3239 2781 τὴν
3272 2710 3373 2778 μὲν
3398 2711 3574 2782 φλόγα
3612 2714 3835 2785 θαυμά..

2246 2789 2452 2856 ζοντες,
2478 2787 2671 2843 σϐέσαι
2716 2789 2773 2843 δέ
2826 2790 2888 2844 10
2933 2791 3105 2846 κακὸν
3132 2793 3319 2847 οὐκέτι
3366 2794 3676 2858 δυνάμενοι.
3706 2799 3834 2854 Κᾶν

2246 2872 2531 2942 σϐέσωμεν
2554 2872 2616 2925 δέ
2659 2871 2797 2943 πρὸς
2844 2872 3053 2946 βραχὺν
3089 2876 3304 2949 καιρὸν,
3334 2879 3470 2932 άλλά
3492 2880 3654 2936 πάλιν
3687 2884 3833 2952 μετά

2242 2955 2336 3008 δύο
2357 2955 2453 3010 καὶ
2479 2956 2628 3023 τρεῖς
2659 2956 2871 3027 ἡμέρας
2900 2957 3050 3011 ὥσπε
3060 2975 3089 3030 ρ
3119 2960 3228 3013 ἀπό
3247 2978 3391 3025 τινος
3416 2964 3641 3030 σπώιᾶς
3671 2983 3834 3022 σπιν-

2243 3037 2350 3110 θήρ
2385 3039 2748 3108 ἐντυφόμενος
2807 3041 3104 3114 ἀνέτρεψεν
3153 3044 3388 3105 ἅπαντα,
3433 3047 3527 3099 καὶ
3571 3049 3673 3101 ὅσα
3712 3054 3833 3114 τοῖς

2242 3123 2514 3195 πρότερον
2561 3123 2626 3175 ού
2672 3125 3097 3195 κατειργάσατο.
3162 3127 3320 3181 Οὕτω
3357 3129 3418 3199 δὴ
3465 3130 3559 3184 καὶ
3589 3133 3833 3189 ἐνταῦθα

2241 3207 2450 3275 γίνεται
2471 3221 2486 3236 ⁶
2517 3207 2612 3260 καὶ
2641 3206 2753 3279 γάρ
2782 3209 2879 3261 καί
2918 3210 3014 3262 ἐπὶ
3053 3211 3155 3282 τῆς
3192 3216 3474 3285 πυρκαϊᾶς
3501 3215 3662 3271 τοῦτο
3689 3236 3833 3289 συμι-

2242 3286 2447 3346 ϐαίνειν
2479 3292 2601 3356 έθος
2627 3293 2763 3348 ὲστί.
2798 3294 2872 3347 Τὸ
2913 3294 2971 3348 δὲ
3020 3294 3215 3361 αἴτιον,
3239 3299 3351 3351 τῶν
3392 3299 3602 3355 στύλων
3640 3304 3833 3358 αὐτῶν

2239 3377 2341 3447 τῆς
2372 3378 2697 3449 Ἱζπιικληιτίας⁵
2744 3378 2810 3432 τά
2845 3378 3151 3450 ἐρείσματα
3189 3379 3447 3451 διέφυγεν
3477 3374 3648 3456 ἡμᾶς,
3695 3389 3833 3452 τοὺς

2240 3462 2331 3513 τὸν
2356 3460 2555 3532 ὄροφον
2583 3461 2900 3531 ἀνέχοντας,
2928 3464 3024 3517 καί
3066 3464 3331 3535 πρότερον
3364 3467 3546 3520 πᾶσαν
3575 3485 3831 3539 συγκρα-

2238 3543 2466 3608 τοῦντας
2486 3545 2587 3615 τὴν
2602 3543 2918 3615 οἰκοδομίαν
2944 3545 3238 3616 περιέϐαλε
3256 3547 3337 3619 τῷ
3354 3549 3509 3620 πυρί.
3535 3551 3634 3605 Διά
3662 3550 3833 3606 τοῦτο

2240 3628 2336 3682 καὶ
2361 3629 2441 3691 εἰς
2468 3630 2596 3691 τοὺς
2617 3628 2841 3691 λοιποὺς
2872 3628 3087 3701 τοίχους
3110 3628 3330 3696 εὔκολος
3368 3633 3588 3702 γέγονεν
3633 3637 3669 3707 ή
3708 3636 3832 3691 δια-

2239 3710 2440 3783 δρομή.
2474 3712 2585 3793 καὶ
2618 3711 2728 3782 γάρ
2755 3711 2849 3765 ἐπὶ
2880 3713 2987 3768 τῶν
3031 3708 3505 3786 οἰκοδομημάτων,
3538 3718 3668 3773 ὅταν
3724 3723 3832 3793 μὲν

2242 3794 2415 3859 ξύλων
2437 3792 2787 3864 ἐπιλάϐηται,
2817 3796 3019 3865 μᾶλλον
3035 3798 3320 3861 όπλίζεται
3347 3800 3489 3854 κατά
3508 3801 3616 3856 τῶν
3631 3792 3828 3858 λίθων·

2239 3880 2368 3932 ὅταν
2389 3877 2446 3929 δὲ
2473 3879 2595 3939 τοὺς
2617 3876 2843 3942 στύλους
2877 3880 3185 3952 κατενέγκῃ
3210 3883 3306 3936 καὶ
3336 3883 3470 3955 ῥίψῃ
3499 3887 3699 3958 χαμαὶ,
3730 3890 3826 3945 ού-

2237 3963 2327 4018 δὲν
2358 3962 2531 4016 δεῖται
2568 3960 2756 4015 λοιπὸν
2798 3962 2935 4034 1:00;
2970 3964 3029 4017 10
3067 3968 3137 4019 τά
3180 3964 3345 4020 λοιπά
3381 3971 3445 4039 τῇ
3491 3969 3651 4039 φλογὶ
3684 3991 3830 4029 κατ-

2239 4043 2598 4119 εργάσασθαι.
2626 4045 2747 4098 Τῶν
2760 4047 2869 4119 γὰρ
2887 4048 3204 4117 ἐρειδόντων
3225 4050 3319 4103 καὶ
3341 4051 3832 4124 ύποστηριζόντων

2235 4133 2306 4186 τὰ
2359 4129 2472 4182 ἄνω
2522 4131 2999 4196 καταπιπτόντων,
3054 4132 3341 4203 αὐτόματα
3394 4136 3629 4193 κάκεῖνα
3678 4143 3831 4211 μετά

2237 4212 2440 4283 πολλῆς
2468 4212 2567 4283 τῆς
2594 4212 2945 4283 ἑτοιμότητος
2969 4213 3181 4279 τούτοις
3203 4215 3414 4272 ἕπεται.
3443 4220 3601 4276 Οῦτω
3632 4223 3701 4296 δὴ
3725 4227 3830 4281 καὶ

2236 4297 2332 4353 νῦν
2375 4296 2601 4366 γέγονεν
2650 4297 2749 4382 ἐπὶ-
2782 4296 2885 4382 τῆς
2913 4298 3281 4382 Ἐκκλησίας·
3324 4303 3542 4358 πάντων
3589 4306 3650 4360 τὸ
3705 4309 3831 4382 πῦρ

2237 4381 2569 4436 ἐπελάϐετο·
2627 4380 2795 4449 τιμὰς
2834 4381 2934 4444 τὰς
2971 4381 3122 4454 παρά
3167 4383 3475 4454 ἀνθρώπων
3521 4380 3830 4461 ζητοῦμεν,

2235 4467 2330 4521 καὶ
2368 4465 2497 4538 περὶ
2539 4463 2637 4535 τὴν
2670 4464 2826 4531 δόξαν
2862 4467 3220 4536 ἐκκαιόμεθα,
3255 4470 3349 4522 καὶ
3394 4470 3494 4524 ούκ
3541 4471 3833 4547 ἀκούομεν

2233 4551 2327 4605 τοῦ
2358 4548 2477 4603 Ἰὼϐ
2510 4550 2758 4615 λέγοντος
2781 4566 2794 4579 ·
2847 4551 2917 4602 Εἰ
2972 4550 3069 4602 καὶ
3101 4551 3379 4620 ἁμαρτὼν
3424 4554 3731 4624 ἀκουσίως
3770 4561 3831 4627 ιτ,

2233 4632 2559 4701 ἱιειριίπην
2579 4634 2984 4703 πολυοχλιάν;
3009 4632 3160 4697 Εἶδες
3184 4634 3361 4705 ψυχὴν
3382 4637 3668 4708 ἐνάρετον;
3701 4644 3832 4698 Οὐκ

2236 4717 2351 4789 [79]
2380 4715 2677 4788 ᾐσχύνθην,
2720 4718 2906 4785 φησὶν,
2935 4717 3176 4770 ἐναντίον
3209 4716 3303 4772 τοῦ
3339 4718 3578 4790 πλήθους
3613 4727 3832 4791 παντὸς

2233 4804 2406 4855 εἰπεῖν
2434 4800 2502 4853 τά
2531 4799 2765 4852 ἀκούσια
2794 4802 3188 4873 ἁμαρτήματα.
3237 4803 3298 4854 Εἰ
3356 4802 3413 4857 δὲ
3454 4804 3660 4871 ἐκεῖνος
3715 4810 3833 4865 οὐκ

2235 4883 2524 4957 ᾐσχύνετο,
2554 4881 2735 4952 πολλῷ
2785 4883 2985 4952 μᾶλλον
3038 4886 3185 4955 ἡμᾶς
3235 4886 3400 4957 ἐχρῆν
3429 4885 3588 4943 τοῦτο
3614 4895 3829 4951 ποιεῖν.

2232 4967 2380 5036 Λέγε
2410 4967 2518 5036 γὰρ
2550 4966 2653 5027 σὺ,
2684 4967 2838 5035 φησὶ,
2871 4967 2976 5033 τὰς
3003 4967 3253 5036 ἀνομίας
3283 4983 3402 5022 σου
3427 4970 3680 5040 πρῶτος,
3712 4976 3833 5033 ἵνα

2230 5047 2569 5117 δικαιωθῇς.
2610 5048 2787 5119 Πολλὴ
2830 5050 3055 5117 γέγονεν
3085 5052 3118 5120 ή
3155 5051 3456 5125 σφοδρότης
3498 5055 3690 5109 τούτου
3716 5061 3831 5114 τοῦ

2232 5132 2426 5198 κακοῦ,
2460 5135 2636 5187 πάντα
2677 5133 3085 5199 ἀνατέτραπται
3133 5135 3228 5187 καὶ
3279 5136 3594 5205 ἠφάνισται.
3630 5142 3832 5215 Τιμῆς

2230 5217 2409 5271 δοῦλοι
2462 5218 2790 5285 γεγόναμεν,
2854 5219 3087 5285 ἀφέντες
3130 5216 3222 5270 τὸν
3275 5217 3443 5274 Θεόνο
3478 5223 3664 5278 οὐκέτι
3697 5231 3832 5292 102.;

2230 5300 2553 5372 ἀρχομένοις
2587 5296 2885 5368 ἐπιπλῆξαι
2908 5299 3205 5371 δυνάμεθα,
3238 5302 3317 5373 τῷ
3356 5304 3504 5375 αύτῷ
3535 5307 3628 5362 καὶ
3656 5312 3835 5368 αὐτοὶ

2229 5384 2586 5455 κατεχόμενοι
2611 5382 2830 5453 πυρετῷ
2851 5400 2862 5409 ·
2891 5384 2982 5436 καὶ
3016 5384 3170 5438 αὐτοὶ
3200 5385 3256 5438 δέ
3281 5386 3513 5459 δεόμεθα
3542 5393 3832 5465 ἰατρείας,

2228 5470 2279 5522 οἰ
2310 5467 2606 5539 ταχθέντες
2641 5468 2721 5528 εἰς
2749 5469 2810 5519 10
2849 5467 3176 5537 θεραπεύειν
3212 5471 3338 5534 τοὺς
3358 5472 3555 5539 ἄλλους
3579 5477 3683 5530 ὑπὸ
3713 5482 3830 5535 τοῦ

2228 5550 2386 5608 Θεοῦ.
2422 5551 2559 5604 Ποία
2579 5550 2764 5603 λοιπὸν
2796 5551 2950 5615 ὲλπίς
2984 5554 3258 5626 σωτηρίας
3297 5557 3668 5627 ὑπολείπεται,
3696 5564 3832 5619 τῶν

2292 5698 2316 5726 ﬂ
2345 5686 2452 5749 Quo
2477 5697 2617 5749 ωδε..
2642 5686 2809 5749 ψυχῶν
2830 5687 3095 5749 οἰκοδομία.
3127 5686 3188 5736 Ἦ
3208 5689 3276 5738 δέ.

2292 5749 2321 5789 b
2343 5738 2955 5818 ᾳιιίάιιιὴ,’ἒκουσίως
2974 5738 3240 5818 Ιῖεῲειοοιιμ
3273 5757 3326 5802 ει
3345 5748 3417 5803 sic
3439 5752 3629 5817 legerat
3648 5760 3831 5811 lutet—

2232 5824 2349 5875 pres
2366 5807 2585 5868 Latmus,
2610 5807 2697 5872 qui
2726 5814 2938 5861 verterat
2964 5808 3251 5865 voluntarie.
