4092 6488
369 361 434 414 77
1311 353 1376 410 ΙΝ
1417 351 1630 411 EPIST.
1674 355 1764 410 AD
1802 355 2044 413 EI‘IIES.
2084 359 2240 417 CAP.
2286 363 2370 420 IV.
2414 367 2641 424 llOMlL.
2690 371 2756 426 Χ.
3596 383 3661 436 7S

362 479 570 532 dentem
593 475 712 541 ejus
735 470 1003 528 obstruxit
1033 470 1292 541 linguam.
1315 470 1384 525 Et
1404 485 1593 526 rursus
1614 470 1741 524 alibi
1764 470 1955 526 scribit

359 571 560 631 dicens,
586 562 821 621 ϐοηθεῖς(
849 563 992 619 Deus
1017 573 1256 617 solanum
1281 561 1372 616 sub
1402 562 1617 632 pedibus
1652 562 1827 616 vestris
1853 563 1957 614 cito

361 661 530 730 (Rom.
567 659 653 715 Ιϐ.
684 658 801 729 20).
834 657 974 712 Num
1007 656 1133 712 fecit
1161 656 1362 727 aliquid
1395 666 1600 712 natura:
1629 654 1959 710 diversitas?

425 753 482 808 2.
515 751 677 807 Vides
697 751 840 821 quod
864 750 996 806 nihil
1018 750 1140 804 facit
1167 749 1217 804 id
1235 749 1376 820 quod
1402 751 1626 804 interest
1644 749 1784 804 inter
1800 760 1958 803 natu-

357 861 460 910 ras.
478 844 569 900 sed
585 844 740 899 liberi
753 843 963 898 arbitrii
983 843 1228 897 voluntas
1246 844 1269 896 ’ἰ
1286 841 1422 898 Sunt
1442 842 1604 914 igitur
1623 842 1793 898 libero
1806 841 1952 896 arbi-

356 939 454 992 lrio
475 936 688 1007 pejores
703 934 1257 990 oumibus.Adversus
1273 934 1520 1005 angelum
1539 944 1737 998 autem,
1757 934 1950 1002 inquit,

354 1045 453 1085 non
481 1030 703 1098 insurgo
732 1045 747 1080 :
777 1042 902 1083 nam
925 1028 1067 1082 inter
1083 1043 1172 1081 me
1191 1035 1248 1082 et
1269 1025 1422 1082 illum
1449 1027 1675 1080 multum
1702 1027 1948 1082 interest.

355 1120 509 1190 Atqui
536 1136 644 1176 non
675 1118 847 1175 debes
873 1119 1043 1189 magis
1069 1118 1335 1174 adversus
1362 1119 1637 1172 hominem
1671 1119 1952 1188 insurgere

351 1231 506 1285 quam
535 1213 800 1268 adversus
844 1212 1119 1283 angelum.
1157 1210 1291 1266 Nam
1323 1212 1543 1282 angelus
1572 1210 1789 1281 quidem
1829 1226 1858 1264 a
1899 1221 1951 1266 te

351 1307 508 1362 distat
551 1318 766 1368 natura,
801 1304 945 1374 quod
992 1304 1210 1374 quidem
1243 1319 1417 1374 neque
1455 1303 1573 1359 laus
1603 1303 1746 1358 illius
1791 1302 1952 1357 fuerit

353 1416 444 1457 nec
471 1400 660 1453 vitium
695 1415 708 1451 :
738 1398 904 1452 homo
930 1408 1108 1451 autem
1140 1396 1304 1452 distat
1335 1397 1404 1452 ab
1439 1396 1682 1460 homine,
1716 1411 1823 1450 non
1847 1395 1950 1450 uti-

351 1508 448 1562 que
478 1505 688 1553 natura,
722 1491 818 1545 sed
843 1491 1016 1546 libero
1044 1491 1269 1545 arbitrio
1292 1500 1348 1545 et
1380 1491 1544 1546 animi
1573 1491 1820 1545 instituto
1851 1508 1865 1544 :
1893 1499 1950 1544 et

350 1593 428 1637 est
452 1584 614 1638 etiam
658 1583 711 1638 in
755 1582 1067 1638 hominibus
1097 1583 1345 1654 angelus.
1390 1585 1568 1651 Quare
1608 1583 1653 1638 si
1688 1583 1948 1638 adversus

349 1675 565 1746 angelos
586 1692 694 1730 non
719 1675 974 1745 insurgis,
1005 1676 1171 1729 multo
1193 1677 1372 1730 minus
1395 1675 1655 1730 adversus
1676 1675 1944 1742 homines,

348 1771 434 1838 qui
465 1768 514 1822 in
564 1768 666 1823 hac
695 1778 890 1824 natura
929 1769 1052 1823 facti
1089 1779 1216 1824 sunt
1263 1769 1460 1840 angeli.
1501 1767 1634 1823 Nam
1673 1770 1737 1833 si,
1772 1769 1862 1840 qui
1893 1768 1947 1822 in

351 1862 652 1918 hominibus
692 1872 779 1918 est
801 1861 1004 1916 virtute
1034 1861 1311 1931 pra-ditus.
1347 1861 1508 1917 fuerit
1536 1871 1596 1916 ut
1624 1862 1866 1930 angelus,
1900 1859 1948 1914 is

354 1966 430 2010 est
457 1963 504 2010 te
531 1954 705 2008 multo
732 1953 905 2022 major
928 1969 1087 2025 quam
1116 1953 1225 2009 ille.
1254 1952 1654 2020 Quamobrem?
1679 1951 1944 2021 Quoniam

359 2048 484 2115 quod
519 2047 610 2101 ille
655 2046 844 2102 habuit
877 2062 910 2100 a
961 2030 1170 2110 natura,
1205 2045 1308 2100 hoc
1345 2045 1461 2115 ipse
1501 2053 1646 2100 recte
1681 2043 1847 2115 gessit
1876 2059 1941 2098 ex

354 2141 506 2195 libero
549 2140 782 2194 arbitrio
825 2151 882 2195 et
919 2140 1086 2196 animi
1125 2139 1370 2194 instituto
1401 2158 1412 2193 :
1445 2149 1500 2195 et
1538 2139 1682 2210 quod
1722 2139 1946 2209 angelus

347 2234 454 2287 loco
477 2233 700 2302 quidem
725 2233 844 2288 sita
870 2243 922 2288 te
945 2233 1266 2304 disjunctus,
1292 2244 1346 2290 et
1370 2234 1560 2288 ca-ltnn
1587 2233 1824 2296 habitet;
1856 2231 1946 2287 hic

341 2337 507 2381 autem
543 2337 724 2382 tecum
752 2335 1014 2393 versatur,
1046 2339 1098 2383 et
1125 2326 1217 2380 dat
1259 2326 1354 2380 tibi
1399 2327 1738 2380 occasionem
1773 2314 1942 2378 a-mu-

339 2419 573 2474 lationis.
609 2419 768 2488 Abpii
810 2418 899 2473 hic
942 2420 1104 2474 etiam
1137 2428 1220 2474 est
1250 2417 1421 2489 magis
1449 2418 1751 2488 disjunctus
1780 2433 1940 2488 quam

335 2511 440 2566 ille.
474 2511 677 2566 Nostra
702 2511 868 2573 enim,
904 2512 1096 2582 inquit,
1125 2512 1438 2566 conversatio
1458 2512 1607 2565 estin
1629 2511 1767 2566 certis
1793 2510 1944 2578 (Plii-

333 2606 454 2674 lipp.
507 2605 568 2660 5.
614 2603 734 2676 9.0).
773 2604 928 2672 Quod
966 2613 1144 2659 autem
1178 2605 1264 2659 hic
1293 2605 1364 2659 sit
1406 2604 1575 2673 magis
1617 2603 1939 2674 disjunctus,

331 2696 449 2750 audi
480 2696 703 2751 ubinam
743 2697 929 2753 sedeat
957 2696 1077 2767 ejus
1103 2676 1284 2764 caput,
1319 2712 1513 2765 nempe
1539 2695 1593 2750 in
1626 2697 1822 2750 throno
1849 2713 1940 2751 re-

329 2788 432 2858 gali
464 2809 477 2842 :
509 2804 628 2857 quo
659 2797 745 2845 est
773 2799 952 2843 autem
983 2805 1012 2842 a
1044 2788 1201 2844 nobis
1229 2789 1456 2843 thronus
1487 2787 1766 2852 remotior,
1792 2796 1941 2842 tanto

328 2890 408 2936 est
439 2881 527 2936 hic
551 2896 790 2951 quoque.
821 2882 928 2936 Sed
956 2880 1136 2941 video,
1163 2879 1356 2951 inquit,
1381 2896 1506 2934 eum
1535 2879 1739 2934 honore
1768 2879 1941 2934 fruen-

329 2982 457 3038 tem,
499 2985 558 3028 et
605 2988 828 3028 moveor
881 2972 1245 3027 tenmlatione.
1290 2971 1403 3028 lloc
1449 2980 1534 3026 est
1577 2972 1718 3041 quod
1758 2971 1939 3025 omnia

329 3080 541 3119 rursum
573 3073 629 3120 et
648 3063 900 3120 deorsum
926 3063 1112 3136 agitat,
1135 3074 1192 3120 et
1216 3079 1320 3118 non
1349 3065 1520 3119 solum
1548 3065 1733 3120 orbem
1757 3073 1938 3131 terrai,

325 3157 418 3212 sed
448 3159 622 3213 etiam
655 3156 956 3212 Ecclesiam
988 3155 1471 3211 innumerabilibus
1511 3156 1698 3226 implet
1737 3157 1939 3212 tinnul-

328 3253 466 3308 tibus
502 3271 515 3305 :
554 3261 616 3307 et
652 3251 797 3306 sicut
839 3251 931 3322 qui
982 3251 1035 3306 in
1085 3250 1434 3321 tranquillum
1469 3259 1681 3320 portum
1721 3252 1848 3306 smvi
1886 3263 1942 3308 et

325 3345 686 3400 vehementes
715 3344 863 3399 venti
896 3359 960 3399 ex
992 3343 1222 3398 adverso
1254 3342 1530 3408 irruerint,
1557 3359 1680 3397 eum
1710 3343 1941 3399 reddunt

327 3438 778 3507 periculosiorem
824 3451 985 3507 quam
1029 3436 1234 3506 qumvis
1281 3451 1442 3506 rupes
1480 3443 1536 3492 et
1570 3436 1797 3506 quodvis
1832 3440 1941 3494 fre-

293 3537 434 3584 .tuin
465 3545 479 3581 :
515 3532 592 3581 ita
626 3527 672 3581 si
722 3527 982 3582 invaserit
1015 3542 1170 3582 amor
1209 3527 1412 3598 gloriaa.
1446 3528 1625 3582 omnia
1664 3529 1858 3583 evertit
1887 3540 1942 3584 et

323 3621 630 3674 confundit.
695 3619 1022 3676 Interfuistis
1073 3634 1220 3689 saepe
1279 3635 1598 3690 magnorum
1653 3620 1937 3676 domorunt

322 3712 779 3783 conﬂagrationi;
823 3711 1032 3766 vidistis
1064 3711 1337 3782 quomodo
1377 3712 1428 3766 in
1464 3713 1656 3766 caelum
1684 3713 1940 3769 ascendat

323 3808 522 3875 fumus,
577 3817 636 3862 et
679 3808 896 3864 nemine
933 3807 1229 3863 accedente
1257 3807 1324 3862 ad
1355 3807 1556 3862 malum
1595 3809 1942 3879 exstinguen-

323 3901 470 3962 dum,
501 3900 606 3956 sed
639 3914 964 3970 unoquoque
991 3900 1134 3970 quod
1159 3915 1315 3954 suum
1346 3910 1429 3954 est
1458 3909 1758 3969 spectante,
1803 3901 1940 3972 ignis

322 3997 507 4065 quiete
534 3996 725 4048 omnia
753 3994 1067 4064 depascitur
1099 4011 1113 4049 :
1143 4003 1200 4050 et
1228 4010 1372 4064 smpe
1407 3995 1622 4064 quidem
1665 3995 1716 4050 in
1753 3997 1940 4052 orbem

320 4089 683 4147 circumsistit
712 4097 824 4144 tota
865 4089 1075 4152 civitas,
1125 4089 1535 4144 circumsisutnt
1578 4090 1735 4145 multi
1767 4090 1939 4147 malo-

315 4197 438 4236 rum
468 4189 834 4253 spectatores,
870 4196 976 4235 non
1003 4179 1071 4235 ad
1099 4194 1260 4252 opem
1289 4180 1565 4236 ferendam
1592 4182 1724 4238 socii
1758 4192 1815 4238 et
1838 4181 1938 4239 ad-

311 4273 529 4343 jutores
561 4289 578 4326 :
608 4280 665 4327 et
707 4272 834 4327 licet
879 4271 1067 4329 videre
1113 4287 1304 4328 omnes
1351 4273 1767 4330 circumstantes
1805 4275 1937 4331 nihil

317 4368 524 4436 facere,
556 4365 657 4422 sed
680 4381 1120 4437 unumquemque
1143 4381 1333 4423 eorum
1365 4382 1584 4423 manum
1620 4368 1934 4436 extendere,

312 4469 369 4515 et
396 4460 450 4516 ei
491 4459 592 4531 qui
632 4473 825 4514 recens
853 4458 922 4514 ad
952 4458 1132 4515 locum
1161 4459 1373 4514 venerit
1409 4459 1698 4516 ostendere
1727 4470 1817 4517 aut
1842 4478 1938 4532 per

313 4551 623 4607 fenestram
651 4549 869 4605 assidue
897 4549 1235 4606 exsilientem
1263 4549 1591 4622 lampadem,
1623 4560 1718 4606 aut
1755 4553 1936 4610 trabes

310 4661 431 4716 qum
458 4643 820 4714 dejiciuntur,
851 4652 946 4699 aut
973 4643 1242 4712 integrum
1279 4658 1469 4699 eorum
1501 4659 1622 4716 qua:
1651 4645 1796 4701 aedes
1825 4644 1933 4701 ful-

308 4742 463 4796 ciunt
493 4750 555 4796 et
601 4748 911 4796 sustentant
949 4739 1216 4795 ambitum
1258 4739 1530 4806 avulsum,
1562 4747 1619 4794 et
1647 4739 1700 4794 in
1735 4749 1931 4796 terram

308 4842 590 4890 ruentem.
645 4831 786 4890 Sunt
832 4841 1012 4888 autem
1063 4832 1228 4887 etiam
1283 4831 1440 4886 multi
1490 4830 1724 4888 audaces
1765 4842 1820 4888 et
1863 4835 1932 4890 ad

305 4929 567 4985 adeunda
600 4925 834 4998 pericula
866 4924 1193 4997 praecipites,
1217 4924 1306 4997 qui
1328 4923 1529 4980 audent
1546 4939 1716 4997 prope
1739 4926 1934 4982 arden-

307 5023 377 5079 tia
404 5021 646 5079 aedificia
676 5019 960 5088 accedere,
991 5035 1100 5074 non
1127 5029 1190 5074 ut
1215 5019 1296 5075 eis
1326 5034 1544 5073 manum
1575 5019 1851 5090 porrigant
1876 5030 1933 5077 et

304 5119 517 5174 malum
561 5116 930 5188 cxstinguant,
973 5113 1070 5170 sed
1112 5121 1170 5170 ut
1210 5114 1284 5168 sit
1320 5112 1614 5184 jucundius
1643 5124 1927 5184 spectacu-

300 5213 441 5278 lum,
475 5226 548 5267 ex
577 5225 645 5266 eo
669 5208 810 5280 quod
839 5208 940 5278 ipsi
963 5207 1173 5279 possint
1202 5207 1380 5262 omnia
1407 5221 1574 5278 prope
1599 5207 1924 5278 conspicari,

299 5322 423 5375 qum
452 5318 609 5375 saepe
651 5304 823 5360 latent
860 5318 956 5359 eos
999 5303 1092 5374 qui
1132 5309 1260 5358 sunt
1299 5298 1452 5357 foris.
1484 5301 1638 5370 Quod
1675 5303 1720 5356 si
1761 5303 1923 5358 etiam
1951 5291 1992 5314 τ

299 5399 468 5454 fuerit
499 5396 784 5468 splendida
812 5405 868 5453 et
897 5411 1090 5467 magna
1129 5395 1343 5462 demus,
1375 5393 1738 5448 miserandum
1771 5394 1923 5449 vide-

297 5501 386 5544 tur
412 5505 546 5546 esse
570 5488 942 5560 spectaculum
972 5497 1026 5542 et
1053 5487 1271 5558 dignum
1310 5487 1495 5542 multis
1534 5487 1809 5558 lacrymis.
1857 5489 1924 5543 Et

297 5601 357 5639 re
381 5597 520 5639 vera
552 5583 675 5638 licet
699 5581 884 5638 videre
906 5581 1273 5652 spectaculum
1298 5579 1689 5647 miserandum,
1716 5581 1922 5636 colum-

297 5691 500 5730 narum
529 5674 705 5742 capita
734 5675 787 5728 in
809 5673 1095 5743 pulverem
1120 5671 1360 5738 redacta,
1393 5671 1592 5727 multas
1614 5686 1828 5745 quoque
1854 5691 1918 5730 ex

295 5768 378 5821 eis
410 5764 733 5835 perfractas,
765 5764 899 5819 alias
926 5759 1164 5836 quidem,
1208 5764 1332 5835 igne
1370 5763 1423 5820 id
1465 5763 1751 5830 efficiente,
1784 5766 1919 5822 alias

296 5875 430 5914 vero
462 5875 608 5930 s:rpe
634 5859 972 5916 [rudentibus
1005 5859 1248 5915 manibus
1279 5875 1468 5916 eorum
1496 5859 1588 5930 qui
1617 5860 1759 5931 ipsas
1787 5863 1914 5917 mdis

2067 475 2318 548 fiearunt,
2362 498 2430 538 ne
2469 484 2574 555 igni
2607 487 2910 556 prarbercnt
2941 489 3062 558 plus
3090 490 3351 546 alimenti.
3392 492 3539 550 Licet
3564 512 3661 552 au-

2067 576 2173 622 tem
2201 572 2361 626 etiam
2390 575 2574 631 videre
2599 578 2858 649 imagines
2884 597 3004 651 qu:e
3032 567 3291 639 steterant
3321 601 3441 640 cum
3465 604 3660 660 magno

2061 673 2382 720 ornamento
2427 668 2553 722 tecti
2602 670 2858 740 impositi,
2898 673 3139 730 detectas
3184 685 3327 731 tecto
3363 678 3560 747 ablato,
3605 691 3661 737 et

2060 760 2270 810 stantes
2298 757 2400 810 sub
2429 758 2519 813 dio
2547 777 2668 816 cum
2699 779 2888 835 magna
2917 765 3276 823 deformitate.
3311 770 3443 838 Quis
3471 787 3660 826 recen-

2057 846 2229 900 suerit
2253 847 2468 903 divitias
2496 868 2617 922 qua:
2651 865 2808 909 erant
2837 857 2980 912 intus
3019 862 3268 929 repositae
3303 878 3320 917 :
3357 874 3533 918 vestes
3557 880 3659 917 au-

2059 952 2211 1003 reas,
2271 957 2395 996 vasa
2443 949 2739 1015 argentea?
2790 951 2855 1004 Et
2899 967 3009 1021 quo
3059 969 3196 1007 unus
3254 957 3658 1026 ingrediehatur

2056 1029 2309 1087 dominus
2347 1049 2469 1089 cum
2506 1053 2600 1092 sua
2645 1040 2892 1112 conjuge,
2926 1043 3016 1096 ubi
3065 1046 3352 1100 multarum
3401 1049 3654 1115 vestium,

2053 1135 2357 1179 aromatum
2397 1137 2453 1182 ει
2491 1131 2848 1198 pretiosarum
2874 1149 3208 1204 gemmarum
3245 1154 3499 1194 arcanum
3539 1151 3656 1196 Cl‘lll

2057 1216 2438 1284 repositorium
2470 1239 2484 1273 :
2516 1221 2698 1277 omnia
2730 1241 2838 1277 uno
2875 1240 3008 1296 rogo
3045 1243 3277 1283 accenso
3315 1231 3567 1286 viderunt
3603 1242 3656 1289 t-t

2053 1306 2398 1364 balneatores
2429 1323 2481 1366 et
2511 1317 2818 1370 stercorarii
2851 1327 2902 1371 et
2935 1318 3158 1390 fugitivi,
3207 1330 3262 1375 et
3302 1338 3490 1378 (mines
3530 1325 3655 1378 reli-

2053 1397 2184 1467 qui;
2209 1410 2264 1454 et
2282 1416 2403 1471 qua:
2430 1415 2585 1460 erant
2609 1405 2774 1472 intus,
2805 1421 2957 1463 erant
2986 1413 3166 1464 omnia
3189 1429 3328 1484 aqua
3355 1425 3411 1470 et
3439 1415 3576 1486 ignis
3603 1428 3657 1471 et

2057 1491 2230 1549 lutum
2272 1507 2330 1552 et
2376 1498 2554 1567 pulvis
2602 1512 2658 1555 et
2703 1501 2846 1570 ligna
2889 1505 3280 1560 semiustulata.
3325 1506 3432 1562 Cur
3474 1518 3653 1562 autem

2057 1585 2198 1644 hanc
2244 1589 2531 1662 imaginem
2572 1594 2791 1650 extendi
2836 1595 3049 1652 fusius?
3093 1597 3211 1653 Non
3251 1600 3440 1656 volens
3481 1601 3655 1654 solum

2056 1678 2249 1735 domus
2271 1681 2580 1739 describere
2607 1686 2912 1742 incendium
2937 1707 2952 1753 ;
2977 1689 3102 1759 quid
3125 1691 3271 1746 enim
3295 1701 3378 1746 est
3399 1691 3502 1748 hoc
3523 1693 3653 1746 mihi

2054 1787 2199 1826 cura:
2223 1773 2246 1827 ?
2274 1774 2368 1829 sed
2396 1776 2582 1831 volens
2608 1778 2781 1834 oculis
2803 1781 2995 1835 vestris
3023 1782 3310 1852 subjicere,
3333 1785 3509 1854 quoad
3537 1785 3656 1853 ejus

2055 1864 2175 1920 fieri
2206 1875 2401 1935 potest,
2446 1869 2583 1922 mala
2623 1869 2900 1927 Ecclesiae.
2931 1871 3013 1928 lle
3044 1888 3167 1927 vera
3199 1873 3343 1928 enim
3379 1885 3653 1944 tamquam

2053 1955 2364 2012 incendium
2393 1971 2484 2014 aut
2520 1960 2722 2016 fulmen
2751 1963 2966 2034 aliquod
3007 1965 3076 2018 ab
3102 1967 3212 2020 alto
3244 1967 3465 2034 cadens,
3500 1969 3654 2023 irruit

2052 2051 2107 2106 in
2140 2051 2315 2120 ipsum
2345 2061 2543 2107 tectum
2589 2055 2860 2120 licelesim,
2895 2067 2949 2110 et
2977 2059 3246 2113 neminem
3285 2060 3516 2126 excitat;
3557 2061 3650 2116 sed

2050 2142 2214 2198 domo
2239 2155 2465 2214 paterna
2487 2146 2734 2210 ardente,
2757 2148 3076 2217 profundum
3097 2151 3380 2219 quemdam
3403 2167 3650 2206 somnum

2051 2245 2106 2290 et
2134 2235 2266 2290 nihil
2296 2238 2617 2292 sentientem
2645 2239 2966 2294 dormimus.
2995 2241 3165 2308 Quem
3196 2242 3340 2296 enim
3384 2259 3488 2296 non
3524 2245 3649 2298 teti-

2050 2329 2126 2399 git
2155 2329 2241 2384 liic
2270 2330 2442 2400 ignis?
2470 2347 2603 2401 quas
2634 2349 2740 2386 non
2774 2333 3035 2404 imagines
3063 2353 3184 2405 qua:
3213 2345 3356 2390 stant
3387 2338 3439 2391 in
3474 2338 3662 2393 Eccle-

2049 2425 2125 2477 sia
2149 2423 2173 2475 ?
2201 2423 2440 2479 Ecclesia
2468 2426 2610 2479 enim
2641 2427 2773 2481 nihil
2801 2438 2884 2482 est
2910 2429 3055 2483 aliud
3078 2445 3237 2499 quam
3266 2432 3458 2485 domus
3485 2432 3650 2485 a-dili-

2048 2527 2166 2572 cata
2211 2533 2306 2586 per
2337 2530 2546 2574 nostras
2577 2521 2805 2575 animas.
2836 2522 2961 2576 llzec
2990 2534 3169 2577 autem
3203 2524 3394 2578 domus
3432 2542 3536 2580 non
3568 2537 3647 2581 est
3741 2528 3745 2534 ’

2049 2618 2158 2662 tota
2187 2624 2284 2678 par
2312 2609 2538 2674 honore,
2564 2611 2660 2666 sed
2685 2629 2751 2668 ex
2779 2614 3043 2682 lapidibus
3067 2615 3303 2684 quidem,
3331 2618 3420 2686 qui
3442 2618 3507 2672 ad
3533 2618 3648 2688 ejus

2046 2703 2468 2755 exstructionem
2496 2705 2798 2769 conferunt,
2829 2705 2918 2758 alii
2949 2717 3072 2760 sunt
3102 2708 3366 2776 splendidi
3394 2719 3448 2763 et
3469 2709 3646 2773 nitidi,

2046 2795 2136 2848 alii
2161 2810 2289 2849 vero
2316 2797 2419 2849 illis
2450 2798 2728 2852 inferiores
2751 2809 2804 2852 ct
2825 2799 3190 2867 obscuriores,
3215 2802 3308 2855 sed
3342 2803 3509 2856 multo
3537 2818 3650 2854 inr-

2047 2884 2212 2939 liores
2241 2888 2382 2940 aliis.
2417 2887 2511 2942 Est
2542 2898 2719 2942 autetn
2752 2906 2816 2943 ex
2854 2889 2958 2944 illis
2987 2890 3172 2946 videre
3213 2892 3298 2946 hic
3331 2894 3526 2946 multos
3555 2893 3647 2962 qui

2045 2979 2162 3034 auri
2191 2979 2365 3035 locum
2392 2992 2592 3043 tenent,
2616 2983 2754 3047 auri,
2780 2985 3017 3054 inquam,
3046 2985 3189 3055 quod
3221 3001 3376 3040 ornat
3405 2996 3602 3040 tectutn
3629 3005 3643 3041 :

2047 3081 2132 3128 est
2177 3073 2339 3127 etiam
2385 3075 2571 3129 videre
2619 3075 2778 3139 alios,
2827 3077 2919 3147 qui
2963 3089 3339 3134 ornamentum
3390 3080 3649 3135 exhibent

2045 3166 2188 3236 quod
2215 3167 2427 3221 exsistit
2457 3183 2522 3221 ex
2557 3168 2876 3237 imaginibus
2909 3186 2922 3222 :
2958 3171 3157 3224 inultos
3184 3172 3309 3226 licet
3338 3173 3522 3226 videre
3552 3172 3647 3242 qui

2045 3269 2189 3314 stant
2221 3271 2490 3330 tamquam
2513 3261 2796 3315 Cllllllnﬂill.
2833 3263 3022 3316 Solent
3045 3264 3188 3318 enim
3211 3265 3372 3318 etiam
3400 3266 3648 3321 homines

2045 3355 2306 3423 appellari
2332 3356 2620 3420 columine,
2652 3372 2770 3425 qua:
2794 3374 2898 3409 non
2924 3357 3098 3411 solum
3125 3359 3342 3421 virtute,
3366 3362 3458 3413 sed
3482 3363 3644 3414 etiam

2049 3447 2446 3518 pulchritudine
2493 3449 2718 3502 tnultmn
2771 3449 3012 3517 prsebcnt
3054 3450 3377 3515 ornamenti,
3429 3461 3484 3506 et
3527 3467 3646 3520 qua:

2046 3551 2230 3594 aurata
2263 3539 2462 3593 habent
2497 3540 2692 3609 capita.
2732 3541 2924 3595 Videre
2967 3543 3092 3595 lieet
3139 3543 3300 3596 etiam
3342 3543 3644 3596 multitudi-

2047 3651 2192 3697 nem,
2229 3644 2500 3704 tamquam
2549 3635 2654 3688 late
2695 3643 2883 3704 patens
2920 3635 3150 3703 Spatium
3198 3645 3254 3690 et
3303 3635 3642 3690 latitudinem

2045 3725 2340 3780 ambituuin
2371 3733 2722 3793 Occupantem
2755 3741 2769 3777 :
2799 3724 3083 3780 multitudo
3110 3726 3254 3780 enim
3287 3735 3432 3782 tenet
3465 3728 3643 3782 locum

2048 3816 2282 3887 lapidum
2305 3815 2393 3885 qui
2417 3815 2686 3870 mdiiicant
2711 3815 2966 3885 parietes.

2118 3910 2171 3965 5.
2225 3907 2408 3961 Inanis
2460 3907 2622 3978 gloria
2670 3916 2936 3977 tyrannus.
2973 3937 3046 3947 —
3089 3908 3171 3962 Ad
3218 3909 3642 3980 splendidiorem

2046 4001 2332 4072 imaginem
2358 3999 2468 4069 jam
2499 3999 2823 4053 veniendum
2853 4007 2955 4054 est.
2985 3999 3112 4054 Hch
3139 4000 3380 4057 Ecclesia
3412 4015 3491 4057 est
3515 4003 3645 4056 :edi-

2048 4094 2200 4148 ficata
2232 4106 2337 4147 non
2364 4107 2432 4146 ex
2461 4090 2542 4146 his
2571 4091 2856 4159 lapidibus,
2887 4091 2981 4146 sed
3008 4105 3071 4146 ex
3101 4107 3233 4146 auro
3260 4103 3314 4146 et
3343 4104 3564 4163 argento
3587 4104 3641 4150 et

2046 4184 2312 4255 lapidibus
2357 4182 2630 4252 pretiosis,
2671 4193 2725 4237 et
2755 4183 2977 4236 nmltum
3030 4183 3147 4237 auri
3192 4195 3273 4239 est
3317 4184 3512 4255 ubique
3561 4186 3645 4239 di-

2043 4291 2310 4348 spersum.
2344 4274 2450 4330 Sed
2499 4273 2633 4344 proh
2663 4274 2857 4329 dolor!
2891 4274 3006 4328 haec
3034 4274 3178 4330 enim
3223 4276 3400 4329 omnia
3431 4279 3644 4332 exuSsit

2047 4370 2289 4442 tyrannis
2315 4367 2488 4423 inanis
2517 4367 2725 4438 gloriae,
2753 4365 2932 4422 omnia
2963 4368 3202 4423 exedens
3241 4369 3356 4424 lnec
3388 4369 3599 4425 flamina
3623 4414 3638 4436 ,

2045 4473 2101 4517 et
2149 4477 2309 4516 nemo
2351 4475 2470 4515 eam
2517 4475 2633 4515 rem
2673 4461 2980 4530 superavit;
3025 4459 3119 4515 sed
3170 4471 3374 4517 stamus
3419 4464 3636 4534 quidem

2043 4555 2314 4608 flammam
2345 4550 2704 4619 admirantes,
2745 4551 2942 4606 malum
2971 4562 3149 4607 autem
3179 4553 3416 4608 nondum
3458 4556 3638 4611 valen-

2044 4656 2124 4702 tes
2155 4646 2517 4715 exstinguere.
2561 4642 2714 4712 Quod
2752 4643 2797 4702 si
2826 4644 2986 4699 etiam
3016 4645 3084 4699 ab
3111 4643 3274 4702 breve
3300 4657 3510 4718 tempus
3538 4666 3635 4704 ex-

2040 4741 2390 4796 stinxerimus
2409 4781 2424 4806 ,
2475 4749 2596 4810 post
2625 4739 2760 4794 duos
2788 4748 2881 4794 aut
2909 4750 3018 4796 tres
3045 4740 3163 4797 dies
3187 4783 3203 4808 ,
3250 4751 3522 4813 tamquam
3569 4761 3634 4801 cx

2038 4835 2272 4907 quodam
2294 4831 2479 4888 cinere
2498 4831 2810 4887 accenditur
2828 4832 3056 4887 scintilla
3077 4849 3196 4903 qua:
3218 4836 3415 4890 evertit
3435 4838 3636 4902 omnia,

2038 4938 2094 4984 et
2120 4943 2184 4984 ea
2211 4926 2340 4981 facit
2365 4941 2486 4996 qua:
2523 4940 2628 4980 non
2657 4926 2825 4996 prius.
2869 4923 2959 4980 Sic
2988 4925 3149 4981 etiam
3181 4926 3266 4982 hic
3292 4926 3352 4981 fit
3383 4945 3397 4982 :
3425 4944 3548 4983 nam
3583 4930 3636 4984 in

2037 5021 2288 5078 incendio
2307 5034 2521 5092 quoque
2545 5019 2682 5074 solet
2705 5017 2808 5072 hoc
2833 5016 3095 5074 accidere.
3124 5017 3297 5075 Causa
3324 5028 3503 5076 autem
3529 5031 3633 5088 est,

2036 5116 2159 5188 quia
2189 5116 2426 5184 ipsarum
2461 5110 2716 5166 Ecclesiae
2740 5111 3110 5165 columnarum
3141 5112 3502 5166 sustentacula
3533 5130 3636 5168 nos

2035 5208 2358 5278 effugerunt,
2394 5219 2514 5274 qua:
2560 5212 2756 5258 tectum
2794 5203 3148 5266 sustinebant,
3187 5213 3240 5258 et
3273 5203 3418 5272 prius
3459 5207 3635 5259 conti-

2035 5307 2237 5362 nebant
2282 5313 2452 5358 totum
2509 5299 2830 5367 mdiﬂcium,
2863 5309 2917 5354 et
2963 5297 3086 5368 igne
3130 5299 3625 5359 circumdederunt.

2035 5400 2324 5468 Propterea
2353 5394 2417 5448 ad
2450 5401 2679 5448 caeteros
2702 5406 2916 5461 quoque
2947 5391 3176 5460 parietes
3205 5390 3378 5445 facilis
3409 5391 3504 5446 fuit
3535 5408 3626 5448 cx-

2031 5491 2232 5548 cursio.
2264 5487 2398 5543 Nam
2427 5486 2478 5540 in
2510 5483 2753 5539 tedificiis
2781 5483 2996 5553 quando
3024 5483 3160 5554 ligna
3193 5482 3408 5554 quidem
3438 5501 3633 5556 appre-

2034 5581 2301 5642 henderit,
2343 5579 2510 5649 magis
2547 5584 2789 5631 armatur
2827 5575 3091 5630 adversus
3130 5575 3336 5645 lapides
3370 5596 3382 5630 :
3411 5580 3629 5649 quando

2029 5685 2212 5730 autem
2250 5671 2528 5726 columnas
2582 5665 3011 5738 pessuindedi-rit
3055 5675 3110 5721 et
3157 5669 3303 5722 humi
3350 5668 3630 5744 dejecerit,

2030 5783 2136 5824 non
2166 5765 2396 5836 amplius
2424 5779 2561 5831 opus
2603 5763 2763 5817 habet
2792 5761 3006 5815 flamma
3049 5770 3105 5814 ut
3134 5771 3329 5816 cmtera
3355 5764 3625 5826 conficiat,

2031 5861 2161 5917 Nam
2207 5875 2325 5914 cum
2358 5873 2418 5913 ea
2460 5855 2707 5911 decidunt
2742 5869 2861 5924 IIULB
2905 5853 3184 5924 superiora
3229 5863 3530 5914 sustentant
3577 5869 3628 5919 et
