4092 6490
442 365 509 417 τυ
1190 355 1244 411 ε.
1288 350 1564 408 manuus
1599 343 2072 406 CIIRYSOSTOMI
2108 346 2421 403 ARCIIIEP.
2464 348 2997 408 CONSTANTINOP.
3648 356 3719 414 so

440 480 688 544 fulciunt,
720 478 807 533 illa
836 490 1049 547 quoque
1075 489 1138 528 ea
1169 481 1466 542 sequuntur
1489 483 1610 524 cum
1642 479 1833 537 magna
1861 461 2028 518 facill-

445 583 574 627 tate.
614 571 691 625 Ita
717 569 877 625 etiam
909 582 1050 621 nunc
1079 562 1325 619 usnvenit
1350 578 1401 616 ιιι
1425 560 1670 618 Ecclesia
1699 576 1713 614 :
1743 558 1879 629 ignis
1907 570 2025 611 ont-

442 664 530 717 nia
560 660 943 733 apprehendit;
989 658 1223 712 honores
1261 657 1551 727 qumrimus
1579 655 1648 710 ab
1683 650 2026 718 hominibus,

439 764 496 808 et
533 768 717 809 amore
762 752 945 822 gloria:
983 748 1329 804 accendimur
1361 764 1374 800 :
1419 762 1517 802 nec
1545 746 1794 801 audimus
1830 744 2024 800 Jobum

441 847 710 901 dicentem
743 863 755 898 :
789 844 851 899 Si
878 860 994 896 cum
1024 844 1331 912 peccauerim
1361 841 1732 906 inuoluutarie,
1769 849 2028 893 auersatus

441 957 557 993 sum
597 937 972 992 multitudinem
1013 934 1134 1005 (Job
1173 935 1262 989 5i.
1438 932 1627 987 Vidisti
1655 931 1886 986 animam
1916 930 2029 984 vir-

449 1040 561 1084 tute
586 1027 902 1098 pricditam?
945 1025 1059 1081 Non
1102 1041 1191 1080 me
1232 1024 1438 1092 puduit,
1478 1023 1669 1093 inquit,
1702 1038 1883 1079 coram
1910 1025 2029 1079 uni-

444 1135 598 1177 versa
626 1117 966 1173 multitudine
989 1117 1170 1173 dicere
1192 1117 1486 1171 voluntaria
1509 1126 1746 1186 peccata.
1769 1117 1826 1172 Si
1846 1127 2027 1174 autem

439 1214 591 1268 illum
621 1228 725 1267 non
756 1211 965 1283 puduit,
990 1212 1160 1266 multo
1184 1211 1353 1280 magis
1379 1225 1477 1264 nos
1502 1219 1777 1281 oporteret
1806 1210 1907 1266 hoc
1944 1210 2025 1265 fa-

437 1319 584 1359 cere.
617 1302 738 1370 Dic,
772 1304 964 1373 inquit,
997 1303 1140 1373 prior
1164 1302 1454 1373 iniquitates
1484 1311 1628 1369 tuas,
1656 1312 1710 1355 ut
1727 1302 2028 1371 justiﬁceris

440 1395 613 1467 (lsai.
646 1396 736 1450 45.
768 1394 900 1466 26).
929 1394 1115 1465 Magna
1145 1395 1242 1450 fuit
1281 1392 1439 1463 hujus
1479 1392 1602 1446 mali
1644 1394 1977 1449 vehementia
2008 1410 2023 1449 :

441 1490 619 1544 omnia
648 1497 772 1543 sunt
798 1504 984 1543 eversa
1026 1497 1082 1543 et
1108 1487 1304 1543 deleta.
1338 1487 1570 1544 Honoris
1598 1488 1738 1543 servi
1779 1487 1901 1543 facti
1931 1504 2025 1543 su-

441 1595 563 1636 mus
589 1583 701 1636 Deo
724 1581 952 1636 dimisso
985 1599 997 1635 :
1032 1596 1136 1636 non
1172 1581 1402 1651 amplius
1431 1596 1719 1652 possumus
1748 1583 2027 1654 increpare

438 1694 534 1734 eos
577 1679 669 1751 qui
708 1694 739 1734 a
784 1680 938 1735 nobis
979 1687 1271 1748 reguntur,
1299 1692 1423 1732 cum
1458 1677 1559 1748 ipsi
1589 1693 1804 1748 quoque
1832 1677 2021 1736 eadem

439 1771 590 1826 febre
615 1780 927 1827 teneamur:
956 1778 1009 1825 et
1038 1770 1134 1839 ipsi
1166 1784 1384 1839 egemus
1413 1769 1696 1834 medicina,
1728 1786 1863 1841 quos
1886 1772 2028 1829 Deus

441 1864 620 1931 posuit
660 1872 718 1919 ut
757 1863 876 1917 aliis
904 1861 1266 1916 mederemur.
1297 1862 1554 1927 Quaenam
1582 1872 1761 1916 autem
1783 1862 1894 1932 jam
1937 1880 2025 1920 re-

438 1963 543 2008 stat
567 1969 689 2025 spes
717 1953 939 2019 salutis,
981 1968 1103 2009 cum
1144 1952 1180 2007 ii
1223 1952 1323 2023 ipsi
1355 1953 1444 2022 qui
1477 1953 1760 2008 medeantur
1799 1955 2025 2011 aliorum

440 2061 597 2100 manu
646 2045 923 2117 indigent?
953 2044 1078 2100 Haec
1112 2060 1217 2099 non
1263 2043 1359 2099 abs
1406 2060 1467 2100 re
1508 2045 1649 2111 dixi,
1693 2060 1795 2101 nec
1825 2056 2028 2106 temere

437 2151 773 2208 conqueror,
809 2136 905 2192 sed
935 2145 992 2190 ut
1019 2150 1208 2191 omnes
1234 2136 1591 2192 communiter
1616 2153 1739 2193 cum
1773 2139 2030 2197 uxoribus

437 2238 493 2283 et
518 2229 639 2283 liliis
660 2271 675 2297 ,
708 2230 891 2284 cinere
918 2229 1124 2297 aspersi
1152 2238 1206 2283 et
1230 2243 1390 2283 sacco
1420 2229 1626 2292 induti,
1654 2231 1913 2301 jejunium
1943 2234 2027 2288 in-

438 2322 740 2388 tendamus,
772 2322 938 2377 Deum
967 2336 1219 2391 rogemus
1248 2329 1305 2376 ut
1334 2336 1548 2375 manum
1577 2322 1730 2378 nobis
1755 2324 2039 2397 praebeat”

438 2422 494 2468 et
522 2413 721 2468 malum
752 2413 1079 2482 exstinguat.
1128 2412 1272 2467 lllins
1314 2413 1456 2467 enim
1487 2428 1645 2468 manu
1688 2429 1746 2470 re
1777 2431 1899 2471 vera
1945 2428 2030 2472 est

438 2520 597 2576 opus,
623 2521 744 2575 quae
772 2515 856 2560 est
888 2519 1077 2574 magna
1104 2515 1159 2560 et
1186 2504 1538 2561 admirabilis.
1571 2507 1767 2577 Majora
1799 2524 1830 2564 a
1872 2510 2027 2567 nobis

441 2596 555 2650 licri
597 2605 812 2665 oportet
857 2611 1015 2666 quam
1059 2612 1181 2666 qua:
1224 2596 1467 2652 fecerunt
1515 2597 1762 2654 Ninivitm
1798 2618 1810 2653 :
1841 2600 2025 2656 Adhuc

437 2696 557 2752 tres,
587 2686 775 2755 inquit,
804 2686 931 2750 dies,
960 2695 1007 2738 et
1036 2684 1225 2740 Ninive
1254 2696 1501 2741 evertetur
1530 2686 1673 2758 (Jan.
1703 2690 1757 2745 5.
1787 2691 1867 2760 4).
1894 2691 2025 2747 Ter-

441 2778 615 2834 ribilis
658 2779 966 2850 prmdicatio
1012 2788 1068 2834 et
1113 2780 1294 2835 multis
1332 2781 1490 2850 plena
1528 2783 1708 2839 minis.
1744 2786 2026 2852 Quomodo

438 2871 580 2924 enim
625 2886 730 2926 non
774 2870 962 2925 fuisset
996 2871 1342 2937 horrendum,
1380 2882 1501 2942 post
1536 2884 1645 2929 tres
1674 2876 1790 2931 dies
1823 2892 2025 2947 exspe-

438 2972 586 3017 ctare
635 2962 822 3017 urbem
875 2962 1078 3031 sibiipsi
1124 2962 1236 3016 fore
1275 2964 1617 3032 sepulcrum,
1664 2976 1720 3021 et
1761 2970 2025 3037 perituros

439 3066 630 3106 ttllllies
666 3068 774 3106 uno
798 3067 998 3122 genere
1025 3053 1313 3122 supplicii?
1350 3053 1404 3109 Si
1444 3056 1586 3111 enim
1610 3059 1825 3127 quando
1846 3062 2021 3114 comi-

442 3143 601 3212 gerit,
630 3159 736 3195 uno
768 3152 1027 3213 tempore,
1061 3145 1112 3199 in
1145 3161 1244 3199 una
1276 3145 1459 3208 domo,
1486 3146 1621 3201 duos
1650 3147 1788 3204 ﬁlios
1820 3153 2018 3221 perire,

439 3243 525 3287 Cal.
564 3233 762 3286 malum
795 3233 1225 3302 intolerandum;
1263 3246 1317 3290 et
1359 3237 1403 3290 si
1443 3236 1580 3293 Jobo
1611 3240 1781 3294 visum
1810 3253 1893 3297 est
1922 3244 2024 3300 hoc

441 3324 670 3379 maxime
694 3325 930 3379 omnium
962 3327 1316 3394 intolerabile,
1344 3329 1482 3398 quod
1510 3346 1672 3400 super
1696 3349 1884 3390 omnes
1905 3338 2021 3404 ejus

439 3414 578 3469 filios
609 3424 806 3470 tectum
835 3417 1128 3485 ceciderit,
1157 3427 1214 3473 et
1239 3420 1316 3475 sic
1345 3418 1452 3473 sint
1483 3424 1785 3494 interempti
1816 3443 1831 3480 :
1863 3429 2020 3497 quid-

442 3532 3155 3563 ———_—_________~____________

2138 479 2260 518 nam
2291 464 2473 521 fuisse!
2497 508 2512 532 ,
2546 468 2725 524 videre
2744 510 2759 534 ,
2789 485 2893 524 non
2924 485 3085 525 unam
3123 471 3345 527 domum
3373 487 3548 544 neque
3579 474 3717 530 duos

2136 556 2292 623 ﬁlios,
2324 559 2416 613 sed
2444 573 2660 627 gentem
2691 570 2907 617 centum
2935 571 2989 617 et
3020 563 3209 634 viginti
3232 564 3469 619 duorum
3490 565 3715 621 millium

2133 648 2235 704 sub
2257 650 2408 703 tectis
2445 649 2737 706 infossam?
2765 652 2924 707 Scitis
2951 663 3209 724 quantum
3237 655 3307 708 sit
3333 655 3554 709 malum.
3582 656 3715 711 Nam

2132 739 2215 793 lue
2261 755 2472 811 quoque
2515 742 2668 798 nobis
2712 758 2882 813 nuper
2922 744 3198 800 intentata:
3224 756 3348 801 sunt
3376 747 3569 813 minae,
3611 764 3717 802 non

2134 831 2388 903 propheta
2417 833 2600 904 aliquo
2619 850 2805 890 vocem
2836 837 3117 893 emittente
3141 854 3156 902 ;
3186 853 3358 908 neque
3395 839 3546 893 enim
3569 839 3713 910 digni

2131 938 2317 979 sumus
2345 927 2433 995 qui
2465 927 2621 981 talem
2648 943 2837 983 vocem
2873 929 3189 995 audiamus;
3220 931 3316 985 sed
3358 933 3547 1000 quavis
3585 933 3713 988 tuba

2131 1013 2515 1083 signiﬁcantius
2533 1016 2692 1071 minis
2705 1018 2856 1073 nobis
2870 1019 3414 1076 vociferantibus.Sed
3432 1023 3568 1077 sicut
3582 1023 3713 1088 dixi,

2136 1103 2312 1157 Adhuc
2321 1107 2921 1174 suuttresdies,etNiniue
2929 1110 3549 1169 subverteturfl'erribiles
3560 1114 3718 1182 plane

2132 1195 2309 1249 mium.
2334 1195 2440 1251 Sed
2476 1212 2618 1252 nunc
2654 1199 2783 1253 nihil
2818 1208 2899 1255 est
2946 1202 3072 1257 tale.
3093 1202 3209 1257 Non
3237 1204 3380 1258 enim
3402 1203 3577 1259 adhuc
3606 1214 3717 1261 tres

2131 1285 2267 1353 dies,
2287 1301 2463 1356 neque
2479 1287 2669 1344 Ninive
2692 1291 3052 1359 subvertetur,
3069 1293 3161 1348 sed
3185 1293 3336 1348 multi
3360 1304 3489 1350 sunt
3509 1295 3627 1351 dies
3649 1312 3713 1351 ex

2130 1392 2238 1446 quo
2253 1377 2670 1435 orbistemrum
2692 1380 2928 1437 Ecclesia
2944 1392 2999 1438 et
3015 1392 3098 1438 est
3110 1399 3294 1439 eversa
3312 1398 3366 1440 et
3374 1385 3675 1455 jacethumi
3696 1429 3712 1451 ,

2132 1470 2381 1526 omnibus
2393 1472 2593 1541 pariter
2607 1474 2748 1529 malo
2758 1474 3006 1535 detentis.
3024 1477 3375 1547 magisautem
3388 1476 3475 1542 iis,
3488 1492 3713 1549 quorum

2130 1572 2215 1617 est
2234 1579 2428 1618 munus
2448 1580 2633 1636 regere
2664 1587 2677 1623 :
2709 1567 2850 1623 unde
2879 1569 3038 1624 etiam
3069 1571 3240 1639 majus
3254 1579 3334 1626 est
3352 1571 3572 1635 malum,
3609 1589 3718 1643 quo

2131 1657 2303 1726 major
2324 1667 2409 1712 est
2430 1658 2550 1728 ejus
2581 1661 2894 1716 necessitas.
2922 1660 3102 1718 Nolite
3128 1677 3259 1733 ergo
3289 1663 3469 1719 mirari
3498 1665 3543 1720 si
3570 1667 3715 1720 suasi

2131 1747 2333 1817 majora
2381 1748 2560 1805 facere
2603 1766 2764 1821 quam
2806 1751 3054 1808 Ninivitm
3099 1753 3200 1809 bac
3245 1754 3315 1809 de
3356 1770 3564 1811 causa:
3609 1756 3719 1810 inm

2132 1854 2264 1895 vero
2302 1855 2407 1894 non
2450 1856 2595 1896 nunc
2633 1842 2809 1897 solum
2851 1844 3091 1914 praedico
3127 1845 3390 1915 jejunium
3416 1887 3436 1915 ,
3480 1847 3575 1903 sed
3614 1847 3719 1905 hoc

2131 1932 2292 1986 etiam
2339 1932 2521 1988 indico
2559 1933 3045 2002 medicamentum,
3085 1938 3230 2009 quod
3259 1938 3404 1993 illam
3431 1939 3715 1995 cadentem

2130 2023 2303 2077 erexit
2349 2023 2640 2081 civitatem.
2688 2025 2966 2093 Quodnam
3014 2037 3195 2083 autem
3236 2038 3321 2084 est
3364 2028 3505 2084 hoc?
3544 2029 3717 2098 Vidit,

2132 2116 2335 2185 inquit,
2366 2114 2617 2171 Dominus
2636 2158 2651 2183 ,
2676 2117 2813 2186 quod
2838 2119 3182 2189 unusquisque
3208 2121 3411 2175 recessit
3435 2137 3469 2175 a
3494 2122 3589 2176 uiis
3613 2125 3719 2178 suis

2132 2207 2301 2271 matis,
2334 2217 2381 2261 et
2406 2223 2519 2261 eum
2551 2208 2777 2277 paenituit
2805 2209 2869 2263 de
2895 2210 3033 2264 malo
3058 2211 3197 2278 quod
3223 2212 3354 2266 dixit
3379 2229 3434 2267 se
3458 2215 3717 2284 {acturum

2130 2300 2220 2355 eis.
2256 2301 2367 2355 Hoc
2387 2316 2607 2371 agamus
2631 2310 2686 2356 et
2712 2315 2809 2355 nos
2834 2311 2889 2356 et
2920 2317 3014 2356 vos
3043 2319 3059 2357 :
3089 2304 3405 2360 recedamus
3430 2305 3500 2361 ab
3525 2322 3712 2364 amore

2135 2392 2397 2460 pecuniae,
2418 2392 2486 2446 ab
2505 2406 2688 2446 amore
2707 2392 2914 2462 gloriae,
2944 2406 3193 2464 rogantes
3221 2395 3384 2450 Deum
3416 2407 3474 2451 ut
3502 2414 3716 2454 mamnn

2133 2481 2289 2537 nobis
2320 2482 2592 2553 porrigat,
2633 2492 2691 2538 et
2728 2483 2966 2538 membra
3008 2501 3129 2555 quae
3172 2486 3484 2543 ceciderunt
3526 2492 3715 2560 erigat.

2130 2575 2311 2646 Neque
2356 2576 2499 2631 enim
2540 2586 2665 2631 sunt
2708 2576 2895 2632 eadem
2941 2578 3096 2633 nobis
3128 2578 3385 2635 timenda.
3430 2581 3562 2637 Nam
3594 2592 3721 2640 tunc

2127 2666 2342 2737 quidem
2363 2666 2538 2721 casuri
2561 2677 2716 2722 erant
2738 2666 2942 2736 lapides
2967 2680 3022 2724 et
3050 2669 3217 2740 ligna,
3241 2682 3293 2726 et
3317 2687 3542 2743 corpora
3559 2683 3717 2729 erant

2127 2760 2482 2816 interimenda
2526 2778 2541 2814 :
2573 2774 2717 2815 nunc
2743 2770 2922 2815 autem
2953 2761 3086 2816 nihil
3129 2762 3317 2817 borum
3343 2805 3359 2830 ,
3390 2765 3488 2821 sed
3525 2767 3720 2822 anima:

2125 2861 2254 2907 sum
2292 2849 2565 2906 tradenda:
2610 2850 2716 2921 igni
2758 2852 3041 2921 gehennae.
3098 2851 3408 2923 Rogemus,
3449 2857 3724 2925 praeterita

2127 2943 2501 3007 conliteamur,
2530 2956 2628 3010 pro
2654 2940 2848 2995 futuris
2877 2943 3229 3010 postulemus,
3264 2952 3323 2998 ut
3347 2944 3493 3015 digni
3524 2946 3719 3002 habea-

2128 3051 2282 3101 mur,
2310 3035 2399 3104 qui
2430 3034 2499 3088 ab
2538 3032 2639 3087 hac
2666 3033 2871 3088 crudeli
2898 3044 2955 3089 et
2996 3034 3216 3089 immani
3255 3036 3424 3091 bestia
3466 3039 3715 3105 liberati,

2127 3128 2326 3196 gratias
2369 3125 2680 3180 emittanms
2728 3124 2959 3195 benigno
3003 3126 3119 3182 Deo
3150 3138 3205 3183 et
3246 3128 3388 3182 Patri
3413 3170 3429 3191 .
3459 3144 3581 3183 cum
3610 3146 3719 3201 quo

2128 3219 2266 3274 Filio
2305 3218 2465 3273 simul
2507 3233 2629 3273 cum
2661 3227 2847 3272 saneto
2889 3217 3091 3289 Spiritu
3131 3220 3338 3289 gloria,
3381 3222 3624 3291 putentia
3660 3237 3717 3278 et

2128 3312 2334 3377 honor,
2377 3326 2520 3367 nunc
2556 3321 2612 3368 et
2654 3326 2903 3382 semper,
2936 3322 2993 3368 et
3035 3312 3088 3366 in
3129 3315 3323 3369 macula
3373 3316 3715 3371 saeculorum.

2128 3406 2321 3458 Amen.

3216 3528 3701 3562 ..σ--Δ--η

1829 3606 2179 3674 HOMILIA
2219 3610 2336 3671 XI.

439 3736 566 3790 CAP.
595 3736 646 3791 4.
676 3754 728 3790 v.
758 3739 811 3792 4.
844 3737 1013 3793 Unum
1053 3755 1241 3808 corpus
1284 3751 1330 3794 et
1370 3759 1498 3796 unus
1541 3745 1749 3814 spiritus
1769 3787 1786 3812 ,
1817 3748 1947 3800 sicut
1980 3759 2027 3803 et

508 3829 671 3881 uocati
707 3830 823 3882 estis
866 3831 917 3882 in
957 3846 1062 3883 una
1102 3847 1191 3901 spe
1232 3833 1508 3887 uocationis
1538 3846 1714 3891 vestrm
1753 3852 1773 3891 :
1804 3839 1859 3893 5.
1892 3855 2028 3893 unus

511 3917 781 3996 Dominus,
811 3937 912 3974 una
937 3921 1085 3989 ﬁdes,
1114 3938 1273 3975 unum
1296 3921 1546 3994 baptisma
1578 3942 1597 3979 :
1626 3927 1679 3981 ϐ.
1711 3944 1844 3983 unus
1882 3928 2022 3986 Deus

508 4023 555 4066 et
589 4011 745 4066 Pater
769 4014 994 4068 omnium
1011 4056 1026 4081 ,
1049 4015 1137 4083 qui
1156 4024 1228 4069 est
1247 4032 1399 4086 super
1424 4034 1616 4084 ontncs,
1644 4029 1693 4072 et
1721 4037 1811 4089 per
1833 4023 2025 4088 omnia,

511 4114 559 4158 et
588 4104 640 4158 in
672 4106 922 4159 omnibus.
955 4107 1010 4163 7.
1044 4104 1329 4173 Unicuique
1353 4119 1522 4162 autem
1551 4120 1779 4165 nostrum
1808 4111 1931 4167 data
1952 4123 2026 4168 est

509 4200 674 4268 gratia
712 4199 988 4253 secundum
1016 4216 1303 4254 mensuram
1327 4200 1616 4256 donationis
1639 4202 1846 4257 Christi.

513 4293 566 4347 Ι.
586 4293 875 4348 Caritatem
899 4294 1089 4363 qmerit
1113 4311 1142 4348 a
1163 4294 1318 4349 nobis
1342 4295 1558 4362 Paulus,
1586 4313 1689 4351 non
1708 4299 2025 4369 quamlibet,

439 4383 536 4439 sed
565 4400 684 4455 quae
713 4399 812 4440 nos
840 4385 1188 4455 conglutinet,
1235 4397 1291 4442 et
1330 4386 1527 4444 efﬁciat
1555 4398 1613 4441 ut
1635 4389 1773 4445 alter
1798 4391 1851 4444 in
1889 4393 2027 4448 alte-

441 4494 558 4532 rum
592 4479 660 4531 ita
690 4494 787 4533 nos
821 4476 1110 4533 habeamus
1135 4519 1150 4543 ,
1186 4487 1244 4532 nt
1279 4478 1460 4534 divelli
1490 4495 1596 4535 non
1639 4483 1905 4550 possimus
1926 4526 1940 4548 ,
1975 4495 2031 4540 et

440 4585 560 4640 qua:
587 4579 783 4624 tantam
811 4581 865 4625 et
893 4580 998 4624 tam
1030 4581 1273 4626 exactam
1303 4572 1538 4641 prmbeat
1565 4576 2025 4645 conjunctionem,

438 4671 635 4731 quanta
665 4672 750 4718 est
775 4663 1138 4718 membrorum
1167 4678 1287 4718 cum
1312 4664 1589 4720 membris.
1620 4667 1746 4723 Hmc
1775 4670 1916 4724 enim
1946 4681 2031 4726 est

442 4769 563 4818 quae
609 4769 800 4823 magna
848 4762 1104 4819 operatur
1148 4755 1309 4810 bona.
1351 4756 1640 4826 Propterea
1678 4761 1828 4829 dicit,
1860 4760 2027 4816 Unum

438 4862 644 4915 corpus,
675 4855 729 4900 et
752 4854 975 4917 propter
1002 4860 1350 4913 consensum,
1374 4857 1430 4902 et
1452 4849 1592 4918 quod
1620 4850 1845 4906 aliorum
1876 4854 2028 4908 bonis

443 4956 549 4992 ttnn
582 4938 868 5007 inhicmus,
892 4947 946 4994 et
969 4938 1109 5009 quod
1137 4940 1292 4994 simul
1323 4942 1582 4996 laetemur.
1612 4944 1678 4998 Et
1704 4958 1824 4999 cum
1849 4948 2027 5001 omnia

440 5030 600 5085 simul
633 5046 727 5101 per
773 5031 874 5086 hoc
921 5032 1264 5093 ostendisset,
1315 5033 1537 5103 pulchre
1581 5035 1734 5100 dixit,
1786 5036 1854 5091 Et
1898 5055 2029 5093 unus

440 5123 680 5189 spiritus,
721 5122 1009 5177 estcndens
1050 5123 1190 5191 quod
1231 5123 1300 5177 ab
1341 5140 1447 5179 uno
1488 5141 1715 5196 corpore
1748 5129 1851 5182 erit
1892 5146 2028 5183 unus

440 5214 661 5282 spiritus
705 5231 720 5269 :
763 5214 1025 5283 autquod
1057 5214 1171 5268 ﬁeri
1206 5216 1372 5284 possit
1418 5228 1472 5271 ut
1502 5218 1569 5272 sit
1600 5219 1815 5289 quidem
1862 5237 2026 5275 unum

439 5319 659 5373 corpus,
685 5321 793 5359 non
818 5320 955 5359 ιιιιιιε
981 5315 1158 5361 autem
1182 5307 1402 5375 spiritus
1432 5326 1445 5363 :
1480 5319 1539 5364 ut
1566 5311 1610 5365 si
1638 5312 1758 5381 quis
1793 5313 1862 5367 sit
1894 5314 2029 5366 ami-

440 5410 535 5449 cus
569 5397 942 5452 haereticorum
976 5415 989 5450 :
1021 5406 1114 5452 aut
1143 5414 1210 5453 ex
1247 5399 1339 5453 illo
1370 5401 1628 5470 pudorem
1658 5404 1845 5458 incutit
1872 5414 1929 5458 nt
1958 5404 2024 5458 ad

442 5489 784 5551 concordiam
815 5491 1060 5546 veniatur
1084 5532 1099 5556 ,
1134 5508 1360 5561 nempe,
1404 5495 1493 5564 qni
1544 5511 1706 5550 unum
1748 5498 2031 5566 accepistis

440 5583 685 5652 spiritum
710 5622 729 5651 ,
772 5593 827 5639 et
866 5600 932 5639 ex
963 5599 1069 5638 uno
1107 5585 1255 5639 futile
1298 5589 1458 5656 putati
1488 5588 1619 5641 estis
1639 5629 1654 5654 ,
1687 5603 1790 5642 non
1822 5588 2030 5643 debetis

443 5672 729 5730 dissentire
756 5694 771 5730 :
800 5685 894 5729 aut
921 5675 1167 5745 spiritum
1199 5674 1288 5730 hic
1316 5674 1448 5731 dicit
1474 5677 1809 5732 alacritatem
1837 5679 2027 5733 animi.

447 5765 646 5822 mimle
692 5767 1048 5839 subjtmgens,
1093 5767 1236 5824 Sicut
1275 5778 1321 5822 et
1352 5768 1513 5822 vocati
1542 5770 1677 5836 estis,
1718 5770 1922 5839 inquit,
1966 5768 2027 5825 In

2135 3768 2239 3804 una
2262 3766 2350 3819 spe
2371 3747 2646 3803 vocationis
2671 3757 2864 3802 vestrm.
2888 3748 3002 3805 [Ioc
3026 3760 3130 3816 est,
3156 3750 3296 3806 Deus
3322 3765 3416 3806 vos
3439 3750 3509 3806 ad
3527 3749 3718 3806 eadem

2133 3842 2375 3907 vocavit,
2419 3840 2552 3895 nihil
2583 3839 2737 3895 alteri
2767 3842 2886 3911 plus
2918 3843 3106 3898 tribuit
3133 3859 3292 3915 quam
3320 3844 3474 3900 alteri
3499 3861 3515 3900 :
3545 3844 3717 3899 enmi-

2134 3932 2234 3988 bus
2261 3933 2734 3999 immortalitatem,
2766 3934 3015 3989 omnibus
3042 3935 3203 3990 vitam
3229 3946 3514 4002 :eternam,
3536 3936 3718 3991 omni-

2134 4024 2234 4080 bus
2278 4025 2501 4095 gloriam
2550 4025 2941 4092 immortalem,
2990 4029 3238 4084 omnibus
3284 4027 3674 4086 fraternitatem
3700 4070 3722 4097 ,

2133 4118 2386 4172 omnibus
2414 4117 2632 4173 donavit
2663 4118 3028 4174 hereditatem.
3064 4112 3259 4176 Factus
3304 4131 3388 4177 est
3432 4136 3721 4178 commune

2133 4208 2371 4262 omnium
2400 4218 2558 4279 caput
2581 4249 2599 4276 ,
2625 4223 2813 4264 omnes
2841 4210 2998 4264 simul
3026 4212 3308 4266 suscitavit
3333 4221 3389 4268 et
3422 4213 3721 4269 consedero

2135 4300 2279 4356 fecit.
2306 4300 2406 4369 Qui
2433 4316 2561 4373 ergo
2601 4301 2652 4355 in
2680 4301 3045 4372 spiritualibus
3076 4303 3515 4367 babetistantam
3542 4304 3723 4359 bono-

2134 4391 2207 4445 ris
2244 4391 2621 4460 aequalitatem,
2656 4391 2920 4447 undenam
2947 4393 3272 4450 extollimini
3303 4403 3358 4449 et
3380 4396 3672 4466 superbitis
3696 4398 3721 4449 ’ἒ

2134 4483 2275 4555 quod
2303 4484 2390 4538 hic
2416 4484 2485 4538 sit
2508 4484 2680 4550 dives,
2702 4484 2843 4553 quod
2874 4486 2975 4539 iste
3005 4484 3197 4540 fortis?
3225 4494 3277 4542 et
3301 4486 3577 4557 quomodo
3602 4501 3707 4542 non

2134 4577 2240 4630 sint
2271 4576 2384 4630 haec
2414 4576 2679 4630 ridicula?
2714 4575 2846 4630 Nam
2875 4577 2961 4633 dic
2990 4578 3142 4645 mihi,
3173 4579 3333 4647 si'rex
3359 4588 3455 4633 aut
3480 4579 3720 4648 impera-

2137 4676 2219 4721 tor
2243 4666 2428 4721 decem
2458 4667 2704 4721 homines
2730 4669 3034 4736 acceperit,
3069 4680 3122 4724 et
3149 4685 3338 4726 onmes
3368 4686 3600 4742 purpura
3632 4671 3718 4725 in-

2134 4758 2332 4821 duerit,
2361 4768 2415 4813 et
2437 4758 2490 4812 in
2514 4760 2708 4814 throno
2735 4761 2898 4829 regali
2927 4760 3119 4816 sedere
3147 4761 3356 4830 fecerit,
3395 4773 3449 4818 et
3471 4762 3725 4819 eumdem

2135 4850 2382 4905 omnibus
2409 4850 2667 4904 honorem
2697 4851 2940 4914 dederit,
2974 4868 3208 4909 aususue
3252 4854 3413 4910 fuerit
3457 4855 3722 4925 quispiam

2135 4942 2461 5009 exprobrare
2503 4941 2681 5005 alteri,
2725 4950 2783 4995 ut
2820 4943 2911 5012 qui
2958 4944 3028 4997 sit
3073 4943 3270 5012 ditior,
3320 4956 3412 5000 aut
3450 4958 3508 4999 ut
3534 4946 3624 5014 qui
3655 4947 3727 5001 sit

2136 5031 2431 5087 illustrior?
2469 5032 2706 5087 Minime.
2756 5032 2941 5103 Neque
2982 5034 3159 5089 adhuc
3198 5044 3367 5090 totum
3412 5036 3568 5092 dixi:
3614 5051 3725 5092 non

2138 5134 2344 5178 tantum
2368 5123 2511 5177 enim
2538 5134 2621 5179 est
2644 5122 2953 5179 discrimen.
2978 5124 3112 5180 Num
3143 5142 3269 5198 ergo
3300 5127 3351 5181 in
3379 5127 3524 5182 caelis
3547 5142 3729 5198 aequa-

2139 5217 2217 5271 les
2244 5231 2429 5270 sumus
2450 5257 2465 5281 ,
2498 5225 2554 5271 et
2583 5214 2719 5270 infra
2750 5215 3083 5272 diﬁ‘erimus?
3117 5217 3261 5273 {Inus
3300 5218 3588 5285 Dominus,
3620 5239 3728 5275 una

2137 5311 2298 5380 ﬁdes,
2348 5326 2505 5364 unum
2546 5309 2816 5382 baptisma.
2864 5311 3004 5367 Ecce
3044 5326 3167 5382 spes
3211 5314 3527 5370 vocationis.
3579 5312 3728 5369 Unus

2142 5404 2275 5458 Deus
2301 5413 2348 5458 et
2374 5403 2532 5457 Pater
2558 5403 2801 5465 omnium,
2821 5407 2903 5471 qui
2924 5413 2997 5458 est
3019 5420 3171 5474 super
3198 5421 3390 5469 omnes,
3421 5416 3467 5460 et
3499 5420 3588 5473 per
3612 5421 3727 5458 om-

2140 5496 2244 5560 nia,
2278 5504 2324 5548 et
2347 5495 2400 5548 in
2429 5495 2679 5548 omnibus.
2707 5494 2843 5548 Num
2878 5494 2973 5549 tibi
3001 5495 3216 5566 quidem
3247 5497 3450 5566 major,
3485 5497 3562 5550 iili
3598 5511 3729 5552 vero

2140 5586 2314 5639 minor
2360 5594 2444 5640 est
2483 5584 2803 5639 invocatus?
2850 5599 2977 5639 num
3024 5594 3078 5639 tu
3119 5586 3336 5655 quidem
3379 5602 3445 5641 ex
3475 5585 3603 5650 ﬁde,
3635 5585 3727 5640 ille

2139 5692 2268 5732 vero
2294 5692 2359 5731 ex
2390 5677 2643 5746 operibus
2670 5677 2838 5732 factus
2860 5685 2945 5732 est
2969 5678 3189 5733 salvus?
3230 5695 3357 5734 num
3385 5679 3477 5733 tibi
3505 5677 3725 5748 quidem
3752 5742 3757 5747 ι

2140 5770 2420 5826 remissum
2448 5777 2529 5826 est
2558 5780 2833 5840 peccatum
2875 5785 2970 5840 per
2995 5771 3349 5841 baptismum,
3389 5770 3466 5826 illi
3491 5784 3620 5827 vero
3650 5768 3749 5825 ni-‘
