4092 6492
264 350 324 408 70
1135 340 1203 401 IN
1244 344 1460 399 EPIST.
1505 344 1594 398 AD
1635 342 1803 398 EPIIE

1913 343 2063 398 CAP.
2103 343 2191 398 IV.
2240 341 2476 398 ΙΙΟΜΙΙ..
2519 343 2610 398 XI.
3429 348 3501 403 80

261 461 585 534 ίατρευὸντων
613 459 706 510 καὶ
735 457 917 510 αὐτῶν
949 459 1050 526 τῆς
1083 459 1283 530 ἐτέρων
1310 460 1578 529 δεομένων
1601 459 1802 531 χειρός;

258 547 422 601 Ταῦτα
446 545 538 612 οὐχ
568 541 754 604 ἁπλῶς
795 539 972 601 εἷπον,
1007 541 1129 596 οὑδέ
1159 547 1337 612 μάτην
1365 544 1653 615 ὀδύρομαι,
1688 545 1803 597 ἀλλ’

259 633 332 684 ἶνα
357 628 496 696 κοινῇ
525 626 721 687 πάντες
755 624 896 694 μετά
924 625 1202 692 γυναικῶν
1231 627 1326 680 καὶ
1372 627 1576 681 παίδων
1610 628 1805 682 σποδὸν

257 710 701 778 καταπασάμενοι,
726 710 822 761 καὶ
845 710 1049 761 σάκκον
1071 709 1530 781 περιζωσάμενοι,
1550 711 1805 779 νηστείαν

255 794 602 862 ἐπιτείνωμεν,
653 791 743 844 τὸν
796 792 928 845 Θεὸν
975 794 1453 864 παρακαλέσωμεν
1482 796 1644 848 αὐτὸν
1675 798 1805 866 ἡμῖν

256 883 389 951 χεῖρα
419 876 618 947 ὀρέξαι,
650 875 746 928 καὶ
782 875 973 930 σϐέσαι
1005 877 1067 928 τὸ
1091 877 1283 932 δεινόν.
1313 879 1424 949 Τῆς
1459 881 1566 950 γάρ
1594 881 1806 932 ἐκείνου

259 961 412 1030 χειρὸς
438 961 602 1021 ὄντως
642 959 826 1029 χρεία,
881 960 982 1028 τῆς
1022 962 1287 1032 μεγάλης,
1334 963 1431 1030 τῆς
1461 963 1801 1032 θαυμαστῆς.

258 1045 464 1108 Μείζονα
505 1042 614 1094 τῶν
666 1043 971 1096 Νινευϊτῶν
1027 1045 1281 1112 γενέσθαι
1331 1045 1410 1099 δεῖ
1461 1047 1594 1116 παρ’
1622 1046 1802 1116 ἡμῶν.

262 1130 362 1180 Ἔτι
389 1127 538 1196 τρεῖς
568 1126 802 1194 ἡμέραι,
833 1129 989 1198 φησὶ,
1022 1129 1122 1183 καί
1149 1132 1359 1184 Νινευῖ
1384 1132 1806 1200 καταστραφή-

256 1225 420 1264 σεται.
448 1207 679 1278 Φοϐερὸν
714 1209 777 1261 τὸ
807 1211 1091 1281 κήρυγμα,
1132 1211 1227 1263 καὶ
1261 1211 1462 1281 πολλῆς
1505 1213 1672 1283 γέμον
1706 1213 1807 1282 τῆς

256 1292 487 1360 ἀπειλῆς·
544 1290 664 1354 πῶς
701 1291 812 1362 γάρ
842 1292 902 1346 οῦ
935 1312 948 1356 ς
993 1294 1133 1364 μετὰ
1164 1299 1312 1367 τρεῖς
1337 1296 1553 1367 ἡμέρας
1579 1297 1807 1367 προσδο-

255 1377 340 1444 κᾷν
364 1373 453 1444 τὴν
481 1373 635 1426 πόλιν
662 1375 850 1438 αὐτοῖς
879 1377 1100 1430 ἔσεσθαι
1139 1379 1328 1446 τάφον,
1358 1379 1455 1432 καὶ
1492 1382 1594 1451 μιᾷ
1637 1399 1686 1433 τι
1697 1399 1808 1452 μω-

257 1461 357 1523 ρίας
386 1458 488 1529 ἰδέα
518 1458 730 1520 πάντας
790 1460 1110 1515 ἀπολέσθαι.
1173 1464 1236 1514 Εἰ
1291 1462 1401 1534 γάρ
1448 1465 1576 1517 ὅταν
1624 1465 1805 1536 συμϐῇ

254 1543 374 1595 κατὰ
406 1543 489 1594 τὸν
518 1543 714 1612 καιρὸν
739 1543 798 1595 ἐν
825 1547 973 1618 οἰκίᾳ
1008 1549 1104 1619 μιᾷ
1138 1547 1230 1601 δύο
1260 1549 1459 1613 παῖδας
1482 1549 1804 1615 ἀπολέσθαι,

254 1628 495 1698 ἀφόρητον
525 1631 741 1696 γίνεται
776 1631 838 1684 τὸ
887 1631 1081 1692 δεινὸν,
1118 1636 1215 1688 καὶ
1267 1637 1315 1687 εἰ
1371 1634 1450 1703 τῷ
1484 1634 1604 1687 Ἰὼϐ
1649 1633 1808 1686 τοῦτο

259 1710 460 1775 μάλιστα
514 1713 745 1766 πάντων·
798 1715 977 1779 ἔδοξεν
1022 1712 1162 1769 εἶναι
1202 1718 1498 1788 ἀφόρητον,
1529 1718 1611 1769 ὅτι
1641 1718 1806 1769 πᾶσιν

255 1793 392 1845 αὐτοῦ
420 1798 520 1858 τοῖς
547 1799 740 1849 παισὶν
776 1798 971 1849 ἔπεσεν
1002 1811 1026 1838 ει
1059 1801 1086 1852 6
1115 1799 1330 1868 ὄροφος,
1370 1801 1462 1853 καὶ
1504 1801 1676 1863 οὕτως
1712 1802 1807 1852 ἀν-

254 1877 493 1946 ῃρέθησαν
513 1895 524 1906 ·
560 1881 614 1932 τί
644 1877 733 1950 ἦν,
768 1881 897 1934 ἰδεῖν
928 1883 996 1934 οίῑ
1026 1883 1154 1954 μίαν
1182 1885 1381 1945 οὶκίαν,
1417 1885 1537 1938 ούδέ
1557 1885 1650 1938 δύο
1679 1887 1806 1938 παῖ-

256 1959 360 2022 δας,
392 1961 490 2012 ἀλλ’
530 1962 687 2027 ἔθνος
731 1964 946 2017 δώδεκα
995 1968 1275 2036 μυριάδων
1311 1969 1417 2021 ὑπὸ
1449 1968 1559 2020 τῶν
1591 1969 1806 2038 ὀρόφων

264 2044 744 2116 καταχωννύμενονς
789 2050 932 2100 Ἴστε
988 2050 1175 2120 ἡλίκον
1205 2052 1266 2103 τὸ
1315 2051 1509 2106 δεινόν.
1557 2055 1668 2106 Καὶ
1697 2053 1806 2123 γὰρ

263 2128 347 2178 καῖ
371 2129 482 2196 ἡμῖν
510 2129 706 2200 πρώην
741 2129 880 2201 αὕτη
926 2131 1152 2200 γέγονεν
1187 2135 1218 2204 ἡ
1248 2135 1468 2206 ἀπειλὴ,
1503 2137 1563 2188 ού
1596 2137 1809 2206 προφήο

255 2225 334 2260 του
354 2211 476 2272 τινὸς
524 2214 716 2282 φωνὴν
748 2214 1003 2282 ἀφιέντος
1045 2217 1125 2284 (ού
1170 2218 1280 2289 γάρ
1314 2218 1452 2284 ἄξιοι
1495 2221 1657 2290 ἡμεῖς
1695 2238 1806 2273 τοι-

250 2291 396 2362 αύτης
418 2295 648 2349 ἀκοῦσαι
678 2299 911 2368 φωνῆς),
931 2300 1069 2352 ἀλλά
1104 2301 1286 2373 πάσης
1315 2303 1615 2372 σάλπιγγος
1645 2304 1809 2374 εὐση-

250 2376 450 2448 μότερον
475 2380 571 2451 τῆς
625 2381 838 2436 ἀνωθεν
869 2384 1104 2454 ἀπειλῆς
1159 2386 1604 2457 ἀνακραγούσης.
1644 2387 1804 2450 Ἀλλ’,

245 2459 363 2530 ὅπερ
391 2461 539 2532 ἔφην,
567 2463 708 2518 Ἔτι
767 2468 922 2535 τρεῖς
963 2468 1201 2538 ἡμέραι,
1238 2471 1396 2540 φησὶ,
1451 2472 1550 2525 καὶ
1606 2471 1815 2526 Νινευτ

243 2547 807 2616 καταστραφήσεται.
861 2551 1076 2622 Φοϐερά
1109 2553 1281 2616 ὅντως
1325 2556 1358 2625 ἡ
1401 2554 1622 2626 ἀπειλή.
1672 2554 1810 2608 Ἀλλ’

242 2627 376 2681 οὐδὲν
415 2632 658 2686 τοιοῦτόν
707 2635 826 2688 ἐστι
860 2635 977 2690 νῦν.
1025 2637 1102 2690 Οὐ
1149 2637 1257 2708 γάρ
1288 2637 1369 2692 ἔτι
1401 2642 1551 2710 τρεῖς
1581 2640 1811 2711 ἡμέραι,

292 2815 316 2844 δ
344 2806 536 2857 Rectius
551 2818 812 2873 sumptum
837 2814 1010 2863 fuisset
1033 2815 1281 2864 ἐπέπεσεν.

1909 460 2028 513 οὐδὲ
2069 459 2259 513 Νινευῒ
2289 461 2834 530 καταστραφήσεται,
2869 459 3009 512 άλλά
3057 460 3252 514 πολλαὶ
3289 462 3498 534 ἡμέραι

1907 542 1967 606 ἐξ
1996 537 2056 595 οῦ
2084 543 2181 612 τῆς
2211 543 2540 612 οἰκουμένης
2565 544 2597 613 ἡ
2627 541 2925 612 Ἐκκλησία
2950 543 3382 614 κατέστραπται,
3403 548 3498 600 καὶ

1908 628 1988 688 εἰς
2024 626 2220 693 ἔδαφος
2251 629 2451 687 κεῖται,
2483 627 2703 679 πάντων
2735 625 2796 690 ἐξ
2822 626 2942 696 ἴσης
2965 626 3042 696 τῷ
3077 627 3233 696 κακῷ
3268 645 3493 700 κατεχοο

1859 727 1875 750 ι
1911 710 2109 778 μένων,
2161 709 2359 779 μᾶλλον
2403 709 2459 762 δὲ
2505 709 2614 762 τῶν
2650 710 2707 760 ὲν
2731 709 2930 780 ἀρχαῖς
2965 709 3136 762 ὄντων
3164 714 3279 773 τοῖς
3311 707 3499 775 αὗτοῖς

1909 792 2247 846 ὑπευθύνων·
2309 792 2432 846 ὅθεν
2491 794 2586 844 καὶ
2644 793 2707 844 τὸ
2769 793 2940 846 κακὸν
3001 797 3204 863 χεῖρον,
3238 796 3348 865 ὅσῳ
3401 795 3496 848 καὶ

1909 876 2108 928 πλείων
2138 876 2323 938 αὐτοῖς
2359 878 2390 944 ἡ
2437 875 2677 945 ἀνάγκη.
2711 877 2801 945 Μὴ
2834 877 3017 928 τοίνυν
3046 878 3367 948 θαυμάσητε
3407 877 3498 933 διὰ

1907 960 1961 1012 τί
1987 960 2210 1030 μείζονα
2239 960 2524 1030 παρῄνεσα
2559 961 2733 1012 ποιεῖν
2760 959 2868 1011 τῶν
2899 959 3201 1012 Νινευῖτῶν
3221 978 3236 991 ·
3293 961 3494 1030 μᾶλλον

1907 1044 1962 1097 δὲ
1993 1045 2054 1096 οὐ
2086 1044 2340 1114 νηστείαν
2377 1043 2637 1114 κηρύττω
2663 1044 2758 1096 νῦν
2791 1044 2972 1114 μόνον,
3005 1045 3140 1098 ἀλλὰ
3173 1047 3234 1098 τὸ
3271 1047 3498 1117 φάρμα-

1910 1147 2005 1182 κον
2035 1131 2214 1182 ἐκεῖνο
2249 1129 2630 1200 ὑποδείκνυμι,
2660 1129 2687 1182 ὃ
2717 1131 2810 1182 καὶ
2847 1130 2946 1200 τὴν
2973 1129 3131 1182 πόλιν
3163 1130 3379 1200 ἐκείνην
3407 1130 3499 1184 πί-

1909 1229 2150 1265 πτουσαν
2184 1214 2469 1281 ἀνέστησε.
2509 1215 2669 1265 Ποῖον
2720 1213 2784 1284 δὴ
2814 1211 3007 1275 τοῦτο;
3068 1209 3207 1266 Εἵδε
3258 1214 3496 1282 Κύριος,

1910 1298 2096 1366 φησὶν,
2135 1297 2225 1350 ὅτι
2250 1296 2484 1363 ἀπέστη
2517 1296 2777 1362 ἕκαστος
2807 1297 2926 1349 ἀπὸ
2966 1295 3083 1348 τῶν
3115 1295 3272 1349 ὁδῶν
3309 1297 3500 1352 αὑτοῦ

1910 1379 2030 1433 τῶν
2081 1380 2386 1449 πονηρῶν,
2439 1381 2539 1433 καὶ
2581 1381 2955 1449 μετενόησεν
2991 1380 3089 1432 ἐπὶ
3122 1378 3196 1447 τῇ
3225 1381 3424 1446 κακίᾳ.
3459 1374 3500 1451 ᾖ

1908 1463 2178 1532 ἐλάλησε
2219 1464 2469 1532 ποιῆσαι
2504 1464 2732 1530 αὐτοῖς.
2795 1462 2967 1516 Τοῦτο
3015 1465 3350 1535 πράττωμεν
3403 1465 3499 1517 καὶ¹

1909 1551 2072 1620 ἡμεῖς
2126 1550 2221 1603 καὶ
2276 1551 2468 1619 ὑμεῖς·
2504 1549 2834 1618 ἀποστῶμεν
2880 1546 2977 1600 τοῦ
3030 1549 3142 1601 τῶν
3197 1549 3500 1620 χρημάτων

1913 1635 2133 1704 ἔρωτος,
2181 1632 2274 1686 τοῦ
2330 1633 2428 1701 τῆς
2463 1631 2642 1702 δόξης,
2697 1631 3148 1702 παρακαλοῦντες
3205 1633 3299 1684 τὸν
3364 1631 3500 1684 Θεὸν

1911 1721 2068 1788 χεῖρα
2101 1717 2308 1785 ὀρέξαι,
2347 1718 2438 1769 καὶ
2472 1717 2828 1786 διαναστῆσαι
2861 1718 2928 1770 τὰ
2980 1717 3308 1770 πεπτωκότα
3339 1716 3497 1786 μέλη.

1912 1800 2046 1854 υὺδέ
2087 1802 2195 1870 γὰρ
2242 1801 2380 1868 ὑπὲρ
2411 1800 2518 1851 τῶν
2544 1800 2728 1852 αὐτῶν
2773 1801 2801 1852 6
2835 1800 3017 1868 φόϐος.
3076 1800 3211 1853 Τότε
3262 1800 3362 1869 μὲν
3391 1797 3500 1870 γὰρ

1911 1883 2048 1936 λίθοι
2100 1885 2195 1936 καὶ
2251 1882 2384 1948 ξύλα
2421 1884 2788 1936 καταπίπτειν
2829 1883 3078 1954 ἔμελλον,
3133 1885 3227 1936 καὶ
3271 1882 3501 1952 σώματα

1912 1966 2028 2039 [80]
2062 1966 2437 2038 ἀναιρεῖσθαι·
2497 1967 2590 2020 νῦν
2618 1968 2673 2021 δὲ
2707 1968 2916 2021 τούτων
2943 1969 3119 2034 οὐδὲν,
3166 1967 3304 2021 ἀλλά
3328 1965 3501 2035 ψυχαὶ

1908 2048 1988 2119 τῷ
2026 2053 2124 2120 τῆς
2156 2050 2382 2120 γεέννης
2422 2050 2676 2120 μέλλουσι
2707 2051 3100 2122 παραδίδοσθαι
3133 2049 3284 2122 πυρί.
3317 2051 3502 2118 Παρα-

1911 2135 2255 2204 καλέσωμεν,
2309 2134 2862 2206 ἐξομολογησώμεθα,
2897 2136 3040 2205 ὑπὲρ
3071 2134 3181 2186 τῶν
3212 2133 3500 2203 προτέρων

1912 2225 2062 2294 αὑτῷ
2113 2225 2274 2294 χάριν
2328 2224 2778 2293 ὁμολογήσωμεν,
2838 2223 2979 2294 ὑπὲρ
3032 2222 3142 2274 τῶν
3193 2219 3500 2291 μελλόντων

1910 2308 2154 2378 αἰτῶμεν
2189 2307 2275 2359 ἵνα
2330 2305 2786 2374 καταξιωθῶμεν,
2817 2305 2910 2357 τοῦ
2953 2305 3144 2375 θηρίου
3175 2301 3368 2354 τούτου
3400 2298 3499 2352 τοῦ

1909 2390 2149 2461 χαλεποῦ
2189 2392 2284 2444 καὶ
2335 2390 2639 2444 δεινοτάτου
2691 2390 3119 2458 ἀπαλλαγέντες,
3150 2388 3310 2458 χάριν
3363 2385 3500 2436 ἀνα-

1908 2460 2126 2544 πέμψαι
2185 2473 2264 2544 τῷ
2310 2473 2682 2545 φιλανθρώπῳ
2715 2473 2836 2544 Θεῷ
2885 2474 2980 2528 καὶ
3015 2472 3215 2543 Πατρὶ,
3260 2470 3380 2541 μεθ’
3434 2460 3497 2522 οὗ

1908 2555 1988 2627 τῷ
2041 2557 2157 2627 Υίῷ
2215 2559 2334 2627 ἅμα
2392 2557 2471 2627 τῷ
2520 2558 2663 2628 ἀγίῳ
2727 2556 3009 2627 Πνεύματι
3065 2556 3216 2621 δόξα,
3271 2553 3497 2624 κράτος,

1909 2639 2065 2709 τιμὴ,
2102 2639 2195 2692 νῦν
2224 2641 2318 2692 καὶ
2342 2640 2450 2706 ἀεὶ,
2486 2641 2581 2694 καὶ
2619 2643 2700 2703 είς
2730 2642 2858 2704 τοὺς
2901 2638 3104 2702 αἰῶνας
3129 2637 3236 2693 τῶν
3262 2636 3496 2690 αἰώνων.

1924 2723 1980 2775 Ἀ
1992 2724 2118 2792 μήν.

1711 3156 1950 3210 ΟΜΙΛΙΑ
1991 3156 2091 3210 IA'.

239 3326 334 3404 Ἕκ
353 3331 518 3404 σῶμα
569 3333 673 3388 καί
709 3332 782 3387 ἓν
818 3335 1077 3404 πνεῦμα,
1118 3333 1312 3400 καθὼς
1363 3335 1460 3389 καί
1489 3335 1807 3404 ,ἐκλήθητε

296 3401 360 3454 ἐν
376 3401 478 3472 μιᾷ
501 3405 713 3458 ἑλπίδι
758 3404 870 3474 τῆς
900 3401 1179 3472 κλήσεως
1205 3405 1372 3475 ὑμῶν
1403 3426 1414 3438 ·
1449 3402 1538 3472 εἷς
1567 3401 1804 3472 Κύριός,

291 3476 390 3546 μία
445 3478 680 3542 πίστις,
729 3476 801 3529 ἓν
851 3477 1204 3546 βάπτισμα·
1243 3473 1356 3536 ἐἷς
1411 3478 1556 3542 Θεὸς
1601 3476 1806 3546 Πατὴρ

297 3544 544 3605 πάντων,
602 3549 640 3600 ό
685 3547 785 3600 ἐπὶ
822 3544 1096 3611 πάντων,
1139 3548 1238 3600 καί
1281 3547 1377 3600 διὰ
1405 3547 1668 3606 πάντων,
1705 3544 1802 3601 καί

295 3615 358 3666 ἐν
387 3613 595 3687 πᾶσιν.
631 3617 762 3670 Ἐνί
793 3616 1130 3687 δὲνέκὰστῳ
1160 3618 1329 3685 ἡμῶν
1357 3617 1535 3684 ἐδόθη
1562 3619 1601 3685 -ή
1633 3617 1805 3687 χάρις

296 3686 434 3738 κατὰ
463 3686 528 3739 τὸ
559 3687 793 3756 μέτρον
823 3686 934 3755 τῆς
955 3686 1178 3756 δωρεᾶς
1207 3688 1316 3742 τοῦ
1344 3687 1625 3757 Χριστοῦ.

284 3831 344 3881 α’.
363 3828 608 3900 Ἀγάπην
626 3828 788 3897 ζητεῖ
803 3829 934 3898 παρ’
957 3829 990 3898 ἡ
998 3828 1114 3898 μῶν
1138 3830 1165 3880 6
1190 3826 1398 3891 Παῦλος
1422 3827 1482 3880 οὐ
1499 3828 1598 3898 τὴν
1613 3825 1805 3897 τυχοῦ-

229 3929 337 3977 σαν,
367 3916 498 3970 ἀλλά
545 3917 653 3989 τὴν
696 3916 1087 3984 συγκολλῶσαν
1111 3917 1261 3986 ἡμᾶς
1297 3916 1390 3970 καὶ
1418 3916 1802 3978 ἀδιασπάστως

226 4001 358 4074 ἔχειν
393 4007 531 4076 πρὸς
557 4005 833 4076 ἀλλήλους
869 4005 1153 4068 ποιοῦσαν,
1185 4007 1280 4058 καὶ
1306 4005 1578 4074 τοσαύτην
1607 4004 1802 4057 ἕνωσιν

225 4093 308 4144 καὶ
326 4093 493 4158 οὓτως
543 4093 761 4163 ἀκριϐῆ
817 4093 1223 4164 παρεχομένην,
1258 4092 1459 4146 ὡσανεὶ
1491 4092 1628 4163 μέλη
1663 4091 1802 4163 πρὸς

227 4181 370 4252 μέλη.
394 4181 542 4253 Αὕτη
565 4183 682 4254 γάρ
700 4183 897 4252 ἐστινὴ
927 4183 996 4236 τὰ
1020 4181 1233 4252 μεγάλα
1262 4180 1606 4252 ἐργαζομένη
1637 4180 1797 4234 καλά.

222 4271 309 4324 Διά
332 4270 490 4325 τοῦτό
512 4289 708 4344 φησιν·
735 4273 849 4324 ’Ἑν
874 4269 1067 4339 σῶμα,
1100 4270 1196 4323 καὶ
1239 4273 1304 4340 τῇ
1337 4269 1674 4340 συμπαθείᾳ,
1705 4269 1802 4322 καὶ

221 4356 289 4426 τῷ
317 4359 390 4429 μὴ
422 4359 723 4429 βάλλεσθαι
750 4361 865 4422 τοῖς
887 4359 1090 4429 ἐτέρων
1114 4358 1338 4426 ἀγαθοῖς
1365 4368 1414 4421 ο,
1444 4358 1538 4410 καὶ
1569 4356 1648 4426 τῷ
1679 4373 1804 4424 συγο

220 4449 439 4518 χαίρειν.
491 4449 606 4502 Καὶ
639 4448 821 4500 πάντα
849 4444 987 4515 ὁμοῦ
1011 4447 1101 4500 διὰ
1135 4445 1326 4499 τούτου
1361 4444 1560 4509 δείξας,
1591 4447 1697 4499 Καὶ
1729 4443 1801 4498 ἓν

220 4535 460 4603 πνεῦμα,
500 4534 693 4597 καλῶς
741 4531 883 4598 εἷπε,
913 4535 1130 4598 δεικνὺς
1165 4535 1246 4586 ὅτι
1267 4535 1375 4587 ἀπὸ
1407 4533 1501 4586 τοῦ
1535 4533 1653 4596 ἑνὸς
1690 4533 1797 4584 σώ-

220 4640 374 4690 ματος
419 4622 480 4675 ἓν
539 4622 765 4693 πνεῦμα
796 4621 971 4686 ἔσται,
1000 4622 1034 4693 ἡ
1078 4623 1158 4675 ὅτι
1205 4621 1318 4674 ἐστι
1351 4621 1452 4691 μὲν
1476 4620 1637 4690 σῶμα
1662 4616 1800 4672 εἶναι

217 4709 290 4772 ἓν,
328 4714 424 4783 οὐχ
458 4713 517 4765 ἓν
556 4713 616 4766 δέ
653 4711 906 4782 πνεῦμα·
947 4711 1024 4775 ὡς
1060 4712 1125 4764 ἂν
1171 4711 1223 4764 εἴ
1256 4728 1342 4774 τις
1381 4711 1476 4763 καὶ
1503 4711 1801 4780 αἰρετικῶν

218 4798 359 4868 φίλος
388 4800 514 4872 εἴη·
553 4800 588 4872 ἡ
644 4799 756 4854 ἀπὸ
805 4799 996 4852 τούτου
1039 4801 1179 4871 πρὸς
1227 4799 1489 4868 ὁμόνοιαν
1537 4799 1796 4862 δυσωπεῖ,

226 4887 425 4941 τοιοῦτό
456 4906 512 4941 τι
567 4887 768 4956 λέγων·
800 4886 867 4942 Οί
897 4886 956 4939 ἓν
1007 4887 1227 4957 πνεῦμα
1273 4885 1557 4948 λαϐόντες,
1607 4887 1701 4938 καὶ
1739 4887 1803 4939 ἐκ

220 4977 336 5044 μιᾶς
366 4977 728 5037 ποτισθέντες
774 4976 984 5046 πηγῆς,
1021 4977 1121 5030 οὐκ
1159 4975 1402 5045 ὀφείλετε
1433 4975 1724 5045 διχονοεῖν·
1767 4974 1800 5045 ἢ

217 5062 420 5136 πνεῦμα
447 5065 694 5120 ἐνταῦθα
718 5064 818 5136 τὴν
846 5065 1159 5136 προθυμίαν
1188 5065 1373 5134 φησίν.
1403 5059 1537 5116 Εἶτα
1556 5063 1800 5130 ἐπάγων,

217 5153 406 5221 Καθὼς
477 5153 805 5222 ἐκλήθητε,
861 5153 1047 5224 φησὶν,
1113 5153 1210 5205 Ἐν
1261 5151 1370 5221 μιᾷ
1431 5151 1634 5206 ἐλπίδι
1693 5149 1803 5219 τῆς

215 5243 480 5310 κλήσεως
521 5241 718 5312 ὑμῶν.
771 5244 1086 5305 Τουτέστιν,
1133 5241 1189 5294 ’0
1228 5242 1360 5304 Θεὸς
1389 5242 1534 5312 ὑμᾶς
1568 5240 1660 5294 ἐπὶ
1689 5242 1800 5305 τοῖς

214 5330 383 5394 αὐτοῖς
417 5333 723 5385 ἐκάλεσεν·
791 5331 946 5384 οὐδὲν
993 5330 1166 5401 ἑτέρῳ
1208 5330 1373 5382 πλέον
1406 5329 1670 5400 ἀπένειμε
1702 5328 1798 5381 τοῦ

213 5417 387 5488 ἐτέρου
415 5434 428 5446 ·
468 5421 648 5472 πᾶσιν
681 5417 1008 5482 ἀθανασίαν,
1037 5419 1175 5471 πᾶσι
1205 5417 1350 5488 ζωὴν
1389 5415 1630 5481 αἰώνιον,
1664 5418 1799 5470 πᾶσι

213 5506 358 5574 δόξαν
395 5510 699 5572 ἀθάνατον,
749 5510 917 5563 πᾶσιν
953 5509 1313 5581 ἀδελφότητα,
1347 5510 1480 5563 πᾶσι
1534 5509 1801 5581 κληρονο-

267 5696 291 5724 ⁸
321 5697 456 5746 Unus
487 5698 725 5760 codexrcl
750 5713 903 5760 marg.
928 5697 1102 5754 Savil.,
1128 5699 1211 5746 καὶ
1233 5699 1302 5760 τῷ
1327 5696 1603 5758 συμπαθεῖν,
1628 5698 1708 5744 καὶ
1731 5698 1800 5759 τῷ

153 5799 175 5814 ,,
213 5759 270 5815 μὴ
295 5760 549 5869 διάκνεσθαι
589 5759 689 5816 τοῖς
726 5759 898 5823 ἑτέρων
937 5760 1145 5822 ἀγαθοῖς,
1187 5759 1299 5822 (με
1344 5760 1491 5812 lectio
1528 5771 1626 5808 non
1660 5772 1802 5822 sper-

212 5829 300 5868 neu
333 5837 378 5869 2.

212 5829 378 5872 nenda.

1916 3335 2048 3408 μίαν
2092 3335 2400 3408 ἐχαρίσατο.
2478 3336 2645 3408 Κοινὴ
2706 3337 2924 3390 πάντων
2983 3335 3200 3405 ἐγένετο
3262 3337 3496 3411 κεφαλὴ,

1911 3428 2119 3489 πάντας
2145 3427 2438 3496 συνήγειρε
2466 3427 2562 3479 καὶ
2593 3425 2970 3480 συνεκάθισεν.
3013 3427 3077 3479 Οἱ
3097 3426 3277 3480 τοίνυν
3301 3429 3358 3482 ἐν
3381 3431 3496 3493 τοῖς

1913 3514 2307 3582 πνευματικοῖς
2365 3511 2636 3582 τοσαύτην
2694 3511 2914 3582 ἔχοντες
2973 3514 3267 3584 ἰσοτιμίαν,
3327 3515 3497 3568 πόθεν

1915 3600 2057 3671 μέγα
2115 3602 2405 3668 φρονεῖτες
2457 3601 2538 3652 ὅτι
2572 3602 2600 3653 6
2642 3600 2792 3653 δεῖνα
2826 3601 3102 3664 πλούσιος,
3151 3603 3246 3654 καὶ
3284 3604 3312 3655 6
3349 3603 3496 3656 δεῖνα

1911 3687 2127 3758 ἰσχυρός
2153 3704 2167 3751 ;
2197 3686 2291 3741 καὶ
2321 3686 2437 3750 πῶς
2459 3688 2560 3740 οὐκ
2585 3687 2651 3740 ἂν
2674 3689 2758 3757 εἴη
2786 3689 2946 3741 τοῦτο
2971 3689 3144 3757 γέλως
3171 3707 3184 3755 ;
3222 3689 3359 3742 Εἰπὲ
3385 3690 3496 3762 γάρ

1909 3792 2020 3845 μοι,
2057 3777 2104 3827 εἰ
2132 3777 2160 3828 6
2195 3773 2451 3844 βασιλεύς
2490 3791 2622 3826 ποτε
2671 3774 2853 3828 λαϐὼν
2893 3776 3134 3846 ὀνόματα
3165 3778 3322 3841 δέκα,
3353 3779 3494 3831 πάν-

1905 3880 2004 3926 τας
2031 3862 2329 3934 ἁλουργίδα
2364 3863 2605 3924 ἐνέδυσε,
2645 3863 2741 3916 καὶ
2771 3863 2865 3916 ἐπὶ
2901 3863 2994 3916 τοῦ
3027 3863 3218 3934 θρόνου
3270 3864 3494 3920 ἐκάθισε

1904 3952 1998 4005 τοῦ
2041 3952 2346 4023 βασιλικοῦ,
2403 3954 2499 4005 καὶ
2550 3954 2717 4005 πᾶσιν
2749 3952 2919 4006 ἔδωκε
2968 3954 3072 4021 τὴν
3101 3955 3271 4025 αὐτὴν
3304 3955 3490 4026 τιμὴν,

1904 4035 2014 4112 ἆρα
2063 4040 2129 4094 ἂν
2161 4039 2366 4094 τούτων
2410 4040 2679 4110 ἐτόλμησέ
2713 4057 2798 4103 τις
2843 4040 3101 4093 ὀνειδίσαι
3149 4041 3240 4094 τὸν
3279 4025 3488 4112 ἑτέρον,

1905 4130 1980 4194 ὼς
2018 4130 2420 4201 πλουσιώτερος
2445 4128 2541 4194 ῶν,
2577 4130 2610 4201 ἢ
2641 4130 2716 4190 ὡς
2748 4130 3160 4200 λαμπρότερος;
3205 4131 3491 4202 Οὐδαμῶς.

1906 4218 2019 4291 [δί]
2055 4220 2162 4272 Καὶ
2185 4218 2338 4272 οὔπω
2361 4219 2424 4272 τὸ
2449 4220 2558 4271 πᾶν
2610 4219 2843 4289 εἴρηκα·
2887 4219 2948 4270 ού
2998 4220 3108 4290 γάρ
3144 4219 3399 4272 τοσοῦτον
3430 4221 3491 4273 τὸ

1906 4309 2093 4380 μέσον.
2137 4309 2226 4361 Ἐν
2254 4305 2350 4363 οὖν
2380 4311 2492 4368 τοῖς
2514 4310 2766 4378 οὐρανοῖς
2803 4308 2930 4372 ἶσοι,
2963 4309 3059 4361 καὶ
3099 4309 3250 4364 κάτω
3273 4310 3489 4380 διεστή-

1903 4413 2114 4466 καμεν;
2151 4391 2255 4462 Εἷς
2315 4397 2551 4464 Κύριος,
2601 4397 2712 4465 μία
2764 4397 2992 4462 πίστις,
3028 4396 3101 4449 ἐν
3141 4397 3484 4467 βάπτισμα.

1915 4485 2046 4539 Ἰδοὺ
2087 4486 2305 4556 ἡέλπὶς
2355 4486 2454 4554 τῆς
2509 4485 2777 4557 κλήσεως.
2817 4481 2920 4552 Εἷς
2955 4485 3101 4552 Θεὸς
3152 4487 3250 4540 καὶ
3283 4487 3489 4557 Πατὴρ

1903 4576 2166 4638 πάντων,
2197 4577 2229 4629 ὀ
2267 4575 2367 4628 ἐπὶ
2409 4575 2673 4640 πάντων,
2714 4575 2814 4630 καὶ
2839 4576 2937 4629 διὰ
2985 4576 3250 4643 πάντων,
3281 4578 3382 4631 καὶ
3419 4579 3490 4632 ἐν

1905 4662 2097 4718 πᾶσιν
2123 4665 2327 4729 αὑτός.
2369 4663 2461 4733 Μὴ
2489 4663 2598 4732 γὰρ
2639 4665 2724 4717 σοὶ
2753 4666 2852 4734 μὲν
2886 4665 2915 4717 6
2957 4665 3184 4734 μείζων,
3213 4666 3409 4736 ἐκείνῳ
3431 4665 3489 4718 δὲ

1904 4753 1932 4803 6
1968 4751 2207 4804 ἐλάττων
2239 4751 2515 4822 ἐπεκλήθη
2543 4769 2558 4819 ;
2591 4752 2666 4822 μὴ
2706 4751 2816 4822 γάρ
2848 4753 2913 4804 σὺ
2943 4753 3042 4822 μὲν
3071 4753 3180 4806 ἀπὸ
3213 4753 3485 4819 πίστεως,

1904 4839 2112 4901 ἐκεῖνος
2147 4838 2204 4891 δὲ
2242 4839 2349 4892 ἀπὸ
2387 4838 2564 4910 ἔργων
2590 4838 2768 4908 ἐσώθη
2794 4857 2808 4907 ;
2851 4839 2925 4912 μὴ
2951 4841 3061 4912 γὰρ
3097 4841 3180 4894 σοὶ
3205 4841 3302 4912 μὲν
3329 4841 3488 4908 ἀφεί-

1906 4925 1970 4995 θη
2023 4926 2112 4978 διά
2165 4925 2259 4978 τοῦ
2314 4926 2694 4997 βαπτίσματος
2716 4969 2730 4992 ,
2761 4927 2956 4998 ἐκείνῳ
2989 4927 3046 4980 δὲ
3085 4925 3188 4994 οῦς
3226 4929 3443 4997 ’Ἄπαγε
3470 4945 3486 4960 ·

1905 5010 2010 5078 Εἷς
2041 5014 2185 5080 Θεὸς
2213 5015 2312 5068 καί
2365 5015 2568 5082 Πατὴρ
2601 5014 2864 5079 πάντων,
2885 5017 2918 5070 ὁ
2955 5015 3054 5069 ἐπὶ
3086 5016 3349 5081 πάντων,
3389 5016 3487 5071 καί

1904 5101 2002 5156 διὰ
2025 5101 2290 5166 πάντων,
2324 5104 2423 5156 καὶ
2453 5104 2522 5157 ἐν
2547 5103 2739 5159 πᾶσιν
2761 5103 3070 5173 ύμῖν.-Ὀ
3099 5104 3198 5158 ἐπὶ
3222 5104 3487 5167 πάντων,

1904 5194 2207 5258 τουτέστιν,
2232 5195 2259 5246 6
2286 5192 2472 5246 ἐπάνω
2498 5194 2715 5247 πάντων
2735 5208 2749 5222 ·
2786 5193 2896 5248 Καί
2925 5194 3025 5247 διὰ
3047 5193 3310 5259 πάντων,
3339 5212 3488 5246 τουτ-

1905 5281 2044 5347 έστι,
2073 5279 2337 5350 προνοῶν,
2364 5280 2583 5335 διοικῶν
2618 5299 2632 5312 ·
2668 5282 2775 5334 Καί
2799 5282 2871 5335 ἐν
2907 5281 3100 5336 πᾶσιν
3124 5282 3269 5351 ὑμῖν
3291 5322 3306 5346 ,
3332 5299 3489 5336 τουτ-

1906 5369 2072 5432 έστιν,
2106 5371 2134 5422 6
2165 5371 2222 5422 ἐν
2279 5370 2444 5422 πᾶσιν
2482 5367 2670 5421 οἰκῶν.
2727 5369 2920 5422 Καίτοι
2983 5368 3077 5422 τοῦ
3141 5368 3293 5431 Υίοῦ,
3327 5370 3489 5422 τοῦτο

1905 5457 2044 5510 εἶναί
2097 5473 2264 5526 φησιν
2295 5472 2308 5488 ·
2343 5456 2485 5509 ὥστε
2539 5459 2588 5508 εἰ
2630 5455 2981 5519 ἐλαττώσεως
3006 5451 3093 5527 ἦν,
3120 5456 3222 5510 οὐκ
3259 5456 3323 5510 ἂν
3357 5458 3489 5527 περὶ

1906 5545 2000 5598 τοῦ
2032 5543 2247 5616 Πατρὸς
2279 5542 2510 5615 ἐρρήθη.
2558 5541 2686 5596 Ἐνί
2722 5541 2792 5595 δὲ
2824 5541 3061 5609 ἑκάστῳ
3096 5542 3270 5612 ἡμῶν
3305 5543 3486 5612 ἐδόθη

1907 5633 1946 5700 ἠ
1987 5631 2180 5701 χάρις.
2241 5631 2306 5682 Τί
2341 5625 2468 5694 οῦν,
2505 5630 2662 5700 φησὶ,
2716 5631 2812 5682 καὶ
2850 5629 3017 5682 πόθεν
3054 5630 3124 5684 τά
3168 5632 3488 5703 χαρίσματα

1904 5721 2174 5790 διάφορα;
2203 5719 2375 5772 Τοῦτο
2405 5717 2514 5788 γάρ
2539 5717 2630 5770 ἀεὶ
2672 5716 2765 5770 καὶ
2812 5718 3010 5781 αὐτοὺς
3045 5720 3140 5772 καὶ
3169 5720 3489 5790 Κορινθίους

1908 5810 2001 5862 καὶ
2058 5807 2288 5871 πολλοὺς
2328 5806 2571 5875 ἐτέρους,
2612 5804 2739 5869 τοὺς
2789 5806 2887 5876 μὲν
2933 5806 3014 5870 είς
3045 5806 3326 5874 ἀπόνοιαν,
3360 5808 3484 5871 τοὺς
