4092 6494
585 327 650 381 8|
1299 332 1359 386 S.
1400 330 1692 388 JOANNIS
1720 330 2218 387 CHRYSOSTOMI
2256 332 2576 391 ARCHIEP.
2615 336 3175 397 CONSTANTINOP.
3761 339 3827 394 8‘!

584 443 642 496 δὲ
668 445 748 508 εἰς
776 443 1014 513 ἀθυμίαν
1058 445 1152 498 καὶ
1189 446 1383 514 φθόνον
1401 448 1593 515 ἀνῆγε.
1625 449 1724 501 Διά
1758 449 1916 502 τοῦτο
1952 464 2156 503 παντα-

587 529 684 599 χοῦ
731 531 794 585 τὸ
834 533 928 586 τοῦ
967 534 1218 604 σώματος
1248 536 1550 607 ὑπόδειγμα
1581 539 2000 609 παραλαμϐάνει
2028 557 2043 570 ·
2071 540 2160 594 διά

585 620 743 674 τοῦτο
776 623 871 675 καὶ
902 622 999 677 νῦν
1033 624 1191 677 τοῦτο
1232 625 1476 679 τέθεικεν
1497 668 1511 691 ,
1537 629 1726 698 ἐπειδὴ
1754 629 1946 700 ἔμελλε
1968 631 2158 701 διαφό-

589 726 699 781 ρων
741 714 1097 782 χαρισμάτων
1164 715 1547 783 μνημονεύειν.
1590 718 2008 790 Ἀκριϐέστερον
2059 721 2160 790 μὲν

586 792 679 850 οὖν
699 800 834 852 αὐτὸ
862 803 917 853 ἐν
945 803 1010 872 τῇ
1041 802 1178 873 πρδς
1200 805 1520 873 Κορινθίους
1550 806 1837 880 Ἐπιστολῇ
1870 811 2160 881 ἐπεξέρχε-

587 907 697 953 ται,
754 893 944 965 ἐπειδὴ
986 896 1081 947 καὶ
1112 897 1232 949 ἐκεῖ
1261 898 1501 968 μάλιστα
1530 900 1592 952 τὸ
1618 901 1832 971 νόσημα
1852 901 2012 956 τοῦτο
2041 906 2161 957 ἐτυ-

586 978 768 1047 ράννει
799 997 814 1011 ο
847 981 942 1033 νῦν
987 981 1044 1035 δὲ
1094 985 1330 1040 ἐνταῦθα
1368 988 1528 1057 μόνον
1561 988 1782 1060 ᾐνίξατο
1804 1007 1818 1019 ·
1858 991 1954 1044 καὶ
1982 992 2085 1062 ὅρα
2109 993 2161 1046 τί

586 1088 773 1142 φησιν.
809 1073 923 1127 Οὐκ
957 1070 1079 1128 εἷπε
1103 1115 1118 1139 ,
1155 1078 1312 1132 Κατὰ
1341 1080 1441 1149 τὴν
1471 1081 1704 1134 ἑκάστου
1734 1081 1938 1147 πίστιν,
1967 1084 2055 1137 ἵνα
2084 1086 2160 1154 μὴ

584 1166 664 1226 εἰς
698 1164 937 1235 ἀθυμίαν
967 1168 1179 1240 ἐμϐάλῃ
1209 1169 1475 1236 ἐκείνους,
1502 1173 1634 1243 ¹τοὺς
1667 1174 1922 1243 μεγάλων
1959 1175 2035 1246 μὴ
2071 1193 2162 1229 τε-

584 1254 894 1324 τυχηκότας
925 1273 937 1285 ·
972 1256 1108 1310 άλλά
1129 1258 1221 1323 τίς
1257 1260 1417 1314 Κατὰ
1444 1261 1510 1314 τὸ
1539 1261 1757 1332 μέτρον
1794 1262 1906 1331 τῆς
1938 1263 2162 1333 δωρεᾶς

587 1344 696 1398 τοῦ
731 1347 1012 1413 Χριστοῦ.
1054 1350 1137 1403 Τά
1174 1351 1391 1406 πάντων
1425 1354 1955 1426 κεφαλαιωδέστερα,
2002 1358 2158 1427 φησὶ,

589 1437 745 1492 κοινά
778 1440 997 1495 πάντων
1035 1443 1172 1505 ἐστὶ,
1194 1444 1253 1495 τὸ
1272 1444 1573 1514 βάπτισμα,
1598 1447 1661 1499 τὸ
1680 1446 1769 1499 διὰ
1797 1448 2032 1513 πίστεως
2052 1467 2160 1502 σω⁴

589 1528 770 1599 θῆναι,
796 1533 856 1585 τὸ
880 1533 972 1586 τὸν
1000 1534 1131 1587 Θεὸν
1151 1533 1296 1606 ἔχειν
1326 1537 1563 1608 Πατέρα,
1590 1538 1651 1591 τὸ
1677 1538 1773 1592 τοῦ
1797 1539 1962 1593 αὑτοῦ
1991 1541 2161 1596 Πνεῦ-

591 1641 761 1693 ματος
788 1626 1033 1689 ἅπαντας
1062 1628 1328 1698 μετέχειν.
1366 1629 1429 1680 Εί
1460 1628 1518 1681 δέ
1549 1646 1600 1682 τι
1620 1629 1790 1683 ’πλέον
1815 1632 1843 1684 ὁ
1874 1631 2022 1685 δεῖνα
2048 1632 2161 1702 ἔχει

592 1719 650 1770 ἐν
675 1717 755 1789 τῷ
789 1718 1114 1789 χαρίσματι,
1157 1722 1230 1790 μὴ
1265 1720 1443 1789 ἄλγει,
1471 1722 1597 1775 ἐπεὶ
1638 1724 1728 1775 καὶ
1756 1725 1784 1775 ὁ
1813 1724 1974 1790 πόνος
2010 1725 2163 1797 αὐτῷ

590 1809 793 1863 πλείων
832 1811 986 1864 ἐστί’
1017 1812 1112 1864 καί
1145 1811 1173 1864 ὁ
1205 1811 1274 1865 τὰ
1303 1814 1464 1866 πέντε
1504 1815 1742 1869 τάλαντα
1770 1816 1970 1884 λαϐὼν,
2003 1819 2163 1874 πέντε

590 1903 851 1972 ἀπῃτεῖτο
881 1916 896 1931 ⁸
925 1903 954 1954 ό
988 1901 1043 1955 δὲ
1071 1903 1139 1956 τά
1167 1903 1281 1964 δύο,
1328 1904 1422 1958 δύο
1474 1907 1634 1976 μόνον
1679 1911 2043 1980 προσήνεγκε,
2069 1913 2165 1967 καὶ

589 1992 741 2046 οὐδὲν
770 1992 989 2045 ἔλαττον
1023 1993 1181 2063 ἔσχεν
1213 1996 1443 2049 ἐκείνου.
1478 1997 1576 2051 Διά
1597 1998 1758 2052 τοῦτο
1791 2001 1886 2054 καὶ¹
1926 2004 2164 2059 ἐνταῦθα

590 2084 699 2137 ἀπὸ
748 2085 846 2155 τῆς
894 2087 1065 2156 αὐτῆς
1101 2087 1281 2151 αίτίας
1316 2091 1727 2161 παραμυθεῖται
1757 2093 1850 2147 τὸν
1874 2096 2166 2151 ἀκούοντα.

591 2176 742 2246 Πρὸς
801 2178 1207 2249 καταρτισμὸν
1252 2179 1371 2234 τῶν
1407 2183 1614 2252 ἁγίων,
1651 2186 1838 2253 φησὶν,
1872 2190 1956 2251 εἰς
1988 2188 2167 2259 ἔργον

590 2271 922 2338 διακονίας,
964 2275 1053 2338 εἰς
1090 2274 1418 2343 οἰκοδομὴν
1454 2275 1562 2329 τοῦ
1586 2275 1860 2345 σώματος
1888 2279 1997 2334 τοῦ
2034 2284 2166 2350 Χρι-

590 2363 760 2416 στοῦ.
805 2363 906 2415 Διά
937 2364 1095 2417 τοῦτο
1131 2365 1226 2418 καὶ
1280 2365 1442 2428 αὐτὸς
1488 2365 1695 2434 ἔλεγεν·
1732 2370 1882 2422 Οὐαί
1910 2388 2032 2439 μοι,
2058 2371 2167 2426 ἐὰν

594 2451 679 2520 μὴ
734 2453 1216 2523 εὐαγγελίζωμαι.
1259 2450 1407 2514 οἷον.
1441 2456 1749 2527 ἀποστολῆς
1778 2459 1937 2511 ἔλαϐέ
1952 2477 2037 2524 τις
2068 2461 2168 2531 χά-

560 2615 564 2619 4
595 2562 786 2614 ρισμα.
817 2545 976 2598 ’Δλλά
998 2545 1087 2600 διὰ
1110 2544 1269 2599 τοῦτο
1302 2546 1452 2617 αὐτῷ
1480 2548 1632 2610 οὐαὶ,
1664 2550 1851 2621 ἐπειδὴ
1882 2550 2066 2605 ξλαϐεσ
2100 2551 2165 2604 σὺ

589 2636 646 2687 δὲ
703 2634 801 2688 τοῦ
856 2635 1100 2689 κινδύνου
1149 2637 1476 2709 ἀπήλλαξαι.
1513 2641 1674 2694 Κατὰ
1716 2640 1783 2692 τὸ
1826 2642 2068 2710 μέτρον.
2099 2640 2165 2696 Τί

590 2728 725 2783 ἐστι.
780 2727 943 2780 Κατὰ
978 2728 1045 2781 τό
1075 2727 1343 2797 μέτρον;
1386 2731 1700 2796 Τουτέστιν,
1749 2732 1811 2785 οὐ
1877 2733 2017 2803 πρὸς
2069 2733 2166 2805 τὴν

590 2818 867 2887 ἡμετέραν
908 2818 1065 2883 ἀξίαν
1092 2836 1107 2852 ο
1134 2821 1256 2873 ἐπεὶ
1305 2822 1416 2875 οὐδ’
1447 2822 1514 2877 ἂν
1551 2822 1743 2876 ἔλαϐεν
1778 2824 1952 2888 οὐδεὶς
1978 2825 2013 2879 ἃ
2042 2825 2167 2879 ἕλα-

591 2910 686 2964 ϐεν
720 2927 734 2940 ’
775 2910 910 2964 ἀλλὰ
946 2909 1148 2976 πάντες
1175 2912 1284 2966 ἀπὸ
1313 2915 1413 2984 τῆς
1442 2914 1654 2987 δωρεᾶς
1683 2916 1973 2986 ἐλάϐομεν.

665 3057 730 3125 β’.
752 3057 863 3110 Καὶ⁸
883 3056 972 3109 διά
990 3056 1042 3110 τί
1065 3059 1093 3110 ὁ
1119 3057 1217 3125 μὲν
1240 3057 1421 3121 πλέον,
1442 3061 1471 3113 ό
1486 3059 1541 3113 δὲ
1566 3059 1809 3128 ἔλαττονς
1833 3061 1999 3115 Οὐδὲν
2013 3062 2171 3116 τοῦτο

594 3146 755 3215 ποιεῖ,
783 3145 969 3213 φησὶν,
998 3144 1114 3198 ἀλλ’
1143 3145 1438 3217 ἀδιάφορον
1480 3146 1541 3201 τὸ
1569 3149 1801 3218 πρᾶγμά
1830 3151 2011 3203 ἐστιν’
2040 3150 2172 3205 ἐκα-

596 3247 719 3295 στος
745 3231 853 3300 γὰρ
883 3231 1019 3301 πρὸς
1045 3232 1143 3303 τὴν
1170 3232 1458 3303 οἰκοδομὴν
1489 3233 1752 3286 συντελεῖ.
1778 3235 1890 3288 Καὶ
1928 3234 2019 3289 διὰ
2043 3235 2171 3289 τού-

593 3335 688 3371 του
714 3318 1007 3383 δείκνυσιν,
1041 3320 1123 3372 ὅτι
1167 3319 1269 3371 οὐκ
1311 3318 1421 3371 ἀπὸ
1461 3319 1560 3388 τῆς
1589 3320 1794 3384 οἰκείας
1823 3320 1979 3389 ἀξίας
2008 3325 2037 3377 ὀ
2071 3325 2172 3394 μὲν

596 3405 781 3470 πλέον,
809 3408 836 3458 ὁ
883 3406 941 3458 δὲ
992 3405 1216 3459 ἔλαττον
1277 3405 1489 3471 ἐλαϐεν,
1530 3405 1667 3459 ἀλλὰ
1707 3407 1774 3461 δι’
1815 3409 2066 3480 ἐτέρους,
2093 3412 2170 3477 ὡς

596 3492 710 3566 [82]
745 3493 909 3557 αὐτὸς
940 3494 1245 3565 ἐμέτρησεν
1283 3507 1296 3522 ’
1331 3495 1455 3547 ἐπεὶ
1480 3496 1574 3549 καὶ
1597 3495 1833 3567 ἀλσλαχοῦ
1859 3497 2009 3567 λέγει
2036 3516 2051 3531 ο
2095 3500 2172 3555 Τά

594 3583 662 3637 δὲ
691 3584 849 3652 μέλη
892 3582 1060 3638 ἔθετο
1098 3582 1169 3636 ἓν
1202 3583 1468 3638 ἕκαστον
1496 3585 1718 3646 αὐτῶν.
1762 3587 1958 3654 καθὼς
1983 3590 2168 3656 αὐτὸς

594 3671 881 3740 ἠθέλησε.
923 3672 1032 3724 Καὶ
1052 3672 1112 3723 οὺ
1145 3671 1291 3740 λέγει
1317 3671 1408 3725 τὸν
1434 3672 1613 3743 λόγον,
1646 3673 1734 3727 ῖνα
1776 3674 1852 3745 μὴ
1884 3670 2172 3749 καταϐάλίῃ

596 3761 666 3814 τά
693 3764 1015 3833 φρονήματα
1047 3759 1158 3814 τῶν
1206 3760 1532 3815 ἀκουόντων.
1571 3762 1667 3816 Διὸ
1693 3761 1879 3832 λέγει’
1932 3765 2175 3832 Ἀναϐὰς

597 3853 687 3917 εἰς
734 3850 895 3918 ὕψος
947 3848 1422 3918 ᾐχμαλώτευσεν
1450 3852 1892 3919 αἰχμαλωσίαν,
1924 3852 2176 3906 καίἐδω·

600 3942 692 3991 κε’
733 3936 962 4005 δόματα
1035 3936 1161 4002 τοῖς
1228 3936 1579 4006 ἀνθρώποις.
1632 3937 1781 3990 Ὠσεὶ
1851 3937 2044 4007 ελεγεο
2108 3938 2175 3994 Τί

604 4025 749 4095 μέγα
791 4026 1008 4095 φρονεῖς
1041 4040 1056 4090 ;
1116 4022 1210 4077 τοῦ
1264 4024 1401 4076 Θεοῦ
1454 4024 1516 4077 τὸ
1554 4026 1662 4077 πᾶν
1693 4025 1938 4093 γέγονεν.
1976 4026 2037 4080 '0
2077 4027 2175 4097 μὲν

601 4113 898 4184 Προφήτης
921 4114 1086 4183 φησὶν
1117 4108 1176 4163 ἐν
1212 4110 1291 4182 τῷ
1324 4109 1547 4181 ψαλμῷο
1584 4113 1838 4179 Ἕλαϐες
1867 4113 2178 4183 δόματαὲν

602 4198 936 4268 ἀνθρώποις
972 4214 988 4229 ⁸
1024 4198 1186 4262 αὐτὸς
1239 4198 1295 4251 δέ
1353 4210 1538 4267 φησιν’
1572 4197 1800 4253 Ἔδωκε
1839 4196 2068 4268 δόματα
2105 4199 2178 4255 ἐν

603 4285 956 4355 ἀνθρώποις.
1005 4283 1176 4338 Τοῦτο
1226 4283 1422 4337 ταυτόν
1459 4286 1609 4338 ἐστιν
1648 4284 1864 4357 ἐκείνῳ.
1917 4287 2176 4342 Τοιοῦτόν

606 4378 721 4428 ἐστι
762 4373 879 4435 καὶ,
930 4371 1001 4427 Τὸ
1044 4371 1113 4425 δὲ
1159 4368 1344 4437 ἀνέϐη
1400 4371 1456 4423 τί
1498 4370 1693 4436 ἐστιν,
1740 4375 1794 4426 εἰ
1834 4371 1921 4443 μὴ
1951 4373 2043 4428 ὅτι
2076 4376 2175 4431 καί

606 4459 823 4527 κατέϐη
874 4459 1111 4529 πρῶτον
1143 4461 1233 4526 εἰς
1259 4458 1334 4512 τὰ
1363 4457 1663 4527 κατώτερα
1687 4459 1843 4529 μέρη
1878 4460 1991 4530 τῆς
2010 4460 2127 4531 τῆς
2159 4478 2179 4530 ;

618 4548 682 4601 '0
709 4548 989 4613 καταϐὰς,
1016 4549 1199 4612 αὐτός
1245 4546 1381 4600 ἐστι
1420 4546 1517 4600 καί
1552 4550 1586 4600 ό
1617 4547 1845 4615 ἀναϐὰς
1901 4551 2180 4618 ὑπεράνω

607 4636 851 4692 πάντων
896 4634 1017 4688 τῶν
1064 4632 1357 4702 οὐρανῶν,
1398 4635 1501 4687 Ira
1526 4633 1820 4704 πληρώσῃ
1852 4636 1924 4690 τὰ
1960 4637 2177 4693 πάντα.

609 4725 796 4777 Ταῦτα
834 4723 1070 4785 ἀκούων,
1106 4720 1183 4792 μὴ
1215 4721 1513 4791 μετάϐασιν
1538 4722 1746 4792 νόμιζε.
1782 4724 1957 4797 Ὅπερ
1994 4726 2104 4797 γὰρ
2124 4728 2181 4780 ἐν

607 4814 676 4884 τῇ
731 4810 867 4883 πρὸς
932 4808 1334 4878 Φιλιππησίους
1379 4807 1673 4880 Ἐπιστολῇ
1735 4812 2178 4880 κατασκευάζει,

609 4901 770 4955 τοῦτο
803 4901 901 4955 καὶ
936 4896 1190 4953 ένταῦθα.
1222 4897 1489 4969 Καθάπερ
1515 4900 1632 4951 ἐκεῖ
1660 4900 1789 4972 περὶ
1822 4917 2182 4975 ταπεινοφρο-

612 4988 781 5061 σύνης
816 4984 1100 5060 παραινῶν
1137 4987 1375 5056 παράγει
1407 4986 1501 5039 τὸν
1522 4985 1777 5054 Χριστὸν,
1811 4988 1953 5044 οὕτω
1986 4990 2051 5061 δὴ
2090 4992 2183 5046 καὶ

612 5074 870 5138 ἐνταῦθα,
924 5071 1122 5143 λέγων’
1181 5076 1288 5139 Εἰς
1336 5074 1410 5126 τὰ
1445 5073 1744 5144 κατώτερα
1772 5076 1925 5145 μέρη
1964 5078 2181 5149 κατέϐη

613 5164 724 5234 τῆς
754 5162 890 5234 γῆς.
919 5160 985 5216 Εἰ
1007 5160 1119 5230 γὰρ
1158 5158 1234 5231 μὴ
1266 5157 1425 5213 τοῦτο
1460 5156 1557 5232 ἦν,
1588 5162 1841 5231 περιττὸς
1863 5158 2016 5228 οὗτος
2045 5166 2075 5218 ό
2099 5166 2185 5219 16-

615 5269 708 5321 γος
736 5253 905 5322 ὅνπερ
934 5248 1101 5317 λέγειν
1138 5248 1438 5318 ’Υπήκοος
1459 5249 1783 5318 γενόμενος
1793 5251 1971 5320 μέχρι
2005 5254 2183 5308 θανά.

617 5357 744 5401 του.
794 5339 928 5393 Ἀπὸ
969 5339 1028 5392 δὲ
1057 5336 1152 5391 τοῦ
1186 5333 1454 5405 ἀναϐῆναι
1491 5336 1593 5407 τὴν
1617 5336 1918 5391 κατάϐασιν
1948 5340 2183 5394 αἰνίττε-

616 5445 726 5481 ται.
750 5428 833 5480 Τά
874 5426 931 5480 δὲ
962 5425 1112 5479 κάτω
1147 5425 1287 5496 μέρη
1318 5426 1417 5495 τῆς
1452 5425 1580 5496 γῆς,
1623 5425 1717 5479 τὸν
1741 5425 1971 5481 θάνατόν
1998 5446 2184 5498 φησιν,

618 5515 728 5575 ἀπὸ
787 5515 889 5584 τῆς
941 5513 1052 5567 τῶν
1090 5512 1389 5586 ἀνθρώπων
1422 5514 1702 5578 ὑπονοίας,
1741 5513 1994 5586 καθάπερ
2033 5517 2129 5570 καὶ
2157 5518 2187 5571 ὀ

631 5601 828 5657 Ἰακὼϐ
870 5602 1022 5672 ἔλεγε
1055 5620 1069 5635 ο
1101 5601 1396 5668 Κατάξετε
1425 5603 1492 5656 τὸ
1516 5601 1706 5671 γῆράς
1737 5620 1856 5672 μου
1889 5603 2018 5672 μετ’
2049 5604 2187 5659 ὀδύ-

618 5705 731 5755 νης
759 5693 845 5757 εἰς
873 5690 1022 5758 ᾅδου
1052 5708 1067 5723 ⁶
1103 5692 1195 5744 καὶ
1221 5690 1388 5745 πάλιν
1415 5690 1475 5742 ἐν
1506 5688 1587 5761 τῷ
1607 5688 1828 5760 ψαλμῷ,
1871 5691 2187 5762 ὀμοιωθή-

619 5791 803 5854 ινομαι
831 5779 951 5846 τοῖς
989 5779 1457 5835 καταϐαίνουσιν
1484 5779 1571 5843 εὶς
1597 5775 1834 5831 λάκκον
1859 5793 1874 5810 ο
1911 5780 2182 5847 τουτέστι,

2260 453 2373 513 τοῖς
2397 452 2751 508 ἀποθανοῦσι.
2782 453 2882 506 Διά
2904 454 2958 507 τί
2986 453 3144 507 τοῦτο
3180 455 3241 509 τὸ
3281 453 3478 524 χωρίον
3540 452 3831 525 ἐπεξεργαρ

2262 536 2415 601 ζεται
2445 539 2682 593 ἐνταῦθα
2711 558 2728 607 ;
2761 542 2857 594 καὶ
2883 540 3041 595 ποίαν
3065 540 3445 611 αἰχμαλωσίαν
3479 540 3613 610 ’,τησί
3649 557 3665 607 ;
3705 540 3828 611 Τήν

2258 625 2353 679 τοῦ
2394 626 2643 681 διαϐόλου
2673 644 2689 662 ο
2725 630 3068 700 αἰχμάλωτον
3104 628 3216 700 γὰρ
3253 628 3346 682 τὸν
3387 629 3654 699 τύραννον
3703 627 3828 681 ἐλα-

2258 715 2341 778 ϐε,
2371 715 2463 768 τὸν
2518 715 2764 770 διάϐολον
2823 717 2989 784 λέγω,
3026 718 3122 771 καὶ
3175 716 3268 769 τὸν
3307 716 3559 777 θάνατον,
3603 716 3698 768 καὶ
3729 715 3832 783 τὴν

2258 796 2398 867 ἀρὰν
2438 799 2532 850 καὶ
2569 800 2668 868 τὴν
2718 800 3013 871 ἁμαρτίαν.
3061 800 3225 871 Ὁρᾷς
3253 798 3422 853 σκῦλα
3455 801 3549 852 καὶ
3575 798 3829 867 λάτυρας

2264 885 2335 937 Τὸ
2361 883 2429 937 δὲ
2465 885 2649 953 ἀνέϐη
2673 887 2729 940 τί
2746 887 2880 939 ἐστι
2913 926 2928 949 ,
2956 889 3010 941 εἰ
3042 885 3128 954 μὴ
3159 885 3246 939 ὅτι
3271 885 3370 940 καί
3400 887 3654 953 κατέϐη;
3692 884 3833 938 Τοῦ-

2258 988 2318 1024 το
2356 971 2493 1042 πρὸς
2526 973 2652 1037 τοὺς
2681 972 2893 1028 Παύλου
2920 972 3424 1045 τοῦ-Σαμοσατέως.
3452 971 3517 1026 '0
3546 968 3830 1037 καταϐάς,

2258 1060 2443 1125 αὐτός
2477 1059 2609 1114 ἐστι
2643 1061 2740 1115 καί
2774 1065 2807 1116 ό
2831 1062 3058 1127 ἀναϐὰς
3086 1059 3366 1129 ὑπεράνω
3395 1058 3514 1113 τῶν
3534 1057 3830 1128 οὐρανῶν,

2260 1145 2364 1199 ἵνα
2422 1146 2716 1215 πληρώσῃ
2741 1148 2814 1203 τὰ
2843 1148 3067 1202 πάντα.
3109 1148 3203 1210 Εἰς
3223 1147 3294 1200 τὰ
3331 1144 3639 1216 κατώτερα,
3669 1144 3830 1215 φησὶ,

2263 1233 2401 1303 μέρη
2430 1234 2635 1304 κατέϐη
2662 1234 2764 1305 τῆς
2792 1236 2917 1305 γῆς,
2955 1234 3074 1306 μεθ’
3100 1232 3137 1287 ά
3170 1234 3272 1287 οὐκ
3303 1232 3451 1286 ἐστιν
3493 1231 3658 1303 ἕτερα
3679 1247 3695 1262 ·
3736 1233 3836 1286 καὶ

2260 1321 2430 1389 ἀνέϐη
2453 1323 2712 1393 ὑπεράνω
2741 1323 2978 1388 πάντων,
3012 1321 3130 1394 μεθ’
3158 1320 3187 1375 ὃ
3234 1321 3335 1375 οὐκ
3365 1319 3512 1374 ἔστιν
3541 1319 3727 1391 ἕτερόν
3751 1338 3833 1376 τι.

2260 1408 2437 1462 Τοῦτό
2465 1411 2582 1462 ἐστι
2604 1407 2705 1480 τῆς
2735 1409 3021 1481 ἐνεργείας
3046 1406 3212 1462 αὐτοῦ
3235 1407 3330 1461 καὶ
3353 1407 3453 1478 τῆς
3476 1407 3796 1470 δεσποτείας
3814 1424 3830 1438 ·

2261 1496 2356 1549 καὶ
2380 1496 2488 1567 γάρ
2518 1497 2612 1550 καὶ
2652 1497 2820 1550 πάλαι
2870 1497 3047 1550 πάντα
3099 1494 3446 1565 πεπλήρωτο.
3490 1492 3600 1546 Καὶ
3645 1492 3836 1558 αὐτὸς

2260 1586 2446 1641 ἔδωκε
2481 1588 2623 1654 τοὺς
2657 1590 2776 1657 μὲν
2801 1588 3202 1654 ἀποστόλους,
3225 1587 3369 1654 τοὺς
3398 1587 3466 1641 δὲ
3496 1585 3833 1655 προφήτας,

2261 1675 2403 1740 τοὺς
2430 1674 2499 1728 δὲ
2525 1676 2979 1744 εὐαγγελιστάς,
3029 1674 3172 1741 τοὺς
3203 1674 3272 1727 δὲ
3310 1672 3599 1743 ποιμένας
3619 1672 3721 1725 καί
3740 1671 3835 1725 δι-

2260 1760 2631 1828 δασκάλους,
2669 1759 2820 1830 πρὸς
2860 1760 2971 1814 τὸν
3006 1761 3416 1830 καταρτισμὸν
3470 1758 3590 1813 τῶν
3621 1758 3835 1827 ἁγίων,

2258 1851 2346 1915 εἰς
2377 1849 2555 1918 ἔργον
2580 1848 2889 1914 διακονίας
2911 1887 2927 1912 ,
2955 1850 3044 1914 εἰς
3073 1846 3399 1917 οἰκοδομὴν
3432 1846 3535 1902 τοῦ
3558 1845 3838 1916 σώματος

2261 1937 2368 1990 τοῦ
2394 1935 2671 2003 Χριστοῦ.
2708 1936 2886 2006 ὀπερ
2910 1934 3058 2003 λέγει
3088 1933 3346 2005 ἀλλαχοῦ,
3376 1933 3477 1988 Διὸ
3504 1933 3603 1987 καί
3622 1936 3654 1987 ό
3684 1933 3837 1997 Θεὸς

2260 2025 2450 2078 αὐτόν
2510 2023 2895 2091 ὐπερύψωσε.
2953 2022 3229 2077 τοῦτοκαὶ
3283 2020 3517 2075 ἐνταῦθα
3539 2019 3689 2089 λέγει
3717 2037 3731 2050 ο
3776 2019 3839 2071 Ὀ

2262 2111 2524 2177 καταϐὰς
2550 2148 2565 2169 .
2595 2111 2779 2175 αὐτός
2813 2111 2945 2163 ἐστι
2981 2110 3080 2163 καί
3109 2112 3142 2163 ό
3173 2107 3420 2174 ἀναϐάς.
3465 2106 3633 2160 Οὐδὲν
3665 2104 3837 2158 αὑτὸν

2263 2197 2464 2267 ἔϐλαψε
2490 2198 2552 2251 τὸ
2585 2199 2665 2262 εἰς
2685 2197 2755 2250 τά
2786 2197 3069 2266 κατώτερα
3091 2197 3232 2266 μέρη
3267 2195 3367 2264 τῆς
3394 2194 3499 2263 γῆς
3528 2192 3836 2256 κατελθεῖν,

2262 2286 2384 2339 οὐδέ
2411 2283 2688 2337 ἐνεπόδισε
2725 2283 2862 2353 πρὸς
2888 2283 2949 2336 τὸ
2977 2282 3233 2354 ἀνωτέρω
3250 2280 3507 2350 γενέσθαι
3531 2281 3640 2335 τῶν
3663 2280 3837 2349 οὐρα-

2263 2373 2391 2426 νῶν.
2427 2372 2591 2424 Ὥστε
2639 2371 2749 2441 ὅσῳ
2783 2370 2849 2424 άν
2881 2383 2969 2433 τις
3013 2368 3344 2438 ταπεινωθῇ,
3373 2367 3614 2437 τοσούτῳ
3634 2365 3839 2435 μᾶλλον

2265 2458 2514 2530 ὑψοῦται.
2550 2458 2820 2529 Καθάπερ
2863 2458 2971 2527 γὰρ
3018 2458 3111 2509 ἐπὶ
3160 2455 3258 2509 τοῦ
3287 2455 3480 2518 ὓδατος
3505 2455 3616 2524 ὅσῳ
3646 2453 3712 2506 ἀν
3747 2469 3837 2516 τις

2262 2547 2422 2601 τοῦτο
2464 2548 2545 2608 εἰς
2564 2545 2624 2600 τὸ
2650 2545 2802 2599 κάτω
2828 2545 3133 2615 κατενέγκῃ
3159 2583 3174 2607 ,
3202 2541 3443 2612 τοσούτῳ
3471 2540 3673 2611 μᾶλλον
3703 2540 3840 2593 αὐτὸ

2264 2635 2401 2705 πρὸς
2452 2633 2585 2704 ὕψος
2635 2634 2852 2702 ἀνάγει,
2881 2633 2975 2685 καὶ
3008 2632 3116 2702 ὅσῳ
3148 2630 3214 2684 ἀν
3250 2647 3337 2695 τις
3380 2632 3445 2683 ἐκ
3466 2628 3839 2698 διαστήματος

2265 2723 2547 2793 ἀκοντίσῃ,
2575 2720 2815 2789 τοσούτῳ
2857 2720 3212 2788 ἐπιτυγχάνει
3244 2735 3258 2749 ·
3292 2716 3435 2770 οὕτω
3478 2716 3571 2768 ἐπὶ
3597 2715 3698 2784 τῆς
3739 2731 3840 2766 τα·-

2265 2809 2719 2882 πεινοφροσύνης.
2767 2807 2907 2861 Ἀλλ’
2938 2808 3068 2861 ὅταν
3110 2806 3240 2876 περὶ
3279 2803 3413 2858 Θεοῦ
3438 2802 3557 2875 [85]
3584 2802 3839 2873 λέγωμεν

2262 2900 2364 2963 τὰς
2391 2897 2688 2960 ἀναϐάσεις
2708 2938 2722 2961 ,
2754 2895 2971 2967 ἀνάγκη
2994 2894 3210 2966 πρῶτον
3240 2893 3544 2946 κατάϐασιν
3578 2893 3782 2945 ἐννοεῖν
3817 2909 3835 2922 θ

2263 2987 2393 3041 ὅταν
2436 2986 2492 3038 δὲ
2531 2984 2659 3055 περί⁵
2696 2983 3010 3055 ἀνθρώπου,
3036 2981 3241 3035 οὐκέτι.
3279 2977 3412 3033 Εἶτα
3440 2981 3536 3033 καὶ
3563 2980 3664 3049 τὴν
3699 2977 3839 3046 πρό-

2266 3091 2419 3129 νοιαν
2439 3072 2608 3126 αὑτοῦ
2637 3072 2879 3126 δείκνυσι
2909 3072 3002 3123 καὶ
3033 3068 3133 3140 τὴν
3157 3069 3369 3138 σοφίαν,
3410 3067 3504 3121 καί
3527 3084 3695 3137 φησιν
3716 3083 3729 3097 ·
3779 3066 3840 3117 Ὀ

2266 3160 2490 3216 τοιαῦτα
2518 3159 2917 3232 ἐργασάμενος,
2951 3158 3044 3212 καὶ
3076 3156 3312 3210 τοσαῦτα
3335 3155 3581 3224 ἰσχύσας,
3613 3155 3709 3207 καὶ
3737 3151 3841 3222 μέ-

2267 3267 2359 3321 χρι
2381 3249 2488 3303 τῶν
2514 3246 2841 3317 κατωτέρων
2878 3244 3059 3316 μερῶν
3086 3243 3163 3314 μὴ
3194 3242 3675 3313 παραιτησάμενος
3706 3257 3844 3293 κατ-

2267 3337 2443 3390 ελθεῖν
2492 3335 2560 3388 δι’
2592 3335 2762 3407 ἡμᾶς,
2792 3333 2894 3386 οὐκ
2931 3331 2996 3384 ἂν
3026 3326 3213 3393 ἀπλῶς
3261 3329 3358 3392 τάς
3417 3325 3681 3397 διανομάς
3730 3326 3846 3378 τῶν

2267 3423 2624 3497 χαρισμάτων
2695 3422 2972 3492 ἐποίησεν.
3010 3418 3264 3490 Ἀλλαχοῦ
3323 3418 3381 3472 δέ
3428 3434 3594 3488 φησιν
3650 3418 3732 3469 ὅτι
3782 3417 3847 3469 τὸ

2268 3496 2493 3583 Πνεῦμα
2518 3508 2679 3565 τοῦτο
2698 3509 3018 3579 εἰργάσατο,
3049 3506 3193 3561 οὕτω
3213 3505 3389 3574 λέγων
3414 3522 3429 3537 ·
3474 3507 3569 3557 Ἐν
3596 3496 3645 3570 ᾧ
3673 3504 3845 3558 ἔθετο

2266 3600 2424 3670 ὑμᾶς
2451 3599 2516 3653 τό
2539 3597 2793 3666 Πνεῦμα
2820 3597 2888 3650 τὸ
2913 3596 3086 3663 ἅγιον
3100 3590 3476 3657 ἐπισκόᾱνσυς
3503 3590 3849 3659 ποιμαίνειν

2267 3689 2383 3756 τὴν
2414 3684 2785 3749 Ἐκκλησίαν
2835 3682 2944 3738 τοῦ
2995 3678 3241 3750 Κυρίου.
3296 3681 3407 3734 Καὶ
3451 3677 3683 3733 ἐνταῦθα
3746 3678 3847 3746 μέν

2269 3789 2455 3843 φησιν,
2482 3772 2566 3825 ὅτι
2589 3772 2618 3823 ό
2647 3769 2799 3833 Υἰὸς,
2824 3768 3060 3839 ἀλλαχοῦ
3090 3768 3172 3831 δὲ,
3195 3767 3322 3821 ὅτιὸ
3351 3765 3502 3829 Θεός·
3535 3766 3630 3818 καὶ
3659 3764 3842 3827 πάλιν,

2267 3859 2463 3926 Αὐτὸς
2498 3854 2687 3912 ἔδωκε
2727 3855 2803 3925 τῇ
2843 3856 3168 3924 Ἐκκλησία
3233 3854 3376 3920 τοὺς
3416 3853 3535 3922 μὲν
3583 3853 3845 3907 ἀποστό-

2268 3951 2439 4013 λους,
2484 3945 2627 4012 τοὺς
2672 3944 2741 3998 δὲ
2781 3946 3116 4013 προφήτας.
3134 3942 3227 3996 Ἐν
3276 3941 3335 3994 δὲ
3379 3944 3446 4011 τῇ
3478 3940 3615 4011 πρὸς
3642 3941 3846 4008 Κοριν-

2271 4033 2420 4098 θίους
2458 4034 2621 4103 φησίν
2641 4048 2655 4062 ⁸
2684 4031 2826 4101 Ἐγὼ
2853 4031 3186 4100 ἐφύτευσα,
3203 4027 3517 4094 Ἀπολλὼς
3535 4027 3844 4087 ἐπότισεν,

2269 4121 2406 4176 ἀλλ’
2432 4124 2466 4175 ό
2496 4121 2642 4185 Θεὸς
2690 4105 2919 4188 ηὔξανε
2952 4136 2966 4149 ο
3004 4116 3100 4171 καὶ
3154 4117 3337 4182 πάλιν,
3371 4116 3425 4168 '0
3460 4114 3742 4184 φυτεύων
3774 4111 3845 4166 δὲ

2271 4208 2373 4263 καὶ
2404 4211 2437 4263 ό
2465 4206 2736 4275 ποτίζων,
2774 4206 2845 4262 ἓν
2889 4208 3084 4261 εἰσιν
3123 4204 3384 4270 ἕκαστος
3421 4202 3491 4256 δὲ
3545 4202 3653 4256 τόν
3691 4202 3849 4254 ῐδιον

2267 4293 2491 4365 μισθὸν
2527 4293 2791 4363 λήψεται
2832 4292 2987 4347 κατὰ
3044 4290 3154 4345 τόν
3220 4290 3378 4345 ῑδιον
3428 4291 3643 4344 κόπον.
3689 4287 3851 4340 Οὕτω

2273 4382 2370 4435 καὶ
2392 4381 2648 4437 ἐνταῦθα.
2691 4381 2757 4435 Τί
2778 4380 2907 4453 γὰρ,
2935 4380 2986 4433 εἰ
3012 4379 3236 4432 ἔλαττον
3256 4377 3566 4447 εἰσφέρεις;
3592 4374 3849 4429 τοσοῦτον

2275 4469 2487 4533 ἔλαϐες.
2526 4466 2769 4537 Πρῶτον
2820 4466 3211 4532 ἀποστόλους
3240 4481 3254 4494 ·
3304 4464 3483 4518 πάντα
3534 4462 3644 4535 γὰρ
3702 4460 3853 4532 εἶχον

2273 4552 2437 4611 οὗτοι.
2488 4556 2779 4625 Δεύτερον
2824 4553 3136 4623 προφήτας
3160 4569 3175 4584 ·
3229 4548 3370 4624 ἦσαν
3428 4552 3539 4622 γάρ
3585 4566 3753 4613 τινες,
3797 4550 3853 4603 οἳ

2276 4642 2566 4696 ἀπόστολοι
2595 4642 2693 4712 μὲν
2712 4641 2814 4695 οὐκ
2838 4636 3001 4711 ἦσαν,
3031 4638 3305 4711 προφῆται
3337 4637 3416 4704 δὲ,
3451 4636 3641 4706 ῶσπερ
3682 4638 3854 4704 Ἀγα-

2277 4731 2390 4794 ϐος.
2430 4727 2639 4798 Τρίτον
2669 4724 3104 4798 εὐαγγελιστάς
3133 4743 3150 4758 ο
3190 4727 3241 4779 οἱ
3293 4726 3369 4797 μὴ
3396 4725 3701 4796 περιιόντες
3722 4742 3855 4777 παν-

2277 4817 2468 4889 ταχοῦ,
2497 4816 2611 4871 άλλ’
2637 4813 3115 4886 εὐαγγελιζόμενοι
3140 4814 3322 4884 μόνον,
3347 4813 3422 4876 ὡς
3442 4810 3743 4883 Πρίσκιλλα
3758 4811 3857 4865 καὶ

2292 4905 2542 4969 Ἀκύλας.
2572 4903 2868 4975 Ποιμένας
2890 4902 2991 4957 καί
3026 4902 3462 4967 διδασκάλους,
3485 4901 3612 4964 τοὺς
3628 4899 3858 4971 ὁλόκλη-

2285 5009 2376 5063 ρον
2435 4989 2981 5062 ἐμπεπιστευμένους
3025 4988 3196 5052 ἔθνος.
3246 4989 3313 5041 Τί
3334 4984 3544 5054 οὗν;οἰ
3591 4989 3857 5057 ποιμένες

2282 5081 2379 5135 καὶ
2407 5080 2457 5133 οἱ
2478 5078 2790 5134 διδάσκαλοι
2816 5078 3068 5142 ἐλάττους
3094 5094 3110 5144 ;
3145 5076 3256 5131 Καὶ
3287 5078 3431 5132 πάνυ
3447 5117 3463 5143 ,
3488 5076 3598 5130 τῶν
3615 5077 3859 5148 περιιόν-

2280 5186 2391 5222 των
2418 5167 2513 5222 καὶ
2534 5165 3039 5237 εὐαγγελιζομένων
3069 5166 3119 5220 οἰ
3148 5165 3450 5236 καθήμενοι
3483 5166 3574 5219 καὶ
3608 5166 3739 5231 περὶ
3757 5165 3861 5226 ἕνα

2280 5257 2449 5310 τόπον
2471 5249 2981 5327 ἠσχολημένοι,οἷον
2997 5252 3282 5324 Τιμόθεος,
3311 5252 3493 5316 Τίτος.
3528 5251 3743 5315 Ἀλλως
3772 5252 3859 5319 δὲ,

2282 5345 2347 5399 οὐ
2396 5343 2622 5398 δυνατὸν
2668 5341 2918 5396 ἐντεῦθεν
2954 5340 3285 5412 ποιήσασθαι
3319 5342 3418 5410 τὴν
3449 5339 3733 5410 ὑποταγὴν
3762 5344 3862 5394 καὶ

2283 5435 2382 5504 τὴν
2410 5431 2763 5504 προτίμησιν,
2800 5429 2915 5484 ἀλλ’
2936 5430 3043 5483 ἀπὸ
3080 5429 3274 5500 ἐτέρας
3309 5428 3651 5499 Ἐπιστολῆς.
3670 5428 3864 5494 Αὐτὸς

2283 5520 2469 5575 ἔδωκε
2499 5560 2515 5585 ,
2567 5517 2745 5589 φησί·
2796 5517 2962 5588 μηδὲν
3011 5516 3295 5587 ἀντείπῃς.
3341 5518 3413 5570 Ἥ
3463 5514 3863 5584 εὐαγγελιστάς

2285 5624 2442 5679 φησι,
2476 5607 2604 5669 τοὺς
2628 5605 2688 5659 τὸ
2723 5603 3056 5673 Εὐαγγέλιυν
3088 5604 3415 5675 γράψαντας.
3449 5604 3609 5672 Πρὸς
3639 5618 3862 5671 καταρ-

2288 5690 2505 5764 τισμύν
2540 5690 2659 5747 τῶν
2680 5691 2887 5760 άγίων,
2912 5694 2999 5758 εἰς
3022 5690 3199 5760 ἔργον
3229 5686 3563 5758 διακονίας,
3591 5692 3680 5758 εἰς
3696 5693 3860 5744 οἱκο-

2290 5780 2485 5855 δομὴν
2515 5780 2620 5835 τοὺ
2639 5779 2909 5851 σώματος
2948 5779 3053 5834 τοῦ
3083 5779 3358 5848 Χριστοῦ.
