4092 6556
256 436 311 491 3|
1147 431 1210 488 IN
1251 430 1467 487 EPIST.
1510 431 1600 486 AD
1642 428 1885 488 EPIIES.
1928 430 2082 489 CAP.
2128 433 2214 490 IV.
2255 435 2487 495 HOMIL.
2535 436 2627 493 XI.

253 552 360 606 hil?
390 552 581 620 Apage
609 567 623 604 :
659 548 804 605 Unus
846 547 984 605 Deus
1024 558 1072 603 et
1106 549 1260 602 Pater
1289 548 1517 602 onmiunt
1539 589 1555 615 ,
1584 550 1670 617 qui
1697 564 1849 613 super

251 661 416 698 manes
435 683 452 709 ,
483 654 536 698 et
573 659 661 712 per
688 644 860 696 omnia
886 684 900 704 ,
928 652 976 697 et
1001 642 1055 696 iu
1084 641 1316 696 omnibus
1342 642 1498 694 vobis.
1536 640 1708 711 Super
1737 657 1850 692 om-

251 754 333 791 nes
354 778 371 799 ,
403 737 505 792 hoc
530 745 654 801 est,
685 737 949 791 Dominus
974 748 1027 791 et
1054 738 1303 805 superior
1331 737 1582 789 omnibus
1620 754 1633 788 :
1668 732 1734 789 Et
1764 752 1852 800 rer

252 828 432 891 omnia,
464 827 568 881 hoc
594 837 697 890 est,
732 829 1042 897 providens,
1071 829 1455 882 administrans
1484 844 1497 882 :
1527 826 1589 881 Et
1614 829 1665 879 in
1687 828 1823 879 omni
1834 856 1849 866 -

253 924 336 977 bus
355 923 512 985 vobis,
546 922 647 974 hoc
674 931 778 985 est,
812 922 901 990 qui
937 922 988 974 in
1019 920 1270 974 omnibus
1299 919 1521 975 habitat.
1553 922 1715 989 Atqui
1746 920 1847 974 hoc

257 1016 421 1069 dicunt
451 1029 580 1069 esse
610 1015 728 1068 Filii
761 1032 774 1066 :
807 1016 1160 1084 quamobrem
1192 1014 1236 1067 si
1282 1023 1426 1067 esset
1468 1015 1570 1067 hoc
1614 1014 1847 1067 diminu-

259 1105 419 1170 tionis,
459 1121 567 1159 non
600 1105 804 1160 dictum
843 1115 988 1159 esset
1027 1105 1095 1159 de
1129 1107 1305 1160 Patre.
1357 1105 1638 1178 Unicuique
1675 1116 1844 1159 autem

257 1210 457 1253 nostrum
490 1199 617 1253 data
656 1210 730 1252 est
770 1201 961 1269 gratia.
993 1198 1130 1267 Quid
1158 1215 1308 1269 ergo,
1353 1198 1544 1269 inquit,
1575 1197 1841 1251 undenam

252 1302 361 1347 sunt
397 1292 610 1345 diversa
640 1292 1014 1347 charismata?
1048 1292 1160 1345 lloc
1190 1293 1334 1345 enim
1366 1306 1584 1359 semper
1617 1290 1761 1360 ipsos
1788 1300 1844 1343 et

252 1384 544 1438 Corinthios
574 1395 630 1438 et
662 1385 863 1437 multos
894 1384 1027 1447 alios
1052 1425 1065 1446 ,
1110 1383 1209 1436 bos
1236 1383 1451 1453 quidem
1483 1382 1550 1435 ad
1582 1397 1839 1451 arrogan-

252 1478 387 1541 tiam,
418 1476 537 1529 illos
566 1491 700 1529 vero
730 1476 1033 1530 deducebat
1060 1476 1124 1528 ad
1156 1491 1445 1530 man-orem
1476 1485 1531 1529 et
1559 1475 1836 1529 invidiam.

250 1566 524 1635 Propterea
585 1583 807 1635 semper
872 1567 1108 1621 ostendit
1166 1568 1474 1635 exemplum
1531 1568 1776 1634 corporis
1822 1582 1837 1620 :

248 1674 513 1733 propterea
543 1677 689 1715 nunc
718 1677 936 1730 quoque
966 1662 1066 1715 hoc
1097 1662 1294 1730 posuit,
1322 1663 1576 1729 quoniam
1603 1662 1842 1715 facturus

252 1764 353 1810 erat
378 1754 705 1809 mentionem
732 1754 1071 1809 diversorum
1104 1754 1511 1807 charismatum.
1536 1754 1714 1822 Atque
1737 1752 1839 1807 hoc

251 1848 444 1916 quidem
492 1849 843 1917 persequitur
888 1848 1131 1901 exactius
1178 1848 1230 1901 in
1270 1847 1512 1916 Epistula
1541 1846 1609 1901 ad
1641 1845 1834 1901 Corin-

250 1940 415 2005 thios,
448 1943 703 2011 qnmiiam
745 1942 856 1996 illic
898 1942 987 1997 hic
1017 1942 1238 1996 morbus
1268 1942 1503 1996 maxime
1546 1940 1835 1995 exercebat

258 2033 563 2104 tyrannidem
614 2051 627 2087 :
682 2049 827 2089 nunc
867 2051 994 2087 vero
1042 2033 1129 2088 hic
1174 2044 1377 2087 tantum
1429 2034 1589 2088 tacite
1638 2034 1835 2087 innuit.

264 2127 377 2182 Vide
401 2138 568 2181 autem
596 2128 727 2197 quid
759 2129 922 2183 dicat.
955 2129 1068 2182 Non
1110 2129 1278 2189 dixit,
1306 2128 1614 2183 Secundum
1648 2128 1830 2181 unius-

253 2223 484 2293 cujusque
507 2225 674 2277 lidt-m
697 2267 712 2290 ,
739 2242 809 2279 ue
840 2226 891 2278 in
920 2226 1082 2279 animi
1114 2241 1369 2295 angorem
1400 2225 1519 2278 illos
1548 2224 1829 2294 injiceret,

244 2318 324 2385 qui
344 2332 518 2386 magna
542 2335 655 2371 non
682 2330 838 2372 erant
865 2318 1139 2387 asscqunti
1174 2337 1187 2373 :
1220 2319 1313 2371 sed
1343 2317 1509 2387 quid?
1535 2317 1831 2372 Secundum

240 2423 507 2462 ruensuront
544 2411 675 2464 doni
718 2410 925 2465 Christi.
962 2412 1095 2479 Quze
1129 2412 1423 2481 principem
1458 2411 1629 2464 locum
1663 2409 1833 2480 magis

239 2499 418 2555 habent
445 2506 585 2556 inter
612 2504 817 2563 oinnia.
850 2520 913 2557 ea
954 2514 1078 2557 sent
1122 2506 1302 2558 Olltllla
1352 2503 1654 2558 comumnia
1676 2544 1689 2563 ,
1722 2502 1829 2555 ha—

238 2593 667 2661 ptisma,salvum
696 2610 818 2649 esse
842 2612 936 2664 per
960 2596 1139 2656 tidem,
1169 2596 1336 2648 Deum
1369 2594 1566 2648 habere
1592 2593 1826 2657 Patrem,

234 2683 454 2751 ejusdem
481 2685 721 2753 Spiritus
752 2702 943 2739 onnies
971 2701 1091 2739 esse
1119 2684 1423 2754 participes.
1453 2683 1508 2738 Si
1537 2683 1623 2738 hic
1648 2691 1826 2737 autem

235 2778 355 2830 alius
382 2778 497 2846 plus
528 2778 697 2831 habet
734 2779 784 2831 iu
813 2778 1158 2843 charismate,
1208 2793 1277 2831 ne
1329 2776 1535 2838 doleas,
1573 2777 1825 2845 quoniam

238 2869 297 2921 illi
328 2870 438 2937 plus
465 2880 549 2924 est
586 2870 791 2923 lalmris
827 2889 840 2920 :
870 2881 925 2922 ct
956 2870 1025 2924 ab
1054 2886 1118 2923 eo
1146 2870 1234 2938 qui
1268 2869 1509 2938 quinque
1540 2879 1826 2936 acceperat

237 2963 454 3026 talenta,
512 2963 873 3031 exigebantur
926 2963 1200 3032 quinque;
1259 2961 1303 3015 is
1354 2971 1535 3014 autem
1585 2960 1676 3029 qui
1721 2962 1827 3012 duo

234 3057 439 3124 accepit,
465 3056 580 3111 duo
615 3068 821 3109 tantum
850 3057 1049 3117 attulit,
1082 3070 1182 3109 nec
1214 3056 1392 3108 minus
1418 3069 1577 3123 quam
1604 3053 1695 3107 ille
1726 3052 1825 3106 ha-

235 3147 348 3202 buit.
375 3148 674 3216 Propterea
724 3148 809 3203 hic
836 3163 901 3203 ex
932 3146 1119 3201 eadem
1146 3162 1304 3201 caustn
1336 3145 1644 3199 Consolatur
1669 3144 1825 3197 audio

234 3248 405 3293 torem.
429 3241 509 3293 Ad
530 3241 1028 3296 consummationem
1054 3250 1369 3305 sanctorum,
1399 3239 1594 3309 inquit,
1625 3241 1676 3291 in
1698 3255 1827 3307 opus

235 3333 516 3397 ministerii,
568 3334 630 3387 in
679 3334 1073 3401 cdiﬁcotionem
1124 3334 1355 3400 corporis
1411 3332 1598 3385 Christi
1648 3330 1825 3401 (Infra

231 3439 273 3475 ο.
315 3425 377 3479 19.
469 3426 769 3493 Propterea
802 3428 916 3495 ip~c
959 3442 1172 3497 quoque
1204 3425 1437 3489 dicebat,
1493 3424 1577 3478 νω
1605 3425 1750 3485 mihi,
1783 3424 1827 3477 si

232 3533 319 3570 non
347 3519 801 3589 erangelimero(
830 3522 878 3574 l.
900 3518 1018 3574 Cor.
1044 3522 1098 3577 9.
1128 3522 1192 3575 16
1212 3520 1268 3589 )3
1304 3520 1497 3588 Utpote
1528 3518 1669 3587 quod
1694 3534 1824 3587 apo-

232 3607 436 3664 stolatus
457 3610 737 3679 ejusmodi
750 3610 1018 3666 charisma
1041 3614 1357 3682 acet-pisset.
1384 3612 1488 3666 Sed
1517 3620 1821 3681 propterea,

235 3698 312 3754 Va:
330 3702 423 3757 sibi
446 3704 689 3766 dicebat,
719 3705 974 3774 quoniam
992 3716 1275 3774 acceperat
1300 3723 1313 3759 :
1339 3716 1393 3758 tu
1420 3715 1596 3757 autem
1624 3704 1820 3758 liberm

234 3802 306 3847 tus
329 3810 384 3849 cs
407 3810 434 3849 a
468 3797 737 3865 periculo.
760 3796 1058 3851 Secundum
1097 3814 1403 3851 mensuram.
1427 3797 1562 3864 Quid
1584 3804 1687 3861 est,
1723 3796 1821 3851 Se-

231 3890 431 3942 cundum
458 3892 791 3945 mensuram?
824 3890 936 3945 lloc
957 3902 1060 3957 est,
1087 3908 1193 3945 non
1219 3907 1315 3960 pro
1338 3892 1536 3945 nostris
1575 3890 1779 3944 meritis
1803 3906 1817 3942 :

229 3981 408 4052 alioqui
431 4001 598 4039 nemo
626 3987 925 4054 accepisset
965 4003 1084 4054 qua}
1124 3986 1366 4055 accepit;
1396 3985 1489 4041 sed
1518 3986 1824 4053 accepimus

229 4088 399 4131 omnes
424 4093 454 4133 a
482 4078 801 4133 donatione.

287 4170 338 4222 2.
377 4170 479 4225 Cur
508 4174 565 4225 in
613 4170 848 4225 Ecclesia
890 4172 1024 4226 alius
1074 4174 1213 4242 plus,
1237 4171 1372 4225 alius
1412 4173 1579 4226 minus
1617 4172 1821 4229 habeat.

229 4293 290 4303 —-
311 4264 415 4319 Cur
437 4275 625 4320 autem
654 4266 742 4319 hic
764 4265 981 4334 quidem
1006 4265 1125 4334 plus
1149 4307 1163 4329 ,
1193 4265 1280 4319 ille
1307 4279 1438 4320 vero
1464 4265 1642 4319 minus
1668 4280 1825 4320 acce-

231 4356 337 4423 pit?
365 4358 472 4412 Hoc
502 4358 680 4423 nihil,
716 4358 909 4428 inquit,
941 4358 1086 4420 facit,
1111 4358 1206 4413 sed
1234 4374 1323 4414 res
1349 4368 1433 4412 est
1459 4358 1770 4413 indiﬂ'erens
1804 4376 1818 4412 :

231 4450 583 4520 unusquisque
610 4450 755 4503 enim
800 4451 1013 4504 confert
1049 4449 1115 4503 ad
1148 4449 1581 4503 aedificationem.
1631 4451 1695 4504 Et
1725 4464 1823 4520 per

230 4540 320 4598 hoc
355 4546 596 4599 ostendit
636 4544 779 4615 quod
825 4561 929 4598 non
974 4560 1039 4599 ex
1089 4544 1201 4597 suis
1231 4544 1456 4606 meritis,
1492 4544 1576 4598 hic
1606 4544 1819 4615 quidem

229 4635 353 4703 plus,
382 4638 472 4693 ille
518 4654 652 4693 vero
693 4639 871 4691 minus
908 4637 1156 4707 accepit,
1186 4638 1283 4692 sed
1331 4647 1549 4707 propter
1575 4639 1730 4703 alios,
1765 4647 1824 4692 ιιι

227 4730 331 4796 Ipse
356 4747 575 4785 mensus
608 4738 711 4785 est.
740 4730 875 4784 Nam
903 4730 1035 4791 alibi
1059 4744 1275 4800 quoque
1302 4730 1433 4784 dicit
1464 4747 1478 4783 :
1512 4729 1692 4784 Posuit
1720 4749 1819 4783 au-

229 4828 315 4873 tem
358 4824 609 4887 membra,
660 4824 1061 4894 unztmquodquc
1109 4838 1286 4875 eorum
1335 4822 1464 4875 sicut
1500 4824 1609 4892 ipse
1659 4822 1818 4877 coluit

214 4907 351 4973 (Ibid.
386 4918 475 4973 12.
506 4918 575 4973 18
609 4920 646 4986 ).
678 4917 794 4971 Non
822 4917 953 4971 dicit
990 4926 1170 4971 autem
1197 4918 1481 4980 rationem,
1514 4933 1579 4971 ne
1608 4918 1822 4971 audito-

231 5025 332 5063 rum
378 5012 605 5080 spiritus
643 5010 911 5081 deprimat
954 5025 1018 5065 ac
1061 5010 1297 5079 dejiciat.
1330 5009 1386 5064 8.
1422 5008 1645 5078 Propter
1684 5011 1821 5080 quod

230 5103 352 5168 dicit,
384 5106 676 5160 Ascendeus
700 5107 754 5159 in
782 5105 945 5158 altum
973 5106 1227 5173 captivam
1255 5104 1404 5158 duxit
1431 5106 1773 5174 captivitate»:
1798 5148 1813 5172 ,

230 5206 266 5247 et
290 5198 421 5255 dedit
459 5201 601 5254 dona
630 5201 939 5253 hominibus.
971 5200 1082 5254 lloc
1120 5210 1201 5253 est
1235 5216 1249 5253 ε
1280 5198 1417 5265 Quid
1445 5199 1722 5256 exuilleris
1764 5210 1820 5257 et

230 5294 274 5339 te
300 5290 576 5360 magniﬁce
620 5291 1030 5361 circumspicis?
1060 5291 1151 5346 Dei
1199 5301 1281 5346 cst
1310 5291 1648 5346 universum.
1681 5294 1816 5348 Pro-

232 5380 371 5446 pheta
396 5384 611 5451 quidem
644 5384 774 5437 dicit
802 5385 856 5437 in
884 5383 1118 5450 Psalmo,
1143 5384 1393 5455 Accepisti
1419 5384 1557 5440 dona
1578 5387 1630 5440 in
1652 5385 1815 5439 homi-

232 5472 359 5525 nibus
382 5473 552 5534 (Paul.
585 5476 785 5545 67.19)
814 5494 830 5539 ;
863 5477 977 5546 ipse
1016 5486 1199 5531 autem
1223 5476 1389 5542 dicit,
1422 5476 1573 5531 Dedit
1601 5478 1737 5532 dona
1764 5478 1815 5533 in

234 5563 518 5622 hominibus.
549 5568 785 5636 idll'Sllm
834 5579 1016 5624 autem
1062 5578 1147 5625 est
1192 5568 1296 5625 hoc
1342 5580 1395 5623 cl.
1434 5569 1585 5623 illud.
1627 5569 1816 5626 Simile

233 5651 342 5708 item
373 5659 471 5712 hoc
501 5677 514 5711 :
547 5657 599 5715 9.
633 5660 785 5727 Quod
809 5672 981 5714 autem
1023 5660 1249 5714 ascendit
1276 5661 1401 5732 quid
1425 5671 1518 5725 est,
1552 5662 1650 5715 nisi
1678 5664 1815 5732 quod

232 5755 270 5795 rt
310 5747 557 5804 descendit
604 5754 827 5823 primum
873 5754 924 5806 in
966 5753 1236 5823 inferiores
1287 5763 1455 5821 partes
1506 5754 1695 5807 teme?
1726 5754 1811 5809 10.

235 5838 323 5903 Qui
347 5843 631 5912 descendit,
659 5848 774 5913 ipse
793 5859 867 5901 est
892 5856 939 5899 et
967 5848 1055 5915 qui
1077 5848 1307 5901 ascendit
1332 5864 1489 5917 super
1514 5864 1689 5902 omnes
1711 5864 1812 5901 cte-

232 5934 297 5982 Ιος
340 5950 390 5989 ut
434 5941 725 6011 adimp’eret
775 5944 965 5995 omnia.
1000 5941 1124 5996 Ilaec
1153 5942 1409 6007 audiens,
1444 5958 1511 5997 ne
1535 5942 1812 5997 existimes

3494 445 3564 501 82

1969 552 2270 605 transitum.
2300 553 2432 609 Nam
2486 556 2627 619 quod
2677 558 2729 612 in
2781 557 3016 628 Epistola
3071 561 3137 615 ad
3188 560 3562 632 Philippenses

1959 640 2222 711 (Philipp.
2250 645 2304 699 ἓ.
2327 647 2403 715 7),
2432 647 2517 702 hic
2544 664 2757 720 quoque
2785 651 3013 707 adstruit
3041 664 3093 708 et
3120 654 3421 709 conﬁrmat.
3443 658 3557 711 Sic-

1959 743 2013 785 ut
2046 735 2154 787 illic
2182 737 2416 792 suadens
2459 740 2813 798 humilitatem
2835 786 2852 809 ,
2883 744 3099 801 adducit
3131 747 3400 802 Christum
3438 768 3450 802 :
3487 752 3556 804 ita

1954 835 2007 878 et
2033 826 2140 889 hic,
2172 845 2292 883 cum
2320 832 2469 897 dicit,
2510 833 2776 889 Descendit
2804 839 2857 891 in
2886 840 3153 910 inferiores
3183 852 3354 909 partes
3386 852 3551 895 terra'.

1954 919 2084 973 Nam
2115 922 2215 976 nisi
2251 923 2321 977 ita
2353 936 2528 989 esset,
2558 942 3013 998 supervacaneum
3042 943 3188 989 esset
3216 935 3357 1003 quod
3388 937 3513 990 dicit
3536 978 3551 1000 ,

1956 1009 2206 1067 Obediens
2237 1015 2402 1082 [actus
2447 1033 2605 1083 usque
2642 1020 2711 1072 ad
2737 1030 2947 1075 mortem
2981 1022 3157 1093 (Ibid.
3188 1043 3233 1079 υ.
3262 1026 3339 1095 8).
3373 1027 3455 1081 Ex
3486 1044 3553 1081 co

1950 1105 2093 1173 quod
2121 1106 2381 1170 ascendit,
2404 1108 2576 1163 innuit
2596 1110 2938 1166 descensum.
2967 1114 3249 1170 Interiores
3272 1132 3401 1171 vero
3420 1134 3547 1186 par-

1951 1204 2031 1250 tes
2054 1206 2211 1250 terrze
2238 1198 2367 1253 dicit
2398 1214 2625 1255 mortem
2652 1242 2667 1263 ,
2698 1202 2996 1259 secundum
3026 1204 3303 1260 hominum
3334 1210 3548 1278 opinio-

1949 1304 2070 1343 nem
2106 1290 2289 1346 :sicut
2330 1294 2492 1347 etiam
2546 1295 2759 1350 dicebat
2811 1296 2994 1360 Jacob,
3032 1297 3306 1353 Deducetis
3353 1302 3548 1354 senium

1947 1398 2112 1435 meum
2132 1400 2249 1437 eum
2277 1385 2455 1440 dolore
2478 1387 2547 1440 ad
2573 1389 2763 1460 inferos
2789 1391 2807 1460 (
2838 1390 2966 1445 Gen.
2992 1392 3080 1446 ιι.
3100 1391 3210 1462 99)
3237 1411 3251 1456 ;
3284 1403 3338 1447 et
3364 1410 3550 1448 rursus

1947 1476 1998 1528 in
2034 1476 2269 1542 Psaltno,
2296 1478 2496 1534 Similis
2526 1498 2612 1535 cro
2653 1484 3072 1539 descendentibus
3090 1486 3145 1538 in
3174 1488 3339 1539 lacum
3368 1485 3545 1555 (Psal.

1946 1565 2069 1621 142.
2095 1569 2187 1637 ’1);
2222 1567 2325 1624 hoc
2350 1579 2435 1625 est
2457 1612 2472 1636 ,
2503 1574 2749 1627 mortuis.
2783 1574 2892 1628 Cur
2927 1574 3069 1630 hunc
3116 1576 3293 1631 locum
3325 1577 3411 1631 hic
3440 1587 3548 1633 tra-

1942 1659 2086 1713 ctat?
2109 1674 2400 1730 quamnam
2429 1662 2560 1718 dicit
2600 1666 3002 1734 captivitatem?
3024 1669 3399 1740 Captivitatem
3430 1669 3547 1723 dia-

1943 1750 2051 1805 boli
2080 1770 2093 1806 :
2122 1761 2408 1820 tyrannum
2436 1758 2645 1826 accepit
2686 1760 2994 1827 captivum,
3026 1778 3222 1831 nempe
3270 1762 3540 1816 diabolum

1940 1852 1994 1896 ct
2047 1854 2274 1899 mortem
2300 1887 2317 1911 ,
2360 1858 2413 1900 et
2444 1851 2870 1907 exsecrationem
2899 1893 2912 1915 ,
2947 1862 3000 1905 et
3050 1863 3348 1921 peccatum.
3382 1853 3545 1908 Vides

1940 1935 2174 2004 praedam
2204 1947 2258 1991 et
2286 1939 2497 2009 spolia?
2529 1940 2681 2006 Quod
2707 1955 2877 1997 autent
2906 1946 3133 1999 ascendit
3162 1947 3286 2016 quid
3316 1958 3409 2012 cst,
3440 1948 3539 2000 uisi

1936 2028 2075 2096 quod
2100 2041 2144 2081 et
2173 2030 2473 2086 descendit?
2501 2033 2612 2088 Hoc
2652 2046 2733 2089 est
2762 2037 3018 2091 adversus
3045 2053 3161 2103 (ξος,
3192 2040 3283 2109 qui
3312 2039 3537 2093 Paulum

1938 2118 2349 2177 Samosatcnum
2377 2135 2692 2194 sequuntur.
2726 2128 2827 2194 Qui
2853 2129 3127 2192 descendit,
3154 2132 3262 2199 ipse
3284 2140 3354 2184 est
3380 2140 3428 2183 et
3452 2130 3541 2198 qui

1935 2213 2161 2265 ascendit
2205 2230 2360 2284 super
2402 2233 2576 2271 omnes
2617 2218 2771 2273 cwlos
2815 2229 2868 2272 ut
2897 2220 3201 2289 adimpleret
3230 2221 3401 2275 omnia
3433 2222 3532 2290 (α).

1934 2308 2015 2362 Ad
2058 2309 2373 2376 inferiores,
2405 2313 2614 2383 inquit,
2642 2326 2825 2385 partes
2856 2325 3016 2370 terra:
3045 2315 3325 2370 descendit
3352 2357 3369 2381 ,
3418 2323 3539 2383 post.

1934 2418 2053 2470 quae
2101 2419 2205 2457 non
2253 2414 2378 2459 sunt
2405 2406 2523 2459 alia:
2557 2425 2569 2459 :
2600 2418 2654 2462 et
2695 2409 2939 2463 ascendit
2983 2424 3147 2478 super
3174 2409 3385 2470 omnia,
3418 2419 3538 2477 post

1933 2510 2051 2561 qme
2083 2512 2187 2548 non
2235 2505 2318 2551 est
2362 2498 2561 2567 aliquid
2589 2500 2754 2554 aliud.
2790 2502 2901 2555 lloc
2942 2510 3027 2556 est
3056 2502 3172 2568 ejus
3202 2499 3455 2555 efficacia:
3483 2511 3537 2554 et

1932 2585 2285 2649 dominatus;
2334 2606 2455 2643 nam
2491 2591 2604 2646 luec
2648 2608 2863 2661 quoque
2909 2594 3089 2647 omnia
3138 2594 3267 2646 olim
3310 2593 3531 2661 impleta

1934 2680 2164 2736 fuerant.
2197 2684 2287 2736 ll.
2313 2683 2381 2736 Et
2405 2684 2513 2752 ipse
2552 2685 2690 2738 dedit
2723 2687 2969 2754 quosdam
3012 2688 3214 2757 quidem
3250 2688 3533 2755 apostolos.

1931 2772 2179 2839 quosdam
2200 2784 2368 2826 autem
2396 2776 2689 2843 prophetas,
2722 2778 2851 2830 alios
2882 2793 2995 2830 vero
3023 2779 3378 2847 cvangelistas.
3403 2778 3534 2830 alios

1930 2873 2101 2916 autem
2151 2874 2377 2933 pastores
2426 2878 2471 2919 et
2510 2869 2778 2935 doctores.
2815 2869 2901 2921 12.
2945 2871 2996 2921 in
3044 2871 3532 2923 consummationem

1928 2967 2241 3022 sanctorum,
2271 2959 2324 3012 in
2365 2975 2495 3027 Opus
2530 2962 2816 3021 ministerii.
2849 2962 2901 3014 in
2931 2962 3323 3029 mdiﬁcationem
3349 2975 3534 3029 corpo-

1929 3048 2001 3100 ris
2047 3048 2253 3103 Christi.
2296 3050 2449 3119 Quod
2492 3053 2615 3106 alibi
2656 3053 2806 3118 dicit,
2841 3053 3063 3123 PrOpter
3110 3054 3248 3124 quod
3296 3064 3343 3107 et
3400 3053 3535 3108 Deus

1928 3142 2171 3195 exultavit
2197 3142 2344 3197 illuni
2366 3145 2703 3217 (Philippa.
2738 3146 2814 3218 9),
2850 3148 2954 3203 hoc
3000 3148 3086 3202 hic
3116 3164 3332 3219 quoque
3377 3148 3530 3214 dicit,

1933 3238 2033 3304 Qui
2060 3238 2339 3302 descendit,
2370 3240 2479 3311 ipse
2499 3251 2570 3295 est
2598 3251 2644 3295 et
2669 3242 2758 3309 qui
2782 3243 3029 3296 ascendit.
3059 3242 3211 3311 Quod
3239 3226 3536 3298 descende.

1929 3333 1999 3386 rit
2022 3332 2089 3387 ad
2119 3332 2398 3388 inferiores
2424 3346 2602 3404 partes
2632 3346 2810 3402 terrae,
2835 3336 2968 3390 nihil
3000 3337 3048 3391 ei
3077 3336 3271 3394 obluit.
3306 3352 3405 3391 nec
3432 3337 3532 3390 im-

1930 3424 2097 3492 pediit
2117 3427 2408 3495 quominus
2428 3427 2746 3482 ascenderet
2774 3443 2932 3497 Supra
2960 3430 3142 3483 ca-los.
3168 3428 3531 3497 Quamobrem

1930 3533 2037 3585 quo
2066 3520 2186 3589 quis
2216 3534 2275 3573 se
2318 3520 2657 3575 humiliorem
2693 3520 2909 3585 fecerit,
2940 3538 3006 3576 eo
3035 3524 3203 3592 magis
3232 3523 3530 3576 extollitur.

1928 3611 2076 3665 Sicut
2106 3611 2250 3667 enim
2286 3613 2338 3666 in
2366 3628 2500 3681 aqua
2525 3628 2632 3682 quo
2662 3614 2833 3683 magis
2863 3629 2983 3668 eam
3015 3613 3149 3667 infra
3175 3613 3536 3676 detuleris,co

1928 3703 2095 3772 magis
2128 3704 2178 3755 in
2207 3704 2373 3757 altum
2404 3703 2656 3767 ell'ertur;
2687 3714 2741 3758 et
2760 3720 2868 3773 quo
2895 3720 2960 3759 ex
2989 3705 3176 3772 majori
3207 3706 3379 3773 spatio
3408 3705 3527 3758 t'ue-

1927 3794 2003 3848 ris
2022 3794 2310 3863 jaculatns,
2341 3811 2407 3850 eo
2454 3798 2620 3866 magis
2646 3799 2988 3867 assequeris:
3022 3799 3089 3852 ita
3118 3799 3278 3853 etiam
3327 3798 3379 3852 in
3434 3799 3530 3851 hu-

1927 3887 2174 3941 militate.
2206 3888 2311 3943 Sed
2344 3888 2555 3959 quando
2577 3889 2645 3943 de
2672 3890 2782 3943 Deo
2806 3890 3007 3943 dixeris
3033 3891 3399 3951 escensiones.
3432 3906 3528 3945 ne-

1926 3998 2078 4037 cesse
2100 3992 2179 4035 est
2206 3981 2439 4051 primum
2470 3984 2708 4051 cogitare
2734 3983 3054 4037 descensum
3075 4000 3090 4046 ;
3110 3982 3323 4048 quando
3350 3992 3529 4038 autem

1925 4072 1994 4126 de
2021 4073 2256 4136 homine,
2294 4088 2651 4142 nequaquam.
2690 4074 2893 4129 Deinde
2922 4076 3159 4129 ostendit
3207 4076 3367 4129 etiam
3411 4077 3533 4143 ejus

1928 4165 2316 4233 providentiam
2341 4176 2395 4220 et
2421 4167 2737 4233 sapientiam
2775 4185 2788 4220 :
2817 4168 3074 4236 dicitque,
3099 4170 3191 4236 qui
3217 4180 3322 4222 tam
3357 4170 3524 4223 multa

1928 4258 2072 4323 fecit,
2105 4269 2159 4311 et
2204 4260 2294 4329 qui
2329 4269 2532 4313 tantum
2567 4261 2758 4328 pomit.
2811 4272 2864 4315 ct
2909 4262 2975 4317 ad
3026 4264 3308 4318 inferiores
3356 4281 3528 4334 usque

1929 4360 2085 4404 terra:
2109 4362 2287 4420 partes
2310 4367 2406 4419 pro
2434 4352 2589 4407 nobis
2614 4352 2947 4409 descendere
2976 4370 3080 4408 non
3114 4357 3400 4421 recusavit,
3422 4374 3528 4411 non

1928 4453 2132 4497 temere
2159 4444 2283 4498 fecit
2311 4443 2717 4499 distributiones
2744 4446 3153 4503 charismatum.
3179 4448 3317 4502 Alibi
3348 4459 3527 4505 autem

1924 4534 2054 4590 dicit
2084 4535 2224 4605 quod
2250 4534 2350 4589 hoc
2373 4545 2624 4605 operatus
2642 4538 2712 4591 sit
2733 4537 3073 4607 Spiritus,sic
3096 4540 3280 4594 dicens
3305 4558 3319 4595 :
3347 4540 3407 4593 ln
3430 4560 3530 4613 quo

1928 4629 2093 4697 posuit
2120 4644 2206 4682 vos
2237 4628 2462 4698 Spiritus
2501 4641 2713 4683 sanctus
2738 4632 3002 4702 episcopos
3042 4649 3217 4701 regere
3244 4633 3526 4686 Ecclesium

1929 4719 2138 4773 Domini
2166 4719 2306 4789 (Act.
2331 4721 2421 4775 9.0.
2452 4721 2587 4791 28):
2623 4721 2708 4775 hic
2752 4733 2930 4777 autem
2956 4723 3087 4778 dicit
3126 4725 3269 4792 tpiod
3316 4726 3526 4783 Filius:

1925 4812 2050 4866 alibi
2072 4812 2214 4882 quod
2246 4813 2385 4867 Beus
2410 4828 2425 4879 ;
2455 4823 2507 4866 et
2537 4830 2776 4881 rursum,
2818 4812 2843 4867 1
2849 4832 2939 4885 pse
2966 4816 3105 4868 dedit
3128 4813 3372 4870 Ecclesia:
3401 4820 3532 4871 alios

1924 4903 2126 4971 quidem
2173 4906 2450 4974 apostolos,
2480 4906 2610 4959 alios
2639 4918 2806 4960 autem
2836 4907 3108 4976 prophetas
3136 4908 3153 4972 l
3187 4909 3237 4961 l.
3270 4908 3391 4962 Cor.
3437 4912 3519 4974 12,

2073 4998 2126 5051 lu
2152 4997 2392 5067 Epistula
2419 5007 2596 5051 autem
2628 4998 2694 5052 ad
2722 4997 3030 5053 Corinthios
3057 5000 3206 5064 dicit,
3244 5000 3351 5070 Ego
3375 5003 3528 5070 plan—

1923 5092 2045 5153 tavi,
2071 5091 2257 5162 Apollo
2310 5092 2523 5161 rigavit,
2561 5090 2698 5145 Deus
2751 5104 2917 5145 autem
2970 5094 3333 5147 incrementum
3390 5096 3531 5150 dedit

1898 5179 1949 5251 (1
1957 5186 2012 5238 d.
2043 5184 2096 5239 5.
2127 5184 2181 5238 6.
2211 5183 2245 5239 8
2274 5184 2328 5250 );
2358 5193 2410 5237 et
2438 5198 2647 5249 rursus,
2695 5184 2793 5252 Qui
2819 5185 3016 5254 plantat
3059 5196 3228 5239 autem
3268 5196 3313 5239 et
3340 5189 3425 5257 qui
3456 5191 3526 5240 ri-

1921 5284 2008 5346 gat
2028 5291 2187 5329 unum
2213 5287 2329 5329 sunt
2350 5292 2369 5329 :
2400 5268 2744 5346 unusquisque
2761 5286 2929 5329 autent
2956 5280 3217 5348 proprium
3247 5280 3529 5334 mercedem

1987 5451 2060 5516 (τι)
2084 5451 2165 5501 De
2196 5451 2344 5516 Pauli
2372 5452 2678 5516 satnosateni
2703 5454 2886 5503 bzercsi
2921 5460 2996 5504 sat
3019 5455 3213 5504 diversa
3238 5454 3458 5506 referunt
3469 5471 3529 5507 nr

1920 5515 2077 5581 aisCrij
2098 5516 2287 5581 tgribus
2312 5515 2678 5581 ljlcclesiastieis
2698 5554 2711 5577 ,
2738 5516 3020 5581 Athanasio,
3045 5516 3291 5581 Eusebio,
3318 5517 3529 5581 Epipha-

1920 5580 2018 5634 nio,
2033 5585 2085 5626 et
2110 5576 2387 5626 Philastrio.
2401 5578 2604 5637 Quidam
2621 5576 2742 5628 vero
2764 5579 2932 5629 dicunt
2951 5577 3083 5627 illum
3108 5588 3159 5627 ιιι
3185 5587 3234 5629 et
3254 5576 3528 5631 Sabellium

1923 5640 2234 5714 identitatem
2255 5640 2600 5714 Patrisetr‘ilii
2625 5646 2679 5690 et
2698 5641 2908 5714 Spiritus
2924 5651 3077 5714 sancti
3104 5642 3378 5714 indulsisse.
3393 5644 3529 5714 glire-

1921 5710 2049 5764 stu‘m
2093 5715 2306 5764 negasse
2345 5701 2508 5751 Deum
2552 5717 2669 5764 esse
2701 5701 2878 5752 dicitur
2902 5717 2929 5752 a
2957 5702 3273 5754 'l‘heodoreto
3299 5705 3384 5755 lib.
3409 5708 3440 5756 2
3462 5709 3529 5757 de

1922 5763 2186 5813 Hareticis
2207 5764 2385 5813 fabulis
2403 5802 2417 5823 ,
2446 5772 2498 5814 et
2520 5763 2653 5814 clare
2682 5779 2707 5813 ιι
2732 5765 3019 5815 Philastrio.
3047 5768 3200 5826 Quam
3225 5771 3526 5819 sententiam

1924 5826 2273 5891 biceppugnat
2296 5827 2743 5891 Chrysostomuset
2767 5830 2923 5891 carpit
2947 5841 3009 5877 ex
3051 5831 3129 5879 his
3154 5829 3289 5879 Pauli
3316 5834 3483 5880 verbis
3504 5865 3520 5881 .

1921 5887 2009 5958 Qui
2030 5886 2297 5958 descendit.
2319 5886 2420 5958 ipse
2444 5896 2514 5939 est
2537 5895 2581 5943 et
2601 5890 2683 5953 qui
2707 5886 2924 5941 ascendit
2946 5904 3092 5955 super
3118 5906 3280 5957 cannas
3300 5908 3357 5942 cu
3374 5895 3443 5941 los
3476 5899 3527 5943 ut

1921 5948 2210 6008 adimpterct
2233 5949 2426 5999 onmin.’
