4092 6546
509 434 577 489 8?.
1278 434 1335 486 s.
1376 429 1660 486 manus
1687 417 2154 481 cnnvsosrout
2194 415 2507 471 AltCllll-ZP.
2548 416 3072 474 coxsras'nxor.
3718 421 3783 472 δι

512 551 723 621 accipiet
752 550 1024 601 secundum
1049 563 1194 598 suum
1219 545 1440 598 laborem
1469 542 1545 614 (2.
1573 540 1691 596 Cor.
1719 540 1771 593 5.
1809 538 1885 606 6).
1923 535 1995 587 lla
2019 532 2105 585 hic

516 657 752 712 quoque.
783 641 918 706 Quid
961 639 1124 700 enim,
1158 637 1204 691 si
1235 636 1393 690 affers
1423 632 1633 688 minus?
1663 640 1866 685 tantum
1895 624 2101 690 accepi-

515 735 605 787 sti.
637 732 868 786 Primum
897 730 1188 800 apostolos;
1216 727 1269 780 hi
1299 726 1440 780 enim
1473 723 1740 777 habebant
1770 719 1947 774 omnia
1985 734 1996 767 :
2029 731 2106 767 se-

516 825 682 878 cundo
709 823 1018 894 prapltetas;
1043 831 1199 876 erant
1229 820 1374 874 enim
1404 817 1564 886 aliqui
1601 815 1690 884 qui
1734 811 1956 882 apostoli
1986 807 2104 877 qui-

518 915 640 970 dem
671 930 777 967 non
807 923 960 966 erant
983 955 996 976 ,
1023 921 1176 967 erant
1205 921 1382 965 autem
1417 909 1691 978 propheta:
1713 946 1726 968 ,
1755 912 1810 956 ut
1846 901 2060 970 Agabus
2091 915 2102 949 :

517 1009 664 1060 tertio
689 1005 1041 1077 evangelistas,
1072 1020 1159 1073 qut
1203 1018 1307 1057 non
1348 1016 1534 1055 omnes
1561 999 1782 1054 obibant
1825 996 2102 1064 regiones,

520 1099 615 1153 sed
654 1097 1092 1165 evangelizabant
1115 1135 1131 1158 ,
1158 1105 1213 1148 ιιι
1259 1094 1495 1148 Priscilla
1525 1103 1574 1146 et
1610 1090 1794 1159 Aquila
1824 1105 1837 1140 :
1873 1085 2110 1138 Pastores

519 1199 568 1243 et
595 1189 846 1249 doctores,
871 1201 1100 1256 quorum
1129 1185 1247 1239 fidei
1279 1193 1386 1237 tota
1417 1197 1548 1253 guns
1572 1191 1687 1234 erat
1717 1178 1938 1234 credita.
1971 1173 2108 1240 Quid

522 1279 686 1349 ergo?
716 1288 870 1333 erant
901 1287 1145 1346 pastores
1172 1286 1225 1330 et
1251 1275 1500 1329 ductores
1530 1271 1854 1326 inferiores?
1883 1269 2111 1323 Maxime

525 1368 738 1439 quidem
764 1409 780 1435 ,
811 1368 874 1421 iis
905 1368 994 1436 qui
1024 1381 1211 1420 omnes
1244 1365 1466 1419 obibant
1491 1364 1734 1431 regiones
1761 1371 1813 1414 et
1839 1357 2112 1428 evangeli-

527 1461 793 1525 zantibus,
819 1459 852 1512 ii
883 1459 971 1528 qui
999 1457 1255 1512 sedebant
1290 1466 1343 1509 et
1385 1458 1434 1508 in
1472 1469 1579 1507 uno
1627 1453 1746 1506 loco
1772 1459 1926 1504 erant
1950 1464 2113 1502 occu-

529 1553 662 1623 pati,
691 1561 746 1605 ut
770 1550 1084 1606 Timotheus
1111 1558 1164 1602 et
1193 1548 1364 1602 Titus.
1393 1547 1602 1614 Alioqui
1644 1553 1820 1598 autem
1865 1557 1964 1596 nec
1994 1541 2117 1594 hinc

533 1644 645 1697 fieri
697 1652 870 1712 potest
897 1642 1159 1709 subjectio
1181 1652 1232 1694 et
1261 1639 1480 1693 honoris
1508 1636 1768 1707 prmlatio,
1795 1635 1888 1689 sed
1921 1649 1986 1688 ex
2014 1633 2117 1687 alia

531 1734 778 1802 epistola.
815 1731 933 1801 ipse
982 1730 1140 1792 dedit,
1189 1729 1393 1798 inquit;
1437 1742 1505 1782 ne
1556 1725 1966 1781 contradixeris.
2018 1725 2122 1776 Aut

535 1825 888 1893 evangelistas
932 1822 1081 1882 dicit,
1111 1834 1205 1874 eos
1249 1819 1338 1889 qui
1379 1819 1696 1887 scripserint
1746 1815 2116 1884 Evangelium.

535 1916 616 1968 Ad
645 1914 1127 1968 consummationem
1154 1920 1449 1963 sanctorum
1475 1950 1490 1976 ,
1516 1909 1569 1962 in
1597 1925 1722 1978 Opus
1753 1905 2039 1970 ministerii,
2070 1905 2122 1955 in

535 2008 922 2077 adiﬁcationem
955 2005 1180 2073 corporis
1218 2002 1426 2058 Christi.

606 2104 659 2156 ὅ.
707 2101 868 2155 Vides
935 2097 1356 2153 auctoritatem?
1415 2094 1788 2164 Unusquisque
1850 2089 2122 2152 :cilificat,

539 2193 903 2261 unusquisque
936 2190 1143 2257 perlicit
1163 2197 1216 2243 et
1241 2195 1600 2249 consunnnat,
1633 2184 1999 2253 unusquisque
2023 2180 2126 2234 mi-

541 2285 750 2338 nistrat.
783 2283 871 2336 15.
900 2280 1072 2333 Donec
1097 2295 1424 2332 occurramus
1443 2319 1459 2343 ,
1493 2277 1663 2344 inquit
1687 2313 1702 2338 ,
1734 2290 1904 2326 omnes
1932 2273 1984 2324 in
2012 2274 2128 2324 uni-

542 2390 695 2432 tatem
709 2375 838 2446 ’βάρι
865 2387 909 2429 et
938 2375 1212 2445 agnitionis
1251 2372 1374 2426 Filii
1403 2372 1531 2434 Dei,
1559 2373 1610 2424 in
1637 2371 1798 2424 virum
1830 2370 2126 2438 perfectum,

542 2472 596 2524 in
629 2485 914 2524 ntensuram
945 2468 1106 2520 (etatis
1137 2467 1465 2534 plenitudinis
1506 2465 1716 2519 Christi.
1770 2463 2002 2518 Aitatetn
2047 2461 2132 2515 hic

546 2561 676 2615 dicit
736 2561 1021 2630 perfectam
1076 2557 1424 2628 agnitionem.
1477 2555 1936 2622 Quemadmodum
1988 2555 2129 2607 enim

547 2657 628 2709 vir
678 2663 780 2708 stat
834 2653 1020 2707 lirmns
1074 2667 1137 2705 ac
1187 2651 1408 2713 stabilis,
1454 2649 1602 2719 pueri
1643 2657 1818 2701 autem
1867 2647 2133 2702 mentibus

547 2745 1038 2800 circmnferuntur:
1079 2743 1147 2795 ita
1202 2742 1364 2796 etiam
1423 2741 1474 2793 in
1523 2739 1786 2792 fidelibus.
1844 2736 1910 2790 In
1961 2737 2129 2789 unita-

547 2847 684 2899 tem,
743 2835 934 2904 inquit,
993 2834 1134 2901 ﬁdei.
1183 2833 1293 2886 Hoc
1320 2831 1617 2896 est,doncc
1662 2840 1932 2883 ostensum
1976 2827 2136 2881 fuerit

551 2945 651 2984 nos
677 2943 865 2980 omnes
907 2942 1066 2979 unam
1101 2925 1297 2979 habere
1320 2924 1504 2976 ﬁdem.
1536 2923 1646 2976 lloc
1674 2930 1757 2975 est
1783 2921 1927 2974 enim
1957 2920 2136 2972 unitas

555 3019 699 3082 lidei,
728 3016 942 3086 quando
967 3031 1155 3068 omnes
1177 3031 1336 3068 nntnn
1369 3029 1576 3076 sumus,
1610 3013 1822 3083 quando
1845 3011 2137 3080 colligatio-

559 3125 683 3164 nem
717 3123 905 3162 omnes
931 3108 1089 3161 simul
1116 3105 1678 3177 agnoscimus.Usque
1704 3105 1769 3156 ad
1803 3105 1902 3156 hoc
1931 3115 2138 3169 tempus

555 3205 771 3267 operari
811 3207 1052 3268 oportet,
1084 3198 1126 3251 si
1157 3207 1443 3268 propterea
1497 3196 1748 3265 accepisti
1789 3194 2054 3249 charisma
2085 3201 2140 3245 ut

561 3293 692 3346 alios
733 3292 987 3347 aedifices.
1020 3290 1148 3345 Vide
1180 3305 1247 3344 ne
1275 3291 1499 3358 teipsum
1520 3298 1730 3342 evertas
1756 3287 1844 3340 alii
1873 3286 2137 3342 invidens.

560 3385 700 3438 Deus
723 3394 772 3436 te
799 3383 1102 3443 honoravit,
1123 3393 1176 3436 et
1195 3382 1369 3450 posuit
1395 3382 1630 3434 utalium
1657 3378 1897 3449 perlicias
1927 3393 1988 3429 ac
2015 3391 2143 3430 eon-

560 3491 819 3530 snmmes.
846 3475 976 3529 Nam
1007 3485 1061 3528 et
1083 3475 1355 3544 apostolus
1375 3474 1426 3526 in
1451 3473 1550 3524 hoc
1573 3481 1705 3532 erat,
1727 3480 1781 3525 et
1806 3469 2059 3539 propheta
2091 3468 2140 3520 in

560 3569 661 3622 hoc
693 3576 826 3630 erat,
861 3568 1183 3635 praplietans
1229 3577 1282 3619 et
1324 3565 1673 3635 persuadens,
1713 3573 1767 3618 et
1816 3563 2140 3632 evangelista

561 3659 955 3724 evangelizans,
985 3667 1040 3711 et
1064 3667 1243 3727 pastor
1272 3669 1326 3712 et
1345 3657 1570 3711 dot-tur:
1601 3671 1788 3709 omnes
1819 3671 1978 3707 unum
2008 3669 2143 3722 opus

563 3759 929 3818 susceperant.
955 3749 1030 3803 Ne
1055 3748 1181 3802 mihi
1204 3749 1344 3802 enim
1369 3748 1569 3801 dixeris
1587 3745 1938 3800 dill'erentiani
1964 3745 2143 3797 chari-

561 3853 789 3894 smatum
823 3858 836 3894 :
863 3857 1051 3896 omnes
1083 3857 1243 3894 unum
1286 3856 1419 3909 opus
1456 3839 1740 3892 habebant.
1773 3839 1904 3893 Nam
1934 3837 2146 3905 quando

564 3947 752 3985 oumes
793 3932 1039 3986 similiter
1067 3932 1371 3992 credimus,
1415 3941 1540 3984 tunc
1571 3939 1654 3986 est
1694 3931 1886 3983 unitas.
1941 3931 2144 3982 Etenim

563 4023 702 4093 quod
733 4021 834 4076 hoc
855 4023 1022 4076 virum
1043 4022 1186 4075 dicat
1217 4022 1527 4091 perfectum.
1547 4030 1630 4074 est
1656 4023 2014 4090 perspicuum.
2051 4022 2148 4073 At-

563 4114 652 4181 qui
677 4113 804 4167 alibi
833 4129 929 4166 nos
959 4113 1088 4168 dicit
1115 4114 1386 4182 parvulos,
1410 4115 1568 4166 etiam
1597 4128 1718 4166 eum
1758 4128 1942 4166 smnus
1971 4111 2147 4180 perfe-

564 4205 654 4270 cti,
698 4203 790 4258 sed
839 4205 943 4258 alio
987 4214 1256 4272 spectans.
1287 4203 1417 4257 Nam
1471 4203 1540 4256 ibi
1588 4203 1800 4272 quidem
1854 4219 1950 4257 nos
1999 4214 2152 4257 vovat

565 4296 814 4365 parvulos
840 4297 1046 4351 ratione
1073 4296 1251 4350 habita
1279 4297 1466 4350 futura!
1488 4296 1807 4363 cognitionis
1833 4316 1844 4348 :
1881 4313 1999 4350 nam
2027 4313 2147 4352 cum

567 4389 804 4453 dixisset,
838 4387 923 4441 Ea:
948 4398 1091 4459 parte
1118 4389 1487 4458 cognoscimus,
1517 4387 1795 4457 subjunin
1837 4389 2018 4449 etiam,
2050 4389 2151 4444 Per

563 4481 870 4551 aenigmata,
902 4491 957 4536 et
982 4497 1101 4551 qua:
1125 4491 1249 4536 sunt
1277 4481 1580 4548 hujusmodi
1609 4483 1686 4550 (1.
1707 4479 2113 4552 Cor.15.9.-12)
2138 4501 2151 4538 :

567 4575 654 4627 hic
693 4584 868 4627 autent
915 4574 1049 4628 dixit
1093 4576 1197 4627 alio
1244 4575 1558 4642 respiciens,
1591 4590 1783 4642 nempe
1829 4575 1894 4627 ad
1942 4575 2148 4631 facilem

568 4665 961 4733 prolapsionem
989 4674 1042 4717 et
1064 4665 1411 4718 mulationem
1443 4681 1456 4716 :
1487 4666 1624 4718 sicut
1653 4667 1810 4719 etiam
1838 4667 1964 4720 dicit
1984 4668 2107 4721 alibi
2135 4687 2146 4720 :

572 4755 922 4826 Perfectorum
951 4765 1118 4808 autent
1166 4765 1237 4808 est
1279 4755 1473 4814 solidus
1520 4757 1659 4810 cibus
1689 4757 1707 4826 (
1741 4757 1895 4812 Ilebr.
1927 4758 1978 4811 5.
2013 4758 2080 4811 H
2108 4759 2148 4829 ).

571 4849 728 4902 Vides
769 4849 1040 4918 quomodo
1089 4849 1198 4902 illic
1239 4863 1452 4916 quoque
1499 4849 1628 4903 dicit
1676 4851 1982 4919 perfectos?
2017 4852 2150 4906 Vide

567 4939 834 5009 quomodo
865 4939 951 4992 hic
993 4938 1200 4992 vocavit
1244 4939 1509 5008 perfectos
1553 4955 1648 5008 per
1675 4957 1734 4995 ca
1770 4957 1889 5010 qua:
1928 4943 2147 5011 subjun¢

568 5041 784 5099 guntur,
815 5030 904 5084 14.
940 5028 1007 5084 Ut
1042 5031 1158 5100 jam
1184 5046 1283 5082 non
1315 5030 1471 5083 simus
1499 5031 1722 5095 parvuli.
1754 5031 1879 5086 Haec
1928 5045 2009 5086 est
2029 5076 2042 5097 ,
2077 5035 2154 5088 in—

569 5124 701 5191 quit,
733 5137 1003 5186 mensura,
1029 5132 1084 5175 ut
1113 5137 1338 5191 paucum
1366 5123 1506 5192 quod
1530 5125 1836 5192 accepimus
1863 5131 2005 5180 omni
2035 5138 2153 5181 stu-

571 5217 657 5270 dio
689 5216 1019 5284 lirmiterque
1062 5231 1126 5270 ac
1151 5214 1415 5270 stabiliter
1454 5216 1798 5273 retineamus.
1829 5217 1895 5273 Ut
1913 5220 2025 5289 jam
2053 5237 2152 5275 non

570 5309 814 5376 amplius.
847 5307 1003 5370 lllttd,
1036 5307 1156 5360 Non
1187 5309 1426 5377 amplius,
1451 5308 1685 5362 ostendit
1714 5325 1807 5364 eos
1833 5311 2153 5378 jampridem

572 5400 641 5452 ita
667 5399 829 5453 fuisse
855 5397 1093 5461 allectos,
1124 5409 1178 5454 et
1203 5401 1435 5468 seipsmn
1462 5402 1608 5469 ponit
1640 5401 1691 5454 in
1719 5403 1837 5455 loco
1866 5405 2157 5458 correctio-

573 5492 688 5556 nis,
717 5501 767 5544 el
798 5492 1036 5562 corrigit.
1074 5493 1360 5561 Propterea
1389 5493 1550 5557 dicit,
1584 5494 1684 5548 Tot
1734 5494 1951 5548 fuerunt
1979 5496 2107 5549 fabri
2137 5538 2151 5560 ,

571 5598 637 5636 ne
664 5582 946 5637 azdiftciutn
989 5585 1361 5648 labefactetur,
1391 5601 1457 5639 ne
1486 5587 1912 5652 circutnferatur,
1948 5599 2004 5641 ut
2050 5590 2155 5643 sint

570 5672 774 5741 lapides
802 5674 935 5728 lirtni
967 5686 1020 5730 et
1048 5677 1285 5730 stabiles.
1318 5677 1429 5730 lloc
1458 5677 1602 5732 enim
1632 5686 1713 5731 est
1745 5678 1978 5745 illorum,
2013 5696 2156 5734 netu-

570 5781 634 5834 pe
682 5763 938 5822 ﬂuctuare
963 5811 977 5832 ,
1009 5769 1262 5824 vacillare
1288 5812 1302 5832 ,
1342 5767 1674 5822 circumferri
1702 5779 1752 5822 ct
1787 5769 2044 5824 labefieri.
2084 5772 2152 5827 Ut

557 5854 667 5920 jam
699 5873 796 5910 non
828 5859 981 5912 simus
1013 5862 1230 5930 amplius
1263 5862 1483 5930 parvuli,
1513 5862 1834 5928 ﬂuctuantes,
1868 5874 1912 5916 et
1933 5867 2150 5920 t‘lt‘t‘ltttt-

2205 529 2429 598 feramur
2468 531 2606 583 omni
2655 542 2798 584 vento
2827 533 3068 585 doctrina:
3098 534 3149 586 in
3178 535 3400 603 nequitia
3427 536 3701 595 hominum.
3737 541 3792 588 in

2205 623 2390 674 astutia
2419 621 2487 673 ad
2515 623 2986 677 circumventionem
3014 627 3220 678 erroris.
3254 624 3323 678 Et
3353 627 3791 698 circumferamur,

2208 713 2409 779 inquit,
2443 713 2579 764 omni
2628 724 2794 768 uento.
2843 714 3205 786 Prosequutus
3253 727 3337 771 est
3382 718 3748 787 metaphoram
3777 761 3790 784 ,

2207 805 2498 857 ostendens
2529 805 2580 856 in
2609 820 2715 873 quo
2747 806 2983 873 periculo
3007 817 3131 860 sunt
3156 809 3348 862 anima:
3378 825 3496 878 qua:
3525 809 3793 862 dttbitant.

2212 894 2382 958 Ouini,
2416 896 2607 965 inquit,
2638 909 2803 964 vetito,
2837 899 2889 951 in
2920 902 3192 969 nequitiam
3219 902 3497 966 hominum,
3529 902 3581 954 in
3607 903 3799 954 astutia

2209 988 2275 1038 ad
2321 988 2792 1042 circumventiouem
2842 991 3045 1045 erroris.
3098 998 3337 1045 Κυϐευταῖ
3400 993 3649 1047 dicuntur
3705 994 3802 1062 qui

2211 1081 2588 1133 utunturtalis.
2609 1079 2767 1134 Tales
2794 1090 2918 1135 sunt
2943 1082 3031 1150 qui
3063 1092 3186 1135 sunt
3212 1083 3343 1136 vafri
3372 1093 3426 1137 et
3448 1085 3627 1149 astuti,
3655 1093 3804 1152 post-

2212 1184 2369 1238 quam
2398 1171 2638 1238 ceperint
2668 1170 3023 1239 simpliciores
3053 1189 3066 1223 :
3097 1171 3172 1225 illi
3215 1173 3359 1225 enim
3400 1174 3577 1227 omnia
3627 1183 3798 1226 trans-

2217 1270 2419 1336 ponunt
2443 1269 2496 1314 et
2527 1261 2876 1316 transferunt.
2917 1262 3012 1315 llic
3041 1264 3200 1316 vitam
3244 1280 3456 1333 quoque
3486 1266 3678 1334 tetigit.
3711 1266 3802 1319 15.

2226 1351 2497 1406 Veritatem
2523 1363 2689 1404 autem
2719 1355 2957 1424 facientes
2983 1355 3035 1407 in
3064 1355 3290 1420 caritate,
3322 1372 3607 1410 crescamus
3634 1359 3688 1409 in
3714 1359 3808 1411 illo

2218 1463 2310 1516 per
2338 1446 2526 1506 omnia,
2555 1446 2642 1514 qui
2681 1456 2752 1497 est
2789 1455 2941 1512 caput
2981 1445 3232 1510 Christus,
3265 1448 3351 1501 l6.
3380 1464 3442 1500 ea:
3480 1465 3578 1518 quo
3598 1490 3612 1514 ,
3647 1458 3810 1502 totum

2216 1555 2400 1608 corpus
2427 1547 2742 1608 compactum
2773 1549 2818 1590 et
2857 1555 3140 1593 connexum
3167 1557 3255 1608 per
3280 1557 3478 1596 onmem
3508 1543 3811 1610 juncturam

2217 1630 2713 1693 subministrationis,
2745 1632 3023 1684 secundum
3057 1633 3397 1701 operationem
3427 1634 3480 1686 in
3517 1651 3810 1688 mensuram

2220 1722 2617 1793 uniuscujusque
2659 1723 2904 1788 membri,
2953 1735 3278 1792 augmentum
3319 1727 3550 1794 corporis
3585 1729 3724 1797 facit
3761 1728 3810 1780 iit

2221 1815 2609 1883 wdiﬁcationem
2653 1818 2735 1869 sui
2775 1818 2828 1869 in
2865 1816 3094 1869 caritate.
3130 1816 3368 1872 Obscnre
3409 1818 3702 1873 admodum
3731 1831 3813 1875 est

2225 1905 2624 1974 interpretatus,
2662 1921 2727 1960 eo
2769 1907 2912 1976 quod
2943 1907 3170 1961 voluerit
3212 1909 3392 1962 omnia
3417 1911 3572 1964 simul
3606 1910 3813 1966 dicere.

2229 1998 2340 2052 Iloe
2363 2005 2448 2052 est
2476 2008 2651 2052 autem
2675 2000 2814 2068 quod
2842 2000 2971 2053 dicit
3000 2018 3013 2052 :
3042 2001 3191 2054 Sicut
3221 2001 3440 2069 Spiritus
3471 2003 3559 2072 qui
3587 2001 3820 2058 descen-

2227 2091 2302 2145 dit
2329 2107 2358 2144 a
2395 2091 2638 2155 cerebro,
2671 2093 2935 2147 sentiendi
2965 2095 3291 2159 facultatem,
3320 2111 3438 2166 qua:
3467 2105 3552 2150 est
3581 2112 3676 2165 per
3704 2113 3820 2151 ner-

2228 2199 2346 2249 vos,
2375 2200 2480 2238 non
2503 2185 2748 2239 absolute
2771 2183 2861 2238 dat
2887 2186 3158 2249 omnibus,
3191 2187 3286 2239 scd
3317 2202 3415 2256 pro
3437 2187 3816 2241 convenientia

2230 2287 2284 2333 et
2328 2278 2672 2348 proportione
2725 2278 3141 2349 uniuscujusque
3197 2281 3463 2345 membri;
3505 2281 3554 2336 ei
3599 2280 3817 2350 quidem

2230 2370 2372 2439 quod
2405 2370 2522 2437 plus
2545 2378 2720 2438 potest
2745 2370 3039 2434 suscipere,
3078 2371 3326 2439 amplius,
3356 2371 3530 2424 minus
3557 2380 3740 2426 autem
3773 2374 3817 2423 ei

2232 2463 2373 2532 quod
2399 2463 2605 2526 minus;
2638 2462 2738 2516 hoc
2762 2462 2902 2516 enim
2925 2473 3009 2516 est
3036 2463 3205 2526 radix,
3239 2477 3432 2532 nempe
3455 2463 3674 2532 spiritus
3702 2481 3716 2514 :
3747 2466 3821 2516 sic

2234 2555 2392 2610 etiam
2424 2553 2667 2607 Christus
2704 2571 2718 2606 :
2751 2554 3030 2607 animabus
3076 2554 3220 2608 enim
3266 2563 3531 2622 tamquam
3564 2554 3822 2609 membris

2235 2648 2281 2701 ei
2309 2648 2579 2716 appensis.
2607 2647 2726 2712 eius
2757 2646 3091 2714 providentia
3122 2656 3174 2699 et
3197 2645 3579 2699 charismatum
3617 2660 3820 2715 suppe—

2236 2738 2443 2802 ditatio,
2471 2750 2826 2807 congruenter
2851 2739 3179 2807 proportioni
3225 2749 3279 2793 et
3325 2739 3739 2800 convenienter,
3774 2740 3821 2792 in

2239 2844 2488 2884 mensura
2519 2829 2909 2883 incrementum
2954 2830 3076 2883 facit
3127 2829 3545 2898 uniuscujusque
3572 2827 3820 2882 membri.

2237 2920 2374 2988 Quid
2398 2929 2480 2974 est
2502 2929 2702 2985 autem,
2725 2919 2828 2974 Per
2843 2923 3138 2990 juncturam
3164 2921 3639 2975 subministrationis
3656 2921 3682 2973 .’
3720 2922 3826 2975 Hoc

2239 3022 2341 3077 est,
2374 3028 2469 3081 per
2489 3027 2730 3066 sensum.
2750 3013 2841 3066 lllc
2869 3015 3011 3067 enim
3035 3015 3253 3083 spiritus
3273 3014 3360 3083 qui
3389 3015 3826 3068 subministratur

2241 3113 2294 3158 et
2345 3103 2718 3173 suppeditatur
2771 3105 3026 3159 membris
3077 3121 3107 3158 a
3158 3107 3354 3174 capite,
3411 3106 3825 3174 unumqumlque

2244 3198 2540 3252 membrum
2593 3209 2814 3267 tangens
2867 3199 2936 3252 ita
2988 3209 3262 3268 operatur.
3296 3199 3365 3255 Ut
3413 3200 3456 3252 si
3499 3200 3618 3268 quis
3661 3200 3823 3263 dicat,

2242 3289 2448 3360 Corpus
2469 3290 2766 3358 suscipiens
2793 3291 3342 3344 subministrationem
3367 3305 3431 3344 ac
3451 3290 3827 3360 suppeditatio-

2245 3397 2388 3444 nent,
2417 3389 2776 3449 congruenter
2805 3381 3132 3450 proportioni
3167 3380 3528 3433 membrorum
3566 3397 3688 3450 qua":
3712 3391 3828 3436 sunt

2247 3473 2296 3526 in
2341 3474 2476 3542 ipso,
2512 3472 2582 3525 ita
2613 3471 2738 3524 facit
2776 3472 3162 3526 incrementum
3197 3489 3209 3524 :
3242 3482 3330 3526 aut
3359 3472 3553 3538 aliter,
3591 3471 3827 3527 Membra

2245 3575 2604 3634 congruenter
2651 3565 2976 3634 proportioni
3025 3581 3135 3617 sum
3174 3580 3440 3619 mensura:
3483 3565 3828 3633 suscipientia

2246 3659 2769 3728 suppeditationem,
2818 3659 2895 3712 sic
2946 3667 3252 3727 augentur:
3285 3668 3377 3713 aut
3424 3659 3584 3712 etiam
3634 3661 3829 3722 aliter,

2249 3751 2480 3819 Spiritus
2507 3749 2737 3818 desuper
2759 3748 2968 3802 abunde
3008 3750 3256 3815 affluens,
3291 3759 3344 3804 et
3385 3752 3562 3803 omnia
3594 3752 3829 3804 membra

2253 3852 2494 3909 tangens,
2520 3849 2574 3893 et
2594 3840 2960 3908 suppeditatus
2981 3852 3039 3894 ut
3065 3841 3431 3910 unusquisque
3460 3852 3635 3910 potest
3665 3844 3832 3896 susci-

2253 3949 2378 4002 pere
2400 3975 2414 3996 ,
2450 3932 2518 3986 ita
2548 3942 2788 4000 augetur.
2818 3932 3056 3998 Quanam
3087 3943 3264 3986 autem
3307 3933 3373 3986 de
3401 3948 3558 3986 causa
3591 3933 3794 3986 addidit
3819 3974 3831 3989 .

2254 4024 2316 4077 In
2341 4025 2548 4076 caritate
2569 4026 2594 4076 ?
2620 4023 2760 4078 Fieri
2791 4025 2932 4078 enim
2963 4040 3070 4078 non
3114 4034 3288 4092 potest
3328 4035 3385 4077 ut
3424 4025 3579 4078 aliter
3617 4026 3836 4092 Spiritus

2255 4117 2342 4171 ille
2368 4116 2676 4170 descendat.
2711 4116 2859 4171 Sicut
2888 4117 3053 4183 enim,
3079 4117 3121 4171 si
3151 4117 3434 4185 contigerit
3465 4125 3523 4170 ut
3553 4132 3746 4170 manus
3771 4119 3837 4168 sit

2252 4209 2432 4262 avulsa
2481 4223 2508 4259 a
2553 4222 2798 4274 corpore,
2832 4207 3052 4276 spiritus
3097 4208 3187 4276 qui
3244 4206 3482 4275 procedit
3529 4223 3557 4260 a
3589 4209 3833 4266 cerebro,

2254 4315 2497 4369 qua-rens
2519 4298 2992 4365 continuationem,
3020 4314 3141 4352 cum
3174 4315 3278 4351 non
3304 4299 3585 4361 invenerit,
3617 4314 3725 4350 non
3758 4313 3838 4350 ex-

2255 4391 2366 4446 silit
2387 4406 2418 4444 e
2439 4405 2686 4459 corpore,
2717 4399 2770 4444 et
2814 4405 2878 4444 eo
2909 4388 3182 4459 perforato
3223 4390 3336 4443 exit
3363 4390 3426 4443 ad
3458 4407 3671 4442 manum
3699 4408 3714 4454 ;
3748 4390 3838 4442 scd

2256 4484 2298 4538 si
2313 4485 2579 4552 jaceutem
2610 4497 2714 4535 non
2738 4483 3020 4545 invenerit,
3042 4497 3145 4537 non
3179 4483 3376 4551 tangit:
3408 4483 3477 4536 ita
3497 4482 3582 4536 bic
3604 4498 3837 4552 quoque,

2255 4577 2300 4630 si
2331 4591 2434 4630 non
2464 4577 2628 4630 simus
2663 4576 2895 4644 colligati
2923 4576 3164 4629 caritate.

2327 4671 2382 4724 4.
2427 4669 2704 4722 Humilitas
2741 4670 2807 4721 ad
2844 4670 3086 4722 unitatem
3114 4670 3341 4739 corporis
3386 4667 3626 4722 Ecclesia:
3665 4685 3840 4722 neces-

2257 4764 2411 4816 saria.
2440 4793 2512 4802 --
2537 4762 2661 4816 Htec
2691 4771 2866 4816 autem
2895 4763 3072 4815 omnia
3103 4762 3170 4815 ab
3203 4777 3268 4816 eo
3312 4762 3450 4816 dicta
3496 4772 3620 4816 sunt
3647 4762 3846 4816 exhor-

2261 4856 2422 4908 tantia
2454 4853 2519 4908 ad
2545 4853 2925 4908 humilitatem.
2956 4853 3095 4920 Quid
3121 4855 3288 4920 enim,
3325 4855 3494 4924 inquit
3520 4898 3534 4918 ,
3565 4855 3610 4908 si
3643 4855 3730 4908 hic
3756 4865 3846 4909 aut

2260 4948 2348 5003 ille
2377 4949 2495 5017 plus
2544 4947 2772 5018 accipit?
2823 4949 3072 5004 eumdem
3115 4952 3327 5018 accepit
3364 4949 3632 5018 Spiritum,
3664 4951 3755 5019 qui
3779 4964 3843 5004 ex

2259 5043 2449 5097 eodem
2478 5043 2654 5112 capite
2692 5043 2954 5096 emittitur
2975 5083 2992 5109 ,
3032 5043 3122 5111 qui
3155 5042 3403 5096 similiter
3431 5050 3684 5110 operatur
3708 5084 3726 5107 ,
3758 5042 3846 5112 qui

2261 5135 2507 5188 similiter
2534 5134 2736 5202 tangit,
2770 5133 2870 5199 Qui
2909 5133 3251 5203 compingitur
3280 5141 3325 5186 et
3352 5135 3714 5204 conjungitur,
3747 5133 3847 5188 hoc

2259 5237 2378 5290 est,
2442 5227 2596 5294 cujus
2658 5241 2846 5294 magna
2910 5239 3038 5278 cura
3095 5226 3319 5294 geritur.
3368 5225 3482 5279 Non
3519 5226 3662 5280 enim
3709 5242 3845 5294 quo-

2262 5321 2673 5390 modocumque,
2705 5319 2800 5374 sed
2830 5319 3117 5374 admodum
3145 5319 3434 5374 artiﬁciose
3457 5335 3657 5389 corpus
3683 5321 3842 5374 situm

2262 5415 2566 5484 sitoporlet
2597 5433 2610 5468 :
2643 5431 2763 5468 nam
2796 5415 2840 5468 si
2874 5430 2905 5468 e
2936 5415 3052 5470 loco
3079 5416 3410 5480 excesserit,
3461 5431 3569 5470 non
3619 5416 3843 5484 amplius

2262 5507 2422 5559 situm
2475 5517 2575 5560 est.
2625 5505 2800 5573 Quare
2834 5521 2937 5558 non
2983 5515 3197 5575 oportet
3239 5507 3414 5561 solum
3450 5515 3509 5560 ιιι
3545 5508 3614 5561 sit
3667 5507 3845 5560 nnitus

2263 5598 2474 5664 corpori
2502 5638 2515 5659 ,
2554 5596 2647 5650 sed
2697 5597 2856 5652 etiam
2901 5607 2960 5650 ut
2987 5598 3348 5652 suum'locum
3377 5608 3556 5654 teneat
3586 5615 3600 5652 :
3632 5598 3771 5667 quod
3799 5599 3841 5652 si

2262 5689 2690 5756 exsuperaveris,
2727 5703 2830 5742 non
2861 5705 2918 5744 es
2946 5689 3147 5755 ttuitus,
3181 5705 3356 5760 neque
3400 5691 3645 5759 spiritum
3676 5690 3842 5744 διιδεῖ-

2265 5782 2364 5848 pis.
2413 5782 2604 5834 Annon
2633 5779 2780 5835 vides
2826 5780 2878 5834 in
2922 5781 3124 5836 ossium
3173 5782 3697 5850 transpositionibus,
3725 5796 3842 5843 qua:

2264 5873 2440 5942 aliquo
2467 5889 2594 5928 casu
2623 5875 2956 5944 contingunt,
3005 5875 3218 5944 quando
3263 5890 3324 5930 os
3369 5876 3486 5932 loco
3531 5891 3627 5928 suo
3676 5887 3843 5927 trans-
