4092 6488
303 401 385 457 85
1245 395 1310 452 ΙΝ
1353 397 1573 453 EPIST.
1617 395 1708 454 AD
1749 390 1992 449 EPIIES.
2036 391 2188 447 CAP.
2220 393 2307 449 IV.
2353 393 2586 492 HOM‘IL.
2628 392 2717 448 XI.
3528 397 3596 451 86

384 512 640 584 ι”.Ὀρᾷς
671 511 734 565 τὸ
761 510 1010 582 ἀξίωμας
1045 511 1316 576 Ἕκαστος
1344 515 1639 584 οἰκοδομεῖ,
1671 513 1906 572 ἕκαστος

308 603 643 676 καταρτίζει
667 640 684 665 ,
738 600 976 664 ἕκαστος
1011 601 1273 656 διακονεῖ.
1308 602 1538 672 Μέχρις
1574 597 1648 658 οὗ
1686 617 1909 656 καταν-

308 698 610 764 τήσομεν,
647 695 816 763 φησὶν
837 732 851 756 ,
878 696 935 746 οι
975 693 1200 759 πάντες
1229 696 1317 760 εἰς
1351 693 1466 762 τὴν
1512 695 1770 761 ἑνότητα
1799 691 1911 756 τῆς

309 791 602 852 πίστεως,
639 784 864 853 καὶτῆς
887 783 1270 854 ἐπιγνώσεως
1299 785 1406 839 τοῦ
1440 785 1577 840 Υἱοῦ
1600 785 1706 839 τοῦ
1736 783 1910 848 Θεοῦ,
1953 773 1962 798 ⁸

308 881 404 945 εἰς
436 877 630 946 ἄνδρα
681 878 919 930 τέλειον
937 917 952 941 ,
978 879 1068 943 εἰς
1111 877 1336 946 μέτρον
1361 877 1604 944 ἡλικίας
1633 875 1739 929 τοῦ
1759 877 1912 939 πλη-

299 969 590 1038 ρώματος
617 967 729 1022 τοῦ
760 966 1045 1035 Χριστοῦ.
1083 967 1335 1022 Ἡλικίαν
1368 967 1608 1022 ἐνταῦθά
1636 983 1770 1037 φησι
1811 964 1910 1036 τὴν

308 1062 536 1114 τελείαν
595 1061 917 1124 ἐπίγνωσιν.
965 1059 1237 1130 Καθάπερ
1280 1060 1390 1129 γὰρ
1441 1062 1469 1112 6
1519 1059 1661 1128 ἀνὴρ
1709 1057 1911 1127 ἕστηκε

311 1152 579 1223 βεϐαίως,
613 1153 662 1204 οἱ
695 1151 751 1204 δὲ
787 1151 976 1215 παῖδες
998 1150 1099 1213 τὰς
1123 1151 1329 1222 φρένας
1374 1153 1790 1222 περιφέρονται,
1823 1147 1912 1200 οὖ-

312 1261 395 1296 τω
445 1245 544 1296 καὶ
609 1243 704 1295 ἐπὶ
758 1242 868 1296 τῶν
912 1243 1140 1296 πιστῶν.
1173 1245 1280 1309 Είς
1310 1241 1724 1309 τὴνένότητα,
1752 1240 1909 1310 φησὶ,

308 1337 430 1405 τῆς
455 1337 740 1400 πίστεως.
772 1335 1087 1399 Τουτέστιν,
1121 1335 1228 1398 ἓως
1265 1333 1330 1388 ἂν
1363 1333 1670 1404 δειχθῶμεν
1713 1333 1914 1394 πάντες

316 1431 451 1498 μίαν
498 1427 685 1480 πίστιν
731 1425 968 1497 ἔχοντες.
1021 1426 1194 1479 Τοῦτο
1245 1425 1355 1497 γάρ
1394 1427 1544 1478 ἐστιν
1588 1425 1777 1494 ἑνότης
1830 1424 1918 1475 πί-

315 1537 518 1582 στεως.
558 1519 688 1570 ὅταν
737 1518 943 1582 πάντες
978 1517 1037 1570 ἐν
1071 1511 1245 1588 ὦμεν,
1284 1518 1414 1570 ὅταν
1448 1516 1652 1579 πάντες
1708 1515 1914 1585 ὁμοίως

313 1611 411 1664 τὸν
447 1609 754 1680 σύνδεσμον
791 1611 1270 1679 ἐπιγινώσκωμεν.
1307 1610 1488 1678 Μέχρι
1521 1607 1645 1660 τότε
1681 1607 1914 1676 ἐργάξε-

317 1699 451 1752 σθαι
477 1698 605 1769 χρὴ,
640 1700 689 1751 εἰ
730 1698 820 1752 διὰ
857 1697 1016 1751 τοῦτο
1055 1699 1308 1768 χάρισμα
1347 1698 1564 1763 ἔλαϐες,
1598 1697 1689 1750 ἴνα
1719 1695 1916 1758 ἄλλους

317 1791 637 1862 οἰκοδομῇς.
681 1791 859 1844 Βλέπε
918 1793 993 1862 μὴ
1027 1794 1223 1845 σαυτὸν
1268 1790 1660 1863 καταστρέψῃς
1686 1833 1702 1857 ,
1741 1789 1916 1859 ἑτέρῳ

320 1883 561 1951 φθονῶν.
614 1882 881 1953 Ἐτίμησέ
921 1900 982 1936 σε
1010 1885 1038 1937 6
1061 1883 1216 1947 Θεὸς,
1246 1883 1342 1936 καί
1363 1880 1576 1946 ἔταξεν,
1605 1881 1748 1934 ὥστε
1784 1898 1915 1934 κατ-

326 1973 570 2044 αρτίζειν
613 1973 828 2044 ἕτερον.
889 1976 999 2028 Καὶ
1052 1974 1162 2044 γὰρ
1211 1976 1308 2028 καὶ
1343 1977 1372 2028 6
1418 1975 1723 2039 ἀπόστολος
1777 1975 1918 2044 πρὸς

333 2066 504 2137 τούτῳ
552 2062 643 2138 ἦν,
692 2067 841 2120 καὶό
872 2067 1160 2138 προφήτης
1203 2068 1342 2138 πρὸς
1396 2066 1577 2139 τούτῳ
1607 2063 1676 2138 ἦν
1702 2085 1919 2139 προφη-

330 2158 501 2211 τεύων
528 2159 624 2211 καὶ
671 2157 899 2223 πείθων,
929 2159 1025 2212 καὶ
1066 2161 1094 2211 6
1139 2158 1535 2230 εὐαγγελιστὴς
1562 2159 1916 2228 εὐαγγελιζό-

330 2266 514 2318 μενος,
559 2248 657 2303 καὶ
681 2251 710 2302 6
747 2248 956 2321 ποιμὴν
991 2250 1086 2302 καὶ
1133 2251 1162 2303 6
1200 2249 1522 2314 διδάσκαλος
1558 2267 1573 2282 ο
1607 2250 1810 2314 πάντες
1861 2251 1918 2304 ἓν

324 2342 488 2412 ἔργον
513 2337 657 2411 ἦσαν
681 2341 1121 2412 ἀναδεδεγμένοι.
1151 2343 1245 2412 Μὴ
1267 2343 1378 2414 γάρ
1421 2359 1510 2414 μοι
1533 2343 1633 2412 τὴν
1653 2343 1920 2415 διαφορὰν

318 2434 436 2486 τῶν
463 2435 827 2506 χαρισμάτων
859 2432 972 2507 [84]
995 2435 1186 2509 εἴπῃς·
1225 2435 1430 2500 πάντες
1457 2435 1516 2488 ἒν
1558 2435 1718 2506 ἔργον
1752 2431 1918 2506 εἶχον.

323 2526 508 2579 Ὅταν
573 2525 628 2579 δὲ
684 2527 889 2590 πάντες
933 2527 1134 2596 ὁμοίως
1171 2527 1542 2598 πιστεύωμεν,
1576 2529 1698 2582 τότε
1730 2530 1922 2594 ἑνότης

320 2617 500 2670 ἐστίν.
535 2617 660 2671 Ὅτι
678 2618 789 2690 γάρ
808 2619 969 2672 τοῦτο
994 2618 1143 2688 λέγει
1159 2619 1329 2690 ἄνδρα
1360 2620 1586 2686 τέλειον,
1612 2622 1792 2692 δῆλον.
1815 2624 1924 2676 Καὶ

325 2710 443 2779 μὴν
491 2709 728 2780 ἀλλαχοῦ
761 2711 991 2781 νηπίους
1035 2712 1184 2784 ἡμᾶς
1220 2730 1377 2783 φησι.
1412 2713 1527 2778 καὶ,
1575 2715 1704 2768 ὅταν
1727 2715 1923 2768 τέλειοι

319 2795 505 2871 ὦμεν,
549 2801 690 2854 ἀλλά
729 2803 865 2874 πρὸς
906 2803 1097 2873 ἕτερον
1120 2804 1286 2876 ὁρῶν.
1337 2805 1487 2858 Ἐκεῖ
1517 2806 1618 2876 μὲν
1647 2807 1757 2878 γὰρ
1783 2807 1923 2878 πρὸς

319 2893 431 2964 τὴν
461 2893 769 2964 μέλλουσαν
796 2894 1002 2964 γνῶσιν
1018 2897 1248 2966 νηπίους
1273 2899 1534 2952 ἐκάλεσεν
1558 2914 1572 2928 ’
1596 2899 1767 2953 εἰπὼν
1791 2901 1922 2972 γὰρ,

336 2986 449 3040 Ἐκ
476 2985 704 3055 μέρους
727 2985 1127 3056 γινώσκομεν,
1155 2989 1408 3061 ἐπήγαγε
1440 2991 1534 3044 καί
1564 2991 1644 3054 τὸ,
1671 2994 1750 3043 Δι’
1788 2994 1927 3046 αἰνι-

322 3078 590 3146 γμάτων,
626 3079 722 3131 καὶ
756 3078 859 3132 ὅσα
911 3079 1143 3134 τοιαῦτα
1167 3097 1181 3111 ·
1215 3081 1451 3136 ἐνταῦθα
1481 3083 1535 3136 δὲ
1569 3084 1706 3154 πρὸς
1739 3085 1926 3155 ἕτερον

324 3166 483 3234 εἷπε,
515 3169 656 3240 πρὸς
705 3171 766 3224 τὸ
796 3173 1227 3242 εὐμετάπτωτον
1253 3189 1267 3204 ο
1297 3173 1488 3244 ὥσπερ
1537 3175 1631 3228 καὶ
1689 3175 1926 3244 ἀλλοιχοῦ

326 3278 470 3331 φησι
498 3278 511 3291 ·
557 3259 818 3316 Τελειων
862 3261 933 3315 δὲ
961 3264 1000 3332 ἡ
1044 3265 1265 3331 στερεὰ
1307 3266 1518 3333 τροφή.
1573 3267 1738 3337 Ὁρᾷς
1770 3268 1930 3320 κάκεῖ

324 3353 580 3418 τελείους
609 3354 726 3419 πῶς
746 3371 914 3426 φησιν
939 3371 956 3421 ;
989 3356 1135 3427 Ὅρα
1162 3358 1257 3410 καί¹
1282 3357 1398 3420 πῶς
1426 3358 1655 3411 ἐκάλεσε
1679 3359 1924 3424 τελείους

327 3442 574 3498 ἐνταῦθα
628 3443 717 3498 διὰ
753 3443 866 3498 τῶν
898 3446 1286 3517 ἐπαγομένων,
1315 3446 1485 3500 εἰπών
1504 3464 1520 3481 ·
1549 3449 1684 3502 Ἵνα
1717 3448 1930 3516 μηκέτι

329 3536 502 3606 ὦμεν
547 3537 776 3608 νήπιοι.
809 3539 953 3593 Αὑτό
998 3557 1133 3611 φησι
1165 3541 1226 3594 τὺ
1263 3541 1462 3614 μέτρον
1489 3542 1549 3595 τὸ
1581 3543 1762 3610 ὀλίγον
1791 3543 1928 3614 ὅπερ

335 3629 636 3701 ἐλάϐομεν,
679 3630 768 3684 ἵνα
823 3633 1150 3702 κατέχωμεν
1204 3634 1346 3702 μετὰ
1410 3635 1593 3702 πάσης
1653 3635 1928 3702 σπουδῆς.

338 3723 482 3792 μετὰ
507 3725 872 3796 στερρότητος
902 3725 1000 3778 καὶ
1021 3725 1390 3795 βεϐαιώσεως.
1427 3727 1555 3780 Ἵνα
1574 3730 1810 3795 μηκέτι.
1835 3729 1926 3790 Τὸ,

333 3814 590 3883 Μηκέτι,
620 3815 866 3870 δείκνυσι
899 3817 1070 3871 πάλαι
1097 3817 1260 3871 τοῦτο
1291 3818 1586 3882 παθόντας,
1619 3821 1716 3872 καὶ
1747 3820 1933 3891 τίθησι

336 3907 435 3961 καὶ
461 3907 657 3961 ἐαυτὸν
682 3910 741 3962 tv
776 3909 930 3973 τάξει
959 3908 1320 3981 διορθώσεως,
1353 3911 1449 3963 καὶ
1482 3911 1814 3981 διορθοῦται.
1834 3913 1934 3966 Διά

335 4000 502 4053 τοῦτό
553 4017 716 4070 φησι·
752 3999 1018 4065 Τέκτονες
1049 4002 1294 4056 τοσοῦτοι
1335 4002 1650 4072 γεγόνασιν,
1682 4003 1770 4058 ἵνα
1794 4006 1827 4075 ἠ
1852 4005 1934 4058 οἰ-

336 4093 549 4164 κοδομὴ
619 4094 694 4164 μὴ
758 4094 1076 4162 σαλεύηται,
1110 4095 1196 4148 ἵνα
1249 4096 1325 4164 μὴ
1396 4098 1789 4168 περιφέρηται.
1847 4099 1935 4151 ἵνα

337 4187 660 4255 πεπηγότες
682 4180 818 4240 ὦσιν
866 4188 914 4240 οἰ
942 4186 1098 4241 λίθοι.
1154 4187 1412 4240 Ἑκείνων
1451 4188 1561 4260 γὰρ
1613 4189 1774 4242 τοῦτό
1809 4192 1930 4244 ἐστι

336 4277 402 4331 τὸ
435 4278 887 4342 κλυδωνίζεσθαι,
929 4279 990 4332 τὸ
1005 4278 1410 4351 περιφέρεσθαι
1443 4282 1537 4334 καὶ
1575 4281 1927 4335 σαλεύεσθαι.

339 4370 480 4423 Ἵνα
515 4369 732 4438 μηκέτι
757 4366 938 4437 ὦμεν,
969 4372 1123 4442 φησὶ,
1143 4372 1372 4438 νήπιοι,
1403 4371 1928 4440 κλυδωνιζόμενοι,

339 4465 444 4518 καὶ
460 4466 914 4535 περιφερόμενοι
938 4465 1118 4519 παντί
1132 4466 1332 4534 ἀνέμῳ
1353 4465 1463 4535 τῆς
1496 4465 1899 4532 διδασκαλίας
1921 4509 1935 4533 ,

337 4558 413 4610 ἐν
449 4556 529 4625 τῇ
557 4559 764 4626 κυϐείᾳ
789 4557 908 4612 τῶν
944 4558 1292 4627 ἀνθρώπων,
1321 4560 1390 4613 ἐν
1414 4561 1752 4630 πανουργίᾳ
1786 4562 1937 4628 πρὸς

340 4650 464 4718 τὴν
482 4653 810 4719 μεθοδειάν
841 4650 952 4721 τῆς
975 4651 1425 4718 π.ἰιίι·ης.-Κιιί
1457 4654 1934 4722 περιφερόμενοι,

343 4745 504 4814 φησὶ,
537 4743 717 4797 παντί
755 4745 973 4814 ἀνέμῳ.
1017 4745 1315 4816 Ἐπεξῆλθε
1369 4749 1433 4816 τῇ
1493 4749 1692 4817 τροπῇ,
1719 4747 1936 4811 δεικνὺς

360 4835 464 4900 τὰς
515 4835 874 4900 δισταζούσας
901 4836 1079 4907 ψυχὰς
1113 4839 1170 4889 ἐν
1195 4838 1291 4907 οἴῳ
1327 4835 1558 4907 κινδύνῳ
1592 4838 1718 4891 εἰσί.
1752 4839 1938 4891 Παντὶ

343 4929 570 4998 ἀνέμῳ,
609 4931 800 4999 φησὶν,
836 4929 908 4982 ἐν
937 4928 1013 4998 τῇ
1060 4930 1269 4996 κυϐείᾳ
1325 4928 1448 4982 τῶν
1475 4929 1828 4998 ἀνθρώπων.
1860 4932 1930 4984 ἐν

344 5020 688 5089 πανουργίᾳ
749 5022 899 5090 πρὸς
969 5018 1087 5088 τὴν
1125 5019 1448 5089 μεθοδείαν
1490 5020 1600 5088 τῆς
1662 5019 1928 5086 πλάνης.

349 5113 636 5166 Κυϐευταὶ
708 5111 956 5179 λέγονται
1019 5111 1070 5163 οἰ
1123 5113 1236 5172 τοῖς
1295 5112 1515 5172 πεττοῖς
1571 5111 1928 5180 κεχρημένοι.

347 5201 600 5257 Τοιοῦτοί
650 5201 790 5255 εἰσιν
815 5204 865 5255 οἱ
917 5200 1216 5272 πανοῦργοι
1239 5239 1255 5263 ,
1289 5200 1513 5254 ἐπειδάν
1539 5203 1940 5273 ἁφελεστέρους

344 5295 502 5358 τινὰς
536 5294 744 5348 λάϐωσι
779 5311 793 5324 ·
837 5294 1060 5366 καὶγὰρ
1081 5296 1280 5348 ἐκεῖνοι
1313 5295 1668 5363 μετατιθέασι
1715 5296 1809 5348 καὶ
1844 5313 1940 5366 με·

343 5387 680 5459 ταφέρουσιν
709 5385 947 5440 ἅπαντα.
983 5385 1246 5440 Ἐνταῦθα
1276 5385 1372 5440 καὶ
1400 5385 1516 5456 βίου
1535 5385 1736 5456 ἥψατο.
1768 5385 1942 5454 Ἀλη-

345 5484 632 5546 θεύοντες
677 5479 768 5541 δὲ,
802 5480 966 5548 φησὶν
994 5521 1008 5542 ,
1049 5479 1120 5531 ἐν
1151 5475 1353 5548 ἀγάπῃ
1375 5517 1391 5541 ,
1421 5477 1791 5547 αὐξήσωμεν
1849 5481 1941 5544 εἰς

342 5575 533 5628 αὐτόν
597 5576 673 5626 τὰ
716 5569 935 5633 πάντα,
963 5569 1032 5635 ὅς
1063 5569 1236 5624 ἐστιν
1267 5570 1307 5638 ἡ
1329 5567 1564 5639 κεφαλὴ
1596 5571 1628 5622 d
1658 5570 1937 5637 Χριστὸς,

342 5669 415 5733 ἐξ
446 5663 520 5723 οὗ
549 5664 675 5720 πᾶν
695 5664 760 5717 τὸ
790 5662 981 5732 σῶμα,
1004 5662 1123 5716 ἀπὸ
1151 5661 1257 5716 τοῦ
1293 5661 1569 5731 Χριστοῦ,
1599 5664 1756 5733 φησί,
1784 5678 1936 5716 συν-

343 5760 880 5831 αρμολογούμενον
915 5757 1012 5809 καὶ
1033 5754 1544 5826 συμϐιϐαζόμενον
1582 5755 1680 5808 διὰ
1733 5754 1938 5822 πάσης

343 5851 512 5922 ἁμῆς
550 5849 658 5918 τῆς
702 5850 796 5902 ἐπι
807 5849 1122 5918 χορηγίας,
1151 5847 1277 5900 κατ’
1311 5846 1618 5914 ἐνέργειαν
1646 5847 1714 5898 ἐν
1740 5847 1934 5916 μέτρῳ

2016 507 2155 575 ἑνὸς
2189 507 2450 562 ἑκάστου
2475 508 2718 577 μέλους,
2754 507 2870 575 τὴν
2900 507 3170 574 αὔξησιν
3187 509 3294 563 τοῦ
3315 512 3597 578 σώματος

2016 599 2267 653 ποιεῖται
2301 604 2387 665 εἰς
2427 599 2755 668 οἰκοδομὴν
2797 598 3016 652 ἑαυτοῦ
3036 599 3106 653 ἐν
3127 599 3350 669 ἀγάπῃ.
3384 601 3599 672 Σφόᾶρα

2016 692 2246 760 ἀσαφῶς
2270 693 2588 762 ἡρμήνευσε
2615 733 2630 755 ,
2667 693 2745 762 τῷ
2778 693 2955 746 πάντα
2983 692 3118 762 ὁμοῦ
3147 693 3372 763 θελῆσαι
3399 697 3596 748 εἰπεῖν.

2021 783 2086 833 Ὂ
2136 781 2192 834 δέ
2237 800 2410 853 φησι,
2445 783 2608 836 τοῦτό
2649 786 2803 836 ἐστι·
2860 783 3129 856 Καθάπερ
3177 784 3236 837 τὸ
3288 786 3510 855 πνεῦμα
3540 787 3602 837 τὸ

2013 871 2122 924 ἀπὸ
2163 871 2256 924 τοῦ
2305 873 2608 941 ἐγκεφάλου
2675 874 3031 941 καταϐαῖνον,
3089 875 3150 928 τὸ
3199 876 3288 930 διὰ
3333 879 3440 932 τῶν
3485 882 3606 933 νεύ-

2018 982 2130 1037 ρων
2160 963 2268 1036 [τὺ]
2296 965 2618 1035 αἰσθητικὸν
2647 967 2745 1037 οὐχ
2769 967 2958 1030 ἁπλῶς
2983 969 3167 1022 δίδωσι
3201 972 3367 1023 πᾶσιν
3405 1010 3421 1036 ,
3463 973 3602 1026 ἀλλά

2017 1055 2160 1109 κατά
2220 1056 2512 1124 ἀναλογίαν
2573 1059 2805 1111 ἐκάστου
2868 1059 3104 1128 μέλους,
3167 1061 3246 1131 τῷ
3296 1063 3396 1133 μὲν
3443 1064 3603 1117 δυνα-

2020 1149 2167 1219 μένῳ
2202 1148 2364 1205 πλέον
2411 1148 2686 1214 δέξασθαι,
2718 1149 2901 1212 πλέον,
2933 1151 3010 1221 τῷ
3037 1151 3094 1204 δὲ
3119 1153 3348 1217 ἐλάττω,
3382 1155 3604 1211 ἔλαττον

2018 1242 2198 1313 (τοῦτο
2257 1244 2367 1314 γάρ
2422 1246 2620 1315 ἐστινὴ
2667 1244 2814 1314 ῥίζα,
2851 1245 2913 1296 τὸ
2957 1245 3231 1316 πνεύμα)ο
3267 1247 3408 1300 οὕτω
3452 1250 3605 1303 καὶὸ

2017 1334 2256 1403 Χριστός
2293 1351 2304 1362 ·
2339 1335 2596 1404 καθάπερ
2621 1335 2730 1404 γὰρ
2765 1335 2943 1403 μελῶν
2971 1335 3080 1387 τῶν
3104 1335 3293 1406 ψυχῶν
3332 1341 3410 1399 είς
3441 1338 3606 1392 αὑτὸν

2017 1425 2434 1496 ἀνηρτημένων,
2473 1429 2762 1498 ήπρόνοια
2815 1427 2982 1481 αὑτοῦ
3025 1431 3120 1482 καὶ
3171 1432 3204 1498 ἡ
3235 1433 3468 1501 χορηγία
3495 1432 3605 1484 τῶν

2021 1520 2377 1592 χαρισμάτων
2435 1521 2581 1574 κατὰ
2623 1523 2918 1590 ἀναλογίαν
2975 1524 3032 1575 ἐν
3097 1523 3282 1593 μέτρῳ
3336 1524 3435 1592 τὴν
3487 1523 3607 1587 ἐνὸς

2019 1613 2252 1664 ἑκάστου
2279 1612 2473 1684 μέλους
2498 1612 2727 1684 αὔξησιν
2747 1617 3006 1668 ποιεῖται.
3031 1614 3096 1666 Τί
3118 1615 3175 1667 δέ
3205 1614 3462 1679 ἐστι,Διὰ
3494 1613 3608 1683 τῆς

2019 1703 2182 1773 ἀρῆς
2220 1703 2331 1772 τῆς
2357 1705 2751 1775 ἐπιχορηγίας
2784 1722 2803 1769 ;
2841 1707 3129 1770 Τουτέστι,
3157 1707 3248 1760 διὰ
3278 1707 3381 1777 τῆς
3415 1707 3610 1778 αἰσθή-

2021 1811 2179 1858 σεως.
2211 1795 2285 1848 Τὸ
2333 1797 2445 1867 γὰρ
2496 1796 2714 1867 πνεῦμα
2778 1799 2959 1850 ἐκεῖνο
2989 1797 3050 1850 τὸ
3098 1797 3607 1868 ἐπιχορηγούμενον

2021 1888 2135 1949 τοῖς
2158 1886 2378 1956 μέλεσιν
2407 1887 2516 1940 ἀπὸ
2547 1888 2648 1958 τῆς
2695 1887 2962 1958 κεφαλῆς,
2983 1887 3100 1959 [85]
3140 1889 3372 1942 ἑκάστου
3409 1889 3609 1958 μέλους

2021 1976 2330 2046 ἀπτόμενον
2352 1975 2526 2040 οὕτως
2555 1977 2788 2048 ἐνεργεῖ.
2806 1977 2896 2040 Ὠς
2922 1976 2986 2029 ἄν
3023 1993 3107 2039 τις
3135 1979 3279 2030 εἴποι
3299 1993 3313 2008 ο
3347 1977 3420 2031 Τὸ
3449 1978 3608 2047 σῶμα

2022 2059 2560 2140 ἀντιλαμϐανόμενον
2600 2069 2700 2138 τῆς
2738 2068 3120 2140 ἐπιχορηγίας,
3147 2069 3288 2122 κατά
3312 2067 3608 2136 ἀναλογίαν

2023 2160 2133 2226 τῶν
2188 2162 2246 2212 ἐν
2293 2160 2445 2230 αὐτῴ
2472 2160 2676 2230 μελῶν,
2697 2159 2843 2212 οὕτω
2866 2162 3104 2212 ποιεῖται
3132 2160 3232 2230 τὴν
3262 2157 3491 2228 αὔξησιν
3525 2177 3537 2190 ’
3573 2160 3608 2230 ἦ

2023 2252 2230 2323 ἐτέρως
2261 2267 2276 2280 ·
2313 2251 2396 2304 Τὰ
2451 2252 2586 2323 μέλη
2639 2252 2782 2304 κατά
2821 2251 2920 2323 τὴν
2959 2251 3252 2318 ἀναλογίαν
3277 2251 3372 2304 τοῦ
3407 2251 3608 2304 οἰκείου

2033 2343 2235 2414 μέτρου
2262 2343 2528 2414 δεχόμενα
2558 2343 2654 2414 τὴν
2680 2343 3067 2414 ἐπιχορηγίαν,
3094 2343 3268 2406 οὕτως
3301 2342 3523 2408 αὒξεται
3543 2362 3548 2368 ·
3571 2341 3608 2414 ἢ

2025 2437 2122 2489 καὶ
2205 2437 2450 2508 ἑτέρως’
2500 2437 2573 2490 Τὸ
2649 2437 2869 2517 πνεῦμα
2925 2437 3132 2490 ἀνωθεν
3207 2437 3608 2508 ἐπιρῤεόμενον

2027 2525 2312 2596 ἀφθόνως,
2364 2529 2458 2580 καὶ
2503 2529 2724 2581 πάντων
2771 2528 3081 2598 ἀπτόμενον
3128 2527 3236 2580 τῶν
3282 2528 3483 2598 μελῶν,
3509 2529 3604 2580 καὶ

2027 2619 2456 2689 χορηγούμενον,
2488 2618 2564 2680 ὡς
2597 2619 2833 2672 ἕκαστον
2871 2618 3097 2671 δύναται
3135 2619 3410 2684 δέξασθαι,
3438 2617 3612 2682 οὕτως

2028 2713 2272 2779 αὒξεται.
2322 2716 2478 2777 Τίνος
2505 2714 2562 2766 δέ
2597 2714 2785 2766 ἕνεκεν
2813 2715 3176 2784 προσέθηκεν,
3234 2714 3331 2765 Ἐν
3368 2712 3613 2782 ἀγάπῃ;

2029 2807 2102 2858 Οὐ
2136 2805 2244 2877 γὰρ
2267 2804 2440 2866 ἄλλως
2469 2804 2548 2856 tv:
2569 2804 2850 2857 κατελθεῖν
2873 2808 3048 2857 ἐκεῖνο
3094 2805 3154 2857 τὸ
3201 2805 3442 2874 πνεῦμα.
3468 2805 3616 2856 Καθ-

2029 2898 2172 2966 άπερ
2202 2899 2310 2969 γάρ
2337 2938 2352 2963 ,
2385 2899 2434 2950 εἰ
2464 2896 2617 2967 τύχοι
2641 2898 2759 2969 χεὶρ
2783 2897 3199 2951 ἀποσπασθεῖσα
3219 2897 3312 2949 τοῦ
3340 2897 3612 2966 σώματος,

2029 2987 2090 3038 τὸ
2115 2987 2328 3056 πνεῦμα
2372 2986 2432 3039 τὸ
2479 2987 2586 3040 ἀπὸ
2613 2987 2707 3040 τοῦ
2749 2988 3056 3055 ἐγκεφάλου
3087 2989 3186 3058 τὴν
3210 2988 3495 3058 συνέχειαν
3515 2988 3614 3057 ζη-

2030 3075 2178 3134 τοῦν,
2205 3077 2298 3129 καὶ
2324 3075 2399 3147 μὴ
2434 3077 2614 3147 εὐρὺν,
2649 3078 2750 3130 οὐκ
2781 3077 3065 3144 ἐξάλλεται
3098 3078 3194 3131 τοῦ
3223 3079 3493 3149 σώματος,
3521 3082 3618 3133 καὶ

2030 3164 2328 3236 διατρῆσαν
2388 3165 2527 3235 πρὸς
2581 3165 2679 3236 τὴν
2720 3169 2878 3237 χεῖρα
2933 3166 3238 3237 ἐξέρχεται,
3287 3168 3404 3222 ἀλλ’
3438 3169 3504 3223 ἂν
3540 3171 3617 3238 μὴ
3683 3176 3693 3188 ’
3743 3165 3755 3176 ’

2033 3259 2170 3332 εὕρῃ
2188 3259 2437 3330 κείμενον
2452 3273 2498 3327 ει,
2525 3260 2624 3331 οὑχ
2650 3259 2906 3314 ἅπτεται·
2936 3261 3080 3315 οὕτω
3109 3263 3203 3316 καὶ
3231 3262 3489 3330 ἐνταῦθα,
3520 3265 3619 3316 ἐᾲν

2036 3350 2110 3419 μὴ
2142 3343 2293 3419 ὦμεν
2324 3351 2390 3420 τῇ
2417 3349 2612 3421 ἀγάπῃ
2641 3348 3018 3419 συνδεδεμένοι
3054 3349 3106 3404 ι’.

2104 3511 2164 3566 δ’.
2180 3511 2364 3565 Ταῦτα
2384 3512 2448 3581 δὴ
2479 3513 2655 3566 πάντα
2685 3511 2820 3584 πρὸς
2849 3510 3349 3583 ταπεινοφροσύνην
3373 3511 3523 3582 αὐτῷ
3541 3513 3622 3565 εῐ-

2039 3621 2218 3674 ρηται.
2246 3605 2310 3656 Τί
2349 3603 2477 3674 γὰρ,
2508 3604 2692 3672 φησὶν,
2727 3603 2776 3654 εί
2811 3602 2974 3656 πλέον
3006 3602 3274 3672 λαμϐάνει
3299 3605 3327 3656 6
3351 3603 3527 3669 δεῖνα;
3559 3605 3622 3658 τδ

2036 3695 2166 3749 αὐτὸ
2192 3695 2411 3765 πνεῦμα
2437 3695 2650 3757 ἐλαϐεν,
2678 3695 2785 3748 ἀπὸ
2807 3695 2905 3765 τῆς
2933 3695 3104 3765 αὐτῆς
3134 3694 3375 3765 κεφαλῆς
3409 3699 3539 3749 ἐκπε
3552 3715 3622 3767 μ-

2038 3789 2291 3859 πόμενον,
2309 3789 2337 3840 6
2345 3788 2508 3858 μοίως
2525 3786 2801 3859 ἐνεργοῦν,
2831 3788 3032 3858 ὁμοίως
3048 3787 3377 3858 ἀπτόμενον,
3395 3791 3440 3842 Σ
3446 3807 3626 3858 υναρ-

2033 3883 2590 3953 μολογούμε-νονκαὶ
2604 3879 3132 3951 συμόιὸαζόμενον,
3143 3881 3408 3947 τουτέστι,
3425 3883 3624 3954 πολλῆς

2038 3973 2310 4034 ἀπολαῦον
2348 3974 2446 4042 τῆς
2469 3972 2806 4041 ἐπιμελείας.
2845 3973 2920 4026 Οὐ
2952 3973 3061 4042 γάρ
3085 3973 3292 4035 ἁπλῶς,
3324 3973 3462 4027 ἀλλά
3493 3977 3626 4044 σφόο

2038 4068 2138 4134 δρα
2168 4064 2429 4133 τεχνικῶς
2451 4064 2530 4116 δεῖ
2551 4065 2763 4116 κεῖσθαι
2793 4067 2854 4117 τι
2884 4064 3062 4134 σῶμα·
3096 4065 3191 4127 ὡς,
3218 4066 3311 4118 ἐὰν
3336 4066 3426 4118 τὸν
3459 4066 3626 4119 τόπον

2039 4157 2195 4227 ἐκϐῇ,
2244 4157 2430 4210 οὐκέτι
2459 4159 2653 4210 κεῖται.
2691 4157 2852 4209 Ὥστε
2879 4157 2978 4226 οὑχ
3021 4157 3261 4227 ἡνῶσθαι
3289 4156 3367 4227 τῷ
3410 4156 3624 4226 σώματι

2038 4252 2118 4303 δεῖ
2159 4251 2339 4320 μόνον,
2385 4250 2518 4302 ἀλλά
2550 4249 2643 4303 καὶ
2692 4249 2784 4302 τὸν
2828 4251 3024 4301 οἰκεῖον
3069 4251 3232 4302 τόπον
3278 4250 3515 4320 ἐπέχειν,
3549 4251 3624 4315 ὡς

2040 4343 2133 4394 ἐὰν
2162 4343 2427 4413 ὑπερϐῇς,
2479 4341 2576 4411 οὐχ
2613 4341 2841 4411 ἧνωσαι,
2878 4341 3000 4393 οὐδὲ
3032 4341 3162 4413 δέχῃ
3195 4341 3254 4394 τὸ
3285 4342 3524 4412 πνεῦμα.
3555 4345 3625 4396 “ll

2041 4439 2138 4506 οὐχ
2166 4437 2297 4508 ὁρᾷς
2331 4437 2388 4488 ἐν
2422 4437 2539 4498 ταῖς
2584 4437 2690 4487 τῶν
2731 4433 2903 4487 ὀστῶν
2955 4435 3279 4505 μεταθέσεσι
3320 4440 3440 4499 ταῖς
3485 4437 3629 4491 κατά

2041 4548 2160 4581 τινα
2191 4529 2508 4599 περίστασιν
2538 4527 2991 4598 συμϐαινούσαις,
3027 4529 3156 4581 ὅταν
3200 4527 3288 4580 τὸν
3317 4529 3514 4581 οἰκεῖον
3536 4530 3627 4582 τό·

2042 4637 2141 4672 πον
2172 4619 2434 4689 ὑπερϐάν,
2471 4619 2562 4670 τὸν
2594 4619 2779 4690 ἐτέρου
2806 4619 3032 4690 κατέχῃ,
3071 4617 3187 4681 πῶς
3216 4617 3294 4689 τῷ
3324 4618 3486 4670 παντὶ
3519 4617 3627 4669 σώ-

2047 4731 2173 4783 ματι
2212 4711 2549 4782 λυμαίνεται,
2604 4713 2698 4765 καὶ
2732 4710 2964 4764 θάνατον
3013 4711 3274 4774 πολλάκις
3307 4711 3624 4781 εἰργάσατο,

2043 4808 2155 4858 ἐστι
2183 4805 2239 4858 δέ
2269 4805 2404 4856 ὅπου
2428 4805 2522 4856 καὶ
2560 4804 2777 4869 ἀνάξιον
2805 4803 3005 4874 εὑρέθη
3046 4802 3231 4855 λοιπὸν
3268 4803 3363 4854 τοῦ
3400 4801 3628 4871 κατέχε-

2046 4901 2197 4966 σθαι;
2231 4897 2416 4951 πολλοί
2445 4899 2553 4968 γὰρ
2587 4897 2845 4959 πολλάκις
2875 4896 3010 4948 αὐτὸ
3057 4895 3412 4964 ἐκκόψαντες,
3448 4894 3630 4947 διάκε-

2044 5011 2132 5047 νον
2167 4993 2257 5047 τὸν
2282 4993 2446 5045 τόπον
2484 4991 2770 5061 ἐποίησαν.
2824 4986 3108 5057 Πανταχοῦ
3139 4987 3249 5058 γὰρ
3280 4989 3312 5058 η
3344 4986 3628 5053 πλεονεξία

2047 5087 2236 5141 κακόν.
2265 5085 2376 5140 Καὶ
2406 5084 2496 5136 ἐπὶ
2521 5083 2628 5135 τῶν
2667 5081 2945 5152 στοιχείων
2982 5080 3058 5145 δέ,
3101 5081 3229 5132 ὅταν
3275 5081 3372 5151 τὴν
3417 5081 3630 5133 οἰκείαν

2046 5181 2250 5250 ἀφέντα
2265 5176 2604 5247 συμμετρίαν
2627 5175 2917 5244 πλεονάσῃ,
2934 5172 2995 5226 τὸ
3019 5174 3123 5226 πᾶν
3143 5171 3204 5225 λυ
3214 5172 3481 5242 μαίνεται.
3498 5173 3540 5224 Τ
3543 5172 3634 5224 03—

2045 5277 2104 5329 τό
2143 5278 2259 5328 ἐστι
2288 5272 2349 5325 τὸ
2377 5268 3050 5338 Συναρμολογιούμενον,
3072 5263 3168 5319 καί
3201 5262 3628 5334 συμϐιϐαζόμε-

2044 5387 2174 5424 νον.
2195 5369 2359 5421 Ὥστε
2382 5366 2610 5419 ἕκαστον
2631 5363 2722 5414 ἐπὶ
2742 5361 2842 5431 τῆς
2863 5360 3070 5422 οἰκείας
3099 5359 3279 5428 μένειν
3302 5355 3509 5428 χώρας,
3535 5358 3632 5410 καὶ

2048 5464 2123 5535 μὴ
2153 5463 2252 5532 τῆς
2281 5461 2471 5532 ἐτέρας
2504 5457 2596 5510 καί
2630 5455 2794 5526 μηδὲν
2825 5453 2974 5522 αὑτῷ
3009 5451 3394 5522 προσηκούσης
3415 5451 3631 5506 ἐπιϐαί-

2045 5577 2177 5624 νειν,
2211 5555 2461 5626 ἐννόησον
2484 5555 2606 5606 ὅσον
2636 5547 2770 5602 ἐστί.
2802 5548 2873 5600 Σὺ
2908 5546 2978 5599 τὰ
3010 5545 3144 5616 μέλη
3174 5545 3459 5610 συντιθεῖς,
3497 5545 3630 5599 ἐκεῖι

2111 5791 2134 5818 α
2162 5771 2429 5839 Κειμένηνξῖ
2614 5834 2631 5839 _
2667 5833 2686 5839 Δ
2764 5831 2775 5839 ,
2929 5831 2939 5839 _
3062 5829 3081 5839 -

2110 5841 2136 5880 ὶι
2169 5831 2303 5888 υιιίιε
2323 5831 2498 5893 cOdex,
2524 5831 2867 5894 συνδεδεμένοι,
2893 5831 2950 5879 τὸ
2973 5831 3157 5893 πνεῦμα
3178 5831 3383 5877 κάτεισι.
