4092 6500
465 364 537 424 85
1184 373 1243 430 S.
1284 372 1576 433 JOANNIS
1613 372 2058 435 CHRYSOS'IO)

2159 376 2476 440 ARCHIEP.
2514 384 3092 445 CONSTANTINOP.
3664 397 3728 454 86

464 496 555 544 νος
579 477 785 534 ἀνωθεν
813 482 1155 556 ἐπιχορηγεῒ.
1196 489 1465 563 Καθάπερ
1487 491 1595 566 γὰρ
1619 492 1712 546 ἐπὶ
1734 491 1827 547 τοῦ
1855 490 2045 563 σώμαι

466 573 559 634 τός
582 575 730 629 ἐστιν
762 577 970 647 δργανα
1018 583 1239 637 τοιαῦτα
1286 586 1542 651 δεκτικά,
1587 586 1762 652 οὕτως
1801 587 1920 640 ἐστὶ
1955 588 2054 640 καὶ

468 670 563 724 ἐπὶ
593 672 689 724 τοῦ
724 674 1054 745 πνεύματος,
1085 678 1185 750 τῆς
1217 681 1376 755 ῥίζης
1400 684 1613 738 ἄνωθεν
1631 682 1798 756 οὔσης
1827 683 2046 753 πάσης·

465 761 576 819 οἷον
617 769 650 838 ἡ
686 770 904 840 καρδία,
946 773 1041 827 τοῦ
1085 778 1394 848 πνεύματος
1416 797 1431 812 ο
1463 780 1525 834 τὸ
1563 776 1738 852 ἧπαρ,
1763 779 1859 834 τοῦ
1885 780 2051 851 αἵμα-

464 879 557 925 τος
580 878 593 894 ⁸
620 864 649 915 6
674 866 848 938 σπλὴν
866 910 880 931 ,
910 871 1008 938 τῆς
1036 874 1198 943 χολῆς
1228 877 1323 930 καὶ
1360 876 1497 931 ἄλλα
1539 878 1702 933 ἄλλου
1727 893 1741 908 ·
1775 879 1957 932 πάντα
1988 876 2047 930 δὲ

465 957 641 1013 ταῦτα
667 961 775 1015 ἀπὸ
807 962 901 1016 τοῦ
933 966 1236 1036 ἐγκεφάλου
1268 971 1365 1043 τὴν
1394 968 1575 1027 αἰτίαν
1602 972 1715 1043 ἔχει
1741 987 1753 999 ⁸
1788 971 1929 1026 οὕτω
1956 972 2050 1023 καὶ

462 1055 493 1105 6
519 1054 651 1120 Θεὸς
680 1058 925 1131 ἐποίησε,
958 1064 1051 1117 τὸν
1085 1064 1371 1138 ἄνθρωπον
1407 1069 1607 1138 σφόδρα
1638 1068 1835 1138 τιμῶν,
1863 1068 1957 1122 καὶ
1985 1066 2048 1120 ού

467 1148 790 1221 βουλόμενος
835 1158 1003 1211 αὐτοῦ
1057 1162 1313 1232 ἀπέχειν,
1369 1165 1470 1235 τὴν
1513 1163 1612 1230 μὲν
1660 1164 1838 1217 αἰτίαν
1889 1159 2052 1223 αὐτὸς

463 1245 566 1298 ἀνα
575 1251 939 1321 ρτησάμενος,
961 1258 1331 1328 συνεργοὺς,δέ
1350 1258 1528 1330 ἑαυτῷ
1541 1261 1892 1329 καταστήσας
1915 1274 1930 1288 ·
1960 1257 2054 1311 καὶ

465 1342 557 1395 τὸν
582 1345 682 1416 μὲν
709 1349 905 1418 ἔθηκεν
927 1355 1008 1416 εἰς
1031 1354 1210 1419 τοῦτο,
1237 1356 1329 1409 τὸν
1352 1355 1409 1410 δὲ
1438 1358 1516 1419 εἰς
1544 1357 1740 1413 ἐκεῖνο.
1770 1350 1895 1410 Οἷον
1920 1353 2056 1408 ἀπό-

468 1442 658 1507 στολος
684 1446 903 1515 ἀγγεῖον
925 1449 1019 1503 τοῦ
1048 1453 1301 1523 σώματός
1333 1454 1450 1507 ἐστι
1476 1453 1538 1506 τὸ
1565 1453 1945 1525 καιριώτερον,
1968 1451 2055 1504 δε-

466 1536 699 1609 χδμενος
735 1540 847 1615 [86]
884 1545 1015 1617 παρ’
1037 1546 1204 1601 αὑτοῦ
1233 1548 1302 1601 τὰ
1326 1550 1522 1602 πάντα.
1545 1549 1706 1602 Ὥστε
1740 1547 1930 1619 ὥσπερ
1965 1545 2055 1601 διὰ

469 1635 683 1703 φλεϐῶν
732 1642 827 1695 καὶ
866 1644 1166 1715 ἀρτηριῶν,
1207 1644 1303 1700 τοῦ
1348 1646 1507 1717 λόγου
1537 1646 1699 1716 λέγω,
1736 1648 1816 1711 εἰς
1849 1647 2058 1710 πάντας

467 1731 776 1806 διατρέχειν
814 1741 1080 1811 ποιεῖτὴν
1122 1741 1268 1815 ζωὴν
1288 1743 1388 1814 τὴν
1421 1741 1657 1798 αἰώνιον.
1690 1744 1748 1797 '0
1770 1743 2057 1815 προφήτης

467 1828 724 1899 προλέγει
746 1833 813 1888 τά
845 1835 1128 1905 μέλλοντα,
1160 1838 1254 1892 καὶ
1280 1838 1443 1902 αὐτὸς
1464 1839 1532 1894 τά
1550 1838 1689 1893 αὐτὶ
1716 1835 2059 1892 κατασκευά-

467 1920 579 1987 ζει·
616 1928 710 1981 καὶ
734 1932 940 1996 ἐκεῖνος
963 1932 1063 2002 μὲν
1086 1935 1366 2007 συντίθησι
1390 1938 1460 1990 τὰ
1478 1936 1613 1990 ὀστᾶ
1636 1951 1649 1965 ·
1687 1934 1851 1998 αὐτὸς
1878 1934 1937 1987 δὲ
1961 1932 2059 1986 αὖ·

466 2022 578 2079 τοῖς
605 2020 750 2097 ζωὴν
787 2030 1032 2101 χορηγεῖ,
1073 2032 1233 2098 Πρὸς
1273 2033 1678 2101 καταρτισμὸν
1702 2031 1822 2085 τῶν
1848 2030 2054 2100 ἁγίων,

465 2117 555 2183 εις
584 2118 764 2188 ἔργον
789 2123 1117 2193 διακονίας.
1150 2127 1216 2180 Ἡ
1242 2127 1436 2199 ἀγάπη
1474 2127 1837 2198 ἀνοικοδομεῖ,
1869 2126 1969 2180 καὶ
1996 2125 2059 2179 τὸ

469 2216 870 2281 συγκολλᾶσθαι
890 2223 1141 2294 ἀλλήλοις
1158 2226 1253 2280 καὶ
1271 2226 1696 2297 συμπήγνυσθαι
1708 2226 1801 2278 καὶ
1824 2220 2059 2295 ἁρμόζε-

470 2312 616 2379 σθαι,
655 2316 815 2371 τοῦτο
851 2324 1015 2376 ποιεῖ.
1056 2324 1120 2377 Εἰ
1147 2325 1328 2379 τοίνυν
1363 2325 1667 2396 βουλόμεθα
1692 2323 1787 2378 τοῦ
1816 2322 2060 2394 πνεύμα-

467 2423 561 2472 τος
586 2410 882 2466 ἀπολαύειν
925 2416 1022 2469 τοῦ
1066 2419 1176 2472 ἀπὸ
1204 2420 1303 2489 τῆς
1331 2421 1598 2490 κεφαλῆς,
1644 2420 1890 2491 ἀλλήλων
1919 2418 2063 2489 ὲχὼο

466 2496 634 2570 μεθα.
670 2508 775 2562 Δύο
811 2512 919 2581 γάρ
949 2515 1057 2566 εἰσι
1086 2515 1382 2586 διαιρέσεις
1408 2516 1518 2569 ἀπὸ
1547 2515 1644 2570 τοῦ
1678 2519 1931 2586 σώματος
1961 2512 2061 2569 τοῦ

470 2600 929 2674 ἐκκλησιαστικοῦ
949 2624 965 2640 '
990 2610 1088 2680 μία
1114 2612 1233 2681 μὲν,
1267 2613 1395 2665 ὅταν
1412 2611 1677 2682 ψύξωμεν
1693 2612 1790 2684 τὴν
1814 2612 2054 2682 ἀγάπην,

467 2695 695 2768 δευτέρα
722 2699 800 2767 δὲ,
823 2702 955 2756 ὅταν
981 2704 1179 2769 ἀνάξια
1202 2704 1297 2758 τοῦ
1320 2705 1496 2759 τελεῖν
1518 2708 1597 2770 εἰς
1623 2708 1798 2761 ἐκεῖνο
1815 2705 1876 2759 τὸ
1897 2706 2057 2776 σῶμα

467 2792 831 2867 τολμήσωμεν
854 2814 868 2830 ⁸
907 2800 1184 2872 ἑκατέρως
1211 2801 1320 2871 γάρ
1358 2798 1665 2872 χωρίζομεν
1699 2801 1924 2865 ἑαυτοὺς
1960 2801 2055 2855 τοῦ

471 2886 856 2961 πληρώματος.
887 2896 949 2947 Εἰ
999 2896 1056 2948 δὲ
1089 2896 1182 2949 καὶ
1222 2896 1417 2960 ἄλλους
1442 2899 1525 2957 εἰς
1554 2897 1615 2950 τὸ
1641 2898 1944 2968 οἰκοδομεῖν
1969 2914 2057 2949 τε-

467 2980 740 3052 τάγμεθα,
787 2986 836 3038 οἰ
880 2987 956 3058 μὴ
996 2988 1443 3060 οἰκοδομοῦντες,
1485 2988 1621 3042 ἀλλά
1661 2991 1754 3043 καὶ
1797 2990 2057 3061 πρότερον

473 3077 769 3146 σχίζοντες,
797 3080 850 3133 τί
882 3081 984 3136 οὐκ
1019 3083 1086 3137 ἂν
1118 3084 1376 3150 πάθοιεν;
1410 3085 1577 3138 Οὐδὲν
1616 3085 1789 3148 οὕτως
1830 3087 2058 3156 Ἐκκλη-

472 3171 594 3226 σίαν
628 3174 919 3247 δυνήσεται
964 3177 1218 3250 διαιρεῖν,
1267 3179 1343 3243 ὼς
1380 3178 1641 3250 φιλαρχία
1664 3195 1680 3211 ’
1718 3179 1872 3232 οὐδὲν
1915 3180 2058 3234 οὕτω
2103 3204 2112 3211 ·

471 3268 762 3337 παροξύνει
801 3272 892 3326 τὸν
919 3272 1074 3337 Θεὸν,
1114 3273 1192 3338 ὡς
1225 3273 1286 3340 τὸ
1325 3273 1654 3345 Ἐκκλησίαν
1697 3273 2055 3347 διαιρεθῆναι.

470 3365 591 3419 Κάν
620 3368 790 3439 μυρία
811 3362 961 3439 ὦμεν
982 3371 1350 3442 ἐργασάμενοι
1375 3371 1535 3436 καλά,
1563 3371 1672 3424 τῶν
1693 3372 1753 3425 τὺ
1780 3372 1938 3443 σῶμα
1964 3373 2059 3425 αύ-

468 3462 562 3515 τοῦ
591 3464 953 3538 διατεμόντων
992 3468 1093 3522 οὐκ
1122 3469 1382 3522 ἐλάττονα
1420 3468 1663 3540 δώσομεν
1704 3469 1884 3540 δίκην,
1908 3471 1957 3524 οἰ
1993 3469 2057 3523 τὸ

470 3557 749 3632 πλήρωμα
780 3563 1215 3635 κατατέμνοντες
1243 3564 1305 3619 τὸ
1331 3564 1805 3638 ἐκκλησιαστικόν.
1850 3567 2058 3621 Ἐκεῖνο

471 3656 569 3724 μὲν
598 3658 707 3729 γάρ
726 3660 820 3715 ἐπὶ
845 3660 1028 3733 κέρδει
1044 3663 1143 3733 τῆς
1179 3664 1507 3734 οἰκουμένης
1524 3665 1762 3732 ἐγένετο,
1793 3667 1842 3719 εἰ
1863 3664 1958 3719 καὶ
1981 3664 2056 3735 μὴ

470 3754 579 3809 ἀπὸ
604 3755 845 3819 διανοίας
889 3756 1142 3829 τοιαύτης
1167 3775 1182 3790 ο
1209 3757 1369 3812 τοῦτο
1410 3759 1469 3812 δὲ
1514 3759 1668 3813 οὐδὲν
1713 3759 1954 3828 οὐδαμοῦ
1996 3760 2059 3812 τὸ

470 3853 745 3925 χρήσιμον
798 3851 935 3922 ἔχει,
982 3854 1120 3907 ἀλλά
1176 3855 1345 3926 πολλὴ
1397 3858 1430 3928 ἠ
1481 3854 1675 3927 βλάϐην.
1739 3857 1924 3910 Ταῦτά
1968 3873 2058 3927 μοι

470 3952 593 4022 οὐχὶ
636 3950 774 4022 πρὸς
812 3952 937 4016 τοὺς
969 3952 1236 4024 ἄρχοντας
1282 3956 1496 4026 εἴρηται
1555 3958 1737 4027 μόνον,
1787 3953 1924 4009 ἀλλὰ
1964 3956 2058 4009 καὶ

474 4049 611 4120 πρὸς
639 4050 766 4114 τοὺς
797 4050 1152 4121 ἀρχομένους.
1187 4052 1350 4124 Ἀνὴρ
1369 4052 1426 4106 δέ
1446 4070 1529 4117 τις
1559 4053 1714 4122 ἀγιος
1741 4047 1863 4107 εἶπέ
1891 4071 1944 4107 τι
1970 4055 2059 4108 δο-

471 4147 603 4201 κοῦν
633 4141 775 4199 εἶναι
804 4146 1094 4218 τολμηρὸν,
1135 4148 1275 4220 πλὴν
1304 4149 1421 4201 ἀλλ’
1461 4149 1611 4219 ὅμως
1639 4149 1961 4219 ἐφθέγξατο.
1993 4151 2059 4203 Τί

471 4244 537 4316 δὴ
564 4244 724 4299 τοῦτό
751 4247 929 4307 ἐστιν;
976 4234 1119 4298 Ὁὺδέ
1154 4245 1458 4317 μαρτυρίου
1487 4240 1630 4318 αἷμα
1661 4247 1866 4320 ταύτην
1896 4247 2058 4302 δύνα-

475 4341 601 4397 σθαι
624 4342 927 4411 ἐξαλείφειν
948 4342 1047 4415 τὴν
1076 4342 1352 4415 ἁμαρτίαν
1377 4343 1599 4415 ἔφησεν.
1635 4345 1774 4399 Είπέ
1804 4345 1914 4416 γάρ
1944 4364 2057 4416 μοι,

472 4435 618 4501 τινος
639 4437 826 4491 ἕνεκεν
848 4439 1175 4510 μαρτυρεῖςς
1198 4437 1258 4491 οὐ
1283 4437 1371 4492 διὰ
1392 4440 1491 4510 τὴν
1506 4436 1662 4505 δόξαν
1681 4440 1773 4494 τοῦ
1790 4441 2057 4513 Χριστοῦς

486 4531 546 4585 '0
582 4532 761 4586 τοίνυν
795 4532 895 4604 τὴν
934 4533 1113 4605 ψυχὴν
1151 4533 1451 4605 προέμενος
1483 4535 1622 4607 ὑπὲρ
1661 4536 1758 4591 τοῦ
1797 4536 2059 4608 Χριστοῦ,

476 4626 596 4691 πῶς
629 4627 729 4701 τὴν
783 4627 1113 4699 Ἐκκλησίαν
1155 4626 1378 4699 πορθεῖς
1400 4671 1417 4695 ,
1468 4629 1611 4702 ὑπὲρ
1636 4625 1705 4702 ἧς
1739 4630 1839 4700 τὴν
1881 4631 2059 4705 ψυχὴν

479 4727 758 4799 προήκατο
800 4727 829 4780 6
861 4725 1126 4797 Χριστός;
1162 4726 1371 4797 Ἄκουε,
1395 4725 1490 4781 τοῦ
1529 4727 1745 4782 Παύλου
1785 4728 2058 4798 λέγοντος,

475 4823 559 4877 ὅτι
609 4825 731 4878 Οὐκ
774 4823 894 4894 εἰμί
950 4822 1126 4889 ἄξιος
1157 4819 1475 4879 καλεῖσθαι
1528 4824 1910 4893 ἀπόστολος,
1970 4825 2061 4881 ὅτι

477 4917 694 4981 ἐδίωξα
725 4918 840 4987 τὴν
880 4917 1256 4984 Ἐκκλησίαν
1288 4917 1396 4971 τοῦ
1431 4919 1580 4975 Θεοῦ
1598 4960 1616 4985 ,
1664 4921 1759 4976 καὶ
1794 4922 2062 4995 ἐπόρθουν

478 5016 672 5088 αὐτήν.
713 5015 828 5070 Οὐκ
856 5013 1004 5068 ἔστιν
1048 5012 1193 5085 αῦτη
1235 5013 1472 5069 ἐλάττων
1497 5018 1531 5089 η
1561 5017 1733 5091 βλάση
1765 5022 1865 5091 τῆς
1911 5020 2062 5089 παρὰ

481 5108 714 5181 ἐχθρῶν,
748 5108 883 5163 ἀλλὰ
929 5111 1065 5164 πολὺ
1103 5112 1328 5182 μείζων.
1389 5112 1604 5186 Ἐκείνη
1653 5115 1754 5187 μὲν
1801 5115 1913 5189 γὰρ
1964 5117 2061 5171 καὶ

476 5205 866 5277 λαμπροτέραν
882 5206 1051 5278 αὐτὴν
1071 5207 1385 5278 ἐργάζεται,
1402 5208 1540 5283 αὕτη
1555 5211 1613 5265 δὲ
1624 5211 1793 5285 αὐτὴν
1806 5213 1901 5267 καὶ
1914 5214 2064 5285 παρά

481 5302 594 5364 τοῖς
618 5300 833 5373 ἐχθροῖς
866 5301 1239 5372 καταισχύνει,
1265 5304 1393 5360 ὅταν
1421 5305 1527 5360 ὑπὸ
1551 5307 1659 5361 τῶν
1684 5307 1829 5362 ἰδίων
1857 5308 2062 5363 τέκνων

484 5401 810 5472 πολεμῆται.
844 5400 1004 5472 Μέγα
1024 5404 1131 5473 γὰρ
1149 5403 1347 5476 δεῖγμα
1369 5406 1585 5478 ἀπάτης
1605 5403 1744 5463 εἶναι
1766 5409 1916 5463 δοκεῖ
1933 5411 2063 5483 παρ’

483 5502 667 5564 αὐτοῖς
688 5499 751 5554 τὸ
765 5502 893 5566 τοὺς
909 5502 1265 5575 γεννηθέντας
1285 5507 1344 5559 ἐν
1361 5506 1498 5579 αὐτῇ
1514 5506 1611 5559 καὶ
1629 5507 1954 5577 τραφέντας,
1970 5509 2067 5563 καὶ

483 5617 552 5653 τα
583 5599 869 5673 ἀπόρρητα
901 5602 1073 5676 αὐτῆς
1105 5604 1491 5678 μεμαθηκότας
1534 5607 1800 5680 ἀκριϐῶς,
1842 5610 2064 5677 τούτους

486 5699 987 5773 μεταϐαλλομένους
1041 5704 1301 5777 ἐξαίφνης
1352 5704 1422 5761 τά
1487 5707 1597 5762 τῶν
1634 5707 1845 5780 ἐχθρῶν
1894 5711 2065 5785 αὐτὴν

484 5797 835 5856 διατίθεσθαι.

2225 506 2288 553 ε’.
2303 498 2493 556 Ταῦτά
2507 519 2599 573 μοι
2622 503 2862 575 εἰρήσθω
2878 503 3015 575 πρὸς
3036 506 3161 570 τοὺς
3177 505 3485 580 ἀδιαφόρως
3499 506 3734 575 διδόντας

2152 595 2381 662 ἑαυτοὺς
2427 601 2543 663 τοῖς
2576 601 2819 670 σχίζουσι
2859 600 2960 672 τὴν
3005 601 3353 674 Ἐκκλησίαν.
3393 605 3454 658 Εἰ
3494 605 3596 676 μὲν
3628 606 3735 676 γὰρ

2152 691 2250 745 καὶ
2267 692 2510 764 δόγματα
2536 694 2750 767 ἔχουσιν
2778 696 3017 762 ἐναντία,
3054 697 3151 753 καί
3176 698 3263 753 διά
3288 698 3447 755 τοῦτο
3478 702 3541 755 ού
3570 718 3734 771 προσ-

2152 787 2291 856 ῆκεν
2313 790 2547 854 ἐκείνοις
2574 791 2982 863 ἀναμίγνυσθαι
3000 811 3015 825 ’
3040 795 3091 848 εἰ
3118 795 3176 849 δὲ
3201 795 3269 850 τά
3293 796 3433 851 αὐτά
3460 798 3733 868 φρονοῦσι,

2152 885 2334 957 πολλῷ
2385 888 2604 958 μᾶλλον.
2651 890 2718 943 Τί
2746 889 2978 961 δήποτε;
3006 892 3131 947 Ὅτι
3173 895 3465 966 φιλαρχίας
3513 897 3660 950 ἐστὶν
3704 899 3736 970 ἡ

2152 982 2328 1046 νόσος.
2356 984 2472 1038 Οὐκ
2502 986 2617 1039 ῖστε
2655 986 2708 1040 τί
2737 987 3070 1041 πεπόνθασιν
3096 989 3148 1043 οί
3178 991 3308 1062 περὶ
3337 991 3481 1062 Κορὲ
3512 992 3607 1046 καὶ
3636 995 3738 1046 Δα-

2157 1079 2256 1134 θάν
2283 1081 2376 1133 καὶ
2410 1081 2671 1154 ’Δϐειρὼν
2690 1103 2704 1151 ;
2721 1081 2831 1156 ἆρα
2849 1085 3003 1140 αὐτοὶ
3033 1085 3205 1156 μόνοι,
3222 1088 3345 1159 οὐχὶ
3358 1088 3417 1142 δὲ
3432 1090 3525 1143 καὶ
3547 1091 3597 1143 οί
3623 1089 3735 1164 [87]

2157 1174 2276 1243 μετ’
2304 1173 2484 1227 αὐτῶν
2504 1195 2518 1242 ;
2538 1177 2602 1229 Τί
2623 1177 2801 1247 λέγεις
2821 1197 2836 1240 ;
2858 1182 2892 1253 ἡ
2912 1180 3052 1252 αὐτὴ
3069 1180 3253 1247 πίστις
3275 1183 3445 1250 ἐστὶν,
3467 1184 3739 1256 ὀρθόδοξοί

2154 1272 2260 1323 εἰσι
2298 1275 2559 1328 κάκεῖνοι.
2584 1273 2742 1339 Τίνος
2779 1272 2873 1333 οῦν
2908 1278 3098 1335 ἕνεκεν
3128 1281 3230 1335 οὐκ
3262 1283 3370 1336 εἰσὶ
3406 1283 3527 1357 μεθ’
3549 1278 3737 1356 ἡμῶν;

2156 1364 2263 1435 Εἷς
2276 1372 2510 1441 Κύριος,
2525 1374 2635 1444 μία
2658 1378 2885 1444 πίστις,
2909 1376 2982 1432 ἓν
2992 1379 3333 1451 βάπτισμα.
3348 1382 3498 1437 Εἰτά
3515 1383 3739 1439 ἐκείνων

2155 1465 2340 1530 καλῶς
2357 1469 2586 1537 γίνεται,
2617 1473 2684 1526 τά
2714 1473 2961 1545 ἡμέτερα
2980 1476 3167 1541 κακῶς
3193 1494 3207 1508 ·
3237 1480 3287 1532 εἰ
3312 1477 3367 1531 δὲ
3396 1478 3466 1533 τά
3493 1479 3740 1551 ἡμέτερα

2156 1561 2371 1631 καλῶς,
2411 1566 2479 1620 τά
2502 1569 2726 1623 ἐκείνων
2751 1572 2957 1636 κακῶς.
2979 1573 3221 1639 Νήπιοι,
3254 1577 3409 1645 φησὶ,
3443 1574 3743 1630 κλυδωνιδ

2165 1659 2402 1730 ζόμενοι
2441 1664 2541 1718 καί
2576 1671 3024 1739 περιφερόμενοι
3057 1672 3235 1725 παν-τί
3269 1673 3489 1742 ἀνέμῳ.
3523 1672 3743 1743 Ἀρκεῖν

2154 1758 2314 1814 τοῦτο
2341 1762 2586 1833 ἡγεῖσθε,
2610 1765 2731 1819 εἰπέ
2763 1784 2877 1837 μοι,
2894 1768 2956 1822 τὸ
2975 1769 3178 1837 λέγειν,
3208 1771 3289 1824 ὅτι
3316 1770 3586 1841 όρθόδοξοί
3608 1774 3738 1831 εἰσι,

2154 1856 2224 1911 τὰ
2250 1856 2354 1926 τῆς
2375 1861 2710 1931 χειροτονίας
2738 1862 2796 1916 δὲ
2824 1863 3032 1934 οῖχεται
3053 1866 3149 1921 καὶ
3168 1867 3413 1921 ἀπόλωλε
3433 1886 3449 1932 ;
3476 1867 3585 1920 Καὶ
3604 1865 3658 1919 τί
3678 1866 3742 1920 τὸ

2155 1950 2345 2022 ὄφελος
2360 1954 2471 2009 τῶν
2492 1955 2689 2022 ἄλλων,
2714 1959 2918 2032 ταύτης
2949 1963 3051 2015 οὐκ
3074 1963 3460 2035 ήκριϐωμένης
3484 1979 3499 2028 ;
3528 1962 3740 2032 Ὥσπερ

2157 2045 2267 2119 γὰρ
2301 2048 2445 2120 ὑπὲρ
2467 2050 2570 2121 τῆς
2615 2052 2871 2118 πίστεως,
2914 2055 3058 2110 οὕτω
3097 2059 3191 2111 καὶ
3219 2058 3360 2129 ὑπὲρ
3397 2056 3603 2129 ταύτης
3632 2057 3744 2124 μά·-

2157 2143 2349 2213 χεσθαι
2376 2147 2504 2218 χρή.
2549 2148 2721 2214 Ἐπεὶ,
2748 2152 2797 2204 εἰ
2831 2153 2991 2205 παντὶ
3028 2152 3207 2220 ἔξεστι
3233 2153 3473 2225 πληροῦν
3498 2153 3597 2217 τὰς
3621 2156 3741 2224 χεῖ-

2162 2253 2261 2310 ρας
2285 2241 2472 2311 αὐτοῦ,
2499 2244 2642 2299 κατά
2667 2248 2795 2311 τοὺς
2827 2249 3112 2316 παλαιοὺς,
3143 2254 3238 2306 καὶ
3268 2252 3431 2321 ίερεῖς
3468 2248 3742 2318 γίνεσθαι,

2162 2331 2477 2403 παρίτωσαν
2503 2338 2726 2403 πάντες,
2757 2340 2878 2411 εἰκῆ
2903 2341 2963 2394 τὸ
2984 2341 3368 2414 θυσιαστήριον
3392 2341 3743 2413 ᾠκοδόμηται

2156 2426 2336 2495 τοῦτο,
2381 2431 2505 2501 είκῆ
2533 2432 2594 2485 τὸ
2633 2434 2907 2506 πλήρωμα
2937 2436 3037 2505 τῆς
3077 2436 3427 2509 Ἐκκλησίας,
3469 2430 3592 2508 εἰκῆ
3630 2434 3744 2487 τῶν

2160 2523 2353 2597 ἰερέων
2393 2529 2422 2581 6
2449 2530 2720 2602 ἀριθμός’
2776 2532 3058 2604 ἀνέλωμεν
3105 2534 3247 2588 αύτά
3292 2534 3387 2588 καὶ
3416 2532 3747 2603 διαφθείρω.

2160 2637 2281 2692 μεν.
2338 2624 2431 2696 Μὴ
2472 2627 2713 2695 γένοιτο,
2762 2630 2948 2703 φησίν.
2988 2630 3176 2702 Ὑμεῖς
3212 2630 3355 2684 αύτά
3389 2632 3609 2693 ποιεῖτε,
3648 2633 3746 2684 καί

2159 2737 2318 2789 φατε,
2344 2721 2435 2794 Μὴ
2466 2723 2676 2791 γένοιτο
2697 2740 2712 2791 ;
2737 2726 2855 2789 πῶς
2894 2726 3093 2795 λέγεις,
3129 2728 3221 2796 Μὴ
3247 2727 3482 2796 γένοιτο,
3512 2727 3744 2796 γενομιί.⁴

2157 2832 2265 2870 νων
2293 2818 2506 2887 αὑτῶν;
2542 2820 2683 2889 Ἐγὼ
2713 2821 2854 2891 λέγω
2874 2823 2970 2877 καὶ
3006 2823 3377 2895 μαρτύρομαι,
3406 2824 3466 2877 οὐ
3486 2823 3548 2876 τὸ
3571 2824 3743 2892 ἐμαυο

2158 2907 2251 2960 τοῦ
2282 2909 2523 2973 σκοπῶν,
2557 2911 2692 2965 ἀλλά
2723 2912 2821 2986 τὴν
2842 2913 3115 2985 ὑμετέραν
3148 2915 3426 2986 σωτηρίαν
3447 2930 3460 2945 ’
3494 2915 3544 2966 εἰ
3572 2914 3630 2967 δέ
3656 2931 3745 2978 τις

2158 3000 2498 3073 ἀδιαφοροίη,
2544 3004 2706 3069 αὐτὸς
2743 3006 2810 3058 ἂν
2842 3006 3012 3071 εἰδείη
3042 3023 3056 3038 ο
3102 3009 3151 3062 εἰ
3182 3007 3241 3061 δέ
3286 3024 3394 3061 τινι
3427 3006 3631 3061 τούτων
3678 3008 3747 3059 οὐ

2162 3097 2337 3167 μέλει,
2384 3099 2499 3153 ἀλλ’
2544 3101 2676 3171 ἡμῖν
2727 3102 2879 3173 μέλει
2906 3118 2922 3134 ⁸
2966 3102 3114 3174 Ἐγὼ
3159 3104 3497 3174 ἐφύτευσα,
3551 3104 3747 3172 φησὶν.

2170 3195 2480 3263 Ἀπολλὼς
2522 3198 2826 3261 ἐπότισεν,
2869 3200 3008 3254 ἀλλ’
3051 3203 3085 3255 ό
3129 3201 3276 3267 Θεός
3314 3200 3562 3268 ηὔξανε.
3615 3199 3748 3263 Πῶς

2157 3292 2376 3364 οἴσομεν
2403 3292 2495 3347 τὸν
2520 3295 2672 3367 παρά
2691 3295 2800 3349 τῶν
2828 3296 3094 3369 Ἐλλήνων
3114 3297 3358 3367 γέλωτας
3385 3291 3445 3352 Εἰ
3469 3296 3580 3368 γὰρ
3598 3295 3751 3366 ὑπὲρ

2158 3389 2265 3442 τῶν
2297 3390 2564 3459 αίρέσεων
2606 3393 2931 3461 ἐγκαλοῦσιν
2968 3395 3123 3465 ἡμῖν,
3162 3394 3302 3464 ὑπὲρ
3330 3393 3539 3447 τούτων
3561 3392 3616 3445 τί
3640 3393 3748 3445 οὐκ

2156 3485 2405 3557 ἐροῦσιν;
2444 3489 2507 3543 Εἰ
2532 3488 2601 3544 τά
2626 3489 2765 3544 αὐτά
2791 3490 3084 3563 δόγματαη
3111 3492 3159 3545 εἰ
3184 3490 3257 3544 τά
3277 3491 3416 3544 αὺτά
3439 3491 3745 3560 μυστήρια,

2155 3584 2301 3647 τίνος
2319 3584 2504 3638 ἕνεκεν
2526 3585 2714 3657 ἕτερος
2748 3586 2932 3656 ἅρχων
2954 3587 3120 3659 ἑτέρᾳ
3154 3586 3450 3658 Ἐκκλησία
3468 3584 3744 3656 ἐπιπηδᾷς

2168 3679 2385 3751 Ὁρᾶτε,
2418 3681 2605 3751 φησὶν,
2629 3681 2711 3735 ὄτι
2743 3682 2922 3737 πάντα
2948 3682 3254 3749 κενοδοξίας
3285 3683 3645 3753 πεπλήρωται
3672 3682 3750 3735 τὰ
3780 3674 3787 3689 ’

2157 3776 2533 3843 Χριστιανῶν,
2568 3780 2662 3833 καὶ
2694 3780 2955 3852 φιλαρχία
2983 3780 3116 3853 παρ’
3153 3781 3337 3846 αὐτοῖς
3373 3780 3467 3834 καὶ
3524 3780 3709 3850 ἀπάτη
3730 3821 3747 3846 ,

2158 3873 2445 3944 γύμνωσον
2464 3875 2661 3941 αὐτοὺς
2706 3876 2802 3930 τοῦ
2843 3876 3097 3949 πλήθους,
3131 3879 3284 3948 φησὶ,
3328 3878 3427 3949 τὴν
3466 3876 3620 3931 νόσον
3653 3877 3751 3929 ἐκ·

2159 3971 2354 4039 κοψον,
2411 3972 2505 4024 τοῦ
2556 3970 2714 4042 ὄχλου
2750 3972 2850 4045 τὴν
2886 3972 3213 4046 διαφθορὰν,
3257 3976 3352 4029 καὶ
3402 3974 3557 4029 οὐδέν
3610 3976 3747 4028 εἰσι.

2164 4064 2424 4120 Βούλεσθε
2449 4068 2588 4123 εῖπω
2611 4068 2648 4123 ἀ
2671 4070 2801 4140 περί
2823 4070 2921 4141 τῆς
2944 4071 3150 4134 πόλεως
3172 4071 3391 4140 λέγουσι
3417 4071 3516 4143 τῆς
3542 4070 3752 4141 ἡμετέ-

2162 4180 2297 4235 ρας;
2329 4163 2448 4227 πῶς
2475 4166 2625 4236 ἡμᾶς
2654 4168 2735 4230 εἰς
2761 4166 3012 4221 εὐκολίαν
3040 4166 3457 4235 διαδάλλουσιν;
3500 4168 3747 4234 Ἔξεστι,

2160 4263 2313 4333 φησι,
2356 4264 2520 4316 παντὶ
2539 4262 2620 4335 τῷ
2658 4262 2967 4336 βουλομένῳ
2997 4263 3178 4334 εὑρεῖν
3205 4264 3332 4324 τοὺς
3360 4262 3746 4334 πειθομένους,

2159 4359 2258 4412 καὶ
2282 4360 2382 4413 οὐκ
2409 4360 2475 4415 άν
2504 4378 2637 4415 ποτε
2663 4362 2963 4433 ἀπορήσειε
2995 4361 3221 4416 τούτων.
3254 4362 3320 4414 Ὢ
3347 4359 3442 4415 τοῦ
3478 4359 3746 4431 γέλωτοςί

2159 4455 2331 4510 ταῦτα
2383 4457 2556 4529 πόσης
2592 4458 2890 4530 αἰσχύνης;
2935 4458 3102 4513 Ἀλλά
3152 4460 3246 4512 καὶ⁵
3307 4440 3494 4530 ἕτερος
3542 4457 3746 4525 γέλως,

2161 4551 2324 4624 ἑτέρα
2350 4552 2580 4625 αἰσχύνη
2596 4571 2612 4586 ·
2643 4555 2744 4607 Ἀν
2769 4571 2915 4617 τινες
2940 4554 3163 4619 άλόντες
3187 4556 3314 4625 παρ’
3345 4556 3475 4626 ημῖν
3504 4555 3598 4607 ἐπὶ
3630 4558 3750 4620 τοῖς

2162 4649 2494 4721 αίσχίστοις,
2568 4648 2834 4722 μέλλωσιν
2885 4651 3169 4721 ἐπιτιμίου
3221 4651 3510 4721 τυγχάνειν
3573 4651 3749 4715 τινὸς,

2162 4747 2328 4812 πολὺς
2373 4747 2402 4801 6
2440 4747 2663 4821 τρόμος,
2701 4746 2867 4812 πολὺς
2896 4749 2927 4801 6
2957 4747 3120 4817 φόϐος
3148 4746 3414 4803 πάντοθεν
3437 4765 3451 4779 ο
3484 4748 3579 4821 Μὴ
3603 4749 3748 4803 ἀπο-

2162 4843 2422 4916 πηδήση,
2499 4844 2669 4915 φησὶ,
2732 4843 2808 4916 μὴ
2852 4844 2974 4915 μετ’
3032 4844 3259 4898 ἐκείνων
3308 4849 3428 4916 στῇ.
3504 4846 3747 4916 Ἀποπη-
3832 4854 3837 4857 ‘

2160 4939 2302 5014 δήσῃ
2341 4940 2443 5010 μὲν
2492 4939 2603 5013 γὰρ
2646 4939 2906 5012 μυριάκις
2946 4941 2976 4994 6
3015 4938 3278 5005 τοιοῦτος,
3324 4942 3417 4995 καὶ
3446 4940 3589 4996 ἔστω
3623 4943 3747 5012 μετ’

2163 5038 2410 5103 ἐκείνων,
2441 5038 2562 5110 οὐχὶ
2607 5037 2720 5093 τῶν
2755 5038 3157 5111 ἡμαρτηκότων
3187 5037 3332 5108 λέγω
3353 5054 3368 5070 ’
3422 5037 3536 5092 ἀλλ’
3580 5039 3634 5092 εῖ
3658 5056 3747 5103 τις

2161 5134 2547 5207 ἀναμάρτητος
2570 5133 2648 5188 ὢν
2671 5135 2950 5207 τυγχάνοι,
2984 5136 3079 5189 καὶ
3109 5134 3364 5205 βούλεται
3391 5134 3746 5207 μεταθέσθαι,

2167 5230 2503 5302 μεταθέσθω.
2546 5232 2719 5302 Ἀλγῶ
2752 5232 2852 5303 μὲν
2883 5232 2994 5304 γάρ
3018 5231 3113 5287 καὶ
3137 5232 3409 5304 κόπτομαι
3436 5233 3531 5287 καί
3551 5232 3748 5303 ὀδύρο-

2167 5345 2265 5398 μαι
2304 5330 2400 5383 καὶ
2441 5328 2893 5402 διαπρίομαιιτά
2937 5327 3254 5400 σπλάγχνα,
3293 5328 3370 5394 ὡς
3407 5331 3610 5384 οἰκείου
3647 5331 3746 5401 μὲ-

2166 5424 2293 5490 λους
2338 5424 2811 5498 ἀποστερούμενος
2827 5441 2840 5455 ⁶
2882 5424 3025 5497 πλὴν
3045 5426 3160 5480 ἀλλ’
3180 5427 3279 5498 οὐχ
3300 5425 3475 5490 οὕτως
3497 5426 3650 5497 ἀλγῶ
3668 5426 3750 5491 ὡς

2165 5521 2573 5592 ἀναγκάζεσθαι
2599 5521 2766 5591 τι,διά
2793 5523 2885 5577 τὸν
2917 5522 3081 5592 φόϐον
3103 5521 3315 5589 τοῦτον,
3342 5520 3452 5576 τῶν
3475 5519 3553 5593 μὴ
3573 5537 3740 5595 προσ-

2165 5620 2409 5694 ηκόντων
2440 5623 2633 5679 ποιεῖν.

2228 5824 2253 5852 ι
2283 5811 2421 5863 Unus
2452 5811 2607 5864 codex
2631 5818 2687 5859 et
2704 5821 2857 5873 marg.
2880 5804 3055 5871 ὅπη,
3081 5808 3162 5858 καὶ
3185 5805 3523 5873 διαποροῦμαι.
