4092 6510
239 410 301 466 35
1138 395 1204 451 IN
1243 391 1460 450 EPlST.
1509 390 1598 446 AD
1640 384 1888 444 eruas.
1932 385 2086 443 CAP.
2129 389 2216 444 tv.
2261 390 2490 447 noun.
2537 392 2627 448 x1.
3464 393 3536 448 εδ

238 532 388 587 misso
413 527 572 582 alium
605 531 774 589 tenet,
806 518 1081 593 quomodo
1119 528 1292 573 totum
1328 526 1525 584 corpus
1573 507 1741 576 lmdit,
1766 515 1822 561 et

233 639 365 694 saepe
393 629 612 676 mortem
642 617 824 682 affert,
851 625 906 671 et
931 628 1076 686 saepe
1106 614 1268 668 etiam
1302 611 1369 666 de
1399 619 1597 666 caetero
1626 609 1813 662 inven-

236 729 336 771 tum
361 721 437 767 est
470 711 744 779 indignum
768 707 911 778 quod
943 705 1278 760 retineatur?
1307 701 1461 757 multi
1503 700 1646 756 enim
1675 714 1819 766 smpe

239 823 300 862 eo
335 803 529 868 exciso,
583 801 762 855 locum
821 800 1064 853 fecerunt
1116 811 1368 850 vacuum.
1413 793 1640 861 Semper
1674 790 1819 846 enim

238 900 418 953 malum
446 904 525 950 est
560 894 635 958 id,
669 894 813 963 quod
857 891 1144 947 redundat.
1177 892 1242 946 Et
1285 891 1337 943 in
1368 887 1655 942 elementis
1684 900 1818 954 quo-

235 1005 327 1060 que
364 988 574 1058 quando
614 1001 711 1040 sua
743 986 929 1040 relicta
973 985 1287 1056 symmetria
1318 983 1438 1053 plus
1460 996 1617 1051 quam
1665 978 1823 1033 decet

236 1080 630 1144 abundaverint,
679 1078 1016 1133 universitati
1067 1077 1358 1146 perniciem
1410 1074 1660 1129 afferunt.
1711 1073 1825 1127 Hoc

237 1185 308 1228 est
336 1187 449 1227 esse
478 1181 818 1240 compactum
851 1180 903 1224 et
936 1184 1263 1225 connexum.
1287 1167 1462 1233 Quare
1486 1166 1826 1237 unumquod-

237 1283 326 1337 que
366 1267 414 1319 in
445 1280 546 1319 suo
594 1264 715 1319 loco
746 1278 988 1326 manere,
1037 1275 1138 1316 nec
1186 1260 1236 1314 in
1284 1261 1513 1314 alterum
1560 1259 1825 1314 excedere

237 1375 328 1414 non
363 1357 798 1422 convenientem,
846 1363 1108 1425 quantum
1138 1354 1208 1408 sit
1237 1355 1435 1423 cogita.
1470 1353 1550 1408 Tu
1583 1351 1823 1407 membra

235 1450 534 1520 componis;
564 1448 656 1502 ille
695 1447 932 1516 desuper
963 1446 1339 1501 subministrat
1384 1461 1447 1501 ac
1494 1446 1820 1516 suppeditat.

235 1546 293 1602 Ut
319 1544 454 1599 enim
486 1544 541 1595 in
565 1554 800 1612 corpore
829 1548 954 1595 sunt
994 1538 1258 1608 ejusmodi
1302 1540 1658 1593 instrumenta
1702 1548 1824 1607 apta

233 1636 291 1690 ad
317 1633 715 1702 suscipiendum
741 1674 755 1698 ,
783 1632 853 1684 ita
883 1631 1046 1685 etiam
1079 1631 1130 1684 iu
1159 1630 1350 1698 Spiritu
1372 1669 1387 1695 ,
1422 1645 1544 1684 cum
1575 1630 1646 1683 sit
1665 1628 1828 1684 desu-

237 1744 322 1798 pcr
348 1727 595 1779 universa
629 1724 783 1777 radix
818 1741 831 1776 :
868 1731 926 1776 ut
954 1737 1049 1776 cor
1079 1732 1160 1775 est
1188 1721 1344 1774 radix
1388 1721 1633 1792 Spiritus,
1674 1721 1828 1789 jecur

234 1818 516 1888 sanguinis,
551 1817 660 1870 lien
714 1815 840 1869 bilis
867 1857 882 1879 ,
923 1823 978 1870 et
1017 1814 1122 1867 alia
1167 1814 1394 1868 alterius
1429 1829 1445 1866 :
1479 1813 1595 1866 haec
1646 1822 1826 1867 autent

236 1914 401 1965 omnia
441 1910 647 1963 habent
693 1923 914 1963 causam
954 1923 981 1959 a
1032 1907 1296 1962 cerebro:
1325 1906 1404 1962 sic
1446 1907 1586 1961 Deus
1614 1920 1829 1976 quoque

244 2005 379 2070 fecit,
419 2004 696 2058 hominem
741 2001 898 2057 valde
955 2001 1250 2069 honorans,
1298 2010 1353 2056 et
1414 2002 1604 2057 nolens
1647 2002 1716 2056 ab
1762 2016 1829 2056 eo

248 2098 431 2160 abesse,
462 2105 520 2149 ut
548 2097 638 2166 qui
668 2097 785 2164 ipse
815 2093 1032 2164 quidem
1061 2110 1282 2149 causam
1320 2109 1348 2148 a
1378 2109 1438 2149 se
1467 2092 1703 2163 pendere
1730 2108 1828 2148 vo-

244 2191 412 2254 luerit,
452 2189 559 2243 sibi
607 2197 790 2242 autem
836 2187 1114 2255 adjutores
1153 2187 1534 2252 constituerit;
1584 2194 1640 2241 et
1681 2186 1828 2240 illum

238 2282 434 2352 quidem
463 2281 536 2336 ad
568 2281 690 2345 hoc,
727 2280 873 2335 hunc
899 2294 1028 2335 vero
1057 2280 1122 2334 ad
1169 2277 1300 2334 illud
1343 2278 1601 2349 posuerit.
1631 2278 1830 2333 Exem-

236 2374 300 2443 pli
328 2389 479 2428 causa
515 2373 796 2443 apostolus
827 2383 911 2427 est
951 2387 1045 2426 vas
1074 2372 1314 2427 omnium
1363 2373 1607 2440 corporis
1637 2371 1832 2441 praeci-

234 2461 406 2536 puum,
433 2469 503 2522 ab
539 2468 659 2536 ipso
712 2468 892 2521 omnia
934 2466 1228 2537 accipiens.
1281 2466 1642 2533 Quamobrem
1693 2477 1831 2520 tam-

230 2575 380 2630 quam
411 2575 511 2631 per
543 2574 712 2614 venas
739 2570 791 2615 et
821 2561 1067 2626 arterias,
1101 2560 1252 2616 verbi
1296 2560 1538 2629 inquam,
1589 2558 1718 2615 facit
1766 2559 1834 2614 ad

229 2668 410 2708 omnes
458 2667 692 2708 currere
735 2653 900 2707 vitam
949 2662 1227 2708 aeternam.
1271 2653 1546 2724 Propheta
1593 2651 1837 2723 praedicit

228 2745 422 2810 futura,
453 2755 513 2801 et
560 2745 676 2814 ipse
729 2745 918 2799 eadem
960 2744 1214 2800 adstruit.
1247 2745 1312 2800 Et
1341 2745 1430 2800 ille
1472 2745 1690 2816 quidem
1713 2759 1836 2798 ossa

225 2840 498 2909 componit
523 2855 541 2904 ;
574 2839 689 2910 ipse
718 2839 798 2894 eis
821 2837 983 2893 vitam
1013 2839 1344 2909 suppeditat.
1375 2839 1455 2894 Ad
1477 2839 1838 2912 perfectionem

224 2943 542 3000 sanctorum,
563 2934 634 2986 ad
659 2950 788 3004 opus
812 2934 1104 2988 ministerii.
1135 2934 1345 2990 Caritas
1382 2934 1612 2990 aedificat
1636 2943 1690 2990 et
1721 2933 1836 2988 offic

225 3029 293 3083 cit
320 3037 381 3082 ut
411 3029 564 3082 inter
594 3042 656 3082 se
684 3028 1150 3096 couglutinentur,
1180 3028 1597 3097 compingantur
1623 3035 1678 3081 et
1705 3042 1838 3081 con-

222 3123 541 3194 juugantur.
575 3119 634 3176 Si
659 3122 911 3176 volumus
936 3137 1070 3193 ergo
1101 3121 1204 3176 frui
1231 3119 1425 3191 spiritu
1469 3121 1557 3190 qui
1600 3119 1842 3190 procedit

226 3230 254 3269 a
295 3215 496 3285 capite,
530 3215 673 3268 alter
717 3213 874 3268 alteri
926 3215 1325 3268 adhaereamns.
1372 3212 1507 3266 Nam
1553 3211 1674 3266 duae
1715 3220 1843 3265 sunt

227 3311 524 3367 divisiones
587 3326 616 3363 a
674 3324 905 3379 corpore
967 3308 1375 3374 ecclesiastico;
1429 3322 1533 3361 una
1579 3305 1839 3376 quidem,

230 3402 440 3472 quando
473 3400 859 3457 refrixerimus
892 3400 942 3454 in
969 3401 1196 3455 caritate
1222 3417 1236 3466 ;
1266 3397 1500 3454 secunda
1530 3408 1708 3452 autem
1737 3412 1841 3466 qua

227 3493 340 3549 ausi
371 3493 647 3548 fuerimus
687 3507 751 3547 ea
793 3491 1004 3558 facere,
1034 3507 1155 3562 quae
1185 3501 1312 3546 sunt
1339 3490 1556 3562 indigna
1593 3498 1649 3545 ut
1673 3491 1844 3546 simus

226 3589 276 3643 in
299 3589 391 3645 illo
412 3602 659 3658 corpore
687 3602 702 3650 ;
732 3597 962 3656 utroque
999 3586 1142 3641 enim
1176 3585 1336 3640 modo
1382 3599 1482 3640 nos
1529 3598 1844 3655 separamus

225 3696 254 3734 a
278 3681 437 3751 pleno
465 3680 571 3735 illo
601 3690 895 3735 conventu.
927 3679 1083 3747 Quod
1115 3679 1158 3735 si
1181 3679 1430 3735 collocati
1462 3694 1526 3734 ac
1563 3679 1843 3736 constituti

226 3786 409 3828 sumus
436 3783 500 3828 ut
522 3773 664 3827 alios
696 3772 762 3827 ad
794 3772 895 3827 hoc
925 3773 1278 3840 tedificemus,
1299 3772 1387 3843 qui
1419 3771 1565 3841 prius
1593 3772 1847 3828 scindunt

225 3865 348 3935 quid
377 3880 490 3920 non
524 3863 848 3936 patientur?
874 3864 1016 3920 Nihil
1039 3864 1339 3921 Ecclesiam
1370 3880 1522 3935 teque
1555 3873 1732 3933 potest
1765 3863 1846 3919 dio

223 3958 428 4024 videre,
466 3967 530 4011 ut
558 3957 784 4011 ambitio
814 3966 867 4012 et
910 3973 1065 4012 amor
1092 3957 1301 4025 imperii
1342 3966 1396 4012 et
1422 3956 1648 4028 gerendi
1681 3958 1846 4028 magi-

223 4057 426 4104 stratus
459 4067 475 4104 :
505 4049 646 4103 nihil
675 4050 845 4104 Deum
875 4065 1028 4120 teque
1057 4050 1233 4104 irritat
1259 4057 1420 4118 atque
1458 4049 1685 4104 divisam
1725 4065 1847 4104 esse

223 4142 557 4198 Ecclesium.
616 4142 840 4197 Etiamsi
893 4141 1033 4198 bona
1081 4141 1371 4196 fecerimus
1411 4141 1842 4207 innumerabilia,

225 4250 331 4290 non
390 4236 668 4300 minores,
716 4249 878 4305 quam
933 4235 1024 4304 qui
1079 4234 1200 4304 ejus
1250 4249 1448 4304 corpus
1495 4233 1846 4300 discindunt,

226 4343 418 4396 pinnas
450 4327 734 4392 dabimus,
765 4328 857 4398 qui
889 4326 1107 4397 plenum
1155 4327 1580 4382 ecclesiasticum
1608 4341 1848 4381 conven-

226 4432 337 4475 ttnu
367 4421 812 4476 conscindimus.
843 4421 978 4476 Nam
1012 4421 1145 4476 illud
1175 4421 1397 4491 quidem
1431 4421 1630 4477 factum
1673 4431 1756 4476 est
1783 4420 1848 4473 ad

225 4513 442 4569 lucrum
469 4513 628 4569 orbis
655 4522 947 4578 terrarum,
989 4514 1090 4568 etsi
1121 4529 1226 4568 non
1257 4529 1323 4569 eo
1348 4517 1530 4568 animo
1564 4532 1576 4567 :
1605 4514 1708 4568 hoc
1757 4528 1854 4567 au-

226 4615 334 4660 tem
353 4607 571 4661 nullam
602 4621 828 4676 usquam
853 4606 1013 4662 habet
1036 4607 1344 4669 utilitatem.
1369 4606 1464 4661 sed
1490 4621 1554 4661 ex
1583 4621 1649 4662 eo
1669 4605 1852 4660 damni

222 4708 306 4753 est
334 4700 668 4770 plurimum.
703 4700 829 4755 Haec
858 4716 888 4754 a
919 4715 1005 4756 me
1035 4699 1179 4756 dicta
1228 4711 1354 4756 sunt
1403 4716 1510 4754 non
1558 4700 1734 4754 solum
1776 4701 1841 4755 ad

226 4806 321 4843 eos
347 4792 446 4861 qtti
481 4801 681 4862 gerunt
712 4793 1080 4863 magistratus,
1130 4795 1224 4848 sed
1263 4794 1424 4847 etiam
1451 4792 1516 4847 ad
1546 4808 1642 4848 eos
1669 4793 1759 4864 qui
1789 4794 1857 4848 ab

228 4883 334 4937 illis
363 4894 672 4953 reguntur.
709 4885 854 4940 Dixit
883 4896 1064 4941 autem
1095 4888 1178 4941 vir
1205 4888 1421 4957 quidam
1453 4899 1674 4943 sanctus
1697 4888 1848 4957 quid-

227 4975 376 5040 dam,
411 4975 568 5046 quod
603 4993 848 5046 magnam
881 4995 992 5050 prae
1020 4996 1079 5035 se
1112 4979 1214 5036 fert
1239 4981 1541 5046 audaciam,
1562 4981 1656 5036 sed
1677 4991 1856 5036 tamen

226 5079 310 5122 est
339 5069 671 5138 eloquutus.
705 5069 845 5135 Quid
880 5071 981 5126 hoc
1011 5081 1096 5126 est
1121 5081 1300 5126 autem
1325 5071 1349 5124 ?
1372 5073 1514 5130 Dixit
1545 5089 1614 5128 ne
1635 5073 1858 5142 sangui-

228 5176 354 5215 nem
385 5160 623 5232 quidem
668 5163 911 5234 martyrii
962 5179 1123 5234 posse
1169 5165 1352 5221 delere
1403 5167 1506 5221 hoc
1551 5176 1856 5236 peceatum.

225 5253 361 5307 Nam
395 5253 493 5307 die
543 5253 698 5317 mihi,
731 5271 1020 5325 quamnam
1052 5258 1121 5311 ob
1146 5272 1366 5313 causam
1396 5273 1458 5314 es
1484 5260 1724 5331 martyr?
1763 5275 1863 5315 an-

229 5360 337 5398 non
376 5358 617 5414 propter
643 5344 845 5399 Christi
875 5347 1150 5416 gloriam?
1179 5348 1282 5416 Qur
1331 5365 1430 5418 pro
1475 5349 1693 5405 Christo
1737 5354 1860 5406 ani-

228 5458 377 5496 mam
419 5441 684 5512 posuisti,
740 5443 869 5512 quid
926 5444 1201 5513 p0pularis
1250 5445 1576 5510 Ecclesiam,
1623 5461 1723 5516 pro
1754 5463 1859 5518 qua

230 5533 498 5591 Christus
532 5551 680 5590 suam
710 5536 950 5606 profudit
998 5537 1282 5592 animam?
1322 5539 1462 5594 Audi
1509 5539 1732 5594 Paulum
1780 5541 1862 5594 di-

230 5637 488 5688 centem,
531 5627 647 5682 Non
676 5646 789 5683 sum
819 5630 1004 5700 dignus
1046 5635 1215 5685 vocari
1242 5632 1508 5698 apostolus
1531 5675 1544 5699 ,
1573 5633 1660 5701 qui
1689 5650 1860 5702 perse-

230 5728 429 5787 quutus
451 5732 575 5769 sum
608 5716 888 5774 Ecclesium
915 5719 1016 5776 Dei
1040 5720 1117 5794 (1.
1147 5722 1268 5780 Cor.
1297 5723 1382 5778 15.
1411 5723 1490 5791 9),
1514 5732 1569 5778 et
1594 5739 1712 5779 eam
1743 5739 1862 5778 sum

231 5809 631 5879 depopulatus.
657 5807 774 5864 Non
805 5823 886 5866 est
913 5814 1016 5869 hoc
1043 5815 1222 5871 minus
1248 5814 1508 5872 damnum
1535 5833 1695 5888 quam
1715 5819 1857 5888 quod

232 5901 478 5957 affertur
537 5902 602 5956 ab
654 5902 906 5972 inimicis,
955 5908 1049 5960 sed
1096 5910 1266 5964 multo
1320 5910 1514 5982 majus.
1569 5911 1701 5968 Nam
1733 5912 1861 5968 illud

619 6001 886 6063 Paruum.
928 6001 1047 6062 Cu.
1095 6004 1288 6074 LXII,

1933 507 2148 578 quidem
2173 524 2294 564 eam
2325 511 2490 567 efficit
2514 512 2836 578 clariorem;
2866 510 2967 566 hoc
2997 520 3177 566 autent
3203 509 3367 566 etiam
3392 507 3548 579 apud,

1933 603 2182 658 inimicos
2209 619 2328 658 eam
2360 605 2561 674 probro
2592 619 2656 660 ac
2680 604 2946 660 dedecore
2973 605 3172 667 afficit,
3204 602 3421 674 quando
3449 602 3532 656 sui

1928 698 2022 750 filii
2053 714 2172 752 eam
2201 699 2343 754 bello
2374 709 2652 770 appetunt.
2687 699 2914 754 Videtur
2945 699 3088 753 enim
3133 712 3385 768 magnum
3413 709 3534 749 esse

1935 791 2135 846 fraudis
2165 792 2420 846 iudicium
2446 792 2586 862 apud
2617 806 2737 858 eos,
2771 790 2912 862 quod
2941 789 3033 861 qui
3081 791 3132 843 in
3180 805 3240 843 ea
3270 796 3394 842 sunt
3422 787 3532 840 nati

1931 895 1988 940 et
2011 887 2222 941 educati
2273 895 2327 940 et
2365 885 2482 954 ejus
2528 901 2724 942 arcana
2776 897 2971 942 exacte
3025 883 3350 946 didicerunt,
3387 881 3421 935 ii
3449 897 3535 935 re-

1933 989 2096 1047 pente
2123 980 2334 1045 mutati,
2369 990 2639 1050 tamquam
2671 980 2871 1036 inimici
2901 980 2954 1032 in
2979 993 3099 1034 eam
3131 979 3239 1032 sint
3260 976 3455 1030 affecti.

2007 1073 2058 1126 5.
2106 1072 2229 1126 llaec
2251 1088 2281 1126 a
2312 1088 2396 1127 me
2423 1073 2564 1128 dicta
2608 1074 2716 1128 sint
2757 1073 2825 1127 ad
2865 1087 2980 1138 eos,
3011 1072 3101 1140 qui
3132 1085 3192 1125 se
3218 1070 3425 1124 dedunt
3456 1066 3540 1120 in-

1933 1162 2344 1218 discriminatim
2387 1165 2473 1229 iis,
2517 1165 2610 1235 qui
2639 1164 2894 1220 scindunt
2943 1163 3266 1217 Ecclesium.
3314 1160 3447 1216 Nam
3490 1159 3534 1213 si

1935 1256 2183 1326 dogmata
2217 1256 2434 1327 quidem
2465 1256 2666 1313 habent
2718 1256 3009 1320 contraria,
3044 1254 3128 1310 vel
3162 1261 3384 1324 propter
3432 1251 3536 1305 hoc

1936 1347 2114 1417 ipsum
2136 1363 2242 1403 non
2276 1349 2635 1405 conveniebat
2658 1364 2782 1404 cum
2817 1349 2922 1402 illis
2945 1347 3161 1402 misceri
3193 1367 3206 1401 :
3239 1345 3322 1399 sin
3353 1353 3534 1398 autem

1936 1442 2124 1497 eadem
2154 1443 2415 1509 sentiunt,
2445 1443 2616 1498 multo
2666 1443 2856 1511 magis.
2897 1440 3114 1509 Quare?
3157 1436 3424 1506 Quoniam
3453 1444 3538 1490 est

1937 1538 2158 1592 morbus
2189 1537 2496 1592 ambitionis
2524 1546 2578 1592 et
2602 1537 2802 1590 amoris
2833 1534 3042 1605 imperii
3086 1543 3142 1591 et
3169 1533 3533 1602 magistratus.

1937 1631 2167 1687 Nescitis
2189 1632 2315 1702 quid
2335 1633 2474 1703 passi
2499 1644 2622 1686 sunt
2639 1633 2798 1693 Core,
2822 1631 3031 1684 Dathan
3054 1637 3107 1684 et
3131 1627 3332 1682 Abiron
3356 1625 3380 1678 ?
3411 1638 3539 1677 num

1939 1727 2037 1796 ipsi
2071 1727 2216 1781 soli?
2245 1745 2424 1781 annon
2453 1727 2612 1782 etiam
2646 1727 2682 1781 ii
2711 1727 2801 1798 qui
2843 1736 2999 1782 erant
3043 1741 3164 1780 cum
3198 1724 3372 1794 ipsis?
3401 1720 3539 1789 Quid

1939 1820 2109 1875 dicis?
2140 1821 2328 1876 eadem
2360 1831 2444 1876 est
2477 1821 2630 1886 fides,
2677 1821 2751 1876 illi
2793 1835 3007 1891 quoque
3051 1827 3177 1873 sunt
3217 1814 3541 1872 orthodoxi?

1938 1930 2036 1968 cur
2083 1929 2211 1985 ergo
2265 1931 2368 1969 non
2411 1923 2536 1969 sunt
2587 1913 2910 1968 nobiscum?
2939 1911 3085 1966 Unus
3125 1909 3410 1971 Dominus,
3437 1923 3544 1959 una

1938 2006 2089 2075 ﬁdes,
2114 2023 2269 2059 unum
2315 2007 2583 2076 baptisma.
2636 2004 2692 2060 Si
2744 2020 2830 2059 res
2873 2004 3088 2059 illorum
3122 2009 3268 2056 recte
3301 1999 3539 2063 habent,

1941 2109 2142 2156 nostra:
2173 2105 2344 2168 male;
2377 2104 2422 2158 si
2463 2119 2551 2160 res
2597 2112 2795 2159 nostra:
2823 2104 2983 2168 bene,
3018 2115 3105 2156 res
3135 2099 3345 2153 illorum
3370 2094 3539 2161 male.

1943 2193 2179 2261 Parvuli,
2201 2196 2392 2266 inquit,
2415 2199 2741 2266 fluctuantes,
2767 2207 2812 2270 et
2839 2196 2926 2266 qui
2953 2194 3384 2264 circumferuntur
3404 2191 3544 2245 omni
3599 2263 3608 2272 '

1943 2298 2109 2341 vento.
2138 2288 2565 2353 Existimatisne,
2593 2306 2796 2360 quasso,
2829 2289 3078 2344 sufficere
3099 2289 3142 2342 si
3160 2288 3372 2343 dicatur
3400 2285 3545 2356 quod

1943 2381 2052 2433 sint
2080 2380 2367 2436 orthodoxi
2395 2423 2409 2446 ,
2442 2391 2627 2452 pereat
2656 2392 2836 2437 autem
2882 2391 2936 2437 et
2968 2381 3199 2435 intereat
3229 2376 3546 2434 ordinatio?

1947 2466 2010 2525 Et
2033 2471 2158 2541 quid
2188 2481 2416 2543 prosunt
2464 2473 2590 2538 alia,
2626 2474 2668 2528 si
2697 2489 2760 2529 ea
2804 2489 2908 2527 non
2953 2474 3023 2528 sit
3073 2481 3261 2528 exacta
3303 2482 3356 2527 et
3384 2485 3547 2525 accn-

1945 2571 2061 2619 rata
2084 2565 2105 2618 ?
2128 2563 2281 2620 Sicut
2309 2565 2453 2620 enim
2483 2582 2580 2636 pro
2613 2565 2738 2630 fide,
2768 2567 2839 2621 ita
2867 2568 3031 2621 etiam
3062 2581 3161 2635 pro
3189 2565 3290 2620 hac
3306 2577 3549 2634 pugnan-

1944 2654 2072 2710 dum
2094 2665 2198 2710 est.
2224 2654 2359 2710 Nam
2390 2656 2434 2710 si
2465 2657 2684 2713 cuilibet
2737 2636 2862 2712 licet
2905 2671 3030 2711 suas
3066 2655 3290 2725 implere
3331 2669 3545 2712 manus.

1947 2755 2006 2802 ut
2047 2747 2300 2802 dicebant
2346 2756 2580 2815 veteres,
2638 2757 2694 2804 et
2742 2747 2858 2804 fieri
2908 2747 3239 2815 sacerdotes,
3288 2746 3551 2802 accedant

1947 2855 2178 2895 omnes:
2209 2839 2407 2896 frustra
2449 2840 2550 2896 fuit
2592 2840 2711 2895 haec
2759 2856 2852 2896 ara
2898 2839 3184 2904 aedificata,
3238 2840 3437 2894 frustra
3465 2849 3551 2896 est

1950 2933 2142 3003 plenus
2171 2933 2426 2988 Ecclesia:
2455 2943 2781 2998 conventus,
2839 2932 3035 2988 frustra
3086 2943 3168 2987 est
3206 2933 3548 2988 sacerdotum

1951 3041 2206 3083 numerus
2241 3045 2254 3081 :
2285 3042 2347 3082 ea
2377 3027 2445 3082 de
2472 3027 2650 3082 ntedio
2677 3027 2928 3082 tollamus
2955 3036 3009 3082 et
3037 3026 3342 3096 perdamus.
3370 3026 3546 3091 Absit,

1951 3118 2142 3189 inquit.
2180 3118 2290 3174 Vos
2314 3119 2428 3175 htec
2456 3119 2570 3189 ipsa
2609 3120 2826 3184 facitis;
2860 3127 2915 3174 et
2954 3119 3152 3182 dicitis,
3200 3119 3388 3174 Absit?
3418 3134 3554 3189 quo-

1951 3212 2114 3268 modo
2139 3212 2297 3280 dicis,
2341 3213 2520 3278 Absit,
2570 3228 2691 3267 cum
2739 3214 2852 3283 ipsa
2906 3213 3038 3267 facta
3070 3213 3221 3266 sint?
3272 3212 3388 3282 Ego
3438 3213 3554 3267 haec

1950 3305 2073 3360 dico
2102 3314 2156 3360 et
2183 3304 2462 3369 testificor,
2494 3321 2600 3360 non
2631 3315 2882 3375 spectans
2910 3305 2963 3360 id
2992 3303 3134 3374 quod
3157 3319 3273 3359 mea
3303 3305 3551 3368 interest,

1952 3397 2047 3453 sed
2073 3411 2309 3454 veStram
2339 3399 2572 3454 salutem
2601 3415 2614 3451 :
2645 3399 2688 3452 si
2734 3397 2856 3469 quis
2894 3398 2967 3452 sit
3005 3397 3094 3468 qui
3123 3405 3266 3466 putet
3300 3395 3432 3450 nihil
3463 3411 3551 3451 re-

1951 3491 2116 3554 ferre,
2147 3492 2260 3560 ipse
2282 3490 2514 3559 viderit;
2549 3493 2591 3546 si
2619 3492 2705 3546 cui
2730 3502 2910 3546 autem
2933 3507 2998 3546 ex
3026 3491 3108 3546 his
3139 3507 3244 3545 non
3276 3498 3362 3546 est
3385 3505 3553 3556 curas.

1952 3592 2007 3637 at
2034 3583 2190 3638 nobis
2212 3594 2296 3639 est
2329 3601 2342 3637 :
2377 3583 2486 3653 Ego
2518 3584 2767 3654 plantavi,
2797 3583 2988 3652 inquit,
3025 3584 3210 3652 Apollo
3229 3585 3430 3653 rigavit,
3460 3585 3550 3636 sed

1953 3675 2095 3730 Deus
2126 3675 2266 3730 dedit
2293 3677 2659 3730 incrementum
2709 3677 2782 3750 (1.
2813 3675 2934 3731 Cor.
2960 3676 3014 3731 5.
3059 3675 3138 3747 6).
3168 3676 3450 3742 Quomodo
3481 3676 3563 3730 fe.-

1955 3783 2138 3824 remus
2167 3769 2480 3824 Graecorum
2512 3769 2679 3824 risum
2710 3778 2764 3824 et
2792 3768 3082 3824 ludibrium
3109 3771 3132 3822 ?
3164 3770 3294 3823 Nam
3324 3771 3367 3824 si
3398 3770 3554 3824 nobis

1954 3862 2169 3918 crimini
2219 3862 2350 3918 dant
2399 3863 2659 3928 haereses,
2706 3862 2891 3918 dehis
2936 3863 3063 3934 quid
3107 3879 3213 3917 non
3245 3862 3470 3919 dicent?
3499 3861 3556 3917 Si

1955 3956 2145 4011 eadem
2173 3965 2300 4011 sunt
2328 3955 2604 4026 dogmata,
2629 3956 2674 4010 si
2701 3954 2891 4011 eadem
2925 3955 3203 4027 mysteria,
3234 3971 3466 4025 quanam
3491 3955 3558 4009 de

1955 4067 2117 4106 causa
2149 4051 2288 4106 alius
2317 4060 2500 4106 rector
2545 4050 2705 4105 aliam
2739 4049 2946 4105 invadit
2973 4050 3316 4104 Ecclesiam?
3345 4048 3556 4114 Videte,

1959 4145 2229 4215 inquiunt,
2260 4141 2405 4214 quod
2432 4159 2522 4198 res
2544 4156 2739 4198 omnes
2763 4141 3194 4198 Christianorum
3224 4141 3398 4212 plenre
3430 4150 3559 4195 sunt

1960 4238 2106 4293 inani
2129 4239 2343 4308 gloria?
2371 4238 2516 4308 quod
2538 4237 2764 4293 ambitio
2791 4236 2931 4308 apud
2957 4251 3073 4304 eos,
3111 4235 3253 4290 fraus
3280 4235 3508 4290 etdulus
3539 4235 3562 4287 ?

1958 4331 2151 4386 Adime
2177 4331 2278 4397 eis,
2297 4331 2563 4402 inquiunt,
2585 4329 3004 4396 multitudinem,
3019 4326 3273 4384 exscinde
3288 4327 3558 4392 morbum,

1959 4434 2014 4478 et
2041 4425 2210 4479 turba:
2249 4425 2676 4494 corruptionem,
2733 4433 2788 4478 et
2827 4423 2961 4477 nihil
2991 4431 3136 4476 sunt.
3179 4419 3355 4477 Vultis
3383 4419 3559 4475 dicam

1958 4531 2080 4586 quae
2106 4513 2291 4569 dicunt
2318 4515 2385 4569 de
2411 4524 2596 4570 nostra
2627 4513 2886 4570 civitate?
2911 4512 3184 4583 quomodo
3207 4527 3306 4567 nos
3333 4523 3565 4583 arguunt

1960 4607 2029 4662 de
2061 4607 2227 4662 nimia
2251 4606 2550 4663 facilitate?
2573 4608 2738 4674 Licet,
2776 4606 3040 4678 inquiunt,
3060 4606 3230 4660 cuivis
3253 4605 3451 4661 volenti
3484 4606 3566 4659 in-

1961 4701 2147 4755 venire
2168 4700 2258 4770 qui
2290 4700 2716 4769 persuadeantur
2741 4708 2796 4754 et
2816 4698 3077 4764 credant;
3109 4711 3208 4752 nec
3235 4698 3266 4752 ii
3301 4713 3556 4766 umquam

1963 4792 2252 4848 defuerint.
2281 4792 2326 4847 Ο
2351 4808 2463 4848 rem
2496 4792 2773 4848 ridiculam
2797 4791 2810 4846 l
2853 4792 3133 4858 Quodnam
3161 4801 3243 4845 est
3273 4794 3374 4846 hoc
3400 4789 3566 4845 dede-

1966 4888 2102 4942 cus?
2128 4887 2234 4943 Sed
2263 4895 2344 4942 est
2374 4887 2518 4941 aliud
2569 4902 2786 4957 quoque
2827 4887 3134 4952 ridiculum,
3165 4895 3219 4940 et
3261 4885 3406 4940 aliud
3436 4900 3566 4954 pro-

1969 4980 2122 5034 brum
2175 4996 2240 5035 ae
2268 4980 2524 5035 dedecus.
2577 4980 2634 5035 Si
2664 4982 2753 5052 qui
2783 4997 2849 5037 ex
2896 4980 3051 5036 nobis
3098 4979 3331 5035 convicti
3381 4994 3562 5033 rerum

1971 5072 2429 5144 turpissimarum,
2462 5073 2572 5127 sint
2596 5072 2828 5143 aliquam
2860 5087 3075 5144 pmnam
3103 5071 3301 5138 daturi,
3335 5085 3563 5140 magnus

1968 5175 2053 5221 est
2100 5175 2325 5234 tremor,
2357 5180 2581 5236 magnus
2610 5167 2850 5236 undique
2879 5180 3061 5236 pavor,
3114 5163 3193 5219 Ne
3221 5163 3445 5229 resiliat,
3481 5162 3566 5215 iu-

1969 5261 2107 5330 quit,
2155 5271 2209 5314 et
2255 5261 2542 5328 desciscat,
2578 5277 2647 5317 ne
2675 5270 2782 5316 stet
2823 5275 2946 5314 cum
2981 5260 3107 5314 illis.
3141 5258 3333 5312 Millies
3365 5256 3572 5312 resiliat

1969 5369 2033 5408 ac
2079 5352 2296 5409 deficiat
2343 5359 2395 5407 et
2449 5353 2669 5410 sitcum
2698 5352 2824 5418 illis,
2849 5369 2955 5406 non
2985 5352 3129 5417 dico,
3162 5351 3205 5406 si
3235 5351 3354 5422 quis
3399 5350 3469 5405 sit
3499 5367 3567 5405 ex

1971 5448 2037 5503 iis
2079 5446 2171 5517 qui
2215 5456 2532 5518 peccarunt,
2577 5449 2671 5502 sed
2718 5447 2817 5502 etsi
2869 5449 2990 5516 quis
3036 5447 3106 5500 sit
3157 5445 3291 5499 nulli
3347 5455 3566 5515 peccato

1973 5542 2240 5596 obnoxius
2272 5550 2328 5597 et
2349 5542 2464 5595 vult
2494 5541 2752 5615 deficere,
2783 5541 3018 5596 deficiat.
3048 5540 3180 5594 Nam
3217 5555 3318 5609 ego
3349 5540 3565 5608 quidem

1971 5635 2129 5690 doleo
2161 5644 2215 5690 et
2245 5633 2420 5689 deﬂeo
2463 5642 2518 5688 et
2558 5633 2756 5704 plango
2782 5642 2837 5687 et
2877 5633 3178 5688 visceribus
3219 5632 3482 5698 dissccor,
3514 5641 3570 5686 nt

1971 5729 2061 5799 qui
2093 5731 2275 5798 priver
2326 5727 2544 5798 proprio
2599 5727 2877 5792 membro;
2925 5729 3018 5782 sed
3053 5743 3156 5780 non
3207 5726 3282 5780 ita
3331 5724 3490 5781 doleo
3520 5734 3575 5777 ut

1974 5830 2197 5893 propter
2241 5829 2441 5878 metum
2495 5837 2660 5893 cogar
2703 5820 2904 5893 aliquid
2953 5820 3133 5876 facere
3178 5818 3319 5874 haud
3368 5832 3568 5873 conve-

1977 5916 2152 5973 uicus.

3116 6002 3158 6065 6
