4092 6496
518 360 586 415 07
1274 348 1332 402 S.
1372 343 1648 403 JOANNIS
1684 336 2160 400 CIIRYSOSTOMI
2190 335 2499 394 ARClllEP.
2538 337 3074 396 CONSTANTINOP.
3736 337 3806 392 88

590 473 982 545 Chrysestomus
1024 467 1266 524 doctrina:
1300 465 1437 520 verbi
1480 464 1775 534 prmfectus.
1820 456 2109 513 Ecclesium

520 566 750 621 scindere
776 582 876 619 non
899 561 1068 617 minus
1084 568 1157 615 est
1186 558 1377 613 malum
1404 572 1558 626 quant
1586 552 1809 608 incidere
1845 551 1899 604 in
1945 550 2107 602 lucre-

517 659 633 712 sim.
666 685 738 698 --
765 654 882 710 Non
916 653 1259 709 dominamur
1287 658 1482 703 vestra:
1524 644 1669 708 fidei.
1699 659 1735 701 ο
1771 641 1978 705 dilecti,
2012 654 2110 695 nec

516 746 720 802 domini
769 760 919 800 more
948 742 1064 797 hmc
1092 742 1420 811 imperamus
1449 754 1462 793 :
1490 736 1751 794 doctrina:
1793 733 1941 791 verbi
1974 747 2109 802 prte-

515 841 637 896 lecti
664 853 851 895 smnus
881 855 896 892 :
929 850 1035 892 non
1080 842 1168 891 est
1209 843 1389 889 autem
1436 831 1595 887 nobis
1625 828 1911 883 mandatus
1938 824 2102 896 magi-

515 941 736 998 stratus,
790 944 891 986 nec
915 929 1038 985 data
1079 926 1411 983 auctoritas:
1445 922 1874 979 consiliariornm
1917 921 2105 972 admo-

512 1025 756 1080 nentium
790 1025 965 1079 locum
994 1030 1260 1077 tenemus.
1304 1017 1654 1074 Consiliarius
1682 1014 1813 1069 dicit
1847 1027 1967 1082 qua:
1992 1027 2022 1066 a
2049 1025 2108 1066 se

514 1118 831 1187 procedunt,
881 1133 988 1171 non
1027 1114 1401 1171 necessitatem
1452 1111 1686 1168 all‘erens
1713 1108 1942 1164 auditori
1969 1125 1985 1173 ;
2011 1106 2105 1161 sed

514 1213 567 1266 in
594 1212 715 1281 ejus
746 1219 1011 1280 potestate
1034 1209 1253 1263 dimittit
1280 1218 1339 1262 ut
1363 1205 1607 1261 facienda
1637 1204 1935 1274 eligatqute
1963 1200 2105 1255 dicta

514 1311 642 1357 ειιιιι
668 1319 681 1356 :
710 1301 883 1371 eulpze
905 1309 1019 1354 tum
1041 1300 1214 1353 solum
1245 1305 1330 1354 est
1359 1296 1644 1361 obnoxius,
1690 1295 1735 1350 si
1768 1310 1875 1349 non
1907 1291 2107 1348 dixerit

513 1410 636 1464 qum
664 1395 713 1451 ei
740 1404 865 1449 sunt
884 1393 1192 1449 commissa.
1222 1390 1346 1446 Ideo
1371 1389 1485 1444 haec
1514 1388 1761 1447 dicimus.
1796 1386 1910 1440 haec
1935 1384 2105 1455 loqui-

515 1503 657 1553 mur,
706 1502 776 1542 ne
823 1485 916 1541 illo
958 1484 1049 1539 die
1099 1483 1259 1539 liceat
1307 1481 1462 1537 vobis
1503 1480 1702 1543 dicere,
1751 1477 1923 1533 Nemo
1952 1476 2105 1531 nobis

511 1582 666 1646 dixit,
693 1595 851 1635 nemo
876 1577 1154 1649 explicuit,
1187 1576 1573 1646 ignoravimus,
1592 1573 1793 1628 nullum
1825 1570 2102 1627 existinm-

512 1674 686 1728 vimus
732 1686 854 1727 esse
902 1679 1204 1741 peccatum.
1233 1667 1523 1738 Propterea
1571 1664 1693 1721 dico
1721 1675 1778 1720 et
1808 1670 2099 1735 protestor,

514 1765 811 1821 Ecclesiam
862 1762 1111 1819 scindere
1143 1776 1249 1817 non
1292 1760 1473 1815 minus
1514 1772 1636 1814 esse
1685 1757 1909 1823 malum,
1942 1772 2100 1827 quam

512 1857 751 1915 incidere
782 1856 834 1912 in
864 1854 1133 1911 lueresim.
1167 1854 1261 1909 Dic
1280 1851 1488 1912 mihi.si
1515 1851 1635 1921 quis
1657 1850 1943 1920 alicuiregi
1968 1849 2101 1904 sub-

505 1951 703 2016 jectus,
747 1946 814 2003 ad
858 1947 1019 2002 alium
1066 1944 1282 2015 quidem
1332 1956 1441 1997 non
1478 1940 1759 2007 defecerit,
1818 1954 1993 2010 neque
2041 1952 2104 1994 se

507 2042 666 2096 alicui
699 2038 808 2110 regi
836 2036 1122 2101 dediderit,
1152 2034 1245 2091 sed
1280 2033 1422 2089 illius
1447 2040 1720 2102 acceptam
1749 2039 1804 2086 et
1829 2030 2100 2086 detentam

508 2146 797 2203 purpuram
827 2145 855 2184 a
878 2127 1042 2185 fibula
1074 2139 1238 2183 letam
1269 2126 1571 2189 demiserit,
1604 2134 1660 2180 et
1689 2125 1742 2179 in
1790 2124 1957 2180 multa
1991 2122 2103 2177 fra-

484 2226 723 2293 gmenta
751 2220 1067 2290 disruperit,
1110 2233 1179 2272 an
1214 2217 1394 2273 minus
1420 2217 1674 2287 punietur
1717 2230 1877 2286 quam
1914 2214 2003 2285 qui
2033 2214 2100 2269 ad

507 2313 740 2369 alterum
786 2309 1146 2366 defecerunt?
1173 2308 1309 2376 Quid
1357 2322 1508 2373 vero,
1564 2307 1608 2361 si
1648 2307 1869 2375 insuper
1926 2307 2099 2376 ipsum

507 2416 723 2473 quoque
771 2415 954 2470 regem
1001 2399 1187 2471 jugulo
1250 2400 1646 2469 apprehensum
1700 2398 2097 2463 interemisset,

507 2492 850 2548 membratim
871 2490 1185 2559 discerpens
1214 2489 1331 2558 ejus
1357 2504 1576 2559 corpus,
1623 2504 1883 2560 quasnam
1914 2504 2099 2558 poenas

507 2583 744 2639 dedisset
774 2597 871 2652 pro
897 2580 1149 2637 meritis?
1176 2579 1232 2635 Si
1254 2588 1436 2635 autem
1461 2580 1683 2651 quiregi
1709 2595 1970 2635 conservo
1999 2595 2100 2636 suo

508 2676 612 2730 hoc
638 2675 843 2736 fecerit,
874 2672 1078 2744 majora
1110 2671 1238 2727 fecit
1265 2687 1425 2740 quam
1460 2680 1517 2726 ut
1539 2688 1673 2742 quas
1722 2687 1819 2742 par
1859 2682 1943 2727 est
1969 2671 2100 2728 dare

507 2769 677 2839 possit
706 2780 928 2839 pinnas;
960 2766 1050 2837 qui
1077 2765 1352 2821 Christum
1399 2765 1611 2837 jugulat
1655 2774 1711 2821 et
1762 2767 2098 2822 membratim

506 2860 745 2921 dilaniat,
776 2874 936 2929 quam
984 2872 1091 2913 non
1141 2857 1436 2913 merebitur
1479 2859 1822 2929 gehennam?
1868 2858 2097 2930 hancne,

506 2951 659 3019 cujus
711 2959 838 3004 sunt
878 2950 1154 3005 intentata:
1186 2948 1385 3003 minue?
1417 2949 1528 3019 Ego
1551 2949 1765 3020 quidem
1796 2965 1901 3005 non
1951 2950 2098 3005 arbi-

509 3050 645 3105 tror,
691 3040 785 3096 sed
833 3040 994 3094 aliam
1045 3040 1201 3110 longe
1254 3041 1577 3109 graviorem.
1625 3040 1796 3097 Dicite
1838 3051 2102 3113 quotquot

507 3134 709 3189 adestis
750 3135 769 3205 (
800 3149 919 3189 nam
952 3150 1142 3201 magna
1169 3150 1234 3189 ex
1259 3146 1409 3206 parte
1438 3135 1538 3190 hoc
1569 3146 1651 3192 est
1682 3136 1939 3192 delictum
1983 3154 2101 3192 mu-

509 3223 779 3296 lierum),
838 3223 1151 3280 absentibus
1198 3234 1414 3281 narrate
1471 3226 1574 3282 hoc
1623 3228 1954 3297 exemplum,
2006 3244 2099 3284 eas

510 3325 731 3372 terrete.
777 3316 837 3372 Si
885 3318 977 3388 qui
1021 3318 1333 3373 existimant
1365 3335 1452 3374 me
1476 3319 1665 3375 dolore
1696 3319 1917 3376 afficere
1943 3330 1999 3376 et
2022 3323 2100 3377 sic

511 3408 717 3475 ulcisci,
739 3408 908 3463 sciant
939 3423 997 3463 se
1028 3407 1142 3465 lucc
1172 3410 1363 3466 frustra
1418 3410 1616 3467 facere.
1658 3410 1793 3467 Nam
1822 3414 1866 3468 si
1894 3427 1992 3468 nos
2018 3413 2097 3469 vis

509 3498 713 3565 ulcisci,
744 3513 844 3569 ego
871 3499 963 3553 tibi
991 3497 1063 3553 do
1109 3499 1352 3567 modum,
1401 3516 1508 3573 quo
1549 3501 1755 3572 absque
1783 3502 1980 3559 damno
2008 3515 2100 3560 tuo

508 3592 694 3648 ulcisci
724 3593 935 3662 possis;
964 3594 1073 3648 imo
1103 3609 1232 3651 vero
1278 3610 1386 3651 non
1428 3597 1632 3666 absque
1672 3596 1871 3652 damno
1917 3597 2100 3654 ulcisci

508 3684 631 3755 quis
663 3694 858 3754 potest,
904 3696 960 3738 at
1005 3684 1198 3741 saltem
1240 3700 1363 3741 eum
1411 3686 1604 3742 minori
1642 3689 1942 3759 :colaphos
1969 3687 2098 3743 mihi

510 3778 767 3849 impinge,
796 3791 1038 3848 conspue
1064 3778 1117 3832 in
1144 3779 1360 3850 publico
1388 3770 1702 3847 occurrens,
1728 3792 1783 3835 et
1811 3782 1990 3852 plagas
2022 3781 2103 3835 in-

512 3867 656 3939 ﬂige.

583 3958 640 4017 6.
679 3957 955 4016 llorrescis
1003 3960 1118 4016 haec
1160 3960 1432 4015 audiens?
1475 3960 1756 4016 llorrescis
1800 3961 1843 4015 si
1889 3961 2099 4022 dixero,

510 4049 781 4121 Colaphos
825 4051 955 4106 mihi
999 4052 1237 4123 impinge
1276 4070 1290 4105 :
1319 4061 1376 4108 et
1405 4052 1686 4106 Dominum
1720 4061 1866 4107 tuum
1895 4052 2102 4109 discer-

513 4140 619 4211 pis,
666 4156 768 4198 nec
807 4141 1127 4198 horrescis?
1176 4143 1417 4199 membra
1458 4143 1672 4198 Domini
1717 4143 2006 4211 dilaceras,
2051 4152 2107 4199 et

514 4250 622 4289 non
647 4236 1056 4292 contremiscis?
1078 4235 1317 4293 Ecclesia
1341 4245 1426 4293 est
1448 4235 1640 4290 domus
1668 4243 1915 4307 paterna,
1938 4252 2106 4293 unum

514 4339 734 4396 corpus,
763 4335 818 4381 et
845 4342 983 4383 unus
1006 4328 1250 4398 spiritus.
1289 4326 1395 4383 Sed
1423 4327 1505 4382 vis
1532 4342 1620 4384 me
1647 4327 1831 4382 ulcisci
1857 4330 1882 4379 ’ί
1912 4326 1991 4383 Ad
2022 4342 2108 4383 me

517 4434 687 4491 usque
725 4421 983 4477 consiste.
1035 4420 1144 4477 Cur
1179 4436 1278 4492 pro
1326 4435 1414 4476 me
1457 4418 1731 4474 Christum
1778 4420 2108 4475 ulcisceris?

518 4512 627 4568 imo
652 4527 748 4568 cur
773 4513 1032 4569 adversus
1059 4513 1240 4569 clavos
1266 4513 1549 4569 ealcitras?
1578 4514 1753 4581 Atque
1779 4512 1966 4568 ulcisci
1992 4512 2110 4583 qui.

518 4603 641 4660 dem
679 4621 943 4677 nusquam
971 4617 1053 4662 est
1092 4607 1289 4662 bonum
1321 4621 1419 4661 nec
1450 4605 1739 4662 honestum
1771 4606 1985 4671 ;altero
2011 4620 2109 4659 au-

520 4704 629 4751 tem
664 4694 914 4766 injuriam
945 4696 1193 4761 faciente,
1236 4696 1466 4751 alterum
1505 4696 1828 4751 contumelia
1868 4695 2107 4762 allicere,

521 4796 608 4843 est
626 4788 784 4859 longe
813 4789 1048 4859 gravius.
1085 4788 1282 4857 lnjuria
1311 4802 1370 4843 es
1397 4803 1425 4840 a
1457 4787 1614 4844 nobis
1639 4786 1862 4843 allectus
1887 4788 1910 4841 ἲ
1933 4802 2029 4843 cur
2057 4788 2109 4842 ei

523 4892 582 4933 es
626 4879 886 4934 molestus
935 4880 1022 4948 qui
1080 4879 1173 4934 tibi
1225 4894 1329 4933 non
1374 4879 1501 4934 fecit
1556 4878 1842 4947 iniuriam?
1890 4877 1993 4933 hoc
2029 4889 2113 4934 est

527 4982 784 5027 extremae
815 4973 1059 5027 insaniae.
1103 4971 1216 5026 Non
1266 4987 1362 5042 per
1406 4972 1631 5027 ironiam
1671 4971 1794 5026 dico
1821 4970 1962 5040 quod
1992 4987 2110 5026 sum

456 5064 463 5069 ’
524 5064 788 5131 dicturus,
820 5080 991 5135 neque
1023 5073 1226 5121 temere
1246 5106 1261 5130 ,
1293 5063 1387 5120 sed
1418 5065 1486 5118 ita
1521 5073 1579 5118 ut
1604 5064 1780 5120 sentio
1806 5071 1859 5118 et
1883 5077 2001 5117 sum
2038 5063 2114 5118 af-

525 5153 948 5212 fectus:vcllem
998 5170 1432 5226 unumquemque
1479 5170 1663 5209 eorum
1704 5154 1793 5224 qui
1838 5155 2111 5209 vobiscum

2219 451 2271 507 in
2311 468 2409 509 nos
2451 453 2691 511 ulcerato
2718 464 2845 511 sunt
2885 456 3101 521 animo,
3134 465 3188 511 et
3217 452 3371 509 nobis
3416 451 3556 508 male
3582 451 3799 513 volunt,

2215 555 2269 601 et
2295 557 2514 617 propter
2538 546 2682 604 hunc
2704 562 2860 603 suum
2888 548 3054 604 animi
3071 548 3313 604 dolorem
3345 547 3553 619 seipsos
3581 545 3798 612 laedunt,

2216 646 2272 694 et
2297 637 2405 693 alio
2430 640 2648 705 vadunt,
2677 640 2832 695 nobis
2860 641 2911 695 in
2944 642 3057 712 ipsa
3089 640 3224 696 facie
3250 640 3433 711 plagas
3459 636 3723 711 infligere,
3749 650 3803 694 et

2215 731 2445 785 nudatos
2467 729 2650 801 ﬂagris
2676 731 2886 787 credere
2905 732 3021 788 sive
3044 732 3165 801 jure
3194 732 3309 788 sive
3336 731 3528 802 injuria
3554 745 3796 795 accuser,

2212 830 2267 875 et
2297 821 2428 876 iram
2478 822 2531 877 in
2562 838 2660 877 nos
2688 824 2978 880 immittere
3018 825 3193 894 potius
3232 839 3391 894 quam
3423 838 3485 878 ea
3513 838 3634 893 qua:
3658 838 3798 878 nunc

2211 913 2412 967 audent
2450 913 2647 970 facere.
2680 915 2735 971 Si
2787 916 2887 971 hoc
2933 917 3085 972 lieret
3113 956 3130 983 ,
3176 917 3306 971 nihil
3346 925 3493 972 esset
3527 915 3797 971 hominem

2213 1004 2363 1058 nihili
2392 1014 2446 1059 et
2475 1005 2676 1061 nullius
2704 1008 3077 1061 aestimationis
3118 1007 3232 1063 bzec
3260 1008 3392 1080 pati.
3426 1007 3676 1078 Alioquin
3703 1022 3799 1062 am

2212 1102 2318 1148 tem
2354 1109 2456 1165 ego
2511 1095 2703 1165 injuria
2742 1107 2798 1152 et
2823 1098 3148 1153 contumelia
3186 1097 3410 1153 allectus
3442 1098 3610 1153 Deum
3640 1113 3795 1168 roga-

2212 1201 2360 1255 rem,
2410 1196 2464 1242 ct
2507 1198 2682 1243 vestra
2733 1199 2953 1260 peccata
2992 1190 3292 1245 remitteret
3335 1206 3349 1243 :
3392 1204 3498 1243 non
3543 1190 3795 1259 quoniam

2212 1287 2413 1334 tantam
2441 1280 2614 1337 habeo
2644 1281 2917 1345 fiduciam,
2943 1284 3038 1338 sed
3069 1283 3321 1349 quoniam
3351 1283 3438 1352 qui
3466 1291 3550 1337 est
3575 1283 3797 1337 allectus

2210 1371 2424 1440 injuria,
2447 1372 2660 1442 quando
2693 1384 2846 1442 rogat
2878 1389 2975 1444 pro
3000 1388 3068 1428 eo
3093 1375 3179 1443 qui
3214 1373 3342 1429 fecit
3370 1373 3639 1445 injuriam,
3673 1390 3794 1429 ma-

2207 1478 2364 1532 gnam
2397 1462 2557 1518 habet
2601 1463 2872 1520 ﬁduciam.
2904 1465 2968 1520 Si
3003 1466 3057 1519 in
3086 1466 3362 1525 hominem.
3396 1466 3587 1535 inquit,
3616 1482 3797 1534 pecca-

2205 1557 2331 1610 verit
2354 1556 2626 1627 quispiam,
2674 1556 2887 1611 orabunt
2932 1575 3024 1627 pro
3065 1559 3177 1627 ipso
3217 1558 3310 1626 (ι.
3343 1558 3469 1629 Reg.
3493 1560 3547 1613 2.
3572 1560 3643 1615 25
3667 1560 3706 1630 ).
3736 1561 3794 1615 Si

2206 1657 2388 1703 autem
2417 1664 2523 1703 non
2566 1662 2780 1719 possem
2804 1664 2924 1718 ego,
2961 1649 3096 1704 alios
3123 1658 3341 1705 sanctos
3370 1665 3671 1722 qumrerem
3691 1693 3708 1715 ,
3740 1660 3797 1706 et

2206 1754 2476 1810 rogarem,
2510 1750 2564 1795 et
2590 1739 2694 1796 hoc
2720 1739 3018 1796 efﬁcerent.
3048 1740 3200 1795 Nunc
3229 1750 3407 1796 autem
3443 1756 3603 1811 quem
3632 1756 3795 1813 roga-

2205 1833 2384 1888 bimus
2407 1873 2423 1900 ,
2457 1833 2566 1888 Deo
2591 1848 2621 1886 a
2662 1833 2817 1888 nobis
2848 1833 3042 1890 affecto
3082 1834 3406 1889 contumelia
3436 1834 3460 1888 *ἓ
3500 1834 3630 1889 Vide
3658 1836 3796 1890 ina!-

2206 1926 2540 1998 qualitatem.
2562 1926 2639 1982 Ex
2656 1927 2722 1982 iis
2738 1927 2903 1994 enim,
2926 1928 3017 1998 qui
3040 1927 3156 1983 hmc
3172 1927 3371 1984 faciunt
3397 1929 3448 1984 in
3476 1929 3796 1994 Ecclesiam,

2206 2020 2297 2074 alii
2338 2018 2552 2089 quidem
2601 2027 2695 2074 aut
2734 2034 3023 2090 numquam
3069 2018 3350 2086 accedunt,
3391 2029 3486 2075 aut
3526 2021 3694 2077 semel
3743 2022 3799 2077 in

2203 2126 2367 2175 anno,
2398 2120 2453 2167 et
2473 2121 2598 2168 tunc
2620 2121 2824 2167 temere
2844 2122 2900 2167 et
2925 2110 3426 2183 quomodocumque
3454 2130 3467 2167 :
3498 2112 3587 2167 alii
3614 2122 3797 2169 autem

2206 2203 2538 2276 frequentius
2568 2204 2810 2274 quidem,
2839 2204 2932 2258 sed
2967 2204 3066 2273 ipsi
3107 2218 3321 2274 quoque
3352 2212 3555 2259 temere
3576 2214 3632 2259 et
3660 2204 3798 2261 levi-

2206 2307 2286 2352 ter
2313 2296 2682 2362 disserentes,
2728 2304 2784 2349 et
2825 2295 2895 2350 de
2924 2294 3093 2350 nihilo
3132 2303 3395 2365 nugantes
3438 2312 3452 2348 :
3494 2294 3582 2349 alii
3611 2304 3799 2352 autem

2203 2390 2294 2460 qui
2342 2387 2593 2443 videntur
2619 2387 2763 2442 serio
2800 2402 2962 2457 agere
2985 2428 3000 2452 ,
3038 2386 3089 2440 lii
3118 2394 3244 2441 sunt
3270 2386 3359 2456 qui
3389 2396 3514 2440 sunt
3543 2396 3801 2443 auctores

2204 2480 2361 2550 hujus
2384 2478 2723 2536 calamitatis.
2743 2477 2796 2534 Si
2822 2494 2951 2549 ergo
2977 2493 3071 2533 vos
3090 2492 3303 2549 quoque
3325 2487 3544 2547 prepter
3562 2493 3623 2533 ea
3652 2480 3802 2534 serio

2202 2572 2361 2643 agitis
2400 2582 2458 2627 et
2487 2569 2719 2625 studium
2751 2579 2989 2624 vestrum
3037 2568 3257 2639 ponitis,
3303 2568 3470 2624 satius
3509 2578 3656 2624 esset
3700 2585 3801 2624 vos

2202 2665 2491 2719 collocatos
2534 2678 2654 2719 esse
2682 2678 2802 2717 cum
2842 2662 3280 2732 negligentibus:
3312 2662 3421 2716 imo
3460 2677 3588 2718 vero
3626 2663 3801 2718 satius

2203 2763 2380 2819 esset,
2403 2769 2576 2825 neque
2606 2755 2723 2809 illos
2758 2769 2879 2810 esse
2910 2754 3266 2825 negligentes,
3296 2768 3472 2824 neque
3499 2769 3595 2807 vos
3619 2753 3800 2819 tales;

2205 2863 2312 2901 non
2360 2864 2457 2904 vos
2490 2846 2614 2902 dico
2638 2847 2728 2918 qui
2772 2846 2974 2901 adestis
2996 2888 3013 2913 ,
3043 2846 3139 2901 sed
3176 2846 3298 2901 illos
3339 2846 3428 2916 qui
3458 2845 3707 2901 resiliunt
3731 2861 3801 2903 ac

2201 2940 2528 2996 desciscunt.
2560 2939 2637 2994 Ea
2677 2954 2769 2995 res
2814 2947 2898 2994 est
2926 2937 3271 2994 adulterium.
3321 2937 3378 2992 Si
3417 2953 3548 3006 ergo
3583 2937 3700 2993 haec
3728 2939 3801 2994 de

2205 3033 2310 3087 illis
2337 3031 2440 3087 dici
2474 3046 2579 3087 non
2620 3029 2858 3086 admittis
2879 3069 2893 3097 ,
2918 3045 3047 3099 ergo
3088 3044 3188 3085 nec
3227 3028 3297 3084 de
3336 3029 3491 3084 nobis
3521 3046 3535 3082 :
3566 3044 3688 3083 nam
3730 3046 3801 3086 ex

2202 3122 2413 3179 duobus
2438 3122 2667 3177 alterum
2700 3121 2898 3175 factum
2927 3135 3048 3176 esse
3074 3128 3288 3190 oportet
3314 3128 3512 3190 praeter
3534 3119 3706 3190 leges.
3740 3119 3798 3176 Si

2205 3216 2320 3270 lucc
2347 3227 2476 3285 ergo
2501 3213 2569 3268 de
2598 3212 2755 3268 nobis
2779 3227 2876 3267 vos
2896 3211 3260 3281 suspicamini,
3293 3211 3466 3282 parati
3496 3226 3685 3267 sumus
3710 3227 3803 3268 ce-

2203 3306 2333 3362 dere
2361 3305 2579 3376 regendi
2602 3318 2798 3359 munus
2825 3304 2909 3359 cui
2937 3304 3170 3368 voletis;
3200 3302 3363 3359 modo
3387 3318 3491 3358 una
3517 3304 3585 3359 sit
3614 3303 3805 3360 Eccle—

2204 3401 2282 3453 sia
2317 3416 2330 3454 :
2357 3398 2401 3452 si
2434 3412 2532 3453 nos
2558 3406 2738 3453 autem
2767 3396 3003 3467 legitime
3029 3395 3195 3451 creati
3221 3408 3409 3449 sumus
3429 3436 3445 3459 ,
3477 3393 3804 3464 persuadete

2207 3499 2266 3544 ut
2306 3488 2641 3558 deponantur
2681 3486 2771 3557 qui
2813 3485 2973 3540 sedes
3002 3494 3199 3555 praeter
3240 3484 3382 3552 leges
3418 3483 3803 3540 ascenderunt.

2207 3580 2332 3636 llaec
2354 3579 2487 3641 dixi,
2516 3593 2621 3632 non
2649 3586 2917 3644 tamquam
2948 3575 3237 3645 imperans,
3257 3574 3350 3629 sed
3375 3587 3471 3629 vos
3500 3582 3644 3630 tutos
3673 3575 3805 3630 red-

2207 3673 2340 3727 dens
2368 3682 2424 3725 et
2444 3670 2606 3725 certis
2631 3667 2877 3723 muniens
2902 3666 3189 3738 praesidiis.
3217 3666 3483 3735 Quoniam
3506 3669 3805 3738 unusquis-

2208 3779 2313 3835 que
2334 3763 2496 3818 habet
2522 3769 2754 3827 actatem,
2784 3768 2839 3815 et
2869 3760 2938 3815 de
2964 3759 3031 3814 iis
3050 3774 3171 3831 quze
3199 3758 3365 3828 gessit
3385 3769 3469 3813 est
3494 3757 3810 3814 redditurus

2212 3856 2477 3913 rationem
2501 3897 2517 3921 ,
2549 3869 2681 3925 rogo
2712 3869 2781 3909 ne
2812 3852 3064 3908 universo
3091 3853 3143 3907 iu
3171 3866 3271 3907 nos
3300 3850 3550 3923 conjecto
3570 3892 3586 3918 ,
3609 3853 3809 3908 existi-

2211 3949 2369 4005 metis
2389 3962 2485 4003 vos
2510 3946 2655 4017 ipsos
2682 3961 2786 4000 non
2816 3959 2937 4001 esse
2973 3944 3167 4000 rationi
3194 3943 3485 3999 reddendae
3513 3942 3805 4007 obnoxios,

2213 4057 2281 4098 ne
2307 4054 2404 4098 vos
2427 4051 2630 4096 temere
2651 4038 2985 4109 decipientes
3016 4036 3301 4108 plangatis.
3326 4035 3634 4091 Reddemus
3656 4036 3808 4091 enim

2213 4136 2476 4192 rationem
2507 4147 2604 4202 pro
2632 4131 2827 4186 vestris
2850 4129 3155 4195 animabus,
3193 4127 3287 4185 sed
3318 4126 3534 4198 quando
3556 4126 3809 4197 delique-

2213 4229 2399 4293 rimus,
2431 4223 2646 4296 quando
2675 4236 2781 4277 non
2807 4220 3178 4292 rogaverimus
3199 4260 3216 4284 ,
3243 4216 3459 4290 quando
3483 4232 3588 4272 non
3616 4215 3811 4271 admo-

2212 4320 2508 4383 nuerimus,
2535 4315 2752 4388 quando
2776 4329 2883 4370 non
2912 4313 3175 4368 fuerimus
3203 4310 3510 4381 protestati.
3539 4308 3668 4365 Post
3688 4308 3814 4364 haec

2214 4424 2415 4478 autem,
2442 4407 2724 4465 concedite
2755 4415 2811 4460 ut
2834 4419 2934 4475 ego
2959 4416 3173 4474 quoque
3201 4400 3402 4467 dicam,
3439 4398 3667 4454 Mundus
3691 4415 3813 4453 sum

2214 4524 2248 4561 a
2276 4504 2524 4575 sanguine
2555 4499 2779 4555 omnium
2802 4496 2949 4567 (Act.
2982 4496 3074 4551 20.
3107 4493 3179 4549 26
3200 4494 3241 4565 ),
3270 4501 3347 4559 et,
3376 4491 3615 4546 Animam
3640 4507 3816 4546 meam

2215 4597 2445 4655 liberabit
2473 4592 2610 4648 Deus
2636 4591 2727 4666 (2.
2759 4589 2898 4643 Tim.
2928 4589 2984 4644 4.
3030 4585 3099 4643 18
3119 4585 3166 4657 ).
3193 4584 3362 4640 Dicite
3387 4583 3728 4657 qum‘vultis,
3758 4592 3818 4636 ct

2215 4694 2411 4764 justam
2439 4701 2656 4743 causam
2685 4692 2905 4754 propter
2932 4696 3090 4751 quam
3122 4677 3374 4735 receditis
3400 4686 3454 4732 et
3480 4675 3814 4738 desciscitis,

2218 4796 2273 4841 et
2302 4799 2400 4856 ego
2423 4778 2783 4852 respondebo.
2812 4775 2917 4832 Sed
2942 4790 3047 4829 non
3072 4772 3289 4828 dicetis.
3321 4769 3430 4825 Vos
3458 4783 3673 4839 quoque
3698 4768 3817 4835 jam

2219 4895 2349 4952 rogo
2386 4886 2444 4933 ut
2478 4885 2698 4931 strenue
2727 4869 2965 4933 instetis,
2998 4876 3056 4920 ut
3084 4864 3354 4920 reducatis
3380 4877 3474 4917 eos
3503 4860 3591 4930 qui
3626 4872 3821 4952 reces-

2220 4948 2406 5031 serunt
2432 4987 2446 5024 :
2473 4976 2530 5023 ut
2552 4962 2835 5021 unanimes
2856 4959 3144 5032 gratiarum
3173 4956 3441 5009 actionem
3473 4952 3581 5006 Deo
3604 4948 3824 5005 emittao

2222 5078 2363 5121 ntus.
2393 5057 2656 5128 Quoniam
2678 5061 2761 5111 est
2785 5051 2833 5109 ei
2859 5050 3026 5123 gloria
3049 5049 3101 5104 in
3130 5046 3351 5103 szccula.
3379 5047 3572 5100 Amen.

537 5247 3830 5293 "__________________________________________.____.____._.____..

1919 5316 2260 5378 HOMILIA
2304 5312 2452 5376 XII.

531 5445 658 5503 Car.
687 5448 739 5501 4.
778 5462 824 5498 v.
856 5447 939 5502 Π.
977 5444 1086 5499 Hoc
1112 5444 1265 5514 igitur
1298 5444 1411 5497 dico
1437 5452 1483 5495 et
1522 5443 1762 5508 testificor
1793 5442 1844 5494 in
1879 5438 2112 5505 Domino,

602 5548 655 5591 ut
693 5536 809 5607 jam
846 5553 948 5590 non
976 5534 1244 5590 ambuletis
1264 5576 1279 5598 ,
1311 5537 1440 5589 sicut
1480 5533 1540 5590 ef
1560 5543 1733 5605 gentes
1764 5530 2027 5585 ambulant
2062 5532 2115 5585 in

600 5628 822 5686 vanitate
866 5646 1041 5685 sensus
1086 5630 1205 5696 sui,
1256 5627 1470 5683 tenebris
1515 5627 1839 5681 obscuratum
1883 5623 2118 5678 habentes

600 5722 935 5778 intellectum.

604 5815 653 5871 ι.
698 5816 986 5877 Doctorem
1009 5824 1229 5889 oportet
1257 5816 1542 5872 instituere
1565 5821 1621 5871 et
1646 5811 1881 5884 dirigere
1908 5810 2121 5867 animos

2222 5436 2625 5508 discipulorum,
2659 5444 2765 5485 non
2798 5426 2970 5483 solum
2998 5421 3329 5479 consulendo
3351 5430 3404 5474 et
3430 5414 3696 5479 docendo,
3721 5416 3827 5508 sed

2222 5544 2276 5588 ct
2303 5503 2559 5588 terrendo
2584 5532 2640 5578 et
2667 5523 2781 5577 Deo
2810 5517 3089 5573 tradendo.
3119 5514 3251 5570 Nam
3292 5510 3545 5582 quoniam
3588 5518 3706 5573 quae
3751 5503 3830 5554 an

2226 5618 2534 5679 hominibus
2561 5614 2813 5669 dicuntur
2857 5618 3126 5678 tamquam
3172 5620 3201 5659 a
3237 5602 3531 5664 conservis,
3561 5612 3667 5649 non
3698 5593 3830 5649 suf-

2229 5712 2414 5769 ficiunt
2454 5706 2521 5763 ad
2551 5701 2872 5774 tangendam
2905 5699 3164 5761 animam,
3188 5704 3409 5750 necesse
3437 5696 3521 5743 est
3550 5686 3829 5754 reliquum

2228 5802 2460 5863 Domino
2487 5796 2721 5873 tradere.
2754 5793 2869 5852 Hoc
2902 5806 3031 5863 ergo
3062 5787 3259 5845 Paulus
3280 5795 3491 5856 quoque
3511 5779 3656 5835 facit.
3681 5775 3831 5832 Nam
