4092 6494
2357 184 2387 209 ο

478 387 548 442 39
1149 371 1207 424 S.
1246 366 1535 425 JOANNIS
1575 364 2064 424 CIIRYSOSTOMI
2105 366 2431 425 ARCHIEP.
2474 366 3026 424 CONSTANTINOP.
3665 366 3733 421 90

476 484 674 553 δειγμα
706 484 901 555 ἤγαγε.
935 484 1044 538 Kal
1089 486 1224 557 πρὸς
1252 485 1683 551 Θεσσαλονικέας
1711 487 1767 540 δέ
1798 488 2048 557 γράφων,

475 566 537 618 16
554 565 691 619 αὐτὸ
717 565 874 619 τοῦτο
894 570 1039 621 ποιεῖ
1066 567 1238 636 λέγων
1259 584 1274 598 '
1297 569 1393 636 Μὴ
1413 568 1483 622 ἐν
1510 568 1683 623 πάθει
1707 569 2047 637 ἐπιθυμίας,

476 649 675 715 καθὼς
716 649 908 704 καὶτὰ
937 652 1123 706 λοιπὰ
1148 652 1316 719 ἔθνη.
1359 652 1714 722 Διεστήκατε,
1748 652 1905 722 φησὶ,
1937 653 2050 713 τοῖς

474 731 743 802 δόγμασιν
765 733 962 797 αὐτῶν,
995 734 1134 788 ἀλλὰ
1153 734 1213 787 τὸ
1242 734 1362 788 ὅλον
1381 734 1572 803 γέγονε
1609 734 1707 788 τοῦ
1735 734 1873 788 Θεοῦ
1895 753 1910 767 ο
1939 734 2052 803 ἐγὼ

475 814 531 868 66
570 814 718 884 ζητῶ
745 814 814 869 τὰ
854 817 986 888 παρ’
1020 817 1194 887 ὑμῶν,
1229 817 1323 870 τὸν
1361 817 1473 888 βίον
1503 819 1599 871 zeal
1626 817 1719 870 16v
1750 817 2053 887 περίπατον

474 897 566 951 τὸν
597 898 738 952 κατά
773 898 863 952 τὸν
893 900 1027 953 Θεόν
1059 899 1098 928 ⁸·
1127 899 1284 953 τοῦτο
1313 900 1579 970 ὑμέτερόν
1611 902 1748 954 ἐστι.
1781 901 2052 971 Μάρτυρα

473 982 530 1033 δὲ
573 980 665 1034 τὸν
702 982 905 1053 Κύριον
935 982 1087 1036 καλῶ
1133 983 1242 1036 τῶν
1292 984 1605 1054 εἰρημένων
1650 984 1795 1054 ἐμοὶ,
1822 984 1904 1036 ὅτι
1953 983 2052 1052 οὐχ

477 1064 904 1137 ὑπεστειλάμην,
948 1064 1065 1119 ἀλλ’
1096 1060 1249 1119 εἷπον
1292 1064 1409 1128 πῶς
1457 1065 1539 1117 δεῖ
1571 1067 1911 1135 περιπατεῖν.
1948 1066 2053 1118 Ἔν

467 1148 838 1216 ματαιότητι,
871 1149 1027 1217 φησὶ,
1079 1147 1186 1201 τοῦ
1223 1147 1367 1214 νοὸς
1409 1146 1629 1202 αὐτῶν.
1682 1147 1747 1200 Τί
1803 1149 1918 1200 ἐστι
1958 1146 2050 1200 νοῦ

476 1228 819 1300 ματαιότης;
855 1229 930 1283 T6
972 1230 1101 1301 περὶ
1151 1231 1220 1282 τά
1268 1229 1475 1301 μάταια
1517 1228 1877 1301 ἡσχολῆσθαι.
1915 1229 2108 1282 Τίνα*-

474 1312 532 1365 δέ
566 1315 681 1366 ἐστι
713 1313 937 1383 μάταια,
963 1312 1136 1384 ἀλλ’ἢ
1167 1312 1236 1367 τὰ
1267 1313 1514 1385 παρόντα
1534 1314 1788 1378 ἂπαντα;
1821 1312 1950 1383 περὶ
1975 1305 2050 1365 ὧν

474 1410 641 1465 φησιν
673 1396 702 1448 6
741 1394 1190 1466 Ἐκκλησιαστήςο
1245 1394 1582 1463 Ματαιότης
1608 1396 2046 1464 ματαιοτήτων,

472 1475 546 1528 τὰ
572 1476 771 1530 πάντα
795 1480 1145 1546 ματαιότης.
1180 1476 1318 1530 Ἀλλ’
1345 1479 1464 1548 ἐρεῖ
1484 1495 1571 1541 τις
1589 1494 1603 1508 ·
1631 1478 1695 1531 Εἰ
1728 1478 1935 1548 μάταια
1955 1477 2051 1530 zeal

478 1560 796 1631 ματαιότης,
825 1560 971 1623 τίνος
1001 1560 1189 1614 ἕνεκεν
1218 1559 1442 1629 γέγονεν
1466 1577 1483 1625 ;
1508 1561 1557 1614 ει
1595 1560 1690 1614 τοῦ
1724 1559 1862 1614 Θεοῦ
1888 1560 2047 1631 ἔργα,

477 1642 593 1705 πῶς
624 1643 866 1715 μάταια;
901 1644 997 1697 καὶ
1024 1643 1193 1706 πολὺς
1228 1644 1358 1715 περὶ⁸
1393 1643 1597 1699 τούτων
1619 1645 1649 1698 6
1685 1644 1865 1715 λόγος.
1906 1644 2047 1698 Ἀλλ’

472 1726 660 1789 ἄκουε,
684 1727 963 1798 ἀγαπητέ⁶
992 1726 1067 1780 Οὑ
1097 1726 1167 1780 τὰ
1201 1727 1296 1780 τοῦ
1327 1725 1462 1780 Θεοῦ
1490 1727 1627 1799 ἔργα
1657 1722 1781 1782 εἷπε
1821 1728 2047 1800 μάταια,

475 1810 551 1880 μὴ
577 1810 814 1877 γένοιτο·
854 1810 954 1862 οὐκ
994 1810 1221 1878 οὐρανὸς
1257 1810 1511 1879 μάταιος,
1556 1810 1681 1864 οὐδὲ
1713 1810 1784 1880 γῆ
1821 1812 2050 1880 ματαία,

474 1890 550 1961 μὴ
586 1892 798 1960 γένοιτο
817 1907 831 1922 ·
860 1892 957 1963 οὑχ
986 1893 1158 1964 ἥλιος,
1192 1892 1312 1945 οὐδὲ
1346 1893 1543 1963 σελήνη
1575 1897 1670 1947 καὶ
1699 1895 1899 1962 ἄστρα,
1929 1896 2050 1948 οὐδὲ

470 1974 534 2026 16
554 1972 713 2045 σῶμα
737 1975 799 2028 16
830 1974 1097 2046 ἡμέτερον
1122 1992 1135 2004 ·
1181 1975 1359 2029 πάντα
1387 1976 1497 2048 γὰρ
1525 1976 1701 2031 ταῦτα
1727 1977 1870 2031 καλά
1899 1977 2017 2031 λίαν
2034 1993 2048 2006 ο

471 2056 605 2111 ἀλλά
617 2057 671 2110 τί
689 2057 919 2128 μάταιον
939 2074 955 2123 ;
986 2057 1336 2130 Ἀκούσωμεν
1353 2058 1520 2113 αὑτοῦ
1538 2059 1790 2129 λέγοντος
1806 2060 1901 2114 τοῦ
1934 2061 2056 2114 Ἐκ-

470 2139 798 2210 κλησιαστοῦ
827 2159 842 2173 ο
873 2142 1208 2211 Ἐ’ςούτευσὰ
1243 2161 1347 2213 μοι
1373 2142 1758 2213 ἀμπελῶνας,
1787 2144 2050 2213 ἐποίησά

466 2240 568 2294 μοι
598 2222 856 2291 ᾅδοντας
878 2225 976 2278 καὶ
1010 2224 1301 2294 ᾀδούσας,
1335 2226 1602 2295 ἐποίησά
1619 2245 1722 2297 μοι
1750 2230 2053 2299 κολυμεή-

472 2311 618 2376 θρας
651 2307 910 2377 ὑδάτων,
933 2309 1174 2378 ἐγένετό
1207 2327 1311 2379 μοι
1330 2310 1577 2380 ποίμνια
1603 2311 1702 2365 καί
1725 2312 2051 2379 βουκόλια,

472 2393 827 2461 συνήγαγον
853 2393 1115 2462 χρυσίον
1150 2393 1250 2447 καὶ
1283 2394 1569 2464 ἀργύριον
1591 2410 1604 2424 ·
1644 2395 1744 2449 καί
1768 2392 1929 2451 εἶδον
1960 2398 2047 2453 ὅτι

472 2475 673 2529 πάντα
691 2476 1022 2546 ματαιότης
1041 2493 1055 2508 ·
1092 2476 1189 2530 zeal
1232 2477 1417 2543 πάλιν,
1446 2478 1786 2547 Ματαιότης
1806 2496 2048 2549 ματαιο-

471 2555 690 2625 τήτων,
733 2557 806 2612 τὰ
833 2557 1031 2613 πάντα
1052 2560 1400 2628 ματαιότης.
1430 2562 1630 2615 ’Ἄκουε
1665 2566 1758 2616 zeal
1792 2561 1884 2616 τοῦ
1915 2564 2055 2636 Προ-

472 2642 643 2713 φήτου
673 2641 957 2712 λέγοντος·
993 2642 1367 2711 Θησαυριζει,
1402 2644 1501 2697 καὶ
1528 2648 1601 2700 οὐ
1622 2647 1905 2716 γινώσκει
1934 2649 2052 2702 τίνι

472 2722 730 2790 συνάξει
755 2724 929 2779 αὐτά.
963 2725 1124 2779 Κατὰ
1145 2725 1303 2779 τοῦτο
1328 2728 1628 2798 ματαιότης
1652 2731 2052 2802 ματαιοτήτων,

470 2808 527 2859 al
553 2805 808 2879 λαμπραὶ
838 2808 1141 2879 οἱκοδομαὶ,
1173 2811 1202 2862 6
1242 2810 1409 2874 πολὺς
1451 2811 1548 2865 zeal
1573 2814 1884 2885 περιρρέων
1920 2831 2055 2884 χρυ-

474 2890 586 2955 σὸς,
619 2890 730 2945 τῶν
764 2893 1114 2963 ἀνδραπόδων
1171 2896 1227 2948 αἱ
1268 2894 1461 2963 ἀγέλαι
1517 2897 1662 2949 κατὰ
1700 2898 1799 2968 τὴν
1845 2898 2055 2969 ἀγοράν

473 2972 754 3039 σοϐοῦσαι,
782 2976 812 3030 6
851 2974 1023 3045 τῦφος
1070 2977 1167 3030 zeal
1205 2978 1237 3047 ἡ
1272 2978 1571 3045 κενοδοξία,
1610 2980 1678 3034 τὰ
1728 2980 2056 3052 φρονήματα

472 3062 570 3116 zeal
617 3065 647 3117 6
694 3063 926 3135 κόμπος.
961 3064 1147 3119 Ταῦτα
1194 3066 1303 3136 γὰρ
1335 3067 1517 3121 πάντα
1562 3067 1805 3137 μάταιαο
1851 3068 1914 3121 οὐ
1946 3067 2055 3140 γάρ

472 3150 627 3217 παρά
664 3147 800 3201 Θεοῦ
838 3150 1151 3220 γεγένηται,
1187 3150 1325 3204 ἀλλά
1375 3151 1507 3220 παρ’
1536 3150 1692 3221 ἡμῶν
1726 3150 2055 3223 δεδημιούρ-

471 3246 661 3302 γηται.
700 3232 766 3285 Τί
800 3232 1002 3305 δήποτε
1029 3234 1087 3287 66
1119 3235 1363 3306 μάταια;
1406 3233 1530 3286 Ὅτι
1559 3234 1712 3288 οὐδὲν
1751 3234 1863 3305 ἔχει
1898 3235 2056 3300 τέλος

473 3316 735 3388 χρηστόν.

544 3459 627 3514 Τά
655 3462 914 3533 χρήματα
933 3463 1161 3534 μάταια,
1186 3465 1314 3520 ὅταν
1335 3469 1415 3532 εἰς
1430 3466 1642 3539 τρυφὴν
1670 3466 2051 3539 ἀναλίσκηται·

471 3541 536 3597 οὑ
565 3544 773 3613 μάταια
795 3545 852 3599 δέ
878 3548 1110 3616 γίνεται,
1138 3550 1269 3603 ὅταν
1294 3551 1372 3614 είς
1396 3551 1637 3621 πένητας
1666 3552 2052 3623 σκορπίζηται.

475 3625 645 3681 Ὅταν
675 3628 733 3682 66
773 3630 852 3693 εἰς
892 3630 1103 3703 τρυφὴν
1155 3633 1466 3707 ἀναλώσῃς,
1522 3634 1723 3707 ίδωμεν
1776 3634 1959 3689 αὐτῶν
1994 3636 2057 3689 16

472 3710 624 3775 τέλος
654 3712 708 3766 τί
735 3714 868 3768 ποτέ
890 3715 1029 3770 ἐστι’
1049 3716 1322 3788 λιπασμὸς
1347 3719 1620 3789 σώματος,
1652 3721 1870 3790 ἐρυγαὶ,
1896 3719 2059 3772 πνεύ-

476 3809 648 3863 ματα,
676 3795 884 3867 κόπρου
915 3797 1142 3869 πλῆθος,
1175 3801 1512 3873 καρηϐαρία,
1553 3802 1795 3871 μαλακία
1832 3802 2055 3873 σαρκὸς,

474 3875 572 3931 καὶ
591 3876 865 3952 θερμότης
893 3882 987 3935 zeal
1015 3882 1261 3947 ἔκλυσις.
1303 3883 1392 3948 Ὠς
1413 3884 1522 3954 γάρ
1551 3883 1619 3938 ἂν
1647 3886 1701 3938 εί
1734 3901 1822 3948 τις
1852 3902 2058 3956 τετρη-

478 3960 639 4032 μένον
668 3962 824 4018 πίθον
860 3966 1143 4021 ἐπαντλῶν
1175 3969 1551 4040 ματαιοπονεϊ,
1574 3966 1717 4020 οὕτω
1750 3967 1844 4021 zeal
1875 3969 1905 4021 6
1931 3983 2060 4039 τρυ-

474 4045 593 4114 φῶν
622 4047 700 4110 είς
747 4047 904 4103 πίθον
942 4049 1276 4122 τετρημένον
1324 4051 1523 4105 ἀντλεῖ.
1570 4050 1782 4115 Ἀλλως
1813 4050 1894 4117 66,
1951 4053 2058 4124 μά-

476 4145 628 4182 ταιον
670 4129 888 4200 λέγεται
933 4131 996 4186 16
1027 4133 1402 4206 προσδοκηθὲν
1438 4135 1541 4205 μὲν
1589 4133 1734 4204 ἔχειν
1760 4135 1948 4207 τιμὴν,
1981 4137 2058 4210 μὴ

475 4213 712 4284 ἐσχηκὸς
744 4214 803 4268 δέ
823 4231 839 4247 ο
874 4214 990 4288 [91]
1023 4217 1162 4287 ὅπερ
1193 4216 1289 4271 καὶ
1314 4216 1470 4271 κενὸν
1497 4216 1739 4286 λέγουσι,
1773 4218 1869 4272 zeal
1895 4221 2059 4284 κενάς

478 4298 721 4365 ἐλπίδας,
748 4301 843 4355 καὶ
862 4302 924 4356 16
949 4303 1092 4373 είκῆ.
1125 4302 1237 4356 Kal
1273 4301 1463 4365 ἁπλῶς
1482 4301 1542 4355 66
1575 4302 1807 4373 μάταιον
1836 4304 2058 4377 λέγεται

482 4382 546 4436 16
574 4382 713 4454 πρὸς
741 4384 908 4456 μηδὲν
931 4387 1228 4457 χρήσιμον.
1261 4386 1493 4456 ἰδωμεν
1512 4382 1627 4452 οὖν,
1652 4387 1701 4440 εί
1726 4386 1801 4460 μὴ
1831 4387 2060 4443 τοιαῦτα

476 4466 546 4522 τὰ
574 4464 910 4537 ἀνθρώπινα.
948 4469 1233 4539 Φάγωμεν
1261 4470 1361 4523 καὶ
1400 4471 1658 4540 πίωμεν-⁸
1701 4472 1914 4541 αὔριον
1947 4471 2060 4543 γὰρ

477 4551 964 4622 ἀποθνήσκομεν.
1002 4550 1068 4606 Τί
1106 4548 1200 4607 οῦν
1229 4552 1290 4605 16
1321 4553 1496 4619 τέλος,
1544 4554 1667 4607 εἰπέ
1701 4570 1824 4624 μοι;
1854 4554 2057 4626 Φθορά.

489 4634 874 4707 Ἐνδυσὼμεθα
909 4636 1006 4691 zeal
1035 4634 1488 4707 περιϐαλώμεθα,
1527 4639 1620 4691 καὶ
1665 4637 1718 4691 τί
1756 4637 1819 4691 16
1847 4632 2056 4709 πέρας;

477 4717 667 4776 Οὐδέν.
709 4720 948 4775 Τοιαῦτά
984 4736 1131 4783 τινες
1155 4718 1267 4773 τῶν
1321 4719 1589 4792 Ἑλλήνων
1636 4719 2057 4793 ἐφιλοσόφησαν,

477 4803 617 4858 ἀλλά
659 4804 835 4876 μάτην
854 4820 868 4835 ο
928 4803 1019 4859 τὸν
1053 4802 1289 4875 σκληρὸν
1351 4801 1467 4873 βίον
1517 4803 1883 4871 ἐπεδείξαντο,
1943 4803 2059 4857 ἀλλ’

478 4886 689 4952 ἁπλῶς,
728 4888 789 4941 06
843 4885 982 4959 1106;
1023 4904 1077 4939 11
1121 4885 1276 4949 τέλος
1306 4886 1580 4957 χρήσιμον
1629 4884 1885 4956 ὁρῶντες,
1922 4885 2060 4941 ἀλλὰ

481 4969 619 5040 πρὸς
653 4969 959 5034 κενοδοξίαν
988 4970 1084 5023 zeal
1103 4968 1203 5039 τὴν
1226 4968 1378 5040 παρά
1395 4966 1504 5022 τῶν
1534 4968 1745 5022 πολλῶν
1774 4970 1962 5041 τιμήν.
1993 4968 2059 5021 Τί

480 5053 536 5107 δὲ
570 5055 605 5124 ή
635 5054 788 5125 παρὰ
829 5053 938 5108 τῶν
979 5052 1191 5107 πολλῶν
1225 5053 1395 5123 τιμή;
1425 5051 1615 5108 Οὑδέν.
1652 5052 1714 5104 Εἰ
1756 5051 1864 5122 γὰρ
1904 5051 2061 5106 αὐτοὶ

481 5136 531 5191 οῖ
560 5136 662 5207 τὴν
686 5136 852 5208 τιμὴν
877 5137 1244 5208 παρεχόμενοι
1267 5135 1623 5201 ἀπόλλυνται,
1646 5134 1825 5204 πολλῷ
1854 5135 2060 5206 μᾶλλον

483 5225 519 5296 ἡ
550 5228 709 5297 τιμή.
741 5225 801 5280 ’0
830 5226 999 5296 τιμὴν
1043 5224 1299 5297 παρέχων
1348 5223 1540 5294 ἑτέρῳ,
1576 5220 1757 5291 ἐαυτῷ
1795 5220 2062 5293 πρότερον

484 5307 689 5377 ὀφείλει
710 5311 1014 5381 παρασχεῖν
1037 5326 1052 5342 υ
1084 5308 1133 5361 εἰ
1165 5308 1223 5360 66
1249 5306 1325 5378 μὴ
1351 5304 1587 5377 παρέχοι
1617 5303 1818 5374 ἐαυτῷ,
1841 5303 1961 5367 πῶς
1994 5303 2062 5357 ἂν

486 5390 661 5463 ἐτέρῳ
693 5390 950 5463 παρέξοι;
991 5390 1106 5446 Νῦν
1137 5391 1194 5444 δέ
1224 5389 1319 5444 καὶ
1362 5389 1462 5454 τὰς
1500 5388 1667 5459 τιμάς
1702 5385 1973 5459 ζητοῦμεν
2002 5384 2063 5449 ἐξ

488 5473 721 5529 εὐτελῶν
747 5476 842 5529 zeal
871 5475 1367 5546 εὐκαταφρονήτων
1393 5470 1624 5545 ἀνδρῶν,
1652 5469 1864 5542 ἀτίμων
1893 5469 2064 5523 όντων

488 5557 582 5610 zeal
614 5556 1010 5612 ἐπονειδίστων.
1035 5557 1172 5612 ῐΙοία
1201 5553 1295 5612 οὖν
1324 5554 1467 5626 αῦτη
1498 5554 1672 5625 τιμήῖ

488 5761 583 5859 an;
602 5747 759 5814 Alius,
785 5749 906 5800 κατὰ
927 5748 1008 5799 τὸν
1045 5751 1162 5816 βίον.
1191 5752 1251 5801 Et
1290 5748 1361 5800 sic
1393 5749 1589 5814 legerat
1633 5749 1889 5810 interpres
1932 5746 2066 5799 Lati-

2234 489 2300 560 β¹.
2317 489 2482 558 Ὁρᾷς
2498 489 2580 540 ὅτι
2601 487 2892 556 ματαιότης
2920 485 3297 556 ματαιοτήτων
3315 483 3386 536 τά
3407 481 3584 535 πάντα
3602 500 3615 546 ;
3634 483 3731 536 Διά

2158 572 2317 625 τοῦτο
2333 571 2538 639 ἔλεγεν·
2570 572 2672 623 Ἑν
2688 572 3042 639 ματαιότητι
3059 570 3165 623 τοῦ
3183 568 3325 633 νοὸς
3342 563 3563 620 αὐτῶν.
3592 567 3729 619 Ἀλλ’

2161 657 2194 725 ἡ
2225 655 2490 725 θρησκεία
2528 653 2708 707 αὑτῶν
2740 656 2803 708 οὑ
2839 652 3102 724 τοιαύτη;
3130 652 3195 705 Τί
3218 651 3335 718 δαί;
3364 645 3474 722 ἆρα
3502 649 3563 702 οὑ
3604 648 3734 713 ξύλα

2160 740 2255 790 zeal
2293 736 2431 790 λίθοι
2478 737 2546 790 τά
2592 736 3081 807 προσκυνούμενα;
3122 736 3310 788 Ἥλιον
3349 733 3562 803 φαίνειν
3604 734 3734 803 ἡμῖν

2161 821 2416 889 ἐποίησεν
2456 820 2577 872 ἀντὶ
2626 819 2820 891 λύχνου
2844 837 2857 854 ⁸
2905 820 2992 882 τίς
3038 819 3128 873 16v
3177 818 3370 888 λύχνον
3409 818 3502 869 τὸν
3538 816 3735 871 ἐαυτοῦ

2160 905 2486 974 προσκυνεῖς
2508 903 2699 966 ’Ἥλιος
2729 902 2962 973 παρέχει
2985 902 3048 955 16
3064 900 3180 970 φῶς
3200 918 3215 932 ’
3239 900 3354 955 ἀλλ’
3373 900 3501 953 ὅταν
3530 901 3737 962 ἐκεῖνος

2163 985 2239 1055 μὴ
2265 985 2510 1057 δύνηται,
2528 986 2720 1055 λύχνος
2750 984 2973 1039 δύναται
2991 1003 3003 1016 ·
3032 986 3085 1039 τί
3116 986 3296 1038 τοίνυν
3316 984 3376 1037 οὐ
3407 986 3737 1054 προσκυνεῖς

2159 1080 2251 1133 τὸν
2284 1080 2510 1151 λύχνον;
2556 1081 2687 1145 Nal,
2740 1081 2894 1150 φησὶ,
2926 1080 3219 1152 προσκυνῶ
3257 1079 3317 1132 16
3359 1077 3493 1148 πῦρ.
3546 1079 3609 1130 Ὢ
3640 1078 3736 1130 τοῦ

2159 1163 2393 1232 γέλωτος
2415 1166 2428 1218 ι
2454 1163 2692 1231 τοσαύτη
2728 1165 2761 1233 ἡ
2795 1161 2988 1234 ὑδρις,
3031 1163 3126 1216 zeal
3160 1162 3261 1216 οὐκ
3294 1160 3559 1233 αἰσχύνῃς
3596 1160 3739 1230 Ὅρα

2158 1245 2216 1298 66
2246 1246 2344 1298 zeal
2389 1247 2584 1317 ἑτέραν
2633 1245 2795 1299 πάλιν
2821 1262 2835 1275 ο
2867 1245 2940 1298 T6
2973 1243 3450 1318 προσκυνούμενον
3497 1244 3551 1296 τί
3586 1243 3739 1297 σϐεν-

2158 1326 2335 1395 νύεις;
2360 1328 2414 1381 τί
2442 1327 2765 1396 ἀπολλύεις;
2798 1329 2850 1383 τί
2878 1330 3126 1399 ἀναιρεῖς
3148 1344 3243 1380 σου
3273 1327 3366 1380 τὸν
3388 1326 3544 1394 θεόν;
3572 1326 3660 1379 διά
3685 1326 3741 1377 τί

2163 1410 2238 1482 μὴ
2260 1414 2562 1483 συγχωρεῖς
2579 1412 2678 1484 τὴν
2701 1411 2879 1465 οἰκίαν
2904 1409 3290 1481 ἐμπεπλῆσθαι
3319 1409 3517 1474 αὐτοῦς
3545 1409 3609 1461 Εί
3628 1410 3744 1479 γὰρ

2161 1493 2282 1558 θεός
2312 1495 2426 1548 ἐστι
2451 1494 2512 1548 16
2554 1493 2686 1565 πῦρ,
2729 1493 3072 1564 ἐπινεμέσθω
3107 1510 3198 1546 σου
3229 1493 3289 1546 16
3322 1492 3500 1561 σῶμα,
3549 1492 3625 1561 μὴ
3660 1493 3743 1560 τῷ

2161 1575 2395 1646 πυθμένι
2416 1577 2513 1648 τῆς
2534 1578 2739 1649 χύτρας
2768 1578 2864 1631 zeal
2884 1576 2979 1630 τοῦ
3003 1575 3231 1647 λέόητος
3262 1576 3354 1629 τὸν
3380 1575 3502 1628 θεὸν
3529 1574 3742 1628 ὑποϐά-

2160 1658 2257 1729 λῃς
2278 1675 2292 1688 ⁸
2317 1658 2505 1728 εἴσαγε
2538 1661 2618 1723 εἰς
2638 1660 2707 1713 τὰ
2725 1662 2950 1730 ταμεῖα,
2968 1658 3156 1727 εἴσαγε
3185 1658 3266 1722 είς
3291 1659 3359 1711 τὰ
3385 1656 3588 1727 σηρικά
3613 1658 3745 1728 ίμάο

2158 1758 2272 1795 τια.
2314 1741 2385 1795 Σὺ
2429 1742 2488 1808 66
2536 1742 2598 1796 οὐ
2636 1742 2798 1813 μόνον
2848 1742 2949 1795 οὐκ
3002 1741 3264 1809 εἰσάγεις,
3320 1740 3456 1794 ἀλλά
3502 1740 3606 1793 κᾶν
3652 1740 3744 1793 διὰ

2162 1825 2514 1894 περιπέτειαν
2569 1842 2716 1889 τινος
2770 1825 3085 1897 ἐπεισέλθῃ,
3147 1822 3414 1877 πάντοθεν
3475 1823 3742 1885 ἐλαύνεις,

2161 1908 2372 1972 πάντας
2403 1909 2717 1977 συγκαλεῖς,
2749 1910 2843 1962 zeal
2879 1908 3069 1979 ῶσπερ
3098 1908 3288 1979 θηρίου
3324 1907 3470 1970 τινὸς
3494 1908 3747 1961 ἐπεισελ-

2161 1990 2364 2056 θόντος,
2394 1991 2560 2064 ὀδύρῃ
2591 1994 2686 2047 καὶ
2715 1992 2943 2056 στένεις,
2973 1993 3069 2044 zeal
3100 1990 3388 2063 συμφορὰν
3417 1988 3481 2042 16
3507 1991 3745 2062 πρᾶγμα

2162 2077 2348 2141 καλεῖς
2398 2077 2849 2150 ὑπερϐάλλουσαν
2901 2078 2965 2129 16
3016 2075 3111 2129 τὸν
3161 2075 3282 2128 θεόν
3332 2091 3426 2127 σου
3462 2076 3745 2146 παρεῖναι.

2166 2159 2317 2230 "Exeo
2336 2159 2448 2227 ἐγὼ
2474 2160 2628 2225 Θεὸν,
2659 2161 2754 2213 zeal
2775 2159 2954 2213 πάντα
2985 2153 3144 2221 ποιῶ,
3163 2157 3304 2211 ὥστε
3335 2156 3498 2210 αὑτὸν
3523 2158 3753 2224 6110160-

2162 2242 2436 2308 νίσασθαι,
2487 2244 2581 2298 zeal
2629 2243 3006 2315 μακαριότητα
3042 2240 3282 2311 ἐμαυτοῦ
3326 2239 3593 2310 ἠγοῦμαι,
3644 2242 3750 2308 οὐχ

2161 2326 2291 2380 ὅταν
2318 2324 2419 2398 τὴν
2455 2326 2632 2379 οίκίαν
2659 2325 3058 2396 ἐπισκέπτηται
3097 2327 3197 2395 τὴν
3228 2324 3387 2395 ἐμὴν,
3426 2323 3542 2377 ἀλλ’
3573 2325 3640 2377 ἂν
3664 2326 3750 2385 εἰς

2161 2409 2261 2481 τὴν
2295 2410 2525 2480 καρδίαν
2559 2410 2721 2464 αὑτὸν
2753 2409 2967 2464 ἑλκύσω
3006 2409 3107 2480 τὴν
3149 2410 3312 2479 ὲμήν.
3355 2407 3623 2461 Ἕλκυσον
3649 2409 3751 2461 zea‘e

2165 2495 2231 2549 σὺ
2252 2495 2313 2549 16
2335 2492 2448 2565 πῦρ
2469 2496 2550 2557 είς
2578 2493 2676 2565 τὴν
2696 2493 2925 2565 καρδίαν
2945 2492 3043 2563 τὴν
3073 2494 3191 2562 σήν.
3216 2491 3396 2555 Γέλως
3425 2489 3620 2559 ταῦτα,
3647 2492 3753 2544 zeal

2167 2577 2487 2649 ματαιότης.
2522 2577 2701 2631 Καλὸν
2730 2578 2790 2631 16
2828 2576 2940 2649 πῦρ
2970 2579 3051 2640 είς
3080 2576 3299 2648 χρῆσιν,
3326 2576 3429 2628 οὐκ
3456 2576 3537 2638 είς
3571 2591 3752 2644 προσ-

2164 2660 2390 2731 κύνησιν
2412 2675 2425 2689 ⁸
2474 2662 2554 2724 είς
2596 2659 2895 2723 διακονίαν,
2932 2660 3012 2722 είς
3046 2658 3372 2729 ὑπηρεσίαν,
3398 2660 3481 2721 είς
3522 2657 3583 2712 16
3620 2657 3752 2711 δου-

2164 2744 2342 2799 λεύειν
2373 2743 2517 2816 ἐμοὶ,
2551 2744 2650 2797 οὑκ
2681 2744 2762 2806 είς
2792 2741 2853 2796 16
2882 2743 3105 2815 κρατεῖν
3140 2739 3274 2811 ἐμοῦ
3300 2757 3315 2772 ο
3349 2742 3526 2794 ἐκεῖνο
3549 2739 3614 2793 δι’
3645 2741 3754 2811 ἐμὲ
3836 2808 3849 2817 κ

2165 2827 2411 2897 γέγονεν,
2438 2827 2537 2881 οὐκ
2569 2825 2681 2895 ἐγὼ
2710 2826 2779 2880 δι’
2810 2825 2963 2879 αὑτό.
2991 2825 3054 2878 Εἰ
3079 2825 3404 2896 προσκυνεῖς
3433 2823 3494 2877 16
3527 2822 3659 2898 πῦρ,
3692 2823 3756 2875 τί

2165 2911 2328 2971 αὐτὸς
2358 2910 2456 2981 μὲν
2500 2909 2593 2962 ἐπὶ
2624 2909 2724 2979 τῆς
2765 2907 2956 2977 κλίνης
2998 2909 3346 2969 κατάκεισαι,
3390 2905 3641 2977 μαγείρῳ
3688 2906 3753 2958 6-6

2166 2993 2408 3057 κελεύεις
2436 2994 2773 3062 παρεστάναι
2797 3009 2889 3044 σου
2916 2991 2993 3062 τῷ
3016 2990 3156 3061 θεῷς
3184 2991 3353 3053 Αὐτὸς
3369 2990 3623 3057 ἀνάδεξαι
3649 2991 3755 3061 τὴν

2170 3077 2521 3148 μαγειρικὴν,
2552 3076 2646 3128 zeal
2670 3075 2973 3145 ἀρτοκόπος
3008 3072 3189 3142 γενοῦ,
3216 3076 3263 3126 εἱ
3291 3072 3493 3142 βούλει,
3516 3074 3609 3126 καὶ
3627 3073 3755 3144 χαλε

2168 3158 2318 3223 κεύς.
2365 3159 2545 3212 Οὐδὲνδ
2587 3159 2696 3228 γάρ
2740 3157 2948 3210 τούτων
2994 3156 3103 3210 τῶν
3146 3157 3352 3226 τεχνῶν
3397 3156 3753 3226 τιμιὼτερον,

2165 3241 2353 3311 ἐπειδὴ
2382 3240 2556 3294 ταῦτα
2582 3242 2611 3293 6
2647 3241 2738 3303 σὸς
2768 3241 3157 3294 ἐπισκέπτεται
3189 3238 3330 3302 θεός.
3362 3240 3428 3292 τί
3458 3239 3617 3311 ὕϐριν
3640 3241 3753 3309 ἡγῇ

2163 3325 2267 3396 τὴν
2297 3325 2516 3396 τέχνην,
2553 3324 2680 3379 ἔνθα
2734 3340 2828 3377 σου
2863 3322 3029 3386 πολὺς
3060 3325 3088 3377 6
3128 3322 3278 3387 θεός;
3319 3322 3371 3375 τί
3399 3324 3513 3384 τοῖς
3541 3320 3758 3384 δούλοις

2165 3410 2493 3474 ἐπιτάττεις,
2512 3408 2676 3473 αὐτὸς
2691 3409 2747 3462 δὲ
2767 3409 2828 3461 οὐ
2847 3406 3156 3471 καταξιοῖςς
3184 3405 3365 3460 Καλὸν
3383 3405 3445 3459 16
3613 3403 3754 3475 πῦρ,

2165 3494 2350 3564 ἐπειδὴ
2386 3494 2482 3548 zeal
2515 3492 2683 3547 καλοῦ
2714 3490 3075 3563 δημιουργοῦ,
3112 3489 3228 3543 ἀλλ’
3275 3489 3338 3543 οὑ
3382 3488 3504 3553 θεός
3527 3506 3542 3521 σ
3589 3488 3759 3560 ἔργον

2164 3579 2275 3649 γάρ
2324 3577 2483 3643 Θεοῦ,
2550 3578 2614 3629 οὑ
2663 3577 2787 3638 θεὸς
2836 3573 3061 3644 ἐκλήθη.
3119 3574 3233 3643 Οὐχ
3283 3574 3417 3644 δρᾷς
3475 3571 3643 3625 αὑτοῦ
3695 3574 3761 3626 16

2165 3661 2438 3723 ἄτακτον;
2465 3660 2580 3722 πῶς
2608 3660 2739 3712 ὅταν
2762 3656 3090 3726 ἐπιλάὸηται
3115 3656 3313 3720 οἰκίας,
3337 3655 3574 3725 οὐδαμοῦ
3600 3655 3756 3710 ῖστα·

2165 3760 2295 3808 ται;
2328 3742 2443 3796 ἀλλ’
2475 3743 2569 3796 ἐὰν
2595 3744 2695 3812 σχῇ
2716 3741 2935 3812 Δσυνεχῆ
2968 3757 3110 3803 τινα,
3140 3741 3318 3794 πάντα
3346 3739 3620 3810 καθαιρεῖ,
3646 3741 3758 3793 κᾶν

2171 3826 2247 3898 μὴ
2274 3826 2540 3880 τεκτόνων
2564 3808 2802 3895 χεῖρεξῆ
2830 3808 2933 3879 zeal
2955 3825 3131 3877 ἄλλων
3160 3823 3323 3877 τινῶν
3359 3808 3624 3877 σδέσωσιν
3649 3824 3758 3876 αὖά

2167 3907 2261 3963 τοῦ
2288 3909 2387 3980 τὴν
2422 3907 2638 3978 μανίαν,
2670 3908 2732 3961 οὐ
2765 3907 2953 3978 φίλους
2983 3905 3148 3971 οἶδεν,
3182 3907 3245 3960 οὐ
3278 3905 3593 3975 πολεμίους,
3630 3906 3757 3959 ἀλλ’

2166 3990 2367 4065 ὁμοίως
2392 3991 2526 4045 πᾶσι
2568 3991 2853 4062 κέχρηται.
2888 3989 3064 4045 Τοῦτο
3093 3986 3188 4043 οὖν
3229 3988 3372 4052 θεὸς,
3401 3986 3499 4042 zeal
3533 3989 3634 4041 οὑκ
3668 3992 3761 4043 al-

2170 4075 2462 4147 σχύνεσθες
2491 4077 2699 4138 Ὄντως
2728 4075 2910 4139 καλῶς
2934 4071 3111 4129 εἶπεν
3147 4073 3252 4127 Ἐν
3270 4074 3620 4141 ματαιότητι
3644 4075 3760 4129 τοῦ

2166 4159 2308 4226 νοὸς
2344 4157 2565 4214 αὐτῶν.
2606 4156 2745 4210 Ἀλλ’
2778 4160 2806 4210 6
2837 4156 3011 4227 ἥλιος,
3047 4156 3204 4227 φησὶ,
3237 4155 3381 4217 θεός.
3415 4155 3588 4209 Τοῦτο
3617 4155 3756 4225 γὰρ,

2169 4243 2291 4297 είπέ
2327 4260 2439 4313 μοι,
2473 4241 2660 4306 πόθεν,
2702 4241 2797 4295 zeal
2835 4241 2923 4295 διὰ
2961 4240 3047 4306 τίς
3079 4241 3163 4294 611
3197 4238 3313 4307 φῶς
3346 4238 3541 4307 ἀφίησι
3576 4239 3758 4302 πολύς

2181 4325 2321 4380 Ἀλλ’
2349 4326 2449 4395 οὐχ
2472 4326 2608 4397 ὁρᾷς
2637 4323 2802 4379 αὐτὸν
2829 4322 3129 4394 νικώμενον
3155 4321 3262 4375 ὑπὸ
3290 4321 3400 4375 τῶν
3427 4323 3625 4389 νεφῶν,
3657 4323 3760 4374 zeal

2169 4411 2384 4481 ἀνάγκῃ
2411 4408 2732 4464 δουλεύοντα
2765 4406 3001 4476 φύσεως,
3040 4406 3134 4458 zeal
3169 4403 3490 4458 ἐκλείποντα
3519 4403 3614 4457 zeal
3644 4405 3760 4457 ὑπὸ

2169 4496 2399 4566 σελήνης
2443 4493 2538 4547 zeal
2572 4492 2766 4562 νέφους
2803 4491 3215 4561 κρυπτόμενονς
3258 4487 3449 4542 Καίτοι
3492 4503 3555 4555 γε
3589 4487 3759 4555 νέφος

2167 4574 2557 4645 ἀσθενέστερον
2587 4575 2764 4646 ἡλίου,
2793 4573 2906 4627 ἀλλ’
2940 4574 3092 4641 ὅμως
3118 4569 3389 4640 πολλαχοῦ
3424 4572 3630 4640 κρατεῖ,
3657 4573 3760 4623 zeal

2167 4660 2330 4713 τοῦτο
2361 4658 2418 4712 δὲ
2457 4661 2557 4729 τῆς
2588 4657 2681 4711 τοῦ
2717 4656 2852 4711 Θεοῦ
2898 4655 3090 4724 σοφίας
3122 4653 3283 4724 ἔργον
3315 4652 3484 4706 ἐστίν.
3530 4653 3588 4705 Ὀ
3617 4652 3761 4716 Θεὸς

2168 4742 2457 4814 παναρκὴς
2489 4737 2628 4796 εἶναι
2665 4740 2890 4810 ὀφείλει.
2924 4734 3080 4802 οὗτος
3122 4739 3178 4792 66
3222 4737 3435 4791 πολλῶν
3480 4739 3628 4789 ἐστιν
3659 4737 3758 4789 ἐν-

2165 4827 2294 4897 δεής
2317 4840 2332 4855 ’
2353 4823 2516 4877 τοῦτο
2536 4822 2594 4877 66
2623 4823 2724 4877 οὑκ
2746 4822 2862 4876 ἔστι
2892 4821 3050 4875 Θεοῦ.
3078 4823 3260 4875 Δεῖται
3294 4819 3403 4888 γὰρ
3430 4818 3588 4888 ἀέρος
3612 4819 3761 4888 πρὶς

2168 4909 2230 4962 16
2261 4910 2449 4977 φᾶναι,
2478 4908 2571 4960 zeal
2599 4905 2760 4976 ἀέρος
2783 4904 2985 4958 λεπτοῦ
3007 4921 3020 4935 ⁸
3049 4904 3125 4967 ὡς
3151 4904 3178 4957 ὅ
3206 4921 3268 4973 γε
3297 4904 3503 4973 σφόδρα
3532 4917 3761 4953 πυκνω-

2169 4991 2283 5056 θεὶς
2311 4992 2411 5045 οὐκ
2433 4990 2628 5060 ἀφίησι
2650 4987 2748 5059 τὴν
2770 4989 2963 5042 ἀκτῖνα
2985 4984 3228 5040 διαδῦναι
3254 5002 3265 5015 ·
3297 4985 3471 5038 δεῖται
3495 4984 3588 5036 zeal
3618 4982 3758 5036 ὑδα-

2169 5092 2280 5140 τος,
2306 5073 2404 5128 καὶ
2430 5075 2618 5143 ἐτέρου
2648 5071 2742 5125 τοῦ
2767 5073 3075 5141 ἐπέχοντος,
3107 5068 3247 5122 ὥστε
3278 5067 3356 5139 μὴ
3387 5066 3757 5136 καταφλέξαι.

2171 5160 2235 5213 Εἰ
2263 5157 2373 5229 γὰρ
2402 5156 2477 5228 μὴ
2511 5154 2687 5225 πηγαὶ
2719 5154 2815 5208 zeal
2832 5153 3021 5223 λίμναι
3051 5153 3147 5205 zeal
3169 5150 3405 5220 ποταμοὶ
3434 5149 3528 5202 zeal
3548 5147 3762 5202 θάλασ-

2173 5259 2265 5296 σαι
2301 5240 2425 5294 τινά
2473 5237 2752 5309 ὑγρότητα
2793 5237 2881 5290 διὰ
2909 5236 3010 5307 τῆς
3046 5234 3157 5288 τῶν
3190 5233 3380 5303 ἀτμῶν
3412 5230 3762 5300 συνέστησαν

2171 5325 2499 5386 ἀναδόσεως,
2563 5320 2718 5375 οὐδὲν
2779 5319 2847 5373 ἂν
2906 5317 3180 5372 ἐκώλυσεν
3235 5314 3626 5386 ἐκπυρωθῆναι
3680 5313 3760 5365 τὰ

2174 5407 2371 5463 πάντα.
2407 5405 2570 5475 Ὁρᾷς
2591 5398 2707 5466 οὖν,
2732 5401 2918 5472 φησιν,
2942 5400 3030 5454 ὃτι
3057 5398 3207 5465 θεός;
3241 5399 3306 5451 Ὢ
3330 5400 3431 5468 τῆς
3456 5395 3686 5467 μανίαςῐ
3710 5392 3761 5447 ὣ

2170 5490 2266 5544 τοῦ
2312 5487 2583 5557 γέλωτοςι
2621 5483 2831 5554 ἐπειδὴ,
2867 5484 3025 5554 φησὶ,
3062 5481 3263 5552 βλάψαι
3301 5479 3545 5542 δύναται,
3604 5476 3758 5535 θεός.

2173 5572 2285 5627 Kal
2319 5570 2426 5641 μὴν
2463 5568 2550 5622 διὰ
2576 5567 2736 5622 τοῦτο
2776 5566 2838 5619 οὐ
2869 5566 3009 5629 θεὸς,
3043 5565 3123 5618 ὅτι
3156 5565 3213 5616 ἐν
3241 5558 3322 5627 οἷς
3354 5562 3455 5632 μὲν
3496 5561 3754 5641 βλάπτει,

2174 5638 2393 5717 οὐδενὸς
2407 5652 2598 5714 δεῖται,
2628 5651 2686 5702 ἐν
2706 5644 2786 5712 οἷς
2813 5648 2868 5701 δὲ
2897 5646 3118 5717 ὠφελεῖ,
3148 5645 3359 5700 πολλῶν
3390 5641 3591 5711 ἐτέρων
3617 5638 3758 5710 χρῂο

2176 5739 2260 5802 ζει
2284 5753 2297 5768 υ
2326 5733 2462 5789 Θεοῦ
2494 5733 2550 5787 δὲ
2591 5731 2652 5786 16
2689 5733 2789 5803 μὲν
2820 5730 3104 5803 βλάπτειν,
3163 5729 3366 5798 πόρρω,
3402 5723 3462 5777 16
3499 5722 3554 5774 δὲ
3600 5721 3751 5788 ὠφεο

2176 5822 2311 5891 λεῖν,
2347 5819 2568 5873 οἰκεῖον.
2605 5816 2773 5870 Ὅταν
2801 5811 2893 5869 οῦν
2946 5813 3004 5867 16
3052 5812 3292 5866 ἐναντίον
3336 5804 3392 5886 ᾗ,
3439 5806 3556 5871 πῶς
3589 5805 3756 5872 θεός;
