4092 6486
366 438 441 494 ετ)
1303 431 1367 489 lN
1408 431 1627 490 EPIST.
1672 434 1762 489 AD
1802 431 2045 492 El‘llES.
2088 437 2242 494 CAP.
2290 439 2377 495 IV.
2422 439 2658 500 llOMlL.
2704 444 2820 503 ΧΠ.
3628 467 3696 516 gn

368 571 495 610 cum
524 554 593 609 de
616 551 925 607 humilitate
952 548 1299 605 disseruisset
1324 559 1381 604 et
1409 549 1479 605 de
1509 550 1729 615 unione,
1759 560 1813 605 et
1839 550 1982 622 quod

373 663 482 700 non
515 652 766 714 oporteat
793 643 1027 697 alterum
1056 649 1243 696 contra
1267 641 1498 695 alterum
1533 642 1832 711 insurgere,
1859 642 1983 697 audi

370 738 502 808 quid
533 738 679 791 dicat
709 752 724 791 ε
760 734 877 789 Hoc
905 750 1024 804 ergo
1056 733 1172 787 dico
1200 742 1246 787 et
1279 734 1522 803 testiﬁcor
1561 736 1614 787 in
1655 733 1896 796 Domino,
1930 743 1984 788 ut

358 836 479 902 jam
501 849 605 885 non
634 828 909 883 ambuletis
939 828 1070 880 sicut
1097 836 1143 880 et
1175 836 1345 896 gentes
1371 826 1653 880 ambulant.
1682 825 1798 881 Non
1826 826 1981 893 dixit,

365 926 489 979 Non
518 924 755 994 amplius
782 921 1072 976 ambuletis
1103 919 1242 974 sicut
1278 919 1569 973 amhulatis
1599 935 1615 983 ;
1649 919 1810 973 nimis
1839 919 1980 973 enim

368 1019 638 1090 pungitea
678 1017 885 1081 oratio;
919 1015 1015 1070 sed
1048 1013 1278 1084 idipsum
1308 1014 1524 1082 quidem
1554 1013 1893 1084 significavit,
1914 1013 1982 1069 ab

365 1113 488 1166 aliis
510 1121 691 1164 autem
718 1108 870 1164 duxit
891 1109 1221 1176 exemplum.
1254 1107 1424 1161 Porro
1446 1107 1511 1161 ad
1532 1108 1981 1162 Thessalonicen-

364 1221 454 1259 sps
485 1218 709 1273 quoque
736 1202 1001 1266 scribens,
1038 1200 1142 1254 hoc
1187 1199 1314 1253 facit
1341 1199 1529 1254 dicens
1565 1217 1577 1251 :
1623 1200 1741 1253 Non
1775 1200 1827 1254 in
1857 1218 1979 1270 pas-

361 1298 509 1350 sione
535 1296 774 1350 desiderii
804 1295 938 1348 sicut
970 1304 1015 1347 et
1041 1303 1237 1347 caetera!
1261 1301 1432 1364 gentes
1460 1293 1478 1363 (
1507 1296 1558 1348 l.
1587 1292 1770 1347 Tltess.
1802 1295 1853 1348 4.
1880 1294 1914 1349 5
1938 1296 1975 1363 ).

365 1393 450 1446 Ab
492 1391 733 1454 illorum,
768 1388 962 1459 inquit,
995 1387 1335 1458 dogmatibus
1360 1386 1660 1442 dissentitis
1689 1404 1702 1452 ;
1743 1386 1837 1441 sed
1876 1386 1979 1443 hoc

364 1496 539 1542 totum
572 1488 665 1542 Dei
708 1504 722 1539 :
758 1500 859 1556 ego
889 1493 1070 1539 autem
1112 1498 1174 1537 ea
1222 1498 1408 1553 quaero
1436 1498 1557 1552 qua:
1591 1499 1620 1536 a
1662 1481 1813 1537 vobis
1852 1492 1980 1537 sunt

364 1579 697 1649 praestanda,
746 1579 934 1643 vitam,
979 1586 1037 1632 et
1077 1577 1188 1631 Deo
1220 1585 1605 1646 congruentem
1655 1574 1975 1632 ambulatio-

363 1689 491 1728 nem
517 1691 531 1727 :
568 1672 671 1728 hoc
699 1681 785 1727 est
814 1679 1079 1725 vestrum.
1107 1669 1325 1725 Testem
1349 1676 1529 1724 autem
1558 1670 1774 1741 appello
1796 1670 1977 1725 Domi-

363 1782 497 1820 num
539 1780 727 1822 eorum
771 1780 895 1836 qua:
928 1779 958 1818 a
989 1780 1075 1819 me
1102 1763 1241 1819 dicta
1272 1772 1419 1831 sunt,
1458 1764 1602 1835 quod
1630 1780 1738 1819 non
1785 1766 1972 1821 reticui

362 1874 466 1915 nec
513 1857 836 1927 suppressi,
885 1856 982 1912 sed
1042 1856 1155 1911 dixi
1204 1856 1660 1926 quemadmodum
1716 1867 1966 1927 oporteat

364 1950 661 2007 ambulare.
696 1951 764 2005 In
794 1952 1040 2015 vanitate,
1090 1950 1284 2020 inquit,
1325 1967 1505 2006 sensus
1546 1951 1798 2021 ipsorum.
1835 1951 1973 2020 Quid

369 2054 452 2099 est
470 2059 660 2100 sensus
678 2059 772 2100 seu
793 2044 994 2099 mentis
1021 2043 1268 2097 vanitas?
1290 2042 1501 2097 Versari
1525 2043 1578 2098 in
1610 2045 1773 2099 rebus
1800 2044 1971 2098 vanis.

366 2140 622 2205 Qua-nam
656 2147 838 2192 autem
870 2146 997 2191 sunt
1020 2152 1177 2203 vana,
1212 2137 1311 2191 nisi
1336 2139 1513 2192 omnia
1545 2138 1827 2208 prtesentia
1857 2139 1881 2189 ‘l
1906 2138 1974 2194 de

359 2231 556 2300 quibus
604 2230 737 2285 dicit
780 2230 1157 2293 Ecclesiastes,
1204 2229 1415 2283 Vanitas
1466 2232 1772 2295 vanitatum,
1801 2231 1973 2285 omnia

358 2328 559 2378 vanitas
588 2323 787 2395 (Ecclc.
814 2324 866 2379 l.
892 2322 975 2392 2).
1008 2322 1112 2379 Sed
1139 2322 1283 2377 dicet
1301 2321 1586 2393 quispiam,
1610 2322 1668 2378 Si
1690 2332 1815 2377 sunt
1837 2338 1970 2377 vana

352 2427 412 2472 et
436 2418 670 2483 vanitas,
695 2432 927 2487 quanam
951 2416 1019 2470 de
1048 2430 1208 2471 causa
1234 2417 1370 2470 facta
1402 2416 1573 2471 sunt?
1598 2416 1643 2472 si
1669 2417 1760 2471 Dei
1783 2432 1966 2487 opera,

352 2510 634 2579 quomodo
664 2520 791 2565 sunt
815 2509 991 2564 vana?
1016 2517 1071 2564 et
1099 2510 1264 2562 multa
1287 2508 1355 2564 de
1380 2508 1462 2565 his
1489 2509 1651 2565 verba
1680 2510 1833 2565 fiunt.
1864 2510 1971 2566 Sed

352 2604 504 2669 audi,
537 2619 571 2655 ο
593 2604 809 2659 dilecte.
840 2602 958 2657 Non
986 2603 1084 2657 Dei
1106 2618 1269 2673 opera
1298 2602 1437 2657 dixit
1463 2618 1623 2668 vana,
1652 2605 1792 2659 absit
1818 2621 1830 2658 :
1858 2620 1964 2659 non

349 2707 440 2749 est
481 2695 680 2750 cadum
724 2710 960 2760 vanum,
1014 2709 1187 2765 neque
1233 2702 1375 2749 terra
1421 2709 1601 2759 vana;
1641 2694 1782 2751 absit
1816 2713 1828 2749 :
1864 2712 1968 2751 non

352 2791 470 2853 sol,
510 2805 613 2845 nec
643 2792 766 2843 luna
788 2831 801 2853 ,
840 2802 940 2843 nec
968 2797 1144 2853 astra,
1174 2802 1277 2843 nec
1303 2802 1501 2857 corpus
1540 2797 1783 2843 nostrum
1816 2807 1827 2843 :
1853 2788 1971 2844 haec

350 2881 505 2935 enim
537 2881 720 2935 omnia
751 2888 879 2935 sunt
904 2879 1062 2934 valde
1088 2880 1229 2934 bona
1266 2897 1277 2933 :
1307 2880 1401 2933 sed
1444 2878 1569 2949 quid
1602 2889 1686 2933 est
1724 2895 1918 2934 vanum
1947 2879 1971 2933 ?

349 2972 660 3025 Audiamus
708 2973 883 3042 ipsum
934 2972 1319 3027 Ecclesiaslem
1367 2972 1675 3039 dicentem,
1729 2972 1970 3027 Plantaui

350 3066 481 3118 mihi
512 3066 703 3129 vineas,
735 3066 835 3134 feci
866 3066 992 3118 milii
1018 3075 1249 3119 cantores
1274 3074 1323 3118 et
1349 3066 1672 3132 cantatrices,
1707 3067 1806 3136 feci
1844 3067 1969 3120 milii

352 3157 585 3226 piscinas
630 3173 881 3225 aquarum
922 3161 1175 3227 afuerunt
1219 3157 1345 3210 mihi
1392 3174 1566 3228 greges
1610 3166 1657 3211 et
1700 3172 1965 3223 armenta,

350 3250 496 3319 coegi
536 3266 721 3303 aurum
753 3258 799 3303 et
829 3259 1100 3319 argentum
1129 3265 1148 3314 ;
1188 3258 1235 3301 et
1268 3249 1369 3302 vidi
1406 3249 1544 3317 quod
1570 3251 1742 3303 omnia
1771 3250 1968 3305 vanitas

352 3346 367 3409 (
403 3340 574 3395 Eccle.
604 3340 658 3393 2.
687 3343 742 3397 5.
776 3358 915 3411 seqq.
944 3342 996 3409 );
1041 3348 1097 3394 et
1141 3356 1326 3395 rursus
1350 3380 1364 3406 ,
1408 3338 1615 3394 Vanitas
1653 3343 1963 3406 vanitatum,

350 3434 529 3484 omnia
553 3433 773 3486 vanitas.
800 3431 937 3486 Audi
957 3434 1120 3486 etiam
1154 3433 1472 3501 prophetam
1497 3431 1762 3488 dicentem
1791 3451 1803 3486 :
1836 3433 1967 3487 Tlte-

347 3524 602 3586 sauiizat,
649 3532 696 3576 et
735 3524 939 3594 ignorat
962 3523 1046 3576 cui
1074 3522 1399 3593 congregabit
1431 3537 1492 3577 ea
1520 3531 1536 3594 (
1565 3522 1711 3577 Psal.
1748 3525 1839 3580 58.
1870 3526 1963 3594 7).

350 3615 464 3667 llac
488 3616 702 3668 ratione
726 3617 935 3669 vanitas
959 3616 1252 3668 vanitatum
1279 3615 1534 3684 praeclara
1558 3615 1803 3683 aedificia,
1830 3619 1965 3672 mul-

350 3716 465 3759 tum
518 3722 709 3760 aurum
770 3716 827 3761 et
872 3706 1288 3769 circumfluens,
1336 3722 1526 3776 greges
1569 3708 1961 3777 mancipiorum

348 3800 588 3869 superbe
636 3800 687 3852 iu
738 3800 859 3853 foro
889 3799 1235 3861 incedentes,
1268 3798 1438 3853 fastus
1465 3808 1520 3854 et
1542 3800 1711 3870 gloria
1760 3801 1959 3867 inanis,

348 3902 405 3943 σι
432 3892 598 3946 elatio
625 3892 822 3946 mentis
845 3901 900 3945 et
937 3891 1263 3961 arrogantia.
1298 3890 1427 3946 Hzec
1453 3891 1596 3945 enim
1626 3892 1807 3946 omnia
1836 3902 1963 3948 sunt

349 4000 485 4039 vana
522 4001 535 4037 :
571 3999 677 4038 non
711 3984 857 4037 enim
889 3999 919 4037 a
953 3983 1064 4037 Deo
1095 3982 1232 4037 facta
1274 3990 1419 4047 sunt,
1462 3982 1557 4037 sed
1593 3998 1623 4037 a
1655 3983 1811 4038 nobis
1836 3993 1963 4039 sunt

347 4077 630 4132 fabricata.
654 4077 762 4132 Cur
789 4088 971 4133 autem
1012 4090 1149 4131 vana
1177 4076 1485 4143 ?Quoniam
1516 4075 1721 4131 nullum
1758 4076 1961 4132 habent

345 4171 553 4225 bonum
586 4169 773 4224 ﬁnem.
1742 4236 1750 4244 β

420 4262 672 4317 Pecunia:
708 4277 887 4328 vanae,
928 4261 971 4316 si
1002 4272 1369 4315 consumantur
1396 4262 1464 4314 ad
1494 4261 1725 4316 delicias.
1754 4291 1827 4302 —
1856 4261 1959 4317 Pc-

342 4354 524 4409 cunize
551 4363 677 4409 sunt
711 4369 885 4417 vanae,
919 4353 1136 4422 quando
1176 4360 1569 4408 consumuntur
1605 4352 1656 4407 in
1690 4353 1955 4420 delicias;

344 4463 457 4501 non
489 4457 618 4501 sunt
644 4455 825 4500 autem
870 4446 1052 4510 vanas,
1097 4446 1314 4514 quando
1342 4445 1727 4516 disperguntur
1760 4462 1963 4517 paupe-

341 4539 519 4594 ribus.
563 4538 791 4607 Quando
834 4549 1012 4593 autem
1058 4552 1153 4593 eas
1181 4540 1581 4608 consumpseris
1618 4544 1669 4593 in
1711 4539 1956 4608 delicias,

342 4630 627 4685 videamus
653 4631 900 4700 quisnam
921 4630 987 4682 sit
1015 4644 1200 4683 earum
1226 4628 1346 4683 finis
1368 4647 1380 4682 :
1404 4630 1670 4700 pinguedo
1692 4632 1955 4700 corporis,

343 4731 555 4785 ructus,
607 4722 787 4785 ﬂatus,
836 4720 1126 4775 multitudo
1174 4722 1452 4789 stercoris,
1496 4724 1736 4793 crapula,
1782 4726 1959 4779 carnis

346 4812 610 4868 mollities
631 4854 645 4879 ,
674 4815 932 4883 calorque
960 4822 1016 4867 et
1054 4812 1362 4867 dissolutio.
1393 4813 1461 4869 Ut
1496 4815 1540 4869 si
1570 4816 1691 4886 quis
1716 4816 1960 4872 infundat

344 4908 396 4961 in
445 4906 652 4961 dolium
696 4906 1029 4977 perforatum
1053 4948 1067 4972 ,
1103 4922 1239 4961 vane
1270 4907 1478 4962 laborat
1510 4927 1523 4961 :
1554 4910 1623 4963 ita
1663 4912 1824 4965 etiam
1865 4912 1955 4981 qui

342 5000 492 5069 degit
527 4999 578 5053 in
611 4997 845 5062 deliciis,
882 4997 1118 5052 infundit
1146 4998 1196 5051 in
1226 4999 1429 5053 dolium
1460 5000 1811 5069 perforatum.
1846 5002 1955 5057 Va-

344 5110 472 5147 num
502 5091 640 5147 alias
668 5092 869 5147 dicitur
895 5092 1040 5162 quod
1071 5103 1445 5161 exspectatum
1473 5103 1557 5148 est
1581 5095 1798 5165 quidem
1840 5095 1958 5154 fore

343 5196 398 5239 ut
438 5185 490 5239 iu
536 5185 747 5239 honore
788 5191 934 5239 esset
961 5192 1016 5238 et
1047 5184 1253 5253 pretio,
1287 5200 1393 5238 non
1433 5184 1532 5239 fuit
1557 5196 1736 5241 autem
1770 5206 1781 5241 :
1811 5190 1955 5259 quod

338 5278 506 5329 etiam
537 5274 731 5329 dicunt
759 5274 919 5327 inane
945 5280 1002 5328 et
1030 5288 1156 5343 spes
1183 5274 1372 5329 inanes
1394 5317 1408 5341 ,
1443 5286 1497 5329 et
1527 5276 1579 5330 id
1609 5278 1752 5345 qttod
1784 5280 1843 5333 lit
1873 5290 1954 5335 te-

341 5384 492 5423 mere
532 5376 589 5422 et
636 5366 1060 5421 inconsiderate.
1109 5366 1177 5420 Et
1219 5366 1443 5421 omnino
1486 5367 1715 5424 dicimus
1758 5386 1953 5426 vanum

340 5460 601 5530 quidquid
632 5459 699 5514 ad
729 5458 864 5512 nihil
893 5468 975 5512 est
1008 5458 1159 5513 utile.
1189 5458 1483 5515 Videamus
1506 5477 1635 5532 ergo
1665 5478 1841 5519 annon
1865 5481 1955 5521 res

343 5552 593 5606 humana:
620 5554 729 5605 sint
750 5550 1041 5619 ejusmodi.
1068 5550 1300 5606 Edamus
1321 5563 1364 5605 et
1388 5552 1618 5608 bibamus
1646 5570 1666 5621 ;
1691 5573 1804 5612 cras
1821 5559 1953 5611 enim

341 5645 618 5698 moriemur
648 5645 729 5711 (ι.
764 5641 886 5697 Cor.
920 5642 1010 5697 15.
1046 5641 1160 5714 52).
1192 5643 1325 5712 Quis
1345 5654 1429 5700 est
1457 5648 1952 5719 ergo,dic,qtueso,

341 5734 465 5789 linis
492 5734 516 5787 ‘l
548 5733 861 5804 Corruptio.
897 5731 1191 5787 lnduamur
1225 5743 1280 5790 et
1319 5736 1633 5804 vestiamur,
1664 5742 1863 5811 etquis
1892 5740 1952 5796 ft-

340 5827 476 5881 nis?
518 5826 685 5881 Nihil.
734 5826 861 5880 llaec
905 5825 1080 5882 Graeci
1122 5828 1338 5897 quidam
1389 5840 1516 5887 sunt
1564 5834 1948 5907 philosophati,

337 5918 435 5982 sed
480 5933 621 5976 vane
664 5928 719 5975 et
770 5917 1017 5974 frustra:
1054 5920 1217 5975 vitam
1270 5931 1609 5982 ostentarunt
1657 5926 1843 5985 duram
1897 5939 1950 5986 et

2094 568 2362 645 asperam,
2382 558 2478 614 sed
2507 569 2710 619 temere
2732 573 2787 620 et
2804 563 3222 640 inconsiderate,
3249 588 3354 627 non
3372 575 3436 629 ad
3465 576 3695 645 aliquem

2095 643 2256 702 linem
2286 652 2612 721 aSpicientes
2641 658 2862 726 utilem,
2893 662 2987 717 sed
3014 664 3079 717 ad
3116 665 3329 722 inanem
3360 643 3609 736 gloriam,
3643 681 3694 724 et

2092 737 2351 797 honorem
2384 748 2473 814 qui
2500 745 2729 804 habetur
2749 766 2777 803 a
2801 754 3006 807 multis.
3035 756 3172 823 Quid
3204 766 3289 813 est
3314 770 3496 814 autem
3525 759 3695 815 honor

2090 833 2181 902 qui
2213 833 2441 891 habetur
2463 854 2492 893 a
2520 841 2705 897 multis
2731 845 2754 898 ?
2778 844 2944 901 Nihil.
2972 848 3104 903 Nam
3134 850 3177 905 si
3211 851 3242 904 ii
3274 853 3436 907 etiam
3467 866 3699 923 pereunt

2090 940 2119 980 a
2142 928 2336 997 quibus
2361 930 2589 988 habetur
2615 934 2808 1003 honor,
2842 940 3013 995 multo
3042 944 3213 1012 magis
3242 944 3435 1001 honor.
3469 947 3570 1014 Qui
3601 948 3691 1001 alii

2092 1028 2316 1087 praestat
2342 1020 2625 1087 honorem.
2652 1027 2752 1083 sibi
2777 1030 2925 1098 prius
2941 1031 3099 1089 debet
3119 1046 3375 1104 praestare
3401 1057 3414 1093 :
3442 1039 3487 1092 si
3509 1050 3691 1095 autem

2090 1110 2191 1165 sibi
2241 1128 2346 1167 non
2396 1126 2649 1186 pncstal,
2690 1123 2965 1190 quomodo
3007 1129 3285 1195 praestabit
3311 1130 3511 1186 alteri?
3538 1131 3693 1187 Nunc

2088 1212 2270 1259 autem
2294 1206 2553 1264 honorem
2572 1214 2862 1281 quaerimus
2878 1217 2946 1271 ab
2965 1218 3274 1286 infamibus,
3294 1222 3362 1277 ab
3385 1224 3691 1281 hominibus

2088 1296 2303 1364 vilibus,
2349 1301 2575 1370 ahjeclis
2605 1315 2660 1360 et
2688 1306 3080 1377 ignominiosis.
3113 1310 3425 1383 Cujusmodi
3452 1332 3582 1388 ergo
3607 1327 3694 1373 est

2087 1386 2176 1443 hic
2202 1388 2377 1445 honor
2404 1393 2429 1447 ?

2157 1482 2209 1538 2.
2254 1482 2402 1556 Ignis
2450 1487 2749 1545 adoratores
2798 1494 3198 1567 redarguuntur.
3229 1498 3492 1557 —Vides
3545 1503 3688 1573 quod

2084 1573 2191 1631 sint
2221 1577 2399 1631 omnia
2442 1583 2651 1638 vanitas
2677 1585 2978 1643 vanitatum
3006 1591 3028 1643 t
3058 1589 3190 1645 ldeo
3217 1590 3462 1659 dicebat,
3495 1592 3563 1649 In
3599 1613 3692 1651 va-

2085 1670 2243 1724 nitate
2258 1672 2441 1727 mentis
2460 1690 2589 1729 suae.
2620 1676 2725 1732 Sed
2748 1693 2814 1734 an
2842 1695 3030 1737 eorum
3058 1684 3249 1755 religio
3274 1701 3381 1741 non
3406 1696 3489 1745 est
3520 1689 3644 1744 talis
3664 1690 3690 1744 ?

2083 1760 2221 1826 Quid
2246 1765 2468 1819 autem?
2495 1781 2675 1824 annon
2705 1769 2846 1842 ligna
2870 1784 2920 1828 et
2946 1774 3152 1845 lapides
3172 1777 3506 1835 adorantur?
3536 1780 3689 1838 Fecit

2083 1855 2239 1910 nobis
2268 1858 2437 1914 solem
2480 1860 2662 1918 lucere
2707 1879 2805 1935 pro
2835 1866 3051 1923 lucerna
3084 1887 3098 1922 :
3135 1871 3257 1941 quis
3307 1888 3462 1928 suam
3497 1872 3688 1930 adorat

2084 1946 2357 2004 lucernam
2390 1952 2413 2003 ?
2458 1952 2549 2008 Sol
2599 1956 2802 2024 praebet
2829 1959 3005 2016 lucem
3032 1978 3047 2028 ;
3078 1962 3172 2018 sed
3202 1964 3417 2034 quando
3442 1965 3534 2022 ille
3575 1981 3684 2022 non

2082 2050 2289 2110 potest,
2324 2044 2542 2101 lucerna
2576 2059 2754 2119 potest
2786 2073 2800 2108 :
2832 2068 2930 2108 cur
2968 2071 3098 2126 ergo
3130 2073 3237 2112 non
3266 2058 3462 2116 adoras
3506 2061 3683 2117 lucer-

2083 2149 2206 2189 nam
2237 2136 2260 2189 ?
2285 2137 2467 2204 Certe,
2500 2141 2693 2212 inquit,
2723 2145 2892 2201 adoro
2921 2148 3120 2218 ignem.
3150 2151 3195 2207 Ο
3222 2167 3334 2207 rem
3362 2154 3681 2211 ridiculam!

2082 2237 2285 2285 tantum
2311 2234 2590 2302 probrum,
2622 2247 2676 2293 et
2714 2253 2820 2293 non
2852 2241 3129 2298 erubescis
3158 2245 3180 2296 ?
3209 2245 3289 2301 En
3322 2262 3510 2302 rursus
3540 2249 3676 2305 allec

2078 2336 2219 2379 rum.
2250 2323 2359 2380 Cur
2383 2328 2524 2396 quod
2555 2329 2811 2386 adorator
2837 2335 3176 2405 exstinguis?
3209 2352 3307 2393 cur
3337 2338 3562 2408 perdis?
3586 2357 3684 2396 cur

2077 2413 2239 2469 deum
2274 2424 2422 2473 tuum
2456 2420 2524 2475 de
2557 2421 2737 2477 medio
2766 2424 2909 2478 tollis
2940 2426 2963 2479 ?
3002 2442 3099 2482 cur
3131 2443 3235 2483 non
3283 2431 3417 2486 sinis
3461 2431 3681 2487 domum

2078 2514 2223 2562 tuam
2254 2524 2322 2563 eo
2349 2526 2472 2567 esse
2510 2514 2767 2582 repletam
2802 2517 2824 2569 ?
2850 2516 2982 2572 Nam
3014 2520 3059 2573 si
3094 2520 3229 2590 ignis
3256 2531 3339 2579 est
3368 2524 3525 2590 deus,
3554 2541 3679 2581 eor-

2080 2599 2194 2668 pori
2224 2609 2314 2656 tuo
2344 2602 2719 2673 admoveatur,
2747 2624 2852 2663 non
2877 2609 3044 2667 fundo
3072 2613 3194 2668 ollae
3222 2624 3277 2669 et
3305 2615 3493 2671 lebetis
3518 2617 3679 2674 deum

2076 2692 2329 2763 subjicias
2357 2714 2371 2750 :
2403 2697 2651 2753 introduc
2680 2699 2733 2754 in
2756 2702 2947 2757 cellam
2975 2706 3313 2774 penuariam,
3350 2708 3599 2764 introduc
3628 2713 3680 2766 in

2077 2794 2256 2840 vestes
2281 2786 2505 2842 sericas.
2538 2790 2616 2845 'l'u
2648 2802 2826 2848 autem
2859 2809 2964 2848 non
2996 2797 3169 2851 solum
3204 2814 3309 2853 non
3340 2800 3638 2856 iutroducis
3664 2844 3678 2867 ,

2075 2882 2170 2936 sed
2216 2883 2377 2937 etiam
2428 2884 2473 2939 si
2519 2900 2647 2940 casu
2684 2888 2866 2958 aliquo
2908 2890 3067 2945 fuerit
3098 2892 3410 2964 ingressus,
3442 2896 3680 2967 undique

2075 2991 2197 3030 eum
2240 2977 2429 3046 abigis,
2465 2994 2654 3036 omnes
2682 2982 2936 3050 advocas,
2969 2995 3023 3040 et
3054 2987 3279 3056 perinde
3317 2997 3477 3060 atque
3508 2990 3551 3045 si
3594 2992 3675 3045 iu-

2074 3083 2257 3138 gressa
2298 3071 2370 3124 sit
2409 3069 2522 3126 fera
2570 3072 2745 3143 aliqua
2769 3116 2782 3141 ,
2817 3077 2887 3131 ita
2919 3088 2971 3132 et
3004 3078 3103 3134 ﬂes
3142 3089 3199 3135 et
3243 3082 3553 3153 ingemiscis
3575 3125 3588 3147 ,
3620 3095 3677 3139 et

2076 3158 2214 3216 hanc
2259 3177 2371 3216 rem
2416 3179 2577 3219 vocas
2615 3167 2979 3224 calamitatem
3013 3170 3309 3242 ingentem,
3359 3174 3501 3244 quod
3546 3174 3679 3229 deus

2075 3260 2197 3307 tuus
2225 3254 2387 3308 adsit.
2416 3255 2599 3312 llabeo
2626 3273 2755 3328 ergo
2784 3260 2974 3326 Deum,
3000 3271 3055 3317 et
3084 3265 3263 3318 omnia
3304 3265 3440 3321 facio
3468 3275 3527 3321 ut
3551 3282 3675 3321 eum

2072 3354 2291 3414 pectore
2320 3363 2441 3403 meo
2477 3352 2827 3420 complectar,
2860 3362 2917 3409 et
2952 3369 3128 3411 meam
3159 3359 3419 3413 existimo
3447 3359 3675 3414 felicita-

2074 3445 2204 3504 tem,
2254 3454 2359 3494 non
2401 3442 2617 3510 quando
2642 3444 2862 3500 domum
2892 3463 3070 3503 meam
3103 3449 3305 3517 invisit,
3336 3451 3431 3507 sed
3460 3453 3675 3523 quando

2070 3545 2194 3585 eum
2229 3541 2441 3588 traxere
2477 3534 2544 3589 ad
2575 3550 2671 3591 cor
2705 3554 2904 3594 meum.
2949 3540 3029 3595 Tu
3072 3558 3287 3614 quoque
3317 3544 3469 3601 trahe
3496 3545 3673 3615 ignem

2069 3623 2137 3678 ad
2164 3640 2261 3679 cor
2288 3636 2459 3680 tuum.
2490 3627 2614 3683 Haec
2654 3639 2780 3684 sunt
2808 3632 3034 3688 ridicula
3066 3642 3122 3689 et
3157 3636 3385 3690 vanitas.
3418 3635 3558 3708 Ignis
3587 3652 3676 3693 res

2071 3714 2207 3770 bona
2230 3726 2311 3772 est
2342 3718 2412 3772 ad
2432 3734 2611 3787 usum,
2642 3737 2749 3777 non
2780 3722 2846 3778 ad
2875 3724 3245 3782 adorationem
3272 3746 3285 3795 ;
3317 3728 3383 3782 ad
3426 3730 3669 3785 ministe-

2069 3808 2207 3861 rium
2236 3818 2293 3864 et
2320 3810 2621 3879 servitium,
2664 3823 2721 3869 et
2747 3824 2803 3870 ut
2831 3816 2961 3871 mihi
3000 3820 3235 3886 serviat,
3286 3837 3392 3875 non
3423 3831 3481 3876 ut
3506 3822 3559 3878 in
3585 3839 3672 3878 me

2068 3898 2310 3956 obtineat
2341 3902 2624 3973 imperium
2659 3917 2715 3963 et
2742 3908 3080 3965 dominatum
3130 3930 3143 3968 :
3193 3913 3284 3970 ille
3326 3925 3552 3986 propter
3582 3933 3670 3973 me

2069 3990 2241 4050 factus
2264 4004 2368 4062 est,
2405 4012 2508 4051 non
2538 4014 2640 4069 ego
2667 4011 2891 4071 propter
2932 4003 3127 4074 ipsum.
3156 4006 3211 4063 Si
3245 4007 3422 4078 ignem
3451 4009 3668 4079 adoras,

2066 4102 2164 4140 cur
2184 4086 2296 4156 ipse
2308 4088 2526 4158 quidem
2549 4091 2698 4161 jaces
2721 4093 2773 4147 in
2801 4095 2961 4164 lecto,
2980 4111 3155 4169 coquo
3174 4109 3354 4155 autem
3379 4110 3468 4156 tuo
3489 4100 3670 4171 jnbes,

2067 4180 2138 4232 sit
2169 4194 2334 4249 prope
2374 4181 2533 4237 deum
2567 4192 2714 4239 tuum
2747 4186 2770 4240 ?
2814 4186 2933 4255 Ipse
2955 4199 3127 4244 artem
3160 4191 3376 4262 suscipe
3415 4194 3673 4263 coquina-

2068 4269 2225 4336 riam,
2254 4282 2311 4327 et
2338 4273 2509 4342 pistor
2535 4274 2779 4340 efficere,
2819 4287 2913 4332 aut
2941 4279 2985 4333 si
3014 4284 3206 4347 mavis,
3240 4280 3393 4337 faber
3421 4285 3669 4339 :erarius.

2067 4360 2207 4417 Nihil
2250 4373 2338 4418 est
2383 4366 2528 4419 enim
2575 4366 2659 4422 his
2704 4370 2915 4424 artibus
2945 4371 3350 4441 honorabilius,
3383 4390 3505 4430 cum
3532 4377 3668 4433 deus

2067 4461 2189 4509 tuus
2218 4469 2310 4508 eas
2332 4456 2528 4511 invisat
2553 4466 2608 4513 et
2631 4474 2816 4515 earum
2838 4477 3023 4518 curam
3050 4475 3221 4533 gerat.
3249 4468 3386 4533 Quid
3411 4470 3668 4539 probrum

2064 4560 2128 4600 ac
2157 4546 2394 4602 dedecus
2436 4551 2713 4608 existimas
2742 4564 2936 4622 artem,
2981 4558 3071 4613 ubi
3111 4559 3245 4616 deus
3286 4571 3410 4618 tuus
3438 4574 3522 4619 est
3551 4565 3657 4621 fre—

2066 4641 2278 4708 quens?
2300 4658 2397 4696 cur
2422 4644 2594 4699 servis
2621 4647 2867 4713 mandas,
2899 4650 3014 4721 ipse
3040 4664 3218 4710 autem
3248 4671 3354 4710 non
3386 4658 3669 4728 dignaris?

2065 4729 2210 4786 Bona
2233 4748 2319 4788 res
2338 4743 2421 4789 est
2448 4736 2605 4808 ignis,
2633 4741 2886 4811 quoniam
2911 4743 3036 4800 boni
3065 4756 3148 4802 est
3178 4749 3407 4817 opiﬁcis,
3440 4751 3535 4806 sed
3560 4769 3667 4809 non

2064 4822 2200 4877 deus
2232 4842 2245 4878 :
2276 4840 2411 4894 opus
2441 4830 2585 4882 enim
2616 4830 2733 4899 Dei,
2769 4847 2874 4888 non
2905 4834 3040 4891 deus
3070 4847 3153 4893 est
3191 4842 3512 4910 appellatus.
3544 4843 3662 4898 Non

2064 4913 2214 4971 vides
2241 4916 2358 4987 ejus
2388 4921 2734 4989 petulantiam
2767 4924 2789 4976 ?
2817 4926 3091 4995 quomodo
3115 4931 3330 4998 quando
3355 4934 3546 4988 domos
3572 4951 3669 5005 ap-

2065 5009 2435 5078 prehenderit,
2467 5029 2729 5085 nusquam
2756 5032 2815 5073 se
2832 5020 3009 5086 sistat,
3030 5021 3124 5077 sed
3146 5022 3191 5076 si
3207 5023 3383 5095 aliqua
3406 5027 3662 5094 tenuerit,

2065 5102 2245 5156 onmia
2272 5102 2472 5171 diruat,
2506 5114 2561 5161 et
2586 5107 2685 5162 nisi
2718 5104 2992 5166 fabrOrum
3022 5123 3115 5167 aut
3141 5114 3446 5184 aliquorum
3476 5134 3667 5174 manus

2064 5196 2297 5250 furorem
2340 5197 2458 5265 ejus
2501 5198 2894 5268 exstinxeriut,
2944 5219 3051 5259 non
3091 5206 3295 5261 amicos
3338 5218 3518 5276 nowt,
3551 5226 3663 5267 nou

2065 5290 2275 5356 hostes,
2309 5290 2402 5344 sed
2433 5291 2681 5348 omnibus
2711 5293 2962 5352 similiter
3005 5299 3216 5354 utitur?
3246 5300 3465 5357 lliccine
3508 5304 3685 5371 deus.

2064 5397 2166 5436 nec
2205 5398 2299 5437 vos
2343 5383 2551 5452 pudet?
2587 5385 2666 5441 Re
2697 5402 2822 5443 vera
2871 5391 3096 5460 pulchre
3138 5391 3291 5459 dixit,
3336 5394 3405 5450 In
3445 5398 3669 5455 vanitate

2062 5475 2246 5528 mentis
2265 5491 2392 5528 sate.
2421 5476 2492 5529 At
2521 5477 2602 5531 sol
2627 5487 2711 5533 est
2734 5520 2749 5545 ,
2778 5480 2977 5551 inquit,
3013 5482 3166 5538 deus.
3204 5484 3299 5540 Dic
3321 5487 3450 5541 mihi
3474 5531 3485 5553 ,
3520 5491 3665 5547 unde

2064 5562 2115 5617 id
2157 5573 2217 5617 et
2249 5566 2466 5632 quare?
2504 5566 2767 5636 Quoniam
2815 5572 3040 5627 multam
3085 5576 3285 5633 emittit
3326 5580 3518 5637 lucem.
3559 5585 3663 5637 Sed

2063 5672 2169 5711 non
2203 5657 2351 5715 vides
2373 5675 2496 5715 eum
2524 5662 2663 5717 vinci
2689 5680 2718 5717 a
2753 5664 3006 5734 nubibus,
3037 5677 3093 5723 et
3131 5670 3336 5728 servire
3359 5677 3666 5732 necessitati

2064 5754 2291 5814 naturae,
2323 5757 2379 5804 et
2405 5749 2639 5809 deficere
2661 5762 2716 5810 et
2738 5754 2997 5814 abscondi
3025 5775 3052 5812 a
3081 5760 3205 5817 luna
3236 5771 3291 5818 et
3316 5765 3666 5838 nube?atqui

2062 5840 2233 5896 nubes
2260 5852 2341 5897 est
2358 5842 2474 5899 sole
2501 5844 2841 5913 imbecillior,
2861 5850 2958 5907 sed
2981 5860 3158 5908 tamen
3182 5870 3327 5925 szepe
3349 5858 3401 5911 in
3429 5872 3550 5912 eum
3570 5860 3664 5914 oh-

2063 5931 2197 5989 tinet
2218 5932 2583 6007 dominatum;
2602 5947 2656 5996 et
2682 5935 2785 5998 hoc
2807 5948 2890 5999 est
2911 5956 3045 6014 opus
3072 5943 3169 6004 Dei
3195 5946 3493 6019 sapientizc.
3520 5947 3665 6003 Deus
