4092 6496
465 452 528 505 91
1195 441 1251 498 S.
1290 437 1564 496 JOANNIS
1602 432 2069 492 CllRYSOSTOMl
2112 433 2428 489 ARCIHEP.
2465 433 2998 491 CONSTANTINOP.
3689 432 3756 488 93

467 566 631 622 debet
658 579 779 621 esse
811 563 956 619 omni
979 577 1045 617 ex
1074 568 1224 629 parte
1256 556 1552 619 sufficiens,
1591 555 1678 610 hic
1714 570 1844 611 vero
1880 552 2062 608 multis

470 657 670 727 indiget
699 675 714 710 :
746 656 846 709 hoc
869 663 1046 708 autem
1071 667 1176 705 non
1195 659 1277 704 est
1303 650 1415 704 Dei.
1441 651 1578 703 Aere
1605 647 1747 703 enim
1773 646 1972 715 indiget
1996 644 2060 698 ad

473 749 781 814 lueenduut,
815 761 987 816 eoque
1016 744 1234 807 subtili;
1270 757 1392 797 nam
1425 742 1512 812 qui
1544 748 1629 795 est
1648 739 1802 794 valde
1823 751 2058 800 crassus,

470 856 576 896 non
605 839 732 895 sinit
755 837 980 892 transire
1002 834 1207 889 radium
1235 855 1248 889 :
1279 849 1415 904 aqua
1438 834 1598 887 etiam
1623 830 1844 900 indiget,
1869 839 1925 884 et
1950 829 2057 882 alio

468 933 610 1005 quod
636 947 757 988 enm
787 931 1061 986 contineat
1091 945 1159 984 ne
1188 927 1490 982 comburat.
1518 925 1650 979 Nam
1681 923 1781 978 nisi
1813 923 1986 976 fontes
2007 929 2062 976 et

470 1025 618 1080 lacus
654 1031 709 1078 et
738 1021 880 1076 fluvii
911 1029 966 1075 et
1010 1021 1179 1074 maria
1222 1028 1277 1074 et
1321 1027 1516 1072 caatera
1559 1015 1738 1071 omnia
1779 1012 2058 1067 humorem

467 1116 754 1186 quemdam
799 1115 1193 1170 constituerent
1241 1127 1338 1181 per
1379 1125 1638 1180 vaporum
1682 1107 2056 1171 emissionem,

469 1209 600 1263 nihil
618 1216 823 1264 vetaret
839 1207 1126 1277 quominus
1144 1207 1322 1260 omnia
1343 1205 1700 1274 ignescerent.
1726 1199 1888 1254 Vides
1908 1214 2058 1268 ergo,

471 1300 663 1368 inquit,
691 1299 831 1369 quod
859 1298 992 1353 deus
1012 1298 1121 1352 sit?
1147 1297 1190 1352 Ο
1219 1295 1510 1350 insaniam!
1543 1309 1576 1347 ο
1602 1308 1712 1347 rem
1741 1290 2020 1346 ridiculam
2045 1290 2057 1343 !

469 1389 732 1456 Quoniam
763 1397 959 1459 potest,
993 1387 1183 1457 inquit,
1216 1386 1430 1448 laedere,
1457 1385 1590 1440 deus
1623 1392 1722 1438 est.
1759 1382 1915 1451 Atqui
1941 1395 2062 1451 pro-

470 1490 592 1551 pter
621 1480 723 1535 hoc
751 1495 856 1534 non
887 1488 973 1535 est
997 1479 1158 1542 deus,
1195 1477 1314 1548 quia
1357 1477 1408 1531 in
1439 1477 1502 1529 iis
1522 1517 1537 1541 ,
1574 1475 1627 1529 in
1659 1473 1853 1544 quibus
1883 1472 2058 1536 laedit,

472 1574 622 1629 nullo
653 1573 888 1644 indiget;
937 1574 988 1627 in
1019 1572 1210 1642 quibus
1243 1579 1418 1624 autent
1450 1569 1689 1638 prodest,
1724 1566 1910 1621 multis
1944 1565 2062 1619 aliis

474 1665 635 1721 habet
670 1680 844 1735 opus:
875 1680 905 1719 a
940 1665 1048 1720 Deo
1089 1673 1271 1719 autem
1313 1663 1508 1717 lazdere
1537 1661 1751 1732 quidem
1780 1669 1864 1713 est
1888 1672 2062 1713 remo-

473 1768 620 1822 tttm,
655 1757 909 1827 prodesse
949 1767 1127 1812 autem
1170 1767 1251 1811 est
1294 1755 1412 1825 ejus
1445 1752 1738 1823 proprium.
1770 1749 1904 1805 Cum
1934 1763 2064 1819 ergo

473 1851 541 1904 sit
569 1850 619 1904 id
636 1849 778 1920 quod
801 1858 882 1903 est
905 1849 1257 1912 contrarium,
1281 1845 1551 1917 quomodo
1571 1845 1744 1899 deus?
1773 1842 1886 1897 Non
1913 1840 2064 1895 vides

470 1940 612 2010 quod
639 1949 897 1995 venenata
938 1941 1225 2010 pharmaca
1263 1954 1384 2008 quae
1425 1945 1652 1993 mortem
1697 1932 1928 1990 aﬂerunt
1967 1933 2062 1987 lae-

471 2032 624 2097 dunt,
650 2040 704 2087 et
735 2032 882 2085 nullo
907 2031 1174 2101 indigent;
1207 2030 1422 2100 quando
1447 2037 1624 2084 autem
1647 2037 1900 2097 prosunt,
1926 2025 2063 2080 mul-

472 2125 540 2180 tis
567 2125 762 2194 egent?
793 2125 1015 2194 Propter
1043 2133 1094 2179 te
1123 2138 1250 2193 ergo
1278 2132 1359 2178 est
1392 2122 1532 2188 talis,
1564 2131 1619 2176 et
1645 2118 1867 2189 pulcher
1893 2127 1946 2172 et
1973 2118 2063 2170 im-

473 2215 700 2270 becillus
724 2234 738 2270 :
765 2215 1007 2286 pulcher,
1037 2225 1093 2269 ut
1115 2229 1374 2284 agnoscas
1397 2212 1715 2267 Dominum:
1742 2209 2061 2276 imbecillus,

473 2326 542 2363 ne
568 2325 688 2363 eum
718 2309 867 2364 dicas
892 2324 1013 2367 esse
1039 2309 1338 2363 dominum.
1370 2307 1439 2361 At
1470 2306 1657 2370 ntttrit,
1691 2305 1882 2375 inquit,
1917 2303 2066 2370 plan-

475 2411 557 2454 tas
582 2410 638 2454 et
664 2400 909 2456 semina?
938 2401 1075 2468 Quid
1107 2415 1256 2464 vero,
1290 2415 1416 2453 num
1449 2398 1570 2452 ideo
1609 2412 1822 2467 quoque
1857 2405 2064 2450 stercus

475 2502 558 2546 est
584 2492 756 2548 deus?
788 2508 910 2546 nam
942 2493 1070 2547 illttd
1101 2508 1315 2562 quoque
1345 2493 1530 2546 nutrit.
1571 2491 1679 2545 Cur
1715 2507 1820 2544 non
1851 2489 2065 2543 additur

475 2582 602 2647 falx,
633 2593 686 2638 ct
717 2599 906 2638 manus
934 2585 1217 2654 agricolae?
1243 2583 1478 2639 Ostende
1502 2583 1633 2638 mihi
1664 2583 1830 2637 solent
1859 2583 2064 2636 nutrire

474 2675 670 2741 solum,
699 2687 753 2730 et
781 2692 886 2731 non
909 2692 1069 2746 egere
1093 2691 1265 2745 neque
1293 2683 1455 2740 terra,
1490 2691 1590 2730 nec
1619 2689 1776 2745 aqua,
1802 2689 1901 2728 nec
1925 2674 2065 2742 agri-

473 2768 730 2822 cultura:
775 2767 868 2822 sed
912 2767 1179 2838 jaciantur
1225 2768 1471 2833 semina,
1523 2777 1575 2822 et
1624 2767 1865 2821 immisso
1915 2767 2064 2820 radio

472 2859 721 2916 ostendat
748 2861 942 2929 spicas.
984 2860 1041 2915 Si
1080 2870 1258 2914 autem
1292 2875 1398 2914 non
1445 2867 1530 2914 est
1573 2858 1690 2927 ejus
1729 2859 1928 2922 solius,
1967 2859 2062 2912 sed

471 2953 633 3006 etiam
662 2952 908 3007 imbrittm
931 2992 947 3018 ,
979 2967 1077 3006 cur
1105 2968 1209 3007 non
1238 2967 1374 3022 aqua
1403 2968 1618 3023 quoque
1643 2961 1726 3005 est
1751 2953 1923 3006 deus?
1957 2951 2062 3007 Sed

477 3045 712 3100 nondum
737 3045 804 3100 de
828 3044 930 3100 hoc
957 3045 1151 3114 agitur.
1174 3045 1285 3099 Cur
1307 3061 1410 3099 non
1433 3045 1594 3098 etiam
1623 3052 1764 3098 terra
1787 3052 1872 3098 est
1899 3047 2063 3098 deus?

472 3152 571 3190 cur
601 3153 707 3191 non
747 3147 802 3191 et
840 3147 1084 3200 stercus,
1131 3145 1186 3192 et
1227 3136 1368 3206 ligo?
1402 3137 1525 3190 llazc
1553 3151 1681 3204 ergo
1719 3137 1894 3190 omnia
1918 3178 1932 3201 ,
1977 3137 2064 3191 die

476 3227 628 3293 mihi,
659 3228 1036 3284 adorabimus?
1065 3227 1110 3284 Ο
1136 3243 1303 3299 nugas
1331 3238 1385 3283 et
1413 3228 1674 3297 ineptias!
1708 3229 1866 3298 Atqui
1896 3231 2066 3298 magis

474 3319 593 3372 sine
620 3320 734 3375 sole
771 3320 930 3376 lutet-it
965 3319 1144 3388 spica,
1174 3334 1334 3389 quam
1381 3319 1498 3373 sine
1537 3327 1677 3373 terra
1726 3328 1781 3374 et
1807 3335 1940 3389 aqua
1963 3361 1978 3385 ,
2009 3331 2066 3376 et

475 3411 672 3480 plantae
697 3417 750 3464 et
787 3409 889 3462 alia
928 3411 1110 3465 omnia
1149 3410 1416 3465 similiter.
1466 3410 1649 3480 Itaque
1694 3411 1739 3465 si
1788 3421 1928 3465 terra
1957 3428 2062 3465 non

473 3502 576 3568 sit,
617 3503 748 3558 nihil
781 3504 969 3558 horum
1009 3503 1336 3573 apparuerit.
1365 3503 1422 3559 Si
1459 3503 1580 3574 quis
1610 3513 1790 3558 autem
1830 3505 1882 3558 in
1911 3515 2063 3575 tegu-

477 3596 606 3661 lam,
634 3605 692 3650 ιιι
718 3595 914 3652 faciunt
941 3596 1096 3667 pueri
1123 3605 1178 3653 et
1205 3597 1460 3653 mulieres
1481 3639 1495 3663 ,
1529 3609 1666 3653 terra
1700 3600 1935 3653 immissa
1965 3599 2065 3653 sub

478 3696 642 3755 tecto,
675 3705 791 3743 eam
826 3691 1064 3759 posuerit
1101 3690 1270 3744 multo
1297 3698 1537 3746 stercore
1565 3692 1823 3761 repletam
1845 3733 1860 3758 ,
1891 3693 2061 3747 lmbe~

475 3781 629 3836 cillas
653 3783 868 3854 quidem
891 3824 906 3846 ,
941 3784 1148 3852 plantas
1176 3792 1354 3838 tamen
1386 3784 1513 3839 edit.
1548 3785 1730 3855 Itaque
1773 3796 1916 3840 terra
1946 3785 2066 3854 plus

476 3873 686 3929 confert
715 3883 769 3927 et
795 3883 1001 3928 stercus
1022 3916 1035 3937 ,
1065 3884 1119 3929 et
1145 3889 1204 3929 ea
1233 3875 1422 3946 magis,
1453 3891 1610 3944 quam
1643 3876 1786 3929 illum
1809 3916 1824 3939 ,
1856 3885 2068 3943 Oportet

478 3964 726 4020 adorare.
753 3964 898 4035 Opus
922 3965 1082 4020 habet
1104 3966 1238 4021 caelo
1258 3982 1324 4020 ne
1347 3977 1558 4031 noceat,
1581 3981 1716 4035 opus
1740 3966 1898 4019 habet
1917 3981 2064 4030 aere,

478 4071 615 4126 opus
643 4057 800 4112 habet
831 4057 912 4112 his
942 4059 1111 4128 aquis,
1141 4067 1407 4127 tamquam
1432 4055 1748 4126 quibusdam
1782 4056 1945 4110 frenis
1971 4070 2065 4109 co-

480 4147 790 4204 hibentibus
850 4150 967 4218 ejus
1026 4150 1216 4203 virium
1272 4149 1565 4212 ferociam,
1623 4162 1721 4201 nec
1769 4146 2067 4202 sinentibus

479 4255 694 4295 omnem
725 4241 774 4294 itt
805 4251 1006 4309 partem
1031 4242 1277 4296 emittere
1303 4239 1509 4294 radium
1539 4249 1806 4307 tamquam
1836 4238 2066 4294 ferocem

479 4347 700 4400 equum.
736 4333 828 4386 Dic
858 4347 987 4387 vero
1012 4333 1164 4397 mihi,
1193 4331 1406 4385 ubinam
1435 4339 1518 4385 est
1547 4331 1589 4383 is
1614 4332 1808 4383 noctu?
1834 4346 2068 4400 quonam

479 4422 616 4479 deus
645 4437 704 4478 es
732 4438 952 4493 peregre
993 4422 1300 4493 profectus?
1341 4438 1444 4475 non
1488 4429 1572 4475 est
1613 4423 1756 4476 enim
1803 4425 1906 4478 hoc
1939 4423 2024 4477 dei
2052 4464 2068 4488 ,

483 4531 676 4585 nempe
703 4517 898 4572 includi
930 4527 982 4570 et
1010 4517 1239 4570 termino
1264 4515 1564 4577 contineri;
1600 4517 1699 4568 hoe
1727 4516 1870 4568 enim
1897 4516 2069 4570 solum

480 4621 769 4676 corporum
799 4617 900 4662 est.
935 4607 1038 4663 Sed
1065 4615 1149 4662 est
1176 4607 1455 4677 quaedam,
1491 4606 1688 4675 inquit,
1735 4608 1786 4660 itt
1832 4608 1947 4676 ipso
1979 4623 2072 4676 po-

482 4709 668 4762 testas.
700 4711 752 4755 et
782 4707 1046 4755 movetur.
1076 4699 1193 4768 Ipsa
1208 4709 1599 4768 ergopotestas,
1627 4699 1714 4754 die
1740 4699 1889 4762 mihi,
1918 4712 2072 4757 estne

483 4791 660 4846 deus?
703 4805 801 4845 cur
844 4806 973 4859 ergo
1019 4791 1130 4858 ipsa
1174 4799 1328 4859 eget,
1377 4798 1432 4843 ct
1478 4790 1654 4860 ignem
1690 4807 1794 4845 non
1825 4793 2072 4848 cohibet?

484 4896 671 4938 rursus
705 4883 847 4936 enim
870 4882 1060 4936 eodem
1090 4881 1225 4934 redit
1257 4881 1450 4933 oratio.
1474 4881 1611 4947 Quid
1645 4898 1771 4936 vero
1797 4883 1884 4936 illa
1918 4896 2071 4953 pote—

487 4973 638 5027 stas?
661 4982 815 5027 estne
855 4972 1192 5035 illuminans,
1233 4986 1300 5024 an
1332 4986 1428 5039 per
1464 4986 1586 5026 eum
1618 4973 1880 5028 illuminat
1919 4976 2031 5045 ipsa
2053 5019 2069 5043 ,

489 5065 691 5120 nullius
737 5063 929 5120 borum
975 5062 1279 5132 particeps?
1322 5063 1414 5118 Sol
1455 5079 1585 5135 ergo
1630 5075 1713 5122 est
1753 5083 1815 5122 ea
1877 5071 2070 5139 major.

491 5154 778 5224 Quousque
807 5153 1165 5225 labyrinthum
1189 5155 1636 5224 circumagimus?

473 5301 482 5312 I
564 5248 619 5302 3.
651 5247 786 5311 Quid
821 5261 948 5300 vero
973 5260 1140 5315 aqua,
1170 5262 1273 5300 non
1307 5247 1418 5315 ipsa
1443 5263 1651 5318 quoque
1679 5250 1812 5306 deus
1840 5254 1961 5308 est?
1991 5255 2073 5308 in-

487 5341 698 5410 quittnt.
722 5340 838 5394 Hoc
874 5355 1086 5409 quoque
1110 5355 1295 5394 rursus
1324 5351 1408 5395 est
1432 5342 1710 5398 ridiculum
1743 5360 1849 5400 non
1881 5362 2075 5401 vacans

493 5430 856 5484 contentione.
890 5429 1078 5484 Nonne
1125 5439 1236 5496 est,
1282 5430 1485 5501 inquit,
1527 5434 1691 5499 deus,
1730 5451 1836 5504 quo
1862 5436 1928 5490 ad
1967 5447 2072 5491 tam

493 5523 656 5576 multa
690 5522 924 5576 utimur?
951 5522 1016 5576 Et
1053 5521 1120 5576 de
1160 5534 1300 5576 terra
1342 5539 1536 5576 rursus
1569 5525 1830 5581 similiter.
1866 5528 2072 5584 Revera

489 5615 561 5670 In
589 5615 814 5668 vanitate
861 5616 1040 5669 mentis
1069 5631 1206 5681 suae,
1237 5615 1559 5670 obscuratum
1600 5619 1835 5674 habentes
1873 5621 2075 5676 intelle-

491 5721 649 5765 ctum.
673 5707 780 5763 Sed
807 5707 921 5763 lucc
941 5723 1082 5762 nunc
1103 5707 1227 5763 dicit
1253 5708 1321 5764 de
1343 5710 1446 5763 vita
1476 5729 1489 5764 :
1521 5710 1838 5768 Scortantnr
1857 5725 1909 5769 et
1928 5715 2077 5770 adul-

493 5803 626 5855 teria
657 5800 945 5856 admittunt
985 5799 1174 5855 Graeci.
1223 5800 1411 5855 Merito
1446 5820 1460 5854 :
1495 5818 1615 5856 nam
1647 5807 1735 5873 qui
1783 5807 1915 5861 tales
1946 5809 2076 5863 deos

490 5891 592 5950 sibi
625 5892 967 5962 describunt,
1012 5900 1436 5948 censentaneum
1476 5904 1561 5949 est
1603 5911 1698 5952 eos
1744 5898 1859 5954 haec
1896 5903 2072 5956 omnia

2174 551 2352 610 facere
2383 575 2396 610 :
2427 566 2482 611 et
2523 557 2567 611 si
2615 559 2886 627 potuerint
2932 561 3203 617 hominum
3252 563 3438 619 oculos
3482 565 3753 635 effugere,

2169 645 2343 699 nullus
2372 656 2453 701 est
2482 649 2570 716 qtti
2600 649 2671 703 sit
2710 664 2805 704 eos
2832 651 3186 708 cohibiturus.
3219 653 3358 723 Quid
3385 656 3530 711 enim
3565 661 3758 726 poterit

2169 734 2219 788 id
2259 736 2398 802 quod
2440 737 2637 793 dicitur
2672 739 2742 796 de
2773 743 3171 799 resurrectione
3192 785 3206 809 ,
3240 760 3362 800 eum
3407 747 3486 801 eis
3516 747 3758 803 videatur

2167 825 2372 882 fabula?
2403 832 2469 884 At
2492 831 2632 901 quod
2661 831 2856 887 dicitur
2875 833 2943 889 de
2973 835 3038 888 iis
3063 837 3149 906 qui
3177 846 3302 890 sunt
3327 837 3468 908 apud
3501 839 3700 893 inferos
3729 844 3754 892 ἲ

2165 917 2268 972 Sed
2299 918 2415 975 hate
2441 937 2656 991 quoque
2683 935 2808 978 sunt
2838 924 3034 980 fabulae
3060 943 3072 979 :
3105 927 3223 982 vide
3245 939 3423 984 autem
3465 933 3754 1000 cogitatum

2165 1012 2481 1066 satanicum.
2511 1015 2734 1081 Quando
2765 1015 2871 1071 illis
2895 1017 3094 1072 dicitttr
3113 1019 3243 1073 deos
3263 1035 3384 1076 esse
3408 1031 3756 1089 scortatores,

2167 1118 2269 1154 non
2299 1103 2483 1158 dicunt
2509 1121 2630 1160 esse
2658 1106 2885 1173 fabulas,
2919 1109 3010 1163 sed
3039 1111 3264 1165 credunt
3292 1130 3306 1166 :
3338 1113 3551 1183 quando
3579 1124 3757 1168 autem

2167 1195 2454 1264 loquuntur
2479 1197 2547 1250 de
2587 1199 2881 1267 supplicio,
2923 1199 3095 1264 Sunt,
3129 1203 3411 1272 inquiunt,
3459 1214 3658 1273 poetae,
3706 1214 3760 1260 et

2165 1287 2342 1338 oumia
2374 1286 2701 1355 fabulantur,
2733 1299 2789 1344 ut
2817 1290 2971 1346 bona:
2997 1292 3121 1348 vitae
3148 1302 3320 1349 status
3346 1297 3490 1350 omni
3517 1312 3580 1352 ex
3609 1306 3761 1367 parte

2164 1386 2461 1432 CVCI'UIIUI'.

2238 1469 2427 1523 Contra
2471 1476 2631 1543 fatum
2669 1483 2716 1528 et
2745 1477 3223 1548 ntetempsychosin.
3252 1509 3324 1520 —-
3349 1482 3418 1534 At
3455 1481 3760 1552 philosophi

2167 1559 2508 1632 invenerunt,
2541 1565 2734 1636 inquit,
2767 1567 3020 1638 quiddam
3049 1569 3210 1638 plane
3235 1570 3570 1639 praclarum,
3599 1583 3652 1628 et
3675 1573 3763 1628 bis

2168 1655 2358 1710 melius
2399 1671 2464 1711 ac
2509 1661 2872 1728 pra-stantius.
2911 1660 3230 1727 Quomodo?
3258 1663 3350 1733 qui
3389 1663 3554 1719 fatum
3597 1666 3759 1721 indu-

2166 1757 2314 1814 cunt,
2345 1758 2399 1803 et
2424 1749 2610 1803 dicunt
2641 1752 2821 1806 omnia
2851 1753 2993 1806 nulla
3015 1754 3129 1823 geri
3160 1754 3517 1824 providentia,
3547 1767 3601 1812 et
3627 1759 3761 1812 nihil

2165 1840 2414 1909 cuiquam
2443 1856 2565 1895 esse
2602 1858 2746 1897 cura:
2765 1883 2781 1910 ,
2825 1844 2918 1899 sed
2947 1855 3198 1900 constare
3223 1849 3402 1901 omnia
3429 1863 3495 1903 ex
3525 1850 3762 1904 atomis?

2166 1933 2260 1986 sed
2309 1934 2397 2003 qui
2443 1933 2629 1989 dicunt
2672 1937 2830 1992 deum
2878 1952 2998 1992 esse
3039 1939 3276 2008 corpus?
3317 1938 3421 1995 Sed
3467 1941 3628 2012 quis?
3672 1942 3784 2009 die,

2166 2040 2350 2096 qumso
2379 2045 2393 2080 :
2422 2029 2512 2098 qui
2542 2029 2802 2085 humanas
2831 2031 3037 2085 animas
3061 2031 3261 2087 faciunt
3289 2048 3409 2088 esse
3435 2035 3674 2095 caninas,
3706 2044 3765 2090 et

2167 2119 2494 2188 persuadent
2538 2120 2845 2177 hominibus
2889 2124 3030 2192 quod
3076 2124 3292 2194 quidam
3333 2127 3620 2197 aliquando
3663 2128 3765 2183 fuit

2167 2213 2337 2275 canis,
2371 2223 2425 2268 et
2453 2214 2537 2268 leo
2561 2223 2615 2268 et
2641 2215 2844 2285 piscis?
2869 2216 3161 2286 Quousque
3187 2231 3292 2272 non
3316 2219 3542 2273 cessatis
3571 2221 3763 2290 nugari

2169 2315 2403 2361 mentem
2429 2307 2684 2362 habentes
2711 2309 3089 2363 ohscuralam?
3117 2325 3235 2363 nam
3261 2321 3317 2364 ιιι
3343 2312 3431 2380 qtti
3463 2313 3569 2366 sint
3595 2313 3645 2366 in
3676 2323 3763 2368 te-

2168 2397 2367 2464 nebris,
2387 2399 2564 2452 omnia
2583 2407 2633 2454 et
2651 2399 2835 2454 dicunt
2851 2409 2904 2454 et
2921 2400 3139 2465 faciunt,
3166 2410 3271 2456 tam
3291 2417 3411 2472 qua:
3426 2401 3492 2457 ad
3511 2402 3765 2473 dogmata

2168 2491 2437 2559 pertinent
2465 2506 2624 2560 quam
2654 2507 2774 2561 quze
2801 2492 2867 2545 ad
2902 2493 3088 2547 vitam.
3138 2493 3338 2548 Eorum
3383 2495 3524 2550 enim
3551 2511 3671 2566 qua:
3709 2497 3764 2550 itt

2167 2579 2347 2634 medio
2378 2581 2477 2635 sita
2505 2589 2632 2636 sunt
2662 2581 2795 2636 nihil
2825 2582 2967 2636 videt
2992 2582 3038 2637 is
3063 2583 3154 2652 qui
3186 2592 3271 2639 est
3299 2585 3650 2640 circumfusus
3679 2596 3766 2641 te-

2167 2671 2368 2734 nebris,
2399 2671 2493 2726 sed
2521 2687 2686 2742 saepe,
2710 2672 2824 2727 viso
2851 2674 2996 2740 tune,
3027 2674 3301 2729 existimat
3325 2687 3516 2746 sponte
3541 2687 3765 2732 enatum

2166 2771 2471 2832 serpentem
2501 2781 2514 2816 :
2546 2779 2733 2820 rursus
2753 2780 2782 2818 a
2821 2779 2949 2834 sepe
2977 2774 3240 2831 retentus,
3273 2775 3423 2836 putat
3446 2777 3540 2823 aut
3558 2767 3767 2822 daemo-

2167 2871 2290 2910 nem
2319 2857 2548 2926 aliquem
2575 2864 2668 2910 aut
2698 2856 2967 2912 hominem
2997 2871 3119 2912 eum
3151 2859 3420 2926 retinuere;
3449 2859 3766 2931 multusque

2165 2957 2248 3003 est
2276 2949 2534 3003 tumultus
2555 2990 2569 3014 ,
2615 2949 2782 3003 multa
2813 2951 3168 3020 perturbatio.
3203 2951 3482 3021 Ejusmodi
3511 2955 3764 3024 quzedam

2166 3039 2542 3094 extimescunt.
2589 3038 2890 3105 Timebunt,
2941 3040 3147 3111 inquit,
3195 3042 3282 3095 ubi
3323 3060 3424 3097 non
3469 3045 3562 3098 erit
3611 3045 3758 3100 timor

2167 3132 2344 3202 (Psal.
2377 3131 2466 3187 5‘2.
2495 3131 2550 3202 6)
2579 3149 2593 3186 :
2627 3148 2746 3202 qua:
2768 3133 2891 3203 jure
2929 3143 3108 3188 autem
3141 3135 3419 3200 timentur,
3466 3152 3572 3192 non
3619 3139 3765 3193 exti-

2168 3233 2412 3280 mescunt
2440 3243 2452 3278 :
2483 3224 2577 3280 sed
2608 3226 2745 3280 sicut
2775 3225 3006 3280 infantes
3034 3228 3222 3297 gesmti
3253 3242 3282 3282 a
3314 3230 3612 3284 nutricibus
3642 3246 3766 3285 ma-

2167 3333 2270 3372 nus
2299 3317 2514 3387 quidem
2555 3317 2608 3371 in
2643 3317 2818 3386 ignem
2859 3334 2924 3372 ex
2975 3319 3268 3390 improviso
3307 3332 3360 3376 et
3399 3321 3451 3376 in
3484 3323 3765 3378 lucernam

2167 3408 2422 3464 audacter
2449 3408 2764 3473 immittunt,
2797 3409 2968 3462 virum
2999 3419 3177 3465 autem
3207 3425 3367 3466 sacco
3394 3412 3637 3467 indutum
3669 3429 3766 3470 ex-

2168 3503 2456 3556 timescunt
2487 3519 2500 3554 :
2531 3502 2609 3556 sic
2641 3501 2728 3555 isti
2757 3516 2973 3571 quoque
3001 3501 3196 3569 Grazei,
3229 3512 3286 3557 ut
3312 3503 3402 3574 qui
3431 3504 3539 3558 sint
3570 3520 3766 3560 revera

2169 3595 2434 3657 infantes,
2484 3595 2622 3648 sicut
2647 3595 2808 3648 etiam
2839 3595 3055 3663 quidam
3087 3595 3222 3650 dixit
3249 3597 3388 3665 apud
3415 3613 3538 3664 eos,
3583 3597 3766 3656 ϐπ·ωοὶ

2168 3703 2382 3749 semper
2412 3687 2588 3755 pueri,
2621 3686 2811 3741 timent
2835 3688 3048 3758 quidem
3079 3705 3198 3758 quae
3225 3705 3330 3742 tton
3361 3699 3488 3746 sunt
3515 3704 3764 3761 peccata,

2170 3792 2226 3832 ut
2248 3777 2436 3832 sordes
2459 3777 2724 3848 corporis,
2753 3780 2948 3833 mortui
2984 3781 3162 3845 funus,
3194 3781 3392 3848 cubile,
3424 3782 3634 3837 dierum
3666 3785 3767 3841 ob-

2168 3871 2520 3938 servationes,
2543 3881 2598 3926 et
2622 3889 2739 3941 qua:
2765 3885 2888 3927 sunt
2912 3873 3216 3940 hujusmodi
3239 3891 3253 3939 ;
3287 3891 3406 3945 qua:
3433 3885 3610 3932 autem
3633 3886 3768 3933 sunt

2170 3977 2293 4016 vere
2317 3971 2564 4030 peccata,
2595 3963 2944 4033 praedicatus,
2977 3965 3327 4034 adulterium,
3356 3970 3634 4033 scortatio.
3669 3985 3768 4024 eo-

2170 4071 2288 4110 rum
2317 4057 2513 4110 nullam
2535 4058 2730 4112 habent
2751 4060 3032 4114 rationem.
3053 4061 3157 4117 Sed
3177 4062 3373 4117 videris
3395 4063 3609 4134 quidem
3633 4080 3764 4120 eum

2169 4163 2198 4200 a
2229 4149 2422 4202 mortui
2451 4159 2700 4204 contactu
2730 4151 2927 4217 lavari,
2959 4168 2987 4206 a
3021 4156 3245 4209 mortuis
3286 4166 3464 4211 autent
3508 4159 3768 4228 operibus

2171 4255 2542 4308 nequaquam;
2573 4252 2627 4296 et
2657 4259 2753 4311 pro
2790 4245 3028 4312 pecuniis
3055 4246 3272 4315 quidem
3305 4249 3528 4303 multum
3559 4265 3769 4319 ponere

2171 4333 2426 4400 studium,
2455 4334 2762 4389 existimare
2788 4347 2964 4391 autem
2991 4354 3098 4391 uno
3119 4340 3260 4408 gallo
3283 4349 3445 4394 totam
3470 4356 3588 4396 esse
3611 4358 3768 4396 cont-

2171 4426 2400 4493 pOsitam
2450 4429 2594 4481 litem
2641 4442 2703 4481 ac
2749 4431 3174 4485 controversiam
3221 4447 3236 4484 :
3285 4434 3422 4487 adeo
3474 4433 3768 4489 obscurata

2173 4531 2354 4576 mente
2374 4531 2518 4576 sunt.
2541 4523 2720 4577 Multis
2743 4525 3040 4578 terroribus
3065 4525 3216 4594 plena
3236 4537 3317 4582 est
3338 4543 3524 4582 eorum
3547 4529 3727 4582 anima
3751 4547 3767 4583 :

2173 4621 2233 4665 ut
2279 4623 2438 4682 puta,
2491 4613 2577 4667 hic
2617 4622 2709 4667 aut
2757 4614 2849 4668 ille
2891 4616 3096 4684 primus
3142 4616 3274 4670 mihi
3325 4620 3561 4673 occurrit
3601 4619 3772 4674 domo

2174 4704 2422 4768 exeunti;
2453 4704 2673 4758 omnino
2701 4705 3012 4776 contingere
3039 4718 3253 4777 oportet
3284 4710 3421 4762 mala
3453 4710 3775 4766 innumera—

2175 4794 2322 4848 bilia.
2350 4793 2504 4849 Nunc
2546 4809 2734 4848 servus
2761 4797 3126 4852 exsecrandus
3169 4797 3304 4853 dans
3347 4799 3477 4855 mihi
3512 4801 3729 4856 calceos
3754 4843 3771 4866 ,

2177 4886 2407 4956 primum
2439 4888 2676 4956 porrexit
2723 4900 2927 4957 partem
2969 4889 3277 4954 sinistram;
3326 4909 3518 4963 graves
3555 4894 3772 4964 signifi-

2176 4989 2365 5034 cantur
2393 4980 2722 5035 calamitates
2742 5023 2756 5045 ,
2790 4992 2843 5034 et
2873 4983 3235 5038 contumelia}.
3285 4985 3395 5054 Ego
3436 4987 3550 5054 ipse
3579 4987 3776 5039 exiens

2177 5073 2396 5127 sinistro
2423 5073 2582 5141 priori
2613 5074 2850 5141 processi
2885 5075 3056 5143 pede;
3090 5075 3190 5130 hoc
3207 5088 3422 5146 quoque
3451 5087 3533 5132 est
3552 5079 3773 5148 signutn

2177 5163 2560 5218 calamitatum.
2593 5164 2658 5218 Et
2701 5165 2814 5219 haec
2841 5167 3056 5235 quidem
3086 5168 3230 5223 denti
3264 5178 3387 5223 sunt
3413 5170 3550 5224 mala
3578 5187 3592 5224 :
3624 5171 3776 5224 foras

2178 5269 2355 5313 autem
2383 5272 2602 5328 egresso
2643 5257 2834 5313 dexter
2861 5259 2993 5313 mihi
3021 5261 3207 5315 oculus
3249 5262 3454 5317 inferne
3481 5263 3634 5328 salit;
3669 5265 3779 5318 hoc

2177 5359 2260 5404 est
2299 5348 2551 5403 indicium
2599 5349 2976 5419 lacrymartnn.
3021 5351 3271 5405 Mulieres
3311 5369 3524 5420 quoque
3554 5354 3777 5422 quando

2179 5447 2373 5494 sonant
2397 5438 2588 5492 calami
2615 5437 2679 5492 ad
2721 5447 2944 5492 textura:
2971 5449 3117 5494 recta
3161 5441 3299 5511 ligna
3331 5443 3495 5507 allisi,
3531 5444 3611 5498 vel
3644 5459 3775 5496 eum

2180 5531 2309 5598 ipsa:
2358 5532 2568 5600 pectine
2610 5530 3015 5598 discriminant,
3064 5533 3164 5586 hoc
3211 5548 3305 5601 pro
3349 5535 3504 5602 signo
3547 5535 3772 5589 habent.

2184 5623 2388 5678 Rursus
2412 5623 2628 5694 quando
2656 5623 2970 5693 sublegmen
3010 5625 3220 5694 pectine
3252 5629 3562 5681 concutinnt
3583 5666 3598 5688 ,
3631 5636 3685 5681 et
3719 5626 3776 5680 id

2183 5716 2382 5770 faciunt
2405 5717 2776 5771 vehementius
2800 5733 2814 5781 ;
2847 5716 3042 5773 deinde
3064 5719 3153 5788 qui
3178 5727 3302 5772 sunt
3322 5733 3550 5788 superne
3575 5720 3774 5773 calami

2180 5809 2251 5861 ob
2282 5811 2546 5862 intensum
2577 5809 2738 5863 ictum
2771 5807 2936 5862 edunt
2961 5811 3264 5876 strepitum,
3297 5809 3433 5863 allisi
3463 5809 3528 5862 ad
3564 5819 3774 5863 rectum

2183 5910 2405 5956 textura:
2431 5901 2653 5972 lignum,
2685 5901 2784 5956 hoc
2813 5900 3010 5957 habent
3041 5917 3136 5974 pro
3164 5902 3316 5972 signo
3347 5920 3359 5957 :
3397 5912 3453 5958 et
3473 5902 3576 5957 alia
3610 5903 3774 5957 innu-
