4092 6488
307 398 368 452 9|
1212 402 1276 457 IN
1318 405 1537 461 hPlST.
1578 408 1670 460 Al)
1714 407 1959 463 EI‘HES.
1996 410 2149 466 CAP.
2194 412 2280 468 IV.
2332 413 2564 468 HOMIL.
2610 414 2723 470 XII.
3538 424 3607 479 92

308 510 421 579 Οὐχ
458 509 615 581 ὁρᾷς,
653 511 736 563 ὅτι
767 511 835 565 τά
866 511 1170 585 δηλητήρια
1204 515 1475 586 φάρμακα
1509 519 1905 583 καταϐλάπτει,

308 592 405 646 καὶ
432 592 652 656 οὐδενὸς
683 595 876 661 δεῖται,
906 597 1037 649 ὅταν
1079 598 1136 649 δὲ
1174 598 1382 670 ὠφελῇ,
1418 601 1666 665 πολλῶν;
1720 604 1818 655 Διά
1854 603 1911 655 σὲ

306 675 487 727 τοίνυν
519 677 640 730 ἐστὶ
676 679 944 745 τοιοῦτος,
987 681 1082 734 καὶ
1119 684 1281 745 καλὸς
1312 686 1408 736 καὶ
1444 685 1678 756 ἀσθενής
1702 704 1715 716 ·
1749 686 1910 749 καλὸς

307 758 427 827 μὲν,
460 759 549 812 ἶνα
578 762 959 836 ἐπιγινώσκῃς
987 766 1079 818 τὸν
1106 767 1387 836 Δεσπότην
1410 786 1423 799 ·
1449 769 1683 841 ἀσθενὴς
1711 770 1789 835 δὲ,
1822 771 1908 823 ἵνα

307 842 381 912 μὴ
403 845 689 915 Δεσπότην
722 848 887 899 αὐτὸν
916 844 1056 902 εἶναι
1091 850 1277 921 λέγῃς.
1319 851 1477 904 Ἀλλὰ
1505 853 1717 923 τρέφει,
1750 853 1907 924 φησι,

302 928 369 979 τὰ
396 928 544 996 φυτά
571 931 669 982 καὶ
694 930 766 983 τὰ
790 932 1107 1003 σπέρματα.
1140 934 1205 986 Τί
1233 931 1328 987 οῦν
1356 935 1429 1006 μὴ
1454 937 1606 1006 παρὰ
1634 936 1793 989 τοῦτο
1815 938 1909 989 καὶ

304 1015 335 1082 ἡ
369 1014 580 1084 κόπρος
632 1016 793 1081 θεός;
844 1017 941 1070 καὶ
985 1019 1094 1089 γὰρ
1139 1020 1232 1071 καὶ
1262 1020 1444 1091 ἐκείνη
1480 1022 1693 1091 τρέφει.
1730 1022 1795 1074 Τί
1832 1021 1907 1092 μὴ

306 1099 451 1168 παρά
477 1098 639 1152 τοῦτο
661 1100 755 1152 καὶ
784 1100 845 1153 τὸ
871 1101 1160 1173 δρέπανον,
1194 1103 1288 1155 καὶ
1315 1105 1368 1156 αἱ
1392 1104 1486 1156 τοῦ
1525 1105 1772 1176 γεωργοῦ
1798 1108 1906 1175 χεῖο

303 1200 426 1253 ρες;
465 1185 654 1251 Δεῖξόν
698 1204 790 1256 μοι
828 1186 993 1257 μόνον
1033 1188 1302 1258 τρέφοντα
1339 1188 1429 1241 τὸν
1462 1189 1634 1259 ἥλιον,
1672 1191 1764 1243 καὶ
1802 1209 1905 1261 μη-

299 1268 447 1331 δενὸς
476 1269 763 1340 δεόμενον,
795 1271 936 1341 μήτε
964 1270 1088 1339 γῆς,
1127 1273 1266 1342 μήτε
1305 1270 1518 1334 ὓδατος,
1555 1274 1693 1342 μήτε
1730 1290 1903 1345 γεωρ-

298 1351 421 1418 γίας
443 1369 459 1384 ·
496 1353 638 1406 ἀλλά
669 1354 953 1422 βαλλέσθω
994 1354 1063 1408 τὰ
1100 1356 1416 1426 σπέρματα,
1454 1358 1551 1410 καὶ
1578 1356 1678 1428 τὴν
1709 1358 1903 1410 ἀκτῖνα

293 1435 457 1503 ἀφεὶς
484 1436 756 1490 δεικνύτω
786 1438 916 1501 τοὺς
948 1438 1250 1508 ἀστάχυας.
1288 1440 1349 1493 Et
1386 1440 1443 1494 δὲ
1479 1442 1579 1494 οὑκ
1606 1440 1771 1495 αὑτοῦ
1804 1442 1901 1513 μό-

292 1537 409 1584 νου,
451 1520 592 1576 ἀλλά
649 1524 745 1575 καὶ
785 1522 897 1575 τῶν
940 1523 1112 1577 ὑετῶν
1155 1527 1291 1589 ἐστι,
1342 1525 1433 1580 διὰ
1479 1525 1533 1579 τί
1576 1526 1651 1597 μὴ
1702 1527 1797 1579 καὶ
1842 1526 1902 1579 τὸ

294 1605 444 1676 ὕδωρ
475 1606 633 1671 θεός;
678 1607 845 1660 Ἀλλά
882 1609 1051 1680 μήπω
1078 1609 1207 1680 περὶ
1238 1608 1452 1663 τούτου.
1496 1610 1595 1663 Διά
1617 1610 1669 1663 τί
1701 1610 1776 1682 μὴ
1806 1610 1900 1664 καὶ

293 1692 327 1760 ἡ
351 1690 427 1759 Υῆ
458 1690 616 1758 θεάςὲ
652 1691 743 1744 διὰ
772 1692 827 1745 τί
856 1693 933 1762 μὴ
967 1693 1060 1746 καὶ
1087 1694 1120 1765 ἡ
1154 1693 1381 1764 κόπρος.
1409 1694 1503 1747 καὶ
1534 1696 1566 1765 ὴ
1593 1694 1811 1747 δίκελλα
1831 1708 1855 1734 υ
1883 1709 1896 1757 ;

291 1776 485 1829 Πάντα
531 1775 648 1840 οὖν,
686 1778 813 1831 εἰπέ
866 1795 995 1847 μοι,
1036 1779 1524 1849 προσκυνήσομενς
1575 1780 1639 1830 Ὢ
1664 1778 1762 1849 τῆς
1803 1776 1900 1848 λη-

295 1860 526 1931 ρωδίαςί
563 1862 759 1915 Καίτοι
798 1862 1003 1932 μᾶλλον
1030 1862 1161 1917 ἄνευ
1196 1862 1348 1933 ἡλίου
1383 1862 1598 1931 γένοιτο
1631 1862 1895 1932 ἄσταχυς,

294 1946 329 2013 ἢ
348 1944 479 1999 ἀνευ
506 1948 613 2016 γῆς
630 1950 728 2001 καὶ
760 1947 977 2012 ὓδατος,
998 1948 1095 2001 καὶ
1112 1947 1257 2016 φυτά
1284 1949 1381 2001 καὶ
1402 1947 1471 2001 τά
1492 1948 1627 2003 ἀλλα
1654 1948 1892 2004 ᾶπαντα.

302 2029 411 2098 Γῆς
430 2029 527 2099 μὲν
542 2026 638 2085 οῦν
657 2033 758 2085 οὑκ
779 2031 972 2102 οθσης,
991 2032 1092 2084 οὑκ
1112 2031 1177 2085 ἀν
1205 2049 1335 2085 ποτε
1354 2031 1564 2084 τούτων
1582 2049 1636 2085 τι
1658 2032 1855 2102 φανείη
1878 2048 1892 2063 ·

298 2114 347 2165 εί
373 2112 430 2165 δέ
476 2131 558 2177 τις
595 2117 654 2167 ἐν
702 2116 980 2185 κεραμίῳ,
1028 2111 1117 2168 οἶα
1149 2115 1215 2167 τὰ
1246 2115 1437 2169 παιδία
1468 2114 1685 2169 ποιοῦσι
1715 2115 1810 2168 καὶ
1837 2116 1893 2168 αἱ

295 2200 577 2263 γυναῖκες.
620 2201 727 2270 γῆν
766 2199 1190 2270 ἑναποθέμενος,
1226 2198 1333 2252 ὑπὸ
1361 2199 1453 2251 τὸν
1486 2198 1683 2268 ὄροφον
1720 2198 1893 2252 κατά-

292 2280 462 2343 θοιτο,
507 2282 756 2354 κέραμον
811 2283 1099 2355 ἐμπλήσας
1144 2283 1355 2354 κόπρου
1410 2284 1635 2354 πολλῆς,
1691 2282 1892 2352 ἀσθενῆ

286 2365 413 2434 μὲν,
461 2366 774 2420 ἀναδίδοται
810 2366 868 2419 δὲ
908 2367 1057 2436 ὅμως
1099 2366 1168 2420 τὰ
1201 2367 1365 2435 φυτά.
1416 2368 1579 2420 ’Ὠστε
1621 2366 1823 2420 πλείων
1855 2367 1889 2435 ή

284 2450 441 2520 παρά
472 2451 577 2521 τῆς
610 2450 713 2521 γῆς
745 2452 843 2505 καὶ
880 2452 983 2521 τῆς
1010 2453 1218 2522 κόπρου
1253 2451 1554 2517 συντέλεια,
1599 2450 1892 2505 καὶταῦτα

280 2533 406 2607 [9'5]
438 2536 645 2605 μᾶλλον
671 2536 884 2590 ἐκείνου
913 2537 1019 2607 χρὴ
1048 2538 1399 2607 προσκυνεῖν.
1422 2536 1670 2607 Οὐρανοῦ
1694 2536 1888 2599 δεῖται,

273 2618 450 2691 ἀέρος
492 2620 689 2678 δεῖται.
742 2620 957 2673 ὑδάτων
998 2619 1168 2672 δεῖται
1196 2619 1425 2683 τούτων,
1468 2620 1610 2674 ὥστε
1644 2621 1720 2691 μὴ
1764 2619 1890 2689 βλά-

274 2720 441 2756 πτειν
478 2702 735 2775 καθάπερ
770 2703 1006 2774 χαλινῶν
1056 2703 1403 2772 κατεχόντων
1443 2704 1608 2756 αὑτοῦ
1650 2703 1748 2773 τὴν
1791 2704 1891 2772 τῆς

270 2786 575 2857 δυνάμεως
627 2787 953 2859 ἀγριότητα,
1018 2788 1114 2840 καὶ
1167 2789 1269 2841 οὑκ
1325 2786 1542 2841 ἐώντων
1595 2789 1888 2855 ἐπαφεῖναι

270 2871 571 2942 πανταχοῦ
618 2872 717 2943 τὴν
763 2873 983 2937 ἀκτῖνα,
1034 2870 1225 2942 ὥσπερ
1277 2874 1399 2925 τινά
1457 2872 1623 2925 ἵππον
1672 2870 1886 2941 ἄγριον.

270 2955 420 3009 Εἰπὲ
449 2955 517 3024 δή
554 2973 667 3026 μοι,
699 2955 804 3009 ποῦ
834 2958 967 3027 ἡμῖν
1004 2957 1155 3009 ἐστιν
1183 2948 1339 3019 οὗτος
1373 2956 1513 3009 κατά
1550 2956 1651 3027 τὴν
1679 2955 1886 3021 νύκτας

268 3040 384 3094 ποῦ
407 3043 435 3094 0
461 3039 586 3105 θεὸς
608 3041 841 3111 ἀποδεδή
853 3056 1061 3110 μηκεν;
1090 3040 1150 3093 οὑ
1175 3041 1285 3110 γάρ
1312 3038 1436 3093 θεοῦ
1458 3039 1620 3095 τοῦτο
1644 3040 1707 3093 τὸ
1729 3058 1887 3112 περιο

269 3124 563 3178 κλείεσθαι
615 3125 711 3178 καὶ
765 3123 1138 3195 περατοῦσθαι
1180 3140 1194 3153 '
1255 3125 1528 3193 σωμάτων
1571 3125 1679 3197 γὰρ
1718 3125 1889 3190 ὅντως

274 3210 441 3264 τοῦτο
485 3209 668 3281 μόνον.
722 3209 889 3263 Ἀλλά
930 3208 1024 3262 καὶ
1057 3208 1292 3278 δύναμίς
1321 3210 1405 3274 τίς
1436 3210 1588 3265 ἐστιν
1626 3213 1684 3264 ἐν
1715 3210 1885 3284 αὑτῷ,

280 3296 438 3365 φησι,
482 3296 581 3347 καὶ
616 3296 872 3347 κινεῖται.
915 3292 1062 3365 Αὕτη
1108 3290 1202 3347 οὖν
1250 3297 1283 3365 ὴ
1315 3294 1568 3366 δύναμις,
1612 3296 1735 3350 εἰπὲ
1774 3315 1887 3369 μοι,

282 3379 433 3443 θεός;
482 3379 537 3431 τί
568 3375 664 3431 οῦν
697 3377 842 3448 αῦτη
893 3378 1090 3440 δεῖται,
1130 3378 1225 3431 καὶ
1276 3378 1351 3449 μὴ
1393 3380 1615 3451 κατέχει
1646 3382 1707 3433 τὸ
1734 3381 1884 3451 πῦρ;

283 3465 445 3518 πάλιν
471 3463 583 3535 γὰρ
614 3465 642 3516 0
663 3462 828 3525 αὑτός
864 3479 954 3533 μοι
982 3462 1163 3531 λόγος.
1190 3462 1255 3514 Τί
1276 3464 1331 3516 δὲ
1354 3465 1387 3534 ἡ
1416 3464 1646 3535 δύναμις
1669 3465 1886 3536 ἐκείνη;

280 3553 589 3619 φωτιστική
634 3546 764 3621 τί[ς]
808 3550 978 3610 ἐστιν,
1023 3547 1179 3617 ἢδιά
1219 3548 1412 3602 τούτου
1467 3550 1716 3617 φωτίζει,
1749 3551 1887 3620 αὑτὴ

283 3636 590 3705 μετέχουσα
615 3632 821 3686 τούτων
867 3632 1131 3703 μηδενός;
1168 3632 1379 3686 Οὐκοῦν
1415 3632 1617 3703 μείζων
1645 3635 1820 3706 αὑτῆς
1861 3636 1891 3688 ό

277 3723 449 3792 ἥλιος.
490 3719 673 3791 Μέχρι
708 3720 857 3782 τίνος
885 3719 1243 3790 ἀνελίττομεν
1274 3719 1637 3791 λαϐύρινθονς

347 3839 504 3907 γ’.Τί
525 3838 584 3892 δὲ
606 3839 666 3892 τὸ
698 3838 848 3909 ὕδωρ
873 3856 888 3903 ;
930 3839 1052 3909 οὑχὶ
1075 3838 1169 3893 καὶ
1193 3839 1324 3893 αὑτὸ
1356 3840 1497 3903 θεὸς,
1524 3841 1692 3909 φασί;
1718 3842 1889 3897 Τοῦτο

274 3924 450 3987 ὄντως
488 3923 731 3991 γέλωτος
759 3924 923 3977 πάλιν
964 3923 1293 3992 φιλονείκου.
1336 3925 1475 3994 Οὑχὶ
1514 3924 1657 3988 θεὸς,
1698 3928 1885 3997 φησιν,

270 4002 321 4076 ᾦ
349 4009 494 4079 πρὸς
516 4008 757 4061 τοσαῦτα
786 4007 1139 4079 κεχρήμεθα;
1178 4008 1286 4061 Καὶ
1316 4008 1563 4079 περὶτῆς
1594 4010 1698 4079 γῆς
1723 4010 1887 4065 πάλιν

272 4095 505 4165 ὁμοίιος.
546 4095 781 4157 Ὄντως,
835 4094 933 4146 Ἐν
958 4092 1309 4162 ματαιότητι
1351 4093 1459 4147 τοῦ
1488 4094 1633 4160 νοὸς
1663 4094 1882 4159 αὐτῶν,

273 4178 713 4248 ἐσκοτισμένοι
747 4177 867 4244 τὴν
890 4175 1188 4232 διάνοιαν.
1226 4176 1388 4230 Ἀλλά
1414 4194 1481 4229 πε
1492 4178 1545 4248 ρὶ
1570 4176 1689 4246 βίου
1712 4179 1887 4232 ταῦτά

274 4280 413 4333 φησι
444 4262 543 4316 νῦν
568 4280 583 4294 ο
614 4262 949 4333 Πορνεύουσι
992 4263 1087 4314 καὶ
1116 4260 1459 4331 μοιχεύουσιν
1486 4260 1767 4332 Ἕλληνες.
1796 4264 1887 4317 El-

276 4350 458 4413 κότως
477 4365 490 4378 ·
515 4348 566 4401 οί
586 4348 696 4417 γὰρ
721 4345 1001 4407 τοιούτους
1022 4345 1439 4414 ὑπογράφοντες
1465 4345 1681 4409 ἑαυτοῖς
1704 4344 1882 4412 θεοὺς,

274 4432 464 4486 πάντα
490 4431 809 4494 ἀκολούθως
839 4430 1168 4501 ἐργάζονται
1188 4446 1203 4462 ο
1235 4428 1338 4482 κᾶν
1366 4430 1495 4489 τοὺς
1532 4429 1640 4482 τῶν
1672 4430 1884 4501 ἀνθρώ-

274 4535 400 4570 πων
436 4515 711 4584 δυνηθῶσι
756 4514 943 4568 λαθεῖν
976 4512 1317 4582 ὀφθαλμοὺς,
1353 4511 1528 4575 οὐδεὶς
1574 4513 1603 4565 0
1634 4512 1883 4579 καθέξων

272 4598 501 4664 αὑτούς.
521 4600 603 4668 ,Τί
633 4600 742 4669 γὰρ
771 4598 1065 4666 δυνήσεται
1091 4596 1120 4649 0
1156 4596 1286 4666 περὶ
1314 4596 1669 4661 ἀναστάσεως
1700 4597 1879 4665 λόγος,

274 4684 451 4755 μῦθος
477 4683 665 4746 αὑτοῖς
700 4678 844 4736 εἶναι
875 4681 1082 4745 δοκῶν;
1132 4680 1295 4733 Ἀλλά
1331 4680 1462 4752 περὶ
1488 4680 1598 4735 τῶν
1629 4683 1686 4733 ἐν
1712 4681 1878 4752 ᾆδους

290 4770 459 4822 Ἀλλά
496 4769 595 4822 καὶ
623 4768 798 4822 ταῦτα
826 4766 989 4838 μῦθοι
1017 4784 1030 4799 ο
1072 4767 1167 4819 καὶ
1196 4764 1294 4818 θέα
1321 4766 1423 4835 τὴν
1459 4767 1759 4837 σατανικὴν
1789 4767 1880 4820 έν-

275 4872 453 4909 νοιαν.
491 4853 663 4906 Ὅταν
706 4852 807 4921 μὲν
852 4850 1086 4917 λέγωσιν
1122 4848 1306 4911 αὑτοῖς
1335 4848 1494 4911 θεοὺς
1533 4848 1787 4919 πόρνους,
1817 4851 1879 4903 οῦ

276 4954 448 5007 φασιν
476 4933 621 4990 εἶναι
648 4934 875 5005 μύθους,
904 4932 1041 4986 ἀλλά
1059 4932 1341 4985 πείθονται
1364 4948 1377 4961 ·
1402 4931 1529 4985 ὅταν
1559 4932 1616 4985 δὲ
1644 4934 1772 5003 περὶ
1797 4951 1881 4987 κο-

274 5022 493 5083 λάσεως
517 5018 905 5087 διαλέγωνται,
931 5015 1187 5087 Ποιηταὶ,
1207 5016 1397 5085 φασὶν,
1428 5016 1558 5081 εἰσὶ,
1584 5018 1677 5069 καὶ
1704 5017 1880 5070 πάντα

276 5105 635 5177 μυθεύουσιν,
674 5104 761 5156 ἴνα
800 5102 1067 5156 πάντοθεν
1106 5100 1481 5170 ἀνατρέπηται
1510 5100 1610 5170 τῆς
1648 5100 1881 5165 εὑζωῖας

273 5194 307 5261 ἡ
352 5190 716 5251 κατάστασις.

358 5301 505 5355 Ἀλλ’
531 5302 582 5354 οἱ
616 5300 922 5370 φιλόσοφοι,
951 5299 1140 5368 φησὶν,
1173 5297 1402 5367 ἐφεῦρόν
1429 5315 1483 5351 τι
1516 5297 1715 5367 σεμνὸν
1743 5297 1882 5350 πάν-

273 5404 405 5451 τως,
439 5386 537 5440 καὶ
578 5384 788 5438 τούτων
819 5386 1085 5454 κρεῖττον,
1129 5383 1251 5447 Πῶς
1280 5400 1293 5448 ;
1325 5384 1372 5434 οἱ
1397 5382 1496 5452 τὴν
1535 5382 1879 5453 εἱμαρμένην

274 5471 692 5540 ἐπεισάγοντες,
716 5470 811 5523 καὶ
829 5468 1141 5539 ἀπρονόητα
1160 5464 1300 5521 εἶναι
1317 5466 1567 5535 λέγοντες
1585 5467 1651 5519 τὰ
1676 5468 1875 5533 πάντα,

276 5556 373 5610 καὶ
434 5556 634 5625 μηδενὶ
670 5552 857 5622 μέλειν
884 5552 911 5591 ι)
948 5550 1199 5621 μηδενὸς,
1232 5550 1349 5604 ἀλλ’
1380 5548 1440 5614 ἐξ
1472 5549 1693 5619 ἀτόμων
1752 5568 1875 5603 συνο

578 5638 687 5656 δεῖν

344 5827 361 5846 ⁸
382 5824 593 5883 Quidam
618 5834 737 5869 mea.
769 5818 951 5869 habent
977 5821 1207 5883 μάκελλα.

335 5886 364 5926 1»
390 5888 475 5937 Sic
502 5899 622 5936 mss.
655 5885 806 5944 llam,
832 5886 1033 5945 μέλλειν,
1063 5884 1190 5932 male

2015 523 2179 588 τίνες,
2217 526 2337 579 εἰπέ
2390 545 2511 598 μοις
2553 528 2602 581 οἱ
2640 530 2737 592 τὰς
2771 530 3120 601 ἀνθρωπίνας
3163 530 3341 603 ψυχάς
3386 535 3605 599 κυνείας

2015 607 2320 673 ποιοῦντες,
2361 613 2457 664 καὶ
2494 614 2620 675 τοὺς
2664 612 2989 685 ἀνθρώπους
3040 615 3341 681 πείθοντες.
3383 617 3465 669 ὅτι
3514 622 3604 673 καὶ

2013 688 2162 773 κύων
2204 693 2424 759 ἐγένετό
2463 696 2595 748 ποτέ
2634 713 2737 760 τις,
2771 699 2865 750 καὶ
2900 698 3038 752 λέων
3069 701 3163 753 καὶ
3197 699 3384 770 ίχθύς;
3424 702 3605 773 Μέχρι

2012 772 2155 837 τίνος
2205 776 2267 829 οὑ
2318 776 2558 831 παύεσθε
2594 778 2911 850 ληροῦντες,
2949 782 3328 853 ἐσκοτισμένοι
3376 787 3443 855 τῇ
3490 785 3605 838 δια-

2012 860 2157 930 νοίᾳ;
2208 861 2462 934 καθάπερ
2498 863 2608 933 γὰρ
2648 864 2802 929 ὄντες
2832 868 2890 919 ἐν
2944 869 3122 939 σκότῳ
3165 870 3345 923 πάντα
3378 870 3472 922 καὶ
3518 870 3606 923 λέ-

2011 958 2168 1008 γουσι
2199 945 2295 996 καὶ
2326 946 2646 1016 πράττουσι,
2694 950 2789 1002 καὶ
2834 950 2903 1002 τὰ
2933 951 3060 1020 περὶ
3089 951 3377 1021 δογμάτων
3409 952 3504 1005 καὶ
3534 954 3603 1005 τά

2012 1022 2140 1093 περὶ
2169 1022 2305 1093 βίου.
2341 1024 2508 1077 Οὐδὲν
2536 1026 2642 1097 γὰρ
2673 1028 2776 1098 ὁρᾷ
2804 1028 2911 1081 τῶν
2941 1030 2999 1081 ἐν
3038 1030 3188 1099 μέσῳ
3214 1032 3510 1100 κειμένων,
3544 1031 3601 1094 ὃς

2008 1108 2158 1160 ἐστιν
2214 1110 2622 1180 ἐσκοτισμένος,
2665 1112 2800 1164 ἀλλὰ
2851 1113 3084 1181 σχοινίον
3140 1114 3401 1178 πολλάκις
3451 1114 3598 1175 ίδῶν,

2007 1190 2132 1259 ὅφιν
2177 1191 2430 1259 ἐνόμισεν
2462 1194 2773 1264 αὐτόματον
2796 1212 2811 1225 ⁸
2860 1196 2965 1248 ὑπὸ
3002 1197 3262 1267 φραγμοῦ
3306 1198 3470 1251 πάλιν
3508 1217 3603 1253 κα-

2005 1274 2313 1345 τασχεθεὶς,
2346 1276 2595 1347 ἐνόμισεν
2628 1277 2916 1348 ἄνθρωπόν
2954 1297 3079 1333 τινα
3108 1280 3141 1346 ἢ
3184 1280 3411 1351 δαίμονα
3467 1300 3601 1337 κατ-

2004 1354 2152 1425 έχειν
2180 1358 2342 1412 αὑτόν
2366 1374 2379 1387 ·
2414 1359 2509 1412 καὶ
2537 1358 2705 1424 πολὺς
2736 1362 2764 1414 0
2796 1361 3047 1433 θόρυϐος,
3083 1362 3254 1434 πολλὴ
3293 1366 3327 1435 ἡ
3359 1366 3597 1436 ταραχή.

2005 1438 2245 1494 Τοιαῦτά
2276 1460 2397 1496 τινα
2425 1443 2751 1511 φοϐοῦνται·
2786 1445 3266 1515 Φοϐηθήσονται,
3309 1449 3464 1517 φησι,
3495 1452 3601 1518 φό-

2004 1525 2129 1591 ϐον,
2161 1522 2234 1581 οὗ
2268 1529 2378 1580 οὐκ
2401 1524 2481 1598 ἦν
2510 1530 2696 1598 φόϐος
2715 1546 2727 1557 ·
2758 1528 2826 1583 τὰ
2851 1530 2909 1583 δέ
2936 1530 3061 1595 ἀξια
3090 1531 3257 1601 φόϐου
3280 1532 3339 1584 οὑ
3378 1531 3492 1604 194]
3517 1534 3603 1586 δε-

2002 1607 2267 1665 δοίκασιν.
2325 1610 2488 1665 Ἀλλά
2531 1612 2787 1686 καθάπερ
2832 1614 2901 1668 τά
2953 1615 3142 1668 παιδία
3190 1614 3269 1687 τῷ
3317 1615 3416 1686 μὲν
3465 1618 3598 1686 πυρὶ

2001 1691 2101 1755 τὰς
2142 1697 2333 1764 χεῖρας
2382 1696 2775 1768 ἀπρονοήτως,
2822 1699 2918 1753 καὶ
2958 1698 3036 1769 τῷ
3078 1698 3258 1769 λύχνῳ
3306 1699 3598 1769 τολμηρῶς

2002 1776 2303 1846 ἐπαφιᾶσιν
2345 1779 2451 1833 ὑπὸ
2476 1779 2585 1833 τῶν
2621 1782 2821 1835 τιτθῶν
2857 1782 3258 1854 βασταζόμενα,
3293 1784 3499 1837 σάκκον
3536 1784 3594 1838 δὲ

2000 1859 2169 1932 ἄνδρα
2194 1861 2547 1935 ἐνδεδυμένον
2576 1864 2867 1936 φοϐοῦνται
2894 1884 2908 1897 ·
2945 1866 3089 1920 οὑτω
3138 1866 3203 1938 δὴ
3241 1869 3337 1921 καὶ
3367 1860 3514 1921 οὗτοι
3542 1869 3593 1921 οἱ

2002 1943 2301 2015 Ἕλληνες,
2355 1947 2608 2019 καθάπερ
2661 1948 2835 2012 ὄντως
2870 1950 2958 2003 ἀεὶ
3005 1950 3197 2003 παιδία
3229 1951 3328 2016 (ῶς
3373 1951 3469 2004 καί
3506 1968 3593 2016 τις

1997 2027 2106 2080 τῶν
2123 2046 2197 2082 πα
2207 2030 2253 2100 ρ’
2270 2031 2455 2096 αὑτοῖς
2473 2029 2647 2086 εἶπενο
2672 2034 2973 2102 Ἕλληνες
2994 2034 3087 2089 ἀεὶ
3110 2033 3367 2104 παῖδες),
3393 2035 3464 2088 τὰ
3494 2036 3592 2105 μὲν

1997 2112 2097 2165 οὑκ
2128 2112 2257 2167 ὄντα
2288 2116 2663 2187 ἁμαρτήματα
2695 2116 3022 2183 δεδοίκασιν,
3056 2111 3169 2171 οἷον
3202 2119 3375 2189 ῥύπον
3402 2118 3592 2185 σώμα-

1994 2212 2109 2263 τος,
2157 2198 2341 2268 κῆδος,
2390 2198 2566 2270 λέχος,
2604 2201 2700 2255 καὶ
2742 2201 2966 2273 ἡμερῶν
3013 2203 3453 2274 παρατηρήσεις,
3498 2202 3591 2255 καὶ

1995 2280 2096 2335 ὅσα
2116 2282 2343 2336 τοιαῦτα
2364 2300 2376 2313 ·
2403 2283 2439 2337 ἀ
2458 2284 2515 2337 δέ
2542 2285 2691 2339 ἐστιν
2711 2284 2884 2348 ὅντως
2903 2285 3301 2357 ἁμαρτήματα,
3330 2285 3596 2354 παιδερα.

1998 2366 2142 2430 στία,
2172 2368 2410 2440 μοιχεία,
2445 2370 2697 2441 πορνεία,
2732 2369 2940 2423 τούτων
2966 2370 3087 2423 οὑδέ
3117 2369 3275 2439 λόγον
3300 2381 3322 2409 ο
3350 2371 3587 2441 ἔχουσιν.

2007 2450 2146 2503 Ἀλλ’
2170 2446 2310 2517 ’ῖδοις
2346 2452 2412 2506 ἂν
2438 2453 2601 2506 αὑτὸν
2630 2453 2740 2507 ἀπὸ
2772 2453 2871 2525 μὲν
2906 2453 3102 2523 νεκροῦ
3134 2454 3452 2523 λουόμενον,
3480 2453 3592 2508 ἀπὸ

1993 2532 2050 2585 δὲ
2079 2533 2290 2605 νεκρῶν
2322 2535 2521 2608 ἔργων,
2554 2537 2739 2591 οὑκέτι
2760 2555 2772 2566 ·
2811 2538 2908 2591 καὶ
2936 2538 3240 2608 χρημάτων
3272 2537 3372 2608 μὲν
3400 2537 3591 2591 ἕνεκεν

1995 2619 2198 2690 πολλὴν
2241 2619 2569 2690 ποιούμενον
2618 2620 2879 2692 σπουδὴν,
2922 2621 3004 2674 ἐνὶ
3050 2621 3108 2675 δὲ
3163 2621 3488 2693 ἀλεκτρυόνι
3529 2623 3592 2675 τὸ

1993 2702 2103 2754 πᾶν
2126 2700 2473 2756 διαλελύσθαι
2508 2701 2802 2774 νομίζοντα
2827 2724 2839 2735 ·
2867 2702 3041 2767 οὑτως
3073 2706 3454 2775 ἐσκοτισμένοι
3483 2705 3591 2757 εἰσὶ

1992 2786 2055 2855 τῇ
2089 2786 2320 2857 διανοίᾳ.
2350 2785 2571 2839 Πολλῶν
2596 2786 2870 2855 δειμάτων
2906 2786 3093 2848 αὑτοῖς
3123 2788 3157 2857 ἡ
3188 2786 3336 2858 ψυχὴ
3376 2790 3577 2857 μεστή.

1991 2865 2125 2937 οἷον,
2155 2869 2214 2924 '0
2242 2870 2395 2923 δεῖνά
2415 2887 2505 2940 μοι
2538 2871 2755 2942 πρῶτος
2788 2870 3032 2941 ἐνέτυχε,
3062 2871 3462 2941 φησὶν,ἐξιόντι
3487 2870 3588 2940 τῆς

1991 2954 2169 3017 οίκίας
2194 2970 2205 2982 ·
2240 2955 2461 3018 πάντως
2495 2955 2667 3026 μυρία
2710 2955 2795 3008 δεῖ
2842 2954 2989 3007 κακά
3028 2957 3354 3026 συμπεσεῖν.
3400 2953 3515 3008 Νῦν
3562 2957 3590 3007 ὁ

1990 3036 2210 3109 οἰκέτης
2259 3040 2289 3092 0
2340 3038 2538 3109 μιαρὸς
2587 3038 2656 3092 τὰ
2701 3039 3030 3111 ὑποδήματα
3078 3039 3377 3103 ἐπιδιδοὺς,
3434 3038 3585 3107 πρῶ-

1990 3138 2081 3174 τον
2138 3121 2309 3195 ὡρεξε
2372 3123 2435 3176 τὸ
2492 3123 2821 3194 ἀριστερόνο
2884 3123 3168 3194 συμφοραὶ
3224 3124 3429 3187 δειναὶ,
3494 3121 3589 3175 καὶ

1992 3204 2198 3277 ῦσρεις.
2226 3206 2368 3277 Ἐγὼ
2382 3207 2543 3273 αὐτὸς
2562 3206 2745 3273 ἐξιὼν,
2765 3206 2844 3278 τῷ
2864 3206 3143 3280 ἀριστερῷ
3158 3208 3412 3279 προτέρῳ
3428 3206 3590 3279 προθ-

1991 3289 2093 3361 6ην
2124 3290 2282 3345 ποδί·
2314 3290 2598 3345 καὶτοῦτο
2637 3291 2936 3362 συμφορῶν
2973 3293 3223 3361 σημεῖον.
3266 3292 3376 3345 Καὶ
3413 3289 3588 3344 ταῦτα

1994 3374 2093 3443 μὲν
2131 3376 2262 3444 περὶ
2292 3376 2393 3443 τὴν
2440 3376 2620 3428 οὶκίαν
2651 3375 2722 3429 τά
2763 3375 2913 3428 κακά
2940 3392 2953 3405 ’
3002 3374 3109 3441 ἐξω
3149 3374 3208 3428 δὲ
3257 3374 3529 3441 ἐξελθόντι
3560 3378 3587 3427 0

1990 3458 2270 3529 ὀφθαλμός
2308 3476 2398 3527 μοι
2434 3460 2462 3512 0
2499 3458 2674 3523 δεξιὸς
2713 3458 2961 3512 κάτωθεν
2996 3457 3249 3529 ἀναπηδᾷ
3273 3474 3289 3490 ·
3332 3457 3584 3529 δακρύων

1990 3540 2151 3595 τοῦτο
2196 3543 2520 3613 τεκμήριον.
2548 3541 2660 3595 Καὶ
2694 3544 2750 3595 αί
2785 3544 3047 3609 γυναῖκες
3078 3541 3159 3606 δὲ,
3186 3542 3315 3595 ὅταν
3343 3541 3422 3613 τῷ
3440 3540 3581 3594 ἱστό-

1992 3624 2113 3677 ποδι
2150 3625 2667 3697 προσαρασσόμενοι
2696 3624 2965 3696 κροτῶσιν
3009 3625 3059 3676 of.
3093 3623 3351 3694 κάλαμοι,
3388 3625 3422 3695 ἢ
3454 3624 3583 3677 ὅταν

1991 3709 2156 3763 αὑταὶ
2182 3709 2261 3780 τῷ
2288 3709 2441 3762 κτενὶ
2465 3708 2739 3770 σπαθῶσι,
2778 3711 3005 3780 σημεῖον
3045 3708 3140 3761 καὶ
3174 3708 3331 3761 τοῦτο
3365 3709 3585 3761 ποιοῦν-

1989 3809 2099 3846 ται.
2134 3792 2306 3846 Πάλιν
2331 3794 2461 3846 ὅταν
2502 3792 2602 3863 τὴν
2634 3792 2842 3864 κρόκην
2872 3793 2951 3864 τῷ
2982 3792 3131 3847 κτενὶ
3175 3786 3585 3864 κατακρούωσι.

1990 3874 2088 3929 καὶ
2127 3875 2482 3947 σφοδρότερον
2528 3874 2688 3929 τοῦτο
2726 3875 3094 3946 ἐργάζωνται,
3128 3869 3251 3929 εἶτα
3285 3876 3336 3928 οί
3373 3874 3585 3929 ἀνωθεν

1990 3959 2230 4031 κάλαμοι
2273 3959 2381 4013 ὑπὸ
2420 3960 2520 4031 τῆς
2563 3960 2781 4013 ἐντόνου
2831 3959 3049 4030 πληγῆς
3115 3957 3355 4031 κροτῶσι
3415 3976 3587 4030 προσ-

1989 4043 2356 4115 αρασσόμενοι
2386 4042 2466 4114 τῷ
2503 4043 2762 4107 ἱστόποδι,
2808 4045 3038 4113 σημεῖον
3068 4043 3162 4097 καὶ
3186 4040 3346 4096 τοῦτο
3369 4042 3587 4096 ποιοῦν-

1990 4142 2111 4179 ται·
2141 4126 2235 4178 καὶ
2270 4126 2443 4197 μυρία
2484 4125 2651 4197 ἐτερα
2686 4126 2923 4194 γέλωτος
2952 4124 3102 4192 ἄξια.
3132 4126 3255 4180 Κᾶν
3289 4125 3411 4191 ὄνος
3453 4126 3585 4180 ἀναο

1988 4209 2190 4281 κράξη,
2230 4209 2333 4263 κᾶν
2364 4210 2702 4281 ἀλεκτρυὼν,
2739 4210 2843 4264 κάν
2886 4210 3071 4281 πτάρῃ
3118 4227 3223 4274 τις,
3260 4208 3363 4262 κάν
3402 4208 3584 4263 ὁτιοῦν

1989 4294 2195 4365 συμϐῇ,
2246 4294 2501 4365 καθάπερ
2536 4293 2756 4365 μυρίοις
2805 4292 3085 4363 δεδεμένοι
3116 4293 3358 4364 δεσμοῖς,
3398 4292 3581 4365 ὅπερά

1986 4378 2145 4449 ἔφην,
2188 4379 2443 4449 καθάπερ
2487 4379 2545 4431 ἐν
2602 4377 2780 4449 σκότῳ
2811 4378 3192 4448 κατεχόμενοι,
3242 4377 3423 4431 πάντα
3458 4378 3586 4431 ὑπο-

1986 4461 2267 4527 πτεύουσι,
2294 4464 2387 4515 καὶ
2413 4461 2626 4533 μυρίων
2644 4462 2783 4514 εἰσὶν
2803 4461 3154 4532 ἀνδραπόδων
3178 4459 3579 4533 δουλικώτεροι.

2000 4546 2161 4599 Ἀλλά
2214 4546 2289 4617 μὴ
2324 4548 2422 4599 καὶ
2470 4547 2633 4617 ἡμεῖς
2658 4563 2673 4576 ·
2710 4543 2850 4599 ἀλλά
2885 4545 3108 4599 πάντων
3154 4544 3363 4599 τούτων
3408 4560 3581 4600 κατα-

1986 4629 2337 4698 γελάσαντες,
2357 4630 2453 4683 ἆτε
2475 4631 2533 4682 ἐν
2554 4628 2696 4698 φωτὶ
2725 4628 2949 4694 ζῶντες,
2984 4628 3079 4682 καὶ
3106 4628 3166 4681 ἐν
3194 4627 3409 4699 οὑρανῷ
3433 4627 3585 4681 πολι-

1986 4714 2289 4785 τευόμενοι,
2318 4714 2412 4767 καὶ
2436 4713 2573 4785 πρὸς
2601 4714 2701 4785 τὴν
2732 4714 2838 4785 γῆν
2862 4713 3016 4766 οὐδὲν
3047 4712 3265 4782 ἔχοντες
3298 4712 3496 4776 κοινὸν,
3522 4711 3581 4763 ἓν

1988 4796 2149 4867 μόνον
2176 4796 2442 4868 ἡγώμεθα
2475 4792 2615 4851 εἶναι
2660 4796 2893 4869 φοϐερὸν
2924 4797 3023 4867 τὴν
3052 4795 3353 4867 ἁμαρτίαν,
3383 4795 3480 4848 καὶ
3519 4795 3581 4847 τὸ

1984 4878 2357 4952 προσκροῦσαι
2382 4880 2523 4951 Θεῷ.
2541 4879 2745 4934 Τούτου
2767 4880 2823 4933 δέ
2843 4880 2944 4934 οὑκ
2971 4879 3144 4944 ὄντος,
3169 4878 3387 4931 πάντων
3410 4893 3579 4931 κατα-

1984 4964 2305 5035 γελάσωμεν
2337 4964 2445 5017 τῶν
2480 4964 2677 5027 ἀλλων,
2714 4964 2814 5017 καὶ
2846 4963 2940 5017 τοῦ
2965 4961 3139 5017 ταῦτα
3174 4960 3580 5029 εἰσενεγκόντος

1983 5048 2254 5102 διαϐόλου.
2298 5047 2474 5118 ’Υπὲρ
2508 5047 2574 5119 δὴ
2606 5046 2815 5101 τούτων
2855 5045 3272 5117 εὑχαριστῶμεν
3307 5045 3385 5113 τῷ
3416 5044 3537 5114 Θεῷ
3560 5060 3575 5074 ⁸

1986 5132 2400 5202 σπουδάσωμεν,
2431 5131 2703 5200 μηδέποτε
2728 5132 2865 5201 μήτε
2891 5130 3048 5183 αὑτοὶ
3077 5131 3254 5203 ταύτῃ
3276 5127 3477 5182 ἁλῶναι
3506 5131 3573 5198 τῇ

1982 5214 2219 5286 δουλείᾳ,
2265 5214 2359 5267 καὶ
2391 5215 2444 5267 εἴ
2470 5231 2553 5277 τις
2588 5215 2720 5283 ἡμῖν
2751 5212 2859 5267 τῶν
2885 5212 3056 5282 φίλων
3086 5212 3317 5269 ἑάλωκε.
3347 5210 3576 5282 διαρρή-

1984 5297 2164 5369 ξωμεν
2203 5297 2367 5351 αὑτοῦ
2416 5298 2487 5351 τὰ
2518 5296 2716 5366 δεσμά,
2762 5295 3124 5367 ἀποδύσωμεν
3162 5296 3324 5349 αὑτὸν
3351 5296 3452 5367 τῆς
3483 5313 3577 5366 χα-

1979 5382 2304 5452 λεπωτάτης
2344 5383 2438 5435 καὶ
2476 5379 2889 5449 καταγελάστου
2937 5380 3144 5449 ταύτης
3178 5381 3427 5452 εἱρκτῆς,
3478 5379 3571 5432 εῦ-

1980 5466 2141 5519 λυτον
2173 5465 2336 5519 αὑτὸν
2361 5463 2729 5536 ἐργασώμεθά
2756 5464 2892 5534 πρὸς
2918 5463 3009 5516 τδν
3034 5463 3233 5535 δρόμον
3257 5464 3346 5517 τὸν
3372 5458 3455 5527 είς
3479 5464 3572 5517 τὸν

1980 5548 2227 5619 οὐρανὸν,
2277 5548 2347 5602 τά
2393 5548 2571 5620 πτερά
2632 5546 2946 5618 βαρούμενα
2996 5545 3419 5618 ἀνορθώσωμεν,
3476 5549 3573 5601 καὶ

1982 5632 2096 5704 βίου
2125 5633 2217 5686 καὶ
2236 5632 2509 5703 δόγματος
2529 5631 2715 5685 ἕνεκεν
2737 5631 3080 5701 διδάσκωμεν
3104 5632 3431 5702 φιλοσοφεῖν»
3464 5629 3571 5686 Εὑ-

2044 5823 2067 5883 °_
2096 5821 2245 5882 Marg.
2270 5820 2445 5883 Savirl.,
2473 5822 2644 5870 οὐδένα
2676 5816 2779 5883 λόγ.

2045 5880 2074 5922 δ
2105 5880 2302 5946 ιοεὶηϐ
2326 5880 2465 5943 jubél
2493 5885 2722 5943 “unicus,
2745 5880 2827 5931 καὶ
2851 5883 2986 5947 ὅπερ.
