4092 6486
318 425 385 480 93
1249 411 1310 466 Lv
1355 410 1572 466 Et‘tS’l‘.
1618 409 1710 463 so
1753 407 1994 464 El’llES.
2037 407 2192 463 car.
2237 409 2324 464 tv.
2369 411 2596 466 nomL.
2644 413 2780 469 xm.
3563 425 3628 478 οι

320 537 585 597 merabilia
632 535 790 604 digna
822 547 942 603 qua:
994 529 1291 584 rideamur.
1342 527 1483 581 Etsi
1516 526 1699 580 asinus
1742 524 1917 577 excla-

320 631 561 694 maverit,
589 637 644 683 et
673 627 716 680 si
745 625 939 695 gallus,
969 632 1023 677 et
1053 623 1096 676 si
1126 621 1248 690 quis
1277 619 1631 681 sternutavit,
1657 626 1710 670 et
1741 615 1918 684 quod-

321 725 395 779 vis
424 722 598 784 aliud,
632 729 906 788 tamquam
947 715 1131 770 decies
1176 713 1320 767 mille
1351 712 1513 766 vincti
1549 709 1778 763 vinculis
1800 749 1814 772 ,
1864 718 1920 761 ut

319 817 419 871 dixi
446 856 462 880 ,
495 825 764 884 tamquam
791 811 882 880 qui
917 817 1202 864 teneantur
1230 807 1282 859 in
1323 803 1577 868 tenebris,
1609 801 1791 854 omnia
1823 801 1918 852 ha-

319 915 438 963 bent
465 916 738 977 suspecta,
772 913 824 958 et
847 911 974 956 sunt
1004 901 1176 970 magis
1204 899 1427 953 serviles
1455 912 1616 967 quam
1640 896 1916 948 innumera

323 998 603 1068 mancipia.
635 995 744 1050 Sed
790 1009 858 1049 ne
899 1007 999 1047 nos
1027 1006 1242 1062 quoque
1283 989 1356 1043 ita
1387 1002 1607 1057 agamus
1627 1028 1642 1050 ,
1672 985 1766 1039 sed
1797 1000 1918 1038 cum

322 1096 426 1148 lucc
454 1092 637 1146 omnia
667 1089 1019 1154 irriserimus,
1053 1086 1222 1156 utqui
1255 1085 1497 1139 vivamus
1529 1082 1580 1136 in
1611 1082 1752 1146 luce,
1783 1090 1837 1135 et
1868 1081 1920 1132 in

319 1188 444 1242 (3.1th
471 1199 777 1247 versemur,
805 1191 861 1236 et
887 1195 1008 1235 cum
1037 1189 1176 1234 terra
1211 1177 1338 1231 nihil
1369 1175 1658 1229 habeamus
1680 1187 1924 1227 commu-

323 1294 418 1340 ne,
452 1292 619 1330 unum
649 1274 1024 1329 existimemus
1047 1285 1167 1326 esse
1199 1268 1435 1324 terribile
1461 1309 1474 1334 ,
1506 1280 1702 1334 nempe
1731 1278 1921 1333 pecca-

321 1381 424 1424 tum
449 1379 504 1424 et
534 1369 704 1422 Deum
732 1365 1032 1420 oﬂendere.
1066 1361 1220 1430 Quod
1251 1361 1295 1416 si
1329 1361 1430 1415 hoc
1462 1375 1567 1412 non
1595 1359 1696 1423 sit,
1741 1355 1920 1410 omnia

319 1465 416 1518 alia
443 1461 771 1517 irrideamus
792 1501 806 1524 ,
837 1467 893 1512 et
915 1457 1191 1512 diabolmn
1221 1454 1308 1524 qui
1343 1453 1457 1508 haec
1489 1451 1688 1506 intulit.
1712 1449 1817 1502 Pro
1841 1448 1925 1502 his

323 1558 426 1612 Deo
453 1571 678 1624 agamus
718 1553 950 1623 gratias;
985 1549 1219 1604 studium
1267 1560 1532 1619 ponamus
1573 1560 1640 1599 ne
1671 1557 1922 1611 umquam

323 1652 406 1705 tali
439 1649 720 1718 eapiamur
757 1647 1056 1708 servitute;
1087 1651 1141 1698 et
1183 1643 1226 1696 si
1257 1641 1378 1711 quis
1410 1655 1472 1693 ex
1505 1636 1693 1692 amicis
1725 1633 1924 1688 nostris

2030 535 2215 592 c:tptns
2259 527 2447 593 fuerit,
2485 531 2694 585 vincula
2727 533 2840 602 ejus
2875 536 3265 608 perfringantus
3291 581 3304 607 ,
3341 540 3629 600 liberemus

2028 632 2152 670 cum
2181 618 2248 670 ab
2270 620 2372 673 hoc
2394 625 2711 690 gravissimo
2735 636 2787 680 ct
2816 628 3041 684 ridiculo
3068 647 3308 695 carcere,
3344 636 3630 694 reddamus

2028 724 2149 762 eum
2173 712 2480 779 espeditum
2506 715 2570 767 ad
2600 719 2924 774 currendum
2956 722 3008 776 in
3035 725 3244 790 cadum,
3282 743 3482 796 pennas
3507 746 3632 800 gra-

2030 809 2180 854 vatas
2226 803 2497 872 erigamus
2529 824 2541 860 :
2577 819 2796 878 promer
2827 813 2990 868 vitam
3035 825 3088 870 et
3117 817 3306 888 dogma
3342 823 3631 879 doceamus

2031 893 2416 964 philosophari.
2451 899 2557 952 Deo
2583 904 2780 970 gratias
2799 920 3020 976 agamus
3043 926 3139 977 pro
3165 913 3435 981 onmibus,
3473 933 3627 986 roge-

2030 1003 2146 1041 mus
2185 1003 2345 1051 eum,
2394 1007 2460 1046 ne
2504 1009 2603 1048 nos
2645 1011 3003 1066 appareamus
3050 1003 3249 1074 indigni
3291 1007 3435 1061 dono
3477 1009 3633 1064 nobis

2030 1079 2154 1132 dato
2185 1097 2197 1133 :
2240 1090 2294 1136 et
2326 1084 2424 1152 ipsi
2456 1099 2580 1140 cum
2614 1087 2695 1143 his
2727 1101 2908 1145 nostra
2950 1095 3262 1152 studemuus
3302 1100 3495 1156 atl‘errc
3517 1143 3530 1162 ,
3576 1112 3631 1157 ut

2029 1172 2318 1228 doceamus
2350 1192 2452 1230 non
2499 1179 2672 1234 solum
2703 1181 2982 1250 dicentes,
3026 1187 3120 1242 sed
3159 1189 3320 1244 etiam
3356 1192 3632 1248 facientes.

2030 1263 2105 1316 Ita
2135 1267 2280 1318 enim
2310 1269 2608 1336 poterimus
2633 1278 2846 1345 assequi
2873 1278 3009 1332 bona
3038 1281 3449 1337 innumerabilia
3479 1303 3635 1354 :qu:e

2030 1354 2185 1410 detur
2214 1358 2368 1414 nobis
2399 1363 2650 1418 onmibus
2678 1371 2934 1440 consequi
2961 1413 2976 1437 ,
3026 1388 3118 1441 per
3145 1375 3372 1442 gratiam
3400 1385 3455 1432 et
3485 1378 3636 1432 beni-

2031 1447 2286 1516 gnitatem
2319 1451 2527 1508 Domini
2572 1460 2739 1512 nostri
2770 1459 2896 1515 Jesu
2939 1463 3167 1530 Christi,
3201 1468 3285 1521 cui
3327 1483 3446 1522 cum
3478 1469 3636 1526 Patre

2031 1550 2084 1595 et
2132 1541 2330 1612 Spiritu
2372 1561 2560 1604 sancto
2600 1553 2788 1622 gloria,
2836 1556 3141 1627 imperium,
3190 1561 3382 1628 honor,
3415 1580 3556 1619 nunc
3583 1574 3638 1620 et

2039 1649 2277 1704 semper,
2312 1648 2367 1693 et
2398 1642 2448 1694 in
2480 1646 2674 1698 saecula
2705 1650 3047 1704 sa-culorum.
3082 1653 3276 1709 Amen.

344 1753 2532 1784 Μ

1729 1813 2077 1876 HOMlLIA
2127 1815 2303 1880 XIII.

328 1978 444 2033 υλν.
470 1978 522 2032 4.
559 1993 610 2029 ν.
649 1977 738 2030 17.
777 1973 888 2028 Hoc
921 1975 1077 2045 igitur
1104 1973 1219 2026 dico
1247 1982 1293 2026 ct
1323 1971 1563 2038 lt’sli/iCOl'
1599 1982 1650 2018 tu
1681 1964 1926 2030 Domino,

396 2081 443 2124 ut
457 2071 574 2140 jam
605 2084 712 2121 non
741 2067 1012 2121 auibulelis
1035 2106 1049 2130 ,
1101 2066 1229 2118 sicut
1272 2075 1317 2118 et
1361 2073 1533 2133 gentes
1564 2059 1829 2114 ambulant
1874 2061 1926 2109 iu

391 2165 614 2218 cartilato
641 2179 818 2218 sensus
847 2162 950 2224 sui,
983 2160 1068 2215 18.
1099 2158 1314 2212 tenebris
1337 2157 1664 2210 obscuratum
1687 2153 1927 2206 habentes

387 2257 728 2320 intellectum,
763 2253 975 2308 alienati
1000 2270 1031 2305 a
1054 2253 1159 2304 vita
1187 2249 1277 2304 Dei
1310 2268 1397 2318 per
1427 2247 1790 2318 ignorantiam,
1815 2259 1928 2314 qua:

386 2361 456 2404 est
486 2351 546 2404 in
570 2349 676 2403 illis
709 2358 918 2419 propter
946 2345 1222 2400 ccecitatem
1248 2343 1416 2396 cordis
1439 2343 1690 2412 ipsorum,
1726 2337 1808 2392 l9.
1841 2337 1929 2406 qui

387 2442 723 2511 desperantes
774 2439 1072 2508 semetipsos
1119 2436 1440 2490 tradiderunt
1491 2432 1826 2502 impudicitia:
1875 2429 1928 2483 in

386 2534 738 2604 operationem
769 2531 1110 2585 immunditia:
1138 2529 1303 2584 omnis
1331 2529 1382 2581 in
1406 2527 1641 2581 avaritia.

386 2630 435 2682 1.
479 2627 616 2682 Haec
645 2625 784 2682 dicta
821 2633 948 2680 sunt
977 2640 1082 2680 non
1113 2623 1290 2678 solum
1323 2621 1571 2692 Ephesiis
1597 2638 1611 2687 ;
1655 2621 1749 2676 sed
1775 2619 1930 2674 vobis

314 2737 526 2792 quoque
577 2735 720 2775 nunc
748 2719 1002 2776 dicuntur
1025 2759 1042 2784 ,
1071 2726 1126 2773 et
1157 2731 1265 2770 non
1295 2730 1326 2769 a
1357 2714 1514 2769 nobis
1540 2756 1553 2780 ,
1587 2716 1680 2768 sed
1709 2714 1869 2768 etiam
1898 2728 1928 2766 a

314 2815 507 2880 Paulo,
559 2814 673 2868 imo
715 2828 814 2890 nec
845 2827 874 2866 a
905 2813 1061 2866 nobis
1084 2853 1100 2877 ,
1150 2825 1249 2864 nec
1280 2826 1307 2862 a
1339 2807 1506 2862 Paulo
1529 2848 1544 2870 ,
1578 2806 1670 2860 scd
1701 2822 1731 2860 a
1758 2806 1928 2876 gratia

311 2907 572 2977 Spiritus.
601 2908 899 2977 Tamquam
919 2921 1049 2976 ergo
1074 2907 1190 2972 ipso
1213 2903 1330 2958 haec
1351 2903 1563 2957 dicente
1593 2917 1689 2954 nos
1719 2908 1930 2970 oportet

310 3000 470 3055 affici.
506 2987 657 3054 Audi
705 3006 884 3053 autent
926 2997 1051 3068 quid
1083 2997 1228 3054 dicat
1254 3013 1267 3050 :
1296 2995 1410 3050 Hoc
1447 2996 1606 3066 igitur
1632 2995 1746 3049 dico
1773 3005 1820 3048 et
1851 3004 1929 3048 te-

310 3098 506 3165 stiﬁcor
538 3097 597 3150 in
628 3094 887 3161 Domino,
922 3103 980 3147 ut
1003 3096 1116 3163 jam
1152 3110 1256 3146 non
1283 3091 1553 3146 ambuletis
1580 3093 1706 3144 sicut
1736 3100 1932 3144 aeterm

311 3201 482 3258 gentes
507 3188 784 3243 ambulant
811 3190 864 3242 in
895 3188 1115 3242 vanitate
1145 3203 1323 3242 sensus
1345 3185 1427 3240 sui
1451 3229 1466 3253 ,
1503 3185 1717 3239 tenebris
1743 3185 1930 3238 obscu—

311 3294 479 3337 ratum
502 3284 754 3337 habentes
781 3282 1112 3348 intellectum,
1142 3281 1354 3335 alienati
1370 3297 1401 3334 a
1425 3281 1526 3334 vita
1556 3279 1649 3333 Dei
1670 3296 1760 3350 per
1785 3280 1932 3350 igno-

313 3378 560 3440 rantiam,
591 3391 708 3447 quae
733 3384 808 3429 est
830 3375 882 3429 in
903 3375 1030 3445 ipsis
1057 3384 1266 3445 prapter
1288 3374 1567 3428 cwcitatem
1594 3372 1766 3427 cordis
1792 3373 1932 3442 ipso-

313 3485 445 3521 rum.
485 3469 548 3523 Si
581 3477 667 3523 est
692 3483 823 3536 ergo
857 3467 1158 3537 ignorantia
1188 3508 1202 3531 ,
1235 3467 1278 3521 si
1311 3467 1604 3521 excaecatio
1627 3505 1641 3529 ,
1691 3479 1789 3518 cur
1817 3464 1928 3518 cri-

314 3561 542 3614 minaris
571 3561 594 3613 ?
627 3576 752 3614 nam
786 3576 908 3614 cum
942 3559 1031 3629 qui
1067 3560 1278 3629 ignorat
1307 3600 1320 3622 ,
1357 3573 1462 3612 non
1512 3557 1654 3611 male
1687 3557 1795 3626 pati
1830 3571 1931 3610 nec

314 3653 559 3707 accusari
595 3667 811 3722 aequum
841 3660 958 3717 est,
1010 3651 1105 3706 sed
1136 3651 1348 3707 discere
1379 3667 1499 3721 quae
1543 3651 1777 3720 ignorat.
1822 3650 1928 3705 Sed

317 3743 434 3798 vide
467 3743 756 3814 quomodo
787 3757 881 3798 eos
923 3745 1102 3798 statim
1149 3743 1385 3798 excludit
1427 3761 1456 3798 a
1490 3745 1662 3798 venia.
1711 3743 1808 3808 Qui
1845 3743 1933 3796 de-

317 3849 587 3907 sperantes
615 3838 911 3909 semetipsos
955 3838 1272 3892 tradiderunt
1303 3838 1638 3907 impudicitiae
1664 3839 1717 3891 iu
1746 3853 1931 3908 apera-

316 3935 504 3986 tionem
554 3931 896 3984 immunditice
921 3932 1086 3984 omnis
1114 3931 1165 3984 in
1210 3932 1445 3984 avaritia.
1490 3931 1580 3986 20.
1635 3930 1737 3985 Vos
1763 3945 1932 3984 autent

317 4041 415 4077 non
442 4024 518 4076 ita
548 4023 807 4077 didicistis
831 4021 1110 4077 Christum.
1157 4022 1257 4078 Hic
1286 4024 1524 4078 ostendit
1551 4040 1738 4078 eorum
1771 4025 1930 4078 vitam

317 4115 484 4170 fuisse
512 4129 740 4169 causam
771 4114 1154 4170 excaecalionis
1188 4133 1202 4169 :
1238 4117 1348 4168 vita
1379 4127 1558 4170 autem
1590 4127 1706 4171 orta
1756 4125 1839 4170 est
1868 4134 1932 4172 ex

317 4225 507 4264 eorum
539 4208 796 4263 socnrdia
837 4218 892 4264 et
936 4208 1252 4262 indolentia.
1300 4208 1584 4275 Quicum,
1636 4210 1842 4278 inquit,
1873 4211 1936 4263 de

316 4319 369 4355 se
395 4304 759 4372 desperassent
783 4311 832 4356 et
863 4301 1092 4354 animum
1138 4300 1529 4371 despondissent
1555 4343 1568 4363 ,
1601 4302 1795 4371 seipsos
1826 4311 1936 4354 tra-

318 4395 593 4448 diderunt.
636 4393 864 4461 Quando
908 4409 1039 4463 ergo
1087 4394 1242 4447 audis
1267 4435 1281 4457 ,
1328 4394 1494 4448 Deum
1526 4408 1620 4448 eos
1653 4393 1937 4449 tradidisse

319 4488 372 4541 in
405 4487 707 4557 reprobum
731 4501 950 4542 sensum
982 4488 1000 4557 (
1025 4485 1178 4540 Rom.
1214 4487 1264 4540 1.
1291 4485 1383 4556 25)
1415 4528 1428 4550 ,
1466 4487 1751 4540 recordare
1780 4487 1938 4556 hujus

321 4581 473 4635 verbi
505 4581 655 4652 quod
688 4581 898 4650 seipsos
931 4580 1290 4636 tradiderunt.
1326 4580 1381 4634 Si
1411 4581 1556 4635 enim
1586 4585 1794 4649 seipsos
1823 4592 1936 4635 tra-

320 4673 621 4737 diderunt,
674 4673 948 4743 quomodo
982 4674 1126 4728 Deus
1177 4672 1440 4727 tradidit?
1482 4672 1527 4727 si
1572 4684 1750 4727 autem
1799 4675 1939 4727 [lens

321 4784 417 4824 eos
463 4766 732 4832 tradidit,
779 4765 1054 4836 quomodo
1097 4767 1305 4835 seipsos
1351 4764 1727 4820 tradiderunt?
1780 4765 1940 4820 Vides

321 4878 442 4915 eam
477 4876 606 4930 qua:
637 4875 761 4914 esse
791 4858 1004 4913 videtur
1029 4858 1439 4927 repugnantiam
1465 4858 1488 4910 ?
1520 4857 1755 4911 Tradidit
1783 4874 1932 4928 ergo,

325 4955 468 5008 idem
501 4963 591 5009 est
617 4952 760 5023 quod
794 4952 1078 5021 permisit,
1113 4951 1194 5004 vel
1225 4951 1516 5005 concessit.
1563 4949 1726 5004 Vides
1756 4951 1896 5021 quod
1921 4993 1936 5017 ,

323 5049 413 5100 uhi
447 5063 560 5102 non
592 5059 677 5102 est
707 5047 810 5099 vita
846 5061 976 5114 pura
1007 5086 1021 5109 ,
1057 5045 1126 5099 ibi
1160 5045 1342 5098 talium
1381 5061 1597 5115 quoque
1625 5046 1938 5116 dogmatqu

321 5151 407 5193 est
438 5140 866 5210 argumentum?
899 5138 1081 5191 Omnis
1105 5177 1120 5200 ,
1154 5137 1362 5207 inquit,
1393 5139 1479 5208 qui
1506 5136 1638 5190 male
1662 5140 1791 5209 agit,
1833 5139 1943 5192 odit

325 5234 518 5296 lucem,
551 5240 598 5285 et
627 5249 729 5284 nou
756 5234 889 5284 venit
917 5231 986 5283 ad
1013 5231 1175 5285 lucent
1205 5229 1385 5303 (Joan.
1423 5233 1474 5286 3.
1509 5231 1625 5301 20).
1660 5232 1944 5297 Quomodo

325 5328 474 5382 enim
513 5335 696 5396 posset
725 5325 1020 5395 ﬂagitiosus
1065 5333 1120 5379 et
1150 5324 1391 5394 impurus
1417 5366 1432 5389 ,
1477 5333 1530 5378 et
1569 5324 1662 5394 qui
1702 5325 1943 5378 omnium

327 5419 626 5473 mulierum
658 5415 986 5486 corporibus
1015 5419 1186 5488 magis
1216 5416 1478 5486 polluitur
1505 5427 1559 5472 et
1588 5417 1900 5487 inquinatur
1927 5461 1942 5486 ,

329 5526 498 5579 quam
532 5510 678 5580 porci
709 5509 802 5580 qui
834 5509 888 5563 in
919 5524 1080 5565 coeno
1150 5508 1474 5574 volutantur,
1515 5520 1570 5565 et
1595 5521 1741 5565 amat
1782 5527 1936 5580 pecu-

331 5605 480 5658 niam
513 5644 526 5666 ,
554 5612 610 5658 et
649 5603 1024 5672 temperantize
1059 5617 1122 5656 ac
1153 5603 1434 5657 modestiae
1463 5601 1947 5676 nihilomninoap-

332 5696 472 5762 petit
492 5735 510 5758 ,
546 5694 683 5750 hanc
722 5697 885 5749 vitam
917 5695 1243 5765 suscipere?
1278 5696 1424 5751 Ilanc
1450 5738 1464 5762 ,
1498 5697 1668 5767 inquit
1696 5740 1711 5764 ,
1742 5709 1947 5754 statue-

331 5797 462 5842 runt
492 5787 888 5856 operationem.
913 5786 1044 5843 lude
1067 5796 1152 5842 est
1179 5790 1498 5854 excaecatio,
1525 5789 1648 5846 inde
1673 5800 1756 5845 est
1775 5792 1951 5862 caligo

337 5879 559 5936 uentis.
604 5879 838 5938 Possunt
880 5895 999 5937 esse
1047 5881 1283 5937 tenebrae
1332 5881 1544 5941 etiamsi
1589 5883 1677 5939 lux
1730 5885 1901 5942 luceat
1930 5925 1946 5955 ,

2036 1967 2250 2032 quando
2282 1967 2533 2028 imbecilli
2561 1988 2688 2033 sunt
2731 1982 2869 2036 oculi
2903 1999 2918 2037 :
2952 1984 3088 2040 fiunt
3117 1997 3298 2043 autem
3330 1991 3584 2050 imbecilli
3617 2037 3631 2058 ,

2034 2065 2122 2109 aut
2173 2060 2434 2116 malorum
2469 2064 2754 2125 humerum
2797 2073 3036 2142 aiﬂuxu,
3083 2090 3172 2132 aut
3219 2079 3392 2136 [limus
3433 2085 3631 2139 redun-

2035 2145 2238 2204 dantia.
2274 2153 2349 2207 Ita
2383 2155 2470 2211 hic
2498 2175 2713 2230 quoque
2745 2181 2758 2216 :
2793 2167 3009 2235 quando
3041 2172 3240 2226 multus
3271 2175 3503 2243 impetus
3542 2194 3629 2232 re-

2035 2254 2188 2308 rum,
2234 2262 2354 2314 qua:
2403 2249 2470 2304 ad
2519 2252 2659 2309 hanc
2690 2257 2852 2312 vitam
2883 2263 3187 2329 pertinent,
3242 2266 3478 2322 obruerit
3510 2285 3635 2340 per-

2035 2338 2302 2407 spicacem
2327 2347 2524 2400 mentis
2548 2361 2744 2406 nostra:
2766 2353 3098 2425 facultatem,
3115 2377 3178 2416 ea
3194 2363 3344 2418 estin
3373 2338 3629 2423 tenebris:

2036 2439 2091 2483 et
2123 2433 2259 2488 sicut
2297 2435 2349 2489 in
2379 2438 2646 2508 profundo
2669 2443 2913 2511 iacentes
2947 2450 2997 2502 in
3029 2466 3165 2522 aqua
3190 2496 3203 2517 ,
3240 2458 3411 2511 solem
3448 2459 3632 2517 videre

2038 2538 2143 2576 non
2183 2529 2550 2598 potuerimus,
2601 2536 2768 2592 multa
2810 2555 2947 2610 aqua
2998 2545 3162 2599 veluti
3211 2550 3443 2617 quodam
3484 2565 3638 2623 septo

2037 2629 2270 2686 superne
2321 2621 2572 2690 imposita
2617 2641 2630 2676 :
2683 2628 2753 2683 ita
2798 2632 2849 2685 in
2901 2637 3098 2691 mentis
3144 2641 3313 2695 oculis
3353 2643 3412 2697 fit
3459 2621 3640 2702 cor—dis

2037 2713 2328 2766 excaecatio
2354 2753 2367 2780 ,
2423 2718 2640 2786 quando
2671 2723 2850 2780 nullus
2898 2727 3059 2782 timor
3087 2732 3321 2787 animam
3372 2741 3635 2794 concutit.

2038 2799 2162 2856 Non
2186 2815 2280 2869 est,
2312 2805 2504 2878 inquit,
2537 2812 2688 2866 timor
2721 2815 2818 2870 Dei
2839 2829 2956 2872 ante
2977 2822 3152 2875 oculos
3179 2826 3317 2894 ejus;
3343 2838 3398 2882 et
3429 2845 3636 2896 rursus,

2041 2891 2183 2948 Dixit
2211 2897 2456 2970 insipiens
2500 2903 2552 2956 iu
2581 2908 2735 2961 corde
2764 2925 2876 2974 suo,
2909 2928 3008 2965 non
3041 2925 3113 2968 est
3158 2891 3298 2972 Deus
3325 2918 3343 2991 (
3373 2919 3517 2976 Psal.
3548 2891 3634 2980 i5.

2037 2989 2092 3043 5.
2136 2991 2230 3061 1).
2273 2993 2386 3049 Non
2416 2998 2636 3056 aliunde
2666 3014 2849 3061 autem
2902 3010 2960 3063 fit
3005 2989 3340 3081 excaecatic,
3377 3034 3535 3088 quam
3573 3035 3640 3075 ex

2039 3096 2230 3138 sensus
2259 3086 2466 3144 delectu
2503 3110 2514 3144 :
2551 3091 2654 3148 hoc
2681 3098 2826 3152 enim
2876 3113 3087 3159 meatus
3118 3107 3370 3164 obstruit.
3394 3086 3639 3180 'Quando

2039 3177 2181 3230 enim
2206 3191 2458 3236 concreta
2474 3184 2709 3244 defluxio
2728 3190 2781 3243 in
2808 3209 2970 3249 unum
2999 3196 3175 3253 locum
3202 3177 3637 3271 cogitur,'mem-

2039 3268 2196 3323 hrum
2229 3276 2285 3326 tit
2316 3288 2586 3332 mortuum
2620 3289 2674 3335 et
2700 3298 2863 3340 sensu
2892 3287 3231 3364 destitutum;
3265 3268 3318 3349 et
3346 3297 3459 3352 sive
3488 3315 3641 3355 usse-

2039 3364 2114 3418 ris
2139 3406 2153 3430 ,
2200 3367 2313 3421 sive
2341 3374 2581 3428 secueris
2607 3416 2620 3439 ,
2658 3375 2772 3432 sive
2800 3381 3012 3448 quidvis
3042 3383 3235 3440 feceris
3259 3430 3272 3451 ,
3308 3405 3413 3443 non
3448 3394 3635 3448 sentit.

2039 3452 2112 3507 Ita
2164 3459 2324 3512 etiam
2356 3461 2429 3515 illi
2462 3465 2549 3532 qui
2597 3481 2655 3519 se
2704 3471 2874 3524 semel
2922 3472 3189 3531 dederunt
3235 3479 3585 3549 impudicitia:
3613 3527 3627 3550 ,

2040 3549 2249 3605 etiamsi
2280 3555 2450 3608 instar
2489 3557 2623 3627 ignis
2651 3603 2664 3625 ,
2717 3564 2929 3620 etiamsi
2959 3567 3126 3622 instar
3167 3572 3295 3626 ferri
3335 3577 3637 3636 orationem

2039 3641 2118 3694 eis
2145 3643 2464 3712 applicaris,
2511 3650 2644 3702 nihil
2677 3667 2770 3706 eos
2801 3657 3005 3726 tangit,
3060 3659 3193 3715 nihil
3224 3663 3288 3716 ad
3318 3680 3412 3719 eos
3445 3683 3640 3736 pervc-

2041 3736 2121 3791 nit
2152 3756 2163 3790 :
2195 3750 2276 3793 cst
2316 3742 2457 3796 enim
2492 3745 2646 3812 plane
2677 3757 2949 3804 mortuum
2983 3768 3172 3809 eorum
3207 3758 3510 3813 tnembrum
3537 3801 3552 3826 ,
3581 3775 3642 3816 et

2042 3831 2146 3887 nisi
2169 3834 2246 3888 eis
2274 3835 2542 3892 ademeris
2563 3854 2755 3896 sensus
2780 3846 3126 3914 vacuitatem,
3159 3860 3214 3904 ut
3243 3854 3484 3908 membra
3513 3871 3642 3911 sana

2045 3937 2252 3996 tangas,
2287 3926 2484 3983 frustra
2519 3931 2647 3986 facis
2691 3936 2892 3990 omnia.
2927 3937 2993 3992 lu
3018 3943 3256 4009 avaritia,
3312 3945 3504 4016 inquit.
3548 3948 3646 4004 [lic

2044 4021 2276 4074 maxime
2299 4021 2516 4077 abstulit
2535 4039 2721 4080 eorum
2742 4032 3148 4089 excusationem
3178 4044 3231 4088 et
3253 4035 3642 4097 defensionem.

2046 4111 2266 4167 Licebat
2309 4115 2451 4168 enim
2483 4116 2597 4184 eis,
2649 4120 2692 4173 si
2737 4122 3068 4186 voluissent,
3123 4143 3296 4197 neque
3340 4145 3461 4185 esse
3500 4135 3646 4189 avari

2048 4219 2223 4272 neque
2249 4206 2502 4273 impudici
2538 4225 2714 4281 neque
2743 4215 2913 4267 ventri
2947 4215 3229 4286 indulgere
3256 4261 3269 4278 ,
3303 4232 3356 4274 et
3383 4237 3511 4278 suas
3537 4242 3643 4278 ex-

2048 4299 2194 4365 plere
2227 4300 2552 4367 cupiditates
2599 4305 2785 4373 eisque
2829 4306 2929 4360 frui
2963 4325 2976 4361 :
3009 4308 3202 4364 licebat
3251 4322 3306 4366 et
3357 4317 3599 4383 pecunia:
3630 4361 3643 4381 ,

2053 4391 2243 4442 licebat
2266 4400 2320 4442 et
2342 4393 2634 4463 voluptatis
2662 4409 2715 4452 et
2737 4397 3048 4456 deliciarum
3077 4405 3352 4461 moderate
3375 4424 3496 4466 esse
3523 4426 3648 4480 par—

2049 4484 2239 4554 ticipes
2265 4501 2279 4549 ;
2314 4488 2407 4541 sed
2433 4491 2683 4557 quomam
2711 4493 2776 4545 iis
2806 4495 3161 4554 immoderate
3192 4500 3270 4554 usi
3295 4513 3441 4570 sunt,
3470 4505 3649 4560 omnia

2046 4591 2427 4650 corruperunt.
2457 4581 2525 4636 lu
2551 4588 2897 4654 operationem
2927 4591 3298 4661 immunditiis,
3329 4597 3519 4668 inquit.
3554 4599 3649 4654 Vi-

2047 4669 2144 4725 des
2172 4674 2442 4741 quomodo
2470 4691 2564 4731 eos
2593 4677 2767 4747 privat
2800 4681 2950 4734 venia
2979 4724 2992 4747 ,
3024 4683 3211 4740 dicens
3237 4727 3250 4750 ,
3289 4686 3647 4757 Operationem

2047 4761 2387 4820 iummnditia:
2408 4767 2433 4821 ?
2457 4768 2572 4822 Non
2605 4786 2732 4825 casu
2756 4815 2768 4838 ,
2806 4773 3015 4844 inquit,
3049 4777 3179 4847 lapsi
3210 4791 3525 4848 pecearunt;
3550 4785 3646 4837 sed

2052 4858 2230 4925 gravia
2261 4857 2375 4913 haec
2403 4860 2515 4929 ipsa
2539 4861 2780 4918 fecerunt
2805 4905 2819 4930 ,
2855 4874 2909 4920 et
2936 4883 2996 4922 ea
3023 4885 3078 4922 re
3109 4870 3363 4926 meditata
3391 4874 3472 4928 usi
3500 4885 3646 4930 sunt.

2052 4951 2108 5004 In
2141 4954 2286 5006 omni
2317 4953 2680 5009 in‘ttuunditia.

2125 5044 2462 5099 [inmunditia
2484 5049 2606 5115 quid
2625 5051 2710 5102 sit.
2740 5081 2808 5089 —
2835 5051 3177 5110 lmmuuditia
3201 5058 3376 5112 omnis
3399 5069 3481 5114 est
3500 5060 3654 5116 adul-

2053 5139 2267 5204 terium,
2305 5142 2582 5206 scortatio,
2619 5143 2909 5211 paedicatus
2934 5187 2948 5211 ,
2987 5147 3182 5202 invidia
3206 5190 3220 5213 ,
3255 5151 3432 5206 munis
3488 5153 3654 5210 libido

2053 5244 2107 5288 et
2139 5233 2572 5303 intemperantia.
2636 5234 2737 5291 Vos
2766 5248 2933 5292 autem
2964 5257 3064 5294 non
3096 5242 3167 5294 ita
3212 5243 3458 5298 didicistis
3508 5245 3658 5300 Chri-

2054 5335 2186 5378 stum
2207 5341 2225 5379 .'
2245 5324 2306 5377 2|
2323 5365 2335 5376 .
2368 5326 2413 5378 si
2439 5336 2604 5380 tamen
2625 5327 2768 5381 illum
2787 5330 3021 5397 audistis,
3046 5341 3092 5385 et
3117 5333 3168 5386 iu
3195 5337 3306 5403 ipso
3331 5335 3493 5390 cdocti
3515 5342 3647 5404 estis,

2055 5419 2187 5471 sicut
2213 5428 2286 5473 est
2308 5419 2491 5473 veritas
2513 5421 2565 5474 in
2599 5420 2748 5474 Jesu.
2778 5423 2933 5490 lllud,
2963 5425 3022 5479 Si
3043 5436 3208 5480 tamen
3240 5429 3388 5483 illuni
3417 5433 3654 5500 audistis,

2057 5527 2163 5564 non
2195 5522 2278 5566 est
2305 5509 2620 5578 dubitantis,
2653 5513 2745 5568 sed
2774 5514 2936 5569 etiam
2963 5517 3119 5572 valde
3145 5518 3488 5589 aflirmantis;
3513 5525 3650 5581 sicut

2057 5605 2222 5660 etiam
2270 5606 2401 5661 dicit
2427 5609 2550 5661 alibi
2586 5625 2600 5658 :
2635 5607 2697 5663 Si
2739 5619 2906 5663 tamen
2942 5613 3146 5682 justum
3181 5625 3252 5669 est
3298 5618 3439 5686 apud
3490 5618 3654 5673 Deum

2058 5698 2269 5751 reddere
2295 5701 2675 5754 retributionem
2705 5701 2765 5754 iis
2811 5704 2896 5771 qui
2927 5719 3013 5758 vos
3058 5705 3302 5760 tribulaut
3334 5710 3351 5780 (
3380 5709 3431 5763 Ξ.
3479 5710 3655 5766 Thess.

2064 5793 2112 5846 i.
2147 5793 2240 5862 ti).
2303 5793 2355 5847 ld
2385 5803 2506 5860 cst,
2559 5794 2674 5849 Non
2724 5796 2774 5849 in
2828 5795 2910 5850 his
2954 5797 3223 5853 Christum
3269 5800 3551 5857 didicistis.
3598 5803 3659 5856 Si

2063 5895 2227 5940 lltttlt’lt
2260 5885 2404 5943 illum
2430 5887 2646 5944 audistis
2674 5927 2691 5958 ,
2741 5896 2785 5944 ct
2815 5887 2865 5943 iu
2893 5889 3002 5959 ipso
3035 5891 3198 5947 cdocti
3231 5892 3346 5947 t'slis
3371 5931 3386 5959 ,
3429 5894 3660 5964 sicutest
