4092 6542
1173 355 1184 364 ο

436 410 515 467 95
1180 403 1236 458 S.
1276 398 1553 457 JOANNIS
1592 394 2063 453 CllRYSOSTUMl
2106 397 2422 455 ARCHIEP.
2457 399 2990 457 CONSTANTINOP.
3651 406 3722 463 95

435 533 619 590 veritas
668 528 721 583 in
760 524 960 583 Christo
999 520 1158 587 Iesu,
1206 517 1297 572 22.
1330 518 1579 586 deponere
1614 530 1699 569 ros
1739 513 2018 568 secundum

438 625 706 697 pristinam
750 614 1176 673 conversationem
1217 619 1427 662 veterem
1469 607 1745 660 hominem.
1787 605 1900 660 Hoc
1939 613 2023 660 est

438 712 852 787 ergoCltristum
885 705 1157 770 didicisse,
1199 711 1348 756 recte
1388 701 1591 753 vivere.
1617 698 1719 765 Qui
1747 697 1892 753 enim
1916 697 2018 751 im-

440 807 607 878 probe
636 804 762 857 vivit
788 842 802 864 ,
831 800 993 852 Deum
1032 796 1257 864 ignorat,
1289 802 1343 847 et
1372 793 1441 845 ab
1471 807 1536 845 eo
1560 790 1852 860 ignoratur.
1884 787 2021 843 Audi

439 900 576 955 enim
598 898 769 965 ipsmn
794 891 919 944 alibi
948 889 1210 941 dicentem
1230 906 1242 937 :
1272 884 1432 938 Deum
1456 884 1762 951 conﬁtentur
1782 896 1835 935 se
1853 896 2016 943 nosse,

435 990 583 1060 {actis
611 993 794 1056 negant
824 991 1012 1034 autent.
1047 979 1195 1034 Sicut
1239 987 1311 1029 est
1353 975 1532 1029 veritas
1573 976 1626 1027 in
1654 973 1781 1027 Jesu
1805 1013 1821 1038 ,
1864 972 2022 1040 depo-

435 1096 553 1133 nere
584 1094 667 1131 vos
694 1071 972 1128 secundum
1012 1070 1281 1140 pristinam
1325 1066 1753 1120 conversationem
1804 1071 2020 1117 veterem

436 1171 687 1225 hominem
714 1164 849 1236 (Tit.
882 1166 932 1217 i.
966 1161 1073 1230 13).
1103 1159 1217 1214 Hoc
1243 1169 1324 1213 est
1342 1199 1356 1224 ,
1389 1172 1494 1210 non
1520 1156 1600 1209 his
1627 1153 2021 1209 conditionibus

437 1272 644 1331 pactum
674 1263 996 1311 conventum
1028 1251 1220 1306 fecisti.
1265 1249 1394 1303 Nam
1422 1262 1540 1316 quae
1577 1255 1702 1300 sunt
1730 1242 1869 1314 apud
1898 1258 2017 1307 nos,

437 1368 542 1406 non
588 1356 716 1403 sunt
739 1344 945 1398 vanitas
967 1383 980 1406 ,
1014 1340 1106 1395 sed
1157 1341 1351 1392 veritas
1382 1354 1396 1390 :
1428 1337 1567 1389 sicut
1605 1333 1854 1402 dogmata
1892 1339 2015 1387 sunt

436 1458 583 1506 vera,
616 1441 687 1492 ita
717 1446 772 1490 et
797 1436 925 1489 vita.
966 1432 1179 1486 \‘auitas
1207 1429 1350 1484 enim
1379 1435 1462 1481 est
1492 1435 1765 1495 peceatum
1791 1432 1845 1478 et
1871 1437 2020 1478 men-

436 1533 682 1593 dacium;
732 1529 836 1581 vita
877 1532 1055 1577 autem
1103 1530 1246 1576 recta
1289 1526 1373 1572 est
1412 1517 1611 1570 veritas
1642 1533 1654 1569 :
1685 1514 1846 1568 habet
1874 1514 2018 1572 enim

436 1636 686 1692 magnum
716 1618 873 1671 linem
901 1630 915 1678 ;
943 1608 1350 1679 intemperantia
1397 1622 1525 1661 vero
1554 1606 1604 1658 in
1635 1604 1764 1661 nihil
1800 1603 2016 1659 desinit.

440 1716 539 1781 Qui
580 1708 921 1776 corrumpitur
948 1746 962 1769 ,
993 1702 1201 1772 inquit,
1247 1698 1522 1754 secundum
1551 1696 1803 1751 desideria
1834 1696 2020 1749 erroris

436 1809 533 1861 sui.
559 1806 709 1861 Sicut
729 1802 847 1870 ejus
870 1796 1191 1868 cupiditates
1211 1801 1265 1848 et
1288 1791 1552 1847 desideria
1576 1799 2017 1860 corrumpuntur,

437 1901 505 1954 ita
537 1899 649 1963 ipse
672 1906 903 1965 quoque.

507 1992 563 2044 2.
605 1983 886 2053 Quomodo
910 1995 1038 2051 ergo
1069 1984 1489 2046 corrumpuntur
1515 1974 1633 2043 ejus
1658 1970 2021 2043 cupiditates?

437 2079 604 2135 Morte
632 2079 911 2132 solvuntur
931 2072 1131 2127 omnia.
1165 2068 1298 2123 Audi
1327 2066 1468 2121 enim
1498 2064 1812 2134 prOphetam
1841 2063 2024 2116 dicen-

436 2172 542 2228 tem
571 2189 584 2225 :
610 2168 676 2222 In
698 2168 789 2221 illa
810 2166 891 2218 die
911 2163 1141 2235 peribunt
1163 2174 1334 2214 omnes
1360 2156 1688 2227 cogitationes
1713 2156 1823 2224 ejus
1845 2151 2019 2223 (Psal.

437 2264 557 2319 145.
590 2261 669 2331 4).
712 2257 823 2314 Nec
872 2265 1045 2309 morte
1085 2252 1197 2305 sola
1222 2292 1238 2317 ,
1287 2248 1383 2303 sed
1413 2248 1575 2302 etiam
1622 2245 1804 2298 multis
1856 2244 2019 2298 aliis:

446 2365 504 2407 ιιι
534 2364 654 2421 puta
683 2390 697 2411 ,
732 2344 1071 2417 pulchritudo
1091 2382 1108 2407 ,
1137 2356 1258 2395 cum
1287 2336 1566 2392 advenerit
1594 2334 1816 2390 morbus
1845 2341 1901 2387 et
1926 2348 2015 2388 se-

437 2456 648 2507 nectus,
678 2438 958 2501 abscedit,
994 2434 1222 2489 moritur
1248 2441 1304 2487 et
1330 2429 1514 2485 interit
1543 2445 1556 2481 :
1590 2427 1754 2482 robur
1781 2425 2024 2495 corporis

438 2552 623 2594 rursus
656 2533 844 2588 iisdem
887 2528 1118 2583 concidit
1153 2544 1165 2579 :
1207 2523 1416 2579 delicia:
1458 2522 1588 2590 ipsa:
1635 2536 1740 2574 non
1779 2518 2023 2573 eamdem

436 2631 653 2700 quidem
677 2627 878 2682 habent
899 2623 1222 2693 voluptatem
1254 2619 1306 2672 in
1335 2622 1610 2671 senectute
1640 2631 1655 2669 :
1686 2612 1844 2681 idque
1872 2611 2025 2665 nobis

441 2733 525 2779 est
556 2722 892 2791 perspicuum
922 2732 985 2771 ex
1017 2712 1294 2769 Berzellai.
1330 2710 1491 2765 Scitis
1519 2721 1707 2762 omnes
1749 2705 2023 2760 historiam

440 2814 542 2884 (2.
578 2811 706 2883 Reg.
755 2810 881 2880 19).
927 2809 1032 2861 Aut
1074 2803 1273 2873 alioqui
1312 2816 1435 2856 eum
1477 2800 1649 2868 ipsum
1693 2810 1879 2851 rursus
1903 2806 2026 2850 cer-

439 2907 639 2976 rumpit
658 2914 713 2958 et
738 2902 912 2971 perdit
933 2896 1217 2967 cupiditas.
1244 2894 1395 2948 Sicut
1415 2892 1555 2947 enim
1583 2890 1702 2943 lana
1723 2889 1791 2943 ab
1818 2888 1884 2941 iis
1908 2889 2029 2955 per-'

439 2999 585 3052 ditur
606 3012 671 3050 ex
691 2993 884 3062 quibus
902 2990 1162 3054 nascitur,
1188 2986 1260 3040 ita
1282 2985 1442 3039 etiam
1474 2990 1625 3037 vetus
1656 2982 1836 3035 homo.
1864 2980 2030 3033 Antor

438 3088 581 3145 enim
609 3085 792 3156 gloria:
820 3081 1029 3153 perdit,
1073 3088 1128 3134 et
1157 3091 1300 3147 smpe
1331 3074 1562 3145 perdunt
1592 3071 1895 3140 voluptates
1919 3110 1933 3135 ,
1977 3076 2031 3123 et

441 3176 646 3246 decipit
671 3173 955 3243 cupiditas.
984 3167 1100 3224 Non
1128 3178 1209 3223 est
1239 3167 1382 3221 enim
1410 3179 1473 3217 ea
1503 3176 1589 3218 res
1619 3160 1864 3231 voluptas
1886 3201 1900 3224 ,
1936 3157 2031 3212 sed

440 3264 765 3330 amaritudo,
796 3261 1040 3330 deceptio
1068 3301 1083 3325 ,
1114 3255 1406 3320 simulatio,
1436 3263 1489 3307 et
1517 3252 1746 3306 imitatio
1780 3250 2026 3304 scenica:

444 3375 499 3418 et
528 3376 702 3416 rerum
728 3356 939 3428 quidem
964 3352 1128 3408 facies
1157 3358 1240 3405 est
1260 3345 1560 3417 Splendida,
1592 3360 1680 3400 res
1702 3353 1877 3398 autem
1903 3343 2030 3412 ipsae

441 3469 546 3509 non
574 3461 698 3507 sunt
726 3447 866 3501 aliud
895 3459 1052 3514 quam
1088 3441 1258 3511 pleme
1285 3437 1517 3492 miseria:
1546 3445 1601 3490 et
1630 3433 2031 3503 injucunditatis

441 3555 498 3599 et
541 3542 722 3598 multm
768 3534 1101 3609 paupertatis
1133 3550 1145 3585 :
1179 3541 1231 3586 et
1261 3518 1308 3583 si
1352 3542 1637 3599 personam
1666 3525 1951 3579 abstuleris
1977 3533 2033 3578 et

445 3636 637 3690 faciem
689 3627 1037 3691 ostenderis,
1082 3623 1287 3678 videbis
1337 3620 1727 3690 deceptioncm.
1784 3617 2031 3685 lit-ceptio

445 3729 589 3784 enim
617 3734 698 3779 est
728 3720 941 3791 quando
968 3716 1094 3788 quid
1122 3717 1189 3769 sit
1219 3730 1322 3768 non
1353 3719 1611 3782 apparet,
1639 3709 1732 3765 sed
1761 3708 1902 3779 quod
1927 3724 2032 3761 non

443 3827 529 3874 est
553 3814 870 3871 ostenditur.
894 3812 967 3865 Ita
997 3808 1127 3862 ﬁunt
1156 3804 1377 3860 fallacitc
1406 3813 1461 3858 et
1491 3802 1858 3872 paralogismi.
1888 3799 2032 3865 Qua-

449 3922 572 3965 tuor
587 3916 763 3961 autem
782 3904 936 3959 nobis
963 3901 1210 3956 homines
1236 3898 1321 3951 hic
1348 3895 1600 3952 describit
1631 3909 1646 3946 :
1671 3902 1744 3952 et,
1775 3893 1818 3945 si
1836 3892 2033 3962 placet,

450 4005 503 4060 id
546 4004 655 4075 jam
705 4002 1035 4055 demonstro.
1084 3993 1179 4047 Hie
1216 3990 1430 4062 quidem
1473 3989 1609 4043 duos
1634 4027 1648 4049 ,
1689 3986 1769 4040 sic
1806 3983 2032 4075 dicens:

453 4073 770 4165 Deponentes
792 4098 1002 4144 veterem
1025 4085 1299 4147 hominem,
1323 4078 1636 4136 renovamini
1657 4078 1840 4144 spiritu
1862 4073 2037 4127 mentis

452 4198 648 4252 vestrm,
678 4194 722 4238 et
750 4181 943 4236 induite
968 4193 1151 4233 novum
1181 4175 1434 4229 hominem
1461 4188 1481 4237 ;
1513 4170 1565 4223 itt
1598 4167 1836 4236 Epistola
1859 4174 2036 4219 autem

450 4281 518 4335 ad
550 4281 814 4334 Romanos
844 4274 975 4328 alios
995 4272 1150 4334 duos,
1185 4277 1241 4323 ιιι
1267 4264 1479 4337 quando
1503 4262 1652 4327 dicit,
1695 4258 1847 4312 Video
1872 4267 2039 4311 autem

452 4372 608 4425 etiam
636 4370 793 4438 legem
820 4365 873 4418 in
905 4362 1137 4417 membris
1176 4359 1299 4413 meis
1329 4361 1690 4425 repugnantem
1736 4349 1834 4421 legi
1862 4349 2039 4402 mentis

453 4478 576 4516 mea:
598 4501 613 4525 ,
644 4469 689 4513 et
728 4457 1062 4525 captivantem
1108 4467 1185 4504 me
1227 4451 1280 4502 in
1324 4448 1432 4518 lege
1458 4443 1649 4515 peccati
1678 4485 1693 4506 ,
1729 4457 1844 4513 quia
1886 4449 1958 4494 est
1985 4441 2039 4494 in

456 4553 686 4609 membris
713 4551 833 4604 meis
855 4549 873 4619 (
897 4547 1048 4601 Rom.
1074 4546 1127 4598 7.
1154 4542 1247 4611 2'5)
1282 4558 1294 4594 :
1327 4550 1381 4593 et
1426 4537 1511 4592 isti
1542 4551 1660 4589 cum
1701 4534 1805 4589 illis
1841 4532 2042 4587 habent

456 4646 869 4717 cognationem;
899 4656 1020 4696 cum
1066 4635 1324 4691 interiore
1368 4645 1538 4685 novus
1561 4669 1576 4695 ,
1624 4642 1746 4682 cum
1772 4626 2041 4681 exteriore

447 4750 608 4794 vetus
639 4756 653 4792 :
681 4736 773 4790 sed
801 4744 910 4787 tres
937 4727 1173 4797 corrupti
1205 4734 1350 4779 sunt.
1384 4720 1479 4777 Vel
1512 4720 1685 4789 potius
1711 4718 1870 4773 etiam
1899 4730 2042 4771 nunc

457 4839 584 4884 sunt
610 4839 740 4889 tres,
777 4839 947 4880 uovtts
975 4830 1030 4875 et
1061 4826 1215 4873 vetus
1237 4857 1252 4881 ,
1282 4824 1337 4868 et
1366 4813 1451 4869 hic
1477 4810 1782 4866 essentialis
1810 4818 1862 4862 et
1888 4816 2042 4862 natu-

458 4922 607 4976 ralis.
635 4919 725 4973 25.
758 4911 1089 4969 Iienovamini
1110 4950 1126 4975 ,
1171 4906 1377 4973 inquit,
1430 4903 1615 4974 spiritu
1643 4901 1820 4955 mentis
1843 4909 2038 4954 vestrae.

458 5013 536 5067 Ne
563 5010 683 5081 quis
708 5007 978 5062 existimet
1004 4998 1143 5070 quod
1194 4997 1354 5050 alium
1384 4994 1657 5048 hominem
1698 4990 2001 5046 introducat
2021 5031 2038 5055 ,

463 5111 741 5173 postquam
771 5095 904 5149 dixit
932 5100 1168 5146 veterem
1197 5098 1250 5142 et
1282 5101 1479 5140 novum
1503 5126 1519 5154 ,
1553 5083 1674 5137 vide
1698 5081 1823 5151 quid
1848 5081 1992 5173 dicat
2023 5095 2037 5132 :

465 5171 818 5250 iicnovamini.
862 5182 1125 5239 Renovari
1171 5188 1348 5233 autem
1393 5185 1512 5240 est,
1561 5173 1772 5245 quando
1812 5171 2038 5242 idipsutn

462 5282 603 5354 quod
629 5275 935 5339 consenuit,
960 5282 1267 5336 renavatur,
1298 5279 1353 5323 ιιι
1373 5266 1513 5336 quod
1543 5266 1626 5320 fiat
1657 5264 1799 5319 aliud
1823 5278 1886 5319 ex
1915 5262 2038 5317 alio:

461 5377 535 5430 ita
566 5381 622 5426 ιιι
651 5369 950 5437 subjectum
980 5362 1196 5433 quidem
1224 5362 1293 5416 sit
1324 5361 1486 5425 idem,
1520 5356 1741 5412 mutatio
1771 5364 1946 5410 autem
1972 5354 2042 5408 sit

463 5468 515 5521 in
545 5463 838 5519 accidente.
873 5459 1022 5514 Sicut
1045 5469 1237 5524 corpus
1261 5452 1473 5522 quidem
1501 5462 1582 5506 est
1612 5451 1749 5505 idem
1774 5491 1791 5517 ,
1821 5449 2041 5503 mutatio

459 5567 637 5613 autem
664 5564 745 5610 est
774 5554 824 5605 in
852 5550 1124 5605 accidente
1168 5565 1180 5599 ε
1213 5547 1280 5600 ita
1309 5558 1360 5602 et
1392 5546 1475 5598 hic
1499 5559 1731 5615 quoque.
1761 5543 2041 5607 Quomodo

461 5662 636 5706 autem
661 5647 772 5703 fieri
798 5645 991 5714 poterit
1018 5641 1327 5696 renovatio?
1358 5638 1418 5692 In
1440 5639 1619 5707 spiritu
1647 5637 1821 5691 utentis
1843 5646 2037 5700 vestrae,

461 5741 654 5810 inquit.
704 5737 801 5804 Qui
830 5751 957 5805 ergo
986 5747 1097 5787 rem
1142 5730 1384 5785 habuerit
1426 5739 1701 5793 veterem,
1750 5726 1881 5780 nihil
1907 5742 2040 5795 opc-

460 5829 692 5887 rabitur:
713 5844 818 5885 non
842 5816 1120 5884 sustinebit
1144 5824 1283 5879 enim
1306 5823 1524 5893 spiritus
1548 5832 1753 5878 veteres
1775 5821 2031 5877 actiones.

2135 512 2360 585 Spiritu,
2392 515 2584 585 inquit,
2620 517 2800 571 mentis
2821 527 3017 581 vestrae;
3047 515 3149 573 hoc
3174 527 3277 582 est,
3306 518 3496 588 spiritu
3523 521 3612 589 qui
3638 533 3722 578 est

2132 606 2185 662 in
2232 617 2431 662 mente.
2460 608 2551 661 ει.
2600 606 2666 661 Ει
2709 606 2984 661 induimini
3012 624 3196 663 novum
3234 611 3511 666 hominem.
3558 612 3718 668 Vides

2130 696 2271 767 quod
2299 713 2460 752 unum
2490 697 2705 767 quidem
2733 697 2803 752 sit
2832 698 3128 768 subjectum
3149 740 3166 766 ,
3195 700 3506 756 indumenta
3538 696 3717 758 autem

2130 786 2235 841 duo
2258 829 2273 853 ,
2322 803 2513 857 nempe
2548 798 2603 844 et
2651 788 2702 844 id
2730 804 2837 859 quo
2875 791 3108 854 exuitur,
3149 799 3203 844 et
3230 791 3279 845 id
3307 807 3413 862 quo
3440 793 3723 849 induitur?

2130 874 2337 929 Novum
2361 877 2635 943 hominem,
2666 877 2865 946 inquit,
2895 878 2981 948 qui
3005 880 3282 934 secundum
3326 880 3489 936 Deum
3517 894 3721 937 creatus

2128 968 2269 1021 estin
2288 969 2492 1038 justitia
2511 979 2559 1023 et
2579 969 2844 1025 sanctitate
2868 971 3114 1027 veritatis.
3139 974 3245 1028 Cur
3266 982 3444 1029 autem
3469 975 3719 1032 virtutem

2125 1058 2361 1127 appellat
2385 1059 2654 1115 hominem
2672 1101 2688 1126 ,
2719 1069 2775 1115 et
2795 1076 2892 1116 cur
2913 1062 3180 1118 hominem
3205 1064 3432 1120 vitium?
3457 1065 3720 1133 Quoniam

2127 1147 2287 1203 homo
2313 1165 2419 1205 non
2444 1160 2619 1220 potest
2647 1152 2858 1208 ostendi
2899 1154 3102 1224 absque
3128 1156 3464 1224 operatione.
3503 1157 3621 1226 Quo
3665 1160 3723 1213 fit

2127 1248 2185 1293 ut
2210 1238 2324 1294 haec
2352 1256 2457 1295 non
2489 1240 2667 1297 minus
2690 1258 2849 1313 quam
2878 1252 3089 1310 natura,
3118 1243 3389 1300 hominem
3412 1248 3718 1313 ostendant,

2125 1333 2238 1388 sive
2266 1334 2462 1388 bonum
2491 1335 2605 1390 sive
2631 1336 2854 1392 malum.
2894 1335 3044 1392 Sicut
3066 1345 3246 1393 autem
3274 1336 3433 1394 facile
3458 1350 3541 1394 est
3568 1341 3717 1405 exui,

2127 1425 2198 1480 ita
2225 1423 2388 1479 etiam
2414 1426 2539 1481 licet
2567 1426 2752 1483 videre
2796 1428 2849 1482 in
2879 1428 3075 1484 virtute
3099 1441 3154 1484 et
3187 1430 3335 1484 vitio.
3377 1430 3601 1485 Juvenis
3629 1434 3723 1501 qui

2126 1525 2209 1569 est
2236 1530 2429 1585 novus,
2461 1526 2543 1572 est
2584 1517 2775 1583 fortis;
2820 1533 2950 1589 ergo
2976 1534 3076 1574 nos
3099 1534 3316 1589 quoque
3361 1521 3528 1576 simus
3555 1521 3723 1577 fortes

2125 1608 2192 1662 ad
2213 1609 2577 1677 operationem
2599 1610 2857 1666 bonarum
2880 1610 3150 1666 actionum
3177 1631 3191 1667 :
3205 1614 3309 1679 juv-
3332 1614 3415 1668 nis
3433 1629 3537 1669 non
3560 1614 3724 1671 habet

2126 1713 2345 1769 rugam;
2394 1715 2522 1770 ergo
2550 1716 2649 1756 nec
2687 1716 2786 1757 nos
2824 1719 3038 1774 quoque
3072 1721 3086 1758 :
3110 1704 3326 1774 juvenis
3352 1722 3456 1759 non
3484 1706 3720 1760 circum-

2127 1790 2327 1859 fertur,
2359 1807 2533 1863 neque
2562 1792 2717 1848 facile
2745 1798 2864 1864 capi
2899 1804 3073 1863 potest
3100 1811 3130 1847 a
3160 1796 3401 1861 morbis;
3434 1796 3592 1867 igitur
3622 1814 3723 1853 nec

2127 1897 2226 1937 nos
2252 1897 2485 1953 quoque.
2515 1884 2614 1950 Qui
2645 1895 2847 1939 creatus
2872 1896 2968 1940 est.
2995 1885 3129 1941 Vide
3159 1887 3433 1956 quomodo
3462 1889 3547 1943 hic
3571 1905 3723 1944 crea-

2128 1974 2325 2029 tionem
2358 1984 2517 2030 vocet
2541 1975 2919 2032 deductiouem
2947 1977 3157 2032 virtutis
3193 1978 3260 2032 ad
3287 1979 3578 2034 essentiam
3604 2021 3619 2047 ,
3665 1990 3723 2034 ut

2129 2080 2251 2134 quae
2280 2079 2346 2119 ex
2395 2065 2585 2129 nihlo,
2646 2066 2712 2122 ad
2758 2067 2859 2123 hoc
2890 2075 2950 2122 ιιι
2993 2077 3178 2135 esset,
3222 2069 3293 2122 sit
3329 2067 3581 2124 deducta.
3620 2070 3721 2139 Qui

2127 2156 2296 2210 vero?
2339 2158 2541 2211 creatio
2580 2157 2668 2212 illa
2700 2172 2807 2212 non
2831 2167 2916 2213 est
2939 2159 3235 2213 secundum
3268 2160 3478 2215 Deum?
3506 2160 3720 2230 Nequa-

2127 2263 2322 2317 quam,
2380 2248 2476 2303 sed
2519 2249 2812 2304 secundum
2858 2250 3175 2305 diabolum:
3218 2251 3335 2321 ipse
3383 2260 3468 2306 est
3511 2260 3724 2307 creator

2128 2347 2352 2414 peccati.
2382 2346 2705 2413 Quomodo?
2734 2346 2905 2400 Homo
2929 2347 3072 2400 enim
3102 2362 3209 2401 non
3237 2363 3303 2401 ex
3329 2363 3465 2417 aqua
3484 2389 3502 2406 .
3532 2362 3632 2402 nec
3654 2363 3722 2402 ex

2131 2444 2272 2490 terra
2295 2446 2377 2490 est
2400 2448 2635 2503 creatus,
2662 2436 2754 2491 sed
2774 2437 2826 2490 in
2851 2437 3056 2506 justitia
3078 2446 3132 2492 et
3152 2439 3435 2493 sanctitate
3460 2440 3718 2493 veritatis.

2128 2530 2263 2596 Quid
2298 2531 2400 2584 hoc
2423 2531 2551 2585 est?
2578 2528 2769 2585 Statim
2801 2530 2950 2585 illttm
2980 2531 3182 2586 creavit
3210 2532 3375 2586 lilium
3405 2549 3419 2585 :
3450 2532 3553 2588 hoc
3575 2532 3721 2588 enim

2135 2623 2192 2676 ﬁt
2218 2638 2245 2675 a
2276 2622 2602 2692 baptismate
2652 2640 2666 2676 :
2700 2622 2817 2678 haec
2842 2632 2927 2677 est
2955 2624 3212 2678 essentia.
3252 2622 3421 2680 Recte
3444 2624 3623 2691 dixit,
3656 2623 3725 2679 In

2120 2714 2327 2785 justitia
2351 2723 2398 2766 et
2425 2715 2699 2768 sanctitate
2725 2715 2973 2768 veritatis.
3019 2714 3149 2769 Erat
3173 2715 3468 2785 aliquando
3491 2716 3721 2784 justitia.

2130 2815 2245 2861 erat
2274 2816 2327 2861 et
2351 2808 2609 2861 sanctitas
2635 2807 2689 2860 in
2712 2805 2935 2871 Judreis,
2969 2822 3151 2862 verum
3183 2823 3290 2861 non
3328 2807 3592 2873 veritatis,
3622 2808 3721 2862 sed

2133 2905 2289 2969 typus
2317 2911 2381 2951 ac
2406 2898 2571 2967 tlgura
2601 2907 2718 2952 erat
2746 2899 2834 2951 illa
2857 2897 3085 2967 justitia.
3131 2898 3265 2954 Esse
3288 2899 3433 2954 enim
3464 2900 3724 2954 mundum

2132 3005 2381 3059 corpore,
2405 2988 2684 3043 munditias
2706 2998 2823 3043 erat
2849 3000 3029 3061 typus,
3059 3004 3163 3044 non
3186 2990 3385 3045 veritas
3414 2990 3715 3057 munditiae,

2128 3081 2351 3150 justitia:
2374 3089 2491 3135 erat
2513 3089 2694 3151 typus,
2722 3095 2829 3134 non
2852 3081 3051 3135 veritas
3067 3080 3310 3149 justitiae.
3344 3079 3408 3134 In
3433 3081 3723 3143 sanctitate,

2136 3173 2301 3242 inquit
2329 3214 2342 3238 ,
2376 3181 2423 3225 et
2459 3173 2665 3242 justitia
2690 3171 2935 3225 veritatis.
2978 3171 3043 3225 Et
3072 3172 3171 3225 hoc
3201 3171 3339 3226 forte
3383 3172 3517 3226 dicit
3548 3170 3725 3239 respi-

2134 3265 2283 3319 ciens
2311 3265 2375 3318 ad
2409 3263 2602 3318 falsum
2635 3280 2648 3317 :
2678 3263 2931 3331 quoniam
2959 3262 3115 3316 multi
3147 3272 3276 3317 sunt
3299 3262 3443 3330 apud
3471 3272 3728 3317 externos

2134 3359 2225 3428 qui
2256 3358 2503 3412 videntur
2532 3371 2653 3411 esse
2675 3356 2828 3427 justi,
2860 3355 2954 3411 sed
2987 3365 3113 3409 sunt
3145 3356 3384 3411 fallaces.

2206 3450 2384 3505 Justus
2424 3451 2657 3521 quisnam
2699 3465 2810 3504 vere
2851 3450 2936 3503 sit.
2962 3477 3037 3490 --
3062 3448 3275 3503 Justilia
3322 3459 3502 3504 autem
3533 3449 3730 3504 dicitur

2136 3542 2304 3595 virtus
2349 3546 2400 3594 in
2449 3555 2671 3611 genere.
2728 3540 2862 3595 Audi
2909 3541 3049 3595 enim
3101 3541 3372 3607 Christum
3411 3541 3723 3609 dicentem,

2142 3632 2260 3687 Nisi
2275 3634 2479 3704 justitia
2505 3641 2669 3685 vestra
2694 3631 2856 3702 magis
2891 3632 3221 3685 abundaverit
3255 3648 3408 3702 quam
3448 3633 3728 3687 scribarum

2139 3733 2183 3776 ct
2226 3722 2632 3788 Pharisaeorum,
2693 3737 2795 3774 non
2836 3722 3085 3775 intrabitis
3123 3723 3175 3776 in
3226 3738 3437 3794 regnum
3484 3723 3728 3776 caelorum

2140 3813 2354 3887 (Matth.
2386 3814 2441 3868 5.
2468 3812 2596 3883 20);
2654 3822 2709 3867 et
2760 3828 2966 3880 rursus,
3010 3812 3191 3868 Justus
3240 3815 3426 3869 dicitur
3468 3816 3557 3885 qui
3598 3817 3730 3870 nihil

2140 3905 2287 3959 liabet
2310 3903 2445 3969 quod
2482 3903 2881 3972 reprehendatur
2910 3903 2989 3975 (l.
3010 3903 3166 3957 Joan.
3197 3906 3251 3960 5.
3283 3905 3364 3975 9).
3395 3904 3528 3960 Nam
3563 3907 3616 3961 in
3642 3906 3727 3960 foe

2142 3995 2387 4051 rensibus
2438 3996 2599 4048 etiam
2637 3994 2853 4065 judieiis
2898 3995 3048 4049 illum
3093 3995 3322 4050 dicimus
3361 3996 3581 4066 justum,
3633 3998 3728 4066 qui

2144 4087 2392 4157 injuriam
2418 4086 2627 4156 accepit
2654 4101 2753 4142 nec
2779 4085 3034 4142 reddidit.
3064 4088 3120 4141 Si
3149 4101 3279 4157 ergo
3306 4102 3406 4143 nos
3431 4102 3647 4158 quoque
3675 4090 3726 4143 in

2144 4178 2411 4235 horrendo
2433 4178 2633 4248 judicio
2661 4179 2991 4248 potuerimus
3030 4179 3167 4234 alter
3207 4179 3346 4249 apud
3393 4180 3621 4236 alterum
3651 4183 3729 4234 vi-

2142 4268 2256 4323 deri
2282 4268 2432 4338 justi,
2462 4268 2757 4338 poterimus
2787 4268 3020 4337 aliquam
3059 4269 3272 4339 assequi
3315 4269 3722 4340 benignitatem.

2143 4360 2277 4416 Nam
2323 4369 2381 4415 ut
2421 4359 2560 4429 apud
2604 4360 2767 4414 Deum
2800 4359 3015 4429 quidem
3063 4360 3361 4425 videamur,
3407 4376 3514 4415 non
3546 4370 3727 4430 potest

2145 4451 2285 4518 lleri,
2308 4450 2563 4521 quidquid
2593 4450 2992 4504 ostenderimus
3015 4468 3030 4504 :
3062 4451 3174 4521 ipse
3200 4450 3343 4505 enim
3367 4450 3489 4520 jure
3514 4465 3732 4520 semper

2145 4552 2229 4599 est
2270 4541 2547 4613 superior;
2591 4541 2729 4597 sicut
2765 4540 2928 4596 etiam
2964 4541 3094 4597 dicit
3136 4542 3417 4611 propheta,
3459 4541 3528 4595 Et
3565 4543 3729 4596 vinces

2145 4652 2263 4691 cum
2294 4635 2548 4708 judicaris
2587 4632 2763 4704 (l’sal.
2795 4633 2886 4689 50.
2920 4632 2999 4701 6).
3044 4632 3150 4688 Sed
3196 4634 3264 4699 si,
3296 4634 3586 4703 quaeinter
3629 4649 3731 4689 nos

2146 4727 2644 4794 interceduntjura,
2677 4741 2785 4779 non
2825 4726 3246 4795 corruperimus,
3291 4734 3418 4780 tunc
3442 4726 3570 4795 justi
3613 4727 3728 4784 eri-

2148 4835 2268 4875 mus
2300 4838 2313 4873 :
2343 4821 2388 4874 si
2438 4817 2773 4888 potuerimus
2818 4816 3102 4871 ostendi-re
3144 4830 3242 4871 nos
3279 4815 3527 4886 injuriam
3569 4829 3729 4870 acce-

2146 4912 2315 4983 pisse,
2348 4919 2473 4963 tunc
2496 4907 2624 4978 justi
2656 4907 2880 4962 erimus.
2910 4905 3191 4971 Quomodo
3219 4915 3397 4960 autem
3426 4907 3504 4961 eis
3530 4905 3733 4961 indutis

2148 5014 2330 5055 rursus
2356 4997 2504 5062 dicit,
2534 4995 2861 5050 lnduimini?
2888 4997 2931 5050 A
2960 4997 3066 5051 vita
3094 4996 3266 5065 inquit
3291 5013 3434 5051 nunc
3472 5006 3528 5051 et
3553 4998 3733 5065 operi-

2147 5093 2267 5147 bus.
2299 5090 2451 5145 Tuuc
2495 5087 2861 5143 indumentum
2892 5086 2990 5142 iuit
3015 5103 3045 5141 ιι
3075 5087 3419 5157 baptismate,
3451 5103 3593 5143 nunc
3631 5103 3731 5142 au-

2147 5193 2254 5239 tem
2284 5197 2313 5235 a
2339 5181 2459 5235 vita?
2479 5179 2698 5250 agendae
2719 5179 2928 5232 ratione
2957 5187 3014 5232 et
3040 5178 3294 5247 operibus
3323 5195 3336 5231 :
3366 5193 3475 5233 non
3500 5178 3733 5248 amplius

2147 5271 2441 5329 secundum
2488 5269 2954 5338 concupiscentiae
2996 5267 3351 5336 deceptionis,
3400 5268 3495 5323 sed
3539 5283 3736 5323 secun-

2146 5364 2273 5420 dum
2301 5363 2492 5418 Deum.
2519 5349 2773 5417 Sanctum
2796 5369 2975 5414 autem
2997 5358 3125 5429 quid
3155 5362 3276 5415 est?
3301 5360 3452 5426 Quod
3475 5369 3559 5415 est
3579 5375 3736 5414 mun-

2147 5456 2296 5520 dum,
2326 5452 2467 5523 quod
2495 5452 2738 5507 debetur.
2782 5452 3069 5521 Propterea
3116 5467 3301 5506 corum
3330 5454 3491 5508 etiam
3518 5455 3607 5525 qni
3633 5454 3731 5508 de-

2148 5552 2429 5601 cesserunt
2461 5543 2603 5613 justa
2641 5542 2868 5597 dicimus
2903 5561 2917 5598 :
2950 5542 3053 5596 hoc
3102 5554 3204 5610 est,
3252 5543 3327 5598 De
3364 5554 3558 5602 etetero
3600 5544 3730 5599 nihil

2149 5639 2228 5692 eis
2254 5636 2446 5701 debeo,
2495 5650 2600 5687 non
2644 5648 2760 5687 sum
2792 5633 2870 5687 eis
2913 5632 3197 5686 obnoxius.
3240 5634 3332 5689 Sic
3374 5635 3605 5690 solemus
3642 5634 3726 5688 di-

2149 5744 2294 5793 cere,
2337 5730 2703 5799 ἀφωτιωςάμην,
2744 5726 2825 5779 ΜΟ
2868 5724 3079 5794 expiavi
3127 5733 3182 5778 et
3222 5725 3464 5793 Ἁιιὲοὶνξ,
3507 5734 3561 5781 Cl
3610 5741 3727 5797 qua:

2160 5828 2284 5876 sunt
2310 5816 2646 5887 hujusmodi;
2677 5816 2773 5870 hoc
2800 5825 2900 5881 est,
2924 5813 3063 5868 Nitnl
3088 5812 3276 5870 debeo.
