4092 6526
490 419 558 474 97
860 478 871 491 κ
1157 409 1217 466 S.
1256 405 1548 464 JOANMS
1583 402 2077 462 CHRYSOSTOMI
2117 400 2443 459 MlCIIIEP.
2485 399 3038 459 CONSTANTINOP.
3687 400 3755 457 98

563 542 631 604 γ’.
649 537 713 590 Ἦ
723 533 837 606 μῶν
859 532 1036 586 τοίνυν
1059 531 1173 584 ἐστὶ
1209 529 1283 609 μὴ
1300 526 1670 583 ἀποδύσασθαι
1690 525 1751 579 τὸ
1765 528 1864 597 τῆς
1879 525 2079 609 δικαιο-

497 619 663 691 σύνης
702 618 938 689 ἱμάτιον,
969 616 997 668 ὃ
1027 615 1121 668 καὶ
1159 614 1187 666 0
1217 608 1509 684 Προφήτης
1560 610 1775 680 ἱμάτιον
1814 608 2083 679 σωτηρίου

498 702 674 764 καλεῖ,
719 701 806 753 ῖνα
838 698 912 768 τῷ
949 696 1067 768 Θεῷ
1114 694 1489 764 ὁμοιωθῶμεν³
1528 692 1622 745 καὶ
1653 692 1762 763 γάρ
1806 691 1967 755 αὐτὸς
2007 691 2085 744 δι-

498 783 792 849 καιοσύνην
831 780 1127 834 ὲνδέδυται.
1165 777 1336 830 Τοῦτο
1362 774 1712 845 ἐνδυσώμεθα
1756 774 1820 827 τὸ
1849 774 2084 844 ἱμάτιον.

498 867 573 917 Τὸ
595 866 671 931 δὲ,
692 863 1036 926 ἐνδύσασθαι,
1085 861 1238 915 οὐδὲν
1280 860 1407 915 ἀλλο
1458 859 1628 929 δηλοῖ,
1659 858 1693 929 ἢ
1726 856 1787 910 τὸ
1816 857 2088 928 μηδέποτε

498 946 817 999 ἀποθέσθαι.
844 947 1046 998 Ἀκουε
1087 944 1195 1014 γὰρ
1214 941 1308 995 τοῦ
1340 943 1629 1011 Προφήτου
1658 939 1927 1009 λέγοντος·
1960 938 2090 993 Ἐν-

497 1030 757 1082 εδύσατο
771 1027 1037 1096 κατάραν
1056 1026 1134 1091 ὡς
1147 1024 1398 1095 Ιμάτιον,
1415 1024 1513 1078 καί
1529 1023 1661 1092 ἥξει
1677 1021 1857 1087 αὐτῷ.
1869 1021 1978 1075 Kal
1994 1020 2091 1074 πά-

499 1110 604 1176 λιν,
632 1110 693 1163 Ὀ
712 1108 1221 1177 περιϐαλλόμενος
1250 1107 1373 1176 φῶς
1404 1105 1484 1172 ὡς
1504 1105 1757 1175 ἱμάτιον.
1790 1105 1899 1158 Καὶ
1931 1103 2090 1159 πάλιν

501 1196 633 1263 ἡμῖν
659 1192 780 1255 ἔθος
794 1193 972 1259 λέγειν
995 1192 1086 1244 ἐπὶ
1110 1191 1218 1243 τῶν
1236 1188 1538 1261 ἀνθρώπων
1560 1204 1573 1217 ο
1607 1190 1648 1242 Ο
1668 1189 1813 1240 δεῖνα
1839 1189 1929 1240 τὸν
1945 1188 2090 1240 δεῖνα

503 1275 993 1329 ὲνεδύσατο.“Ωστε
1023 1274 1083 1327 ού
1113 1275 1241 1344 μίαν
1270 1273 1485 1344 ἡμέραν
1514 1271 1635 1325 οὐδὲ
1678 1271 1940 1341 δευτέραν
1970 1271 2092 1323 οὐδὲ

504 1360 714 1428 τρίτην,
746 1358 880 1411 ἀλλά
914 1357 1204 1421 διαπαντὸς
1235 1359 1384 1428 ἡμᾶς
1412 1355 1659 1426 βούλεται
1702 1350 1843 1407 εἷναι
1872 1355 1931 1407 ἐν
1964 1353 2094 1425 ἀρε-

505 1443 595 1511 τῇ,
635 1440 729 1493 καὶ
753 1440 1021 1510 μηδέποτε
1048 1440 1286 1509 γυμνοὺς
1310 1435 1448 1493 εἶναι
1478 1436 1572 1491 τοῦ
1626 1435 1842 1508 ἱματίου
1876 1436 2091 1490 τούτου.

508 1524 583 1575 υύ
614 1524 721 1593 γάρ
745 1521 918 1585 οὕτως
945 1522 1230 1591 ἄνθρωπος
1290 1522 1589 1590 ἀσχημονεῖ
1642 1519 1849 1590 γυμνὸς
1908 1518 1985 1572 ὢν
2033 1519 2095 1571 τὸ

511 1605 690 1677 σῶμα,
719 1604 794 1668 ώς
826 1605 1029 1675 γυμνὸς
1069 1603 1146 1658 ὢν
1178 1604 1274 1675 τὴν
1300 1604 1521 1674 ἀρετήν.
1569 1602 1832 1657 Ἐνταῦθα
1862 1602 2024 1656 αὑτὸν
2045 1603 2094 1656 οί

509 1687 788 1758 ὁμόδουλοι
838 1687 1128 1757 βλέπουσιν
1180 1686 1618 1758 ἀσχημονοῦντα,
1672 1686 1791 1738 ἐκεῖ
1825 1685 1882 1738 δὲ
1937 1686 1966 1739 0
1998 1688 2097 1737 Δε-

512 1770 718 1841 σπότης
753 1770 846 1823 καὶ
870 1772 921 1823 οί
950 1769 1191 1838 ἄγγελοι.
1232 1771 1329 1822 Ἂν
1351 1763 1443 1821 οὖν
1465 1785 1586 1820 τινα
1626 1766 1764 1838 ῐδῃς,
1798 1767 1924 1819 είπέ
1984 1782 2097 1837 μοι,

511 1853 717 1923 γυμνὸν
738 1852 823 1906 διὰ
849 1853 948 1922 τῆς
981 1854 1188 1923 ἀγορᾶς
1223 1851 1501 1922 προϊόντα,
1527 1850 1649 1920 οὐχὶ
1677 1850 1894 1919 ἀλγεῖς;
1932 1850 2099 1903 Ὅταν

510 1932 604 1989 οὖν
635 1937 697 1989 σὺ
725 1936 928 2006 γυμνὸς
946 1935 1040 1988 τοῦ
1060 1934 1274 2006 ἱματίου
1291 1933 1481 1987 τούτου
1508 1933 1733 2004 τρέχης,
1757 1933 1810 1986 τί
1834 1932 2095 2005 ἔροῦμενς

511 2019 624 2088 Οὐχ
646 2018 777 2089 ὁρᾷς
803 2017 1027 2080 τούτους
1048 2019 1173 2080 τοὺς
1222 2015 1671 2087 προσαιτοῦντας,
1709 2014 1804 2078 οὓς
1847 2014 2099 2083 λώταγας

512 2103 644 2171 ημῖν
662 2100 781 2163 ἔθος
801 2100 1012 2165 καλεῖν,
1030 2099 1145 2163 πῶς
1163 2099 1429 2170 περιίασι,
1452 2098 1569 2161 πῶς
1585 2099 1678 2152 καὶ
1698 2099 1895 2162 αὐτοὺς
1915 2099 2099 2152 ἐλεοῦ-

515 2200 644 2254 μεν;
700 2183 839 2237 Ἀλλ’
873 2184 1020 2253 ὅμως
1067 2182 1277 2246 τούτοις
1320 2182 1441 2235 οὐδὲ
1490 2181 1787 2253 συγγνώμη
1816 2182 1899 2245 τίς
1933 2183 2096 2234 ἔστιν·

511 2266 635 2319 οὐδὲ
664 2264 773 2336 γάρ
800 2267 1247 2335 συγγινώσκομεν
1278 2265 1484 2327 αὐτοῖς,
1507 2264 1634 2316 ὅταν
1652 2264 1970 2326 κυϐεύοντες
1985 2263 2103 2316 έαυ-

513 2347 622 2400 τών
646 2349 715 2401 τά
748 2348 937 2418 ἱμάτια
964 2346 1289 2400 ἀπολλύωσι.
1324 2345 1447 2409 Πῶς
1476 2343 1569 2398 οὖν
1604 2347 1735 2417 ἡμῖν
1753 2348 1781 2399 0
1808 2346 1939 2408 Θεὸς
1969 2362 2104 2413 συγο

514 2432 784 2497 γνώσεται
817 2431 877 2482 τὸ
919 2432 1133 2500 ίμάτιον
1170 2428 1328 2482 τοῦτο
1352 2428 1713 2493 ἀπολέσασιν;
1752 2428 1920 2481 Ὅταν
1947 2428 2055 2499 γάρ
2077 2430 2104 2481 0

512 2512 758 2577 διάϐολος
785 2513 869 2585 ῖδῃ
892 2512 1094 2584 γυμνὸν
1117 2512 1318 2584 ἀρετῆς
1348 2528 1490 2573 τινα,
1512 2510 1714 2572 εὐθέως
1763 2509 1855 2563 καὶ
1886 2509 2107 2562 ἀσϐολοῖ

517 2597 612 2648 καὶ
641 2596 880 2665 ἀμαυροῖ
910 2594 972 2647 τὸ
1011 2593 1324 2662 πρόσωπον,
1351 2595 1446 2645 καὶ
1469 2591 1785 2663 τιτρώσκει,
1810 2593 1906 2645 καὶ
1932 2593 2102 2661 ἀναγ-

518 2676 674 2740 κάζει
702 2678 912 2747 μεγάλα
936 2689 982 2730 ⁸.
1019 2677 1055 2729 Γ
1059 2678 1219 2748 υμνοὶ
1249 2675 1538 2745 γενώμεθα
1561 2674 1878 2745 χρημάτων,
1910 2674 1998 2727 ἴνα
2030 2674 2105 2745 μὴ

516 2759 893 2830 γυμνωθῶμεν
918 2758 1024 2811 ἀπὸ
1067 2758 1432 2828 δικαιοσύνης·
1470 2760 1503 2829 ἡ
1531 2757 1639 2810 τῶν
1683 2756 1984 2827 χρημάτων
2016 2774 2109 2809 πε-

519 2842 710 2913 ριϐολὴ
740 2841 900 2894 τοῦτο
949 2840 1272 2912 λυμαίνεται
1323 2841 1384 2894 τὸ
1429 2841 1662 2910 ίμάτιον’
1700 2839 1954 2893 ἀκανθῶν
1993 2840 2107 2891 ἔστι

517 2923 802 2997 περιϐολή.
860 2924 1117 2977 Τοιαῦται
1167 2926 1302 2977 είσιν
1349 2925 1406 2977 αἱ
1453 2923 1705 2988 ἄκανθαι,
1751 2924 1843 2974 καὶ
1871 2923 1982 2992 ὅσῳ
2043 2921 2111 2975 ἂν

522 3006 771 3069 πλείονας
805 3006 1256 3077 περιϐαλώμεθα,
1290 3006 1529 3076 τοσούτῳ
1560 3005 1760 3074 μᾶλλον
1796 3005 2108 3075 γυμνούμε-

518 3089 611 3143 θα.
659 3088 724 3141 Ἠ
761 3088 1016 3156 ἀσέλγεια
1044 3090 1240 3159 γυμνοῖ
1267 3087 1366 3142 τοῦ.
1384 3087 1596 3159 ἱματίου
1622 3087 1834 3140 τούτου·
1867 3087 1979 3159 πῦρ
2002 3086 2110 3157 γάρ

519 3174 658 3236 ἔστι,
691 3170 754 3224 τὸ
777 3170 834 3225 δὲ
863 3171 977 3243 πῦρ
1018 3170 1352 3226 ἀναλωτικδν
1379 3170 1473 3223 τοῦ
1516 3170 1732 3239 ἱματίου
1755 3169 1966 3224 τούτου.
2003 3173 2112 3241 Σής

522 3259 671 3308 ἔστιν
694 3255 723 3307 0
751 3253 998 3318 πλοῦτος·
1023 3254 1273 3323 καθάπερ
1300 3255 1328 3306 0
1373 3252 1472 3323 σὴς
1504 3254 1684 3305 πάντα
1706 3251 1997 3323 διατρώγει
2020 3255 2113 3306 καὶ

520 3338 644 3391 ούδὶ
672 3337 781 3390 τῶν
816 3336 1058 3408 σηρικῶν
1112 3336 1376 3403 φείδεται,
1432 3333 1574 3387 οὕτω
1605 3335 1698 3387 καὶ
1721 3330 1892 3399 οὗτος.
1930 3337 2113 3389 Πάντα

521 3420 701 3473 τοίνυν
732 3421 904 3473 ταῦτα
932 3418 1286 3489 ἀποθώμεθα,
1341 3419 1429 3471 ἶνα
1456 3417 1742 3489 γενώμεθα
1765 3417 1984 3483 δίκαιοι,
2026 3419 2112 3471 ἵνα

521 3502 875 3573 ἐνδυσώμεθα
928 3501 1022 3555 τὸν
1066 3502 1252 3555 καινὸν
1312 3500 1617 3572 ἄνθρωπον.
1659 3501 1839 3572 Μηδὲν
1863 3501 2110 3568 παλαιὸν,

528 3587 695 3657 μηδὲν
726 3586 1072 3656 φαινόμενον,
1130 3585 1298 3655 μηδὲν
1349 3584 1702 3654 φθειρόμενον
1771 3584 2108 3655 κατέχωμεν.

526 3668 640 3721 Ούκ
669 3668 815 3722 ἔστιν
846 3671 879 3740 η
932 3669 1102 3740 ἀρετὴ
1133 3668 1410 3734 ἐπίπονος,
1461 3667 1562 3720 ούκ
1591 3666 1707 3720 ἔστι
1736 3667 2114 3739 δυσκατόρθω-

523 3764 586 3801 το
596 3767 638 3813 ς.

599 3889 713 3960 Οὐχ
749 3891 882 3961 ὁρᾷς
906 3891 1033 3953 τοὺς
1063 3890 1122 3945 ὲν
1167 3893 1280 3955 τοῖς
1310 3890 1532 3962 δρεσιν;
1592 3892 1790 3943 ἐκεῖνοι
1817 3891 1913 3943 καὶ
1937 3889 2114 3953 οίκίας

530 3973 724 4043 ἀφιᾶσι
745 3976 838 4026 καὶ
859 3977 1121 4042 γυναῖκας
1141 3976 1235 4028 καὶ
1258 3976 1448 4038 παῖδας
1477 3974 1572 4027 καὶ
1612 3970 1946 4044 προστασίαν
1974 3972 2117 4026 ἃπα-

531 4073 651 4120 σαν,
682 4058 775 4108 καὶ
800 4057 957 4120 ἐκτὸς
979 4058 1204 4119 ἑαυτοὺς
1232 4056 1327 4110 τοῦ
1350 4059 1555 4127 κόσμου
1584 4055 1963 4126 ποιησάμενοι,
1985 4054 2117 4108 σάκ-

531 4158 627 4194 κον
665 4141 1033 4213 περιθέμενοι,
1065 4143 1260 4197 σποδὸν
1288 4141 1798 4212 ὑποστρωσάμενοι,
1827 4138 1985 4192 κλοιὰ
2006 4139 2116 4192 τῶν

528 4224 817 4295 τραχήλων
856 4224 1272 4297 ἐξαρτήσαντες,
1317 4227 1376 4278 ἔν
1420 4225 1650 4292 οἰκίσκῳ
1706 4221 1888 4293 μικρῷ
1948 4239 2110 4276 καταο

531 4307 844 4372 κλείσαντες
885 4309 1132 4374 ἑαυτοὺς,
1186 4307 1306 4360 οὐδὲ
1360 4307 1527 4377 μέχρι
1576 4304 1784 4357 τούτων
1847 4306 2114 4371 ἵστανται,

531 4389 780 4443 ἀλλὰκαὶ
815 4391 1087 4460 νηστείαις
1113 4390 1208 4444 καὶ
1260 4387 1403 4459 λιμῷ
1434 4389 1670 4457 διηνεκεῖ
1713 4388 2118 4442 κατατείνουσιν

532 4471 777 4535 ἑαυτούς.
802 4472 866 4525 Εί
902 4472 1128 4528 τοιαῦτα
1152 4473 1447 4526 ὲπέταττον
1467 4470 1562 4524 νῦν
1587 4468 1715 4538 ἐγὼ,
1735 4471 1835 4524 ούκ
1859 4471 1926 4525 ἂν
1948 4472 2120 4526 ἃπαν-

531 4573 619 4618 τες
641 4554 1028 4625 ἀπεπηδήσατε
1046 4572 1059 4620 ;
1078 4556 1177 4609 οὐκ
1198 4554 1263 4607 ἂν
1283 4554 1473 4606 εἴπατε
1493 4553 1553 4605 τὸ
1572 4554 1806 4623 πρᾶγμα
1826 4556 2114 4625 φορτικόν;

533 4637 667 4689 Ούδὲ
699 4637 937 4690 τοιοῦτόν
966 4655 1106 4709 φημι
1140 4636 1251 4690 δεῖν
1298 4639 1489 4688 ποιεῖν·
1524 4635 1784 4705 βούλομαι
1831 4636 1982 4709 [I00]
2018 4639 2117 4708 μὲν

534 4720 662 4790 γάρ.
692 4720 829 4789 πλὴν
855 4722 915 4773 ού
958 4719 1253 4790 νομοθετῶ.
1290 4718 1449 4771 Ἀλλά
1478 4719 1531 4770 τί
1556 4734 1571 4784 ;
1619 4720 1727 4771 Kal
1751 4719 1996 4791 λουτροῖς
2024 4722 2117 4775 κέ-

536 4819 726 4873 χρησο,
740 4804 910 4856 καὶτὸ
931 4806 1091 4873 σῶμα
1108 4803 1400 4871 θεράπευε,
1420 4803 1513 4855 καὶ
1535 4803 1612 4864 είς
1631 4803 1836 4873 ἀγοράν
1859 4803 2113 4874 ἔμϐαλλε,

537 4885 629 4938 καὶ
686 4886 862 4938 οἰκίαν
915 4886 1035 4955 ἔχε,
1088 4887 1184 4938 καὶ
1240 4884 1507 4948 διακόνοις
1535 4884 1784 4938 διακονοῦ
1808 4928 1823 4952 ,
1876 4888 1969 4940 καὶ
2001 4889 2118 4958 χρώ

539 4968 725 5031 σιτίοις
746 4968 838 5020 καὶ
861 4970 1064 5029 ποτοῖς*
1108 4966 1383 5038 πανταχοῦ
1406 4968 1503 5039 τὴν
1533 4968 1845 5034 πλεονεξίαν
1865 4970 2113 5026 ἔκϐαλλε.

549 5051 763 5122 Ἐκείνη
787 5051 897 5119 γάρ
930 5052 1077 5104 ἔστιν
1110 5052 1143 5120 ἡ
1170 5051 1268 5121 τὴν
1301 5052 1575 5123 ἁμαρτίαν
1604 5052 1852 5119 ποιοῦσα,
1908 5058 2003 5110 καὶ
2057 5059 2119 5111 τὸ

538 5135 670 5189 αύτὺ
694 5136 926 5206 πρᾶγμα
948 5134 1240 5196 πλεονάζον
1261 5136 1504 5206 ἀμαρτία
1530 5137 1768 5206 γέγονεν.
1787 5139 1950 5193 Ὥστε
1966 5141 2118 5195 οὐδὲν

537 5218 722 5287 ἔτερόν
752 5219 957 5289 ἐστινὴ
1009 5217 1308 5284 πλεονεξία,
1369 5220 1401 5289 ἢ
1457 5220 1720 5292 ἁμαρτία.
1766 5222 1877 5275 Kal
1901 5223 2021 5295 δρα·
2060 5226 2119 5278 '0

541 5299 710 5370 θυμὸς
734 5300 861 5354 ὅταν
907 5300 1068 5354 πλέον
1104 5300 1198 5354 τοῦ
1230 5301 1441 5365 δέοντος
1470 5303 1688 5374 κινηθῇ,
1714 5304 1836 5357 τότε
1868 5306 2120 5374 έκπηδῶν

540 5383 879 5454 λοιδορεῖται,
920 5382 1037 5436 τότε
1070 5384 1268 5448 ἀδίκως
1291 5386 1469 5440 πάντα
1520 5391 1678 5440 ποιεῖ’
1737 5390 1765 5441 0
1797 5387 1907 5443 τῶν
1936 5391 2121 5459 σωμά-

544 5483 649 5519 των
689 5466 852 5537 ἔρως,
880 5468 909 5519 ὁ
941 5466 1049 5520 τῶν
1075 5469 1395 5540 χρημάτων,
1421 5472 1449 5523 0
1474 5471 1572 5541 τῆς
1599 5470 1757 5542 δόξης
1775 5514 1792 5541 ,
1839 5474 1868 5525 0
1888 5474 1995 5526 τῶν
2024 5473 2119 5527 ἄλ-

542 5558 648 5611 λων
677 5559 948 5613 ἀπάντων.
982 5562 1091 5615 Kal
1138 5564 1211 5634 μή
1250 5580 1341 5635 μοι
1385 5562 1567 5635 εἴπῃς,
1590 5564 1671 5617 ὅτι
1699 5566 1895 5618 ἐκεῖνοι
1922 5565 2117 5638 ἠδυνή-

550 5811 561 5827 ’
586 5749 620 5827 ,⁸
662 5750 843 5823 [ὶιιωςο
866 5755 1193 5818 supplendum
1233 5757 1427 5808 videtur
1466 5753 1665 5817 aliquod
1703 5754 1926 5817 verbum,
1971 5769 2016 5805 ν.
2044 5772 2117 5819 3.,

542 5828 565 5855 α
574 5826 599 5857 σ
607 5827 668 5873 xv,
675 5828 828 5873 μονειν

2190 522 2380 593 θησανο
2408 524 2588 577 πολλοὶ
2605 522 2713 595 γάρ
2744 522 2924 594 πολλῴ
2961 520 3337 593 ἀσθενέστεροί
3365 538 3456 575 σου
3483 520 3576 574 καὶ
3602 521 3760 575 πλου-

2190 605 2439 677 σιώτεροι
2457 606 2552 660 καὶ
2590 604 2994 677 τρυφερώτεροι
3039 605 3128 657 τὸν
3164 604 3398 675 σκληρὸν
3436 606 3638 657 ἐκεῖνον
3672 606 3763 657 καὶ

2188 690 2395 758 τραχὺν
2433 689 2751 754 ἀνεδέξαντο
2778 689 2909 759 βίον.
2944 689 3053 742 Kal
3079 688 3131 741 τί
3168 688 3311 756 λέγω
3342 689 3576 759 άνδραςς
3606 686 3765 758 κόραι

2188 772 2429 825 εἰκοστὸν
2459 773 2577 835 ἔτος
2611 771 2764 825 ούπω
2819 772 3135 841 γενόμεναι,
3192 774 3251 825 ἐν
3305 771 3567 841 θαλάμοις
3593 770 3688 823 καὶ
3709 771 3767 821 ὲν

2191 856 2518 925 σκιατροςρίᾳ
2530 854 2624 907 τὸν
2642 853 2856 907 ἅπαντα
2868 854 3075 907 διατελέ
3082 872 3243 907 σασαι
3256 854 3466 925 χρόνον,
3482 851 3588 925 [ἔν]
3603 851 3769 905 θαλά-

2193 955 2317 1007 μοις
2346 937 2533 1008 μύρων
2587 937 2856 1008 γέμουσαι
2907 939 3002 991 καὶ
3044 938 3426 1008 θυμιαμάτων,
3457 937 3549 989 ἐπὶ
3595 952 3771 1007 στρω-

2194 1020 2331 1090 μνῆς
2359 1019 2574 1092 ἁπαλῆς
2627 1020 3040 1091 κατακείμεναι,
3091 1021 3300 1075 ἁπαλαί.
3349 1022 3442 1074 καὶ
3473 1020 3634 1074 αύταὶ
3670 1018 3772 1088 τὴν

2192 1104 2372 1171 φύσιν,
2404 1104 2499 1157 καὶ
2526 1106 2592 1175 τῇ
2622 1104 2788 1175 πολλῇ
2824 1103 3090 1175 θεραπείᾳ
3120 1102 3510 1174 μαλακώτεραι
3546 1103 3773 1171 γινόμε-

2192 1204 2301 1251 ναι,
2326 1186 2413 1240 διά
2448 1189 2547 1257 τῆς
2570 1187 2781 1258 ἡμέρας
2809 1189 2988 1257 πάσης
3022 1188 3173 1240 οὐδὲν
3202 1188 3388 1257 ἕτερον
3420 1186 3579 1257 ἔργον
3622 1185 3775 1255 ἔχου-

2195 1285 2307 1333 σαι,
2337 1269 2371 1339 ἢ
2399 1270 2457 1322 τι
2479 1268 2917 1333 καλλωπίζεσθαι
2942 1270 3036 1322 καὶ
3062 1272 3419 1339 χρυσοφορεῖν
3449 1268 3543 1322 καὶ
3562 1267 3777 1339 τρυφῆς

2195 1351 2488 1405 ἀπολαύειν
2516 1354 2739 1422 πολλῆς,
2779 1352 2901 1406 οὐδὲ
2930 1354 3149 1417 ἑαυταῖς
3181 1350 3778 1423 διακονούμεναι,ἀλλά

2198 1434 2394 1497 πολλάς
2425 1435 2645 1505 ἔχουσαι
2671 1436 2771 1498 τὰς
2800 1435 3186 1505 θεραπαινίδας
3212 1436 3310 1499 τὰς
3338 1434 3779 1506 παρεστηκυίας,

2198 1516 2388 1587 ἱμάτια
2414 1518 2631 1589 ἔχουσαι
2680 1518 2899 1588 μαλακά
2956 1518 3049 1572 τοῦ
3083 1518 3335 1588 σώματος
3394 1516 3780 1588 μαλακώτερα,

2197 1600 2398 1664 λεπτάς
2430 1600 2620 1664 ὀθόνας
2652 1601 2746 1655 καὶ
2770 1600 3068 1671 τρυφεράς,
3100 1600 3157 1653 ἔν
3188 1601 3357 1671 ῥόδοις
3385 1601 3479 1654 καὶ
3522 1602 3642 1664 ταῖς
3666 1616 3783 1654 τοι·

2198 1684 2391 1748 αύταις
2436 1684 2685 1747 εὐωδίαις
2729 1685 2994 1757 διηνεκῶς
3053 1684 3481 1755 ἀσχολούμεναιο
3525 1677 3687 1738 αὗται
3712 1682 3785 1756 δὴ

2200 1766 2457 1836 ἐξαίφνης
2472 1768 2549 1836 τῷ
2570 1768 2705 1837 πυρὶ
2723 1766 3011 1838 ληῖρθεῖσαι
3039 1766 3132 1820 τοῦ
3153 1768 3411 1838 Χριστοῦ,
3439 1770 3619 1822 πᾶσαν
3638 1768 3785 1821 ὲκεί-

2202 1868 2299 1919 νην
2321 1849 2728 1919 ἀποδυσάμεναι
2786 1849 2883 1920 τὴν
2927 1849 3185 1919 βλακείαν
3220 1851 3314 1904 καὶ
3343 1849 3435 1903 τὸν
3460 1851 3651 1919 τῦφον,
3685 1851 3789 1904 καὶ

2202 1934 2411 2005 τρυφῆς
2463 1933 2556 1986 καὶ
2616 1932 2832 2003 ἡλικίας
2885 1932 3300 2003 ὲπιλαθόμεναι,
3351 1933 3603 2004 καθάπερ
3637 1931 3788 1997 τινὲς

2203 2016 2432 2085 ἀθληταὶ
2474 2014 2807 2084 γενναῖοιτά
2843 2015 3059 2085 μαλακά
3110 2018 3296 2070 ἐκεῖνα
3352 2016 3786 2085 ἀποδυσάμεναι,

2202 2098 2282 2161 είς
2334 2098 2530 2168 μέσους
2578 2097 2840 2166 ἐνέϐησαν
2886 2099 3011 2160 τοὺς
3051 2098 3287 2165 ἀγῶνας.
3346 2100 3454 2153 Kal
3497 2099 3626 2161 ίσως
3684 2096 3790 2167 μὲν

2203 2181 2408 2234 ἄπιστα
2468 2179 2607 2244 δόξω
2658 2182 2826 2251 ἐρεῖν,
2886 2182 3024 2250 πλὴν
3078 2181 3192 2234 ἀλλ’
3222 2182 3418 2251 ἀληθῆ.
3465 2182 3682 2245 Ταύτας
3718 2180 3791 2252 δὴ

2202 2263 2300 2328 τὰς
2324 2263 2495 2326 οὕτως
2525 2264 2738 2327 ἁπαλὰς
2780 2264 2947 2335 κόρας
2982 2266 3189 2334 ἥκουσα
3231 2265 3362 2334 ἐγὼ,
3394 2267 3477 2319 ὅτι
3531 2268 3611 2329 εἰς
3656 2281 3792 2320 τοσ-

2204 2345 2373 2417 αύτην
2416 2345 2836 2417 σκληραγωγίαν
2879 2346 3075 2410 έαυτάς
3114 2347 3341 2417 ἤγαγον,
3371 2348 3447 2411 ώς
3480 2347 3550 2401 τὰ
3577 2346 3793 2418 τραχύ-

2204 2444 2335 2499 τερα
2356 2427 2467 2480 τῶν
2513 2427 2765 2499 τριχίνων
2819 2426 3134 2499 περιθέσθαι
3163 2430 3371 2481 ἑαυτῶν
3418 2432 3531 2492 τοῖς
3572 2428 3793 2499 σώμασι

2204 2510 2671 2580 γεγυμνωμένοις,
2733 2510 2827 2563 καὶ
2873 2511 3239 2581 ἀνυποδήτους
3281 2506 3543 2575 εἶναιτάς
3573 2512 3794 2577 ἀπαλάς

2207 2593 2441 2662 πτέρνας
2469 2593 2706 2656 ὲκείνας,
2728 2593 2824 2646 καὶ
2848 2594 2942 2645 ἐπὶ
2964 2594 3214 2657 στιϐάδος
3241 2595 3622 2648 κατακεῖσθαι·
3653 2595 3765 2664 μᾶλ
3781 2624 3795 2633 ο

2205 2674 2295 2729 λον
2319 2675 2376 2729 δὲ
2402 2674 2462 2727 τὺ
2482 2675 2642 2727 πλέον
2671 2676 3033 2747 ἐγρηγορέναι
3061 2676 3158 2745 τῆς
3187 2677 3400 2740 νυκτὸς.
3418 2678 3509 2731 καὶ
3532 2675 3658 2730 οὔτε
3690 2676 3793 2747 μύ-

2210 2775 2326 2827 ρου,
2356 2756 2480 2810 οὔτε
2528 2757 2689 2811 ἄλλου
2713 2759 2857 2822 τινὸς
2894 2759 3001 2812 τῶν
3038 2758 3281 2812 παλαιῶν
3307 2760 3564 2832 πρόνοιαν
3616 2762 3792 2813 ποιεῖ-

2209 2840 2352 2905 σθαι,
2377 2839 2632 2893 ἀλλὰκαὶ
2684 2840 2783 2911 τὴν
2840 2839 2985 2894 οὕτω
3033 2840 3480 2911 θεραπευομένην
3541 2842 3794 2911 κεφαλὴν

2207 2922 2545 2993 ἀτημέλητον
2573 2922 2739 2991 ἔχειν,
2774 2922 2959 2987 ἁπλῶς
3002 2925 3097 2977 καὶ
3127 2925 3251 2994 εἰκῆ
3297 2925 3394 2988 τὰς
3419 2926 3610 2997 τρίχας
3641 2926 3795 2979 ἔνδε-

2207 3004 2459 3075 δεμένην,
2491 3005 2630 3058 ὥστε
2675 3004 2751 3075 μὴ
2796 3008 2873 3068 είς
2904 3006 3291 3077 ἀσχημοσύνην
3333 3010 3614 3077 ἐμπεσεῖν.
3649 3008 3692 3061 Τ
3696 3010 3797 3080 ρά-

2208 3087 2351 3151 πεζα
2386 3087 2442 3140 δὲ
2470 3088 2662 3150 αὑταῖς
2700 3089 2848 3141 ἔστιν
2879 3088 3138 3159 έσπερινὴ
3202 3091 3359 3160 μόνη,
3393 3090 3643 3162 τράπεζα
3669 3091 3794 3145 οὐδὲ

2208 3168 2441 3239 λαχάνου
2458 3169 2576 3222 οὐδὲ
2605 3170 2792 3241 ἄρτου,
2821 3169 2957 3223 ἀλλά
3001 3171 3277 3242 σεμίδαλις
3309 3174 3402 3226 καὶ
3430 3174 3642 3245 κύαμος
3698 3175 3798 3227 καὶ

2208 3251 2505 3325 ἐρέϐινθος,
2562 3254 2654 3305 καὶ
2691 3253 2847 3306 ἐλαία
2905 3253 2998 3306 καὶ
3047 3252 3222 3308 σῦκα·
3280 3255 3376 3308 καὶ
3397 3255 3798 3327 ταλασιουργίι

2209 3339 2460 3411 διηνεκὴς
2485 3339 2577 3392 καὶ
2608 3338 2717 3391 τών
2743 3340 2883 3392 οίκοι
2913 3338 3304 3410 θεραπαινίδων
3335 3340 3471 3412 ἔργα
3496 3343 3677 3414 πολλῷ
3691 3362 3798 3416 χα-

2209 3421 2511 3490 λεπώτερα.
2545 3422 2609 3474 Τί
2655 3422 2762 3491 γάρ
2787 3440 2800 3487 ;
2828 3422 2927 3485 τὰς
2977 3422 3293 3491 καμνούσας
3334 3425 3398 3478 τὸ
3431 3424 3591 3495 σῶμα
3621 3426 3794 3498 θερα-

2211 3505 2397 3557 πεύειν
2417 3505 2753 3571 ἀνεδέξαντο,
2770 3507 2866 3567 τὰς
2881 3504 3065 3567 κλίνας
3080 3505 3469 3574 βαστάζουσαι,
3483 3510 3608 3572 τοὺς
3627 3510 3800 3575 πόδας

2212 3586 2520 3640 νίπτουσαι·
2547 3586 2739 3639 πολλαὶ
2788 3586 2844 3639 δὲ
2890 3587 3073 3642 αὐτῶν
3117 3591 3212 3642 καὶ
3255 3590 3665 3661 μαγειρεύουσι.
3694 3593 3801 3647 Το-

2214 3669 2385 3721 σαῦτα
2408 3668 2626 3721 δύναται
2658 3667 2751 3721 τοῦ
2785 3669 3021 3739 Χριστοῦ
3043 3671 3105 3724 τὸ
3131 3670 3261 3742 πῦρ·
3286 3671 3427 3726 οὕτω
3456 3673 3551 3727 καὶ
3579 3673 3800 3742 φύσεως

2211 3750 2481 3823 ἀνώτερον
2511 3753 2543 3819 ἡ
2581 3751 2880 3821 προθυμία.
2931 3753 3076 3825 Πλὴν
3110 3754 3225 3808 ἀλλ’
3251 3755 3401 3809 οὐδὲν
3420 3756 3659 3810 τοιοῦτον
3684 3757 3799 3826 ἐγὼ

2214 3833 2354 3903 ὑμᾶς
2377 3832 2615 3899 ἀπαιτῶ,
2646 3834 2831 3904 ἐπειδὴ
2862 3834 3117 3905 βούλεσθε
3150 3837 3584 3910 παρελαύνεσθαι
3640 3844 3798 3913 παρά

2214 3914 2506 3983 γυναικῶν.

2284 3995 2431 4067 [101]
2448 3997 2512 4050 δ’.
2532 3996 2650 4050 Κᾶν
2679 3997 2807 4065 γοῦν
2822 3998 2924 4053 ὅσα
2941 4004 3015 4077 μὴ
3040 4001 3294 4074 φορτικά,
3307 4004 3479 4058 ταῦτα
3500 4005 3797 4075 πράττετε,

2214 4080 2395 4149 χειρὸς
2425 4083 2674 4149 κρατεῖτε
2700 4082 2795 4134 καὶ
2826 4083 3142 4139 ἀκολάστων
3166 4086 3480 4157 ὀφθαλμῶν.
3501 4089 3565 4140 Τί
3594 4087 3796 4143 δύσκο-

2214 4162 2325 4227 λον,
2350 4164 2468 4215 εἰπέ
2502 4181 2613 4233 μοι,
2640 4164 2692 4217 τί
2711 4166 3002 4237 δυσχερές;
3032 4169 3225 4222 Δίκαια
3248 4172 3535 4242 πράττετε,
3590 4172 3797 4244 μηδένα

2215 4246 2472 4309 ἀδικεῖτε,
2510 4245 2644 4316 μήτε
2676 4249 2704 4299 0
2726 4248 2914 4317 πένης,
2950 4250 3086 4321 μήτε
3112 4251 3141 4303 0
3165 4251 3437 4317 πλούσιος,
3462 4255 3599 4325 μήτε
3618 4256 3645 4307 ὁ
3665 4257 3796 4324 ἀγο-

2219 4332 2388 4401 ραῖος,
2419 4331 2555 4401 μήτε
2582 4333 2610 4382 0
2645 4330 2932 4400 μισθωτός
2952 4332 3066 4385 ἔστι
3088 4333 3195 4405 γάρ
3230 4337 3323 4390 καὶ
3351 4338 3514 4408 μέχρι
3543 4340 3797 4408 πενήτων

2215 4412 2427 4465 ἀδικίαν
2462 4411 2707 4466 διελθεῖν.
2746 4415 2814 4466 Ἢ
2861 4416 2959 4484 ούχ
2985 4416 3150 4487 ὁρᾶτε
3202 4419 3375 4483 πόσας
3436 4412 3583 4473 οὗτοι
3617 4422 3799 4493 μάχας

2215 4494 2451 4558 ποιοῦσι,
2504 4496 2598 4548 καὶ
2650 4498 2828 4550 πάντα
2860 4498 3266 4569 ἀνατρέπουσις
3325 4501 3579 4574 Κέχρησο
3608 4504 3797 4573 γάμῳ,

2216 4578 2305 4649 ἔχε
2331 4577 2542 4641 παῖδας·
2570 4579 2664 4631 καὶ
2695 4579 2905 4642 Παῦλος
2926 4580 3187 4647 τοιούτοις
3209 4584 3496 4648 ἐπέταττε,
3536 4586 3800 4649 τοιούτοις

2218 4663 2445 4735 ἔγραφε.
2474 4663 2663 4732 Μέγας
2684 4665 2891 4727 ἐκεῖνος
2922 4664 2950 4715 0
2975 4665 3145 4732 ἀγὼν,
3182 4666 3275 4721 xal
3303 4668 3504 4739 ὑψηλὸς
3534 4672 3563 4723 0
3594 4669 3798 4724 σκόπε-

2217 4745 2328 4809 λος,
2358 4746 2452 4799 καὶ
2480 4746 2646 4814 ἔγγὺς
2668 4744 2759 4798 τοῦ
2794 4746 3024 4816 ούρανοῦ
3049 4750 3080 4820 ἠ
3107 4750 3340 4820 κορυφὴ,
3367 4751 3462 4804 καὶ
3482 4752 3544 4805 ού
3567 4751 3798 4806 δύνασαι

2220 4828 2422 4898 φθάσαι
2444 4830 2578 4898 πρὸς
2616 4828 2676 4881 τὺ
2716 4830 2885 4899 μέγα;
2945 4830 3153 4884 Ούκοῦν
3208 4831 3309 4885 κᾶν
3337 4832 3446 4885 τῶν
3499 4834 3803 4887 ἐλαττόνων

2218 4913 2364 4982 ἔχου,
2395 4915 2488 4965 καὶ
2521 4911 2627 4965 τῶν
2668 4914 2992 4982 κατωτέρων
3023 4914 3226 4982 ἔφίεσο.
3257 4916 3333 4970 Οὐ
3364 4916 3591 4973 δύνασαι
3624 4918 3801 4972 κενῶ-

2219 5011 2308 5048 σαι
2340 4994 2406 5048 τὰ
2428 4996 2714 5065 χρήματα;
2756 4994 2857 5049 κᾶν
2876 4994 2945 5048 τὰ
2965 4994 3073 5048 τῶν
3101 4996 3276 5051 ἄλλων
3302 4999 3376 5071 μὴ
3406 5000 3641 5071 ἅρπαζε,
3663 5002 3804 5073 μηδὲ

2218 5077 2413 5131 ἀδίκει.
2449 5078 2523 5130 ού
2553 5078 2781 5131 δύνασαι
2833 5076 3159 5148 νηστεῦσαις
3193 5080 3294 5134 κάν
3340 5082 3415 5153 μὴ
3450 5085 3530 5146 εἰς
3584 5085 3801 5155 τρυφὴν

2222 5160 2446 5215 σεαυτὸν
2479 5158 2778 5230 ὲξαγάγῃς,
2801 5161 2876 5213 Ού
2897 5160 3123 5215 δύνασαι
3144 5163 3235 5216 ἐπὶ
3268 5163 3515 5227 στιϐάδος
3538 5167 3801 5220 κατακλι-

2221 5243 2407 5313 θῆναι;
2444 5245 2516 5315 μή
2548 5262 2638 5314 μοι
2686 5244 2872 5307 κλίνας
2909 5246 3336 5317 ἀργυρενδέτους
3395 5249 3799 5316 κατασκεύαζε,

2222 5327 2357 5381 ἀλλὰ
2379 5327 2617 5398 κέχρησο
2643 5327 2799 5399 κλίνῃ
2828 5329 2922 5381 καὶ
2954 5328 3235 5400 στρώμασι
3270 5332 3344 5402 μὴ
3381 5333 3518 5403 πρὸς
3537 5333 3802 5400 ἐπίδειξιν

2224 5419 2631 5489 πεποιημένοις,
2665 5420 2798 5474 ἀλλά
2833 5420 2970 5489 πρδς
3003 5421 3325 5486 ἀνάπαυσιν,
3363 5423 3496 5494 μηδὲ
3518 5424 3801 5494 ἐλεφαντί-

2222 5518 2316 5564 νας
2341 5502 2525 5565 κλίνας
2548 5502 2597 5541 δ’
2619 5502 2894 5556 σύστειλον
2925 5504 3137 5558 σαυτὸν.
3175 5505 3242 5559 Τί
3264 5506 3475 5577 μυρίων
3498 5508 3799 5577 ἀγωγίμων

2222 5582 2448 5653 πληροῖς
2482 5583 2580 5653 τὴν
2603 5583 2833 5652 ὁλκάδας
2872 5586 2967 5639 ’Ἂν
2992 5581 3056 5660 ᾗς
3088 5587 3374 5658 εὐσταλὴς,
3409 5589 3558 5643 οὐδὲν
3574 5589 3795 5655 δείσεις,

2220 5665 2280 5716 ού
2309 5665 2521 5732 φθόνον,
2548 5667 2608 5719 ού
2641 5666 2978 5739 λῃστάς,ούκ
3007 5668 3341 5736 ἐπιϐούλους.
3372 5670 3505 5724 Οὐδὲ
3534 5670 3640 5743 γὰρ
3655 5666 3809 5725 οὕτω

2285 5820 2312 5860 ι’
2339 5820 2486 5885 Marg-
2517 5824 2685 5883 Sa\il.,
2708 5824 3018 5883 ἐὶεςαντίναις
3044 5827 3236 5883 κλίναις.

2536 5942 2567 5974 ο
