4092 6492
239 351 297 404 οῖ
1108 338 1171 393 IN
1212 335 1426 394 EPIST.
1470 333 1559 388 AD
1601 329 1845 386 EPllES.
1886 330 2042 387 car.
2088 334 2169 387 tv.
2217 335 2444 390 IIOMII..
2489 336 2626 391 xzu.
3457 343 3525 397 98

290 473 341 526 3.
373 468 573 523 Nosti-2e
610 476 739 534 ergo
764 468 888 514 sunt
914 465 1092 529 partes
1120 471 1187 511 ne
1208 468 1469 510 exuamur
1492 447 1812 505 vestimento

246 562 457 631 iustitiae,
485 554 627 625 quod
660 552 917 623 pr0pheta
945 559 1101 603 vocat
1131 547 1513 601 vestimentum
1558 537 1812 594 salutaris

251 644 686 723 (Psat.l5l.16),
742 654 799 698 ut
845 643 959 697 Deo
1003 642 1173 695 simus
1227 636 1476 691 similes:
1513 635 1626 703 ipse
1670 630 1814 723 enim

253 721 439 798 indutus
466 750 544 795 est
570 738 850 809 justitiam.
882 736 995 791 lloc
1026 731 1351 787 vestimento
1392 727 1697 781 induamur.
1730 721 1817 775 ln-

253 838 325 892 dni
356 845 519 888 autem
554 831 684 886 nihil
715 830 859 884 aliud
889 827 1177 897 significat,
1213 839 1372 895 quam
1406 835 1696 890 numquam
1726 819 1821 871 dc-

258 942 442 999 ponere.
474 925 611 979 Audi
637 923 781 977 enim
813 921 1130 991 prophetam
1164 918 1452 979 dicentem,
1491 912 1671 966 Induit
1709 927 1819 962 ma-

260 1022 533 1077 ledictionem
561 1018 690 1070 sicut
716 1018 1089 1077 vestimentum,
1122 1022 1168 1064 et
1196 1013 1356 1065 veniet
1396 1009 1480 1071 ei;
1525 1016 1577 1060 et
1609 1021 1814 1068 rnrsne,

264 1115 342 1180 Qui
372 1112 590 1165 induitur
627 1109 821 1163 Iuntina
869 1118 1129 1175 tamquam
1158 1103 1449 1157 uestimento
1487 1097 1662 1169 (Psal.
1692 1095 1813 1149 108.

260 1206 327 1260 l8.
363 1203 549 1257 ct103.
584 1200 662 1271 2).
707 1200 773 1254 Et
813 1213 1003 1253 rursus
1044 1196 1200 1250 nobis
1248 1208 1363 1248 mos
1401 1200 1484 1245 est
1527 1190 1705 1244 dicere
1750 1187 1818 1240 de

259 1296 545 1355 hominibus,
594 1293 694 1347 llic
741 1293 890 1345 illum
938 1288 1131 1343 induit.
1166 1286 1291 1341 Vult
1338 1286 1517 1354 itaque
1565 1296 1661 1335 nos
1711 1294 1817 1333 non

256 1402 391 1441 unum
427 1401 520 1439 nec
558 1384 719 1447 duos,
754 1396 855 1437 nec
893 1391 1000 1436 tres
1031 1379 1171 1442 dies,
1200 1377 1292 1431 sed
1324 1384 1583 1446 perpetuo
1610 1386 1733 1427 esse
1765 1371 1816 1423 in

252 1481 438 1543 w'rlule,
465 1486 517 1531 et
548 1477 689 1530 hanc
713 1484 918 1529 vestem
949 1486 1241 1542 numquam
1268 1484 1491 1525 exuere.
1534 1467 1817 1521 Hominem

248 1573 497 1625 enimnon
523 1569 660 1623 adeo
689 1567 919 1621 dedecet
960 1580 1081 1620 esse
1129 1563 1330 1618 nudum
1376 1574 1625 1629 corpore,
1660 1568 1819 1626 atque

247 1666 425 1720 nudum
453 1665 642 1718 virtute
668 1681 680 1716 :
715 1663 803 1717 hic
829 1660 1075 1716 conservi
1115 1674 1236 1715 eum
1266 1657 1533 1727 aspiciunt
1564 1655 1819 1709 indecore

246 1774 299 1811 se
321 1766 593 1827 gerentem,
631 1757 743 1811 illic
783 1765 961 1809 autem
994 1753 1253 1807 Dominus
1292 1761 1346 1806 et
1375 1751 1572 1822 angeli.
1606 1749 1661 1804 Si
1691 1763 1820 1817 ergo

248 1852 421 1905 videris
446 1849 751 1920 quempiam
783 1848 984 1902 nudum
1017 1862 1113 1917 per
1142 1847 1313 1899 forum
1357 1842 1816 1913 progredientem,

247 1946 483 2014 dic.rogo,
531 1959 644 1997 non
689 1958 833 2012 mgre
869 1941 1019 1996 fers?
1048 1937 1276 2006 Quando
1323 1947 1502 1990 autem
1549 1945 1604 1989 tn
1645 1934 1820 1987 curris

252 2039 333 2091 hac
370 2046 507 2091 veste
558 2036 820 2099 nudatus,
873 2033 999 2105 quid
1045 2031 1324 2087 dicemus?
1361 2029 1477 2084 Non
1526 2027 1677 2082 vides
1723 2028 1820 2080 hos

252 2130 509 2195 mendicos,
533 2144 678 2200 quos
699 2129 940 2183 solemus
963 2141 1155 2180 vocare
1180 2126 1406 2193 Lotagas
1424 2122 1523 2193 (a),
1550 2122 1820 2191 quomodo

245 2222 561 2287 circumeant,
593 2220 876 2291 quomodo
901 2221 1062 2274 etiam
1086 2233 1271 2273 eorum
1304 2215 1695 2270 misereamur?
1715 2213 1818 2267 Sed

246 2327 397 2373 tamen
437 2320 514 2373 eis
561 2333 676 2373 non
726 2317 890 2372 datur
940 2315 1045 2369 ulla
1096 2314 1296 2369 venia:
1332 2328 1505 2383 neque
1552 2312 1694 2365 enim
1742 2312 1821 2364 eis

244 2410 560 2478 ignoscimus,
589 2409 817 2481 quando
846 2409 979 2463 aleis
1025 2407 1272 2461 ludentes
1309 2421 1434 2460 suas
1463 2404 1695 2475 perdunt
1733 2418 1823 2457 vc-

240 2509 355 2557 stes.
394 2502 677 2569 Quomodo
721 2517 852 2572 ergo
899 2501 1055 2556 nobis
1098 2501 1339 2569 ignoscet
1382 2499 1539 2562 Deus,
1596 2496 1688 2566 qui
1722 2497 1821 2549 hoc

240 2597 591 2650 vestimentum
632 2592 1069 2665 perdiderimus?
1113 2591 1343 2658 Quando
1392 2591 1534 2644 enim
1576 2588 1821 2642 diabolus

239 2688 516 2757 quempiam
545 2687 751 2743 viderit
781 2686 983 2740 nudum
1013 2687 1230 2749 virtute,
1271 2683 1451 2737 statim
1479 2681 1666 2736 faciem
1698 2680 1819 2733 ltili-

237 2779 345 2846 gine
371 2779 522 2833 illinit
549 2779 899 2847 maculatque
920 2787 975 2832 et
1001 2776 1274 2842 obscurat,
1310 2774 1638 2842 saueiatqne,
1674 2782 1725 2827 et
1755 2771 1820 2825 ad

239 2886 404 2941 magna
444 2872 607 2941 cogit.
663 2870 844 2925 Simus
890 2867 1017 2924 nudi
1066 2867 1329 2938 pecuniis,
1380 2881 1448 2921 ne
1489 2865 1754 2918 nudemur
1793 2878 1821 2916 a

235 2965 415 3031 justitia
447 2965 840 3034 :pecuniarum
890 2963 1119 3016 amictus
1170 2963 1309 3015 hanc
1348 2959 1523 3029 perdit
1568 2971 1768 3012 veSIem
1808 2976 1819 3011 :

237 3066 307 3109 est
329 3058 547 3110 amictus
577 3058 884 3126 spinarum.
915 3054 1076 3109 Tales
1104 3062 1228 3107 sunt
1258 3053 1449 3122 spinae,
1484 3060 1537 3104 et
1566 3065 1671 3119 quo
1701 3050 1821 3117 pln-

237 3162 311 3201 res
334 3148 686 3215 induerimm,
732 3164 797 3203 eo
830 3149 997 3218 magis
1024 3146 1308 3200 nudamur.
1343 3144 1672 3212 lmpndicitia
1722 3159 1820 3196 tm-

238 3240 315 3292 dat
340 3240 433 3294 hac
463 3251 612 3295 veste
638 3257 653 3305 ;
683 3250 767 3294 est
795 3240 939 3294 enim
970 3240 1106 3309 ignis
1136 3256 1148 3292 :
1182 3238 1319 3308 ignis
1345 3247 1523 3290 autem
1555 3238 1825 3290 consumit

241 3335 360 3388 hanc
381 3344 601 3389 vestem.
643 3334 851 3388 Divitiae
882 3344 1007 3387 sunt
1033 3334 1174 3386 tinea
1208 3351 1219 3385 :
1254 3333 1392 3385 sicut
1421 3332 1559 3384 tinea
1586 3330 1826 3385 corrodit

239 3427 395 3479 omnia
422 3442 518 3482 nec
541 3428 739 3482 sericis
770 3428 968 3495 parcit;
1014 3427 1082 3479 ita
1114 3426 1229 3478 lucc
1257 3438 1490 3494 quoque.
1525 3423 1651 3476 llaec
1681 3438 1809 3492 ergo

238 3522 396 3571 nuntia
416 3520 782 3589 deponamus,
807 3529 863 3572 ut
884 3518 1222 3587 simusjusti,
1245 3527 1302 3571 ut
1330 3532 1523 3570 novum
1551 3516 1821 3570 hominem

239 3610 519 3665 induantur.
580 3610 731 3665 Nihil
788 3618 964 3675 vetus,
1019 3611 1149 3664 nihil
1194 3611 1334 3680 quod
1388 3618 1633 3679 apparet,
1692 3609 1824 3662 nihil

237 3705 359 3772 quod
380 3706 750 3776 corrumpitur
775 3715 828 3759 et
860 3706 1061 3768 interit,
1094 3705 1487 3775 possideamus.
1515 3703 1696 3758 Virtus
1719 3721 1822 3759 non

237 3806 309 3849 cst
331 3798 618 3865 laboriosa,
673 3814 779 3852 non
829 3808 913 3854 est
946 3798 1163 3854 difficile
1206 3808 1262 3852 ut
1302 3814 1368 3853 ex
1410 3814 1473 3853 ea
1520 3808 1681 3853 rectae
1719 3799 1826 3853 sint

234 3890 473 3945 actiones.

299 3981 371 4035 De
412 3982 690 4037 Monachis
732 3992 778 4036 et
820 3983 883 4036 de
936 3982 1226 4054 Virginibus
1286 3981 1488 4037 Christo
1527 3982 1726 4036 dicatis.
1755 4012 1825 4020 —

233 4071 337 4128 Non
366 4075 513 4130 vides
553 4090 660 4131 eos
689 4076 781 4145 qui
809 4083 934 4129 sunt
978 4076 1029 4128 in
1078 4074 1390 4129 montibus?
1438 4073 1511 4126 illi
1554 4085 1605 4127 et
1636 4072 1826 4126 domos

234 4166 495 4222 dimittunt
522 4177 579 4224 et
628 4183 828 4223 uxores
857 4177 913 4222 et
954 4167 1156 4223 liberos
1185 4176 1240 4221 et
1284 4182 1502 4221 onmem
1538 4166 1824 4236 prtefectu-

232 4275 335 4314 ram
358 4271 409 4316 et
435 4260 991 4327 administrationem,
1027 4272 1081 4317 et
1114 4271 1265 4317 extra
1293 4261 1550 4316 mundum
1585 4262 1681 4331 ipsi
1710 4276 1739 4313 a
1767 4275 1827 4314 se

233 4354 399 4420 positi,
431 4371 592 4411 sacco
627 4355 824 4422 induti,
851 4355 1126 4411 substrato
1152 4357 1357 4420 cinere,
1386 4356 1527 4411 collo
1546 4355 1826 4424 suspensis

231 4449 422 4516 asperis
466 4449 788 4514 collaribus,
838 4464 958 4503 cum
1012 4451 1063 4505 in
1115 4465 1308 4521 parvas
1356 4465 1414 4504 se
1458 4450 1826 4505 concluserint

232 4536 592 4609 domunculas,
627 4556 696 4596 ne
717 4541 782 4597 ad
810 4541 923 4597 lucc
948 4542 1167 4612 quidem
1193 4558 1363 4611 usque
1383 4543 1705 4608 consistunt,
1729 4542 1823 4596 sed

233 4639 285 4684 ct
304 4630 520 4700 jejuniis
541 4644 599 4688 et
629 4634 771 4688 fame
802 4644 1060 4704 perpetua
1089 4650 1149 4690 se
1176 4634 1440 4706 afﬂigunt.
1468 4635 1627 4704 Atqui
1651 4634 1694 4688 si
1724 4650 1825 4706 ego

232 4727 427 4793 quidem
472 4729 592 4784 hzec
626 4728 900 4798 juberem,
949 4745 1055 4785 non
1102 4745 1293 4783 omnes
1348 4729 1672 4785 resiliretis?
1717 4745 1822 4783 non

230 4815 466 4873 diceretis
512 4836 630 4874 rem
674 4834 796 4875 esse
832 4835 1052 4889 gravem
1091 4829 1145 4875 et
1184 4820 1503 4875 difficilem?
1548 4818 1688 4873 Nihil
1718 4820 1824 4874 tale

232 4911 339 4965 dico
369 4929 462 4969 vos
484 4924 745 4982 Oportere
773 4914 952 4970 facere
983 4933 996 4967 :
1028 4930 1153 4969 nam
1174 4914 1294 4969 velo
1317 4913 1555 4985 quidem,
1587 4912 1681 4968 sed
1716 4928 1819 4967 non

230 5003 334 5061 fero
354 5007 550 5079 legem.
584 5008 725 5075 Quid
765 5010 943 5079 ergo?
976 5008 1139 5064 Utere
1166 5008 1396 5069 balneis,
1440 5018 1493 5062 et
1539 5021 1665 5061 cura
1696 5020 1821 5061 cor-

231 5109 341 5163 pus,
372 5108 425 5153 et
453 5099 588 5154 vade
618 5099 685 5154 ad
714 5098 919 5165 forum,
949 5110 1004 5155 et
1043 5099 1182 5155 habe
1209 5099 1451 5179 domum,
1480 5106 1535 5153 et
1563 5098 1659 5152 tibi
1698 5112 1819 5153 ser-

231 5189 364 5245 viant
386 5193 646 5259 ministri,
675 5202 729 5249 et
749 5192 872 5248 cibo
896 5204 1131 5264 potuque
1155 5201 1306 5249 utere
1332 5210 1345 5247 :
1377 5193 1586 5263 expelle
1608 5208 1823 5262 semper

230 5285 494 5339 avaritiam
543 5296 601 5341 et
644 5286 1016 5357 cupiditatem.
1072 5287 1165 5342 llla
1216 5287 1359 5343 enim
1407 5298 1492 5342 est
1531 5302 1652 5358 quae
1695 5287 1824 5343 facit

231 5386 521 5445 peccatum,
545 5388 602 5434 et
628 5381 815 5435 eadem
841 5396 949 5447 res,
980 5381 1101 5450 plus
1120 5396 1278 5451 quam
1302 5396 1399 5451 par
1423 5381 1493 5435 sit
1517 5380 1818 5447 abundans,

231 5462 355 5521 facta
381 5478 465 5525 est
489 5482 795 5540 peccatum.
824 5470 942 5527 Non
959 5481 1043 5529 est
1072 5470 1252 5543 itaque
1281 5489 1435 5529 amor
1460 5474 1611 5546 plura
1643 5474 1824 5543 possi-

284 5606 353 5687 (9)
374 5609 449 5687 ξεξ
476 5612 809 5687 Cltrysostomi
833 5615 1011 5687 verbis,
1025 5616 1245 5687 arguitur
1266 5620 1469 5687 totagas
1486 5610 1599 5687 illos
1618 5608 1824 5687 circula-

230 5677 353 5720 tores
373 5673 549 5743 fuisse,
573 5673 946 5743 ani_spectaeu_li
963 5673 1175 5743 etstipis
1196 5673 1434 5743 cogendae
1450 5686 1594 5743 causa
1617 5674 1823 5743 circum-

230 5746 415 5838 quaque
437 5736 799 5790 discurrebimt.
826 5736 918 5787 Alii
940 5736 1171 5788 tibicities
1192 5736 1346 5788 fuisse
1369 5736 1539 5786 dicunt
1577 5749 1603 5784 a
1623 5747 1736 5791 λωτὸς
1764 5736 1823 5783 ti-

257 5808 317 5838 m-
357 5810 503 5838 mmm
530 5802 674 5838 miam
700 5815 790 5838 ηρι·
814 5829 834 5838 -
858 5802 1107 5838 aprinum-t2
1131 5802 1323 5838 nnirlam
1362 5813 1468 5838 διά,
1496 5812 1507 5838 3
1534 5810 1645 5838 num
1670 5799 1823 5838 inter.

257 5799 317 5852 in.
357 5810 503 5864 quam
530 5802 676 5850 etiam
700 5815 793 5864 per.
814 5829 835 5851 ο
858 5802 1107 5864 scripsere
1131 5802 1324 5863 quidam
1362 5813 1469 5858 me;
1496 5812 1507 5849 :
1534 5810 1645 5861 qua:
1670 5799 1824 5846 inter-

229 5862 429 5920 pretatio
453 5875 549 5913 nun
578 5862 760 5928 pugnat
783 5879 895 5916 cum
923 5862 1013 5915 ista
1038 5862 1381 5926 Chrysostomi.

1570 6010 1609 6037 ﬁ

1922 445 2080 500 dcndi
2128 450 2268 503 aliud
2318 468 2477 521 quant
2525 462 2822 520 peccatum.
2875 452 3007 507 Vide
3058 464 3236 509 autem
3266 474 3276 509 :
3311 455 3523 514 animus

1924 553 2043 592 cum
2070 541 2186 609 plus
2214 558 2374 612 quam
2406 559 2499 613 par
2520 545 2588 597 sit
2610 544 2772 599 fuerit
2802 546 3072 613 incitatus,
3103 558 3229 602 tune
3258 550 3522 606 exsiliens

1927 633 2222 688 maledictis
2268 637 2503 706 impetit,
2553 646 2676 691 tunc
2720 638 2914 706 injuste
2948 639 3073 693 facit
3117 643 3294 696 omnia
3326 662 3339 698 :
3371 660 3523 699 amur

1927 723 2108 779 itidem
2161 741 2490 796 corporum,
2556 731 2838 799 pecunia),
2892 730 3113 799 glorim,
3182 743 3235 787 et
3291 736 3520 791 aliorum

1927 818 2187 872 omnium.
2219 819 2327 874 Nec
2356 821 2481 873 milii
2512 821 2711 877 dixeris
2749 822 2866 876 illos
2894 825 3168 892 potuisse:
3200 828 3348 880 multi
3378 831 3520 882 enim

1929 920 1979 963 te
2012 912 2177 965 niulto
2207 913 2588 968 imbecilliores
2614 925 2667 969 et
2700 914 2921 970 ditiores
2949 925 3004 971 et
3028 917 3369 974 delicatiores
3400 938 3521 976 sus-

1927 1015 2184 1073 ceperunt
2230 1007 2374 1061 illam
2418 1008 2605 1061 duram
2650 1019 2703 1063 et
2745 1024 2993 1079 asperam
3042 1012 3223 1066 vitam.
3279 1014 3344 1069 Et
3391 1017 3520 1085 quid

1927 1097 2049 1151 dico
2077 1098 2265 1152 viros?
2294 1100 2485 1169 puclla:
2527 1101 2764 1155 nondum
2797 1102 2981 1170 viginti
3009 1118 3180 1158 annos
3209 1116 3368 1171 natze,
3400 1124 3520 1178 qua:

1930 1188 1981 1240 in
2012 1188 2261 1243 thalamis
2288 1200 2343 1246 et
2376 1192 2426 1245 in
2454 1193 2560 1245 vita
2588 1192 2859 1247 umbratili
2891 1202 3059 1247 totum
3094 1203 3306 1264 tempus
3340 1207 3520 1253 trans-

1928 1292 2165 1349 egerant,
2220 1291 2273 1335 et
2299 1283 2547 1351 jacebant
2596 1284 2645 1337 in
2694 1283 2943 1338 thalamis
2989 1284 3202 1340 refertis
3240 1292 3525 1359 unguentis

1928 1381 1982 1425 et
2007 1371 2279 1427 suffitibus
2304 1383 2357 1428 et
2386 1374 2436 1428 in
2467 1376 2613 1428 molli
2636 1375 2820 1440 cubili,
2854 1376 2983 1444 ipsae
3008 1387 3061 1430 et
3092 1387 3279 1433 natura
3314 1381 3524 1444 molles,

1927 1472 1981 1517 et
2013 1465 2173 1518 multa
2206 1466 2488 1521 curatione
2518 1466 2722 1522 effecta:
2755 1467 3051 1531 molliores,
3080 1469 3274 1538 quibus
3304 1481 3415 1526 toto
3438 1474 3525 1530 diu

1927 1559 2130 1613 nullum
2160 1561 2303 1616 aliud
2334 1572 2448 1617 erat
2480 1578 2616 1633 Opus
2645 1579 2803 1632 quam
2851 1548 2907 1618 ut
2935 1576 3280 1633 ornarentur,
3330 1578 3385 1625 et
3428 1586 3524 1625 an-

1929 1670 2046 1707 rmn
2095 1665 2387 1725 gestarent,
2429 1668 2479 1710 et
2522 1657 2773 1712 omnibus
2805 1659 3113 1715 fruerentur
3138 1660 3376 1730 deliciis;
3407 1680 3528 1734 quas

1930 1762 2034 1800 non
2068 1747 2197 1817 ipsa:
2225 1749 2325 1803 sibi
2357 1750 2758 1816 ministrabant,
2791 1751 2883 1805 sed
2915 1755 3112 1808 multas
3140 1754 3407 1810 habebant
3430 1775 3526 1810 an—

1928 1838 2079 1893 cillas
2107 1855 2227 1908 qme
2249 1842 2596 1907 assistebant,
2623 1852 2677 1896 et
2700 1843 2889 1897 molles
2913 1843 3185 1900 habebant
3212 1856 3388 1903 vestes
3411 1849 3527 1918 ipso

1927 1945 2156 2000 corpore
2182 1932 2480 1999 molliores,
2508 1945 2693 2002 utpote
2716 1934 2886 1989 lineas
2908 1936 3132 1990 subtiles
3164 1947 3217 1992 et
3242 1938 3525 2003 delicatas,

1927 2032 1981 2075 et
2020 2022 2235 2077 assidue
2280 2025 2509 2094 agebant
2554 2026 2606 2079 in
2648 2027 2786 2079 rosis
2840 2037 2893 2079 et
2926 2027 3233 2096 liujnsmodi
3270 2034 3526 2088 suavibus

1932 2113 2189 2168 odoribus
2216 2134 2229 2169 :
2264 2116 2379 2185 ipse
2409 2132 2538 2171 vero
2561 2126 2783 2186 repente
2811 2133 2837 2171 a
2867 2117 3063 2173 Christi
3090 2122 3211 2190 igne
3236 2136 3525 2195 correptae,

1928 2222 2047 2260 cum
2095 2222 2309 2261 omnem
2356 2208 2501 2263 illam
2552 2210 2833 2264 exuissent
2883 2211 3164 2266 mollitiem
3213 2225 3267 2267 et
3308 2214 3526 2278 fastum,

1929 2297 2265 2353 educationis
2309 2309 2364 2354 et
2405 2301 2579 2355 aetatis
2619 2301 2822 2367 oblitae,
2858 2311 3128 2371 tamquam
3171 2306 3377 2361 strenui
3405 2310 3524 2377 qui~

1929 2392 2050 2445 dam
2080 2393 2317 2460 athleta),
2343 2395 2596 2448 mollibus
2626 2394 2730 2448 illis
2751 2405 2946 2458 exutm,
2980 2396 3031 2449 in
3066 2396 3238 2450 media
3273 2399 3529 2469 ingressm

1930 2495 2053 2539 sunt
2083 2487 2399 2540 certamina.
2436 2486 2503 2539 Et
2530 2484 2753 2541 videbor
2779 2487 2995 2555 quidem
3023 2489 3203 2543 dicere
3233 2491 3493 2546 incredilii
3513 2526 3526 2534 -

1933 2577 2021 2640 lia,
2047 2577 2139 2630 sed
2176 2587 2352 2632 tamen
2377 2593 2524 2633 vera.
2556 2578 2663 2632 llas
2692 2578 2907 2648 quidem
2939 2579 3075 2634 adeo
3107 2582 3299 2636 molles
3328 2585 3533 2652 puellas

1930 2668 2105 2721 audivi
2135 2684 2193 2721 se
2221 2670 2285 2722 ad
2318 2680 2518 2723 tantam
2548 2670 2822 2739 redegisse
2848 2671 2974 2724 vitte
3003 2669 3256 2727 duritiem
3284 2683 3337 2728 et
3366 2690 3527 2746 aSpe-

1932 2759 2164 2826 ritatem,
2196 2771 2253 2813 ut
2302 2762 2617 2830 asperrimis
2647 2762 2836 2815 ciliciis
2866 2762 3006 2816 nuda
3049 2779 3145 2817 sua
3177 2780 3401 2834 corpora
3448 2768 3525 2821 in-

1930 2851 2179 2915 duerent,
2221 2863 2274 2905 et
2306 2853 2498 2906 molles
2550 2852 2622 2906 illi
2664 2852 2902 2907 calcanei
2932 2853 3093 2907 nullis
3120 2856 3318 2925 alligati
3349 2872 3531 2914 essent

1932 2945 2144 3009 calceis,
2194 2955 2246 2999 et
2289 2946 2339 2999 in
2392 2946 2522 3001 toris
2569 2946 2834 3000 cubarent
2878 2948 3170 3016 gramineis
3206 2968 3219 3003 :
3252 2950 3359 3004 imo
3401 2968 3532 3007 vero

1933 3038 2189 3107 majorem
2218 3039 2392 3094 noctis
2416 3048 2618 3108 partem
2639 3039 2943 3110 vigilarent,
2965 3050 3017 3094 et
3047 3057 3146 3095 nec
3169 3053 3524 3112 unguentum,

1933 3149 2031 3188 nee
2056 3134 2345 3203 quidquam
2371 3149 2434 3188 ex
2464 3133 2569 3187 illis
2596 3134 2836 3203 pristinis
2860 3145 3133 3197 curarent,
3169 3137 3263 3190 sed
3286 3147 3341 3193 et
3367 3151 3526 3209 caput

1932 3225 2074 3295 quod
2108 3227 2257 3295 prius
2296 3226 2365 3279 ita
2394 3226 2684 3280 curabatur
2705 3235 2759 3281 et
2789 3227 3103 3295 ornabatur,
3145 3229 3527 3299 negligeretur,

1934 3326 2136 3371 temere
2162 3326 2216 3372 et
2248 3317 2718 3371 indiscriminatim
2752 3318 2821 3372 ita
2853 3319 3045 3374 vinctis
3073 3321 3283 3389 capillis
3312 3332 3369 3374 ut
3399 3323 3530 3376 nihil

1934 3409 2195 3464 incideret
2224 3409 2561 3464 indecorum.
2589 3411 2768 3465 Mensa
2799 3421 2977 3465 autem
3018 3421 3103 3467 est
3127 3413 3208 3467 eis
3235 3414 3407 3469 solum
3438 3432 3502 3471 ve
3521 3450 3533 3458 -

1932 3504 2192 3572 spei-tina,
2242 3518 2450 3568 mensa,
2482 3518 2603 3573 quae
2642 3519 2818 3573 neque
2861 3504 2982 3558 olus
3024 3515 3107 3559 est
3148 3521 3320 3575 neque
3352 3509 3525 3576 panis,

1934 3596 2024 3650 sed
2049 3596 2222 3650 simila
2245 3605 2297 3651 et
2328 3594 2444 3650 faba
2468 3608 2519 3651 et
2544 3597 2686 3651 cicer
2707 3604 2761 3650 et
2785 3596 2918 3651 olea:
2937 3608 2990 3651 et
3016 3596 3166 3652 ficus.
3198 3599 3525 3669 Perpetuam

1932 3703 2145 3758 quoque
2171 3696 2255 3743 est
2281 3687 2359 3743 eis
2387 3687 2676 3742 laniﬁcium
2708 3704 2721 3741 :
2746 3697 2800 3743 et
2827 3697 2952 3742 sunt
2980 3704 3164 3743 earum
3188 3705 3347 3759 opera
3371 3692 3529 3763 l0nge

1932 3782 2176 3851 graviora
2199 3795 2358 3851 quam
2380 3779 2696 3834 ancillarum
2719 3780 3156 3834 domestiCarum.
3177 3782 3313 3849 Quid
3339 3785 3483 3838 enim
3508 3785 3530 3837 ?

1934 3885 2287 3946 susceperunt
2303 3874 2446 3929 enim
2470 3888 2562 3928 eas
2587 3872 2850 3928 curandas
2872 3890 2990 3944 quae
3014 3875 3259 3930 laborant
3280 3891 3529 3947 corpore,

1935 3968 2103 4023 lectos
2146 3975 2440 4037 portantes,
2477 3965 2642 4034 pedes
2670 3965 2912 4019 lavantes
2943 3983 2955 4018 :
2992 3967 3171 4020 multa:
3202 3983 3416 4038 quoque
3460 3986 3528 4023 ex

1937 4060 2016 4116 eis
2042 4075 2339 4131 coquorum
2370 4059 2664 4130 funguntur
2688 4058 2889 4114 officio.
2916 4059 3150 4115 Tantum
3186 4058 3365 4130 potest
3395 4065 3534 4132 ignis

1934 4152 2137 4207 Christi
2174 4170 2185 4206 :
2218 4154 2288 4207 ita
2315 4160 2562 4206 naturam
2592 4161 2811 4221 superat
2836 4152 2999 4204 animi
3028 4152 3295 4206 alacritas.
3332 4153 3526 4209 Verum

1935 4246 2077 4299 enim
2109 4260 2240 4299 vero
2282 4245 2411 4299 nihil
2462 4244 2567 4299 tale
2610 4260 2641 4297 a
2674 4244 2824 4298 vobis
2875 4244 3052 4314 exigo,
3095 4244 3527 4315 quandoquidem

1936 4340 2096 4395 vultis
2122 4338 2363 4408 superari
2391 4354 2419 4391 a
2453 4336 2786 4391 mulieribus.

2008 4434 2058 4486 4.
2103 4431 2229 4485 Hzec
2258 4430 2451 4485 saltem
2486 4428 2662 4493 facite,
2693 4444 2812 4498 quae
2853 4444 2959 4483 non
2993 4438 3117 4483 sunt
3141 4430 3322 4499 gravia
3358 4440 3411 4485 et
3436 4431 3533 4486 dif-

1936 4524 2098 4580 ficilia
2134 4541 2146 4577 :
2179 4539 2397 4578 manum
2433 4524 2707 4578 continete
2735 4532 2788 4577 et
2822 4523 3123 4595 impudicos
3153 4525 3356 4579 oculos.
3390 4526 3526 4594 Quid

1934 4619 2059 4686 hoc,
2091 4619 2177 4674 dic
2207 4618 2358 4682 mihi,
2387 4628 2471 4673 est
2496 4634 2679 4689 grave,
2710 4616 2836 4689 quid
2868 4616 3130 4673 difficile?
3155 4617 3306 4673 Justa
3346 4620 3525 4682 facite,

1934 4713 2136 4769 nemini
2167 4712 2415 4781 injuriam
2450 4712 2660 4777 inferte,
2692 4726 2867 4781 neque
2897 4725 3121 4781 pauper,
3153 4726 3326 4780 neque
3354 4712 3523 4775 dives,

1933 4823 2111 4878 neque
2140 4807 2229 4877 qui
2260 4807 2311 4861 in
2344 4805 2462 4861 foro
2488 4807 2743 4869 versaris,
2778 4820 2876 4859 nec
2911 4804 3001 4874 qui
3030 4820 3087 4859 es
3115 4805 3482 4859 mercenarius
3512 4826 3525 4859 :

1934 4911 2109 4973 potest
2136 4903 2281 4957 enim
2323 4902 2485 4955 etiam
2516 4899 2583 4954 ad
2614 4914 2875 4968 pauperes
2912 4912 3081 4965 usque
3108 4897 3399 4965 pervadere
3445 4898 3527 4951 in-

1928 4995 2158 5065 justitia.
2204 4993 2319 5048 Non
2349 4992 2542 5046 videtis
2571 5005 2730 5059 quam
2763 4989 2958 5043 multas
2992 4988 3075 5041 isti
3125 4989 3269 5042 cient
3302 5004 3528 5058 pugnas,

1933 5097 1988 5141 et
2028 5094 2279 5141 evertunt
2324 5082 2545 5137 onmia?
2573 5081 2739 5136 Utere
2788 5078 3152 5145 matrimonio,
3201 5079 3337 5133 habe
3367 5081 3530 5134 filios.

1934 5181 2111 5235 Etiam
2140 5178 2336 5233 Paulus
2369 5176 2449 5230 eis
2494 5172 2860 5243 prmcipiebat,
2909 5178 2966 5226 et
2996 5171 3060 5225 ad
3102 5186 3196 5225 eos
3237 5171 3524 5226 scribebat.

1932 5271 2178 5341 Magnum
2209 5265 2440 5323 eSIillud
2466 5274 2762 5328 certamen,
2792 5272 2846 5317 et
2874 5263 3014 5317 altus
3043 5261 3316 5330 scopulus,
3347 5272 3401 5317 et
3433 5276 3526 5316 ca-

1931 5382 2125 5423 cumen
2150 5373 2231 5419 est
2259 5361 2393 5417 carlo
2419 5359 2811 5430 propinquum;
2846 5370 3019 5425 neque
3044 5364 3197 5426 potes
3220 5353 3285 5407 ad
3306 5353 3354 5407 id
3383 5355 3526 5424 quod

1934 5474 2185 5530 magnum
2214 5465 2297 5511 est
2331 5450 2649 5524 pervenire?
2678 5447 2882 5504 Minora
2912 5461 3043 5515 ergo
3074 5445 3261 5499 saltem
3294 5454 3524 5505 sectare.

1933 5568 1987 5614 et
2010 5554 2257 5611 desidera
2290 5566 2409 5620 qua:
2455 5554 2580 5601 sunt
2615 5542 2892 5598 inferiora.
2928 5538 3043 5593 Non
3076 5546 3228 5607 potes
3274 5537 3527 5606 pecunias

1936 5648 2214 5706 effundere
2239 5646 2262 5699 ?
2297 5643 2500 5699 Saltem
2533 5653 2595 5693 ea
2623 5649 2742 5706 quze
2766 5640 2890 5687 sunt
2915 5631 3144 5685 aliorum
3174 5629 3280 5684 noli
3310 5645 3526 5700 rapere,

1935 5758 2035 5800 nec
2080 5742 2161 5796 fac
2208 5736 2477 5807 iniuriam.
2526 5730 2643 5786 Non
2691 5736 2843 5797 potes
2887 5722 3172 5795 jejunare?
3213 5722 3417 5777 Saltem
3466 5736 3531 5775 uc

1939 5833 2301 5911 progrediaris
2333 5830 2399 5885 ad
2441 5824 2683 5885 delicias.
2711 5821 2826 5877 Non
2852 5828 3003 5892 potes
3033 5819 3084 5874 in
3115 5827 3234 5874 toro
3264 5816 3529 5871 hcrbaceo
