4092 6492
585 323 652 377 99
1210 315 1266 370 S.
1305 312 1581 369 JOANNIS
1618 310 2092 369 CHRYSOSTOMI
2134 311 2447 368 ARCHIEP.
2489 313 3020 375 CONSTANTINOP.

571 433 802 486 cubare?
845 431 923 485 Ne
963 429 1088 484 mihi
1120 442 1400 497 compares
1433 426 1602 481 lectos
1647 434 1870 495 argento
1909 435 2150 490 ornatos,

571 526 664 580 sed
695 527 834 579 lecto
863 535 1012 578 utere
1043 533 1097 577 et
1121 521 1388 591 stragulis,
1419 535 1522 573 nou
1558 520 1710 573 faelis
1739 519 1805 572 ad
1833 518 2152 573 ostentatio—

572 634 716 683 nem,
756 617 849 671 sed
889 615 954 669 ad
1003 615 1264 683 requiem,
1312 626 1484 681 neque
1526 611 1692 665 lectos
1731 611 2042 664 eburneos:
2076 618 2154 662 te-

571 709 741 777 ipsum
769 704 1042 760 contrahe.
1065 703 1200 770 Quid
1236 701 1711 756 innumerabilibus
1732 717 1848 769 quze
1874 699 2150 768 importari

571 806 792 867 possunt
818 810 1009 850 navem
1050 795 1241 863 imples
1272 791 1609 846 onerariam?
1646 790 1702 845 Si
1731 791 1806 844 sis
1844 789 2149 843 moderatus

564 903 615 944 et
655 889 1005 957 compositus,
1053 887 1180 940 nihil
1212 885 1445 949 timebis,
1479 901 1584 936 non
1615 883 1892 949 invidiam,
1934 899 2038 935 non
2067 881 2147 933 la-

563 994 770 1043 trones.
812 997 918 1035 non
969 979 1329 1034 insidiatores.
1381 977 1498 1031 Non
1546 978 1688 1030 enim
1735 992 1795 1029 es
1842 985 1949 1029 tant
1996 974 2148 1027 dives

565 1075 825 1144 pecuniis,
865 1089 1023 1142 quam
1055 1073 1197 1126 curis
1231 1089 1242 1124 :
1277 1087 1381 1124 non
1412 1071 1482 1124 ita
1525 1068 1765 1122 abundas
1795 1066 2148 1136 possessioni-

563 1166 664 1221 bus
705 1177 764 1220 ut
806 1164 1094 1235 angoribus
1134 1173 1189 1217 et
1221 1162 1488 1231 periculis.
1541 1161 1638 1226 Qui
1673 1160 1912 1211 ditescere
1951 1159 2144 1221 volunt,

561 1259 751 1329 inquit,
785 1257 1080 1310 tentationcs
1128 1265 1172 1308 et
1201 1252 1632 1322 concupiscentia:
1657 1251 1836 1304 noxias
1863 1249 1957 1302 sibi
1986 1249 2144 1301 indu-

560 1359 680 1403 cunt
711 1349 788 1419 (1.
819 1347 953 1402 Tim.
981 1347 1032 1402 6.
1071 1347 1152 1415 9).
1184 1345 1309 1400 ila-c
1350 1345 1614 1398 sustinent
1641 1343 1726 1412 qui
1761 1342 1925 1396 multa
1957 1341 2144 1394 volunt

562 1442 856 1511 possidere.
901 1439 1015 1493 Non
1061 1441 1200 1503 dico,
1247 1439 1481 1491 Ministra
1514 1436 1808 1499 laboranti;
1855 1444 1909 1488 at
1953 1435 2142 1490 saltem

557 1537 689 1604 jube
719 1551 886 1604 puero
929 1544 987 1587 ut
1024 1535 1123 1587 boc
1151 1533 1326 1587 faciat.
1361 1532 1522 1586 Vides
1548 1548 1704 1600 quam
1745 1548 1850 1585 non
1881 1529 1952 1586 sit
1979 1544 2145 1601 grave

555 1638 611 1682 ct
631 1628 913 1680 molestum
933 1626 956 1680 ?
977 1624 1245 1696 quomodo
1271 1625 1411 1678 enim
1438 1633 1602 1688 esset,
1621 1639 1742 1677 cum
1771 1633 1968 1678 tenerae
1991 1622 2141 1692 puel-

557 1721 622 1773 l:e
649 1719 808 1786 longo
851 1719 1024 1786 spatio
1067 1734 1164 1772 nos
1194 1717 1559 1786 exsuperent?
1589 1715 1695 1769 Nos
1725 1716 1944 1786 pudeat,
1984 1729 2138 1783 rogo,

553 1810 696 1880 quod
725 1812 776 1864 in
814 1811 878 1864 iis
907 1826 1026 1877 qu:e
1056 1810 1121 1862 ad
1163 1808 1416 1861 mundum
1457 1807 1725 1876 pertinent
1767 1820 2029 1874 nusquam
2061 1807 2139 1858 eis

553 1901 813 1963 cedimus,
851 1914 956 1952 non
987 1900 1038 1952 in
1069 1899 1249 1964 bellis,
1281 1914 1386 1951 non
1420 1897 1471 1950 in
1501 1897 1916 1961 certaminibus;
1952 1896 2003 1950 in
2026 1895 2139 1964 spi-

555 1991 836 2044 titualibus
859 1997 1038 2043 autem
1059 1988 1444 2043 certaminibus
1473 1987 1592 2056 plus
1618 2002 1778 2058 quam
1807 2002 1906 2041 nos
1931 1985 2134 2052 ferunt,

551 2091 606 2134 et
641 2080 842 2148 majora
885 2079 1099 2148 rapiunt
1124 2079 1364 2148 prtcmia,
1392 2089 1445 2132 et
1473 2078 1654 2132 volant
1679 2078 1838 2131 altius
1865 2086 2136 2146 tamquam

548 2171 790 2242 qumdam
818 2172 1008 2241 aquila:
1033 2189 1046 2225 :
1076 2185 1174 2225 nos
1204 2181 1380 2225 autem
1406 2179 1672 2240 tamquam
1696 2170 1896 2240 graculi
1933 2169 2138 2224 inferne

546 2264 689 2316 circa
721 2261 960 2316 nidoretn
987 2269 1040 2315 et
1067 2262 1266 2315 fumum
1297 2277 1509 2330 semper
1538 2277 1834 2315 versamur.
1866 2262 1958 2315 Est
1991 2259 2134 2315 enim

549 2367 607 2407 re
634 2368 756 2406 vera
780 2351 1119 2422 graculorum
1164 2359 1218 2405 ct
1245 2351 1579 2421 ligurilorutn
1615 2367 1805 2405 canum
1834 2351 1902 2404 de
1929 2365 2129 2404 mensa:

536 2443 896 2500 structoribus
911 2450 962 2496 et
979 2440 1435 2510 coquiscogitare.
1468 2442 1602 2496 Audi
1633 2442 1836 2509 priscas
1866 2440 2128 2495 feminas:

547 2551 752 2605 magna:
777 2537 941 2598 enim,
975 2551 1178 2603 magna:
1207 2545 1258 2587 et
1285 2534 1628 2589 admirabiles
1656 2533 1870 2588 fuerunt
1896 2534 2128 2596 feminae,

546 2639 603 2682 ιιι
643 2628 793 2692 Sara,
830 2627 1090 2691 Rebecca,
1124 2625 1343 2690 Rachel,
1375 2627 1603 2690 Debora,
1636 2629 1786 2680 Anna
1819 2643 1833 2680 :
1863 2628 2133 2696 etiamque

545 2731 784 2790 tempore
814 2719 1008 2774 Christi
1035 2718 1171 2772 tales
1191 2728 1382 2781 erant;
1415 2717 1510 2771 sed
1541 2718 1684 2771 viros
1715 2733 1975 2787 nusquam
2004 2727 2129 2772 sunt

543 2821 929 2884 praetervectaz,
974 2812 1067 2866 sed
1097 2812 1273 2866 locum
1313 2811 1568 2865 tenebant
1609 2810 1904 2865 secundum
1938 2827 1950 2862 :
1988 2825 2129 2863 nunc

541 2916 720 2961 autem
767 2915 954 2960 contra
1002 2905 1213 2958 femina:
1258 2918 1356 2958 nos
1399 2913 1726 2972 praatereunt
1771 2913 1824 2958 et
1869 2903 2130 2958 obscuros

547 2999 797 3052 reddunt.
840 2998 1008 3064 Quam
1054 3004 1138 3049 est
1179 2995 1282 3049 hoc
1318 2995 1602 3049 ridiculum
1637 3006 1693 3049 et
1731 3010 1887 3064 quam
1921 2993 2128 3062 puden-

542 3089 700 3143 dum!
735 3088 840 3142 Nos
866 3089 1040 3142 locum
1069 3096 1312 3140 tenemus
1338 3085 1546 3153 capitis,
1574 3094 1630 3138 et
1653 3083 1916 3137 vincimur
1944 3099 1975 3137 a
2003 3097 2126 3137 eor-

545 3183 714 3251 pore‘t
761 3180 1052 3235 Constituti
1079 3193 1264 3232 sumus
1308 3187 1365 3230 ιιι
1411 3176 1490 3231 eis
1537 3179 1862 3246 imperemus
1895 3193 1908 3230 :
1938 3189 2042 3229 non
2072 3184 2131 3230 ut

543 3274 714 3325 solum
755 3271 1103 3340 imperemus,
1139 3269 1232 3323 sed
1275 3268 1603 3336 imperemus
1647 3269 1700 3322 in
1739 3268 1954 3323 virtute.
1995 3267 2126 3322 Nam

542 3365 630 3432 qtti
663 3363 915 3431 imperat,
945 3361 1048 3415 hoc
1077 3359 1306 3414 maxime
1343 3359 1504 3413 debet
1545 3358 1831 3428 imperare,
1865 3369 1922 3412 nt
1953 3360 2128 3415 vincat

540 3455 739 3509 virtute
773 3472 788 3508 :
819 3453 902 3506 sin
928 3461 1106 3505 autem
1136 3461 1440 3519 superatur,
1491 3465 1595 3504 non
1634 3450 1866 3519 amplius
1900 3450 2129 3521 imperat

543 3561 642 3600 nec
669 3553 814 3598 tenet
842 3543 1222 3612 principatum.

614 3637 890 3692 Mulierum
916 3636 1121 3688 virtutes
1143 3644 1188 3686 et
1213 3633 1352 3688 vitia.
1377 3663 1448 3672 --
1470 3633 1686 3687 Vidistis
1707 3643 1902 3702 quanta
1924 3633 1992 3686 sit
2020 3631 2128 3686 vir-

540 3744 624 3786 tus
647 3732 908 3786 adventus
928 3727 1166 3782 Christi?
1195 3725 1462 3796 quomodo
1485 3727 1910 3780 exsecrationem
1940 3724 2122 3778 solve-

540 3825 610 3879 rit
639 3835 691 3878 et
713 3821 1141 3878 maledictionem
1159 3819 1183 3872 ?
1201 3819 1384 3873 Plures
1415 3819 1557 3873 enim
1582 3827 1708 3872 sunt
1728 3818 1964 3884 virgines
1985 3815 2123 3884 apud

541 3917 814 3978 mulieres,
848 3913 1019 3982 major
1045 3922 1128 3967 est
1155 3911 1291 3982 apud
1326 3911 1445 3966 illas
1473 3909 1824 3981 temperantia
1851 3918 1907 3963 et
1934 3907 2090 3961 mode
2109 3935 2122 3947 -

539 4009 697 4070 ratio,
739 4006 926 4075 plures
953 4004 1233 4058 viduitates
1263 4021 1276 4056 :
1305 4003 1510 4056 nullum
1552 4001 1775 4056 verbum
1812 3999 2124 4053 obscmnum

541 4097 738 4152 femina
782 4097 888 4150 cito
926 4094 1184 4149 emiserit.
1214 4093 1324 4147 Cur
1356 4103 1408 4146 ιιι
1448 4106 1597 4161 ergo,
1630 4089 1717 4144 die
1758 4089 1909 4153 mihi,
1945 4088 2119 4157 turpia

3746 328 3844 385 100

2263 435 2318 479 et
2342 426 2592 481 obscaena
2618 428 2890 498 loqueris?
2928 431 3004 485 Ne
3048 432 3180 487 inihi
3212 433 3356 490 cuitu
3389 436 3586 492 dist-tis
3619 441 3842 498 feminas

2262 514 2563 583 deploratas
2593 535 2604 569 :
2629 529 2713 571 est
2741 520 2954 587 quidem
2993 538 3159 590 genus
3191 526 3471 580 mulierum
3500 531 3581 583 sui
3616 537 3837 587 ornandi

2259 607 2576 669 studiosum,
2605 617 2658 662 et
2684 607 2785 662 hoc
2813 621 2894 665 est
2920 612 3037 680 ejus
3055 613 3327 671 delictum.
3372 617 3476 672 Sed
3505 621 3556 674 in
3582 621 3680 675 hoc
3707 640 3840 693 qun-

2259 712 2364 767 que
2393 713 2484 752 vos
2514 700 2612 752 viri
2644 699 2877 768 vincitis,
2901 705 2988 773 qui
3021 704 3123 760 illis
3145 723 3298 777 teque
3318 709 3656 768 delectamini
3681 727 3838 786 atque

2257 801 2444 843 ornatu
2478 793 2711 859 proprio.
2740 793 2852 846 Non
2877 794 3019 849 enitu
3049 799 3298 853 existimo
3321 803 3597 858 mulierem
3626 805 3698 860 ita
3727 811 3838 866 suis

2257 883 2432 935 aureis
2476 885 2653 936 ornari
2695 890 3047 954 ornamentis,
3091 900 3146 943 nt
3178 893 3426 958 maritum
3473 897 3698 955 uxoris:
3728 916 3840 958 non

2259 973 2326 1025 ita
2360 974 2459 1027 sibi
2493 977 2665 1044 placet
2709 977 2777 1031 ob
2825 995 3011 1032 zonam
3055 997 3294 1050 auream,
3340 963 3498 1055 quam
3531 993 3669 1058 quod
3701 1009 3838 1047 uxor

2253 1079 2443 1116 aurum
2483 1074 2674 1134 gestet.
2705 1067 2879 1134 Quare
2906 1070 2958 1123 in
2990 1087 3081 1124 ves
3106 1089 3318 1144 quoque
3345 1092 3504 1132 causa
3535 1092 3614 1134 est
3645 1083 3832 1139 c0nfe-

2253 1154 2437 1218 renda,
2467 1155 2557 1224 qui
2583 1159 2867 1212 scintillam
2899 1163 3142 1215 excitatis
3180 1175 3233 1217 et
3268 1165 3536 1222 flammam
3583 1174 3836 1228 accendi-

2255 1245 2340 1298 tis.
2368 1247 2577 1316 Alioqui
2601 1261 2774 1304 autem
2801 1268 2903 1306 non
2931 1264 3013 1306 est
3041 1265 3242 1310 tantum
3265 1269 3536 1326 peccatum
3568 1265 3827 1334 mulieris,

2251 1347 2503 1404 quantmu
2536 1350 2619 1393 est
2645 1342 2696 1394 in
2728 1342 2859 1395 viro.
2888 1343 2965 1396 Tu
2991 1361 3051 1399 es
3078 1349 3398 1403 constitutus
3430 1361 3483 1404 ut
3505 1352 3647 1407 illam
3676 1370 3830 1411 com-

2250 1441 2458 1496 ponas:
2491 1429 2688 1497 ubique
2737 1432 2816 1485 vis
2864 1433 3061 1489 habere
3101 1437 3298 1504 primas
3346 1450 3523 1507 partes
3557 1461 3570 1496 ε
3603 1459 3730 1513 ergo
3772 1446 3829 1501 in

2251 1518 2352 1570 hoc
2378 1533 2590 1588 quoque
2614 1523 2839 1578 ostende
2867 1540 2933 1578 ex
2965 1527 3122 1581 rebus
3151 1527 3274 1594 tuis,
3305 1531 3447 1598 quod
3474 1533 3616 1588 illius
3641 1551 3833 1604 super-

2247 1613 2466 1667 vacanei
2492 1625 2737 1684 sumptus
2763 1619 2904 1671 nulla
2938 1620 3031 1674 tibi
3056 1621 3126 1674 sit
3153 1622 3306 1676 ratio.
3342 1625 3437 1679 Est
3457 1631 3622 1697 magis
3647 1642 3829 1700 aptum

2248 1716 2300 1760 et
2325 1707 2652 1762 conveniens
2677 1711 2886 1765 mulieri
2911 1722 2969 1766 ut
2987 1726 3228 1779 ornetur,
3259 1733 3415 1785 quam
3446 1721 3580 1774 viro.
3604 1722 3831 1789 Quando

2247 1812 2377 1866 ergo
2425 1809 2477 1851 tu
2511 1814 2614 1853 non
2655 1800 2866 1870 effugis,
2903 1806 3173 1872 quomodo
3201 1807 3294 1860 illa
3338 1809 3594 1879 elIugiet?
3619 1813 3830 1868 llabent

2248 1887 2352 1941 illa:
2381 1889 2541 1941 etiam
2570 1891 2854 1958 quamdam
2896 1893 3106 1948 inanem
3134 1896 3356 1965 gloriam
3381 1915 3394 1962 ;
3440 1900 3534 1953 sed
3561 1900 3662 1955 hoc
3690 1919 3830 1973 quo-

2245 1994 2348 2047 que
2388 1991 2470 2032 est
2496 1981 2622 2034 viris
2661 1997 2948 2038 commune
2980 2001 2994 2041 :
3024 1995 3152 2040 sunt
3189 1988 3488 2055 iracundae;
3535 2003 3589 2046 et
3615 1992 3718 2050 hoc
3745 2005 3831 2050 cst

2243 2084 2546 2124 commune.
2587 2073 2641 2124 lu
2685 2073 2879 2141 quibus
2921 2086 3098 2130 autem
3131 2090 3401 2146 superant,
3449 2097 3511 2136 ea
3557 2099 3662 2137 non
3701 2097 3834 2140 sunt

2242 2161 2470 2228 amplius
2501 2166 2826 2230 communia,
2875 2170 3190 2236 gravitatem
3219 2171 3340 2226 dico
3385 2183 3438 2228 et
3465 2175 3825 2246 honestatem,

2242 2251 2526 2316 fervorem,
2561 2255 2826 2322 pietatem,
2861 2273 2986 2327 erga
3015 2261 3284 2317 Christum
3311 2265 3679 2323 dilectionem.
3712 2273 3830 2327 Cur

2239 2360 2385 2413 ergo,
2420 2346 2648 2416 inquies,
2693 2350 2772 2403 eis
2803 2350 3078 2407 interdixit
3119 2356 3246 2409 sede
3275 2358 3554 2414 doctoris?
3600 2362 3692 2418 Est
3721 2367 3830 2418 hoc

2239 2452 2450 2506 quoque
2495 2440 2723 2507 signum,
2755 2443 2893 2510 quod
2937 2447 3158 2500 multum
3201 2448 3425 2505 interest
3467 2451 3608 2507 inter
3645 2471 3738 2510 eas
3767 2470 3827 2512 et

2239 2530 2400 2592 viros,
2441 2541 2495 2584 et
2519 2535 2660 2601 quod
2689 2550 2894 2603 magna:
2926 2538 3120 2592 fuerint
3146 2556 3264 2609 quae
3292 2553 3416 2597 tunc
3457 2557 3629 2601 erant.
3659 2548 3830 2604 Paulo

2237 2619 2525 2687 enitn,dic,
2545 2639 2745 2694 qiueso,
2781 2626 3008 2682 docente
3037 2639 3089 2683 et
3123 2631 3279 2685 Petro
3309 2634 3413 2686 illis
3442 2638 3662 2702 sanctis,
3700 2657 3824 2694 tutt-

2237 2713 2492 2768 lieremne
2521 2716 2587 2771 ad
2627 2733 2744 2771 eam
2783 2736 2895 2774 rem
2927 2722 3173 2788 prosilire
3201 2728 3510 2793 Oporteret?
3541 2728 3690 2784 Nunc
3721 2747 3824 2786 au-

2239 2817 2342 2862 tern
2370 2824 2434 2862 eo
2475 2811 2717 2864 venimus
2764 2814 3016 2883 nequitia:
3056 2827 3108 2870 et
3149 2817 3528 2886 improbitatis,
3577 2823 3825 2878 utetiam

2237 2899 2429 2952 merito
2473 2912 2745 2970 qumratur
2789 2918 2887 2957 cur
2933 2921 3036 2958 non
3078 2906 3274 2961 docent
3324 2911 3619 2966 mulieres:
3653 2927 3826 2983 usque

2235 2990 2369 3045 adeo
2393 2991 2706 3046 advenimus
2731 2994 2797 3048 ad
2828 3011 3009 3050 earum
3043 2997 3482 3055 imbecillitatem.
3535 3002 3659 3058 lltec
3681 3004 3824 3071 dixi,

2237 3097 2340 3135 non
2366 3083 2507 3152 quod
2538 3084 2694 3138 velim
2727 3101 2818 3140 eas
2845 3086 3123 3152 extollere,
3160 3089 3252 3142 sed
3297 3092 3449 3144 nobis
3488 3095 3615 3164 ipsis
3646 3097 3826 3164 pudo~

2235 3191 2349 3230 rem
2379 3175 2647 3244 incutere,
2682 3179 3004 3250 erudireque
3025 3191 3079 3236 et
3101 3197 3340 3246 monere,
3371 3195 3425 3237 nt
3450 3185 3736 3255 imperium
3771 3201 3828 3244 et.

2237 3267 2590 3335 principatum
2617 3270 2704 3336 qui
2737 3271 2890 3324 nobis
2933 3273 3178 3326 convenit
3226 3275 3598 3343 suscipiamus,
3630 3295 3735 3333 non
3767 3294 3825 3334 ut

2232 3359 2400 3412 simus
2437 3361 2689 3428 majores,
2718 3362 2814 3417 sed
2855 3373 2911 3417 ut
2954 3366 3328 3433 provideamus
3372 3379 3425 3422 et
3451 3385 3632 3425 curam
3662 3389 3827 3442 gera-

2233 3465 2350 3503 mus
2373 3459 2428 3504 et
2447 3465 2512 3504 ex
2537 3453 2733 3508 virtute
2754 3454 2914 3507 vitam
2939 3455 3296 3512 instituamus.
3324 3459 3470 3514 Tunc
3495 3462 3636 3516 enim
3672 3464 3724 3515 in
3757 3480 3825 3517 eo

2233 3551 2372 3595 statu
2407 3543 2459 3596 in
2485 3560 2591 3612 quo
2628 3547 2881 3599 convenit
2928 3547 3032 3601 erit
3057 3563 3274 3618 Corpus,
3311 3554 3527 3620 quando
3554 3556 3822 3624 Optimum

2234 3633 2528 3702 principem
2567 3637 2657 3704 qui
2703 3637 2754 3690 ei
2796 3637 3020 3706 imperet
3065 3639 3223 3694 fuerit
3265 3657 3632 3712 assequntum.
3666 3647 3826 3704 Faxit

2231 3730 2412 3776 autem
2457 3724 2598 3777 Deus
2639 3734 2784 3779 utet
2824 3727 3035 3783 femina:
3073 3739 3128 3785 et
3172 3733 3270 3786 viri
3316 3735 3381 3786 ad
3427 3735 3519 3789 Dei
3566 3737 3822 3806 placitum

2233 3828 2420 3867 omnes
2462 3815 2662 3880 vivant,
2711 3827 2768 3870 ut
2793 3819 2937 3887 digni
2977 3836 3165 3876 omnes
3209 3823 3501 3879 liabeamur
3532 3828 3581 3880 itt
3612 3829 3703 3883 illo
3731 3830 3824 3886 die

2236 3905 2459 3958 terribili
2506 3907 2594 3975 qui
2646 3907 2882 3962 fruamur
2929 3911 3256 3982 benignitate
3300 3916 3532 3983 Domini,
3577 3931 3632 3974 et
3681 3921 3823 3976 bona

2234 3999 2492 4065 promissa
2549 4015 2978 4071 consequamur,
3031 4006 3083 4058 in
3141 4005 3358 4062 Christo
3409 4009 3538 4066 Jesu
3593 4013 3826 4069 Domino

2234 4095 2439 4143 nostro.

543 4221 3829 4252 W

1897 4295 2244 4357 HOMILIA
2289 4297 2460 4357 XIV.

537 4447 668 4503 Car.
717 4448 770 4502 4.
820 4462 875 4500 v.
915 4444 1004 4501 25.
1043 4445 1261 4514 Propter
1286 4441 1421 4514 quod
1451 4441 1758 4509 deponentes
1787 4442 2124 4507 mendacium,

611 4541 873 4611 loquimini
908 4540 1168 4594 veritatem
1206 4537 1545 4604 unusquisque
1579 4550 1694 4588 cum
1739 4536 1970 4604 proximo
1999 4551 2091 4589 suo
2113 4552 2131 4589 ε

609 4635 846 4704 quoniam
892 4647 1066 4686 sumus
1092 4630 1302 4682 invicem
1341 4627 1584 4680 membra.
1633 4626 1724 4680 26.
1769 4625 2063 4678 lrascimiai
2086 4637 2131 4678 et

613 4726 768 4779 nolite
815 4738 1021 4793 peccare
1059 4736 1076 4774 :
1115 4720 1192 4774 sol
1246 4735 1347 4771 non
1390 4717 1586 4770 occidat
1629 4733 1779 4783 super
1816 4716 2131 4770 iracundiam

613 4829 827 4874 vestram
858 4835 874 4871 :
903 4817 994 4870 27.
1021 4814 1176 4868 nolite
1208 4813 1372 4866 locum
1401 4811 1524 4865 dare
1549 4810 1771 4865 diabolo.

615 4914 665 4968 1.
700 4909 834 4965 Cum
865 4909 932 4962 de
961 4908 1128 4961 veteri
1177 4904 1394 4959 homine
1439 4904 1690 4958 universe
1734 4903 1962 4958 dixisset
1991 4913 2045 4957 et
2077 4904 2128 4957 in

542 5017 757 5070 genere,
772 5001 882 5068 jam
906 5013 1028 5052 eum
1056 4995 1310 5050 describit
1334 4995 1496 5049 etiam
1527 4995 1816 5064 sigillatim.
1844 4993 1967 5048 ila-c
1987 4995 2129 5048 enim

461 5096 463 5099 ’
541 5092 784 5147 doctrina
812 5099 896 5144 est
925 5086 1134 5141 facilior
1157 5085 1225 5140 ad
1255 5085 1587 5149 discendum,
1622 5084 1834 5154 quando
1861 5085 2021 5139 etiam
2050 5085 2130 5138 di-

540 5185 740 5239 scimus
785 5179 1115 5251 singulatim.
1158 5177 1294 5244 Quid
1327 5187 1505 5231 autem
1537 5176 1704 5231 dicit?
1747 5175 1964 5246 Propter
1993 5175 2129 5246 quod

542 5278 848 5341 deponentem
872 5269 1212 5323 mendacium.
1242 5267 1395 5336 Quod
1435 5267 1810 5322 mendacium?
1839 5283 1966 5321 num
2002 5267 2129 5320 dicit

541 5366 714 5420 idola?
737 5363 850 5418 Non
880 5362 946 5417 de
973 5362 1038 5416 iis
1064 5361 1193 5416 dicit
1214 5379 1226 5416 :
1247 5376 1367 5414 nam
1392 5360 1504 5414 hmc
1527 5359 1742 5429 quidem
1763 5368 1886 5414 sunt
1911 5359 2132 5412 menda-

541 5457 719 5522 cium;
737 5455 829 5510 sed
850 5455 917 5510 de
939 5453 1041 5507 illis
1062 5468 1166 5507 non
1188 5467 1328 5507 nunc
1345 5453 1547 5522 agitur;
1570 5452 1699 5504 nihil
1721 5451 1863 5506 enim
1885 5450 1966 5505 bis
1984 5466 2130 5504 com-

541 5563 704 5603 mune
727 5564 853 5603 cum
887 5549 992 5603 illis
1019 5568 1032 5602 :
1063 5549 1157 5603 sed
1186 5547 1254 5603 de
1284 5547 1563 5602 mendacio
1593 5545 1735 5615 quod
1766 5545 1968 5615 profert
1993 5545 2131 5600 alter

539 5655 662 5694 ettm
702 5640 872 5695 altero
897 5681 911 5706 ,
945 5640 1087 5712 quod
1116 5651 1198 5696 est
1225 5641 1470 5695 dolosum
1496 5647 1552 5693 et
1579 5637 1993 5693 fraudulentum.
2024 5637 2128 5691 Lo-

539 5731 750 5800 quimini
770 5733 1021 5793 veritatem
1045 5736 1384 5804 utntsquisqne
1404 5749 1517 5787 cum
1538 5731 1768 5802 proximo
1790 5745 1902 5785 suo.
1927 5727 2131 5789 Deinde

2237 4442 2376 4512 quod
2405 4444 2566 4498 etiam
2596 4443 2854 4514 pudorem
2885 4448 3050 4517 magis
3079 4449 3265 4504 incutit
3299 4469 3310 4503 :
3348 4451 3598 4517 Quoniam
3643 4473 3829 4512 sumus

2234 4537 2442 4590 invicem
2465 4539 2705 4604 membra,
2726 4555 2885 4593 nemo
2915 4540 3146 4610 decipiat
3177 4544 3498 4612 proximum.
3517 4546 3669 4614 Quod
3699 4552 3828 4618 qni-

2236 4627 2357 4681 dem
2385 4627 2511 4682 dicit
2542 4630 2982 4700 psalmographus
3011 4631 3060 4684 id
3101 4648 3312 4687 sursum
3344 4646 3397 4688 et
3425 4636 3678 4690 deorsum
3705 4641 3830 4709 agi-

2238 4728 2377 4786 tans,
2396 4719 2554 4774 Labia
2575 4722 2752 4776 dolosa
2767 4722 2818 4775 in
2841 4724 3010 4787 corde,
3025 4734 3070 4777 et
3090 4724 3142 4777 in
3167 4726 3317 4779 corde
3337 4728 3570 4796 loquutus
3591 4739 3663 4783 est
3684 4735 3829 4786 mala

2235 4809 2420 4878 (Psal.
2469 4813 2555 4865 ll.
2592 4813 2660 4866 15
2683 4812 2724 4881 ).
2758 4813 2896 4866 Nihil
2928 4824 3011 4869 est
3036 4816 3206 4882 enim,
3230 4817 3362 4871 nihil
3389 4827 3471 4872 est
3497 4820 3636 4888 quod
3667 4837 3832 4889 teque

2236 4902 2408 4971 pariat
2456 4903 2798 4968 inimicitias,
2831 4912 2990 4975 atque
3036 4905 3285 4975 decipere
3329 4918 3383 4961 et
3431 4909 3632 4964 fallere.
3688 4911 3832 4964 Vide

2233 4992 2500 5062 quomodo
2526 4993 2604 5048 eis
2633 4994 2826 5064 ubique
2856 4996 3112 5065 pudorem
3142 4998 3360 5052 incutiat
3383 5015 3478 5068 per
3503 5014 3720 5069 corpus.
3750 5003 3834 5054 Ne

2236 5084 2378 5138 fallat
2406 5125 2419 5149 ,
2449 5085 2620 5154 inquit
2642 5126 2657 5150 ,
2688 5087 2875 5141 oculus
2904 5088 3090 5155 pedem
3117 5129 3131 5153 ,
3164 5104 3336 5158 neque
3367 5105 3460 5158 pes
3487 5094 3723 5144 oculum.
3759 5093 3836 5147 Ut

2236 5188 2355 5246 puta
2379 5217 2393 5238 ,
2435 5177 2480 5229 si
2509 5177 2579 5230 sit
2605 5176 2744 5231 fossa
2773 5178 3031 5247 profunda
3057 5220 3072 5244 ,
3101 5188 3158 5233 et
3189 5195 3349 5250 super
3391 5193 3588 5236 terram
3633 5187 3834 5252 positis

2234 5267 2584 5321 arundinibus
2625 5277 2683 5321 et
2727 5280 2866 5323 terra
2911 5271 3148 5339 opertis,
3181 5271 3232 5324 in
3271 5272 3557 5340 superficie
3587 5276 3838 5344 praebeat

2234 5360 2402 5415 oculis
2435 5360 2742 5430 opinionem
2773 5370 2929 5415 terrae
2956 5363 3178 5427 solidzn;
3226 5379 3405 5417 annon
3438 5372 3618 5419 utetur
3643 5365 3788 5434 pede
3818 5409 3834 5429 ,

2235 5464 2293 5506 ut
2341 5453 2474 5506 sciat
2521 5468 2648 5507 num
2696 5454 2765 5507 sit
2814 5453 3037 5509 inferius
3064 5470 3327 5521 vacuum,
3357 5471 3423 5510 an
3456 5459 3758 5511 remittatur
3779 5470 3840 5512 et

2234 5545 2490 5600 resistat?
2516 5559 2642 5600 num
2672 5561 2776 5600 non
2807 5546 2950 5600 fallat
2971 5561 3089 5615 pes,
3113 5549 3206 5602 sed
3233 5547 3376 5617 quod
3403 5556 3488 5603 est
3514 5548 3792 5602 renuntiet
3812 5550 3841 5602 ?

2233 5635 2369 5702 Quid
2391 5650 2539 5700 vero,
2560 5635 2604 5691 si
2625 5645 2925 5704 serpentem
2945 5636 3139 5692 viderit
3155 5639 3364 5702 oculus,
3382 5647 3474 5692 aut
3492 5640 3678 5703 ferant,
3697 5653 3839 5692 num

2234 5725 2368 5783 fallit
2399 5727 2632 5798 pedem?
2660 5743 2766 5783 non
2797 5727 2979 5784 statim
3011 5728 3328 5784 renuntiat?
3376 5729 3462 5784 ille
3491 5737 3670 5784 autem
3702 5742 3833 5782 cum
