4092 6496
486 309 583 364 101

486 422 834 497 ἑπιϐουλεύῃ.
868 423 1033 494 φησί;
1062 423 1133 476 Τὸ
1163 424 1357 494 ἀληθὲς
1386 424 1544 494 μάθε’
1579 426 1645 479 ἂν
1692 426 1801 497 γὰρ
1835 427 2060 481 ἐπιϐου-

486 515 638 590 λεύῃ.
668 517 768 571 ούκ
799 517 913 571 ἐστι
946 518 1122 589 μέλος.
1153 513 1287 570 Εἷπε
1317 518 1395 583 δὲ,
1415 519 1506 591 Μὴ
1538 520 1799 589 ψεύδεσθε
1828 522 1966 594 πρὸς
1998 523 2068 577 τὰ

489 613 641 688 [104]
671 616 830 687 μέλη.
875 615 1224 685 Ὀργίζεσθε,
1264 616 1362 670 καὶ
1391 616 1478 687 μὴ
1510 618 1892 688 ἁμαρτάνετε.
1922 621 2068 693 Ὅρα

492 711 725 765 σύνεσιν·
756 715 849 767 καὶ
886 712 1033 781 λέγει
1057 713 1205 776 ὅπως
1230 711 1305 783 μὴ
1346 714 1775 786 ἁμαρτήσωμεν,
1804 718 1898 770 καὶ
1920 734 2068 787 παρ-

489 807 828 872 ακούσαντας
855 808 1014 862 πάλιν
1039 809 1138 861 οὐκ
1162 809 1652 879 ἐγκαταλιμπάνει-
1683 813 1742 864 ού
1768 811 1874 884 γάρ
1900 813 2067 882 ἀφίη-

493 918 576 955 σιν
604 903 765 956 αὑτοῦ
794 903 862 956 τά
892 902 1172 974 σπλάγχνα
1197 903 1265 957 τά
1283 907 1648 975 πνευματικά.
1672 907 1937 979 Καθάπερ
1959 907 2067 978 γὰρ

489 1000 517 1052 ό
546 997 725 1069 ἰατρὸς
742 998 1048 1069 διαγορεύει
1082 1000 1179 1069 μὲν
1200 999 1268 1052 τά
1286 1001 1534 1070 πρακτέα
1556 1001 1635 1072 τῷ
1670 1003 1951 1072 κάμνοντι,
1971 1005 2066 1057 καὶ

490 1092 569 1164 μὴ
613 1094 981 1163 ἀνασχομένου
1001 1092 1059 1146 δέ
1095 1094 1245 1162 ὅμως
1290 1095 1353 1146 οὐ
1390 1099 1737 1165 καταφρονεῖ,
1785 1096 1920 1151 ἀλλά
1967 1099 2066 1169 τὴν

489 1191 555 1243 ἐκ
575 1188 674 1259 τῆς
709 1187 930 1253 πειθοῦς
947 1188 1180 1256 είσάγων
1202 1190 1531 1259 συμϐουλὴν,
1564 1190 1856 1257 θεραπεύει
1881 1192 2061 1258 πάλιν,

487 1284 632 1337 οὕτω
664 1284 759 1337 καὶ
793 1286 821 1336 ό
872 1282 1100 1347 Παῦλος.
1143 1282 1201 1336 Ὀ
1243 1284 1341 1354 μὲν
1369 1286 1479 1357 γὰρ
1523 1289 1698 1340 ἐκεῖνο
1748 1288 1934 1352 ποιῶν,
1965 1290 2066 1360 τὴν

489 1378 651 1444 δόξαν
685 1380 843 1450 μόνον
872 1379 1054 1450 ζητεῖ,
1096 1382 1190 1434 καὶ
1234 1381 1316 1434 ὅτι
1349 1383 1725 1455 κατεφρονήθη
1771 1384 2023 1438 δάκνεται
2047 1401 2061 1415 ·

489 1478 518 1529 6
555 1476 610 1528 δὲ
644 1474 920 1544 πανταχοῦ
963 1475 1061 1545 τὴν
1092 1477 1280 1546 ὑγείαν
1306 1476 1397 1531 τοῦ
1434 1478 1729 1549 κάμνοντος,
1766 1479 2063 1551 ἐπιζητῶν,

491 1571 627 1640 πρὸς
661 1569 716 1621 ἓν
744 1569 906 1623 τοῦτο
937 1571 1095 1639 μόνον
1128 1574 1250 1644 ὁρᾷ,
1297 1573 1446 1636 ὅπως
1498 1575 1778 1650 ἀναστήσῃ
1809 1576 1900 1629 τὸν
1948 1578 2062 1631 κεί-

493 1681 674 1733 μενον.
706 1664 875 1717 Τοῦτο
922 1666 1015 1717 καὶ
1061 1667 1089 1718 6
1140 1666 1351 1730 Παῦλος
1385 1670 1546 1721 ποιεῖ.
1602 1668 1737 1723 Εἷπε
1766 1710 1781 1734 ,
1811 1671 1903 1741 Μὴ
1930 1672 2064 1742 ψεύ-

488 1759 664 1812 δεσθε·
696 1762 745 1813 εἰ
768 1760 825 1812 δέ
855 1776 984 1813 ποτε
1004 1761 1213 1828 γένοιτο
1231 1762 1338 1815 ἀπὸ
1366 1762 1592 1833 ψεύδους
1616 1764 1775 1836 ὀργὴ,
1799 1767 2067 1822 καὶτοῦτο

490 1855 785 1927 θεραπεύει
815 1857 996 1910 πάλιν.
1021 1857 1087 1909 Τί
1107 1859 1215 1927 γάρ
1247 1875 1446 1928 φησιν;
1488 1860 1836 1929 ὀργίζὲσθε,
1856 1864 1954 1917 καὶ
1979 1864 2065 1933 μὴ

490 1950 874 2022 ἁμαρτάνετε.
909 1950 1086 2004 Καλὸν
1112 1953 1211 2022 μὲν
1235 1954 1344 2022 γὰρ
1368 1954 1426 2006 τὸ
1457 1954 1531 2025 μὴ
1560 1954 1899 2025 ὀργίζεσθαι·
1931 1961 1978 2012 εί
2010 1958 2067 2013 δέ

488 2064 572 2110 τις
605 2046 833 2116 ἐμπέσοι
863 2048 993 2100 ποτέ
1015 2047 1093 2112 είς
1120 2048 1182 2101 τὸ
1203 2048 1394 2116 πάθος,
1418 2049 1552 2103 ἁλλά
1585 2051 1660 2122 μὴ
1684 2052 1766 2115 εἰς
1785 2051 2061 2109 τοσοῦτον.

499 2143 556 2195 '0
580 2142 753 2210 ἣλιος
791 2144 917 2217 γὰρ,
955 2144 1125 2214 φησι,
1160 2143 1248 2214 μὴ
1288 2146 1576 2199 ἐπιδυέτω
1602 2146 1699 2200 ἐπὶ
1731 2146 1812 2213 τῷ
1855 2164 2070 2218 παρορ-

490 2237 682 2309 γισμῷ
706 2238 891 2315 ὑμῶν.
925 2239 1114 2292 Βούλει
1138 2240 1239 2309 τῆς
1268 2241 1437 2312 ὀργῆς
1463 2241 1883 2313 ἐμπλησθῆναι;
1910 2246 2071 2315 ἀρκεῖ

492 2349 574 2386 σοι
604 2334 703 2402 μία
733 2313 849 2404 ῶρα
894 2337 987 2387 καὶ
1025 2335 1253 2405 δευτέρα
1283 2336 1376 2390 καὶ
1404 2337 1561 2409 τρίτη
1589 2355 1603 2369 ο
1640 2338 1718 2410 μὴ
1755 2313 2069 2395 καταλιπὼν

489 2428 722 2499 ἐχθροὺς
753 2430 897 2500 ὑμᾶς
921 2430 949 2482 6
967 2430 1116 2501 ἥλιος
1141 2430 1383 2485 ἀπέλθοι.
1426 2433 1560 2486 Ἀπὸ
1586 2434 1921 2507 ἀγαθότητος
1971 2439 2069 2491 ἀν-

492 2523 683 2586 έτειλε,
707 2524 783 2595 μὴ
806 2525 1132 2596 ἁπερχέσθω
1162 2528 1241 2591 είς
1261 2527 1515 2594 ἀναξίους
1545 2527 1785 2600 λάμψας.
1822 2533 1885 2585 Εί
1910 2531 2019 2603 γὰρ
2041 2534 2070 2587 6

488 2619 766 2689 Δεσπότης
792 2621 955 2674 αὐτὸν
977 2622 1085 2677 ἀπὸ
1114 2621 1313 2691 πολλῆς
1344 2622 1680 2695 ἀγαθότητος
1711 2625 1946 2696 έπεμψε,
1977 2630 2070 2683 καὶ

488 2714 650 2777 αὐτὸς
679 2715 776 2785 μὲν
810 2716 989 2786 ἀφῆκέ
1018 2734 1099 2770 σοι
1124 2718 1193 2772 τὰ
1230 2719 1449 2789 ἀμαρτή
1459 2737 1624 2791 ματα,
1654 2724 1719 2774 σὺ
1744 2722 1799 2776 δέ
1830 2724 1908 2794 τῷ
1932 2725 2071 2796 πλη-

489 2810 604 2864 σίον
641 2811 743 2865 οὐκ
776 2813 964 2885 ἀφίης,
1001 2814 1103 2885 ὅρα
1142 2815 1309 2869 πόσον
1339 2815 1402 2868 τὸ
1449 2817 1639 2874 κακόν.
1690 2819 1799 2871 Καὶ
1847 2819 1975 2874 ἀλλο
2010 2823 2068 2876 δέ

491 2908 631 2977 μετά
657 2907 870 2963 τούτουο
908 2910 1111 2963 δέδοικε
1138 2910 1236 2982 τὴν
1270 2911 1440 2966 νύκτα
1468 2915 1496 2966 ό
1537 2914 1806 2985 μακάριος
1836 2916 2067 2985 Παῦλος,

493 3001 571 3072 μὴ
609 3000 851 3057 λαθοῦσα
905 3003 993 3055 ἔπ’
1031 3004 1265 3075 ἐρημίας
1314 3006 1407 3060 τὸν
1465 3007 1795 3078 ἠδικημένον
1834 3010 1914 3065 ἔτι
1946 3012 2072 3082 φλε-

489 3097 812 3167 γμαίνοντα,
844 3099 1129 3173 ἀνακαύσῃ
1154 3101 1213 3155 τὸ
1243 3102 1528 3173 πῦρ.Ἔως
1557 3107 1656 3175 μὲν
1675 3105 1784 3177 γὰρ
1808 3109 1875 3161 ἂν
1902 3110 2072 3165 πολλά

492 3192 754 3265 ἐκκρούῃ,
784 3194 881 3264 τῆς
909 3196 1124 3267 ἡμέρας
1157 3196 1345 3267 οὔσης,
1373 3197 1551 3263 ἔξεστί
1578 3216 1661 3253 σοι
1690 3203 2068 3274 ἐμφορεῖσθαι·

491 3289 619 3341 ὅταν
648 3287 707 3341 δὲ
761 3288 945 3360 μέλλοι
996 3291 1207 3362 ἑσπέρα
1240 3291 1518 3360 γίνεσθαι,
1573 3297 1942 3352 καταλλάττου
1977 3305 2070 3356 καὶ

490 3384 805 3453 πρόσφατον
829 3385 1024 3437 σϐέσον
1048 3386 1109 3438 τὸ
1135 3387 1323 3440 κακόν.
1355 3389 1453 3441 “Av
1473 3390 1581 3459 γάρ
1607 3391 1701 3456 νὺξ
1724 3394 2066 3462 ἐπιλάϐηται,

488 3479 591 3535 οὐκ
616 3481 847 3552 ἀρκέσει
878 3481 911 3552 ἡ
948 3481 1085 3551 μετά
1114 3481 1286 3536 ταῦτα
1307 3486 1579 3556 ήμέρα.τὸ
1608 3490 1870 3560 συναχθὲν
1900 3493 1991 3547 καὶ
2010 3497 2069 3549 ἐν

492 3578 562 3647 τῇ
590 3576 748 3630 νυκτὶ
799 3575 987 3631 σϐέσαι
1029 3578 1197 3633 κακόν
1221 3595 1238 3613 ο
1269 3580 1407 3635 ἀλλά
1448 3582 1550 3637 κᾶν
1588 3584 1651 3637 τὸ
1685 3585 1844 3641 πλέον
1874 3588 2067 3644 ὑποτέ-

493 3687 623 3747 μῃς,
658 3674 725 3724 τὸ
753 3672 808 3725 δὲ
840 3673 961 3726 ὅλον
994 3673 1069 3745 μὴ
1098 3674 1352 3747 δυνηθῇς,
1395 3656 1557 3732 πάλιν
1593 3678 1810 3734 δίδωσιν
1838 3682 1947 3737 ἀπὸ
1977 3686 2067 3738 τοῦ

491 3767 910 3837 ὑπολειφθέντος
928 3773 995 3840 τῇ
1020 3770 1251 3844 ἐπιούσῃ
1270 3771 1427 3826 νυκτὶ
1449 3774 1811 3847 σφοδροτέραν
1832 3779 2069 3848 ἐργάσα-

492 3860 617 3913 σθαι
637 3859 736 3931 τὴν
769 3862 969 3933 πυράν.
1000 3863 1111 3916 Καὶ
1134 3863 1384 3936 καθάπερ
1412 3867 1439 3919 ό
1461 3866 1630 3938 ήλιος,
1658 3869 1725 3923 ἂν
1753 3870 1813 3923 τὸ
1830 3873 2068 3941 νεφωθέν

495 3956 591 4010 καὶ
628 3957 911 4011 πυκνωθὲν
948 3956 1045 4012 τοῦ
1075 3959 1235 4031 ἀέρος
1261 3959 1350 4014 διὰ
1380 3962 1479 4031 τῆς
1515 3964 1709 4027 νυκτὸς
1756 3967 1831 4036 μὴ
1859 3970 2071 4043 ἀρκέσῃ

497 4053 562 4122 τῇ
594 4052 935 4125 καθημερινῇ
960 4054 1193 4125 μαλάξαι
1216 4058 1310 4111 καὶ
1336 4057 1685 4115 διασκεδάσαι
1710 4061 1910 4134 θέρμῃ,
1941 4065 2071 4118 ὑπό-

490 4147 640 4199 θεσιν
665 4148 930 4218 χειμῶνος
961 4150 1293 4222 παρέχεται,
1323 4152 1423 4224 τῆς
1453 4155 1645 4218 νυκτὸς
1672 4157 2070 4230 ἑπιλαϐομένης

490 4242 584 4296 τοῦ
639 4243 925 4315 λειψάνου,
980 4247 1075 4299 καὶ
1133 4247 1294 4302 πάλιν
1339 4248 1471 4302 αὐτὸ
1517 4251 1824 4323 τρεφούσης
1862 4255 2070 4325 ἑτέροις

493 4339 707 4408 ἀτμοῖς⁸
732 4339 878 4394 οὕτω
910 4342 1005 4394 καὶ
1031 4342 1123 4394 ἐπὶ
1149 4345 1248 4413 τῆς
1266 4344 1454 4415 ὀργῆς.
1486 4345 1650 4413 Μήτε
1668 4347 1864 4403 δίδοτε
1883 4352 2071 4405 τόπον

494 4429 575 4499 τῷ
600 4433 875 4499 διαϐόλῳ.
913 4435 1077 4489 Ὥστε
1106 4437 1166 4490 16
1188 4435 1447 4508 ἀλλήλους
1471 4438 1749 4510 πολεμεῖν,
1772 4443 1934 4495 τόπον
1954 4445 2071 4497 ἐστὶ

488 4527 672 4580 δοῦναι
702 4528 781 4600 τῷ
816 4528 1066 4599 διαϐόλῳ.
1097 4532 1224 4585 Δέον
1252 4533 1360 4603 γὰρ
1384 4532 1594 4598 πάντας
1619 4539 2066 4609 συμπεφράχθᾳι,

491 4625 584 4679 καὶ
605 4625 730 4679 κατ’
758 4626 969 4680 ἐκείνου
993 4627 1267 4692 ἵστασθαι,
1292 4628 1617 4694 ἐκλύσαντες
1645 4633 1804 4702 ἡμεῖς
1824 4634 1920 4705 τὴν
1938 4635 2071 4706 πρὸς

488 4719 694 4774 ἐκεῖνον
739 4720 960 4792 ἔχθραν,
1000 4722 1086 4774 ἐπ’
1116 4721 1377 4792 ἀλλήλους
1409 4724 1702 4796 κελεύομεν
1751 4727 2066 4798 τρέπεσθαι.

486 4813 753 4867 Οὐδέποτε
782 4814 892 4886 γάρ
918 4813 1092 4878 οὕτως
1138 4815 1252 4886 ἔχει
1283 4816 1443 4871 τόπον
1472 4820 1501 4871 6
1545 4820 1787 4887 διάϐολος
1811 4861 1825 4887 ,
1872 4822 1947 4887 ὡς
1995 4826 2053 4876 ἐν

496 4911 614 4974 ταῖς
648 4909 893 4981 ἔχθραις.

562 5125 631 5199 β’.
649 5125 731 5180 Τὰ
759 5127 926 5197 μυρία
949 5125 1202 5181 ἐντεῦθεν
1233 5130 1380 5184 κακά
1402 5132 1665 5194 τίκτεται.
1685 5138 1793 5192 Καὶ
1820 5140 2069 5215 καθάπερ

484 5222 592 5284 ἓως
625 5223 723 5293 μὲν
744 5223 811 5275 ἂν
842 5218 983 5276 ὦσιν
1011 5225 1347 5296 ἡρμοσμένοι
1368 5226 1521 5294 λίθοι,
1572 5232 1664 5285 καὶ
1697 5234 1861 5305 μηδὲν
1886 5239 2067 5291 διάκε-

494 5335 585 5372 νον
617 5318 855 5388 εχοντες,
897 5320 1192 5391 ἑστήκασιν
1217 5325 1500 5397 ἀρραγείς·
1534 5325 1601 5380 ἂν
1627 5326 1683 5380 δὲ
1717 5328 1937 5400 βελόνης
1967 5336 2066 5402 μό-

493 5431 591 5483 νης
614 5414 896 5484 διάτρησιν
923 5417 1166 5488 διαμπὰξ
1185 5421 1576 5493 γεγενημένην,
1601 5423 1633 5495 ἦ
1663 5426 1869 5494 ῥαγάδα
1885 5430 2069 5500 τριχὸς

493 5509 798 5580 ἐπέχουσαν
829 5510 992 5565 τόπον
1033 5514 1212 5587 συμϐῇ
1265 5518 1540 5584 γενέσθαι,
1573 5519 1731 5575 τοῦτο
1756 5523 1934 5578 πάντα
1971 5543 2069 5580 κα-

491 5604 678 5659 ταλύει
695 5608 787 5660 καὶ
803 5608 1114 5666 ἀπόλλυσιν·
1127 5612 1269 5669 οὕτω
1289 5616 1383 5669 καὶ
1404 5616 1495 5670 ἐπὶ
1514 5615 1663 5689 [105]
1687 5619 1779 5672 τοῦ
1801 5620 2063 5675 διαϐόλου*

480 5701 596 5765 ἔως
621 5700 722 5773 μὲν
745 5702 810 5760 ἂν
848 5700 997 5777 ὦμεν
1031 5713 1445 5784 πεπυκνωμένοι
1475 5714 1567 5768 καὶ
1601 5715 2060 5787 συνηρμοσμένοι,

1179 306 1237 361 S.
1278 305 1562 362 JOANNIS
1599 305 2083 363 CHRYSOSTOMI
2121 310 2446 369 ARCIIIEP.
2486 314 3033 379 CONSTANTINOP.

3645 336 3746 393 102

2171 431 2323 490 οὐδὲν
2347 435 2486 501 ὅλως
2508 439 2792 509 ἐπεισάγει
2827 442 2937 496 τῶν
2981 443 3165 499 αὑτοῦ·
3199 447 3416 501 ἑπειδάν
3440 448 3497 503 δὲ
3550 451 3744 522 μικρὸν

2167 533 2315 603 ἡμᾶς
2349 536 2717 611 διαχαυνώσῃ,
2748 539 3001 612 καθάπερ
3044 559 3128 607 τις
3166 546 3500 618 χειμάρρους
3529 549 3741 619 ἐπιχέεο

2166 630 2590 701 ται.Πανταχοῦ
2638 635 2747 704 γὰρ
2781 635 2952 707 ἀρχῆς
3012 638 3161 709 αύτῷ
3212 641 3371 710 χρεία
3410 641 3597 712 μόνης,
3651 645 3741 695 καὶ

2165 721 2324 777 τοῦτό
2350 725 2469 779 ἐστι
2494 727 2555 779 τὸ
2598 727 3063 803 δυσκατόρθωτον·
3094 735 3283 788 τούτου
3333 735 3391 788 δὲ
3423 738 3740 808 γενομένου.

2166 819 2327 883 αὐτὸς
2358 823 2536 894 ἑαυτῷ
2560 826 2628 880 τά
2660 828 2836 882 πάντα
2864 830 3100 902 εὐρύνει·
3140 832 3323 886 λοιπὸν
3344 835 3451 904 γὰρ
3471 835 3743 899 διαϐολαῖς

2164 914 2231 967 τὰ
2262 909 2379 969 ὦτα
2406 918 2642 988 ἀνέῳγε,
2697 922 2792 975 καὶ
2813 926 2862 977 οί
2881 922 2949 976 τὰ
2979 924 3150 994 ψευδῆ
3190 926 3460 995 λέγοντες,
3490 930 3743 981 πιστότε-

2169 1027 2274 1080 ροι·
2305 1011 2411 1083 τὴν
2438 1014 2545 1087 γὰρ
2580 1016 2779 1088 ἔχθραν
2809 1019 2990 1089 έχουσι
3016 1020 3360 1089 δικάζουσαν,
3394 1023 3454 1077 οὐ
3481 1017 3579 1095 τῆν
3607 1024 3742 1094 ἀλή-

2167 1106 2317 1159 θειαν
2347 1109 2659 1180 κρίνουσαν.
2695 1113 2806 1166 Καὶ
2837 1112 3024 1184 ὥσπερ
3061 1115 3243 1184 φιλίας
3293 1115 3482 1187 οῦσης,
3543 1118 3638 1172 καὶ
3671 1117 3745 1170 τὰ

2165 1199 2339 1271 ἀληθῆ
2372 1203 2538 1274 ψευδῆ
2568 1206 2816 1274 φαίνεται
2849 1208 2959 1261 τῶν
2995 1209 3201 1264 κακῶν·
3229 1211 3402 1274 οὕτως
3424 1212 3621 1283 ἔχθρας
3647 1211 3741 1265 οὕ-

2169 1311 2292 1365 σης,
2331 1300 2431 1351 καὶ
2456 1300 2526 1353 τά
2555 1301 2725 1373 ψευδῆ
2752 1302 2945 1375 ἀληθῆ·
2972 1305 3156 1377 ἕτερος
3179 1305 3321 1372 νοῦς,
3355 1305 3553 1377 ἕτερον·
3586 1308 3741 1360 δικα-

2169 1395 2412 1466 στήριον,
2442 1399 2541 1453 οὐκ
2573 1399 2632 1464 ἐξ
2669 1400 2790 1471 ίσης
2820 1401 3038 1470 ἀκοῦον,
3068 1402 3203 1457 ἀλλὰ
3229 1404 3369 1474 μετά
3407 1404 3609 1471 πολλῆς
3640 1404 3741 1475 τῆς

2167 1489 2542 1559 προσκλίσεως
2566 1495 2661 1549 καὶ
2681 1497 3059 1570 ἐπιρρεπείας.
3088 1498 3353 1571 Καθάπερ
3381 1501 3490 1572 γὰρ
3512 1503 3568 1554 ἐν
3591 1503 3740 1571 ζυγῴ

2169 1584 2423 1655 μόλυϐδος
2456 1592 2774 1660 προστεθεὶς
2826 1594 2885 1646 16
2914 1595 3020 1647 πᾶν
3051 1594 3320 1649 εἵλκυσεν*
3355 1595 3499 1649 οὕτω
3526 1598 3619 1650 καὶ
3650 1600 3740 1651 ἑν-

2165 1682 2363 1745 ταῦθα,
2396 1685 2458 1738 τὸ
2489 1686 2586 1757 τῆς
2607 1688 2807 1759 ἔχθρας
2839 1688 3024 1760 βάρος,
3063 1690 3328 1761 μολύϐδου
3362 1693 3743 1764 χαλεπώτερον

2166 1780 2245 1833 ὸν.
2280 1779 2390 1848 Διὸ,
2449 1784 2778 1854 παρακαλῶ,
2811 1787 2990 1840 πάντα
3024 1788 3377 1860 πράττωμεν,
3435 1790 3578 1844 ὥστε
3634 1793 3742 1862 πρὸ

2167 1874 2261 1929 τοῦ
2303 1877 2453 1948 ἡλίου
2488 1880 2772 1935 σϐεννύναι
2801 1881 2901 1946 τὰς
2928 1882 3146 1954 ἔχθρας.
3180 1886 3279 1939 Ἂν
3302 1886 3411 1955 γὰρ
3439 1889 3505 1957 τῇ
3559 1888 3742 1958 ήμέρᾳ

2168 1976 2234 2046 τῇ
2267 1975 2465 2049 πρώτῃ
2505 1977 2580 2048 μὴ
2626 1979 2905 2052 κρατήσῃς
2947 1982 3042 2035 καὶ
3068 1984 3136 2053 τῇ
3168 1981 3314 2052 ἑξῆς,
3344 1982 3604 2047 πολλάκις
3647 1986 3744 2038 καὶ

2170 2074 2250 2133 είς
2280 2073 2521 2127 ἐνιαυτὸν
2542 2074 2709 2144 αὐτὴν
2730 2074 3019 2143 ἐξέτεινας,
3041 2078 3135 2130 καὶ
3157 2076 3294 2147 αὑτὴ
3311 2078 3507 2149 ἑαυτὴν
3539 2078 3609 2149 ηΰ
3623 2081 3743 2146 ,ξησε

2169 2168 2352 2223 λοιπὸν
2387 2172 2419 2241 ἡ
2450 2171 2637 2243 ἔχθρα,
2663 2173 2755 2227 καὶ
2779 2174 2840 2227 ού
2868 2174 3040 2228 δεῖταί
3074 2191 3241 2239 τινος.
3268 2176 3377 2230 Καὶ
3400 2177 3619 2248 ῥήματα
3633 2177 3744 2249 γὰρ

2173 2266 2376 2340 ἑτέρως
2411 2268 2681 2340 λεγόμενα
2715 2272 2920 2343 ἑτέρως
2974 2272 3304 2328 ὑποπτεύειν
3363 2274 3612 2339 ποιοῦσα,
3648 2278 3746 2329 καὶ

2175 2369 2433 2439 σχήματα
2461 2373 2554 2423 καὶ
2581 2372 2689 2425 πᾶν
2720 2372 2898 2425 ὁτιοῦν
2928 2373 3174 2444 ἐκθηριοζ
3211 2375 3304 2427 καὶ
3331 2375 3598 2444 ἐξαγριοῖ,
3649 2378 3748 2427 καὶ

2170 2464 2280 2517 τῶν
2311 2464 2654 2536 μαινομένων
2688 2466 2855 2538 χείρω
2910 2467 3236 2539 διατίθησιν,
3283 2469 3407 2523 οὔτε
3461 2472 3524 2525 16
3575 2471 3747 2540 θνομα

2173 2562 2367 2625 εἰπεῖν,
2404 2560 2529 2615 οὔτε
2576 2562 2809 2617 ἀκοῦσαι
2858 2564 3182 2635 ἀνεχομένη,
3218 2566 3334 2619 ἀλλ’
3358 2566 3465 2620 ἀπὸ
3502 2565 3612 2619 τῶν
3637 2564 3748 2619 λοι-

2169 2658 2360 2729 δοριῶν
2384 2658 2597 2713 ἅπαντα
2632 2659 3001 2732 φθεγγομένη.
3043 2661 3167 2725 Πῶς
3197 2656 3290 2716 οὗν
3323 2660 3634 2733 μαλάξομεν
3655 2661 3748 2714 τὸν

2170 2754 2372 2826 θυμόν;
2404 2755 2522 2820 πῶς
2569 2756 2834 2827 σϐέσομεν
2862 2758 2960 2828 τὴν
3010 2757 3224 2828 φλόγας
3283 2759 3381 2812 Ἂν
3432 2759 3500 2813 τά
3535 2759 3747 2812 ἑαυτῶν

2171 2854 2548 2925 ἁμαρτήματα
2585 2854 2950 2925 ἐννοήσωμεν,
2979 2856 3073 2909 καὶ
3099 2856 3223 2910 ὅσον
3249 2857 3414 2927 ἐσμὲν
3455 2857 3751 2912 ὑπεύθυνοι

2169 2947 2247 3019 τῷ
2273 2947 2413 3019 Θεῷ’
2437 2949 2504 3002 ἂν
2533 2950 2897 3020 ἐννοήσωμεν,
2945 2951 3028 3005 ὅτι
3078 2952 3139 3004 οὐ
3174 2952 3266 3006 τὸν
3318 2952 3512 3024 ἐχθρὸν
3543 2954 3753 3025 ἀμυνό-

2175 3040 2333 3111 μεθα,
2376 3042 2490 3094 ἀλλ’
2521 3044 2670 3112 ἡμᾶς
2699 3043 2917 3108 αὐτούς’
2979 3045 3046 3099 ἂν
3102 3047 3466 3118 ἐννοήσωμεν,
3520 3048 3604 3102 ὅτι
3654 3049 3753 3102 τὸν

2174 3141 2424 3196 διάϐολον
2452 3141 2836 3213 εὐφραίνομεν,
2872 3144 2953 3197 ὅτι
2978 3144 3068 3197 16v
3095 3144 3288 3217 ἐχθρὸν
3315 3146 3407 3199 τὸν
3453 3147 3751 3219 ἡμέτερον,

2173 3239 2262 3293 τὸν
2294 3238 2463 3302 ὅντως
2486 3237 2700 3310 ἐχθρὸν,
2717 3239 2786 3293 δι’
2806 3239 2864 3295 ὃν
2886 3240 2944 3293 τὸ
2971 3240 3133 3312 μέλος
3162 3241 3222 3293 16
3243 3243 3511 3314 ἡμέτερον
3532 3243 3753 3297 ἀδικοῦ-

2176 3354 2297 3408 μεν.
2336 3335 2522 3389 Βούλει
2556 3330 2694 3389 εῖναι
2755 3337 3091 3408 μνησίκακος
3119 3338 3213 3391 καὶ
3243 3337 3474 3409 ἐχθρόςς
3523 3338 3754 3409 Ἐχθρὸς

2170 3433 2282 3496 ἔσο,
2314 3431 2452 3487 ἀλλά
2483 3431 2578 3486 τοῦ
2604 3431 2878 3497 διαϐόλου,
2919 3434 2994 3504 μὴ
3027 3432 3122 3487 τοῦ
3158 3434 3351 3505 μέλους
3376 3434 3471 3488 τοῦ
3508 3434 3624 3488 σοῦ.
3649 3438 3754 3489 Διὰ

2168 3528 2331 3583 τοῦτο
2354 3530 2501 3599 ἡμᾶς
2534 3527 2742 3581 ὥπλισε
2767 3529 2845 3598 τῷ
2870 3528 3027 3598 θυμῷ
3045 3530 3075 3582 6
3093 3529 3246 3593 Θεὸς,
3262 3530 3361 3600 οὐχ
3396 3531 3484 3585 ἵνα
3512 3532 3574 3583 τὸ
3594 3530 3754 3599 ξίφος

2168 3624 2311 3678 κατά
2329 3625 2438 3678 τῶν
2461 3627 2745 3697 ἡμετέρων
2770 3625 3060 3695 σωμάτων,
3085 3624 3203 3679 ἀλλ’
3231 3626 3320 3680 ἵνα
3338 3625 3632 3698 ὀλόκληρον
3648 3628 3752 3699 τήν

2173 3719 2449 3791 μάχαιραν
2499 3723 2578 3785 εἰς
2608 3720 2668 3773 τὸ
2699 3720 2793 3774 τοῦ
2848 3720 3096 3775 διαϐόλου
3142 3721 3334 3791 στῆθος
3370 3721 3751 3793 βαπτίζωμεν.

2184 3817 2331 3869 Ἑκεί
2355 3815 2417 3868 τὸ
2440 3815 2593 3884 ξίφος
2621 3815 2904 3885 ἐγκλεισον
2933 3818 3098 3889 μέχρι
3122 3816 3223 3887 τῆς
3259 3817 3451 3888 λαϐῆς,
3474 3819 3521 3871 εί
3542 3818 3746 3888 βούλει,

2171 3916 2264 3967 καὶ
2286 3913 2383 3982 τὴν
2412 3912 2582 3984 λαϐὴν
2610 3914 2799 3983 αὐτὴν,
2836 3917 2931 3969 καὶ
2970 3915 3241 3986 μηδέποτε
3270 3916 3576 3987 ἑκσπάσῃς,
3606 3915 3751 3969 ἀλλά

2171 4010 2267 4063 καὶ
2293 4011 2482 4082 ἓτερον
2511 4011 2765 4082 πρόσθες.
2789 4002 2961 4066 Τοῦτο
3003 4011 3059 4065 δέ
3081 4013 3255 4079 ἔσται,
3289 4013 3419 4067 ὅταν
3441 4012 3601 4084 ἡμῶν
3629 4029 3763 4082 φειοι

2169 4105 2409 4177 δὼμεθα,
2442 4107 2571 4160 ὅταν
2599 4108 2891 4178 είπνικῶς
2921 4108 3056 4180 πρὸς
3082 4107 3347 4179 ἀλλήλους
3377 4106 3747 4179 διακεώμεθα.

2183 4203 2420 4273 Ὲῤῥέτω
2451 4206 2732 4275 χρήματα,
2794 4203 3001 4275 ἐρρέτω
3049 4203 3175 4271 δόξα
3229 4205 3324 4258 καὶ⁵
3371 4203 3747 4273 εύδοκίμησις·

2170 4297 2388 4350 πάντων
2431 4298 2490 4351 τὸ
2536 4298 2694 4368 μέλος
2748 4298 2808 4352 τὸ
2844 4299 2977 4369 ἐμὸν
3010 4299 3134 4369 ἐμοὶ
3182 4298 3529 4370 τιμιώτερον.
3560 4298 3752 4351 Ταῦτα

2170 4388 2414 4460 λέγωμεν
2446 4391 2581 4463 πρὸς
2606 4391 2831 4457 ἑαυτούς
2852 4408 2866 4421 ·
2926 4392 2999 4464 μὴ
3024 4392 3123 4464 τὴν
3150 4392 3312 4462 φύσιν
3341 4393 3614 4463 ἀδικῶμεν
3647 4393 3750 4464 τὴν

2169 4489 2463 4560 ἡμετέραν,
2488 4490 2573 4543 ἵνα
2631 4492 2884 4561 χρήματα
2916 4490 3269 4562 κτησώμεθα.
3303 4492 3390 4545 ἵνα
3419 4490 3575 4560 δόξης
3620 4490 3751 4543 ἑπι-

2170 4586 2444 4657 τύχωμεν.
2510 4587 2570 4640 Ὀ
2624 4588 2920 4651 κλέπτων,
2956 4587 3166 4656 μηκέτι
3191 4586 3512 4651 κλεπτέτω,
3556 4589 3747 4657 φησίν.

2183 4684 2344 4755 Ὁρᾷς
2376 4682 2497 4736 τίνα
2526 4683 2592 4736 τὰ
2632 4683 2765 4754 μέλη
2796 4681 2890 4735 τοῦ
2919 4682 3149 4736 παλαιοῦ
3172 4683 3456 4754 ἀνθρώπου
3481 4699 3495 4746 ;
3525 4683 3745 4753 ψεῦδοςο

2173 4777 2526 4849 μνησικακία,
2553 4779 2746 4840 κλοπή,
2770 4778 2870 4831 Διά
2897 4779 2949 4831 τί
2975 4779 3049 4849 μὴ
3077 4774 3251 4842 εἶπεν,
3290 4779 3346 4833 '0
3367 4778 3614 4832 κλέπτων
3650 4796 3747 4831 κο-

2170 4876 2433 4941 λαζέσθω,
2465 4874 2855 4945 βασανιζέσθω,
2898 4875 3296 4946 στρεϐλούσθω,
3334 4876 3489 4941 ἀλλὰ,
3520 4878 3744 4943 Μηκέτι

2172 4975 2485 5028 κλεπτέτω
2506 4989 2519 5003 ·
2557 4971 2799 5041 μᾶλλον
2826 4971 2895 5025 δὲ
2928 4971 3187 5026 κοπιάτω
3239 4971 3627 5042 ἐργαζόμενος
3679 4975 3746 5026 τὸ

2170 5071 2397 5139 ἀγαθὸν
2451 5069 2582 5135 ταῖς
2633 5069 2867 5137 χερσίν.
2930 5069 3031 5121 ἵνα
3073 5067 3186 5138 ἔχῃ
3234 5069 3615 5138 μεταδιδόναι
3667 5070 3748 5135 τῷ

2173 5167 2382 5237 χρείαν
2410 5167 2614 5236 ἔχοντι
2635 5181 2652 5228 ;
2676 5165 2786 5219 Ποῦ
2805 5167 2854 5217 οί
2876 5165 3121 5235 Καθαροὶ
3148 5165 3449 5236 λεγόμενοι,
3464 5166 3514 5218 οι
3543 5167 3747 5230 παντὸς

2174 5266 2346 5336 ῥύπου
2374 5266 2657 5335 γέμοντες,
2693 5264 2786 5316 καὶ
2815 5263 2974 5316 τοῦτο
3025 5264 3253 5335 ἑαυτοὺς
3298 5264 3585 5334 ὀνομάζειν
3621 5268 3746 5318 τολ-

2174 5360 2420 5433 μῶνεςς
2451 5359 2608 5413 Ἐστι
2640 5358 2770 5429 γάρ,
2802 5358 2948 5411 ἑστιν
2976 5359 3352 5414 ἀποδύσασθαι
3376 5362 3437 5415 τὸ
3467 5361 3741 5432 ἔγκλημα,

2169 5461 2229 5514 οὐ
2257 5458 2335 5530 τῷ
2390 5460 2580 5527 στῆναι
2613 5458 2773 5528 μόνον
2800 5455 2893 5509 τοῦ
2930 5455 3081 5529 [106]
3135 5435 3557 5530 ἁμαρτήματος,
3607 5459 3743 5512 ἀλλά

2169 5548 2265 5602 καὶ
2288 5547 2364 5617 τῷ
2382 5546 2585 5615 ἀγαθόν
2601 5563 2651 5599 τι
2675 5546 3033 5615 ἐργάσασθαι.
3062 5546 3255 5617 Ὁρᾶτε
3278 5547 3395 5612 πῶς
3413 5547 3745 5601 ἀπολύεσθαι

2168 5635 2239 5689 τὰ
2277 5636 2647 5705 ἁμαρτήματα
2681 5635 2795 5700 δεί;
2824 5632 3117 5702 Ἐκλεψαν,
3139 5635 3295 5689 τοῦτό
3333 5638 3449 5689 ἐστι
3472 5636 3532 5688 τὸ
3566 5633 3745 5705 ἀμάρ-

2174 5741 2324 5795 τημα
2354 5723 2574 5794 πρᾶξαι·
2599 5723 2695 5777 οὐκ
2726 5723 2980 5792 ἔκλεψαν,
3008 5722 3166 5778 τοῦτο
3190 5726 3289 5779 οὐκ
3312 5725 3427 5780 ἔστι
3466 5724 3527 5779 τὸ
3560 5725 3742 5795 ἀμάρ-
