4092 6496
300 340 379 395 ιω
1155 338 1217 392 ΙΝ
1262 339 1476 397 EPIST.
1520 341 1610 395 AD
1651 339 1892 395 El’lllﬂS.
1935 341 2088 398 CAP.
2135 345 2223 400 Π.
2269 347 2500 407 llOSllL.
2545 349 2686 407 XIV.

294 461 352 513 ab
387 473 447 511 eo
490 455 753 519 didicerit,
797 469 902 510 non
949 455 1184 526 amplius
1231 457 1421 527 pergit.
1477 457 1613 524 Quid
1661 467 1862 524 autem,

293 551 489 623 quando
524 564 693 620 neque
722 549 912 605 oculus
940 590 953 613 ,
988 564 1162 620 neque
1188 564 1281 620 pes
1312 550 1576 604 invenerit
1599 550 1871 620 quomodo

293 647 562 709 discernat,
592 642 685 697 sed
718 651 888 696 totum
918 643 987 696 sit
1016 641 1295 705 odoratus,
1316 653 1375 696 ut
1406 652 1585 697 utrum
1613 645 1684 697 sit
1710 658 1867 698 vene-

297 754 407 792 lllllll
448 736 597 790 letale
647 749 821 789 necne
847 777 861 799 ,
897 750 1027 789 num
1052 748 1116 789 os
1147 734 1283 790 fallit
1310 735 1602 789 odoratus?
1628 735 1865 791 Minime.

294 828 485 898 Quare?
510 827 637 883 Nam
665 828 904 896 seipsum
930 842 1143 896 quoque
1173 827 1348 897 perdit
1377 828 1419 881 si
1447 827 1596 880 fallat
1624 845 1638 881 :
1665 827 1759 881 sed
1789 828 1870 881 di-

292 925 356 979 cit
380 920 511 991 quod
540 919 639 974 sibi
671 918 930 973 occurrit.
957 917 1095 985 Quid
1123 933 1252 973 vero
1281 918 1492 987 lingua,
1522 918 1726 971 fallitne
1753 926 1866 971 sto-

294 1013 566 1071 machum?
596 1027 703 1065 non
734 1027 856 1065 cum
890 1026 1132 1065 amarum
1162 1010 1381 1080 quidem
1414 1009 1625 1073 viderit,
1662 1009 1865 1079 rejicit;

293 1109 360 1162 sin
395 1115 566 1161 autem
611 1104 769 1159 dulce
790 1144 803 1169 ,
839 1102 1189 1157 transmittit?
1237 1102 1368 1158 Vide
1397 1101 1753 1157 ministerium
1774 1145 1786 1166 ,
1815 1112 1871 1157 et

293 1198 542 1255 servitutis
564 1195 1060 1252 remunerationem
1094 1213 1108 1250 :
1140 1194 1261 1251 vide
1287 1211 1472 1251 curam
1502 1204 1557 1250 et
1585 1196 1869 1266 providen-

295 1291 400 1345 tiam
426 1306 489 1345 ex
521 1290 751 1344 veritate
781 1296 955 1341 ortam
981 1329 997 1354 ,
1029 1288 1189 1359 idque
1240 1288 1403 1343 alacri
1435 1296 1487 1343 et
1520 1298 1785 1358 prompto,
1814 1298 1872 1344 ut

294 1382 352 1436 ita
379 1379 541 1435 dicam
563 1419 578 1444 ,
608 1378 815 1433 animo.
848 1375 925 1432 lta
953 1393 1053 1432 nos
1080 1392 1294 1448 quoque
1323 1394 1389 1433 ne
1420 1381 1744 1433 mentiamur
1770 1394 1870 1435 nec

292 1474 545 1537 fallamus,
575 1472 623 1524 si
653 1486 843 1525 sumus
890 1470 1027 1524 alter
1075 1470 1298 1525 alterius
1335 1471 1599 1526 membra.
1630 1471 1744 1526 Hoc
1787 1482 1871 1526 est

291 1566 520 1621 indicium
542 1563 797 1618 amicitia:
818 1578 834 1628 ;
859 1564 1190 1616 contrarium
1213 1572 1392 1617 autem
1446 1563 1866 1618 inimicitiarum.

290 1659 410 1725 Quid
437 1673 582 1721 vero,
618 1656 813 1726 inquit,
844 1655 889 1709 si
926 1654 1244 1710 insidietur?
1284 1655 1438 1723 Quod
1464 1671 1651 1711 verum
1679 1665 1760 1710 est
1785 1656 1870 1711 di-

289 1765 370 1805 sce
398 1767 411 1801 :
442 1765 557 1802 nam
586 1751 633 1803 si
666 1748 975 1813 insidietur,
1012 1762 1119 1801 non
1151 1756 1232 1803 est
1260 1748 1576 1803 membrum.
1610 1748 1750 1802 Dixit
1774 1762 1873 1803 au-

291 1855 403 1900 tem.
434 1842 506 1897 Ne
535 1841 871 1896 meutiamini
901 1840 1162 1895 adversus
1195 1840 1455 1896 membra.
1483 1839 1797 1907 Irascimini,
1825 1851 1874 1895 et

289 1936 427 1988 nolite
466 1950 697 2004 peccare.
753 1933 886 1989 Vide
930 1932 1250 2002 sapientiam
1284 1951 1296 1987 :
1330 1943 1384 1989 et
1430 1933 1563 1988 dicit
1603 1935 1873 2005 quomodo

290 2042 383 2081 non
414 2041 721 2095 peccemus,
751 2033 805 2079 et
832 2038 928 2079 eos
956 2024 1044 2095 qui
1076 2041 1180 2079 non
1211 2025 1515 2081 obedierint
1552 2043 1739 2081 rursus
1767 2044 1872 2082 non

290 2119 521 2188 relinquit
552 2137 565 2173 :
602 2134 711 2172 non
739 2118 884 2171 enim
917 2116 1141 2172 dimittit
1167 2118 1370 2173 viscera
1413 2135 1509 2174 sua
1552 2121 1872 2189 Spiritualia.

289 2212 419 2266 Sicut
462 2212 606 2265 enim
655 2209 896 2264 medicus
923 2219 1127 2278 aegroto
1159 2210 1377 2279 quidem
1408 2210 1537 2265 dicit
1584 2228 1703 2281 quae
1751 2221 1876 2265 sunt

292 2303 509 2371 agenda;
534 2299 685 2373 quod
717 2302 760 2354 si
794 2300 887 2355 ille
917 2308 975 2355 ut
998 2315 1061 2354 ea
1091 2299 1249 2355 faciat
1276 2317 1380 2356 non
1409 2302 1743 2369 sustinuerit,
1770 2318 1875 2356 non

292 2403 451 2449 tamen
481 2408 607 2447 eum
640 2391 889 2463 despicit,
924 2392 1018 2446 sed
1052 2392 1427 2462 persuadendo
1454 2393 1717 2449 adhibens
1741 2411 1875 2450 cou-

290 2486 467 2551 silium,
497 2499 689 2539 rursus
716 2492 869 2539 curat
898 2502 911 2539 :
942 2484 1013 2538 ita
1044 2485 1206 2538 etiam
1233 2483 1450 2539 Paulus.
1474 2484 1606 2540 Nam
1630 2487 1718 2556 qui
1745 2487 1876 2541 illud

288 2581 486 2649 quidem
512 2579 664 2644 facit,
685 2596 878 2649 nempe
900 2580 988 2650 qui
1012 2579 1258 2649 despicit.
1285 2581 1508 2650 gloriam
1535 2581 1709 2635 solum
1728 2598 1851 2652 qua:
1868 2616 1880 2627 -

291 2672 378 2737 rit,
409 2680 461 2726 et
504 2688 656 2741 aegre
696 2671 799 2726 fert
844 2671 985 2739 quod
1032 2673 1101 2725 sit
1143 2680 1484 2740 contemptus
1514 2689 1528 2724 :
1558 2674 1649 2742 qui
1697 2684 1876 2729 autem

288 2777 485 2830 semper
510 2762 709 2832 qumrit
736 2763 1024 2815 sanitatem
1078 2761 1397 2829 laborantis,
1427 2761 1530 2817 hoc
1578 2778 1741 2817 unum
1786 2780 1875 2817 so-

289 2854 387 2908 lum
415 2864 625 2925 Spectat
659 2864 716 2908 ut
745 2854 1015 2923 iacentem
1068 2856 1335 2910 restituat.
1369 2854 1481 2910 Hoc
1511 2872 1725 2927 quoque
1757 2857 1881 2913 facit

290 2946 474 3000 Paulus
504 2946 720 3010 dicens,
753 2946 929 3000 Nolite
953 2946 1167 3001 mentiri
1198 2962 1212 2999 :
1242 2946 1286 3000 si
1312 2947 1528 3016 quando
1552 2960 1732 3005 autem
1763 2962 1879 3005 orta

288 3038 348 3090 sit
372 3038 443 3092 ira
474 3053 539 3092 ex
569 3036 859 3092 mendacio
881 3079 898 3105 ,
934 3039 1035 3092 hoc
1067 3053 1278 3110 quoque
1317 3056 1505 3095 rursus
1545 3051 1717 3096 curat.
1743 3043 1880 3111 Quid

289 3129 417 3184 enim
447 3130 578 3185 dicit
598 3130 624 3183 ἳ
656 3127 970 3196 Irascimini,
1000 3140 1048 3185 et
1096 3132 1253 3185 nolite
1298 3149 1527 3203 peccare.
1565 3134 1771 3189 Bonum
1801 3146 1884 3191 est

290 3222 419 3274 enim
470 3238 575 3276 non
627 3221 822 3284 irasci;
855 3221 951 3275 sed
978 3221 1023 3275 si
1052 3223 1172 3293 quis
1200 3224 1489 3293 aliquando
1518 3226 1567 3278 in
1600 3241 1717 3280 eam
1747 3227 1881 3281 inci-

289 3312 417 3366 derit
441 3314 681 3382 culpam,
709 3328 775 3367 ne
809 3322 985 3368 tamen
1014 3315 1081 3369 sit
1108 3314 1382 3369 diuturna.
1412 3318 1529 3383 Sol,
1564 3318 1753 3389 inquit,
1784 3336 1886 3373 non

292 3405 473 3457 occidat
499 3421 661 3473 super
681 3405 1000 3459 iracundiam
1021 3415 1257 3459 vestram.
1279 3405 1371 3461 Vis
1401 3408 1475 3462 ira
1508 3409 1757 3478 impleri?
1778 3411 1888 3465 suf-

294 3495 393 3549 ficit
422 3498 510 3551 tibi
545 3513 660 3552 una
688 3498 819 3551 hora
847 3509 903 3553 et
931 3499 1098 3553 altera
1126 3507 1182 3554 et
1213 3502 1402 3568 tertia;
1429 3517 1498 3558 ne
1517 3503 1668 3558 vobis
1690 3505 1888 3561 relictis

295 3587 509 3644 inimicis
538 3590 626 3645 sol
658 3590 895 3645 recedat.
928 3591 1088 3646 Ortus
1110 3601 1195 3648 est
1217 3610 1243 3646 a
1273 3595 1549 3650 bonitate:
1580 3612 1646 3652 ne
1672 3598 1891 3653 recedat

293 3694 402 3733 cum
426 3680 627 3736 luxerit
657 3681 796 3750 apud
826 3682 1096 3752 indignos.
1121 3684 1255 3739 Nam
1285 3686 1328 3738 si
1360 3686 1619 3742 Dominus
1643 3704 1764 3743 eum
1793 3689 1889 3743 mi-

294 3769 435 3824 sitex
456 3772 626 3825 multa
655 3771 912 3837 bonitate,
936 3782 987 3826 et
1010 3783 1227 3843 precata
1254 3776 1347 3828 tibi
1377 3779 1602 3842 remisit,
1626 3787 1681 3832 tu
1709 3790 1887 3835 autem

298 3861 530 3926 proximo
557 3878 670 3915 non
702 3863 956 3926 remittis,
982 3864 1103 3918 vide
1132 3876 1388 3935 quantum
1420 3868 1489 3921 sit
1512 3870 1729 3924 malum.
1754 3871 1890 3926 Cum

298 3951 390 4006 hoc
420 3964 602 4009 autem
638 3954 782 4007 malo
809 3963 893 4008 est
918 3955 1063 4009 aliud
1093 3972 1306 4027 quoque
1334 3974 1350 4011 :
1385 3958 1535 4014 timet
1561 3960 1753 4016 Paulus
1773 4002 1789 4029 ,
1825 3979 1892 4019 ne

296 4046 336 4098 si
366 4061 463 4100 nox
489 4062 616 4103 eum
647 4048 736 4117 qui
761 4056 844 4102 est
875 4047 1067 4119 injuria
1099 4049 1323 4105 affectus
1352 4051 1402 4105 in
1432 4053 1721 4110 solitudine
1746 4057 1894 4111 inve-

299 4140 431 4192 nerit
459 4140 881 4204 inﬂammatum,
914 4142 1091 4212 ignem
1133 4144 1411 4199 accendat.
1446 4144 1574 4201 Nam
1614 4150 1889 4218 quamdiu,

296 4227 415 4283 dum
462 4242 545 4285 est
591 4231 750 4291 dics.
787 4231 953 4287 multa
1005 4235 1246 4299 excutis,
1280 4235 1404 4291 licet
1449 4237 1543 4291 tibi
1589 4240 1892 4295 exsatiari:

297 4322 503 4392 quando
530 4331 717 4378 autem
770 4332 992 4379 ventura
1020 4334 1103 4379 est
1129 4341 1352 4395 vespera
1377 4370 1392 4393 ,
1425 4330 1773 4385 reconciliare
1795 4372 1811 4397 ,
1840 4341 1896 4387 et

299 4428 482 4468 recens
506 4415 712 4468 malum
742 4415 1046 4485 cristingue.
1078 4416 1208 4471 Nam
1236 4419 1280 4471 si
1310 4432 1414 4472 nox
1443 4421 1858 4489 apprelienderit
1878 4465 1892 4486 ,

300 4520 399 4558 non
432 4507 633 4576 poterit
664 4506 781 4562 dies
815 4522 1069 4576 sequens,
1119 4509 1316 4563 malum
1349 4523 1511 4565 noetu
1542 4527 1755 4583 quoque
1798 4529 1893 4569 co-

299 4606 468 4650 actum
498 4608 555 4652 et
583 4608 968 4667 congregatum
998 4599 1340 4670 exstinguere
1366 4616 1380 4665 ;
1424 4603 1519 4657 sed
1546 4604 1754 4659 etiamsi
1783 4621 1897 4659 mae

296 4685 461 4754 jorem
495 4698 708 4757 partem
742 4689 1061 4754 resecurris,
1097 4698 1266 4744 totum
1301 4700 1478 4748 autem
1532 4710 1636 4749 non
1680 4699 1854 4766 possis
1876 4739 1892 4763 ,

300 4776 385 4831 dat
411 4794 602 4833 rursus
644 4781 890 4848 sequenti
938 4781 1081 4835 nocti
1126 4797 1193 4837 ex
1236 4798 1302 4837 eo
1344 4785 1483 4853 quod
1524 4795 1608 4842 est
1652 4790 1896 4845 relictum

299 4870 553 4938 majorem
584 4885 777 4941 rogum
811 4871 1111 4926 faciendum
1144 4892 1156 4927 :
1188 4883 1243 4929 et
1269 4876 1408 4930 sicut
1436 4879 1536 4943 sol,
1569 4879 1614 4934 si
1645 4882 1786 4950 quod
1814 4891 1898 4937 est

299 4963 433 5016 acris
456 4962 508 5016 in
538 4964 739 5018 nubem
764 4974 1007 5019 coactum
1038 4975 1092 5020 et
1119 4966 1508 5025 condensatum
1536 4987 1632 5042 per
1658 4985 1895 5039 noctem,

300 5068 400 5106 non
432 5055 671 5123 potuerit
695 5057 874 5110 calore
904 5058 1097 5112 diurno
1124 5060 1337 5115 mollire
1362 5072 1417 5116 et
1445 5063 1775 5134 dispergere,
1805 5083 1898 5123 oc-

298 5143 437 5197 casio
461 5146 737 5214 praebetur
762 5151 1122 5216 tempestatis,
1149 5150 1277 5205 dum
1302 5168 1407 5206 nox
1431 5155 1685 5224 reliquias
1707 5173 1898 5228 appre-

300 5232 580 5301 henderit,
614 5246 667 5291 et
695 5252 788 5291 eas
819 5255 1006 5293 rursus
1051 5241 1170 5296 aliis
1223 5246 1508 5313 vaporibus
1550 5248 1743 5304 aluerit
1776 5269 1789 5305 :
1823 5252 1897 5308 ita

298 5324 454 5379 etiam
483 5325 539 5379 tn
571 5326 674 5382 ira.
707 5325 887 5381 Nolite
933 5329 1096 5384 locum
1140 5332 1264 5387 dare
1311 5335 1533 5393 diabolo.
1569 5338 1749 5409 Itaque
1778 5342 1895 5397 bel-

299 5412 402 5469 lum
433 5416 536 5470 sibi
568 5426 756 5472 mutuo
783 5419 1002 5487 inferre,
1030 5433 1113 5475 est
1142 5423 1316 5478 locum
1345 5426 1474 5481 dare
1497 5428 1732 5486 diabolo.
1764 5433 1895 5489 Nam

299 5518 416 5560 cum
461 5519 740 5577 oporteret
765 5526 957 5566 omnes
987 5512 1145 5567 simul
1173 5529 1294 5569 esse
1322 5519 1653 5590 constipatos
1685 5533 1739 5577 et
1768 5539 1897 5577 cnn-

299 5597 554 5655 dcusatos
581 5643 595 5666 ,
625 5610 679 5658 et
704 5602 964 5658 adversus
994 5606 1143 5660 illum
1172 5618 1315 5663 stare
1334 5650 1350 5675 ,
1378 5611 1568 5668 solutis
1613 5631 1730 5683 qua:
1771 5625 1897 5670 sunt

276 5692 451 5746 nobis
475 5710 598 5749 cum
624 5695 712 5751 illo
733 5696 1048 5762 inimicitiis,
1065 5699 1316 5767 iubemus
1339 5712 1395 5756 ut
1419 5702 1553 5758 alter
1583 5705 1633 5760 in
1666 5707 1894 5764 alterum

638 5884 910 5945 PATROL.
961 5884 1073 5944 Gn.
1134 5887 1300 5948 LXII

3468 365 3572 422 £02

1982 473 2379 520 convertamur.
2410 466 2709 538 Numquam
2750 472 2891 527 enim
2935 472 3109 531 locum
3155 479 3231 534 sic
3267 477 3426 537 habet
3455 484 3574 538 dia-

1977 548 2130 605 bolus
2162 565 2216 606 ut
2248 554 2298 607 in
2332 556 2642 615 inimicitiis.

2045 641 2101 697 2.
2144 642 2538 703 Inimicitiarum
2581 654 2716 708 mala
2743 673 2762 709 :
2791 661 3047 728 quomodo
3076 664 3176 716 sint
3214 666 3473 721 sedandae.
3499 698 3572 711 -—-

1978 732 2113 788 Hinc
2158 736 2298 791 mala
2339 752 2634 798 nascuntur
2673 746 2974 806 innumera.
3030 753 3099 808 Et
3142 757 3279 810 sicut
3318 760 3573 828 quamdiu

1974 829 2191 899 quidem
2221 842 2347 887 sunt
2375 839 2638 907 compacti
2674 840 2878 909 lapides
2900 886 2915 911 ,
2952 862 3126 917 neque
3156 851 3448 921 quidquam
3481 853 3587 907 ba-

1977 921 2105 977 bent
2146 939 2372 980 vacuum
2398 970 2411 991 ,
2450 937 2594 984 stant
2641 932 2892 1001 infracti;
2939 939 3019 993 sin
3062 951 3241 996 autem
3287 945 3576 1016 contigerit

1976 1016 2143 1071 solius
2173 1033 2301 1072 acus
2348 1019 2464 1075 fieri
2499 1022 2919 1090 perforationem
2965 1041 3057 1086 aut
3100 1045 3376 1103 rupturam
3402 1077 3418 1102 ,
3451 1054 3572 1108 quas

1976 1108 2133 1163 unius
2163 1111 2253 1178 pili
2283 1112 2457 1166 solum
2492 1114 2670 1169 locum
2702 1126 2902 1186 teneat,
2936 1132 3105 1177 totum
3140 1141 3349 1181 murum
3382 1143 3575 1197 perva-

1975 1198 2191 1255 dentem
2213 1243 2227 1263 ,
2270 1202 2373 1257 hoc
2402 1206 2581 1260 omnia
2621 1207 2870 1265 dissolvit
2899 1223 2952 1266 et
2984 1214 3195 1283 perdit:
3227 1218 3299 1272 ita
3328 1221 3488 1274 etiam
3520 1221 3573 1278 in

1981 1291 2197 1348 diabolo
2226 1312 2240 1359 ;
2273 1298 2528 1366 quamdiu
2569 1301 2787 1371 quidem
2834 1305 3094 1362 fuerimus
3123 1312 3392 1381 conjuncti
3441 1329 3574 1369 con-

1988 1382 2308 1454 densatique
2335 1403 2399 1442 ac
2430 1389 2568 1447 bene
2594 1396 2880 1464 compacti,
2914 1397 3043 1452 nihil
3070 1402 3290 1455 omnino
3323 1402 3482 1459 infert
3507 1421 3574 1463 ex

1977 1472 2042 1529 iis
2067 1492 2188 1545 qua:
2215 1492 2310 1532 sua
2341 1490 2505 1547 sunt;
2536 1484 2750 1552 quando
2794 1497 2973 1543 autem
3005 1506 3102 1545 nos
3145 1508 3328 1563 parum
3361 1498 3574 1553 mollieo

1975 1566 2061 1629 rit,
2091 1574 2359 1639 tamquam
2379 1582 2598 1629 torrens
2620 1577 2837 1647 quidam
2868 1580 3061 1638 influit.
3098 1585 3152 1638 Ei
3184 1587 3324 1640 enim
3357 1604 3576 1660 semper

1976 1658 2092 1711 solo
2120 1674 2256 1729 opus
2280 1670 2361 1717 est
2388 1664 2576 1733 initio;
2609 1677 2663 1722 et
2690 1668 2793 1724 hoc
2819 1679 2905 1727 est
2932 1674 3075 1742 quod
3105 1675 3396 1734 difficulter
3425 1658 3573 1739 recze

1976 1753 2318 1820 componitur
2348 1771 2361 1807 :
2387 1754 2491 1811 hoc
2511 1768 2690 1813 autem
2718 1760 2856 1817 facto
2882 1765 2994 1833 ipse
3019 1766 3121 1822 sibi
3143 1770 3320 1824 omnia
3346 1771 3573 1829 dilatat:

1977 1841 2235 1913 deinceps
2263 1846 2408 1900 enim
2431 1864 2592 1905 aures
2619 1853 2793 1923 aperit
2814 1854 3117 1922 calumniis,
3148 1868 3202 1914 et
3233 1861 3296 1915 iis
3319 1864 3407 1932 qui
3441 1864 3578 1920 falsa

1978 1932 2165 1988 dicunt
2195 1937 2367 2005 major
2396 1939 2684 1997 adhibetur
2711 1943 2847 1999 fides
2880 1963 2894 2000 :
2928 1962 3051 2002 nam
3083 1949 3450 2022 disceptantes
3482 1957 3581 2010 bao

1980 2026 2108 2082 bent
2150 2028 2478 2098 inimicitias,
2510 2049 2615 2090 non
2652 2036 2981 2106 judicantem
3015 2044 3310 2099 veritatem.
3347 2049 3411 2102 Et
3438 2051 3579 2107 sicut

1980 2118 2023 2172 si
2069 2119 2140 2174 sit
2184 2123 2440 2186 amicitia,
2469 2127 2629 2181 etiam
2674 2129 2815 2185 mala
2842 2147 2966 2186 vera
3012 2132 3262 2191 videntur
3301 2137 3469 2205 falsa;
3502 2141 3574 2197 ita

1979 2209 2142 2265 etiam
2168 2210 2212 2266 si
2244 2212 2353 2267 sint
2388 2214 2685 2274 inimicitia:
2711 2260 2726 2284 ,
2759 2220 2923 2275 etiam
2968 2222 3097 2278 falsa
3128 2225 3377 2283 videntur
3397 2245 3523 2285 vera
3557 2250 3570 2285 :

1980 2300 2084 2354 alia
2116 2310 2198 2357 est
2225 2319 2399 2371 mens,
2436 2307 2577 2362 aliud
2600 2307 2883 2379 judicium,
2915 2328 3021 2367 non
3049 2329 3119 2370 ex
3144 2332 3299 2387 :equo
3328 2321 3574 2385 audiens.

1982 2394 2075 2449 sed
2111 2410 2231 2450 cum
2278 2414 2467 2468 magna
2514 2400 2866 2459 inclinatione
2909 2415 2964 2461 et
3003 2408 3056 2462 in
3100 2409 3322 2465 alteram
3370 2425 3578 2483 partem

1985 2488 2359 2556 prepensione.
2392 2492 2856 2558 Quemadmodum
2882 2499 3025 2553 enim
3054 2515 3106 2555 In
3137 2502 3270 2558 libra
3302 2505 3577 2574 plumbum

1981 2580 2221 2635 additum
2254 2591 2424 2638 totum
2457 2586 2618 2640 trahit
2649 2604 2663 2642 :
2694 2588 2764 2642 ita
2799 2587 2885 2645 hic
2913 2592 3072 2647 etiam
3103 2595 3311 2663 pondus
3341 2598 3575 2655 inimici-

1985 2673 2178 2725 tiarum
2203 2714 2216 2737 ,
2250 2688 2371 2728 cum
2420 2676 2490 2730 sit
2535 2679 2753 2746 plumbo
2779 2683 3018 2751 gravius.
3052 2685 3415 2751 Quamobrem
3447 2708 3578 2763 rogo

1984 2775 2203 2830 agamus
2228 2764 2405 2819 omnia
2438 2806 2453 2832 ,
2487 2775 2545 2821 ut
2573 2778 2699 2825 ante
2728 2770 2859 2826 solis
2889 2787 3140 2830 occasum
3171 2779 3579 2852 exstinguamus

1986 2851 2315 2909 inimicitias.
2348 2855 2480 2910 Nam
2521 2858 2564 2912 si
2595 2860 2769 2928 primo
2795 2870 2850 2916 et
2876 2867 3119 2934 sequenti
3148 2867 3235 2923 die
3264 2884 3355 2925 eas
3389 2881 3578 2929 tenue-

1988 2945 2087 3014 ris,
2119 2962 2265 3018 smpe
2295 2952 2455 3004 etiam
2486 2952 2552 3007 ad
2582 2968 2781 3009 annum
2812 2972 2981 3028 usque
3010 2960 3254 3017 extendis
3275 3002 3290 3029 ,
3316 2966 3457 3020 etde
3477 2978 3582 3020 cae-

1990 3045 2105 3094 tero
2134 3039 2265 3108 ipsa:
2292 3041 2498 3112 seipsas
2524 3054 2723 3114 augent
2751 3046 3070 3116 inimicitiae,
3102 3068 3203 3108 nec
3228 3055 3408 3125 aliquo
3437 3058 3581 3113 indi-

1986 3139 2147 3198 gent;
2172 3139 2225 3184 et
2242 3147 2360 3200 qua:
2382 3133 2539 3188 alites
2555 3135 2813 3192 dicuntur
2826 3137 2985 3194 aliter
3003 3144 3266 3211 suspicari
3296 3145 3577 3217 facientes,

1989 3222 2150 3276 etiam
2180 3233 2365 3293 gestus
2396 3225 2719 3300 habitusque
2747 3240 2803 3287 et
2829 3232 3107 3304 quodlibet
3152 3237 3389 3296 furorem
3434 3244 3583 3300 inve-

1992 3312 2157 3379 hunt,
2196 3324 2250 3369 et
2277 3316 2520 3373 efficiunt
2546 3329 2603 3375 ut
2630 3321 2781 3391 pejus
2816 3339 2876 3380 se
2902 3324 3133 3383 habeant
3162 3346 3321 3401 quam
3355 3333 3578 3403 furiosi,

1992 3403 2068 3459 ira
2098 3421 2272 3477 neque
2305 3424 2501 3465 nomen
2540 3412 2720 3469 dicere
2750 3430 2849 3472 nec
2891 3418 3080 3476 audire
3127 3423 3445 3495 sustinente,
3488 3430 3583 3485 sed

1993 3508 2058 3548 ex
2087 3498 2386 3553 maledictis
2413 3511 2467 3554 et
2497 3503 2755 3559 conviciis
2793 3506 3042 3578 loquente
3070 3514 3270 3568 omnia.
3299 3516 3582 3582 Quomodo

1994 3600 2122 3655 ergo
2154 3588 2287 3642 iram
2318 3590 2946 3664 molliemus?quomodo
2978 3599 3243 3657 ﬂammam
3274 3608 3583 3679 exstingue-

1996 3678 2159 3732 nms?
2195 3678 2250 3734 Si
2292 3690 2473 3737 nostra
2512 3684 2754 3752 ipsorum
2800 3700 3017 3758 peccata
3059 3706 3240 3751 mente
3271 3678 3584 3773 versemus,

1996 3784 2057 3823 ac
2087 3782 2341 3841 quantum
2377 3775 2485 3829 Deo
2514 3777 2837 3846 debeamus,
2870 3790 2925 3838 et
2960 3784 3027 3840 ad
3057 3787 3106 3841 ei
3136 3789 3462 3849 reddendam
3497 3814 3584 3853 ra-

1999 3862 2197 3917 tionem
2238 3866 2408 3920 simus
2437 3868 2653 3923 obnoxii
2686 3888 2699 3925 :
2734 3874 2777 3927 si
2805 3874 3105 3945 cogitemus
3148 3884 3290 3951 quod
3324 3902 3430 3941 non
3460 3888 3585 3945 ulci-

1998 3954 2201 4009 scimur
2231 3957 2528 4025 inimicum,
2562 3960 2658 4016 sed
2699 3978 2796 4018 nos
2822 3964 2970 4035 ipsos
3002 3987 3015 4023 :
3049 3970 3092 4024 si
3119 3974 3418 4043 cogitemus
3443 3981 3587 4049 quod

1999 4046 2271 4101 diabolum
2302 4050 2485 4104 laetitia
2525 4051 2789 4111 efﬁcimus
2810 4096 2826 4123 ,
2860 4068 3107 4116 nostrum
3137 4062 3412 4121 inimicum
3439 4046 3475 4129 ,⁷
3501 4073 3590 4141 qui

2001 4153 2126 4194 vere
2155 4148 2236 4193 est
2265 4141 2534 4208 inimicus,
2565 4155 2786 4215 propter
2814 4164 2971 4215 quem
3004 4154 3244 4209 membro
3283 4168 3469 4214 nostro
3511 4163 3591 4216 in-

1995 4227 2192 4299 juriam
2224 4229 2473 4287 facimus.
2511 4232 2601 4288 Vis
2633 4247 2865 4306 acceptae
2897 4240 3101 4310 injuria:
3130 4258 3250 4300 esse
3281 4263 3509 4317 memor,
3543 4264 3597 4308 et

2000 4319 2293 4375 inimicus?
2321 4321 2404 4376 Sis
2434 4323 2704 4392 inimicus,
2731 4329 2825 4382 sed
2856 4329 3076 4400 diaboli,
3102 4350 3207 4389 non
3236 4340 3463 4397 membri
3495 4348 3593 4401 tui.

2005 4411 2295 4483 Propterea
2336 4430 2434 4471 nos
2480 4417 2661 4473 animo
2701 4429 2753 4475 et
2794 4421 2869 4476 ira
2912 4428 3136 4481 armavit
3181 4429 3355 4499 Deus,
3399 4452 3505 4493 non
3541 4449 3597 4493 ut

2002 4519 2189 4560 ensem
2220 4506 2269 4559 in
2302 4517 2484 4562 nostra
2510 4523 2739 4580 corpora
2760 4513 3056 4585 adigamus,
3083 4518 3177 4575 sed
3209 4531 3265 4578 ut
3293 4534 3459 4582 totum
3482 4530 3598 4600 gla-

2004 4594 2148 4649 dium
2192 4597 2243 4651 in
2289 4596 2489 4653 diaboli
2534 4611 2722 4671 pectus
2770 4604 3175 4679 immergamus.
3223 4614 3336 4671 lllic
3381 4594 3597 4677 inclbde

2004 4702 2188 4743 ensem
2220 4705 2387 4757 usque
2409 4691 2475 4746 ad
2507 4694 2782 4763 capulum,
2814 4697 2859 4752 si
2888 4700 2990 4764 vis,
3024 4712 3074 4756 et
3110 4703 3282 4771 ipsum
3306 4712 3551 4779 eapulum
3573 4749 3590 4773 ,

2005 4796 2105 4835 nec
2142 4797 2397 4852 umquam
2440 4786 2703 4840 evulseris
2724 4827 2737 4850 ,
2770 4788 2864 4843 sed
2892 4792 3054 4846 etiam
3090 4795 3227 4849 adde
3265 4799 3447 4854 alium.
3480 4803 3594 4859 Hoc

2002 4882 2181 4927 autem
2212 4874 2302 4928 fiet
2325 4875 2539 4945 quando
2566 4878 2721 4932 nobis
2750 4878 2878 4948 ipsis
2911 4896 3212 4950 pareemus,
3240 4891 3455 4958 quando
3477 4895 3593 4961 pla-

2003 4975 2119 5020 cate
2138 4966 2278 5021 inter
2303 4983 2400 5021 nos
2422 4967 2596 5023 allecti
2618 4971 2841 5025 erimus.
2873 4971 3100 5029 Pereant
3123 4981 3383 5047 pecuniae,
3410 4996 3595 5052 pereat

2003 5058 2169 5127 gloria
2219 5068 2272 5114 et
2325 5058 2462 5112 bona
2515 5061 2848 5117 existimatio
2890 5080 3111 5120 :mcum
3167 5072 3469 5129 membrum
3510 5092 3595 5133 est

2007 5154 2139 5210 nubi
2182 5155 2432 5210 omnibus
2471 5156 2785 5226 pretiosius.
2830 5158 2956 5215 Haec
2998 5162 3138 5233 apud
3185 5182 3280 5221 nos
3309 5168 3593 5230 dicamus:

2006 5247 2082 5303 Ne
2112 5256 2311 5302 nostra:
2354 5256 2560 5301 naturae
2605 5247 2853 5318 injuriam
2898 5251 3193 5323 faciamus,
3244 5268 3301 5312 ut
3340 5267 3596 5329 pecunias

2006 5339 2379 5409 acquiramus,
2413 5347 2468 5393 ut
2495 5339 2720 5408 gloriam
2751 5356 3161 5411 consequamur.
3194 5346 3285 5403 28.
3310 5349 3413 5414 Qui
3450 5357 3597 5423 fura-

2006 5440 2125 5493 tur,
2161 5431 2274 5501 jam
2320 5446 2418 5483 non
2468 5434 2697 5501 (aretur,
2742 5432 2933 5503 inquit.
2990 5434 3149 5491 Vides
3194 5454 3439 5507 quamam
3486 5447 3598 5502 sint

2007 5524 2247 5577 membra
2271 5522 2469 5577 veteris
2503 5523 2776 5578 hominis?
2807 5526 3167 5595 mendacium,
3198 5544 3431 5606 accepta:
3459 5539 3595 5610 inju-

2005 5616 2099 5670 ria:
2132 5616 2465 5678 recordatio,
2511 5617 2732 5671 furtum.
2765 5616 2876 5672 Cur
2912 5628 3088 5675 autem
3133 5639 3236 5677 non
3277 5627 3447 5693 dixit,
3491 5633 3594 5702 Qui

2007 5706 2243 5771 furatur,
2277 5707 2567 5776 castigetur
2592 5749 2606 5773 ,
2638 5718 2947 5779 torqueatur
2971 5751 2986 5775 ,
3027 5713 3120 5768 sed
3147 5756 3163 5783 ,
3208 5715 3326 5772 Non
3370 5722 3594 5788 amplius

2008 5804 2247 5874 [τινακνέ
2275 5800 2442 5871 Magis
2463 5812 2629 5857 autem
2658 5802 2844 5859 laboret
2870 5806 3125 5875 operando
3151 5808 3332 5861 bonum
3362 5816 3595 5866 manibus

3184 5908 3221 5967 7
