4092 6494
487 336 600 391 ξοδ

497 451 631 514 suis,
665 457 719 501 ut
750 445 928 501 habeat
957 445 1090 499 unde
1119 442 1302 496 tribuat
1343 441 1685 495 necessitate»:
1715 433 1947 507 patienti.
1979 431 2080 488 Ubi

488 547 619 593 sunt
647 538 737 608 qui
757 537 1010 592 dicuntur
1029 533 1244 590 Catltari
1276 534 1375 604 (a),
1407 532 1458 586 id
1483 540 1566 586 est
1588 529 1796 595 mundi,
1827 543 1914 599 qut
1938 525 2084 581 omni

495 629 657 684 sorde
688 628 833 699 pleni
877 627 947 682 ita
982 642 1043 681 se
1085 624 1286 678 audent
1331 621 1661 678 nominare?
1688 621 1872 675 Potest
1901 619 2044 674 enim
2066 660 2081 684 ,

483 728 673 789 epotest
702 719 906 774 crimen
935 717 1057 772 exui
1082 759 1097 783 ,
1131 731 1237 770 non
1267 714 1441 769 solum
1469 727 1536 768 eo
1561 711 1704 783 quod
1734 711 2024 766 desistatur
2051 724 2082 764 a

497 819 736 880 peccato,
770 808 863 865 scd
895 809 1058 864 etiam
1085 823 1150 862 eo
1176 806 1321 877 quod
1362 807 1452 860 ﬁat
1485 805 1685 860 bonum
1715 803 1952 874 aliquod.
1990 803 2083 857 Vi-

492 902 633 956 detis
658 900 923 972 quomodo
944 906 1194 969 oporteat
1215 912 1412 953 exuere
1434 907 1652 967 peccata
1674 896 1697 950 ?
1719 895 1898 950 Furati
1920 903 2078 958 sunt;

495 993 597 1050 hoc
622 1001 707 1049 est
743 1003 1019 1063 peccaturo
1057 991 1340 1046 admittere
1370 1007 1386 1045 :
1416 1005 1520 1045 non
1567 987 1726 1043 furati
1775 997 1938 1054 sunt;
1981 989 2084 1044 hoc

493 1100 598 1140 non
625 1095 704 1140 est
726 1094 1004 1156 peccatum
1028 1084 1242 1138 solvere
1266 1099 1281 1147 ;
1311 1081 1404 1137 sed
1431 1079 1699 1151 quomodo
1723 1079 1746 1130 ?
1771 1080 1827 1135 Si
1865 1079 2080 1136 labora-

492 1183 656 1240 runt,
700 1184 755 1230 et
784 1175 902 1230 aliis
931 1174 1308 1245 impertierunt
1331 1191 1344 1226 :
1371 1173 1448 1228 sic
1475 1172 1751 1227 solverunt
1778 1179 2078 1241 peccatum.

494 1264 610 1320 Non
640 1265 751 1319 vult
779 1264 952 1319 solum
980 1279 1078 1320 nos
1106 1264 1372 1330 laborare,
1396 1261 1490 1318 sed
1517 1262 1586 1316 ita
1616 1261 1862 1317 laborare
1883 1270 1939 1316 ut
1961 1260 2082 1316 aliis

492 1355 906 1426 impertiamus:
937 1370 1060 1410 nam
1097 1357 1256 1410 etiam
1294 1356 1385 1425 qui
1424 1354 1629 1410 furatur
1652 1362 1942 1424 operatur,
1983 1351 2081 1409 sed

493 1449 716 1504 malum.
754 1449 845 1504 29.
894 1448 1074 1503 Omnis
1112 1464 1276 1504 sermo
1322 1448 1488 1502 malus
1535 1463 1599 1501 ea;
1641 1463 1729 1502 ore
1773 1455 1936 1501 vestro
1979 1463 2083 1502 non

486 1541 752 1608 procedat.
782 1540 913 1609 Quis
934 1549 1017 1596 est
1041 1555 1222 1596 sermo
1246 1540 1414 1594 malus
1442 1539 1465 1592 ?
1495 1538 1565 1606 ls,
1589 1555 1746 1608 quem
1770 1541 1930 1594 etiam
1952 1539 2084 1594 dicit

490 1633 746 1699 otiosum,
769 1632 1050 1699 detractio,
1073 1631 1357 1686 obscoenus
1377 1644 1577 1694 sermo,
1603 1629 1923 1694 scurrilitas,
1948 1629 2082 1684 stul-

493 1725 797 1795 tiloquium.
842 1723 1008 1780 Vides
1057 1723 1330 1794 quomodo
1373 1722 1640 1779 exscindit
1693 1723 1788 1777 ira:
1833 1722 2078 1790 radices,

491 1817 828 1872 mendacium
853 1860 866 1884 ,
896 1817 1096 1874 furtum
1114 1860 1130 1886 ,
1163 1819 1590 1888 intempestivam
1617 1818 2080 1889 disputationem?

490 1909 623 1965 Illud
652 1920 855 1976 autem,
893 1909 1013 1965 Non
1041 1912 1264 1981 amplius
1291 1916 1509 1981 furetur,
1544 1926 1648 1966 non
1677 1921 1784 1967 tam
1815 1912 1943 1967 dicit
1973 1911 2080 1968 illis

491 2001 775 2070 ignoscens
801 2041 816 2067 ,
859 2016 1019 2070 quam
1063 2003 1222 2057 mites
1269 2012 1325 2058 et
1367 2002 1661 2058 clementes
1704 2017 1801 2058 eos
1844 2002 2080 2060 reddens

488 2091 678 2161 quibus
705 2090 840 2146 facta
871 2101 987 2147 erat
1014 2093 1213 2161 injuria
1236 2134 1251 2160 ,
1279 2101 1336 2148 et
1361 2093 1597 2148 suadens
1624 2105 1681 2150 ut
1727 2109 1793 2150 eo
1838 2095 2078 2151 contenti

487 2185 627 2250 sint,
659 2185 803 2255 quod
831 2201 940 2242 non
965 2186 1074 2242 sint
1100 2203 1162 2243 ea
1189 2187 1422 2258 amplius
1450 2188 1682 2258 passuri.
1715 2190 1858 2245 Bene
1897 2198 2077 2246 autem

487 2267 758 2333 de'vcrbis
786 2287 970 2334 monet
997 2296 1010 2332 :
1042 2278 1162 2333 Non
1194 2279 1365 2334 solum
1391 2279 1533 2334 enim
1565 2295 1768 2348 rerum,
1794 2281 1888 2335 sed
1915 2281 2077 2337 etiam

491 2367 774 2423 verborum
803 2383 991 2438 poenas
1017 2369 1229 2425 damus.
1273 2369 1380 2425 Sed
1406 2371 1450 2425 si
1477 2371 1588 2442 quis
1615 2370 1775 2426 bonus
1803 2373 1872 2425 ad
1905 2372 2078 2440 cedi/i-

487 2459 732 2512 cationem
759 2459 881 2528 ﬁdei
909 2468 963 2513 ut
990 2459 1072 2514 det
1093 2462 1310 2531 gratiam
1337 2461 1675 2518 audientibus.
1708 2463 1820 2518 Hoc
1848 2474 1951 2532 est,
1977 2464 2081 2521 hoc

489 2547 662 2603 solum
692 2548 915 2620 loquere
941 2551 1084 2622 quod
1118 2552 1347 2608 aediﬁcat
1373 2553 1698 2623 proximum,
1737 2555 1869 2610 nihil
1897 2565 2076 2611 autem

485 2652 968 2710 supervacaneum.

561 2733 614 2788 5.
668 2731 869 2804 Lingua
913 2735 1164 2804 quomodo
1211 2733 1473 2791 utendum.
1497 2766 1568 2777 —
1597 2737 1884 2806 Propterea
1935 2741 2077 2795 enim

487 2827 581 2882 tibi
608 2841 668 2882 os
692 2838 748 2882 et
793 2806 1028 2897 linguam
1057 2827 1209 2883 dedit
1251 2829 1391 2883 Deus
1410 2869 1426 2896 ,
1457 2839 1517 2884 ut
1545 2828 1656 2884 Deo
1686 2838 1813 2900 aga‘s
1839 2832 2039 2900 gratias
2059 2875 2071 2896 ,

486 2926 546 2972 ut
577 2917 878 2987 proximum
907 2917 1160 2973 aediﬁces.
1192 2917 1345 2987 Quod
1397 2919 1445 2974 si
1478 2919 1762 2976 tediﬁcium
1792 2922 2075 2990 destruas,

486 3007 681 3062 melius
712 3015 796 3062 est
836 3007 1024 3075 silere,
1067 3017 1122 3065 et
1162 3023 1450 3082 numquam
1496 3011 1660 3083 loqui.
1712 3011 1844 3067 Nam
1887 3029 2077 3069 manus

485 3095 728 3162 artiﬁcis,
757 3112 874 3168 quae
906 3113 1004 3168 pro
1033 3100 1306 3155 struendis
1337 3101 1504 3155 muris
1533 3103 1801 3170 deputatae
1827 3143 1842 3168 ,
1870 3102 2076 3158 didice-

485 3187 908 3256 riutdestruere,
936 3190 1059 3261 jure
1083 3191 1546 3248 exscinderentur.
1576 3191 1788 3249 Etenim
1820 3195 1922 3251 hoc
1940 3211 2076 3266 quo-

484 3295 590 3350 que
632 3280 762 3336 dicit
804 3281 1252 3353 psalmographus
1294 3300 1310 3339 :
1357 3282 1547 3338 Perdet
1593 3283 1847 3341 Dominus
1903 3288 2076 3341 omnia

485 3369 619 3425 labia
644 3371 825 3426 dolosa
856 3371 1028 3442 (Psal.
1061 3373 1150 3427 11.
1183 3373 1261 3443 4).
1293 3372 1408 3429 Hoc
1441 3389 1502 3429 os
1529 3383 1613 3431 est
1647 3391 1807 3432 causa
1833 3377 2072 3432 omnium

483 3463 768 3530 malorum,
799 3463 908 3518 imo
932 3479 1062 3520 vero
1091 3479 1198 3519 non
1224 3479 1309 3531 os,
1337 3465 1431 3520 sed
1453 3466 1544 3537 qui
1573 3481 1639 3522 eo
1667 3469 1804 3523 male
1826 3477 2069 3524 utuntur.

484 3553 620 3609 llinc
647 3554 1011 3623 contumeliae,
1045 3556 1326 3612 maledicta
1353 3598 1369 3623 ,
1402 3557 1751 3628 blaSphemias
1774 3601 1789 3626 ,
1823 3563 2071 3632 volupta-

482 3653 596 3700 tum
625 3644 836 3700 fomitcs
856 3655 910 3701 et
936 3647 1206 3714 incendia,
1231 3647 1430 3715 caedes,
1455 3650 1737 3716 adulteria,
1768 3651 1925 3722 furta,
1953 3669 2071 3709 om-

485 3737 571 3791 nia
599 3751 665 3790 ex
694 3751 760 3791 eo
785 3747 1101 3793 nascuntur.
1134 3739 1201 3794 Et
1225 3741 1494 3810 quomodo
1514 3785 1529 3810 ,
1554 3742 1746 3814 inquit,
1775 3745 1995 3802 caedes?
2026 3749 2068 3802 A

483 3829 808 3884 contumelia
833 3829 901 3884 ad
937 3831 1069 3886 iram
1097 3873 1110 3897 ,
1149 3832 1218 3888 ab
1247 3833 1321 3888 ira
1350 3834 1415 3890 ad
1445 3835 1626 3908 plagas
1647 3879 1662 3901 ,
1714 3853 1743 3890 a
1788 3840 1958 3910 plagis
2003 3840 2068 3895 ad

481 3919 687 3973 easdem
710 3918 993 3975 devenisti.
1020 3921 1300 3989 Quomodo
1323 3925 1690 3982 adulterium?
1718 3927 1843 3982 llaec
1865 3930 1948 3984 vel
1977 3930 2069 3985 illa

486 4021 560 4075 tc,
589 4011 793 4080 inquit,
837 4021 1012 4078 amat,
1045 4013 1170 4068 bonl
1210 4017 1482 4086 quidpiam
1509 4018 1576 4074 de
1607 4030 1658 4073 te
1687 4027 1773 4074 est
1811 4020 2025 4092 loquuta
2052 4064 2067 4089 ,

484 4103 650 4158 robur
680 4111 825 4158 tuum
855 4104 1133 4174 relaxavit,
1163 4105 1358 4164 deinde
1390 4108 1487 4163 tibi
1528 4111 1605 4164 sic
1639 4125 1854 4182 quoque
1878 4129 2072 4169 accen-

484 4195 627 4251 ditur
654 4196 938 4267 cupiditas.
983 4198 1274 4269 Propterea
1323 4200 1536 4256 dicebat
1576 4202 1774 4258 Paulus
1799 4247 1814 4272 ,
1861 4206 1924 4261 Si
1957 4208 2071 4278 quis

483 4287 658 4342 bonus.
691 4289 954 4354 Quoniam
992 4304 1120 4359 ergo
1158 4292 1445 4346 verborum
1477 4293 1641 4347 multa
1670 4305 1752 4350 est
1792 4295 2066 4366 profusio,

483 4381 682 4437 merito
707 4379 841 4435 dixit
871 4381 1169 4446 indeﬁnite,
1203 4390 1262 4436 ut
1285 4383 1374 4452 qui
1419 4383 1508 4438 illa
1550 4383 1693 4454 loqui
1725 4386 1946 4456 jusserit
1973 4429 1989 4456 ,
2016 4399 2070 4445 et

483 4472 710 4528 formam
732 4472 960 4528 dederit.
985 4473 1327 4542 Quamnam?
1355 4475 1410 4531 Si
1441 4477 1561 4546 quis
1583 4479 1832 4548 aediﬁcat,
1856 4481 2066 4539 dicens.

487 4564 592 4618 Aut
619 4563 719 4618 hoc
749 4563 911 4628 dicit,
941 4575 999 4618 ut
1031 4564 1123 4634 qui
1157 4565 1325 4632 audit,
1359 4566 1451 4621 tibi
1496 4568 1690 4624 habeat
1719 4574 1966 4641 gratiam.
1999 4573 2071 4631 Ut

488 4661 614 4724 puta
643 4669 658 4706 :
687 4661 953 4707 scortalus
978 4664 1062 4708 est
1088 4653 1289 4721 frater;
1335 4670 1403 4711 ne
1443 4656 1738 4715 insolenter
1777 4665 1973 4731 probro
2006 4680 2069 4722 ac

485 4745 812 4801 contumelia
857 4746 1097 4814 afﬁcias,
1145 4764 1245 4804 nec
1285 4765 1406 4805 cmn
1446 4751 1678 4808 ludibrio
1704 4757 1756 4812 ei
1797 4757 2064 4818 insultes:

484 4835 717 4891 auditori
757 4835 890 4891 nihil
926 4837 1143 4907 prodes,
1176 4838 1271 4894 sed
1301 4855 1422 4896 eum
1450 4841 1600 4900 laedis
1621 4885 1637 4910 ,
1671 4855 1726 4901 ut
1753 4863 1850 4918 par
1877 4863 1980 4920 est,
2010 4862 2068 4910 ut

486 4928 579 4997 qui
610 4929 922 4999 scrupulum
950 4930 999 4985 ei
1032 4930 1302 4999 injeceris.
1328 4933 1432 4989 Sed
1453 4936 1498 4990 si
1522 4937 1572 4992 ei
1599 4939 1833 4998 suadeas
1858 4959 1919 5000 ea
1946 4963 2066 5019 quae

485 5028 609 5074 sunt
639 5018 842 5089 agenda
863 5059 879 5088 ,
911 5033 1157 5090 magnam
1185 5020 1282 5077 das
1320 5024 1368 5078 ei
1395 5028 1657 5096 gratiam;
1689 5031 1735 5086 si
1765 5018 1979 5093 erudias
2008 5050 2066 5096 ut

483 5110 624 5162 bona
653 5109 813 5164 verba
843 5110 1148 5179 eloquetur,
1175 5112 1222 5168 si
1242 5114 1490 5173 docueris
1519 5130 1576 5176 ut
1601 5123 1868 5181 neminem
1899 5129 2066 5187 male-

483 5199 630 5254 dicto
652 5207 890 5271 appetat,
915 5202 1152 5258 maxime
1173 5218 1294 5260 cum
1318 5207 1517 5276 crudis,
1540 5220 1594 5266 et
1619 5213 1666 5268 ei
1689 5213 1784 5271 das
1801 5220 2024 5289 gratiam
2049 5240 2064 5290 ;

487 5293 533 5346 si
564 5290 798 5361 loquaris
824 5292 890 5346 de
919 5295 1351 5363 compunctione,
1381 5300 1448 5355 de
1478 5301 1707 5374 pietate,
1730 5307 1799 5364 de
1824 5309 2064 5368 eleemo-

489 5393 658 5450 syua,
698 5381 813 5436 haec
849 5385 1028 5438 omnia
1078 5387 1326 5446 molliunt
1369 5393 1484 5462 ejus
1529 5397 1786 5455 animum.
1835 5403 1938 5458 Pro
1982 5405 2066 5464 bis

492 5474 742 5559 omnibus
769 5477 1020 5534 fatebitur
1052 5495 1110 5535 se
1153 5483 1243 5538 tibi
1276 5485 1474 5542 habere
1499 5494 1742 5560 gratiam.
1775 5495 1877 5552 Sed
1906 5500 1950 5571 si
1998 5502 2071 5557 ri-

483 5703 515 5753 ς
539 5650 714 5763 (ﬂaui
752 5664 865 5729 sunt
902 5662 1142 5736 Not'atiani
1166 5701 1178 5720 ,
1215 5664 1281 5737 de
1322 5669 1502 5780 gibus
1539 5670 1687 5745 multa
1717 5675 1898 5746 videsis
1941 5686 2067 5746 apud

512 5722 568 5772 -δι
655 5727 786 5774 nmo.
816 5718 1075 5772 Lusebrum
1099 5737 1148 5774 m
1171 5725 1295 5777 HLSL
1419 5729 1451 5780 ι.
1471 5738 1524 5780 et
1542 5731 1874 5780 Lattmanmm-

512 5718 786 5774 “ﬂauum,
816 5718 1075 5772 Eusebium
1099 5726 1148 5774 in
1171 5718 1295 5777 Hist.
1322 5718 1451 5781 Eccl.
1471 5738 1524 5782 et
1542 5718 1875 5798 Eph-ibamus:

1194 329 1232 384 S
1289 323 1566 383 JOANNIS
1601 317 2072 380 CIIRYSOSTOMI
2113 316 2428 376 ARCHIEP.
2469 321 3000 384 CONSTANTINOP.

3678 336 3776 388 10!

2194 445 2312 485 sum
2345 437 2611 502 moveris,
2641 438 2685 492 si
2715 447 2868 509 turpe
2899 441 3153 512 loquutus
3174 442 3359 508 fueris,
3391 445 3560 515 magis
3587 460 3780 501 accen-

2192 520 2312 587 dis;
2357 523 2403 577 si
2445 523 2680 582 laudaris
2721 531 3050 600 nequitiam,
3077 533 3263 603 dejicis
3300 543 3354 590 et
3382 536 3581 605 perdis.
3614 538 3777 608 Igitur

2194 613 2274 666 vel
2305 612 2410 670 hoc
2432 615 2718 674 dicendum
2753 639 2766 674 :
2802 622 2884 677 vel
2929 633 2986 677 ut
3014 639 3107 680 eos
3144 625 3334 681 reddat
3367 630 3635 697 gratiosos
3657 671 3671 697 ,
3703 635 3776 684 tta

2191 703 2344 760 dixit.
2382 707 2447 763 Ut
2476 710 2620 765 enim
2661 723 2991 783 unguentum
3029 718 3120 772 dat
3162 722 3386 790 gratiam
3421 723 3485 778 iis
3514 723 3604 793 qui
3649 734 3776 779 sunt

2188 795 2306 865 ejus
2346 801 2668 870 participes,
2714 807 2784 860 ita
2832 807 2994 862 etiam
3037 824 3215 865 sermo
3251 812 3441 868 bonus.
3483 813 3776 885 Propterea

2186 889 2402 957 quidem
2446 893 2606 949 etiam
2651 896 2858 952 dicebat
2885 941 2901 967 ,
2958 900 3280 970 Unguentum
3325 905 3544 973 elfusnm
3587 926 3771 965 nomen

2189 990 2328 1036 tuum
2356 984 2524 1054 (Cant.
2554 989 2607 1042 1.
2640 988 2720 1059 2),
2753 992 2894 1060 quod
2924 1008 3018 1047 eos
3048 994 3274 1050 faciebat
3299 998 3508 1068 spirare
3533 1015 3601 1056 ex
3629 1003 3776 1058 bono

2188 1072 2280 1128 illo
2316 1075 2502 1131 odore.
2549 1077 2713 1136 Vides
2757 1082 2902 1137 illum
2950 1084 3092 1155 quod
3135 1103 3349 1156 semper
3395 1091 3624 1160 suadet,
3673 1093 3776 1151 hoc

2186 1179 2400 1236 quoque
2428 1184 2570 1224 nunc
2596 1170 2778 1227 dicere
2799 1213 2814 1238 ,
2845 1183 2902 1229 ut
2929 1175 3023 1245 qui
3054 1161 3271 1234 mandet
3303 1182 3590 1251 unicuique
3607 1186 3776 1242 ediﬁ-

2185 1273 2312 1314 care
2339 1262 2638 1330 proximum
2677 1280 2776 1335 pro
2801 1267 3045 1323 viribus?
3072 1269 3173 1336 Qui
3205 1287 3334 1342 ergo
3363 1273 3484 1330 aliis
3515 1275 3629 1332 habs
3651 1294 3774 1334 sua-

2186 1348 2314 1414 des.
2345 1352 2515 1408 multo
2546 1357 2714 1428 magis
2757 1359 2980 1429 tibiipsi.
3013 1361 3102 1417 50.
3146 1363 3214 1416 Et
3245 1366 3400 1420 nolite
3433 1377 3732 1426 contristare
3755 1415 3772 1440 ,

2187 1441 2378 1512 inquit,
2405 1443 2658 1516 Spiritum
2684 1459 2937 1508 sanctum.
2987 1452 3307 1512 Horribilius
3339 1458 3440 1514 hoc
3462 1469 3516 1516 et
3551 1464 3769 1518 terribi-

2187 1531 2290 1588 lius
2322 1555 2335 1589 :
2365 1535 2508 1605 quod
2538 1538 2752 1608 quidem
2782 1541 2912 1597 dicit
2941 1544 3102 1599 etiam
3133 1547 3186 1601 in
3221 1548 3457 1618 Epistula
3499 1552 3564 1608 ad
3595 1554 3770 1611 Thes-

2186 1624 2555 1684 salonicenses
2586 1648 2601 1685 :
2635 1631 2741 1688 illis
2762 1634 2905 1688 enim
2928 1651 3143 1707 quoque
3171 1641 3276 1697 tale
3296 1643 3421 1711 quid
3449 1644 3598 1711 dicit,
3637 1647 3774 1704 Nam

2183 1716 2269 1786 qui
2295 1720 2508 1788 spernit,
2535 1737 2634 1776 non
2665 1723 2920 1780 hominem
2941 1730 3157 1798 spernit,
3184 1731 3275 1785 sed
3300 1731 3462 1789 Deum
3487 1736 3560 1810 (1.
3594 1737 3768 1797 Thess.

2183 1808 2240 1863 4.
2268 1809 2344 1880 8).
2390 1810 2468 1867 lta
2513 1812 2600 1869 hic
2635 1830 2885 1887 quoque:
2915 1818 2971 1874 Si
3009 1822 3233 1878 verbum
3262 1824 3463 1882 dixeris
3489 1808 3772 1888 contume-

2187 1899 2462 1968 liosum,si
2492 1903 2710 1962 fratrem
2739 1913 3091 1980 percusseris,
3118 1929 3222 1969 non
3255 1916 3402 1972 illum
3433 1921 3768 1991 percussisti,

2184 1992 2278 2046 sed
2305 1993 2559 2063 Spiritum
2587 1996 2813 2053 at‘fecisti
2853 2001 3088 2058 tristitia.
3139 2003 3347 2062 Deinde
3375 2018 3457 2063 est
3485 2010 3644 2065 etiam
3682 2027 3774 2069 ac-

2183 2083 2357 2138 cessio
2387 2083 2671 2155 beneﬁcii,
2713 2099 2769 2144 ut
2814 2091 2986 2162 major
3024 2095 3094 2149 sit
3138 2098 3412 2154 accusatio
3451 2117 3464 2153 :
3503 2099 3574 2156 Et
3617 2105 3775 2160 nolite

2183 2176 2508 2244 contristare,
2539 2179 2709 2250 inquit
2735 2223 2749 2248 ,
2798 2182 3052 2255 Spiritum
3081 2201 3312 2244 sanctum
3333 2234 3347 2258 ,
3380 2194 3432 2246 in
3461 2211 3558 2265 quo
3583 2198 3774 2268 signati

2182 2266 2301 2320 estis
2322 2267 2376 2321 in
2404 2269 2487 2322 die
2513 2272 2888 2343 redemptionis.
2922 2276 2970 2330 Is
2992 2291 3092 2333 nos
3117 2278 3242 2336 fecit
3266 2297 3484 2354 gregem
3512 2266 3769 2358 regalem,

2184 2356 2231 2412 is
2257 2373 2356 2413 nos
2399 2360 2622 2418 abduxit
2651 2379 2680 2416 a
2723 2365 2909 2434 primis
2937 2371 3186 2426 omnibus
3217 2415 3233 2439 ,
3285 2372 3330 2429 is
3377 2391 3483 2432 non
3528 2356 3773 2448 permisit

2185 2462 2284 2502 nos
2327 2464 2449 2505 esse
2479 2451 2614 2507 sitos
2637 2468 2758 2508 cum
2787 2455 2854 2511 iis
2883 2458 2974 2528 qui
3005 2469 3132 2515 sunt
3160 2462 3380 2519 obnoxii
3418 2467 3510 2522 ira:
3546 2469 3639 2524 Dei
3666 2514 3680 2536 ,
3717 2482 3774 2528 et

2186 2546 2240 2593 tu
2276 2555 2398 2594 eum
2428 2542 2641 2598 tristitia
2681 2545 2893 2601 afﬁcis?
2919 2548 3054 2605 Vide
3088 2553 3360 2620 quomodo
3407 2557 3516 2613 illic
3555 2560 3770 2629 quidem

2185 2631 2496 2687 terribiliter
2535 2633 2664 2689 dicit
2708 2653 2722 2690 :
2773 2637 2914 2692 Nam
2967 2642 3054 2710 qui
3099 2645 3326 2713 spernit,
3375 2663 3477 2702 non
3516 2651 3771 2706 Itoniincm

2182 2725 2402 2793 spernit,
2433 2725 2525 2779 sed
2562 2724 2763 2793 Deum;
2791 2728 2877 2784 bic
2912 2741 3090 2788 autem
3134 2739 3380 2806 apposite
3410 2740 3475 2794 ad
3507 2742 3771 2812 pudorem

2184 2810 2571 2882 incutiendum,
2601 2815 2779 2874 Nolite
2803 2823 3117 2891 contristare,
3153 2827 3343 2897 inquit,
3377 2810 3631 2900 Spiritum
3652 2852 3774 2890 san-

2183 2913 2340 2973 ctum,
2370 2908 2423 2962 in
2449 2926 2548 2978 quo
2575 2911 2764 2981 signati
2791 2915 2928 2968 estis.
2957 2914 3070 2972 lloc
3102 2919 3432 2989 signaculum
3459 2925 3528 2978 sit
3555 2927 3606 2980 in
3634 2943 3731 2984 ore
3758 2948 3772 2984 :

2185 3010 2254 3050 ne
2281 2998 2452 3067 sigilla
2479 3002 2781 3058 sustuleris.
2807 3003 2878 3060 Os
2907 3008 3186 3076 spirituale
3215 3011 3344 3067 nihil
3380 3015 3482 3070 tale
3510 3016 3770 3088 loquitur.

2180 3085 2259 3141 Ne
2280 3086 2450 3155 dicas,
2481 3089 2622 3146 Nihil
2649 3102 2732 3148 est
2761 3095 2805 3149 si
2833 3103 2988 3166 turpe
3017 3098 3226 3166 dixero,
3256 3103 3300 3157 si
3332 3102 3473 3159 hunc
3503 3085 3771 3165 autillum

2181 3180 2500 3234 contumelia
2528 3182 2778 3240 aﬁ‘ecero.
2806 3185 3096 3256 Propterea
3127 3207 3376 3262 magnum
3401 3204 3485 3251 est
3523 3199 3726 3256 malum
3753 3244 3769 3266 ,

2179 3269 2432 3338 quoniam
2466 3271 2596 3327 nihil
2635 3289 2754 3330 esse
2786 3276 3017 3333 videtur.
3047 3278 3180 3335 Nam
3211 3297 3331 3353 quae
3370 3284 3501 3340 nihil
3538 3302 3661 3345 esse
3685 3292 3771 3345 vi-

2178 3357 2395 3428 dentur,
2423 3359 2577 3419 facile
2597 3375 3050 3435 contemnuntur;
3074 3387 3195 3442 quae
3219 3383 3396 3429 autem
3421 3387 3769 3436 contemnun-

2179 3459 2285 3518 tur,
2314 3452 2478 3509 etiam
2504 3466 2804 3527 augentur;
2838 3475 2958 3531 qua:
2979 3474 3158 3518 autem
3185 3477 3450 3536 augentur
3471 3510 3487 3536 ,
3519 3471 3652 3526 fiunt
3683 3473 3770 3528 in-

2176 3544 2454 3600 curabilia.
2493 3546 2567 3603 Os
2597 3547 2763 3604 habes
2789 3551 3111 3620 spirituale?
3137 3554 3324 3627 Cogita
3363 3560 3507 3629 quod
3542 3563 3768 3618 verbum

2176 3634 2378 3691 dixeris
2404 3637 2635 3706 primum
2663 3641 2878 3709 quando
2899 3658 2956 3697 es
2986 3643 3258 3716 loquutus,
3285 3657 3481 3720 quanta
3512 3653 3581 3708 sit
3602 3653 3774 3724 digni-

2179 3735 2261 3781 tas
2289 3727 2400 3781 oris
2431 3727 2530 3788 tui.
2559 3729 2773 3786 Patrem
2808 3748 2969 3790 vocas
3001 3735 3168 3792 Deum
3193 3779 3207 3804 ,
3238 3748 3292 3794 et
3334 3740 3552 3798 fratrem
3582 3749 3768 3801 statim

2177 3816 2370 3886 injuria
2391 3819 2560 3875 afﬁcis
2580 3821 2603 3875 ἳ
2627 3823 2812 3893 Cogita
2839 3827 3108 3883 undenam
3140 3830 3308 3886 Deum
3343 3848 3504 3889 vocas
3529 3834 3765 3894 Patrem.

2175 3909 2221 3963 A
2252 3912 2483 3966 natura?
2513 3913 2605 3969 sed
2637 3931 2740 3969 non
2770 3920 3027 3986 potueris.
3054 3923 3090 3975 A
3118 3923 3358 3979 virtute?
3385 3927 3478 3982 scd
3509 3942 3608 3984 nec
3635 3929 3763 3985 hoc.

2175 4000 2280 4055 Sed
2311 4003 2496 4058 unde?
2524 4006 2568 4060 A
2595 4007 2709 4061 sola
2742 4007 3070 4081 benignitate
3096 4023 3150 4070 et
3175 4015 3460 4074 clementia
3487 4061 3503 4088 ,
3535 4037 3566 4076 a
3597 4024 3766 4078 multa

2177 4093 2562 4150 misericordia.
2593 4097 2816 4165 Quando
2844 4115 2974 4172 ergo
3005 4104 3171 4160 Deum
3205 4123 3364 4164 vocas
3393 4110 3626 4181 Patrem,
3657 4132 3764 4171 non

2176 4187 2348 4242 solum
2379 4188 2478 4244 hoc
2503 4193 2698 4263 cogita,
2731 4195 2872 4264 quod
2896 4195 3026 4253 facis
3057 4200 3270 4272 indigna
3300 4203 3387 4258 illa
3414 4210 3628 4275 generis
3659 4224 3760 4264 no-

2176 4280 2381 4336 bilitate
2401 4323 2415 4349 ,
2448 4287 2777 4342 contumelia
2806 4289 3085 4360 afﬁciens;
3118 4295 3212 4349 sed
3239 4297 3379 4365 quod
3413 4301 3571 4354 etiam
3602 4316 3632 4356 a
3664 4302 3765 4358 be~

2176 4376 2435 4445 nignitate
2455 4386 2509 4434 et
2535 4379 2818 4436 clementia
2847 4382 3016 4439 babes
3050 4387 3385 4444 nobilitatem
3413 4393 3649 4461 generis.
3685 4394 3765 4450 Ne

2175 4482 2292 4522 eam
2315 4484 2444 4540 ergo
2469 4470 2736 4528 dedecore
2779 4473 2983 4531 afﬁcias
3007 4519 3021 4542 ,
3055 4491 3176 4533 cum
3204 4494 3323 4535 eam
3353 4483 3568 4551 quidem
3609 4499 3764 4540 acce-

2174 4559 2318 4629 peris
2353 4575 2382 4614 a
2421 4561 2750 4633 benignitate
2776 4575 2831 4620 et
2867 4566 3192 4636 clementia;
3225 4572 3542 4629 crudelitate
3580 4586 3760 4632 autem

2174 4658 2228 4705 et
2254 4651 2454 4706 saevitia
2503 4653 2669 4708 utaris
2711 4655 2966 4712 adversus
3000 4656 3212 4716 fratres.
3258 4659 3424 4717 Dcmn
3456 4680 3616 4721 vocas
3662 4666 3760 4720 Pa-

2177 4749 2312 4796 trem
2337 4782 2349 4806 ,
2381 4750 2436 4797 et
2461 4757 2584 4798 eum
2625 4747 2950 4802 contumelia
2987 4748 3155 4806 afhcis
3177 4751 3201 4804 ?
3225 4751 3326 4807 Sed
3357 4753 3472 4810 haec
3501 4771 3607 4811 non
3636 4767 3762 4814 sunt

2174 4831 2268 4886 ﬁlii
2307 4833 2421 4887 Dei.
2451 4832 2598 4904 Opus
2631 4835 2724 4890 ﬁlii
2769 4837 2864 4892 Dei
2902 4849 2986 4894 est
3026 4840 3256 4898 inimicis
3299 4846 3574 4902 remittere
3599 4887 3614 4912 ,
3663 4865 3762 4918 pro

2173 4923 2611 4994 crucifigentibus
2638 4941 2819 4996 orare,
2849 4945 2947 4999 pro
2973 4931 3036 4986 iis
3067 4935 3155 5002 qui
3183 4935 3410 4990 oderunt
3442 4940 3769 5009 sanguinem

2175 5012 2471 5070 eﬁ'undere.
2505 5015 2630 5072 Hatc
2650 5026 2778 5073 sunt
2804 5019 2961 5092 digna
2991 5021 3098 5077 ﬁlio
3131 5022 3245 5091 Dci,
3277 5027 3543 5095 inimicos,
3574 5030 3764 5101 ingra-

2175 5113 2280 5170 tos,
2301 5103 2468 5174 fures,
2495 5108 2849 5178 impudentes,
2876 5113 3237 5184 insidiatores,
3262 5132 3354 5172 eos
3372 5119 3563 5176 fratres
3584 5124 3764 5179 faccre

2176 5204 2232 5251 et
2259 5195 2505 5264 heredes,
2531 5213 2638 5253 non
2665 5209 2845 5256 autem
2867 5217 2962 5259 eos
2989 5207 3078 5274 qui
3108 5205 3231 5262 facti
3256 5218 3382 5263 sunt
3406 5210 3597 5270 fratres
3627 5225 3763 5269 tam-

2175 5301 2336 5358 quam
2364 5289 2627 5360 mancipia
2651 5291 2865 5348 afﬁcere
2890 5299 3230 5353 contumelia.

2251 5379 2304 5435 Δ.
2336 5379 2524 5436 Contra
2555 5385 2844 5439 maledicos.
2877 5416 2946 5426 —
2971 5387 3154 5460 Cogita
3182 5407 3425 5461 quamam
3479 5398 3644 5452 verba
3680 5399 3762 5454 lo-

2177 5482 2400 5542 quutum
2429 5483 2510 5528 est
2535 5488 2598 5530 os
2625 5485 2805 5540 tuum,
2849 5494 3076 5548 quanam
3108 5497 3292 5539 mensa
3332 5487 3402 5541 sit
3442 5488 3743 5559 dignatum,

2177 5577 2424 5630 quamam
2447 5574 2647 5635 tangat,
2673 5584 2915 5639 quamam
2935 5581 3131 5641 gustet,
3162 5591 3393 5646 quonam
3426 5580 3631 5636 fruatur
3660 5586 3760 5639 ali-

2181 5664 2382 5709 mento.
2413 5656 2490 5711 Te
2516 5656 2663 5712 fratri
2681 5660 2812 5715 nihil
2839 5678 2998 5732 grave
3024 5665 3201 5722 facere
3230 5669 3510 5727 existimas
3538 5673 3612 5728 illi
3647 5692 3759 5731 ma-

2185 5743 2459 5802 ledicens?
2493 5747 2770 5816 Quomodo
2799 5768 2926 5825 ergo
2948 5769 3103 5811 vocas
3125 5757 3386 5817 fratrem?
3411 5763 3465 5819 Si
3494 5780 3624 5837 ergo
3659 5782 3763 5822 non
