4092 6488
436 363 543 421 103

428 500 588 555 τημα
636 482 828 536 λῦσαι⁸
865 482 1004 536 ἀλλὰ
1035 482 1184 548 πῶς;
1218 482 1280 536 Εἰ
1325 483 1647 544 ἐκοπίασα-λ,
1693 483 1788 534 καὶ
1825 479 2035 550 ἑτέροις

433 567 751 639 μετέδωκαν
773 585 786 596 ·
813 566 989 631 οὕτως
1020 567 1216 619 ἔλυσαν
1251 568 1313 620 τὸ
1348 569 1676 637 ἁμάρτημα.
1705 566 1818 634 Οὐχ
1845 563 2034 625 ἁπλῶς

425 652 582 721 ἡμᾶς
622 649 960 720 ἐργάζεσθαι
998 651 1273 722 βούλεται,
1302 650 1420 703 ἀλλ’
1453 649 1598 702 ὥστε
1637 649 1859 720 κοπιᾷν,
1889 646 2033 700 ὥστε

427 736 645 805 ἑτέροις
685 736 1034 805 μεταδιδόναι
1057 754 1068 766 ·
1107 737 1202 789 καὶ
1231 736 1340 808 γάρ
1368 736 1396 788 ὁ
1419 734 1674 788 κλέπτων
1712 732 2030 804 ἐργάζεται,

426 821 573 874 ἀλλά
607 821 798 875 κακόν.
837 821 1182 892 Πᾶςηλόγος
1216 821 1452 890 σαπρὸς
1487 821 1556 875 ἐκ
1587 820 1695 874 τοῦ
1731 819 2033 887 στόματος

423 904 603 969 ὑμῶν
615 905 704 973 μὴ
727 906 1168 974 ἐκπορευέσθω.
1198 907 1295 968 Τίς
1321 908 1439 958 ἐστι
1464 904 1675 974 σαπρός
1699 919 1713 968 ;
1735 901 1834 956 Ὅν
1867 917 2033 972 φησιν

426 988 669 1059 ἀλλαχοῦ
710 991 805 1042 καὶ
833 989 1024 1059 ἀργὸν,
1059 988 1389 1052 καταλαλιὰ,
1418 985 1791 1056 αίσχρολογία,
1831 985 2031 1054 εὐτρα-

427 1072 617 1138 πελία,
644 1075 978 1144 μωρολογία.
1016 1075 1181 1146 Ὁρᾷς
1211 1074 1328 1137 πῶς
1349 1075 1447 1136 τὰς
1474 1073 1630 1143 ῥίζας
1651 1070 1910 1124 ἐκκόπτει
1933 1071 2033 1140 τῆς

425 1155 628 1224 ὀργῆς,
656 1157 718 1209 τὸ
743 1156 961 1225 ψεῦδος,
990 1158 1089 1230 τὴν
1122 1157 1352 1226 κλοπὴν,
1381 1155 1480 1226 τὴν
1507 1157 1734 1224 ἄκαιρον
1754 1152 1989 1216 διάλεξιν
2012 1169 2027 1217 ;

426 1241 506 1293 Τὸ
525 1241 612 1308 δὲ,
639 1239 870 1308 Μηκέτι
901 1242 1226 1304 κλεπτέτω,
1255 1241 1353 1294 οὐκ
1376 1238 1608 1300 ἐκείνοις
1639 1234 2032 1304 συγγινώσκων

427 1324 688 1377 τοσοῦτόν
721 1342 906 1394 φησιν,
941 1327 1068 1378 ὅσον
1101 1325 1227 1387 τοὺς
1259 1321 1624 1394 ἠδικημένους
1655 1321 1863 1391 πράους
1897 1317 2032 1372 καθ-

433 1408 623 1472 ιστῶν,
663 1409 757 1461 καὶ
806 1407 884 1476 τῷ
929 1407 1127 1477 μηκέτι
1171 1407 1239 1459 τά
1275 1406 1416 1459 αὐτὰ
1458 1404 1652 1460 παθεῖν
1680 1416 1706 1444 ﬂ
1741 1403 2030 1474 ἀρκεῖσθαι

431 1492 744 1562 παραινῶν.
791 1491 992 1554 Καλῶς
1031 1491 1087 1543 δέ
1121 1491 1214 1544 καὶ
1254 1489 1385 1560 περὶ
1433 1489 1609 1556 λόγων
1652 1487 1916 1541 διδάσκει.
1953 1487 2027 1541 Οὐ

428 1576 542 1645 γὰρ
571 1576 921 1646 πραγμάτων
961 1574 1144 1644 μόνον,
1190 1573 1328 1626 ἀλλὰ
1379 1573 1473 1626 καὶ
1519 1571 1782 1642 ῥημάτων
1810 1571 2029 1638 τίνομεν

428 1660 611 1722 δίκας.
666 1659 822 1713 Ἀλλ’
863 1658 921 1713 ετ
963 1675 1058 1724 τις
1087 1658 1333 1726 ἁγαθός,
1389 1655 1543 1726 φησὶ,
1611 1653 1763 1722 πρὸς
1801 1653 2032 1708 οἰκοδο-

426 1742 559 1811 μὴν
607 1741 717 1810 τῆς
759 1744 992 1811 χρείας,
1027 1742 1130 1794 ἵνα
1181 1738 1265 1804 δῷ
1318 1737 1497 1808 χάριν
1545 1737 1672 1803 τοῖς
1711 1736 2026 1790 ἀκούουσι.

431 1827 754 1890 Τουτέστιν,
777 1827 962 1897 Ὀπερ
980 1826 1260 1895 οἰκοδομεῖ
1287 1825 1380 1878 τὸν
1413 1822 1666 1895 πλησίον,
1688 1823 1848 1875 τοῦτο
1865 1819 2032 1891 φθέγ-

430 1926 530 1978 γου
564 1909 748 1980 μόνον,
783 1909 1037 1980 περιττὸν
1071 1908 1126 1962 δὲ
1163 1907 1351 1980 μηδέν.

503 2085 572 2155 γ’.
596 2086 696 2140 Διὰ
719 2086 878 2140 τοῦτο
909 2085 1020 2158 γάρ
1048 2102 1128 2138 σοι
1155 2084 1332 2156 στόμα
1365 2085 1461 2140 καὶ
1489 2084 1744 2153 γλῶσσαν
1772 2082 1972 2136 ἐδωκεν
2003 2083 2032 2136 ό

428 2169 586 2234 Θεὸς,
618 2171 708 2222 ἵνα
741 2170 1073 2242 εὐχαριστῇς
1109 2168 1279 2239 αὲτῴ,
1313 2170 1401 2222 ἵνα
1435 2170 1730 2240 οἱκοδομῇς
1767 2168 1859 2220 τὸν
1893 2166 2031 2236 πλη-

433 2253 547 2307 σίον
567 2269 584 2282 ·
611 2253 690 2317 ὡς
722 2253 818 2308 ἐὰν
839 2253 1111 2324 καθαιρῇς
1135 2252 1234 2323 τὴν
1263 2252 1575 2323 οἰκοδομὴν,
1607 2253 1814 2322 βέλτιον
1846 2251 2026 2320 σιγᾷν,

432 2337 527 2390 καὶ
562 2337 840 2407 μηδέποτε
864 2335 1221 2406 φθέγγεσθαι.
1258 2337 1368 2389 Καὶ
1405 2334 1512 2406 γάρ
1552 2339 1730 2408 χεῖρες
1760 2335 2027 2404 τεχνίτου,

429 2423 556 2476 ἀντὶ
573 2421 671 2475 τοῦ
697 2421 827 2484 τοὺς
849 2422 1061 2490 τοίχους
1087 2419 1399 2488 ὲξυφαίνειν
1421 2419 1691 2489 μαθοῦσαι
1714 2418 2026 2488 καθαιρεῖν,

430 2503 802 2558 ἐκκότι-τεσθαι
834 2503 1041 2556 δίκαιαι
1085 2503 1152 2556 ἂν
1190 2499 1322 2556 εἷεν.
1374 2505 1485 2556 Καὶ
1528 2502 1634 2574 γὰρ
1667 2503 1694 2554 ό
1723 2501 2030 2572 Ψαλμῳδὸς

430 2588 592 2642 τοῦτό
649 2604 848 2658 φησ.ν·
913 2588 1373 2655 Ἑξολοθρεύσει
1436 2588 1650 2654 Κύριος
1707 2585 1906 2640 πάντα
1959 2588 2030 2639 τὰ

432 2672 610 2741 χείλη
636 2672 708 2725 τὰ
725 2670 918 2724 δόλια.
953 2672 996 2723 Τ
1000 2671 1125 2724 οὗτο
1150 2673 1368 2726 πάντων
1385 2672 1560 2724 αἴτιον
1591 2669 1700 2721 τῶν
1725 2669 1930 2728 κακῶν,
1969 2670 2028 2722 τὸ

432 2757 612 2826 στόμα
636 2772 651 2785 ·
693 2755 895 2825 μᾶλλον
937 2755 994 2809 δέ
1021 2757 1082 2807 οὐ
1111 2754 1171 2808 τὸ
1213 2755 1412 2824 στόμα,
1447 2753 1561 2807 ἀλλ’
1587 2755 1636 2806 οί
1661 2752 1846 2814 κακῶς
1879 2751 2028 2821 αὐτῴ

431 2837 734 2909 χρώμενοι.
776 2837 1060 2891 Ἐντεῦθεν
1091 2837 1305 2908 ὕϐρεις,
1343 2836 1625 2907 λοιδορίαι,
1661 2835 2025 2904 βλασφημίαι,

430 2921 765 2992 ἐκκαύματα
821 2921 932 2974 τῶν
979 2920 1222 2990 ἡδονῶν,
1275 2921 1448 2988 φόνοι,
1491 2921 1750 2989 μοιχεῖαι,
1807 2918 2027 2981 κλοπαὶ,

430 3005 616 3059 πάντα
654 3005 766 3058 ἀπὸ
798 3004 993 3058 τούτου
1027 3004 1296 3057 τίκτεται.
1329 3005 1439 3057 Καὶ
1471 3001 1610 3065 πῶς,
1649 3002 1804 3071 φησὶ,
1840 3001 2026 3070 φόνοι;

445 3089 584 3144 Ἀπὸ
617 3089 830 3160 ὕϐρεως
860 3092 940 3153 εἰς
966 3089 1156 3158 ὀργὴν,
1198 3088 1306 3141 ἀπὸ
1335 3087 1507 3158 ὀργῆς
1552 3089 1632 3149 εἰς
1656 3085 1893 3156 πληγὰς,
1923 3086 2032 3138 ἀπὸ

433 3173 666 3244 πληγῶν
685 3175 765 3236 είς
796 3173 958 3242 φόνον
983 3171 1197 3240 ἐξέὸης.
1230 3171 1356 3234 Πῶς
1383 3173 1657 3240 μοιχεῖαι;
1699 3172 1761 3223 Ἠ
1792 3171 1942 3224 δεῖνά
1970 3187 2029 3223 σε

432 3256 599 3325 φιλεῖ,
629 3257 818 3326 φησὶν,
859 3255 1164 3324 ἐφθέγξατό
1202 3271 1255 3307 τι
1291 3254 1422 3324 περὶ
1469 3253 1562 3306 σοῦ
1609 3254 1867 3324 χρηστὸν,
1901 3253 2030 3324 ἐχά-

433 3339 565 3393 λασέ
595 3355 693 3392 σου
741 3339 834 3391 τὸν
861 3338 1040 3401 τόνον,
1086 3334 1206 3391 εἶτα
1245 3339 1339 3391 καὶ
1373 3339 1457 3392 σοὶ
1498 3337 1674 3401 οὕτως
1725 3337 2031 3390 ἀνάπτεται

433 3423 504 3476 τὰ
549 3423 653 3490 τῆς
688 3421 1009 3492 ἐπιθυμίας.
1064 3421 1163 3474 Διὰ
1208 3420 1368 3474 τοῦτο
1403 3423 1431 3472 ὁ
1464 3421 1674 3484 Παῦλος
1714 3419 1924 3489 ἔλεγεν,
1960 3420 2034 3474 Et

434 3525 528 3574 τις
558 3507 806 3577 ἁγαθός.
860 3506 1016 3559 Ἐπεὶ
1059 3501 1318 3559 οὖνπολὺ
1366 3505 1426 3558 τὸ
1459 3505 1610 3577 χύμα
1664 3503 1775 3557 τῶν
1831 3503 2029 3572 λόγων,

435 3591 666 3653 εἰκότως
695 3589 1023 3660 ἀδιορίστως
1053 3584 1230 3650 εἶπεν,
1260 3589 1444 3641 ἐκεῖνα
1479 3588 1815 3656 φθέγγεσθαι
1841 3586 2034 3641 κελεύ-

437 3692 558 3740 σας,
614 3676 711 3729 καὶ
739 3673 912 3728 τύπον
943 3672 1069 3735 δοὺς
1098 3672 1340 3742 ὁμιλίας.
1391 3673 1549 3725 Ποῖον
1594 3673 1658 3742 δὴ
1698 3670 1888 3724 τοῦτον
1920 3688 1935 3738 ;
1969 3669 2038 3724 Et

435 3779 520 3826 τις
546 3761 846 3832 οἰκοδομεῖ,
881 3756 1076 3811 εἰπών.
1115 3757 1188 3810 Ἦ
1219 3756 1376 3810 τοῦτό
1405 3773 1592 3826 φησιν,
1632 3757 1720 3810 ἵνα
1748 3756 1913 3826 χάριν
1949 3772 2032 3808 σοι

437 3845 553 3916 είδῇ
576 3846 604 3897 ὁ
619 3844 855 3898 ἁκούων.
875 3835 1022 3903 Οἴον,
1041 3839 1366 3910 ἐπόρνευσεν
1395 3843 1423 3894 ό
1444 3839 1692 3908 ἀδελφός·
1717 3839 1794 3910 μὴ
1822 3841 2032 3910 ἐκπόμ-

438 3945 571 3979 πευε
607 3929 707 3996 τὴν
739 3927 919 3997 ὕϐριν.
962 3928 1114 3998 Μηδὲ
1154 3927 1417 3996 ἐντρύφαο
1449 3924 1603 3978 οὐδὲν
1622 3924 1916 3996 ὠφέλησας
1939 3924 2032 3978 τὸν

437 4010 734 4074 ἀκούοντα,
782 4010 921 4064 ἀλλὰ
968 4010 1063 4063 καὶ
1113 4008 1380 4076 ἔϐλαψας.
1412 4007 1661 4069 εἰκότως,
1703 4002 1835 4078 ἧλον
1881 4003 2032 4075 αὐτῷ

435 4093 584 4158 δούς.
621 4096 720 4147 Ἂν
750 4094 936 4161 μέντοι
968 4094 1036 4147 τά
1067 4093 1320 4164 πρακτέα
1349 4095 1612 4162 παραινῇ,
1642 4089 1846 4162 πολλὴν
1879 4089 2031 4159 αὐτῷ

435 4177 595 4241 δίδως
626 4180 728 4248 τὴν
749 4178 911 4250 χάριν
935 4196 947 4209 ·
975 4179 1040 4232 ἂν
1063 4178 1365 4248 παιδεύσῃς
1388 4176 1637 4246 εὔφημον
1662 4174 1806 4244 ἔχειν
1830 4174 2028 4242 στόμα,

439 4262 508 4316 ἂν
527 4261 749 4334 διδάξῃς
781 4261 989 4334 μηδένα
1026 4263 1379 4331 κακηγορεῖν,
1409 4259 1646 4329 μάλιστα
1673 4257 1838 4310 αὐτὸν
1870 4256 2031 4309 ἐπαί-

440 4347 664 4410 δευσας,
697 4347 792 4400 καὶ
832 4347 995 4418 χάριν
1034 4345 1190 4416 αὐτῷ
1222 4344 1462 4407 δέδωκας
1483 4357 1496 4370 '
1531 4341 1597 4395 ἂν
1631 4341 1759 4412 περὶ
1791 4339 2031 4393 κατανύ-

439 4429 600 4494 ξεως,
628 4429 694 4483 ἂν
725 4431 856 4500 περὶ
886 4430 1200 4491 εὐλαϐείας,
1246 4427 1313 4481 ἂν
1345 4427 1473 4497 περὶ
1505 4424 1880 4497 ἐλεημοσύνης
1912 4423 2033 4476 δια-

438 4512 660 4583 λεχθῇς,
702 4513 884 4566 πάντα
932 4514 1107 4567 ταῦτα
1161 4511 1425 4584 μαλάττει
1467 4510 1636 4564 αὑτοῦ
1683 4510 1783 4580 τὴν
1825 4509 2030 4580 ψυχήν.

451 4596 625 4668 Ὑπὲρ
655 4596 862 4650 τούτων
893 4598 1113 4652 πάντων
1145 4596 1305 4668 χάριν
1334 4595 1684 4665 ὁμολογήσει.
1713 4595 1812 4646 Ἂν
1849 4592 2034 4663 μέντοι

437 4683 656 4751 γέλωτα
675 4683 926 4754 κινήσῃς,
948 4683 1012 4735 ἂν
1044 4680 1271 4752 αἰσχρὸν
1302 4679 1536 4750 φθέγξῃ,
1561 4677 1762 4750 μᾶλλον
1791 4675 1995 4747 ἐξῆψας
2017 4691 2030 4705 ο

439 4766 507 4820 ἂν
550 4766 849 4838 ἐπαινέσῃς
893 4765 992 4836 τὴν
1034 4764 1187 4839 [1οη
1238 4763 1540 4833 πονηρίαν,
1598 4760 1898 4822 κατέϐαλες
1939 4759 2036 4812 καὶ

440 4847 755 4909 ἀπώλεσας.
786 4848 958 4902 Τοῦτο
990 4845 1084 4902 οὖν
1115 4847 1262 4900 ἐστιν
1290 4849 1497 4899 εἰπεῖν’
1542 4845 1574 4916 ἢ
1607 4845 1696 4897 ἵνα
1731 4859 2035 4914 κεχαριτω-

445 4933 645 5003 μένους
673 4935 874 4996 αὐτοὺς
897 4933 1221 5003 ἐργάσηται,
1253 4929 1426 4993 οὕτως
1459 4929 1602 4982 εἶπε.
1634 4927 1900 4998 Καθάπερ
1927 4925 2036 4995 γὰρ

442 5017 502 5070 τὸ
536 5016 708 5086 μύρον
747 5019 906 5088 χάριν
939 5017 1123 5070 δίδωσι
1161 5017 1275 5078 τοῖς
1326 5013 1858 5084 μεταλαμϐάνουσιν,
1893 5011 2037 5066 οὑτω

444 5101 540 5153 καὶ
569 5100 729 5166 λόγος
755 5100 963 5170 ἀγαθός
984 5118 997 5131 ·
1035 5100 1124 5154 διὰ
1165 5097 1328 5152 τοῦτο
1355 5097 1448 5150 καί
1499 5113 1582 5159 τις
1623 5095 1799 5163 ἔλεγε,
1831 5095 2038 5161 Μόρον

442 5183 778 5238 ἐκκενωθὲν
801 5184 991 5254 ὄνομά
1015 5201 1134 5239 σου
1157 5201 1170 5214 '
1198 5183 1464 5236 ἀποπνεῖν
1494 5180 1694 5241 αὐτοὺς
1726 5178 1900 5232 ἐποίει
1928 5177 2038 5231 ἀπὸ

442 5267 544 5335 τῆς
570 5269 804 5332 εὐωδίας
846 5270 1084 5338 ἐκείνης.
1129 5267 1290 5338 Ὁρᾷς
1323 5267 1428 5329 ὅτι,
1469 5265 1608 5329 ὅπερ
1642 5261 1728 5315 ἀεὶ
1759 5262 2034 5331 παραινεῖ,

440 5351 604 5405 τοῦτο
642 5353 735 5406 καὶ
775 5353 870 5406 νῦν
906 5352 1075 5420 λέγει,
1105 5354 1322 5422 ἑκάστῳ
1349 5349 1652 5417 οἰκοδομεῖν
1683 5345 1774 5398 τὸν
1812 5343 2037 5416 πλησίον

445 5436 762 5508 ἐπιτρέπων
793 5435 934 5490 κατὰ
965 5435 1196 5506 δύναμιν
1223 5434 1320 5504 τὴν
1348 5430 1578 5495 ἐαυτοῦς
1621 5429 1679 5482 '0
1705 5427 1914 5498 ἑτέροις
1943 5422 2038 5479 οὖν

441 5520 672 5572 τοιαῦτα
713 5519 1023 5590 παραινῶν,
1074 5517 1256 5587 πολλῷ
1308 5515 1511 5587 μᾶλλον
1565 5509 1771 5580 σαυτῷ.
1815 5509 1922 5564 Καὶ
1949 5509 2036 5579 μὴ

439 5604 708 5668 λυπεῖτε,
745 5605 905 5676 φησὶ,
940 5603 1008 5656 τὸ
1046 5601 1289 5671 Πνεῦμα
1325 5599 1393 5655 τὸ
1435 5598 1629 5668 ἅγιον.
1665 5595 2038 5667 Φρικωδέστεο

507 5811 536 5841 ⁸
563 5810 738 5859 nam;
761 5809 818 5857 ἄν
843 5809 1019 5857 mallet
1043 5806 1272 5862 Dunaeus.
1513 5812 1542 5830 ε

1359 365 1422 420 IN
1460 362 1675 420 EPIST.
1721 363 1812 417 AD
1855 359 2102 416 EPHES.
2152 361 2304 418 CAP.
2350 362 2438 420 IV.
2480 364 2718 425 HOMIL.
2757 369 2902 426 XIV.

3624 379 3733 436 108

2146 494 2238 568 ρον
2279 483 2373 568 καὶ
2420 483 2799 557 φοϐερώτερον
2841 487 3019 552 τοῦτο,
3075 487 3213 560 ὅπερ
3264 489 3358 544 καὶ
3389 489 3448 544 ἐν
3480 493 3546 563 τῇ
3599 494 3740 568 πρὸς

2139 564 2578 646 Θεσσαλονικέας
2609 570 2905 641 Ἐπιστολῇ
2940 587 3106 641 φησι·
3139 572 3234 626 καὶ
3267 573 3377 646 γὰρ
3412 575 3530 628 ἐκεῖ
3557 564 3739 630 τοιοῦ-

2138 645 2231 696 τόν
2260 665 2315 700 τι
2338 648 2526 720 λέγει·
2572 654 2633 703 Ὀ
2670 653 2779 722 γὰρ
2810 653 3060 718 ἀθετῶν,
3101 657 3214 710 οὐκ
3241 645 3561 725 ἄνθρωπον
3595 661 3737 715 d08-

2137 729 2244 814 τεῖ,
2271 730 2432 787 ἀλλὰ
2461 733 2570 787 τὸν
2599 737 2771 789 Θεόν.
2812 736 2970 790 Οὐτω
3002 738 3096 792 καὶ
3145 738 3404 793 ἐνταῦθα.
3441 740 3540 794 Ἂν
3575 742 3739 814 εἴπῃς

2137 811 2458 883 ὑϐριστικὸν
2496 817 2668 887 ῥῆμα,
2697 819 2763 872 ἂν
2796 820 3007 892 πλήξῃς
3045 821 3139 874 τὸν
3174 821 3422 892 ἀδελφὸν,
3457 824 3559 878 οὐκ
3587 802 3739 878 ἐκεῖ

2137 912 2226 948 νον
2259 895 2523 966 ἔπληξας,
2559 901 2695 954 ἀλλὰ
2745 902 2805 956 τὸ
2850 902 3074 974 Πνεῦμα
3111 903 3414 975 ἐλύπησας.
3461 901 3594 960 Εἶτα
3641 907 3738 969 καὶ

2137 979 2171 1048 ή
2204 981 2497 1054 προσθήκη
2544 983 2647 1054 τῆς
2685 985 3029 1056 εὐεργεσίας,
3065 988 3151 1041 ἵνα
3186 989 3388 1059 μείζων
3427 991 3656 1059 γένηται
3700 991 3735 1062 ﬂ

2137 1065 2615 1143 xatnyoplaf_Kal
2653 1067 2738 1136 μὴ
2767 1068 3019 1122 λυπεῖτε
3057 1070 3125 1122 τὸ
3165 1071 3412 1142 Πνεῦμα
3439 1073 3506 1126 τὸ
3537 1072 3732 1143 ἅγιον,

2135 1145 2322 1216 φησὶν,
2353 1147 2425 1201 ἐν
2447 1141 2497 1216 ᾧ
2519 1148 2970 1220 ἐσφραγίσθητε
2998 1154 3088 1216 είς
3117 1141 3350 1222 ἡμέραν
3377 1141 3734 1223 ἀπολυτρώ-

2135 1244 2310 1294 σεως.
2346 1229 2518 1285 Τοῦτο
2548 1235 2698 1304 ἡμᾶς
2737 1233 2940 1299 ἔδειξεν
2976 1236 3180 1308 ἀγέλην
3225 1235 3534 1309 βασιλικὴν,
3570 1239 3734 1293 τοῦτο

2135 1312 2285 1380 ἡμᾶς
2339 1314 2561 1368 πάντων
2614 1317 2725 1370 τῶν
2772 1317 3010 1389 πρώτων
3052 1320 3333 1392 ἀπέστησε
3360 1361 3374 1386 ,
3425 1322 3585 1377 τοῦτο
3628 1324 3734 1377 οὐκ

2135 1395 2318 1466 ἀφῆκε
2347 1398 2564 1452 κεῖσθαι
2601 1400 2740 1470 μετὰ
2780 1402 2892 1455 τῶν
2936 1401 3259 1457 ὑπευθύνων
3288 1404 3388 1474 τῆς
3432 1404 3606 1475 ὀργῆς
3630 1404 3728 1459 τοῦ

2134 1479 2294 1547 Θεοῦ,
2325 1481 2420 1536 καὶ
2456 1483 2520 1537 σὺ
2556 1484 2691 1538 αὐτὸ
2711 1485 2938 1552 λυπεῖς;
2967 1489 3108 1559 Ὅρα
3131 1489 3250 1552 πῶς
3279 1491 3399 1542 ἐκεῖ
3430 1490 3531 1560 μέν
3564 1491 3728 1559 φοϐε-

2137 1562 2269 1632 ρῶς,
2308 1564 2371 1616 ’0
2403 1565 2516 1635 τὰρ
2543 1567 2792 1634 ἀθετῶν,
2821 1571 3008 1640 φησιν,
3036 1572 3148 1625 οὐκ
3173 1571 3240 1624 ἄν
3253 1575 3490 1639 θρωπον
3506 1572 3724 1640 ἀθετεῖ,

2133 1646 2297 1701 ἀλλὰ
2321 1649 2431 1702 τὸν
2471 1652 2624 1705 Θεόν
2647 1668 2660 1683 °
2699 1653 2935 1707 ἐνταῦθα
2969 1655 3025 1709 δέ
3049 1656 3423 1726 ἐντρεπτικῶς
3441 1698 3456 1722 ,
3500 1656 3594 1726 Μὴ
3617 1661 3727 1713 λυ·

2133 1731 2298 1787 πεῖτε
2345 1735 2410 1788 τὸ
2439 1737 2685 1806 Πνεῦμα
2729 1739 2796 1793 τὸ
2826 1739 3027 1812 ῥίγιον,
3071 1741 3258 1811 φησιν,
3310 1741 3381 1795 ἐν
3420 1736 3469 1809 ᾧ
3493 1743 3726 1812 ἐσφρα-

2133 1815 2402 1884 γίσθητε.
2435 1817 2500 1870 'H
2533 1822 2770 1891 σφραγὶς
2788 1820 2928 1894 αὐτη
2957 1824 3049 1876 ἐπὶ
3076 1822 3172 1876 τοῦ
3194 1824 3460 1894 στόματος
3483 1825 3686 1879 κείσθω
3706 1841 3724 1857 ⁸

2135 1897 2211 1968 μὴ
2242 1900 2439 1974 ἀνέλῃς
2470 1900 2541 1955 τὰ
2579 1903 2890 1974 σήμαντρα.
2927 1904 3110 1975 Στόμα
3159 1906 3531 1977 πνευματικὸν
3575 1907 3728 1961 οὐδὲν

2131 1980 2373 2035 τοιοῦτον
2437 1982 2764 2056 φθέγγεται.
2801 1986 2893 2056 Μὴ
2948 1986 3132 2059 εἴπῃς,
3193 1989 3363 2042 Οὐδέν
3425 1992 3596 2055 ἐστιν,
3654 1988 3725 2043 ἂν

2133 2065 2359 2135 αἰσχρὸν
2396 2069 2556 2134 εῖπω,
2585 2069 2654 2122 ἂν
2681 2069 2773 2122 τὸν
2811 2069 2962 2124 δεῖνα
2995 2071 3225 2142 ὑϐρίσω.
3259 2072 3359 2126 Διὰ
3386 2073 3546 2126 τοῦτο
3581 2074 3729 2144 μέγα

2133 2148 2250 2200 ἐστὶ
2280 2150 2473 2216 κακὸν,
2500 2152 2692 2223 ἐπειδὴ
2720 2153 2874 2207 οὐδὲν
2909 2150 3050 2208 εἶναι
3089 2154 3257 2209 δοκεῖ.
3290 2156 3371 2210 Τὰ
3411 2157 3520 2227 γὰρ
3555 2157 3727 2228 μηδὲν

2132 2228 2272 2285 εἶναι
2302 2234 2596 2302 δοκοῦντα,
2634 2237 2872 2302 εὐκόλως
2915 2236 3009 2292 καὶ
3061 2241 3508 2309 καταφρονεῖται,
3551 2238 3620 2292 τὰ
3663 2239 3724 2294 δέ

2132 2318 2624 2389 καταφρονούμενα
2669 2319 2764 2372 καὶ
2798 2317 3044 2387 αὔξεται,
3086 2319 3158 2374 τὰ
3206 2319 3263 2372 δὲ
3317 2319 3596 2391 αὐξόμενα
3627 2322 3725 2374 καὶ

2130 2399 2325 2454 ἀνίατα
2354 2401 2584 2470 γίνεται.
2623 2402 2808 2473 Στόμα
2846 2405 2992 2475 ἐχεις
3031 2404 3448 2474 πνευματικόν;
3504 2403 3724 2477 Ἐννόη-

2132 2497 2225 2535 σον
2266 2481 2320 2534 τί
2368 2484 2617 2554 ἐφθέγξω
2659 2485 2863 2548 εὐθέως
2914 2485 3070 2557 ρῆμα
3114 2486 3361 2556 τεχθεὶς,
3406 2487 3538 2542 ποία
3592 2487 3722 2552 ἀξία

2129 2563 2226 2617 τοῦ
2253 2565 2524 2636 στόματός
2560 2585 2675 2620 σου.
2711 2568 2934 2639 Πατέρα
2968 2569 3157 2633 καλεῖς
3188 2571 3282 2624 τὸν
3311 2570 3478 2636 Θεὸν,
3507 2571 3602 2624 καὶ
3632 2571 3724 2625 τὸν

2132 2646 2362 2716 ἀδελφὸν
2391 2648 2595 2712 εὐθέως
2639 2649 2918 2721 ὑϐρίζεις;
2967 2651 3254 2722 Ἐννόησον
3292 2653 3459 2706 πόθεν
3500 2653 3725 2726 Πατέρα

2139 2730 2325 2796 καλεῖς
2355 2732 2448 2786 τὸν
2491 2732 2644 2786 Θεόν.
2691 2732 2822 2786 Ἀπὸ
2856 2733 3103 2804 φύσεως;
3150 2734 3266 2788 ἀλλ’
3315 2735 3415 2796 οὐκ
3448 2735 3514 2789 ἂν
3549 2735 3720 2806 ἔχοις.

2144 2815 2278 2868 Ἀπὸ
2308 2816 2548 2888 ἀρετῆς;
2578 2816 2695 2871 ἀλλ’
2757 2817 2878 2872 οὐδὲ
2915 2817 3092 2872 τοῦτο.
3141 2819 3303 2872 Ἀλλὰ
3340 2819 3538 2886 πόθεν;
3587 2819 3726 2873 Ἀπὸ

2133 2899 2545 2972 φιλανθρωπίας
2577 2901 2769 2973 μόνης,
2807 2901 2915 2954 ἀπὸ
2946 2901 3374 2973 εὐσπλαγχνίας,
3418 2903 3528 2957 ἀπὸ
3563 2903 3718 2956 ἐλέου

2132 2984 2352 3040 πολλοῦ.
2395 2986 2564 3040 Ὅταν
2593 2981 2687 3040 οὖν
2720 2987 2944 3058 Πατέρα
2963 2987 3137 3058 καλῇς
3159 2987 3251 3040 τὸν
3282 2987 3434 3052 Θεὸν,
3463 2987 3538 3059 μὴ
3566 2987 3727 3041 τοῦτο

2136 3069 2296 3138 μόνον
2323 3069 2514 3133 ἐννόει,
2539 3070 2622 3123 ὅτι
2644 3069 2841 3136 ἀνάξια
2874 3070 2973 3140 τῆς
2996 3070 3280 3138 εὐγενείας
3315 3072 3535 3141 ἐκείνης
3553 3071 3728 3144 πράτ-

2131 3170 2248 3217 τεις
2279 3153 2541 3224 ὑϐρίζων,
2584 3153 2700 3207 ἀλλ’
2732 3153 2814 3205 ὅτι
2850 3153 2944 3206 καὶ
2981 3154 3089 3206 άπὸ
3124 3153 3542 3226 φιλανθρωπίας
3579 3153 3726 3223 ἔχεις

2131 3237 2231 3307 τὴν
2276 3236 2580 3304 εὐγένειαν.
2624 3236 2717 3306 Μὴ
2751 3236 2930 3290 τοίνυν
2963 3235 3133 3306 αὐτὴν
3178 3237 3573 3310 καταισχύνῃς,
3617 3237 3728 3290 ἀπὸ

2135 3321 2236 3392 μὲν
2287 3320 2702 3392 φιλανθρωπίας
2749 3319 2950 3387 λαϐὼν,
2986 3321 3232 3392 ὠμότητι
3278 3321 3335 3375 δέ
3385 3322 3727 3392 κεχρημένος

2142 3406 2280 3476 πρὸς
2321 3405 2448 3469 τοὺς
2479 3404 2760 3474 ἀδελφούς.
2808 3404 3030 3475 Πατέρα
3071 3404 3256 3470 καλεῖς
3302 3403 3394 3458 τὸν
3426 3404 3580 3469 Θεὸν,
3634 3405 3729 3458 καὶ

2136 3488 2409 3559 ὑϐρίζειςς
2471 3487 2612 3541 Ἀλλ’
2646 3489 2708 3540 οὐ
2750 3487 2924 3542 ταῦτα
2978 3487 3074 3540 τοῦ
3131 3486 3249 3540 υἱοῦ
3305 3487 3398 3541 τοῦ
3451 3486 3612 3541 Θεοῦ.
3649 3487 3726 3540 Τὸ

2135 3575 2296 3644 ἔργον
2321 3572 2417 3626 τοῦ
2442 3569 2560 3626 υίοῦ
2584 3570 2676 3624 τοῦ
2706 3571 2868 3632 Θεοῦ,
2910 3573 3024 3634 τοῖς
3061 3570 3278 3643 ἐχθροῖς
3307 3571 3548 3642 ἀφιέναι,
3585 3573 3727 3644 ὑπὲρ

2133 3658 2244 3710 τῶν
2271 3654 2650 3726 σταυρούντων
2680 3654 2958 3724 εὔχεσθαι,
3001 3654 3144 3725 ὑπὲρ
3176 3655 3283 3708 τῶν
3325 3653 3630 3724 μισούντων
3667 3655 3729 3707 τὸ

2134 3736 2275 3812 αἷμα
2308 3740 2538 3809 ἐκχέειν.
2587 3737 2776 3792 Ταῦτά
2819 3741 2967 3792 ἐστιν
3001 3735 3128 3802 ἄξια
3154 3735 3247 3791 τοῦ
3283 3735 3401 3790 υἱοῦ
3433 3737 3528 3792 τοῦ
3564 3737 3725 3802 Θεοῦ,

2133 3827 2261 3890 τοὺς
2295 3826 2545 3896 ἐχθροὺς,
2577 3824 2704 3888 τοὺς
2749 3821 3094 3892 ἀγνώμονας,
3121 3821 3248 3884 τοὺς
3293 3821 3555 3886 κλέπτας,
3599 3822 3728 3887 τούς

2135 3912 2386 3981 ἰταμοὺς,
2443 3910 2574 3972 τοὺς
2633 3905 3115 3971 ἐπιϐουλεύοντας,
3174 3905 3397 3970 τούτους
3462 3905 3728 3976 ἀδελφοὺς

2134 3995 2406 4050 ποιεῖσθαι
2439 3993 2533 4048 καὶ
2555 3991 2950 4064 κληρονόμους,
2976 3991 3098 4060 οὐχὶ
3135 3991 3262 4054 τοὺς
3282 3990 3546 4060 ἀδελφοὺς
3578 4008 3726 4060 γινο-

2136 4081 2354 4150 μένους,
2385 4078 2612 4142 τούτους
2645 4077 2722 4140 ὼς
2742 4075 3054 4148 ἀνδράποδα
3093 4075 3285 4148 ὐϐρίζε
3299 4094 3366 4132 ιν.

2205 4281 2268 4335 δ’.
2307 4279 2590 4350 Ἐννόησον
2619 4279 2740 4333 τίνα
2770 4278 3072 4348 ἐφθέγξατο
3102 4281 3322 4351 ῥήματα
3351 4277 3412 4332 τὸ
3448 4277 3625 4351 στόμα
3664 4281 3728 4335 τὸ

2135 4364 2290 4440 [108]
2335 4365 2447 4431 σὸν,
2501 4365 2663 4429 ποίας
2697 4365 2824 4430 ἄξια
2879 4363 3194 4435 τραπέζης·
3252 4363 3509 4434 ἐννόησον
3561 4365 3724 4421 τίνων

2137 4450 2389 4512 ἅπτεται,
2416 4451 2578 4501 τίνων
2604 4448 2852 4517 γεύεται,
2886 4447 3043 4513 ποίας
3069 4445 3333 4501 ἀπολαύει
3352 4450 3584 4519 τροφῆς.
3614 4450 3723 4504 Οὐ-

2135 4534 2221 4589 δέν
2255 4535 2360 4604 ἡγῇ
2396 4534 2568 4586 ποιεῖν
2596 4531 2767 4586 δεινὸν
2807 4531 2901 4586 τὸν
2928 4531 3161 4602 ἀδελφὸν
3196 4533 3557 4603 κατηγορῶν;
3597 4532 3722 4598 Πῶς

2136 4613 2228 4672 οὖν
2257 4616 2443 4680 καλεῖς
2474 4615 2733 4686 άδελφόν;
2782 4616 2845 4668 Εἰ
2891 4615 2948 4668 δέ
2975 4616 3076 4669 οὐκ
3126 4614 3275 4669 ἐστιν
3311 4615 3563 4684 ἁδελφὸς,
3605 4614 3724 4679 πῶς

2137 4702 2343 4770 λέγεις,
2376 4699 2567 4768 Πάτερ
2615 4698 2817 4768 ἡμῶν;
2844 4699 2904 4752 τὸ
2933 4699 3061 4770 γὰρ,
3108 4698 3326 4768 Ἠμῶν,
3363 4697 3575 4752 πολλῶν
3610 4699 3730 4753 ἐστι

2141 4783 2454 4855 προσώπων
2485 4781 2842 4854 σημαντικόν.
2887 4783 3175 4854 Ἐννόησον
3204 4783 3344 4854 μετά
3371 4781 3534 4834 τίνων
3563 4781 3729 4853 ἐστηο

2139 4885 2241 4930 κας
2301 4867 2444 4920 κατὰ
2481 4866 2572 4920 τὸν
2607 4865 2801 4936 καιρὸν
2861 4865 2973 4919 τῶν
3023 4865 3342 4936 μυστηρίων
3369 4903 3384 4926 ,
3452 4862 3591 4932 μετὰ
3622 4864 3731 4917 τῶν

2139 4949 2461 5021 Χερουϐὶμ,
2519 4948 2654 5016 μετὰ
2712 4947 2820 5004 τῶν
2871 4947 3147 5018 Σεραφίμ.
3203 4946 3285 5000 Τὰ
3345 4944 3597 5017 Σεραφὶμ
3631 4946 3730 5016 οὐχ

2141 5033 2376 5104 ὑϐρίζει,
2411 5033 2550 5086 ἀλλὰ
2601 5033 2733 5102 μίαν
2780 5032 2968 5093 αὐτοῖς
3021 5029 3214 5101 χρείαν
3255 5029 3416 5099 μόνον
3447 5028 3506 5082 τὸ
3556 5028 3732 5097 στόμα

2141 5116 2362 5186 πληροῖ,
2392 5114 2452 5168 τὸ
2478 5111 2805 5182 δοεολογεῖν,
2831 5114 2894 5166 τὸ
2917 5111 3165 5177 δοξάζειν
3191 5113 3282 5165 τὸν
3297 5111 3448 5165 Θεόν.
3484 5110 3608 5175 Πῶς
3637 5107 3732 5165 οὖν

2137 5201 2345 5272 δυνήσῃ
2365 5198 2430 5251 σὺ
2461 5197 2578 5268 μετ’
2598 5197 2822 5249 ἐκείνων
2844 5195 3045 5264 λέγειν,
3069 5195 3297 5265 Ἀγιος,
3327 5193 3518 5262 ἅγιος,
3540 5192 3729 5263 ἅγιος,

2140 5284 2222 5346 εἰς
2253 5282 2411 5354 ὓϐριν
2442 5280 2520 5350 τῷ
2562 5279 2794 5350 στόματι
2831 5280 3213 5350 κεχρημένος;
3252 5277 3387 5332 Είπέ
3434 5277 3496 5346 δή
3533 5293 3644 5346 μοι,
3681 5279 3732 5331 εἰ

2143 5367 2340 5429 σκεῦος
2373 5363 2459 5435 εῖη
2507 5363 2808 5435 βασιλικὸν,
2856 5364 2953 5418 καὶ
2989 5363 3076 5416 ἀεὶ
3111 5361 3428 5431 ἐδεσμάτων
3478 5359 3733 5428 ἔμπλεων

2143 5448 2462 5521 βασιλικῶν,
2499 5447 2595 5501 καὶ
2645 5450 2725 5510 εἰς
2771 5446 2934 5501 τοῦτο
2986 5443 3451 5515 ἀποτεταγμένον,
3498 5438 3620 5499 εἶτά
3649 5461 3736 5508 τις

2142 5534 2290 5604 αὐτῷ
2319 5532 2429 5586 τῶν
2458 5532 2684 5586 οἰκετῶν
2716 5531 2983 5600 χρήσαιτο
3013 5530 3094 5592 είς
3127 5528 3350 5600 κόπρον,
3384 5523 3494 5599 ἦρα
3527 5527 3737 5601 τολμή-

2123 5637 2225 5672 -σει
2255 5617 2419 5670 πάλιν
2451 5616 2568 5686 μετ’
2604 5613 2831 5668 ἐκείνων
2874 5613 2984 5665 τῶν
3022 5611 3233 5666 σκευῶν
3279 5611 3392 5666 τῶν
3423 5614 3503 5676 εἰς
3549 5613 3736 5666 ἐκεῖνα

2141 5697 2604 5769 ἀποτεταγμένων
2637 5697 2772 5751 αὐτὸ
2803 5693 3166 5749 ἀποτίθεσθαι
3197 5696 3296 5766 τῆς
3327 5696 3536 5768 κόπρου
3572 5697 3735 5765 ἐμπε-

2146 5782 2458 5853 πλησμένον
2479 5797 2492 5845 ;
2513 5778 2803 5849 Οὐδαμῶς.
2829 5777 3085 5833 Τοιοῦτόν
3113 5777 3165 5832 τί
3187 5781 3379 5850 ἐστινὴ
3401 5778 3733 5849 κακηγορίαι,
