4092 6492
449 347 552 403 165

448 464 688 518 τοιοῦτόν
723 465 870 518 ἐστιν
907 465 938 534 ἡ
968 461 1145 532 ὕϐρις.
1177 460 1365 528 Πάτερ
1393 458 1580 528 ἡμῶν.
1617 458 1728 512 Kal
1752 458 1804 512 τί
1817 477 1831 523 ;
1865 455 2024 510 τοῦτο

452 547 644 617 μόνως
682 549 878 599 Ἀκουε
909 545 1003 598 zeal
1026 542 1132 594 τῶν
1163 541 1287 609 ἑξῆς
1313 557 1326 572 ·
1375 543 1437 592 '0
1474 540 1545 594 ἐν
1576 539 1700 605 τοῖς
1720 537 2022 607 οὐρανοῖς.

453 629 666 692 Εὐθέως
711 624 884 691 εἶπες,
917 625 1108 692 Πάτερ
1159 621 1330 692 ἡμῶν
1367 625 1399 676 ὁ
1427 623 1496 676 ἐν
1539 621 1668 688 τοῖς
1719 620 2022 689 οὐρανοῖς,

449 714 542 766 zeal
572 710 833 781 ἀνέστησέ
863 725 922 761 σε
942 707 1003 760 τὸ
1031 706 1202 777 ῥῆμα,
1231 704 1513 775 ἐπτέρωσέ
1535 721 1628 757 σου
1647 703 1745 774 τὴν
1762 704 2024 764 διάνοιαν,

450 796 648 860 ἔδειξεν
695 796 777 847 ὅτι
811 790 1031 860 Πατέρα
1063 789 1208 858 ἔχεις
1266 790 1324 840 ἐν
1371 789 1486 850 τοῖς
1519 789 1792 857 οὐρανοῖς.
1842 786 2025 855 Μηδὲν

449 881 678 951 πρᾶττε,
706 877 869 946 μηδὲν
893 873 1018 942 λέγε
1047 871 1156 925 τῶν
1186 872 1282 923 ἐπὶ
1306 873 1430 940 γῆς.
1469 871 1564 932 Εἰς
1590 868 1805 938 ἐκείνην
1837 885 1895 920 σε
1924 869 2026 938 τὴν

446 960 598 1026 τάξιν
622 959 816 1029 ἔστησε
842 957 942 1027 τὴν
965 956 1097 1019 ἄνω,
1131 954 1324 1024 ἐκείνῳ
1368 969 1428 1005 σε
1456 951 1701 1022 ἐνέκρινε
1733 952 1812 1022 τῷ
1846 951 2023 1023 χορῷ*

450 1045 501 1098 τί
534 1041 730 1096 σαυτὸν
757 1041 907 1094 κάτω
929 1037 1214 1099 καθέλκεις
1237 1054 1251 1102 ;
1284 1034 1433 1105 παρά
1459 1034 1551 1086 τὸν
1579 1033 1766 1104 θρόνον
1791 1036 2027 1104 ἕστηκας

446 1127 536 1180 τδν
576 1121 887 1187 Βασιλικδν,
922 1121 1017 1174 zeal
1046 1117 1326 1190 ὑϐρίζειςς
1361 1117 1435 1170 υύ
1476 1115 1724 1179 δέδοικας
1762 1117 1838 1187 μὴ
1868 1115 2025 1186 ὑϐριν

445 1208 506 1261 τὺ
534 1207 770 1277 πρᾶγμα
798 1204 1071 1275 ἡγήσηται
1103 1203 1130 1254 ό
1162 1198 1450 1270 βασιλεύς;
1482 1197 1598 1250 ἀλλ’
1630 1196 1696 1251 ἂν
1728 1198 1827 1268 μὲν
1874 1197 2026 1250 οίκέο

445 1306 543 1360 της
577 1289 662 1358 ἐφ’
704 1286 867 1356 ἡμῶν
896 1283 988 1336 τὸν
1031 1280 1322 1353 ὁμόδουλον
1360 1279 1561 1351 τύπτῃ,
1607 1279 1641 1350 ἧ
1675 1279 1893 1351 ὑϐρίζῃ,
1926 1279 2028 1333 κᾶν

446 1371 670 1432 δικαίως
703 1368 863 1421 τοῦτο
909 1368 1061 1437 ποιῇ,
1111 1363 1314 1426 εὐθέως
1361 1361 1728 1432 ἐπιτιμῶμεν,
1779 1362 1937 1433 ὓϐριν
1968 1361 2029 1415 τὺ

449 1455 681 1524 πρᾶγμα
709 1449 999 1520 ἡγούμενοι
1017 1464 1030 1479 ·
1070 1447 1134 1499 σὺ
1160 1445 1216 1498 δὲ
1251 1445 1388 1514 μετά
1414 1444 1522 1496 τῶν
1542 1443 1827 1515 Χερουϐὶμ
1856 1444 2028 1508 ἑστὼς

449 1534 600 1606 παρά
627 1534 716 1586 τὸν
738 1531 925 1602 θρόνον
949 1528 1043 1582 τοῦ
1068 1527 1363 1593 Βασιλέως,
1384 1525 1625 1596 ὑϐρίζεις
1648 1526 1741 1578 τὸν
1761 1525 1990 1594 ἀδελφόν
2012 1541 2026 1590 ;

448 1619 561 1686 Οὐχ
586 1618 717 1686 ὁρᾷς
741 1614 809 1667 τά
838 1615 971 1680 ἅγια
996 1610 1169 1664 ταῦτα
1200 1611 1405 1679 σκεύη;
1446 1610 1568 1676 οὐχὶ
1609 1609 1748 1678 πρὸς
1790 1609 1848 1662 ἐν
1882 1611 2029 1662 ἐστιν

448 1697 629 1752 αὐτῶν
660 1695 953 1757 διαπαντὸς
987 1697 1019 1762 ἡ
1047 1693 1242 1764 χρείας
1284 1693 1359 1762 μή
1401 1709 1481 1753 τις
1524 1689 1702 1760 τολμᾷ
1736 1691 1871 1761 πρὸς
1899 1689 2028 1743 ἄλλο

446 1799 498 1833 τι
530 1779 837 1852 χρήσασθαι
875 1779 1097 1840 αὐτοῖς;
1133 1776 1204 1828 Σὺ
1246 1773 1355 1827 τῶν
1389 1772 1599 1825 σκευῶν
1649 1772 1949 1844 ἁγιώτερος
1981 1768 2031 1824 el

446 1863 672 1929 τούτων,
718 1861 812 1914 zeal
845 1857 1025 1928 πολλῷ
1077 1855 1403 1926 ἁγιώτερος·
1441 1854 1494 1906 τί
1521 1855 1702 1907 τοίνυν
1743 1855 2028 1925 ρυπαίνεις

450 1945 646 1999 σαυτὸν
700 1945 795 1997 zeal
851 1941 1131 2013 μολύνεις;
1181 1940 1270 1991 Ἐν
1315 1940 1426 2000 τοῖς
1461 1938 1713 2008 οὐρανοῖς
1767 1938 2028 2009 ἕστηκας,

447 2029 542 2082 zeal
563 2025 834 2097 ὑϐρίζεις;
874 2024 1013 2095 μετὰ
1043 2021 1292 2090 ἀγγέλων
1320 2021 1603 2090 πολιτεύῃ,
1630 2021 1726 2075 zeal
1755 2020 2024 2092 ὑϐρίζεις

447 2110 753 2181 φιλήματος
784 2107 1014 2176 ἠξίωσαι
1044 2101 1395 2166 Δεσποτικοῦ,
1419 2103 1512 2155 zeal
1543 2102 1818 2172 ὑϐρίζεις;
1848 2103 2031 2157 τοσού.

445 2209 558 2256 τοις
591 2209 684 2245 σου
711 2191 772 2244 τὸ
814 2189 990 2259 στόμα
1023 2187 1334 2255 ἐκόσμησεν
1362 2187 1390 2237 ό
1417 2183 1551 2248 Θεὸς
1587 2185 1777 2256 ὕμνοις
1811 2185 2031 2254 ἀγγελι-

448 2278 583 2339 κοῖς,
615 2275 790 2345 τροφῇ
830 2271 1014 2325 οὐκέτι
1047 2268 1340 2338 ἀγγελικῇ,
1381 2267 1494 2320 ἀλλ’
1527 2269 1669 2340 ὑπὲρ
1708 2268 2028 2340 ἀγγελικὴν,

449 2357 716 2426 φιλήματι
752 2355 827 2424 τῷ
871 2354 1060 2418 αὑτοῦ,
1105 2350 1470 2423 περιπλοκαῖς
1500 2354 1620 2415 ταῖς
1659 2353 1794 2423 πρὸς
1840 2353 2026 2417 αὑτὸν,

451 2439 548 2491 zeal
574 2439 848 2505 ὑϐρίζεις;
880 2435 993 2506 Μὴ.
1027 2431 1351 2503 παρακαλῶ.
1404 2433 1672 2500 Μεγάλων
1701 2434 1760 2487 τὸ
1797 2435 2030 2504 πρᾶγμα

454 2523 626 2574 αἴτιον
669 2519 876 2586 κακῶν,
911 2521 1099 2590 πόρρω
1127 2515 1306 2586 ψυχῆς
1344 2515 1694 2587 Χριστιανῆς.
1743 2519 1818 2571 Οὐ
1846 2517 2030 2570 πείθο-

468 2761 794 2773 ο--η--α-

1156 346 1212 401 S.
1249 341 1532 400 JOANNIS
1570 339 2053 399 CHRYSOSTOMI
2095 341 2419 398 ARCIIIEP.
2461 342 3018 399 CONSTANTINOP.

3605 333 3702 389 M6

2130 457 2228 528 μέν
2272 475 2332 511 σε
2393 458 2664 526 λέγοντες,
2721 459 2840 511 οὐδὲ
2875 457 3243 528 ἐντρέπομεν;
3298 453 3507 507 Οὐκοῦν
3554 454 3703 518 ἄξιον

2128 540 2367 610 φοϐῆσαι
2395 541 2581 594 λοιπόν
2605 557 2617 571 ·
2664 542 2826 594 ἄκουε
2857 541 2963 610 γὰρ
3000 539 3094 593 τοῦ
3134 537 3372 607 Χριστοῦ
3416 536 3664 605 λέγοντος
3685 555 3698 567 ο

2139 623 2201 676 '0
2227 622 2413 676 εἰπὼν
2442 621 2521 688 τῷ
2547 621 2787 692 ἀδελφῷ
2825 621 3036 688 αὐτοῦ,
3069 621 3261 688 Μωρὲ,
3291 619 3508 688 ἔνοχος
3533 621 3707 674 ἔσται

2127 704 2202 773 τῇ
2232 705 2444 774 γεέννῃ
2470 706 2574 760 τοῦ
2613 709 2823 774 πυρός.
2866 707 2928 759 Εἰ
2951 706 3007 759 δὲ
3044 705 3105 757 τδ
3126 703 3456 773 κουφότερον
3484 702 3706 756 πάντων

2127 787 2350 856 γέενναν
2382 786 2653 857 προξενεῖ,
2700 790 2728 841 ό
2761 788 2829 840 τὰ
2880 787 3130 858 τολμηρά
3173 785 3371 853 λέγων,
3430 784 3574 847 τίνος
3609 785 3709 837 οὐκ

2129 869 2282 924 ἔσται
2317 869 2497 937 άξιος;
2532 869 2922 940 Παιδεύσωμεν
2967 868 3125 938 ἡμῶν
3159 863 3300 937 ’πρὸς
3344 866 3622 936 εὐφημίαν
3647 864 3710 918 τὸ

2128 955 2336 1024 στόμα·
2383 953 2528 1024 μέγα
2557 953 2666 1007 ἀπὸ
2704 953 2896 1007 τούτου
2949 953 3160 1023 κέρδος,
3209 951 3421 1021 μεγάλη
3468 949 3574 1002 ἀπὸ
3606 950 3708 1019 τῆς

2129 1035 2342 1108 ὕϐρεως
2366 1039 2399 1106 ἡ
2427 1036 2599 1106 βλάϐη
2618 1052 2633 1067 ⁸
2666 1037 2766 1090 οὐκ
2801 1037 2948 1089 ἐστιν
2971 1035 3210 1088 ἐνταῦθα
3236 1034 3498 1104 χρήματα
3531 1031 3709 1085 δαπα-

2130 1118 2311 1188 νῆσαι.
2375 1118 2686 1188 Ἐπιθῶμεν
2735 1117 2907 1186 θύραν
2951 1118 3045 1170 zeal
3099 1115 3333 1186 μοχλὸν,
3371 1111 3525 1186 [109]
3575 1129 3711 1166 κατ-

2129 1201 2398 1270 εσθίωμεν
2422 1201 2672 1264 ἐαυτοὺς,
2692 1200 2786 1253 ἐὰν
2811 1200 2964 1269 ῥῆμά
2985 1217 3114 1252 ποτε
3137 1198 3392 1270 φορτικὸν
3417 1197 3707 1266 ἐκπηδήσῃ

2126 1284 2235 1337 τῶν
2269 1283 2500 1336 ὀδόντων
2522 1301 2533 1313 ·
2567 1283 2977 1353 παρακαλῶμεν
3000 1284 3091 1336 τὸν
3116 1282 3272 1347 Θεὸν,
3296 1280 3710 1350 παρακαλῶμεν

2127 1367 2218 1419 τὸν
2250 1365 2600 1438 ὑϐρισμένον,
2639 1365 2712 1436 μὴ
2743 1364 3197 1435 ἀναξιοπαθῶμεν
3217 1380 3229 1394 ο
3281 1365 3508 1425 ἑαυτοὺς
3540 1362 3711 1438 ἐ-πλή-

2129 1449 2320 1520 ξαμεν,
2357 1451 2458 1502 οὐκ
2510 1451 2751 1502 ἐκεῖνον’
2809 1449 3091 1518 ἐπιθῶμεν
3141 1447 3202 1500 τὸ
3255 1447 3552 1518 φάρμακον
3605 1447 3706 1515 τὴν

2128 1532 2293 1602 εὐχὴν
2341 1534 2437 1585 zeal
2493 1531 2592 1601 τὴν
2631 1532 2768 1602 πρὸς
2817 1531 2909 1584 τὸν
2962 1530 3291 1602 ὑϐρισμένον
3336 1529 3706 1598 καταλλαγήν.

2131 1615 2231 1669 Ἂν
2268 1617 2325 1667 ἐν
2354 1618 2469 1677 τοῖς
2515 1616 2725 1685 ῥήμασι
2754 1613 3027 1684 τοσαύτην
3081 1610 3365 1682 ποιώμεθα
3424 1611 3706 1682 πρόνοιαν,

2134 1696 2316 1766 πολλῷ
2367 1696 2566 1766 μᾶλλον
2629 1696 2687 1748 ἐν
2741 1699 2854 1759 τοῖς
2893 1696 3181 1766 πράγμασι
3237 1694 3436 1764 νόμους
3470 1691 3709 1762 τιθῶμεν

2132 1781 2369 1842 ἑαυτοῖς.
2402 1778 2521 1832 Κᾶν
2549 1779 2738 1848 φίλους
2761 1779 2996 1849 ἔχωμεν,
3041 1776 3144 1832 κᾶν
3193 1775 3561 1840 οὑστινασοῦν,
3615 1775 3710 1830 zeal

2127 1863 2334 1915 εἴποιεν
2363 1862 2554 1926 κακῶς
2582 1880 2725 1925 τινα,
2764 1862 2797 1933 ἢ
2835 1862 3138 1932 ὑϐρίσαιεν,
3171 1860 3475 1928 άπαίτησον
3506 1858 3706 1919 αὐτοὺς

2127 1949 2221 2002 zeal
2272 1947 2566 2018 εῖσπραξαι
2619 1946 2794 2015 δίκην.
2844 1946 3228 2016 Μαγθάνωμεν
3270 1943 3428 2006 ὅλως,
3474 1943 3558 1995 ὅτι
3607 1939 3709 1994 κᾶν

2127 2030 2435 2100 ἁμάρτημα
2465 2028 2525 2082 τὸ
2554 2028 2796 2082 τοιοῦτόν
2833 2029 2982 2081 ἐστιν
3006 2045 3020 2059 ο
3056 2028 3121 2081 ἂν
3151 2027 3259 2097 γάρ
3298 2024 3581 2095 μάθωμεν,
3615 2039 3708 2075 τα-

2127 2113 2266 2184 χέως
2312 2111 2762 2182 ἀποστησόμεθα.
2811 2111 2872 2164 Ὀ
2912 2111 2970 2164 δὲ
3017 2110 3149 2174 Θεὸς
3197 2110 3297 2180 τῆς
3345 2109 3570 2180 εἰρήνης
3603 2124 3709 2176 φυσ-

2127 2195 2279 2260 λάξοι
2336 2194 2489 2264 ὑμῶν
2548 2194 2645 2247 καὶ
2701 2195 2794 2248 τὸν
2845 2193 2992 2261 νοῦν,
3028 2194 3122 2246 zeal
3151 2193 3250 2263 τὴν
3303 2191 3580 2259 γλῶσσαν,
3611 2190 3708 2242 zeal

2128 2277 2359 2347 τειχίσοι
2389 2276 2623 2345 ἀσφαλεῖ
2653 2278 2839 2348 τειχίῳ
2866 2277 2944 2348 τῷ
2981 2277 3146 2330 αὑτοῦ
3179 2276 3352 2345 φόϐῳ,
3397 2275 3455 2327 ἐν
3485 2269 3707 2343 Χριστῷ

2143 2357 2319 2429 Ἰησοῦ
2351 2360 2446 2410 zeal
2500 2358 2690 2430 Κυρίῳ
2726 2359 2907 2428 ἡμῶν,
2949 2359 3070 2430 μεθ’
3099 2355 3160 2412 οῦ
3198 2357 3276 2428 τῷ
3309 2356 3483 2426 Πατρὶ
3520 2353 3707 2425 ὴδόξα

2131 2441 2246 2513 ἄμα
2281 2440 2358 2511 τῷ
2397 2439 2538 2510 άγίῳ
2568 2439 2870 2510 Πνεύματι.

1875 3021 2118 3075 οΜιΛιΑ
2160 3024 2262 3078 IE'.

448 3283 624 3342 Πᾶσα
661 3287 868 3354 πικρία
901 3285 998 3339 καί
1032 3285 1243 3356 θυμὸς,
1288 3284 1388 3339 καί
1421 3283 1591 3354 ὀργὴ,
1624 3282 1723 3337 καί
1770 3281 2025 3353 κραυγὴ,

518 3368 617 3421 καί
659 3367 1026 3436 βλασφημία
1075 3366 1311 3435 ἀρθήτω
1343 3366 1443 3436 ἀφ’
1487 3364 1656 3436 ὑμῶν
1688 3365 1811 3420 σὺν
1858 3364 2028 3432 πάσῃ

519 3453 719 3520 κακίᾳ.

517 3646 588 3698 a'.
603 3640 814 3710 Ὠσπερ
830 3640 910 3702 είς
931 3637 1126 3702 σκεῦος
1142 3637 1449 3710 ἀκάθαρτον
1465 3638 1565 3692 οὐκ
1591 3637 1657 3692 ἄν
1679 3654 1808 3690 ποτε
1827 3638 2028 3702 ἐαυτάς

447 3721 667 3776 καθεῖεν
701 3723 756 3774 al
795 3721 1084 3790 μέλισσαιο
1114 3721 1202 3775 διὰ
1233 3720 1341 3792 γὰρ
1384 3719 1543 3775 τοῦτο
1581 3720 1676 3772 zeal
1715 3719 2027 3789 θυμιάμασι

447 3807 543 3858 zeal
582 3803 776 3874 μύροις
807 3804 902 3856 zeal
933 3802 1183 3865 εὐωδίαις
1212 3801 1305 3856 τὸν
1348 3802 1516 3856 τόπον
1565 3801 2028 3871 καταρραίνουσιν

445 3886 496 3938 οί
540 3886 669 3956 περὶ
698 3883 872 3937 ταῦτα
919 3883 1104 3948 δεινοὶ,
1158 3885 1322 3946 οῐνοις
1380 3899 1440 3936 τε
1498 3882 1726 3936 εὐώδεσι
1782 3883 1879 3934 zeal
1916 3884 2029 3944 τοῖς

446 3967 628 4028 ἄλλοις
657 3967 829 4019 ᾰπασι
861 3965 986 4027 τοὺς
1015 3964 1404 4030 καλαθίσκους,
1437 3965 1496 4017 ἐν
1522 3959 1605 4026 οἷς
1641 3963 1708 4016 ἂν
1741 3963 2028 4033 μέλλουσιν

447 4053 572 4123 ἄρτι
602 4049 711 4102 τῶν
748 4047 971 4120 σμηνῶν
1019 4048 1263 4112 ἐξιοῦσαι
1312 4047 1604 4111 ἐνιζάνειν,
1645 4045 1788 4099 ῶστε
1822 4046 1898 4116 μὴ
1928 4046 2028 4119 τὴν

446 4134 585 4204 ἀηδῆ
639 4131 814 4203 ὀσμὴν
867 4131 1190 4202 λυπήσασαν
1247 4129 1422 4192 αὑτὰς
1473 4129 1783 4199 ἀποστῆσαι
1819 4129 2023 4182 πάλινο

445 4217 588 4270 οὕτω
612 4216 675 4288 δὴ
705 4217 800 4270 καὶ
823 4215 917 4268 ἐπὶ
946 4215 1038 4267 τοῦ
1064 4212 1386 4282 Πνεύματός
1409 4213 1525 4264 ἐστι
1552 4208 1648 4262 τοῦ
1681 4210 1858 4279 ἀγίου.
1905 4211 2029 4279 ’Δγ-

446 4299 594 4368 γεῖόν
624 4299 678 4350 τί
712 4300 858 4352 ἐστιν
907 4298 940 4364 ἡ
981 4295 1230 4366 ἡμετέρα
1263 4293 1408 4363 ψυχὴ
1440 4293 1536 4345 zeal
1575 4291 1927 4355 καλαθίσκος,
1957 4292 2028 4346 τὰ

449 4383 627 4453 σμήνη
661 4380 768 4434 τῶν
797 4379 1155 4450 χαρισμάτων
1197 4376 1306 4428 τῶν
1338 4376 1728 4445 πνευματικῶν
1760 4375 2025 4441 ὑποδέξα-

447 4462 573 4516 σθαι
602 4461 875 4530 δυναμένη
897 4477 911 4491 ο
936 4459 1053 4512 ἀλλ’
1090 4454 1239 4529 ὲάνῇ
1263 4457 1410 4510 ἔνδον
1431 4456 1561 4527 χολὴ
1583 4457 1678 4509 zeal
1706 4457 1905 4527 πικρία
1931 4456 2027 4509 zeal

447 4543 641 4613 θυμὸς,
677 4542 746 4595 τὰ
781 4543 961 4613 σμήνη
1005 4541 1330 4611 ἀφίπταται.
1370 4540 1470 4594 Διὰ
1506 4540 1665 4593 τοῦτο
1695 4541 1722 4592 ὁ
1757 4540 2026 4611 μακάριος

446 4619 599 4686 οὗτος
628 4624 724 4678 zeal
769 4623 931 4691 σοφὸς
959 4623 1206 4694 γεωργὸς
1250 4622 1595 4694 διακαθαίρει
1642 4621 1823 4684 καλῶς
1868 4621 2025 4692 ἡμῶν

445 4706 515 4760 τὰ
538 4705 728 4775 σκεύη,
757 4705 818 4758 οὐ
840 4703 1132 4776 δρέπανον,
1167 4705 1288 4759 οὐδέ
1319 4723 1370 4758 τι
1399 4705 1526 4759 ἄλλο
1556 4703 1748 4766 σκεῦος
1773 4702 2025 4774 σιδηροῦν

443 4788 695 4859 ,κατέχων
719 4805 731 4819 ’
764 4789 860 4842 zeal
890 4787 1048 4842 καλεῖ
1076 4789 1226 4858 ἡμᾶς
1249 4789 1341 4842 ἐπὶ
1375 4788 1435 4841 τὸ
1469 4785 1842 4856 πνευματικὸν
1869 4786 2026 4841 τοῦτο

449 4869 671 4940 σμῆνος,
706 4873 800 4924 zeal
833 4869 1086 4938 συνάγων
1132 4870 1264 4923 αὐτὸ
1295 4868 1640 4938 διακαθαίρει
1694 4871 1880 4939 εὐχαῖς
1932 4871 2027 4924 καὶ

448 4951 633 5016 πόνοις
668 4953 760 5006 καὶ
789 4955 901 5017 τοῖς
935 4953 1120 5014 ἄλλοις
1163 4950 1384 5004 ἅπασιν.
1427 4952 1566 5022 Ὀρα
1597 4948 1692 5005 οὖν
1723 4947 1840 5017 πῶς
1868 4955 2026 5025 ἡμῶν

447 5034 767 5104 ἐκκαθαίρει
805 5036 904 5106 τὴν
947 5034 1178 5106 καρδίαν
1201 5049 1215 5064 ο
1253 5032 1500 5102 ἀπήλασε
1542 5034 1604 5088 τὸ
1654 5035 1885 5104 ψεῦδος,
1921 5038 2026 5090 ἀπ·

451 5117 623 5187 ήλασε
673 5119 772 5189 τὴν
823 5119 1014 5189 ὀργήν.
1048 5118 1301 5174 Δείκνυσι
1355 5117 1519 5171 πάλιν
1573 5119 1690 5184 πῶς
1717 5119 1782 5176 ἂν
1825 5121 2024 5192 μᾶλλον

446 5201 746 5274 πρόρριζον
805 5202 1186 5272 άνασπασθείη
1229 5201 1291 5254 τὸ
1346 5201 1551 5256 κακόν
1602 5203 1668 5255 ἂν
1727 5204 1804 5274 μὴ
1852 5199 2022 5274 ὦμεν,

447 5285 605 5354 φησὶ,
637 5286 823 5352 πικροὶ
865 5286 961 5353 τὴν
1003 5285 1263 5339 διάνοιαν.
1317 5284 1586 5356 Καθάπερ
1641 5286 1750 5356 γὰρ
1799 5287 1893 5340 ἐπὶ
1925 5289 2023 5359 τῆς

445 5367 610 5441 χολῆς
632 5369 952 5438 συμϐαίνειν
980 5369 1136 5422 εἴωθε
1169 5369 1267 5439 τῆς
1295 5369 1594 5439 ἡμετέρας,
1631 5370 1698 5423 ἂν
1739 5371 1836 5441 μὲν
1865 5372 2018 5442 ὀλίγη

447 5452 586 5522 τύχῃ
609 5467 694 5513 τις
729 5448 883 5518 οὖσα,
913 5451 1070 5523 ὀλίγη
1102 5452 1198 5505 zeal
1223 5453 1256 5521 ή
1289 5451 1504 5522 κίνησις
1530 5452 1736 5520 γίνεται
1759 5455 2020 5524 ἐκραγέν-

443 5551 535 5598 τος
561 5534 656 5590 τοῦ
689 5537 969 5605 ταμιείου·
993 5539 1120 5591 ὅταν
1155 5535 1213 5589 δέ
1253 5535 1526 5608 πλεονάσῃ
1557 5536 1617 5589 τὸ
1655 5537 1883 5606 σφοδρὸν
1920 5537 2021 5606 τῆς

444 5616 699 5690 τοιαύτης
731 5619 1011 5689 ποιότητος
1061 5621 1156 5673 zeal
1187 5619 1464 5690 δηκτικὸν,
1495 5619 1678 5672 οὐκέτι
1731 5621 1914 5688 στέγει
1962 5621 2020 5673 τὺ

447 5700 612 5772 φέρον
653 5700 821 5774 αὐτὴν
861 5704 1122 5775 πρότερον
1162 5703 1406 5772 ἀγγεῖον,
1448 5700 1583 5756 ἀλλά
1624 5701 1874 5774 καθάπερ
1912 5718 2016 5756 πυ-

2132 3285 2224 3356 ρὸς
2244 3299 2268 3327 ι
2307 3283 2536 3356 σφοδροῦ
2566 3285 2868 3356 διαϐρωθέν
2895 3288 3078 3341 οὐκέτι
3103 3285 3214 3343 οἷόν
3252 3292 3311 3345 τέ
3343 3293 3460 3345 ἐστι
3491 3293 3703 3362 στέγειν

2130 3368 2301 3440 αὐτὴν
2339 3369 2435 3423 zeal
2485 3368 2736 3439 κατέχειν
2771 3370 2830 3421 ἐν
2858 3371 2971 3433 τοῖς
3000 3371 3326 3443 ὡρισμένοις
3351 3374 3520 3446 ὅροις,
3565 3375 3703 3430 ἀλλά

2127 3449 2464 3505 διασπασθέν
2515 3451 2620 3504 ὑπὸ
2660 3451 2762 3520 τῆς
2817 3451 3057 3523 ἀμέτρου
3105 3455 3436 3527 δριμύτητος
3477 3457 3706 3528 ἀφίησιν

2128 3534 2451 3599 ἐξελθοῦσαν
2480 3535 2644 3588 παντὶ
2671 3535 2748 3604 τῷ
2775 3533 2988 3605 σώματι
3026 3535 3383 3608 λυμαίνεσθαι
3407 3555 3420 3570 ·
3450 3541 3546 3593 zeal
3570 3539 3703 3593 καθ-

2129 3617 2272 3688 άπερ
2303 3619 2383 3680 είς
2429 3617 2586 3670 πόλιν
2622 3615 2840 3685 ἐνεχθὲν
2898 3617 3085 3688 θηρίον
3125 3618 3276 3691 [HO]
3319 3620 3702 3690 χαλεπώτατον

2129 3701 2226 3755 zeal
2251 3701 2544 3771 ἀφόρητον,
2580 3700 2684 3762 ἕως
2721 3701 2817 3770 μὲν
2850 3700 2917 3754 ἂν
2957 3701 3106 3756 ἔνδον
3145 3704 3202 3756 ἐν
3245 3707 3365 3767 ταῖς
3393 3707 3702 3778 πεποιημέ-

2128 3800 2245 3844 ναις
2289 3785 2531 3854 εἱρκταῖς
2564 3784 2886 3854 κατέχηται,
2929 3786 3100 3852 οὐδὲν,
3147 3785 3247 3840 κᾶν
3279 3788 3557 3861 ἀγριαίνῃ,
3597 3792 3702 3844 κᾶν

2129 3865 2329 3937 κράζῃ,
2359 3866 2550 3922 οὐδένα
2582 3867 2784 3937 βλάψαι
2812 3870 3102 3942 δυνήσεται
3129 3887 3142 3902 ·
3185 3873 3313 3924 ὅταν
3349 3871 3405 3923 δὲ
3436 3873 3516 3942 τῷ
3546 3874 3702 3946 θυμῷ

2128 3949 2398 4019 κρατηθῇ,
2425 3951 2518 4002 zeal
2541 3950 2837 4015 διακλάσας
2860 3956 2987 4015 τοὺς
3017 3952 3104 4007 διὰ
3136 3953 3303 4021 μέσου
3337 3954 3702 4026 βεϐλημένους

2128 4029 2359 4094 κανόνας
2401 4032 2713 4103 ἐκπηδῆσαι
2766 4033 3017 4104 δυνηθῇ,
3072 4036 3272 4099 παντὸς
3329 4036 3560 4105 θορύϐου
3602 4039 3701 4110 τὴν

2127 4113 2281 4166 πόλιν
2314 4115 2619 4187 ἐμπίπλησι
2649 4117 2744 4170 καὶ
2777 4119 3018 4189 ταραχῆς
3041 4157 3055 4183 ,
3092 4119 3187 4172 zeal
3223 4120 3429 4184 πάντας
3465 4120 3700 4175 ἀπελαύο

2126 4212 2239 4250 νει’
2278 4197 2422 4250 οῦτω
2459 4197 2522 4268 δὴ
2551 4198 2646 4251 zeal
2697 4198 2798 4268 τῆς
2830 4199 2991 4268 χολῆς
3020 4202 3053 4270 η
3088 4200 3249 4270 φύσις
3281 4217 3295 4230 ο
3325 4202 3432 4264 ἕως
3486 4203 3583 4273 μὲν
3633 4203 3700 4258 ἂν

2129 4281 2187 4333 ἐν
2216 4282 2329 4344 τοῖς
2357 4280 2577 4344 οἰκείοις
2619 4282 2768 4352 ὅροις
2820 4283 3141 4355 κατέχηται,
3171 4285 3324 4337 οὐδὲν
3366 4285 3509 4354 μέγα
3551 4287 3701 4356 ἡμᾶς

2127 4364 2416 4435 ἐργάζεται
2453 4366 2624 4418 κακόν
2646 4382 2659 4396 ο
2692 4365 2913 4419 ἐπειδὰν
2951 4366 3008 4419 δὲ
3052 4369 3380 4438 ἐκραγέντος
3411 4369 3506 4422 τοῦ
3542 4387 3699 4441 περι-

2128 4446 2342 4516 έχοντος
2369 4447 2539 4517 αὐτὴν
2574 4447 2790 4518 ὑμένος,
2825 4449 2978 4503 οὐδὲν
3070 4450 3131 4502 τὸ
3159 4449 3366 4506 κωλύον
3401 4451 3583 4504 λοιπὸν
3612 4454 3694 4515 είς

2127 4532 2305 4583 πᾶσαν
2341 4531 2658 4602 διαχυθῆναι
2699 4532 2801 4602 τὴν
2841 4533 3022 4600 φύσιν,
3060 4533 3182 4586 τότε
3223 4533 3309 4603 δὴ,
3346 4534 3486 4598 τότε,
3521 4535 3699 4589 καίτοι

2125 4613 2266 4667 οὑτω
2296 4615 2501 4684 σφόδρα
2529 4613 2726 4684 μικρὸν
2765 4614 2822 4667 ὃν
2863 4617 2926 4686 τῇ
2969 4615 3249 4687 ποσότητι,
3286 4616 3372 4669 διὰ
3400 4616 3500 4686 τὴν
3533 4618 3701 4688 ὑπερ·

2125 4695 2428 4750 ϐάλλουσαν
2468 4698 2525 4749 ἐν
2569 4699 2635 4767 τῇ
2686 4696 2930 4767 ποιότητι
2979 4697 3211 4767 δύναμιν
3261 4700 3438 4753 πάντα
3466 4699 3537 4754 τά
3563 4700 3699 4755 ἄλλα

2126 4782 2364 4849 στοιχεῖα
2397 4780 2496 4848 τῆς
2521 4780 2729 4840 οἰκείας
2769 4780 3145 4851 ἀναχρώννυσι
3181 4781 3402 4845 κακίας.
3428 4783 3562 4835 Τότε
3590 4783 3698 4854 γάρ

2123 4864 2186 4933 δὴ
2228 4857 2369 4933 αἷμα
2404 4862 2637 4934 εὑροῦσα
2672 4864 2898 4934 πλησίον
2936 4864 3014 4935 τῷ
3048 4882 3106 4918 τε
3135 4867 3285 4937 τόπῳ
3319 4868 3414 4920 zeal
3454 4868 3522 4938 τῇ
3551 4867 3700 4920 ποιό-

2122 4963 2264 5017 τητι,
2299 4946 2393 4998 zeal
2417 4946 2513 5017 τὴν
2543 4948 2601 4999 ἐν
2621 4947 2811 5018 ἐκείνῳ
2843 4946 3154 5018 θερμότητα
3174 4948 3508 5020 δριμυτέραν
3533 4950 3700 5019 ἐργα-

2125 5027 2348 5100 ζομένη,
2386 5031 2480 5083 καὶ
2529 5029 2590 5083 τὸ
2623 5030 2854 5098 ἐγγύθεν
2904 5032 3013 5084 πᾶν
3061 5033 3198 5102 ὅπερ
3224 5033 3393 5097 ἐστὶν,
3447 5031 3554 5085 ἀπὸ
3595 5031 3699 5101 τῆς

2122 5113 2264 5166 κατά
2314 5113 2412 5182 τὴν
2465 5114 2741 5184 ὑγρότητα
2792 5115 3134 5185 συμμετρίας
3189 5115 3517 5186 ὑπερϐαῖνον
3568 5117 3696 5180 τοὺς

2121 5195 2281 5264 ὅρους
2322 5198 2418 5249 zeal
2455 5197 2617 5266 χολὰς
2669 5197 3062 5268 ἐργαζόμενον,
3104 5198 3244 5267 μετὰ
3275 5199 3467 5252 τούτου
3509 5197 3698 5253 λοιπὸν

2121 5277 2212 5329 zeal
2261 5281 2373 5342 τοῖς
2427 5277 2609 5342 ἄλλοις
2669 5281 3118 5352 ἐπιστρατεύεται
3174 5281 3380 5351 μέλεσι,
3419 5281 3514 5333 zeal
3549 5280 3698 5334 οὕτω

2122 5359 2300 5413 πάντα
2349 5362 2428 5422 εἰς
2468 5361 2566 5432 τὴν
2621 5363 2828 5416 οἰκείαν
2869 5364 3085 5418 ἐνθεῖσα
3133 5364 3418 5433 πονηρίαν,
3478 5364 3696 5431 ἄφωνον

2121 5445 2414 5513 ἐργάζεται
2446 5445 2538 5497 τὸν
2580 5445 2887 5517 ἄνθρωπον,
2933 5451 3026 5502 zeal
3069 5449 3333 5502 ἀποπνεῖν
3385 5449 3547 5511 ποιεῖ,
3594 5445 3695 5515 τὴν

2120 5527 2296 5596 ψυχὴν
2325 5527 2718 5584 ἀπελαύνουσα,
2767 5529 2830 5580 Τί
2867 5530 2929 5600 δὴ
2960 5529 3128 5582 ταῦτα
3149 5531 3281 5599 ἡμῖν
3313 5530 3531 5584 ἅπαντα
3549 5526 3695 5580 οὕτω

2185 5713 2207 5739 ⁸
2233 5710 2364 5771 Lege
2385 5711 2476 5757 ὑπὸ
2500 5710 2661 5765 πυρός.
