4092 6488
443 389 551 444 ίθΰ

436 512 522 557 est
554 502 740 568 frater,
770 500 1039 572 quomodo
1071 499 1204 555 dicis
1226 541 1238 565 ,
1277 498 1428 553 Pater
1473 501 1683 554 noster?
1733 498 1859 553 illud
1892 499 2033 551 enim

438 602 635 660 noster,
668 594 865 649 multas
894 594 1160 662 significat
1188 606 1466 663 personas.
1493 592 1677 662 C0gita
1704 606 1825 645 cum
1845 591 2036 660 quibus

438 698 555 739 stes
580 695 827 755 tempore
852 686 1065 740 illorum
1100 683 1478 755 mysteriorum
1507 702 1520 749 ;
1564 700 1685 739 cum
1714 682 1998 737 Cherubim
2021 724 2035 748 ,

436 793 566 834 cum
600 777 904 847 Seraphim.
934 777 1217 847 Seraphim
1245 777 1387 830 enim
1413 777 1737 831 contumelia
1786 791 1890 829 non
1917 774 2039 830 affi-

438 869 612 933 ciunt,
663 867 757 923 sed
804 884 868 922 os
918 884 1106 923 eorum
1155 884 1319 923 unum
1373 870 1542 922 solum
1588 868 1773 937 implet
1822 881 2038 931 munus,

440 974 644 1029 nempe
676 959 841 1013 Deum
874 958 1122 1013 laudandi
1145 968 1199 1013 et
1220 958 1574 1029 gloriﬁcandi.
1598 958 1881 1025 Quomodo
1902 973 2031 1029 ergo

441 1051 648 1121 poteris
676 1064 797 1104 cum
829 1049 936 1103 illis
960 1049 1163 1113 dicere,
1183 1049 1428 1115 Sanctus,
1452 1060 1677 1116 sanctus,
1696 1061 1923 1116 sanctus,
1951 1050 2041 1119 qui

438 1156 538 1197 ore
566 1155 693 1194 usus
716 1155 775 1194 es
797 1138 863 1193 ad
894 1140 1320 1195 contumeliam?
1351 1140 1676 1209 Dic,qumso,
1701 1141 1744 1193 si
1777 1152 1919 1196 esset
1948 1156 2043 1196 vas

440 1233 674 1304 regium,
697 1233 859 1302 regiis
884 1247 1102 1302 semper
1119 1233 1256 1288 cibis
1287 1232 1566 1296 refertum,
1599 1243 1653 1289 et
1683 1233 1748 1288 ad
1783 1234 1886 1289 hoc
1909 1250 2041 1289 con-

439 1324 692 1379 stitutum
722 1339 736 1388 ;
785 1323 979 1378 deinde
1018 1322 1215 1386 aliquis
1251 1338 1317 1378 ex
1365 1323 1575 1378 famulis
1603 1340 1669 1379 eo
1694 1333 1933 1379 uteretur
1974 1325 2040 1379 ad

440 1424 707 1479 stercora,
736 1414 1032 1469 auderetne
1056 1414 1290 1486 amplius
1307 1429 1569 1484 reponere
1586 1430 1709 1470 cum
1736 1416 1899 1481 vasis,
1923 1433 2043 1486 qua:

441 1516 571 1561 sunt
599 1505 664 1560 ad
688 1507 772 1560 illa
801 1505 1069 1559 destinata
1093 1546 1109 1572 ,
1138 1506 1311 1574 ipsum
1341 1514 1581 1561 stercore
1602 1506 1909 1576 repletum?
1939 1506 2040 1561 Ne-

439 1612 729 1667 quaquam.
760 1595 1079 1666 llujusmodi
1103 1611 1189 1651 res
1203 1606 1286 1652 est
1309 1597 1702 1662 maledicentia,
1734 1597 2039 1667 hujusmodi

443 1706 534 1744 res
557 1699 641 1745 est
677 1688 1032 1744 contumelia.
1066 1687 1223 1742 Pater
1243 1698 1431 1743 noster.
1464 1689 1529 1743 Et
1554 1688 1726 1759 quid?
1757 1698 1911 1744 estne
1942 1689 2044 1745 hoc

443 1781 661 1835 solum?
688 1780 811 1834 audi
839 1779 1000 1835 etiam
1030 1794 1147 1849 quae
1179 1789 1475 1850 sequuntur
1505 1799 1517 1834 :
1557 1780 1657 1847 Qui
1693 1797 1743 1835 es
1785 1785 1837 1834 tn
1881 1780 2040 1836 caelis.

443 1872 636 1927 Statim
664 1869 869 1936 dixisti,
901 1868 1059 1923 Pater
1085 1881 1255 1924 noster
1279 1872 1365 1939 qui
1406 1888 1456 1924 es
1478 1872 1531 1924 in
1554 1872 1709 1938 cretis,
1740 1879 1794 1926 et
1823 1872 2041 1927 verbum

445 1974 499 2018 te
522 1962 717 2027 erexit,
760 1970 815 2015 et
843 1962 1011 2015 menti
1042 1969 1144 2015 ture
1169 1960 1284 2013 alas
1324 1959 1569 2026 addidit,
1614 1969 1669 2015 et
1713 1960 1948 2016 ostendit
1994 1971 2044 2018 te

444 2054 659 2109 Patrem
690 2051 892 2107 habere
938 2052 992 2105 in
1024 2051 1194 2106 caelis.
1235 2049 1379 2106 Nihil
1411 2066 1539 2122 agas
1564 2093 1581 2117 ,
1624 2051 1759 2105 nihil
1805 2051 1951 2107 dicas
1977 2067 2040 2107 ex

441 2143 509 2199 iis
528 2158 651 2215 qua:
678 2149 805 2197 sunt
833 2143 886 2197 in
919 2150 1083 2197 terra.
1118 2139 1175 2195 ln
1206 2156 1500 2212 supernum
1532 2142 1681 2196 illum
1709 2141 1955 2197 ordinem
1986 2152 2036 2199 te

442 2234 647 2300 retulit,
678 2234 731 2288 in
764 2234 934 2288 choro
960 2231 1054 2285 illo
1086 2240 1137 2287 te
1167 2232 1393 2286 inseruit
1425 2246 1562 2287 :cur
1589 2240 1640 2288 te
1668 2232 1920 2287 deorsum
1947 2232 2043 2287 de-

444 2324 658 2380 trahis?
698 2323 835 2394 apud
884 2322 1135 2377 thronum
1185 2330 1296 2376 stas
1334 2322 1540 2392 regium
1568 2362 1582 2385 ,
1626 2331 1680 2377 et
1715 2322 2038 2377 contumelia

442 2414 800 2470 afl’icis?Non
846 2411 1159 2470 extimescis
1189 2427 1257 2467 ne
1309 2411 1423 2467 Rex
1470 2426 1588 2466 eam
1635 2428 1748 2467 rem
1775 2412 2046 2467 existimet

443 2506 874 2562 contumeliam?
920 2504 1027 2561 Sed
1059 2508 1105 2559 si
1149 2504 1378 2559 famulus
1406 2504 1623 2574 quidem
1663 2520 1846 2560 coram
1876 2505 2032 2560 nobis

444 2612 769 2652 conservum
799 2595 1043 2651 verberet
1084 2603 1177 2648 aut
1200 2594 1527 2649 contumelia
1569 2594 1769 2650 afﬁciat
1791 2637 1805 2661 ,
1836 2595 2043 2651 etiamsi

445 2690 551 2744 hoc
573 2688 717 2758 juste
743 2687 899 2742 faciat
923 2727 938 2751 ,
960 2687 1140 2741 statim
1172 2686 1530 2755 increpamus,
1555 2702 1669 2741 rem
1701 2701 1823 2742 esse
1851 2696 2045 2742 contu-

444 2784 665 2837 meliam
718 2789 1010 2852 putantes;
1056 2788 1113 2834 tu
1155 2787 1334 2834 autem
1372 2793 1494 2834 cum
1534 2778 1853 2834 Cherubinis
1900 2786 2047 2834 stans

444 2874 588 2945 apud
616 2875 868 2928 thronum
888 2872 1074 2942 Regis,
1102 2871 1426 2927 contumelia
1455 2869 1676 2927 fratrem
1700 2871 1906 2926 afﬁcis?
1929 2871 2045 2927 Non

442 2966 595 3021 vides
624 2964 739 3019 inec
780 2973 965 3019 sancta
993 2963 1165 3018 vasa?
1205 2978 1386 3018 annon
1427 2962 1493 3018 ad
1523 2979 1689 3018 unum
1720 2965 1799 3019 eis
1830 2980 2048 3035 semper

440 3067 530 3111 est
588 3053 767 3126 Opus?
806 3070 932 3109 num
978 3052 1139 3108 audet
1178 3054 1442 3124 quispiam
1484 3054 1562 3109 eis
1610 3054 1682 3108 uti
1729 3053 1796 3109 ad
1847 3054 2046 3125 aliquid

444 3144 595 3202 aliud
619 3148 641 3199 γ
669 3146 747 3201 Tu
788 3160 849 3201 es
876 3145 960 3200 his
991 3146 1132 3199 vasis
1162 3146 1401 3201 sanctior
1423 3186 1439 3210 ,
1467 3156 1521 3200 et
1549 3146 1719 3201 multo
1760 3148 1999 3203 sanctior
2029 3166 2042 3201 :

444 3252 545 3293 cur
572 3253 703 3308 ergo
727 3237 956 3306 teipsum
992 3236 1189 3305 polluis
1227 3244 1282 3291 et
1311 3236 1596 3306 inquiuas?
1620 3237 1743 3292 Stas
1777 3239 1829 3292 in
1856 3240 2004 3294 earlis
2029 3282 2044 3307 ,

444 3340 497 3385 et
529 3328 859 3384 contumelia
890 3328 1108 3384 alﬁcis?
1140 3342 1267 3384 cum
1295 3328 1502 3399 angelis
1532 3330 1767 3385 versaris
1794 3373 1808 3398 ,
1837 3341 1889 3387 et
1916 3347 2048 3387 eou-

1349 384 1413 442 ΙΝ
1454 385 1667 443 El’lST.
1715 384 1807 441 AD‘
1848 386 2089 441 EPllES.
2131 383 2283 441 CAP.
2331 387 2417 443 IV.
2461 388 2688 446 H0.\lll..
2733 391 2848 447 XV.

3637 402 3737 456 W8

2149 500 2361 555 tumelia
2391 501 2597 558 amcis?
2625 505 2900 563 Dominico
2928 508 3387 582 osculodignatus
3409 530 3487 578 es,
3523 527 3575 572 et
3602 534 3736 574 con-

2162 592 2378 648 tumelia
2425 595 2640 652 afﬁcis?
2682 599 2822 656 Deus
2865 616 2928 655 os
2976 610 3122 657 tuum
3161 606 3373 660 ornavit
3416 615 3522 663 tam
3556 610 3739 666 multis

2151 682 2363 755 hymnis
2390 688 2667 757 angelicis,
2695 690 2951 748 alimento
2982 708 3088 748 non
3121 696 3302 765 utique
3328 699 3572 768 angelico
3598 742 3614 769 ,
3642 704 3737 758 sed

2150 779 2574 848 superangelico,
2608 783 2687 835 sui
2717 785 2900 839 osculo
2923 794 2978 841 et
2999 788 3111 841 suis
3132 789 3490 857 amplexibus,
3525 802 3580 849 et
3602 810 3735 850 con-

2151 869 2364 924 tumelia
2387 872 2597 926 afﬁcis?
2628 874 2985 945 Noli,qu:eso.
3018 877 3125 933 Res
3156 880 3292 947 hsce,
3322 896 3482 936 causa
3508 900 3735 956 magno-

2150 978 2264 1016 rum
2296 964 2581 1029 malorum,
2618 968 2805 1036 procul
2833 970 2903 1023 sit
2944 969 3012 1022 ab
3042 971 3223 1026 animo
3263 973 3593 1029 Christiano.
3642 978 3736 1032 Di-

2148 1053 2320 1107 eendo
2372 1055 2464 1109 tibi
2516 1071 2621 1110 non
2674 1059 3084 1128 persuademus,
3135 1078 3310 1133 neque
3355 1066 3449 1120 tibi
3476 1068 3733 1137 pudorem

2150 1144 2484 1200 incutimus?
2516 1146 2704 1203 Restat
2732 1158 2944 1218 ergout
2974 1159 3024 1206 te
3055 1160 3351 1209 terreamus
3386 1175 3399 1211 :
3433 1159 3556 1213 audi
3586 1160 3731 1216 enim

2148 1233 2417 1289 Christum
2447 1236 2735 1306 dicentem,
2767 1240 2863 1305 Qui
2894 1241 3077 1294 dixerit
3105 1245 3255 1313 fratri
3280 1262 3390 1309 sua,
3417 1246 3599 1315 Fatue,
3618 1268 3733 1307 reus

2148 1327 2244 1380 erit
2272 1334 2515 1397 gehenme
2554 1331 2686 1401 ignis
2712 1331 2922 1402 (Matth.
2961 1334 3013 1388 5.
3045 1333 3162 1405 22).
3196 1335 3251 1389 Si
3278 1347 3458 1393 autem
3484 1341 3622 1409 quod
3654 1353 3737 1399 cst

2148 1419 2385 1473 omnium
2416 1419 2743 1478 levissimum
2769 1463 2785 1489 ,
2825 1423 3127 1493 gehennam
3166 1428 3418 1483 conciliat
3452 1434 3579 1500 :qui
3602 1433 3735 1488 dicit

2147 1523 2268 1577 qua:
2292 1518 2418 1563 sunt
2448 1512 2624 1566 nimia:
2648 1512 2887 1569 audaciae
2910 1554 2925 1579 ,
2954 1530 3073 1583 qua:
3100 1531 3204 1570 non
3234 1518 3571 1576 merebitur?
3600 1524 3734 1579 Eru-

2147 1598 2355 1654 diamus
2390 1615 2450 1656 os
2494 1610 2734 1659 nostrum
2767 1604 2832 1658 ad
2875 1604 3301 1662 benedicendum
3347 1626 3359 1662 :
3394 1625 3461 1666 ex
3495 1612 3597 1668 hoc
3622 1630 3734 1669 nia-

2145 1704 2307 1759 gnum
2339 1700 2421 1745 est
2466 1691 2707 1760 lucrum;
2737 1709 2803 1749 ex
2852 1697 3172 1751 contumelia
3218 1715 3467 1769 maguum
3512 1714 3594 1759 cst
3636 1706 3732 1761 da-

2148 1794 2329 1833 mnum
2365 1798 2378 1835 :
2413 1796 2520 1836 non
2560 1792 2685 1838 sunt
2727 1783 2812 1838 hic
2856 1788 3095 1855 pecuniae
3125 1788 3517 1859 impendendm.
3557 1795 3735 1867 lmpoo

2148 1885 2336 1924 namus
2389 1872 2604 1935 ostium,
2654 1884 2859 1929 vectem
2910 1883 2965 1930 et
3011 1879 3325 1949 repagulum
3394 1899 3408 1937 :
3454 1899 3550 1938 nos
3593 1886 3737 1957 ipsos

2148 1961 2442 2016 exedanius
2462 2004 2476 2028 ,
2510 1964 2554 2017 si
2579 1979 2740 2033 grave
2768 1965 2983 2036 aliquod
3018 1969 3237 2024 verbum
3262 1973 3550 2041 aliquando
3579 1992 3610 2032 e
3640 1993 3742 2033 no-

2149 2054 2275 2109 stris
2315 2054 2568 2110 dentibus
2611 2057 2877 2113 cxsilierit
2914 2076 2929 2113 :
2976 2075 3227 2130 rogemus
3262 2063 3452 2132 Deum,
3487 2083 3738 2137 rogemus

2150 2161 2269 2198 eum
2295 2146 2385 2216 qui
2413 2156 2496 2201 est
2526 2148 2749 2204 affectus
2789 2152 3154 2219 contumelia;
3204 2169 3273 2209 ne.
3315 2155 3364 2210 id
3406 2156 3561 2214 nobis
3602 2161 3738 2218 indi-

2148 2251 2312 2306 gnum
2331 2252 2685 2294 censeamus:
2714 2256 2812 2297 nos
2833 2242 2999 2312 ipsos,
3026 2258 3131 2298 non
3160 2244 3308 2300 illum
3334 2252 3731 2317 percussimus:

2147 2328 2497 2385 adhibeamus
2525 2331 2994 2400 medicamentum,
3018 2349 3224 2404 preces,
3248 2344 3304 2391 et
3332 2341 3729 2398 reconciliatio-

2150 2435 2271 2475 nem
2293 2434 2413 2475 cum
2441 2436 2506 2476 eo
2536 2421 2626 2492 qui
2650 2430 2731 2477 est
2759 2422 2982 2478 aﬁ'ectus
3002 2427 3350 2482 contumelia.
3379 2429 3433 2483 Si
3465 2430 3515 2483 in
3551 2434 3729 2488 verbis

2152 2522 2351 2566 tantam
2378 2526 2561 2566 curam
2583 2513 2821 2583 gerimus
2842 2555 2858 2581 ,
2889 2515 3057 2570 multo
3088 2517 3256 2586 magis
3288 2517 3339 2573 in
3373 2519 3531 2574 rebus
3582 2522 3736 2578 nobis

2151 2603 2296 2673 leges
2324 2603 2681 2673 imponamus.
2714 2604 2782 2659 Et
2808 2605 2854 2660 si
2898 2604 3192 2662 habeamus
3219 2610 3420 2664 amicos
3445 2650 3459 2676 ,
3487 2613 3731 2681 quicum.-

2149 2709 2252 2764 que
2282 2694 2495 2748 tandem
2524 2695 2630 2748 sint
2659 2694 2735 2749 illi
2770 2735 2786 2761 ,
2821 2704 2874 2750 et
2900 2697 3203 2767 quempiam
3248 2699 3533 2755 maledicto
3571 2718 3734 2774 appe.

2152 2787 2351 2853 tierint,
2380 2793 2472 2840 aut
2493 2784 2682 2856 injuria
2710 2784 3006 2853 affecerint,
3039 2789 3249 2856 postula
3273 2790 3343 2844 ab
3370 2790 3501 2860 ipsis
3529 2803 3587 2849 ut
3614 2810 3730 2864 pm-

2152 2891 2247 2931 nas
2279 2875 2425 2931 dent.
2455 2872 2730 2932 Discamu‘s
2757 2877 2979 2932 omnino
3004 2876 3106 2933 hoc
3136 2893 3256 2935 esse
3280 2893 3579 2950 peccatum:
3613 2903 3745 2941 nam

2150 2984 2270 3023 eum
2297 2967 2663 3033 didicerimus,
2690 2971 2797 3024 cito
2825 2968 3167 3025 desistemus.
3203 2971 3343 3027 Deus
3378 2983 3555 3029 autem
3591 2979 3737 3045 pacis

2150 3059 2417 3115 custodiat
2459 3067 2693 3115 mentem
2739 3068 2795 3115 et
2835 3060 3072 3131 linguam
3120 3070 3389 3130 vestram,
3435 3074 3490 3121 et
3533 3069 3739 3124 muniat

2155 3160 2266 3205 tuto
2293 3163 2468 3215 muro,
2491 3163 2685 3219 nempe
2705 3150 2785 3204 sui
2819 3158 2986 3217 metu,
3018 3150 3069 3205 in
3099 3150 3313 3206 Chrislo
3349 3153 3477 3209 Jcsu
3508 3155 3738 3213 Domino

2152 3251 2359 3307 nostro,
2387 3255 2505 3295 cum
2535 3254 2641 3310 quo
2672 3240 2814 3294 Patri
2838 3239 3010 3311 gloria
3054 3240 3215 3295 simul
3258 3258 3376 3297 cum
3409 3256 3597 3300 sancto
3620 3248 3739 3319 Spi-

2156 3344 2280 3386 ΙῚῑυ.

3310 3456 3742 3475 ——————~-——~

1824 3514 2164 3577 HOMILIA
2211 3513 2353 3575 XV.

444 3668 573 3721 (In.
609 3664 654 3720 ι.
690 3680 739 3717 v.
770 3663 861 3720 5|.
910 3662 1090 3716 Omnis
1136 3660 1424 3714 amaritudo
1467 3668 1510 3713 et
1557 3662 1633 3713 ira
1672 3667 1719 3713 et
1759 3660 2042 3731 indignatio

516 3771 566 3813 et
592 3759 785 3813 clamor
824 3766 871 3811 et
900 3754 1216 3825 blasphemia
1259 3754 1469 3808 tollatur
1514 3770 1547 3806 a
1581 3753 1719 3807 vobis
1759 3770 1870 3807 cum
1908 3756 2043 3807 omni

519 3851 734 3905 malitia.

520 3944 571 3997 1.
617 3938 1081 4009 Quemadmodum
1112 3942 1165 3993 in
1198 3952 1290 3992 vas
1313 3947 1369 3993 et
1403 3937 1781 3992 vestimentum
1810 3938 2044 3991 immun-

443 4037 575 4091 dum
601 4046 892 4101 numquam
922 4046 982 4085 se
1010 4029 1316 4084 dimiserint
1342 4044 1470 4098 apes
1500 4047 1511 4080 :
1540 4026 1661 4082 ideo
1682 4029 1824 4082 enim
1856 4035 1911 4083 et
1936 4028 2045 4082 suf-

446 4129 628 4183 titibus
653 4139 705 4183 et
734 4127 1020 4198 unguentis
1057 4125 1320 4196 bonisque
1349 4122 1603 4177 odoribus
1647 4122 1824 4176 locum
1855 4136 2041 4191 asper-

443 4227 598 4288 gunt,
626 4217 818 4272 barum
848 4231 1028 4272 rerum
1058 4215 1237 4286 periti,
1266 4213 1515 4283 vinisque
1556 4227 1721 4269 suave
1747 4212 2040 4277 olentibus,

443 4324 497 4368 et
525 4313 645 4367 aliis
677 4311 928 4365 omnibus
959 4308 1173 4364 illinunt
1205 4306 1529 4362 ealatliiscos
1556 4347 1569 4369 ,
1594 4305 1647 4359 in
1691 4306 1884 4375 quibus
1917 4316 2044 4361 sunt

444 4407 738 4461 incessum
773 4411 1038 4458 exeuntes
1066 4415 1135 4455 ex
1162 4399 1330 4455 alveis
1363 4441 1379 4465 ,
1414 4413 1483 4453 ne
1514 4397 1755 4468 ingratus
1782 4396 1916 4451 odor
1944 4410 2038 4452 eas

446 4513 633 4553 rursus
661 4496 843 4566 abigat
870 4513 883 4548 :
906 4496 977 4549 ita
1000 4493 1161 4548 etiam
1190 4492 1245 4546 in
1265 4499 1453 4545 sancto
1476 4488 1700 4559 Spiritu.
1736 4488 1842 4543 Vas
1874 4487 2046 4559 quod-

445 4591 571 4645 dam
616 4597 671 4644 et
701 4588 917 4659 quidam
961 4585 1287 4641 calathiscus
1314 4592 1394 4638 est
1425 4593 1608 4637 nostra
1636 4582 1812 4635 anima
1861 4590 2044 4650 parata

444 4681 513 4735 ad
545 4680 859 4749 excipienda
890 4679 1138 4734 examina
1185 4676 1478 4747 gratiarum
1521 4674 1914 4745 spiritualium;
1948 4672 2045 4728 sed

443 4774 491 4826 si
520 4773 589 4825 sit
621 4773 765 4825 intus
793 4771 914 4825 bilis
932 4778 987 4823 et
1013 4767 1314 4821 amaritudo
1332 4774 1386 4821 ct
1408 4766 1508 4831 ira,
1534 4765 1751 4819 evolant
1772 4765 2044 4819 examina.

445 4862 738 4930 Proiiterea
793 4862 982 4917 beatus
1032 4859 1123 4915 hic
1162 4868 1221 4915 et
1265 4859 1482 4928 sapiens
1535 4856 1769 4927 agricola
1823 4856 2044 4925 pulchre

447 4962 643 5023 purgat
671 4968 796 5008 vasa
825 4961 1030 5015 nostra,
1059 4965 1170 5005 non
1203 4950 1391 5003 falcem
1427 4959 1639 5013 tenens,
1667 4962 1843 5017 neque
1871 4946 2041 5002 ullum

446 5046 591 5099 aliud
626 5046 1044 5099 instrumentum
1091 5041 1323 5097 ferreum
1361 5057 1374 5093 :
1408 5048 1462 5094 et
1508 5053 1605 5093 nos
1635 5047 1789 5093 vocat
1820 5038 1885 5092 ad
1914 5054 2045 5093 exa-

446 5152 571 5191 men
600 5136 703 5191 huc
732 5135 1032 5205 spirituale,
1055 5148 1119 5187 ac
1147 5145 1483 5202 congregans
1514 5130 1686 5200 ipsum
1709 5140 1900 5199 purgat
1928 5145 2046 5199 pre-

443 5227 601 5283 cibus
640 5237 696 5282 et
724 5226 996 5280 laboribus
1025 5233 1079 5279 et
1112 5224 1233 5277 aliis
1278 5221 1551 5276 omnibus.
1587 5220 1718 5274 Vide
1745 5234 1872 5291 ergo
1908 5236 2040 5290 quo-

444 5319 608 5373 modo
653 5326 917 5387 expurgat
957 5327 1006 5371 et
1061 5316 1316 5370 emundat
1358 5329 1452 5369 cor
1486 5320 1728 5367 nostrum
1783 5328 1796 5365 :
1843 5312 2047 5381 expulit

445 5409 812 5475 mendacium,
848 5407 1055 5477 expulit
1090 5407 1244 5460 iram.
1277 5404 1528 5460 Ostendit
1562 5416 1745 5456 rursus
1777 5402 2046 5472 quomodo

444 5503 646 5558 malum
688 5500 949 5555 radicitus
988 5500 1143 5554 evelli
1174 5497 1341 5567 possit
1370 5513 1383 5549 :
1414 5496 1460 5550 si
1485 5504 1666 5550 mente
1694 5494 1911 5564 quidem
1940 5509 2044 5549 non

444 5598 614 5650 simus
645 5593 815 5647 amari
842 5634 856 5658 ,
896 5592 1085 5661 inquit.
1123 5589 1192 5645 Ut
1236 5591 1379 5645 enim
1410 5589 1549 5643 solet
1578 5587 1829 5642 accidere
1857 5588 1907 5641 in
1940 5588 2047 5644 bile

445 5695 652 5752 nostra,
685 5684 729 5739 si
760 5683 972 5738 modica
1007 5683 1186 5747 fuerit,
1210 5693 1388 5736 metus
1409 5680 1572 5736 etiam
1599 5695 1791 5751 parvus
1818 5679 2047 5735 efficitur

444 5787 602 5848 rupto
631 5776 1011 5846 receptaculo;
1039 5790 1160 5829 cum
1189 5785 1368 5829 autem
1400 5773 1741 5829 vehementia
1784 5772 1900 5843 ejus
1930 5789 2046 5829 cre-

442 5870 601 5941 verit,
633 5880 684 5927 et
709 5871 1009 5927 mordacior
1034 5870 1221 5926 effecta
1245 5869 1424 5939 fuerit,
1446 5884 1539 5925 vas
1558 5867 1696 5939 quod
1725 5868 1868 5923 illam
1896 5869 2044 5938 prius

2156 3660 2362 3716 ferebat
2388 3703 2403 3726 ,
2437 3659 2589 3730 quasi
2618 3676 2648 3716 a
2675 3660 2980 3718 vehementi
3011 3662 3133 3733 igne
3170 3680 3388 3721 exesum
3414 3707 3429 3733 ,
3468 3683 3572 3722 non
3605 3669 3739 3724 ultra

2151 3761 2327 3824 potest
2365 3753 2507 3806 illam
2536 3752 2813 3818 cohibere,
2840 3762 2895 3808 et
2924 3754 2977 3808 in
3021 3754 3260 3810 deﬁnitis
3291 3758 3539 3813 terminis
3565 3762 3738 3815 conti.

2151 3859 2281 3899 nere
2306 3859 2320 3909 ;
2351 3842 2446 3898 sed
2474 3842 2541 3896 ab
2571 3842 2857 3898 immodica
2883 3842 3151 3899 divulsum
3193 3848 3486 3903 acrimonia
3517 3849 3738 3907 dimittit

2150 3950 2269 3990 eam
2301 3975 2314 4000 ,
2369 3944 2424 3988 et
2467 3933 2594 3988 sinit
2641 3948 2914 4003 egressam
2957 3944 3127 3990 totum
3164 3952 3360 4008 corpus
3387 3940 3612 4009 perdere
3643 3961 3656 3995 :
3690 3955 3752 3998 et.

2150 4028 2288 4082 sicut
2314 4026 2367 4080 in
2411 4025 2596 4080 urbem
2626 4026 2909 4095 importata
2940 4027 3186 4098 qumdam
3229 4032 3523 4086 smvissima
3554 4042 3610 4088 et
3643 4035 3742 4089 im.

2152 4117 2462 4172 manissima
2488 4116 2683 4182 bellua,
2709 4117 2957 4186 quamdiu
2980 4118 3193 4187 quidem
3218 4121 3520 4177 continetur
3542 4124 3592 4178 in
3622 4139 3739 4180 car-

2150 4209 2361 4264 ceribus
2382 4249 2397 4273 ,
2437 4209 2648 4264 etiamsi
2677 4208 2933 4264 elfcretur
2964 4218 3017 4265 et
3059 4211 3384 4267 vociferetur
3407 4254 3421 4277 ,
3466 4217 3736 4275 nemiuem

2151 4300 2348 4369 poterit
2372 4300 2600 4364 liedere;
2645 4301 2859 4370 quando
2883 4308 3058 4356 autem
3087 4301 3163 4355 ira
3191 4303 3474 4360 invaluerit
3498 4348 3512 4371 ,
3542 4308 3586 4361 si
3616 4326 3739 4377 per.

2152 4391 2335 4447 fractis
2356 4407 2478 4461 qua:
2508 4392 2785 4462 interiecta
2819 4403 2972 4447 erant
2999 4396 3289 4467 repagulis,
3315 4400 3486 4468 possit
3504 4402 3739 4469 exsilire,

2153 4485 2352 4554 ingenti
2383 4484 2614 4539 tumultu
2636 4493 2690 4540 et
2714 4486 3124 4543 conturbatione
3154 4489 3322 4560 replet
3348 4490 3615 4548 civitatem
3643 4535 3657 4560 ,
3686 4506 3743 4551 et

2152 4591 2343 4632 omnes
2370 4577 2535 4647 abigit
2568 4594 2581 4630 :
2617 4577 2687 4632 ila
2709 4579 2868 4632 etiam
2893 4578 2943 4632 in
2969 4579 3081 4641 bili,
3106 4581 3341 4650 quandiu
3362 4584 3577 4651 quidem
3605 4601 3737 4642 con-

2154 4669 2355 4727 tinetur
2380 4670 2492 4724 suis
2519 4668 2729 4733 ﬁnibus,
2754 4670 2958 4724 nullum
2986 4671 3142 4726 nobis
3162 4687 3414 4743 magnum
3445 4675 3602 4731 infert
3623 4693 3739 4732 ma-

2152 4763 2298 4828 lum;
2330 4772 2675 4833 posteaquam
2704 4772 2886 4818 autem
2915 4803 2930 4828 ,
2962 4774 3117 4833 rupta
3139 4780 3257 4833 qua:
3287 4780 3403 4819 eam
3433 4768 3744 4823 continebat

2154 4854 2460 4911 membrana
2488 4895 2502 4921 ,
2536 4852 2667 4908 nihil
2701 4862 2843 4910 vetat
2880 4856 3167 4923 quominus
3211 4854 3277 4909 de
3306 4864 3501 4910 caetero
3530 4856 3585 4911 in
3615 4860 3739 4929 upi-

2151 4964 2362 5004 versam
2411 4948 2739 5003 diffundatur
2783 4959 3028 5001 naturam
3056 4987 3068 5011 ,
3100 4957 3262 5011 tunc,
3309 4948 3518 5002 etiamsi
3560 4950 3627 5005 sit
3659 4967 3745 5008 res

2154 5040 2442 5094 admodum
2469 5053 2628 5107 parva
2654 5038 2705 5091 in
2731 5037 3049 5107 quantitate,
3082 5046 3296 5107 propter
3327 5052 3737 5109 exsuperantem

2156 5132 2207 5185 in
2230 5130 2484 5201 qualitate
2507 5129 2635 5193 vim,
2659 5127 2836 5182 omnia
2854 5127 2955 5181 alia
2980 5126 3245 5182 elementa
3270 5140 3373 5185 suo
3396 5127 3563 5183 inﬁcit
3590 5130 3741 5187 vitio.
3832 5150 3835 5159 ·

2154 5222 2285 5276 Nam
2308 5230 2362 5276 et
2389 5220 2603 5274 invento
2632 5217 2891 5287 sanguine
2912 5259 2926 5283 ,
2953 5218 3043 5288 qui
3071 5226 3156 5272 est
3185 5219 3512 5287 propinquus
3540 5229 3593 5275 ct
3625 5221 3745 5278 loto

2156 5325 2210 5367 et
2236 5312 2510 5383 qualitate,
2532 5308 2768 5364 calorem
2791 5310 2878 5378 qui
2907 5318 2990 5363 est
3017 5309 3069 5363 in
3086 5308 3176 5362 illo
3197 5309 3458 5363 acriorem
3479 5310 3745 5382 efﬁciens,

2157 5401 2478 5472 etquidquid
2503 5409 2585 5455 est
2613 5401 2991 5470 pmpinquum,
3015 5401 3083 5452 ab
3107 5414 3167 5452 ea
3190 5414 3307 5468 quae
3334 5405 3416 5454 est
3443 5400 3495 5454 in
3518 5399 3743 5457 humore
3766 5433 3771 5452 ε

2158 5494 2468 5565 symmetria
2511 5500 2567 5547 et
2597 5490 2970 5546 moderatione
3013 5489 3271 5543 terminos
3300 5491 3606 5550 transiliens
3640 5535 3654 5561 ,
3694 5504 3749 5548 et

2157 5585 2317 5639 bilem
2347 5583 2603 5645 reddens,
2652 5580 2736 5635 his
2781 5580 2912 5635 freta
2943 5581 3155 5635 auxiliis
3178 5622 3193 5646 ,
3227 5580 3479 5652 deinceps
3500 5588 3665 5643 etiam
3694 5589 3750 5645 in

2155 5679 2257 5733 alia
2310 5676 2548 5732 membra
2596 5674 2793 5729 bellum
2825 5673 2962 5744 gerit
2995 5689 3008 5727 :
3042 5684 3093 5729 et
3124 5673 3318 5730 deinde
3352 5691 3473 5731 eum
3500 5681 3751 5735 omnibus

2156 5785 2309 5826 suam
2350 5766 2598 5822 indiderit
2627 5765 3067 5831 amaritudinem,
3104 5776 3309 5822 mutum
3357 5768 3521 5824 efllrit
3571 5769 3745 5825 homi-

2156 5880 2300 5932 nem,
2333 5871 2387 5920 ct
2415 5862 2648 5917 animam
2665 5859 2965 5931 expellens,
2993 5860 3269 5931 exSpirare
3298 5862 3457 5932 cogit.
3490 5859 3596 5917 Cur
3627 5860 3740 5917 haec
