4092 6500
469 370 570 426 107

465 501 496 540 a
545 483 699 541 nobis
744 484 921 539 omnia
952 482 1088 538 adeo
1126 491 1312 537 exacte
1341 490 1395 535 et
1437 488 1686 534 accurate
1715 479 1852 533 dicta
1879 480 2044 533 sunt?

466 577 537 634 Ut
565 590 688 632 cum
717 589 781 631 cx
812 575 993 630 sensili
1025 571 1380 628 amaritudine
1423 570 1754 627 senserimus
1799 570 2050 625 intolera-

465 667 572 724 bile
604 668 788 722 vitium
829 664 1234 731 amaritudinis,
1267 678 1387 734 quae
1426 662 1569 717 cadit
1601 662 1702 716 sub
1754 661 2051 730 intelligen.

462 763 613 828 tiam,
639 769 694 816 ct
735 758 876 830 quod
923 767 1014 813 toti
1054 773 1174 827 quae
1225 771 1344 812 eam
1389 758 1527 826 parit
1576 755 1769 810 anima:
1821 755 2048 824 primum

461 851 618 907 all'ert
646 851 942 916 interitum,
975 850 1155 904 omnia
1193 863 1406 904 sursum
1455 857 1510 904 et
1546 848 1796 904 deorsum
1829 863 2046 918 perver-

461 952 599 1005 tens,
643 942 872 996 vitemus
898 940 1016 1011 ejus
1041 941 1450 1012 experientiam.
1479 939 1610 994 Nam
1639 950 1697 994 ut
1728 941 1838 1010 ipsa
1878 949 2043 994 totum

457 1036 806 1101 elementum,
841 1034 911 1088 ita
942 1035 1029 1088 illa
1056 1034 1291 1088 incensis
1331 1032 1765 1101 cogitationibus,
1796 1046 1918 1087 eum
1949 1032 2040 1102 qui

454 1136 642 1196 captus
663 1127 823 1182 fuerit
851 1126 1065 1182 abducit
1095 1128 1147 1180 in
1177 1126 1438 1196 gehennae
1466 1124 1798 1178 barathrum.
1830 1122 1898 1178 Ut
1925 1123 2040 1178 hazc

451 1234 583 1290 ergo
607 1227 796 1275 exacte
835 1229 1238 1290 perscrutantes
1262 1259 1277 1285 ,
1311 1218 1415 1273 hoc
1444 1218 1640 1272 malum
1670 1216 1952 1286 fugiamus,
1986 1224 2040 1270 et

450 1311 684 1366 belluam
728 1310 998 1366 frenemus
1021 1351 1036 1376 ,
1068 1311 1154 1366 vel
1194 1315 1371 1382 potius
1417 1310 1674 1364 radicitus
1703 1310 1993 1364 evellamus
2015 1347 2032 1376 ,

451 1419 733 1473 parcamus
761 1399 926 1458 Paulo
956 1405 1044 1475 qui
1088 1403 1257 1471 dicit,
1310 1403 1487 1457 Omnis
1530 1403 1851 1466 amaritudo,
1894 1417 2032 1465 non,

450 1497 803 1567 Expurgetur,
836 1495 949 1560 sed,
977 1496 1187 1550 tollatur
1217 1512 1248 1548 a
1279 1495 1437 1549 vobis.
1469 1494 1606 1562 Quid
1631 1494 1774 1549 enim
1802 1507 1934 1562 opus
1954 1502 2037 1547 est

450 1596 505 1642 ut
532 1603 609 1642 cae
639 1602 724 1642 res
752 1588 882 1642 mihi
914 1587 1183 1657 negotium
1214 1585 1539 1652 exhibeant,
1569 1593 1623 1639 et
1661 1597 1753 1638 eas
1781 1593 1989 1637 teneam
2010 1585 2034 1634 ι

445 1680 572 1751 quid
603 1693 738 1748 Opus
767 1687 850 1734 est
895 1688 951 1734 ut
976 1677 1272 1734 custodiam
1303 1677 1532 1733 belluam
1561 1718 1575 1744 ,
1609 1691 1729 1732 cum
1775 1677 1937 1730 liceat
1965 1675 2034 1729 ab

443 1775 622 1828 anima
649 1773 935 1828 amandare
959 1811 974 1840 ,
1007 1781 1062 1827 et
1092 1771 1272 1840 procul
1318 1770 1601 1825 abductam
1631 1769 1889 1838 abigere?
1923 1768 2028 1822 Pa-

443 1882 656 1922 reamus
684 1879 815 1937 ergo
843 1866 1008 1921 Paulo
1034 1863 1122 1934 qui
1156 1864 1322 1918 dicit:
1357 1861 1536 1916 Omnis
1562 1861 1850 1915 amaritudo
1878 1861 2025 1914 tolla-

441 1970 525 2014 tur
547 1975 580 2014 a
607 1958 763 2013 vobis.
796 1957 899 2013 Sed
930 1955 1063 2028 proh
1087 1955 1244 2010 dolor
1264 1995 1279 2020 ,
1311 1969 1429 2024 qum
1459 1968 1558 2007 nos
1588 1961 1732 2008 tenet
1758 1952 2024 2022 perversi-

439 2052 559 2107 tas!
589 2064 710 2106 cum
755 2056 1030 2120 Oporteret
1068 2056 1288 2118 propter
1317 2046 1420 2100 hoc
1445 2046 1623 2099 omnia
1652 2044 1827 2099 facere
1852 2083 1867 2110 ,
1901 2053 2025 2099 Sunt

435 2145 650 2216 quidam
681 2143 816 2200 adeo
842 2142 1141 2209 dementes,
1175 2149 1233 2196 ut
1263 2155 1321 2196 se
1349 2153 1564 2210 quoque
1592 2139 1693 2193 hac
1721 2138 1775 2192 in
1806 2154 1866 2193 re
1898 2139 2023 2192 bea-

435 2244 520 2289 tos
547 2244 821 2299 censeant,
851 2243 906 2288 et
934 2234 987 2289 in
1019 2232 1159 2287 malo
1185 2232 1512 2303 voluptatem
1535 2230 1798 2299 accipiant
1818 2236 1873 2282 ct
1906 2229 2018 2298 glo-

434 2326 661 2390 rientur,
689 2332 744 2380 et
767 2324 856 2379 alii
887 2338 981 2380 eos
1010 2323 1352 2380 :nmulentur.
1385 2321 1499 2389 ille,
1530 2321 1720 2390 inquit,
1750 2327 1833 2375 est
1859 2321 2018 2374 homo

432 2416 658 2472 acerbus
684 2427 739 2472 et
762 2432 920 2486 asper
943 2457 957 2482 ,
984 2424 1067 2471 est
1095 2415 1339 2484 scorpius
1359 2456 1374 2479 ,
1407 2423 1490 2469 est
1534 2427 1756 2482 serpens
1781 2453 1796 2478 ,
1829 2419 1911 2466 est
1939 2412 2015 2465 vi-

431 2523 556 2577 pera
584 2524 598 2573 ;
632 2507 923 2562 terribilem
951 2521 1072 2561 cum
1101 2505 1426 2562 existimant.
1451 2504 1587 2572 Quid
1612 2517 1740 2574 ergo
1765 2502 2013 2557 acerbum

431 2601 578 2656 illum
625 2607 680 2654 et
707 2615 958 2670 asperum
987 2599 1144 2655 times
1166 2641 1180 2664 ,
1204 2613 1237 2654 o
1263 2598 1466 2653 homo?
1496 2593 1572 2652 Ne
1599 2611 1684 2652 me
1716 2595 1893 2661 lmdat,
1928 2595 2014 2649 in-

428 2695 576 2764 quit,
607 2707 674 2748 ne
713 2708 800 2749 me
841 2691 1028 2762 perdat
1062 2712 1074 2746 :
1113 2707 1232 2748 sum
1262 2692 1406 2746 illius
1447 2690 1663 2746 malitia:
1691 2688 1962 2759 imperitus
1993 2704 2008 2743 ε

429 2786 591 2841 timeo
621 2800 688 2840 ne
727 2785 773 2840 si
804 2801 890 2840 me
926 2785 1196 2840 hominem
1225 2784 1532 2855 acceperint
1585 2782 1883 2853 simplicem
1911 2823 1924 2848 ,
1957 2790 2011 2836 et

425 2893 544 2948 qua:
571 2885 699 2933 sunt
722 2877 839 2947 ejus
861 2876 989 2931 nihil
1017 2876 1424 2948 praevidcntem,
1464 2876 1518 2930 in
1545 2890 1672 2930 suos
1699 2873 1902 2944 injiciat
1928 2874 2008 2927 la-

423 2983 614 3039 queos,
645 2977 700 3023 et
728 2969 842 3024 suis
872 2967 1128 3038 impediat
1149 2968 1372 3033 retibus,
1396 2965 1574 3022 abillo
1598 2967 1796 3037 paratis
1816 2964 1880 3020 ad
1911 2979 2008 3018 nos

421 3060 792 3132 decipiendos.
826 3059 978 3116 Nunc
1025 3061 1195 3117 rideo.
1240 3060 1349 3116 Cur
1378 3059 1556 3115 rides?
1599 3060 1858 3132 Quoniam
1891 3058 2008 3113 haec

419 3163 547 3210 sunt
576 3153 734 3208 verba
766 3168 1052 3224 puerorum
1100 3153 1399 3208 timentium
1427 3195 1442 3218 ,
1487 3167 1606 3222 qua:
1651 3167 1758 3208 non
1791 3160 1912 3206 sunt
1943 3152 2007 3206 ti-

420 3243 632 3300 menda.
659 3245 832 3316 Atque
850 3246 1120 3299 neminem
1141 3242 1354 3314 quidem
1379 3242 1448 3297 ita
1467 3250 1676 3312 oportet
1699 3239 2000 3312 despicere,

419 3336 686 3391 neminem
706 3335 778 3390 ita
802 3335 1026 3389 irridere
1049 3342 1105 3388 ut
1130 3333 1402 3388 hominem
1422 3333 1672 3388 acerbum
1699 3344 1752 3388 et
1778 3332 1999 3388 malum.

415 3424 557 3480 Nihil
587 3432 671 3480 est
719 3423 861 3480 enim
911 3439 1064 3494 aeque
1107 3421 1430 3477 imbecillum
1472 3430 1631 3493 atque
1668 3421 1932 3478 acerbitas
1984 3443 1996 3479 :

413 3517 608 3572 stultos
630 3516 715 3572 illa
750 3515 879 3570 facit
903 3525 957 3571 et
983 3523 1249 3570 amentes.

482 3608 520 3662 2
568 3608 684 3664 Non
715 3607 910 3663 videtis
951 3606 1094 3678 quod
1121 3621 1209 3662 res
1244 3621 1386 3663 amca
1417 3607 1488 3662 sit
1516 3609 1738 3664 vitium?
1768 3626 1874 3665 non
1905 3627 1999 3665 au-

409 3701 621 3758 divistis
639 3701 783 3771 quod
807 3701 898 3772 qui
922 3701 1100 3756 vicino
1121 3699 1254 3755 fodit
1283 3699 1514 3769 foveam,
1542 3701 1642 3758 sibi
1663 3703 1834 3758 fodit?
1859 3704 1994 3770 Quid

407 3793 586 3864 ergo?
629 3807 738 3847 non
781 3801 864 3847 est
915 3792 1183 3848 timendus
1225 3793 1434 3849 animus
1480 3794 1668 3863 plenus
1714 3796 1996 3864 perturba-

408 3887 601 3942 tione?
637 3885 694 3940 Si
741 3883 957 3955 quidem
1007 3894 1273 3956 tamquam
1333 3885 1607 3942 daemones
1652 3895 1704 3941 et
1745 3885 1992 3950 furiosos,

407 3987 624 4049 oportet
659 3977 822 4033 etiam
871 3977 1096 4032 acerbos
1133 3978 1322 4034 timere
1347 4018 1362 4043 ,
1395 3987 1445 4033 et
1487 3987 1756 4046 tamquam
1805 3975 1995 4031 stultos

407 4069 507 4132 (illi
537 4070 678 4124 enim
727 4077 930 4124 temere
959 4076 1014 4123 et
1057 4067 1455 4123 inconsiderate
1488 4067 1668 4122 omnia
1711 4065 1948 4135 faciunt)
1972 4107 1988 4133 ,

407 4176 508 4233 ego
536 4175 749 4231 quoque
780 4159 830 4214 id
858 4159 978 4215 dico
1005 4177 1020 4215 :
1044 4159 1089 4214 si
1113 4169 1290 4215 autem
1313 4167 1372 4213 ut
1397 4158 1488 4228 qui
1511 4165 1659 4214 recte
1689 4159 1991 4229 intelligant

405 4253 677 4322 quomodo
723 4253 835 4308 sint
877 4266 965 4307 res
1004 4251 1288 4322 gerendae,
1337 4249 1391 4304 in
1425 4249 1528 4305 hoc
1563 4265 1668 4304 non
1695 4252 1981 4307 assentior.

405 4343 540 4400 Nam
575 4343 640 4398 ad
669 4358 756 4398 res
783 4341 1237 4397 administrandas
1261 4349 1315 4396 et
1335 4339 1726 4410 dispensandae
1746 4341 1881 4397 nihil
1908 4351 1990 4398 est

405 4450 557 4506 teque
610 4443 790 4505 aptum
837 4441 997 4502 atque
1039 4431 1362 4502 prudentia;
1416 4431 1752 4502 prudentiam
1803 4443 1982 4489 autem

407 4526 542 4582 nihil
573 4539 724 4595 teque
762 4522 1004 4594 impedit,
1035 4529 1197 4590 atque
1226 4520 1457 4590 pravitas
1483 4530 1539 4576 et
1575 4522 1784 4589 vitium,
1818 4522 1990 4578 fraus-

400 4633 506 4688 quc
549 4623 604 4672 et
643 4614 867 4671 insidiae.
920 4612 1037 4668 Non
1080 4611 1277 4667 videtis
1317 4612 1507 4668 biliosa
1551 4627 1779 4682 corpora
1827 4628 1985 4682 quam

399 4711 510 4766 sint
555 4707 862 4779 injucunda,
909 4720 1030 4760 eum
1069 4704 1244 4759 omnis
1295 4703 1392 4759 llos
1436 4705 1490 4758 in
1517 4704 1596 4760 eis
1626 4705 1986 4760 emarcuerit?

401 4816 560 4873 quam
602 4801 708 4855 sint
737 4796 1003 4853 imbecilla
1035 4805 1088 4852 et
1116 4795 1342 4867 graeilia
1371 4803 1426 4850 et
1455 4796 1634 4864 inepta
1661 4794 1730 4850 ad
1759 4795 1983 4850 omnia?

395 4893 557 4949 Tales
583 4891 746 4946 etiam
787 4895 915 4943 sunt
959 4886 1266 4958 hujusmodi
1308 4887 1523 4942 animae.
1552 4885 1670 4942 Non
1721 4896 1805 4943 est
1840 4888 1981 4944 enim

397 4984 592 5038 animas
615 4981 754 5037 alius
780 4980 999 5034 morbus
1024 4980 1203 5048 regius
1237 4994 1396 5049 quam
1422 4979 1608 5034 vitium
1649 4989 1703 5036 et
1727 4983 1978 5051 pravitas.

399 5073 515 5129 Non
547 5086 676 5142 ergo
703 5111 716 5135 ,
751 5083 859 5124 non
888 5077 972 5122 est
1015 5083 1104 5123 res
1132 5069 1283 5122 fortis
1329 5084 1394 5124 ac
1435 5070 1608 5125 valida
1648 5072 1979 5141 improbitas.

404 5165 575 5220 Vultis
606 5175 792 5217 rursus
835 5160 995 5216 etiam
1027 5169 1088 5213 ut
1124 5161 1371 5228 exemplo
1416 5163 1750 5232 perspicuum
1792 5164 1981 5222 faciam

401 5258 454 5314 id
501 5255 644 5328 quod
687 5253 846 5318 dico,
877 5251 1122 5306 adductis
1170 5253 1324 5308 vobis
1361 5254 1680 5325 imaginibus
1735 5258 1980 5315 scelerati

399 5347 632 5406 hoininis
661 5354 716 5401 et
741 5344 974 5399 hominis
1019 5343 1278 5413 simplicis
1307 5355 1362 5399 et
1392 5359 1497 5400 non
1531 5348 1686 5402 licti?
1725 5350 1975 5405 Scelera-

399 5451 488 5498 tus
522 5445 577 5494 ct
601 5435 749 5492 vafer
771 5443 886 5490 erat
909 5433 1165 5503 Absalon,
1186 5443 1240 5490 et
1259 5451 1446 5492 omnes
1471 5437 1535 5491 ad
1562 5454 1685 5495 suas
1711 5439 1979 5498 alliciebat

397 5539 580 5605 partes
612 5547 626 5584 :
656 5527 777 5583 vide
804 5541 931 5596 ergo
971 5535 1168 5597 quanta
1198 5527 1314 5598 ejus
1336 5539 1480 5584 esset
1503 5533 1698 5586 astutia
1729 5541 1784 5586 et
1815 5534 1973 5587 mali.

395 5622 592 5694 gn'rtas.
650 5616 1003 5686 Circumiens,
1042 5619 1248 5690 inquit,
1292 5619 1546 5675 dicebat:
1580 5620 1715 5675 Num
1743 5633 1827 5677 est
1874 5623 1967 5677 tibi

397 5711 700 5782 judicium?
766 5711 952 5766 volens
1009 5725 1440 5783 unumquemque
1506 5711 1608 5767 sibi
1679 5713 1970 5767 conciliare

397 5802 491 5862 (Ω.
524 5801 651 5873 Reg.
685 5801 772 5861 iii.
805 5803 879 5874 ὅ).
912 5804 1074 5862 David
1123 5815 1299 5860 autem
1340 5812 1454 5862 erat
1488 5805 1714 5875 simplex
1761 5814 1814 5861 et
1861 5821 1966 5861 non

1235 365 1292 421 S.
1331 363 1606 421 JOANNiS
1632 361 2102 418 CIIRYSOSTOMI
2146 366 2462 427 AllClllEP.
2502 373 3030 438 CONST.\.\'TINOP.

3643 395 3742 452 103

2164 481 2336 578 fictus.
2366 485 2502 554 Quid
2531 506 2659 562 ergo
2677 494 2699 546 ?
2720 495 2846 552 Vide
2867 499 3144 556 amborum
3171 501 3330 559 linem
3351 546 3365 571 ,
3399 505 3518 561 vide
3544 524 3742 578 quanta

2157 573 2247 628 ille
2274 577 2464 644 plenus
2493 579 2591 636 fuit
2617 587 2869 641 amentia.
2902 588 3035 644 Nam
3064 595 3316 662 quoniam
3347 612 3451 650 non
3480 573 3588 654 alio
3616 616 3742 669 spe-

2155 665 2332 721 ctabat
2359 683 2520 738 quam
2548 684 2602 726 ut
2644 687 2862 732 noceret
2906 684 3064 748 patri,
3098 683 3149 736 in
3193 685 3314 740 aliis
3343 687 3594 743 omnibus
3625 665 3737 744 erat

2152 767 2470 851 excaecatus.
2493 760 2597 816 Sed
2620 779 2726 819 non
2755 766 2918 823 David
2952 789 2963 822 :
3000 771 3097 836 Qui
3117 775 3260 828 enim
3289 777 3513 832 ambulat
3536 782 3741 851 simpli-

2151 846 2304 913 citer,
2337 852 2561 907 ambulat
2586 857 2898 923 conﬁdenter
2926 861 2945 932 (
2969 861 3121 917 Prov.
3154 865 3242 921 10.
3271 865 3382 937 9);
3414 868 3464 922 id
3495 880 3579 925 est
3600 911 3614 936 ,
3635 846 3731 942 qui

2150 941 2360 1000 curiose
2381 946 2511 1002 nihil
2539 952 2748 1020 quterit,
2773 955 2861 1022 qui
2891 957 3091 1010 nullum
3120 959 3318 1014 malum
3353 963 3590 1019 molitur.
3627 941 3728 1019 Pa-

2149 1048 2361 1090 reamus
2383 1052 2511 1108 ergo
2539 1040 2695 1098 beato
2722 1044 2888 1100 Paulo
2905 1057 2956 1100 et
2979 1050 3332 1107 misereamur
3349 1069 3411 1108 ac
3436 1053 3727 1113 deﬂeamus

2147 1123 2392 1182 homines
2423 1132 2646 1188 acerbos
2669 1175 2684 1202 ,
2713 1143 2769 1190 et
2798 1139 2977 1192 omnia
3007 1154 3227 1210 agamus
3250 1153 3304 1197 et
3331 1143 3590 1201 faciamus
3619 1189 3634 1214 ,
3664 1159 3722 1204 ut

2144 1232 2211 1272 ex
2250 1235 2434 1276 eorum
2471 1227 2665 1283 animis
2707 1230 3084 1288 exhauriamns
3128 1236 3542 1306 improbitatem.
3591 1241 3725 1296 Nam

2142 1312 2412 1376 quomodo
2441 1329 2547 1370 non
2574 1328 2659 1372 est
2683 1320 2996 1387 absurdum,
3027 1340 3146 1379 cum
3178 1326 3229 1380 in
3266 1328 3420 1382 nobis
3451 1332 3573 1386 insit
3604 1333 3724 1388 bilis

2143 1398 2262 1470 (etsi
2290 1403 2418 1459 utile
2457 1406 2527 1460 sit
2553 1409 2877 1466 elementum
2919 1433 2931 1468 :
2958 1430 3078 1469 nam
3109 1417 3311 1489 absque
3337 1420 3442 1475 bile
3475 1424 3584 1485 lieni
3617 1440 3722 1480 non

2142 1499 2316 1560 potest
2344 1505 2398 1548 ut
2433 1497 2500 1552 sit
2531 1499 2692 1556 homo
2713 1543 2727 1568 ,
2752 1503 2818 1559 de
2848 1503 2947 1560 hac
2978 1506 3166 1577 loquor
3194 1510 3301 1565 bile
3325 1513 3636 1569 elementari
3661 1517 3676 1584 )
3704 1533 3718 1570 :

2137 1585 2430 1654 quomodo,
2465 1589 2679 1661 inquam
2715 1635 2730 1662 ,
2765 1611 2869 1649 non
2897 1606 2979 1652 est
3021 1599 3308 1656 absurdum
3339 1603 3476 1658 hanc
3505 1605 3718 1674 quidem

2135 1689 2396 1733 evacuare
2423 1695 2518 1748 pro
2548 1683 2770 1751 viribus,
2806 1688 3017 1743 etiamsi
3052 1691 3342 1759 plurimum
3375 1695 3442 1748 ab
3469 1711 3530 1750 ea
3558 1697 3716 1766 juve-

2135 1779 2290 1832 mur;
2325 1782 2440 1823 eam
2471 1782 2650 1828 autem
2683 1790 2803 1844 quae
2828 1785 2911 1831 est
2937 1779 2988 1832 in
3016 1781 3192 1834 anima
3221 1783 3371 1837 nihili
3405 1785 3597 1848 facere,
3625 1805 3720 1844 ne~

2130 1869 2236 1925 que
2263 1858 2498 1914 studium
2527 1876 2728 1931 ponere
2757 1875 2815 1920 ut
2844 1881 3165 1926 evacnemus
3190 1913 3205 1938 ,
3234 1888 3354 1928 eum
3397 1878 3615 1933 minime
3644 1881 3714 1937 sit

2129 1947 2296 2012 utilis,
2329 1948 2422 2004 sed
2460 1957 2620 2006 etiam
2671 1958 2902 2011 maxime
2949 1959 3153 2016 lmdat?
3200 1965 3300 2031 Qui
3345 1972 3470 2034 uult,
3519 1971 3709 2039 inquit,

2128 2039 2260 2090 inter
2287 2053 2375 2094 vos
2395 2057 2500 2095 esse
2524 2046 2746 2114 sapiens,
2771 2051 2955 2104 stultus
2981 2052 3070 2119 ﬁat
3093 2063 3144 2106 ut
3165 2055 3230 2107 sit
3251 2059 3454 2126 sapiens
3481 2061 3528 2127 (Ι
3545 2099 3557 2112 .
3585 2060 3706 2117 Cor.

2127 2128 2180 2183 3.
2207 2131 2316 2202 18).
2345 2135 2480 2189 Audi
2512 2152 2696 2192 rursus
2723 2138 2919 2195 Lucam
2949 2159 3158 2215 quoque
3181 2147 3444 2204 dicentem
3483 2171 3496 2206 ε
3527 2152 3714 2209 Sume-

2125 2218 2248 2274 bant
2283 2223 2447 2277 cibum
2474 2242 2586 2278 cum
2620 2230 2951 2285 exsultatione
2976 2243 3022 2287 et
3049 2237 3371 2306 simplicitate
3392 2242 3582 2309 cordis,
3605 2245 3710 2298 col-

2124 2314 2387 2370 laudante:
2415 2315 2581 2372 Deum
2607 2361 2620 2386 ,
2654 2330 2700 2373 et
2731 2321 2978 2377 habebant
3023 2327 3242 2396 gratiam
3269 2330 3337 2382 ad
3363 2347 3561 2386 omnem
3593 2335 3705 2405 ple-

2121 2402 2230 2458 bem
2262 2403 2412 2475 (Act.
2441 2406 2493 2460 2.
2525 2409 2613 2462 46.
2648 2411 2714 2464 47
2738 2408 2780 2484 ).
2814 2413 3007 2468 Annon
3039 2415 3282 2473 videmus
3307 2435 3449 2476 nunc
3493 2402 3706 2494 quoque

2120 2495 2390 2566 simplices
2415 2508 2601 2554 etnon
2640 2501 2793 2556 fictos
2827 2519 3166 2563 communem
3200 2508 3460 2567 honorem
3488 2519 3702 2586 assequi

2119 2588 2185 2644 ab
2229 2591 2518 2646 omnibus?
2544 2592 2712 2649 Nemo
2750 2595 2798 2650 ei
2827 2597 2918 2667 qui
2949 2606 3031 2653 est
3076 2599 3340 2670 ejusmodi
3375 2605 3573 2662 invidet
3604 2649 3619 2673 ,
3654 2611 3698 2664 si

2118 2693 2205 2735 res
2233 2695 2356 2737 suas
2384 2692 2529 2740 recte
2564 2695 2715 2755 gerat
2740 2702 2754 2752 ;
2783 2702 2942 2744 nemo
2969 2689 3016 2744 ei
3049 2690 3302 2759 insultat,
3333 2694 3377 2748 si
3409 2697 3512 2751 sint
3539 2699 3586 2753 ei
3616 2714 3703 2754 res

2117 2774 2392 2842 adversm;
2425 2775 2518 2832 sed
2545 2778 2664 2834 licet
2693 2779 2803 2834 sint
2829 2780 2877 2835 ei
2905 2795 2992 2837 res
3041 2785 3312 2850 secundae,
3342 2789 3697 2858 gratulantur,

2113 2865 2230 2918 etsi
2260 2866 2438 2935 lapsus
2465 2867 2555 2933 sit,
2587 2869 2927 2925 miserentur.
2949 2871 3042 2927 Sin
3071 2883 3247 2930 autem
3268 2876 3469 2932 homini
3497 2881 3694 2937 acerbo

2113 2958 2471 3012 successerint
2507 2959 2828 3031 quandoque
2856 2978 2944 3018 res
2989 2967 3240 3022 secundae
3261 3009 3277 3034 ,
3311 2971 3531 3039 perinde
3561 2988 3623 3028 ac
3652 2975 3698 3030 si

2113 3047 2328 3117 aliquod
2359 3051 2560 3104 malum
2591 3054 2917 3123 contigerit,
2961 3072 3150 3114 omnes
3181 3061 3534 3132 ingemiscunt
3568 3084 3582 3121 :
3613 3070 3694 3122 sin

2109 3149 2286 3193 autem
2305 3141 2352 3196 ei
2382 3142 2577 3198 fuerint
2601 3160 2685 3200 res
2701 3146 2960 3214 adversae,
2990 3165 3178 3208 omnes
3198 3153 3463 3210 laetantur.
3495 3159 3693 3214 Eorum

2107 3244 2240 3300 ergo
2271 3233 2626 3291 misereamur
2661 3254 2674 3302 ;
2707 3238 2905 3296 habent
2935 3243 3076 3296 enim
3108 3245 3352 3302 inimicos
3381 3264 3694 3310 communes

2109 3325 2342 3397 undique
2388 3329 2800 3390 circumeuntes.
2853 3334 3017 3392 Jacob
3060 3349 3174 3393 erat
3220 3357 3323 3395 non
3369 3343 3563 3410 fictus;
3597 3347 3692 3401 sed

2107 3415 2311 3471 vafrum
2337 3429 2391 3474 et
2430 3421 2718 3492 malignum
2751 3425 2877 3479 vicit
2908 3426 3051 3481 Esau
3083 3445 3096 3481 :
3133 3429 3270 3483 Nam
3310 3433 3361 3486 in
3404 3450 3610 3503 pravam
3643 3446 3692 3489 et

2105 3509 2380 3578 malignam
2409 3511 2632 3566 animant
2668 3530 2769 3567 non
2806 3515 3015 3570 intrabit
3047 3519 3295 3588 sapientia
3320 3523 3477 3591 (Sap.
3513 3525 3562 3578 Ι.
3608 3526 3686 3594 4).

2108 3598 2284 3653 Omnis
2307 3602 2597 3656 amaritudo
2617 3605 2825 3658 tollatur
2844 3623 2874 3659 a
2901 3609 3039 3662 vobis
3065 3625 3084 3663 :
3109 3626 3176 3664 ne
3199 3624 3445 3668 maneant
3473 3615 3686 3684 quidem

2105 3689 2364 3758 reliquias.
2410 3690 2541 3747 Nam
2578 3694 2738 3749 etiam
2767 3695 2868 3752 hoc
2911 3699 2953 3752 si
2987 3711 3190 3755 motum
3219 3702 3416 3770 fuerit,
3447 3705 3586 3761 Solet
3631 3719 3686 3764 ut

2102 3780 2170 3832 ab
2215 3781 2390 3849 aliqua
2445 3784 2678 3838 scintilla
2722 3786 2994 3856 integrum
3023 3791 3166 3847 intus
3195 3795 3431 3852 excitare
3472 3813 3682 3868 rogum.

2100 3871 2237 3939 Quid
2291 3873 2360 3926 sit
2407 3889 2535 3945 ergo
2573 3879 2892 3945 amaritudo,
2949 3895 3198 3940 accurate
3252 3889 3677 3946 consideremus.

2101 3961 2343 4032 Exempli
2372 3979 2534 4020 causa
2567 3969 2637 4021 sit
2665 3967 2824 4024 homo
2873 3971 3242 4032 fraudulentus
3270 3987 3324 4032 et
3351 3979 3640 4036 insidiosus
3665 4025 3676 4046 ,

2099 4054 2320 4111 dolosus
2349 4067 2401 4110 ct
2432 4057 2498 4112 ad
2526 4060 2665 4114 male
2695 4061 2998 4119 faciendum
3032 4077 3269 4136 paratus,
3314 4073 3677 4141 suspiciosus:

2099 4147 2166 4199 ah
2197 4163 2262 4201 eo
2293 4163 2506 4219 semper
2534 4153 2772 4208 nascitur
2801 4154 2878 4209 ira
2918 4164 2975 4211 ct
3021 4157 3333 4229 indignatio.
3368 4161 3506 4217 Fieri
3536 4165 3678 4218 enim

2097 4255 2202 4293 non
2236 4250 2409 4309 potest
2431 4250 2488 4297 ut
2519 4245 2837 4314 tranquillus
2863 4247 2933 4301 sit
2962 4247 3227 4317 ejusmodi
3254 4252 3466 4307 aninms
3495 4271 3508 4307 :
3554 4271 3676 4310 nam

2096 4331 2190 4386 iras
2217 4341 2271 4386 et
2295 4332 2676 4405 indignationis
2715 4336 2865 4392 radix
2891 4349 2971 4396 est
2997 4341 3262 4397 acerbitas
3300 4352 3353 4398 et
3377 4345 3678 4400 amarulen—

2097 4429 2189 4480 tia.
2232 4425 2333 4492 Qui
2374 4436 2458 4482 est
2483 4428 2769 4497 ejusmodi,
2818 4440 2869 4487 et
2912 4431 2979 4486 ad
3018 4449 3232 4504 gravem
3278 4436 3408 4490 iram
3440 4454 3677 4508 propen—

2093 4529 2203 4580 sus,
2251 4531 2538 4588 numquam
2583 4521 2807 4575 remittit
2850 4523 3085 4577 animum
3111 4564 3128 4589 ,
3160 4534 3219 4578 ut
3248 4528 3335 4594 qui
3367 4527 3436 4581 sit
3465 4543 3678 4598 semper

2093 4607 2502 4677 cogitabundus,
2557 4625 2771 4680 semper
2813 4613 3001 4668 tristis.
3063 4614 3192 4668 Nam
3255 4617 3377 4687 ipsi,
3435 4629 3491 4672 ut
3537 4618 3670 4685 dixi,

2095 4699 2249 4768 primi
2273 4715 2366 4754 sua
2396 4701 2533 4754 mala
2561 4704 2814 4758 sentiunt.
2847 4703 2914 4758 Et
2937 4705 3148 4772 clamor,
3179 4709 3368 4778 inquit.
3400 4709 3675 4765 Curnam?

2093 4790 2234 4844 tollis
2259 4792 2417 4845 etiam
2449 4793 2777 4849 clamorem?
2806 4795 2936 4850 Nam
2966 4812 3086 4852 eum
3111 4800 3197 4868 qui
3230 4811 3310 4854 est
3342 4802 3483 4856 mitis
3511 4818 3674 4872 opor-

2092 4890 2167 4937 tet
2192 4897 2313 4938 esse
2343 4883 2519 4938 talem.
2545 4884 2759 4940 Clamor
2797 4889 2940 4942 enim
2968 4899 3050 4944 est
3079 4905 3247 4959 equus
3274 4891 3451 4948 ferens
3476 4909 3672 4950 ascen-

2090 4987 2302 5040 sorem,
2337 4990 2526 5044 nempe
2559 4977 2689 5031 iram
2744 4987 2798 5034 et
2834 4979 3250 5050 indignationem
3285 5001 3298 5037 :
3332 4999 3526 5054 equum
3570 4987 3671 5040 im-

2093 5065 2211 5136 pedi
2238 5107 2251 5130 ,
2289 5076 2342 5119 et
2362 5067 2598 5122 evertisti
2627 5083 2988 5125 ascensorem.
3031 5072 3266 5127 Audiant
3290 5075 3403 5129 haec
3430 5077 3669 5133 maxime

2090 5158 2361 5223 mulieres,
2393 5174 2514 5228 qua:
2543 5159 2594 5212 in
2617 5174 2676 5214 re
2696 5161 3180 5229 qualibetclamant
3200 5173 3255 5218 et
3285 5165 3667 5222 vociferantur.

2093 5251 2147 5305 in
2179 5268 2284 5305 uno
2314 5250 2434 5305 solo
2464 5251 2589 5306 utile
2618 5261 2699 5306 est
2723 5252 2979 5321 clamare,
3011 5269 3204 5322 nempe
3234 5255 3286 5310 in
3319 5257 3668 5328 praedicando

2088 5354 2143 5399 et
2171 5343 2421 5400 ducendo
2451 5362 2464 5397 :
2506 5358 2764 5413 nusquam
2797 5355 2973 5400 autem
3009 5346 3160 5413 alibi,
3192 5363 3365 5417 neque
3395 5349 3447 5402 in
3480 5364 3669 5419 preca-

2089 5437 2253 5494 tione.
2288 5437 2350 5491 Et
2371 5437 2417 5491 si
2457 5437 2537 5490 vis
2567 5452 2662 5506 per
2683 5451 2768 5491 res
2800 5437 2938 5508 ipsas
2965 5437 3174 5493 discere
3208 5457 3220 5493 :
3249 5454 3536 5508 numquam
3559 5441 3669 5494 cla-

2087 5544 2226 5591 mes,
2261 5538 2314 5583 et
2337 5543 2622 5597 numquam
2644 5527 2893 5583 irasceris
2917 5545 2929 5577 :
2949 5544 3075 5584 ecce
3097 5528 3312 5583 modum
3343 5531 3664 5584 evacuandas

2086 5621 2199 5675 irae.
2217 5619 2518 5675 Sicutcnim
2545 5620 2657 5674 fieri
2678 5635 2782 5674 non
2813 5627 2987 5689 potest
3012 5628 3066 5674 ut
3090 5621 3178 5691 qui
3212 5636 3315 5676 non
3336 5621 3531 5675 clamat
3558 5622 3662 5674 ira-

2085 5721 2284 5776 scatur,
2331 5713 2399 5766 ita
2443 5714 2556 5766 fieri
2609 5730 2711 5766 nwn
2743 5721 2914 5782 potest
2958 5723 3010 5766 ut
3043 5713 3128 5782 qui
3157 5713 3353 5770 clamat
3391 5729 3506 5776 non
3560 5714 3660 5768 ira-

2087 5815 2281 5862 scatur.
2315 5806 2389 5862 Ne
2416 5807 2710 5862 mihienim
2749 5805 3012 5876 objeceris
3048 5805 3191 5874 gravi
3235 5806 3310 5861 ira
3352 5807 3612 5876 percitum
3637 5839 3652 5870 .
