4092 6492
349 378 436 432 Ιθ¹⁸
1172 370 1239 426 ΙΝ
1281 368 1498 424 EPIST.
1540 367 1629 421 AD
1670 364 1916 421 EPHES.
1961 364 2111 420 CAP.
2157 364 2247 421 IV.
2316 364 2552 422 IIOMIL.
2589 363 2705 422 XV.

341 491 466 564 μετὰ
495 486 771 561 ἀκριϐείας
804 484 1062 556 εἴρηται,
1109 486 1228 539 Ἵνα
1257 484 1366 538 ἀπὸ
1402 484 1503 553 τῆς
1538 479 1768 552 πικρίας
1802 478 1901 548 τῆς

344 577 597 648 αἰσθητῆς,
646 573 747 644 τῆς
801 575 1030 645 πικρίας
1078 574 1180 643 τῆς
1228 574 1431 644 νοητῆς
1478 571 1578 643 τὴν
1626 568 1901 640 ἀφόρητον

342 664 623 733 αἰσθόμενοι
653 661 878 725 κακίαν,
914 662 1009 715 καὶ
1046 661 1123 725 ὡς
1156 661 1453 732 ὁλόκληρον
1478 661 1579 731 τὴν
1607 659 1901 712 τίκτουσαν

338 753 491 824 ψυχὴν
537 750 749 822 πρῶτον
798 750 1144 821 λυμαίνεται,
1196 751 1375 804 πάντα
1437 750 1551 805 ἀνω
1604 748 1701 803 καὶ
1752 748 1902 802 κάτω

339 844 562 903 ποιοῦσα,
598 842 864 912 φύγωμεν
894 843 1068 912 αὐτῆς
1100 843 1201 912 τὴν
1235 845 1455 913 πεῖραν.
1492 840 1763 909 Καθάπερ
1792 838 1902 909 γάρ

336 935 457 1004 αὕτη
480 934 535 986 τὸ
570 936 831 1004 στοιχεῖον
856 935 999 999 ὅλον,
1031 934 1207 997 οὕτως
1237 934 1421 1003 ἐκείνη
1450 933 1578 996 τοὺς
1603 930 1902 1001 λογισμοὺς

335 1028 665 1097 ἐμπρήσασα,
721 1028 802 1089 εἰς
850 1026 912 1078 τὸ
944 1029 1045 1095 τῆς
1078 1025 1306 1095 γεέννης
1359 1025 1566 1093 ἀπάγει
1619 1023 1897 1096 βάραθρον

334 1117 410 1169 τὸν
439 1114 647 1168 ἁλόντα.
685 1115 784 1169 Ἷν’
814 1110 907 1168 οῦν
946 1114 1123 1168 ταῦτα
1162 1113 1409 1184 ἀκριϐῶς
1459 1112 1898 1184 διερευνώμενοι,

333 1208 470 1263 τοῦτο
492 1207 753 1276 φύγωμεν
770 1207 828 1260 τὸ
849 1207 1042 1271 κακον,
1075 1207 1167 1259 καὶ
1190 1204 1583 1276 χαλινώσωμεν
1605 1204 1663 1258 τὸ
1686 1203 1898 1275 θηρίον,

335 1299 513 1369 μᾶλλον
545 1298 601 1351 δὲ
640 1296 940 1369 πρόρριζον
973 1298 1409 1367 ἀνασπάσωμεν,
1443 1295 1523 1368 τῷ
1553 1295 1752 1366 Παύλῳ
1780 1312 1901 1349 πει-

330 1394 529 1465 θώμεθα
562 1393 776 1463 λέγοντι
800 1411 812 1423 ⁸
849 1394 1025 1449 Πᾶσα
1061 1394 1289 1462 πικρία,
1322 1392 1445 1463 οὐχὶ
1479 1391 1827 1464 καθαιρέσθω
1849 1404 1897 1455 τι,

331 1488 450 1541 ἀλλὰ
476 1487 698 1557 ἀρθήτω
736 1489 833 1557 ἀφ’
863 1486 1039 1557 ὑμῶν.
1071 1487 1136 1541 Τί
1170 1488 1280 1557 γάρ
1320 1504 1413 1557 μοι
1445 1486 1528 1539 δεῖ
1554 1484 1901 1556 πραγμάτων

328 1580 410 1633 καὶ
445 1578 678 1647 κατοχῆς
700 1596 712 1643 ;
738 1579 790 1630 τί
825 1578 881 1630 δὲ
919 1578 1025 1650 χρὴ
1056 1578 1353 1648 φυλάττειν
1382 1579 1605 1649 θηρίον,
1638 1578 1757 1643 ἐξὸν
1796 1581 1902 1632 ὰπ-

326 1672 510 1725 οικίσαι
534 1671 635 1740 τῆς
654 1670 836 1740 ψυχῆς
863 1671 956 1723 καὶ
980 1672 1345 1742 μεταστῆσαι,
1367 1672 1463 1724 καὶ
1488 1674 1568 1735 είς
1599 1670 1900 1743 ὑπερορίαν

327 1761 435 1814 τινά
473 1761 822 1829 άπαγαγεῖνς
865 1761 1195 1833 Πειθώμεθα
1246 1763 1428 1816 τοίνυν
1466 1761 1545 1831 τῷ
1576 1761 1775 1833 Παύλῳ
1812 1762 1900 1816 λέ-

326 1870 460 1920 γοντι
480 1868 494 1882 ”
523 1850 703 1907 Πᾶσα
720 1854 931 1921 πικρία
960 1853 1197 1923 ἀρθήτω
1222 1856 1337 1926 ἀρ’
1362 1856 1549 1924 ὑμῶν.
1584 1854 1722 1908 Ἀλλ’
1752 1856 1899 1926 οἴμοι

322 1945 409 2015 τῆς
436 1943 769 2016 κατεχούσης
802 1947 951 2015 ἡμᾶς
985 1944 1320 2016 διαστροφῆς
1341 1961 1354 1974 ⁸
1407 1946 1525 2000 δέον
1556 1944 1774 1999 ἅπαντα
1807 1946 1900 1999 ἐπὶ

321 2037 478 2105 τούτῳ
510 2039 716 2101 ποιεῖν,
756 2034 903 2090 οὕτω
932 2037 1077 2099 τινές
1111 2038 1252 2089 εἰσιν
1282 2037 1451 2100 ὅντως
1483 2039 1724 2109 ἀνόητοι,
1756 2038 1898 2093 ὥστε

323 2128 404 2181 καὶ
429 2127 658 2189 ἑαυτοὺς
689 2129 747 2179 ὲν
777 2125 954 2195 τούτῳ
984 2122 1342 2196 μακαρίζειν,
1376 2128 1473 2180 καὶ
1504 2128 1898 2200 ὲναϐρύνεσθαι

320 2219 389 2290 τῷ
413 2218 583 2290 κακῷ,
639 2219 736 2273 καὶ
787 2217 1322 2287 ἐγκαλλωπίζεσθαι,
1375 2221 1470 2273 καλ⁸
1517 2222 1646 2293 παρ’
1696 2223 1899 2294 ἑτέρων

321 2311 620 2384 ζηλοῦσθαι.
662 2310 890 2381 Πικρδς,
922 2311 1108 2381 φησὶν,
1149 2310 1437 2382 ἄνθρωπος
1478 2312 1695 2373 ὁδεῖνα,
1739 2330 1902 2385 σκορ-

320 2406 428 2469 πίος
472 2405 645 2468 ἐστὶν,
696 2404 821 2474 ϐφις
872 2404 1044 2466 ἐστὶν,
1100 2403 1245 2473 ἔχις⁸
1300 2405 1532 2476 φοϐερὸν
1582 2406 1899 2477 νομίζουσιν

317 2494 485 2548 αὐτόν.
516 2494 581 2547 Τί
600 2494 853 2556 δέδοικας
885 2494 977 2545 τὸν
1010 2493 1229 2564 πικρὸν,
1249 2492 1507 2565 ἄνθρωπε
1532 2514 1545 2562 ;
1575 2497 1667 2567 Μὴ
1696 2497 1896 2570 βλάψῃ,

316 2585 456 2655 φησὶ,
492 2585 567 2656 μὴ
597 2584 918 2655 λυμήνηται
947 2600 961 2614 ·
1010 2583 1237 2654 ἄπειρος
1268 2583 1379 2652 ἐγὼ
1420 2585 1521 2655 τῆς
1558 2587 1768 2641 ἐκείνου
1797 2605 1899 2643 κα-

314 2676 427 2740 κίας
453 2677 565 2747 είμί
589 2692 607 2707 ·
652 2676 872 2729 δέδοικα
912 2675 986 2745 μή
1023 2691 1090 2746 με
1122 2674 1304 2728 λαϐὼν
1343 2676 1551 2729 ἀπλοῦν
1584 2677 1895 2750 ἄνθρωπον,

312 2771 397 2822 καὶ
425 2769 573 2823 οὐδὲν
616 2768 729 2821 τῶν
772 2766 938 2822 αὑτοῦ
985 2768 1396 2839 προορώμενον,
1453 2770 1533 2833 εἰς
1579 2771 1678 2835 τὰς
1714 2772 1899 2841 πάγας

310 2860 510 2932 ἐμϐάλῃ
551 2861 660 2924 τὰς
690 2858 879 2925 αὐτοῦ,
926 2859 1162 2922 καὶτοῖς
1204 2858 1448 2923 δικτύοις
1496 2862 1642 2931 ἡμᾶς
1686 2879 1898 2933 συμπο·
1944 2877 1949 2883 ·

307 2953 422 3027 δίσῃ
458 2956 570 3017 τοῖς
608 2951 1046 3026 ἡτοιμασμένοις
1084 2950 1233 3021 αὐτῷ
1272 2951 1410 3022 πρὸς
1444 2953 1725 3025 ἡμετέραν
1756 2957 1898 3009 ἀπά.

221 3101 223 3104 ς
306 3060 416 3115 την.
450 3043 603 3097 Γελῶ
639 3043 756 3099 νῦν.
800 3041 866 3095 Τί
896 3041 1138 3111 δήποτε;
1167 3040 1287 3094 ’Ὁτι
1323 3041 1531 3096 παίδων
1570 3044 1683 3097 ἐστὶ
1724 3044 1899 3099 ταῦτα

305 3139 368 3190 τα
394 3138 644 3208 ῥήματα,
676 3136 747 3189 τὰ
779 3136 858 3207 μὴ
893 3133 1103 3204 φοϐερὰ
1138 3132 1516 3204 φοϐουμένων.
1542 3136 1770 3201 Οὐδενὸς
1799 3136 1899 3207 μὲν

305 3226 391 3281 οὖν
421 3228 564 3282 οὕτω
606 3228 691 3281 δεῖ
716 3228 1109 3297 καταφρονεῖν,
1141 3225 1358 3289 οὐδενὸς
1387 3224 1532 3278 οὔτω
1566 3226 1895 3299 καταγελᾷν,

305 3319 373 3380 ὼς
394 3318 690 3389 ἀνθρώπου
726 3315 930 3389 πικροῦ
966 3316 1060 3370 καὶ
1094 3315 1357 3386 πονηροῦ.
1387 3317 1554 3370 Ούδὲν
1586 3319 1696 3389 γὰρ
1725 3316 1900 3380 οὕτως

310 3409 451 3483 [HI]
492 3411 745 3476 ἀσθενὲς,
782 3409 858 3475 ὡς
894 3410 1121 3481 πικρία’
1157 3410 1380 3480 μωροὺς
1429 3412 1578 3463 ποιεῖ
1606 3412 1701 3464 καὶ
1732 3412 1898 3481 ἀνοή-

306 3514 439 3561 τους.

373 3673 431 3746 β’.
455 3677 524 3729 Ἢ
540 3676 647 3745 οὐχ
662 3677 823 3747 ὁρᾶτε
842 3676 924 3729 ὅτι
940 3676 1138 3745 τυφλὸν
1158 3678 1190 3746 ἡ
1212 3676 1379 3731 κακία
1398 3694 1413 3742 ;
1434 3677 1466 3748 ἢ
1484 3677 1583 3731 οὐκ
1604 3677 1898 3748 ἠκούσατε,

306 3767 382 3819 ὅτι
411 3770 438 3820 6
469 3767 734 3839 ὀρύσσων
766 3767 959 3841 βόθρον
1020 3768 1098 3840 τῷ
1142 3768 1393 3841 πλησίον,
1423 3770 1602 3842 ἑαυτῷ
1637 3770 1896 3841 ὀρύσσει;

311 3859 420 3925 πῶς
450 3857 546 3915 οῦν
578 3861 645 3915 οὺ
672 3862 781 3934 χρὴ
815 3861 1099 3931 φοϐεῖσθαι
1122 3862 1302 3933 ψυχὴν
1331 3863 1590 3935 ’ταραχῆς
1617 3864 1901 3935 ἐμπεπλη-

311 3952 507 4022 σμένην
530 3969 545 4018 ;
584 3953 651 4005 Εί
682 3953 781 4023 μὲν
804 3947 916 4018 οὖν,
940 3954 1015 4016 ὡς
1039 3953 1301 4025 δαίμονας
1324 3954 1351 3993 ι)
1383 3953 1477 4006 καὶ
1518 3952 1897 4024 μαινομένους,

306 4042 407 4114 χρὴ
428 4046 520 4098 καὶ
546 4045 681 4107 τοὺς
709 4045 946 4115 πικροὺς
965 4043 1270 4114 φοϐεῖσθαι,
1306 4044 1401 4096 καὶ
1427 4042 1504 4107 ὡς
1524 4045 1650 4104 τοὺς
1683 4048 1902 4116 μωροὺς

308 4133 542 4205 (καὶγὰρ
572 4135 780 4187 ὲκεῖνοι
798 4135 987 4198 ἁπλῶς
1004 4135 1223 4188 ἅπαντα
1245 4134 1506 4205 ποιοῦσι),
1535 4152 1609 4206 φη
1620 4136 1680 4205 μὶ
1708 4136 1863 4204 κάγὼ
1882 4153 1896 4167 ·

304 4223 349 4274 εἰ
382 4221 437 4276 δὲ
473 4223 550 4288 ὡς
598 4224 811 4289 δεινοὺς
845 4227 1135 4297 πράγμασι
1179 4225 1439 4296 χρῆσθαι,
1479 4224 1640 4279 τοῦτο
1692 4226 1897 4281 ούκέτι.

305 4313 467 4368 Οὐδὲν
497 4317 612 4387 γὰρ
633 4315 778 4370 οὕτω
807 4317 943 4388 πρὸς
967 4320 1314 4390 πραγμάτων
1353 4319 1669 4388 οίκονομίαν
1710 4319 1901 4390 ἐπιτή-

302 4405 460 4473 δειον,
492 4408 574 4472 ὡς
618 4406 857 4472 σύνεσις·
884 4411 1036 4464 οὐδὲν
1054 4410 1195 4464 οὕτω
1220 4412 1489 4475 συνέσεως
1524 4409 1806 4480 ἐμπόδιον,
1825 4410 1900 4476 ὡς

304 4499 537 4571 πονηρία
568 4499 672 4553 καὶ
710 4501 905 4566 κακία,
943 4503 1038 4555 καὶ
1090 4502 1152 4554 τὸ
1186 4501 1441 4554 ὓπουλον.
1488 4501 1600 4571 υύχ
1628 4500 1793 4572 ὁρᾶτε
1831 4500 1901 4554 τά

301 4594 533 4663 σώματα
597 4590 672 4644 τά
724 4592 1025 4663 χολερικά,
1082 4592 1202 4654 πῶς
1255 4594 1405 4647 ἐστιν
1461 4592 1639 4663 ἀειδῆ,
1693 4593 1899 4656 παντὸς

300 4682 493 4747 ἄνθους
545 4684 923 4755 μαρανθέντος
965 4686 1022 4736 έν
1080 4684 1298 4750 αύτοῖς;
1352 4682 1471 4748 πῶς
1514 4684 1665 4736 ἐστιν
1699 4683 1899 4753 ἀσθενῆ

301 4774 393 4827 καὶ
415 4774 619 4840 λεπτά,
661 4777 758 4829 καί¹
791 4775 929 4846 πρὸς
976 4775 1157 4830 πάντα
1191 4776 1587 4847 ἀνεπιτήδεια;
1638 4773 1899 4828 Τοιαῦταί

299 4870 402 4920 τίσι
430 4869 529 4922 καὶ
560 4870 619 4922 αἱ
668 4868 841 4939 ψυχαὶ
869 4868 928 4921 αἱ
980 4869 1249 4923 τοιαῦται.
1280 4870 1524 4941 Ἴκτερος
1574 4870 1685 4943 γὰρ
1719 4867 1899 4940 ψυχῆς

298 4957 448 5012 οὐδὲν
488 4960 685 5030 ἔτερόν
720 4962 890 5025 ἐστιν,
918 4960 1031 5014 ἀλλ’
1061 4962 1092 5032 ἢ
1126 4963 1384 5033 πονηρία.
1437 4964 1553 5015 Οὐκ
1602 4962 1752 5016 ἐστιν
1789 4958 1885 5016 οῦν

300 5052 522 5125 ἰσχυρὸν
562 5056 597 5125 ἡ
635 5055 896 5126 πονηρία,
916 5056 1017 5109 οὐκ
1036 5055 1169 5110 ἔστι.
1206 5055 1468 5109 Βούλεσθε
1502 5056 1665 5110 πάλιν
1692 5056 1788 5109 καὶ
1804 5055 1900 5108 ἐπὶ

299 5143 727 5219 ὕποδείγματος,
752 5148 781 5201 ὃ
815 5148 981 5218 λέγω,
1036 5150 1250 5220 ποιήσω
1300 5149 1556 5220 φανερὸν,
1582 5148 1897 5219 κακούργου

296 5239 392 5291 καὶ
425 5238 712 5294 ἀπλάστου
745 5240 1092 5311 παραγαγὼν
1126 5242 1255 5312 ύμῖν
1289 5240 1535 5307 είκόνας;
1570 5239 1895 5312 Κακοῦργος

296 5323 364 5399 ἦν
392 5332 422 5384 6
453 5330 852 5402 Ἀϐεσσαλὼμ,
904 5332 999 5386 καὶ
1031 5333 1239 5396 πάντας
1277 5333 1588 5386 ίδιοποιεῖτο
1619 5349 1631 5361 ·
1671 5332 1773 5402 ὅρα
1800 5328 1894 5385 οὖν

298 5423 394 5493 ὅση
424 5418 496 5495 ἦν
527 5425 563 5494 ἡ
592 5424 921 5495 κακουργία.
953 5424 1210 5495 Περιιὼν,
1236 5425 1421 5496 φησὶν,
1450 5422 1623 5493 ἔλεγε,
1648 5424 1741 5494 Μὴ
1780 5424 1896 5477 ἐστι

299 5529 381 5567 σοι
410 5514 600 5587 κρίσις
628 5532 642 5581 ;
674 5515 1066 5569 οἰκειώσασθαι
1106 5516 1339 5569 ’ἑκαστον
1370 5513 1718 5584 βουλόμενος.
1758 5513 1815 5567 ’0
1840 5514 1894 5567 δὲ

360 5752 386 5819 ξ
415 5750 510 5819 _Sic
532 5754 718 5812 optime
738 5753 901 5819 Marg.
931 5752 1051 5819 ςίινἒ
1069 5751 1349 5814 Legebntur
1374 5754 1706 5819 καθαιρείσθω.
1735 5755 1871 5807 Eon.

357 5810 388 5852 δ
412 5810 632 5865 Dunaéus
652 5818 828 5867 mallet
852 5810 1188 5877 δαιμονῶνταξ.

3497 373 3605 430 108

2019 477 2184 531 Δαυῒδ
2205 479 2501 543 ἄπλαστος.
2538 482 2603 534 Τί
2636 479 2768 550 οῦνς
2807 483 2950 555 Ὅρα
2976 484 3303 557 ἀμφοτέρων
3333 486 3393 540 τδ
3421 486 3596 551 τέλος.

2012 569 2114 639 ὅρα
2138 570 2315 638 πόσης
2354 571 2552 641 ἔγεμεν
2578 574 2785 637 ἐκεῖνος
2815 573 3021 637 ἀνοίας.
3076 575 3293 647 Ἐπειδὴ
3328 578 3437 646 γὰρ
3461 578 3597 648 πρὸς

2012 658 2109 730 τὴν
2143 658 2350 731 βλάϐην
2388 660 2539 733 ἑώρα
2565 664 2735 734 μόνην
2775 662 2872 716 τοῦ
2918 664 3147 734 πατρὸς,
3182 667 3241 718 ὲν
3271 668 3384 730 τοῖς
3413 666 3594 730 ἄλλοις

2010 752 2320 822 τετύφλωτο
2345 758 2532 807 πᾶσιν.
2580 755 2723 808 Ἀλλ’
2767 756 2864 826 οὐχ
2898 758 2926 809 6
2963 757 3147 810 Δαυῖδ.
3185 757 3239 810 Ὀ
3271 758 3597 826 πορευόμεο

2011 861 2118 911 νος
2148 846 2257 915 γάρ
2294 845 2522 912 ἁπλῶς,
2552 848 2864 914 πορεύεται
2885 848 3203 915 πεποιθώς.
3232 847 3273 901 Τ
3276 847 3543 914 ουτέστιν,
3569 849 3599 900 ὁ

2015 935 2180 1005 μηδὲν
2193 952 2261 988 πε
2269 953 2350 1006 ριε
2360 936 2715 1007 ργαζόμενος,
2730 939 2757 989 6
2774 937 2941 1008 μηδὲν
2961 938 3387 1003 κατασκευάζων
3405 938 3595 992 κακόν.

2012 1024 2341 1097 Πειθώμεθα
2364 1026 2546 1080 τοίνυν
2578 1028 2656 1099 τῷ
2682 1030 2939 1100 μακαρίῳ
2968 1029 3186 1100 Παύλῳ,
3221 1032 3317 1083 καὶ
3355 1030 3598 1101 ἐλεῶμεν

2012 1122 2108 1175 καὶ
2151 1120 2478 1193 δακρύωμεν
2524 1124 2648 1187 τοὺς
2698 1124 2954 1196 πικροὺς,
2999 1124 3091 1177 καὶ
3138 1124 3315 1177 πάντα
3342 1124 3596 1195 πράττω-

2015 1231 2114 1284 μεν
2143 1213 2240 1267 καὶ
2275 1215 2539 1283 ποιῶμεν,
2569 1214 2709 1268 ὥστε
2738 1215 2917 1269 αὐτῶν
2946 1216 3051 1270 ἀπὸ
3072 1216 3171 1287 τῆς
3216 1216 3397 1287 ψυχῆς
3438 1217 3594 1283 ὲξαν-

2010 1304 2204 1374 τλῆσαι
2234 1305 2334 1376 τὴν
2369 1307 2652 1378 πονηρίαν.
2689 1307 2814 1371 Πῶς
2850 1307 2961 1380 γάρ
3018 1309 3118 1362 οὐκ
3169 1308 3389 1371 ἄτοπον,
3435 1309 3600 1379 χολῆς

2013 1395 2111 1465 μὲν
2144 1397 2277 1466 ἡμῖν
2306 1395 2534 1467 ἐνούσης
2568 1396 2850 1468 (καίτοιγε
2873 1399 3147 1469 χρήσιμον
3172 1397 3331 1451 τοῦτο
3367 1397 3429 1450 τὸ
3456 1414 3599 1450 στοιο

2012 1491 2174 1559 χεῖον·
2203 1489 2374 1560 χωρὶς
2407 1490 2518 1561 γὰρ
2549 1490 2711 1560 χολῆς
2758 1489 3046 1559 ἄνθρωπον
3073 1486 3210 1543 εἶναι
3249 1491 3309 1543 οὐ
3345 1489 3592 1553 δυνατὸν,

2009 1579 2216 1652 ταύτης
2249 1581 2313 1651 δὴ
2336 1581 2480 1648 λέγω
2516 1582 2613 1651 τῆς
2657 1580 3073 1651 στοιχειώδους)ο
3122 1581 3240 1644 πῶς
3269 1582 3369 1634 οὐκ
3396 1581 3598 1634 ἄτοπον

2010 1669 2213 1741 ταύτην
2236 1669 2336 1739 μὲν
2362 1670 2555 1725 κενοῦν
2585 1672 2726 1723 κατὰ
2749 1669 3005 1740 δύναμιν,
3028 1671 3208 1724 καίτοι
3231 1670 3445 1740 μεγάλα
3470 1672 3597 1739 παρ’

2011 1761 2181 1828 αὐτῆς
2205 1761 2641 1832 ὠφελουμένους·
2662 1761 2759 1833 τὴν
2781 1762 2836 1815 δὲ
2867 1764 2925 1815 ὲν
2946 1765 3012 1834 τῇ
3047 1763 3197 1833 ψυχῇ
3226 1762 3394 1833 μηδὲν
3422 1763 3597 1816 ποιεῖν

2014 1852 2152 1924 μηδὲ
2184 1851 2508 1917 σπουδάζειν
2539 1853 2679 1907 ὥστε
2714 1854 2926 1919 κενοῦν,
2946 1856 3185 1926 ούδαμοῦ
3216 1856 3488 1926 χρήσιμον
3509 1850 3599 1909 οὗ·

2012 1960 2132 2009 σαν,
2170 1943 2309 1997 ἀλλά
2333 1945 2425 1997 καὶ
2448 1944 2514 1998 τά
2548 1945 2784 2014 μέγιστα
2807 1945 3140 2014 ἀδικοῦσαν;
3190 1947 3251 1999 '0
3303 1946 3600 2016 βουλόμε-

2010 2052 2138 2101 νος,
2169 2036 2355 2107 φησὶν,
2379 2032 2534 2089 εἶναι
2593 2038 2787 2105 σοφὸς
2825 2038 2893 2090 ἐν
2952 2038 3130 2106 ὑμῖν,
3172 2038 3435 2108 γενέσθω
3475 2057 3598 2109 μω-

2001 2128 2132 2196 ρὸς,
2186 2129 2287 2181 ἵνα
2338 2126 2579 2197 γένηται
2637 2132 2853 2198 σοφός.
2917 2131 3117 2184 Ἄκουε
3166 2131 3331 2185 πάλιν
3360 2133 3455 2185 καὶ
3503 2132 3596 2185 τοῦ

2010 2218 2196 2270 Λουκᾶ
2220 2218 2492 2286 λέγοντοςο
2526 2218 2994 2288 Μετελάμϐανον
3024 2219 3249 2293 τροφῆς
3290 2222 3361 2275 ἐν
3410 2223 3597 2291 ἀγαλ-

2008 2306 2210 2361 λιάσει
2248 2308 2346 2360 καὶ
2389 2307 2711 2376 ἀφελότητι
2765 2308 3015 2377 καρδίας
3047 2350 3061 2377 ,
3116 2310 3434 2376 αἰνοῦντες
3490 2308 3599 2363 τὸν

2012 2398 2181 2465 Θεὸν,
2210 2398 2309 2453 καὶ
2354 2400 2525 2468 εἶχον
2552 2400 2731 2469 χάριν
2786 2401 2937 2470 πρὸς
2982 2401 3131 2455 ὅλον
3159 2402 3265 2457 τὸν
3315 2403 3489 2458 λαόν.
3528 2403 3599 2455 Ἥ

2009 2492 2107 2562 ούχ
2138 2492 2354 2563 ὁρῶμεν
2395 2495 2489 2547 καὶ
2536 2492 2634 2546 νῦν
2690 2494 2814 2559 τοὺς
2869 2492 3091 2560 ἀφελεῖς
3145 2494 3239 2546 καὶ
3288 2493 3598 2556 ἀπλάστους

2010 2586 2198 2655 κοινῆς
2220 2588 2385 2657 τιμῆς
2424 2589 2578 2659 παρὰ
2614 2589 2830 2643 πάντων
2859 2587 3266 2654 ἀπολαύοντας;
3295 2588 3486 2651 Οὐδεὶς
3516 2588 3596 2659 τῷ

2008 2679 2237 2749 τοιούτῳ
2260 2680 2445 2748 φθονεῖ
2474 2680 2866 2750 εὐπραγοῦντι,
2901 2680 3079 2742 οὐδεὶς
3110 2680 3436 2751 ὲπεμϐαίνει
3467 2680 3597 2734 δυσ-

2010 2769 2313 2840 πραγοῦντι
2333 2787 2348 2803 ο
2381 2772 2516 2825 ἀλλά
2548 2772 2750 2836 πάντες
2784 2772 2879 2825 καὶ
2913 2772 3093 2836 καλῶς
3129 2773 3424 2844 πράττοντι
3464 2790 3597 2843 συγ-

2010 2861 2282 2933 χαίρουσι,
2314 2863 2407 2917 καὶ
2438 2863 2731 2917 πταίσαντι
2767 2864 3142 2933 συναλγοῦσιν.
3190 2866 3288 2919 Ἂν
3318 2864 3377 2919 δὲ
3403 2866 3598 2937 πικρὸς

2009 2953 2295 3024 ἄνθρωπος
2320 2953 2643 3027 εύημερήσῃ
2679 2955 2830 3019 ποτὲ,
2866 2955 2941 3019 ὡς
2975 2955 3145 3009 κακοῦ
3177 2974 3321 3020 τινος
3356 2956 3601 3028 συμϐάν-

2009 3062 2118 3110 τος,
2148 3044 2388 3110 ἆπαντες
2423 3046 2669 3099 στένουσι
2685 3047 2837 3119 [ΗΞ]
2862 3064 2875 3076 ·
2905 3047 3007 3101 κᾶν
3022 3048 3385 3120 δυσπραγήσῃ
3404 3048 3592 3112 πάλιν,

2010 3136 2248 3202 ἀπαντες
2279 3139 2585 3210 χαίρουσιν.
2625 3140 2898 3211 Ἐλεῶμεν
2924 3137 3016 3194 οὖν
3045 3141 3257 3205 αύτούς·
3285 3142 3467 3213 έχουσι
3490 3142 3599 3215 γὰρ

2012 3234 2226 3296 κοινοὺς
2283 3234 2514 3304 ἐχθροὺς
2570 3234 2850 3304 πανταχοῦ
2898 3234 3228 3305 περιιόντας.
3286 3235 3345 3289 Ὀ
3403 3236 3598 3289 Ἰακὼϐ

2017 3323 2297 3389 ἄπλαστος
2339 3321 2429 3397 ἦν,
2462 3325 2598 3379 ἀλλὰ
2622 3325 2713 3382 τὸν
2752 3326 3060 3397 κακοῦργον
3101 3326 3273 3381 Ἡσαῦ
3311 3328 3561 3400 ἐνίκησεν
3585 3348 3597 3361 ·

2012 3420 2115 3485 Εἰς
2151 3419 2521 3487 κακότεχνον
2542 3418 2652 3489 γὰρ
2685 3420 2900 3489 ψυχὴν
2920 3423 3031 3474 οὐκ
3052 3422 3468 3476 εἰσελεύσεται
3493 3436 3600 3476 σο-

2012 3509 2137 3576 φία.
2166 3508 2342 3565 Πᾶσα
2368 3512 2574 3580 πικρία
2612 3510 2847 3580 ἀρθήτω
2890 3512 2991 3581 ἀφ’
3026 3513 3217 3582 ὑμῶν·
3255 3514 3391 3585 μηδὲ
3416 3514 3599 3586 λείψα-

2011 3619 2099 3655 νον
2125 3603 2351 3674 μενέτω.
2394 3600 2516 3657 Οἵδε
2578 3604 2686 3675 γὰρ
2728 3603 2887 3657 τοῦτο
2924 3605 3166 3676 κινηθὲν,
3200 3606 3452 3678 καθάπερ
3491 3608 3599 3661 ἀπὸ

2013 3694 2309 3769 σπινθῆρος
2335 3714 2500 3761 τινος,
2529 3696 2824 3767 ὁλόκληρον
2852 3696 3002 3750 ἔνδον
3029 3695 3257 3766 ποιῆσαι
3303 3699 3498 3769 πυράν.
3531 3698 3599 3752 Τί

2011 3790 2188 3843 τοίνυν
2222 3790 2370 3843 ἐστὶν
2403 3794 2435 3860 ἡ
2461 3789 2656 3860 πικρία
2687 3790 3117 3861 κατανοήσωμεν
3138 3789 3403 3859 ἀκριϐῶς·
3428 3785 3537 3843 οῗον
3570 3793 3599 3844 6

2013 3881 2244 3946 ὕπουλος
2276 3883 2437 3954 ἀνὴρ,
2471 3884 2499 3935 6
2526 3882 2762 3953 δολερὸς,
2786 3883 2813 3935 6
2846 3882 2982 3952 πρὸς
3018 3882 3077 3934 τὸ
3104 3886 3417 3936 κακοποιεῖν
3455 3900 3597 3954 παρ-

2012 3974 2435 4045 εσκευασμένος,
2460 3976 2487 4027 6
2510 3975 2875 4045 καχύποπτος
2911 3972 3020 4026 ἀπὸ
3056 3972 3119 4043 δὴ
3157 3972 3347 4026 τούτου
3385 3975 3471 4027 ἀεὶ
3506 3975 3598 4028 θυ-

2015 4068 2115 4138 μὸς
2146 4066 2238 4119 καὶ
2268 4066 2403 4136 ὀργὴ
2427 4066 2686 4119 τίκτεται.
2720 4066 2795 4117 Ού
2830 4065 2938 4135 γάρ
2971 4064 3119 4118 ἔστιν
3159 4068 3216 4119 ὲν
3250 4066 3457 4139 γαλήνῃ
3498 4068 3600 4139 τὴν

2011 4159 2265 4225 τοιαύτην
2292 4151 2435 4209 εἶναι
2456 4154 2655 4225 ψυχήν·
2694 4154 2818 4224 ῥίζα
2845 4154 2953 4223 γὰρ
2977 4153 3152 4224 θυμοῦ
3188 4156 3283 4208 καὶ
3309 4155 3479 4228 ὀργῆς
3507 4174 3600 4209 πι-

2012 4248 2163 4319 κρία.
2211 4249 2267 4300 'U
2292 4247 2530 4309 τοιοῦτος
2566 4249 2660 4299 καὶ
2710 4245 3029 4316 βαρύθυμος
3082 4248 3267 4312 ἐστιν,
3322 4250 3416 4301 καὶ
3455 4249 3605 4301 οὐδέ-

2012 4356 2144 4393 ποτε
2174 4338 2356 4408 ἀνίησι
2386 4337 2483 4409 τὴν
2518 4337 2717 4408 ψυχὴν,
2748 4339 2835 4391 ἀεὶ
2865 4337 3089 4403 σύννους
3114 4339 3212 4405 ὢν,
3239 4340 3328 4393 ἀεὶ
3346 4343 3597 4413 σκυθρω⁴

2012 4432 2134 4496 πός.
2160 4432 2338 4503 Ὅπερ
2362 4431 2471 4503 γὰρ
2512 4431 2670 4503 ἔφην,
2699 4431 2855 4485 αὐτοὶ
2895 4432 3103 4505 πρῶτοι
3155 4436 3497 4506 καρποῦνται
3529 4440 3597 4493 τά

2012 4523 2223 4577 ἑαυτῶν
2256 4523 2426 4577 κακά.
2460 4522 2569 4577 Καὶ
2627 4522 2882 4592 κραυγὴ,
2934 4525 3092 4595 φησί.
3127 4524 3192 4578 Τί
3228 4526 3466 4598 δήποτε;
3505 4530 3602 4582 καὶ

2011 4616 2264 4688 κραυγὴν
2294 4616 2536 4686 ἀναιρεῖς
2563 4632 2577 4681 ;
2609 4615 2713 4668 Τὸν
2742 4615 2850 4687 γὰρ
2879 4614 3447 4687 ήπιοντοιοῦτονεϊναι
3466 4621 3596 4693 χρή.

2013 4709 2209 4772 Ἵππος
2247 4708 2354 4779 γάρ
2408 4710 2556 4760 ἐστιν
2584 4707 2862 4780 ἀναϐάτην
2898 4710 3100 4779 φέρων,
3147 4712 3181 4781 ἡ
3233 4712 3451 4784 κραυγὴ
3500 4714 3601 4785 τὴν

2011 4800 2201 4871 ὀργήν·
2241 4800 2576 4871 συμπόδισον
2605 4800 2696 4853 τὸν
2728 4800 2915 4864 ἵππον,
2957 4801 3053 4855 καὶ
3092 4802 3472 4873 κατέστρεψας
3501 4805 3597 4858 τὸν

2011 4891 2297 4963 ἐπιϐάτην.
2350 4892 2726 4945 Ἀκουέτωσαν
2780 4891 2955 4945 ταῦτα
3009 4892 3245 4963 μάλιστα
3298 4896 3596 4961 γυναῖκες,

2014 4986 2069 5038 al
2101 4986 2159 5038 ὲν
2194 4983 2358 5039 παντὶ
2389 4984 2677 5053 πράγματι
2708 4983 3012 5055 κράζουσαι
3046 4985 3138 5037 καὶ
3157 4983 3383 5054 βοῶσαι.
3405 4986 3493 5039 Ἐν
3515 4988 3598 5044 ἐνὶ

2011 5078 2281 5149 χρήσιμον
2320 5076 2380 5128 τὸ
2407 5074 2634 5144 κράζειν
2669 5075 2851 5143 μόνον,
2882 5077 2939 5127 ὲν
2963 5075 3040 5146 τῷ
3079 5076 3369 5147 κηρύττειν
3400 5080 3493 5131 καὶ
3518 5078 3597 5131 δι·-

2009 5169 2255 5231 δάσκειν,
2290 5165 2525 5236 ἀλλαχοῦ
2550 5166 2608 5220 δὲ
2636 5165 2897 5237 οὐδαμοῦ,
2928 5166 3043 5221 ἀλλ’
3072 5168 3195 5222 οὔτε
3217 5169 3275 5223 ὲν
3306 5170 3460 5240 εὐχῇ.
3489 5171 3597 5224 Καὶ

2008 5266 2057 5316 εἰ
2084 5262 2264 5333 βούλει
2334 5259 2527 5330 μαθεῖν
2581 5257 2671 5311 διὰ
2736 5258 2845 5312 τῶν
2897 5262 3261 5331 πραγμάτων,
3324 5262 3594 5333 μηδέποτε

2010 5355 2239 5425 κράζῃς,
2264 5351 2358 5405 καὶ
2376 5350 2632 5403 οὐδέποτε
2674 5350 2999 5424 ὀργισθήσῃ·
3035 5353 3143 5406 ἰδοὺ
3169 5354 3370 5424 τρόπος
3392 5354 3596 5427 ἀοργη-

2011 5450 2151 5511 σίας.
2178 5447 2390 5515 Ὥσπερ
2424 5444 2531 5514 γὰρ
2570 5443 2670 5495 οὐκ
2702 5442 2779 5496 ἔνι
2814 5444 2906 5498 τὸν
2937 5444 3011 5515 μὴ
3039 5444 3311 5515 κράζοντα
3333 5446 3594 5519 ὀργισθῆ-

2009 5558 2115 5605 ναι,
2155 5536 2329 5600 οὕτως
2374 5537 2475 5589 οὐκ
2519 5534 2599 5588 ένι
2646 5534 2737 5587 τὸν
2779 5535 3052 5606 κράζοντα
3111 5537 3186 5608 μὴ
3246 5540 3591 5611 ὀργισθῆναι.

2007 5631 2097 5702 Μὴ
2121 5631 2229 5700 γάρ
2248 5648 2336 5700 μοι
2368 5629 2460 5684 τὸν
2480 5627 2790 5700 βαρύμηνιν
2819 5628 2982 5701 εἴπῃς
3012 5633 3106 5684 καὶ
3138 5633 3478 5704 μνησίκακον
3500 5637 3593 5689 καὶ

2009 5720 2374 5791 αύτοπικρίαν
2401 5718 2496 5772 καὶ
2529 5718 2845 5791 αύτοχολήν’
2880 5721 3040 5790 ἡμεῖς
3072 5723 3200 5795 περὶ
3238 5726 3336 5797 τῆς
3368 5726 3459 5779 τοῦ
3486 5728 3589 5782 πά..

2012 5816 2133 5878 θους
2164 5811 2521 5883 συναρπαγῆς
2549 5810 2912 5883 διαλεγόμεθα
2952 5812 3066 5869 νῦν.
