4092 6504
537 373 715 432 ΜΟ,

606 493 679 556 γ’.
694 486 859 541 Ὥστε
879 485 941 540 ού
970 484 1162 559 μικρὸν
1180 484 1313 554 πρὸς
1335 484 1493 538 τοῦτο
1510 484 1878 555 συμϐάλλεται
1901 483 1962 538 τδ
1987 502 2112 538 παι-

531 564 724 624 δεῦσαι
751 569 850 639 τὴν
900 568 1076 637 ψυχὴν
1116 567 1387 636 μηδέποτε
1447 567 1672 637 κράζειν
1720 567 1816 621 καὶ
1854 567 2004 637 βοᾷν.
2034 568 2115 620 Τὰ

535 651 713 723 πτερά
736 650 1087 721 περικόπτεις
1124 649 1224 717 τῆς
1241 648 1434 719 όργῆς,
1466 648 1563 719 τὴν
1602 649 1853 720 κραυγὴν
1894 666 2114 719 περιαι-

536 734 666 806 ρῶν,
693 734 752 786 τὸ
791 733 988 803 οῖδημα
1026 730 1414 793 καταστέλλεις
1463 733 1565 801 τῆς
1611 732 1865 802 καρδίας.
1898 732 2114 802 Ὠσπερ

534 819 641 890 γάρ
669 818 768 871 οὐκ
822 816 939 869 ἐστι
990 815 1089 878 τὰς
1118 817 1310 886 χεῖρας
1348 816 1424 885 μὴ
1473 815 1786 887 ἀντάραντα
1830 815 2110 878 παλαίειν,

533 899 706 963 οὕτως
737 899 837 952 οὐκ
879 898 959 952 ἔνι
1010 899 1085 968 μὴ
1130 896 1406 967 κράζοντα
1459 897 1909 967 συμποδίζεσθαι.
1943 898 2113 969 Δῆσον

531 983 625 1037 τοῦ
656 982 1013 1045 πκτεύοντος
1039 980 1139 1044 τὰς
1151 983 1360 1052 χεῖρας,
1394 980 1490 1033 καὶ
1516 981 1771 1034 κέλευσον
1786 980 2103 1047 πυκτεύειν,

531 1066 644 1121 ἀλλ’
679 1066 740 1119 οὐ
770 1066 1078 1137 δυνήσεται·
1107 1062 1279 1126 οὕτως
1304 1062 1426 1115 οὐδὲ
1449 1064 1478 1116 ό
1505 1062 1694 1132 θυμός.
1726 1063 1789 1115 Ἢ
1816 1063 1871 1116 δὲ
1889 1063 2108 1135 κραυγὴ

531 1152 624 1202 καὶ
647 1148 738 1202 τὸν
769 1148 868 1200 οὐκ
896 1146 1025 1199 ὄντα
1056 1145 1282 1215 ἐξαίρει·
1316 1145 1411 1198 καὶ
1468 1145 1701 1215 μάλιστα
1731 1144 1980 1200 ἐντεῦθεν
2008 1162 2108 1198 τα-

530 1231 671 1303 χέως
730 1229 1009 1285 ἁλίσκεται
1054 1228 1115 1280 τὸ
1168 1226 1279 1280 τῶν
1313 1227 1587 1296 γυναικῶν
1637 1227 1829 1295 γένος,
1865 1228 1944 1292 αἳ,
1979 1226 2108 1280 ὅταν

529 1313 857 1385 ὀργίζωνται
879 1314 999 1374 ταῖς
1031 1311 1397 1381 θεραπαινίσι,
1430 1309 1528 1380 τὴν
1557 1310 1735 1364 οἰκίαν
1761 1311 1983 1364 ἃπασαν
2009 1309 2110 1380 τῆς

530 1395 779 1466 κραυγῆς
832 1393 1101 1465 πληροῦσι
1147 1393 1249 1463 τῆς
1279 1392 1506 1446 ἑαυτῶν·
1563 1392 1822 1456 πολλάκις
1849 1392 1905 1444 δὲ
1937 1392 2033 1445 καὶ
2058 1393 2108 1444 εί

531 1478 682 1549 παρὰ
709 1476 984 1531 στενωπὸν
1010 1476 1267 1545 τυγχάνοι
1295 1476 1696 1547 ᾠκοδομημένη
1750 1477 1781 1544 ή
1814 1474 1987 1536 οίκία,
2012 1475 2107 1527 καὶ

528 1564 579 1615 οί
600 1561 886 1632 παριόντες
902 1572 928 1601 ι
945 1575 958 1589 ·
991 1559 1230 1624 ἅπαντες
1250 1559 1539 1613 ἀκούουσιν
1560 1559 1731 1628 αὐτῆς
1763 1557 1995 1629 βοώσης,
2011 1557 2106 1611 καὶ¹

526 1645 625 1715 τῆς
653 1642 1029 1715 θεραπαινίδος
1065 1640 1443 1713 ὀλολυζούσης.
1473 1641 1539 1694 Τί
1575 1640 1767 1694 τούτου
1815 1640 2011 1708 γένοιτ’
2039 1639 2105 1692 ἂν

442 1719 445 1722 ⁴
527 1724 1006 1797 ἀσχημονέστερόν
1049 1742 1181 1779 ποτε
1206 1724 1300 1778 τοῦ
1332 1726 1617 1787 κωκυτοὺς
1634 1723 2095 1791 ἀκούειν;Πᾶσαι

526 1810 634 1883 γάρ
666 1808 868 1871 εὐθέως
905 1807 1239 1877 διακύψασαι
1262 1848 1276 1873 ,
1309 1807 1374 1859 Τί
1405 1807 1470 1877 δὴ
1514 1808 1756 1875 γέγονεν,
1799 1806 2099 1878 ἐρωτῶσιν,

525 1892 670 1960 ἑκεῖ;
713 1893 777 1945 Ἦ
804 1892 972 1957 δεῖνα,
1032 1893 1188 1963 φησί,
1217 1891 1316 1961 τήν
1338 1890 1531 1961 δούλην
1567 1890 1760 1943 τύπτει
1786 1891 1885 1958 τὴν
1907 1891 2098 1960 αὐτῆς.

524 1974 592 2029 Τί
615 1974 805 2029 τούτου
828 1974 1023 2042 γένοιτ’
1048 1975 1114 2026 ἂν
1141 1972 1655 2043 ἀναισχυντότερονς
1685 1972 1750 2024 Τί
1776 1967 1890 2035 οὖν,
1910 1971 1973 2023 ού
1994 1972 2100 2043 χρὴ

520 2057 778 2123 τύπτειν;
816 2054 965 2127 [115]
998 2056 1073 2109 υύ
1112 2055 1272 2109 τοῦτο
1317 2054 1495 2125 λέγω·
1536 2055 1618 2107 δεῖ
1653 2053 1753 2124 μὲν
1790 2054 1899 2125 γάρ
1921 2093 1937 2117 ,
1966 2054 2101 2106 ἀλλά

524 2142 660 2213 μήτε
694 2140 951 2210 συνεχῶς,
1006 2141 1144 2210 μήτε
1193 2138 1469 2211 ἀμέτρως,
1526 2140 1665 2210 μήτε
1710 2138 1851 2209 ὑπὲρ
1882 2136 1990 2189 τῶν
2018 2138 2099 2189 οἰ-

527 2224 695 2278 κείων
730 2221 1118 2293 ἀδικημάτων,
1149 2221 1286 2291 ὅπερ
1333 2220 1420 2273 ἀεί
1460 2237 1623 2290 φημι,
1672 2221 1812 2291 μήτε
1845 2218 1947 2289 τῆς
1992 2220 2097 2271 ὐπ-

518 2306 751 2380 ηρεσίας
786 2305 851 2360 ἀν
888 2321 940 2357 τι
973 2302 1231 2376 ἐλλείπῃ,
1280 2302 1395 2357 ἀλλ’
1423 2304 1472 2356 εί
1501 2303 1598 2374 τὴν
1636 2303 1837 2374 ἑαυτῆς
1870 2302 2097 2373 βλάπτει

520 2389 720 2459 ψυχήν·
754 2386 820 2441 ἂν
845 2387 987 2456 ὑπὲρ
1013 2385 1269 2455 τοιαύτης
1297 2385 1508 2459 τύπτῃς
1548 2387 1750 2451 αἰτίας,
1782 2385 2093 2439 ἐπαινέσον-

519 2489 608 2525 ται
631 2472 854 2534 πάντες,
886 2470 982 2523 καὶ
1009 2471 1038 2521 ό
1070 2468 1381 2537 ἑγκαλέσων
1400 2469 1596 2533 οὐδείς·
1635 2468 1702 2522 ἂν
1728 2468 1784 2521 δὲ
1811 2468 1953 2538 ὑπὲρ
1986 2467 2094 2521 τῶν

521 2552 651 2616 σῶν,
684 2552 945 2622 ὠμότητα
973 2550 1174 2614 πάντες
1200 2549 1645 2618 καταγνώσονται
1673 2551 1767 2604 καὶ
1799 2552 2091 2621 ἀπήνειαν.

516 2634 631 2689 Καὶ
657 2635 718 2687 τὸ
746 2633 810 2704 δὴ
841 2634 1056 2687 πάντων
1088 2632 1464 2703 αἰσχρότερον,
1510 2634 1648 2687 εἰσὶν
1697 2631 1872 2697 οὕτως
1902 2633 2094 2706 ἄγριαι

516 2719 613 2773 καὶ
640 2719 886 2789 ἀπηνεῖς,
918 2717 993 2779 ὡς
1024 2717 1116 2770 ἐπὶ
1169 2714 1422 2771 τοσοῦτον
1481 2715 1786 2787 μαστίζειν,
1831 2716 1906 2779 ὡς
1956 2716 2093 2786 μηδὲ

517 2799 831 2873 αὐθημερὸν
854 2800 980 2862 τοὺς
1012 2797 1286 2870 μώλωπας
1321 2799 1665 2853 σϐέννυσθαι.
1722 2798 2089 2870 Γυμνώσασαι

516 2886 626 2955 γὰρ
650 2885 752 2947 τάς
780 2883 972 2954 κόρας,
997 2882 1092 2936 καὶ
1130 2885 1223 2936 τὸν
1262 2883 1432 2954 ἀνδρα
1458 2884 1551 2936 ἑπὶ
1583 2882 1742 2936 τοῦτο
1770 2883 2089 2948 καλέσασαι,

513 2966 775 3038 δεσμοῦσι
804 2966 1061 3029 πολλάκις
1088 2965 1224 3036 πρὸς
1271 2968 1380 3030 τοῖς
1412 2965 1727 3036 σκίμποσιν.
1780 2966 1964 3037 Οίμσι,
1993 2966 2093 3020 οὐκ

515 3047 896 3118 ἐπεισέρχεταί
945 3065 1028 3101 σοι
1058 3049 1115 3100 ἑν
1144 3048 1338 3119 ἐκείνῳ
1366 3048 1443 3118 τῷ
1498 3048 1674 3119 καιρῷ
1717 3049 1817 3117 τῆς
1842 3048 2090 3119 γεέννης,

516 3133 637 3186 εἰπέ
671 3149 782 3202 μοι,
824 3132 1053 3202 μνήμης
1107 3130 1242 3185 άλλά
1270 3133 1498 3201 γυμνοῖς
1525 3130 1623 3202 τὴν
1656 3129 1965 3202 παιδίσκην,
1998 3131 2093 3184 καὶ

515 3214 783 3277 δεικνύεις
814 3214 890 3285 τῷ
917 3213 1109 3285 ἀνδρί;
1142 3213 1240 3266 καὶ
1272 3212 1374 3265 οὐκ
1410 3211 1643 3285 αἰσχύνῃ
1676 3212 1749 3283 μή
1791 3228 1885 3265 σου
1920 3229 2092 3266 κατα-

517 3297 671 3367 γνῷς
710 3297 805 3350 κα¹ι
838 3295 1100 3350 ὲπιπλέον
1136 3294 1298 3347 αὑτὸν
1347 3291 1693 3364 παροξύνεις,
1730 3295 1825 3348 καὶ
1848 3294 2093 3358 ἀπειλεῖς

511 3381 716 3451 δήσειν,
752 3378 922 3451 μυρία
950 3379 1217 3449 πρότερον
1249 3378 1679 3450 λοιδορησαμένη
1710 3380 1776 3451 τῇ
1798 3377 1961 3450 ἀθλία
1997 3379 2093 3433 καὶ

510 3461 862 3533 ταλαιπώρῳ,
922 3461 1258 3525 Θεσσαλίδα,
1315 3461 1671 3533 δραπέτριαν,
1736 3463 2090 3533 προεστῶσαν

510 3545 775 3600 καλοῦσα.
813 3545 872 3599 '0
901 3543 1010 3616 γάρ
1036 3544 1205 3614 θυμὸς
1236 3543 1357 3597 ούδὲ
1385 3542 1479 3597 τοῦ
1508 3546 1710 3599 οἰκείου
1743 3546 1935 3618 ἀφίησι
1966 3547 2089 3600 στό-

514 3645 685 3700 ματος
724 3627 1025 3698 φείδεσθαι,
1051 3627 1166 3680 ἀλλ’
1199 3628 1280 3690 είς
1311 3626 1371 3680 ἓν
1399 3627 1560 3698 μόνον
1582 3630 1704 3699 ὁρᾷ,
1734 3629 1852 3693 πῶς
1872 3629 2089 3698 ἐκείνην

509 3712 810 3783 ἀμύνηται,
847 3709 949 3765 κᾶν
985 3709 1184 3781 ἑαυτὴν
1214 3711 1574 3783 καταισχύνῃ.
1602 3712 1712 3765 Καὶ
1742 3712 1879 3782 μετά
1914 3711 2088 3766 ταῦτα

509 3794 575 3865 δὴ
603 3796 781 3849 πάντα
829 3792 1174 3865 προκάθηται
1223 3792 1474 3866 καθάπερ
1516 3811 1601 3856 τις
1642 3794 1943 3864 τύραννος,
1993 3794 2089 3846 καὶ⁵

509 3877 664 3930 καλεῖ
690 3877 897 3940 παῖδας,
933 3879 1028 3931 καὶ
1043 3877 1512 3947 παραστησαμένη
1535 3877 1626 3928 τὸν
1644 3877 1874 3945 ἀνόητον
1893 3875 2084 3946 ἄνδρα,

509 3958 761 4029 καθάπερ
805 3959 984 4030 δημίῳ
1036 3957 1190 4028 αὑτῷ
1216 3958 1500 4028 κέχρηται.
1537 3956 1721 4010 Ταῦτα
1749 3959 1806 4011 ὲν
1828 3959 2086 4029 Χριστια-

507 4041 614 4094 νῶν
663 4040 862 4104 οἰκίαις
888 4040 1131 4109 γίνεσθαι
1177 4039 1320 4107 ἔδεις
1363 4039 1526 4093 Ἀλλά
1558 4039 1793 4111 πονηρὸν
1821 4040 1881 4092 τὸ
1905 4040 2081 4108 γένος,

507 4125 659 4194 φησὶ,
690 4124 786 4178 καὶ
839 4125 1030 4195 ίταμὺν
1076 4123 1173 4177 καὶ
1218 4122 1575 4193 ἀναίσχυντον
1613 4122 1708 4174 καὶ
1736 4121 2080 4193 ἀδιόρθωτον.

503 4202 639 4260 Οἶδα
668 4204 856 4275 κάγώ·
916 4205 1030 4258 ἀλλ’
1088 4205 1235 4258 ἑστιν
1284 4204 1487 4276 ἑτέρως
1545 4202 1828 4275 ρυθμίσαι,
1876 4203 2081 4274 φόσοις,

506 4288 774 4354 ἀπειλαῖς,
840 4289 1083 4359 ῥήμασι,
1138 4287 1398 4357 κάκείνην
1451 4287 1711 4358 μειζόνως
1765 4286 2084 4357 δυναμένοις

502 4373 740 4436 δάκνειν,
768 4373 863 4425 καλ¹
912 4372 971 4423 σὲ
1028 4374 1128 4442 τῆς
1180 4372 1441 4443 αἰσχύνης
1495 4373 1823 4439 ἀπαλλάξαι.
1872 4373 2082 4444 Δίσχρὰ

502 4454 752 4525 ἑφθέγξω
774 4456 996 4524 ῥήματα
1016 4454 1275 4528 ἐλευθέρα
1297 4453 1453 4519 οὖσα,
1476 4457 1572 4510 καὶ
1595 4456 1656 4510 οὐ
1703 4456 1903 4525 μᾶλλον
1931 4455 2081 4509 ἐκεί-

502 4536 662 4607 νηνῆ
697 4537 900 4608 σαυτὴν
941 4539 1363 4609 καταισχύνεις;
1405 4536 1539 4593 Εἶτα
1575 4540 1632 4592 ἑν
1674 4538 1940 4608 βαλανείῳ
1984 4537 2081 4592 ἑάν

502 4619 599 4692 δέῃ
630 4618 934 4690 προελθεῖν,
972 4620 1240 4691 μώλωπες
1276 4623 1420 4677 κατά
1466 4621 1575 4676 τῶν
1620 4621 1805 4673 νώτων
1841 4636 2082 4690 γυμνου-

505 4703 675 4773 μένης
707 4703 896 4774 αὐτῆς,
928 4706 1022 4758 καὶ
1046 4705 1324 4776 τεκμήρια
1347 4703 1748 4776 περιφέρειτῆς
1774 4703 2076 4772 ὠμότητος.

500 4786 645 4839 Ἀλλ’
676 4786 954 4859 ἀφόρητον
974 4826 988 4851 ,
1046 4789 1233 4858 φησὶν,
1284 4789 1523 4850 ἀνέσεως
1548 4786 1710 4857 τυχὸν
1744 4786 1806 4839 τὸ
1836 4785 2078 4841 δουλικὸν

499 4869 675 4937 γένος.
700 4866 828 4924 Οἶδα
842 4871 1017 4940 κάγώ·
1038 4870 1152 4924 ἀλλ’
1171 4870 1396 4941 ἑτέρως,
1419 4871 1556 4941 ὅπερ
1579 4870 1735 4938 ἔφην,
1760 4868 2073 4939 ἐπίστρεφε,

504 4953 578 5024 μὴ
611 4952 831 5023 μάστιξι
867 4954 1028 5023 μόνον
1053 4952 1189 5024 μηδὲ
1213 4954 1383 5024 φόϐῳ,
1402 4953 1538 5008 άλλά
1568 4954 1663 5006 καὶ
1679 4952 1943 5024 κολακείᾳ
1973 4955 2070 5006 καὶ

497 5034 576 5104 τῷ
600 5030 659 5088 εὖ
705 5038 900 5089 ποιεῖν.
964 5035 1193 5106 Ἀδελφή
1256 5051 1348 5088 σου
1412 5035 1664 5104 γέγονεν,
1714 5032 1842 5109 ἂνῇ
1884 5040 2073 5107 πιστή.

508 5118 794 5187 Ἐννόησον
826 5120 910 5170 ὅτι
950 5119 1015 5171 σὺ
1045 5116 1323 5182 δέσποινα,
1355 5118 1581 5188 κάκείνη
1611 5135 1695 5171 σοι
1726 5118 2072 5173 διακονεῖται.

499 5188 660 5271 Ἃνῇ
705 5199 959 5269 μέθυσος,
991 5201 1208 5270 περίελε
1252 5202 1351 5272 τῆς
1407 5202 1576 5273 μέθης
1604 5201 1707 5266 τὰς
1765 5202 2072 5270 ὑποθέσεις,

498 5280 589 5335 τδν
611 5280 781 5352 ἄνδρα
806 5283 1056 5345 κάλεσον,
1092 5286 1186 5336 καὶ
1211 5284 1558 5356 παραίνεσον.
1595 5285 1667 5339 Ἢ
1686 5285 1783 5355 οὐχ
1811 5286 1942 5356 ὁρᾷς
1959 5285 2073 5348 πῶς

500 5363 723 5435 αἰσχρὸν
749 5366 981 5436 πρᾶγμα
1010 5369 1245 5434 γυναῖκα
1283 5368 1621 5436 τύπτεσθαις
1650 5369 1714 5422 Οί
1742 5367 1872 5437 γοῦν
1905 5369 2073 5438 μυρία

499 5446 640 5499 κατά
660 5448 869 5513 ἀνδρῶν
889 5450 1367 5521 νομοθετήσαντες,
1406 5453 1501 5507 καὶ
1528 5453 1752 5516 καύσεις
1783 5452 1877 5505 καὶ
1901 5452 2071 5522 βασά-

495 5546 644 5596 νους,
676 5532 969 5597 σπανιάκις
990 5536 1225 5602 γυναῖκα
1253 5535 1590 5607 ἀνήρτησαν,
1618 5535 1755 5589 ἀλλὰ
1782 5534 1945 5604 μέχρι
1975 5535 2070 5589 τοῦ

715 5710 906 5786 ἰη-
930 5712 1247 5786 Εοίεῐὶοἰεοο.
1273 5725 1325 5769 ει
1351 5717 1420 5768 sic
1442 5720 1707 5783 legendum
1729 5721 2069 5786 suspicabatur

496 5769 724 5824 Samius.
748 5771 897 5836 Editi,
919 5777 1157 5841 παρόντες.

1218 374 1275 430 S.
1317 367 1601 430 JOANNIS
1638 363 2131 431 CllRYSOSTO‘Jl
2169 374 2492 438 AIRCHIEP.
2535 380 3085 445 CONSTANTINOP.

3690 385 3786 447 HG

2220 487 2448 572 ῥαπίσαι
2505 494 2596 546 τὸν
2651 494 2819 565 θυμὸν
2865 500 3053 554 ίστῶσι
3128 500 3375 570 Τοσαύτη
3401 499 3456 553 δὲ
3492 500 3786 572 κέχρηνται

2217 571 2352 640 πρὸς
2386 574 2484 643 τὴν
2517 575 2678 643 φύσιν
2727 580 2933 652 ταύτην
2991 584 3151 647 αἰδοῖ,
3204 585 3287 637 ὅτι
3332 582 3453 635 οὐδὲ
3482 571 3785 650 ἀναγκαίας

2214 653 2404 737 χρείας
2430 656 2599 727 οὔσης
2632 662 2967 733 ἀνήρτησαν,
3000 667 3097 719 καὶ
3135 666 3368 737 μάλιστα
3405 666 3536 720 ὅταν
3581 665 3788 721 κύουσα

2213 735 2373 808 τύχῃ.
2425 740 2665 812 Αἰσχύνη
2714 745 2823 813 γάρ
2872 748 3029 818 ἀνδρὶ
3081 735 3317 816 γυναῖκα
3354 748 3617 803 τύπτειν·
3654 753 3704 803 εί
3732 751 3789 805 δὲ

2213 822 2388 892 ἀνδρὶ,
2448 824 2625 896 πολλῷ
2651 828 2854 897 μᾶλλον
2881 833 2947 901 τῇ
2980 832 3259 901 ὁμοφύλῳ.
3305 832 3436 885 Ἀπὸ
3461 832 3668 886 τούτων
3692 836 3789 888 καὶ

2212 904 2327 967 τοῖς
2358 905 2584 977 ἀνδράσι
2636 910 2878 977 γίνονται
2911 915 3141 981 μισηταὶ
3169 914 3227 968 αί
3271 917 3549 981 γυναῖκες.
3582 915 3648 968 Τί
3669 911 3786 979 οὖν,

2214 985 2397 1055 φησὶν,
2434 989 2563 1042 ὅταν
2591 992 2867 1066 πορνεύῃ;
2931 994 3129 1060 Ζεῦξον
3186 996 3361 1067 ἀνδρὶ,
3428 997 3646 1068 περίελε
3691 1000 3789 1069 τῆς

2212 1070 2469 1149 πορνείας
2498 1071 2598 1135 τὰς
2651 1074 2957 1141 ὑποθέσεις,
2988 1078 3061 1148 μὴ
3119 1076 3389 1148 συγχώρει
3436 1079 3784 1149 ύπερμαζᾷν.

2212 1150 2275 1203 Τί
2302 1146 2415 1214 οὖν,
2444 1153 2511 1207 ἂν
2531 1154 2776 1226 κλέπτης
2804 1146 3497 1231 Φύλαττετκαὶπανρατήρει.
3516 1146 3664 1232 [1η]
3683 1146 3789 1228 ;’Ὢ

2209 1232 2306 1303 τῆς
2358 1235 2695 1312 ύπερϐολῆςί
2744 1239 2855 1308 ἐγὼ
2899 1239 3095 1310 ἔσομαι
3126 1241 3319 1311 φύλαξ,
3356 1243 3542 1311 φησίν.
3579 1242 3643 1295 Ὢ
3686 1244 3788 1312 τῆς

2209 1316 2423 1381 ἀνοίαςί
2450 1319 2539 1375 διὰ
2568 1323 2642 1383 τί,
2667 1324 2991 1394 παρακαλῶ,
3021 1325 3121 1378 οὐκ
3154 1324 3253 1396 έσῃ
3287 1325 3461 1393 φύλαξ
3483 1344 3498 1391 ;
3524 1326 3647 1395 οὐχὶ
3684 1328 3786 1396 τῆς

2208 1399 2380 1470 αὐτῆς
2412 1419 2494 1454 σοι
2528 1405 2743 1476 μετέχει
2783 1406 2991 1477 ψυχῆς
3033 1408 3153 1478 οὐχὶ
3188 1409 3297 1461 τῶν
3332 1409 3508 1462 αὐτῶν
3554 1408 3785 1479 ἠξίωται

2207 1483 2359 1554 παρά
2405 1484 2499 1538 τοῦ
2543 1488 2712 1553 Θεοῦ;
2752 1490 2812 1542 ού
2839 1490 2939 1559 τῆς
2971 1491 3141 1560 αὐτῆς
3170 1491 3433 1544 ἀπολαύει
3462 1491 3740 1561 τραπέζης
3766 1510 3782 1558 ;

2205 1567 2266 1619 οὐ
2305 1566 2404 1637 τῆς
2435 1569 2606 1640 αὐτῆς
2638 1587 2720 1625 σοι
2747 1576 2999 1637 κοινωνεῖ
3044 1573 3355 1642 εύγενείας;
3390 1574 3454 1626 Τί
3477 1570 3593 1637 οὖν,
3629 1574 3697 1626 ἂν
3721 1570 3783 1647 ᾖ,

2205 1650 2361 1721 φησὶ,
2383 1650 2621 1724 λοίδορος
2654 1654 2750 1708 καὶ
2779 1656 2937 1719 λάλος
2966 1658 3058 1709 καὶ
3087 1656 3354 1726 μέθυσος;
3388 1656 3785 1711 Πόσαιδέείσιν

2203 1734 2486 1808 ἐλεύθεραι
2512 1737 2797 1803 τοιαῦται;
2849 1739 3034 1792 Πάντα
3069 1739 3127 1792 δὲ
3164 1740 3233 1792 τά
3260 1738 3622 1810 ἐλαττώματα
3670 1740 3781 1793 τῶν

2203 1819 2480 1886 γυναικών
2526 1819 2712 1890 φέρειν
2768 1822 2894 1884 τοὺς
2943 1821 3141 1892 ἄνδρας
3191 1821 3525 1893 προσέταξεν
3567 1823 3594 1874 ό
3623 1821 3780 1884 Θεός.

2202 1902 2379 1955 Μόνον
2406 1902 2480 1971 μὴ
2497 1901 2658 1965 ἔστω,
2691 1903 2845 1973 φησὶ,
2884 1903 3056 1975 πόρνη
3087 1906 3121 1973 ἡ
3168 1905 3326 1975 γυνὴ,
3361 1906 3456 1957 καί
3498 1903 3679 1958 πάντα
3711 1904 3783 1957 τὰ

2201 1985 2365 2038 λοιπά
2401 1985 2535 2055 φέρε
2568 1984 2944 2055 ἐλαττώματα.
3003 1985 3120 2039 Κᾶν
3160 1987 3394 2057 μέθυσος
3526 1989 3631 2041 κᾶν
3665 1986 3781 2040 λοί-

2199 2068 2371 2138 δορος,
2408 2069 2511 2122 κᾶν
2538 2067 2719 2131 λάλος,
2754 2067 2855 2121 κᾶν
2878 2068 3168 2138 βάσκανος,
3205 2069 3310 2123 κᾶν
3340 2068 3783 2139 πολυτελὴς,κᾶν

2202 2150 2462 2204 σπαθῶσα
2494 2149 2593 2221 τὴν
2619 2149 2829 2215 οὐσίαν,
2864 2153 3119 2204 κοινωνὸν
3142 2151 3287 2221 ἔχεις
3319 2150 3457 2222 βίου·
3491 2150 3784 2223 ῥυθμίζειν

2199 2233 2448 2304 ἀνάγκην
2503 2232 2677 2303 ἔχεις·
2716 2232 2806 2285 διὰ
2842 2233 3000 2287 τοῦτο
3057 2235 3270 2305 κεφαλὴ
3320 2230 3372 2288 εἶ
3420 2234 3505 2289 σύ.
3569 2233 3781 2288 Οὐκοῦν

2199 2316 2453 2388 ρύθμιζε,
2482 2315 2544 2369 τὸ
2571 2314 2769 2368 σαυτοῦ
2802 2316 2963 2370 ποίει.
2984 2317 3104 2371 Κᾶν
3129 2317 3456 2388 ἀδιόρθωτος
3481 2318 3645 2390 μένῃ,
3673 2316 3781 2371 κᾶν

2196 2400 2426 2470 κλέπτῃ,
2458 2397 2693 2466 φύλαττε
2723 2397 2793 2451 τά
2823 2402 2910 2453 σά·
2956 2400 3032 2469 μὴ
3064 2399 3280 2470 ἐκείνην
3311 2400 3565 2453 τοσοῦτον
3597 2416 3777 2471 τιμω-

2200 2482 2313 2552 906'
2353 2480 2419 2534 ἂν
2447 2481 2606 2543 λάλος
2633 2475 2690 2551 ᾖ,
2723 2480 3065 2550 ἑπιστόμιζε.
3098 2480 3270 2535 Τοῦτο
3309 2481 3629 2551 φιλοσοφίας
3658 2482 3778 2535 ἐστὶ

2194 2565 2292 2634 τῆς
2342 2561 2623 2616 ἀνωτάτω.
2673 2562 2810 2615 Νυνὶ
2859 2562 2916 2616 δὲ
2970 2563 3051 2626 είς
3105 2563 3330 2617 τοσοῦτό
3363 2580 3508 2628 τινες
3543 2564 3778 2627 ἀτοπίας

2193 2647 2441 2717 ἥκουσιν,
2490 2645 2567 2708 ώς
2617 2644 3029 2698 ἀποκαλύπτειν
3069 2645 3168 2715 τὴν
3199 2646 3464 2716 κεφαλὴν,
3519 2648 3615 2701 καὶ
3666 2647 3780 2701 ἀπὸ

2191 2730 2394 2800 τριχῶν
2426 2727 2609 2800 σύρειν
2644 2727 2672 2767 b
2699 2726 2799 2791 τὰς
2831 2726 3239 2798 θεραπαινίδας.

2261 2811 2324 2863 δ’.
2360 2810 2425 2862 Τί
2458 2809 2831 2882 ήρυθριάσατε
2860 2811 3034 2863 πᾶσαι
3059 2826 3074 2874 ;
3115 2810 3189 2863 Οὐ
3217 2810 3356 2881 πρὸς
3385 2809 3565 2873 πάσας
3586 2812 3719 2881 ἡμῖν
3750 2812 3782 2863 ό

2191 2891 2371 2961 λόγος·
2400 2891 2539 2946 ἀλλά
2565 2892 2701 2962 πρὸς
2731 2892 2829 2956 τὰς
2855 2894 2933 2956 είς
2956 2892 3054 2963 τὴν
3090 2892 3381 2963 θηριωόίαν
3415 2891 3780 2962 ἑξελκομένας

2190 2976 2417 3046 ταύτην.
2444 2974 2587 3046 Γυνὴ
2616 2976 3077 3039 ἀκατακάλυπτος
3110 2977 3185 3047 μὴ
3217 2975 3379 3043 έστω,
3399 2977 3605 3046 φησὶνὸ
3625 2975 3779 3029 Παῦ-

2191 3059 2301 3124 λος·
2338 3062 2401 3114 ab
2427 3061 2484 3113 δὲ
2509 3061 2645 3125 ὅλως
2670 3060 2730 3113 τὸ
2747 3060 3055 3130 κρήδεμνον
3093 3062 3432 3131 περιαιρεῖςς
3463 3060 3625 3130 Ὁρᾷς
3655 3059 3777 3123 πῶς

2196 3146 2398 3216 σαυτὴν
2434 3144 2713 3215 ύ6ρίζεις;
2757 3145 2857 3197 ’Δν
2904 3145 3001 3215 μὲν
3035 3139 3130 3196 οὖν
3161 3146 3344 3214 γυμνῇ
3401 3147 3541 3213 φανῇ
3593 3159 3676 3195 σοι
3705 3146 3776 3215 τῇ

2192 3227 2399 3299 κεφαλῇ
2427 3228 2632 3293 εκείνη,
2674 3226 2832 3297 ὓϐριν
2855 3226 2915 3281 τὸ
2945 3228 3182 3298 πρᾶγμα
3209 3226 3393 3293 λέγεις
3414 3244 3427 3257 ·
3461 3226 3526 3279 σὺ
3590 3225 3647 3278 δὲ
3669 3228 3775 3278 αὐ-

2189 3309 2288 3381 τὴν
2310 3311 2614 3382 γυμνοῧσα,
2644 3311 2797 3364 οὐδὲν
2824 3310 2997 3364 δεινὸν
3052 3308 3193 3364 εἶναι
3244 3311 3389 3381 φής;
3426 3306 3563 3363 Εἶτά
3594 3327 3730 3381 φησι
3756 3327 3771 3341 ·

2191 3396 2277 3461 Τί,
2312 3396 2378 3449 ἂν
2412 3394 2485 3465 μὴ
2514 3394 2838 3466 διορθῶται;
2883 3392 3094 3463 Ῥάὸδῳ
3134 3393 3231 3447 καὶ
3274 3393 3510 3462 πληγαῖς
3552 3396 3775 3465 σωφρό-

2190 3496 2358 3534 νισον.
2396 3480 2543 3532 Πόσα
2568 3478 2624 3532 δὲ
2644 3479 2738 3532 καὶ
2765 3479 2829 3532 σὺ
2847 3477 2992 3548 έχεις
3016 3477 3394 3547 ἐλαττώματα,
3427 3479 3521 3532 καί⁵
3543 3479 3606 3531 ού
3634 3481 3775 3549 διορ-

2190 3561 2383 3616 θοῦσαι
2411 3579 2425 3627 ;
2450 3561 2646 3615 Ταῦτα
2675 3563 2806 3633 ἡμῖν
2831 3562 2927 3615 νῦν
2956 3563 3053 3631 οὐχ
3091 3561 3233 3633 ὑπὲρ
3263 3563 3487 3615 ἐκείνων
3530 3562 3771 3631 εἴρηται,

2187 3646 2306 3698 ἀλλ’
2337 3646 2480 3716 ὑπὲρ
2515 3646 2670 3715 ὑμῶν
2714 3645 2823 3698 τῶν
2872 3644 3196 3714 ἐλευθέρων,
3231 3644 3371 3697 ὥστε
3431 3645 3596 3715 μηδὲν
3641 3644 3772 3699 ἄσε-

2191 3744 2341 3798 μνον,
2365 3727 2529 3797 μηδὲν
2545 3726 2770 3796 αίσχρδν
2788 3729 2984 3791 ποιεῖν,
2997 3726 3138 3779 ὥστε
3163 3726 3238 3797 μὴ
3254 3726 3514 3796 βλάπτειν
3538 3729 3765 3791 ἑαυτάς.

2202 3810 2328 3863 Ἐάν
2354 3813 2412 3862 ἑν
2449 3810 2598 3881 οἰκία
2626 3810 2800 3862 ταῦτα
2849 3809 3150 3880 παιδευθῇς
3180 3811 3274 3862 ἑπὶ
3318 3810 3416 3880 τῆς
3447 3810 3771 3880 θεραπαινί-

2186 3891 2294 3955 δος,
2324 3893 2418 3945 καί
2450 3890 2728 3963 προσηνὴς
2762 3887 2830 3965 ᾖς
2861 3891 2956 3945 καὶ
2993 3891 3067 3963 μὴ
3094 3892 3329 3963 χαλεπὴ,
3353 3891 3533 3963 πολλῷ
3562 3891 3769 3963 μᾶλλον

2186 3974 2279 4028 ἑπὶ
2307 3974 2401 4027 τοῦ
2431 3974 2622 4044 ἀνδρὸς
2653 3974 2751 4045 ἑσῃ
2785 3975 3034 4044 τοιαύτη.
3067 3976 3130 4027 Et
3161 3974 3272 4047 γάρ
3301 3974 3553 4040 ἐξουσίας
3595 3974 3768 4046 οὖσης

2187 4058 2356 4130 μηδὲν
2383 4057 2620 4112 τοιοῦτον
2652 4057 2995 4130 ἐργαζομένη
3038 4057 3292 4129 δειχθῇς,
3323 4056 3505 4128 πολλῷ
3537 4058 3763 4128 μᾶλλον,

2184 4140 2312 4195 ἔνθα
2341 4141 2403 4195 τὸ
2436 4140 2643 4194 κωλύον
2677 4142 2845 4207 ἐστὶν,
2869 4140 3021 4195 οὐδὲν
3049 4141 3264 4212 ἐργάσῃ
3290 4139 3551 4195 τοιοῦτον.
3595 4141 3763 4195 ’Ὥστε

2183 4226 2218 4297 η
2252 4225 2379 4297 περὶ
2406 4224 2506 4287 τάς
2556 4224 2945 4292 θεραπαινίδας
2985 4225 3273 4295 φιλοσοφία
3332 4223 3567 4294 μέγιστα
3615 4223 3765 4295 ὑμᾶς

2182 4310 2261 4370 είς
2283 4308 2382 4379 τὴν
2411 4307 2519 4360 τῶν
2549 4306 2757 4378 ἀνδρῶν
2787 4305 3000 4360 εὔνοιαν
3024 4306 3242 4376 ὠφελεῖ.
3295 4299 3368 4377 τῼ
3403 4308 3515 4375 γὰρ
3565 4306 3764 4376 μέτρῳ

2177 4390 2460 4461 μετρεῖτε,
2498 4391 2681 4459 φησὶν,
2735 4390 3304 4459 ἀντιμετρηθήσεται
3355 4388 3514 4458 ὑμῖν.
3553 4388 3658 4453 Θὲς
3681 4389 3763 4459 τῷ

2183 4474 2411 4545 στόματι
2437 4475 2674 4544 χαλινόν·
2711 4475 2816 4534 κᾶν
2847 4474 3234 4545 ἑγγυμνασθῇς
3261 4473 3621 4544 θεραπαινίδα
3650 4491 3757 4545 χα-

2179 4557 2542 4612 λεπαίνουσαν
2593 4559 2782 4630 φέρειν
2832 4558 3120 4627 γενναίως,
3181 4557 3319 4628 πρὸς
3349 4556 3449 4627 τὴν
3492 4557 3760 4629 ὁμότιμον

2181 4640 2298 4693 οὐδὲ
2322 4640 2649 4711 ὑϐρίζουσαν
2690 4640 3064 4712 δυσχερανεῖς·
3101 4640 3176 4711 μὴ
3214 4639 3647 4710 δυσχεραίνουσα
3673 4640 3757 4708 δὲ,

2177 4723 2278 4793 τὴν
2311 4722 2488 4794 ἄκραν
2540 4722 2860 4793 φιλοσοφίαν
2904 4723 3299 4795 κατώρθωσας.
3332 4723 3455 4776 Είσὶ
3497 4722 3556 4775 δέ
3585 4739 3758 4787 τινες,

2179 4808 2235 4861 αἳ
2263 4806 2359 4860 καὶ
2388 4808 2583 4879 ὅρκους
2638 4807 3059 4878 προστιθέασιν·
3096 4806 3250 4860 οὐδὲν
3291 4805 3349 4859 δὲ
3403 4805 3758 4875 αἰσχρότερον

2178 4895 2275 4964 τῆς
2311 4893 2453 4948 οὕτω
2492 4893 2860 4965 θυμουμένης.
2914 4896 2981 4948 Τί
3022 4889 3141 4958 06v,
3197 4895 3265 4948 ἂν
3318 4892 3755 4963 καλλωπίζηται,

2178 4978 2312 5047 φησί
2336 4994 2350 5041 ;
2381 4975 2550 5029 Τοῦτο
2574 4970 2832 5040 κώλυσον,
2863 4979 2955 5032 καὶ
2970 4977 3081 5047 ἐγὼ
3110 4976 3385 5048 σύμφημι·
3416 4974 3656 5029 κώλυσον
3677 4977 3758 5035 δὲ.

2176 5061 2286 5113 ἀπο
2344 5061 2546 5130 σαυτῆς
2597 5062 2915 5131 ἀρχομένη,
2951 5062 3025 5132 μὴ
3081 5061 3232 5132 φόϐῳ
3288 5060 3564 5123 τοσοῦτον,
3628 5061 3757 5113 ὅσον

2178 5142 2555 5213 ὑποδείγματι·
2599 5143 2690 5196 ἔσο
2744 5146 2802 5196 ἑν
2846 5146 3011 5197 πᾶσιν
3064 5143 3375 5215 άρχέτυπος
3423 5140 3611 5195 είκών.
3646 5141 3759 5196 Καὶ

2170 5227 2559 5297 βλασφημία,
2593 5228 2779 5297 φησίν,
2836 5228 3072 5296 ἀρθήτω
3110 5228 3211 5298 ἀφ’
3249 5225 3435 5295 ὑμῶν.
3467 5225 3614 5297 Ὅρα
3639 5225 3757 5290 πῶς

2178 5311 2391 5378 πρόεισι
2441 5310 2499 5362 τὸ
2543 5311 2732 5365 κακόν.
2792 5312 2855 5364 'H
2891 5311 3086 5383 πικρία
3132 5312 3226 5363 τὸν
3271 5308 3440 5373 θυμδν
3486 5307 3695 5374 ἔτεκεν,
3727 5311 3756 5362 ό

2177 5391 2344 5463 θυμὸς
2372 5395 2470 5464 τὴν
2501 5394 2692 5465 ὀργὴν,
2717 5396 2748 5465 ἡ
2769 5397 2907 5467 όργὴ
2936 5397 3033 5466 τὴν
3060 5397 3331 5466 κραυγὴν,
3358 5397 3391 5464 ὴ
3414 5393 3636 5463 κραυγὴ
3652 5393 3753 5461 τὴν

2178 5475 2544 5548 βλασφημίαν,
2598 5478 2865 5542 τουτέστι,
2914 5479 3014 5542 τὰς
3036 5477 3321 5549 λοιδορίας·
3364 5477 3397 5547 ἡ
3431 5475 3752 5545 βλασφημία

2174 5556 2360 5611 λοιπὸν
2417 5559 2652 5632 πληγὰς,
2705 5560 2856 5633 [115]
2904 5564 2959 5614 αἱ
3044 5560 3246 5633 πληγαί
3310 5558 3629 5630 τραύματα,
3677 5564 3747 5619 τὰ

2239 5784 2263 5823 ι·
2293 5782 2441 5845 Μστε.
2468 5779 2616 5834 Savil.
2640 5785 2923 5847 περισύριιν.
