4092 6490
315 391 404 451 ιιιε

315 517 639 579 αοεερῑωψιθ
670 503 883 573 injuriae
910 511 1231 560 memorem,
1262 503 1316 549 et
1338 492 1427 562 qui
1457 498 1540 544 est
1568 487 1681 579 ipsa
1708 494 1891 579 pense

314 570 648 659 amarulentia
668 570 875 652 et‘bilis
908 607 923 648 :
954 606 1055 647 nos
1079 589 1167 644 hic
1195 586 1465 657 loquimur
1492 580 1560 635 de
1587 576 1748 647 hujus
1774 570 1893 627 vitii

318 701 547 766 prompta
587 688 961 758 subreptione.

379 787 428 842 5.
454 758 530 839 Ᾱιι
560 781 659 836 hoc
678 782 859 850 itaque
888 793 997 833 non
1032 788 1218 845 parum
1246 769 1464 827 confert
1485 763 1753 821 erudiisse
1773 758 1897 813 ani-

317 895 466 945 mam,
496 887 555 931 ut
582 888 875 944 numquam
906 872 1102 925 clamet
1121 876 1176 922 et
1203 864 1547 921 vociferatur.
1578 857 1676 912 Ira:
1694 866 1900 925 pennas

317 980 567 1041 amputas.
597 968 641 1023 si
664 966 880 1022 auferas
903 964 1197 1019 clamorem
1221 975 1237 1025 ;
1266 956 1444 1013 cordis
1464 964 1731 1008 tumorem
1750 960 1900 1001 com-

320 1038 510 1135 primis.
566 1061 719 1118 Sient
758 1060 903 1115 enim
928 1057 1045 1112 fieri
1080 1069 1189 1109 non
1223 1059 1397 1123 potest
1419 1057 1476 1102 ut
1504 1046 1757 1105 luctetur,
1805 1038 1898 1107 qui

317 1131 495 1212 manus
545 1169 652 1207 non
707 1160 903 1207 contra
951 1147 1262 1220 quempiam
1317 1138 1632 1197 sustulerit:
1683 1135 1754 1189 ita
1787 1131 1899 1186 fieri

319 1264 412 1304 non
440 1255 611 1317 potest
644 1254 705 1298 ut
732 1244 822 1314 qui
853 1258 960 1297 non
991 1241 1190 1296 clamat
1218 1236 1514 1292 irretiatur.
1539 1230 1672 1299 Liga
1710 1238 1901 1281 manus

318 1339 518 1411 pugiiis,
549 1349 603 1391 et
626 1336 757 1407 jubc
776 1348 1057 1407 pugnare;
1087 1330 1182 1386 sed
1210 1344 1315 1383 non
1345 1325 1541 1398 poterit
1573 1341 1586 1377 :
1617 1322 1697 1376 sic
1728 1331 1903 1386 neque

318 1435 404 1489 ira.
432 1432 648 1487 Clamor
674 1439 855 1484 autem
880 1428 1039 1482 etiam
1063 1440 1180 1480 eam
1203 1437 1322 1493 qum
1345 1434 1451 1474 non
1483 1425 1566 1472 est
1585 1413 1781 1470 excitat
1806 1427 1819 1461 :
1851 1416 1906 1461 et

318 1524 533 1579 maxime
587 1520 718 1577 hinc
765 1520 875 1575 cito
926 1517 1134 1587 capitur
1183 1528 1355 1586 genus
1408 1509 1693 1565 mulierum
1722 1544 1736 1570 ,
1781 1516 1903 1573 qua:

319 1612 517 1686 quando
567 1613 879 1667 irascuntur
909 1607 1157 1672 ancillis,
1209 1612 1374 1659 totam
1406 1600 1624 1655 domum
1678 1594 1906 1686 implent

319 1683 409 1760 suo
435 1705 694 1760 clamore.
740 1701 899 1770 Smpe
941 1707 1119 1753 autem
1148 1695 1194 1749 si
1222 1694 1417 1749 domus
1456 1689 1721 1745 :edilicata
1753 1685 1822 1738 sit
1849 1683 1902 1737 in

320 1797 583 1866 angiportu
606 1836 623 1862 ,
676 1807 868 1848 omnes
896 1791 985 1862 qui
1015 1795 1296 1843 transeunt
1320 1829 1336 1853 ,
1389 1781 1615 1837 audiunt
1642 1794 1763 1834 eam
1790 1776 1905 1830 cla-

322 1901 561 1954 ltlillllf‘m,
598 1896 656 1941 et
676 1885 928 1941 ancillam
952 1882 1265 1953 eiulantem.
1301 1875 1569 1945 Quidnam
1602 1872 1763 1926 fuerit
1793 1880 1906 1924 tur-

322 1986 446 2056 pius,
477 1992 529 2037 et
556 1980 734 2051 magis
778 1977 1098 2033 indecorum
1127 1987 1286 2044 quam
1314 1969 1502 2025 audire
1529 1965 1687 2020 ﬂetus
1714 1973 1767 2018 et
1791 1962 1909 2033 eju-

322 2078 485 2133 tatus?
511 2075 720 2131 Omnes
764 2073 946 2128 statim
976 2068 1368 2143 proSpicientes
1395 2061 1524 2135 quid
1562 2061 1672 2115 illic
1709 2057 1906 2113 factum

323 2171 376 2224 sit
402 2170 742 2237 interrogant
770 2183 783 2219 :
809 2164 925 2230 Illa,
958 2162 1227 2233 inquiunt,
1262 2157 1511 2212 ancillam
1541 2168 1691 2208 suam
1720 2150 1909 2206 verbe-

326 2266 420 2318 rat.
476 2255 753 2324 Quidnam
811 2255 917 2310 hoc
952 2253 1115 2309 fuerit
1142 2249 1547 2321 impudentius?
1578 2245 1715 2313 Quid
1735 2242 1908 2313 ergo?

324 2367 414 2405 non
442 2358 657 2419 oportet
685 2328 975 2402 verberare
1001 2345 1024 2400 ?
1054 2343 1168 2399 Non
1197 2342 1300 2398 hoc
1327 2339 1470 2406 dico,
1500 2345 1713 2409 oportet
1738 2334 1906 2399 enim;

324 2445 403 2501 sed
434 2461 529 2502 nec
555 2444 800 2508 assidue,
855 2457 955 2498 nec
999 2454 1162 2510 supra
1193 2437 1436 2502 modum,
1460 2449 1562 2490 nec
1589 2448 1686 2503 pro
1712 2430 1813 2486 sibi
1843 2428 1912 2483 fa-

324 2538 414 2593 ctis
442 2537 692 2608 injuriis;
737 2534 879 2604 quod
904 2547 1119 2603 semper
1153 2530 1297 2597 dico,
1327 2542 1436 2582 non
1458 2526 1502 2580 si
1532 2526 1583 2580 in
1610 2521 1912 2578 ministerio

323 2629 470 2684 fuerit
515 2626 726 2698 aliquid
767 2625 1064 2690 delictum,
1114 2620 1212 2677 sed
1252 2620 1297 2674 si
1348 2619 1582 2673 animam
1617 2616 1731 2684 ipsa
1759 2626 1911 2667 suam

321 2724 470 2779 lardat
500 2740 514 2778 :
562 2724 615 2777 si
651 2736 748 2792 pro
777 2721 881 2775 hae
925 2733 1085 2774 causa
1125 2732 1245 2772 eam
1280 2715 1569 2779 verberes,
1619 2708 1915 2764 laudabunt

317 2830 519 2882 onmes,
562 2825 622 2869 et
650 2828 811 2868 nemo
844 2809 1240 2881 reprehendet;
1270 2805 1365 2862 sed
1395 2806 1441 2860 si
1470 2818 1567 2875 pro
1599 2801 1763 2858 rebus
1787 2800 1911 2863 tuis,

316 2909 648 2965 damnabunt
677 2923 866 2961 omnes
894 2906 1151 2962 saevitiam
1182 2910 1236 2958 et
1266 2899 1657 2956 crudelitatem.
1680 2896 1744 2950 Et
1773 2892 1914 2965 quod

317 3011 393 3056 est
410 3002 655 3056 omnium
688 2992 1365 3069 turpissimum,suntadeo
1392 2992 1519 3047 fera:
1548 3000 1603 3045 et
1633 2998 1833 3053 truces,
1859 2993 1919 3040 ut

318 3097 383 3149 ita
413 3096 593 3166 ﬂagris
611 3092 845 3158 cmdant,
867 3102 1005 3145 utne
1030 3090 1148 3160 ipso
1169 3088 1384 3160 quidem
1402 3084 1489 3140 die
1505 3083 1918 3152 exstinguantur

320 3188 531 3243 vibices.
548 3185 780 3241 Nudatis
804 3184 948 3240 enim
982 3182 1175 3253 puellis
1191 3190 1243 3236 et
1270 3178 1465 3235 marito
1487 3177 1553 3232 ad
1581 3175 1684 3230 hoc
1707 3182 1916 3239 vocato,

319 3281 380 3337 ad
402 3281 621 3337 lecticas
637 3293 781 3348 saepe
799 3277 1037 3346 alligant.
1062 3274 1156 3330 llei
1180 3272 1332 3340 mihi,
1353 3287 1459 3327 non
1481 3270 1576 3325 tibi
1592 3284 1658 3325 eo
1676 3278 1921 3338 tempore

321 3376 452 3430 venit
484 3375 538 3429 in
569 3382 812 3427 mentem
845 3369 1108 3425 memoria
1137 3366 1437 3439 gehennaa?
1462 3365 1556 3420 sed
1587 3362 1756 3417 nudas
1779 3359 1924 3431 puel-

323 3468 500 3534 lulam,
557 3475 617 3521 et
648 3463 893 3519 ostendis
922 3461 1140 3527 marito,
1174 3468 1227 3515 et
1256 3475 1363 3513 non
1391 3458 1597 3513 vereris
1624 3471 1692 3509 ne
1719 3464 1772 3509 te
1792 3468 1922 3508 con-

323 3561 574 3617 demnet?
631 3567 687 3615 et
707 3573 831 3613 eum
866 3557 1035 3627 magis
1064 3555 1280 3620 irritas,
1339 3559 1395 3607 et
1442 3550 1665 3605 minaris
1704 3557 1756 3602 te
1803 3561 1922 3601 eam

325 3656 647 3720 vincturam,
679 3668 802 3707 cum
834 3651 1087 3705 miseram
1114 3658 1169 3703 et
1200 3646 1471 3702 infelicem
1506 3644 1653 3713 prius
1679 3642 1924 3696 innume-

326 3749 579 3805 rabilibus
636 3744 941 3800 maledictis
998 3740 1330 3813 appetieris,
1384 3735 1756 3793 Thessalidem
1804 3734 1879 3804 (a)
1910 3775 1923 3799 ,

326 3842 595 3911 fugitivam
629 3879 647 3904 ,
699 3836 1043 3908 prostitutam
1076 3848 1196 3887 eam
1224 3829 1523 3901 appellans.
1573 3828 1656 3883 lra
1686 3827 1829 3883 enim
1860 3843 1927 3881 ne

327 3934 400 3988 ori
423 3933 651 4003 quidem
683 3944 785 3984 suo
810 3928 934 3982 sinit
962 3939 1211 3997 parcere,
1245 3922 1339 3978 sed
1369 3937 1533 3976 unum
1560 3928 1770 3990 spectat
1795 3935 1929 3989 quo-

329 4026 483 4082 modo
503 4040 630 4081 eam
659 4022 973 4083 ulciscatur,
1004 4017 1216 4074 etiamsi
1240 4015 1469 4086 seipsam
1490 4014 1686 4085 probro
1708 4012 1925 4067 alliciat.

330 4120 395 4174 Et
440 4128 560 4189 post
615 4117 737 4171 hsce
785 4114 966 4169 omnia
1024 4122 1293 4181 tamquam
1354 4118 1615 4179 tyrannus
1662 4105 1928 4177 quispiam

333 4211 601 4281 praesidet,
633 4216 690 4263 et
715 4215 871 4260 vocat
897 4218 1112 4274 pueros,
1140 4210 1196 4257 et
1222 4216 1345 4256 cum
1396 4199 1649 4254 stolidum
1678 4199 1928 4252 maritum

333 4304 436 4358 illic
462 4300 689 4365 stiterit,
724 4312 793 4353 eo
820 4306 1092 4366 tamquam
1124 4295 1313 4348 lictore
1340 4292 1528 4346 utitur.
1581 4290 1778 4345 Hazcne
1817 4288 1932 4343 ﬂeri

335 4407 607 4468 oporteret
634 4396 688 4449 in
713 4394 922 4449 aedibus
951 4388 1425 4447 Christianorum?
1477 4388 1547 4441 At
1572 4396 1655 4441 est
1676 4426 1690 4450 ,
1720 4384 1891 4455 inquit
1917 4425 1932 4451 ,

339 4506 557 4560 pravum
610 4501 783 4559 genus
810 4484 1096 4553 audaxque
1124 4492 1177 4537 et
1203 4478 1489 4550 impudens
1514 4520 1530 4546 ,
1580 4486 1634 4532 ct
1659 4475 1800 4547 quod
1829 4491 1934 4530 non

340 4590 511 4652 potest
533 4578 759 4649 corrigi.
812 4577 927 4647 Ego
956 4590 1169 4645 quoque
1198 4572 1250 4627 id
1275 4571 1428 4637 scio;
1478 4570 1573 4625 sed
1619 4570 1745 4623 licet
1782 4567 1939 4623 aliter

336 4690 669 4746 componere
706 4689 768 4728 ac
810 4670 1119 4741 corrigere,
1154 4677 1333 4733 metu,
1367 4666 1559 4731 minis,
1585 4663 1784 4730 verbis,
1820 4676 1938 4731 qua;

342 4771 482 4825 illam
526 4768 700 4837 magis
723 4773 952 4836 possunt
974 4761 1245 4826 mordere,
1291 4767 1348 4815 et
1379 4769 1429 4814 te
1448 4759 1682 4814 liberare
1712 4773 1741 4810 a
1772 4754 1942 4811 dede-

341 4879 485 4920 core.
522 4863 768 4932 Loquuta
797 4873 856 4913 es
878 4855 1040 4912 verba
1073 4854 1271 4924 turpia,
1315 4866 1437 4907 cum
1469 4851 1545 4905 sis
1575 4851 1802 4919 ingenua
1826 4889 1841 4913 ,
1887 4856 1944 4902 et

346 4971 448 5011 non
474 4955 648 5025 magis
675 4952 817 5006 illam
850 4965 1010 5021 quam
1042 4947 1270 5015 teipsam
1297 4943 1635 5000 dedecoras?
1664 4940 1867 4995 Deinde
1894 4940 1941 4993 si

346 5032 595 5117 oporteat
641 5045 832 5100 venire
869 5041 937 5097 ad
982 5041 1270 5101 balneum,
1317 5044 1443 5091 sunt
1490 5034 1694 5090 vibices
1738 5034 1791 5087 in
1827 5033 1945 5102 ejus

348 5141 503 5194 nuda:
531 5152 707 5209 tergo,
731 5148 785 5193 et
802 5135 1141 5191 crudelitatis
1163 5129 1475 5187 circumfert
1499 5129 1713 5184 indicia.
1749 5128 1816 5183 At
1839 5136 1942 5191 est,

350 5232 559 5303 inquit,
589 5244 877 5285 servorum
908 5240 1084 5297 genus
1112 5222 1536 5287 intolerandum,
1566 5220 1609 5275 si
1642 5220 1735 5273 ﬂat
1754 5220 1834 5275 eis
1864 5234 1950 5273 re-

352 5324 562 5379 missio.
611 5321 726 5390 Ego
754 5333 969 5390 quoque
1005 5317 1056 5371 id
1080 5316 1231 5379 scio;
1265 5313 1362 5369 sed
1392 5313 1570 5378 aliter,
1596 5322 1653 5366 ut
1679 5310 1788 5365 dixi
1813 5350 1828 5376 ,
1856 5324 1951 5366 eos

353 5425 629 5482 converte,
660 5428 767 5468 non
799 5412 976 5467 solum
1004 5409 1187 5481 flagris
1217 5416 1269 5462 et
1293 5416 1459 5469 metu,
1483 5404 1578 5461 sed
1609 5404 1773 5459 etiam
1796 5403 1949 5457 blan-

356 5508 500 5563 ditiis
522 5516 579 5562 et
599 5506 903 5561 beneficiis.
932 5503 1048 5558 Tua
1071 5510 1155 5556 est
1176 5516 1349 5561 soror.
1371 5500 1413 5552 si
1445 5497 1516 5553 sit
1544 5497 1736 5553 ﬁdelis.
1767 5496 1949 5566 Cogita

418 5604 492 5665 (a)
514 5600 828 5665 Thessalides
865 5596 1103 5647 veneficae
1113 5634 1156 5665 _,_
1183 5592 1608 5665 praestigiatrices.
1630 5597 1704 5665 et
1722 5587 1955 5665 maleﬁcae

351 5650 605 5723 jatiiﬁ'olim
634 5664 961 5723 habebantur,
981 5650 1252 5723 uthvide're
1299 5650 1383 5723 est
1417 5652 1543 5723 apud
1582 5650 1954 5723 AristOphanem

360 5713 570 5787 Eiusque
608 5722 906 5787 scholiasten
922 5760 934 5779 .
954 5713 959 5716 ’
976 5722 1027 5770 in
1051 5717 1199 5770 Suida
1228 5723 1286 5787 et
1309 5715 1429 5787 aliis.
1450 5713 1560 5787 lies
1595 5721 1673 5787 est
1698 5716 1807 5787 trita
1831 5713 1955 5787 apud

361 5775 653 5849 scriptores.
696 5793 748 5835 et
781 5783 907 5847 apud
927 5775 1105 5845 poetas
1145 5782 1333 5828 Latinos
1354 5777 1601 5833 Plautum,
1627 5775 1877 5824 Horatium
1907 5782 1955 5822 et

362 5845 499 5895 aliis.

1187 376 1250 433 IN
1290 370 1510 431 El'iST.
1552 369 1644 424 AD
1684 362 1928 422 EPHES.
1970 360 2125 416 CAP.
2169 358 2257 414 IV.
2301 353 2532 413 IIOMIL.
2575 354 2693 410 XV.

3508 352 3609 407 ΗΟ

2007 497 2148 569 quod
2182 510 2237 551 tu
2266 497 2338 550 sis
2355 495 2596 561 domina,
2619 504 2675 549 et
2702 494 2791 548 illa
2818 493 2908 547 tibi
2932 493 3223 547 ministret.
3257 492 3313 548 Si
3337 506 3409 548 sn
3433 493 3615 548 ebrio-

2008 605 2086 650 sa.
2115 588 2266 643 aufer
2287 587 2602 642 occasiones
2631 585 2908 641 ebrietatis
2934 600 2949 649 ;
2979 599 3111 639 voca
3134 585 3407 648 maritum,
3440 591 3492 639 et
3515 586 3610 638 ad-

2009 696 2189 737 mone.
2221 682 2412 734 Annon
2440 680 2593 734 vides
2626 694 2787 750 quam
2820 680 2891 733 sit
2922 689 3077 748 turpe
3107 678 3379 733 verberari
3409 678 3607 733 mulie-

2009 773 2163 827 rem?
2194 772 2291 840 Qui
2323 772 2584 826 adversus
2611 772 2757 825 viros
2800 770 2921 823 latis
2952 769 3158 840 legibus
3183 769 3600 824 innumerabilia

2009 871 2316 917 statuerunt
2339 905 2351 925 ,
2382 863 2657 925 ustiones,
2691 860 3018 931 qumstiones
3042 869 3096 914 ct
3125 869 3392 915 tormenta
3420 903 3434 929 ,
3479 876 3605 915 raro

2013 956 2292 1011 mulierem
2342 954 2713 1025 suspendunt,
2748 952 2841 1008 sed
2883 952 2948 1007 ad
2999 953 3399 1023 impingendam
3442 968 3613 1022 usque

2012 1047 2219 1116 alapam
2245 1047 2378 1100 iram
2408 1047 2625 1099 sistunt.
2679 1044 2847 1099 Tanta
2879 1054 3059 1099 autem
3086 1045 3167 1098 usi
3200 1054 3326 1098 sunt
3352 1044 3615 1099 adversus

2015 1148 2259 1193 naturam
2291 1136 2611 1192 verecundia
2634 1178 2649 1201 ,
2709 1144 2765 1189 ut
2811 1150 2879 1189 ne
2906 1149 3031 1189 cum
3058 1135 3353 1190 necessitas
3384 1135 3601 1205 quidem

2015 1228 2251 1299 postulat
2294 1244 2412 1283 eam
2464 1226 2831 1297 suspendant,
2866 1225 3100 1280 maxime
3143 1226 3188 1280 si
3219 1241 3502 1295 prmgnans
3523 1236 3616 1281 sit.

2016 1322 2113 1376 Est
2139 1322 2285 1377 enim
2315 1322 2431 1376 viro
2465 1320 2703 1377 dedecus
2730 1320 3027 1375 verberare
3059 1320 3345 1374 mulierem
3377 1341 3389 1375 :
3442 1320 3488 1374 si
3518 1335 3617 1373 au-

2018 1426 2125 1469 tem
2170 1415 2322 1482 viro,
2358 1414 2527 1469 multo
2585 1413 2752 1485 magis
2798 1414 2845 1469 ei
2896 1429 3017 1483 qua:
3046 1422 3128 1466 est
3157 1412 3400 1483 ejusdem
3433 1429 3616 1469 sexus.

2019 1510 2154 1565 Ilinc
2187 1510 2319 1564 ﬂttnt
2364 1511 2495 1566 viris
2525 1525 2704 1565 exosa:
2738 1511 3016 1567 mulieres.
3044 1510 3183 1578 Quid
3214 1526 3365 1580 ergo,
3396 1509 3617 1581 quando

2018 1604 2333 1658 scortator?
2361 1602 2535 1674 Jungc
2558 1618 2677 1659 eam
2711 1604 3082 1669 matrimonio,
3129 1613 3346 1673 amputa
3371 1604 3617 1657 occasio-

2022 1712 2118 1751 nes
2159 1697 2507 1752 scortationis
2534 1739 2548 1762 ,
2605 1712 2672 1750 ne
2703 1697 2851 1751 sinas
2879 1712 2997 1751 eam
3028 1696 3241 1751 deliciis
3271 1706 3326 1751 et
3367 1696 3494 1751 luxu
3523 1694 3624 1748 dif-

2020 1786 2205 1841 ﬂuere.
2237 1788 2375 1856 Quid
2406 1804 2566 1852 vero,
2614 1788 2657 1842 si
2688 1786 2933 1842 furctur?
2969 1787 3192 1843 Custodi
3225 1798 3276 1841 ct
3307 1788 3555 1842 observa.
3578 1787 3623 1841 Ο

2019 1878 2380 1951 hyperbolen!
2426 1894 2527 1950 ego
2554 1894 2679 1944 cro,
2707 1880 2912 1949 inquit,
2943 1878 3171 1934 custos?
3223 1878 3267 1934 Ο
3288 1880 3579 1934 amentiam
3605 1881 3619 1931 l

2017 1987 2134 2037 cur,
2176 1986 2330 2041 rogo,
2376 1986 2483 2026 non
2512 1971 2620 2025 eris
2646 1970 2868 2025 custos?
2900 1986 3080 2024 nonne
3108 1969 3351 2038 ejusdem
3378 1971 3573 2023 anima:
3599 2011 3613 2031 .

2024 2062 2176 2132 cujus
2210 2072 2264 2117 tu
2293 2104 2306 2127 ,
2337 2070 2420 2116 est
2462 2061 2769 2132 particeps?
2798 2076 2979 2116 nonne
3004 2060 3211 2116 eisdem
3235 2076 3264 2113 a
3297 2061 3407 2115 Deo
3428 2070 3513 2116 est
3538 2058 3619 2115 di-

2021 2166 2179 2227 gnata
2207 2156 2229 2209 ?
2259 2171 2439 2211 nonne
2467 2155 2658 2210 eadem
2691 2170 2876 2210 mensa
2922 2154 3160 2208 fruitur?
3214 2169 3394 2209 nonne
3447 2164 3623 2210 tecum

2022 2250 2183 2303 habet
2222 2263 2564 2303 communem
2594 2247 2811 2318 generis
2842 2246 3217 2301 nobilitatem?
3264 2246 3402 2314 Quid
3430 2248 3473 2301 si
3499 2256 3582 2301 est
3608 2290 3622 2311 ,

2021 2341 2212 2411 inquit,
2246 2339 2532 2405 maledica,
2566 2351 2622 2394 et
2648 2339 3030 2403 conviciatrix,
3058 2338 3254 2408 loquax
3283 2349 3336 2392 et
3363 2337 3626 2393 ebriosa?

2022 2434 2164 2502 Quot
2197 2441 2377 2487 autem
2408 2432 2669 2487 mulieres
2698 2432 2883 2487 libera:
2931 2441 3059 2486 sunt
3099 2430 3412 2501 ejusmodi?
3443 2432 3625 2485 omnia

2026 2537 2208 2579 autem
2268 2524 2556 2579 mulierum
2608 2524 2735 2578 vitia
2793 2532 2845 2579 et
2893 2523 3087 2578 delicta
3128 2523 3268 2580 ferre
3298 2524 3441 2579 viros
3464 2524 3627 2594 ju.~sit

2026 2616 2189 2671 Deus.
2242 2614 2567 2681 Dummodo,
2618 2614 2810 2683 inquit,
2847 2629 2952 2667 non
3001 2614 3071 2667 sit
3097 2624 3376 2679 scortum,
3428 2622 3624 2668 cmtera

2026 2706 2205 2761 omnia
2220 2704 2299 2760 fer
2318 2704 2511 2760 delicta
2538 2713 2593 2759 et
2615 2704 2765 2758 vitia.
2798 2704 3025 2759 Etiamsi
3052 2704 3119 2759 sit
3146 2704 3380 2772 ebriosa,
3403 2706 3624 2759 Etiamsi

2027 2796 2309 2865 maledica,
2365 2796 2575 2851 etiamsi
2621 2796 2838 2865 loquax,
2886 2795 3097 2849 etiamsi
3144 2796 3360 2861 invida,
3416 2797 3625 2852 etiamsi

2033 2897 2369 2958 sumptuosa,
2389 2887 2597 2943 etiamsi
2628 2901 2955 2941 consumens
2981 2887 3282 2953 facultates,
3314 2886 3478 2941 habes
3505 2888 3627 2941 vita:

2027 2982 2269 3037 sociam:
2327 2994 2659 3050 componere
2696 2979 2854 3034 vitam
2899 2994 3121 3034 necesse
3145 2980 3236 3034 tibi
3260 2992 3378 3035 est:
3425 2980 3546 3037 ideo
3574 2992 3628 3037 tu

2028 3088 2089 3129 cs
2118 3083 2299 3143 caput.
2330 3072 2610 3143 Compone
2631 3087 2782 3143 ergo,
2809 3071 2893 3126 fac
2919 3071 3060 3142 quod
3096 3082 3243 3128 tuum
3268 3084 3372 3129 est.
3402 3074 3630 3132 Etiamsi

2029 3175 2247 3221 maneat
2270 3165 2536 3236 ejusmodi
2568 3173 2748 3219 utnon
2776 3165 2944 3235 possit
2970 3165 3169 3236 corrigi
3196 3182 3210 3232 ;
3241 3168 3455 3222 etiamsi
3487 3168 3631 3225 furc-

2032 3269 2139 3326 tur,
2162 3273 2314 3313 serva
2344 3266 2602 3329 quzesunt
2630 3266 2718 3312 tua
2749 3274 2759 3310 :
2792 3273 2859 3311 ne
2886 3257 3031 3311 illam
3062 3257 3199 3312 adeo
3222 3259 3429 3313 crucies
3455 3280 3468 3314 :
3500 3260 3542 3314 si
3565 3260 3635 3316 sit

2032 3352 2249 3420 loquax,
2295 3365 2359 3405 os
2383 3349 2433 3404 ei
2464 3350 2704 3404 obstrue.
2737 3349 2849 3404 l-loc
2880 3358 2964 3404 est
2994 3364 3219 3405 summa!
3252 3351 3631 3422 pltilosnphim.

2033 3442 2185 3496 Nune
2215 3451 2395 3497 autem
2450 3440 2694 3510 qumdam
2726 3442 3029 3496 veuiunteo
3059 3442 3281 3496 sawitia:
3304 3443 3632 3498 etabsurdi-

2037 3536 2162 3590 tatis
2184 3576 2200 3601 ,
2228 3543 2289 3588 ut
2318 3543 2480 3605 caput
2507 3534 2796 3603 detegant,
2827 3544 2881 3587 et
2906 3534 3129 3589 ancillas
3158 3535 3374 3589 trahant
3399 3537 3633 3607 capillis.

2108 3632 2161 3684 4.
2191 3628 2300 3684 Cur
2321 3643 2511 3683 omnes
2536 3627 2862 3682 erubuistis?
2892 3626 3007 3680 Non
3026 3628 3278 3682 omnibus
3302 3628 3420 3683 haec
3447 3630 3638 3685 dicun-

2039 3735 2173 3779 tur:
2223 3722 2316 3778 sed
2372 3722 2436 3776 iis
2482 3737 2603 3792 qua:
2649 3720 2715 3774 ad
2768 3730 2967 3774 tantam
3027 3720 3311 3775 trahuntur
3346 3721 3633 3778 feritatem.

2037 3815 2227 3872 Mulier
2251 3830 2317 3869 ne
2338 3815 2409 3869 sit
2433 3813 2642 3869 detecta
2670 3815 2744 3881 (ι.
2777 3811 2898 3868 Cor.
2931 3814 3017 3867 ll.
3042 3814 3075 3868 6
3106 3814 3147 3883 ),
3182 3813 3373 3885 inquit,
3404 3815 3597 3871 Paulus
3625 3836 3639 3873 :

2040 3917 2093 3962 tu
2150 3914 2329 3961 autem
2379 3905 2603 3959 omnino
2644 3904 2821 3959 velum
2874 3903 3097 3960 aufers?
3148 3905 3310 3961 Vides
3369 3907 3641 3978 quomodo

2044 3999 2269 4067 teipsam
2321 3995 2647 4053 contumelia
2692 3995 2905 4051 afﬂeis?
2954 3997 3133 4066 Atque
3173 3998 3220 4052 si
3275 3998 3369 4054 tibi
3424 3999 3640 4068 quidem

2043 4092 2188 4146 nudo
2228 4091 2406 4160 capite
2432 4097 2708 4160 appareat,
2752 4104 2870 4143 eam
2902 4104 3016 4143 rem
3044 4090 3182 4143 dicis
3208 4092 3589 4147 contumeliam
3627 4112 3640 4148 :

2044 4195 2097 4239 tu
2114 4192 2291 4239 autem
2314 4183 2482 4250 ipsam
2501 4180 2732 4248 nudans,
2753 4179 2885 4234 nihil
2900 4195 3061 4250 grave
3078 4195 3198 4235 esse
3219 4180 3391 4237 dicis?
3418 4183 3620 4240 Deinde

2044 4276 2239 4347 inquit,
2290 4273 2416 4345 quid
2445 4272 2491 4328 si
2537 4288 2643 4326 non
2666 4272 3015 4343 corrigatur?
3065 4272 3221 4341 Virga
3254 4281 3307 4327 et
3336 4274 3504 4345 plagis
3525 4290 3645 4331 eam

2042 4367 2266 4437 castiga.
2291 4365 2432 4431 Quot
2456 4373 2634 4418 autem
2666 4363 2830 4417 habes
2861 4370 2916 4418 tu
2948 4362 3073 4417 vitia
3101 4372 3155 4417 ct
3182 4363 3398 4429 delicta,
3452 4374 3507 4421 ct
3536 4382 3643 4421 non

2043 4457 2385 4528 cornigeris?
2420 4460 2549 4511 Ha‘c
2597 4470 2627 4509 a
2679 4454 2835 4509 nobis
2890 4470 3032 4511 nunc
3059 4470 3165 4510 non
3210 4455 3351 4511 dicta
3391 4467 3515 4512 sunt
3546 4474 3644 4529 pro

2050 4551 2181 4617 illis,
2205 4548 2301 4605 sed
2334 4562 2430 4618 pro
2461 4546 2617 4601 vobis
2645 4562 2764 4616 quae
2793 4547 2926 4601 estis
2957 4546 3163 4613 liberm,
3197 4556 3255 4601 ut
3278 4548 3409 4603 nihil
3442 4548 3651 4605 faciatis

2048 4642 2360 4699 indecorum
2399 4654 2576 4708 neque
2611 4646 2801 4707 turpe,
2835 4653 2903 4692 ne
2929 4653 3027 4693 vos
3055 4639 3199 4707 ipsas
3227 4638 3455 4695 lardatis.
3489 4638 3545 4694 Si
3588 4641 3643 4695 in

2051 4737 2134 4791 his
2174 4733 2316 4789 domi
2369 4746 2495 4801 erga
2539 4731 2787 4785 ancillam
2820 4728 2986 4784 fueris
3015 4729 3248 4795 erudita,
3298 4731 3423 4784 etsi
3456 4731 3602 4784 mitis
3628 4774 3643 4796 ,

2047 4839 2105 4885 et
2143 4844 2248 4883 non
2290 4826 2467 4897 gravis
2515 4839 2580 4879 ac
2627 4823 2854 4878 molesta
2880 4863 2896 4888 ,
2955 4822 3123 4877 multa
3174 4822 3345 4892 magis
3386 4822 3506 4877 talis
3544 4825 3651 4878 eris

2052 4937 2177 4991 erga
2239 4920 2434 4974 virum.
2487 4916 2620 4971 Nam
2681 4915 2724 4969 si
2785 4930 2907 4968 cum
2970 4914 3020 4967 in
3084 4921 3172 4966 tua
3229 4913 3300 4966 sit
3341 4921 3651 4982 potestate,

2055 5012 2188 5068 nihil
2217 5011 2322 5065 tale
2354 5010 2532 5064 facere
2571 5005 3035 5075 deprelicndaris,
3093 5004 3262 5058 multo
3306 5006 3476 5074 magis
3522 5006 3654 5061 nihil

2059 5104 2165 5158 tale.
2195 5101 2360 5156 facies
2380 5140 2395 5165 ,
2442 5097 2658 5169 quando
2685 5096 2956 5166 quidpiam
2989 5095 3311 5164 prohibebit.
3364 5096 3481 5163 Quo
3515 5096 3571 5151 ﬂt
3601 5109 3655 5152 ut

2059 5212 2178 5266 quae
2208 5196 2259 5248 in
2289 5190 2482 5246 ancilla
2533 5200 2816 5244 exercetur
2870 5188 3204 5257 philosophia
3232 5232 3245 5253 ,
3305 5188 3528 5244 multum
3562 5206 3654 5247 vus

2054 5287 2208 5357 juvet
2254 5283 2317 5337 ad
2371 5281 2764 5336 conciliandam
2821 5281 3135 5335 maritorum
3201 5280 3652 5336 benevolentiam.

2067 5375 2205 5430 Nam
2225 5391 2321 5441 qua
2340 5390 2576 5425 mensura
2605 5372 2762 5426 mensi
2785 5372 3003 5443 fuem‘tis,
3036 5371 3212 5424 eadem
3234 5373 3541 5441 rependetur
3563 5388 3650 5428 νο-

2063 5461 2138 5516 bis
2190 5458 2404 5532 (Matth.
2429 5458 2480 5510 7.
2511 5457 2595 5528 2}.
2628 5457 2848 5526 [inpone
2879 5457 2959 5511 ori
2986 5456 3230 5521 frenum;
3259 5466 3314 5512 et
3340 5459 3382 5513 si
3412 5467 3463 5514 te
3491 5475 3651 5516 excr-

2064 5553 2244 5610 cueris
2274 5564 2329 5607 ut
2354 5550 2476 5606 forti
2506 5561 2557 5603 et
2585 5564 2853 5620 generoso
2878 5550 3059 5604 animo
3087 5549 3228 5606 feras
3258 5551 3507 5605 ancillam
3537 5568 3652 5608 mo-

2069 5647 2259 5702 lestam
2276 5658 2338 5697 ac
2353 5642 2649 5705 diflicilem,
2682 5656 2780 5696 nec
2802 5655 2919 5694 eam
2942 5649 3062 5710 qtae
3082 5650 3165 5695 εει
3194 5640 3284 5696 tibi
3317 5658 3411 5711 par
3431 5643 3655 5703 honore,

2072 5752 2138 5793 ne
2166 5736 2209 5791 si
2243 5736 2312 5789 sit
2341 5733 2556 5804 quidem
2587 5732 2993 5799 contumeliosa,
3024 5748 3166 5803 aegre
3188 5733 3362 5798 feres;
3398 5748 3505 5790 non
3523 5750 3663 5805 :egte

2071 5828 2247 5883 ferens
2287 5836 2464 5880 autem
2488 5866 2501 5893 ,
2562 5832 2612 5879 te
2645 5833 2790 5880 recte
2822 5823 2873 5879 in
2923 5839 3131 5880 summa
3162 5826 3395 5896 gesseris
3424 5825 3661 5895 philoso-
3744 5862 3751 5868 -
