4092 6490
523 325 613 380 ιιι
1327 328 1385 385 s.
1412 329 1686 386 JOANNIS
1722 329 2192 387 cuuvsosront
2231 333 2542 395 ARCIIIEP.
2586 346 2921 408 cessum
2939 355 3111 415 mor.

526 440 669 505 phia.
725 439 860 494 Sunt
891 441 1052 496 etiam
1081 442 1324 512 quzcdam
1373 459 1493 513 qua:
1533 443 1736 498 addunt
1758 444 2059 514 juramenta
2088 462 2102 500 :

519 530 646 584 nihil
675 540 758 586 est
784 541 960 586 autem
993 534 1199 602 turpius
1242 550 1399 604 quam
1437 549 1500 589 ea
1548 550 1666 604 quae
1707 536 1784 591 sic
1836 536 2101 592 irascitur.

518 618 654 686 Quid
689 636 819 676 vero
840 663 855 687 ,
899 623 1102 691 inquit,
1133 623 1177 676 si
1202 620 1323 677 fuco
1354 626 1578 679 utatur?
1606 624 1720 681 Hoc
1750 625 1974 696 prohibe
1994 667 2008 693 ,
2052 636 2106 681 et

518 727 616 777 ego
644 713 736 765 tibi
769 715 1065 767 assentiar:
1092 714 1318 784 prohibe
1340 725 1520 771 autem
1542 731 1571 770 a
1602 726 1653 772 te
1684 717 1964 788 incipiens,
1998 734 2103 772 non

519 811 723 857 tantum
773 817 957 868 metu,
1010 815 1268 873 quantum
1311 807 1600 877 exemplo:
1643 808 1718 862 sis
1759 809 1809 862 in
1853 808 2103 863 omnibus

517 894 794 965 exemplar
815 896 1189 969 archetypum.
1222 898 1286 952 Et
1314 900 1647 971 blasphemia,
1680 901 1870 970 inquit,
1896 901 2104 955 tollatur

515 1001 547 1037 a
577 987 728 1039 vobis.
758 984 894 1041 Vide
918 990 1191 1058 quomodo
1215 991 1707 1060 proccdatmalum.
1740 993 2101 1047 Amaruleutia

514 1077 723 1145 peperit
756 1077 892 1131 iram
920 1120 935 1145 ,
983 1079 1061 1133 ira
1095 1081 1511 1151 indignationem
1531 1123 1547 1149 ,
1577 1082 1869 1154 indignatio
1897 1085 2103 1138 clamo-

514 1179 628 1218 rem
649 1205 664 1230 ,
691 1167 895 1222 clamor
936 1167 1320 1239 blasphemiam
1342 1214 1358 1239 ,
1389 1172 1438 1226 id
1482 1182 1598 1241 est,
1641 1172 1954 1240 maledicta;
1988 1174 2101 1228 bla-

512 1255 753 1324 sphemia
781 1257 996 1315 demum
1026 1263 1226 1332 plagas,
1256 1264 1424 1334 plngm
1457 1266 1692 1331 vulnera,
1719 1265 1833 1320 haec
1851 1275 2098 1321 mortem.

515 1348 585 1400 At
612 1347 741 1401 nihil
768 1347 958 1404 horum
993 1352 1155 1406 voluit
1177 1352 1359 1409 dicere
1385 1353 1601 1418 Paulus,
1629 1354 1725 1410 sed
1752 1356 1852 1411 hoc
1874 1365 2098 1420 tantum,

513 1436 751 1494 Tollatur
775 1458 888 1495 cunt
930 1445 1067 1497 omni
1113 1445 1327 1499 malitia.
1357 1445 1495 1514 Quid
1522 1455 1606 1502 est
1633 1446 1782 1513 illud,
1813 1446 1936 1502 Cum
1964 1449 2102 1502 onmi

517 1530 756 1587 malitia!
808 1530 994 1589 Omnis
1042 1535 1184 1589 enim
1228 1537 1425 1591 malitia
1468 1538 1521 1592 in
1567 1536 1670 1594 hoc
1698 1538 1914 1594 desinit.
1963 1538 2100 1594 Sunt

518 1623 660 1677 enim
709 1624 925 1695 quidam
955 1627 1094 1682 sicut
1140 1642 1302 1684 canes
1350 1628 1655 1685 mordentes
1698 1628 1959 1697 latenter,
2008 1630 2099 1700 qui

514 1713 786 1769 accedenti
814 1715 1032 1786 quidem
1066 1733 1171 1773 non
1201 1719 1483 1787 allatrant,
1515 1734 1687 1790 neque
1713 1735 1835 1775 cum
1862 1735 2002 1791 aegre
2024 1720 2101 1777 fe-

514 1813 679 1871 runt,
730 1804 1067 1863 blandientes
1111 1819 1291 1865 autem
1359 1821 1412 1865 et
1468 1810 1702 1867 lenitatis
1751 1812 2098 1868 ostendentes

510 1894 763 1961 speciem,
810 1910 932 1951 cum
962 1914 1066 1953 non
1090 1899 1192 1954 sibi
1221 1909 1472 1955 caventes
1498 1901 1951 1971 apprehenderint
1972 1944 1987 1969 ,
2018 1903 2099 1958 eis

510 1986 698 2041 dentes
722 1986 945 2058 inﬁgunt
976 2008 989 2045 :
1027 1990 1059 2044 ii
1087 2000 1210 2045 sunt
1233 1992 1508 2063 graviores
1530 2035 1544 2057 ,
1572 2009 1731 2063 quam
1761 1995 1850 2063 qui
1880 2007 2095 2065 apertas

509 2078 809 2149 suscipiunt
843 2080 1168 2136 inimicitias.
1202 2081 1465 2151 Quoniam
1517 2099 1647 2155 ergo
1685 2095 1812 2140 sunt
1848 2085 2096 2143 homines

508 2184 721 2238 quoque
745 2184 925 2238 canes,
958 2187 1134 2244 neque
1162 2174 1457 2230 clamantes
1485 2192 1660 2247 neque
1688 2178 1979 2235 irascentes
2001 2194 2098 2237 nc-

508 2274 614 2329 que
637 2272 780 2331 tegre
808 2260 1041 2319 ferentes
1067 2264 1352 2331 minantur,
1379 2266 1472 2321 sed
1498 2268 1634 2323 clam
1657 2267 1810 2325 dolos
1833 2286 2099 2327 consueu-

511 2358 614 2412 tes.
664 2360 717 2405 et
767 2353 906 2407 mala
949 2362 1222 2410 struentes
1266 2356 1566 2423 innumera,
1614 2369 1669 2415 et
1698 2360 1859 2416 rebus
1886 2362 2013 2431 ipsis
2042 2373 2097 2419 et

514 2440 671 2496 factis
702 2442 1038 2510 ulciscentes,
1064 2446 1160 2500 hos
1191 2462 1403 2517 quoque
1434 2449 1809 2504 subindicavit.
1836 2450 2089 2520 Toltatur,
2160 2465 2165 2470 ‘

508 2531 702 2601 inquit,
752 2550 784 2587 a
825 2534 961 2589 vobis
1000 2552 1115 2590 cum
1160 2537 1298 2591 omni
1324 2538 1542 2594 malitia.
1588 2539 1665 2595 Ne
1689 2541 1862 2595 verbis
1882 2541 2093 2612 quidem

510 2635 722 2690 parcas,
770 2621 925 2680 factis
968 2634 1145 2681 autem
1176 2628 1472 2684 ulciscaris.
1523 2628 1642 2701 μεθ
1697 2631 1816 2687 ideo
1860 2632 2092 2704 linguam

508 2713 795 2783 castigavi,
828 2723 882 2770 et
908 2715 1024 2787 ejus
1050 2717 1342 2774 clamorem
1373 2722 1678 2791 amputavi,
1712 2738 1779 2779 ne
1808 2724 2097 2780 vehemen-

509 2805 702 2858 tiorem
753 2819 937 2876 rogum
992 2810 1347 2866 accenderet:
1397 2812 1642 2869 siautem
1688 2815 1847 2870 etiam
1889 2816 2093 2887 absque

3692 378 3789 432 H9

2215 452 2452 510 clamore
2478 460 2665 516 eadem
2689 463 2840 535 facis,
2874 480 2929 526 et
2955 474 3096 530 intus
3111 479 3210 534 alis
3235 496 3419 553 rogum
3438 496 3492 544 et
3507 491 3787 558 carbones,

2212 547 2339 613 quid
2372 548 2463 603 tibi
2498 554 2710 619 prodest
2741 559 3055 620 silentium?
3096 583 3164 624 an
3209 547 3388 631 nescis
3431 578 3673 638 incendia
3704 547 3790 645 illa.

2211 649 2331 691 esse
2347 641 2683 714 gravissima,
2709 665 2828 718 qua:
2844 668 2963 709 cum
2988 656 3129 715 intus
3152 662 3379 732 alantur,
3402 685 3506 725 nOiI
3531 688 3791 745 apparent

2210 729 2434 800 singulis
2464 736 2552 804 qui
2581 737 2710 793 foris
2736 743 3181 807 circumsistunt?
3207 765 3261 810 et
3290 760 3508 817 vulnera
3535 729 3655 834 ulna:
3683 785 3788 825 non

2209 835 2471 892 apparent
2489 830 2539 883 in
2562 834 2867 904 superﬁcie,
2890 850 2943 894 ct
2963 841 3136 901 febres
3152 862 3270 918 qua:
3298 850 3505 909 interna
3533 830 3793 918 adurunt?

2212 913 2284 969 Ita
2312 917 2474 974 etiam
2505 922 2582 975 ira
2613 925 2807 983 illmest
2829 934 3062 1001 gravior,
3116 913 3235 1009 quas
3263 941 3503 1013 depascit
3532 950 3788 1009 animam.

2211 1004 2317 1061 Sed
2367 1009 2479 1080 ipsa
2510 1028 2747 1087 quoque,
2777 1019 2967 1092 inquit,
3002 1004 3217 1087 tollatur
3244 1004 3365 1089 cum
3393 1040 3537 1093 omni
3566 1043 3788 1113 malitia,

2206 1106 2260 1151 et
2292 1114 2448 1167 parva
2477 1112 2531 1158 et
2552 1121 2763 1177 magna.
2794 1111 2849 1168 Si
2877 1129 3005 1187 ergo
3027 1134 3327 1191 pereamus,
3359 1137 3413 1182 et
3435 1144 3648 1188 etnncm
3687 1106 3790 1190 toi;

2207 1189 2379 1247 lamus
2417 1199 2826 1259 amaritudinem
2854 1216 2908 1262 et
2938 1211 3217 1279 malitiam,
3244 1233 3312 1272 ne
3340 1220 3553 1278 tristitia
3579 1224 3791 1283 afﬁcia-

2207 1295 2328 1337 mus
2352 1282 2608 1353 Spiritum
2651 1303 2894 1351 sanctum
2927 1316 2941 1352 :
2973 1304 3275 1362 auferamus
3304 1310 3559 1369 radicitus
3587 1321 3787 1373 amari-

2209 1374 2482 1444 tudinem,
2527 1395 2647 1437 eam
2676 1385 3068 1447 abscindatnus.
3093 1393 3244 1451 Nihil
3273 1398 3400 1455 boni
3452 1418 3626 1474 neque
3669 1410 3787 1464 sani

2205 1464 2334 1518 oriri
2358 1470 2634 1535 poteritex
2654 1490 2832 1533 amara
2851 1480 3031 1537 anima
3051 1501 3067 1538 :
3087 1498 3210 1541 sunt
3229 1490 3410 1545 omnia
3431 1493 3785 1568 calamitates,

2206 1556 2384 1612 omnia
2414 1557 2686 1635 lacrymte,
2715 1569 2894 1625 omnia
2926 1571 3363 1646 lamentationes,
3394 1582 3568 1639 luctus
3594 1598 3649 1643 et
3673 1556 3788 1659 eju:

2207 1643 2365 1701 latus.
2395 1648 2511 1707 Non
2543 1653 2736 1712 videtis
2773 1664 3042 1729 quomodo
3084 1643 3396 1728 aversemur
3436 1675 3639 1733 bestias
3667 1643 3789 1749 quae

2205 1735 2478 1795 clamant?
2508 1753 2565 1799 ut
2593 1745 2823 1817 leonem,
2855 1768 3070 1811 ursum:
3100 1758 3195 1814 sed
3217 1775 3324 1817 non
3351 1780 3507 1820 ovem
3536 1787 3550 1821 :
3576 1784 3680 1825 non
3704 1783 3789 1828 est

2205 1828 2346 1883 enim
2393 1831 2503 1888 illic
2543 1835 2781 1907 clamor,
2811 1842 2906 1898 sed
2933 1859 3034 1901 vox
3056 1849 3299 1918 qua‘dam
3330 1856 3494 1910 mitis.
3524 1858 3691 1915 Porro
3720 1877 3787 1917 ex

2205 1921 2575 1983 instrumentis
2617 1947 2833 2003 quoque
2880 1939 3097 1996 musicis
3126 1958 3477 2017 quaecumque
3514 1950 3788 2021 clamant,

2203 2025 2328 2097 sunt
2353 2018 2419 2073 ad
2458 2033 2651 2077 sonum
2681 2024 3089 2098 injucundiora,
3142 2043 3199 2088 ut
3230 2044 3479 2106 tympana
3507 2050 3563 2096 et
3592 2042 3735 2100 tubas

2203 2124 2324 2177 quae
2347 2119 2526 2167 autem
2557 2128 2661 2170 non
2692 2116 2763 2171 ita
2789 2120 3022 2176 sonitum
3049 2124 3236 2193 edunt,
3266 2127 3359 2207 sed
3393 2131 3673 2198 molliunt,
3721 2151 3785 2191 ea

2203 2209 2327 2257 sunt
2344 2200 2605 2272 jucunda,
2639 2215 2695 2262 ut
2719 2208 2866 2276 tibia,
2892 2211 3098 2270 cithara
3125 2226 3178 2271 et
3200 2201 3414 2275 ﬁstulae.
3442 2220 3531 2278 Sic
3545 2233 3786 2282 nostram

2203 2303 2415 2361 quoque
2441 2308 2828 2365 componamus
2859 2304 3123 2373 animam,
3166 2318 3224 2364 ιιι
3253 2326 3358 2366 non
3390 2313 3602 2382 clamet,
3634 2326 3691 2373 et
3717 2318 3791 2375 ita

2204 2383 2498 2450 poterimus
2523 2387 2683 2444 etiam
2709 2405 2964 2463 superare
2996 2397 3155 2459 iram.
3199 2411 3251 2456 et
3290 2418 3354 2458 ea
3381 2416 3654 2476 amputata
3686 2410 3787 2482 ipsi

2202 2472 2360 2542 primi
2385 2473 2628 2532 fruemur
2646 2484 3029 2553 tranquillitate
3051 2527 3066 2552 ,
3116 2499 3172 2545 et
3197 2491 3263 2546 ad
3295 2472 3637 2566 tranquillum
3663 2472 3790 2572 per-

2204 2570 2313 2617 tum
2341 2567 2708 2636 navigabimus
2732 2589 2746 2626 :
2776 2587 2933 2643 quem
2961 2575 3119 2634 detur
3141 2582 3294 2637 nobis
3321 2587 3570 2644 omnibus
3595 2567 3786 2649 censeo

2201 2656 2326 2725 qui,
2358 2658 2413 2714 in
2434 2658 2654 2717 Christo
2676 2662 2803 2719 Iesu
2827 2666 3052 2725 Domino
3081 2680 3288 2741 nostro,
3328 2691 3451 2733 cum
3490 2695 3597 2750 quo
3628 2682 3775 2740 Patri

2200 2746 2360 2803 simul
2411 2764 2531 2806 cum
2576 2762 2762 2810 sancto
2809 2756 3009 2828 Spiritu
3048 2762 3237 2833 gloria,
3274 2746 3548 2838 potentia,
3575 2772 3784 2844 honor,

2204 2854 2346 2895 nunc
2371 2851 2423 2896 et
2451 2856 2701 2915 semper,
2722 2855 2778 2902 et
2806 2849 2859 2903 in
2884 2852 3079 2907 szecula
3106 2857 3448 2915 sa'culorum.
3484 2862 3676 2920 Amen.

1879 2998 2225 3065 HOMILIA
2269 3005 2441 3068 XVI.

503 3133 634 3189 Car.
670 3134 722 3188 4.
748 3149 798 3188 v.
829 3135 918 3191 5i.
955 3137 1133 3193 Ouini:
1170 3141 1458 3195 amaritudo
1486 3151 1533 3197 et
1560 3142 1641 3197 ira
1667 3152 1715 3199 et
1743 3144 2023 3215 indignatio
2050 3155 2097 3200 et

574 3225 768 3279 clamor
800 3236 847 3280 et
875 3227 1188 3297 blasphemia
1217 3231 1427 3285 tollatur
1451 3250 1481 3286 a
1503 3235 1640 3289 vobis
1665 3250 1780 3288 cum
1804 3238 1943 3290 onmi
1981 3254 2095 3292 ma-

573 3318 701 3371 litia.
732 3316 822 3373 32.
851 3317 1027 3375 Estote
1051 3331 1222 3376 autem
1246 3324 1456 3379 inuicem
1480 3325 1700 3399 benigni,
1717 3330 2095 3401 misericordes,

572 3409 819 3465 donantes
837 3412 1069 3478 invicem,
1098 3413 1226 3467 sicut
1250 3423 1298 3469 et
1324 3414 1459 3471 Deus
1488 3419 1693 3474 donavit
1719 3419 1869 3478 vobis.

575 3502 626 3554 1.
657 3499 773 3555 Non
808 3500 1002 3558 sufﬁcit
1033 3503 1249 3561 liberari
1274 3522 1304 3562 a
1333 3509 1497 3577 vitio,
1539 3513 1584 3565 si
1625 3524 1836 3583 oportet
1878 3520 2091 3588 assequi

500 3606 725 3661 regnum
756 3592 1030 3660 caelorum,
1059 3596 1153 3652 sed
1181 3598 1340 3653 etiam
1371 3602 1539 3657 multo
1569 3604 1821 3661 virtutum
1850 3623 1984 3677 opus
2008 3618 2093 3664 est

503 3685 782 3740 exercitio.
808 3685 940 3741 Nam
972 3697 1029 3743 ut
1057 3703 1088 3743 a
1114 3690 1356 3759 gehenna
1376 3695 1589 3764 quidem
1624 3697 1936 3766 liberemur,
1963 3702 2091 3757 abs-

503 3774 676 3829 tinere
700 3785 913 3845 oportet
937 3794 965 3831 a
994 3780 1234 3847 scelere;
1263 3795 1320 3838 ut
1349 3794 1524 3842 autem
1569 3804 1789 3858 regnum
1838 3805 2093 3862 assequa-

503 3879 642 3930 nmr,
673 3865 842 3922 virtus
872 3877 949 3923 est
977 3872 1366 3940 amplecti-mla.
1403 3879 1483 3933 An
1510 3881 1730 3936 nescitis
1749 3882 1892 3950 quod
1924 3883 1975 3936 in
1998 3898 2092 3938 ex-

501 3959 850 4014 ternis‘etiam
867 3961 1102 4031 iudiciis,
1130 3968 1342 4037 quando
1368 3970 1501 4026 facta
1524 3975 1918 4039 examinantur,
1942 3983 1997 4031 et
2021 3977 2088 4031 ad

499 4050 815 4105 concionem
845 4057 1097 4111 convenit
1127 4066 1232 4113 tota
1261 4062 1471 4126 civitas,
1505 4063 1574 4118 ita
1608 4063 1735 4118 ﬁat?
1761 4065 1818 4121 In
1846 4068 2086 4125 externis

499 4142 642 4196 eiiim
679 4142 895 4213 jndiciis
928 4155 1082 4203 vetns
1107 4159 1222 4205 erat
1253 4167 1401 4219 mos,
1431 4162 1489 4207 ut
1514 4167 1712 4209 corona
1738 4167 2088 4215 coronaretur

500 4247 683 4294 aurea.
718 4248 823 4288 non
856 4236 947 4306 qui
978 4237 1108 4294 nihil
1138 4240 1262 4294 mali
1296 4241 1498 4297 fecerat
1533 4244 1755 4310 civitati,
1799 4248 1900 4304 hoc
1939 4251 2084 4307 enim

498 4324 671 4378 solum
701 4324 901 4381 sufﬁcit
935 4327 1001 4382 ad
1040 4344 1144 4386 non
1184 4330 1392 4387 dandas
1434 4349 1653 4404 poenas;
1684 4338 1778 4393 sed
1807 4341 1969 4396 etiam
1994 4343 2082 4412 qui

500 4415 708 4484 magnis
736 4431 853 4472 eam
880 4418 1135 4489 affecerat
1173 4421 1468 4480 beneﬁciis.
1511 4424 1600 4481 Sic
1638 4430 1922 4498 Oportebat
1962 4431 2084 4488 duci

495 4505 560 4559 ad
591 4504 733 4561 hunc
758 4507 1035 4566 honorem.
1069 4509 1175 4567 Sed
1205 4515 1387 4569 nescio
1407 4518 1677 4585 quomodo
1697 4522 2084 4591 propemodum

499 4608 586 4649 me
622 4594 802 4668 etl‘ugit
822 4637 838 4663 ,
869 4601 1014 4670 quod
1041 4602 1192 4657 vobis
1224 4604 1455 4662 maxime
1483 4610 1705 4666 necesse
1738 4620 1855 4666 erat
1880 4613 2080 4671 dicere.

496 4684 666 4755 Hujus
691 4691 832 4744 enim
857 4692 1134 4749 divisionis
1157 4695 1383 4765 primam
1406 4714 1622 4756 resumo
1650 4713 1853 4772 partem
1875 4747 1891 4772 ,
1920 4722 2081 4777 parva

495 4776 726 4845 quadam
769 4781 1005 4838 adhibita
1052 4787 1407 4844 correctione.
1458 4790 1590 4847 Nam
1636 4795 1884 4864 quoniam
1923 4776 2076 4867 dixi,

495 4867 639 4936 quod
669 4884 738 4925 ne
761 4872 1014 4928 cedamus
1043 4874 1093 4929 in
1120 4877 1420 4945 gehennam
1443 4923 1457 4949 ,
1491 4881 1689 4939 sufﬁcit
1716 4887 1872 4942 nobis
1900 4904 2080 4947 reces-

493 4971 589 5013 sus
613 4973 643 5013 a
676 4962 836 5024 malo.
862 4963 1074 5020 interim
1100 4966 1226 5021 dum
1248 4969 1389 5035 dico,
1415 4974 1544 5028 mihi
1565 4988 1825 5036 venerunt
1850 4981 1901 5036 in
1930 4998 2079 5040 men-

494 5057 604 5104 tem
640 5052 882 5121 quaedam
911 5056 1069 5111 mium
1098 5060 1369 5117 terribiles
1399 5066 1719 5135 supplicium
1749 5070 2038 5131 inferentes
2059 5118 2074 5144 ,

493 5154 601 5195 non
642 5142 707 5197 iis
747 5143 835 5213 qui
876 5146 1000 5201 mali
1043 5149 1312 5221 quidpiam
1351 5154 1704 5230 admiserunt,
1730 5163 1824 5218 sed
1851 5179 1945 5221 eos
1975 5142 2074 5236 pus

490 5230 720 5299 pientes,
762 5236 851 5305 qui
892 5237 1015 5293 boni
1060 5242 1254 5312 aliquid
1294 5252 1770 5316 prmtermiserunt.
1815 5230 2070 5325 Quianam

491 5332 669 5377 autem
710 5340 789 5380 eae
830 5330 992 5384 sunt?
1029 5331 1162 5387 Cum
1204 5337 1517 5407 advenerit,
1567 5344 1777 5415 inquit,
1825 5338 1940 5404 dies
1983 5351 2075 5407 ille

485 5414 778 5481 terribilis,
827 5434 934 5489 quo
980 5436 1040 5478 se
1086 5426 1277 5484 sistere
1319 5442 1561 5501 oportet,
1603 5414 1657 5490 in
1705 5438 1954 5494 tribunali
1978 5456 2072 5498 se-

490 5503 627 5561 deus
656 5507 849 5576 Judex,
878 5516 1068 5573 ovibus
1094 5521 1305 5590 quidem
1338 5529 1552 5584 statutis
1574 5543 1604 5584 a
1626 5529 1863 5598 dextris,
1896 5534 2071 5592 haedis

487 5607 620 5686 vero
639 5612 669 5651 a
697 5599 949 5671 sinistris,
976 5610 1162 5667 ovibus
1190 5616 1404 5683 quidem
1432 5618 1575 5675 dicet
1604 5637 1619 5675 :
1663 5620 2039 5686 Venite,bencdi
2056 5658 2069 5669 -

480 5685 548 5741 cli
579 5684 751 5745 Patris
778 5696 874 5750 mei
890 5738 906 5765 ,
941 5703 1189 5770 possidete
1222 5723 1434 5779 regnum
1458 5711 1597 5768 vobis
1620 5724 1852 5783 paratum
1880 5734 1912 5773 a
1939 5734 2061 5774 con-

2202 3148 2459 3206 stitutione
2487 3155 2693 3222 mundi,-
2721 3159 2903 3215 σθαι·ευί
2928 3163 3082 3228 enim,
3108 3174 3153 3220 et
3183 3167 3389 3224 dedistis
3411 3171 3535 3226 mihi
3556 3174 3626 3228 ad
3648 3192 3789 3230 com-

2203 3240 2449 3295 edendum
2465 3243 2680 3314 (Jlattlt.
2701 3247 2791 3304 25.
2816 3251 2904 3305 54.
2919 3252 3032 3323 35).
3058 3255 3168 3312 Hoc
3192 3260 3445 3328 praiclarc
3468 3280 3483 3319 :
3505 3266 3790 3335 oportebat

2199 3331 2342 3386 enim
2362 3347 2459 3389 eos
2486 3342 2647 3392 tanta;
2673 3336 3019 3412 benignitatis
3046 3346 3183 3404 hanc
3212 3352 3453 3422 accipere
3474 3331 3790 3415 remunera-

2200 3422 2398 3479 tionem
2429 3443 2443 3480 :
2473 3430 2614 3497 quod
2643 3441 2819 3487 autem
2849 3437 2937 3505 qui
2968 3441 3247 3509 egentibus
3276 3460 3380 3499 non
3412 3447 3789 3518 impertierunt

2197 3532 2263 3570 ex
2294 3517 2358 3572 iis
2386 3534 2506 3589 qua:
2529 3522 2629 3591 ipsi
2654 3523 2941 3595 habebant,
2974 3544 3080 3585 non
3110 3534 3281 3589 solum
3311 3536 3380 3591 ita
3407 3517 3694 3607 puniantur
3721 3554 3787 3600 ut

2198 3608 2472 3676 priveutur
2494 3612 2648 3668 bonis
2667 3657 2683 3682 ,
2714 3616 2806 3672 sed
2833 3620 2994 3674 etiam
3020 3620 3087 3676 ad
3119 3622 3292 3693 ignem
3321 3627 3580 3697 gehennae
3603 3640 3783 3689 trans-

2198 3697 2494 3767 mittantur,
2521 3703 2624 3759 hoc
2647 3719 2931 3775 quamnam
2962 3710 3123 3767 habet
3148 3715 3453 3774 rationem?
3484 3720 3656 3776 [labet
3679 3738 3784 3779 au-

2198 3799 2304 3846 tem
2334 3791 2438 3848 hoc
2461 3809 2674 3866 quoque
2704 3815 2809 3856 non
2837 3804 3011 3858 minus
3036 3819 3437 3877 congruentem,
3462 3828 3620 3882 quam
3648 3815 3783 3872 illud

2198 3884 2366 3953 prius,
2394 3888 2677 3975 rationem.
2721 3893 2851 3949 Nam
2894 3911 2991 3966 per
3032 3898 3134 3954 hoc
3166 3902 3463 3970 erudimur,
3504 3907 3644 3974 quod
3688 3911 3782 3980 qui

2194 3977 2330 4031 bona
2367 3972 2582 4049 quidem
2624 3982 2882 4053 fecerunt,
2927 3988 3170 4047 fruentur
3212 3993 3366 4051 bonis
3406 3972 3533 4067 quas
3562 3972 3780 4056 suntin

2193 4068 2377 4122 cadis:
2409 4071 2442 4124 ii
2468 4085 2626 4139 vero,
2659 4074 2710 4129 in
2753 4091 2886 4146 quos
2921 4095 3026 4135 non
3070 4084 3212 4139 cadit
3258 4088 3607 4155 reprehensio
3631 4093 3778 4161 quod

2192 4159 2389 4230 aliquid
2415 4163 2538 4217 mali
2563 4164 2806 4236 fecerint,
2829 4170 3029 4241 aliquid
3054 4184 3231 4230 autem
3262 4175 3385 4233 boni
3415 4159 3781 4249 praetermise-

2191 4262 2334 4319 runt,
2366 4270 2488 4310 cum
2512 4257 2576 4313 iis
2598 4261 2686 4329 qui
2716 4262 2854 4317 mala
2879 4263 3141 4331 fecerunt,
3166 4267 3498 4326 abducentur
3517 4273 3569 4327 in
3595 4274 3777 4344 ignem

2190 4344 2467 4414 gehennae.
2496 4350 2607 4406 Nisi
2628 4355 2745 4423 quis
2766 4355 2905 4411 dicat
2929 4359 3072 4428 quod
3097 4359 3296 4417 bonum
3325 4363 3516 4421 fecisse
3544 4376 3627 4422 est
3649 4382 3778 4435 pars

2190 4436 2335 4504 vitii;
2370 4439 2471 4496 hoc
2508 4442 2652 4497 enim
2691 4454 2775 4500 est
2812 4447 2930 4513 otii,
2958 4451 3124 4505 otium
3152 4462 3330 4509 autem
3356 4464 3441 4511 est
3468 4471 3591 4526 pars
3619 4459 3773 4526 vitii;

2190 4526 2274 4584 vel
2300 4532 2474 4599 potius
2504 4549 2609 4589 non
2640 4548 2784 4605 pars,
2807 4537 2901 4594 sed
2930 4542 3144 4598 occasio
3171 4551 3226 4598 et
3245 4559 3403 4614 prava
3434 4547 3583 4601 radix
3612 4563 3775 4604 :nam

2188 4636 2348 4677 omne
2384 4624 2565 4680 vitium
2606 4627 2791 4684 docuit
2833 4631 3023 4686 otium.
3072 4632 3151 4689 Ne
3182 4650 3312 4707 ergo
3340 4637 3654 4706 insipienter
3677 4639 3777 4695 has

2189 4710 2526 4782 proferamus
2569 4717 3037 4792 interrogationes.
3081 4724 3183 4793 Qui
3228 4727 3359 4783 nihil
3395 4729 3480 4786 vel
3523 4730 3647 4785 mali
3693 4734 3775 4787 vel

2152 4846 2157 4849 -
2187 4805 2311 4861 boni
2340 4806 2486 4875 fecit,
2514 4825 2799 4880 quemnam
2825 4815 3001 4872 locum
3029 4818 3291 4889 accipiet?
3331 4821 3541 4878 Etenim
3569 4823 3776 4881 bonum

2185 4911 2291 4952 non
2324 4897 2539 4967 fecisse,
2572 4901 2676 4959 hoc
2695 4913 2780 4959 est
2800 4905 2991 4964 fecisse
3016 4910 3238 4966 malum.
3267 4911 3402 4969 Nam
3427 4914 3514 4970 die
3541 4915 3696 4986 mihi,
3731 4920 3777 4972 si

2184 5004 2343 5058 quem
2372 4990 2573 5048 habeas
2602 4992 2883 5065 famulum,
2911 5000 3002 5071 qui
3035 5017 3208 5072 neque
3234 5002 3463 5073 furetur,
3495 5021 3671 5075 neque
3706 5010 3773 5064 sit

2183 5084 2636 5153 contumeliosus,
2684 5103 2860 5161 neque
2903 5094 3256 5164 contradicat,
3297 5106 3351 5152 et
3394 5098 3463 5154 ab
3507 5098 3772 5157 ebrietate

2182 5174 2442 5230 abstineat
2476 5176 2546 5231 ab
2581 5178 2808 5250 aliisque
2845 5184 3116 5252 omnibus,
3152 5188 3247 5245 sed
3285 5198 3544 5261 perpetuo
3581 5193 3771 5249 sedeat

2182 5265 2406 5333 otiosus,
2436 5278 2492 5326 et
2518 5270 2650 5327 nihil
2677 5273 2835 5330 faciat
2857 5294 2921 5333 ex
2951 5279 3017 5336 iis
3042 5296 3159 5350 qua:
3186 5281 3416 5339 famulus
3442 5283 3604 5341 debet
3634 5286 3767 5341 hero

2184 5368 2462 5429 prmstare,
2504 5378 2610 5418 non
2658 5380 2780 5421 eum
2825 5369 3002 5425 cmdcs
3045 5370 3247 5442 ﬂagris,
3294 5389 3399 5430 non
3447 5376 3769 5448 torquebis?

2182 5449 2377 5518 Etiam,
2402 5452 2631 5525 inquies.
2654 5458 2814 5529 Atqui
2836 5460 2965 5514 nihil
2988 5463 3111 5517 mali
3133 5462 3278 5519 fecit.
3309 5465 3419 5520 lloc
3441 5466 3613 5537 ipsum
3636 5483 3764 5539 ergo

2179 5555 2262 5598 est
2278 5546 2497 5601 malum.
2517 5548 2644 5614 Sed,
2663 5551 2707 5604 si
2731 5552 2923 5620 placet,
2943 5554 3268 5613 deducamus
3283 5559 3580 5616 orationem
3598 5561 3760 5617 etiam

2179 5636 2243 5689 ad
2273 5638 2531 5709 reliquam
2570 5642 2757 5700 vitam.
2799 5644 2879 5701 Sit
2919 5647 3112 5719 aliquis
3153 5650 3405 5723 agricola,
3439 5653 3529 5724 qui
3559 5655 3757 5710 nostris

2170 5725 2513 5788 facultatibus
2537 5732 2668 5789 nihil
2695 5734 2821 5791 mali
2846 5733 3052 5809 aderat,
3078 5754 3248 5812 neque
3277 5740 3558 5801 insidietur
3579 5761 3753 5820 neque
