4092 6492
313 336 410 393 HI

307 453 611 518 τραύματα
677 453 930 512 θάνατον.
989 457 1130 512 Ἀλλ’
1185 460 1341 513 οὐδὲν
1402 461 1612 516 τούτων
1669 462 1908 532 ἠθέλησε

305 534 656 603 φθεγξασθαι
711 539 956 602 Παῦλος,
990 541 1104 594 ἀλλ’
1161 542 1194 612 ἢ
1231 542 1391 596 τοῦτο
1426 545 1610 614 μόνον,
1658 545 1911 612 Ἀρθήτω

301 618 432 672 σὺν
461 619 633 688 πάσῃ
660 623 862 688 κακίᾳ.
898 623 964 676 Τί
989 625 1128 688 ἐστι,
1158 625 1283 679 Σὺν
1313 626 1482 694 πάσῃ
1513 631 1730 696 zamia;
1754 629 1912 680 Πᾶσα

302 701 420 772 γάρ
455 703 627 755 κακία
663 706 742 766 είς
784 704 947 758 τοῦτο
981 708 1227 778 τελευτᾷ.
1269 710 1394 761 Εἰσὶ
1427 711 1532 781 γάρ
1562 729 1706 774 τινες
1739 712 1910 766 καθά·

305 802 416 854 περ
447 787 496 838 οί
535 785 903 857 λαθροδῆκται
939 789 1048 842 τῶν
1086 792 1288 854 κυνῶν,
1307 793 1355 846 οἳ
1375 795 1500 856 τοὺς
1529 795 1628 865 μὲν
1653 797 1910 865 προσιόν-

305 883 407 929 τας
437 868 592 920 οὐδὲν
627 869 982 939 ὑλακτοῦσιν,
1017 873 1139 926 οὐδέ
1171 875 1608 946 δυσχεραίνουσι·
1634 879 1914 942 σαίνοντες

305 949 360 1003 δὲ
393 952 492 1004 καὶ
518 955 797 1023 προσηνὲς
832 955 1272 1028 ἐπιδεικνύμενοι
1316 959 1526 1030 σχῆμα,
1560 961 1912 1030 ἀφυλάκτους

306 1033 592 1101 λαϐόντες,
649 1038 779 1101 τοὺς
814 1039 1035 1104 ὀδόντας
1071 1041 1368 1111 ἐνέπηξαν·
1404 1039 1551 1097 οὗτοι
1591 1043 1913 1115 χαλεπώτε-

313 1135 396 1188 ροι
421 1118 535 1171 τῶν
573 1120 639 1172 ἐκ
671 1122 910 1194 φανεροῦ
939 1126 1040 1194 τὴν
1056 1124 1258 1196 ἔχθραν
1281 1127 1716 1197 ἀναδεχομένων.
1757 1129 1915 1182 Ἐπεὶ

311 1197 403 1255 οὖν
438 1204 541 1256 καὶ
591 1202 874 1274 ἄνθρωποί
917 1209 1024 1260 εἰσι
1069 1209 1256 1273 κύνες,
1295 1211 1387 1263 καὶ
1421 1211 1547 1264 οὕτε
1589 1213 1911 1282 κράζοντες,

309 1284 435 1337 οὕτε
483 1285 856 1357 ὀργιζόμενοι,
921 1289 1046 1344 οὐτε
1107 1291 1555 1364 δυσχεραίνοντες
1597 1293 1910 1360 ἀπειλοῦσι,

313 1366 497 1438 λάθρα
529 1368 589 1422 δὲ
637 1371 944 1438 ράπτοντες
999 1373 1208 1438 δόλους,
1267 1377 1362 1428 καὶ
1408 1378 1915 1442 κατασκευάζοντες

315 1451 492 1521 μυρία
523 1453 694 1516 κακά,
723 1455 820 1506 καί
859 1455 927 1508 δι’
950 1456 1128 1527 ἔργων
1157 1457 1514 1530 ἀμυνόμενοι,
1549 1460 1644 1512 καὶ
1687 1460 1915 1524 τούτους

310 1535 559 1605 ᾐνίξατο.
633 1539 895 1605 Ἀρθήτω
939 1540 1041 1608 ἀφ’
1084 1543 1290 1610 ὑμῶν,
1350 1544 1506 1612 φησὶ,
1564 1543 1690 1597 σὺν
1745 1542 1913 1613 πάσῃ

310 1619 518 1684 κακίᾳ.
552 1618 646 1688 Μὴ
678 1621 946 1690 ῥημάτων
988 1623 1086 1692 μὲν
1121 1624 1329 1692 φείδου,
1361 1625 1450 1678 διὰ
1487 1625 1546 1678 δὲ
1590 1626 1698 1679 τῶν
1735 1626 1914 1697 ἔργων

311 1701 552 1769 ἀμύνου.
597 1703 737 1770 Ἐγὼ
776 1703 869 1757 διὰ
903 1703 1066 1758 τοῦτο
1098 1709 1197 1777 τὴν
1228 1707 1483 1776 γλῶσσαν
1517 1708 1776 1772 ἐκόλασα,
1812 1712 1907 1762 καὶ

311 1785 414 1854 τὴν
451 1785 701 1855 κραυγὴν
740 1787 917 1857 αὐτῆς
950 1789 1277 1860 περιέκοψα,
1309 1790 1398 1842 ’ίνα
1443 1790 1518 1861 μὴ
1561 1791 1654 1844 τὸν
1702 1793 1914 1863 πυρσὸν

311 1867 504 1939 ἀνάψῃ
539 1871 924 1941 σφοδρότερον
961 1875 1011 1924 εἰ
1064 1873 1120 1926 δὲ
1175 1875 1270 1926 καὶ
1323 1875 1498 1944 χωρὶς
1557 1875 1806 1946 κραυγῆς
1846 1875 1916 1928 τά

313 1953 462 2004 αὐτά
497 1956 696 2017 ποιεῖς,
733 1955 829 2007 καὶ
855 1954 1004 2009 ἔνδον
1036 1957 1266 2027 τρέφεις
1295 1960 1394 2028 τὴν
1439 1959 1626 2030 πυρὰν
1670 1961 1915 2024 καὶτοὺς

313 2035 621 2106 ἄνθρακας,
653 2037 707 2090 τί
739 2038 800 2091 τὸ
825 2039 1020 2108 ὄφελος
1051 2044 1150 2111 τῆς
1185 2042 1382 2110 σιγῆς;
1415 2044 1485 2095 Ἦ
1511 2044 1611 2096 οὐκ
1637 2039 1806 2106 οἶδας.
1833 2044 1916 2098 ὅτι

317 2120 374 2173 αἰ
427 2122 701 2191 πυρκαῖαί
752 2123 992 2193 μάλιστά
1049 2127 1155 2179 εἰσι
1199 2126 1609 2196 χαλεπώταται,
1653 2128 1822 2198 αἴπερ
1852 2127 1918 2182 ἂν

318 2202 469 2254 ἔνδον
498 2205 838 2276 τρεφόμεναι
873 2207 952 2278 μὴ
995 2209 1297 2278 φαίνωνται
1343 2213 1456 2274 τοῖς
1497 2211 1918 2280 περιεστηκόσιν

316 2288 516 2354 ἐκτός;
568 2289 664 2341 καὶ
687 2290 1006 2362 τραύματα,
1043 2294 1187 2363 άπερ
1235 2293 1301 2347 ἂν
1361 2294 1436 2364 μὴ
1474 2297 1555 2358 εἰς
1581 2294 1680 2365 τὴν
1708 2295 1916 2365 ἐπιφά-

315 2386 472 2424 νειαν
499 2368 776 2445 ἐξανθήσῃ
798 2389 812 2438 ;
839 2373 934 2428 καὶ
965 2380 1186 2446 πυρετοὶ
1215 2376 1332 2429 ὅσοι
1359 2377 1428 2430 τά
1444 2376 1692 2431 ἐντόσθια
1722 2378 1914 2432 καίοι»⁸

1195 343 1261 398 ΙΝ
1303 343 1524 403 EPIST.
1567 345 1657 399 AD
1694 344 1938 403 EPHES.
1971 345 2128 402 CAP.
2171 347 2264 402 1V.
2294 344 2533 401 UOMIL.
2576 345 2720 401 XVI.

3508 346 3612 403 ΗΞ

2024 478 2110 514 σιν
2137 479 2150 528 ;
2196 459 2358 514 Οὕτω
2398 460 2492 512 καὶ
2522 459 2661 531 ὀργὴ
2687 458 2826 530 αὕτη
2859 458 3217 530 χαλεπωτέρα
3247 461 3280 530 ἡ
3315 457 3414 530 τὴν
3435 459 3615 530 ψυχήν

2017 543 2410 614 ἐπινεμομένη.
2456 543 2618 596 Ἀλλά
2667 545 2762 596 καί
2808 543 2944 612 αὕτη
2996 542 3240 612 ἀρθήτω,
3305 544 3464 612 φησί,
3515 545 3614 594 σὺν

2018 629 2170 700 πάσῃ
2217 628 2407 697 κακίᾳ,
2467 629 2563 680 καὶ
2625 629 2798 698 μικρᾷ
2851 628 2946 680 καὶ
3000 627 3232 698 μεγάλῃ.
3291 627 3614 696 Πειθώμεθα

2013 699 2196 763 τοίνυν
2223 699 2395 779 αὐτῷ,
2433 711 2528 762 καὶ
2563 711 2746 762 πᾶσαν
2773 709 3000 780 πικρίαν
3051 712 3146 762 καὶ
3175 711 3356 762 πάσαν
3409 711 3610 764 κακίαν

2015 795 2348 865 ἐξαίρωμεν,
2380 794 2467 846 ἴνα
2525 795 2599 863 μὴ
2629 793 2892 863 λυπῶμεν
2942 793 3004 846 τὸ
3053 793 3279 864 Πνεῦμα
3322 794 3382 846 τὸ
3427 794 3605 862 ἅγιον.

2027 878 2332 947 Ἀνέλωμεν
2357 875 2650 948 πρόρριζον
2671 877 2768 946 τὴν
2783 876 3031 948 πικρίαν,
3059 877 3384 947 ἐκτέμωμεν
3404 878 3579 947 αὐτήν
3599 892 3610 904 “

2014 961 2180 1013 Οὐδὲν
2193 960 2395 1028 ἀγαθὸν
2413 960 2520 1013 ἀπὸ
2537 961 2739 1028 πικρᾶς
2759 959 2971 1026 γένοιτο
2986 961 3050 1012 ἂν
3070 960 3425 1030 ψυχῆς-,οὐδὲν
3441 959 3611 1029 ὐγιὲς,

2014 1043 2193 1096 πάντα
2221 1041 2520 1114 συμφοραὶ,
2541 1043 2718 1096 πάντα
2749 1041 2982 1111 δάκρυα,
3003 1043 3180 1095 πάντα
3201 1042 3388 1111 θρῆνοι
3411 1044 3505 1096 καὶ
3531 1044 3614 1094 ol-

2020 1130 2220 1200 μωγαί.
2264 1129 2375 1198 Οὐχ
2396 1129 2558 1198 όρᾶτε
2580 1127 2675 1180 καὶ¹
2697 1126 2806 1179 τῶν
2838 1125 3044 1197 Θηρίων
3071 1127 3170 1179 ὅσα
3193 1126 3257 1179 ἂν
3277 1126 3474 1197 κράζῃ,
3498 1125 3616 1189 πῶς

2015 1211 2474 1282 ἀποστρεφόμεθα
2494 1227 2506 1238 ·
2527 1204 2638 1263 οἷον
2657 1210 2748 1262 τὸν
2764 1208 2974 1270 λέοντα,
2995 1209 3094 1279 τὴν
3117 1209 3338 1279 ἄρκτον,
3360 1209 3473 1260 ἀλλ’
3497 1209 3616 1278 οὐχί

2014 1295 2076 1348 τὸ
2104 1297 2414 1366 πρόϐατον;
2451 1294 2510 1346 οὐ
2542 1292 2651 1364 γάρ
2687 1295 2836 1346 ἐστιν
2860 1294 2977 1345 ἐκεῖ
3001 1292 3242 1364 κραυγὴ,
3272 1291 3410 1345 ἀλλά
3442 1306 3616 1361 προσ-

2017 1381 2155 1450 ηνής
2178 1396 2262 1442 τις
2326 1379 2502 1448 φωνή.
2542 1379 2649 1429 Καὶ
2676 1375 2785 1429 τῶν
2819 1378 3070 1446 ὀργάνων
3103 1377 3159 1429 δὲ
3186 1375 3295 1430 τῶν
3317 1374 3615 1446 μουσικῶν,

2012 1462 2112 1515 ὅσα
2139 1461 2237 1531 μὲν
2273 1461 2340 1514 ἂν
2385 1461 2591 1531 κράζῃ,
2634 1459 2948 1531 ἀηδέστερά
2973 1463 3090 1512 ἐστι
3152 1459 3290 1529 πρὸς
3328 1459 3418 1512 τὸν
3449 1457 3619 1527 φθόγ-

2015 1561 2133 1612 γον,
2158 1537 2268 1596 οἷον
2291 1541 2571 1613 τύμπανα,
2604 1543 2926 1611 σάλπιγγες·
2949 1543 3017 1595 τὰ
3044 1543 3100 1595 δὲ
3142 1543 3216 1612 μὴ
3251 1540 3447 1604 οὕτως,
3482 1539 3620 1595 άλλά

2019 1627 2386 1698 μαλάττοντα,
2419 1625 2590 1678 ταῦτα
2629 1626 2785 1696 ήδέα,
2809 1621 2921 1678 οἷον
2944 1625 3108 1687 αὐλὸς
3149 1625 3244 1679 καὶ
3279 1624 3482 1696 κιθάρα
3509 1625 3606 1677 καὶ

2016 1708 2296 1781 σύριγγες.
2336 1707 2524 1772 Οὕτως
2568 1704 2662 1762 οὕν
2707 1709 2864 1779 ἡμῶν
2897 1709 2996 1780 τὴν
3026 1708 3204 1779 ψυχὴν
3240 1710 3606 1777 καταστήσω-

2019 1810 2141 1864 μεν,
2167 1792 2308 1845 ὥστε
2339 1793 2414 1864 μή
2449 1792 2695 1862 κράζει-ι’
2736 1795 2829 1846 καὶ
2862 1792 3007 1846 οὕτω
3028 1791 3373 1863 δυνησόμεθα
3399 1793 3492 1844 καὶ
3519 1792 3618 1862 τῆς

2016 1879 2188 1951 ὀργῆς
2216 1877 2645 1949 περιγενέσθαι·
2698 1876 2907 1948 ταύτην
2945 1877 3002 1931 δὲ
3055 1876 3413 1946 ἐκκόψαντες,
3463 1877 3618 1929 αὐτοὶ

2019 1964 2228 2034 πρῶτοι
2261 1964 2359 2033 τῆς
2390 1963 2637 2032 γαλήνης
2675 1962 3085 2033 ἀπολαύσομεν,
3110 1961 3202 2015 καὶ
3230 1963 3310 2024 είς
3330 1960 3422 2013 τὸν
3443 1959 3618 2012 εὕδιον

2022 2045 2372 2116 πλευσόμεθα
2406 2045 2629 2114 λιμέναο
2660 2037 2722 2097 οὕ
2753 2045 2965 2113 γένοιτο
2989 2044 3198 2106 πάντας
3247 2044 3398 2114 ἡμᾶς
3424 2044 3618 2095 ἐπιτυ-

2023 2132 2141 2198 χεῖν
2178 2131 2233 2182 ἐν
2264 2128 2488 2200 Χριστῷ
2529 2127 2708 2198 Ἰησοῦ
2747 2127 2824 2198 τῷ
2859 2126 3051 2198 Κυρίῳ
3086 2125 3262 2197 ήμῶν,
3291 2125 3414 2196 μεθ’
3448 2119 3510 2178 οὕ
3542 2125 3619 2195 τῷ

2025 2215 2200 2284 Πατρὶ
2251 2213 2366 2284 ἀμα
2395 2213 2473 2284 τῷ
2508 2213 2651 2282 ἁγίῳ
2699 2211 2980 2282 Πνεύματι
3019 2211 3168 2276 δόξα,
3200 2210 3427 2280 κράτος,
3455 2209 3613 2279 τιμὴ,

2023 2298 2119 2350 νῦν
2180 2298 2275 2350 καὶ
2331 2299 2438 2362 ἀεὶ,
2501 2297 2596 2350 καὶ
2647 2299 2728 2360 εἰς
2779 2297 2905 2359 τοὺς
2955 2295 3158 2358 αἰῶνας
3218 2293 3326 2346 τῶν
3379 2292 3616 2346 αἰώνων.

2035 2381 2094 2434 Ἀ
2105 2382 2212 2452 μήν

1687 2753 1840 2827 [H6]
1878 2755 2122 2809 ΟΜΙΛΙΑ
2158 2755 2273 2823 ις’.

321 2873 501 2955 uaga
534 2877 746 2955 πικρίᾳ
786 2875 902 2955 καίΔ
925 2876 1113 2955 Qum};
1142 2875 1240 2955 καὶ
1268 2876 1414 2955 ὀργὴ
1438 2876 1543 2955 ,καί
1566 2877 1799 2955 κραυγὴ
1822 2875 1922 2955 καί

385 2945 764 3015 βλασφημία
791 2947 1032 3013 ἀρθήτω
1057 2947 1158 3014 ἀρ’
1194 2945 1361 3014 ὑμῶν
1381 2947 1504 3000 σὺν
1521 2946 1690 3014 πάσῃ
1721 2945 1923 3014 κακίᾳ.

392 3017 660 3070 Γίνεσθε
692 3017 760 3068 δὲ
787 3020 877 3082 είς
916 3017 1234 3081 ἀλλήλους
1276 3017 1554 3086 χρηστοί,
1608 3019 1924 3086 εὔσπλαγ-

391 3103 552 3156 χνει.
616 3086 989 3155 χαριᾱὶμενοι
1042 3087 1314 3153 ἑαυτοῖς,
1358 3087 1556 3154 καθὼς
1580 3088 1677 3141 καί
1713 3091 1745 3142 ό
1780 3088 1922 3153 Θεὸς

391 3157 726 3225 ἐχαρίσατο
760 3159 838 3226 ὐμ
849 3157 926 3212 ἲν.

392 3316 464 3363 α’.
484 3311 602 3364 Οὐκ
625 3309 789 3381 ἀρκεῖ
803 3309 1002 3374 κακίας
1024 3309 1425 3381 ἀπαλλαγῆναι,
1445 3312 1493 3364 εἰ
1530 3310 1612 3363 δεῖ
1639 3311 1737 3381 τῆς
1775 3309 1927 3381 βασι-

324 3395 476 3461 λείας
527 3397 638 3452 τῶν
685 3397 934 3469 οὐρανῶν
982 3399 1286 3468 ἐπιτυχεῖν,
1318 3398 1454 3454 ἀλλά
1482 3399 1562 3452 δεῖ
1594 3399 1688 3452 καὶ
1725 3398 1924 3470 πολλῆς

323 3488 423 3556 τῆς
473 3484 588 3538 τῶν
635 3485 854 3556 ἀρετῶν
904 3485 1192 3556 ἐργασίας.
1230 3486 1346 3538 Ἴνα
1397 3485 1496 3557 μὲν
1544 3485 1655 3555 γὰρ
1703 3485 1928 3556 γεέννης

327 3571 759 3642 ἀπαλλαγῶμεν,
779 3573 1083 3644 ἀπέχεσθαι
1111 3573 1192 3626 δεῖ
1221 3574 1490 3644 πονηρίας
1516 3591 1530 3604 ο
1557 3573 1648 3627 ἵνα
1681 3573 1736 3626 δὲ
1773 3573 1927 3644 βασι-

326 3662 477 3725 λείας
530 3662 909 3732 ἐπιτύχωμεν,
936 3663 1265 3733 ἀντέχεσθαι
1319 3665 1416 3734 τῆς
1457 3663 1681 3735 ἀρετῆς.
1729 3664 1797 3716 Ἦ
1828 3663 1928 3716 οὐκ

329 3749 444 3802 ἴστε
469 3789 486 3813 ,
541 3749 628 3802 ὅτι
655 3750 750 3802 καὶ
780 3751 838 3802 ἐν
876 3752 990 3814 τοῖς
1027 3749 1227 3816 ἔξωθεν
1257 3750 1652 3822 δικαστηρίοις,
1683 3752 1814 3804 ὅταν
1841 3751 1928 3816 ἐξ-

327 3834 520 3900 έτασις
541 3834 575 3908 ᾖ
599 3836 712 3889 τῶν
745 3838 1135 3908 εἰργασμένων
1154 3878 1168 3902 ,
1197 3839 1294 3891 καὶ
1327 3839 1667 3910 ἐκκλησιάζῃ
1707 3840 1860 3892 πᾶσα
1895 3839 1928 3908 ή

327 3924 486 3989 πόλις
516 3965 531 3988 ,
563 3925 710 3978 οὕτω
755 3924 1006 3994 γίνεται;
1043 3927 1150 3979 Καὶ
1181 3927 1289 3997 γὰρ
1320 3927 1548 3980 ἐπὶτῶν
1575 3926 1774 3991 ἔξωθεν
1807 3926 1930 3989 ἔθος

326 4009 396 4084 ἦν
444 4014 717 4076 παλαιὸν,
749 4013 942 4086 χρυσῷ
992 4015 1397 4083 στεφανοῦσθαι
1443 4017 1716 4086 στεφάνῳ,
1750 4017 1811 4070 οὐ
1838 4015 1930 4069 τὸν

333 4103 501 4173 μηδὲν
544 4103 720 4156 κακὸν
752 4104 1138 4174 ἐργασάμενον
1184 4103 1283 4175 τὴν
1342 4103 1498 4158 πόλιν
1543 4119 1557 4133 ·
1603 4103 1764 4158 τοῦτο
1819 4105 1928 4175 γὰρ

330 4191 464 4243 αὐτὸ
493 4191 636 4260 πρὸς
662 4190 726 4243 τὸ
765 4192 843 4262 μὴ
873 4189 1060 4244 δοῦναι
1104 4191 1265 4262 δίκην
1300 4192 1520 4263 ἀπόχρη
1560 4192 1722 4261 μόνον
1747 4210 1760 4224 ·
1795 4192 1933 4245 ἀλλά

327 4279 420 4333 τὸν
472 4279 725 4349 μεγάλας
777 4279 1104 4349 εὐεργεσίας
1147 4279 1582 4350 ἐπιδειξάμενον.
1621 4278 1810 4343 Οὕτως
1841 4282 1934 4334 ἐπὶ

328 4366 542 4437 ταύτην
605 4365 776 4437 ἐχρῆν
822 4365 1053 4434 ἄγεσθαι
1101 4367 1203 4438 τὴν
1255 4370 1443 4438 τιμήν.
1489 4366 1653 4420 Ἀλλά
1693 4368 1800 4441 γάρ
1834 4368 1935 4421 οὐκ

331 4453 448 4512 ιῖδα
492 4453 616 4517 πῶς
647 4453 846 4524 μικροῦ
883 4454 993 4506 δεῖν
1041 4471 1108 4524 με
1142 4455 1452 4527 παρέλαθεν
1475 4454 1504 4508 ὃ
1530 4456 1766 4527 μάλιστα
1798 4457 1935 4526 πρὸς

332 4543 480 4613 ὑμᾶς
513 4543 817 4611 ἀναγκαῖον
856 4538 924 4614 ἦν
954 4545 1149 4596 εἰπεῖν.
1181 4544 1292 4614 Τῆς
1327 4543 1435 4616 γὰρ
1463 4545 1782 4616 διαιρέσεως
1807 4545 1936 4599 ταύ-

331 4647 433 4700 της
467 4631 529 4684 τδ
552 4630 770 4702 πρῶτον
797 4631 1128 4702 ἀνατίθεμαι
1163 4632 1349 4702 μέρος,
1377 4635 1551 4705 μικρᾷ
1567 4652 1673 4687 τινι
1696 4635 1938 4708 ἐπιδιορ-

332 4720 502 4776 θώσει
548 4720 920 4790 χρησάμενος.
981 4720 1202 4792 Ἐπειδὴ
1241 4720 1352 4792 γὰρ
1385 4721 1546 4795 ἔφην,
1599 4722 1737 4794 πρὸς
1769 4723 1829 4776 τὸ
1860 4722 1937 4794 μὴ

332 4810 665 4880 περιπεσεῖν
704 4807 903 4880 γεέννῃ
931 4808 1012 4861 ὅτι
1044 4807 1155 4861 τῶν
1191 4809 1379 4863 κακῶν
1406 4811 1538 4881 ἡμῖν
1578 4811 1610 4882 ἠ
1644 4810 1936 4882 ἀναχώρη-

332 4914 422 4962 σις
461 4897 647 4968 ἀρκεῖ,
688 4895 895 4966 μεταξύ
946 4913 1014 4966 με
1046 4896 1278 4966 λέγοντα
1302 4897 1600 4968 ὑπεισῆλθέ
1625 4916 1709 4962 τις
1736 4898 1936 4969 ἀπειλὴ

331 4984 551 5055 φοϐερά
579 5024 594 5047 ,
633 4985 693 5036 οὐ
748 4986 863 5046 τοῖς
911 4983 1084 5038 κακόν
1109 5001 1160 5036 τι
1183 4982 1493 5055 τελμήσασι
1523 4985 1623 5058 τὴν
1661 4985 1937 5057 τιμωρίαν

329 5073 643 5141 ἐπάγουσα,
689 5071 826 5124 ἀλλά
877 5073 1005 5135 τοὺς
1065 5071 1452 5136 ἐλλελοιπότας
1477 5089 1530 5126 τι
1561 5073 1671 5126 τῶν
1714 5072 1937 5142 ἀγαθῶν

331 5160 668 5224 κολάζουσα.
701 5159 799 5221 Τίς
833 5159 898 5229 δὴ
923 5155 1018 5213 οὖν
1049 5158 1190 5231 αὕτη
1227 5159 1384 5227 ἐστί;
1414 5160 1526 5229 Τῆς
1552 5161 1792 5232 ἡμέρας,
1825 5178 1937 5232 φη-

331 5250 444 5311 σὶν,
480 5247 793 5318 ἐπιστάσης
844 5246 944 5316 τῆς
1005 5246 1286 5319 φοϐερᾶς,
1327 5249 1423 5302 καὶ
1480 5250 1939 5321 παραγενομένης

330 5338 434 5407 τῆς
485 5336 708 5406 κυρίας,
741 5334 1035 5399 καθεσθεὶς
1080 5335 1174 5388 ἐπὶ
1218 5334 1313 5389 τοῦ
1357 5335 1604 5408 βήματος
1636 5339 1665 5390 ὁ
1701 5339 1934 5410 κριτὴς,

331 5425 430 5478 καὶ
456 5425 527 5478 τά
560 5423 660 5494 μὲν
705 5423 960 5494 πρόϐατα
1006 5424 1212 5493 στήσας
1241 5425 1305 5477 ἐκ
1327 5423 1536 5490 δεξιῶν,
1562 5425 1632 5480 τά
1659 5426 1717 5478 δέ
1745 5426 1936 5497 ἐρίφια

330 5512 392 5579 ἐξ
420 5511 758 5583 ἀριστερῶν,
788 5510 928 5580 πρὸς
985 5511 1087 5580 μὲν
1119 5510 1189 5564 τά
1221 5511 1471 5584 πρόϐατα
1493 5512 1647 5581 ἔλεγε
1675 5529 1688 5541 ο
1726 5514 1928 5576 Δεῦτε,

327 5602 385 5654 οἱ
412 5597 820 5668 εὐλογημένοι
861 5598 970 5652 τοῦ
1004 5599 1235 5666 Πατρός
1271 5616 1415 5667 μου,
1435 5603 1936 5670 κληρονομήσατε

333 5687 458 5756 τὴν
488 5687 955 5759 ἡτοιμασμένην
988 5685 1134 5755 ὑμῖν
1165 5687 1505 5752 ,ϐασιλείαν
1531 5687 1653 5743 ἀπὸ
1682 5692 1934 5744 καταϐο-

335 5775 464 5846 λῆς
494 5777 736 5847 κόσμου
763 5789 780 5806 ⁸
805 5773 1107 5830 task-aea
1130 5776 1262 5846 γὰρ,
1306 5777 1404 5831 καί
1422 5774 1681 5832 ἐδώκατέ
1697 5795 1797 5848 μοι
1823 5795 1938 5847 φα-

2027 2876 2178 2946 γεῖν.
2219 2876 2390 2930 Τοῦτο
2420 2875 2600 2940 καλῶς
2626 2891 2640 2906 ο
2679 2874 2789 2930 ἔδει
2819 2886 2929 2945 γάρ
2969 2872 3171 2939 αὐτοὺς
3209 2873 3310 2944 τῆς
3350 2873 3621 2944 τοσαύτης

2029 2962 2446 3035 φιλανθρωπίας
2515 2958 2725 3031 ταύτὴν
2795 2963 2982 3017 λαϐεῖν
3034 2964 3134 3032 τὴν
3195 2961 3499 3016 ἀντίδοσιν’
3558 2961 3622 3014 τὸ

2033 3054 2218 3121 μέντοι
2279 3053 2406 3116 τοὺς
2449 3052 2524 3124 μὴ
2557 3047 2890 3123 μεταδόντας
2917 3054 3030 3116 τοῖς
3055 3051 3337 3124 δεομένοις
3361 3051 3420 3116 ἐξ
3445 3043 3519 3105 ὧν
3543 3046 3618 3104 εἷ-

2029 3159 2120 3212 χον
2138 3141 2314 3206 αὐτοὶ,
2337 3139 2410 3212 μὴ
2431 3140 2592 3212 μέχρι
2608 3141 2708 3211 τῆς
2728 3141 2836 3194 τῶν
2867 3139 3090 3210 ἀγαθῶν
3119 3141 3430 3211 στερήσεως
3458 3137 3621 3193 κολά-

2029 3228 2240 3294 ζεσθαι,
2292 3228 2429 3282 ἀλλά
2472 3229 2566 3282 καὶ
2610 3228 2690 3300 τῷ
2730 3231 2831 3301 τῆς
2872 3229 3098 3298 γεέννης
3149 3225 3621 3300 παραπέμπεσθαι

2029 3317 2186 3388 πυρὶ,
2221 3319 2375 3370 ποῖον
2426 3315 2493 3370 ἂν
2550 3315 2666 3387 ἔχοι
2701 3315 2860 3385 λόγον
2906 3315 3065 3370 τοῦτο
3095 3315 3197 3385 δή;
3234 3313 3488 3368 Μάλιστα
3523 3313 3622 3383 μὲν

2029 3403 2124 3458 οῦν
2157 3406 2252 3460 καὶ
2283 3405 2826 3474 τοῦτοέὐπρόσωπον
2852 3404 2918 3458 ἂν
2947 3403 3061 3474 ἔχοι
3087 3403 3268 3472 λόγον,
3306 3402 3406 3471 οὐχ
3457 3395 3622 3472 ἦττον

2029 3493 2064 3565 ἢ
2108 3495 2282 3548 ἐκεῖνο
2311 3493 2372 3546 τὸ
2404 3492 2694 3563 πρότερον.
2726 3491 2828 3545 Διά
2857 3491 2966 3563 γάρ
3001 3490 3193 3544 τούτου
3226 3487 3620 3559 παιδευόμεθα,

2030 3581 2110 3634 ὅτι
2136 3582 2186 3634 οἰ
2219 3581 2317 3651 μὲν
2364 3581 2432 3634 τά
2462 3579 2647 3648 ἀγαθά
2687 3579 3018 3650 πράξαντες,
3054 3577 3162 3630 τῶν
3190 3577 3248 3630 ἐν
3289 3578 3400 3638 τοῖς
3454 3576 3622 3644 οὐρα-

2030 3686 2141 3732 νοις
2172 3669 2570 3722 ἀπολαύσονται
2593 3667 2816 3736 ἀγαθῶν
2843 3685 2856 3698 ο
2889 3667 2938 3718 οί
2960 3665 3017 3717 δὲ
3056 3664 3392 3736 ἐγκληθῆναι
3413 3663 3512 3732 μὲν
3529 3663 3624 3715 οὐ-

2031 3759 2119 3812 δέν
2178 3758 2394 3828 ἔχοντες
2444 3757 2614 3810 κακὸν
2640 3797 2654 3820 ,
2680 3754 3055 3816 ἐλλελοιπότες
3076 3753 3132 3806 δέ
3162 3771 3214 3806 τι
3244 3752 3353 3806 τῶν
3375 3751 3622 3820 ἀγαθῶν,

2037 3845 2176 3916 μετὰ
2200 3845 2308 3899 τῶν
2331 3843 2402 3897 τά
2438 3843 2587 3897 κακά
2617 3841 3011 3914 ἐργασαμένων
3038 3842 3118 3904 εἰς
3155 3841 3217 3894 τὸ
3246 3840 3472 3909 γεέννης
3512 3841 3622 3892 ἀπ·

2033 3934 2368 4004 αχθήσονται
2401 3931 2535 4003 πῦρ.
2577 3932 2641 3984 Et
2675 3931 2750 4001 μή
2783 3946 2866 3993 τις
2911 3931 3088 3983 ἐκεῖνο
3116 3927 3286 3995 λέγοι,
3320 3929 3403 3981 ὅτι
3445 3927 3539 3981 καὶ
3567 3927 3627 3979 τὸ

2034 4020 2240 4086 ἀγαθὸν
2275 4019 2350 4090 μὴ
2378 4022 2624 4090 ποιῆσαι,
2655 4016 2857 4080 κακίας
2883 4016 3048 4088 μέρος
3079 4016 3228 4068 ἐστίν
3249 4029 3262 4042 ⁸
3291 4014 3488 4086 ἀργίας
3518 4016 3627 4084 γὰρ

2034 4107 2194 4160 τοῦτό
2239 4108 2422 4170 ἐστιν,
2456 4105 2624 4176 ἀργία
2672 4105 2730 4158 δέ
2775 4105 2978 4165 κακίας
3014 4104 3180 4174 μέρος
3207 4119 3220 4134 ·
3254 4103 3456 4172 μᾶλλον
3482 4101 3538 4154 δὲ
3564 4101 3627 4152 οὐ

2040 4195 2228 4266 μέρος,
2259 4196 2398 4249 ἀλλά
2423 4195 2680 4257 ὑπόθεσις
2705 4195 2798 4248 καὶ
2833 4194 2958 4266 ῥίζα
2985 4189 3034 4263 [Ι
3052 4191 3140 4264 l7]
3169 4191 3384 4260 πονηρά
3405 4206 3419 4220 ·
3445 4191 3629 4243 πᾶσαν

2037 4285 2147 4355 γὰρ
2195 4285 2395 4338 κακίαν
2443 4282 2749 4354 ἐδίδαξενὴ
2805 4283 2998 4354 ἀργία.
3029 4281 3121 4350 Μὴ
3170 4280 3352 4333 τοίνυν
3385 4279 3631 4349 ἀνοήτως

2035 4373 2241 4436 ταύτας
2297 4371 2396 4435 τὰς
2431 4372 2736 4442 ἐρωτήσεις
2761 4369 3079 4441 ἐρωτῶμεν,
3101 4363 3234 4434 οἷον,
3276 4369 3304 4420 ό
3335 4367 3503 4438 μηδὲν
3531 4383 3631 4418 πε-

2040 4459 2284 4530 ποιηκὼς
2309 4459 2498 4520 κακὸν,
2522 4459 2689 4528 μηδὲν
2721 4458 2947 4526 ἀγαθὸν,
2982 4459 3135 4510 ποῖον
3168 4455 3380 4519 δέξεται
3411 4453 3578 4507 τόπον
3609 4469 3624 4520 ;

2040 4548 2112 4600 Τὸ
2155 4548 2264 4618 γάρ
2315 4547 2390 4618 μὴ
2417 4546 2646 4616 ποιῆσαι
2687 4547 2913 4616 ἀγαθὸν,
2945 4544 3108 4600 τοῦτο
3140 4543 3366 4614 ποιῆσαί
3393 4544 3510 4595 ἐστι
3530 4559 3633 4595 κα·

2040 4635 2155 4690 κόν.
2197 4634 2333 4686 Εἰπὲ
2363 4633 2472 4705 γάρ
2505 4651 2632 4703 μοι,
2665 4633 2718 4686 εί
2743 4651 2859 4688 τινα
2886 4633 3107 4704 οἰκέτην
3131 4631 3298 4703 ἔχοις,
3328 4633 3465 4701 μήτε
3500 4629 3630 4682 κλέ-

2042 4739 2264 4782 πτοντα.
2311 4723 2448 4793 μήτε
2509 4721 2824 4792 ὑϐρίζοντα,
2874 4723 3012 4792 μήτε
3061 4720 3436 4786 ἀντιλέγοντα,
3496 4716 3636 4770 άλλά

2039 4811 2134 4867 καὶ
2162 4809 2334 4882 μέθης
2367 4808 2675 4878 κρατοῦντα
2714 4810 2808 4862 καὶ
2834 4809 2941 4862 τῶν
2977 4807 3154 4863 ἄλλων
3191 4806 3470 4867 ἀπάντων,
3496 4802 3634 4857 καθ-

2040 4904 2241 4972 ήμενον
2288 4898 2346 4952 δὲ
2399 4897 2690 4960 διαπαντὸς
2739 4898 2931 4968 ἀργὸν,
2976 4895 3069 4949 καὶ
3123 4893 3277 4947 οὐδὲν
3323 4892 3432 4945 τῶν
3484 4892 3637 4960 ὀφει-

2039 4988 2238 5041 λόντων
2269 4984 2423 5056 πσρά
2454 4985 2666 5039 οἰκέτου
2699 4985 2940 5054 δεσπότῃ
2988 4981 3330 5052 πληροῦσθαι
3355 4978 3635 5041 ποιοῦντα,

2040 5078 2102 5131 οὐ
2151 5077 2542 5147 μαστιγώσεις,
2582 5073 2642 5125 οὐ
2674 5071 3038 5142 στρεϐλώσεις
3068 5069 3262 5134 αὐτόν;
3291 5068 3421 5132 Ναὶ,
3457 5065 3633 5136 φησί’

2041 5167 2135 5220 καὶ
2161 5165 2265 5236 μὴν
2303 5163 2458 5216 οὐδὲν
2496 5161 2793 5233 εἰργάσατο
2820 5160 3010 5215 κακόν.
3040 5159 3181 5213 Αὐτὸ
3213 5158 3314 5230 μὲν
3361 5154 3455 5210 οῦν
3477 5152 3640 5208 τοῦτό

2041 5256 2153 5308 ἐστι
2181 5253 2369 5306 κακόν.
2401 5249 2564 5315 Ἀλλ’,
2587 5252 2635 5303 εί
2655 5249 2823 5313 δοκεῖ,
2844 5249 3144 5318 ἀγάγωμεν
3165 5247 3261 5301 καὶ
3283 5247 3376 5299 ἐπὶ
3402 5244 3495 5297 τὸν
3520 5241 3637 5296 λοι·-

2042 5341 2143 5395 πδν
2167 5340 2280 5410 βίον
2309 5339 2394 5391 τὸν
2415 5337 2594 5407 λόγον.
2616 5337 2797 5389 Ἔστω
2819 5353 2904 5398 τις
2924 5335 3192 5406 γεωργδς,
3217 5333 3310 5387 καὶ
3346 5330 3512 5402 μηδὲν
3541 5329 3638 5381 λυ-

2037 5427 2311 5501 μαινέσθω
2331 5427 2486 5496 τοῖςή
2502 5424 2750 5494 μετέροις
2773 5424 3102 5494 ὑπάρχουσι,
3128 5423 3265 5491 μήτε
3298 5415 3640 5476 ἐπιϐουλευέ,

2035 5523 2284 5587 τω,μήτε
2317 5515 2621 5579 κλεπτέτω,
2640 5514 2800 5583 μόνον
2814 5512 2986 5576 δὲτὰς
3018 5509 3186 5564 αὐτοῦ
3226 5512 3418 5580 χεῖρας
3444 5508 3638 5577 δήσας,

2035 5605 2174 5658 στ’κοι
2197 5603 2512 5668 καθεζέσθω
2533 5603 2670 5674 μήτε
2703 5601 2962 5674 σπείρων,
2990 5599 3128 5672 μήτε
3161 5596 3376 5652 αὕλακα
3401 5596 3642 5668 τέμνων,

2033 5694 2182 5764 μήτε
2241 5691 2366 5760 βοῦς
2404 5691 2771 5760 ὐποζευγνὺς,
2817 5691 2955 5762 μήτε
2999 5686 3242 5760 ἄμπελον
3296 5683 3640 5756 θεραπεύων,

2044 5786 2181 5854 μήτε
2211 5785 2338 5840 ἀλλο
2363 5802 2414 5839 τι
2439 5785 2547 5839 τῶν
2584 5785 2711 5854 περὶ
2742 5785 2839 5854 τὴν
2857 5783 2960 5853 γῆν
2997 5783 3206 5839 πονῶν·
3246 5777 3357 5852 ἄρα
3396 5779 3458 5834 οὐ
3483 5776 3648 5835 κολά-
