4092 6488
623 320 726 376 “3

624 453 789 508 σομεν
829 438 920 493 τδν
961 441 1202 495 τοιοῦτον
1229 460 1244 508 ;
1286 444 1479 499 Καίτοι
1502 464 1564 516 γε
1595 449 1746 503 οὐδὲν
1772 452 2051 523 ἠδίκησεν,
2079 455 2200 508 οὐδὲ

622 525 822 595 ἔχομεν
860 526 1108 596 ἐγκαλεῖν
1132 529 1282 600 αὐτῷ
1311 547 1364 584 τι
1389 547 1403 560 ⁸
1437 533 1557 587 ἀλλ’
1587 536 1738 608 αὐτῷ
1776 540 1874 609 μέν
1904 537 1999 594 οὖν
2025 541 2201 611 τούτῳ

624 612 882 683 ⁴ίλδίκησεν
906 631 920 644 °
965 616 1141 669 ἀδικεῖ
1168 620 1276 690 γάρ
1316 621 1482 692 κοινῷ
1526 623 1690 695 λόγῳ,
1723 627 1822 697 τὴν
1851 632 1983 700 παρ’
2006 630 2201 684 ἐαυτοῦ

624 702 931 756 συντέλειαν
963 704 1037 775 μὴ
1061 707 1454 779 παρεχόμενος.
1482 710 1547 765 Τί
1579 712 1656 778 δέ,
1696 716 1817 769 είπέ
1852 734 1973 787 μοις
2002 719 2069 772 ἂν
2094 718 2202 772 τῶν

621 787 967 859 δημιουργῶν
993 791 1223 855 ἕκαστος
1260 796 1353 849 καὶ
1394 802 1752 872 χειροτεχνῶν
1775 804 1864 855 16v
1902 805 1999 875 μὲν
2016 806 2200 876 ἑτερό-

623 890 828 963 ⁶ι-εχνον,
867 876 1004 931 ἀλλά
1056 880 1191 951 μηδέ
1240 882 1332 935 τὸν
1373 885 1667 957 ὁμότεχνον
1724 888 1936 963 βλάπτῃ
1994 893 2199 963 μηδὲν,

620 960 763 1051 ἀργῇ
813 963 869 1017 δὲ
918 967 1098 1036 μόνον,
1161 971 1282 1040 οὐχὶ
1328 973 1605 1029 ἀπόλωλεν
1644 976 1791 1042 ἆπας
1853 960 2068 1050 ὑμῖνῖὸ-
2084 982 2197 1051 βίος

619 1048 763 1138 οῦτω
796 1052 907 1138 ,καὶ
950 1054 1269 1126 διέφθαρται
1297 1075 1313 1126 ;
1346 1060 1538 1115 Βούλει
1589 1065 1683 1117 καὶ
1705 1066 1797 1117 ἐπὶ
1818 1048 1913 1119 τοῦ
1943 1048 2198 1138 σώματος

618 1136 711 1189 16v
748 1137 905 1205 λόγον
927 1140 1244 1212 ἑλκύσωμεν
1269 1155 1322 1212 ·;
1352 1148 1562 1201 Οὐκοῦν
1587 1152 1620 1221 ἡ
1648 1152 1767 1222 χεὶρ
1800 1153 1874 1223 μὴ
1912 1136 2198 1219 πληττέτω

620 1224 719 1313 τήν
747 1226 1010 1298 κεφαλὴν,
1051 1229 1184 1299 μηδὲ
1239 1233 1553 1288 ὲκκοπτέτω
1605 1237 1704 1307 τὴν
1751 1238 2023 1307 γλῶσσαν,
2063 1244 2198 1313 μηδέ

621 1312 956 1401 ἐξορυττέτω
985 1316 1075 1368 τὸν
1098 1316 1400 1389 ὀφθαλμὸν,
1421 1323 1556 1393 μηδέ
1578 1324 1705 1378 ἄλλο
1737 1344 1790 1380 τι
1824 1328 2064 1382 τοιοῦτον
2103 1331 2196 1401 ἐρ-

620 1397 873 1489 γαζέσθω
898 1402 1093 1455 κακόν⁶
1127 1404 1361 1474 μόνονδέ
1391 1408 1537 1478 ἀργὴ
1571 1411 1801 1479 μενέτω,
1832 1414 2037 1486 καὶτὴν
2063 1397 2196 1489 παρ’

620 1486 821 1575 ἑαυτῆς
849 1487 1187 1575 λειτουργίαν
1220 1492 1295 1561 μὴ
1331 1494 1620 1565 πληρούτω
1644 1498 1723 1569 τῷ
1755 1503 1916 1555 παντὶ
1940 1486 2161 1575 σώματί
2177 1522 2192 1536 ⁸

620 1566 732 1665 ἄρα
761 1573 864 1626 οὐκ
901 1574 1051 1641 ἄξιον
1093 1577 1395 1647 ἐκκοπῆναι
1439 1582 1627 1653 αὐτὴν,
1654 1566 2043 1665 ⁴ὶνγπερινφέρειν
2094 1592 2192 1661 ἀρ-

621 1658 843 1726 γοῦσαν,
875 1662 968 1715 καὶ
993 1664 1158 1716 παντὶ
1179 1664 1585 1739 λυμαινομένην
1606 1669 1683 1740 τῷ
1716 1658 1930 1743 σώματι
1961 1693 1976 1739 ;
2005 1675 2070 1727 Τί
2102 1658 2191 1742 δές

621 1744 688 1800 ἂν
709 1746 773 1799 τὸ
796 1747 971 1818 στόμα
1015 1752 1088 1822 μὴ
1137 1752 1399 1824 κατεσθίῃ
1431 1755 1528 1826 τήν
1554 1760 1731 1827 χεῖρα,
1763 1760 1897 1830 μηδέ
1933 1762 2103 1834 δάκνῃ
2133 1764 2195 1817 τὸ

621 1836 836 1906 στῆθος,
867 1838 937 1891 τά
970 1839 1027 1893 δέ
1053 1841 1182 1909 παρ’
1211 1842 1405 1896 ἐαυτοῦ
1436 1845 1615 1900 πάντα
1638 1847 1881 1919 ἐλλείπῃ,
1903 1851 1963 1903 ού
1986 1851 2194 1921 βέλτιον

620 1922 1005 1995 ἐμπεφράχθαι
1038 1925 1241 1995 μᾶλλον
1257 1947 1271 1992 ;
1288 1928 1351 1982 Εἰ
1379 1930 1559 1984 τοίνυν
1583 1932 1677 1986 καὶ
1709 1934 1926 1989 ἐπὶτῶν
1943 1937 2189 2004 οἰκετῶν,

619 2010 713 2061 καὶ
742 2010 834 2063 ἐπὶ
858 2012 967 2063 τῶν
990 2012 1362 2084 δημιουργῶν,
1393 2018 1486 2069 καὶ
1518 2018 1610 2071 ἐπὶ
1636 2018 1729 2070 τοῦ
1772 2020 2025 2092 σώματος
2053 2040 2191 2077 παν-

616 2094 707 2158 τὸς
734 2096 913 2151 ἀδικία
946 2099 1179 2170 μεγάλη,
1211 2101 1272 2152 ού
1306 2102 1467 2171 μόνον
1496 2104 1556 2157 16
1580 2107 1747 2159 κακόν
1771 2125 1821 2161 τι
1847 2110 2073 2179 πρᾶξαι,
2093 2110 2191 2163 ἀλα

616 2179 684 2236 λά
717 2182 813 2237 καὶ
845 2185 878 2253 ή
921 2184 1031 2237 τῶν
1089 2186 1310 2253 ἀγαθῶν
1370 2188 1628 2255 ἔλλειψις,
1655 2192 1837 2263 πολλῷ
1866 2195 2066 2265 μᾶλλον
2098 2198 2192 2251 ἐπὶ

615 2267 710 2321 τοῦ
741 2267 993 2340 σώματος
1017 2269 1110 2324 τοῦ
1138 2272 1377 2343 Χριστοῦ
1407 2274 1565 2329 τοῦτο
1586 2276 1784 2346 γένοιτ’
1815 2278 1903 2334 ἀν.

687 2406 755 2477 β’.
782 2407 880 2462 Διά
899 2408 1057 2463 τοῦτο
1078 2411 1170 2464 καὶ
1189 2413 1217 2465 ό
1240 2413 1510 2484 μακάριος
1544 2416 1757 2482 Παῦλος
1781 2418 2014 2488 ἀπάγων
2042 2421 2189 2491 ἡμᾶς

614 2493 713 2561 τῆς
736 2493 1020 2574 πονηρίας,
1048 2496 1170 2564 ἄγει
1192 2497 1327 2568 πρὸς
1356 2499 1451 2570 τὴν
1478 2502 1701 2574 ἀρετήν.
1738 2504 1803 2556 Τί
1826 2507 1935 2576 γὰρ
1975 2506 2187 2575 ὅφεληςο

614 2580 735 2633 εἰπέ
760 2598 873 2652 μοι,
900 2582 998 2645 τὰς
1030 2583 1273 2647 ἀκάνθας
1299 2586 1603 2659 ἐκκοπῆναι
1632 2590 1830 2655 πάσας,
1862 2591 1928 2645 ἂν
1954 2595 2022 2646 τὰ
2049 2611 2187 2665 χρη-

616 2665 717 2719 στά
744 2666 818 2739 μὴ
847 2668 1224 2740 καταϐάληται
1261 2671 1558 2743 σπέρματα
1582 2692 1598 2741 ;
1632 2677 1727 2741 Είς
1750 2678 1860 2750 γάρ
1886 2679 1986 2751 τὴν
2016 2680 2188 2753 αὐτὴν

614 2756 1005 2826 περιστήσεται
1039 2756 1201 2810 πάλιν
1228 2756 1432 2828 ζημίαν
1460 2761 1592 2830 ήμίν
1621 2764 1649 2815 6
1673 2764 1831 2827 πόνος
1860 2765 2050 2835 μείνας
2070 2768 2189 2820 ἀτε-

609 2841 729 2910 λής.
764 2843 863 2896 Διά
890 2860 971 2897 τοι
1017 2844 1177 2898 τοῦτο
1225 2847 1319 2899 καὶ.
1348 2847 1376 2899 6
1407 2849 1620 2913 Παῦλος
1657 2852 1862 2924 σφόδρα
1890 2853 2188 2925 κηδόμενος

610 2928 796 2998 ήμῶν,
826 2930 886 2983 οὐ
912 2931 1074 3003 μέχρι
1106 2931 1207 3001 τῆς
1233 2931 1340 2987 τῶν
1370 2935 1554 2988 κακῶν
1583 2936 1825 3006 ἐκκοπῆς
1852 2940 1945 2992 καὶ
1966 2941 2185 3012 ἀναιρέ-

611 3031 751 3079 σεως
798 3016 978 3087 ἵστησι
1018 3016 1087 3071 τά
1112 3020 1573 3091 παραγγέλματα,
1605 3022 1742 3077 ἀλλά
1769 3026 1867 3079 καὶ
1897 3028 2033 3098 ταχὺ
2078 3028 2185 3081 τῶν

608 3101 830 3167 ἀγαθῶν
849 3104 950 3170 τὴν
979 3105 1385 3173 καταφύτευσιν
1413 3108 1821 3164 ἐπιδείκνυσθαι
1863 3115 2182 3184 προτρέπει.

608 3188 792 3243 Εἰπὼν
819 3189 950 3261 γὰρ,
988 3190 1164 3246 Πᾶσα
1194 3192 1403 3259 πικρία
1439 3193 1539 3247 καὶ
1567 3197 1753 3265 θυμὸς
1779 3199 1877 3251 καὶ
1912 3200 2056 3270 ὀργὴ
2087 3201 2184 3254 καί

515 3325 523 3335 ,
608 3277 836 3347 κραυγὴ
887 3278 986 3331 καὶ
1033 3279 1407 3348 βλασφημία
1457 3281 1694 3349 ἀρθήτω
1746 3286 2037 3357 ἀφ’ὐμῶν
2060 3288 2184 3342 σὺν

605 3363 775 3433 πάσῃ
802 3365 1002 3433 κακίᾳ,
1038 3366 1283 3435 ἐπήγαγε
1311 3382 1324 3396 ο
1360 3369 1616 3424 Γίνεσθε
1644 3371 1714 3425 δὲ
1743 3375 1829 3439 είς
1865 3375 2184 3443 ἀλλήλους

615 3453 865 3526 χρηστοὶ
901 3490 917 3514 ,
971 3453 1420 3525 εὔσπλαγχνοι,
1497 3459 1864 3531 χαριζόμενοι
1921 3464 2178 3532 ἑαυτοῖς.

619 3542 790 3627 Ἐξεις
823 3542 930 3627 γάρ
962 3545 1100 3598 εἰσιν
1128 3540 1286 3600 αὗται
1306 3547 1402 3601 καὶ⁵
1429 3547 1719 3614 διαθέσεις.
1755 3555 1863 3609 Καὶ
1893 3555 1992 3608 οὐκ
2019 3557 2182 3627 ἀρκεῖ

610 3632 644 3697 ὴ
676 3625 773 3697 τῆς
812 3626 1003 3697 ἐτέρας
1049 3630 1338 3699 ἀπαλλαγὴ
1390 3633 1470 3697 είς
1503 3632 1654 3707 [Η8]
1687 3637 1785 3709 τὴν
1835 3640 1937 3708 τῆς
1986 3625 2181 3711 ἐτέρας

603 3713 752 3800 ἡμᾶς
796 3712 910 3779 ἐξιν
951 3719 1291 3790 καταστῆσαι
1327 3720 1513 3786 πάλιν,
1550 3721 1689 3777 ἀλλά
1719 3724 1801 3778 δεῖ
1826 3728 1989 3779 πάλιν
2025 3729 2181 3800 κινή-

599 3799 741 3888 σεώς
758 3816 924 3868 τινος,
955 3804 1050 3857 καὶ
1075 3807 1251 3877 ὁρμῆς
1275 3808 1374 3861 οὐκ
1398 3808 1679 3870 ἐλάττονος
1710 3811 1809 3881 τῆς
1837 3813 1895 3865 ἐν
1923 3816 1990 3884 τῇ
2028 3799 2176 3888 φυγῇ

599 3885 708 3939 τῶν
752 3889 936 3943 κακῶν
960 3930 975 3956 ,
1002 3890 1143 3945 ὥστε
1168 3894 1424 3961 γενέσθαι
1471 3897 1529 3948 ἐν
1572 3898 1640 3967 τῇ
1687 3899 1877 3970 κτήσει
1908 3901 2015 3953 τῶν
2043 3885 2179 3971 ἀγαί

601 3973 729 4029 θῶν.
763 3976 874 4031 Καὶ
900 3978 992 4031 ἐπὶ
1018 3978 1114 4032 τοῦ
1143 3979 1397 4049 σώματος
1425 3983 1454 4034 6
1482 3981 1648 4051 μέλας
1670 3981 1735 4037 ἀν
1759 3984 2047 4058 ἀπαλλαγῇ
2078 3989 2178 4059 τῆς

597 4061 885 4132 ποιότητος
914 4062 1141 4134 ταύτης,
1166 4067 1265 4119 οὐκ
1296 4066 1501 4130 εὐθέως
1538 4066 1747 4135 γίνεται
1783 4069 1994 4137 λευκός.
2027 4075 2178 4128 Μᾶλ-

598 4146 691 4200 λον
723 4147 781 4201 δὲ
816 4148 893 4220 μὴ
928 4151 1024 4203 ἐπὶ
1052 4151 1161 4205 τῶν
1190 4152 1437 4220 φυσικῶν
1462 4153 1553 4207 τὸν
1586 4154 1745 4224 λόγον
1773 4161 2173 4233 γυμνάσωμεν,

599 4233 716 4288 ἀλλ’
746 4236 842 4289 ἐπὶ
884 4236 992 4290 τῶν
1034 4238 1177 4293 κατά
1216 4240 1533 4311 προαίρεσιν
1566 4243 1628 4297 16
1655 4246 2001 4320 παράδειγμα
2034 4268 2177 4322 παρ-

599 4322 923 4393 αγάγωμεν.
941 4324 1000 4376 '0
1026 4323 1100 4395 μὴ
1130 4325 1322 4397 ἐχθρὸς
1347 4329 1409 4381 ού
1436 4329 1655 4395 πάντως
1676 4332 1830 4400 φίλος
1861 4337 2033 4401 ἐστὶν,
2058 4337 2172 4391 ἀλλ’

597 4406 714 4492 ἐστι
742 4424 796 4460 τι
820 4409 1006 4479 μέσον,
1042 4411 1071 4465 6
1104 4412 1241 4482 μήτε
1275 4413 1495 4488 ἔχθρας,
1518 4419 1654 4490 μήτε
1690 4420 1874 4489 φιλίας
1906 4424 2079 4492 ἐστὶν,
2114 4427 2174 4480 ἐν

595 4486 642 4561 ᾧ
676 4494 915 4584 μάλιστα
963 4499 1013 4551 οἱ
1063 4499 1281 4565 πλείους
1313 4486 1419 4556 τῶν
1465 4486 1768 4579 ἀνθρώπιον
1796 4486 2173 4584 καθεστήκασι

791 4582 958 4652 ἡμᾶς.
995 4584 1056 4639 ὐ
1090 4587 1165 4657 μὴ
1198 4587 1471 4660 δακρύων,
1499 4594 1561 4646 οὐ
1610 4594 1830 4660 πάντως
1874 4600 1966 4652 καὶ
2013 4579 2166 4673 γελᾷ,

592 4669 710 4756 ἀλλ’
733 4668 848 4724 έστι
890 4672 1032 4744 μέση
1066 4677 1419 4741 κατάστασις.
1468 4678 1625 4735 Οὕτω
1682 4682 1745 4751 δὴ
1781 4686 1877 4737 καὶ
1907 4668 2164 4756 ἐνταῦθα,

591 4755 691 4846 οὐχ
725 4757 754 4811 6
789 4756 864 4829 μή
884 4759 1084 4831 πικρὸς
1114 4762 1331 4827 πάντως
1358 4766 1628 4837 χρηστὸς,
1651 4769 1771 4824 οὐδὲ
1804 4772 1833 4823 6
1870 4773 1944 4845 μὴ
1979 4755 2166 4846 eum;

590 4841 687 4910 δης
739 4847 959 4933 πάντως
1008 4846 1386 4933 εὔσπλαγχνος
1415 4868 1431 4883 ο
1461 4851 1597 4907 ἀλλά
1656 4854 1738 4909 δεῖ
1776 4841 1943 4913 πάλιν
1968 4841 2165 4933 ἐτέρας

594 4927 849 4998 σπουδῆς,
883 4929 1024 4985 ὥστε
1054 4932 1359 5003 κτήσασθαι
1387 4935 1548 4991 τοῦτο
1573 4937 1635 4991 τὸ
1664 4940 1839 4996 καλόν.

662 5070 776 5124 Καὶ
803 5071 901 5161 θέα
926 5073 1047 5161 πῶς
1074 5076 1212 5131 κατά
1257 5079 1421 5148 νόμον
1450 5080 1679 5154 ἀρίστης
1703 5088 1979 5156 γεωργίας
2007 5089 2035 5143 6
2062 5108 2165 5161 μα-

591 5158 781 5247 κάριος
834 5159 1045 5225 Παῦλος
1068 5161 1168 5233 τὴν
1190 5165 1644 5233 ἐμπιστευθεῖσαν
1688 5172 1838 5244 αύτῷ
1872 5175 1977 5246 γῆν
2009 5158 2162 5247 παρά

589 5245 682 5298 τοῦ
711 5246 964 5317 Γεωργοῦ
998 5249 1339 5324 διακαθαίρει
1368 5271 1427 5308 τε
1462 5258 1556 5310 καὶ
1593 5261 1906 5330 ἐργάζεται.
1936 5245 2160 5319 ν’Δνεῖλε

593 5330 658 5384 τὰ
694 5331 823 5385 νόθα
871 5335 1190 5407 σπέρματα,
1224 5344 1532 5413 παρακαλεῖ
1565 5345 1751 5401 λοιπὸν
1772 5389 1787 5414 ,
1810 5349 1952 5404 ὥστε
1989 5368 2160 5406 καταο

590 5419 738 5508 σχεῖν
770 5418 841 5508 τά
870 5423 1066 5492 γνήσια
1098 5425 1259 5494 φυτά.
1279 5428 1531 5485 Γίνεσθε
1544 5435 1817 5501 χρηστοί,
1847 5442 2031 5508 φησιν.
2065 5440 2162 5493 Ἂν

586 5502 695 5574 γάρ
746 5504 854 5560 τῶν
910 5509 1160 5565 ἀκανθῶν
1217 5514 1665 5573 ἀνισπασθεισῶν
1715 5502 1870 5596 μένῃ-
1910 5502 1952 5594 ⁷ἡ
2010 5526 2161 5599 χώρα

537 5740 547 5746 .
644 5696 672 5728 ⁸
695 5695 831 5749 Unus
852 5701 1003 5753 codex
1028 5710 1080 5755 et
1103 5719 1257 5773 marg.
1284 5708 1461 5761 Savi|..
1482 5715 1895 5779 μεταϐιϐάσωμεν.

1309 328 1370 385 s.
1409 328 1697 389 10.1.11an
1735 332 2231 391 cnnvsosrom
2271 334 2594 398 ARCNIEP.
2630 330 3185 400 CONSTANTINOP.

3769 347 3866 406 1H

2307 457 2571 529 ἀργοῦσα,
2621 460 2912 529 ἀνονήτους
2955 460 3117 513 πάλιν
3164 458 3299 513 οἴσει
3345 458 3592 530 βοτάνας.
3637 461 3728 514 Διὸ
3771 466 3869 533 τὴν

2305 544 2500 616 σχολὴν
2527 544 2698 614 αὐτῆς
2731 546 2826 600 καὶ
2865 546 2963 616 τὴν
2988 547 3188 616 ἀργίαν
3214 545 3763 617 προκαταλαμϐάνειν
3786 548 3865 602 δεῖ

2304 634 2371 703 τῇ
2407 632 2515 685 τῶν
2541 631 2765 700 ἀγαθῶν
2791 633 3125 705 σπερμάτων
3154 650 3213 686 τε
3241 634 3335 686 καί
3357 632 3540 701 φυτῶν
3572 633 3865 704 καταϐολῇ.

2314 719 2555 773 ’Λνεῖλεν
2586 719 2777 791 ὀργὴν,
2814 719 2976 790 ἔθηκε
3004 719 3354 791 χρηστότητα
3380 737 3393 750 ·
3422 719 3602 774 ἀνεῖλε
3625 721 3867 790 πικρίαν,

2302 806 2499 876 ἔθηκεν
2532 806 2940 878 εὐσπλαγχνίαν
2961 825 2974 841 ·
3013 805 3235 878 ἐξέτεμε
3265 806 3464 862 κακίαν
3498 807 3595 862 καί⁵
3629 808 3871 879 βλασφη-

2304 893 2455 964 μίαν,
2507 891 2774 963 ἐφύτευσε
2831 892 3161 965 συγγνώμην
3195 908 3207 922 '
3239 893 3300 947 16
3330 894 3463 966 γὰρ,
3495 894 3869 965 Χαριζόμενοι

2299 980 2557 1050 ἑαυτοῖς,
2604 981 2765 1037 τοῦτό
2824 983 2963 1036 ἐστι.
3000 982 3402 1052 Συγγνωμικοὶ,
3438 982 3590 1053 φησι,
3627 982 3867 1049 γίνεσθε.

2300 1068 2519 1133 Μείζων
2561 1069 2670 1140 γάρ
2704 1068 2842 1138 αῦτη
2872 1069 2905 1139 ή
2941 1068 3099 1138 χάρις
3125 1070 3221 1136 τῆς
3244 1069 3302 1120 ἐν
3331 1070 3443 1133 τοῖς
3481 1068 3781 1139 χρήμάσιν.
3812 1070 3870 1123 'U

2302 1155 2400 1224 μὲν
2425 1156 2533 1229 γάρ
2566 1157 2823 1227 χρήματα
2837 1156 3015 1225 ἀφιεὶς
3040 1154 3115 1225 τῷ
3132 1153 3505 1225 δανεισαμένῳ
3528 1156 3655 1225 παρ’
3679 1156 3868 1220 αὐτοῦ,

2298 1242 2483 1295 καινὸν
2538 1243 2636 1313 μέν
2681 1241 2973 1313 ἐργάζεται
3023 1241 3183 1312 ἔργον
3230 1242 3323 1294 καὶ
3370 1241 3698 1311 θαυμαστὸν,
3732 1241 3870 1314 πλὴν

2297 1327 2433 1381 ἀλλά
2466 1329 2629 1398 μέχρι
2666 1326 2762 1381 τοῦ
2808 1328 3061 1398 σώματος
3094 1328 3127 1399 ή
3155 1328 3334 1399 χάρις,
3359 1329 3409 1380 εί
3444 1329 3537 1381 καὶ
3561 1327 3740 1398 ἐαυτῷ
3771 1330 3869 1398 τὴν

2296 1414 2531 1485 ἀμοιϐὴν
2581 1416 2638 1468 ἐν
2685 1415 2797 1477 τοῖς
2840 1416 3231 1483 πνευματικοῖς
3259 1415 3483 1477 καὶτοῖς
3522 1413 3663 1468 κατά
3691 1414 3869 1486 ψυχήν

2294 1501 2594 1555 ἀποδίδωσι
2636 1500 2831 1572 δώροις
2866 1518 2881 1533 ’
2923 1503 2951 1555 6
2980 1501 3039 1555 δὲ
3079 1501 3454 1572 ἁμαρτήματα
3478 1506 3865 1572 χαρισάμενος,

2293 1590 2391 1659 τήν
2422 1606 2481 1642 τε
2509 1588 2686 1659 ψυχὴν
2724 1588 2975 1659 ὠφέλησε
3023 1587 3124 1659 τὴν
3169 1586 3385 1653 ἐαυτοῦ,
3424 1587 3521 1641 καὶ
3540 1586 3638 1658 τήν
3658 1586 3867 1641 ἐκείνου

2292 1675 2387 1729 τοῦ
2428 1675 2530 1745 τῆς
2563 1673 2893 1746 συγγνώμης
2914 1675 3172 1745 τυχόντος
3201 1691 3214 1704 ·
3243 1675 3306 1728 ού
3340 1673 3451 1745 γὰρ
3488 1675 3681 1728 ἐαυτὸν
3706 1676 3867 1745 μόνον

2294 1762 2464 1831 τούτῳ
2487 1762 2566 1831 τῷ
2593 1762 2797 1833 τρόπῳ,
2822 1760 2958 1815 ἀλλά
2984 1763 3233 1815 κάκεῖνον
3247 1761 3649 1833 ἐπιεικέστερον
3676 1760 3869 1833 ἐποίηο

2294 1849 2487 1903 σεν.οὺ
2505 1849 2614 1920 γὰρ
2626 1846 2797 1912 οὔτως
2814 1845 3230 1918 ἐπεξερχόμενοι
3239 1850 3352 1913 τοῖς
3368 1847 3683 1919 ἠδικηκόσιν
3696 1849 3864 1920 ἡμᾶς,

2288 1933 2365 1998 ὡς
2402 1932 2811 2005 συγχωροῦντες
2835 1934 3102 2004 δάκνομεν
3128 1934 3306 1988 αὐτῶν
3332 1935 3429 1998 τάς
3444 1934 3623 2005 ψυχὰς
3643 1974 3659 1998 ,
3689 1934 3871 2005 ἐντρέ-

2294 2038 2486 2085 ποντες
2507 2021 2603 2075 καὶ
2620 2020 3016 2085 δυσωποῦντες.
3034 2021 3288 2085 Ἐκεινως
3317 2020 3417 2091 μὲν
3443 2021 3553 2092 γὰρ
3572 2020 3699 2075 οὔτε
3716 2023 3867 2093 ἡμᾶς

2289 2110 2508 2173 αὐτοὺς,
2548 2106 2671 2160 οῦτε
2706 2107 2949 2172 ἐκείνους
2993 2108 3309 2177 ὼνήσαμεν,
3360 2107 3475 2163 ἀλλ’
3520 2108 3868 2181 ἀμφοτέρως

2289 2195 2627 2266 ἐϐλάψαμεν,
2662 2194 2814 2247 αὐτοί
2837 2211 2897 2248 τε
2922 2194 2982 2249 16
3011 2195 3361 2265 ἀνταπόδομα
3401 2193 3689 2260 διώξαντες
3723 2194 3868 2248 κατά

2287 2284 2413 2345 τοὺς
2438 2281 2588 2353 παρὰ
2603 2280 2873 2345 Ἰουδαίοις
2890 2281 3181 2354 ἄρχοντας,
3203 2282 3300 2336 καὶ
3325 2283 3415 2336 16v
3441 2285 3497 2336 ἐν
3520 2282 3752 2346 ἐκείνοις
3774 2284 3866 2336 ἐκ-

2290 2370 2589 2431 καύσαντες
2609 2368 2779 2439 θυμόν
2795 2384 2810 2400 ο
2831 2368 2897 2422 ἀν
2913 2369 2968 2423 δέ
2984 2369 3255 2442 ἐπιεικείᾳ
3271 2372 3368 2441 τὴν
3385 2370 3597 2424 ἀδικίαν
3618 2368 3867 2440 ἀμειψώ-

2291 2457 2452 2529 μεθα,
2478 2459 2658 2512 πᾶσαν
2695 2455 2861 2512 αὑτοῦ
2895 2454 2992 2525 τὴν
3020 2456 3188 2528 ὀργὴν
3216 2456 3565 2521 ἐκλύσαντες,
3600 2455 3864 2511 ἐκαθίσα-

2290 2561 2389 2615 μεν
2407 2563 2480 2598 πα
2487 2543 2694 2616 ρἀὺτῷ
2708 2544 3054 2614 δικαστήριον
3072 2545 3207 2614 ἡμῖν
3228 2543 3391 2612 φέρον
3408 2543 3503 2607 τὰς
3523 2543 3759 2614 ψήφους,
3776 2559 3868 2597 κα-

2286 2632 2571 2698 ταδικάζον
2599 2631 2763 2686 αὐτὸν
2782 2630 3160 2703 χαλεπώτερον
3190 2632 3223 2702 ἢ
3242 2633 3420 2703 ήμεῖς.
3439 2629 3865 2700 Καταγνώσεται

2286 2722 2395 2794 γάρ
2411 2721 2576 2775 αὑτοῦ
2593 2721 2688 2774 καὶ
2703 2719 3151 2790 καταψηφιεῖται,
3170 2722 3263 2773 καὶ
3276 2720 3458 2775 πᾶσαν
3475 2719 3701 2790 ζητήσει
3728 2718 3864 2789 πρό-

2287 2825 2472 2879 φασιν,
2494 2808 2561 2863 δι’
2590 2803 2657 2880 ἧς
2681 2807 2932 2860 ἀποτίσει
2961 2808 3020 2860 16
3046 2807 3330 2860 δανεισθὲν
3353 2809 3453 2876 τῆς
3477 2804 3865 2877 μακροθυμίας

2292 2898 2457 2969 μέρος
2501 2896 2639 2966 μετά
2689 2894 2938 2957 πλείονος
2991 2893 3086 2946 τοῦ
3118 2894 3344 2964 μέτρου,
3373 2890 3533 2954 εἰδὼς
3561 2891 3627 2946 ἀν
3664 2893 3770 2962 μὲν
3808 2890 3865 2944 16

2286 2981 2397 3033 ἴσον
2444 2978 2652 3048 ἀποδῷ,
2698 2978 2792 3030 καὶ
2839 2976 3012 3039 οὕτως
3065 2975 3394 3045 ἠλάττωται,
3443 2975 3520 3046 τῷ
3560 2975 3637 3045 μὴ
3700 2972 3865 3036 αὐτὸς

2286 3064 2577 3136 ἄρξασθαι,
2616 3064 2755 3118 ἀλλά
2806 3056 3061 3136 [119]τῷ
3086 3065 3218 3134 παρ’
3251 3062 3408 3133 ήμῶν
3446 3062 3507 3116 τὸ
3552 3061 3865 3132 ὑπόδειγμα

2284 3152 2467 3206 λαϐεῖν
2516 3151 2736 3205 ἔλαττον
2772 3154 2974 3221 φέρων.
3014 3150 3317 3205 Σπουδάσει
3349 3151 3529 3203 τοίνυν
3553 3148 3861 3218 ὑπερϐαλέο

2286 3240 2407 3293 σθαι
2435 3239 2512 3310 τῷ
2538 3238 2742 3310 μέτρῳ,
2768 3239 2853 3291 ἵνα
2881 3237 2980 3308 τήν
3014 3237 3338 3303 ἐλάττωσιν,
3367 3239 3434 3308 ἠν
3462 3239 3526 3290 ἐκ
3552 3236 3646 3290 τοῦ
3672 3237 3858 3289 δεύτε-

2283 3343 2375 3397 ρος
2432 3324 2606 3378 ἐλθεῖν
2656 3325 2747 3378 ἐπὶ
2797 3323 2897 3395 τὴν
2946 3324 3303 3378 ἀνταπόδοσιν
3338 3323 3620 3396 ὑπέμεινε,
3657 3326 3728 3394 τῇ
3764 3323 3859 3394 τῆς

2280 3413 2600 3475 ἀντιδόσεως
2651 3411 2922 3482 ὑπερϐολῇ
2973 3411 3307 3485 κατακρύψῃ
3328 3454 3342 3478 ,
3373 3412 3469 3466 καλ⁸
3501 3411 3599 3482 τὴν
3624 3411 3737 3464 ἀπὸ
3768 3409 3857 3464 τοῦ

2279 3502 2472 3573 χρόνου
2528 3498 2831 3570 γενομένην
2883 3497 3033 3569 αὑτῷ
3089 3499 3387 3554 ἐλάττωσιν
3431 3500 3526 3551 τοῦ
3586 3496 3857 3568 προτέρου

2280 3589 2543 3653 παθόντος
2593 3587 2798 3651 κακῶς,
2828 3586 3031 3660 ταύτην
3086 3588 3194 3641 ἀπὺ
3245 3589 3346 3659 τῆς
3389 3586 3510 3641 καθ’
3548 3584 3857 3657 ὑπερϐολὴν

2278 3676 2577 3738 ἐπιεικείας
2607 3674 2790 3745 κοινὴν
2817 3674 3140 3745 ἐργάσηται.
3172 3676 3236 3729 Οί
3262 3674 3370 3745 γάρ
3396 3673 3696 3745 ἄνθρωποι,
3727 3673 3858 3726 ὃταν

2277 3761 2622 3832 εὐγνώμονες
2669 3754 2828 3828 ὦσιν,
2866 3762 2965 3831 οὐχ
2994 3760 3168 3826 οὕτως
3211 3761 3305 3814 ἐπὶ
3368 3764 3481 3825 τοῖς
3523 3763 3747 3825 κακοῖς,
3784 3760 3856 3823 ὡς

2276 3851 2370 3903 ἐπὶ
2411 3850 2523 3911 τοῖς
2564 3847 2810 3916 ἀγαθοῖς,
2844 3841 2926 3910 οἷς
2950 3846 3015 3902 ἂν
3049 3844 3108 3903 εὖ
3135 3849 3390 3920 πάσχωσι
3417 3847 3573 3917 παρά
3596 3846 3705 3902 τῶν
3743 3847 3856 3917 ἠδι-

2277 3936 2552 4005 κημένων,
2611 3933 2878 3990 στένουσι.
2917 3934 2991 3987 T6
3021 3934 3122 4006 μὲν
3174 3936 3282 4007 γάρ
3332 3934 3550 4001 κακίας,
3578 3935 3639 3988 16
3676 3933 3739 3987 δὲ
3761 3935 3855 3988 καὶ

2274 4021 2511 4085 ὀνείδους
2570 4022 2664 4075 καὶ
2709 4021 2947 4090 γέλωτος
2990 4023 3209 4093 μεστὸν,
3239 4022 3332 4077 16v
3387 4016 3446 4077 εὖ
3489 4021 3739 4083 παθόντα.
3780 4020 3853 4091 μὴ

2274 4109 2633 4163 ἀντευποιεῖν.
2670 4108 2842 4163 Τοῦτο
2904 4110 3004 4181 μὲν
3059 4110 3167 4182 γὰρ
3201 4109 3425 4164 ἐπαινον
3451 4109 3567 4181 ἔχει
3593 4108 3690 4165 καὶ
3719 4108 3853 4180 κρό-

2274 4220 2398 4266 τους
2459 4201 2608 4273 παρά
2672 4202 2889 4255 πάντων
2943 4203 3037 4256 καὶ
3081 4201 3479 4274 εύφημίας,τδ
3512 4202 3705 4264 κακῶς
3747 4215 3852 4254 πα-

2277 4290 2437 4344 θόντα
2488 4290 2563 4361 μὴ
2618 4289 3045 4356 ἀντεπεξελυεῖν.
3085 4290 3185 4344 Διά
3223 4290 3383 4344 τοῦτο
3416 4290 3652 4362 μάλιστα
3677 4289 3852 4359 τούτῳ

2274 4375 2580 4430 δάκνονται.
2612 4376 2798 4439 Ὥστε,
2825 4378 2873 4430 εί
2917 4376 3098 4448 βούλει
3147 4377 3485 4448 ἀμύνασθαι,
3506 4377 3683 4448 τούτῳ
3707 4375 3850 4447 ἀμύ-

2274 4481 2367 4517 νου
2398 4463 2475 4533 τῷ
2501 4463 2690 4535 τρόπῳ
2721 4479 2735 4494 ’
2772 4466 2964 4529 κακοῖς
2994 4464 3176 4533 ἀγαθά
3196 4465 3518 4532 ἀνταπόδος,
3559 4465 3648 4519 ἵνα
3685 4461 3850 4519 αὑτὸν

2272 4553 2367 4606 καὶ
2393 4551 2674 4622 ὀφειλέτην
2690 4554 3058 4625 καταστήσῃς,
3082 4555 3175 4607 καὶ
3202 4556 3431 4627 νικήσῃς
3456 4554 3611 4624 νίκην
3635 4553 3849 4625 θαυμαο

2275 4638 2686 4711 στήν.”Επαθες
2712 4639 2928 4706 κακῶς;
2952 4641 3184 4711 Ποίησον
3208 4641 3408 4706 καλῶς,
3433 4640 3606 4704 οὕτως
3633 4640 3848 4711 ἀμύνου

2268 4728 2362 4781 τὸν
2399 4726 2611 4799 ἐχθρόν.
2654 4727 2752 4781 Ἂν
2789 4729 2888 4798 μὲν
2925 4728 3036 4800 γάρ
3068 4729 3397 4802 ἐπεξέλθῃς,
3422 4730 3630 4799 ὁμοίως
3661 4730 3760 4783 καὶ
3791 4730 3849 4782 at

2270 4815 2522 4868 κάκεῖνον
2581 4814 2822 4878 ἅπαντες
2874 4816 3183 4887 μέμφονται
3210 4833 3224 4847 ·
3253 4817 3319 4871 ἂν
3338 4817 3396 4871 δέ
3429 4816 3688 4888 ἐνέγκῃς,
3725 4817 3848 4870 ἐτέ-

2269 4919 2379 4974 pm;
2409 4919 2469 4956 σε
2510 4901 2611 4973 μέν
2648 4905 2977 4977 κρατήσουσι
3009 4905 3103 4958 καὶ⁹
3128 4904 3525 4977 θαυμάσονται,
3560 4904 3846 4960 ἐκεῖνονδέ

2266 4990 2723 5060 κατηγορήσουσι.
2924 4974 2940 4983 ⁵

2333 5111 2402 5173 γ’.
2419 5104 2483 5157 Τί
2497 5105 2553 5160 δέ
2570 5105 2748 5178 ἐχθρῷ
2767 5107 2977 5176 γένοιτο
2995 5108 3062 5164 ἂν
3084 5108 3266 5182 μεῖζον
3281 5111 3375 5166 τοῦ
3393 5111 3483 5166 τὸν
3500 5112 3695 5184 ἐχθρὸν
3713 5111 3844 5166 ίδεῖν

2265 5193 2417 5265 παρά
2471 5193 2689 5247 πάντων
2745 5194 3163 5266 θαυμαζόμενον
3202 5200 3296 5253 καὶ
3347 5199 3752 5271 κροτούμενον;
3790 5197 3842 5253 τί

2263 5277 2441 5349 ἐχθρῷ
2474 5280 2802 5351 πικρότερον
2848 5283 2943 5336 τοῦ
2971 5284 3162 5337 ἐαυτὸν
3184 5286 3485 5341 θεάσασθαι
3513 5288 3665 5358 παρὰ
3696 5287 3841 5341 πάν-

2262 5383 2370 5419 των
2408 5366 2765 5438 ὑϐριζόμενον
2797 5369 2884 5423 ἐπ’
2927 5371 3087 5441 ϐψεσι
3112 5372 3206 5426 τοῦ
3233 5373 3468 5446 ἐχθροῦ;
3516 5375 3642 5430 Ὲάν
3671 5376 3839 5429 αὑτὸν

2261 5452 2464 5527 ἀμύνῃ,
2494 5456 2587 5509 καὶ
2621 5457 3002 5530 κατεγνώσθης
3035 5461 3186 5526 ἴσως,
3222 5461 3402 5516 καὶσὺ
3432 5462 3592 5533 μόνος
3616 5462 3834 5533 ὴμύνω·

2261 5539 2327 5591 ἂν
2381 5540 2437 5593 δὲ
2482 5542 2647 5614 ἀφῇς,
2684 5545 2805 5598 ἀντὶ
2862 5546 2956 5599 σοῦ
3001 5549 3202 5611 πάντες
3246 5550 3584 5619 ἀμυνοῦνται
3624 5550 3792 5604 αὐτόν
3819 5566 3833 5579 ·

2260 5630 2396 5700 ὅπερ
2424 5632 2517 5686 τοῦ
2559 5634 2748 5687 παθεῖν
2771 5636 2957 5701 κακῶς
2986 5637 3390 5711 χαλεπώτερον,
3428 5640 3492 5695 16
3517 5641 3611 5694 τὸν
3637 5641 3837 5713 ἐχθρὸν

2265 5716 2550 5782 τοσούτους
2596 5723 2719 5784 τοὺς
2769 5722 3074 5792 ἀμύνοντας
3105 5724 3270 5795 ἔχειν.
3309 5729 3407 5785 Ἂν
3434 5727 3654 5801 ἀνοίξῃς
3687 5730 3836 5783 σὺτδ
