4092 6490
253 356 340 409 lli
1124 349 1187 403 IN
1231 348 1447 404 EPIST.
1494 349 1583 402 AD
1624 346 1846 404 EPIIES

248 449 465 511 foretur,
495 444 668 498 solum
699 451 877 496 autem
911 441 1104 495 vinctis
1135 442 1378 496 manibus
1406 440 1551 494 domi
1592 439 1812 505 sedeat,

250 552 407 608 neque
451 536 741 599 seminans,
783 548 957 603 neque
995 534 1199 587 sulcum
1241 532 1613 601 proscindens,
1644 546 1817 599 neque

248 631 394 684 liores
431 628 679 697 jungens,
723 640 896 695 neque
939 625 1102 679 vitem
1142 624 1347 689 colens,
1392 637 1563 692 neque
1601 622 1817 692 aliquod

243 720 369 775 aliud
398 735 527 789 opus
553 717 751 772 faciens
773 718 824 772 in
851 726 991 772 terra
1017 716 1242 772 colenda
1268 735 1281 771 :
1306 732 1482 773 annon
1507 732 1628 771 eum
1655 718 1817 771 casti~

243 811 506 884 gabimus?
547 810 705 880 Atqui
737 810 935 864 nullam
969 808 1093 864 fecit
1124 808 1373 878 injuriam
1396 851 1409 874 ,
1445 824 1618 880 neque
1647 808 1817 863 hahe—

246 919 349 959 tans
391 902 593 955 crimen
638 902 792 970 cujus
829 916 953 955 eum
994 914 1317 970 arguamus;
1360 900 1455 955 sed
1494 901 1538 955 is
1570 900 1670 955 hoc
1701 901 1817 971 ipso

247 997 354 1051 facit
390 994 635 1063 injuriam
667 1010 680 1046 :
712 1008 835 1046 nam
863 992 1135 1046 communi
1164 993 1352 1046 rationi
1382 991 1506 1047 facit
1535 992 1778 1061 injuriam
1799 1033 1814 1058 ,

250 1100 293 1142 ut
316 1088 396 1159 qui
418 1102 570 1142 suum
596 1102 791 1139 munus
814 1101 919 1139 non
944 1085 1204 1140 conferat.
1238 1084 1373 1152 Quid
1400 1100 1546 1149 vero,
1576 1085 1621 1139 si
1650 1100 1816 1139 unus-

249 1182 446 1251 quisque
499 1196 565 1233 ex
614 1178 894 1247 opilicibus
942 1186 996 1233 et
1041 1177 1336 1231 artificibus
1383 1178 1579 1231 nemini
1628 1186 1818 1232 noceat

251 1289 399 1343 neque
423 1288 487 1326 ex
518 1272 581 1325 iis
607 1272 697 1342 qui
729 1280 854 1325 sunt
884 1270 1105 1324 alterius
1125 1311 1141 1336 ,
1174 1284 1347 1339 neque
1378 1284 1443 1325 ex
1476 1270 1540 1324 iis
1571 1269 1661 1339 qui
1694 1277 1819 1323 sunt

248 1365 462 1431 ejusdem
503 1362 668 1427 artis,
708 1359 883 1415 solum
924 1369 1103 1414 autem
1150 1359 1221 1413 sit
1254 1359 1458 1413 otiosus
1492 1377 1505 1413 :
1535 1376 1712 1413 annon
1741 1359 1819 1413 sic

249 1455 382 1509 nobis
415 1462 518 1507 tota
552 1451 658 1505 vita
692 1451 831 1521 perit
854 1459 908 1505 et
936 1450 1155 1506 interit?
1196 1450 1287 1504 Vis
1326 1451 1488 1504 etiam
1519 1451 1815 1505 orationem

243 1544 547 1599 deducamus
578 1542 631 1596 in
662 1541 899 1611 corpus?
927 1542 1115 1595 Manus
1144 1555 1273 1611 ergo
1299 1549 1457 1609 caput
1492 1555 1594 1593 non
1625 1539 1815 1607 feriat,

243 1651 397 1706 neque
418 1636 656 1703 linguam
684 1631 985 1697 exscindat,
1011 1648 1184 1702 neque
1211 1631 1423 1686 oculum
1452 1631 1688 1697 effodiat,
1721 1647 1817 1686 ne-

239 1744 333 1800 que
372 1726 563 1797 aliquid
606 1724 753 1780 aliud
795 1724 901 1779 tale
948 1724 1145 1778 malum
1186 1723 1366 1790 faciat,
1394 1724 1569 1779 solum
1604 1732 1820 1777 maneat

239 1822 391 1875 otiosa
419 1829 471 1873 et
499 1832 660 1873 suum
687 1831 883 1872 munus
914 1816 1008 1871 ιοιί
1041 1816 1254 1886 corpori
1286 1831 1389 1870 non
1423 1816 1642 1885 impleat
1673 1836 1686 1871 :
1718 1831 1817 1870 an-

239 1929 333 1968 non
352 1920 561 1983 prtcstat
582 1926 707 1966 eam
730 1910 996 1976 exscindi,
1022 1926 1178 1980 quam
1201 1909 1548 1965 circumferre
1565 1911 1814 1976 otiosam,

236 2017 281 2063 et
307 2007 395 2061 toti
422 2004 641 2076 corpori
663 2004 959 2075 perniciem
982 2003 1330 2059 afferentem?
1356 2004 1493 2070 Quid
1517 2019 1670 2072 vero,
1692 2005 1735 2059 si
1760 2019 1821 2058 os

242 2113 431 2153 manum
463 2112 569 2151 non
600 2095 821 2161 exedat,
856 2111 1028 2165 neque
1056 2106 1244 2167 pectus
1275 2095 1537 2162 mordeat,
1567 2094 1662 2151 sed
1698 2112 1819 2165 qure

241 2200 348 2243 sunt
374 2189 437 2243 ab
466 2189 583 2259 ipso
616 2186 861 2242 facienda
890 2186 1069 2241 omnia
1100 2187 1504 2255 praetermittat;
1534 2202 1711 2241 annon
1733 2202 1821 2242 es-

237 2290 308 2337 set
328 2282 481 2335 satius
499 2281 681 2350 ipsum
704 2294 824 2334 esse
840 2279 1209 2335 obstructum?
1230 2279 1287 2335 Si
1309 2295 1436 2350 ergo
1455 2288 1511 2336 et
1529 2280 1583 2335 in
1606 2279 1820 2336 famulis

236 2383 280 2426 et
309 2372 354 2425 in
383 2372 666 2441 opilicibus
697 2379 751 2425 et
778 2370 829 2424 in
865 2378 977 2424 toto
1001 2384 1230 2440 corpore
1257 2386 1445 2441 magna
1476 2378 1561 2427 est
1589 2369 1779 2440 injuria
1800 2412 1815 2435 ,

235 2478 328 2516 non
369 2465 533 2517 solum
573 2461 782 2533 aliquid
825 2462 948 2516 mali
988 2462 1200 2528 iecisse,
1233 2463 1328 2517 sed
1369 2463 1529 2517 etiam
1570 2463 1624 2518 in
1665 2463 1819 2519 bonis

232 2556 499 2623 defecisse,
534 2557 712 2611 multo
738 2557 906 2625 magis
940 2554 1040 2609 hoc
1071 2555 1227 2609 fuerit
1259 2555 1311 2609 in
1339 2570 1565 2625 corpore
1592 2554 1813 2612 Christi.

294 2646 345 2700 2.
375 2646 667 2717 Propterea
700 2646 889 2700 beatus
914 2661 1126 2715 quoque
1149 2644 1345 2700 Paulus
1370 2661 1467 2701 nos
1489 2645 1761 2701 abducens
1788 2662 1817 2701 a

232 2740 349 2795 vitio
373 2750 423 2795 et
444 2739 816 2810 improbitate,
842 2738 1058 2793 deducit
1090 2737 1156 2793 ad
1184 2739 1455 2793 virtutem.
1480 2738 1617 2807 Quid
1650 2738 1814 2803 enim,

229 2831 520 2902 dic,qua:so,
545 2832 707 2901 juvat
728 2829 871 2902 quod
900 2845 1088 2887 omnes
1112 2831 1281 2901 spinae
1306 2831 1413 2885 siut
1440 2840 1748 2901 amputatm,
1773 2830 1816 2883 si

232 2938 324 2977 non
347 2924 452 2977 sint
472 2938 664 2992 sparsa
689 2922 825 2976 bona
848 2922 1089 2977 semina?
1116 2921 1197 2977 Ad
1224 2921 1365 2977 idem
1391 2924 1533 2976 enim
1561 2922 1815 2976 damnum

230 3030 401 3069 rursus
446 3014 652 3069 redibit
690 3013 864 3081 labor,
893 3012 939 3068 si
970 3013 1230 3067 manserit
1271 3012 1637 3083 imperfectus.
1684 3012 1818 3068 Pro-

234 3118 397 3175 pterea
444 3106 649 3161 Paulus
689 3119 904 3177 quoque
950 3106 1120 3160 nostri
1149 3120 1332 3160 curam
1367 3120 1581 3176 gerens,
1612 3120 1719 3161 non
1749 3104 1817 3159 ad

236 3198 481 3253 malorum
521 3213 703 3268 usque
748 3199 1170 3268 amputationem
1214 3206 1270 3253 et
1313 3197 1637 3253 ablationem
1676 3197 1819 3253 sistit

234 3302 498 3362 percepta,
531 3290 637 3347 sed
684 3291 844 3345 etiam
886 3288 1135 3344 hortatur
1178 3299 1235 3344 ut
1278 3290 1386 3343 cito
1426 3289 1516 3344 fiat
1553 3289 1816 3345 bonorum

236 3382 488 3449 plantatio.
522 3381 666 3436 Nam
696 3396 819 3435 cum
846 3380 1109 3447 dixisset,
1143 3379 1322 3434 Omnis
1349 3381 1639 3434 amaritudo
1665 3389 1716 3436 et
1740 3381 1819 3435 ira

232 3480 272 3524 et
294 3471 573 3543 indignatio
613 3482 662 3525 et
702 3472 898 3525 clamor
922 3480 967 3525 cl
996 3470 1311 3541 blasphemia
1349 3471 1559 3525 tollatur
1588 3488 1617 3524 a
1645 3472 1780 3525 vobis
1799 3514 1815 3539 ,

233 3579 331 3615 cum
375 3564 509 3618 omni
552 3564 797 3626 malitia;
844 3562 1153 3631 subjunxit,
1201 3562 1371 3617 Estote
1408 3573 1573 3616 autem
1609 3564 1819 3617 invicem

234 3652 435 3726 benigni,
466 3653 850 3719 misericordes,
888 3653 1132 3708 donantes
1165 3653 1399 3710 invicem.
1436 3654 1497 3708 Hi
1526 3655 1666 3709 enim
1696 3666 1818 3709 sunt

235 3743 427 3800 habitus
453 3757 507 3801 ct
534 3744 876 3800 affectiones.
908 3745 1016 3801 Nec
1037 3746 1238 3801 sufficit
1268 3747 1335 3801 ab
1359 3747 1529 3801 altero
1551 3762 1815 3813 recessus,

235 3847 285 3892 ut
320 3839 468 3895 nobis
507 3838 741 3894 alterius
781 3838 1021 3892 habitum
1064 3853 1249 3892 rursus
1275 3840 1691 3904 consdtuamus;
1725 3840 1816 3893 sed

234 3948 403 3988 rursus
432 3948 570 4003 opus
599 3942 685 3987 est
711 3930 945 4001 quodam
976 3939 1148 3997 moltt,
1178 3940 1233 3985 et
1265 3946 1369 3984 non
1400 3930 1591 3984 minori
1622 3930 1817 3985 alacri-

235 4033 330 4081 tate
369 4042 527 4096 quam
576 4025 637 4080 in
683 4023 950 4094 fugiendis
980 4023 1155 4089 malis,
1190 4032 1245 4077 ut
1277 4024 1328 4077 in
1360 4022 1620 4077 honorum
1651 4025 1818 4079 simus

232 4120 583 4187 possessione.
624 4116 838 4171 Etenim
870 4116 920 4170 in
952 4130 1200 4185 corpore,
1234 4115 1277 4169 si
1319 4116 1468 4185 niger
1495 4117 1650 4170 fuerit
1682 4115 1817 4169 libe-

233 4219 367 4263 ratus
392 4209 459 4263 ab
485 4208 589 4265 hac
620 4208 898 4279 qualitate,
931 4222 1037 4261 non
1063 4206 1309 4277 protinus
1333 4205 1501 4260 factus
1530 4214 1614 4260 est
1641 4206 1812 4260 albus.

234 4299 334 4353 lmo
350 4316 476 4356 vero
497 4318 609 4354 non
635 4301 687 4354 in
711 4299 1043 4353 naturalibus
1065 4298 1115 4351 id
1139 4298 1280 4368 quod
1310 4297 1502 4352 dicitur
1532 4297 1815 4367 agitemus,

232 4392 315 4445 sed
364 4394 675 4463 exemplum
717 4390 1050 4446 adducamus
1077 4388 1129 4444 in
1160 4391 1224 4443 iis
1250 4405 1369 4460 qua:
1401 4389 1531 4443 fiunt
1561 4405 1623 4444 ex
1654 4390 1818 4444 animi

233 4485 463 4540 instituto
488 4495 543 4540 et
571 4486 746 4540 libero
767 4485 990 4539 arbitrio
1014 4500 1028 4539 :
1054 4483 1143 4554 qui
1172 4499 1276 4539 non
1304 4492 1386 4538 est
1415 4484 1683 4548 inimicus,
1713 4499 1818 4538 non

231 4584 305 4629 est
328 4577 546 4631 omnino
573 4576 806 4643 amicus,
824 4575 918 4630 sed
941 4585 1024 4630 est
1048 4575 1247 4645 aliquid
1275 4574 1530 4639 medimn,
1556 4576 1695 4645 quod
1722 4592 1820 4630 nec

234 4667 626 4723 inimicitiarum
667 4682 841 4736 neque
884 4667 1155 4732 amicitirc,
1195 4668 1246 4722 in
1288 4682 1395 4737 quo
1437 4669 1668 4722 maxime
1696 4676 1821 4723 sunt

234 4759 401 4828 plures
430 4758 573 4828 apud
604 4773 707 4812 nos
732 4756 999 4813 homines.
1047 4758 1148 4825 Qui
1179 4775 1284 4813 non
1318 4758 1643 4829 laerymatur
1664 4799 1679 4822 ,
1714 4775 1817 4813 non

231 4849 380 4904 etiam
418 4849 648 4904 omnino
696 4848 852 4916 ridet,
884 4849 978 4905 sed
1017 4860 1099 4906 est
1135 4849 1343 4905 medius
1382 4859 1576 4907 status.
1619 4850 1691 4904 Ita
1735 4850 1820 4906 hic

232 4954 432 5012 quoque
461 4959 474 4995 :
508 4942 601 5012 qui
628 4957 733 4995 non
762 4952 843 4995 est
868 4957 1105 5008 amarus,
1130 4957 1237 4996 non
1264 4951 1438 4997 tamen
1468 4950 1552 4997 est
1578 4942 1746 4997 comis
1768 4952 1821 4998 et

230 5031 517 5102 benignus;
549 5047 727 5102 neque
753 5031 844 5102 qui
874 5047 980 5087 non
1008 5042 1091 5087 est
1112 5032 1400 5087 iracundus
1424 5076 1438 5100 ,
1483 5044 1566 5088 est
1596 5034 1739 5088 mitis
1766 5044 1821 5088 et

231 5122 530 5179 misericors
564 5141 579 5178 :
614 5123 709 5177 sed
741 5124 848 5177 alio
875 5139 1061 5180 rursus
1089 5123 1270 5179 studio
1294 5139 1429 5195 Opus
1454 5133 1537 5179 est
1558 5168 1571 5191 ,
1614 5135 1671 5180 ιιι
1717 5126 1819 5181 hoc

231 5214 415 5270 bonum
444 5218 812 5287 acquiramus.

302 5304 468 5362 Virtus
489 5310 780 5373 inserenda,
807 5310 928 5361 vitia
948 5309 1230 5363 evellenda.
1257 5307 1397 5364 Ultio
1418 5325 1553 5374 vera,
1572 5310 1700 5363 bona
1724 5326 1816 5379 pro

232 5399 370 5453 malis
408 5401 705 5471 rependere.
739 5430 812 5440 —
842 5400 976 5455 Vide
1011 5412 1189 5456 autem
1231 5415 1391 5471 quam
1430 5400 1819 5454 convenienter

232 5489 323 5560 legi
362 5494 580 5563 optima:
618 5494 960 5562 agricultura:
1003 5494 1192 5549 beatus
1236 5494 1431 5548 Paulus
1475 5503 1671 5549 terram
1714 5493 1816 5547 sibi

230 5583 476 5636 creditam
509 5582 578 5637 ab
617 5585 875 5655 agricola,
905 5594 1165 5655 expurgat
1191 5593 1245 5640 et
1271 5594 1542 5655 operatur.
1591 5584 1815 5640 Sustulit

232 5675 429 5728 semina
458 5675 781 5742 adulterina,
812 5677 879 5733 de
900 5689 1098 5734 czetero
1126 5688 1277 5750 rogat
1305 5688 1362 5736 ut
1383 5694 1537 5735 veras
1564 5688 1619 5734 et
1643 5679 1819 5736 since-

228 5784 308 5820 ris
354 5769 565 5838 plantas
608 5778 831 5825 teneat:
866 5770 1055 5838 Eslotc,
1098 5773 1283 5842 inquit,
1331 5772 1549 5843 benigni.
1593 5769 1723 5826 Nam
1766 5769 1812 5827 si

1910 347 2061 401 CAP.
2110 347 2194 402 IV.
2243 350 2468 407 llO.\llL.
2514 352 2653 407 XVI.
3415 359 3514 411 ιιι

1926 440 2094 509 spinis
2126 444 2322 497 evulsis
2349 455 2487 500 terra
2522 457 2731 501 maneat
2761 448 2928 502 otiosa
2952 490 2966 510 ,
3010 452 3137 505 feret
3173 468 3359 509 rursus
3390 453 3515 506 her-

1926 532 2022 586 bas
2077 534 2309 589 inutiles.
2364 537 2723 603 Quamobrem
2777 540 2892 610 ejus
2944 544 3096 611 quies
3132 552 3187 598 et
3227 544 3391 597 otium
3434 554 3517 599 est

1925 627 2405 694 prmoccupandum
2461 629 2723 684 bonorum
2778 632 3044 687 seminum
3102 643 3156 689 et
3211 635 3513 703 plantarum

1922 716 2243 783 dcjecdone.
2276 719 2501 774 Sustulit
2528 722 2677 786 iram,
2715 725 2887 790 posuit
2919 724 3299 793 benignitatem
3334 743 3345 777 :
3381 739 3504 778 sus-

1925 809 2041 862 tulit
2086 812 2518 879 amaritudinem,
2557 817 2731 882 posuit
2772 816 3193 871 misericordiam
3227 835 3237 869 :
3271 818 3512 871 exsecuit

1925 901 2109 954 vitium
2154 912 2207 956 et
2249 903 2655 972 blasphemiam,
2684 906 2942 974 plantavit
2966 909 3173 963 veniam
3201 926 3213 959 :
3240 907 3339 962 hoc
3367 909 3509 961 enim

1923 1002 2006 1047 est
2047 994 2196 1058 illttd,
2235 994 2491 1051 Donantes
2530 998 2758 1051 invicem.
2792 999 2998 1065 Estote,
3033 1001 3224 1069 inquit,
3260 1002 3512 1070 propensi

1924 1087 1989 1140 ad
2018 1088 2422 1157 ignoscendum.
2473 1090 2598 1144 llzrc
2637 1106 2779 1145 (:lllm
2822 1092 2987 1161 gratia
3028 1101 3111 1146 est
3155 1093 3325 1162 major
3354 1108 3511 1162 quam

1923 1192 2042 1247 qme
2065 1188 2145 1231 est
2174 1179 2223 1232 in
2255 1180 2512 1249 pecuniis.
2536 1180 2667 1235 Nam
2692 1183 2779 1251 qui
2815 1182 3035 1236 remittit
3060 1185 3310 1252 pecunias
3330 1184 3400 1250 ei,
3423 1184 3512 1254 qui

1923 1268 1990 1323 ah
2026 1269 2141 1338 ipso
2167 1272 2374 1338 accepit
2403 1270 2591 1326 faenori
2614 1313 2627 1332 .
2661 1271 2857 1325 bonum
2898 1272 3111 1341 quidem
3146 1273 3268 1327 facit
3295 1288 3429 1343 npus
3459 1283 3515 1327 ct

1922 1360 2268 1426 admirabile;
2314 1361 2409 1417 sed
2451 1362 2697 1433 pervenit
2734 1363 2801 1417 ad
2849 1378 3043 1433 corpus
3093 1380 3261 1433 usque
3305 1365 3512 1434 gratia,

1923 1452 2132 1507 etiamsi
2157 1454 2258 1509 sibi
2287 1454 2463 1511 reddit
2492 1457 2983 1512 remunerationem
3010 1457 3061 1511 in
3089 1456 3244 1511 donis
3266 1456 3516 1526 spiritua-

1925 1544 2067 1600 libus
2094 1553 2150 1599 et
2177 1561 2295 1614 qua:
2327 1556 2573 1617 spectant
2601 1549 2834 1601 animam
2868 1566 2881 1601 :
2920 1549 3007 1617 qui
3036 1556 3215 1602 autem
3247 1547 3517 1602 condouat

1925 1646 2164 1707 peccata,
2196 1645 2250 1691 et
2278 1653 2431 1693 suam
2455 1637 2605 1706 juvat
2634 1640 2891 1704 animam,
2923 1649 2977 1694 et
3008 1639 3148 1693 illius
3177 1639 3266 1708 qui
3302 1639 3513 1693 veniam

1923 1736 2006 1781 est
2031 1737 2355 1799 assequutus
2386 1746 2399 1782 :
2430 1729 2532 1783 hoc
2561 1730 2704 1784 enim
2736 1731 2895 1785 modo
2924 1746 3029 1784 non
3059 1730 3231 1785 soltun
3256 1735 3513 1798 seipsum,

1926 1819 2021 1875 sed
2049 1820 2195 1876 illum
2224 1837 2437 1892 quoque
2463 1822 2587 1877 facit
2608 1824 2873 1878 mitiorem
2893 1833 2946 1878 et
2967 1823 3371 1878 modestiorem.
3396 1820 3513 1877 Non

1925 1918 2069 1971 enim
2108 1917 2175 1971 ita
2204 1932 2298 1973 eos
2322 1917 2409 1987 qui
2443 1916 2690 1987 injuriam
2736 1918 2977 1972 fecerunt
3021 1926 3426 1986 persequentes,
3457 1924 3516 1970 ut

1924 2009 2005 2065 eis
2030 2010 2418 2076 condonautes,
2444 2025 2629 2065 eorum
2663 2009 2971 2064 mordemus
2997 2010 3228 2074 animos,
3255 2009 3513 2078 pudorem

1927 2100 2267 2156 incutientes.
2295 2100 2427 2155 Nam
2456 2101 2548 2155 illo
2568 2100 2781 2171 quidem
2810 2098 2968 2153 modo
2998 2113 3170 2168 neque
3201 2097 3355 2151 nobis
3387 2097 3516 2167 ipsis

1925 2206 2101 2262 neque
2128 2191 2235 2245 illis
2260 2204 2582 2262 prosumus,
2620 2190 2715 2245 sed
2758 2190 3000 2258 utrisque
3034 2189 3307 2251 obsumus,
3343 2196 3401 2240 ιιι
3426 2186 3515 2255 qui

1926 2300 2033 2342 non
2062 2299 2220 2339 secus
2244 2293 2405 2354 atque
2441 2282 2751 2339 Judmorum
2785 2283 3056 2352 principes
3078 2322 3092 2345 ,
3133 2296 3518 2350 persequamur

1928 2379 2442 2445 remunerationem,
2483 2383 2538 2431 et
2580 2374 2633 2431 in
2676 2376 2781 2430 illis
2823 2377 2956 2428 iram
2998 2377 3354 2430 accendamus
3388 2389 3400 2423 :
3433 2372 3516 2425 sin

1927 2479 2106 2525 autem
2153 2470 2373 2524 lenitate
2415 2477 2471 2525 et
2513 2467 2800 2523 clementia
2848 2466 3204 2535 rependamus
3244 2464 3514 2532 injuriam,

1926 2563 2100 2620 soluta
2123 2562 2267 2616 omni
2296 2560 2413 2631 ejus
2435 2561 2532 2625 ira,
2562 2559 2701 2629 apud
2726 2560 2899 2628 ipsum
2922 2558 3109 2612 sedere
3134 2556 3357 2609 fecimus
3380 2554 3517 2623 judi-

1926 2660 2093 2722 cium,
2126 2671 2224 2725 pro
2258 2655 2413 2709 nobis
2440 2654 2620 2708 ferens
2648 2652 2993 2711 sententiam,
3020 2658 3072 2702 et
3098 2649 3312 2718 gravius
3346 2648 3397 2716 ip
3429 2662 3515 2700 um

1926 2762 2088 2818 quam
2120 2759 2215 2799 nos
2245 2745 2633 2799 condemnans.
2662 2742 2910 2811 Seipsum
2939 2741 3084 2793 enim
3114 2737 3515 2801 condemnabit,

1924 2845 1982 2893 et
2010 2850 2225 2890 omnem
2254 2843 2461 2905 quaeret
2486 2832 2843 2895 occasionem,
2873 2845 2966 2899 per
2991 2844 3146 2898 quam
3176 2843 3295 2881 cum
3329 2826 3518 2894 majori

1929 2943 2181 2983 mensura
2206 2927 2393 2981 reddet
2417 2925 2651 2981 lenitatis
2675 2932 2729 2979 et
2757 2923 3027 2992 patientim
3052 2930 3259 2992 partem
3280 2936 3398 2989 qua:
3419 2918 3518 2974 fuit

1929 3022 2030 3077 sibi
2058 3021 2179 3075 data
2209 3019 2401 3075 fmnori
2433 3036 2446 3074 :
2475 3028 2532 3071 ut
2568 3017 2659 3089 qui
2700 3017 2836 3070 sciat
2871 3014 3034 3083 quod,
3077 3014 3123 3069 si
3171 3028 3265 3083 par
3303 3012 3517 3082 quidem

1928 3111 2255 3177 reddiderit,
2296 3125 2362 3164 eo
2407 3118 2583 3164 tamen
2612 3118 2694 3163 est
2722 3106 2941 3162 inferior
2962 3104 3101 3174 quod
3129 3120 3233 3159 non
3269 3105 3380 3174 ipse
3404 3118 3520 3159 cm-

1927 3206 2086 3277 perit,
2120 3204 2302 3259 sedeo
2339 3200 2479 3272 quod
2523 3200 2825 3269 exemplum
2856 3214 2886 3253 a
2915 3198 3067 3252 nobis
3097 3198 3383 3266 acceperit,
3420 3196 3520 3249 mi-

1930 3311 2031 3352 nus
2073 3294 2274 3351 ferens.
2322 3292 2569 3348 Studium
2600 3306 2728 3361 ergo
2755 3299 2915 3359 ponet
2957 3299 3015 3343 ut
3055 3289 3259 3344 semina
3302 3297 3520 3356 superet

1928 3400 2203 3451 mensura,
2234 3395 2291 3439 ut
2329 3384 2711 3439 detrimentum
2753 3381 2893 3453 quod
2936 3382 3131 3451 petitur
3167 3396 3229 3435 ex
3273 3395 3339 3435 eo
3375 3380 3517 3449 quod

1928 3476 2197 3534 secundus
2227 3478 2435 3530 venerit
2461 3473 2526 3528 ad
2558 3474 3079 3539 remunerationem,
3112 3472 3260 3527 tollat
3286 3487 3519 3539 exsure-

1928 3567 2137 3622 ratione
2167 3562 2615 3620 remunerationis
2637 3606 2650 3629 ,
2684 3575 2737 3618 et
2767 3562 2907 3631 quod
2938 3577 3004 3616 ex
3045 3572 3285 3632 tempore
3322 3561 3517 3615 factum

1927 3668 2013 3715 est
2039 3656 2425 3713 detrimentum
2458 3655 2572 3724 ejus
2613 3654 2703 3724 qui
2746 3654 2892 3723 prius
2932 3653 3069 3707 male
3111 3667 3299 3722 passus
3328 3661 3430 3717 est,
3466 3651 3516 3704 id

1924 3765 2213 3805 commune
2241 3750 2399 3803 faciat
2422 3764 2485 3802 ex
2515 3762 2721 3802 summa
2745 3746 2961 3802 lenitate
2983 3756 3035 3800 et
3056 3746 3359 3801 clementia.
3385 3744 3516 3799 Nam

1930 3844 2195 3906 homines,
2220 3840 2433 3911 quando
2454 3850 2575 3895 sunt
2596 3839 2730 3910 grati
2753 3848 2809 3894 et
2829 3854 3095 3893 memores
3116 3838 3383 3903 beneficii,
3409 3850 3519 3891 non

1928 3943 2037 3989 tam
2077 3933 2433 4003 ingemiscunt
2468 3932 2537 3986 ob
2568 3932 2727 3996 mala,
2758 3946 2915 4002 quam
2948 3931 3018 3985 ob
3049 3930 3183 3984 bona
3212 3946 3330 3998 qum
3360 3945 3516 3984 acce-

1928 4038 2119 4100 perunt
2151 4029 2219 4084 ab
2261 4029 2325 4083 iis
2367 4027 2452 4098 qui
2497 4036 2622 4081 sunt
2658 4025 2835 4080 affecti
2878 4024 3091 4094 injuria.
3135 4024 3347 4079 Etenim
3387 4023 3518 4078 illud

1929 4120 2161 4189 nequitia
2186 4161 2200 4183 ,
2244 4119 2344 4173 hoc
2388 4116 2681 4187 opprobrio
2711 4126 2764 4171 et
2796 4117 2901 4171 risu
2933 4116 3145 4185 plenum
3188 4125 3290 4180 est,
3320 4130 3442 4169 cum
3474 4115 3518 4170 is

1927 4212 2014 4282 qui
2047 4211 2361 4265 beneficium
2391 4210 2627 4278 accepit,
2660 4224 2765 4262 non
2799 4207 3064 4278 rependit.
3108 4206 3238 4261 Nam
3273 4206 3371 4261 hoc
3399 4207 3518 4276 qui-

1928 4303 2050 4357 dem
2082 4302 2243 4356 habet
2276 4301 2510 4357 laudem.
2541 4301 2782 4369 plausum
2813 4310 2867 4354 et
2896 4299 3418 4354 commendationem
3450 4300 3520 4354 ah

1927 4393 2178 4449 omnibus
2198 4434 2210 4456 ,
2240 4392 2380 4463 quod
2413 4393 2550 4446 male
2587 4405 2776 4460 passus
2804 4406 2899 4460 par
2924 4391 3032 4459 pari
3067 4405 3171 4444 non
3204 4389 3519 4445 reddiderit.

1929 4486 2155 4554 Propter
2188 4488 2288 4540 hoc
2311 4484 2542 4538 maxime
2574 4482 2907 4539 mordentur.
2942 4484 3324 4550 Quamobrem,
3359 4484 3400 4537 si
3431 4498 3522 4538 vc-

1928 4578 1995 4632 lis
2020 4576 2226 4644 ulcisci,
2260 4575 2359 4630 hoc
2384 4574 2543 4629 modo
2570 4575 2829 4629 ulciscere
2862 4591 2876 4626 :
2912 4575 3048 4627 mala
3083 4574 3314 4644 repende
3345 4574 3518 4641 bonis,

1930 4678 1987 4723 ut
2017 4684 2138 4723 eum
2171 4667 2363 4722 reddas
2387 4666 2707 4730 debitorem,
2732 4677 2779 4719 et
2811 4666 3111 4721 admirabili
3143 4667 3324 4720 vincas
3355 4666 3523 4719 victo-

1931 4759 2029 4812 ria.
2057 4758 2191 4814 Male
2215 4772 2400 4827 passus
2426 4756 2518 4811 es?
2540 4757 2683 4812 Bene
2706 4756 2787 4812 fac
2813 4775 2825 4811 :
2852 4757 2920 4811 ita
2945 4756 3216 4812 inimicum
3238 4756 3516 4811 ulciscere.

1930 4850 2062 4905 Nam
2112 4851 2155 4905 si
2209 4851 2353 4903 illum
2396 4849 2610 4919 quidem
2654 4849 3012 4918 persequaris,
3045 4861 3232 4902 omnes
3276 4858 3331 4901 et
3374 4856 3426 4901 te
3466 4857 3521 4901 et

1931 4944 2084 4999 illum
2129 4943 2375 4996 similiter
2406 4942 2753 5011 vituperant:
2785 4941 2867 4994 sin
2912 4948 3089 4993 autem
3138 4937 3314 5005 feras,
3362 4939 3520 4994 aliter

1932 5036 2023 5090 tibi
2064 5034 2279 5105 quidem
2326 5033 2652 5102 applaudeut
2694 5041 2749 5086 et
2793 5041 2843 5086 te
2885 5029 3317 5095 admirabuntur,
3365 5029 3516 5084 illum

1927 5137 2105 5181 autem
2140 5124 2484 5179 accusabunt.

1999 5220 2051 5273 ’5.
2086 5217 2220 5285 Quid
2250 5225 2427 5269 antem
2457 5214 2628 5283 majus
2666 5214 2780 5268 fieri
2809 5213 3043 5284 potuerit
3074 5212 3293 5266 inimico
3313 5254 3326 5279 ,
3357 5226 3520 5282 quam

1929 5309 2111 5363 videre
2158 5308 2431 5361 inimicum
2461 5320 2580 5360 esse
2613 5303 2667 5358 in
2705 5304 3060 5359 admiratione
3087 5300 3225 5373 apud
3253 5317 3441 5357 onmes
3468 5312 3521 5359 et

1927 5404 1975 5458 ei
2008 5400 2295 5471 applaudi?
2337 5398 2463 5469 quid
2505 5399 2720 5452 inimico
2747 5398 2990 5453 acerbius
3016 5439 3030 5462 ,
3067 5411 3225 5467 quam
3253 5396 3435 5452 videre
3460 5412 3520 5454 se

1929 5496 2126 5566 probro
2165 5502 2221 5548 et
2258 5491 2584 5547 contumelia
2613 5489 2750 5545 affici
2779 5490 2846 5545 ab
2875 5489 3143 5553 omnibus,
3174 5488 3389 5543 vidente
3414 5488 3519 5543 ini-

1928 5587 2107 5642 mico?
2136 5586 2191 5641 Si
2216 5586 2386 5656 ipsum
2414 5584 2708 5647 ulciscaris,
2737 5592 2791 5638 et
2817 5582 3042 5638 fortasse
3063 5581 3357 5649 damnaris,
3382 5593 3435 5636 et
3464 5591 3522 5637 tu

1927 5679 2074 5733 solus
2096 5677 2370 5733 ulcisceris
2402 5695 2414 5730 :
2444 5678 2525 5730 sin
2553 5686 2729 5731 autem
2757 5674 2805 5730 ei
2831 5675 3095 5736 remittas,
3123 5688 3311 5731 omnes
3341 5690 3437 5744 pro
3471 5686 3521 5731 te

1930 5769 2104 5841 ipsum
2133 5768 2465 5823 ulciscuntur
2495 5787 2507 5822 :
2542 5766 2681 5838 quod
2725 5765 2938 5837 quidem
2989 5776 3069 5822 est
3108 5766 3320 5837 gravius
3360 5781 3519 5821 auaro
