4092 6550
507 374 606 428 H5

508 491 648 544 male
674 491 803 558 pati,
829 488 970 560 quod
1002 489 1207 544 scilicet
1239 488 1484 542 inimicus
1524 486 1716 540 habeat
1757 495 1866 540 tam
1905 484 2102 539 multos

510 582 600 650 qui
631 580 804 651 ipsum
833 581 1181 636 ulciscuntur.
1209 579 1264 634 Si
1292 589 1345 632 tu
1373 593 1436 632 os
1458 578 1687 647 aperias,
1709 576 1786 631 illi
1809 576 2059 632 tacebunt
2085 592 2098 630 :

423 677 429 685 '
511 674 594 727 sin
620 683 798 726 autem
829 680 882 726 tu
911 679 1109 734 taceas,
1129 685 1235 724 non
1265 669 1447 739 utique
1477 684 1584 723 uno
1611 683 1728 734 ore,
1752 666 1847 723 sed
1873 667 2105 721 aliorum

515 783 636 822 eum
667 766 825 821 feries
850 763 1349 826 innumerabilibus,
1373 771 1427 816 et
1458 762 1625 830 magis
1647 759 1940 814 ulcisceris.
1966 759 2030 812 Et
2055 767 2107 812 te

513 859 726 928 quidem
755 857 948 926 probro
966 865 1019 910 et
1038 854 1360 909 contumelia
1387 859 1749 922 appetentem,
1772 851 1922 905 multi
1949 864 2106 904 accu-

514 959 663 1012 sant;
696 947 878 1002 dicunt
903 947 1045 1000 enim
1071 960 1192 1001 esse
1213 944 1373 999 verba
1400 943 1622 998 allectus
1650 959 1662 995 :
1693 940 1904 1012 quando
1929 949 2110 994 autem

516 1039 603 1107 qui
633 1037 775 1091 nulla
807 1038 1031 1092 allectus
1061 1047 1144 1091 est
1169 1036 1363 1104 injuria
1386 1035 1437 1088 in
1460 1049 1582 1089 eum
1621 1035 1816 1103 probra
1841 1031 2034 1101 ingerit
2056 1039 2112 1085 et

517 1131 895 1194 contumelias,
927 1139 1053 1184 tunc
1098 1130 1232 1184 ultio
1259 1137 1340 1184 est
1379 1128 1612 1182 maxime
1653 1126 1819 1180 libera
1865 1125 1933 1178 ab
1961 1123 2108 1179 omni

518 1221 844 1291 suspicione.
875 1220 1102 1288 Quando
1127 1221 1268 1274 enim
1302 1218 1393 1288 qui
1439 1219 1569 1273 nihil
1599 1232 1761 1287 grave
1787 1224 1910 1270 sunt
1935 1215 2108 1282 passi,

524 1324 744 1382 promer
777 1328 1040 1366 summam
1087 1320 1232 1366 tuam
1263 1311 1536 1368 lenitatem
1559 1351 1574 1376 ,
1621 1318 1886 1380 tamquam
1920 1306 2113 1377 injuria

528 1403 705 1457 affecti
737 1402 894 1458 simul
919 1403 1101 1457 dolent
1139 1412 1190 1457 et
1216 1401 1686 1467 commiserautur,
1729 1399 1798 1453 ab
1841 1398 1988 1452 omni
2019 1413 2114 1451 su-

525 1495 765 1564 spicione
794 1509 923 1563 pura
953 1495 1067 1549 hmc
1087 1493 1338 1549 vindicta.
1361 1491 1498 1561 Quid
1530 1507 1676 1557 vero,
1711 1491 1901 1559 inquit,
1927 1491 1969 1542 si
1999 1489 2117 1543 nul-

527 1586 610 1640 lus
636 1585 1131 1655 ulciscaturtFieri
1180 1599 1285 1639 non
1320 1592 1496 1652 potest
1528 1591 1584 1637 ut
1611 1581 1858 1635 homines
1887 1582 1995 1635 sint
2037 1581 2117 1635 la-

527 1675 706 1744 pidei,
756 1684 810 1730 et
839 1690 942 1728 non
988 1674 1322 1728 admirentur
1353 1673 1592 1727 videntes
1635 1682 1836 1726 tantam
1881 1670 2118 1739 philoso-

531 1767 709 1833 phiam
738 1783 751 1816 :
782 1777 837 1821 et
873 1766 920 1822 si
951 1775 1076 1821 tunc
1123 1781 1229 1820 non
1274 1766 1617 1828 ulciscantur,
1653 1774 1835 1833 postea
1865 1772 2040 1817 tamen
2066 1761 2118 1816 id

541 1860 742 1913 faciunt
797 1873 855 1914 re
903 1873 1199 1927 perpensa,
1249 1857 1397 1911 illum
1451 1856 1675 1910 irrident
1719 1866 1773 1910 et
1820 1854 2121 1908 maledictis

539 1961 814 2022 appetunt.
843 1949 992 2016 Quod
1019 1950 1061 2002 si
1107 1950 1265 2003 etiam
1319 1949 1493 2002 nullus
1521 1948 1654 2001 alius
1699 1957 1751 2002 te
1790 1946 2122 2011 admiretur,

536 2042 624 2096 ille
653 2043 765 2110 ipse
797 2051 846 2095 te
878 2039 1097 2094 omnino
1127 2039 1509 2105 admirabitur,
1555 2038 1766 2093 etiamsi
1817 2052 1923 2091 non
1963 2037 2123 2091 dicat.

539 2132 666 2200 Ejus
715 2131 857 2186 enim
889 2129 1030 2198 quod
1064 2130 1262 2184 bonum
1293 2139 1346 2183 et
1375 2128 1659 2182 honestum
1701 2135 1787 2182 est
1833 2126 2125 2196 judicium,

537 2222 750 2276 etiamsi
779 2222 1086 2275 venerimus
1118 2220 1168 2274 in
1208 2221 1380 2288 ipsum
1408 2219 1522 2274 vitii
1575 2217 1922 2288 profundum,
1952 2227 2132 2272 manet

541 2313 935 2381 incorruptum,
967 2325 1064 2365 nec
1093 2320 1268 2380 potest
1294 2311 1546 2382 perverti.
1579 2310 1710 2364 Nam
1741 2325 1839 2364 cur
1859 2310 2134 2364 exiStimas

545 2403 830 2456 Dominum
862 2410 1102 2455 nostrum
1143 2401 1322 2456 Jesum
1366 2401 1638 2456 Christum
1684 2401 1799 2455 hmc
1825 2400 2004 2456 dicere
2025 2443 2040 2466 ,
2073 2400 2134 2455 Si

545 2493 658 2562 quis
689 2502 734 2546 te
775 2494 1072 2563 percusserit
1101 2494 1154 2546 in
1188 2493 1443 2547 dexteram
1472 2493 1737 2546 maxillam
1779 2501 1939 2558 tuam,
1969 2492 2136 2563 prtebe

547 2585 594 2638 ei
621 2595 666 2637 et
693 2585 905 2638 alterunt
935 2583 1158 2654 (Matth.
1185 2584 1238 2638 5.
1271 2585 1340 2639 '59
1359 2585 1414 2656 )?
1451 2600 1629 2640 nonne
1661 2586 1913 2653 quoniam
1942 2585 1984 2638 si
2016 2584 2136 2654 quis

549 2674 712 2728 fuerit
743 2675 879 2730 leuis
906 2684 959 2730 et
980 2677 1210 2745 patiens,
1242 2691 1309 2730 eo
1341 2675 1596 2746 majorem
1619 2685 1671 2730 et
1695 2675 1793 2729 sibi
1816 2685 1868 2730 et
1894 2675 1966 2728 illi
1998 2684 2136 2728 attu-

550 2765 676 2820 le-tit
706 2765 1027 2820 utilitatem?
1066 2768 1352 2836 Propterea
1383 2776 1436 2821 et
1462 2767 1618 2821 aliam
1640 2767 1798 2837 jussit
1833 2765 2135 2829 obvertere,

555 2869 610 2912 ut
648 2860 762 2927 ejus
792 2861 879 2928 qui
908 2860 1154 2914 irascitur
1185 2861 1403 2923 impleat
1445 2861 1810 2928 cupiditatem.
1839 2859 1969 2926 Quis
1995 2861 2136 2914 enim

553 2959 634 3005 est
661 2951 796 3005 adeo
827 2950 989 3014 ferus,
1016 2960 1073 3006 ut
1094 2951 1202 3020 jam
1226 2951 1431 3023 pudore
1458 2967 1562 3007 non
1584 2951 1952 3007 suﬂ‘undatur?
1973 2952 2142 3007 Canes

558 3041 810 3094 dicuntur
836 3041 938 3095 hoc
967 3040 1143 3096 facere
1175 3060 1188 3096 :
1221 3044 1263 3096 si
1289 3043 1487 3098 latrent
1509 3052 1562 3098 et
1589 3043 1858 3106 invadant,
1895 3043 1939 3097 is
1965 3053 2142 3098 autem

559 3131 641 3184 cui
669 3131 917 3185 allatrant
938 3171 954 3197 ,
986 3146 1045 3188 se
1072 3133 1321 3202 supinum
1371 3134 1626 3202 ahjecerit
1667 3143 1716 3188 et
1750 3134 1881 3188 nihil
1924 3135 2106 3189 iecerit
2127 3177 2141 3200 ,

562 3231 727 3274 totam
774 3222 905 3275 iram
950 3223 1258 3292 exstinguit.
1309 3223 1364 3277 Si
1392 3239 1518 3293 ergo
1551 3224 1625 3277 illi
1653 3239 1776 3278 eum
1812 3224 1900 3294 qui
1929 3225 1995 3279 ab
2019 3225 2146 3293 ipsis

567 3323 777 3381 paratus
804 3327 887 3368 est
932 3315 1038 3384 pati
1071 3322 1386 3368 reverentur
1410 3356 1423 3377 ,
1456 3315 1623 3369 multo
1652 3315 1818 3384 magis
1845 3331 2012 3384 genus
2043 3315 2146 3370 hu-

563 3420 780 3458 manum
801 3404 944 3473 quod
965 3412 1044 3458 est
1076 3403 1243 3474 magis
1273 3406 1536 3474 particeps
1565 3405 1800 3459 rationis.
1836 3405 1941 3462 Sed
1970 3421 2148 3475 operm

566 3499 795 3566 pretium
845 3508 926 3551 cst
978 3511 1083 3551 non
1143 3499 1416 3566 praeterire
1447 3498 1497 3552 id
1527 3498 1666 3567 quod
1699 3514 1868 3568 nuper
1907 3500 2050 3554 venit
2096 3499 2148 3552 in

568 3590 825 3653 mentem,
858 3597 911 3642 et
945 3587 1232 3643 adductum
1263 3599 1343 3643 est
1387 3589 1438 3643 in
1471 3591 1852 3645 testimonium.
1886 3591 2020 3658 Quid
2050 3591 2153 3645 hoc

1214 372 1270 428 S.
1311 371 1589 428 JOANNIS
1627 368 2094 426 CHRYSOSTOMI
2135 368 2453 426 A‘RCIIIEP.
2496 369 3026 427 CONSTANTINOP.

3625 428 3632 435 .
3697 377 3806 434 HG

2208 484 2328 538 est?
2358 483 2673 540 Dicebamus
2693 486 2759 540 de
2779 486 2980 542 Judmis
3004 494 3058 542 et
3084 501 3267 542 eorum
3286 489 3634 558 principibus,
3659 491 3806 560 quod

2210 584 2562 644 arguerentur
2589 586 2648 630 ut
2673 577 2764 646 qui
2803 587 3259 648 persequerentur
3289 579 3480 634 similis
3511 595 3682 650 poenae
3717 597 3807 636 reo

2213 667 2463 723 lationem
2491 678 2544 723 et
2573 671 2824 725 talionem
2865 689 2877 724 :
2907 672 3006 726 etsi
3039 672 3122 726 lex
3153 673 3232 728 eis
3263 674 3626 742 permittebat,
3662 672 3803 730 Ocu-

2214 759 2319 812 lum
2363 776 2456 828 pra
2507 761 2684 827 oculo,
2745 762 2944 816 dentem
2998 780 3089 830 pro
3141 763 3286 817 dente
3331 762 3528 835 (Leuit.
3558 763 3649 819 24.
3709 766 3803 829 1ος

2216 849 2369 904 Deut.
2399 851 2482 905 l9.
2525 849 2588 905 21
2616 853 2669 922 );
2703 853 2796 906 sed
2823 868 2926 906 nou
2978 862 3034 907 ut
3057 853 3194 908 alter
3213 853 3435 908 alterius
3461 856 3648 910 oculos
3674 855 3816 910 cllo-

2214 939 2435 1007 derent,
2488 957 2674 996 verum
2719 953 2775 996 ut
2824 954 2968 998 metu
2996 943 3259 1012 patiendi,
3312 944 3546 999 cohibita
3579 946 3816 1002 faciendi

2217 1033 2459 1098 audacia,
2487 1050 2662 1105 neque
2700 1035 2898 1106 aliquid
2930 1036 3056 1090 mali
3081 1035 3316 1092 facerent
3336 1037 3476 1103 aliis,
3509 1054 3681 1110 neque
3705 1039 3816 1108 ipsi

2219 1132 2532 1193 paterentur
2585 1125 2651 1180 ab
2695 1126 2834 1181 aliis.
2887 1126 3174 1198 PrOpterea
3226 1127 3660 1183 dixit:0culum
3714 1146 3817 1196 pro

2217 1219 2362 1272 oculo
2382 1235 2400 1273 :
2423 1229 2476 1273 ut
2503 1219 2646 1274 illius
2671 1219 2862 1290 ligaret
2881 1236 3098 1288 manus,
3127 1237 3233 1277 non
3257 1232 3314 1276 ut
3335 1232 3454 1277 tuas
3471 1233 3657 1278 contra
3675 1224 3820 1279 edu-

2219 1321 2398 1375 ceret;
2419 1326 2521 1366 non
2549 1321 2606 1367 ut
2633 1313 2804 1367 solum
2827 1323 3035 1368 arceret
3057 1315 3336 1370 oculorum
3360 1323 3573 1370 tuorum
3594 1331 3818 1380 noxam.

2221 1401 2315 1456 sed
2349 1411 2403 1456 ut
2431 1403 2592 1457 etiam
2638 1403 2780 1458 illius
2819 1405 3006 1458 oculos
3054 1405 3234 1460 salvos
3289 1414 3657 1461 conservaret.
3705 1406 3822 1462 Sed

2221 1492 2362 1561 quod
2390 1494 2720 1562 quaerebam,
2753 1510 2983 1565 quanam
3011 1495 3079 1550 de
3108 1511 3268 1551 causa
3295 1512 3416 1551 cum
3445 1496 3524 1552 eis
3549 1511 3819 1553 concessa

2221 1594 2364 1637 esset
2382 1584 2530 1650 ultio,
2563 1585 2922 1656 arguebantur
2942 1588 3030 1657 qui
3048 1601 3112 1642 ea
3139 1586 3218 1642 usi
3251 1587 3406 1642 sunt?
3430 1587 3683 1658 quidnam
3713 1587 3823 1642 hoc

2224 1676 2339 1727 est?
2368 1673 2465 1728 llic
2496 1675 2624 1729 dicit
2651 1675 2861 1746 injuria:
2885 1685 3120 1746 accepta:
3147 1678 3486 1733 memoriam.
3519 1677 3654 1734 Nam
3686 1693 3824 1732 con-

2225 1765 2368 1820 cedit
2389 1767 2605 1836 quidem
2636 1769 2805 1838 utqui
2831 1783 3021 1838 passus
3043 1778 3144 1836 est,
3180 1772 3357 1824 statim
3382 1780 3528 1841 agat,
3563 1770 3740 1834 illum,
3763 1777 3828 1824 ut

2226 1855 2358 1923 dixi,
2391 1858 2628 1912 retinens
2653 1873 2715 1913 ac
2738 1860 3072 1928 reprimens;
3102 1876 3208 1914 non
3245 1861 3506 1930 permittit
3526 1872 3706 1918 autem
3741 1866 3830 1919 in-

2225 1947 2379 2016 juriae
2405 1957 2638 2017 acceptae
2661 1963 2781 2004 esse
2815 1964 3110 2005 memorem
3143 1972 3156 2005 :
3188 1966 3294 2005 non
3331 1963 3415 2007 est
3457 1954 3599 2008 enim
3630 1955 3682 2010 id
3709 1971 3830 2011 am-

2233 2038 2371 2107 plius
2403 2038 2517 2103 irae,
2548 2055 2721 2110 neque
2748 2039 3003 2094 ferventis
3031 2040 3280 2110 impetus,
3312 2041 3407 2098 sed
3437 2044 3674 2099 meditati
3703 2061 3831 2102 sce-

2233 2131 2379 2187 leris.
2415 2131 2557 2186 Deus
2577 2140 2752 2187 autem
2777 2134 2842 2188 iis
2869 2133 3111 2204 ignoscit,
3144 2149 3278 2204 quos
3295 2136 3520 2205 arripuit
3541 2137 3832 2194 insolentis

2235 2224 2571 2277 contumeliae
2601 2226 2851 2288 insnltus,
2880 2233 2934 2279 et
2973 2225 3039 2280 ad
3085 2226 3342 2281 ultionem
3391 2237 3520 2283 sunt
3573 2229 3783 2284 incitati
3815 2247 3830 2284 :

2239 2312 2361 2368 ideo
2388 2314 2536 2376 dicit,
2573 2312 2790 2368 Oculum
2838 2332 2929 2386 pro
2957 2316 3136 2380 acula;
3167 2325 3222 2372 et
3259 2333 3473 2382 rursus,
3517 2318 3623 2373 Vite
3650 2336 3834 2374 eorum

2238 2407 2325 2476 qui
2351 2416 2468 2459 sunt
2507 2407 2709 2478 injuria:
2740 2424 3002 2474 memores,
3027 2418 3142 2462 sunt
3168 2409 3236 2462 ad
3273 2419 3484 2464 mortem
3509 2411 3527 2481 (
3552 2410 3705 2466 Prov.
3736 2413 3830 2467 12.

2240 2498 2366 2566 29).
2409 2497 2466 2553 Si
2498 2515 2626 2552 vero
2658 2499 2743 2552 ubi
2796 2499 2992 2553 licebat
3018 2499 3232 2553 oculum
3276 2515 3466 2555 eruere
3496 2516 3594 2572 pro
3634 2502 3834 2567 oculo,

2244 2598 2444 2642 tantum
2464 2587 2777 2658 praponitur
2797 2589 3111 2658 supplicium
3135 2589 3220 2655 iis,
3240 2591 3328 2659 qui
3355 2599 3590 2662 acceptae
3623 2591 3838 2660 injuria:

2241 2685 2361 2733 sunt
2392 2694 2678 2743 memores,
2710 2689 2908 2750 quanto
2938 2680 3108 2750 magis
3157 2681 3243 2747 iis,
3277 2681 3470 2751 quibus
3511 2683 3723 2752 jussutn
3753 2695 3840 2739 est

2244 2787 2302 2826 se
2331 2771 2571 2842 praebere
2599 2779 2812 2841 paratos
2841 2771 2906 2826 ad
2934 2772 3282 2840 patiendum?
3309 2773 3383 2829 Ne
3406 2774 3572 2828 simus
3596 2790 3728 2844 ergo
3759 2776 3841 2829 iu-

2239 2863 2396 2933 juria:
2426 2878 2725 2928 memores,
2780 2862 2874 2918 sed
2929 2864 3061 2918 iram
3091 2864 3532 2933 exstinguamus,
3581 2873 3641 2920 ut
3686 2865 3838 2935 digni

2247 2968 2563 3009 ceuseamur
2619 2954 2710 3025 qui
2758 2954 2876 3024 ejus
2935 2969 3329 3024 consequamur
3384 2956 3837 3011 misericordiam.

2251 3045 2387 3100 Nam
2413 3063 2532 3116 qua,
2562 3047 2754 3116 inquit,
2779 3063 3012 3101 mensura
3042 3047 3304 3112 metimini,
3337 3063 3396 3100 ea
3417 3047 3552 3101 vobis
3582 3048 3835 3117 repende-

2250 3147 2353 3202 tur,
2388 3147 2434 3191 et
2461 3138 2512 3190 in
2529 3155 2625 3208 qua
2643 3137 2846 3208 judicia
2867 3137 3138 3209 judicatis,
3157 3135 3508 3202 iudicabimini
3533 3135 3761 3206 (Matth.
3787 3137 3838 3192 7.

2249 3231 2338 3302 2),
2365 3232 2542 3287 Simus
2570 3231 2729 3302 igitur
2754 3245 2878 3300 erga
2919 3243 3208 3284 conservos
3253 3228 3650 3296 misericordes,
3681 3238 3744 3284 ut
3791 3237 3845 3283 et

2252 3338 2346 3377 eos
2373 3323 2462 3393 qui
2502 3332 2626 3377 sunt
2653 3322 2704 3376 in
2745 3321 2997 3393 praesenti
3025 3321 3129 3376 vita
3152 3319 3376 3390 laqueos
3407 3319 3726 3390 eﬂugiamus
3747 3361 3762 3386 ,
3791 3330 3845 3374 et

2255 3417 2306 3470 in
2329 3415 2417 3470 die
2448 3415 2630 3469 futuro
2656 3413 2723 3469 ab
2745 3430 2810 3469 eo
2832 3413 3042 3469 veniam
3061 3428 3437 3483 assequamur,
3467 3412 3638 3482 gratia
3663 3420 3718 3466 et
3748 3410 3843 3466 be-

2257 3509 2535 3577 nignitate,
2563 3516 2666 3561 etc.

1913 3769 2258 3829 HOMILIA
2305 3767 2502 3827 XVII.

565 3887 697 3942 Car.
739 3892 791 3944 ι.
833 3907 886 3946 v.
927 3891 1016 3946 52.
1058 3891 1232 3946 Estote
1256 3901 1423 3944 autem
1463 3891 1672 3944 invicem
1710 3889 1932 3960 benigni,
1962 3887 2158 3940 miseri-

641 3979 839 4044 cordes,
870 3980 1115 4035 donantes
1159 3983 1395 4045 invicem,
1449 3981 1576 4035 sicut
1618 3990 1663 4033 et
1692 3977 1833 4031 Deus
1874 3980 1927 4030 in
1957 3975 2156 4031 Christo

642 4069 848 4123 donavit
895 4069 1051 4124 vobis.
1084 4071 1211 4126 CAP.
1244 4072 1297 4127 5.
1341 4087 1391 4124 v.
1440 4071 1490 4125 1.
1531 4068 1706 4123 Estote
1735 4084 1853 4137 ergo
1884 4068 2157 4121 imitatores

648 4159 760 4226 Dei,
788 4161 916 4215 sicut
939 4161 1034 4228 ﬁlii
1058 4163 1326 4224 carissimi,
1349 4161 1403 4217 2.
1431 4169 1478 4214 et
1499 4158 1752 4212 ambulate
1779 4159 1831 4210 in
1869 4158 2154 4222 dilectione,

643 4253 770 4308 sicut
796 4263 840 4306 et
871 4252 1100 4308 Christus
1144 4254 1326 4308 dilexit
1357 4269 1468 4314 nos,
1499 4259 1546 4304 et
1587 4250 1795 4303 tradidit
1833 4251 2159 4318 semetipsum

649 4363 739 4411 pro
764 4346 906 4400 nobis
930 4347 1233 4400 oblationem
1263 4356 1309 4399 et
1334 4346 1554 4398 hostiam
1583 4342 1687 4396 Deo
1718 4343 1769 4396 in
1797 4343 2006 4397 adorent
2039 4360 2160 4397 sua-

647 4437 838 4490 vitatis.

654 4532 703 4582 1.
748 4529 1020 4584 Prmterita
1051 4531 1310 4599 majorem
1336 4528 1443 4582 vim
1477 4527 1675 4584 habent
1703 4543 1861 4597 quam
1887 4528 2084 4593 futura,
2106 4535 2163 4581 et

579 4617 828 4673 videntur
854 4635 975 4675 esse
1014 4619 1411 4674 admirabiliora
1439 4628 1492 4673 et
1519 4618 1884 4674 credibiliora.
1930 4618 1997 4672 Et
2040 4617 2163 4673 ideo

581 4711 774 4766 Paulus
802 4711 1233 4766 adhortationem
1256 4710 1408 4766 exiis
1441 4710 1566 4764 facit
1605 4725 1724 4778 qua:
1763 4707 2010 4763 luerunt:
2037 4723 2160 4762 nam

577 4802 667 4856 illa
696 4801 910 4872 quidem
953 4802 1209 4871 majorem
1237 4803 1345 4856 vim
1377 4801 1577 4855 habent
1606 4810 1825 4871 propter
1864 4800 2162 4856 Christum.

579 4891 711 4946 Nam
739 4891 1231 4956 dicerezllemitte,
1271 4903 1326 4946 et
1351 4892 1650 4946 remittetur
1693 4892 1818 4957 tibi;
1848 4900 1923 4960 et,
1969 4891 2024 4946 Si
2057 4907 2163 4946 non

580 4985 922 5048 remiseritis,
950 4999 1056 5039 non
1083 4985 1383 5039 remittetur
1408 4984 1560 5039 vobis
1588 4983 1798 5058 (Matth.
1831 4985 1884 5039 6.
1920 4985 2009 5040 14.
2039 4984 2162 5052 l5);

580 5075 630 5129 si
657 5075 866 5129 dicatur
888 5075 1103 5143 quidem
1132 5074 1263 5130 viris
1295 5074 1633 5144 philosophis
1652 5084 1707 5129 et
1733 5074 1906 5130 futura
1935 5074 2164 5130 creden-

583 5165 747 5232 tibus,
767 5165 990 5218 multum
1021 5172 1226 5234 potest:
1253 5165 1448 5219 Paulus
1471 5173 1650 5221 autem
1673 5181 1776 5219 non
1799 5182 1863 5221 ex
1886 5164 1970 5220 his
1991 5165 2166 5219 solum

586 5255 777 5309 incutit
807 5253 1086 5324 pudorem,
1112 5253 1206 5308 sed
1234 5252 1394 5308 etiam
1423 5269 1487 5308 ex
1515 5253 1581 5308 iis
1619 5270 1737 5324 qua:
1774 5255 2008 5310 luerunt.
2033 5253 2166 5310 Nam

587 5344 718 5397 illud
746 5343 962 5415 quidem
990 5350 1071 5397 est
1105 5341 1288 5412 fugere
1314 5343 1662 5414 supplicium;
1701 5343 1804 5399 hoc
1843 5355 2019 5399 autem
2049 5357 2168 5398 esse

589 5418 714 5490 boni
743 5433 969 5504 alicujus
1009 5434 1344 5504 participem.
1392 5435 1606 5492 Imitare
1648 5433 1940 5500 Christum,
1972 5436 2163 5505 inquit.

591 5525 703 5579 Hoc
741 5524 912 5579 solum
966 5524 1163 5580 sufﬁcit
1207 5525 1274 5580 ad
1327 5526 1720 5582 exhortandum
1770 5527 1836 5582 ad
1884 5527 2165 5591 virtutem,

593 5619 759 5672 Deum
787 5617 984 5673 imitari
1009 5637 1020 5673 :
1055 5618 1157 5674 hoc
1185 5619 1356 5688 majus
1380 5628 1463 5674 est
1503 5620 1616 5685 illo,
1645 5619 1970 5689 nempe,Qui
2012 5619 2167 5671 salem

587 5709 712 5779 facit
739 5710 862 5762 oriri
887 5727 1038 5782 super
1062 5711 1221 5765 malas
1244 5720 1290 5764 et
1313 5710 1492 5777 bonas,
1519 5721 1564 5763 et
1595 5709 1725 5779 pluit
1751 5725 1903 5779 super
1922 5709 2093 5777 justas
2125 5718 2169 5762 et

585 5803 804 5872 injustas
827 5801 1037 5860 (Matth.
1060 5803 1112 5860 5.
1143 5803 1252 5874 45).
1274 5803 1392 5860 Νοη
1409 5805 1550 5859 enim
1572 5802 1703 5856 dixit
1729 5803 1902 5856 solum
1927 5811 1982 5856 ut
2003 5801 2166 5856 Deutu

2264 3888 2552 3952 imitemur,
2583 3887 2675 3941 sed
2720 3887 2770 3942 in
2820 3887 2904 3953 iis,
2948 3887 3002 3942 in
3047 3885 3238 3957 quibus
3265 3886 3527 3942 beneﬁcio
3554 3883 3842 3950 afﬁcimur,

2262 3979 2377 4032 vult
2405 3993 2502 4033 nos
2541 3979 2678 4032 inter
2713 3994 2810 4032 nos
2851 3977 3051 4032 habere
3104 3979 3308 4032 viscera
3357 3986 3598 4046 patrum:
3639 3977 3846 4032 viscera

2261 4071 2404 4126 enim
2435 4069 2548 4124 iure
2574 4069 2826 4125 dicuntur
2863 4070 3166 4124 humanitas
3193 4079 3246 4126 et
3277 4069 3672 4124 miserationes.
3712 4068 3843 4123 Nam

2263 4163 2512 4233 quoniam
2545 4163 2657 4216 lieri
2681 4177 2786 4216 non
2811 4171 2984 4232 potest
3012 4171 3070 4216 ut
3094 4177 3214 4215 cum
3247 4161 3414 4216 simus
3437 4161 3707 4224 homines,
3741 4173 3840 4214 nec

2264 4254 2476 4309 molesti
2521 4255 2710 4318 simus,
2755 4269 2855 4308 nec
2905 4253 3148 4308 molestia
3197 4253 3517 4317 alliciamur,
3547 4251 3842 4306 secundum

2265 4345 2470 4400 invenit
2493 4345 2966 4411 medicamentum,
3000 4353 3058 4398 ut
3085 4344 3224 4398 dona
3257 4343 3409 4398 nobis
3446 4354 3631 4396 mutuo
3656 4344 3842 4396 conie-

2265 4455 2478 4493 ramns:
2504 4437 2788 4502 Danantes,
2821 4437 3013 4506 inquit,
3043 4437 3278 4491 invicem.
3307 4435 3467 4505 Atqui
3491 4435 3708 4488 minime
3726 4442 3847 4488 sunt

2267 4531 2447 4598 paria:
2481 4544 2601 4583 nam
2629 4528 2673 4582 si
2703 4538 2755 4582 tu
2784 4544 2926 4582 nunc
2955 4527 3168 4597 quidem
3201 4527 3370 4581 dones
3410 4541 3472 4580 ac
3507 4526 3846 4596 gratiticeris,

2268 4621 2359 4674 ille
2398 4636 2582 4675 rursus
2624 4619 2714 4674 tibi
2741 4619 2960 4673 donabit
2985 4629 3039 4673 et
3079 4617 3496 4688 gratiﬁcabitur;
3533 4618 3642 4671 Deo
3670 4628 3846 4670 autem

2270 4709 2403 4763 nihil
2432 4709 2641 4764 donasti
2669 4727 2680 4761 :
2712 4718 2766 4764 et
2797 4719 2849 4763 tu
2893 4709 3108 4779 quidem
3159 4723 3454 4772 conservo;
3486 4708 3628 4762 Deus
3670 4716 3846 4760 autent

2269 4815 2425 4856 servo
2452 4810 2506 4856 et
2529 4801 2766 4863 inimico,
2792 4809 2847 4856 et
2867 4801 2913 4854 ei
2944 4801 3037 4870 qui
3069 4800 3243 4869 ipsum
3275 4799 3407 4854 odit.
3441 4797 3589 4854 Sicut
3615 4807 3662 4850 et
3691 4797 3846 4860 Deus,

2270 4892 2460 4962 inquit,
2502 4893 2554 4946 in
2583 4892 2783 4946 Christo
2805 4892 3008 4946 donavit
3039 4891 3200 4944 nobis.
3221 4891 3333 4946 Hoc
3358 4903 3570 4962 quoque
3595 4901 3843 4957 magnum

2270 4982 2435 5037 habet
2459 4982 2706 5052 aenigma.
2731 4982 2846 5036 Non
2868 4981 3202 5052 simpliciter,
3227 4979 3413 5050 inquit.
3451 4981 3568 5034 sine
3615 4977 3850 5048 periculo

2273 5074 2426 5129 nobis
2454 5073 2689 5137 donavit,
2724 5073 2818 5129 sed
2849 5088 2968 5128 cum
3003 5072 3240 5142 periculo
3267 5067 3409 5128 Filii.
3441 5069 3511 5126 Ut
3555 5070 3651 5124 tibi
3699 5069 3849 5139 igno-

2272 5174 2466 5231 sceret,
2513 5165 2831 5220 sacrilicavit
2878 5164 3068 5219 Filium
3105 5182 3117 5216 :
3157 5173 3211 5217 tu
3258 5171 3434 5217 autem
3481 5177 3625 5230 smpe
3670 5161 3850 5214 videns

2272 5255 2719 5310 condonationem
2758 5268 2878 5308 esse
2922 5254 3038 5308 sine
3090 5252 3332 5322 periculo
3378 5260 3433 5307 et
3471 5251 3590 5305 sine
3619 5258 3848 5320 sumptu,

2274 5363 2382 5402 non
2413 5347 2560 5402 facis.
2592 5344 2764 5399 Estote
2791 5362 2909 5415 ergo
2935 5346 3212 5399 imitatores
3239 5343 3356 5411 Dei,
3385 5346 3512 5396 sicut
3536 5344 3632 5412 ﬁlii
3655 5341 3850 5397 carissi-

2275 5439 2363 5503 mi,
2389 5447 2435 5490 et
2463 5438 2714 5490 ambulate
2742 5438 2795 5491 in
2825 5435 3112 5500 dilectione,
3151 5437 3279 5490 sicut
3317 5444 3365 5487 et
3411 5434 3642 5488 Christus
3680 5431 3852 5486 dilexit

2275 5544 2387 5590 nos,
2421 5537 2466 5580 et
2493 5526 2702 5579 tradidit
2727 5527 3046 5595 semetipsum
3067 5540 3159 5593 pra
3186 5525 3326 5580 nobis
3355 5524 3660 5579 oblationem
3691 5533 3737 5578 et
3761 5522 3850 5575 Ita-

2275 5620 2423 5671 stiam
2455 5616 2561 5671 Dea
2606 5618 2657 5670 in
2701 5618 2906 5670 adorem
2955 5615 3238 5669 suavitatis.
3271 5615 3348 5669 Ne
3375 5623 3553 5670 autem
3581 5613 3849 5669 existimes

2277 5724 2388 5761 rem
2413 5725 2531 5763 esse
2560 5707 2915 5774 necessitatis,
2944 5707 3067 5762 audi
3095 5706 3221 5778 quid
3249 5707 3409 5770 dicat,
3443 5706 3678 5776 St-ipsum
3702 5703 3850 5758 tradi-

2280 5802 2386 5865 dit;
2421 5818 2481 5855 ac
2527 5802 2569 5854 si
2613 5800 2834 5866 diceret,
2867 5799 3000 5855 Cum
3027 5815 3176 5857 esses
3229 5801 3492 5866 inimicus,
3529 5798 3779 5854 Dominus
3805 5805 3850 5850 te
