4092 6496
300 345 387 399 115
1095 337 1162 392 IN
1203 337 1426 393 EPIST.
1463 335 1552 391 AD
1591 337 1834 394 EPIIES.
1875 337 2027 394 CAP.
2066 338 2156 406 IV,
2195 339 2256 394 Υ.
2303 338 2539 395 IIOMIL.
2583 339 2742 397 XVII.

287 457 468 526 στόμα,
513 450 702 503 ἐκεῖνοι
763 448 1076 518 σιγήσονται
1106 463 1120 476 ·
1157 447 1223 501 ἂν
1274 448 1332 501 δὲ
1386 449 1640 519 σιγήσῃς,
1672 447 1856 500 οὐκέτι

283 545 355 597 ἑνὶ
375 540 614 609 στόματι,
682 534 822 588 ἀλλὰ
872 535 1088 606 μυρίοις
1142 537 1256 598 τοῖς
1308 535 1418 588 τῶν
1456 535 1631 589 ἄλλων
1692 536 1855 588 αὐτον

287 627 502 699 βάλλεις,
551 622 642 675 καὶ
692 619 895 690 μᾶλλον
930 619 1136 692 ἀμύνῃ.
1166 619 1276 671 Καὶ
1329 620 1413 671 σοὶ
1446 618 1545 690 μὲν
1577 615 1854 690 ὑϐρῑζοντι

291 714 452 768 πολλοὶ
495 711 584 764 καὶ
628 707 960 778 ἐγκαλοῦσιν
993 723 1004 736 ·
1051 705 1240 776 ἐροῦσι
1301 705 1412 776 γὰρ
1472 704 1567 758 τοῦ
1646 705 1855 768 πάθους

289 797 411 855 εἶναι
441 797 508 851 τὰ
531 797 782 867 ῥήματα·
819 795 948 848 ὅταν
979 793 1037 846 δὲ
1069 794 1096 845 6
1125 792 1294 864 μηδὲν
1327 793 1660 863 ἠδικημένος
1682 791 1855 855 οὕτως

284 888 432 942 αὐτὸν
447 885 620 955 πλύνῃ
645 885 768 946 ταῖς
792 882 1007 952 ὕβρεσι,
1038 881 1160 934 τότε
1181 880 1416 951 μάλιστα
1440 879 1656 950 καθαρὰ
1674 881 1856 949 πλάσης

285 976 500 1045 ὑποψίας
530 975 564 1043 ἠ
595 972 802 1042 ἄμυνα.
841 972 1012 1024 Ὅταν
1036 969 1144 1040 γάρ
1173 972 1220 1022 οἱ
1252 969 1419 1040 μηδὲν
1451 968 1715 1031 παθόντες
1747 968 1857 1020 δει-

286 1063 381 1122 νὺν,
407 1060 492 1112 διὰ
518 1059 617 1127 τὴν
642 1054 954 1127 ὑπερϐολὴν
979 1054 1078 1123 τῆς
1108 1054 1205 1123 σῆς
1230 1053 1530 1114 ἐπιεικείας
1560 1051 1634 1114 ὡς
1664 1052 1857 1121 ἠδικη-

286 1145 423 1217 μένοι
454 1140 762 1209 συναλγῶσι
809 1139 903 1192 καὶ
946 1137 1348 1217 συμπάσχωσι,
1399 1136 1580 1206 πάσης
1620 1134 1856 1203 ὑποψίας

285 1214 482 1297 καθαρά
509 1223 654 1293 αῦτη
678 1225 710 1292 ή
737 1220 974 1274 ἐκδικία.
1007 1219 1072 1270 Τί
1092 1214 1208 1283 οὖν,
1235 1218 1300 1272 ἂν
1321 1219 1510 1289 μηδεὶς
1541 1217 1850 1297 ἀμύνηταις

283 1295 450 1380 φησίν.
501 1309 617 1362 Ούκ
647 1307 794 1360 ἔστιν
825 1300 964 1358 εἶναι
993 1303 1233 1367 λιθίνους
1266 1302 1610 1374 ἀνθρώπους,
1642 1295 1716 1365 ὡς
1736 1317 1857 1354 τοσ-

281 1391 432 1462 αύτην
480 1389 803 1458 φιλοσοφίαν
852 1387 1097 1458 ὁρῶντας
1158 1387 1232 1457 μὴ
1274 1385 1592 1456 θαυμάσαι·
1645 1385 1749 1438 κᾶν
1782 1383 1858 1457 μὴ

281 1477 388 1529 τότε
423 1473 728 1546 ἀμύνωσιν,
761 1470 988 1542 ὕστερον
1025 1472 1176 1542 ὅμως
1225 1473 1282 1524 ἐν
1321 1470 1658 1523 καταστάσει
1704 1469 1856 1537 γενό-

283 1576 440 1630 μενοι,
477 1556 641 1610 τοῦτο
682 1556 1034 1625 ἐργάσονται,
1093 1552 1442 1617 σκώπτοντες
1498 1555 1708 1606 ἐκεῖνον
1761 1551 1857 1605 καὶ

279 1639 652 1709 λοιδοροῦντες,
690 1638 809 1692 Κᾶν
846 1637 1032 1707 ἔτερος
1059 1636 1117 1689 δὲ
1151 1635 1342 1705 μηδεὶς
1376 1635 1657 1708 θαυμάσῃ,
1693 1635 1857 1697 αὑτός

283 1741 336 1777 σε
372 1726 570 1784 ἐκεῖνος
607 1722 830 1782 πάντως
883 1719 1270 1788 θαυμάσεται,
1327 1718 1434 1771 κᾶν
1470 1717 1545 1788 μὴ
1598 1718 1754 1789 λέγῃ.
1791 1717 1856 1770 Ἡ

281 1807 379 1877 γάρ
410 1805 499 1858 τοῦ
527 1802 700 1857 καλοῦ
735 1803 919 1873 κρίσις
941 1804 1077 1871 ἡμῖν
1095 1840 1110 1866 ,
1143 1802 1248 1856 κᾶν
1275 1805 1353 1864 είς
1377 1803 1510 1855 αὐτὸ
1543 1803 1640 1872 τῆς
1659 1801 1858 1864 κακίας

281 1889 335 1942 τὸ
361 1887 632 1958 βάραθρον
657 1885 924 1955 ἔλθωμεν,
956 1886 1253 1950 ἀδέκαστος
1277 1885 1642 1956 καθέστηκεν,
1665 1886 1725 1939 ού
1755 1902 1861 1937 πα-

282 1970 661 2044 ρακλινομένη.
709 1971 780 2022 Ἢ
812 1969 902 2023 διὰ
948 1968 1000 2023 τί
1035 1968 1129 2022 τὸν
1182 1969 1390 2040 Κύριον
1430 1970 1590 2040 ἡμῶν
1634 1968 1735 2022 οἴει
1768 1969 1860 2022 τὸν

279 2056 499 2126 Χριστὸν
525 2055 706 2108 ταῦτα
726 2053 928 2122 λέγειν,
976 2053 1117 2107 Ἐάν
1147 2053 1241 2119 τίς
1274 2069 1349 2106 σε
1371 2054 1608 2122 ραπίσῃ
1631 2056 1719 2120 εἰς
1746 2051 1862 2121 τὴν

279 2139 471 2204 δεξιὰν
503 2139 788 2208 σιαγόνα,
822 2136 1097 2206 στρέψον
1127 2132 1291 2201 αὐτῷ
1317 2136 1417 2189 καὶ
1468 2135 1584 2204 τὴν
1617 2136 1859 2203 ἂλλην;

279 2224 368 2276 οὐκ
392 2223 583 2293 ἐπειδὴ
613 2223 724 2290 ὅσῳ
738 2222 833 2275 ἐάν
853 2237 934 2283 τις
967 2219 1322 2290 μακρόθυμος
1349 2218 1595 2290 γένηται,
1620 2217 1860 2288 τοσούτῳ

281 2306 466 2376 μᾶλλον
499 2306 599 2358 καὶ
631 2304 827 2358 ἑαυτὸν
860 2305 1115 2357 κάκεῖνον
1145 2302 1431 2373 ὠφέλησεν
1451 2303 1724 2371 ὠφέλειαν
1758 2303 1858 2373 τὴν

280 2388 568 2459 μεγίστην;
605 2387 706 2440 Διά
735 2386 896 2440 τοῦτο
928 2388 1183 2457 στρέφειν
1229 2388 1324 2441 καλ¹
1350 2386 1452 2458 τὴν
1491 2386 1661 2456 άλλην
1693 2403 1860 2457 προσ-

277 2471 476 2535 έταξεν,
507 2469 668 2542 [1201
696 2471 783 2522 ἵνα
813 2469 1069 2540 ἐμπλήσῃ
1090 2468 1188 2540 τὴν
1218 2468 1514 2540 ἐπιθυμίαν
1538 2468 1634 2522 τοῦ
1667 2469 1859 2539 θυμου·

276 2555 452 2624 μένου.
479 2555 580 2618 Τίς
606 2554 717 2626 γάρ
742 2553 887 2607 οὕτω
914 2555 1106 2624 θηρίον
1123 2555 1294 2618 ἐστὶν,
1311 2554 1386 2618 ὡς
1416 2555 1492 2625 μὴ
1522 2555 1858 2625 ἐντραπῆναι

271 2638 482 2703 λοιπόν;
517 2641 585 2692 Οί
637 2637 800 2701 κύνες
837 2638 1089 2703 λέγονται
1139 2637 1304 2690 τοῦτο
1359 2639 1569 2692 ποιεῖν·
1618 2637 1722 2692 κᾶν
1749 2638 1859 2707 γὰρ

272 2722 641 2794 ῦλακτήσωσι,
689 2724 788 2776 καὶ
833 2721 1104 2775 ἐπέλθωσί
1148 2739 1287 2787 τινι,
1317 2723 1344 2774 6
1372 2723 1428 2776 δέ
1462 2721 1656 2775 ὕπτιον
1695 2722 1860 2791 ῥίψας

271 2807 453 2860 ἑαυτὸν
484 2807 658 2878 μηδὲν
693 2805 1022 2877 ἐργάσηται,
1048 2807 1139 2860 τὸν
1170 2806 1340 2877 θυμὸν
1363 2807 1580 2861 ἅπαντα
1612 2806 1855 2860 ἔσϐεσεν.

270 2891 331 2944 El
367 2891 547 2945 τοίνυν
596 2893 799 2944 ἐκεῖνοι
837 2890 930 2943 τὸν
973 2889 1165 2942 παθεῖν
1205 2891 1334 2960 παρ’
1366 2891 1550 2954 αὐτοῖς
1587 2901 1613 2933 ι
1670 2889 1858 2954 κακῶς

268 2971 476 3044 ἕτοιμον
509 2973 920 3039 δυσωποῦνται,
952 2971 1132 3042 πολλῷ
1165 2973 1368 3043 μᾶλλον
1400 2972 1462 3024 τὺ
1495 2971 1604 3025 τῶν
1646 2971 1860 3042 ἀνθρώ-

269 3072 379 3110 πων
416 3056 576 3124 γένος
609 3056 1000 3127 λογικώτερον.
1041 3055 1204 3109 Ἀλλὰ
1240 3057 1350 3128 γὰρ
1374 3055 1525 3123 ἄξιον
1558 3055 1620 3108 τὸ
1664 3055 1859 3126 μικρὸν

272 3139 580 3209 ἔμπροσθεν
625 3141 707 3203 είς
758 3140 984 3211 μνήμην
1033 3138 1210 3205 ἐλθὸν,
1273 3138 1369 3192 καὶ
1424 3141 1504 3202 εἰς
1549 3139 1859 3210 μαρτυρίαν

325 3317 356 3352 ι
389 3309 686 3373 tegendum
711 3310 824 3374 παρ’
845 3310 1020 3359 αὐτῶν.

3441 343 3546 398 H6

1961 450 2244 512 ἑλκυσθέν,
2282 450 2357 521 μὴ
2391 451 2662 520 παριδεῖν.
2701 452 2767 505 Τί
2799 451 2864 523 δὴ
2905 451 3065 506 τοῦτό
3098 455 3278 521 ἐστιν;
3333 453 3549 526 Ἐλέγο-

1966 551 2067 603 μεν
2099 534 2228 605 περὶ
2259 533 2368 586 τῶν
2407 533 2678 587 Ἰουδαίων
2716 535 2812 588 καὶ
2839 535 2948 587 τῶν
2980 537 3260 608 ἀρχόντων
3280 538 3388 592 τῶν
3412 539 3546 610 παρ’

1958 620 2162 684 αὐτοῖς,
2205 619 2288 672 ὅτι
2335 618 2689 672 ἐνεκαλοῦντο
2720 618 2796 682 ώς
2838 620 3129 686 διώκοντες
3162 623 3547 694 ἀνταπόδομα,

1958 703 2136 756 καίτοι
2169 703 2328 756 τοῦτο
2356 704 2383 756 6
2412 703 2574 773 νόμος
2619 704 2803 766 αὐτοῖς
2837 704 3158 774 ἐπέτρεπεν·
3203 707 3552 776 Ὀφθαλμὸν

1955 787 2087 840 ἀντὶ
2119 785 2455 855 ὀφθαλμοῦ,
2477 784 2576 838 καὶ
2599 784 2818 838 ὀδόντα
2833 787 2969 840 ἀντὶ
2993 787 3269 854 ὀδόντος·
3302 789 3418 841 ἀλλ’
3449 789 3550 858 οὐχ

1957 870 2041 922 ἵνα
2074 869 2196 932 τοὺς
2226 869 2472 939 ἀλλήλων
2524 867 2885 938 ἐξορύττωσιν
2921 869 3259 941 ὀφθαλμοὺς,
3305 871 3421 925 ἀλλ’
3461 872 3550 924 ἵνα

1959 953 2108 1024 φόϐῳ
2134 953 2227 1006 τοῦ
2261 953 2452 1006 παθεῖν
2495 954 2594 1024 τὴν
2640 952 2734 1005 τοῦ
2770 955 2942 1006 ποιεῖν
2975 954 3160 1008 ἄδειαν
3202 955 3543 1024 ἐπισχόντες,

1959 1039 2097 1108 μήτε
2128 1034 2469 1108 ἐργάζωνταί
2509 1052 2563 1087 τι
2600 1035 2768 1088 κακὸν
2793 1037 3038 1107 ἐτέρους,
3087 1039 3226 1107 μήτε
3265 1040 3550 1106 πάσχωσιν

1958 1122 2112 1173 αὐτοὶ
2137 1119 2265 1192 παρ’
2291 1119 2513 1191 ἐτέρων.
2537 1117 2636 1172 Διά
2660 1118 2820 1172 τοῦτο
2841 1114 3026 1172 εἶπεν·
3056 1120 3400 1188 Ὀφθαλμὸν
3416 1120 3548 1174 ἀντὶ

1959 1203 2294 1272 ὀφθαλμοῦ,
2321 1203 2407 1255 ἵνα
2435 1203 2534 1265 τάς
2565 1203 2776 1257 ἐκείνου
2794 1203 2932 1276 δήσῃ
2955 1205 3168 1274 χεῖρας,
3202 1203 3301 1271 οὐχ
3334 1202 3422 1255 ἵνα
3451 1201 3550 1261 τάς

1960 1287 2059 1350 σάς
2089 1286 2458 1359 άντεξαγάγῃ,
2481 1287 2581 1356 οὐχ
2609 1286 2695 1338 ἵνα
2721 1287 2830 1338 τῶν
2858 1285 2964 1338 σῶν
2991 1285 3289 1357 ὀφθαλμῶν
3311 1283 3550 1355 άπείρξῃ

1957 1369 2056 1438 τὴν
2088 1369 2293 1440 βλάϐην
2321 1369 2505 1440 μόνον,
2536 1367 2650 1420 ἀλλ’
2683 1369 2770 1422 ἴνα
2805 1369 2900 1421 καὶ
2939 1368 3064 1432 τοὺς
3108 1369 3320 1421 ἐκείνου
3359 1365 3548 1435 διατη-

1963 1455 2104 1526 ρήσῃ
2135 1453 2328 1515 σώους.
2370 1451 2511 1505 Ἀλλ’
2536 1453 2674 1522 ὅπερ
2703 1451 2951 1522 ἐζήτουν,
2971 1451 3117 1515 τίνος
3145 1452 3331 1504 ἕνεκεν
3354 1466 3551 1517 συγκε-

1959 1537 2291 1608 χωρημένης
2344 1533 2562 1606 ἀμύνης
2618 1533 2974 1588 ἐνεκαλοῦντο
3031 1536 3081 1587 οἱ
3126 1533 3204 1605 τῷ
3260 1534 3549 1605 πράγματι

1959 1620 2328 1691 κεχρημένοι;
2379 1618 2432 1672 τί
2481 1635 2613 1671 ποτε
2665 1619 2826 1672 τοῦτό
2869 1620 3021 1683 ἐστι;
3087 1619 3160 1671 Τὸ
3210 1617 3549 1689 μνησίκακον

1962 1706 2198 1761 ἐνταῦθά
2222 1723 2408 1774 φησιν,
2443 1704 2660 1768 Εὐθέως
2694 1704 2791 1776 μὲν
2825 1705 2935 1775 γάρ
2963 1703 3054 1756 τὸν
3083 1704 3322 1757 παθόντα
3349 1703 3547 1771 δρᾶσαι

1962 1795 2259 1862 συγχωρεῖ,
2282 1793 2420 1862 ὅπερ
2451 1791 2608 1862 ἔφην,
2640 1789 2888 1861 κατέχων
2908 1793 3118 1844 ἐκεῖνον
3137 1805 3149 1817 ·
3189 1789 3547 1859 μνησικακεῖν

1961 1875 2018 1929 δέ
2051 1876 2238 1928 οὐκέτι
2281 1875 2540 1945 ἀφίησιν·
2573 1875 2759 1926 οὐκέτι
2788 1875 2896 1944 γάρ
2936 1875 2997 1926 τὸ
3033 1873 3266 1944 πρᾶγμά
3301 1874 3416 1925 ἐστι
3449 1869 3546 1922 τοῦ

1963 1957 2159 2028 θυμοῦ,
2196 1956 2315 2010 οὐδὲ
2348 1959 2446 2028 τῆς
2478 1956 2708 2026 ζεούσης
2740 1957 2930 2026 ὀργῆς,
2963 1956 3100 2009 ἀλλά
3146 1955 3414 2026 πονηρίας
3449 1970 3547 2022 με-

1967 2041 2364 2112 μελετημένης.
2415 2040 2788 2109 Συγγινώσκει
2824 2040 2880 2093 δὲ
2909 2041 2937 2092 ὁ
2967 2040 3100 2102 Θεὸς
3144 2043 3258 2102 τοῖς
3305 2037 3414 2091 ἀπὸ
3446 2038 3548 2108 τῆς

1961 2126 2223 2197 ἐπηρείας
2247 2125 2380 2187 ἴσως
2429 2123 2884 2194 συναρπασθεῖσι,
2926 2124 3024 2178 καὶ
3069 2125 3161 2177 ἐπὶ
3200 2125 3301 2189 τὴν
3332 2122 3546 2190 ἄμυναν

1960 2208 2250 2280 ώρμηκόσι
2271 2224 2284 2238 ·
2313 2206 2394 2260 διὸ
2429 2206 2600 2276 λέγει,
2648 2206 2991 2274 Ὀφθαλμὸν
3019 2207 3153 2262 ἀντὶ
3185 2202 3500 2275 ὀφθαλμοῦ
3527 2219 3542 2234 ·

1961 2293 2056 2346 καὶ
2087 2290 2270 2355 πάλιν,
2309 2290 2470 2344 Ὀδοί
2507 2289 2911 2360 μνησικάκων
2939 2293 3027 2356 είς
3062 2288 3344 2344 θάνατον.
3383 2288 3444 2340 Εἰ
3487 2285 3544 2338 δὲ

1960 2375 2089 2429 ἔνθα
2117 2374 2396 2446 ὀφθαλμὸν
2423 2375 2545 2428 ἀντὶ
2574 2374 2857 2444 ὀφθαλμοῦ
2887 2373 3096 2446 πηροῦν
3129 2373 3276 2444 ἐξῆν,
3307 2370 3546 2440 τοσαύτη

1961 2461 2140 2512 κεῖται
2172 2456 2417 2529 τιμωρία
2447 2459 2561 2520 τοῖς
2595 2457 2976 2526 μνησικάκοις,
3011 2457 3160 2526 πόσῳ
3203 2455 3403 2526 μᾶλλον
3433 2457 3546 2516 τοῖς

1961 2545 2056 2596 καὶ
2091 2544 2352 2614 παρέχειν
2382 2541 2611 2603 ἑαυτοὺς
2641 2540 2779 2611 πρὸς
2821 2540 2882 2593 τὺ
2908 2539 3103 2593 παθεῖν
3137 2538 3322 2601 κακῶς
3355 2536 3546 2592 κελευ-

1964 2626 2168 2692 σθεῖσι;
2200 2625 2293 2693 Μὴ
2325 2623 2507 2677 τοίνυν
2527 2617 2677 2694 ὦμεν
2701 2623 3054 2693 μνησίκακοι,
3095 2621 3230 2674 ἀλλὰ
3263 2620 3546 2688 σϐέσωμεν

1959 2711 2057 2778 τὴν
2093 2707 2284 2778 ὀργὴν,
2326 2706 2412 2759 ἵνα
2460 2707 2558 2775 τῆς
2594 2706 2746 2774 παρά
2799 2704 2894 2758 τοῦ
2951 2704 3084 2758 Θεοῦ
3136 2701 3546 2774 φιλανθρωπίας

1960 2790 2303 2860 άξιωθῶμεν.
2337 2785 2412 2861 τῼ
2445 2789 2556 2858 γὰρ
2603 2786 2791 2856 μέτρῳ
2837 2788 3127 2857 μετρεῖτε,
3162 2787 3346 2858 φησὶν,
3379 2786 3546 2839 ἀντι-

1954 2874 2392 2946 μετρηθήσεται
2428 2872 2603 2941 ὺμῐν,
2651 2873 2750 2924 καί
2802 2872 2872 2925 ἐν
2904 2866 2953 2940 ᾦ
2999 2873 3234 2941 κρίματι
3285 2871 3544 2938 κρίνετε,

1961 2958 2344 3028 κριθήσεσθε.
2393 2953 2684 3026 Γινώμεθα
2734 2951 2829 3008 οὖν
2873 2957 3004 3026 περ).
3045 2957 3172 3019 τοὺς
3220 2953 3544 3025 ὁμοδούλους

1961 3041 2356 3111 φιλάνθρωποι,
2396 3038 2727 3109 συμπαθεῖς,
2777 3039 2926 3101 ὅπως
2966 3037 3032 3091 ἂν
3069 3038 3166 3090 καὶ
3214 3038 3312 3100 τὰς
3362 3038 3418 3088 ἐν
3467 3034 3546 3104 τῷ

1961 3125 2193 3197 παρόντι
2215 3125 2317 3196 βίῳ
2345 3123 2700 3194 διαφύγωμεν
2724 3123 2980 3191 παγίδας,
3004 3123 3097 3176 καὶ
3123 3124 3266 3176 κατά
3292 3122 3391 3192 τὴν
3419 3121 3548 3192 μέλ-

1959 3212 2155 3266 λουσαν
2177 3212 2390 3283 ἡμέραν
2412 3211 2508 3280 τῆς
2540 3211 2669 3280 παρ’
2699 3208 2866 3262 αὑτοῦ
2891 3208 3144 3280 τύχωμεν
3186 3208 3543 3279 συγγνώμης,

1961 3298 2144 3369 χάριτι
2167 3298 2260 3350 καὶ
2293 3292 2698 3368 φιλανθρωπίᾳ,
2732 3295 2823 3346 καὶ
2850 3293 2918 3346 τὰ
2946 3294 3095 3364 ἐξῆς.

1621 3791 1738 3868 [121
1749 3793 1770 3868 ]
1813 3765 2060 3849 οΜιΑιΑ
2101 3792 2203 3846 lZ'.

267 4001 520 4057 Γίνεσθε
540 3997 615 4051 δὲ
647 3999 734 4064 είς
755 3994 1075 4062 ἀλλήλους
1103 3993 1384 4064 χρηστοί,
1417 3993 1856 4063 εὔσπλαγχνοι,

330 4084 712 4153 χαριζόμενοι.
771 4080 1046 4152 ἑαυτοῖς,
1097 4081 1294 4144 καθὼς
1349 4078 1448 4132 καί
1511 4081 1544 4130 ό
1599 4076 1744 4142 Θεὸς
1791 4074 1862 4128 ἐν

331 4165 570 4235 Χριστῷ
617 4166 946 4233 ἐχαρίσατο
988 4163 1152 4232 ὑμῖν.
1198 4164 1459 4216 Γίνεσθε
1510 4156 1628 4215 οὖν
1671 4176 1858 4228 μιμη-

328 4249 424 4303 ταί
453 4250 566 4303 τοῦ
606 4248 781 4312 Θεοῦ,
808 4248 888 4312 ὡς
914 4246 1096 4299 τέκνα
1124 4243 1424 4314 ἀγαπητὰ,
1457 4243 1558 4299 καί
1605 4258 1859 4310 περιπα-

331 4332 485 4386 τεῖτε
512 4333 587 4386 ὲν
612 4329 842 4399 ἀγάπῃ,
869 4329 1064 4395 καθὼς
1083 4329 1184 4382 καὶ
1207 4332 1238 4382 ὀ
1261 4327 1519 4396 Χριστὸς
1538 4325 1861 4396 ἠγάπησεν

328 4415 514 4486 ἡμᾶς,
542 4413 649 4469 καὶ
681 4409 1030 4481 παρέδωκεν
1051 4412 1272 4466 ἑαυτὸν
1292 4410 1444 4480 ὑπὲρ
1474 4408 1645 4480 ἡμῶν
1673 4424 1860 4478 προσ-

329 4505 529 4569 φορὰν
565 4499 669 4551 καὶ
699 4497 923 4551 θυσίαν
951 4495 1030 4562 τῷ
1049 4492 1172 4559 Θεῷ
1196 4497 1281 4560 είς
1303 4493 1506 4564 ὀσμὴν
1521 4492 1796 4557 εὐωδίας.

329 4684 397 4733 α’.
419 4677 502 4730 T6
526 4675 874 4746 παρελθόντα
901 4674 1010 4728 τῶν
1039 4674 1339 4746 μελλόντων
1370 4674 1591 4727 πλείονα
1614 4675 1727 4745 ἔχει
1752 4674 1857 4745 τήν

263 4762 435 4830 ἰσχὺν,
477 4761 576 4813 καὶ
604 4760 756 4812 δοκεῖ
785 4759 1209 4829 θαυμαστότερα
1234 4755 1374 4812 εἶναι
1403 4759 1499 4813 καὶ
1534 4759 1852 4829 πιστότερα.

259 4848 346 4898 Διὸ
381 4847 478 4898 καὶ
505 4848 535 4898 6
567 4843 781 4908 Παῦλος
803 4844 912 4898 ἀπὸ
940 4843 1048 4898 τῶν
1079 4843 1453 4914 ὑπηργμένων
1496 4843 1595 4915 ήδη
1619 4847 1857 4896 ποιεῖται

259 4927 354 4998 τὴν
386 4927 747 5000 παράκλησιν
767 4943 779 4956 ·
817 4928 1001 4980 ἐκεῖνα
1023 4925 1124 4996 μὲν
1151 4925 1264 4996 γὰρ
1290 4925 1383 4979 τοῦ
1407 4926 1644 4998 Χριστοῦ
1671 4927 1857 4979 ἕνεκεν

261 5010 488 5080 μείζονα
533 5010 654 5080 ἔχει
683 5008 780 5080 τὴν
815 5008 990 5080 ίσχύν.
1033 5009 1107 5062 Τὸ
1139 5007 1249 5078 γάρ
1295 5011 1491 5075 είπεῖν,
1528 5007 1718 5078 Ἄφες,
1763 5009 1858 5062 καὶ

259 5093 610 5165 ἀφεθήσεταί
643 5111 747 5158 σοι,
779 5092 882 5146 κᾶν
929 5093 1007 5164 μὴ
1045 5095 1244 5164 ἀφῆτε,
1281 5094 1342 5146 ού
1399 5093 1474 5166 μὴ
1515 5093 1856 5163 ἀφεθήσεται

259 5175 407 5243 ὑμῖν,
467 5176 614 5248 πρὸς
672 5177 770 5248 μὲν
804 5176 1135 5246 φιλοσόφους
1184 5175 1384 5248 ἄνδρας
1424 5177 1721 5248 λεγόμενον
1761 5179 1855 5231 καὶ

257 5262 368 5324 τοῖς
403 5260 669 5332 μέλλουσι
698 5259 1077 5327 πιστεύοντας,
1118 5260 1260 5330 μέγα
1293 5260 1550 5315 δύναται·
1573 5263 1601 5314 6
1628 5261 1683 5314 δὲ
1709 5261 1854 5314 Παῦ-

258 5341 346 5405 λος
372 5345 476 5397 οὺκ
507 5343 622 5397 ἀπὸ
654 5340 860 5398 τούτων
905 5344 1155 5414 ἐντρέπει
1201 5344 1386 5414 μόνον,
1420 5343 1557 5398 ἀλλά
1603 5345 1698 5397 καὶ
1747 5346 1854 5398 ἀπὸ

259 5426 366 5479 τῶν
419 5427 828 5501 ὑπηργμένων.
884 5427 1110 5497 Ἑκείνῳ
1161 5428 1259 5496 μὲν
1303 5429 1412 5497 γὰρ
1473 5427 1588 5482 ἔστι
1632 5431 1854 5484 κόλασιν

260 5514 475 5577 φυγεῖν,
510 5510 692 5583 τούτῳ
726 5510 782 5565 δὲ
813 5509 1023 5580 ἀγαθοῦ
1057 5527 1202 5574 τινος
1245 5515 1558 5583 μετασχεῖν.
1593 5515 1696 5570 Τὸν
1722 5516 1855 5586 Χρι-

261 5594 408 5659 στὸν,
447 5595 609 5665 φησὶ,
639 5597 807 5666 μιμῇ.
849 5595 1038 5664 Ἀρκεῖ
1063 5593 1221 5648 τοῦτο
1259 5595 1420 5666 μόνον
1456 5599 1536 5660 είς
1567 5600 1853 5672 παράκλη-

263 5693 346 5728 σιν
387 5677 619 5747 ἀρετῆς,
671 5679 732 5732 τὸ
781 5678 874 5731 τὸν
926 5677 1061 5730 Θεὸν
1106 5678 1424 5749 μιμεῖσθαι·
1465 5681 1624 5736 τοῦτο
1669 5685 1854 5754 μεῖζον

262 5759 498 5824 ἐκείνου,
533 5759 614 5814 ὅτι
651 5759 1003 5816 Ἀνατέλλει
1051 5759 1157 5814 τὸν
1196 5759 1378 5829 ἣλιον
1415 5763 1514 5817 ἐπὶ
1549 5769 1854 5840 πονηροὺς

1964 3986 2062 4042 καί
2087 3984 2369 4056 ἀγαθοὺς,
2389 3985 2489 4040 καί
2514 3985 2724 4056 βρέχει
2754 3986 2851 4040 ἐπὶ
2868 3987 3143 4054 δικαίους
3159 3988 3256 4042 καί
3270 3989 3544 4058 ἀδίκους.

1964 4072 2041 4124 Ού
2071 4071 2179 4140 γὰρ
2210 4070 2419 4133 ἁπλῶς,
2453 4070 2535 4123 ὅτι
2564 4071 2656 4123 τὸν
2690 4070 2822 4123 Θεὸν
2855 4072 3192 4142 μιμούμεθα,
3223 4067 3400 4138 εἶπεν,
3428 4075 3546 4128 ἀλλ’

1961 4153 2044 4206 δτι
2081 4155 2140 4206 ἐν
2173 4147 2256 4216 οἷς
2306 4153 2460 4206 αὐτοὶ
2499 4148 2558 4206 εὖ
2592 4153 2902 4223 πάσχομεν,
2960 4156 3214 4225 πατέρων
3256 4155 3545 4227 σπλάγχνα

1961 4238 2098 4310 πρὸς
2127 4236 2391 4306 ἀλλήλους
2417 4237 2564 4307 ἡμᾶς
2606 4237 2750 4306 ἔχειν
2781 4237 3067 4307 βούλεται·
3111 4239 3398 4311 σπλάγχνα
3434 4241 3546 4312 γὰρ

1959 4321 2135 4373 ταῦτα
2190 4319 2407 4388 λέγεται
2456 4322 2490 4390 ἡ
2539 4319 2920 4391 φιλανθρωπία
2977 4320 3074 4375 καὶ
3135 4322 3186 4374 οἱ
3244 4323 3541 4393 οἰκτιρμοί.

1973 4402 2195 4472 Ἐπειδὴ
2223 4401 2331 4474 γάρ
2360 4403 2461 4456 οὐκ
2489 4402 2567 4455 ἐνι
2599 4401 2920 4473 ἀνθρώπους
2969 4404 3132 4469 ὄντας
3183 4405 3320 4475 μήτε
3351 4406 3544 4458 λυπεῖν

1963 4487 2102 4559 μήτε
2125 4485 2436 4549 λυπεῖσθαι,
2463 4485 2715 4558 δεύτερον
2733 4480 2860 4558 εὗρε
2884 4487 3199 4559 φάρμακον,
3224 4488 3365 4542 ὥστε
3387 4490 3547 4560 ἀλλήο
3622 4508 3629 4514 ·

1958 4569 2074 4631 λοις
2127 4568 2486 4640 χαρίζεσθαι·
2547 4569 2961 4640 Χαριζόμενοι,
3027 4574 3226 4642 φησὶν,
3283 4573 3548 4640 ἑαυτοῖς.

1960 4652 2154 4706 Καίτοι
2192 4651 2343 4704 οὐδὲν
2372 4653 2488 4706 ἴσον
2508 4667 2520 4682 ·
2556 4655 2621 4706 σὺ
2666 4653 2766 4724 μὲν
2791 4653 2897 4725 γὰρ
2918 4655 2984 4708 ἂν
3008 4654 3232 4726 χαρίσῃ,
3265 4656 3426 4709 πάλιν
3460 4673 3552 4710 σοι

1959 4739 2228 4805 χαριεῖται
2261 4735 2490 4798 ἐκεῖνος,
2516 4734 2635 4806 Θεῷ
2662 4735 2719 4788 δὲ
2738 4736 2891 4790 οὐδὲν
2912 4739 3174 4809 ἐχαρίσω.
3213 4739 3323 4792 Καὶ
3351 4741 3414 4792 σὺ
3441 4740 3546 4809 μὲν

1957 4817 2036 4887 τῷ
2066 4817 2363 4888 ὁμοδούλῳ,
2399 4820 2426 4871 ό
2457 4817 2513 4870 δὲ
2540 4818 2672 4880 Θεὸς
2699 4820 2777 4889 τῷ
2807 4819 2978 4889 δούλῳ
3005 4822 3097 4874 καὶ
3128 4820 3206 4890 τῷ
3235 4821 3416 4892 ἐχθρῷ
3449 4823 3551 4874 καὶ

1957 4901 2036 4970 τῷ
2087 4900 2336 4970 μισοῦντι
2367 4900 2552 4956 αὐτόν.
2590 4901 2796 4968 Καθὼς
2827 4903 2925 4955 καί
2958 4907 2992 4957 ό
3025 4904 3189 4969 Θεὸς,
3245 4905 3432 4974 φησὶν,
3475 4907 3548 4958 ἐν

1957 4982 2189 5052 Χριστῷ
2220 4985 2546 5053 ἐχαρίσατο
2571 4985 2737 5054 ἡμῖν.
2771 4986 2933 5054 Μέγα
2959 4988 3054 5039 καὶ
3076 4987 3235 5041 τοῦτο
3256 4987 3370 5058 ἔχει
3404 4991 3545 5043 αῖνι..

1958 5083 2076 5138 γμα
2099 5084 2112 5098 ·
2143 5067 2171 5120 ὃ
2191 5067 2247 5120 δέ
2278 5067 2446 5135 λέγει,
2474 5067 2634 5120 τοῦτό
2665 5069 2844 5121 ἐστιν·
2874 5070 2986 5139 Οὐχ
3026 5069 3213 5132 ἁπλῶς
3242 5071 3542 5136 ἀκινδύνως

1959 5149 2272 5221 ἐχαρίσατο,
2301 5151 2485 5220 φησὶν,
2519 5149 2656 5203 ἀλλά
2694 5150 2832 5220 μετὰ
2851 5152 2945 5205 τοῦ
2974 5152 3219 5206 κινδύνου
3253 5154 3346 5207 τοῦ
3385 5155 3540 5209 Υίοῦ.

1961 5235 2081 5286 ἰνα
2108 5235 2216 5306 γάρ
2235 5251 2314 5286 σοι
2342 5233 2582 5303 συγγνῷ,
2610 5233 2700 5286 τὸν
2725 5233 2852 5286 Υίὸν
2876 5235 3033 5289 ἔθυσε
3053 5253 3066 5267 ·
3097 5237 3162 5290 σὺ
3199 5237 3256 5289 δὲ
3280 5237 3542 5302 πολλάκις

1961 5317 2054 5370 καὶ
2082 5316 2362 5369 ἀκίνδυνον
2411 5317 2504 5370 καὶ
2543 5316 2820 5370 ἀδάπανον
2853 5319 2997 5390 ὁρῶν
3030 5321 3130 5390 τὴν
3165 5319 3538 5392 συγχώρησιν,

1959 5399 2021 5452 οὐ
2050 5400 2199 5469 ποιῇ.
2221 5397 2479 5452 Γίνεσθε
2501 5397 2615 5453 οὖν
2632 5400 2880 5468 μιμηταὶ
2910 5401 3016 5455 τοῦ
3046 5402 3214 5468 Θεοῦ,
3251 5404 3332 5470 ὡς
3359 5404 3555 5460 τέκνα.

1960 5493 2258 5563 ἀγαπητὰ,
2287 5495 2386 5548 καὶ
2421 5495 2794 5564 περιπατεῖτε
2818 5497 2888 5549 ἐν
2915 5497 3138 5569 ἀγάπῃ,
3162 5501 3357 5567 καθὼς
3383 5504 3479 5557 καί
3507 5507 3555 5560 ό,

1958 5588 2217 5658 Χριστὸς
2251 5589 2572 5660 ἠγάπησεν
2609 5588 2788 5659 ἡμᾶς,
2826 5593 2924 5647 καί
2953 5595 3295 5665 παρέδωκεν
3323 5598 3546 5654 ἑαυτὸν

1958 5685 2114 5753 ὑπὲρ
2146 5685 2316 5755 ἡμῶν
2366 5688 2721 5756 προσφορὰν
2765 5689 2866 5743 καὶ
2914 5693 3137 5749 θυσίαν
3168 5694 3246 5758 τῷ
3280 5695 3404 5762 Θεῷ
3456 5701 3546 5762 εις

1961 5768 2163 5839 ὀσμὴν
2192 5769 2466 5836 εὐωδίας.
2507 5771 2623 5826 Ἵνα
2656 5773 2730 5842 μὴ
2766 5774 2998 5847 νομίσῃς
3035 5777 3283 5850 ἀνάγκης
3320 5775 3459 5834 εἶναι
3489 5784 3558 5832 τὸ.
