4092 6492
502 330 599 388 H7

495 449 750 518 πρᾶγμα,
782 447 1013 502 ἄκουσον
1040 449 1156 510 πῶς
1188 449 1285 518 οὶχ
1316 446 1522 511 ἁπλῶς.
1557 450 1670 503 ἀλλ’
1692 452 1774 505 ὅτι
1806 450 2063 504 Ἑαυτὸν

495 535 858 601 παρέδωκεν,
898 529 1077 587 εἶπεν·
1108 532 1240 587 ὡσεὶ
1268 533 1453 601 ἔλεγεν
1473 552 1486 566 ·
1518 535 1746 608 Ἐχορδν
1789 536 1922 591 ὄντα
1952 554 2011 589 σε
2041 536 2070 589 6

493 622 770 692 Δεσπότης
799 621 1106 690 ἠγάπησεν,
1138 620 1423 690 ἀγάπησον
1440 623 1503 675 σὺ
1525 622 1617 675 τὸν
1655 623 1809 692 φίλον
1829 640 1845 656 ·
1870 623 2072 693 μᾶλλον

494 707 552 760 δέ
586 709 705 762 οὐδὲ
734 708 875 761 οῦτω
909 709 1135 778 δυνήσῃ,
1171 707 1310 777 πλὴν
1343 709 1459 761 ἀλλ’
1491 709 1566 773 ὡς
1586 709 1833 766 δύνασαι.
1867 711 2066 765 Βαθαίί

495 791 547 842 τί
584 790 787 861 ταύτης
811 791 906 861 τῆς
943 793 1126 860 φωνῆς
1156 793 1571 865 μακαριώτερον
1596 794 1793 863 γένοιτ’
1823 794 1890 848 ἄν
1914 812 1929 862 ;
1955 793 2073 846 Κάν

498 878 771 947 βασιλείαν
814 878 994 950 εἴπῃς,
1028 877 1131 931 κᾶν
1174 879 1373 943 ὁτιοῦν,
1408 880 1559 933 οὐδὲν
1604 880 1738 936 ἴσον.
1786 880 1936 954 [ινα]
1970 881 2073 934 Τὸν

495 965 625 1018 Θεὸν
656 967 818 1034 μιμῇ,
849 965 927 1035 τῷ
973 965 1092 1035 Θεῷ
1125 966 1492 1036 ἐξομοιοῦσαι,
1524 968 1651 1021 ὅταν
1698 970 2065 1039 συγχωρήσῃς

495 1053 709 1123 ἐκείνῳ.
746 1053 962 1107 Μᾶλλον
1000 1055 1378 1127 ἁμαρτήματα
1414 1057 1495 1109 δεῖ
1524 1061 1846 1128 συγχωρεῖν,
1874 1058 1907 1127 ἦ
1941 1057 2075 1126 χρή-

501 1157 671 1209 ματα.
700 1142 975 1212 Χρήματα
1007 1143 1105 1213 μὲν
1137 1143 1245 1214 γὰρ
1277 1144 1373 1198 ἐὰν
1417 1146 1796 1216 συγχωρήσῃς,
1822 1145 1921 1197 οὐκ
1949 1146 2074 1208 ἐμι-

499 1233 660 1302 μήσω
703 1231 792 1283 τὸν
827 1232 992 1285 Θεόν·
1041 1234 1418 1305 ἁμαρτήματα
1460 1235 1519 1289 δὲ
1554 1235 1649 1288 ἐὰν
1684 1235 2069 1305 συγχωρήσῃς,

498 1318 587 1371 τὸν
612 1318 742 1370 θεὸν
773 1321 937 1389 μιμῇ.
973 1320 1118 1391 Πλὴν
1138 1321 1254 1383 πῶς
1284 1321 1485 1393 δυνήσῃ
1504 1320 1705 1390 λέγειν,
1742 1322 1917 1391 Πένης
1934 1322 2073 1390 εἰμὶ,

500 1405 593 1456 καὶ
642 1407 704 1458 οὐ
739 1404 975 1477 δύναμαι
1022 1408 1411 1479 συγχωρῆσαι,
1454 1410 1582 1462 ὅταν
1618 1409 1713 1462 καὶ
1762 1407 1799 1462 ἃ
1847 1408 2073 1461 δύνασαι

502 1496 874 1564 συγχωρῆσαι,
914 1494 989 1567 μὴ
1028 1498 1410 1568 συγχωρήσῃς,
1450 1498 1544 1550 καὶ
1587 1496 1821 1551 ἐνταῦθα
1869 1496 2072 1567 ζημίαν

500 1581 628 1650 ἡγῇ,
687 1582 806 1650 οὐχὶ
839 1581 1069 1634 πλοῦτον
1127 1584 1347 1652 μᾶλλον,
1399 1583 1521 1654 οὐχὶ
1564 1583 1905 1654 περιουσίαν,
1951 1583 2072 1654 οὐχ)⁵

498 1668 798 1738 εύπορίαν;
833 1670 1085 1724 Γίνεσθε
1123 1665 1237 1724 οὖν
1282 1670 1531 1739 μιμηταί
1572 1672 1679 1725 τοῦ
1721 1671 1888 1725 Θεοῦ.
1941 1671 2072 1726 Ἰδοὺ

501 1753 595 1805 καὶ
617 1752 749 1821 ἀλλη
786 1754 1131 1823 παράκλησις
1168 1754 1544 1825 εὐγενεστέρα.
1587 1756 1681 1821 Ὡς
1707 1756 1889 1809 τέκνα
1933 1758 2077 1825 ἁγα-

500 1837 681 1897 πητὰ,
714 1838 899 1906 φησίν.
932 1837 1125 1906 Ἔχετε
1159 1840 1252 1891 καὶ
1282 1838 1446 1908 ἄλλην
1473 1838 1720 1910 ἀνάγκην
1750 1838 1844 1892 τοῦ
1891 1840 2077 1908 μιμεῖ-

502 1922 623 1976 σθαι
671 1923 858 1984 αὑτὸν,
896 1924 958 1976 οὐ
993 1924 1072 1995 τῷ
1108 1925 1303 1978 παθεῖν
1355 1921 1413 1978 εὖ
1452 1926 1634 1997 μόνον,
1675 1926 1811 1979 ἀλλά
1857 1927 1951 1979 καὶ
1998 1924 2076 1995 τῷ

498 2010 664 2066 τέκνα
697 2012 975 2080 γενέσθαι.
1019 2014 1116 2080 Ὠς
1162 2015 1344 2069 τέκνα
1375 2015 1671 2086 ἀγαπητά.
1715 2014 1935 2085 Ἐπειδὴ
1966 2015 2076 2084 γὰρ

493 2098 558 2150 οὐ
611 2099 813 2163 πάντες
860 2102 967 2154 υίοὶ
1006 2102 1135 2165 τοὺς
1182 2103 1435 2174 πατέρας
1489 2102 1807 2174 μιμοῦνται,
1861 2102 1977 2156 ἀλλ’
2026 2103 2077 2154 οί

497 2188 808 2256 ἀγαπητοὶ,
844 2187 933 2243 διὰ
979 2189 1137 2243 τοῦτό
1169 2206 1370 2261 φησιν·
1430 2191 1523 2257 Ὠς
1554 2191 1737 2244 τέκνα
1777 2188 2075 2259 ἀγαπητά.

496 2275 883 2340 Περιπατεῖτε
909 2276 980 2328 ἐν
1007 2276 1233 2345 ἀγάπῃ.
1281 2276 1411 2330 Ἰδοὺ
1443 2277 1663 2330 πάντων
1706 2277 1739 2347 ἡ
1784 2276 2075 2338 ὑπόθεσις·

496 2362 694 2416 οὐκοῦν
716 2362 916 2433 ταύτης
937 2363 1127 2432 οὔσης,
1155 2364 1216 2418 οὐ
1241 2363 1431 2435 θυμὸς,
1454 2365 1555 2418 οῦκ
1569 2363 1729 2436 ὀργὴ,
1750 2364 1811 2417 ού
1840 2363 2077 2435 κραυγὴ,

496 2448 560 2502 οὐ
595 2448 935 2520 βλασφημία,
976 2450 1116 2503 ἀλλά
1162 2452 1345 2505 πάντα
1391 2449 1682 2522 ἀνῄρηται,
1725 2449 1817 2502 Διὸ
1851 2449 2079 2521 ὕστερον

497 2536 559 2588 τὸ
598 2537 890 2605 κεφάλαιον
919 2538 1123 2609 τίθησι.
1163 2538 1333 2592 Πόθεν
1370 2539 1557 2607 ἐγένου
1591 2539 1815 2604 τέκνον;
1858 2537 2078 2606 Ἐπειδὴ

499 2626 858 2697 συνεχωρήθη
894 2643 995 2680 σοι.
1036 2628 1169 2680 Ἀπὸ
1199 2629 1299 2698 τῆς
1320 2627 1651 2691 ὑποθέσεως,
1680 2628 1771 2696 ἀφ’
1796 2621 1865 2699 ἦς
1894 2624 2081 2679 τοο-αύ-

494 2728 595 2781 της
624 2711 864 2783 ἠξιώθης
891 2716 1076 2785 τιμῆς,
1113 2714 1222 2767 ἀπὸ
1262 2714 1362 2784 τῆς
1406 2715 1576 2785 αὐτῆς
1607 2715 1702 2768 καὶ
1738 2713 1815 2785 τῷ
1850 2714 2078 2784 πλησίον

498 2799 875 2871 συγχώρησον.
920 2803 1054 2856 Είπέ
1081 2803 1145 2874 δή
1180 2820 1291 2874 μοι,
1326 2803 1382 2857 εί
1411 2805 1494 2867 τίς
1530 2820 1589 2856 σε
1614 2804 1898 2875 δεσμώτην
1925 2803 2075 2867 ὄντα,

496 2889 592 2942 καὶ
635 2889 845 2958 μυρίων
875 2890 1173 2945 ὑπεύθυνον
1193 2892 1402 2959 κακῶν,
1434 2893 1642 2963 ἤγαγεν
1688 2893 1780 2946 ἐπὶ
1813 2893 1882 2946 τά
1917 2892 2076 2962 βασί-

498 2974 621 3029 λεια
642 2992 654 3005 ·
689 2976 891 3046 μᾶλλον
917 2977 972 3031 δέ
997 2981 1154 3030 τοῦτο
1180 2980 1407 3049 ἀφῶμεν
1424 2996 1438 3009 ·
1473 2980 1528 3033 εί
1544 2980 1629 3044 τίς
1657 2997 1717 3033 σε
1742 2981 2080 3050 πυρέττοντα

501 3065 594 3118 καὶ
619 3064 1076 3137 ψυχορραγοῦντα
1104 3067 1355 3139 ὠφέλησε
1378 3069 1659 3142 φαρμάκῳ
1678 3071 1808 3131 τινὶ,
1840 3064 1951 3138 ἆρα
1978 3068 2080 3121 οὐκ

498 3151 565 3205 ἂν
589 3152 750 3205 αὐτὸν
779 3152 996 3205 πάντων
1024 3155 1428 3226 προύτίμησας,
1456 3155 1550 3208 καὶ
1566 3154 1700 3208 αὐτὸ
1727 3154 1966 3224 τοῦνομα
1983 3155 2076 3208 τοῦ

502 3239 830 3309 φαρμάκους
873 3239 935 3293 Εἰ
966 3240 1076 3310 γὰρ
1105 3242 1332 3312 καιροὺς
1356 3241 1450 3294 και
1478 3241 1697 3305 τόπους,
1736 3241 1803 3293 δι’
1829 3234 1902 3294 ὧν
1932 3241 2077 3308 ὠφε-

499 3325 757 3393 λούμεθα,
786 3325 963 3389 οὕτως
985 3326 1182 3397 ἔχομεν
1209 3326 1284 3389 ὡς
1309 3328 1408 3390 τὰς
1433 3327 1643 3381 ἑαυτῶν
1670 3326 1870 3397 ψυχὰς,
1900 3326 2079 3397 πολλῷ

504 3412 703 3483 μᾶλλον
737 3412 878 3464 αὐτὰ
910 3413 979 3465 τὰ
1008 3413 1333 3483 πράγματα.
1377 3412 1645 3486 Ἐραστὴς
1682 3413 1774 3466 έσο
1798 3413 1896 3484 τῆς
1935 3413 2076 3482 ἀγά-

501 3519 609 3573 πης
632 3519 648 3534 ·
673 3503 740 3556 δι’
766 3503 938 3573 αὐτῆς
969 3503 1078 3573 γάρ
1104 3502 1339 3575 ἐσώθης,
1367 3505 1437 3559 δι’
1461 3503 1632 3573 αὐτῆς
1661 3504 1775 3567 υίὸς
1810 3504 2042 3572 γέγονας
2061 3518 2077 3533 ⁸

500 3587 602 3643 κᾶν
651 3588 840 3661 ἕτερον
892 3589 1132 3662 δυνηθῇς
1186 3590 1381 3658 σῶσαι,
1418 3593 1538 3663 οὐχὶ
1579 3591 1658 3663 τῷ
1704 3590 1853 3661 αὐτῷ
1898 3592 2080 3662 χρήσῃ

500 3680 817 3751 φαρμάκῳ,
867 3680 961 3733 καὶ
1015 3682 1361 3750 παραινέσεις
1425 3684 1560 3736 πᾶσι
1610 3681 1701 3747 τὸ,
1731 3681 1954 3750 Ἀφετε,
1994 3679 2080 3731 ἵνα

499 3766 676 3838 ἀφεθῇ
708 3769 870 3836 ὑμῖν;
925 3769 1299 3840 Εύγνωμόνων
1347 3770 1537 3841 ψυχῶν
1583 3768 1740 3821 τοῦτο
1767 3809 1782 3832 ,
1820 3766 1882 3819 τὸ
1937 3764 2082 3818 οῦτω

503 3853 924 3923 προτρέπεσθαι,
969 3857 1063 3908 καὶ
1111 3856 1411 3927 ἐλευθέρων
1454 3854 1547 3909 καὶ
1582 3853 1840 3922 εὐγενῶν.
1873 3851 2080 3916 Καθὼς

500 3938 598 3991 καί
624 3942 657 3993 ό
683 3941 926 4009 Χριςτὸς
956 3942 1277 4011 ἠγάπησεν
1300 3939 1478 4012 ἡμᾶς,
1500 3941 1651 4013 φησί.
1678 3941 1750 3993 Σὺ
1775 3939 1885 3993 τῶν
1913 3938 2082 4007 φίλων

500 4027 681 4100 φείδῃ,
715 4031 919 4093 ἐκεῖνος
941 4030 1051 4086 τῶν
1076 4031 1318 4104 ἐχθρῶν·
1358 4030 1556 4084 οὐκοῦν
1593 4029 1773 4099 πολλῷ
1811 4028 1993 4099 μεῖζον
2022 4027 2084 4080 τὸ

500 4115 653 4185 παρά
682 4116 775 4170 τοῦ
806 4119 1079 4173 Δεσπότου
1109 4120 1413 4190 γινόμενον.
1446 4117 1519 4170 Τὸ
1540 4118 1669 4189 γὰρ,
1704 4117 1932 4183 Καθὼς,
1966 4115 2082 4180 πῶς

502 4198 734 4265 σώζεται
765 4212 817 4269 ·;
849 4199 927 4257 Ἦ
966 4205 1126 4274 δῆλον
1151 4206 1255 4268 ὅτι,
1284 4204 1379 4258 ἐὰν
1408 4204 1536 4267 τοῦς
1566 4205 1796 4275 ἐχθροὺς
1818 4200 1878 4257 εὖ
1915 4203 2083 4256 ποιῶο

499 4303 622 4357 μεν.
642 4289 749 4342 Καὶ
775 4289 1119 4358 παρέδωκεν
1139 4290 1355 4345 ἑαυτὸν
1378 4293 1729 4360 προσφορὰν
1748 4291 1846 4345 καὶ
1865 4292 2087 4346 θυσίαν

498 4373 581 4442 τῷ
619 4375 742 4443 Θεῷ
773 4380 860 4444 είς
886 4378 1086 4448 ὀσμὴν
1116 4379 1388 4446 εὐωδίας.
1429 4378 1591 4451 Ὁρᾷς
1618 4381 1679 4434 τὸ
1701 4380 1843 4451 ὑπὲρ
1876 4379 2087 4451 ἐχθρῶν

501 4465 715 4526 παθεῖν,
756 4466 838 4518 ὅτι
880 4466 1023 4537 ὀσμὴ
1052 4467 1282 4532 εὐωδίας
1323 4468 1458 4533 ἐστὶ,
1481 4470 1576 4522 καὶ
1600 4469 1762 4522 θυσία
1791 4467 2086 4539 εὐπρόσδε-

501 4569 661 4617 κτος;
705 4553 822 4607 Κᾶν
862 4555 1170 4629 ἀποθάνῃς,
1199 4558 1320 4611 τότε
1355 4557 1454 4631 ἔσῃ
1488 4557 1681 4612 θυσία·
1713 4557 1875 4611 τοῦτο
1911 4558 2084 4628 μιμή-

503 4641 699 4695 σασθαί
729 4644 846 4695 ἐστι
877 4643 970 4697 τὸν
1009 4644 1163 4698 Θεόν.
1210 4648 1469 4714 Πορνεία
1498 4647 1568 4700 δὲ
1609 4647 1709 4701 καί
1743 4646 1914 4703 πᾶσα
1940 4648 2086 4702 ἀκα-

499 4730 742 4796 θαρσία,
784 4728 820 4798 ἢ
851 4730 1196 4796 πλεονεξία,
1224 4733 1380 4803 μηδὲ
1411 4733 1788 4803 ὀνομαζὲσθω
1820 4736 1891 4788 ἐι·
1919 4734 2080 4805 ὑμῖν,

497 4814 694 4883 καθὼς
719 4818 930 4887 πρέπει
960 4819 1174 4889 ἁγίοις.

572 4985 707 5043 Εῖπε
740 4993 870 5061 περὶ
911 4990 1006 5044 τοῦ
1055 4989 1255 5060 πικροῦ
1299 4989 1500 5051 πάθους
1532 4987 1628 5043 τοῦ
1671 4987 1845 5059 θυμοῦ
1869 5003 1880 5015 '
1921 4984 2083 5060 ἦλθεν

500 5076 595 5128 ἐπὶ
619 5076 680 5131 τὸ
711 5071 875 5149 ἦττον
906 5077 1097 5131 κακόν.
1132 5077 1253 5130 Ὅτι
1285 5076 1393 5149 γὰρ
1427 5072 1588 5147 ἦττον
1619 5076 1788 5130 κακὸν
1822 5078 1855 5147 ἡ
1887 5076 2081 5131 ἐπιθυ-

505 5162 624 5232 μία,
657 5163 825 5217 ἄκουε
847 5165 943 5217 καὶ
972 5166 1029 5217 ἐν
1056 5164 1135 5234 τῷ
1167 5165 1319 5236 νόμῳ
1344 5165 1622 5228 Μωῦσέως
1651 5164 1903 5233 λέγοντος
1924 5164 2081 5236 πρῶ-

500 5266 614 5316 τον,
655 5253 738 5305 Οὐ
771 5253 1112 5320 φονεύσεις,
1144 5253 1280 5322 ὅπερ
1313 5252 1431 5306 ἐστὶ
1463 5251 1555 5305 τοῦ
1581 5253 1779 5323 θυμοῦ,
1814 5253 2080 5318 καὶ·τότε,

505 5339 589 5389 οὐ
612 5339 980 5407 μοιχεύσεις,
1007 5340 1147 5410 ὅπερ
1178 5340 1294 5393 ἐστὶ
1330 5340 1429 5411 τῆς
1462 5340 1780 5411 ἐπιθυμίας.
1811 5341 2083 5413 Καθάπερ

503 5424 614 5495 γὰρ
642 5426 676 5495 ἡ
714 5425 910 5497 πικρία
946 5427 1037 5480 καὶ
1088 5429 1119 5497 ἡ
1155 5429 1372 5499 κραυγὴ
1426 5428 1524 5482 καὶ
1572 5431 1723 5483 πᾶσα
1781 5429 1949 5482 κακία
1987 5429 2084 5482 καὶ

504 5510 849 5583 βλασφημία,
897 5514 995 5567 καὶ
1022 5515 1122 5570 ὅσα
1163 5516 1412 5581 τοιαῦτα,
1460 5514 1556 5571 τοῦ
1593 5514 1874 5584 θυμὼδους
1901 5516 2080 5570 ἐστίν·

571 5704 589 5726 ⁸
612 5709 761 5776 Harg.
788 5713 959 5778 Sa\'il.,
981 5712 1074 5763 ποῦ
1098 5717 1313 5773 adytum.

1242 330 1299 385 S.
1331 329 1617 386 JOAN‘NIS
1646 326 2138 387 CHRYSOSTOMI
2171 328 2490 388 ARCHIEP.
2533 330 3080 388 CONSTANTINOP.

3653 330 3756 386 “8

2180 447 2323 503 οὕτω
2343 451 2437 504 καὶ
2457 449 2549 504 τοῦ
2572 450 2968 522 ἐπιθυμητικοῦ
2993 448 3143 522 [125]
3160 447 3404 519 πορνεία,
3422 447 3753 521 ἀκαθαρσία,

2182 532 2498 599 πλεονεξία·
2541 533 2621 605 τῷ
2660 535 2768 606 γὰρ
2801 535 2949 604 αὐτῷ
3001 534 3304 605 χρημάτων
3367 532 3606 604 ἐρῶμεν,
3659 534 3757 587 καὶ

2180 621 2468 691 σωμάτων.
2511 622 2649 675 Ἀλλ’
2684 622 2872 693 ὥσπερ
2909 624 3024 675 ἐκεῖ
3047 621 3146 690 τὴν
3181 619 3428 692 κραυγὴν
3459 619 3752 692 περιεῖλεν,

2177 706 2361 776 ὄχημα
2376 704 2538 761 οὖσαν
2562 709 2662 780 τῆς
2678 710 2866 779 ὀργῆς,
2884 708 3026 762 οὕτω
3036 709 3131 762 νῦν
3147 708 3245 778 τὴν
3263 707 3646 778 αἰσχρολογίαν
3660 707 3752 761 καὶ

2178 794 2539 867 εὐτραπελίαν
2566 795 2664 865 δχη
2674 814 2748 866 μα
2773 793 2938 849 οὖσαν
2959 796 3059 866 τῆς
3076 794 3349 868 πορνείας.
3374 795 3480 849 Καὶ
3501 795 3755 864 αἰσχρό-

2178 899 2281 949 της
2316 886 2448 953 γαρ,
2487 884 2638 953 φησὶ,
2673 887 2768 937 καί
2795 885 3152 954 μωρολογία,
3186 884 3223 952 ἢ
3265 883 3648 952 εὐτραπελία,
3683 881 3756 935 τὰ

2179 970 2291 1021 οὐκ
2307 967 2628 1035 ἀνήκοντα,
2647 971 2807 1025 ἀλλὰ
2822 971 3065 1041 μᾶλλον
3084 974 3456 1041 εὐχαριστία.
3481 971 3573 1041 Μὴ
3595 971 3754 1042 εἴπῃς

2179 1057 2370 1109 ἀστεῖα
2384 1058 2505 1127 μηδ’
2523 1057 2746 1128 αίσχρά,
2763 1059 2896 1128 μηδὲ
2910 1058 3141 1131 πράξῃς,
3163 1060 3254 1110 καὶ
3268 1056 3629 1121 κατασϐέσεις
3654 1056 3754 1127 τὴν

2179 1142 2374 1210 φλόγα.
2389 1142 2556 1211 Μηδὲ
2580 1142 2975 1212 ὀνομαζέσθω,
2995 1145 3180 1215 φησὶν,
3198 1145 3268 1198 ἐν
3285 1143 3429 1213 ὑμῖν
3445 1159 3458 1173 ·
3483 1143 3752 1207 τουτέστι,

2183 1226 2432 1299 μηδαμοῦ
2466 1216 2602 1300 μηδέ
2631 1228 2925 1298 φαινέσθω.
2958 1228 3129 1284 Τοῦτο
3151 1232 3244 1285 καὶ
3266 1230 3575 1302 Κορινθίοις
3606 1231 3751 1301 γρά·

2183 1333 2297 1385 φων
2349 1316 2569 1386 ἔλεγεν·
2628 1317 2824 1383 Ὀλως
2871 1318 3152 1373 ἀκούεται
3196 1320 3266 1373 ἐν
3293 1318 3437 1388 ὑμῖν
3480 1319 3752 1386 πορνεία.

2184 1403 2463 1468 Τουτέστι,
2494 1405 2698 1469 Πάντες
2735 1405 2962 1477 καθαροὶ
2987 1406 3229 1474 γένεσθε,
3254 1407 3315 1459 Ol
3340 1406 3450 1477 γὰρ
3475 1405 3624 1474 λόγοι
3647 1403 3756 1457 τῶν

2184 1493 2523 1563 πραγμάτων
2569 1492 2707 1546 εἰσὶν
2749 1492 2878 1547 ὁδοί.
2911 1489 3046 1547 Εἷτά
3079 1494 3169 1548 ἵνα
3215 1494 3290 1565 μὴ
3329 1493 3458 1564 δόξῃ
3497 1491 3759 1564 φορτικός

2183 1597 2267 1643 τις
2309 1579 2451 1633 εἶναι
2504 1581 2599 1634 κα)⁸
2649 1579 2842 1653 βαρὺς,
2901 1582 2998 1635 καὶ
3045 1581 3404 1652 εὐτραπελίαν
3446 1580 3753 1641 ἐκκόπτων,

2183 1669 2433 1738 ἐπήγαγε
2480 1669 2572 1721 καὶ
2607 1667 2705 1739 τὴν
2744 1666 2945 1733 αἰτίαν,
2983 1667 3174 1733 εἰπὼν,
3212 1666 3289 1722 Τὰ
3310 1668 3396 1737 μὴ
3429 1666 3756 1733 ἀνήκοντα.

2181 1755 2251 1809 τὰ
2282 1756 2435 1809 οὐδὲν
2476 1755 2611 1827 πρὸς
2644 1757 2815 1827 ἡμᾶς,
2873 1756 3060 1828 φησὶν,
3089 1756 3252 1811 ἀλλὰ
3287 1754 3532 1826 μᾶλλον
3579 1756 3757 1823 εὐχα-

2176 1846 2400 1914 ριστία.

2252 2006 2315 2077 β’.
2335 2007 2400 2059 Τί
2416 2005 2615 2076 ὠφελεῖ
2636 2008 2697 2061 τὸ
2713 2008 2924 2061 ἀστεῖον
2943 2007 3114 2061 εἰπεῖν
3130 2024 3145 2074 ;
3162 2006 3379 2060 Γέλωτα
3399 2006 3654 2077 ἐκίνησας
3673 2002 3762 2073 μό-

2182 2111 2292 2150 νον.
2323 2095 2457 2148 Είπέ
2488 2111 2600 2164 μοι,
2635 2095 2664 2147 6
2697 2096 3027 2167 σκυτοτόμος
3065 2096 3358 2167 ἐργάσεταί
3400 2095 3451 2147 τί
3485 2110 3616 2146 ποτε
3652 2091 3762 2146 τῶν

2181 2182 2279 2235 οὐκ
2331 2181 2643 2251 ἀνηκόντων
2665 2184 2745 2245 είς
2773 2183 2871 2252 τὴν
2904 2182 3067 2236 αὑτοῦ
3105 2181 3334 2252 τέχνην;
3360 2180 3393 2252 ἢ
3421 2179 3681 2250 κτήσεταί
3706 2195 3763 2231 τι

2182 2266 2420 2322 τοιοῦτον
2434 2268 2693 2339 δργανονς
2720 2268 2983 2338 Οὐδαμῶς
2996 2284 3010 2299 ·
3036 2269 3102 2322 τά
3119 2268 3225 2338 γὰρ
3242 2269 3341 2321 οῦκ
3358 2270 3414 2321 ἐν
3427 2266 3587 2337 χρεία
3609 2265 3764 2318 οὐδὲν

2183 2357 2319 2425 πρὸς
2344 2357 2514 2427 ἡμᾶς.
2544 2354 2750 2424 Μηδεὶς
2777 2355 2919 2410 ἔστω
2947 2354 3106 2424 λόγος
3155 2356 3323 2427 ἀργός
3348 2371 3362 2386 ·
3390 2353 3499 2409 ἀπὸ
3525 2354 3634 2423 γὰρ
3666 2352 3762 2406 τοῦ

2183 2442 2355 2514 ἀργοῦ
2385 2444 2480 2496 καὶ
2508 2446 2590 2507 είς
2618 2444 2852 2506 ἀτόπους
2873 2444 3309 2514 καταπίπτομεν.
3368 2441 3443 2496 Οὐ
3467 2440 3765 2512 διαχύσεως

2182 2532 2211 2584 6
2238 2529 2428 2601 παρὼν
2451 2531 2662 2601 καιρὸς,
2693 2530 2829 2584 ἀλλά
2846 2531 3095 2596 πένθους,
3119 2529 3352 2599 θλίψεων
3378 2530 3471 2581 καὶ
3491 2528 3763 2599 ὀδυρμῶν·

2184 2618 2249 2671 σὺ
2272 2619 2330 2671 δὲ
2356 2616 2729 2689 εὐτραπελεύῃ
2751 2635 2766 2683 ;
2790 2619 2885 2680 Τίς
2904 2617 3141 2689 ἀθλητὴς
3170 2619 3249 2681 είς
3269 2617 3331 2670 τὸ
3354 2616 3566 2670 στάδιον
3592 2613 3765 2667 εἰσελο

2183 2704 2311 2769 θὼν,
2355 2706 2449 2758 καὶ
2476 2705 2576 2776 τὴν
2600 2704 2839 2774 ἀγωνίαν
2871 2705 3029 2773 ἀφεὶς
3051 2704 3150 2773 τὴν
3181 2703 3316 2774 πρὸς
3356 2701 3448 2757 τὸν
3473 2701 3763 2767 ἀντίδικον,

2182 2793 2376 2845 ἀστεῖα
2399 2791 2726 2862 φθέγγεταις
2763 2790 3097 2862 Ἐφέστηκεν
3128 2794 3158 2845 6
3180 2789 3446 2853 διάόολος,
3476 2790 3767 2860 περιέρχε-

2181 2898 2272 2935 ται
2316 2878 2626 2953 ὠρυόμενος
2659 2881 2752 2935 τοῦ
2782 2881 3044 2952 ἁρπάσαι,
3093 2879 3271 2933 πάντα
3298 2882 3440 2934 κινεῖ
3467 2878 3561 2934 καὶ
3586 2878 3769 2933 πάντα

2184 2971 2405 3041 στρέφει
2443 2971 2584 3025 κατά
2622 2971 2720 3040 τῆς
2741 2971 2840 3043 σῆς
2874 2970 3134 3041 κεφαλῆς,
3179 2970 3275 3024 καὶ
3316 2971 3621 3040 μηχανᾶται
3666 2969 3771 3039 τῆς

2182 3059 2377 3121 καλιᾶς
2417 3076 2477 3112 σε
2522 3058 2791 3125 ἐκϐαλεῖν,
2824 3058 2999 3131 τρίζει
3036 3059 3165 3122 τοὺς
3190 3058 3428 3124 ὀδόντας,
3477 3056 3770 3129 βρυχᾶται,

2184 3146 2295 3218 πῦρ
2317 3148 2440 3201 πνεῖ
2459 3146 2599 3199 κατά
2616 3147 2713 3217 τῆς
2744 3148 3018 3217 σωτηρίας
3039 3146 3137 3216 τῆς
3157 3145 3256 3215 σῆς
3275 3160 3289 3174 ·
3316 3146 3409 3198 καὶ
3435 3146 3499 3198 συ
3524 3144 3770 3215 κάθησαι

2182 3235 2376 3287 ἀστεῖα
2404 3233 2598 3303 λέγων,
2633 3235 2727 3287 καὶ
2777 3234 3124 3303 μωρολογῶν,
3155 3234 3250 3287 καὶ
3272 3232 3341 3286 τά
3374 3232 3449 3303 μὴ
3495 3232 3774 3303 ἀνήκοντα

2185 3322 2552 3392 φθεγγόμενος
2572 3338 2588 3388 ;
2608 3321 2801 3375 οὐκοῦν
2824 3321 3002 3384 καλῶς
3023 3321 3187 3375 αὐτοῦ
3213 3319 3590 3391 περιγενέσθαι
3608 3319 3775 3390 δυνή·

2186 3426 2288 3480 σῃ;
2340 3408 2637 3479 Παίζομεν,
2674 3408 2963 3476 ἀγαπητοί.
2996 3407 3183 3460 Βούλει
3219 3407 3409 3477 μαθεῖν
3452 3406 3561 3460 τῶν
3595 3406 3773 3475 ἁγίων

2184 3496 2280 3568 τὴν
2300 3494 2612 3566 διαγωγήν;
2644 3495 2806 3549 ἄκουε
2830 3494 3043 3547 Παύλου
3068 3494 3317 3563 λέγοντος
3335 3510 3348 3525 ·
3381 3496 3642 3562 Τριετίαν
3663 3493 3775 3547 νύ-

2185 3600 2298 3638 κτα
2338 3584 2437 3638 καὶ
2480 3582 2711 3652 ἡμέραν
2749 3583 2859 3636 οὐκ
2902 3581 3267 3652 ἐπαυσάμην
3300 3582 3452 3651 μετὰ
3494 3581 3776 3650 δακρύων

2184 3669 2484 3725 νόυθετῶν
2507 3670 2616 3724 ἕνα
2637 3669 2901 3724 ἕκαστον
2928 3667 3115 3739 ὑμῶν.
3150 3668 3213 3723 El
3236 3670 3294 3723 δὲ
3319 3670 3460 3742 ὑπὲρ
3488 3668 3774 3738 Μιλησίων

2186 3758 2283 3811 καὶ
2327 3757 2591 3827 Ἐφεσίων
2619 3757 2857 3827 τοσαύτῃ
2882 3758 3148 3828 ἐχρήσατο
3180 3757 3404 3827 σπουδῇ,
3430 3756 3551 3825 οὐχὶ
3581 3757 3775 3808 ἀστεῖα

2187 3845 2381 3915 λέγων,
2410 3846 2545 3900 ἀλλά
2586 3847 2723 3916 μετά
2753 3846 3005 3918 δακρύων
3036 3844 3134 3911 τὴν
3161 3845 3443 3898 νουθεσίαν
3475 3846 3771 3915 εἰσφέρων,

2189 3933 2243 3987 τί
2262 3932 2510 4002 περὶτῶν
2530 3932 2706 3987 ἄλλων
2718 3933 2860 3986 εἴποι
2872 3950 2957 3995 τις
2970 3932 3055 3998 ἀν;
3078 3934 3274 3986 ’Ἄκουε
3287 3931 3342 3986 δὲ
3356 3934 3449 3987 καὶ
3464 3931 3776 4001 Κορινθίοις

2187 4020 2241 4075 τί
2274 4033 2468 4091 φησιν·
2507 4017 2603 4073 Ἐπί
2634 4016 2875 4087 πολλῆς
2902 4019 3162 4087 θλίψεως
3200 4017 3302 4073 καί
3329 4016 3604 4085 συνοχῆς
3631 4033 3776 4082 καρ-

2187 4105 2321 4170 δίας
2335 4105 2569 4174 ἕκοαψα
2594 4103 2733 4173 ὑμῖν
2750 4104 2848 4157 διὰ
2872 4103 3121 4159 πολλῶν
3134 4104 3409 4171 δακρύων
3430 4120 3445 4135 ·
3468 4103 3563 4155 καὶ
3582 4102 3770 4158 πάλιν·

2194 4195 2290 4259 Τίς
2317 4194 2578 4257 ἀσθενεῖ,
2608 4193 2705 4247 καί
2733 4194 2843 4247 οὐκ
2870 4191 3140 4257 ἀσθενῶς
3173 4194 3263 4258 τίς
3286 4189 3771 4255 σκανδαλίζεται,

2190 4282 2290 4335 καί
2308 4284 2420 4336 οὐκ
2439 4281 2555 4351 ἐγὼ
2580 4281 2910 4349 πιφοῦμαις
2933 4281 2997 4332 Ἀ
3006 4297 3131 4333 κουε
3154 4280 3210 4333 δὲ
3231 4279 3396 4333 αὑτοῦ
3423 4279 3519 4332 καὶ
3535 4277 3773 4347 ἀλλαχοῦ

2189 4370 2457 4437 λέγοντος,
2482 4369 2574 4423 καὶ
2589 4368 2710 4423 καθ’
2725 4369 2961 4437 ἐκάστην
2979 4368 3211 4439 ἡμέραν,
3234 4367 3309 4426 ὡς
3325 4367 3518 4431 εἰπεῖν,
3534 4364 3775 4432 ἐξελθεῖν

2192 4459 2256 4509 ἐκ
2277 4456 2366 4509 τοῦ
2388 4456 2592 4525 κόσμου
2613 4454 3008 4524 ἐπιθυμοῦντος
3027 4471 3042 4486 ·
3063 4455 3168 4508 Καὶ
3191 4453 3303 4525 γὰρ
3329 4450 3501 4522 ἡμεῖς
3523 4455 3576 4506 ot
3595 4451 3775 4518 ὄντες

2189 4544 2260 4597 ἐν
2276 4543 2355 4610 τῷ
2375 4544 2610 4610 σκήνει,
2636 4543 3016 4612 στενάζὶτμεν.
3047 4544 3120 4597 Σὺ
3142 4543 3197 4596 δὲ
3211 4542 3373 4613 γελᾷς
3397 4543 3492 4596 καὶ
3517 4540 3730 4604 παίζεις
3755 4555 3772 4604 ;

2191 4631 2429 4703 πολέμου
2465 4632 2675 4703 καιρὸς.
2704 4633 2799 4686 καὶ
2830 4632 2894 4685 σὺ
2918 4632 2985 4685 τὰ
3011 4631 3119 4685 τῶν
3146 4631 3479 4703 χορευόντων
3516 4645 3776 4699 μεταχειο

2193 4718 2348 4791 ρίζῃς
2380 4720 2491 4791 Οὐχ
2523 4721 2656 4791 ὁρᾷς
2688 4719 2796 4772 τῶν
2818 4719 3198 4790 πολεμούντων
3222 4718 3294 4772 τὰ
3320 4719 3609 4789 πρόσωπα,
3654 4715 3777 4779 πῶς

2190 4808 2298 4859 εἱσι
2329 4806 2649 4876 σκυθρωπὰ,
2674 4806 2789 4870 πῶς
2826 4806 3161 4877 συνηγμένα,
3189 4806 3362 4875 ὀφρῦς
3380 4806 3491 4877 γάρ
3522 4803 3650 4875 παρ’
3674 4804 3776 4858 αὑ-

2188 4897 2301 4957 τοῖς
2327 4893 2534 4965 φοὸερά
2565 4893 2658 4947 καὶ
2685 4893 2884 4965 φρίκης
2908 4894 3170 4964 γέμουσα.
3201 4892 3364 4965 Ὀρᾷς
3387 4893 3540 4963 ὄμμα
3564 4892 3774 4962 αῦστηο

2193 4985 2308 5055 ρδν,
2349 4983 2576 5053 καρδίαν
2607 4983 3042 5055 διεγηγερμένην
3080 4983 3174 5038 καὶ
3208 4982 3464 5051 πηδῶσαν
3494 4981 3587 5035 καὶ
3613 4979 3777 5035 άλλοο

2194 5075 2384 5145 μένην,
2404 5071 2560 5146 [ιρι]
2584 5074 2920 5143 συνηγμένον
2936 5072 3357 5143 νοῦν,τρέμοντα
3379 5070 3472 5124 καὶ
3494 5070 3777 5139 ἀγωνιῶνο

2189 5179 2276 5223 τα,
2295 5160 2491 5232 πολλὴν
2504 5161 2601 5231 τὴν
2613 5160 2863 5224 εὐταξίαν
2872 5199 2886 5226 ,
2905 5158 3102 5230 πολλὴν
3118 5159 3217 5230 τὴν
3229 5160 3289 5212 εὖ
3298 5158 3393 5229 ρυθ
3402 5158 3551 5228 μίαν,
3569 5156 3775 5224 πολλὴν

2190 5250 2288 5319 τὴν
2322 5247 2479 5320 σιγὴν
2525 5251 2583 5302 ἐν
2615 5250 2726 5311 τοῖς
2760 5246 3174 5319 στρατοπέδοις·
3209 5246 3270 5299 ού
3315 5245 3479 5314 λέγω,
3510 5243 3651 5298 ὥστε
3684 5246 3775 5300 ab-

2191 5335 2354 5407 σχρδν
2384 5334 2538 5406 ῥῆμα
2554 5335 2628 5405 μὴ
2650 5337 2844 5397 εἰπεῖν,
2873 5334 3008 5387 ἀλλά
3043 5332 3177 5404 μηδὲ
3200 5330 3386 5393 ἀπλῶς
3410 5329 3772 5399 φθέγξασθαι.

2192 5424 2254 5477 Εἰ
2286 5423 2394 5492 γὰρ
2430 5423 2563 5494 πρὸς
2595 5422 2886 5492 αἰσθητοὺς
2922 5421 3136 5492 ἔχοντες
3174 5419 3457 5491 πολεμίους
3484 5417 3510 5457 ι)
3550 5418 3773 5480 ἐκεῖνοι,

2191 5723 2221 5771 ἃ
2251 5660 2617 5770 ξνῐᾶοεεηάυω,
2651 5658 2813 5723 inquit
2840 5660 3071 5721 Danaus,
3094 5661 3134 5709 εἰ
3160 5660 3211 5708 δὲ
3231 5660 3347 5723 πρὸς
3369 5659 3493 5707 αῑσθ.
3518 5655 3590 5720 εχ.
3613 5672 3663 5706 π.
3686 5656 3770 5717 τὸν

2225 5741 2293 5771 Ὧι)
2361 5756 2372 5771 ι

2225 5741 2372 5783 γωνα.
