4092 6488
297 328 394 382 H7

288 443 503 507 dilexit;
533 450 588 496 tu
613 438 776 509 dilige
801 438 1035 493 amicum
1050 455 1076 509 ε
1108 438 1216 490 imo
1240 453 1372 493 vero
1415 453 1512 491 nec
1539 439 1616 492 sic
1650 439 1873 507 poteris,

287 537 376 592 sed
399 503 561 589 facint
600 542 776 602 potes.
807 531 999 601 Papa}!
1041 503 1168 600 quid
1198 531 1297 585 hac
1335 545 1465 585 voce
1497 531 1733 599 potuerit
1759 545 1880 586 esse

286 627 526 685 beatius?
552 624 778 680 Etiamsi
809 640 1033 693 regnum
1065 617 1288 690 dixeris,
1332 625 1546 678 etiamsi
1575 623 1873 693 quodlibet,

287 737 388 776 non
433 727 558 774 sunt
611 717 782 786 paria.
829 716 1000 770 Deum
1045 715 1308 780 Imitaris,
1363 716 1474 771 Deo
1522 717 1874 784 assimilaris,

283 810 491 882 quando
543 808 619 862 illi
665 807 1082 862 condonaveris.
1129 806 1296 876 Magis
1341 819 1465 861 sunt
1520 806 1873 863 condonanda

284 911 490 971 pet-mla
519 915 679 970 quam
711 899 976 969 pecunim.
1006 898 1140 953 Nam
1165 899 1421 969 pecunias
1447 898 1663 968 quidem
1692 899 1734 953 si
1753 913 1874 953 con-

280 995 511 1057 donaris,
543 995 712 1047 Deum
745 1009 851 1047 non
895 991 1153 1057 imitaris;
1205 1002 1427 1062 peccata
1454 1002 1633 1046 autem
1663 991 1708 1046 si
1733 1007 1871 1048 eon-

278 1087 508 1150 donaris,
537 1085 767 1140 imitaris
793 1085 979 1139 Deum.
1012 1084 1118 1139 Sed
1136 1083 1409 1153 quomodo
1436 1084 1640 1154 poteris
1667 1085 1868 1141 dicere:

277 1178 399 1232 Sum
429 1192 632 1246 pauper
656 1191 757 1230 nec
795 1190 1014 1244 possum
1055 1174 1390 1240 condonare,
1445 1175 1659 1245 quando
1703 1177 1866 1230 etiam

277 1284 386 1337 qua:
400 1276 551 1336 potes
571 1267 906 1330 condonare,
934 1281 1039 1321 non
1064 1266 1362 1329 condonas,
1379 1276 1434 1322 et
1457 1277 1611 1336 putas
1637 1283 1757 1322 esse
1780 1268 1870 1322 da-

277 1377 470 1426 mnum,
497 1375 606 1414 non
632 1359 868 1422 divitias,
902 1373 1008 1413 non
1051 1357 1330 1413 facultates
1358 1369 1412 1414 et
1440 1360 1664 1428 copias?
1690 1358 1867 1413 Estote

275 1471 383 1523 ergo
403 1453 684 1506 imitatores
719 1451 832 1505 Dei.
871 1452 1008 1506 Ecce
1033 1451 1138 1504 alia
1166 1466 1382 1521 quoque
1417 1452 1734 1520 generosior
1763 1465 1862 1505 ex-

275 1546 514 1600 hortatio.
549 1544 703 1599 Sicut
747 1543 846 1612 ﬁlii
873 1542 1144 1607 carissimi,
1190 1542 1385 1613 inquit.
1424 1543 1598 1596 Aliam
1653 1541 1860 1596 habetis

274 1637 638 1691 necessitatem
663 1633 781 1705 ejus
829 1631 1092 1700 imitandi,
1124 1648 1230 1687 non
1257 1633 1432 1688 solum
1461 1649 1526 1687 eo
1556 1635 1698 1702 quod
1743 1633 1862 1687 sitis

270 1728 436 1782 affecti
460 1726 761 1790 beneﬁciis,
785 1728 876 1780 sed
901 1733 958 1780 et
977 1723 1119 1794 quod
1143 1723 1263 1779 facti
1291 1724 1409 1779 sitis
1434 1725 1547 1780 lilii.
1575 1724 1858 1795 Tamquam

268 1823 357 1889 [itii
381 1821 652 1875 carissimi.
695 1818 828 1874 Nam
867 1819 1123 1890 quoniam
1157 1834 1263 1872 non
1295 1832 1484 1873 omnes
1516 1817 1613 1872 lilii
1645 1818 1860 1876 imitan-

267 1925 345 1969 tur
370 1923 568 1984 patres,
600 1913 696 1968 sed
724 1912 814 1983 qui
844 1921 971 1968 sunt
994 1911 1196 1977 dilecti,
1226 1921 1509 1981 propterea
1533 1912 1682 1977 dicit,
1708 1912 1858 1966 Tam-

262 2023 403 2074 quam
424 2005 520 2074 filii
536 2004 737 2062 dilecti.
757 2003 1029 2058 Ambulate
1053 2003 1107 2057 in
1132 2003 1419 2057 dilectione.
1445 2004 1583 2058 Ecce
1613 2006 1853 2060 omnium

265 2097 686 2154 littnlameututn.
719 2095 845 2150 Ilaec
875 2095 920 2149 si
947 2095 1038 2161 sit,
1072 2110 1180 2149 non
1209 2105 1291 2150 est
1321 2095 1398 2149 ira
1428 2111 1527 2150 nec
1560 2096 1855 2166 indignatio

263 2209 352 2252 nec
384 2193 592 2246 clamor
617 2206 719 2245 nec
747 2189 1106 2259 bIaSphemia,
1137 2189 1230 2243 sed
1261 2189 1469 2243 sublata
1495 2199 1620 2244 sunt
1645 2188 1849 2246 omnia.

263 2285 320 2338 Et
352 2285 467 2338 ideo
494 2292 664 2353 caput
695 2292 749 2338 et
781 2297 1046 2336 summam
1078 2282 1227 2352 ponit
1256 2282 1542 2350 posterius.
1571 2281 1850 2338 Uudenam

261 2377 417 2432 laetus
442 2393 499 2432 es
530 2375 712 2430 titius?
737 2375 998 2442 Quoniam
1028 2374 1125 2428 fuit
1151 2375 1244 2429 tibi
1269 2374 1651 2429 condonatum.
1677 2374 1754 2428 Ex
1786 2390 1852 2430 eo

257 2468 604 2524 imulamento
627 2483 695 2524 ex
725 2483 833 2538 quo
858 2467 1106 2536 dignatus
1135 2481 1195 2520 es
1227 2474 1375 2520 tanto
1403 2465 1632 2529 honore,
1661 2482 1728 2522 ex
1751 2481 1848 2522 eo-

254 2563 370 2616 dem
400 2563 558 2617 etiam
585 2561 834 2616 condoua
867 2559 1130 2628 proximo.
1161 2559 1257 2612 Dic
1277 2559 1409 2614 mihi
1431 2570 1608 2615 autem
1632 2577 1645 2612 :
1669 2561 1712 2614 si
1730 2562 1850 2630 quis

254 2662 303 2708 te
327 2669 442 2708 cum
469 2669 630 2708 esses
657 2655 887 2719 vinctus,
911 2663 968 2707 et
993 2651 1262 2706 obnoxius
1294 2653 1447 2706 malis
1488 2654 1851 2708 innumerabi-

251 2743 403 2810 libus,
433 2744 662 2798 adduxit
691 2743 758 2797 ad
787 2744 1029 2813 regiam:
1061 2742 1145 2799 vel
1175 2743 1348 2811 potius
1372 2743 1474 2797 hoc
1492 2743 1844 2799 dimittamus:

247 2835 291 2889 si
314 2836 428 2905 quis
475 2846 526 2890 te
574 2834 975 2890 febricitantem
1005 2845 1060 2888 et
1089 2834 1271 2888 animo
1298 2834 1637 2889 deiicientem
1667 2835 1848 2905 aliquo

242 2925 463 2994 iuvisset
484 2927 910 2989 medicamento,
929 2941 1108 2979 annon
1128 2925 1304 2996 ipsum
1326 2926 1656 2995 prtetulisses
1672 2930 1847 2981 omni-

247 3019 358 3082 bus,
403 3027 455 3071 et
491 3018 675 3086 ipsum
709 3033 904 3070 noincn
935 3017 1349 3072 medicamenti?
1379 3017 1512 3072 Nam
1542 3021 1585 3073 si
1613 3020 1667 3080 in
1712 3029 1845 3074 tem-

245 3127 366 3179 pora
396 3121 447 3166 et
470 3112 616 3176 loca,
644 3127 740 3180 per
766 3127 886 3182 quae
913 3112 1220 3181 accepimus
1246 3113 1551 3176 utilitatem,
1575 3114 1643 3166 ila
1667 3113 1842 3170 allecti

244 3218 420 3256 smmis
466 3203 616 3256 sicut
660 3203 712 3256 in
756 3211 968 3256 nostras
1011 3202 1239 3268 animas,
1275 3203 1638 3274 multomagis
1670 3205 1720 3258 in
1754 3220 1842 3260 res

242 3293 392 3363 ipsas.
427 3294 514 3349 Sis
548 3304 768 3354 amator
793 3293 1064 3359 caritatis;
1107 3309 1204 3362 per
1229 3294 1398 3362 ipsam
1433 3304 1756 3364 assequutus
1784 3310 1842 3349 es

241 3385 478 3448 salutem,
511 3402 617 3456 per
638 3385 808 3453 ipsam
840 3385 1014 3442 factus
1040 3400 1098 3439 es
1127 3385 1297 3450 Iilius;
1331 3396 1380 3439 et
1412 3385 1457 3439 si
1489 3387 1726 3454 potueris
1754 3387 1839 3440 al-

241 3477 330 3530 teri
357 3476 549 3532 aIierre
583 3477 840 3540 salutem,
868 3491 974 3532 non
1000 3476 1194 3532 eodem
1225 3477 1392 3532 uteris
1419 3479 1834 3546 medicamento,

238 3579 289 3621 et
309 3569 621 3637 hortabetjis
645 3584 857 3634 otnnes,
891 3569 1187 3635 Remittite,
1218 3579 1276 3624 ut
1304 3571 1611 3626 remittatur
1645 3573 1840 3626 vobis?

239 3658 344 3714 IIoc
369 3671 452 3716 est
477 3673 768 3734 gratorum
802 3663 1104 3715 animorum
1130 3672 1186 3718 et
1216 3661 1461 3718 beneﬁcii
1509 3679 1834 3729 memorum,

239 3755 304 3809 ita
328 3756 608 3818 adhortari
641 3765 724 3810 est
759 3756 1114 3825 ingenuorum
1146 3763 1202 3817 et
1246 3771 1653 3826 generosorum.
1688 3756 1837 3814 Sicut

233 3857 277 3901 et
300 3849 528 3904 Christus
559 3849 746 3903 dilexit
777 3866 888 3914 nos,
931 3849 1123 3918 inquit.
1166 3849 1243 3902 Tu
1287 3849 1464 3919 parcis
1493 3850 1703 3916 amicis,
1747 3851 1837 3911 ille

235 3939 456 3996 inimicis
494 3958 509 3994 :
543 3949 636 3996 est
673 3955 804 4010 ergo
834 3941 1002 3993 multo
1043 3939 1218 4009 majus
1261 3940 1403 4010 quod
1449 3939 1648 3996 factum
1696 3951 1777 3996 est
1803 3958 1834 3996 a

231 4031 474 4086 Domino.
508 4031 650 4086 Illud
681 4032 850 4098 enim,
877 4030 1043 4096 Sicut,
1080 4031 1298 4085 ubinam
1322 4034 1714 4087 conservatur?
1739 4049 1832 4087 an-

231 4139 332 4178 non
363 4125 716 4194 perspicuum
740 4124 907 4195 quod,
941 4124 984 4177 si
1010 4124 1147 4186 bene
1177 4123 1437 4181 faciamus
1466 4125 1734 4189 inimicis?
1764 4127 1834 4181 Et

231 4215 432 4269 tradidit
458 4215 794 4283 sentetipsum
825 4213 1131 4270 oblationem
1157 4223 1206 4266 et
1232 4215 1448 4271 hostiam
1483 4217 1586 4270 Deo
1623 4219 1676 4271 in
1702 4219 1832 4270 odo-

230 4325 330 4362 rem
352 4309 652 4364 suauitatis.
691 4307 852 4361 Vides
879 4307 1022 4378 quod
1051 4323 1268 4377 passum
1298 4323 1419 4363 esse
1464 4324 1559 4378 pro
1604 4311 1832 4381 inimicis

226 4413 307 4456 est
333 4403 467 4458 odor
495 4402 708 4467 suavis,
740 4401 915 4456 hostia
942 4409 1091 4471 grata
1114 4411 1168 4456 et
1191 4404 1454 4472 accepta?
1481 4405 1536 4459 Si
1562 4407 1830 4468 moriaris,

230 4505 352 4548 tunc
377 4493 486 4548 eris
514 4493 733 4548 hostia:
764 4491 868 4547 hoc
894 4505 978 4548 est
1008 4493 1172 4547 Deum
1205 4494 1422 4553 imitari.
1447 4496 1501 4550 '5.
1534 4494 1834 4550 Foruicatio

227 4595 414 4650 autem,
440 4597 490 4638 et
517 4585 693 4640 omnis
731 4585 1075 4649 inmunditia,
1105 4595 1194 4640 aut
1223 4587 1461 4654 avaritia,
1493 4603 1582 4645 nec
1613 4587 1835 4650 nomine-

230 4685 311 4728 tur
329 4675 380 4729 in
404 4677 568 4743 vobis,
600 4675 734 4728 sicut
759 4675 900 4729 decet
927 4686 1157 4733 sanctos.

299 4765 727 4838 Concupisceatia
755 4771 923 4821 minus
951 4769 1143 4825 malum
1184 4785 1335 4835 quam
1361 4771 1477 4825 'ira.
1497 4801 1567 4820 ——
1591 4771 1735 4833 Dixit
1764 4773 1832 4836 de

231 4873 402 4912 amara
431 4860 750 4925 all'ectione,
785 4874 980 4928 nempe
1006 4859 1074 4914 de
1107 4861 1216 4926 ira;
1244 4862 1391 4916 venit
1412 4862 1477 4916 ad
1501 4865 1676 4917 minus
1713 4880 1830 4918 ma-

234 4950 355 5004 ltnu.
377 4951 508 5004 Nam
524 4951 677 5021 quod
697 4951 1136 5020 concupiscentia
1166 4952 1234 5009 sit
1264 4954 1440 5013 minus
1467 4955 1683 5019 malum,
1706 4955 1830 5009 audi

231 5043 383 5096 etiam
414 5041 657 5111 Moysem
689 5039 958 5102 dicentem
992 5043 1042 5094 iu
1067 5042 1205 5112 lege,
1239 5042 1504 5113 primum:
1541 5044 1659 5102 Non
1694 5047 1832 5102 occi-
1865 5038 1870 5043 ’

234 5137 334 5197 tles,
359 5135 502 5202 quod
527 5145 616 5188 est
639 5134 765 5196 iraa;
796 5143 850 5186 et
877 5133 1093 5198 deinde,
1133 5134 1250 5189 Non
1281 5136 1606 5195 maechaberis
1625 5137 1828 5206 (Exod.

231 5225 314 5278 20.
367 5227 453 5282 l3.
509 5228 624 5294 M),
659 5226 800 5295 quod
839 5236 926 5281 est
970 5228 1441 5292 concupiscentia}.
1490 5230 1640 5285 Sicut
1684 5233 1832 5288 enim

231 5319 532 5372 amaritudo
561 5329 621 5372 et
647 5321 851 5372 clamor
877 5330 931 5373 et
959 5321 1133 5373 omnis
1163 5323 1362 5376 malitia
1391 5331 1446 5376 et
1476 5324 1827 5394 hlaSphemia,

229 5419 282 5462 et
322 5426 438 5480 qua:
485 5419 619 5464 sunt
670 5411 996 5478 hujusmodi,
1029 5422 1154 5465 sunt
1179 5413 1340 5466 animi
1370 5423 1424 5467 et
1453 5415 1715 5470 irascendi
1750 5416 1830 5471 fa-

232 5502 476 5557 cultatis:
508 5505 582 5564 ita
633 5514 688 5557 et
725 5503 1146 5572 concupiscendi
1178 5505 1472 5573 facultatis,
1522 5509 1828 5576 Iornicatio,

234 5593 592 5659 inmunditia,
619 5606 673 5651 et
702 5598 928 5650 avaritia
953 5619 965 5653 :
995 5614 1118 5652 nam
1158 5599 1346 5653 eadem
1378 5617 1437 5656 re
1469 5617 1713 5657 amamus
1742 5619 1833 5674 pe-

235 5691 414 5741 ﬂuuios
440 5695 494 5740 et
513 5703 764 5756 corpora.
795 5688 904 5744 Sed
922 5690 1059 5743 sicut
1080 5690 1191 5748 illic
1207 5693 1500 5761 amputavit
1516 5695 1831 5761 clamorem,

239 5783 288 5822 ul
310 5779 398 5848 qui
427 5781 498 5833 sit
526 5780 625 5834 ira:
650 5781 980 5847 vehiculum,
1014 5783 1084 5836 ita
1115 5798 1258 5837 nunc
1281 5799 1492 5854 quoque
1517 5768 1830 5854 obsrtrnum

555 5881 827 5944 ΡΑτιιοι.
873 5885 990 5945 Gn.
1048 5881 1230 5952 LXII,

1145 323 1208 378 IN
1251 323 1470 378 EI’IST.
1515 325 1608 379 AD
1647 326 1890 382 EPIIES.
1934 328 2087 382 CAP.
2135 330 2196 382 ιτ.
2239 330 2468 388 IIOMIL.
2512 334 2676 391 XVII.

3496 349 3592 403 ΝΒ

1998 455 2304 514 sermonem
2338 458 2392 501 et
2422 450 2806 508 scurrilitatem
2835 468 2955 523 qua:
2997 465 3081 510 est
3111 457 3412 514 vehiculum
3442 478 3592 517 scor.

1993 532 2229 590 talionis.
2260 537 2312 591 4.
2349 536 2416 591 Et
2445 543 2708 611 turpitudo
2733 555 2780 598 et
2807 545 3181 617 stultiloquium
3212 562 3258 605 et
3282 557 3586 618 scurrilitas.

1980 909 2082 964 est,
2121 917 2189 957 ne
2210 919 2438 973 usquam
2469 907 2686 976 quidem
2719 925 2997 981 appareat.
3027 916 3140 972 Iloc
3166 920 3327 974 etiam
3369 922 3585 987 dicebat

1979 993 2227 1049 scribens
2249 996 2311 1050 ad
2335 998 2642 1057 Corinthios
2669 1020 2679 1053 :
2710 1001 2930 1058 Omnino
2969 1009 3178 1065 auditur
3211 1013 3342 1066 inter
3368 1028 3454 1069 vos
3469 1016 3581 1083 [or-

1978 1084 2167 1141 nicatio
2197 1086 2272 1155 (I.
2304 1087 2424 1141 Cor.
2453 1090 2506 1146 5.
2546 1093 2617 1160 I).
2653 1093 2765 1148 Hoc
2815 1106 2920 1164 est,
2965 1096 3096 1157 Sitis
3140 1116 3331 1158 omnes
3369 1105 3576 1168 mundi,

1976 1171 2264 1231 Sermones
2289 1179 2430 1233 enim
2463 1193 2589 1235 sunt
2617 1185 2712 1237 vim
2753 1201 2957 1241 rerum.
3007 1190 3208 1246 Deinde
3240 1209 3307 1248 ne
3334 1194 3577 1251 videatur

1975 1279 2096 1320 esse
2121 1270 2297 1335 gravis
2319 1282 2371 1326 et
2392 1273 2754 1341 importunus,
2775 1287 2831 1333 et
2849 1280 3168 1338 exscindere
3193 1284 3572 1348 urbanitatem,

1972 1357 2430 1427 sulijunxitetiatn
2459 1381 2699 1434 causam,
2725 1369 2945 1425 dicens:
2979 1371 3107 1437 Quir
3122 1375 3190 1427 ad
3211 1392 3316 1428 rem
3343 1393 3442 1430 non
3461 1395 3579 1446 pcr-

1973 1450 2154 1514 tinent,
2182 1468 2303 1521 qua:
2331 1467 2511 1510 nostra
2545 1458 2676 1514 nihil
2709 1460 2975 1531 referunt,
3025 1464 3220 1536 inquit,
3275 1467 3367 1530 sed
3413 1469 3576 1550 magis

1968 1543 2250 1610 gratiarum
2289 1549 2561 1603 actionem.

2038 1631 2093 1691 2,
2124 1633 2260 1700 Quid
2313 1639 2532 1707 prodeSI
2560 1641 2760 1713 aliquid
2815 1646 3078 1707 urbanum
3139 1650 3569 1717 die.ere?solum

1969 1739 2160 1780 moves
2207 1729 2398 1784 rismn.
2429 1733 2521 1787 Die
2545 1734 2674 1789 mihi
2702 1754 2714 1789 :
2741 1748 2894 1794 sutor
2924 1739 3156 1797 facietne
3178 1745 3378 1814 aliquid
3411 1762 3474 1800 ex
3504 1748 3568 1803 iis

1966 1833 2086 1888 qua:
2114 1819 2180 1872 ad
2204 1832 2376 1876 artem
2430 1838 2582 1880 suam
2615 1845 2720 1882 non
2773 1833 3068 1900 pertinent,
3127 1845 3220 1888 aut
3269 1837 3567 1905 possidebit

1965 1910 2176 1980 aliquod
2200 1913 2469 1983 ejusmodi
2515 1918 2934 1977 instrumentum
2961 1925 2983 1977 ?
3013 1923 3360 1996 Nequaquam
3396 1948 3408 1984 :
3437 1945 3562 1990 nam

1963 2018 2082 2072 qua:
2105 2019 2211 2057 non
2243 2008 2437 2062 suntin
2465 2024 2584 2074 usu,
2611 2027 2672 2065 ea
2701 2013 2833 2066 nihil
2866 2015 2931 2068 ad
2957 2031 3078 2070 nos.
3137 2017 3327 2078 Nullus
3351 2019 3418 2072 sit
3448 2036 3563 2076 ser—

1964 2109 2051 2147 mo
2077 2095 2285 2151 otiosus
2328 2116 2340 2151 :
2376 2115 2498 2157 nam
2543 2101 2610 2154 ab
2632 2105 2808 2159 otioso
2858 2121 3110 2167 sermone
3135 2109 3479 2168 inahsurdos
3509 2125 3560 2170 et

1972 2185 2314 2255 importunos
2331 2190 2653 2247 decidimus.
2688 2195 2802 2250 Non
2831 2208 2913 2252 cst
2942 2214 3184 2268 prntsens
3211 2212 3423 2272 tempus
3453 2204 3552 2265 (lil-

1961 2276 2090 2331 lusa:
2119 2279 2344 2346 Izetitim,
2376 2285 2472 2340 sed
2499 2287 2693 2355 luctus,
2717 2289 3094 2360 afﬂictionum,
3127 2304 3182 2348 et
3201 2295 3463 2363 ejulatus:
3503 2311 3555 2352 ι-ιι

1959 2378 2142 2426 autem
2195 2372 2246 2426 in
2296 2374 2456 2432 dictis
2487 2376 2674 2433 facetis
2702 2389 2913 2450 tempus
2961 2385 3135 2442 teris?
3185 2387 3315 2452 Quis
3357 2389 3558 2451 athleta

1958 2463 2189 2519 stadium
2245 2466 2559 2537 ingressus,
2609 2474 2772 2528 missa
2823 2476 3192 2534 sollicitudine
3244 2479 3558 2546 decertandi

1955 2568 2078 2608 cum
2142 2556 2478 2626 adversario,
2531 2563 2731 2620 urbana
2764 2577 2817 2622 et
2845 2567 3017 2624 faceta
3070 2572 3232 2630 verba
3269 2574 3506 2645 loquitur
3538 2581 3558 2631 ’ἓ

1959 2647 2127 2704 Instat
2158 2651 2427 2720 diabolus,
2457 2657 2650 2712 circuit
2697 2661 2929 2730 ululans,
2972 2681 3221 2732 qua-rens
3253 2672 3499 2740 utrapiat
3531 2717 3550 2738 ,

1955 2745 2135 2797 omnia
2165 2757 2365 2811 movet,
2395 2757 2450 2802 et
2480 2749 2530 2802 in
2561 2763 2723 2818 caput
2748 2762 2899 2810 tuum
2925 2758 3086 2812 vertit
3110 2759 3318 2825 omnia,
3353 2772 3407 2817 et
3439 2780 3552 2817 ιιιυ.

1954 2833 2082 2888 litur
2111 2845 2169 2889 ut
2195 2849 2250 2890 te
2293 2855 2323 2894 e
2352 2840 2481 2898 nido
2530 2843 2742 2911 cjiciat,
2791 2845 3043 2903 dentibus
3087 2852 3319 2919 stridet,
3376 2858 3546 2926 rugit,

1956 2925 2134 2995 ignem
2183 2930 2350 2998 spirat
2406 2933 2670 2990 adversus
2723 2947 2867 2993 tuam
2926 2940 3196 2998 salutem:
3229 2956 3284 2999 et
3312 2958 3364 3000 tu
3395 2949 3552 3006 sedes

1955 3022 2156 3076 urbana
2179 3033 2232 3078 et
2253 3024 2422 3079 faceta
2456 3027 2617 3081 verba
2664 3029 2871 3098 dicens,
2897 3043 2951 3086 et
2990 3035 3154 3092 stulta
3209 3038 3469 3109 loquens,
3497 3052 3552 3100 et

1952 3130 2070 3183 qua:
2096 3115 2162 3170 ad
2199 3133 2311 3172 rem
2343 3135 2452 3173 non
2484 3120 2756 3188 pertinent
2804 3123 3125 3191 proferens?
3172 3141 3391 3186 rectene
3420 3150 3550 3200 ιιι-ξω

1954 3209 2156 3274 poteris
2183 3225 2309 3265 eum
2334 3216 2632 3280 superare?
2657 3215 2938 3283 Ludimus,
2963 3235 2996 3274 ο
3018 3220 3222 3277 dilecti.
3251 3222 3345 3280 Vis
3367 3225 3544 3280 disce-

1951 3316 2009 3354 re
2038 3316 2286 3370 quzcnam
2315 3305 2384 3356 sit
2409 3316 2717 3361 sanctorum
2763 3310 2886 3364 vitm
2921 3313 3145 3382 agenda:
3189 3313 3374 3374 ratio?
3413 3317 3538 3373 audi

1950 3393 2171 3448 Paulum
2232 3395 2526 3460 dicentem,
2571 3398 2672 3454 Per
2717 3403 2993 3458 triennium
3043 3417 3188 3462 nocte
3227 3418 3273 3462 et
3311 3410 3393 3464 die
3440 3426 3541 3462 non

1946 3488 2134 3539 cessavi
2159 3504 2275 3540 cum
2319 3489 2560 3560 lacrymis
2619 3511 2829 3551 monens
2876 3515 3284 3571 unumquemque
3325 3515 3543 3557 vestrum

1947 3575 1964 3644 (
1997 3576 2110 3630 Act.
2141 3577 2229 3633 20.
2264 3580 2326 3633 51
2357 3581 2398 3649 ).
2450 3581 2503 3636 Si
2571 3593 2751 3639 autem
2809 3605 2904 3655 pro
2949 3590 3171 3646 Milesiis
3198 3602 3253 3648 et
3296 3594 3542 3663 Ephesiis

1949 3677 2099 3723 tanto
2129 3685 2256 3723 usus
2276 3681 2360 3726 est
2387 3673 2586 3738 studio,
2615 3692 2722 3730 non
2771 3679 2975 3733 urbana
3014 3683 3238 3751 loquens
3258 3725 3274 3749 ,
3299 3685 3391 3739 sed
3421 3704 3541 3744 cum

1947 3758 2201 3830 lacrymis
2229 3761 2464 3824 aﬂ‘crens
2505 3764 2927 3825 admonitionem
2954 3812 2968 3834 ,
2999 3774 3126 3843 quid
3153 3775 3220 3833 de
3244 3777 3362 3830 aliis
3388 3777 3541 3833 dixe-

1946 3849 2060 3904 ris?
2085 3851 2222 3906 Audi
2245 3854 2413 3908 etiarn
2443 3856 2570 3924 quid
2598 3857 2743 3913 dicat
2772 3858 3069 3920 Corinthiis
3094 3884 3108 3920 :
3151 3866 3235 3924 Ea:
3263 3868 3423 3927 multa
3450 3871 3541 3926 tri-

1941 3941 2201 3996 bulatione
2233 3954 2283 3996 et
2311 3948 2556 4015 angustia
2577 3951 2749 4004 cordis
2769 3953 2953 4022 scripsi
2967 3956 3106 4010 vobis
3139 3974 3228 4025 per
3253 3960 3438 4020 multas
3467 3962 3536 4013 Iu-

1945 4051 2149 4104 crymas
2184 4035 2268 4107 (2.
2301 4037 2418 4094 Cor.
2449 4038 2505 4098 2.
2537 4041 2570 4093 4
2597 4040 2652 4110 );
2681 4051 2735 4097 et
2762 4061 2982 4106 rursus.
3019 4047 3150 4114 Quis
3193 4051 3492 4119 inﬁrnmtur
3517 4093 3537 4120 ,

1942 4134 1990 4180 et
2029 4142 2120 4196 ego
2169 4142 2270 4180 non
2311 4129 2547 4196 inﬁrmor
2570 4134 2596 4186 .’
2635 4135 2750 4203 quis
2791 4137 3190 4204 scandalizatur,
3218 4153 3272 4198 et
3299 4159 3392 4212 ego
3431 4162 3538 4205 non

1941 4233 2064 4274 uror
2088 4215 2249 4287 (Ibid.
2283 4218 2476 4291 H.29)
2503 4221 2526 4274 ?
2550 4223 2687 4280 Audi
2728 4226 2888 4284 etiam
2916 4243 3038 4288 eum
3069 4230 3196 4288 alibi
3224 4231 3489 4290 dicentem
3521 4275 3536 4300 ,

1940 4319 1996 4364 et
2021 4312 2284 4380 quotidie,
2317 4323 2374 4368 ut
2402 4317 2475 4376 ita
2507 4316 2706 4381 dicam,
2731 4334 2797 4378 ex
2827 4319 3027 4378 mundo
3050 4321 3286 4390 migrare
3312 4324 3537 4393 cupien-

1943 4412 2049 4457 tem
2082 4421 2095 4457 :
2128 4403 2264 4465 Nam
2293 4417 2340 4460 et
2373 4425 2464 4463 nos
2491 4410 2577 4478 qui
2602 4426 2779 4468 sumus
2803 4412 2857 4464 in
2883 4412 2980 4472 hoc
3026 4413 3370 4479 tabernaculo,
3396 4417 3538 4488 iuge-

1941 4497 2199 4554 atiscimus
2249 4498 2438 4568 (Ibid.
2493 4501 2548 4556 5.
2577 4501 2667 4572 4).
2702 4501 2783 4559 Τιι
2836 4513 3012 4562 autem
3064 4504 3209 4560 rides
3256 4515 3310 4567 et
3353 4507 3536 4570 ludis?

1942 4599 2026 4644 est
2046 4598 2257 4658 tempus
2284 4591 2405 4646 belli
2429 4635 2444 4660 ,
2478 4605 2531 4648 et
2559 4605 2612 4646 tu
2640 4610 2702 4649 ea
2727 4604 2924 4650 tractas
2950 4613 3068 4666 qua:
3094 4609 3218 4654 sunt
3238 4602 3534 4670 eormnqui

1941 4681 2147 4738 ducunt
2175 4685 2418 4741 choros?
2443 4686 2560 4745 Non
2583 4687 2734 4746 vides
2779 4690 2954 4750 vultus
2993 4706 3184 4753 eorum
3213 4694 3304 4764 qui
3337 4693 3534 4757 bellum

1941 4785 2158 4845 gerunt,
2191 4793 2349 4846 quam
2386 4779 2495 4838 sint
2527 4780 2726 4847 tristes,
2752 4797 2910 4851 quam
2958 4785 3265 4843 contracti?
3289 4786 3538 4853 ευιιθιοίρ

1943 4869 2074 4924 lium
2120 4872 2265 4927 enim
2305 4889 2492 4932 eorum
2547 4883 2631 4930 est
2682 4876 2924 4938 terribile
2951 4888 3006 4934 et
3032 4879 3248 4950 plenum
3287 4881 3532 4941 horrore.

1949 4963 2110 5018 Vides
2141 4964 2356 5017 oculum
2385 4981 2656 5033 severum,
2703 4983 2798 5024 cor
2849 4970 3164 5037 excitatum,
3214 4971 3431 5031 vibrans
3481 4985 3537 5027 et

1943 5055 2222 5119 exsiliens,
2268 5066 2508 5111 mentem
2553 5067 2906 5124 contractam,
2959 5073 3302 5131 trementem,
3329 5065 3537 5124 sollici-

1944 5157 2050 5200 tam
2072 5157 2126 5200 et
2156 5147 2392 5212 anxiam,
2420 5148 2640 5207 multam
2670 5149 3017 5215 modestiam,
3048 5166 3338 5226 aptamque
3358 5171 3422 5211 ac
3442 5157 3538 5213 tle-

1945 5252 2128 5293 θοι-ειμι
2152 5238 2600 5301 moderationem,
2630 5241 2856 5300 multum
2898 5243 3174 5306 silentium
3205 5249 3255 5301 in
3281 5249 3538 5303 exerciti-

1943 5327 2079 5393 bus;
2107 5343 2214 5382 non
2245 5329 2388 5390 dico,
2411 5338 2470 5386 ,ιιι
2498 5330 2704 5387 nullum
2737 5333 2957 5388 verbum
2988 5335 3171 5396 dicant
3215 5349 3388 5409 turpe,
3438 5341 3534 5397 sel

1943 5437 2121 5490 neque
2140 5422 2432 5490 loquantur
2458 5422 2699 5478 omnino.
2731 5423 2863 5482 Nam
2899 5425 2946 5486 si
2979 5428 3037 5490 ii,
3072 5429 3160 5494 qui
3187 5430 3388 5485 bellum
3439 5445 3544 5499 ge-

1944 5522 2072 5570 runt
2098 5513 2358 5568 adversus
2388 5514 2570 5567 hostes
2621 5516 2870 5580 sensiles,
2899 5527 2952 5572 et
2979 5533 3013 5576 .a
3040 5520 3220 5576 verbis
3265 5525 3398 5577 nihil
3437 5528 3536 5581 la:-

1943 5606 2148 5662 duutur
2169 5647 2182 5668 ,
2217 5615 2366 5658 tanto
2423 5616 2646 5661 utuntur
2693 5609 2908 5668 silentio
2935 5628 2948 5676 ;
2976 5624 3030 5664 ιιι
3056 5613 3148 5683 qui
3177 5623 3231 5668 et
3260 5616 3312 5670 iu
3355 5621 3538 5675 verbis

1946 5700 2148 5758 bellant
2175 5699 2364 5766 habes,
2393 5711 2449 5756 ct
2477 5702 2736 5771 majorem
2756 5704 2881 5759 belli
2908 5717 3139 5777 partem,
3166 5710 3305 5767 hanc
3327 5724 3538 5784 partem

1945 5791 2040 5858 tibi
2091 5791 2228 5858 sinis
2255 5806 2378 5848 esse
2422 5794 2622 5855 nudam
2651 5795 2673 5849 ?
2712 5812 2781 5851 an
2814 5797 3028 5868 ignoras
3052 5802 3195 5884 quod
3229 5803 3353 5863 hinc
3379 5807 3536 5870 nobis

3137 5895 3182 5971 8
