4092 6516
521 354 623 411 H9

518 470 765 540 plurima:
792 477 1045 540 parantur
1067 468 1275 524 insidias
1291 468 1317 522 Ἰ
1339 464 1523 528 Ludis,
1550 462 1822 520 deiiciaris
1845 504 1860 530 ,
1896 460 2095 516 faceta-

520 577 625 634 que
655 572 709 617 et
733 562 934 617 urbana
966 560 1124 627 dicis,
1165 568 1218 615 et
1242 560 1413 615 risum
1461 571 1670 623 moves,
1704 570 1927 625 remque
1972 553 2109 608 nihil

525 654 803 709 existimas
824 653 849 705 Ἰ
878 657 918 707 A
950 649 1144 722 lepidis
1169 659 1224 705 et
1255 649 1477 704 urbanis
1501 647 1662 703 dictis
1691 656 1823 718 quot
1852 647 2108 717 periuria,

520 757 653 817 quot
703 744 918 809 damna,
950 754 1109 813 quam
1132 741 1295 795 multa
1340 740 1501 795 verba
1531 739 1707 809 turpia
1732 748 1784 794 et
1816 736 2113 793 obscaena?

521 837 590 890 At
618 851 724 893 non
742 842 887 899 sunt,
914 832 1104 903 inquit,
1129 830 1392 903 ejusmodi
1421 830 1561 886 dicta
1585 828 1808 884 urbana.
1832 826 1938 883 Sed
1964 826 2110 882 audi:

519 941 732 982 omnem
760 925 1120 980 urbanitatem
1159 933 1214 980 et
1239 924 1582 979 dicacitatem
1605 922 1850 992 expellit.
1876 920 2113 992 Tempus

521 1019 645 1077 oelli
684 1028 739 1076 et
774 1035 983 1091 pugnae,
1016 1019 1232 1090 vigilite,
1262 1016 1547 1083 custodiae,
1579 1024 1869 1070 armatura:
1896 1023 1949 1069 et
1976 1014 2109 1070 aciei

508 1110 851 1166 instruendae
881 1128 894 1165 :
924 1109 1127 1165 nullum
1162 1110 1339 1165 locum
1370 1108 1457 1163 hic
1482 1108 1680 1161 habere
1699 1114 1875 1176 potest
1903 1115 2113 1175 tempus

520 1204 698 1259 risus:
729 1201 834 1257 hoc
875 1203 1018 1257 enim
1054 1207 1141 1257 est
1169 1209 1381 1269 tempus
1419 1198 1623 1263 mundi.
1672 1196 1811 1251 Audi
1840 1196 2110 1252 Christum

519 1293 824 1350 dicentem:
857 1291 1086 1346 Mundus
1106 1288 1365 1362 gaudebit,
1392 1303 1480 1343 vos
1500 1298 1668 1343 autem
1689 1288 2114 1342 contristabimini

519 1382 724 1456 (Joan.
746 1382 834 1439 16.
856 1383 985 1454 20).
1007 1380 1256 1437 Christus
1279 1381 1334 1436 in
1365 1395 1584 1435 crucem
1613 1387 1766 1434 actus
1792 1389 1875 1433 est
1898 1388 2115 1448 promer

519 1488 613 1533 tua
641 1475 778 1530 mala
812 1491 826 1528 :
855 1483 912 1529 tu
940 1482 1119 1530 autem
1175 1471 1368 1528 rides?
1411 1470 1658 1541 impacta:
1687 1477 1815 1525 sunt
1838 1468 1915 1524 illi
1943 1468 2113 1538 alapa:

517 1580 573 1627 et
601 1567 836 1640 colapbi,
859 1575 917 1623 et
943 1577 1049 1622 tam
1069 1567 1234 1621 multa
1262 1579 1453 1636 passus
1481 1573 1563 1619 est
1593 1572 1813 1634 propter
1854 1570 1999 1617 tuam
2019 1576 2111 1616 ca-

518 1660 834 1726 lamitatem,
861 1669 912 1714 et
939 1672 1059 1729 qua:
1081 1666 1135 1713 te
1156 1654 1639 1727 comprehenderat
1685 1661 2059 1725 tempestatem
2096 1670 2110 1707 :

520 1763 575 1808 tu
602 1760 782 1808 autem
810 1750 959 1821 degis
977 1750 1030 1804 in
1050 1748 1301 1805 deliciis?
1324 1747 1393 1803 Et
1414 1746 1686 1818 quomodo
1713 1762 1819 1800 non
1841 1760 1963 1801 eum
1997 1760 2112 1799 ma-

517 1845 601 1915 gis
627 1844 849 1900 irritas?
877 1841 983 1899 Sed
1012 1841 1267 1914 quoniam
1287 1840 1502 1895 videtur
1526 1838 1845 1910 quibusdam
1877 1852 1965 1893 res
1992 1851 2114 1894 esse

518 1933 852 2001 indifferens,
884 1948 1046 2004 quam
1072 1931 1289 2003 quidem
1318 1946 1515 1988 cavere
1547 1939 1632 1985 est
1660 1929 1950 1985 admodum
1973 1929 2114 1984 diffi-

516 2026 641 2093 cile,
660 2040 758 2097 age
771 2024 838 2081 de
853 2039 919 2080 eo
932 2023 1114 2095 paucis
1129 2024 1482 2088 disseramus,
1498 2022 1757 2077 docentes
1770 2031 2027 2093 quantum
2043 2023 2114 2077 sit

516 2118 737 2173 malum.
754 2117 866 2172 Hoc
875 2117 1113 2173 estenim
1126 2131 1264 2185 opus
1276 2115 1497 2180 diaboli,
1512 2113 1727 2169 efficere
1745 2123 1800 2168 ut
1812 2112 2112 2184 deSpician-

518 2217 602 2264 tur
618 2223 737 2278 quae
752 2217 876 2263 sunt
903 2200 1282 2263 indifferentia.
1318 2205 1497 2277 Atque
1517 2205 1748 2276 primum
1771 2204 1986 2274 quidem
2009 2246 2024 2272 ,
2066 2205 2109 2260 si

516 2296 1001 2364 essetindifferens,
1016 2312 1085 2353 ne
1096 2298 1174 2352 sic
1197 2296 1416 2368 quidem
1435 2296 1611 2366 ipsum
1631 2305 1907 2366 oporteret
1931 2296 2114 2366 despi—

518 2405 666 2457 cere,
689 2392 948 2446 scicntem
974 2389 1115 2460 quod
1143 2404 1210 2445 ex
1231 2404 1297 2445 eo
1315 2388 1479 2443 multa
1501 2397 1789 2443 nascantur
1811 2388 1969 2450 mala.
1992 2403 2112 2444 cre-

520 2491 780 2555 scantque
792 2489 845 2536 et
866 2495 1009 2550 saepe
1025 2480 1274 2536 desinant
1292 2479 1344 2533 in
1358 2480 1761 2533 scortatlonetn:
1776 2477 1915 2548 quod
1931 2486 2109 2534 autem

519 2574 728 2641 nonrsit
757 2572 1102 2638 indifferens,
1138 2571 1262 2627 inde
1301 2580 1379 2627 est
1428 2572 1789 2641 perspicuum.
1823 2570 2112 2626 Videamus

520 2679 650 2735 ergo
679 2664 821 2719 unde
851 2670 1134 2729 nascatur;
1179 2662 1263 2717 vel
1303 2663 1477 2732 potius
1509 2661 1787 2717 videamus
1810 2661 2111 2731 cujusmodi

516 2765 729 2826 oportet
755 2770 877 2812 esse
904 2767 1172 2821 sanctum,
1196 2754 1402 2817 mitem,
1426 2761 1788 2818 mansuetum,
1814 2752 2108 2823 lugentem,

518 2852 932 2913 lamentantem,
964 2844 1244 2901 afﬂictum.
1277 2845 1378 2911 Qui
1405 2859 1537 2914 ergo
1564 2844 1694 2899 dicit
1722 2844 1923 2898 urbana
1952 2854 2005 2898 et
2035 2844 2112 2897 fa-

518 2951 636 2996 ceta
658 2982 673 3006 ,
707 2955 812 2995 non
845 2948 929 2995 est
958 2946 1175 2994 sanctus
1201 2952 1217 2994 :
1242 2937 1451 2993 etiamsi
1482 2937 1550 2991 sit
1573 2936 1794 2992 Grmcus
1816 2979 1832 3004 ,
1858 2936 1904 2990 is
1927 2946 2011 2991 est
2042 2935 2113 2990 ri-

520 3032 731 3089 diculus
754 3049 769 3088 :
795 3034 859 3088 iis
888 3032 1020 3087 solis
1046 3033 1134 3103 qui
1162 3040 1288 3087 sunt
1308 3030 1360 3086 in
1383 3045 1541 3086 scena
1564 3030 1680 3085 hace
1712 3028 2109 3098 permittuntur.

523 3124 624 3181 Ubi
657 3134 741 3179 est
771 3123 1076 3193 turpitudo,
1108 3121 1217 3178 illic
1241 3130 1324 3176 est
1352 3121 1514 3176 etiam
1541 3117 1840 3175 scurrilitas
1869 3135 1882 3172 :
1913 3117 2000 3172 ubi
2031 3127 2113 3172 est

523 3216 665 3273 risus
706 3216 1080 3286 importunus,
1128 3215 1239 3270 illic
1275 3219 1361 3267 est
1404 3212 1567 3267 etiam
1610 3210 1926 3265 scurrilitas.
1975 3210 2110 3264 Audi

519 3306 839 3378 prophetam
880 3291 1153 3361 dicentem
1190 3321 1203 3359 :
1236 3302 1433 3359 Servite
1471 3299 1692 3356 Domino
1727 3302 1779 3354 in
1818 3302 2026 3365 timore,
2065 3310 2113 3355 et

521 3401 771 3455 exsultate
799 3398 845 3453 ei
880 3397 932 3450 in
963 3406 1177 3450 tremore
1211 3392 1386 3466 (Psal.
1414 3391 1469 3448 2.
1505 3392 1616 3464 il).
1647 3391 1778 3447 Nam
1815 3392 2111 3447 scurrilitas

522 3490 736 3545 mollem
765 3487 929 3543 efficit
957 3487 1191 3543 animam
1220 3485 1555 3557 pigramque,
1586 3483 1782 3539 attollit
1808 3492 1863 3538 et
1890 3482 2107 3549 excitat,

522 3584 794 3654 multaque
839 3581 1031 3652 probra
1074 3580 1301 3651 parturit
1341 3587 1396 3635 et
1434 3577 1826 3644 contumelias,
1871 3587 1925 3631 et
1969 3575 2108 3631 bella

520 3675 663 3729 facit.

594 3765 649 3819 '5.
679 3763 817 3831 Quid
859 3762 1025 3817 vero?
1056 3776 1233 3816 annon
1274 3759 1476 3815 relatus
1511 3771 1572 3814 es
1611 3757 1753 3812 inter
1785 3756 1969 3812 viros?
2003 3754 2111 3810 Fac

520 3869 653 3926 ergo
682 3863 740 3909 ut
768 3861 983 3909 cessent
1009 3867 1128 3922 qua:
1157 3859 1281 3906 sunt
1310 3847 1537 3920 parvuli.
1570 3845 1676 3903 Sed
1708 3846 1961 3901 famulum
1990 3844 2110 3913 qui-

522 3946 645 4002 dem
674 3956 821 4000 tuum
852 3958 957 4000 non
998 3944 1081 3999 vis
1121 3944 1173 3998 in
1205 3944 1320 3997 foro
1347 3941 1529 3997 dicere
1559 3954 1677 4009 qua:
1715 3944 1843 3994 sunt
1871 3938 2108 4003 inutilia;

525 4050 580 4094 ttt
609 4047 810 4105 autem,
838 4036 929 4108 qui
954 4034 1092 4094 dicis
1119 4042 1172 4090 te
1202 4047 1323 4089 esse
1355 4033 1445 4087 Dei
1478 4031 1731 4085 famulum
1758 4071 1773 4093 ,
1805 4028 1859 4084 in
1890 4028 2007 4083 foro
2033 4028 2109 4081 ιυ-

523 4129 706 4201 queris
741 4127 944 4183 urbana
977 4136 1031 4183 et
1059 4122 1324 4181 scurrilia.
1368 4119 1633 4177 Prmclare
1659 4118 1873 4187 quidem
1904 4118 2109 4188 agitur,

522 4221 566 4277 si
597 4219 777 4276 sobria
806 4219 981 4273 anima
1012 4216 1194 4272 furtim
1226 4228 1332 4269 non
1359 4212 1619 4283 rapiatur,
1651 4209 1887 4264 laetitiam
1929 4217 2108 4263 autem

525 4313 770 4369 diffusam
796 4311 918 4382 quis
944 4323 1048 4364 non
1076 4307 1254 4377 capiet
1276 4316 1331 4361 et
1349 4302 1712 4375 expugnabit?
1737 4303 1848 4373 ipsa
1876 4316 1906 4356 a
1935 4303 2108 4372 seipsa

526 4404 826 4475 conligetur
848 4444 864 4469 ,
905 4416 1008 4457 nec
1032 4413 1168 4471 Opus
1201 4400 1298 4455 erit
1343 4396 1553 4453 insidiis
1581 4405 1635 4452 et
1663 4395 1860 4451 insultu
1888 4392 2106 4449 diaboli.

528 4495 600 4551 Ut
627 4505 806 4550 autem
837 4492 1033 4556 discas,
1064 4489 1188 4545 vide
1213 4490 1375 4545 etiam
1406 4488 1579 4558 ipsum
1611 4499 1807 4541 nomen
1833 4503 1846 4537 :
1869 4484 2111 4540 scurrilis

526 4587 743 4654 dicitur,
775 4588 864 4659 qui
892 4595 974 4642 est
999 4585 1212 4651 varius,
1244 4580 1592 4652 omnigenus,
1622 4577 1911 4641 instabilis,
1944 4570 2111 4631 facilis

523 4696 586 4736 ac
614 4680 765 4746 levis,
797 4688 849 4734 et
880 4679 931 4732 in
962 4690 1150 4731 omnes
1180 4690 1239 4730 se
1279 4681 1495 4728 vertens
1522 4668 1732 4739 species
1758 4686 1771 4721 :
1799 4668 1901 4722 huc
1930 4677 2107 4721 autem

526 4773 683 4841 longe
712 4771 862 4825 abest
893 4767 960 4823 ab
990 4765 1054 4822 iis
1079 4765 1167 4837 qui
1199 4773 1361 4834 petra:
1390 4760 1651 4816 serviunt.
1681 4757 1731 4813 is
1761 4755 1915 4813 facile
1940 4756 2108 4811 verti-

524 4873 609 4917 tur
638 4872 696 4918 et
720 4872 958 4916 mutatur
982 4877 994 4913 :
1016 4862 1230 4926 oportet
1254 4853 1399 4909 enim
1425 4866 1547 4907 eum
1573 4856 1628 4905 et
1653 4848 1874 4919 figuram
1906 4856 1962 4904 et
1988 4863 2110 4902 vcr-

522 4957 648 5011 lnnu
678 4963 732 5011 et
762 4956 929 5008 risum
972 4960 1027 5006 et
1074 4950 1342 5005 incessum
1379 4955 1434 5002 et
1475 4943 1650 4998 omnia
1683 4941 1917 5006 imitari;
1950 4943 2108 5010 quin-

524 5049 683 5103 etiam
710 5055 922 5117 oportet
953 5056 1074 5099 eum
1108 5039 1414 5110 excogitare
1440 5043 1733 5090 scommata
1760 5042 1816 5089 et
1843 5031 2062 5088 dicteria
2089 5047 2104 5085 :

527 5157 647 5196 nam
675 5156 740 5194 eo
766 5151 981 5210 quoque
1008 5134 1055 5189 ei
1083 5146 1218 5203 opus
1242 5140 1344 5188 est.
1376 5128 1567 5185 Procul
1593 5136 1770 5182 autem
1801 5133 1882 5180 est
1902 5139 1932 5179 a
1953 5124 2109 5179 Citri-

522 5234 699 5289 stiano
728 5228 950 5286 comicis
979 5227 1135 5283 dictis
1163 5226 1449 5280 incessere.
1485 5220 1545 5274 Et
1577 5233 1798 5274 necesse
1829 5227 1912 5271 est
1940 5216 1988 5271 ei
2015 5215 2103 5286 qui

523 5325 838 5381 scurrilibus
864 5316 1023 5377 dictis
1050 5319 1230 5383 tttitur,
1257 5327 1678 5384 supervacaneas
1709 5311 1980 5378 suscipi-re
2002 5307 2105 5361 ini-

524 5419 754 5475 micitias
789 5429 976 5470 eorum
1020 5414 1107 5483 qui
1150 5420 1353 5466 temere
1381 5406 1619 5463 dicteriis
1647 5405 1964 5463 irridentur,
1992 5400 2106 5454 sive

523 5510 735 5571 adsint,
765 5508 880 5562 sive
905 5505 1153 5560 absentes
1176 5501 1462 5556 audierint.
1492 5498 1546 5553 Si
1582 5509 1669 5551 res
1695 5503 1777 5549 est
1804 5491 2025 5563 pulchra
2051 5498 2105 5546 et

524 5602 772 5661 honesta,
799 5614 896 5654 cur
914 5596 1233 5666 relinquitur
1255 5591 1469 5648 mimis?
1495 5589 1684 5643 Mimus
1705 5584 1908 5648 evadis,
1927 5594 2102 5639 etnon

530 5702 583 5747 te
622 5692 817 5761 pudet?
853 5690 961 5746 Cur
986 5688 1173 5745 liberis
1200 5685 1391 5756 puellis
1423 5680 1616 5735 vestris
1650 5677 1752 5731 hoc
1792 5675 1967 5730 facere
1996 5688 2103 5727 non

521 5781 862 5854 permittitis?
891 5794 1067 5835 annon
1096 5775 1356 5834 Statuistis
1382 5787 1495 5828 rem
1527 5783 1647 5824 esse
1678 5764 1965 5830 inhonesti,
1997 5776 2099 5817 non

1263 356 1321 413 S.
1361 351 1639 411 JOANNIS
1673 345 2149 407 CIIRYSOSTOMI
2188 344 2504 402 ARClllEP.
2546 348 3078 407 CONSTAN'HNOP.

3722 358 3824 411 1Ξο

2222 459 2449 514 modesti
2492 460 2639 515 viri?
2681 461 2865 532 stagna
2907 464 3049 547 mala
3094 464 3333 520 habitant
3379 467 3430 520 in
3481 468 3656 522 anima
3696 485 3812 534 qua

2223 550 2385 604 verba
2414 559 2636 621 usurpat
2660 553 2901 607 scurrilia
2925 563 2978 609 et
3002 555 3193 621 faceta,
3215 571 3405 625 magna
3432 557 3732 625 dissolutio,
3762 571 3813 618 rt

2221 640 2344 695 hinc
2374 644 2607 698 solitudo
2627 644 2643 676 ¹
2671 662 2684 697 :
2711 644 2824 700 ltiat
2849 660 3110 715 compago
3133 689 3147 710 ,
3179 651 3465 704 marcescit
3490 649 3808 719 aedificium,

2220 734 2608 789 exterminatur
2645 724 2836 800 timur,
2874 738 3026 793 abest
3072 738 3262 807 pietas.
3312 740 3488 796 iiabes
3536 740 3808 812 linguam,

2220 839 2326 878 non
2349 832 2405 878 ut
2425 825 2646 879 comicis
2660 825 2819 879 dictis
2838 828 3097 893 incessas,
3120 828 3214 883 sed
3240 838 3296 883 ut
3318 830 3426 885 Deo
3442 846 3566 899 agas
3586 836 3811 902 gratias.

2218 913 2334 970 Non
2379 916 2529 971 vides
2569 918 2879 985 moriones,
2916 920 3006 990 qui
3046 928 3351 986 γελωτοποιοὶ
3389 922 3642 979 dicuntur
3666 926 3812 993 quod

2220 1007 2388 1062 risum
2426 1017 2710 1075 moveant,
2749 1016 2804 1065 et
2843 1010 3004 1080 vulgo
3042 1021 3302 1067 vocantur
3333 1018 3551 1084 κόρδακις
3581 1016 3699 1085 (a)?
3726 1017 3814 1072 isti

2219 1108 2345 1152 sttnt
2367 1102 2683 1170 εὐτράπελοι,
2711 1099 2763 1154 id
2787 1108 2871 1156 est
2891 1141 2906 1165 ,
2939 1101 3197 1156 scurriles
3222 1111 3279 1157 et
3302 1102 3481 1161 faceti.
3514 1105 3810 1175 Expellite,

2218 1198 2384 1261 rogo,
2417 1206 2447 1246 a
2475 1200 2774 1247 vestrarum
2812 1192 3112 1248 animarum
3158 1193 3352 1251 finibus
3379 1196 3640 1266 ingratam
3672 1197 3812 1255 hanc

2216 1285 2439 1354 gratiam
2467 1302 2480 1339 :
2505 1301 2591 1340 res
2610 1293 2696 1341 est
2724 1288 3103 1356 parasitorum,
3132 1288 3439 1356 mimorum,
3467 1293 3807 1359 saltatortnn,

2220 1378 2624 1445 prostitutarum
2653 1378 2939 1436 mulierum
2967 1397 2981 1435 :
3005 1382 3189 1449 procul
3219 1382 3288 1436 sit
3314 1383 3382 1438 ab
3410 1385 3585 1439 anima
3617 1385 3808 1454 libera,

2221 1468 2407 1536 procul
2437 1469 2504 1524 ab
2535 1470 2785 1540 ingenua,
2815 1477 2871 1525 et
2901 1472 3136 1541 procula
3162 1474 3354 1527 servis.
3388 1472 3444 1528 Si
3468 1475 3589 1544 quis
3612 1484 3696 1531 est
3722 1476 3810 1531 iu-

2219 1560 2406 1627 famis,
2438 1563 2481 1617 si
2514 1564 2633 1633 quis
2658 1563 2831 1633 turpis
2859 1571 2914 1617 et
2937 1563 3255 1631 obscaznus,
3286 1566 3329 1618 is
3360 1576 3442 1619 est
3469 1566 3629 1621 etiam
3656 1581 3811 1624 acor.

2218 1653 2357 1709 ritis.
2384 1653 2561 1708 Multis
2582 1662 2763 1709 autem
2791 1652 3005 1710 videtur
3025 1654 3138 1709 lucc
3163 1671 3248 1709 res
3276 1656 3436 1711 etiam
3462 1671 3583 1713 esse
3603 1658 3808 1715 virtus:

2217 1754 2378 1800 etest
2406 1743 2506 1800 hoc
2540 1745 2845 1816 lugendum.
2882 1745 2950 1801 Ut
2990 1748 3133 1801 enim
3165 1749 3594 1816 concupiscentia
3622 1751 3810 1819 paula-

2220 1839 2313 1892 titn
2354 1839 2571 1894 devenit
2610 1839 2677 1893 ad
2718 1840 3097 1895 scortationem
3127 1881 3140 1904 ,
3186 1839 3257 1894 ita
3305 1839 3463 1895 etiam
3512 1842 3810 1897 scurrilitas

2219 1931 2431 1987 videtur
2465 1947 2586 1987 esse
2630 1948 2717 1987 res
2758 1934 3034 2003 gratiosa;
3065 1931 3160 1986 sed
3206 1930 3335 1985 nihil
3376 1931 3592 1987 esthoc
3632 1934 3814 1987 minus

2216 2026 2535 2097 gratiosum.
2580 2023 2716 2079 Audi
2759 2024 2903 2079 enim
2949 2022 3281 2092 Scripturam
3328 2022 3639 2078 dicentem:
3680 2025 3811 2081 Ante

2218 2118 2407 2171 tonitru
2449 2126 2690 2187 praperat
2731 2115 2945 2186 fulgur,
2982 2125 3028 2168 et
3073 2115 3342 2183 pudentem
3376 2116 3613 2184 praecedit
3640 2116 3816 2185 gratia

2217 2204 2408 2279 (Eccli.
2439 2206 2527 2263 '52.
2561 2207 2671 2279 14).
2692 2206 2916 2262 Scurrili
2943 2215 3120 2261 autem
3152 2205 3280 2260 nihil
3313 2212 3398 2261 est
3424 2205 3806 2275 impudentius.

2216 2301 2393 2366 Quare
2433 2316 2494 2354 os
2532 2299 2648 2369 ejus
2672 2304 2757 2354 est
2786 2298 3038 2369 plenum,
3073 2310 3181 2352 non
3213 2296 3382 2366 gratia
3404 2340 3418 2363 ,
3465 2297 3558 2353 sed
3596 2296 3807 2354 dolore.

2220 2391 2370 2448 Hunc
2402 2405 2605 2447 morem
2635 2390 2971 2460 expellamus
3000 2405 3029 2444 a
3061 2390 3285 2444 mensis.
3319 2382 3456 2445 Sunt
3482 2390 3642 2444 etiam
3683 2391 3805 2460 qui-

2216 2485 2339 2541 dam
2370 2485 2458 2553 qui
2492 2496 2753 2555 pauperes
2780 2483 2880 2539 hoc
2900 2483 3114 2537 docent.
3139 2481 3183 2536 Ο
3206 2481 3592 2536 absurditalem
3617 2483 3631 2536 !
3655 2495 3807 2537 scur-

2219 2577 2349 2632 riles
2373 2590 2493 2631 esse
2523 2575 2725 2630 faciunt
2752 2588 2849 2631 eos
2885 2573 2977 2644 qui
3013 2583 3140 2628 sunt
3174 2574 3225 2626 in
3265 2571 3643 2628 afflictionilms
3672 2575 3686 2629 l
3717 2572 3800 2627 ulti

2217 2667 2359 2723 enim
2383 2666 2492 2737 jam
2517 2682 2621 2721 non
2645 2675 2727 2722 est
2752 2664 2840 2721 hic
2865 2663 3254 2719 morbus‘Uam
3283 2665 3443 2718 etiam
3473 2663 3810 2718 introductus

2217 2768 2300 2815 est
2344 2760 2396 2814 in
2440 2758 2737 2813 Ecclesium
2767 2757 2913 2829 :jam
2956 2757 3115 2811 etiam
3156 2755 3330 2826 attigit
3357 2755 3681 2825 Scripturas.
3716 2755 3810 2811 Di-

2216 2868 2407 2908 cantne
2443 2850 2677 2922 aliquid,
2712 2859 2770 2905 ut
2806 2849 2934 2906 mali
2975 2848 3252 2903 ostendam
3291 2847 3758 2918 exsuperatiouem
3781 2848 3808 2900 ?

2218 2947 2299 3001 Me
2319 2944 2532 3015 quidem
2558 2945 2738 3014 pudet,
2759 2943 2852 2999 sed
2872 2950 3049 2997 tamen
3071 2941 3246 2995 dicam
3274 2958 3288 2997 :
3314 2930 3436 2995 volo
3455 2941 3598 2994 enim
3618 2950 3809 2995 osten-

2217 3036 2347 3093 dere
2372 3052 2478 3107 quo
2501 3036 2760 3105 processit
2784 3035 3005 3102 malum,
3032 3050 3098 3088 ne
3121 3034 3305 3087 videar
3324 3033 3390 3089 de
3414 3033 3574 3088 rebus
3599 3032 3808 3103 pusillis

2217 3144 2379 3199 agere
2407 3136 2463 3183 et
2490 3127 2558 3182 de
2596 3143 2654 3180 re
2683 3128 2854 3197 aliqua
2886 3141 3043 3195 parra
3070 3125 3338 3180 dissert-re
3357 3166 3373 3192 ,
3403 3123 3495 3179 sed
3529 3131 3586 3178 ut
3612 3124 3694 3176 vel
3726 3125 3809 3180 sic

2218 3222 2415 3292 possim
2461 3219 2529 3274 ab
2576 3234 2761 3274 errore
2810 3234 2903 3273 vos
2943 3217 3235 3273 abducere.
3278 3216 3389 3271 Nec
3418 3230 3503 3271 me
3534 3216 3811 3270 existimet

2216 3313 2478 3385 quiSpiam
2504 3313 2721 3382 lingere,
2748 3310 2843 3365 sed
2864 3310 3036 3366 dicam
3062 3325 3182 3380 qua:
3210 3309 3409 3364 audivi.
3440 3308 3569 3364 Erat
3587 3309 3807 3379 quidam

2216 3405 2357 3475 apud
2389 3405 2622 3472 aliquem
2651 3418 2717 3459 ex
2743 3402 2829 3469 iis,
2854 3403 2942 3471 qui
2965 3400 3033 3456 de
3053 3400 3274 3457 scientia
3300 3401 3603 3471 gloriantur
3626 3408 3681 3453 et
3703 3399 3805 3453 sibi

2216 3496 2431 3567 placent
2456 3514 2468 3549 :
2496 3504 2549 3550 et
2578 3495 2691 3549 scio
2720 3493 2938 3563 quidem
2965 3491 3202 3547 futurum
3234 3499 3294 3546 ut
3322 3492 3491 3546 risum
3514 3506 3763 3546 moveam
3788 3532 3803 3549 .

2215 3587 2308 3643 sed
2335 3594 2511 3641 tamen
2534 3586 2707 3640 dicam
2735 3602 2746 3637 :
2774 3584 2819 3638 is
2839 3597 3024 3638 mensa
3052 3582 3293 3652 apposita
3318 3581 3529 3637 dicebat
3555 3599 3569 3635 :
3592 3581 3805 3651 Appre-

2218 3677 2633 3747 hendite.pueri,
2670 3691 2735 3730 ne
2765 3674 2976 3744 quando
2997 3673 3259 3728 irascatur
3284 3680 3491 3728 venter.
3521 3670 3591 3728 Et
3615 3686 3806 3728 rursus

2216 3769 2305 3823 alii
2334 3768 2519 3823 dicunt
2548 3785 2560 3820 :
2585 3766 2678 3822 Va!
2708 3764 2825 3833 tibi,
2855 3778 3183 3829 mammona,
3212 3773 3269 3819 et
3292 3763 3339 3818 ei
3369 3763 3460 3834 qui
3491 3773 3542 3819 te
3571 3776 3678 3818 non
3711 3765 3808 3817 Ita.

2219 3859 2342 3913 bet!
2377 3859 2441 3913 Et
2470 3858 2631 3912 multa
2666 3856 2928 3927 ejusmodi
2972 3856 3201 3912 absurda
3232 3856 3527 3911 introduxit
3556 3858 3803 3912 scurrili-

2217 3960 2297 4005 tas
2322 3968 2336 4007 :
2361 3960 2419 4005 ut
2444 3951 2656 4021 quando
2684 3950 2868 4006 dicunt
2893 3966 2906 4003 :
2932 3947 3089 4004 Modo
3117 3962 3224 4003 non
3252 3958 3335 4003 est
3359 3947 3656 4018 generatio.
3691 3949 3805 4004 lloe

2216 4043 2337 4097 dico
2366 4040 2624 4097 adversus
2664 4038 3051 4095 absurditatem
3092 4038 3352 4093 malorum
3394 4050 3605 4094 morum
3636 4056 3652 4093 :
3679 4050 3806 4093 sunt

2215 4136 2357 4190 enim
2389 4134 2506 4190 hate
2536 4133 2697 4189 verba
2731 4134 2923 4188 animas
2967 4131 3195 4188 deserta:
3236 4145 3266 4184 a
3313 4130 3510 4200 pietate
3546 4145 3612 4187 ac
3645 4144 3805 4186 rere-

2217 4229 2409 4283 rentia.
2458 4227 2650 4283 Annon
2701 4224 3016 4280 fulminibus
3055 4223 3214 4293 digna
3265 4230 3391 4277 sunt
3442 4220 3558 4278 haec
3597 4223 3807 4279 verba?

2216 4319 2375 4373 Multa
2405 4318 2473 4372 ab
2501 4316 2583 4371 his
2614 4317 2773 4371 etiam
2803 4316 2906 4370 alia
2932 4312 3195 4384 ejusmodi
3223 4312 3327 4367 dici
3357 4313 3621 4382 quispiam
3647 4314 3805 4369 inve-

2217 4410 2376 4464 net-it.
2402 4407 2762 4475 Quamobrem
2803 4420 2935 4475 rogo
2974 4412 3034 4459 ut
3078 4403 3314 4473 undique
3344 4402 3487 4457 malo
3514 4403 3614 4460 hoc
3651 4419 3808 4461 more

2216 4502 2459 4572 expulso,
2492 4501 2578 4554 illa
2617 4500 2900 4569 loquamur
2925 4511 3044 4565 quae
3086 4494 3242 4550 nobis
3269 4495 3619 4560 conveniunt,
3650 4503 3704 4550 et
3738 4510 3808 4549 ne

2215 4610 2306 4648 ora
2329 4602 2510 4648 sancta
2535 4592 2824 4661 loquantur
2844 4588 3003 4644 verba
3025 4585 3298 4641 infamiam
3322 4597 3377 4639 et
3396 4584 3804 4643 obsecuturum.

2218 4686 2345 4753 Qua:
2378 4695 2450 4740 est
2477 4685 2611 4737 enim
2631 4682 2847 4754 justitiae
2885 4678 3207 4751 participatio
3240 4692 3355 4730 cum
3380 4676 3689 4744 iniquitate?
3716 4687 3810 4731 aut

2212 4792 2327 4846 qua:
2353 4775 2565 4829 societas
2596 4773 2697 4827 luci
2740 4787 2855 4825 cum
2893 4768 3105 4824 tenebris
3146 4767 3223 4841 (2.
3253 4766 3372 4822 Cor.
3406 4765 3458 4821 6.
3491 4764 3620 4836 id)?
3658 4765 3803 4823 Bene

2214 4869 2355 4923 enim
2385 4866 2662 4921 nobiscum
2690 4872 2897 4935 agetur,
2921 4860 2965 4917 si
2986 4875 3107 4915 cum
3135 4874 3231 4914 nos
3252 4857 3320 4913 ab
3341 4857 3588 4912 omnibus
3608 4857 3803 4912 absur~

2213 4959 2297 5014 dis
2325 4958 2735 5020 abduxerimus,
2770 4955 2909 5009 bona
2956 4951 3215 5020 promissa
3246 4963 3674 5019 consequamur,
3707 4963 3811 5005 ne-

2213 5053 2340 5107 dum
2363 5067 2482 5104 cum
2508 5059 2613 5103 tam
2644 5048 2806 5102 multa
2840 5043 3174 5103 attraltimus,
3193 5051 3241 5096 ct
3269 5041 3463 5094 mentis
3484 5039 3806 5109 perfectioni

2216 5161 2309 5215 per
2334 5154 2439 5197 tam
2467 5141 2629 5195 multa
2662 5136 2950 5209 perniciem
2981 5132 3277 5188 afferimus.
3316 5128 3448 5185 Nam
3478 5130 3567 5199 qui
3600 5131 3809 5185 scurri-

2216 5236 2335 5290 liter
2363 5232 2599 5303 loquitur
2622 5273 2636 5294 ,
2670 5229 2776 5283 cito
2807 5227 2911 5282 erit
2941 5224 3237 5280 maledicus
3262 5239 3277 5277 ε
3299 5220 3594 5276 maledicus
3620 5232 3805 5275 autem

2276 5460 2292 5490 ί
2328 5457 2581 5518 Iuterprcs
2621 5452 2812 5518 latinus
2855 5446 3048 5518 legerat
3074 5444 3338 5518 itiﬁrtlecp,
3361 5452 3553 5518 ιιριονιιιιε
3581 5441 3809 5518 ver-terat.

2212 5498 2577 5579 θηὶιῐῖξῖιῖιῖἱιίξ
2588 5498 2677 5563 sed
2690 5498 2868 5579 omnes
3001 5513 3049 5555 et
3074 5503 3191 5576 illiti
3201 5498 3805 5579 solitudo,

2244 5560 2610 5630 iiiﬂsi'ﬁn‘
2624 5560 2818 5623 omnino
2852 5568 3093 5633 quadrare
3137 5564 3330 5614 videtur
3353 5599 3367 5623 ,
3402 5560 3457 5613 ut
3476 5560 3482 5562 ⁷
3500 5574 3599 5610 nec
3640 5560 3806 5610 altera

2213 5643 2347 5766 mihi
2376 5709 2573 5766 ﬂatus.
2596 5695 2878 5766 εθηειονιιιη
2911 5699 3071 5766 sanus
3096 5680 3637 5766 “altissimas?

2212 5742 2733 5827 iiti‘SiiiiH‘éFritiib‘ics,
2760 5742 3145 5814 Aristophanem,
3169 5742 3558 5809 Theophrastum
3581 5749 3634 5793 et
3650 5742 3799 5789 alio»
