  <div class='ocr_page' id='page_1' title='image "/cluster/home/n/w/nwhite01/storage/ocr_20150623/62:no.11/coo.31924054869627/127.png"; bbox 0 0 4092 6492; ppageno 0'>
   <div class='ocr_carea' id='block_1_1' title="bbox 482 345 575 401">
    <p class='ocr_par' dir='ltr' id='par_1_1' title="bbox 482 345 575 401">
     <span class='ocr_line' id='line_1_1' title="bbox 482 345 575 401; baseline 0.011 -2"><span class='ocrx_word' id='word_1_1' title='bbox 482 345 575 401; x_wconf 73' lang='lat' dir='ltr'>lii</span> 
     </span>
    </p>
   </div>
   <div class='ocr_carea' id='block_1_2' title="bbox 1155 316 3030 389">
    <p class='ocr_par' dir='ltr' id='par_1_2' title="bbox 1155 316 3030 389">
     <span class='ocr_line' id='line_1_2' title="bbox 1155 316 3030 389; baseline -0.009 0"><span class='ocrx_word' id='word_1_2' title='bbox 1155 334 1210 389; x_wconf 84' lang='lat' dir='ltr'>S.</span> <span class='ocrx_word' id='word_1_3' title='bbox 1249 328 1535 387; x_wconf 69' lang='lat' dir='ltr'><strong>JOANNIS</strong></span> <span class='ocrx_word' id='word_1_4' title='bbox 1574 324 2069 382; x_wconf 71' lang='lat' dir='ltr'>CHRYSOSTOMI</span> <span class='ocrx_word' id='word_1_5' title='bbox 2112 325 2434 380; x_wconf 74' lang='lat' dir='ltr'>ARCHIEP.</span> <span class='ocrx_word' id='word_1_6' title='bbox 2478 316 3030 380; x_wconf 74' lang='lat' dir='ltr'>CONSTANTINOP.</span> 
     </span>
    </p>
   </div>
   <div class='ocr_carea' id='block_1_3' title="bbox 3615 308 3731 362">
    <p class='ocr_par' dir='ltr' id='par_1_3' title="bbox 3615 308 3731 362">
     <span class='ocr_line' id='line_1_3' title="bbox 3615 308 3731 362; baseline 0 0"><span class='ocrx_word' id='word_1_7' title='bbox 3615 311 3645 362; x_wconf 79' lang='grc'>⁸1</span> <span class='ocrx_word' id='word_1_8' title='bbox 3667 308 3731 362; x_wconf 69' lang='lat'>12</span> 
     </span>
    </p>
   </div>
   <div class='ocr_carea' id='block_1_4' title="bbox 477 426 3734 531">
    <p class='ocr_par' dir='ltr' id='par_1_4' title="bbox 477 426 3734 531">
     <span class='ocr_line' id='line_1_4' title="bbox 477 426 3734 531; baseline -0.015 -6"><span class='ocrx_word' id='word_1_9' title='bbox 477 464 683 526; x_wconf 76' lang='grc' dir='ltr'>πάντας</span> <span class='ocrx_word' id='word_1_10' title='bbox 710 460 854 531; x_wconf 74' lang='grc' dir='ltr'>ἡμᾶς</span> <span class='ocrx_word' id='word_1_11' title='bbox 882 457 1156 526; x_wconf 78' lang='grc' dir='ltr'>ἐπιτυχεῖν</span> <span class='ocrx_word' id='word_1_12' title='bbox 1186 454 1242 506; x_wconf 85' lang='grc' dir='ltr'>ὲν</span> <span class='ocrx_word' id='word_1_13' title='bbox 1267 451 1486 521; x_wconf 78' lang='grc' dir='ltr'>Χριστῷ</span> <span class='ocrx_word' id='word_1_14' title='bbox 1522 446 1697 519; x_wconf 86' lang='grc' dir='ltr'>Ἰησοῦ</span> <span class='ocrx_word' id='word_1_15' title='bbox 1742 445 1819 515; x_wconf 81' lang='grc' dir='ltr'>τῷ</span> <span class='ocrx_word' id='word_1_16' title='bbox 1851 444 2041 516; x_wconf 82' lang='grc' dir='ltr'>Κυρίῳ</span> <span class='ocrx_word' id='word_1_17' title='bbox 2148 443 2295 509; x_wconf 78' lang='grc' dir='ltr'>δόξα,</span> <span class='ocrx_word' id='word_1_18' title='bbox 2332 443 2553 514; x_wconf 86' lang='grc' dir='ltr'>κράτος.</span> <span class='ocrx_word' id='word_1_19' title='bbox 2577 438 2734 510; x_wconf 82' lang='grc' dir='ltr'>τιμὴ,</span> <span class='ocrx_word' id='word_1_20' title='bbox 2768 437 2863 492; x_wconf 92' lang='grc' dir='ltr'>νῦν</span> <span class='ocrx_word' id='word_1_21' title='bbox 2890 436 2984 490; x_wconf 69' lang='grc' dir='ltr'>καὶ</span> <span class='ocrx_word' id='word_1_22' title='bbox 3006 434 3111 499; x_wconf 70' lang='grc' dir='ltr'>ἀεὶ,</span> <span class='ocrx_word' id='word_1_23' title='bbox 3139 431 3233 486; x_wconf 78' lang='grc' dir='ltr'>καὶ</span> <span class='ocrx_word' id='word_1_24' title='bbox 3266 431 3344 494; x_wconf 86' lang='grc' dir='ltr'>είς</span> <span class='ocrx_word' id='word_1_25' title='bbox 3374 427 3498 491; x_wconf 73' lang='grc' dir='ltr'>τοὺς</span> <span class='ocrx_word' id='word_1_26' title='bbox 3531 426 3734 489; x_wconf 85' lang='grc' dir='ltr'>αίῶνας</span> 
     </span>
    </p>
   </div>
   <div class='ocr_carea' id='block_1_5' title="bbox 483 527 2739 626">
    <p class='ocr_par' dir='ltr' id='par_1_5' title="bbox 483 527 2739 626">
     <span class='ocr_line' id='line_1_5' title="bbox 483 527 2739 626; baseline -0.013 -19"><span class='ocrx_word' id='word_1_27' title='bbox 483 554 654 626; x_wconf 73' lang='grc' dir='ltr'>ήμῶν,</span> <span class='ocrx_word' id='word_1_28' title='bbox 889 540 948 601; x_wconf 70' lang='grc' dir='ltr'>οῦ</span> <span class='ocrx_word' id='word_1_29' title='bbox 978 545 1057 614; x_wconf 83' lang='grc' dir='ltr'>τῷ</span> <span class='ocrx_word' id='word_1_30' title='bbox 1104 543 1278 614; x_wconf 73' lang='grc' dir='ltr'>Πατρὶ</span> <span class='ocrx_word' id='word_1_31' title='bbox 1324 542 1438 612; x_wconf 71' lang='grc' dir='ltr'>ἅμα</span> <span class='ocrx_word' id='word_1_32' title='bbox 1472 539 1547 610; x_wconf 80' lang='grc' dir='ltr'>τῷ</span> <span class='ocrx_word' id='word_1_33' title='bbox 1569 537 1712 608; x_wconf 80' lang='grc' dir='ltr'>ἁγίῳ</span> <span class='ocrx_word' id='word_1_34' title='bbox 1768 534 2045 606; x_wconf 86' lang='grc' dir='ltr'>Πνεύματι</span> <span class='ocrx_word' id='word_1_35' title='bbox 2153 530 2260 584; x_wconf 86' lang='grc' dir='ltr'>τῶν</span> <span class='ocrx_word' id='word_1_36' title='bbox 2280 528 2514 583; x_wconf 82' lang='grc' dir='ltr'>αἰώνων.</span> <span class='ocrx_word' id='word_1_37' title='bbox 2541 527 2739 597; x_wconf 79' lang='grc' dir='ltr'>’Δμήν.</span> 
     </span>
    </p>
   </div>
   <div class='ocr_carea' id='block_1_6' title="bbox 708 754 1735 770">
    <p class='ocr_par' dir='ltr' id='par_1_6' title="bbox 708 754 1735 770">
     <span class='ocr_line' id='line_1_6' title="bbox 708 754 1735 770; baseline -0.011 0"><span class='ocrx_word' id='word_1_38' title='bbox 708 762 1041 770; x_wconf 43' lang='grc' dir='ltr'>-έμ--ο---μψ</span> <span class='ocrx_word' id='word_1_39' title='bbox 1062 758 1191 764; x_wconf 45' lang='grc' dir='ltr'>νου-</span> <span class='ocrx_word' id='word_1_40' title='bbox 1220 758 1339 763; x_wconf 27' lang='lat' dir='ltr'>mi</span> <span class='ocrx_word' id='word_1_41' title='bbox 1394 754 1735 762; x_wconf 53' lang='lat' dir='ltr'>u____..__-_._—.—</span> 
     </span>
    </p>
   </div>
   <div class='ocr_carea' id='block_1_7' title="bbox 508 766 667 776">
    <p class='ocr_par' dir='ltr' id='par_1_7' title="bbox 508 766 667 776">
     <span class='ocr_line' id='line_1_7' title="bbox 508 766 667 776; baseline -0.013 0"><span class='ocrx_word' id='word_1_42' title='bbox 508 766 563 776; x_wconf 62' lang='grc' dir='ltr'>..ρ</span> <span class='ocrx_word' id='word_1_43' title='bbox 594 766 667 771; x_wconf 51' lang='grc' dir='ltr'>σπου</span> 
     </span>
    </p>
   </div>
   <div class='ocr_carea' id='block_1_8' title="bbox 1939 906 2333 963">
    <p class='ocr_par' dir='ltr' id='par_1_8' title="bbox 1939 906 2333 963">
     <span class='ocr_line' id='line_1_8' title="bbox 1939 906 2333 963; baseline -0.01 1"><span class='ocrx_word' id='word_1_44' title='bbox 1939 908 2185 963; x_wconf 80' lang='grc' dir='ltr'><strong>ΟΜΙΛΙΑ</strong></span> <span class='ocrx_word' id='word_1_45' title='bbox 2224 906 2333 960; x_wconf 72' lang='grc' dir='ltr'>ιη’.</span> 
     </span>
    </p>
   </div>
   <div class='ocr_carea' id='block_1_9' title="bbox 486 1024 2052 1112">
    <p class='ocr_par' dir='ltr' id='par_1_9' title="bbox 486 1024 2052 1112">
     <span class='ocr_line' id='line_1_9' title="bbox 486 1024 2052 1112; baseline -0.011 -14"><span class='ocrx_word' id='word_1_46' title='bbox 486 1044 670 1099; x_wconf 80' lang='grc' dir='ltr'>Τοῦτο</span> <span class='ocrx_word' id='word_1_47' title='bbox 694 1040 804 1112; x_wconf 77' lang='grc' dir='ltr'>γὰρ</span> <span class='ocrx_word' id='word_1_48' title='bbox 828 1041 961 1094; x_wconf 76' lang='grc' dir='ltr'><em>ἴστε</em></span> <span class='ocrx_word' id='word_1_49' title='bbox 1002 1037 1424 1109; x_wconf 75' lang='grc' dir='ltr'>γινώσκοντες,</span> <span class='ocrx_word' id='word_1_50' title='bbox 1472 1032 1564 1087; x_wconf 82' lang='grc' dir='ltr'><em>ὅτι</em></span> <span class='ocrx_word' id='word_1_51' title='bbox 1595 1030 1714 1097; x_wconf 78' lang='grc' dir='ltr'><em>πᾶς</em></span> <span class='ocrx_word' id='word_1_52' title='bbox 1746 1030 1989 1097; x_wconf 84' lang='grc' dir='ltr'>πόρνος,</span> <span class='ocrx_word' id='word_1_53' title='bbox 2014 1024 2052 1092; x_wconf 81' lang='grc' dir='ltr'><strong>ἢ</strong></span> 
     </span>
    </p>
   </div>
   <div class='ocr_carea' id='block_1_10' title="bbox 553 1114 2057 1197">
    <p class='ocr_par' dir='ltr' id='par_1_10' title="bbox 553 1114 2057 1197">
     <span class='ocr_line' id='line_1_10' title="bbox 553 1114 2057 1197; baseline -0.012 -13"><span class='ocrx_word' id='word_1_54' title='bbox 553 1130 911 1197; x_wconf 71' lang='grc' dir='ltr'>ἀκάθαρτος,</span> <span class='ocrx_word' id='word_1_55' title='bbox 965 1127 1004 1194; x_wconf 79' lang='grc' dir='ltr'><strong>ἢ</strong></span> <span class='ocrx_word' id='word_1_56' title='bbox 1052 1124 1457 1189; x_wconf 75' lang='grc' dir='ltr'>πλεονέκτης,</span> <span class='ocrx_word' id='word_1_57' title='bbox 1505 1120 1572 1185; x_wconf 88' lang='grc' dir='ltr'><em>ὅς</em></span> <span class='ocrx_word' id='word_1_58' title='bbox 1615 1120 1787 1172; x_wconf 80' lang='grc' dir='ltr'><em>ἐστιν</em></span> <span class='ocrx_word' id='word_1_59' title='bbox 1820 1114 2057 1169; x_wconf 76' lang='grc' dir='ltr'>εἰδωλο-</span> 
     </span>
    </p>
   </div>
   <div class='ocr_carea' id='block_1_11' title="bbox 554 1199 2059 1283">
    <p class='ocr_par' dir='ltr' id='par_1_11' title="bbox 554 1199 2059 1283">
     <span class='ocr_line' id='line_1_11' title="bbox 554 1199 2059 1283; baseline -0.014 -12"><span class='ocrx_word' id='word_1_60' title='bbox 554 1217 803 1283; x_wconf 71' lang='grc' dir='ltr'><em>λάτρης,</em></span> <span class='ocrx_word' id='word_1_61' title='bbox 833 1216 946 1268; x_wconf 87' lang='grc' dir='ltr'>οὐκ</span> <span class='ocrx_word' id='word_1_62' title='bbox 973 1214 1097 1282; x_wconf 73' lang='grc' dir='ltr'>ἔχει</span> <span class='ocrx_word' id='word_1_63' title='bbox 1123 1207 1528 1277; x_wconf 72' lang='grc' dir='ltr'>κληρονομίαν</span> <span class='ocrx_word' id='word_1_64' title='bbox 1558 1206 1628 1258; x_wconf 83' lang='grc' dir='ltr'>ἐν</span> <span class='ocrx_word' id='word_1_65' title='bbox 1660 1202 1733 1271; x_wconf 79' lang='grc' dir='ltr'>τῇ</span> <span class='ocrx_word' id='word_1_66' title='bbox 1771 1199 2059 1267; x_wconf 78' lang='grc' dir='ltr'>,βασιλείᾳ</span> 
     </span>
    </p>
   </div>
   <div class='ocr_carea' id='block_1_12' title="bbox 554 1286 2059 1370">
    <p class='ocr_par' dir='ltr' id='par_1_12' title="bbox 554 1286 2059 1370">
     <span class='ocr_line' id='line_1_12' title="bbox 554 1286 2059 1370; baseline -0.013 -13"><span class='ocrx_word' id='word_1_67' title='bbox 554 1304 663 1357; x_wconf 86' lang='grc' dir='ltr'>τοῦ</span> <span class='ocrx_word' id='word_1_68' title='bbox 692 1300 950 1370; x_wconf 81' lang='grc' dir='ltr'>Χριστοῦ</span> <span class='ocrx_word' id='word_1_69' title='bbox 984 1299 1081 1353; x_wconf 81' lang='grc' dir='ltr'>καί</span> <span class='ocrx_word' id='word_1_70' title='bbox 1112 1297 1279 1352; x_wconf 86' lang='grc' dir='ltr'>Θεοῦ.</span> <span class='ocrx_word' id='word_1_71' title='bbox 1340 1293 1564 1362; x_wconf 78' lang='grc' dir='ltr'>Μηδεὶς</span> <span class='ocrx_word' id='word_1_72' title='bbox 1599 1289 1755 1360; x_wconf 82' lang='grc' dir='ltr'>ὑμᾶς</span> <span class='ocrx_word' id='word_1_73' title='bbox 1781 1286 2059 1343; x_wconf 80' lang='grc' dir='ltr'>ἀπατάτω</span> 
     </span>
    </p>
   </div>
   <div class='ocr_carea' id='block_1_13' title="bbox 559 1372 2058 1456">
    <p class='ocr_par' dir='ltr' id='par_1_13' title="bbox 559 1372 2058 1456">
     <span class='ocr_line' id='line_1_13' title="bbox 559 1372 2058 1456; baseline -0.012 -12"><span class='ocrx_word' id='word_1_74' title='bbox 559 1388 755 1454; x_wconf 79' lang='grc' dir='ltr'><em>κενοῖς</em></span> <span class='ocrx_word' id='word_1_75' title='bbox 795 1387 1031 1456; x_wconf 72' lang='grc' dir='ltr'><em>λόγοις·</em></span> <span class='ocrx_word' id='word_1_76' title='bbox 1062 1383 1158 1438; x_wconf 85' lang='grc' dir='ltr'>διὰ</span> <span class='ocrx_word' id='word_1_77' title='bbox 1193 1381 1379 1436; x_wconf 81' lang='grc' dir='ltr'>ταῦτα</span> <span class='ocrx_word' id='word_1_78' title='bbox 1419 1379 1529 1449; x_wconf 85' lang='grc' dir='ltr'>γὰρ</span> <span class='ocrx_word' id='word_1_79' title='bbox 1564 1378 1798 1446; x_wconf 76' lang='grc' dir='ltr'>ἔρχεται</span> <span class='ocrx_word' id='word_1_80' title='bbox 1825 1376 1864 1444; x_wconf 78' lang='grc' dir='ltr'><strong><em>ἠ</em></strong></span> <span class='ocrx_word' id='word_1_81' title='bbox 1911 1372 2058 1442; x_wconf 70' lang='grc' dir='ltr'>ὀργὴ</span> 
     </span>
    </p>
   </div>
   <div class='ocr_carea' id='block_1_14' title="bbox 558 1463 1839 1535">
    <p class='ocr_par' dir='ltr' id='par_1_14' title="bbox 558 1463 1839 1535">
     <span class='ocr_line' id='line_1_14' title="bbox 558 1463 1839 1535; baseline -0.011 -6"><span class='ocrx_word' id='word_1_82' title='bbox 558 1474 667 1529; x_wconf 83' lang='grc' dir='ltr'>τοῦ</span> <span class='ocrx_word' id='word_1_83' title='bbox 701 1472 851 1528; x_wconf 84' lang='grc' dir='ltr'>Θεοῦ</span> <span class='ocrx_word' id='word_1_84' title='bbox 872 1473 971 1527; x_wconf 79' lang='grc' dir='ltr'>ἐπὶ</span> <span class='ocrx_word' id='word_1_85' title='bbox 1008 1470 1152 1534; x_wconf 86' lang='grc' dir='ltr'><em>τοὺς</em></span> <span class='ocrx_word' id='word_1_86' title='bbox 1189 1467 1356 1533; x_wconf 77' lang='grc' dir='ltr'><em>υἱοὺς</em></span> <span class='ocrx_word' id='word_1_87' title='bbox 1385 1465 1493 1535; x_wconf 83' lang='grc' dir='ltr'><em>τῆς</em></span> <span class='ocrx_word' id='word_1_88' title='bbox 1519 1463 1839 1529; x_wconf 83' lang='grc' dir='ltr'>ἀπειθείας.</span> 
     </span>
    </p>
   </div>
   <div class='ocr_carea' id='block_1_15' title="bbox 560 1574 2062 1651">
    <p class='ocr_par' dir='ltr' id='par_1_15' title="bbox 560 1574 2062 1651">
     <span class='ocr_line' id='line_1_15' title="bbox 560 1574 2062 1651; baseline -0.009 -11"><span class='ocrx_word' id='word_1_89' title='bbox 560 1593 631 1642; x_wconf 87' lang='grc' dir='ltr'>α’.</span> <span class='ocrx_word' id='word_1_90' title='bbox 648 1582 849 1651; x_wconf 88' lang='grc' dir='ltr'>Ἦσαν,</span> <span class='ocrx_word' id='word_1_91' title='bbox 863 1584 936 1648; x_wconf 78' lang='grc' dir='ltr'>ὡς</span> <span class='ocrx_word' id='word_1_92' title='bbox 967 1583 1131 1647; x_wconf 76' lang='grc' dir='ltr'>ἔοικε,</span> <span class='ocrx_word' id='word_1_93' title='bbox 1146 1582 1286 1644; x_wconf 80' lang='grc' dir='ltr'>τινὲς</span> <span class='ocrx_word' id='word_1_94' title='bbox 1320 1579 1412 1633; x_wconf 74' lang='grc' dir='ltr'>καὶ</span> <span class='ocrx_word' id='word_1_95' title='bbox 1429 1576 1643 1633; x_wconf 73' lang='grc' dir='ltr'>ἐπὶτῶν</span> <span class='ocrx_word' id='word_1_96' title='bbox 1660 1576 1940 1649; x_wconf 87' lang='grc' dir='ltr'>προγόνων</span> <span class='ocrx_word' id='word_1_97' title='bbox 1954 1574 2062 1627; x_wconf 87' lang='grc' dir='ltr'>τῶν</span> 
     </span>
    </p>
   </div>
   <div class='ocr_carea' id='block_1_16' title="bbox 491 1662 2062 1745">
    <p class='ocr_par' dir='ltr' id='par_1_16' title="bbox 491 1662 2062 1745">
     <span class='ocr_line' id='line_1_16' title="bbox 491 1662 2062 1745; baseline -0.008 -18"><span class='ocrx_word' id='word_1_98' title='bbox 491 1672 778 1745; x_wconf 78' lang='grc' dir='ltr'>ἡμετέρων</span> <span class='ocrx_word' id='word_1_99' title='bbox 812 1672 861 1724; x_wconf 79' lang='grc' dir='ltr'>οἱ</span> <span class='ocrx_word' id='word_1_100' title='bbox 898 1669 996 1734; x_wconf 84' lang='grc' dir='ltr'>τὰς</span> <span class='ocrx_word' id='word_1_101' title='bbox 1032 1671 1219 1741; x_wconf 84' lang='grc' dir='ltr'>χεῖρας</span> <span class='ocrx_word' id='word_1_102' title='bbox 1266 1666 1549 1729; x_wconf 81' lang='grc' dir='ltr'>ἐκλύοντες</span> <span class='ocrx_word' id='word_1_103' title='bbox 1576 1664 1669 1717; x_wconf 86' lang='grc' dir='ltr'>τοῦ</span> <span class='ocrx_word' id='word_1_104' title='bbox 1703 1662 1856 1729; x_wconf 86' lang='grc' dir='ltr'>λαοῦ,</span> <span class='ocrx_word' id='word_1_105' title='bbox 1881 1663 1976 1716; x_wconf 72' lang='grc' dir='ltr'>καὶ</span> <span class='ocrx_word' id='word_1_106' title='bbox 2004 1662 2062 1715; x_wconf 83' lang='grc' dir='ltr'>τὸ</span> 
     </span>
    </p>
   </div>
   <div class='ocr_carea' id='block_1_17' title="bbox 495 1750 2061 1831">
    <p class='ocr_par' dir='ltr' id='par_1_17' title="bbox 495 1750 2061 1831">
     <span class='ocr_line' id='line_1_17' title="bbox 495 1750 2061 1831; baseline -0.008 -17"><span class='ocrx_word' id='word_1_107' title='bbox 495 1760 643 1831; x_wconf 76' lang='grc' dir='ltr'>παρὰ</span> <span class='ocrx_word' id='word_1_108' title='bbox 662 1757 752 1812; x_wconf 92' lang='grc' dir='ltr'>τοῦ</span> <span class='ocrx_word' id='word_1_109' title='bbox 781 1755 1039 1827; x_wconf 76' lang='grc' dir='ltr'>Ἰεζεκιὴλ</span> <span class='ocrx_word' id='word_1_110' title='bbox 1057 1755 1341 1825; x_wconf 80' lang='grc' dir='ltr'>εἰρημένον</span> <span class='ocrx_word' id='word_1_111' title='bbox 1361 1754 1440 1814; x_wconf 87' lang='grc' dir='ltr'>είς</span> <span class='ocrx_word' id='word_1_112' title='bbox 1468 1751 1625 1822; x_wconf 77' lang='grc' dir='ltr'>ἔργον</span> <span class='ocrx_word' id='word_1_113' title='bbox 1652 1750 1894 1819; x_wconf 82' lang='grc' dir='ltr'>ἄγοντες,</span> <span class='ocrx_word' id='word_1_114' title='bbox 1927 1750 2061 1819; x_wconf 83' lang='grc' dir='ltr'>μᾶλ-</span> 
     </span>
    </p>
   </div>
   <div class='ocr_carea' id='block_1_18' title="bbox 493 1839 2064 1913">
    <p class='ocr_par' dir='ltr' id='par_1_18' title="bbox 493 1839 2064 1913">
     <span class='ocr_line' id='line_1_18' title="bbox 493 1839 2064 1913; baseline -0.006 -12"><span class='ocrx_word' id='word_1_115' title='bbox 493 1849 586 1902; x_wconf 93' lang='grc' dir='ltr'>λον</span> <span class='ocrx_word' id='word_1_116' title='bbox 620 1847 676 1900; x_wconf 80' lang='grc' dir='ltr'>δὲ</span> <span class='ocrx_word' id='word_1_117' title='bbox 721 1847 787 1899; x_wconf 84' lang='grc' dir='ltr'>τά</span> <span class='ocrx_word' id='word_1_118' title='bbox 813 1846 919 1898; x_wconf 90' lang='grc' dir='ltr'>τῶν</span> <span class='ocrx_word' id='word_1_119' title='bbox 959 1840 1417 1913; x_wconf 60' lang='grc' dir='ltr'>ψευδοπροφητῶν</span> <span class='ocrx_word' id='word_1_120' title='bbox 1450 1839 1747 1906; x_wconf 82' lang='grc' dir='ltr'>ποιοῦντες,</span> <span class='ocrx_word' id='word_1_121' title='bbox 1778 1840 1828 1893; x_wconf 87' lang='grc' dir='ltr'>οί</span> <span class='ocrx_word' id='word_1_122' title='bbox 1864 1840 2064 1911; x_wconf 79' lang='grc' dir='ltr'>δρακὸς</span> 
     </span>
    </p>
   </div>
   <div class='ocr_carea' id='block_1_19' title="bbox 495 1925 2067 2005">
    <p class='ocr_par' dir='ltr' id='par_1_19' title="bbox 495 1925 2067 2005">
     <span class='ocr_line' id='line_1_19' title="bbox 495 1925 2067 2005; baseline -0.005 -18"><span class='ocrx_word' id='word_1_123' title='bbox 495 1933 700 2005; x_wconf 80' lang='grc' dir='ltr'>κριθῶν</span> <span class='ocrx_word' id='word_1_124' title='bbox 732 1930 1146 2000; x_wconf 75' lang='grc' dir='ltr'>ὲκφαυλίζοντες</span> <span class='ocrx_word' id='word_1_125' title='bbox 1176 1928 1266 1980; x_wconf 75' lang='grc' dir='ltr'>τὸν</span> <span class='ocrx_word' id='word_1_126' title='bbox 1295 1927 1426 1981; x_wconf 77' lang='grc' dir='ltr'>Θεὸν</span> <span class='ocrx_word' id='word_1_127' title='bbox 1459 1925 1687 1981; x_wconf 78' lang='grc' dir='ltr'>ἐνώπιον</span> <span class='ocrx_word' id='word_1_128' title='bbox 1708 1927 1801 1980; x_wconf 90' lang='grc' dir='ltr'>τοῦ</span> <span class='ocrx_word' id='word_1_129' title='bbox 1823 1925 1952 1980; x_wconf 86' lang='grc' dir='ltr'>λαοῦ</span> <span class='ocrx_word' id='word_1_130' title='bbox 1978 1929 2067 1980; x_wconf 87' lang='grc' dir='ltr'>αὑ-</span> 
     </span>
    </p>
   </div>
   <div class='ocr_carea' id='block_1_20' title="bbox 495 2011 2067 2088">
    <p class='ocr_par' dir='ltr' id='par_1_20' title="bbox 495 2011 2067 2088">
     <span class='ocr_line' id='line_1_20' title="bbox 495 2011 2067 2088; baseline -0.003 -14"><span class='ocrx_word' id='word_1_131' title='bbox 495 2019 589 2074; x_wconf 89' lang='grc' dir='ltr'>τοῦ</span> <span class='ocrx_word' id='word_1_132' title='bbox 618 2035 632 2049; x_wconf 91' lang='grc'><strong>·</strong></span> <span class='ocrx_word' id='word_1_133' title='bbox 653 2018 682 2072; x_wconf 85' lang='lat'>6</span> <span class='ocrx_word' id='word_1_134' title='bbox 707 2018 769 2088; x_wconf 81' lang='grc' dir='ltr'>δὴ</span> <span class='ocrx_word' id='word_1_135' title='bbox 790 2019 883 2071; x_wconf 75' lang='grc' dir='ltr'>καὶ</span> <span class='ocrx_word' id='word_1_136' title='bbox 909 2015 1003 2070; x_wconf 89' lang='grc' dir='ltr'>νῦν</span> <span class='ocrx_word' id='word_1_137' title='bbox 1037 2011 1187 2086; x_wconf 78' lang='grc' dir='ltr'>οἶμαι</span> <span class='ocrx_word' id='word_1_138' title='bbox 1224 2015 1372 2083; x_wconf 81' lang='grc' dir='ltr'>παρά</span> <span class='ocrx_word' id='word_1_139' title='bbox 1399 2030 1557 2067; x_wconf 89' lang='grc' dir='ltr'>τινων</span> <span class='ocrx_word' id='word_1_140' title='bbox 1593 2012 1860 2081; x_wconf 86' lang='grc' dir='ltr'>γίνεσθαι.</span> <span class='ocrx_word' id='word_1_141' title='bbox 1898 2013 2067 2069; x_wconf 83' lang='grc' dir='ltr'>Ὅταν</span> 
     </span>
    </p>
   </div>
   <div class='ocr_carea' id='block_1_21' title="bbox 496 2099 2069 2175">
    <p class='ocr_par' dir='ltr' id='par_1_21' title="bbox 496 2099 2069 2175">
     <span class='ocr_line' id='line_1_21' title="bbox 496 2099 2069 2175; baseline -0.004 -15"><span class='ocrx_word' id='word_1_142' title='bbox 496 2102 589 2160; x_wconf 81' lang='grc' dir='ltr'>οὖν</span> <span class='ocrx_word' id='word_1_143' title='bbox 625 2106 886 2175; x_wconf 71' lang='grc' dir='ltr'>εἴπωμεν,</span> <span class='ocrx_word' id='word_1_144' title='bbox 931 2104 1015 2157; x_wconf 81' lang='grc' dir='ltr'>ὅτι</span> <span class='ocrx_word' id='word_1_145' title='bbox 1046 2104 1074 2155; x_wconf 90' lang='lat'>6</span> <span class='ocrx_word' id='word_1_146' title='bbox 1118 2101 1297 2172; x_wconf 70' lang='grc' dir='ltr'>μωρὸν</span> <span class='ocrx_word' id='word_1_147' title='bbox 1328 2099 1563 2160; x_wconf 78' lang='grc' dir='ltr'>καλέσας</span> <span class='ocrx_word' id='word_1_148' title='bbox 1583 2101 1675 2153; x_wconf 82' lang='grc' dir='ltr'>τὸν</span> <span class='ocrx_word' id='word_1_149' title='bbox 1717 2100 1963 2170; x_wconf 80' lang='grc' dir='ltr'>ἀδελφὺν,</span> <span class='ocrx_word' id='word_1_150' title='bbox 1988 2102 2069 2166; x_wconf 87' lang='grc' dir='ltr'>είς</span> 
     </span>
    </p>
   </div>
   <div class='ocr_carea' id='block_1_22' title="bbox 497 2186 2069 2261">
    <p class='ocr_par' dir='ltr' id='par_1_22' title="bbox 497 2186 2069 2261">
     <span class='ocr_line' id='line_1_22' title="bbox 497 2186 2069 2261; baseline -0.004 -14"><span class='ocrx_word' id='word_1_151' title='bbox 497 2192 720 2261; x_wconf 77' lang='grc' dir='ltr'>γέενναν</span> <span class='ocrx_word' id='word_1_152' title='bbox 745 2190 1065 2261; x_wconf 81' lang='grc' dir='ltr'>ἀπέρχεται,</span> <span class='ocrx_word' id='word_1_153' title='bbox 1100 2188 1246 2243; x_wconf 79' lang='grc' dir='ltr'>ἄλλοι</span> <span class='ocrx_word' id='word_1_154' title='bbox 1273 2187 1404 2255; x_wconf 78' lang='grc' dir='ltr'>φασί</span> <span class='ocrx_word' id='word_1_155' title='bbox 1430 2206 1442 2217; x_wconf 91' lang='grc'><strong>·</strong></span> <span class='ocrx_word' id='word_1_156' title='bbox 1476 2186 1605 2252; x_wconf 71' lang='grc' dir='ltr'>Ναὶ,</span> <span class='ocrx_word' id='word_1_157' title='bbox 1634 2187 1662 2238; x_wconf 90' lang='lat'>6</span> <span class='ocrx_word' id='word_1_158' title='bbox 1697 2187 1877 2257; x_wconf 81' lang='grc' dir='ltr'>μωρὸν</span> <span class='ocrx_word' id='word_1_159' title='bbox 1906 2188 2069 2241; x_wconf 82' lang='grc' dir='ltr'>καλέ-</span> 
     </span>
    </p>
   </div>
   <div class='ocr_carea' id='block_1_23' title="bbox 500 2274 2066 2347">
    <p class='ocr_par' dir='ltr' id='par_1_23' title="bbox 500 2274 2066 2347">
     <span class='ocr_line' id='line_1_23' title="bbox 500 2274 2066 2347; baseline -0.008 -13"><span class='ocrx_word' id='word_1_160' title='bbox 500 2298 598 2344; x_wconf 90' lang='grc' dir='ltr'>σας</span> <span class='ocrx_word' id='word_1_161' title='bbox 627 2280 716 2333; x_wconf 68' lang='grc' dir='ltr'>τὸν</span> <span class='ocrx_word' id='word_1_162' title='bbox 744 2277 968 2347; x_wconf 81' lang='grc' dir='ltr'>ἀδελφὸν</span> <span class='ocrx_word' id='word_1_163' title='bbox 994 2278 1073 2340; x_wconf 85' lang='grc' dir='ltr'>είς</span> <span class='ocrx_word' id='word_1_164' title='bbox 1098 2276 1320 2344; x_wconf 84' lang='grc' dir='ltr'>γέενναν</span> <span class='ocrx_word' id='word_1_165' title='bbox 1363 2274 1692 2345; x_wconf 85' lang='grc' dir='ltr'>ἀπέρχεται;</span> <span class='ocrx_word' id='word_1_166' title='bbox 1727 2274 1882 2345; x_wconf 79' lang='grc' dir='ltr'>Οὐχὶ,</span> <span class='ocrx_word' id='word_1_167' title='bbox 1915 2276 2066 2346; x_wconf 78' lang='grc' dir='ltr'>φησί’</span> 
     </span>
    </p>
   </div>
   <div class='ocr_carea' id='block_1_24' title="bbox 500 2362 2070 2436">
    <p class='ocr_par' dir='ltr' id='par_1_24' title="bbox 500 2362 2070 2436">
     <span class='ocr_line' id='line_1_24' title="bbox 500 2362 2070 2436; baseline -0.001 -15"><span class='ocrx_word' id='word_1_168' title='bbox 500 2369 594 2421; x_wconf 64' lang='grc' dir='ltr'>καὶ</span> <span class='ocrx_word' id='word_1_169' title='bbox 640 2368 768 2421; x_wconf 78' lang='grc' dir='ltr'>ὅταν</span> <span class='ocrx_word' id='word_1_170' title='bbox 820 2367 1088 2436; x_wconf 82' lang='grc' dir='ltr'>εἴπωμεν,</span> <span class='ocrx_word' id='word_1_171' title='bbox 1118 2364 1199 2417; x_wconf 83' lang='grc' dir='ltr'>ὅτι</span> <span class='ocrx_word' id='word_1_172' title='bbox 1242 2365 1270 2416; x_wconf 90' lang='lat'>6</span> <span class='ocrx_word' id='word_1_173' title='bbox 1308 2362 1637 2433; x_wconf 81' lang='grc' dir='ltr'>πλεονέκτης</span> <span class='ocrx_word' id='word_1_174' title='bbox 1681 2362 2070 2434; x_wconf 81' lang='grc' dir='ltr'>εἰδωλολάτρης</span> 
     </span>
    </p>
   </div>
   <div class='ocr_carea' id='block_1_25' title="bbox 501 2449 2071 2523">
    <p class='ocr_par' dir='ltr' id='par_1_25' title="bbox 501 2449 2071 2523">
     <span class='ocr_line' id='line_1_25' title="bbox 501 2449 2071 2523; baseline -0.002 -16"><span class='ocrx_word' id='word_1_175' title='bbox 501 2454 638 2516; x_wconf 74' lang='grc' dir='ltr'>ἐστὶ,</span> <span class='ocrx_word' id='word_1_176' title='bbox 670 2455 765 2507; x_wconf 76' lang='grc' dir='ltr'>καὶ</span> <span class='ocrx_word' id='word_1_177' title='bbox 796 2453 953 2506; x_wconf 88' lang='grc' dir='ltr'>τοῦτο</span> <span class='ocrx_word' id='word_1_178' title='bbox 982 2453 1144 2507; x_wconf 85' lang='grc' dir='ltr'>πάλιν</span> <span class='ocrx_word' id='word_1_179' title='bbox 1184 2449 1591 2521; x_wconf 77' lang='grc' dir='ltr'>ὲκφαυλίζουσι,</span> <span class='ocrx_word' id='word_1_180' title='bbox 1629 2450 1875 2519; x_wconf 83' lang='grc' dir='ltr'>λέγοντες</span> <span class='ocrx_word' id='word_1_181' title='bbox 1902 2452 2071 2523; x_wconf 73' lang='grc' dir='ltr'>ὑπερο</span> 
     </span>
    </p>
   </div>
   <div class='ocr_carea' id='block_1_26' title="bbox 497 2536 2072 2612">
    <p class='ocr_par' dir='ltr' id='par_1_26' title="bbox 497 2536 2072 2612">
     <span class='ocr_line' id='line_1_26' title="bbox 497 2536 2072 2612; baseline -0.001 -19"><span class='ocrx_word' id='word_1_182' title='bbox 497 2540 662 2612; x_wconf 74' lang='grc' dir='ltr'>ϐολῆς</span> <span class='ocrx_word' id='word_1_183' title='bbox 698 2536 836 2593; x_wconf 77' lang='grc' dir='ltr'>εἶναι</span> <span class='ocrx_word' id='word_1_184' title='bbox 871 2540 931 2593; x_wconf 77' lang='grc' dir='ltr'>τὸ</span> <span class='ocrx_word' id='word_1_185' title='bbox 972 2540 1121 2610; x_wconf 78' lang='grc' dir='ltr'>ῥῆμα</span> <span class='ocrx_word' id='word_1_186' title='bbox 1145 2555 1157 2569; x_wconf 79' lang='grc'><em>’</em></span> <span class='ocrx_word' id='word_1_187' title='bbox 1199 2539 1291 2591; x_wconf 78' lang='grc' dir='ltr'>καὶ</span> <span class='ocrx_word' id='word_1_188' title='bbox 1334 2537 1515 2601; x_wconf 86' lang='grc' dir='ltr'>πάσας</span> <span class='ocrx_word' id='word_1_189' title='bbox 1552 2538 1694 2592; x_wconf 78' lang='grc' dir='ltr'>οὕτω</span> <span class='ocrx_word' id='word_1_190' title='bbox 1730 2537 1830 2602; x_wconf 75' lang='grc' dir='ltr'>τὰς</span> <span class='ocrx_word' id='word_1_191' title='bbox 1853 2539 2072 2604; x_wconf 71' lang='grc' dir='ltr'>ἐντολὰς</span> 
     </span>
    </p>
   </div>
   <div class='ocr_carea' id='block_1_27' title="bbox 500 2620 2071 2697">
    <p class='ocr_par' dir='ltr' id='par_1_27' title="bbox 500 2620 2071 2697">
     <span class='ocr_line' id='line_1_27' title="bbox 500 2620 2071 2697; baseline -0.003 -15"><span class='ocrx_word' id='word_1_192' title='bbox 500 2627 912 2694; x_wconf 74' lang='grc' dir='ltr'>ὲξευτελίξουσι.</span> <span class='ocrx_word' id='word_1_193' title='bbox 945 2625 1181 2688; x_wconf 83' lang='grc' dir='ltr'>Τούτους</span> <span class='ocrx_word' id='word_1_194' title='bbox 1218 2620 1310 2677; x_wconf 87' lang='grc' dir='ltr'>οῦν</span> <span class='ocrx_word' id='word_1_195' title='bbox 1331 2624 1703 2693; x_wconf 72' lang='grc' dir='ltr'>αἰνιττόμενος</span> <span class='ocrx_word' id='word_1_196' title='bbox 1730 2625 1759 2677; x_wconf 97' lang='lat'>6</span> <span class='ocrx_word' id='word_1_197' title='bbox 1800 2626 2071 2697; x_wconf 84' lang='grc' dir='ltr'>μακάριος</span> 
     </span>
    </p>
   </div>
   <div class='ocr_carea' id='block_1_28' title="bbox 500 2710 2069 2783">
    <p class='ocr_par' dir='ltr' id='par_1_28' title="bbox 500 2710 2069 2783">
     <span class='ocr_line' id='line_1_28' title="bbox 500 2710 2069 2783; baseline -0.001 -16"><span class='ocrx_word' id='word_1_198' title='bbox 500 2714 731 2778; x_wconf 80' lang='grc' dir='ltr'>Παῦλος,</span> <span class='ocrx_word' id='word_1_199' title='bbox 768 2716 860 2767; x_wconf 72' lang='grc' dir='ltr'>καὶ</span> <span class='ocrx_word' id='word_1_200' title='bbox 899 2714 1019 2766; x_wconf 86' lang='grc' dir='ltr'>τότε</span> <span class='ocrx_word' id='word_1_201' title='bbox 1064 2712 1303 2783; x_wconf 76' lang='grc' dir='ltr'>ἔγραφεν</span> <span class='ocrx_word' id='word_1_202' title='bbox 1341 2711 1625 2780; x_wconf 78' lang='grc' dir='ltr'>Ἐφεσίοις,</span> <span class='ocrx_word' id='word_1_203' title='bbox 1669 2710 1813 2765; x_wconf 83' lang='grc' dir='ltr'>οὑτω</span> <span class='ocrx_word' id='word_1_204' title='bbox 1855 2712 2028 2781; x_wconf 86' lang='grc' dir='ltr'>λέγων</span> <span class='ocrx_word' id='word_1_205' title='bbox 2054 2730 2069 2745; x_wconf 88' lang='grc'><strong>·</strong></span> 
     </span>
    </p>
   </div>
   <div class='ocr_carea' id='block_1_29' title="bbox 501 2799 2076 2875">
    <p class='ocr_par' dir='ltr' id='par_1_29' title="bbox 501 2799 2076 2875">
     <span class='ocr_line' id='line_1_29' title="bbox 501 2799 2076 2875; baseline -0.001 -19"><span class='ocrx_word' id='word_1_206' title='bbox 501 2801 651 2875; x_wconf 69' lang='grc'>[127]</span> <span class='ocrx_word' id='word_1_207' title='bbox 691 2802 871 2856; x_wconf 84' lang='grc' dir='ltr'>Τοῦτο</span> <span class='ocrx_word' id='word_1_208' title='bbox 899 2801 1010 2870; x_wconf 86' lang='grc' dir='ltr'>γὰρ</span> <span class='ocrx_word' id='word_1_209' title='bbox 1043 2801 1175 2853; x_wconf 80' lang='grc' dir='ltr'>ἴστε</span> <span class='ocrx_word' id='word_1_210' title='bbox 1219 2799 1635 2869; x_wconf 74' lang='grc' dir='ltr'>γινώσκοντες,</span> <span class='ocrx_word' id='word_1_211' title='bbox 1666 2800 1754 2854; x_wconf 87' lang='grc' dir='ltr'><em>ὅτι</em></span> <span class='ocrx_word' id='word_1_212' title='bbox 1793 2799 1912 2867; x_wconf 76' lang='grc' dir='ltr'>πᾶς</span> <span class='ocrx_word' id='word_1_213' title='bbox 1935 2803 2076 2871; x_wconf 78' lang='grc' dir='ltr'>πόρ-</span> 
     </span>
    </p>
   </div>
   <div class='ocr_carea' id='block_1_30' title="bbox 498 2888 2073 2959">
    <p class='ocr_par' dir='ltr' id='par_1_30' title="bbox 498 2888 2073 2959">
     <span class='ocr_line' id='line_1_30' title="bbox 498 2888 2073 2959; baseline 0.001 -15"><span class='ocrx_word' id='word_1_214' title='bbox 498 2907 626 2956; x_wconf 85' lang='grc' dir='ltr'><em>νος,</em></span> <span class='ocrx_word' id='word_1_215' title='bbox 659 2890 695 2959; x_wconf 79' lang='grc' dir='ltr'>ἢ</span> <span class='ocrx_word' id='word_1_216' title='bbox 729 2888 1083 2956; x_wconf 76' lang='grc' dir='ltr'>ἀκάθαρτος,</span> <span class='ocrx_word' id='word_1_217' title='bbox 1123 2891 1162 2957; x_wconf 77' lang='grc' dir='ltr'>ἡ</span> <span class='ocrx_word' id='word_1_218' title='bbox 1207 2889 1596 2955; x_wconf 70' lang='grc' dir='ltr'>πλεονέκτης,</span> <span class='ocrx_word' id='word_1_219' title='bbox 1625 2889 1692 2954; x_wconf 84' lang='grc' dir='ltr'><em>ὅς</em></span> <span class='ocrx_word' id='word_1_220' title='bbox 1718 2890 1889 2943; x_wconf 85' lang='grc' dir='ltr'><em>ἐστιν</em></span> <span class='ocrx_word' id='word_1_221' title='bbox 1916 2891 2073 2945; x_wconf 73' lang='grc' dir='ltr'>εἰδω-</span> 
     </span>
    </p>
   </div>
   <div class='ocr_carea' id='block_1_31' title="bbox 499 2973 2081 3044">
    <p class='ocr_par' dir='ltr' id='par_1_31' title="bbox 499 2973 2081 3044">
     <span class='ocr_line' id='line_1_31' title="bbox 499 2973 2081 3044; baseline 0 -14"><span class='ocrx_word' id='word_1_222' title='bbox 499 2976 824 3043; x_wconf 67' lang='grc' dir='ltr'>λολάτρης,</span> <span class='ocrx_word' id='word_1_223' title='bbox 859 2978 968 3030; x_wconf 82' lang='grc' dir='ltr'>οὐκ</span> <span class='ocrx_word' id='word_1_224' title='bbox 993 2975 1117 3044; x_wconf 82' lang='grc' dir='ltr'>ἔχει</span> <span class='ocrx_word' id='word_1_225' title='bbox 1156 2976 1555 3044; x_wconf 76' lang='grc' dir='ltr'><em>κληρονομίαν</em></span> <span class='ocrx_word' id='word_1_226' title='bbox 1586 2975 1657 3027; x_wconf 85' lang='grc' dir='ltr'>ἐν</span> <span class='ocrx_word' id='word_1_227' title='bbox 1680 2973 1754 3042; x_wconf 76' lang='grc' dir='ltr'>τῇ</span> <span class='ocrx_word' id='word_1_228' title='bbox 1787 2975 2081 3043; x_wconf 66' lang='grc' dir='ltr'>,βασιλείᾳ</span> 
     </span>
    </p>
   </div>
   <div class='ocr_carea' id='block_1_32' title="bbox 499 3059 2078 3131">
    <p class='ocr_par' dir='ltr' id='par_1_32' title="bbox 499 3059 2078 3131">
     <span class='ocr_line' id='line_1_32' title="bbox 499 3059 2078 3131; baseline 0.001 -15"><span class='ocrx_word' id='word_1_229' title='bbox 499 3061 609 3116; x_wconf 83' lang='grc' dir='ltr'>τοῦ</span> <span class='ocrx_word' id='word_1_230' title='bbox 648 3062 902 3130; x_wconf 82' lang='grc' dir='ltr'><em>Χριστοῦ</em></span> <span class='ocrx_word' id='word_1_231' title='bbox 931 3063 1029 3116; x_wconf 79' lang='grc' dir='ltr'>καὶ</span> <span class='ocrx_word' id='word_1_232' title='bbox 1069 3062 1238 3116; x_wconf 87' lang='grc' dir='ltr'>Θεοῦ.</span> <span class='ocrx_word' id='word_1_233' title='bbox 1264 3059 1395 3115; x_wconf 78' lang='grc' dir='ltr'>Εἶτα</span> <span class='ocrx_word' id='word_1_234' title='bbox 1423 3063 1617 3131; x_wconf 80' lang='grc' dir='ltr'>ὲπάγει</span> <span class='ocrx_word' id='word_1_235' title='bbox 1638 3078 1650 3091; x_wconf 73' lang='grc' dir='ltr'>ο</span> <span class='ocrx_word' id='word_1_236' title='bbox 1682 3061 1902 3128; x_wconf 80' lang='grc' dir='ltr'>Μηδεὶς</span> <span class='ocrx_word' id='word_1_237' title='bbox 1924 3064 2078 3131; x_wconf 84' lang='grc' dir='ltr'>ὑμᾶς</span> 
     </span>
    </p>
   </div>
   <div class='ocr_carea' id='block_1_33' title="bbox 502 3141 2075 3219">
    <p class='ocr_par' dir='ltr' id='par_1_33' title="bbox 502 3141 2075 3219">
     <span class='ocr_line' id='line_1_33' title="bbox 502 3141 2075 3219; baseline 0.002 -19"><span class='ocrx_word' id='word_1_238' title='bbox 502 3146 782 3203; x_wconf 76' lang='grc' dir='ltr'><em>ἀπατάτω</em></span> <span class='ocrx_word' id='word_1_239' title='bbox 809 3149 1007 3216; x_wconf 79' lang='grc' dir='ltr'>κενοῖς</span> <span class='ocrx_word' id='word_1_240' title='bbox 1041 3151 1264 3217; x_wconf 75' lang='grc' dir='ltr'>λόγοις.</span> <span class='ocrx_word' id='word_1_241' title='bbox 1300 3149 1461 3201; x_wconf 81' lang='grc' dir='ltr'>Κενοί</span> <span class='ocrx_word' id='word_1_242' title='bbox 1490 3152 1629 3201; x_wconf 87' lang='grc' dir='ltr'>εἰσιν</span> <span class='ocrx_word' id='word_1_243' title='bbox 1660 3141 1806 3203; x_wconf 72' lang='grc' dir='ltr'>οὗτοι</span> <span class='ocrx_word' id='word_1_244' title='bbox 1836 3150 1886 3203; x_wconf 89' lang='grc' dir='ltr'>οί</span> <span class='ocrx_word' id='word_1_245' title='bbox 1908 3150 2075 3219; x_wconf 82' lang='grc' dir='ltr'>λόγοι,</span> 
     </span>
    </p>
   </div>
   <div class='ocr_carea' id='block_1_34' title="bbox 501 3235 2078 3307">
    <p class='ocr_par' dir='ltr' id='par_1_34' title="bbox 501 3235 2078 3307">
     <span class='ocr_line' id='line_1_34' title="bbox 501 3235 2078 3307; baseline 0.003 -19"><span class='ocrx_word' id='word_1_246' title='bbox 501 3235 553 3288; x_wconf 86' lang='grc' dir='ltr'>οί</span> <span class='ocrx_word' id='word_1_247' title='bbox 575 3235 711 3307; x_wconf 84' lang='grc' dir='ltr'>πρὸς</span> <span class='ocrx_word' id='word_1_248' title='bbox 740 3237 929 3307; x_wconf 74' lang='grc' dir='ltr'>καιρὸν</span> <span class='ocrx_word' id='word_1_249' title='bbox 958 3237 1120 3307; x_wconf 83' lang='grc' dir='ltr'>χάριν</span> <span class='ocrx_word' id='word_1_250' title='bbox 1154 3237 1369 3306; x_wconf 74' lang='grc' dir='ltr'>ἔχοντες</span> <span class='ocrx_word' id='word_1_251' title='bbox 1390 3277 1401 3294; x_wconf 91' lang='grc'>.</span> <span class='ocrx_word' id='word_1_252' title='bbox 1439 3237 1532 3289; x_wconf 76' lang='grc' dir='ltr'>καὶ</span> <span class='ocrx_word' id='word_1_253' title='bbox 1561 3236 1811 3307; x_wconf 83' lang='grc' dir='ltr'>οὐδαμῶς</span> <span class='ocrx_word' id='word_1_254' title='bbox 1834 3238 1926 3292; x_wconf 75' lang='grc' dir='ltr'>ἐπὶ</span> <span class='ocrx_word' id='word_1_255' title='bbox 1970 3238 2078 3292; x_wconf 88' lang='grc' dir='ltr'>τῶν</span> 
     </span>
    </p>
   </div>
   <div class='ocr_carea' id='block_1_35' title="bbox 502 3321 2081 3394">
    <p class='ocr_par' dir='ltr' id='par_1_35' title="bbox 502 3321 2081 3394">
     <span class='ocr_line' id='line_1_35' title="bbox 502 3321 2081 3394; baseline 0.004 -21"><span class='ocrx_word' id='word_1_256' title='bbox 502 3321 678 3394; x_wconf 76' lang='grc' dir='ltr'>ἔργων</span> <span class='ocrx_word' id='word_1_257' title='bbox 703 3323 1076 3392; x_wconf 86' lang='grc' dir='ltr'>δεικνύμενοι·</span> <span class='ocrx_word' id='word_1_258' title='bbox 1107 3325 1288 3393; x_wconf 74' lang='grc' dir='ltr'>ἀπάτη</span> <span class='ocrx_word' id='word_1_259' title='bbox 1322 3324 1429 3393; x_wconf 79' lang='grc' dir='ltr'>γὰρ</span> <span class='ocrx_word' id='word_1_260' title='bbox 1456 3322 1516 3374; x_wconf 81' lang='grc' dir='ltr'>τὸ</span> <span class='ocrx_word' id='word_1_261' title='bbox 1554 3324 1787 3394; x_wconf 78' lang='grc' dir='ltr'>πρᾶγμά</span> <span class='ocrx_word' id='word_1_262' title='bbox 1810 3327 1946 3382; x_wconf 83' lang='grc' dir='ltr'>ἐστι.</span> <span class='ocrx_word' id='word_1_263' title='bbox 1977 3327 2081 3380; x_wconf 79' lang='grc' dir='ltr'>Διὰ</span> 
     </span>
    </p>
   </div>
   <div class='ocr_carea' id='block_1_36' title="bbox 502 3409 2079 3480">
    <p class='ocr_par' dir='ltr' id='par_1_36' title="bbox 502 3409 2079 3480">
     <span class='ocr_line' id='line_1_36' title="bbox 502 3409 2079 3480; baseline 0.005 -20"><span class='ocrx_word' id='word_1_264' title='bbox 502 3409 689 3463; x_wconf 87' lang='grc' dir='ltr'>ταῦτα</span> <span class='ocrx_word' id='word_1_265' title='bbox 709 3410 943 3478; x_wconf 76' lang='grc' dir='ltr'>ἔρχεται</span> <span class='ocrx_word' id='word_1_266' title='bbox 973 3411 1010 3479; x_wconf 74' lang='grc' dir='ltr'><strong><em>ἡ</em></strong></span> <span class='ocrx_word' id='word_1_267' title='bbox 1033 3409 1176 3479; x_wconf 77' lang='grc' dir='ltr'><em>όργὴ</em></span> <span class='ocrx_word' id='word_1_268' title='bbox 1202 3410 1306 3465; x_wconf 83' lang='grc' dir='ltr'>τοῦ</span> <span class='ocrx_word' id='word_1_269' title='bbox 1332 3409 1479 3464; x_wconf 84' lang='grc' dir='ltr'>Θεοῦ</span> <span class='ocrx_word' id='word_1_270' title='bbox 1497 3409 1597 3464; x_wconf 81' lang='grc' dir='ltr'><em>ἐπὶ</em></span> <span class='ocrx_word' id='word_1_271' title='bbox 1615 3411 1758 3477; x_wconf 88' lang='grc' dir='ltr'><em>τοὺς</em></span> <span class='ocrx_word' id='word_1_272' title='bbox 1772 3413 1940 3480; x_wconf 78' lang='grc' dir='ltr'><em>υἱοὺς</em></span> <span class='ocrx_word' id='word_1_273' title='bbox 1970 3414 2079 3479; x_wconf 83' lang='grc' dir='ltr'><em>τῆς</em></span> 
     </span>
    </p>
   </div>
   <div class='ocr_carea' id='block_1_37' title="bbox 501 3497 2072 3571">
    <p class='ocr_par' dir='ltr' id='par_1_37' title="bbox 501 3497 2072 3571">
     <span class='ocr_line' id='line_1_37' title="bbox 501 3497 2072 3571; baseline 0.003 -22"><span class='ocrx_word' id='word_1_274' title='bbox 501 3497 828 3563; x_wconf 74' lang='grc' dir='ltr'>ἀπειθείας.</span> <span class='ocrx_word' id='word_1_275' title='bbox 881 3497 980 3551; x_wconf 88' lang='grc' dir='ltr'>Διά</span> <span class='ocrx_word' id='word_1_276' title='bbox 1011 3499 1111 3568; x_wconf 80' lang='grc' dir='ltr'>τήν</span> <span class='ocrx_word' id='word_1_277' title='bbox 1140 3498 1414 3569; x_wconf 86' lang='grc' dir='ltr'>πορνείαν,</span> <span class='ocrx_word' id='word_1_278' title='bbox 1450 3498 1603 3570; x_wconf 71' lang='grc' dir='ltr'>φησι,</span> <span class='ocrx_word' id='word_1_279' title='bbox 1622 3498 1709 3554; x_wconf 82' lang='grc' dir='ltr'>διὰ</span> <span class='ocrx_word' id='word_1_280' title='bbox 1742 3500 1840 3571; x_wconf 88' lang='grc' dir='ltr'>τὴν</span> <span class='ocrx_word' id='word_1_281' title='bbox 1888 3501 2072 3554; x_wconf 86' lang='grc' dir='ltr'>πλεον-</span> 
     </span>
    </p>
   </div>
   <div class='ocr_carea' id='block_1_38' title="bbox 502 3583 2076 3656">
    <p class='ocr_par' dir='ltr' id='par_1_38' title="bbox 502 3583 2076 3656">
     <span class='ocr_line' id='line_1_38' title="bbox 502 3583 2076 3656; baseline 0.004 -22"><span class='ocrx_word' id='word_1_282' title='bbox 502 3583 674 3649; x_wconf 84' lang='grc' dir='ltr'>εξίαν,</span> <span class='ocrx_word' id='word_1_283' title='bbox 703 3584 790 3638; x_wconf 81' lang='grc' dir='ltr'>διὰ</span> <span class='ocrx_word' id='word_1_284' title='bbox 829 3583 928 3654; x_wconf 87' lang='grc' dir='ltr'>τὴν</span> <span class='ocrx_word' id='word_1_285' title='bbox 956 3583 1320 3655; x_wconf 79' lang='grc' dir='ltr'>ἀκαθαρσίαν,</span> <span class='ocrx_word' id='word_1_286' title='bbox 1357 3584 1389 3656; x_wconf 80' lang='grc' dir='ltr'>ἢ</span> <span class='ocrx_word' id='word_1_287' title='bbox 1424 3587 1516 3640; x_wconf 75' lang='grc' dir='ltr'>καὶ</span> <span class='ocrx_word' id='word_1_288' title='bbox 1544 3586 1632 3640; x_wconf 80' lang='grc' dir='ltr'>διὰ</span> <span class='ocrx_word' id='word_1_289' title='bbox 1670 3587 1842 3641; x_wconf 86' lang='grc' dir='ltr'>ταῦτα</span> <span class='ocrx_word' id='word_1_290' title='bbox 1869 3590 1961 3642; x_wconf 75' lang='grc' dir='ltr'>καὶ</span> <span class='ocrx_word' id='word_1_291' title='bbox 1987 3589 2076 3642; x_wconf 82' lang='grc' dir='ltr'>διὰ</span> 
     </span>
    </p>
   </div>
   <div class='ocr_carea' id='block_1_39' title="bbox 500 3671 2073 3742">
    <p class='ocr_par' dir='ltr' id='par_1_39' title="bbox 500 3671 2073 3742">
     <span class='ocr_line' id='line_1_39' title="bbox 500 3671 2073 3742; baseline 0.003 -21"><span class='ocrx_word' id='word_1_292' title='bbox 500 3674 600 3740; x_wconf 81' lang='grc' dir='ltr'>τὴν</span> <span class='ocrx_word' id='word_1_293' title='bbox 616 3671 852 3741; x_wconf 82' lang='grc' dir='ltr'>ἀπάτην,</span> <span class='ocrx_word' id='word_1_294' title='bbox 871 3671 1056 3742; x_wconf 82' lang='grc' dir='ltr'>ἐπειδή</span> <span class='ocrx_word' id='word_1_295' title='bbox 1075 3673 1212 3725; x_wconf 78' lang='grc' dir='ltr'>εἰσιν</span> <span class='ocrx_word' id='word_1_296' title='bbox 1228 3672 1560 3736; x_wconf 84' lang='grc' dir='ltr'>ἀπατεῶνες.</span> <span class='ocrx_word' id='word_1_297' title='bbox 1594 3672 1755 3737; x_wconf 81' lang='grc' dir='ltr'>Υίοὺς</span> <span class='ocrx_word' id='word_1_298' title='bbox 1775 3671 2073 3737; x_wconf 79' lang='grc' dir='ltr'>ἀπειθείας,</span> 
     </span>
    </p>
   </div>
   <div class='ocr_carea' id='block_1_40' title="bbox 501 3758 2074 3830">
    <p class='ocr_par' dir='ltr' id='par_1_40' title="bbox 501 3758 2074 3830">
     <span class='ocr_line' id='line_1_40' title="bbox 501 3758 2074 3830; baseline 0.002 -20"><span class='ocrx_word' id='word_1_299' title='bbox 501 3758 627 3819; x_wconf 71' lang='grc' dir='ltr'>τοὺς</span> <span class='ocrx_word' id='word_1_300' title='bbox 685 3759 888 3830; x_wconf 84' lang='grc' dir='ltr'>σφόδρα</span> <span class='ocrx_word' id='word_1_301' title='bbox 913 3759 1176 3826; x_wconf 86' lang='grc' dir='ltr'>ἀπειθεῖς,</span> <span class='ocrx_word' id='word_1_302' title='bbox 1205 3762 1330 3823; x_wconf 80' lang='grc' dir='ltr'>τοὺς</span> <span class='ocrx_word' id='word_1_303' title='bbox 1355 3761 1501 3830; x_wconf 83' lang='grc' dir='ltr'>αὐτῷ</span> <span class='ocrx_word' id='word_1_304' title='bbox 1522 3759 1883 3823; x_wconf 79' lang='grc' dir='ltr'>ἀπειθοῦντας</span> <span class='ocrx_word' id='word_1_305' title='bbox 1901 3759 2074 3813; x_wconf 85' lang='grc' dir='ltr'>καλεῖ.</span> 
     </span>
    </p>
   </div>
   <div class='ocr_carea' id='block_1_41' title="bbox 503 3839 2080 3916">
    <p class='ocr_par' dir='ltr' id='par_1_41' title="bbox 503 3839 2080 3916">
     <span class='ocr_line' id='line_1_41' title="bbox 503 3839 2080 3916; baseline 0.003 -20"><span class='ocrx_word' id='word_1_306' title='bbox 503 3842 601 3909; x_wconf 79' lang='grc' dir='ltr'>Μὴ</span> <span class='ocrx_word' id='word_1_307' title='bbox 624 3839 738 3897; x_wconf 87' lang='grc' dir='ltr'>οὖν</span> <span class='ocrx_word' id='word_1_308' title='bbox 758 3845 996 3912; x_wconf 79' lang='grc' dir='ltr'>γίνεσθε</span> <span class='ocrx_word' id='word_1_309' title='bbox 1016 3844 1380 3916; x_wconf 78' lang='grc' dir='ltr'>συμμέτοχοι</span> <span class='ocrx_word' id='word_1_310' title='bbox 1401 3845 1621 3900; x_wconf 84' lang='grc' dir='ltr'>αὐτῶν.</span> <span class='ocrx_word' id='word_1_311' title='bbox 1643 3842 1781 3900; x_wconf 64' lang='grc' dir='ltr'>*Ητε</span> <span class='ocrx_word' id='word_1_312' title='bbox 1803 3844 1913 3916; x_wconf 76' lang='grc' dir='ltr'>γάρ</span> <span class='ocrx_word' id='word_1_313' title='bbox 1936 3859 2080 3900; x_wconf 80' lang='grc' dir='ltr'>ποτε</span> 
     </span>
    </p>
   </div>
   <div class='ocr_carea' id='block_1_42' title="bbox 503 3930 2079 4004">
    <p class='ocr_par' dir='ltr' id='par_1_42' title="bbox 503 3930 2079 4004">
     <span class='ocr_line' id='line_1_42' title="bbox 503 3930 2079 4004; baseline 0.002 -22"><span class='ocrx_word' id='word_1_314' title='bbox 503 3931 744 3994; x_wconf 82' lang='grc' dir='ltr'><em>σκότος,</em></span> <span class='ocrx_word' id='word_1_315' title='bbox 772 3931 888 3985; x_wconf 89' lang='grc' dir='ltr'>νῦν</span> <span class='ocrx_word' id='word_1_316' title='bbox 913 3930 981 3985; x_wconf 83' lang='grc' dir='ltr'>δὲ</span> <span class='ocrx_word' id='word_1_317' title='bbox 1007 3930 1133 4001; x_wconf 73' lang='grc' dir='ltr'>φῶς</span> <span class='ocrx_word' id='word_1_318' title='bbox 1168 3933 1238 3987; x_wconf 82' lang='grc' dir='ltr'>ἐν</span> <span class='ocrx_word' id='word_1_319' title='bbox 1261 3932 1475 4002; x_wconf 86' lang='grc' dir='ltr'>Κυρίῳ.</span> <span class='ocrx_word' id='word_1_320' title='bbox 1506 3932 1651 4004; x_wconf 83' lang='grc' dir='ltr'>Ὅρα</span> <span class='ocrx_word' id='word_1_321' title='bbox 1695 3930 1811 3995; x_wconf 87' lang='grc' dir='ltr'>πῶς</span> <span class='ocrx_word' id='word_1_322' title='bbox 1847 3933 2079 3997; x_wconf 82' lang='grc' dir='ltr'>συνετῶς</span> 
     </span>
    </p>
   </div>
   <div class='ocr_carea' id='block_1_43' title="bbox 507 4016 2080 4090">
    <p class='ocr_par' dir='ltr' id='par_1_43' title="bbox 507 4016 2080 4090">
     <span class='ocr_line' id='line_1_43' title="bbox 507 4016 2080 4090; baseline 0.003 -21"><span class='ocrx_word' id='word_1_323' title='bbox 507 4017 807 4087; x_wconf 75' lang='grc' dir='ltr'>προέτρεψε</span> <span class='ocrx_word' id='word_1_324' title='bbox 828 4035 842 4049; x_wconf 90' lang='grc'><strong>·</strong></span> <span class='ocrx_word' id='word_1_325' title='bbox 866 4018 1081 4090; x_wconf 85' lang='grc' dir='ltr'>πρῶτον</span> <span class='ocrx_word' id='word_1_326' title='bbox 1110 4020 1220 4074; x_wconf 81' lang='grc' dir='ltr'>ἀπὸ</span> <span class='ocrx_word' id='word_1_327' title='bbox 1248 4017 1343 4071; x_wconf 87' lang='grc' dir='ltr'>τοῦ</span> <span class='ocrx_word' id='word_1_328' title='bbox 1396 4016 1656 4088; x_wconf 85' lang='grc' dir='ltr'>Χριστοῦ,</span> <span class='ocrx_word' id='word_1_329' title='bbox 1703 4018 1787 4071; x_wconf 83' lang='grc' dir='ltr'>ὅτι</span> <span class='ocrx_word' id='word_1_330' title='bbox 1829 4019 2080 4087; x_wconf 81' lang='grc' dir='ltr'>ἀγαπᾶτε</span> 
     </span>
    </p>
   </div>
   <div class='ocr_carea' id='block_1_44' title="bbox 504 4099 2081 4179">
    <p class='ocr_par' dir='ltr' id='par_1_44' title="bbox 504 4099 2081 4179">
     <span class='ocr_line' id='line_1_44' title="bbox 504 4099 2081 4179; baseline 0.003 -23"><span class='ocrx_word' id='word_1_331' title='bbox 504 4104 785 4175; x_wconf 84' lang='grc' dir='ltr'>ἀλλήλους,</span> <span class='ocrx_word' id='word_1_332' title='bbox 812 4107 905 4159; x_wconf 72' lang='grc' dir='ltr'>καὶ</span> <span class='ocrx_word' id='word_1_333' title='bbox 947 4108 1148 4179; x_wconf 79' lang='grc' dir='ltr'>μηδένα</span> <span class='ocrx_word' id='word_1_334' title='bbox 1182 4107 1418 4159; x_wconf 77' lang='grc' dir='ltr'>ἀδικεῖτε</span> <span class='ocrx_word' id='word_1_335' title='bbox 1440 4121 1453 4134; x_wconf 76' lang='grc'>⁶</span> <span class='ocrx_word' id='word_1_336' title='bbox 1488 4099 1608 4158; x_wconf 80' lang='grc' dir='ltr'>εἶτα</span> <span class='ocrx_word' id='word_1_337' title='bbox 1645 4104 1805 4161; x_wconf 87' lang='grc' dir='ltr'>πάλιν</span> <span class='ocrx_word' id='word_1_338' title='bbox 1837 4106 1946 4160; x_wconf 83' lang='grc' dir='ltr'>ἀπὸ</span> <span class='ocrx_word' id='word_1_339' title='bbox 1980 4107 2081 4177; x_wconf 81' lang='grc' dir='ltr'>τῆς</span> 
     </span>
    </p>
   </div>
   <div class='ocr_carea' id='block_1_45' title="bbox 504 4187 2077 4264">
    <p class='ocr_par' dir='ltr' id='par_1_45' title="bbox 504 4187 2077 4264">
     <span class='ocr_line' id='line_1_45' title="bbox 504 4187 2077 4264; baseline 0.001 -19"><span class='ocrx_word' id='word_1_340' title='bbox 504 4191 781 4258; x_wconf 85' lang='grc' dir='ltr'>κολάσεως</span> <span class='ocrx_word' id='word_1_341' title='bbox 811 4194 904 4246; x_wconf 75' lang='grc' dir='ltr'>καὶ</span> <span class='ocrx_word' id='word_1_342' title='bbox 939 4196 1039 4264; x_wconf 65' lang='grc' dir='ltr'>τῆς</span> <span class='ocrx_word' id='word_1_343' title='bbox 1068 4194 1328 4263; x_wconf 77' lang='grc' dir='ltr'>γεέννηςο</span> <span class='ocrx_word' id='word_1_344' title='bbox 1355 4187 1494 4246; x_wconf 87' lang='grc' dir='ltr'>Ἦτε</span> <span class='ocrx_word' id='word_1_345' title='bbox 1520 4192 1631 4261; x_wconf 82' lang='grc' dir='ltr'><em>γάρ</em></span> <span class='ocrx_word' id='word_1_346' title='bbox 1660 4207 1806 4247; x_wconf 84' lang='grc' dir='ltr'>ποτε</span> <span class='ocrx_word' id='word_1_347' title='bbox 1838 4194 2077 4259; x_wconf 86' lang='grc' dir='ltr'><em>σκότος,</em></span> 
     </span>
    </p>
   </div>
   <div class='ocr_carea' id='block_1_46' title="bbox 505 4278 2080 4351">
    <p class='ocr_par' dir='ltr' id='par_1_46' title="bbox 505 4278 2080 4351">
     <span class='ocr_line' id='line_1_46' title="bbox 505 4278 2080 4351; baseline 0 -19"><span class='ocrx_word' id='word_1_348' title='bbox 505 4279 660 4349; x_wconf 89' lang='grc' dir='ltr'>φησί,</span> <span class='ocrx_word' id='word_1_349' title='bbox 693 4279 812 4333; x_wconf 65' lang='grc' dir='ltr'>νεῖον</span> <span class='ocrx_word' id='word_1_350' title='bbox 840 4280 909 4333; x_wconf 76' lang='grc' dir='ltr'>δὲ</span> <span class='ocrx_word' id='word_1_351' title='bbox 940 4280 1065 4348; x_wconf 68' lang='grc' dir='ltr'><em>φῶς</em></span> <span class='ocrx_word' id='word_1_352' title='bbox 1084 4280 1155 4332; x_wconf 86' lang='grc' dir='ltr'>ἐν</span> <span class='ocrx_word' id='word_1_353' title='bbox 1183 4280 1394 4345; x_wconf 84' lang='grc' dir='ltr'>Κυρίῳ.</span> <span class='ocrx_word' id='word_1_354' title='bbox 1428 4278 1606 4350; x_wconf 79' lang='grc' dir='ltr'>Ὅπερ</span> <span class='ocrx_word' id='word_1_355' title='bbox 1633 4278 1781 4347; x_wconf 82' lang='grc' dir='ltr'>λέγει</span> <span class='ocrx_word' id='word_1_356' title='bbox 1811 4281 1905 4333; x_wconf 69' lang='grc' dir='ltr'>κοιλ⁵</span> <span class='ocrx_word' id='word_1_357' title='bbox 1928 4282 1986 4334; x_wconf 78' lang='grc' dir='ltr'>ὲν</span> <span class='ocrx_word' id='word_1_358' title='bbox 2012 4283 2080 4351; x_wconf 78' lang='grc' dir='ltr'>τῇ</span> 
     </span>
    </p>
   </div>
   <div class='ocr_carea' id='block_1_47' title="bbox 503 4362 2082 4437">
    <p class='ocr_par' dir='ltr' id='par_1_47' title="bbox 503 4362 2082 4437">
     <span class='ocr_line' id='line_1_47' title="bbox 503 4362 2082 4437; baseline 0.001 -17"><span class='ocrx_word' id='word_1_359' title='bbox 503 4366 643 4437; x_wconf 85' lang='grc' dir='ltr'>πρὸς</span> <span class='ocrx_word' id='word_1_360' title='bbox 670 4368 973 4436; x_wconf 70' lang='grc' dir='ltr'>’Πωμαίους</span> <span class='ocrx_word' id='word_1_361' title='bbox 1003 4366 1320 4437; x_wconf 78' lang='grc' dir='ltr'>Ἐπιστολῇ·</span> <span class='ocrx_word' id='word_1_362' title='bbox 1348 4367 1486 4421; x_wconf 87' lang='grc' dir='ltr'>Τίνα</span> <span class='ocrx_word' id='word_1_363' title='bbox 1506 4362 1620 4421; x_wconf 88' lang='grc' dir='ltr'>οὖν</span> <span class='ocrx_word' id='word_1_364' title='bbox 1637 4369 1871 4436; x_wconf 80' lang='grc' dir='ltr'>καρπὸν</span> <span class='ocrx_word' id='word_1_365' title='bbox 1890 4366 2082 4437; x_wconf 72' lang='grc' dir='ltr'>εἴχετε</span> 
     </span>
    </p>
   </div>
   <div class='ocr_carea' id='block_1_48' title="bbox 503 4449 2081 4525">
    <p class='ocr_par' dir='ltr' id='par_1_48' title="bbox 503 4449 2081 4525">
     <span class='ocr_line' id='line_1_48' title="bbox 503 4449 2081 4525; baseline 0 -19"><span class='ocrx_word' id='word_1_366' title='bbox 503 4455 774 4522; x_wconf 63' lang='grc' dir='ltr'><em>τότε,,ὲφ⁸</em></span> <span class='ocrx_word' id='word_1_367' title='bbox 797 4449 886 4518; x_wconf 78' lang='grc' dir='ltr'>οἷς</span> <span class='ocrx_word' id='word_1_368' title='bbox 908 4453 1026 4506; x_wconf 84' lang='grc' dir='ltr'>νῦν</span> <span class='ocrx_word' id='word_1_369' title='bbox 1045 4454 1525 4520; x_wconf 78' lang='grc' dir='ltr'>ὲπαισχύνεσθε;</span> <span class='ocrx_word' id='word_1_370' title='bbox 1551 4455 1646 4507; x_wconf 77' lang='grc' dir='ltr'>καὶ</span> <span class='ocrx_word' id='word_1_371' title='bbox 1672 4454 2081 4525; x_wconf 80' lang='grc' dir='ltr'>ἀναμιμνήσκει</span> 
     </span>
    </p>
   </div>
   <div class='ocr_carea' id='block_1_49' title="bbox 505 4539 2084 4611">
    <p class='ocr_par' dir='ltr' id='par_1_49' title="bbox 505 4539 2084 4611">
     <span class='ocr_line' id='line_1_49' title="bbox 505 4539 2084 4611; baseline -0.001 -18"><span class='ocrx_word' id='word_1_372' title='bbox 505 4539 702 4602; x_wconf 84' lang='grc' dir='ltr'>αὑτοὺς</span> <span class='ocrx_word' id='word_1_373' title='bbox 719 4540 820 4609; x_wconf 84' lang='grc' dir='ltr'>τῆς</span> <span class='ocrx_word' id='word_1_374' title='bbox 841 4540 1112 4609; x_wconf 87' lang='grc' dir='ltr'>προτέρας</span> <span class='ocrx_word' id='word_1_375' title='bbox 1129 4539 1320 4602; x_wconf 84' lang='grc' dir='ltr'>κακίας</span> <span class='ocrx_word' id='word_1_376' title='bbox 1346 4558 1359 4570; x_wconf 92' lang='grc'><strong>·</strong></span> <span class='ocrx_word' id='word_1_377' title='bbox 1378 4541 1676 4605; x_wconf 85' lang='grc' dir='ltr'>τουτέστιν,</span> <span class='ocrx_word' id='word_1_378' title='bbox 1706 4540 2084 4611; x_wconf 86' lang='grc' dir='ltr'>Ἐννοήσαντες</span> 
     </span>
    </p>
   </div>
   <div class='ocr_carea' id='block_1_50' title="bbox 505 4622 2082 4698">
    <p class='ocr_par' dir='ltr' id='par_1_50' title="bbox 505 4622 2082 4698">
     <span class='ocr_line' id='line_1_50' title="bbox 505 4622 2082 4698; baseline 0.001 -20"><span class='ocrx_word' id='word_1_379' title='bbox 505 4626 559 4678; x_wconf 90' lang='grc' dir='ltr'>τί</span> <span class='ocrx_word' id='word_1_380' title='bbox 585 4622 684 4697; x_wconf 77' lang='grc' dir='ltr'>ἦτέ</span> <span class='ocrx_word' id='word_1_381' title='bbox 736 4643 864 4683; x_wconf 81' lang='grc' dir='ltr'>ποτε</span> <span class='ocrx_word' id='word_1_382' title='bbox 910 4626 1086 4696; x_wconf 82' lang='grc' dir='ltr'>ὑμεῖς,</span> <span class='ocrx_word' id='word_1_383' title='bbox 1144 4628 1235 4680; x_wconf 78' lang='grc' dir='ltr'>καὶ</span> <span class='ocrx_word' id='word_1_384' title='bbox 1263 4626 1315 4680; x_wconf 86' lang='grc' dir='ltr'>τί</span> <span class='ocrx_word' id='word_1_385' title='bbox 1348 4627 1607 4696; x_wconf 81' lang='grc' dir='ltr'>γεγόνατε</span> <span class='ocrx_word' id='word_1_386' title='bbox 1639 4626 1755 4694; x_wconf 91' lang='grc' dir='ltr'>νῦν,</span> <span class='ocrx_word' id='word_1_387' title='bbox 1794 4627 1869 4698; x_wconf 82' lang='grc' dir='ltr'>μὴ</span> <span class='ocrx_word' id='word_1_388' title='bbox 1899 4627 2082 4681; x_wconf 77' lang='grc' dir='ltr'>παλινο</span> 
     </span>
    </p>
   </div>
   <div class='ocr_carea' id='block_1_51' title="bbox 504 4713 2082 4785">
    <p class='ocr_par' dir='ltr' id='par_1_51' title="bbox 504 4713 2082 4785">
     <span class='ocr_line' id='line_1_51' title="bbox 504 4713 2082 4785; baseline 0.003 -21"><span class='ocrx_word' id='word_1_389' title='bbox 504 4713 743 4784; x_wconf 73' lang='grc' dir='ltr'>δρομῆτε</span> <span class='ocrx_word' id='word_1_390' title='bbox 769 4714 905 4785; x_wconf 84' lang='grc' dir='ltr'>πρὸς</span> <span class='ocrx_word' id='word_1_391' title='bbox 921 4714 1019 4784; x_wconf 81' lang='grc' dir='ltr'>τὴν</span> <span class='ocrx_word' id='word_1_392' title='bbox 1053 4716 1327 4785; x_wconf 86' lang='grc' dir='ltr'>προτέραν</span> <span class='ocrx_word' id='word_1_393' title='bbox 1350 4715 1567 4775; x_wconf 80' lang='grc' dir='ltr'>κακίαν,</span> <span class='ocrx_word' id='word_1_394' title='bbox 1597 4714 1731 4785; x_wconf 83' lang='grc' dir='ltr'>μηδὲ</span> <span class='ocrx_word' id='word_1_395' title='bbox 1765 4714 2082 4785; x_wconf 74' lang='grc' dir='ltr'>ἐνυϐρίςητε</span> 
     </span>
    </p>
   </div>
   <div class='ocr_carea' id='block_1_52' title="bbox 506 4798 2082 4874">
    <p class='ocr_par' dir='ltr' id='par_1_52' title="bbox 506 4798 2082 4874">
     <span class='ocr_line' id='line_1_52' title="bbox 506 4798 2082 4874; baseline 0.003 -21"><span class='ocrx_word' id='word_1_396' title='bbox 506 4800 602 4854; x_wconf 85' lang='grc' dir='ltr'>τοῦ</span> <span class='ocrx_word' id='word_1_397' title='bbox 629 4802 764 4857; x_wconf 79' lang='grc' dir='ltr'>θεοῦ</span> <span class='ocrx_word' id='word_1_398' title='bbox 788 4803 885 4874; x_wconf 82' lang='grc' dir='ltr'>τὴν</span> <span class='ocrx_word' id='word_1_399' title='bbox 912 4798 1254 4873; x_wconf 66' lang='grc' dir='ltr'>χάριν.τΗτέ</span> <span class='ocrx_word' id='word_1_400' title='bbox 1279 4815 1424 4856; x_wconf 80' lang='grc' dir='ltr'>ποτε</span> <span class='ocrx_word' id='word_1_401' title='bbox 1454 4806 1694 4867; x_wconf 79' lang='grc' dir='ltr'><em>σκότος,</em></span> <span class='ocrx_word' id='word_1_402' title='bbox 1712 4802 1830 4856; x_wconf 87' lang='grc' dir='ltr'>νῦν</span> <span class='ocrx_word' id='word_1_403' title='bbox 1851 4802 1920 4857; x_wconf 82' lang='grc' dir='ltr'>δὲ</span> <span class='ocrx_word' id='word_1_404' title='bbox 1956 4802 2082 4873; x_wconf 76' lang='grc' dir='ltr'><em>φῶς</em></span> 
     </span>
    </p>
   </div>
   <div class='ocr_carea' id='block_1_53' title="bbox 506 4887 2089 4962">
    <p class='ocr_par' dir='ltr' id='par_1_53' title="bbox 506 4887 2089 4962">
     <span class='ocr_line' id='line_1_53' title="bbox 506 4887 2089 4962; baseline 0.003 -21"><span class='ocrx_word' id='word_1_405' title='bbox 506 4887 579 4941; x_wconf 81' lang='grc' dir='ltr'>ἐν</span> <span class='ocrx_word' id='word_1_406' title='bbox 592 4889 805 4957; x_wconf 68' lang='grc' dir='ltr'>Κιιρίᾳν</span> <span class='ocrx_word' id='word_1_407' title='bbox 830 4890 931 4945; x_wconf 88' lang='grc' dir='ltr'>οὑκ</span> <span class='ocrx_word' id='word_1_408' title='bbox 950 4890 1059 4944; x_wconf 73' lang='grc' dir='ltr'>ἀπὸ</span> <span class='ocrx_word' id='word_1_409' title='bbox 1073 4890 1174 4959; x_wconf 82' lang='grc' dir='ltr'>τῆς</span> <span class='ocrx_word' id='word_1_410' title='bbox 1192 4891 1481 4960; x_wconf 81' lang='grc' dir='ltr'>ὑμετέρας,</span> <span class='ocrx_word' id='word_1_411' title='bbox 1514 4891 1696 4957; x_wconf 73' lang='grc' dir='ltr'>φησὶν,</span> <span class='ocrx_word' id='word_1_412' title='bbox 1714 4891 1932 4962; x_wconf 81' lang='grc' dir='ltr'>ἀρετῆς,</span> <span class='ocrx_word' id='word_1_413' title='bbox 1955 4891 2089 4946; x_wconf 84' lang='grc' dir='ltr'>ἀλλὰ</span> 
     </span>
    </p>
   </div>
   <div class='ocr_carea' id='block_1_54' title="bbox 509 4974 2086 5051">
    <p class='ocr_par' dir='ltr' id='par_1_54' title="bbox 509 4974 2086 5051">
     <span class='ocr_line' id='line_1_54' title="bbox 509 4974 2086 5051; baseline 0.003 -25"><span class='ocrx_word' id='word_1_414' title='bbox 509 4974 596 5033; x_wconf 66' lang='grc' dir='ltr'>διὰ</span> <span class='ocrx_word' id='word_1_415' title='bbox 617 4976 716 5045; x_wconf 80' lang='grc' dir='ltr'>τῆς</span> <span class='ocrx_word' id='word_1_416' title='bbox 734 4975 828 5029; x_wconf 82' lang='grc' dir='ltr'>τοῦ</span> <span class='ocrx_word' id='word_1_417' title='bbox 845 4977 979 5032; x_wconf 72' lang='grc' dir='ltr'>Θεοῦ</span> <span class='ocrx_word' id='word_1_418' title='bbox 1001 4977 1220 5049; x_wconf 81' lang='grc' dir='ltr'>χάριτος</span> <span class='ocrx_word' id='word_1_419' title='bbox 1248 4976 1402 5028; x_wconf 88' lang='grc' dir='ltr'>τοῦτο</span> <span class='ocrx_word' id='word_1_420' title='bbox 1427 4976 1456 5027; x_wconf 90' lang='grc' dir='ltr'>ὑ</span> <span class='ocrx_word' id='word_1_421' title='bbox 1464 4978 1553 5045; x_wconf 91' lang='grc' dir='ltr'>μῖν</span> <span class='ocrx_word' id='word_1_422' title='bbox 1571 4976 1776 5047; x_wconf 78' lang='grc' dir='ltr'>ὑπῆρξε</span> <span class='ocrx_word' id='word_1_423' title='bbox 1799 4994 1811 5007; x_wconf 83' lang='lat'>&#39;</span> <span class='ocrx_word' id='word_1_424' title='bbox 1825 4978 2086 5051; x_wconf 66' lang='grc' dir='ltr'>τουτέστι,</span> 
     </span>
    </p>
   </div>
   <div class='ocr_carea' id='block_1_55' title="bbox 513 5060 2092 5135">
    <p class='ocr_par' dir='ltr' id='par_1_55' title="bbox 513 5060 2092 5135">
     <span class='ocr_line' id='line_1_55' title="bbox 513 5060 2092 5135; baseline 0.004 -19"><span class='ocrx_word' id='word_1_425' title='bbox 513 5063 625 5117; x_wconf 79' lang='grc' dir='ltr'>Καὶ</span> <span class='ocrx_word' id='word_1_426' title='bbox 642 5064 800 5135; x_wconf 85' lang='grc' dir='ltr'>ὑμεῖς</span> <span class='ocrx_word' id='word_1_427' title='bbox 825 5065 933 5123; x_wconf 84' lang='grc' dir='ltr'>τῶν</span> <span class='ocrx_word' id='word_1_428' title='bbox 957 5065 1137 5120; x_wconf 84' lang='grc' dir='ltr'>αὑτῶν</span> <span class='ocrx_word' id='word_1_429' title='bbox 1166 5064 1306 5130; x_wconf 77' lang='grc' dir='ltr'>ἄξιοι</span> <span class='ocrx_word' id='word_1_430' title='bbox 1330 5060 1427 5135; x_wconf 79' lang='grc' dir='ltr'>ἦτέ</span> <span class='ocrx_word' id='word_1_431' title='bbox 1451 5081 1600 5130; x_wconf 87' lang='grc' dir='ltr'>ποτε,</span> <span class='ocrx_word' id='word_1_432' title='bbox 1624 5064 1738 5119; x_wconf 82' lang='grc' dir='ltr'>ἀλλ’</span> <span class='ocrx_word' id='word_1_433' title='bbox 1760 5067 1962 5122; x_wconf 80' lang='grc' dir='ltr'>οὐκέτι.</span> <span class='ocrx_word' id='word_1_434' title='bbox 1998 5068 2092 5133; x_wconf 79' lang='grc' dir='ltr'><em>Ὠς</em></span> 
     </span>
    </p>
   </div>
   <div class='ocr_carea' id='block_1_56' title="bbox 514 5150 2088 5229">
    <p class='ocr_par' dir='ltr' id='par_1_56' title="bbox 514 5150 2088 5229">
     <span class='ocr_line' id='line_1_56' title="bbox 514 5150 2088 5229; baseline 0.003 -26"><span class='ocrx_word' id='word_1_435' title='bbox 514 5150 698 5206; x_wconf 86' lang='grc' dir='ltr'>τέκνα</span> <span class='ocrx_word' id='word_1_436' title='bbox 742 5153 953 5211; x_wconf 84' lang='grc' dir='ltr'><em>τοίνυν</em></span> <span class='ocrx_word' id='word_1_437' title='bbox 999 5154 1192 5222; x_wconf 75' lang='grc' dir='ltr'><em>φωτὸς</em></span> <span class='ocrx_word' id='word_1_438' title='bbox 1251 5152 1643 5220; x_wconf 78' lang='grc' dir='ltr'>περιπατεῖτε.</span> <span class='ocrx_word' id='word_1_439' title='bbox 1723 5153 1787 5207; x_wconf 95' lang='grc' dir='ltr'>Τί</span> <span class='ocrx_word' id='word_1_440' title='bbox 1841 5155 1905 5229; x_wconf 85' lang='grc' dir='ltr'>δή</span> <span class='ocrx_word' id='word_1_441' title='bbox 1953 5157 2088 5215; x_wconf 78' lang='grc' dir='ltr'>ἐστι,</span> 
     </span>
    </p>
   </div>
   <div class='ocr_carea' id='block_1_57' title="bbox 523 5241 2093 5311">
    <p class='ocr_par' dir='ltr' id='par_1_57' title="bbox 523 5241 2093 5311">
     <span class='ocr_line' id='line_1_57' title="bbox 523 5241 2093 5311; baseline 0.003 -18"><span class='ocrx_word' id='word_1_442' title='bbox 523 5242 706 5295; x_wconf 81' lang='grc' dir='ltr'><em>Τέκνα</em></span> <span class='ocrx_word' id='word_1_443' title='bbox 744 5243 970 5311; x_wconf 78' lang='grc' dir='ltr'><em>φωτὸς,</em></span> <span class='ocrx_word' id='word_1_444' title='bbox 1029 5241 1224 5309; x_wconf 77' lang='grc' dir='ltr'>ἐπάγει</span> <span class='ocrx_word' id='word_1_445' title='bbox 1265 5242 1423 5311; x_wconf 77' lang='grc' dir='ltr'>ἑξῆς·</span> <span class='ocrx_word' id='word_1_446' title='bbox 1466 5244 1529 5294; x_wconf 91' lang='lat'>&#39;0</span> <span class='ocrx_word' id='word_1_447' title='bbox 1561 5243 1671 5311; x_wconf 87' lang='grc' dir='ltr'><em>γὰρ</em></span> <span class='ocrx_word' id='word_1_448' title='bbox 1709 5243 1940 5310; x_wconf 76' lang='grc' dir='ltr'>καρπὸς</span> <span class='ocrx_word' id='word_1_449' title='bbox 1986 5243 2093 5298; x_wconf 85' lang='grc' dir='ltr'>τοῦ</span> 
     </span>
    </p>
   </div>
   <div class='ocr_carea' id='block_1_58' title="bbox 518 5328 2090 5398">
    <p class='ocr_par' dir='ltr' id='par_1_58' title="bbox 518 5328 2090 5398">
     <span class='ocr_line' id='line_1_58' title="bbox 518 5328 2090 5398; baseline 0.001 -18"><span class='ocrx_word' id='word_1_450' title='bbox 518 5328 867 5397; x_wconf 76' lang='grc' dir='ltr'>Ιῖνεύματος</span> <span class='ocrx_word' id='word_1_451' title='bbox 912 5329 981 5384; x_wconf 81' lang='grc' dir='ltr'>ἐν</span> <span class='ocrx_word' id='word_1_452' title='bbox 1012 5328 1179 5396; x_wconf 76' lang='grc' dir='ltr'>πάσῃ</span> <span class='ocrx_word' id='word_1_453' title='bbox 1215 5330 1568 5397; x_wconf 80' lang='grc' dir='ltr'><em>δικαιοσύνῃ</em></span> <span class='ocrx_word' id='word_1_454' title='bbox 1602 5329 1698 5384; x_wconf 77' lang='grc' dir='ltr'>καὶ</span> <span class='ocrx_word' id='word_1_455' title='bbox 1729 5330 2090 5398; x_wconf 76' lang='grc' dir='ltr'>ἀγαθωσύνῃ</span> 
     </span>
    </p>
   </div>
   <div class='ocr_carea' id='block_1_59' title="bbox 518 5414 2095 5487">
    <p class='ocr_par' dir='ltr' id='par_1_59' title="bbox 518 5414 2095 5487">
     <span class='ocr_line' id='line_1_59' title="bbox 518 5414 2095 5487; baseline 0.002 -22"><span class='ocrx_word' id='word_1_456' title='bbox 518 5414 616 5465; x_wconf 79' lang='grc' dir='ltr'>καὶ</span> <span class='ocrx_word' id='word_1_457' title='bbox 660 5415 929 5482; x_wconf 73' lang='grc' dir='ltr'>ἀληθείᾳ.</span> <span class='ocrx_word' id='word_1_458' title='bbox 986 5415 1405 5487; x_wconf 77' lang='grc' dir='ltr'>Δοκιμάζοντες</span> <span class='ocrx_word' id='word_1_459' title='bbox 1452 5418 1506 5470; x_wconf 86' lang='grc' dir='ltr'>τί</span> <span class='ocrx_word' id='word_1_460' title='bbox 1554 5416 1728 5470; x_wconf 81' lang='grc' dir='ltr'><em>ἐστιν</em></span> <span class='ocrx_word' id='word_1_461' title='bbox 1764 5415 2095 5484; x_wconf 79' lang='grc' dir='ltr'>εὐάρεστον</span> 
     </span>
    </p>
   </div>
   <div class='ocr_carea' id='block_1_60' title="bbox 520 5496 2096 5575">
    <p class='ocr_par' dir='ltr' id='par_1_60' title="bbox 520 5496 2096 5575">
     <span class='ocr_line' id='line_1_60' title="bbox 520 5496 2096 5575; baseline 0.001 -23"><span class='ocrx_word' id='word_1_462' title='bbox 520 5496 851 5568; x_wconf 75' lang='grc' dir='ltr'>τῷΚυρίφ.</span> <span class='ocrx_word' id='word_1_463' title='bbox 906 5504 999 5557; x_wconf 84' lang='grc' dir='ltr'>Ἐν</span> <span class='ocrx_word' id='word_1_464' title='bbox 1042 5506 1233 5573; x_wconf 78' lang='grc' dir='ltr'><em>πάσῃ,</em></span> <span class='ocrx_word' id='word_1_465' title='bbox 1277 5503 1462 5575; x_wconf 66' lang='grc' dir='ltr'>φησὶν,</span> <span class='ocrx_word' id='word_1_466' title='bbox 1513 5502 1894 5571; x_wconf 78' lang='grc' dir='ltr'>ἀγαθωσύνῃ.</span> <span class='ocrx_word' id='word_1_467' title='bbox 1926 5501 2096 5555; x_wconf 86' lang='grc' dir='ltr'>Τοῦτο</span> 
     </span>
    </p>
   </div>
   <div class='ocr_carea' id='block_1_61' title="bbox 526 5587 2093 5663">
    <p class='ocr_par' dir='ltr' id='par_1_61' title="bbox 526 5587 2093 5663">
     <span class='ocr_line' id='line_1_61' title="bbox 526 5587 2093 5663; baseline 0.004 -27"><span class='ocrx_word' id='word_1_468' title='bbox 526 5587 663 5655; x_wconf 85' lang='grc' dir='ltr'>πρὸς</span> <span class='ocrx_word' id='word_1_469' title='bbox 705 5590 833 5653; x_wconf 83' lang='grc' dir='ltr'>τοὺς</span> <span class='ocrx_word' id='word_1_470' title='bbox 874 5591 1294 5663; x_wconf 79' lang='grc' dir='ltr'>ὀργιζομένους,</span> <span class='ocrx_word' id='word_1_471' title='bbox 1335 5591 1469 5660; x_wconf 82' lang='grc' dir='ltr'>πρὸς</span> <span class='ocrx_word' id='word_1_472' title='bbox 1513 5590 1638 5652; x_wconf 82' lang='grc' dir='ltr'>τοὺς</span> <span class='ocrx_word' id='word_1_473' title='bbox 1682 5588 1914 5660; x_wconf 88' lang='grc' dir='ltr'>πικρούς</span> <span class='ocrx_word' id='word_1_474' title='bbox 1941 5606 1955 5620; x_wconf 81' lang='grc'><strong><em>⁸</em></strong></span> <span class='ocrx_word' id='word_1_475' title='bbox 1982 5589 2093 5644; x_wconf 78' lang='grc' dir='ltr'>Καὶ</span> 
     </span>
    </p>
   </div>
   <div class='ocr_carea' id='block_1_62' title="bbox 524 5670 2095 5751">
    <p class='ocr_par' dir='ltr' id='par_1_62' title="bbox 524 5670 2095 5751">
     <span class='ocr_line' id='line_1_62' title="bbox 524 5670 2095 5751; baseline 0.002 -26"><span class='ocrx_word' id='word_1_476' title='bbox 524 5670 879 5747; x_wconf 72' lang='grc' dir='ltr'>δικαιοσύνῃ</span> <span class='ocrx_word' id='word_1_477' title='bbox 907 5697 919 5708; x_wconf 93' lang='grc'><strong>·</strong></span> <span class='ocrx_word' id='word_1_478' title='bbox 944 5678 1101 5734; x_wconf 89' lang='grc' dir='ltr'>τοῦτο</span> <span class='ocrx_word' id='word_1_479' title='bbox 1146 5681 1282 5751; x_wconf 83' lang='grc' dir='ltr'>πρὸς</span> <span class='ocrx_word' id='word_1_480' title='bbox 1316 5679 1439 5733; x_wconf 71' lang='grc' dir='ltr'>τοὺς</span> <span class='ocrx_word' id='word_1_481' title='bbox 1469 5675 1920 5741; x_wconf 68' lang='grc' dir='ltr'>πλεονεκτοῦντας</span> <span class='ocrx_word' id='word_1_482' title='bbox 1947 5693 1957 5703; x_wconf 95' lang='grc'><strong>·</strong></span> <span class='ocrx_word' id='word_1_483' title='bbox 1987 5677 2095 5729; x_wconf 77' lang='grc' dir='ltr'>Καὶ</span> 
     </span>
    </p>
   </div>
   <div class='ocr_carea' id='block_1_63' title="bbox 2157 1006 3741 1086">
    <p class='ocr_par' dir='ltr' id='par_1_63' title="bbox 2157 1006 3741 1086">
     <span class='ocr_line' id='line_1_63' title="bbox 2157 1006 3741 1086; baseline -0.012 -12"><span class='ocrx_word' id='word_1_484' title='bbox 2157 1018 2411 1086; x_wconf 75' lang='grc' dir='ltr'>ἀληθείᾳ</span> <span class='ocrx_word' id='word_1_485' title='bbox 2440 1031 2453 1045; x_wconf 73' lang='grc'><strong>⁸</strong></span> <span class='ocrx_word' id='word_1_486' title='bbox 2478 1014 2639 1069; x_wconf 84' lang='grc' dir='ltr'>τοῦτο</span> <span class='ocrx_word' id='word_1_487' title='bbox 2662 1012 2799 1085; x_wconf 77' lang='grc' dir='ltr'>πρὸς</span> <span class='ocrx_word' id='word_1_488' title='bbox 2833 1012 2932 1082; x_wconf 84' lang='grc' dir='ltr'>τὴν</span> <span class='ocrx_word' id='word_1_489' title='bbox 2962 1010 3133 1081; x_wconf 75' lang='grc' dir='ltr'>ψευδῆ</span> <span class='ocrx_word' id='word_1_490' title='bbox 3166 1008 3380 1081; x_wconf 85' lang='grc' dir='ltr'>ήδονήν.</span> <span class='ocrx_word' id='word_1_491' title='bbox 3414 1007 3529 1061; x_wconf 88' lang='grc' dir='ltr'>Οὑκ</span> <span class='ocrx_word' id='word_1_492' title='bbox 3559 1006 3741 1058; x_wconf 72' lang='grc' dir='ltr'>ἐκεῖνα</span> 
     </span>
    </p>
   </div>
   <div class='ocr_carea' id='block_1_64' title="bbox 2157 1091 3739 1173">
    <p class='ocr_par' dir='ltr' id='par_1_64' title="bbox 2157 1091 3739 1173">
     <span class='ocr_line' id='line_1_64' title="bbox 2157 1091 3739 1173; baseline -0.012 -13"><span class='ocrx_word' id='word_1_493' title='bbox 2157 1106 2194 1161; x_wconf 76' lang='grc' dir='ltr'>ἃ</span> <span class='ocrx_word' id='word_1_494' title='bbox 2213 1103 2387 1168; x_wconf 78' lang='grc' dir='ltr'>εἶπον,</span> <span class='ocrx_word' id='word_1_495' title='bbox 2414 1105 2599 1173; x_wconf 67' lang='grc' dir='ltr'>φησιν,</span> <span class='ocrx_word' id='word_1_496' title='bbox 2616 1101 2749 1155; x_wconf 87' lang='grc' dir='ltr'>ἀλλά</span> <span class='ocrx_word' id='word_1_497' title='bbox 2765 1098 2833 1152; x_wconf 72' lang='grc' dir='ltr'>τὰ</span> <span class='ocrx_word' id='word_1_498' title='bbox 2855 1098 3096 1152; x_wconf 73' lang='grc' dir='ltr'>ἐναντία.</span> <span class='ocrx_word' id='word_1_499' title='bbox 3130 1097 3227 1150; x_wconf 86' lang='grc' dir='ltr'>Ἑν</span> <span class='ocrx_word' id='word_1_500' title='bbox 3243 1094 3433 1163; x_wconf 81' lang='grc' dir='ltr'>πάσῃ.</span> <span class='ocrx_word' id='word_1_501' title='bbox 3455 1091 3739 1155; x_wconf 83' lang='grc' dir='ltr'>Τουτέστι,</span> 
     </span>
    </p>
   </div>
   <div class='ocr_carea' id='block_1_65' title="bbox 2159 1180 3744 1263">
    <p class='ocr_par' dir='ltr' id='par_1_65' title="bbox 2159 1180 3744 1263">
     <span class='ocr_line' id='line_1_65' title="bbox 2159 1180 3744 1263; baseline -0.009 -16"><span class='ocrx_word' id='word_1_502' title='bbox 2159 1192 2369 1263; x_wconf 81' lang='grc' dir='ltr'>καρπὸν</span> <span class='ocrx_word' id='word_1_503' title='bbox 2429 1191 2509 1243; x_wconf 88' lang='grc' dir='ltr'>δεῖ</span> <span class='ocrx_word' id='word_1_504' title='bbox 2560 1185 2926 1257; x_wconf 71' lang='grc' dir='ltr'>πνευματικὸν</span> <span class='ocrx_word' id='word_1_505' title='bbox 2987 1181 3393 1237; x_wconf 72' lang='grc' dir='ltr'>ἐπιδείκνυσθαι</span> <span class='ocrx_word' id='word_1_506' title='bbox 3463 1181 3521 1232; x_wconf 74' lang='grc' dir='ltr'>ἐν</span> <span class='ocrx_word' id='word_1_507' title='bbox 3584 1180 3744 1232; x_wconf 86' lang='grc' dir='ltr'>πᾶσι.</span> 
     </span>
    </p>
   </div>
   <div class='ocr_carea' id='block_1_66' title="bbox 2159 1264 3743 1348">
    <p class='ocr_par' dir='ltr' id='par_1_66' title="bbox 2159 1264 3743 1348">
     <span class='ocr_line' id='line_1_66' title="bbox 2159 1264 3743 1348; baseline -0.01 -15"><span class='ocrx_word' id='word_1_508' title='bbox 2159 1276 2579 1348; x_wconf 75' lang='grc' dir='ltr'>Δοκιμάζοντες</span> <span class='ocrx_word' id='word_1_509' title='bbox 2641 1275 2699 1328; x_wconf 87' lang='grc' dir='ltr'>τί</span> <span class='ocrx_word' id='word_1_510' title='bbox 2738 1275 2871 1326; x_wconf 83' lang='grc' dir='ltr'>ἐστι</span> <span class='ocrx_word' id='word_1_511' title='bbox 2917 1271 2984 1325; x_wconf 89' lang='grc' dir='ltr'>τὸ</span> <span class='ocrx_word' id='word_1_512' title='bbox 3028 1269 3360 1337; x_wconf 81' lang='grc' dir='ltr'>εὐάρεστον</span> <span class='ocrx_word' id='word_1_513' title='bbox 3402 1264 3484 1333; x_wconf 83' lang='grc' dir='ltr'><em>τῷ</em></span> <span class='ocrx_word' id='word_1_514' title='bbox 3526 1266 3743 1333; x_wconf 81' lang='grc' dir='ltr'>Κυρίῳ.</span> 
     </span>
    </p>
   </div>
   <div class='ocr_carea' id='block_1_67' title="bbox 2166 1350 3746 1438">
    <p class='ocr_par' dir='ltr' id='par_1_67' title="bbox 2166 1350 3746 1438">
     <span class='ocr_line' id='line_1_67' title="bbox 2166 1350 3746 1438; baseline -0.011 -17"><span class='ocrx_word' id='word_1_515' title='bbox 2166 1369 2307 1438; x_wconf 81' lang='grc' dir='ltr'>Ἀρα</span> <span class='ocrx_word' id='word_1_516' title='bbox 2341 1363 2597 1432; x_wconf 82' lang='grc' dir='ltr'>παιδικῆς</span> <span class='ocrx_word' id='word_1_517' title='bbox 2626 1363 2809 1414; x_wconf 73' lang='grc' dir='ltr'>ἐκεῖνα</span> <span class='ocrx_word' id='word_1_518' title='bbox 2840 1358 3074 1421; x_wconf 84' lang='grc' dir='ltr'>διανοίας</span> <span class='ocrx_word' id='word_1_519' title='bbox 3114 1358 3207 1410; x_wconf 77' lang='grc' dir='ltr'>καὶ</span> <span class='ocrx_word' id='word_1_520' title='bbox 3239 1353 3485 1418; x_wconf 84' lang='grc' dir='ltr'>ἀτελοῦς.</span> <span class='ocrx_word' id='word_1_521' title='bbox 3528 1353 3635 1406; x_wconf 75' lang='grc' dir='ltr'>Καὶ</span> <span class='ocrx_word' id='word_1_522' title='bbox 3657 1350 3746 1420; x_wconf 82' lang='grc' dir='ltr'>μὴ</span> 
     </span>
    </p>
   </div>
   <div class='ocr_carea' id='block_1_68' title="bbox 2162 1438 3749 1522">
    <p class='ocr_par' dir='ltr' id='par_1_68' title="bbox 2162 1438 3749 1522">
     <span class='ocr_line' id='line_1_68' title="bbox 2162 1438 3749 1522; baseline -0.013 -13"><span class='ocrx_word' id='word_1_523' title='bbox 2162 1449 2638 1522; x_wconf 76' lang='grc' dir='ltr'>συγ-κοινωνεῖτε,</span> <span class='ocrx_word' id='word_1_524' title='bbox 2682 1446 2836 1517; x_wconf 66' lang='grc' dir='ltr'>φησι,</span> <span class='ocrx_word' id='word_1_525' title='bbox 2871 1443 2994 1510; x_wconf 85' lang='grc' dir='ltr'><em>τοῖς</em></span> <span class='ocrx_word' id='word_1_526' title='bbox 3043 1443 3242 1512; x_wconf 78' lang='grc' dir='ltr'><em>ἔργοις</em></span> <span class='ocrx_word' id='word_1_527' title='bbox 3282 1441 3407 1506; x_wconf 80' lang='grc' dir='ltr'><em>τοῖς</em></span> <span class='ocrx_word' id='word_1_528' title='bbox 3453 1438 3749 1505; x_wconf 80' lang='grc' dir='ltr'>ἀκάρποις</span> 
     </span>
    </p>
   </div>
   <div class='ocr_carea' id='block_1_69' title="bbox 2163 1523 3750 1603">
    <p class='ocr_par' dir='ltr' id='par_1_69' title="bbox 2163 1523 3750 1603">
     <span class='ocr_line' id='line_1_69' title="bbox 2163 1523 3750 1603; baseline -0.012 -9"><span class='ocrx_word' id='word_1_529' title='bbox 2163 1532 2270 1594; x_wconf 83' lang='grc' dir='ltr'>τοῦ</span> <span class='ocrx_word' id='word_1_530' title='bbox 2311 1539 2593 1601; x_wconf 85' lang='grc' dir='ltr'><em>σκότους,</em></span> <span class='ocrx_word' id='word_1_531' title='bbox 2631 1531 2875 1603; x_wconf 74' lang='grc' dir='ltr'>μᾶλλον</span> <span class='ocrx_word' id='word_1_532' title='bbox 2916 1529 2985 1583; x_wconf 82' lang='grc' dir='ltr'>δὲ</span> <span class='ocrx_word' id='word_1_533' title='bbox 3025 1530 3121 1582; x_wconf 83' lang='grc' dir='ltr'>καί</span> <span class='ocrx_word' id='word_1_534' title='bbox 3166 1527 3485 1596; x_wconf 77' lang='grc' dir='ltr'>ἑ.ῖέγχετε’</span> <span class='ocrx_word' id='word_1_535' title='bbox 3521 1524 3594 1577; x_wconf 83' lang='grc' dir='ltr'><em>τὰ</em></span> <span class='ocrx_word' id='word_1_536' title='bbox 3638 1523 3750 1592; x_wconf 75' lang='grc' dir='ltr'>γὰρ</span> 
     </span>
    </p>
   </div>
   <div class='ocr_carea' id='block_1_70' title="bbox 2165 1608 3748 1694">
    <p class='ocr_par' dir='ltr' id='par_1_70' title="bbox 2165 1608 3748 1694">
     <span class='ocr_line' id='line_1_70' title="bbox 2165 1608 3748 1694; baseline -0.013 -14"><span class='ocrx_word' id='word_1_537' title='bbox 2165 1623 2367 1694; x_wconf 67' lang='grc' dir='ltr'><em>κρυφῇ</em></span> <span class='ocrx_word' id='word_1_538' title='bbox 2420 1622 2701 1691; x_wconf 81' lang='grc' dir='ltr'>γινόμενα</span> <span class='ocrx_word' id='word_1_539' title='bbox 2737 1617 2840 1673; x_wconf 75' lang='grc' dir='ltr'>ὑπ’</span> <span class='ocrx_word' id='word_1_540' title='bbox 2895 1612 3123 1675; x_wconf 85' lang='grc' dir='ltr'>αὐτῶν,</span> <span class='ocrx_word' id='word_1_541' title='bbox 3171 1613 3430 1681; x_wconf 86' lang='grc' dir='ltr'>αίσχρόν</span> <span class='ocrx_word' id='word_1_542' title='bbox 3470 1611 3600 1662; x_wconf 84' lang='grc' dir='ltr'><em>ἐστι</em></span> <span class='ocrx_word' id='word_1_543' title='bbox 3647 1608 3748 1661; x_wconf 73' lang='grc' dir='ltr'>καὶ</span> 
     </span>
    </p>
   </div>
   <div class='ocr_carea' id='block_1_71' title="bbox 2163 1695 3747 1780">
    <p class='ocr_par' dir='ltr' id='par_1_71' title="bbox 2163 1695 3747 1780">
     <span class='ocr_line' id='line_1_71' title="bbox 2163 1695 3747 1780; baseline -0.012 -14"><span class='ocrx_word' id='word_1_544' title='bbox 2163 1712 2383 1780; x_wconf 78' lang='grc' dir='ltr'>λέγειν.</span> <span class='ocrx_word' id='word_1_545' title='bbox 2416 1709 2490 1763; x_wconf 87' lang='grc' dir='ltr'>Τὰ</span> <span class='ocrx_word' id='word_1_546' title='bbox 2511 1706 2580 1760; x_wconf 84' lang='grc' dir='ltr'>δὲ</span> <span class='ocrx_word' id='word_1_547' title='bbox 2607 1706 2824 1764; x_wconf 77' lang='grc' dir='ltr'>πάντα,</span> <span class='ocrx_word' id='word_1_548' title='bbox 2852 1702 3219 1771; x_wconf 80' lang='grc' dir='ltr'>ἐλεγχόμενα</span> <span class='ocrx_word' id='word_1_549' title='bbox 3247 1699 3366 1752; x_wconf 83' lang='grc' dir='ltr'>ὑπὸ</span> <span class='ocrx_word' id='word_1_550' title='bbox 3391 1696 3513 1780; x_wconf 26' lang='grc' dir='ltr'>τοῦ.</span> <span class='ocrx_word' id='word_1_551' title='bbox 3530 1695 3747 1764; x_wconf 53' lang='grc' dir='ltr'>φωτιλς,</span> 
     </span>
    </p>
   </div>
   <div class='ocr_carea' id='block_1_72' title="bbox 2167 1778 3752 1869">
    <p class='ocr_par' dir='ltr' id='par_1_72' title="bbox 2167 1778 3752 1869">
     <span class='ocr_line' id='line_1_72' title="bbox 2167 1778 3752 1869; baseline -0.013 -16"><span class='ocrx_word' id='word_1_552' title='bbox 2167 1778 2545 1869; x_wconf 75' lang='grc' dir='ltr'>φανεροῦται.</span> <span class='ocrx_word' id='word_1_553' title='bbox 2577 1789 2764 1854; x_wconf 79' lang='grc' dir='ltr'>Εἶπεν,</span> <span class='ocrx_word' id='word_1_554' title='bbox 2790 1792 2871 1844; x_wconf 83' lang='grc' dir='ltr'>ὅτι</span> <span class='ocrx_word' id='word_1_555' title='bbox 2898 1787 3027 1853; x_wconf 83' lang='grc' dir='ltr'>Φῶς</span> <span class='ocrx_word' id='word_1_556' title='bbox 3047 1788 3192 1840; x_wconf 81' lang='grc' dir='ltr'>ἐστε</span> <span class='ocrx_word' id='word_1_557' title='bbox 3212 1785 3307 1869; x_wconf 68' lang='grc' dir='ltr'>’τὸ</span> <span class='ocrx_word' id='word_1_558' title='bbox 3332 1785 3388 1837; x_wconf 84' lang='grc' dir='ltr'>δὲ</span> <span class='ocrx_word' id='word_1_559' title='bbox 3406 1778 3519 1852; x_wconf 79' lang='grc' dir='ltr'>φῶς</span> <span class='ocrx_word' id='word_1_560' title='bbox 3539 1782 3752 1850; x_wconf 76' lang='grc' dir='ltr'>ἐλέγχει</span> 
     </span>
    </p>
   </div>
   <div class='ocr_carea' id='block_1_73' title="bbox 2167 1868 3750 1949">
    <p class='ocr_par' dir='ltr' id='par_1_73' title="bbox 2167 1868 3750 1949">
     <span class='ocr_line' id='line_1_73' title="bbox 2167 1868 3750 1949; baseline -0.013 -10"><span class='ocrx_word' id='word_1_561' title='bbox 2167 1885 2235 1939; x_wconf 74' lang='grc' dir='ltr'>τὰ</span> <span class='ocrx_word' id='word_1_562' title='bbox 2257 1886 2315 1937; x_wconf 85' lang='grc' dir='ltr'>ὲν</span> <span class='ocrx_word' id='word_1_563' title='bbox 2368 1883 2549 1936; x_wconf 85' lang='grc' dir='ltr'>σκότει</span> <span class='ocrx_word' id='word_1_564' title='bbox 2596 1878 2877 1949; x_wconf 88' lang='grc' dir='ltr'>γινόμενα.</span> <span class='ocrx_word' id='word_1_565' title='bbox 2923 1876 3086 1927; x_wconf 83' lang='grc' dir='ltr'>Ὥστε</span> <span class='ocrx_word' id='word_1_566' title='bbox 3129 1868 3323 1944; x_wconf 76' lang='grc' dir='ltr'>ἀνῆτε</span> <span class='ocrx_word' id='word_1_567' title='bbox 3346 1872 3526 1940; x_wconf 83' lang='grc' dir='ltr'>ὑμεῖς,</span> <span class='ocrx_word' id='word_1_568' title='bbox 3559 1869 3750 1937; x_wconf 72' lang='grc' dir='ltr'>φησὶν,</span> 
     </span>
    </p>
   </div>
   <div class='ocr_carea' id='block_1_74' title="bbox 2170 1953 3754 2042">
    <p class='ocr_par' dir='ltr' id='par_1_74' title="bbox 2170 1953 3754 2042">
     <span class='ocr_line' id='line_1_74' title="bbox 2170 1953 3754 2042; baseline -0.012 -17"><span class='ocrx_word' id='word_1_569' title='bbox 2170 1972 2413 2042; x_wconf 79' lang='grc' dir='ltr'>ὲνάρετοι</span> <span class='ocrx_word' id='word_1_570' title='bbox 2478 1968 2570 2022; x_wconf 78' lang='grc' dir='ltr'>καὶ</span> <span class='ocrx_word' id='word_1_571' title='bbox 2615 1963 2957 2036; x_wconf 75' lang='grc' dir='ltr'>θαυμαστοὶ,</span> <span class='ocrx_word' id='word_1_572' title='bbox 3009 1960 3193 2014; x_wconf 87' lang='grc' dir='ltr'>λαθεῖν</span> <span class='ocrx_word' id='word_1_573' title='bbox 3230 1959 3289 2012; x_wconf 88' lang='grc' dir='ltr'>οὑ</span> <span class='ocrx_word' id='word_1_574' title='bbox 3329 1958 3651 2027; x_wconf 82' lang='grc' dir='ltr'>δυνήσονται</span> <span class='ocrx_word' id='word_1_575' title='bbox 3700 1953 3754 2006; x_wconf 81' lang='grc' dir='ltr'>οί</span> 
     </span>
    </p>
   </div>
   <div class='ocr_carea' id='block_1_75' title="bbox 2170 2041 3756 2130">
    <p class='ocr_par' dir='ltr' id='par_1_75' title="bbox 2170 2041 3756 2130">
     <span class='ocr_line' id='line_1_75' title="bbox 2170 2041 3756 2130; baseline -0.011 -17"><span class='ocrx_word' id='word_1_576' title='bbox 2170 2041 2418 2130; x_wconf 84' lang='grc' dir='ltr'>πονηροί.</span> <span class='ocrx_word' id='word_1_577' title='bbox 2495 2054 2763 2124; x_wconf 84' lang='grc' dir='ltr'>Καθάπερ</span> <span class='ocrx_word' id='word_1_578' title='bbox 2817 2050 2925 2121; x_wconf 82' lang='grc' dir='ltr'>γὰρ</span> <span class='ocrx_word' id='word_1_579' title='bbox 2993 2046 3190 2117; x_wconf 82' lang='grc' dir='ltr'>λύχνου</span> <span class='ocrx_word' id='word_1_580' title='bbox 3237 2044 3507 2130; x_wconf 73' lang='grc' dir='ltr'>κειμένου</span> <span class='ocrx_word' id='word_1_581' title='bbox 3551 2041 3756 2104; x_wconf 83' lang='grc' dir='ltr'>πάντες</span> 
     </span>
    </p>
   </div>
   <div class='ocr_carea' id='block_1_76' title="bbox 2171 2127 3756 2215">
    <p class='ocr_par' dir='ltr' id='par_1_76' title="bbox 2171 2127 3756 2215">
     <span class='ocr_line' id='line_1_76' title="bbox 2171 2127 3756 2215; baseline -0.012 -16"><span class='ocrx_word' id='word_1_582' title='bbox 2171 2127 2517 2215; x_wconf 68' lang='grc' dir='ltr'>φωτίζονται,</span> <span class='ocrx_word' id='word_1_583' title='bbox 2565 2145 2660 2195; x_wconf 76' lang='grc' dir='ltr'>καὶ</span> <span class='ocrx_word' id='word_1_584' title='bbox 2683 2142 2712 2193; x_wconf 89' lang='lat'>6</span> <span class='ocrx_word' id='word_1_585' title='bbox 2757 2136 2962 2209; x_wconf 81' lang='grc' dir='ltr'>λῃστὴς</span> <span class='ocrx_word' id='word_1_586' title='bbox 3008 2134 3109 2188; x_wconf 84' lang='grc' dir='ltr'>οὑκ</span> <span class='ocrx_word' id='word_1_587' title='bbox 3150 2132 3217 2186; x_wconf 85' lang='grc' dir='ltr'>ἂν</span> <span class='ocrx_word' id='word_1_588' title='bbox 3246 2128 3551 2184; x_wconf 84' lang='grc' dir='ltr'>ὲπεισέλθοι</span> <span class='ocrx_word' id='word_1_589' title='bbox 3573 2146 3588 2161; x_wconf 80' lang='grc' dir='ltr'><strong><em>ο</em></strong></span> <span class='ocrx_word' id='word_1_590' title='bbox 3609 2127 3756 2181; x_wconf 82' lang='grc' dir='ltr'>οὑτω</span> 
     </span>
    </p>
   </div>
   <div class='ocr_carea' id='block_1_77' title="bbox 2171 2215 3758 2298">
    <p class='ocr_par' dir='ltr' id='par_1_77' title="bbox 2171 2215 3758 2298">
     <span class='ocr_line' id='line_1_77' title="bbox 2171 2215 3758 2298; baseline -0.013 -13"><span class='ocrx_word' id='word_1_591' title='bbox 2171 2231 2265 2285; x_wconf 84' lang='grc' dir='ltr'>τοῦ</span> <span class='ocrx_word' id='word_1_592' title='bbox 2308 2229 2484 2298; x_wconf 74' lang='grc' dir='ltr'>φωτὸς</span> <span class='ocrx_word' id='word_1_593' title='bbox 2527 2226 2682 2297; x_wconf 87' lang='grc' dir='ltr'>ὑμῶν</span> <span class='ocrx_word' id='word_1_594' title='bbox 2722 2225 3062 2294; x_wconf 83' lang='grc' dir='ltr'>λάμποντος,</span> <span class='ocrx_word' id='word_1_595' title='bbox 3099 2218 3400 2274; x_wconf 77' lang='grc' dir='ltr'>ἁλώσονται</span> <span class='ocrx_word' id='word_1_596' title='bbox 3437 2218 3486 2269; x_wconf 86' lang='grc' dir='ltr'>οί</span> <span class='ocrx_word' id='word_1_597' title='bbox 3530 2215 3758 2286; x_wconf 64' lang='grc' dir='ltr'>πονηροὶ⁵</span> 
     </span>
    </p>
   </div>
   <div class='ocr_carea' id='block_1_78' title="bbox 2170 2300 3756 2386">
    <p class='ocr_par' dir='ltr' id='par_1_78' title="bbox 2170 2300 3756 2386">
     <span class='ocr_line' id='line_1_78' title="bbox 2170 2300 3756 2386; baseline -0.011 -15"><span class='ocrx_word' id='word_1_598' title='bbox 2170 2316 2529 2386; x_wconf 75' lang='grc' dir='ltr'>ἐλεγχόμενοι.</span> <span class='ocrx_word' id='word_1_599' title='bbox 2563 2314 2708 2385; x_wconf 84' lang='grc' dir='ltr'>Ἀρα</span> <span class='ocrx_word' id='word_1_600' title='bbox 2730 2311 3023 2379; x_wconf 81' lang='grc' dir='ltr'>διελέγχειν</span> <span class='ocrx_word' id='word_1_601' title='bbox 3058 2308 3155 2361; x_wconf 86' lang='grc' dir='ltr'>δεῖ.</span> <span class='ocrx_word' id='word_1_602' title='bbox 3193 2305 3315 2368; x_wconf 85' lang='grc' dir='ltr'>Πῶς</span> <span class='ocrx_word' id='word_1_603' title='bbox 3357 2300 3452 2357; x_wconf 81' lang='grc' dir='ltr'>οὖν</span> <span class='ocrx_word' id='word_1_604' title='bbox 3475 2320 3627 2373; x_wconf 81' lang='grc' dir='ltr'>φησι,</span> <span class='ocrx_word' id='word_1_605' title='bbox 3657 2300 3756 2369; x_wconf 75' lang='grc' dir='ltr'>Μὴ</span> 
     </span>
    </p>
   </div>
   <div class='ocr_carea' id='block_1_79' title="bbox 2170 2388 3759 2473">
    <p class='ocr_par' dir='ltr' id='par_1_79' title="bbox 2170 2388 3759 2473">
     <span class='ocr_line' id='line_1_79' title="bbox 2170 2388 3759 2473; baseline -0.012 -15"><span class='ocrx_word' id='word_1_606' title='bbox 2170 2406 2422 2473; x_wconf 82' lang='grc' dir='ltr'>κρίνετε,</span> <span class='ocrx_word' id='word_1_607' title='bbox 2451 2403 2552 2456; x_wconf 83' lang='grc' dir='ltr'>ἵνα</span> <span class='ocrx_word' id='word_1_608' title='bbox 2574 2399 2660 2470; x_wconf 77' lang='grc' dir='ltr'>μὴ</span> <span class='ocrx_word' id='word_1_609' title='bbox 2700 2396 2974 2466; x_wconf 80' lang='grc' dir='ltr'>κριθῆτε;</span> <span class='ocrx_word' id='word_1_610' title='bbox 3022 2394 3294 2462; x_wconf 84' lang='grc' dir='ltr'>Ἐλέγχειν</span> <span class='ocrx_word' id='word_1_611' title='bbox 3334 2388 3509 2453; x_wconf 85' lang='grc' dir='ltr'>εἶπεν,</span> <span class='ocrx_word' id='word_1_612' title='bbox 3555 2388 3617 2441; x_wconf 89' lang='grc' dir='ltr'>οὑ</span> <span class='ocrx_word' id='word_1_613' title='bbox 3652 2404 3759 2441; x_wconf 87' lang='grc' dir='ltr'>κα-</span> 
     </span>
    </p>
   </div>
   <div class='ocr_carea' id='block_1_80' title="bbox 2170 2475 3757 2562">
    <p class='ocr_par' dir='ltr' id='par_1_80' title="bbox 2170 2475 3757 2562">
     <span class='ocr_line' id='line_1_80' title="bbox 2170 2475 3757 2562; baseline -0.011 -18"><span class='ocrx_word' id='word_1_614' title='bbox 2170 2491 2465 2562; x_wconf 85' lang='grc' dir='ltr'>τακρίνειν,</span> <span class='ocrx_word' id='word_1_615' title='bbox 2510 2487 2796 2549; x_wconf 85' lang='grc' dir='ltr'>τουτέστι,</span> <span class='ocrx_word' id='word_1_616' title='bbox 2840 2482 3117 2536; x_wconf 86' lang='grc' dir='ltr'>παιδεύειν</span> <span class='ocrx_word' id='word_1_617' title='bbox 3147 2496 3160 2510; x_wconf 86' lang='grc'><strong>·</strong></span> <span class='ocrx_word' id='word_1_618' title='bbox 3193 2479 3321 2547; x_wconf 73' lang='grc' dir='ltr'>καὶ,</span> <span class='ocrx_word' id='word_1_619' title='bbox 3362 2475 3458 2543; x_wconf 77' lang='grc' dir='ltr'>Μὴ</span> <span class='ocrx_word' id='word_1_620' title='bbox 3501 2476 3757 2543; x_wconf 80' lang='grc' dir='ltr'>κρίνετε,</span> 
     </span>
    </p>
   </div>
   <div class='ocr_carea' id='block_1_81' title="bbox 2170 2561 3760 2647">
    <p class='ocr_par' dir='ltr' id='par_1_81' title="bbox 2170 2561 3760 2647">
     <span class='ocr_line' id='line_1_81' title="bbox 2170 2561 3760 2647; baseline -0.012 -15"><span class='ocrx_word' id='word_1_621' title='bbox 2170 2561 2385 2647; x_wconf 80' lang='grc' dir='ltr'>ἵναμὴ</span> <span class='ocrx_word' id='word_1_622' title='bbox 2413 2574 2674 2643; x_wconf 80' lang='grc' dir='ltr'>κριθῆτε,</span> <span class='ocrx_word' id='word_1_623' title='bbox 2713 2572 2843 2641; x_wconf 71' lang='grc' dir='ltr'>περ).</span> <span class='ocrx_word' id='word_1_624' title='bbox 2870 2568 2978 2623; x_wconf 86' lang='grc' dir='ltr'>τῶν</span> <span class='ocrx_word' id='word_1_625' title='bbox 3018 2567 3316 2637; x_wconf 74' lang='grc' dir='ltr'>ἐλαχίστων</span> <span class='ocrx_word' id='word_1_626' title='bbox 3343 2561 3760 2634; x_wconf 84' lang='grc' dir='ltr'>ἁμαρτημάτων</span> 
     </span>
    </p>
   </div>
   <div class='ocr_carea' id='block_1_82' title="bbox 2172 2648 3755 2732">
    <p class='ocr_par' dir='ltr' id='par_1_82' title="bbox 2172 2648 3755 2732">
     <span class='ocr_line' id='line_1_82' title="bbox 2172 2648 3755 2732; baseline -0.011 -14"><span class='ocrx_word' id='word_1_627' title='bbox 2172 2662 2345 2718; x_wconf 77' lang='grc' dir='ltr'>εἶπεν.</span> <span class='ocrx_word' id='word_1_628' title='bbox 2381 2662 2600 2732; x_wconf 84' lang='grc' dir='ltr'>Ἀμέλει</span> <span class='ocrx_word' id='word_1_629' title='bbox 2624 2660 2718 2714; x_wconf 69' lang='grc' dir='ltr'>καὶ</span> <span class='ocrx_word' id='word_1_630' title='bbox 2741 2659 2989 2731; x_wconf 74' lang='grc' dir='ltr'>ἐπήγαγε</span> <span class='ocrx_word' id='word_1_631' title='bbox 3007 2670 3021 2685; x_wconf 91' lang='grc'><strong>·</strong></span> <span class='ocrx_word' id='word_1_632' title='bbox 3061 2656 3120 2711; x_wconf 89' lang='grc' dir='ltr'>Τί</span> <span class='ocrx_word' id='word_1_633' title='bbox 3142 2653 3402 2719; x_wconf 73' lang='grc' dir='ltr'>βλέπεις</span> <span class='ocrx_word' id='word_1_634' title='bbox 3430 2650 3498 2704; x_wconf 85' lang='grc' dir='ltr'><em>τὸ</em></span> <span class='ocrx_word' id='word_1_635' title='bbox 3527 2648 3755 2732; x_wconf 75' lang='grc' dir='ltr'>κάρφος</span> 
     </span>
    </p>
   </div>
   <div class='ocr_carea' id='block_1_83' title="bbox 2174 2731 3765 2817">
    <p class='ocr_par' dir='ltr' id='par_1_83' title="bbox 2174 2731 3765 2817">
     <span class='ocr_line' id='line_1_83' title="bbox 2174 2731 3765 2817; baseline -0.012 -12"><span class='ocrx_word' id='word_1_636' title='bbox 2174 2751 2238 2805; x_wconf 90' lang='grc' dir='ltr'><em>τὸ</em></span> <span class='ocrx_word' id='word_1_637' title='bbox 2261 2751 2332 2804; x_wconf 81' lang='grc' dir='ltr'>ἐν</span> <span class='ocrx_word' id='word_1_638' title='bbox 2352 2748 2432 2812; x_wconf 83' lang='grc' dir='ltr'><em>τῷ</em></span> <span class='ocrx_word' id='word_1_639' title='bbox 2451 2731 2737 2817; x_wconf 61' lang='grc' dir='ltr'>οφθαλμῷ</span> <span class='ocrx_word' id='word_1_640' title='bbox 2770 2743 2875 2798; x_wconf 90' lang='grc' dir='ltr'>τοῦ</span> <span class='ocrx_word' id='word_1_641' title='bbox 2897 2739 3164 2810; x_wconf 66' lang='grc' dir='ltr'>ἁδελφοῦ</span> <span class='ocrx_word' id='word_1_642' title='bbox 3186 2756 3324 2805; x_wconf 90' lang='grc' dir='ltr'>σου,</span> <span class='ocrx_word' id='word_1_643' title='bbox 3351 2737 3468 2803; x_wconf 82' lang='grc' dir='ltr'>τὴν</span> <span class='ocrx_word' id='word_1_644' title='bbox 3489 2736 3557 2789; x_wconf 81' lang='grc' dir='ltr'>δὲ</span> <span class='ocrx_word' id='word_1_645' title='bbox 3592 2735 3662 2788; x_wconf 77' lang='grc' dir='ltr'><em>ἐν</em></span> <span class='ocrx_word' id='word_1_646' title='bbox 3681 2731 3765 2798; x_wconf 84' lang='grc' dir='ltr'>τῷ</span> 
     </span>
    </p>
   </div>
   <div class='ocr_carea' id='block_1_84' title="bbox 2175 2821 3762 2906">
    <p class='ocr_par' dir='ltr' id='par_1_84' title="bbox 2175 2821 3762 2906">
     <span class='ocr_line' id='line_1_84' title="bbox 2175 2821 3762 2906; baseline -0.012 -14"><span class='ocrx_word' id='word_1_647' title='bbox 2175 2837 2265 2903; x_wconf 83' lang='grc' dir='ltr'>σῷ</span> <span class='ocrx_word' id='word_1_648' title='bbox 2285 2834 2568 2906; x_wconf 63' lang='grc' dir='ltr'>ὀφθαλμῷ</span> <span class='ocrx_word' id='word_1_649' title='bbox 2584 2832 2763 2886; x_wconf 81' lang='grc' dir='ltr'><em>δοκὸν</em></span> <span class='ocrx_word' id='word_1_650' title='bbox 2783 2832 2855 2885; x_wconf 84' lang='grc' dir='ltr'>οὐ</span> <span class='ocrx_word' id='word_1_651' title='bbox 2878 2826 3193 2894; x_wconf 85' lang='grc' dir='ltr'>κατανοεῖς</span> <span class='ocrx_word' id='word_1_652' title='bbox 3210 2843 3229 2892; x_wconf 87' lang='grc'><strong><em>;</em></strong></span> <span class='ocrx_word' id='word_1_653' title='bbox 3254 2825 3300 2898; x_wconf 80' lang='grc' dir='ltr'><strong>[Ι</strong></span> <span class='ocrx_word' id='word_1_654' title='bbox 3313 2824 3406 2897; x_wconf 70' lang='grc' dir='ltr'>εει</span> <span class='ocrx_word' id='word_1_655' title='bbox 3435 2826 3500 2876; x_wconf 87' lang='grc' dir='ltr'>Ὃ</span> <span class='ocrx_word' id='word_1_656' title='bbox 3516 2823 3573 2876; x_wconf 76' lang='grc' dir='ltr'>δὲ</span> <span class='ocrx_word' id='word_1_657' title='bbox 3587 2821 3762 2890; x_wconf 85' lang='grc' dir='ltr'>λέγει,</span> 
     </span>
    </p>
   </div>
   <div class='ocr_carea' id='block_1_85' title="bbox 2174 2907 3768 2988">
    <p class='ocr_par' dir='ltr' id='par_1_85' title="bbox 2174 2907 3768 2988">
     <span class='ocr_line' id='line_1_85' title="bbox 2174 2907 3768 2988; baseline -0.013 -8"><span class='ocrx_word' id='word_1_658' title='bbox 2174 2925 2417 2980; x_wconf 87' lang='grc' dir='ltr'>τοιοῦτόν</span> <span class='ocrx_word' id='word_1_659' title='bbox 2440 2926 2588 2975; x_wconf 76' lang='grc' dir='ltr'>ἐστιν</span> <span class='ocrx_word' id='word_1_660' title='bbox 2616 2941 2629 2953; x_wconf 90' lang='grc'><strong>·</strong></span> <span class='ocrx_word' id='word_1_661' title='bbox 2659 2921 2870 2988; x_wconf 82' lang='grc' dir='ltr'>Ὠσπερ</span> <span class='ocrx_word' id='word_1_662' title='bbox 2895 2917 2957 2970; x_wconf 79' lang='grc' dir='ltr'>τὸ</span> <span class='ocrx_word' id='word_1_663' title='bbox 2980 2916 3220 2988; x_wconf 87' lang='grc' dir='ltr'>τραῦμα,</span> <span class='ocrx_word' id='word_1_664' title='bbox 3245 2914 3350 2977; x_wconf 78' lang='grc' dir='ltr'>ἓως</span> <span class='ocrx_word' id='word_1_665' title='bbox 3376 2914 3443 2968; x_wconf 84' lang='grc' dir='ltr'>ἂν</span> <span class='ocrx_word' id='word_1_666' title='bbox 3466 2907 3768 2982; x_wconf 75' lang='grc' dir='ltr'>ὲμφωλεύῃ</span> 
     </span>
    </p>
   </div>
   <div class='ocr_carea' id='block_1_86' title="bbox 2178 2997 3769 3081">
    <p class='ocr_par' dir='ltr' id='par_1_86' title="bbox 2178 2997 3769 3081">
     <span class='ocr_line' id='line_1_86' title="bbox 2178 2997 3769 3081; baseline -0.013 -14"><span class='ocrx_word' id='word_1_667' title='bbox 2178 3011 2584 3081; x_wconf 88' lang='grc' dir='ltr'>καλυπτόμενον</span> <span class='ocrx_word' id='word_1_668' title='bbox 2599 3006 2825 3069; x_wconf 81' lang='grc' dir='ltr'>ἀνωθεν,</span> <span class='ocrx_word' id='word_1_669' title='bbox 2845 3005 2938 3058; x_wconf 69' lang='grc' dir='ltr'>καὶ</span> <span class='ocrx_word' id='word_1_670' title='bbox 2954 3003 3042 3059; x_wconf 81' lang='grc' dir='ltr'>διὰ</span> <span class='ocrx_word' id='word_1_671' title='bbox 3075 3003 3273 3073; x_wconf 84' lang='grc' dir='ltr'>βάθους</span> <span class='ocrx_word' id='word_1_672' title='bbox 3305 2999 3494 3072; x_wconf 81' lang='grc' dir='ltr'>τρέχῃ,</span> <span class='ocrx_word' id='word_1_673' title='bbox 3509 2997 3769 3068; x_wconf 75' lang='grc' dir='ltr'>οὐδεμιᾶς</span> 
     </span>
    </p>
   </div>
   <div class='ocr_carea' id='block_1_87' title="bbox 2178 3085 3768 3166">
    <p class='ocr_par' dir='ltr' id='par_1_87' title="bbox 2178 3085 3768 3166">
     <span class='ocr_line' id='line_1_87' title="bbox 2178 3085 3768 3166; baseline -0.011 -12"><span class='ocrx_word' id='word_1_674' title='bbox 2178 3100 2442 3154; x_wconf 86' lang='grc' dir='ltr'>ἀπολαύει</span> <span class='ocrx_word' id='word_1_675' title='bbox 2488 3096 2588 3166; x_wconf 83' lang='grc' dir='ltr'>τῆς</span> <span class='ocrx_word' id='word_1_676' title='bbox 2637 3092 2955 3163; x_wconf 79' lang='grc' dir='ltr'>ἐπιμελείας</span> <span class='ocrx_word' id='word_1_677' title='bbox 2979 3107 2995 3122; x_wconf 79' lang='grc' dir='ltr'><strong>ο</strong></span> <span class='ocrx_word' id='word_1_678' title='bbox 3030 3090 3175 3144; x_wconf 82' lang='grc' dir='ltr'>οὑτω</span> <span class='ocrx_word' id='word_1_679' title='bbox 3219 3087 3315 3142; x_wconf 70' lang='grc' dir='ltr'>καὶ</span> <span class='ocrx_word' id='word_1_680' title='bbox 3354 3085 3627 3157; x_wconf 85' lang='grc' dir='ltr'>ἁμαρτία,</span> <span class='ocrx_word' id='word_1_681' title='bbox 3658 3085 3768 3146; x_wconf 68' lang='grc' dir='ltr'>ἕως</span> 
     </span>
    </p>
   </div>
   <div class='ocr_carea' id='block_1_88' title="bbox 2182 3171 3770 3258">
    <p class='ocr_par' dir='ltr' id='par_1_88' title="bbox 2182 3171 3770 3258">
     <span class='ocr_line' id='line_1_88' title="bbox 2182 3171 3770 3258; baseline -0.012 -17"><span class='ocrx_word' id='word_1_682' title='bbox 2182 3188 2283 3258; x_wconf 81' lang='grc' dir='ltr'>μὲν</span> <span class='ocrx_word' id='word_1_683' title='bbox 2313 3187 2378 3241; x_wconf 87' lang='grc' dir='ltr'>ἂν</span> <span class='ocrx_word' id='word_1_684' title='bbox 2405 3184 2736 3257; x_wconf 87' lang='grc' dir='ltr'>κρύπτηται,</span> <span class='ocrx_word' id='word_1_685' title='bbox 2777 3181 3026 3249; x_wconf 88' lang='grc' dir='ltr'>καθάπερ</span> <span class='ocrx_word' id='word_1_686' title='bbox 3076 3179 3134 3231; x_wconf 82' lang='grc' dir='ltr'>ὲν</span> <span class='ocrx_word' id='word_1_687' title='bbox 3185 3174 3362 3246; x_wconf 85' lang='grc' dir='ltr'>σκότῳ</span> <span class='ocrx_word' id='word_1_688' title='bbox 3396 3173 3536 3255; x_wconf 79' lang='grc' dir='ltr'>μετά</span> <span class='ocrx_word' id='word_1_689' title='bbox 3579 3171 3770 3233; x_wconf 87' lang='grc' dir='ltr'>ἀδείας</span> 
     </span>
    </p>
   </div>
   <div class='ocr_carea' id='block_1_89' title="bbox 2178 3246 3769 3344">
    <p class='ocr_par' dir='ltr' id='par_1_89' title="bbox 2178 3246 3769 3344">
     <span class='ocr_line' id='line_1_89' title="bbox 2178 3246 3769 3344; baseline -0.01 -17"><span class='ocrx_word' id='word_1_690' title='bbox 2178 3246 2459 3344; x_wconf 59' lang='grc' dir='ltr'>τολμᾶταί</span> <span class='ocrx_word' id='word_1_691' title='bbox 2493 3246 2748 3339; x_wconf 80' lang='grc' dir='ltr'>πολλῆς·</span> <span class='ocrx_word' id='word_1_692' title='bbox 2786 3246 3008 3321; x_wconf 72' lang='grc' dir='ltr'>ἐπειδὰν</span> <span class='ocrx_word' id='word_1_693' title='bbox 3055 3264 3113 3318; x_wconf 78' lang='grc' dir='ltr'>δὲ</span> <span class='ocrx_word' id='word_1_694' title='bbox 3163 3246 3491 3336; x_wconf 79' lang='grc' dir='ltr'>φανερωθῇ,</span> <span class='ocrx_word' id='word_1_695' title='bbox 3556 3258 3769 3327; x_wconf 86' lang='grc' dir='ltr'>γίνεται</span> 
     </span>
    </p>
   </div>
   <div class='ocr_carea' id='block_1_90' title="bbox 2180 3345 3768 3430">
    <p class='ocr_par' dir='ltr' id='par_1_90' title="bbox 2180 3345 3768 3430">
     <span class='ocr_line' id='line_1_90' title="bbox 2180 3345 3768 3430; baseline -0.009 -17"><span class='ocrx_word' id='word_1_696' title='bbox 2180 3360 2296 3430; x_wconf 89' lang='grc' dir='ltr'>φῶς</span> <span class='ocrx_word' id='word_1_697' title='bbox 2319 3376 2332 3388; x_wconf 80' lang='grc'><em>’</em></span> <span class='ocrx_word' id='word_1_698' title='bbox 2357 3358 2477 3429; x_wconf 56' lang='grc' dir='ltr'>οὑχ).</span> <span class='ocrx_word' id='word_1_699' title='bbox 2497 3357 2634 3426; x_wconf 84' lang='grc' dir='ltr'>αὑτὴ</span> <span class='ocrx_word' id='word_1_700' title='bbox 2651 3356 2685 3426; x_wconf 89' lang='grc' dir='ltr'>ή</span> <span class='ocrx_word' id='word_1_701' title='bbox 2702 3352 2945 3425; x_wconf 87' lang='grc' dir='ltr'>ἁμαρτία</span> <span class='ocrx_word' id='word_1_702' title='bbox 2970 3369 2983 3383; x_wconf 91' lang='grc'><strong>·</strong></span> <span class='ocrx_word' id='word_1_703' title='bbox 3010 3351 3127 3414; x_wconf 90' lang='grc' dir='ltr'>πῶς</span> <span class='ocrx_word' id='word_1_704' title='bbox 3153 3349 3263 3421; x_wconf 89' lang='grc' dir='ltr'>γάρ</span> <span class='ocrx_word' id='word_1_705' title='bbox 3288 3366 3303 3414; x_wconf 86' lang='grc'><strong>;</strong></span> <span class='ocrx_word' id='word_1_706' title='bbox 3330 3347 3447 3403; x_wconf 81' lang='grc' dir='ltr'>ἀλλ’</span> <span class='ocrx_word' id='word_1_707' title='bbox 3471 3348 3499 3400; x_wconf 91' lang='lat'>6</span> <span class='ocrx_word' id='word_1_708' title='bbox 3527 3345 3768 3417; x_wconf 79' lang='grc' dir='ltr'>ἐργασά-</span> 
     </span>
    </p>
   </div>
   <div class='ocr_carea' id='block_1_91' title="bbox 2183 3433 3762 3520">
    <p class='ocr_par' dir='ltr' id='par_1_91' title="bbox 2183 3433 3762 3520">
     <span class='ocr_line' id='line_1_91' title="bbox 2183 3433 3762 3520; baseline -0.01 -19"><span class='ocrx_word' id='word_1_709' title='bbox 2183 3464 2358 3520; x_wconf 87' lang='grc' dir='ltr'>μενος.</span> <span class='ocrx_word' id='word_1_710' title='bbox 2398 3447 2567 3499; x_wconf 88' lang='grc' dir='ltr'>Ὅταν</span> <span class='ocrx_word' id='word_1_711' title='bbox 2593 3443 2698 3515; x_wconf 83' lang='grc' dir='ltr'>γὰρ</span> <span class='ocrx_word' id='word_1_712' title='bbox 2723 3442 2803 3504; x_wconf 86' lang='grc' dir='ltr'>είς</span> <span class='ocrx_word' id='word_1_713' title='bbox 2837 3440 2999 3510; x_wconf 86' lang='grc' dir='ltr'>μέσον</span> <span class='ocrx_word' id='word_1_714' title='bbox 3025 3437 3217 3509; x_wconf 77' lang='grc' dir='ltr'>ὲνεχθῇ</span> <span class='ocrx_word' id='word_1_715' title='bbox 3237 3476 3252 3499; x_wconf 93' lang='grc'><em>,</em></span> <span class='ocrx_word' id='word_1_716' title='bbox 3278 3438 3407 3491; x_wconf 80' lang='grc' dir='ltr'>ὅταν</span> <span class='ocrx_word' id='word_1_717' title='bbox 3434 3433 3762 3505; x_wconf 82' lang='grc' dir='ltr'>νουθετηθῇ,</span> 
     </span>
    </p>
   </div>
   <div class='ocr_carea' id='block_1_92' title="bbox 2182 3520 3771 3604">
    <p class='ocr_par' dir='ltr' id='par_1_92' title="bbox 2182 3520 3771 3604">
     <span class='ocr_line' id='line_1_92' title="bbox 2182 3520 3771 3604; baseline -0.008 -16"><span class='ocrx_word' id='word_1_718' title='bbox 2182 3537 2309 3588; x_wconf 86' lang='grc' dir='ltr'>ὅταν</span> <span class='ocrx_word' id='word_1_719' title='bbox 2361 3533 2691 3604; x_wconf 77' lang='grc' dir='ltr'>μετανοήσῃ,</span> <span class='ocrx_word' id='word_1_720' title='bbox 2743 3528 2873 3581; x_wconf 72' lang='grc' dir='ltr'>ὅταν</span> <span class='ocrx_word' id='word_1_721' title='bbox 2923 3525 3172 3594; x_wconf 87' lang='grc' dir='ltr'>ἀφέσεως</span> <span class='ocrx_word' id='word_1_722' title='bbox 3219 3525 3381 3595; x_wconf 83' lang='grc' dir='ltr'>τύχῃ,</span> <span class='ocrx_word' id='word_1_723' title='bbox 3417 3522 3541 3591; x_wconf 63' lang='grc' dir='ltr'>οὑχ).</span> <span class='ocrx_word' id='word_1_724' title='bbox 3576 3520 3771 3583; x_wconf 74' lang='grc' dir='ltr'>ἐξεκάο</span> 
     </span>
    </p>
   </div>
   <div class='ocr_carea' id='block_1_93' title="bbox 2185 3606 3767 3692">
    <p class='ocr_par' dir='ltr' id='par_1_93' title="bbox 2185 3606 3767 3692">
     <span class='ocr_line' id='line_1_93' title="bbox 2185 3606 3767 3692; baseline -0.01 -17"><span class='ocrx_word' id='word_1_725' title='bbox 2185 3622 2356 3692; x_wconf 90' lang='grc' dir='ltr'>θαρας</span> <span class='ocrx_word' id='word_1_726' title='bbox 2380 3618 2543 3673; x_wconf 87' lang='grc' dir='ltr'>αὑτοῦ</span> <span class='ocrx_word' id='word_1_727' title='bbox 2568 3617 2630 3670; x_wconf 75' lang='grc' dir='ltr'>τὸ</span> <span class='ocrx_word' id='word_1_728' title='bbox 2650 3615 2870 3678; x_wconf 87' lang='grc' dir='ltr'>σκότος;</span> <span class='ocrx_word' id='word_1_729' title='bbox 2902 3612 3025 3684; x_wconf 76' lang='grc' dir='ltr'>ούχὶ</span> <span class='ocrx_word' id='word_1_730' title='bbox 3050 3612 3169 3664; x_wconf 88' lang='grc' dir='ltr'>τότε</span> <span class='ocrx_word' id='word_1_731' title='bbox 3195 3611 3571 3682; x_wconf 82' lang='grc' dir='ltr'>ὲθεράπευσας</span> <span class='ocrx_word' id='word_1_732' title='bbox 3602 3606 3767 3660; x_wconf 78' lang='grc' dir='ltr'>αὑτοῦ</span> 
     </span>
    </p>
   </div>
   <div class='ocr_carea' id='block_1_94' title="bbox 2183 3697 3773 3778">
    <p class='ocr_par' dir='ltr' id='par_1_94' title="bbox 2183 3697 3773 3778">
     <span class='ocr_line' id='line_1_94' title="bbox 2183 3697 3773 3778; baseline -0.011 -15"><span class='ocrx_word' id='word_1_733' title='bbox 2183 3710 2245 3763; x_wconf 79' lang='grc' dir='ltr'>τὸ</span> <span class='ocrx_word' id='word_1_734' title='bbox 2270 3706 2491 3778; x_wconf 87' lang='grc' dir='ltr'>τραῦμα</span> <span class='ocrx_word' id='word_1_735' title='bbox 2514 3722 2528 3769; x_wconf 90' lang='grc'><strong>;</strong></span> <span class='ocrx_word' id='word_1_736' title='bbox 2559 3704 2682 3775; x_wconf 61' lang='grc' dir='ltr'>οὑχ)⁵</span> <span class='ocrx_word' id='word_1_737' title='bbox 2706 3702 2803 3774; x_wconf 84' lang='grc' dir='ltr'>τὴν</span> <span class='ocrx_word' id='word_1_738' title='bbox 2833 3701 3113 3772; x_wconf 88' lang='grc' dir='ltr'>ἀκαρπίαν</span> <span class='ocrx_word' id='word_1_739' title='bbox 3141 3698 3451 3764; x_wconf 81' lang='grc' dir='ltr'>ὲξεκαλέσω</span> <span class='ocrx_word' id='word_1_740' title='bbox 3467 3697 3605 3766; x_wconf 86' lang='grc' dir='ltr'>πρὸς</span> <span class='ocrx_word' id='word_1_741' title='bbox 3635 3712 3773 3765; x_wconf 88' lang='grc' dir='ltr'>καρ-</span> 
     </span>
    </p>
   </div>
   <div class='ocr_carea' id='block_1_95' title="bbox 2187 3783 3770 3861">
    <p class='ocr_par' dir='ltr' id='par_1_95' title="bbox 2187 3783 3770 3861">
     <span class='ocr_line' id='line_1_95' title="bbox 2187 3783 3770 3861; baseline -0.01 -12"><span class='ocrx_word' id='word_1_742' title='bbox 2187 3798 2318 3860; x_wconf 83' lang='grc' dir='ltr'>πόν;</span> <span class='ocrx_word' id='word_1_743' title='bbox 2352 3795 2423 3847; x_wconf 82' lang='grc' dir='ltr'>Ἢ</span> <span class='ocrx_word' id='word_1_744' title='bbox 2450 3792 2608 3845; x_wconf 89' lang='grc' dir='ltr'>τοῦτὸ</span> <span class='ocrx_word' id='word_1_745' title='bbox 2643 3808 2826 3861; x_wconf 88' lang='grc' dir='ltr'>φησιν,</span> <span class='ocrx_word' id='word_1_746' title='bbox 2858 3790 2891 3861; x_wconf 83' lang='grc' dir='ltr'>ἦ</span> <span class='ocrx_word' id='word_1_747' title='bbox 2919 3789 3126 3854; x_wconf 79' lang='grc' dir='ltr'>ἐκεῖνο,</span> <span class='ocrx_word' id='word_1_748' title='bbox 3158 3788 3241 3841; x_wconf 85' lang='grc' dir='ltr'>ὅτι</span> <span class='ocrx_word' id='word_1_749' title='bbox 3288 3785 3346 3839; x_wconf 88' lang='lat'>&#39;0</span> <span class='ocrx_word' id='word_1_750' title='bbox 3372 3783 3471 3856; x_wconf 83' lang='grc' dir='ltr'>μὲν</span> <span class='ocrx_word' id='word_1_751' title='bbox 3503 3783 3770 3854; x_wconf 82' lang='grc' dir='ltr'>ὑμέτερος</span> 
     </span>
    </p>
   </div>
   <div class='ocr_carea' id='block_1_96' title="bbox 2189 3869 3772 3952">
    <p class='ocr_par' dir='ltr' id='par_1_96' title="bbox 2189 3869 3772 3952">
     <span class='ocr_line' id='line_1_96' title="bbox 2189 3869 3772 3952; baseline -0.008 -18"><span class='ocrx_word' id='word_1_752' title='bbox 2189 3882 2302 3952; x_wconf 82' lang='grc' dir='ltr'>βίος</span> <span class='ocrx_word' id='word_1_753' title='bbox 2334 3880 2565 3950; x_wconf 76' lang='grc' dir='ltr'>φανερὸς</span> <span class='ocrx_word' id='word_1_754' title='bbox 2596 3877 2692 3939; x_wconf 82' lang='grc' dir='ltr'>ὢν,</span> <span class='ocrx_word' id='word_1_755' title='bbox 2722 3876 2838 3945; x_wconf 86' lang='grc' dir='ltr'>φῶς</span> <span class='ocrx_word' id='word_1_756' title='bbox 2861 3876 3009 3928; x_wconf 75' lang='grc' dir='ltr'>ἐστιν</span> <span class='ocrx_word' id='word_1_757' title='bbox 3032 3891 3046 3905; x_wconf 77' lang='grc' dir='ltr'><strong>ο</strong></span> <span class='ocrx_word' id='word_1_758' title='bbox 3069 3872 3245 3936; x_wconf 76' lang='grc' dir='ltr'>οὐδεὶς</span> <span class='ocrx_word' id='word_1_759' title='bbox 3269 3872 3379 3943; x_wconf 81' lang='grc' dir='ltr'>γὰρ</span> <span class='ocrx_word' id='word_1_760' title='bbox 3408 3870 3499 3924; x_wconf 76' lang='grc' dir='ltr'>τὸν</span> <span class='ocrx_word' id='word_1_761' title='bbox 3526 3869 3772 3940; x_wconf 78' lang='grc' dir='ltr'>ἄληπτον</span> 
     </span>
    </p>
   </div>
   <div class='ocr_carea' id='block_1_97' title="bbox 2187 3956 3772 4039">
    <p class='ocr_par' dir='ltr' id='par_1_97' title="bbox 2187 3956 3772 4039">
     <span class='ocr_line' id='line_1_97' title="bbox 2187 3956 3772 4039; baseline -0.008 -19"><span class='ocrx_word' id='word_1_762' title='bbox 2187 3967 2418 4039; x_wconf 88' lang='grc' dir='ltr'>κρύπτει</span> <span class='ocrx_word' id='word_1_763' title='bbox 2455 3965 2566 4035; x_wconf 82' lang='grc' dir='ltr'>βίον</span> <span class='ocrx_word' id='word_1_764' title='bbox 2589 3981 2603 3994; x_wconf 77' lang='lat'>&#39;</span> <span class='ocrx_word' id='word_1_765' title='bbox 2637 3964 2704 4016; x_wconf 88' lang='grc' dir='ltr'>τά</span> <span class='ocrx_word' id='word_1_766' title='bbox 2748 3964 2806 4015; x_wconf 84' lang='grc' dir='ltr'>δὲ</span> <span class='ocrx_word' id='word_1_767' title='bbox 2842 3960 3218 4032; x_wconf 88' lang='grc' dir='ltr'>κρυπτόμενα,</span> <span class='ocrx_word' id='word_1_768' title='bbox 3257 3957 3344 4011; x_wconf 83' lang='grc' dir='ltr'>διὰ</span> <span class='ocrx_word' id='word_1_769' title='bbox 3372 3956 3434 4009; x_wconf 78' lang='grc' dir='ltr'>τὸ</span> <span class='ocrx_word' id='word_1_770' title='bbox 3458 3956 3772 4009; x_wconf 82' lang='grc' dir='ltr'>ὲσκοτίσθαι</span> 
     </span>
    </p>
   </div>
   <div class='ocr_carea' id='block_1_98' title="bbox 2190 4041 3772 4125">
    <p class='ocr_par' dir='ltr' id='par_1_98' title="bbox 2190 4041 3772 4125">
     <span class='ocr_line' id='line_1_98' title="bbox 2190 4041 3772 4125; baseline -0.008 -19"><span class='ocrx_word' id='word_1_771' title='bbox 2190 4054 2512 4125; x_wconf 85' lang='grc' dir='ltr'>κρύπτεται.</span> <span class='ocrx_word' id='word_1_772' title='bbox 2540 4051 2630 4104; x_wconf 83' lang='grc' dir='ltr'>Διὸ</span> <span class='ocrx_word' id='word_1_773' title='bbox 2672 4048 2821 4116; x_wconf 84' lang='grc' dir='ltr'>λέγει</span> <span class='ocrx_word' id='word_1_774' title='bbox 2846 4064 2862 4081; x_wconf 72' lang='grc' dir='ltr'><strong>ο</strong></span> <span class='ocrx_word' id='word_1_775' title='bbox 2904 4047 3196 4115; x_wconf 82' lang='grc' dir='ltr'>Ἔγειραι,</span> <span class='ocrx_word' id='word_1_776' title='bbox 3227 4046 3261 4097; x_wconf 87' lang='grc' dir='ltr'><em>ό</em></span> <span class='ocrx_word' id='word_1_777' title='bbox 3286 4042 3624 4106; x_wconf 85' lang='grc' dir='ltr'>καθεύδων,</span> <span class='ocrx_word' id='word_1_778' title='bbox 3672 4041 3772 4094; x_wconf 78' lang='grc' dir='ltr'>καί</span> 
     </span>
    </p>
   </div>
   <div class='ocr_carea' id='block_1_99' title="bbox 2189 4131 3777 4204">
    <p class='ocr_par' dir='ltr' id='par_1_99' title="bbox 2189 4131 3777 4204">
     <span class='ocr_line' id='line_1_99' title="bbox 2189 4131 3777 4204; baseline -0.009 -8"><span class='ocrx_word' id='word_1_779' title='bbox 2189 4141 2427 4196; x_wconf 80' lang='grc' dir='ltr'>ἀνάστα</span> <span class='ocrx_word' id='word_1_780' title='bbox 2459 4139 2527 4192; x_wconf 85' lang='grc' dir='ltr'>ἑκ</span> <span class='ocrx_word' id='word_1_781' title='bbox 2563 4138 2685 4191; x_wconf 86' lang='grc' dir='ltr'>τῶν</span> <span class='ocrx_word' id='word_1_782' title='bbox 2717 4134 2964 4204; x_wconf 83' lang='grc' dir='ltr'>νεκρῶν,</span> <span class='ocrx_word' id='word_1_783' title='bbox 2995 4132 3093 4188; x_wconf 76' lang='grc' dir='ltr'>καί</span> <span class='ocrx_word' id='word_1_784' title='bbox 3117 4131 3437 4202; x_wconf 75' lang='grc' dir='ltr'>ἐπιφαύσει</span> <span class='ocrx_word' id='word_1_785' title='bbox 3459 4147 3559 4185; x_wconf 92' lang='grc' dir='ltr'>σοι</span> <span class='ocrx_word' id='word_1_786' title='bbox 3583 4132 3618 4184; x_wconf 88' lang='grc' dir='ltr'><em>ό</em></span> <span class='ocrx_word' id='word_1_787' title='bbox 3642 4131 3777 4197; x_wconf 83' lang='grc' dir='ltr'>Χρι-</span> 
     </span>
    </p>
   </div>
   <div class='ocr_carea' id='block_1_100' title="bbox 2187 4215 3771 4292">
    <p class='ocr_par' dir='ltr' id='par_1_100' title="bbox 2187 4215 3771 4292">
     <span class='ocr_line' id='line_1_100' title="bbox 2187 4215 3771 4292; baseline -0.008 -11"><span class='ocrx_word' id='word_1_788' title='bbox 2187 4229 2355 4292; x_wconf 85' lang='grc' dir='ltr'><em>στός.</em></span> <span class='ocrx_word' id='word_1_789' title='bbox 2383 4224 2731 4279; x_wconf 84' lang='grc' dir='ltr'>Καθεύδοντα</span> <span class='ocrx_word' id='word_1_790' title='bbox 2755 4223 2851 4274; x_wconf 78' lang='grc' dir='ltr'>καὶ</span> <span class='ocrx_word' id='word_1_791' title='bbox 2864 4220 3077 4292; x_wconf 82' lang='grc' dir='ltr'>νεκρὸν,</span> <span class='ocrx_word' id='word_1_792' title='bbox 3100 4218 3191 4272; x_wconf 84' lang='grc' dir='ltr'>τδν</span> <span class='ocrx_word' id='word_1_793' title='bbox 3218 4221 3276 4271; x_wconf 81' lang='grc' dir='ltr'>ὲν</span> <span class='ocrx_word' id='word_1_794' title='bbox 3299 4217 3596 4289; x_wconf 81' lang='grc' dir='ltr'>ἁμαρτίαις</span> <span class='ocrx_word' id='word_1_795' title='bbox 3615 4215 3771 4286; x_wconf 85' lang='grc' dir='ltr'>φησί·</span> 
     </span>
    </p>
   </div>
   <div class='ocr_carea' id='block_1_101' title="bbox 2189 4304 3773 4383">
    <p class='ocr_par' dir='ltr' id='par_1_101' title="bbox 2189 4304 3773 4383">
     <span class='ocr_line' id='line_1_101' title="bbox 2189 4304 3773 4383; baseline -0.007 -17"><span class='ocrx_word' id='word_1_796' title='bbox 2189 4315 2279 4368; x_wconf 67' lang='grc' dir='ltr'>καὶ</span> <span class='ocrx_word' id='word_1_797' title='bbox 2301 4313 2409 4383; x_wconf 84' lang='grc' dir='ltr'>γὰρ</span> <span class='ocrx_word' id='word_1_798' title='bbox 2438 4310 2698 4373; x_wconf 85' lang='grc' dir='ltr'>δυσωδίας</span> <span class='ocrx_word' id='word_1_799' title='bbox 2726 4311 2869 4373; x_wconf 86' lang='grc' dir='ltr'>πνεῖ,</span> <span class='ocrx_word' id='word_1_800' title='bbox 2900 4307 2974 4371; x_wconf 84' lang='grc' dir='ltr'>ὡς</span> <span class='ocrx_word' id='word_1_801' title='bbox 2996 4308 3024 4359; x_wconf 89' lang='lat'>6</span> <span class='ocrx_word' id='word_1_802' title='bbox 3047 4305 3259 4377; x_wconf 73' lang='grc' dir='ltr'>νεκρὸς,</span> <span class='ocrx_word' id='word_1_803' title='bbox 3287 4306 3381 4358; x_wconf 76' lang='grc' dir='ltr'>καὶ</span> <span class='ocrx_word' id='word_1_804' title='bbox 3410 4304 3773 4372; x_wconf 86' lang='grc' dir='ltr'>ἀνενέργητός</span> 
     </span>
    </p>
   </div>
   <div class='ocr_carea' id='block_1_102' title="bbox 2187 4390 3773 4465">
    <p class='ocr_par' dir='ltr' id='par_1_102' title="bbox 2187 4390 3773 4465">
     <span class='ocr_line' id='line_1_102' title="bbox 2187 4390 3773 4465; baseline -0.009 -11"><span class='ocrx_word' id='word_1_805' title='bbox 2187 4403 2354 4465; x_wconf 78' lang='grc' dir='ltr'>ἐστιν,</span> <span class='ocrx_word' id='word_1_806' title='bbox 2385 4398 2461 4462; x_wconf 87' lang='grc' dir='ltr'>ὼς</span> <span class='ocrx_word' id='word_1_807' title='bbox 2498 4400 2527 4451; x_wconf 92' lang='lat'>6</span> <span class='ocrx_word' id='word_1_808' title='bbox 2562 4394 2859 4457; x_wconf 80' lang='grc' dir='ltr'>καθεύδων,</span> <span class='ocrx_word' id='word_1_809' title='bbox 2886 4394 2979 4447; x_wconf 72' lang='grc' dir='ltr'>καὶ</span> <span class='ocrx_word' id='word_1_810' title='bbox 2993 4392 3145 4446; x_wconf 80' lang='grc' dir='ltr'>οὐδὲν</span> <span class='ocrx_word' id='word_1_811' title='bbox 3162 4393 3282 4463; x_wconf 78' lang='grc' dir='ltr'>ὁρᾷ,</span> <span class='ocrx_word' id='word_1_812' title='bbox 3300 4391 3377 4455; x_wconf 84' lang='grc' dir='ltr'>ὠς</span> <span class='ocrx_word' id='word_1_813' title='bbox 3399 4392 3623 4454; x_wconf 71' lang='grc' dir='ltr'>ἐκεῖνος,</span> <span class='ocrx_word' id='word_1_814' title='bbox 3657 4390 3773 4444; x_wconf 78' lang='grc' dir='ltr'>ἀλλ’</span> 
     </span>
    </p>
   </div>
   <div class='ocr_carea' id='block_1_103' title="bbox 2187 4477 3772 4558">
    <p class='ocr_par' dir='ltr' id='par_1_103' title="bbox 2187 4477 3772 4558">
     <span class='ocr_line' id='line_1_103' title="bbox 2187 4477 3772 4558; baseline -0.006 -19"><span class='ocrx_word' id='word_1_815' title='bbox 2187 4486 2495 4558; x_wconf 85' lang='grc' dir='ltr'>ὀνειρώττει</span> <span class='ocrx_word' id='word_1_816' title='bbox 2542 4484 2633 4539; x_wconf 74' lang='grc' dir='ltr'>καὶ</span> <span class='ocrx_word' id='word_1_817' title='bbox 2674 4480 3023 4552; x_wconf 81' lang='grc' dir='ltr'>φαντάζεται.</span> <span class='ocrx_word' id='word_1_818' title='bbox 3085 4479 3148 4532; x_wconf 86' lang='grc' dir='ltr'>Οί</span> <span class='ocrx_word' id='word_1_819' title='bbox 3198 4479 3317 4549; x_wconf 82' lang='grc' dir='ltr'>μὲν,</span> <span class='ocrx_word' id='word_1_820' title='bbox 3362 4477 3772 4545; x_wconf 69' lang='grc' dir='ltr'>Ἐπιψαύσεις,</span> 
     </span>
    </p>
   </div>
   <div class='ocr_carea' id='block_1_104' title="bbox 2189 4566 3772 4644">
    <p class='ocr_par' dir='ltr' id='par_1_104' title="bbox 2189 4566 3772 4644">
     <span class='ocr_line' id='line_1_104' title="bbox 2189 4566 3772 4644; baseline -0.01 -12"><span class='ocrx_word' id='word_1_821' title='bbox 2189 4576 2342 4644; x_wconf 78' lang='grc' dir='ltr'>φασὶ,</span> <span class='ocrx_word' id='word_1_822' title='bbox 2367 4574 2473 4629; x_wconf 88' lang='grc' dir='ltr'>τοῦ</span> <span class='ocrx_word' id='word_1_823' title='bbox 2489 4571 2767 4640; x_wconf 76' lang='grc' dir='ltr'>Χριστοῦ⁸</span> <span class='ocrx_word' id='word_1_824' title='bbox 2788 4573 2836 4624; x_wconf 92' lang='grc' dir='ltr'>οἱ</span> <span class='ocrx_word' id='word_1_825' title='bbox 2858 4570 2938 4635; x_wconf 85' lang='grc' dir='ltr'>δὲ,</span> <span class='ocrx_word' id='word_1_826' title='bbox 2968 4569 3315 4637; x_wconf 63' lang='grc' dir='ltr'>Ἐπιφαύσει</span> <span class='ocrx_word' id='word_1_827' title='bbox 3332 4580 3431 4620; x_wconf 90' lang='grc' dir='ltr'>σοι</span> <span class='ocrx_word' id='word_1_828' title='bbox 3448 4568 3481 4619; x_wconf 87' lang='grc' dir='ltr'><em>ό</em></span> <span class='ocrx_word' id='word_1_829' title='bbox 3498 4566 3772 4632; x_wconf 55' lang='grc' dir='ltr'>Χριστός</span> 
     </span>
    </p>
   </div>
   <div class='ocr_carea' id='block_1_105' title="bbox 2193 4652 3773 4734">
    <p class='ocr_par' dir='ltr' id='par_1_105' title="bbox 2193 4652 3773 4734">
     <span class='ocr_line' id='line_1_105' title="bbox 2193 4652 3773 4734; baseline -0.01 -16"><span class='ocrx_word' id='word_1_830' title='bbox 2193 4661 2391 4734; x_wconf 82' lang='grc' dir='ltr'>μᾶλλον</span> <span class='ocrx_word' id='word_1_831' title='bbox 2423 4660 2479 4713; x_wconf 83' lang='grc' dir='ltr'>δὲ</span> <span class='ocrx_word' id='word_1_832' title='bbox 2513 4658 2669 4713; x_wconf 87' lang='grc' dir='ltr'>τοῦτό</span> <span class='ocrx_word' id='word_1_833' title='bbox 2701 4661 2837 4711; x_wconf 76' lang='grc' dir='ltr'>ἐστι.</span> <span class='ocrx_word' id='word_1_834' title='bbox 2881 4654 3173 4722; x_wconf 83' lang='grc' dir='ltr'>Ἀπόστηθι</span> <span class='ocrx_word' id='word_1_835' title='bbox 3211 4657 3311 4726; x_wconf 78' lang='grc' dir='ltr'>τῆς</span> <span class='ocrx_word' id='word_1_836' title='bbox 3346 4652 3646 4724; x_wconf 81' lang='grc' dir='ltr'>ἁμαρτίας,</span> <span class='ocrx_word' id='word_1_837' title='bbox 3675 4653 3773 4703; x_wconf 75' lang='grc' dir='ltr'>καὶ</span> 
     </span>
    </p>
   </div>
   <div class='ocr_carea' id='block_1_106' title="bbox 2188 4738 3774 4820">
    <p class='ocr_par' dir='ltr' id='par_1_106' title="bbox 2188 4738 3774 4820">
     <span class='ocr_line' id='line_1_106' title="bbox 2188 4738 3774 4820; baseline -0.008 -17"><span class='ocrx_word' id='word_1_838' title='bbox 2188 4749 2394 4820; x_wconf 83' lang='grc' dir='ltr'>δυνήσῃ</span> <span class='ocrx_word' id='word_1_839' title='bbox 2406 4746 2495 4799; x_wconf 86' lang='grc' dir='ltr'>τὸν</span> <span class='ocrx_word' id='word_1_840' title='bbox 2512 4746 2554 4797; x_wconf 84' lang='grc' dir='ltr'><strong>Χ</strong></span> <span class='ocrx_word' id='word_1_841' title='bbox 2564 4744 2747 4814; x_wconf 83' lang='grc' dir='ltr'>ριστὸν</span> <span class='ocrx_word' id='word_1_842' title='bbox 2771 4744 2915 4796; x_wconf 88' lang='grc' dir='ltr'>ίδεῖν.</span> <span class='ocrx_word' id='word_1_843' title='bbox 2931 4743 2996 4796; x_wconf 85' lang='lat'>&#39;0</span> <span class='ocrx_word' id='word_1_844' title='bbox 3011 4744 3119 4810; x_wconf 78' lang='grc' dir='ltr'>γὰρ</span> <span class='ocrx_word' id='word_1_845' title='bbox 3141 4741 3212 4795; x_wconf 86' lang='grc' dir='ltr'><em>τὰ</em></span> <span class='ocrx_word' id='word_1_846' title='bbox 3227 4740 3432 4809; x_wconf 69' lang='grc' dir='ltr'>φαῦλα</span> <span class='ocrx_word' id='word_1_847' title='bbox 3449 4738 3774 4807; x_wconf 80' lang='grc' dir='ltr'>πράσσων,</span> 
     </span>
    </p>
   </div>
   <div class='ocr_carea' id='block_1_107' title="bbox 2182 4825 3779 4907">
    <p class='ocr_par' dir='ltr' id='par_1_107' title="bbox 2182 4825 3779 4907">
     <span class='ocr_line' id='line_1_107' title="bbox 2182 4825 3779 4907; baseline -0.008 -17"><span class='ocrx_word' id='word_1_848' title='bbox 2182 4834 2356 4907; x_wconf 81' lang='grc' dir='ltr'>μισεῖ</span> <span class='ocrx_word' id='word_1_849' title='bbox 2396 4833 2462 4886; x_wconf 82' lang='grc' dir='ltr'><em>τὸ</em></span> <span class='ocrx_word' id='word_1_850' title='bbox 2510 4831 2656 4901; x_wconf 67' lang='grc' dir='ltr'><em>φῶς,</em></span> <span class='ocrx_word' id='word_1_851' title='bbox 2697 4832 2794 4884; x_wconf 81' lang='grc' dir='ltr'>καὶ</span> <span class='ocrx_word' id='word_1_852' title='bbox 2841 4832 2954 4884; x_wconf 88' lang='grc' dir='ltr'>οὐκ</span> <span class='ocrx_word' id='word_1_853' title='bbox 2987 4829 3223 4898; x_wconf 75' lang='grc' dir='ltr'>ἔρχεται</span> <span class='ocrx_word' id='word_1_854' title='bbox 3251 4826 3403 4898; x_wconf 77' lang='grc' dir='ltr'>πρὸς</span> <span class='ocrx_word' id='word_1_855' title='bbox 3441 4825 3510 4879; x_wconf 85' lang='grc' dir='ltr'>τὸ</span> <span class='ocrx_word' id='word_1_856' title='bbox 3553 4825 3717 4895; x_wconf 64' lang='grc' dir='ltr'>φῶιν</span> <span class='ocrx_word' id='word_1_857' title='bbox 3749 4828 3779 4878; x_wconf 89' lang='lat'>6</span> 
     </span>
    </p>
   </div>
   <div class='ocr_carea' id='block_1_108' title="bbox 2189 4916 3038 4990">
    <p class='ocr_par' dir='ltr' id='par_1_108' title="bbox 2189 4916 3038 4990">
     <span class='ocr_line' id='line_1_108' title="bbox 2189 4916 3038 4990; baseline -0.005 -16"><span class='ocrx_word' id='word_1_858' title='bbox 2189 4922 2368 4976; x_wconf 87' lang='grc' dir='ltr'>τοίνυν</span> <span class='ocrx_word' id='word_1_859' title='bbox 2393 4918 2469 4989; x_wconf 82' lang='grc' dir='ltr'>μὴ</span> <span class='ocrx_word' id='word_1_860' title='bbox 2495 4920 2771 4990; x_wconf 86' lang='grc' dir='ltr'>πράττων,</span> <span class='ocrx_word' id='word_1_861' title='bbox 2798 4916 3038 4988; x_wconf 76' lang='grc' dir='ltr'>ἔρχεται.</span> 
     </span>
    </p>
   </div>
   <div class='ocr_carea' id='block_1_109' title="bbox 2265 5065 3775 5143">
    <p class='ocr_par' dir='ltr' id='par_1_109' title="bbox 2265 5065 3775 5143">
     <span class='ocr_line' id='line_1_109' title="bbox 2265 5065 3775 5143; baseline -0.006 -18"><span class='ocrx_word' id='word_1_862' title='bbox 2265 5072 2328 5143; x_wconf 79' lang='grc' dir='ltr'>β’.</span> <span class='ocrx_word' id='word_1_863' title='bbox 2364 5070 2506 5124; x_wconf 77' lang='grc' dir='ltr'>Ἀλλ’</span> <span class='ocrx_word' id='word_1_864' title='bbox 2540 5071 2600 5123; x_wconf 89' lang='grc' dir='ltr'>οὑ</span> <span class='ocrx_word' id='word_1_865' title='bbox 2633 5071 2761 5141; x_wconf 79' lang='grc' dir='ltr'>περὶ</span> <span class='ocrx_word' id='word_1_866' title='bbox 2790 5069 2899 5122; x_wconf 88' lang='grc' dir='ltr'>τῶν</span> <span class='ocrx_word' id='word_1_867' title='bbox 2926 5068 3170 5122; x_wconf 87' lang='grc' dir='ltr'>ἀπίστων</span> <span class='ocrx_word' id='word_1_868' title='bbox 3196 5067 3357 5121; x_wconf 89' lang='grc' dir='ltr'>τοῦτο</span> <span class='ocrx_word' id='word_1_869' title='bbox 3393 5065 3553 5136; x_wconf 87' lang='grc' dir='ltr'>μόνον</span> <span class='ocrx_word' id='word_1_870' title='bbox 3596 5067 3735 5134; x_wconf 76' lang='grc' dir='ltr'>φησι</span> <span class='ocrx_word' id='word_1_871' title='bbox 3762 5081 3775 5094; x_wconf 80' lang='grc'><em>’</em></span> 
     </span>
    </p>
   </div>
   <div class='ocr_carea' id='block_1_110' title="bbox 2193 5148 3774 5227">
    <p class='ocr_par' dir='ltr' id='par_1_110' title="bbox 2193 5148 3774 5227">
     <span class='ocr_line' id='line_1_110' title="bbox 2193 5148 3774 5227; baseline -0.002 -15"><span class='ocrx_word' id='word_1_872' title='bbox 2193 5158 2378 5212; x_wconf 74' lang='grc' dir='ltr'>πολλοὶ</span> <span class='ocrx_word' id='word_1_873' title='bbox 2415 5157 2523 5227; x_wconf 85' lang='grc' dir='ltr'>γάρ</span> <span class='ocrx_word' id='word_1_874' title='bbox 2553 5155 2663 5209; x_wconf 86' lang='grc' dir='ltr'>τῶν</span> <span class='ocrx_word' id='word_1_875' title='bbox 2704 5154 2912 5208; x_wconf 90' lang='grc' dir='ltr'>πιστῶν</span> <span class='ocrx_word' id='word_1_876' title='bbox 2957 5154 3111 5207; x_wconf 85' lang='grc' dir='ltr'>οὐδὲν</span> <span class='ocrx_word' id='word_1_877' title='bbox 3173 5148 3337 5225; x_wconf 80' lang='grc' dir='ltr'>ἦττον</span> <span class='ocrx_word' id='word_1_878' title='bbox 3385 5152 3493 5206; x_wconf 89' lang='grc' dir='ltr'>τῶν</span> <span class='ocrx_word' id='word_1_879' title='bbox 3522 5153 3774 5209; x_wconf 85' lang='grc' dir='ltr'>ἀπίστων</span> 
     </span>
    </p>
   </div>
   <div class='ocr_carea' id='block_1_111' title="bbox 2196 5239 3779 5315">
    <p class='ocr_par' dir='ltr' id='par_1_111' title="bbox 2196 5239 3779 5315">
     <span class='ocr_line' id='line_1_111' title="bbox 2196 5239 3779 5315; baseline -0.001 -16"><span class='ocrx_word' id='word_1_880' title='bbox 2196 5247 2297 5315; x_wconf 83' lang='grc' dir='ltr'>τῆς</span> <span class='ocrx_word' id='word_1_881' title='bbox 2349 5245 2547 5306; x_wconf 88' lang='grc' dir='ltr'>κακίας</span> <span class='ocrx_word' id='word_1_882' title='bbox 2578 5244 2790 5313; x_wconf 76' lang='grc' dir='ltr'>ἔχονται</span> <span class='ocrx_word' id='word_1_883' title='bbox 2824 5259 2839 5273; x_wconf 79' lang='grc'><strong>·</strong></span> <span class='ocrx_word' id='word_1_884' title='bbox 2870 5242 2977 5295; x_wconf 74' lang='grc' dir='ltr'>εἰσὶ</span> <span class='ocrx_word' id='word_1_885' title='bbox 3005 5241 3081 5307; x_wconf 80' lang='grc' dir='ltr'>δὲ,</span> <span class='ocrx_word' id='word_1_886' title='bbox 3110 5241 3162 5295; x_wconf 81' lang='grc' dir='ltr'>οῖ</span> <span class='ocrx_word' id='word_1_887' title='bbox 3199 5240 3292 5294; x_wconf 72' lang='grc' dir='ltr'>καὶ</span> <span class='ocrx_word' id='word_1_888' title='bbox 3328 5239 3508 5310; x_wconf 84' lang='grc' dir='ltr'>πολλῷ</span> <span class='ocrx_word' id='word_1_889' title='bbox 3551 5242 3779 5312; x_wconf 82' lang='grc' dir='ltr'>μᾶλλον.</span> 
     </span>
    </p>
   </div>
   <div class='ocr_carea' id='block_1_112' title="bbox 2194 5329 3778 5402">
    <p class='ocr_par' dir='ltr' id='par_1_112' title="bbox 2194 5329 3778 5402">
     <span class='ocr_line' id='line_1_112' title="bbox 2194 5329 3778 5402; baseline -0.004 -16"><span class='ocrx_word' id='word_1_890' title='bbox 2194 5333 2285 5386; x_wconf 79' lang='grc' dir='ltr'>Διὸ</span> <span class='ocrx_word' id='word_1_891' title='bbox 2313 5332 2408 5385; x_wconf 80' lang='grc' dir='ltr'>καὶ</span> <span class='ocrx_word' id='word_1_892' title='bbox 2448 5331 2584 5402; x_wconf 79' lang='grc' dir='ltr'>πρὸς</span> <span class='ocrx_word' id='word_1_893' title='bbox 2608 5330 2828 5393; x_wconf 79' lang='grc' dir='ltr'>τούτους</span> <span class='ocrx_word' id='word_1_894' title='bbox 2874 5330 3173 5396; x_wconf 84' lang='grc' dir='ltr'>ἀναγκαῖον</span> <span class='ocrx_word' id='word_1_895' title='bbox 3242 5329 3454 5381; x_wconf 72' lang='grc' dir='ltr'>εἰπεῖν·</span> <span class='ocrx_word' id='word_1_896' title='bbox 3496 5330 3778 5397; x_wconf 78' lang='grc' dir='ltr'>Ἕτειραι,</span> 
     </span>
    </p>
   </div>
   <div class='ocr_carea' id='block_1_113' title="bbox 2196 5414 3784 5483">
    <p class='ocr_par' dir='ltr' id='par_1_113' title="bbox 2196 5414 3784 5483">
     <span class='ocr_line' id='line_1_113' title="bbox 2196 5414 3784 5483; baseline -0.004 -8"><span class='ocrx_word' id='word_1_897' title='bbox 2196 5426 2227 5475; x_wconf 88' lang='grc' dir='ltr'><em>ό</em></span> <span class='ocrx_word' id='word_1_898' title='bbox 2260 5420 2583 5483; x_wconf 84' lang='grc' dir='ltr'>καθεύδων,</span> <span class='ocrx_word' id='word_1_899' title='bbox 2616 5418 2719 5472; x_wconf 87' lang='grc' dir='ltr'>καὶ</span> <span class='ocrx_word' id='word_1_900' title='bbox 2751 5418 2986 5472; x_wconf 82' lang='grc' dir='ltr'>ἀνάστα</span> <span class='ocrx_word' id='word_1_901' title='bbox 3014 5416 3082 5469; x_wconf 82' lang='grc' dir='ltr'>ἐκ</span> <span class='ocrx_word' id='word_1_902' title='bbox 3104 5414 3221 5468; x_wconf 89' lang='grc' dir='ltr'><em>τῶν</em></span> <span class='ocrx_word' id='word_1_903' title='bbox 3253 5416 3508 5483; x_wconf 86' lang='grc' dir='ltr'>νεκρῶν,</span> <span class='ocrx_word' id='word_1_904' title='bbox 3532 5414 3632 5470; x_wconf 75' lang='grc' dir='ltr'>καὶ</span> <span class='ocrx_word' id='word_1_905' title='bbox 3656 5416 3784 5469; x_wconf 77' lang='grc' dir='ltr'>ἐπι-</span> 
     </span>
    </p>
   </div>
   <div class='ocr_carea' id='block_1_114' title="bbox 2194 5501 3783 5579">
    <p class='ocr_par' dir='ltr' id='par_1_114' title="bbox 2194 5501 3783 5579">
     <span class='ocr_line' id='line_1_114' title="bbox 2194 5501 3783 5579; baseline -0.005 -15"><span class='ocrx_word' id='word_1_906' title='bbox 2194 5509 2417 5579; x_wconf 71' lang='grc' dir='ltr'>φαύσει</span> <span class='ocrx_word' id='word_1_907' title='bbox 2461 5522 2561 5561; x_wconf 90' lang='grc' dir='ltr'><em>σοι</em></span> <span class='ocrx_word' id='word_1_908' title='bbox 2591 5509 2624 5560; x_wconf 88' lang='grc' dir='ltr'><em>ὁ</em></span> <span class='ocrx_word' id='word_1_909' title='bbox 2661 5504 2937 5573; x_wconf 88' lang='grc' dir='ltr'><em>Χριστός.</em></span> <span class='ocrx_word' id='word_1_910' title='bbox 2988 5501 3129 5573; x_wconf 77' lang='grc' dir='ltr'>Πρὸς</span> <span class='ocrx_word' id='word_1_911' title='bbox 3156 5501 3381 5565; x_wconf 85' lang='grc' dir='ltr'>τούτους</span> <span class='ocrx_word' id='word_1_912' title='bbox 3407 5502 3643 5573; x_wconf 82' lang='grc' dir='ltr'>ἁρμόζει</span> <span class='ocrx_word' id='word_1_913' title='bbox 3681 5504 3783 5556; x_wconf 71' lang='grc' dir='ltr'>καὶ</span> 
     </span>
    </p>
   </div>
   <div class='ocr_carea' id='block_1_115' title="bbox 2196 5588 3781 5659">
    <p class='ocr_par' dir='ltr' id='par_1_115' title="bbox 2196 5588 3781 5659">
     <span class='ocr_line' id='line_1_115' title="bbox 2196 5588 3781 5659; baseline -0.004 -11"><span class='ocrx_word' id='word_1_914' title='bbox 2196 5593 2353 5648; x_wconf 91' lang='grc' dir='ltr'>τοῦτο</span> <span class='ocrx_word' id='word_1_915' title='bbox 2403 5594 2577 5646; x_wconf 79' lang='grc' dir='ltr'>εἰπεῖν</span> <span class='ocrx_word' id='word_1_916' title='bbox 2615 5605 2629 5621; x_wconf 82' lang='grc'><strong>⁹</strong></span> <span class='ocrx_word' id='word_1_917' title='bbox 2678 5592 2743 5644; x_wconf 90' lang='lat'>&#39;0</span> <span class='ocrx_word' id='word_1_918' title='bbox 2804 5593 2950 5655; x_wconf 74' lang='grc' dir='ltr'>θεὸς</span> <span class='ocrx_word' id='word_1_919' title='bbox 2989 5591 3102 5642; x_wconf 77' lang='grc' dir='ltr'>οὐκ</span> <span class='ocrx_word' id='word_1_920' title='bbox 3141 5589 3274 5642; x_wconf 77' lang='grc' dir='ltr'><em>ἔστι</em></span> <span class='ocrx_word' id='word_1_921' title='bbox 3308 5588 3573 5659; x_wconf 86' lang='grc' dir='ltr'>νεκρῶν,</span> <span class='ocrx_word' id='word_1_922' title='bbox 3616 5589 3781 5642; x_wconf 54' lang='grc' dir='ltr'><em>ἀλλὰ</em></span> 
     </span>
    </p>
   </div>
   <div class='ocr_carea' id='block_1_116' title="bbox 2198 5674 3783 5748">
    <p class='ocr_par' dir='ltr' id='par_1_116' title="bbox 2198 5674 3783 5748">
     <span class='ocr_line' id='line_1_116' title="bbox 2198 5674 3783 5748; baseline -0.006 -16"><span class='ocrx_word' id='word_1_923' title='bbox 2198 5681 2446 5742; x_wconf 64' lang='grc' dir='ltr'>ζώντων.</span> <span class='ocrx_word' id='word_1_924' title='bbox 2472 5680 2534 5732; x_wconf 71' lang='lat' dir='ltr'>Et</span> <span class='ocrx_word' id='word_1_925' title='bbox 2568 5678 2748 5734; x_wconf 85' lang='grc' dir='ltr'>τοίνυν</span> <span class='ocrx_word' id='word_1_926' title='bbox 2776 5678 2875 5731; x_wconf 75' lang='grc' dir='ltr'>οὑκ</span> <span class='ocrx_word' id='word_1_927' title='bbox 2906 5676 3019 5728; x_wconf 76' lang='grc' dir='ltr'>ἔστι</span> <span class='ocrx_word' id='word_1_928' title='bbox 3049 5674 3282 5746; x_wconf 82' lang='grc' dir='ltr'>νεκρῶν,</span> <span class='ocrx_word' id='word_1_929' title='bbox 3317 5674 3596 5748; x_wconf 79' lang='grc' dir='ltr'>ζήσωμεν.</span> <span class='ocrx_word' id='word_1_930' title='bbox 3622 5676 3783 5741; x_wconf 58' lang='grc' dir='ltr'>Τινὲς</span> 
     </span>
    </p>
   </div>
  </div>
