4092 6492
297 472 384 531 m
1175 475 1237 535 IN
1280 479 1495 536 EPIST.
1536 480 1627 535 AD
1672 474 1851 535 EPllE

1961 482 2110 537 CAP.
2160 485 2220 539 ν.
2264 486 2496 542 1101111..
2541 486 2728 546 XVIII.

290 593 444 647 etiam
488 592 586 645 alia
631 592 1049 650 innumerabilia
1088 595 1229 649 mala
1272 596 1372 651 sibi
1411 596 1738 651 accumulat.
1784 595 1880 649 llis

290 700 411 754 ergo
440 683 648 739 duobus
688 685 886 740 anilitas
914 688 1208 757 generibus
1237 689 1575 758 compositis,
1606 697 1658 743 et
1692 688 1883 742 rationi

287 778 593 845 subjuuctis,
614 787 889 847 tamquam
911 780 1064 849 equis
1089 780 1178 849 qui
1202 779 1357 835 facile
1383 791 1614 851 aguntur
1636 779 1881 846 habenis,

286 883 469 936 uetnpe
494 869 788 938 cupiditate
813 878 870 925 et
896 872 996 936 ira,
1028 871 1098 925 ita
1132 879 1367 926 mentem
1400 870 1756 940 praeliciamus
1781 885 1881 924 au-

286 964 443 1031 rigam
463 1005 476 1027 ,
513 973 567 1016 ut
597 963 928 1033 accipiamus
960 965 1242 1033 prtemium
1270 978 1517 1035 superna:
1543 963 1876 1017 vocationis:

3490 501 3596 555 l2!

1999 599 2141 669 quod
2174 602 2333 657 detur
2369 604 2527 663 nobis
2554 607 2806 664 omnibus
2833 612 3091 681 consequi
3130 613 3179 667 in
3211 614 3429 671 Christo
3466 618 3597 673 Jesu

1997 689 2227 747 Domino
2268 707 2485 762 nostro,
2526 713 2647 754 cum
2693 715 2801 771 quo
2846 700 2990 757 Patri
3033 705 3193 760 simul
3238 722 3358 761 cum
3405 721 3595 765 sancto

1995 781 2199 852 Spiritu
2238 785 2441 855 gloria,
2474 792 2744 860 potentia,
2776 791 2981 858 honor,
3017 812 3159 852 nunc
3185 809 3238 854 et
3268 814 3503 870 semper,
3538 810 3592 855 et

1994 874 2046 928 in
2078 875 2273 929 smcula
2302 879 2643 935 szcculorum.
2680 884 2871 939 Amen.

1648 1102 2001 1165 HOMILIA
2050 1102 2284 1162 XVIII.

279 1234 399 1288 Cir.
428 1234 481 1287 5.
513 1249 565 1287 v.
587 1232 643 1289 5.
676 1231 791 1288 Hoc
813 1232 949 1288 enim
971 1232 1148 1287 scitote
1171 1231 1513 1304 intelligentes
1540 1231 1680 1300 quod
1707 1230 1877 1284 omnis

348 1326 655 1396 fornicator,
689 1334 779 1378 aut
808 1324 1121 1389 immundus,
1151 1334 1241 1377 aut
1265 1339 1471 1386 avarus,
1504 1322 1643 1393 quod
1664 1331 1738 1376 est
1760 1321 1878 1375 ido-

344 1418 504 1469 lorum
524 1416 762 1479 servitus,
784 1430 887 1470 non
905 1415 1053 1469 habet
1079 1414 1409 1469 hereditatem
1432 1416 1484 1467 in
1508 1430 1664 1485 regno
1687 1412 1877 1466 Christi

340 1520 383 1563 et
415 1508 533 1563 Dei.
569 1508 625 1563 6.
659 1506 828 1561 Nemo
867 1523 953 1561 vos
996 1508 1204 1560 seducat
1231 1507 1467 1559 inanibus
1508 1504 1669 1559 verbis
1711 1522 1729 1558 :
1751 1520 1874 1573 pro-

341 1613 448 1667 pter
474 1601 587 1653 Ittec
616 1600 749 1652 enim
778 1599 910 1652 venit
956 1598 1035 1651 ira
1062 1597 1161 1650 Dei
1204 1599 1254 1650 in
1286 1598 1420 1665 ﬁlios
1449 1596 1762 1665 diﬁidentiw.

344 1695 390 1746 1.
423 1692 594 1746 Erant
628 1690 885 1759 quidam,
930 1700 987 1743 ut
1018 1689 1258 1751 videtur,
1291 1688 1455 1743 etiam
1488 1687 1627 1756 apud
1660 1696 1873 1741 nostros

276 1785 538 1853 majores,
574 1784 666 1853 qui
723 1782 908 1851 populi
964 1796 1153 1836 manus
1205 1779 1684 1844 dissolvebant,et
1729 1778 1869 1848 quod

273 1878 459 1932 dictum
486 1887 571 1931 est
600 1875 668 1929 ab
699 1875 985 1930 Ezechiele
1010 1917 1025 1941 ,
1074 1873 1139 1928 ad
1185 1889 1321 1942 opus
1346 1871 1686 1929 deducebant
1713 1914 1727 1938 ,
1764 1873 1872 1924 imo

276 1985 391 2025 vero
427 1985 551 2039 qua:
599 1976 728 2021 sunt
780 1965 1375 2037 pseudoprophetarum
1425 1963 1725 2029 faciebant;
1781 1966 1868 2032 qui

276 2078 361 2130 pro
381 2062 587 2133 pugillo
617 2060 804 2114 hordei
836 2060 1001 2114 Deum
1032 2058 1435 2129 vilipendebant
1462 2072 1646 2112 coram
1674 2058 1869 2127 populo

273 2170 376 2217 ομιε
420 2153 645 2224 (ΕιεεΙι.
673 2153 759 2206 15.
795 2151 886 2221 19)
922 2169 936 2206 :
968 2149 1109 2221 quod
1154 2149 1449 2205 etiamnum
1492 2148 1561 2203 ab
1603 2148 1867 2217 aliquibus

271 2247 373 2300 lieri
400 2246 661 2300 arbitror.
696 2247 828 2299 Cum
864 2244 1025 2315 igitur
1049 2243 1282 2297 dicimus
1302 2284 1317 2309 ,
1348 2242 1491 2312 quod
1518 2240 1608 2311 qui
1646 2241 1863 2295 fratrem

268 2340 456 2393 fatuum
509 2338 789 2392 vocaverit
817 2379 831 2403 ,
884 2338 936 2390 in
991 2334 1294 2406 gehennam
1340 2334 1584 2388 abiturus
1629 2333 1732 2398 sit;
1775 2332 1865 2386 alii

262 2434 479 2485 dicunt:
516 2431 672 2485 Itane
701 2473 716 2495 ,
763 2430 853 2499 qui
903 2430 1180 2483 vocaverit
1228 2428 1451 2482 fratrem
1500 2426 1747 2493 fatuum,
1809 2427 1860 2481 in

258 2526 549 2592 gehennam
587 2524 755 2578 abibit
781 2524 799 2576 Ι
830 2521 1201 2592 Nequaquam,
1232 2522 1308 2575 ait
1338 2537 1350 2573 :
1380 2528 1435 2575 et
1465 2535 1585 2574 cum
1632 2521 1861 2575 dicimus

256 2617 389 2685 quod
436 2632 639 2670 avarus
671 2616 740 2670 sit
788 2616 1056 2671 idolorum
1109 2614 1321 2680 cultor;
1357 2614 1487 2669 illud
1540 2615 1622 2669 isti
1675 2615 1858 2683 deSpi-

252 2712 445 2765 cientes
480 2709 709 2774 dicunt,
766 2709 869 2763 hoc
900 2724 995 2778 per
1037 2707 1370 2778 hyperbolen
1400 2708 1507 2761 dici
1535 2725 1546 2760 :
1579 2718 1739 2777 atque
1785 2709 1857 2761 ita

252 2804 421 2856 omnia
456 2802 718 2856 mandata
765 2809 1145 2856 contemnunt.
1176 2800 1285 2855 llos
1335 2816 1465 2871 ergo
1510 2801 1857 2858 subindicans

250 2898 429 2950 beatus
461 2895 667 2950 Paulus
694 2937 708 2961 ,
744 2903 873 2950 tunc
900 2909 1117 2965 quoque
1162 2893 1439 2949 scribebat
1490 2894 1557 2949 ad
1593 2894 1857 2963 Ephesios

246 2988 426 3042 dicens
458 3006 472 3041 :
505 2986 625 3040 lloc
651 2987 785 3039 enim
812 2987 989 3040 scitote
1014 2986 1353 3056 intelligentes
1379 2988 1517 3054 quod
1558 2987 1723 3040 omnis
1747 2991 1855 3057 for-

245 3082 432 3134 nicator
453 3122 468 3145 ,
498 3091 595 3133 aut
624 3080 919 3132 immundus
940 3121 953 3139 ,
982 3088 1070 3131 aut
1091 3095 1277 3133 avarus
1296 3120 1311 3145 ,
1338 3080 1425 3149 qni
1455 3088 1526 3134 est
1549 3080 1715 3133 cultor
1736 3081 1853 3134 ido-

246 3175 401 3230 lorum
424 3218 438 3241 ,
469 3193 575 3230 non
616 3175 765 3229 habet
793 3172 1123 3228 hereditatem
1169 3173 1222 3229 in
1250 3188 1409 3246 regno
1440 3171 1629 3230 Christi
1663 3182 1709 3230 et
1732 3173 1849 3232 Dei.

249 3268 443 3325 Deinde
472 3268 759 3338 subjuugit
791 3284 804 3321 :
843 3266 1010 3321 Nemo
1038 3284 1125 3323 vos
1153 3268 1374 3337 decipiat
1403 3269 1643 3323 inanibus
1668 3270 1848 3325 verbis.

245 3362 361 3419 llaec
394 3364 557 3417 verba
592 3371 719 3417 sunt
750 3363 928 3416 inania
951 3403 965 3427 ,
1000 3377 1121 3432 quae
1146 3362 1211 3415 ad
1244 3371 1455 3431 tempus
1505 3362 1706 3417 habent
1730 3379 1851 3434 gra-

242 3454 361 3510 tiam
381 3498 395 3520 ,
430 3467 483 3511 et
513 3454 748 3509 minime
773 3453 1132 3509 ostenduntur
1160 3452 1317 3509 factis
1344 3462 1397 3509 et
1427 3456 1685 3523 operibus
1716 3472 1729 3509 :
1762 3471 1849 3512 res

240 3548 373 3600 enim
403 3561 465 3600 ea
496 3555 589 3600 est
621 3544 893 3612 deccptio.
920 3542 1142 3613 Propter
1172 3544 1279 3597 hth
1308 3546 1442 3597 enim
1486 3546 1618 3598 venit
1645 3546 1725 3598 ira
1752 3544 1848 3599 Dei

239 3641 285 3693 in
313 3641 445 3708 ﬁlios
489 3639 878 3693 inobedientite.
905 3637 1135 3707 Propter
1166 3639 1554 3693 scortationetu
1584 3680 1597 3702 ,
1631 3638 1798 3707 inquit
1829 3680 1842 3704 ,

240 3743 449 3802 propter
469 3731 790 3797 avaritiam,
817 3742 1036 3801 propter
1062 3731 1455 3784 immunditiam
1480 3746 1494 3797 ;
1514 3739 1608 3784 aut
1630 3742 1847 3801 propter

239 3828 345 3881 lue
371 3838 420 3881 et
455 3835 692 3895 prepter
717 3824 1118 3894 deceptionem,
1151 3826 1406 3896 quoniam
1435 3834 1561 3880 sunt
1586 3824 1842 3894 decepto-

238 3936 338 3973 res.
383 3918 553 3973 Filios
603 3916 990 3973 inobcdientize
1040 3932 1135 3972 eos
1184 3926 1344 3971 vocat
1384 3917 1477 3987 qui
1521 3926 1649 3972 sunt
1687 3916 1847 3972 valde

236 4011 700 4081 inobsequentes;
732 4010 821 4079 qui
866 4009 915 4062 ci
962 4024 1069 4062 non
1118 4007 1396 4062 obediunt.
1429 4008 1480 4062 7.
1507 4006 1687 4062 Nolite
1726 4024 1847 4079 ergo

232 4104 350 4171 effici
377 4102 665 4171 participes
696 4117 890 4153 eorum.
917 4099 970 4154 8.
1001 4097 1175 4153 Eratis
1201 4100 1336 4153 enim
1377 4098 1657 4167 aliquando
1708 4109 1846 4153 tene-

231 4196 344 4259 brae,
380 4211 518 4248 nunc
544 4204 723 4247 autem
754 4192 845 4246 lux
868 4193 918 4245 in
949 4191 1189 4245 Domino.
1210 4190 1345 4246 Vide
1375 4207 1538 4260 quam
1570 4192 1846 4261 sapienter

230 4302 317 4339 eos
341 4297 424 4340 est
450 4286 804 4340 adhortatus.
843 4284 1082 4338 Primum
1133 4300 1160 4334 a
1210 4282 1448 4345 Christo,
1500 4282 1654 4349 Quod
1705 4284 1845 4338 alter

230 4378 454 4432 alterum
487 4376 718 4446 diligitis
748 4416 763 4436 .
790 4384 843 4428 et
871 4376 1071 4429 nemini
1111 4374 1364 4443 injuriam
1394 4374 1568 4427 facitis
1614 4389 1630 4430 ς
1658 4390 1845 4429 rursus

228 4470 547 4522 adhortatur
599 4482 630 4519 a
661 4466 928 4536 supplicio
954 4474 1009 4520 et
1030 4464 1279 4535 gehenna
1314 4481 1329 4518 :
1361 4462 1537 4518 Eratis
1577 4466 1711 4519 enim
1740 4465 1841 4518 ali-

228 4563 429 4631 quando
463 4560 725 4626 tenebrte,
782 4574 919 4611 nunc
955 4569 1125 4611 autem
1167 4559 1258 4610 tua:
1302 4557 1359 4610 in
1401 4555 1647 4610 Domino.
1687 4556 1841 4624 Quod

229 4655 439 4723 quidem
472 4653 616 4708 dicit
645 4651 808 4704 etiam
855 4650 909 4703 in
942 4649 1196 4719 Epistula.
1217 4647 1283 4701 ad
1331 4648 1605 4703 Romanos
1632 4664 1647 4701 :
1682 4648 1843 4713 Quem

228 4762 340 4815 ergo
366 4749 599 4816 fructum
628 4742 879 4809 habuistis
908 4751 1026 4794 tunc
1055 4742 1110 4794 in
1136 4740 1263 4808 illis,
1289 4739 1342 4793 in
1362 4740 1544 4807 quibus
1566 4756 1700 4793 nunc
1727 4757 1846 4793 eru-

227 4839 461 4893 bescitis?
489 4847 547 4893 et
590 4836 831 4905 priorem
863 4834 1182 4905 pravitatem
1228 4840 1283 4886 et
1314 4832 1501 4886 vitium
1543 4832 1651 4887 illis
1702 4848 1843 4888 nunc

229 4940 447 4987 revocat
476 4933 532 4986 in
571 4930 921 4984 memoriam.
956 4927 1071 4982 Hoc
1105 4936 1205 4989 est,
1243 4926 1554 4997 Cogitantes
1580 4925 1707 4995 quid
1747 4941 1843 4982 vos

225 5024 513 5095 aliquando
544 5021 745 5088 fuistis,
770 5032 818 5075 et
852 5019 981 5092 quid
1007 5034 1150 5074 nunc
1182 5018 1304 5073 facti
1352 5018 1517 5083 estis;
1548 5032 1617 5072 ne
1649 5033 1842 5073 recur-

224 5118 351 5171 ratis
391 5129 589 5171 rursus
619 5114 686 5167 ad
723 5113 869 5182 ptius
898 5112 1086 5166 vitium
1114 5153 1127 5176 ,
1157 5125 1331 5179 neque
1353 5111 1444 5165 Dei
1487 5110 1716 5179 gratiam
1760 5110 1840 5163 af-

224 5209 407 5264 ﬁciatis
453 5205 817 5263 contumelia.
870 5203 1043 5257 Eratis
1082 5202 1360 5273 aliquando
1406 5202 1663 5265 tenebrae,
1703 5217 1838 5254 nunc

222 5312 385 5356 autent
418 5301 513 5355 tua:
552 5300 608 5351 in
648 5296 895 5351 Domino.
924 5296 1037 5350 lloc
1075 5294 1229 5348 vobis
1256 5294 1352 5347 fuit
1392 5307 1500 5346 non
1542 5306 1609 5347 ex
1656 5300 1833 5347 vestra

223 5396 412 5448 virtute
432 5435 449 5459 ,
480 5393 582 5448 sed
613 5406 708 5460 per
753 5389 845 5443 Dei
873 5392 1100 5459 gratiam
1137 5407 1150 5441 :
1188 5387 1291 5441 hoc
1316 5396 1433 5451 est,
1483 5385 1553 5439 Et
1598 5400 1701 5439 vos
1731 5386 1832 5439 ali-

224 5486 434 5555 quando
462 5486 533 5540 iis
564 5485 712 5553 digni
768 5482 949 5537 lui<tis
971 5523 986 5546 ,
1038 5482 1131 5535 sed
1171 5481 1403 5549 amplius
1432 5493 1540 5533 non
1571 5478 1725 5534 estis.
1768 5478 1835 5533 Ut

221 5578 312 5644 ﬁlii
345 5595 466 5649 ergo
496 5578 633 5630 lucis
675 5574 950 5627 tunbulate.
987 5573 1125 5640 Quid
1154 5573 1224 5625 sit
1248 5581 1428 5625 aulem
1450 5612 1463 5636 ,
1501 5568 1628 5622 Filii
1660 5570 1827 5632 lucis;

221 5668 409 5723 deinde
457 5668 641 5736 aperit
679 5682 692 5719 :
726 5667 781 5721 9.
814 5664 1035 5719 Fructus
1072 5664 1209 5717 enim
1252 5662 1461 5733 spiritus
1487 5673 1558 5716 est
1589 5662 1644 5715 in
1692 5662 1830 5713 omni

221 5759 413 5822 iustitia
460 5768 507 5813 et
555 5758 779 5812 bonitate
816 5767 864 5811 et
911 5757 1137 5810 veritate.
1176 5755 1263 5809 10.
1290 5752 1578 5807 Probantes
1610 5752 1731 5820 quid
1762 5751 1827 5805 sit

228 5853 597 5919 tvm-placitum
626 5851 860 5904 Domino.
890 5849 958 5902 In
1002 5850 1138 5901 omni
1166 5889 1179 5912 ,
1213 5847 1405 5916 inquit,
1436 5847 1679 5899 bonitate.
1713 5845 1823 5899 lloc

226 5944 482 6002 adversus
536 5946 830 6001 irascentes
850 5986 862 6009 ,
896 5944 1153 5998 adversus
1184 5940 1406 5995 acerbos
1434 5953 1487 5994 et
1518 5938 1822 5993 amarulen-

1990 1236 2070 1279 tos
2102 1245 2113 1281 :
2144 1225 2211 1280 In
2240 1228 2458 1296 iustitia,
2493 1230 2752 1287 adversus
2777 1248 2974 1290 avaros
3004 1254 3016 1287 :
3046 1246 3092 1291 et
3129 1238 3367 1304 veritate,
3392 1242 3583 1297 adver-

1987 1332 2080 1373 sus
2109 1318 2297 1375 falsam
2326 1320 2679 1391 voluptatem.
2703 1322 2819 1378 Non
2856 1325 2942 1380 illa
2968 1368 2983 1393 ,
3020 1327 3230 1398 inquit,
3276 1347 3395 1400 quae
3435 1332 3582 1402 dixi,

1986 1409 2078 1465 sed
2108 1412 2399 1466 contraria.
2427 1411 2496 1466 In
2522 1416 2680 1469 omni.
2715 1415 2769 1471 Id
2801 1426 2906 1483 est,
2935 1429 3150 1487 oportet
3181 1420 3410 1477 fructum
3447 1427 3583 1482 ferre

1983 1500 2319 1568 Spiritualem
2374 1502 2426 1556 in
2454 1505 2726 1561 omnibus.
2758 1506 3043 1564 Probantes
3070 1513 3196 1580 quid
3238 1514 3302 1567 sit
3340 1515 3577 1585 benepla-

1984 1594 2140 1645 citant
2188 1591 2430 1647 Domino.
2462 1595 2551 1649 Illa
2581 1613 2710 1667 ergo
2740 1609 2865 1654 sunt
2912 1602 3107 1656 mentis
3142 1606 3363 1672 puerilis
3392 1618 3446 1661 et
3478 1609 3581 1662 im-

1983 1684 2257 1753 perfectas.
2283 1688 2367 1741 11.
2405 1687 2467 1740 Et
2496 1690 2653 1744 nolite
2681 1694 3078 1760 communicare,
3112 1697 3313 1767 inquit,
3347 1702 3583 1769 operibus

1980 1775 2308 1844 infructuosis
2334 1779 2656 1835 tenebrarum
2681 1800 2698 1844 ;
2728 1785 2890 1853 magis
2918 1796 3088 1839 autem
3117 1788 3407 1860 redarguite
3436 1807 3454 1844 :
3487 1792 3577 1846 12.

1978 1884 2094 1937 qua:
2120 1870 2254 1922 enim
2281 1872 2334 1923 in
2362 1873 2560 1926 occulto
2585 1875 2712 1941 ﬁunt
2743 1876 2804 1928 ab
2832 1878 2977 1945 ipsis,
3009 1888 3157 1947 turpe
3199 1890 3273 1934 est
3299 1892 3346 1935 et
3385 1882 3573 1938 dicere.

1980 1959 2065 2013 15.
2104 1958 2289 2013 Omnia
2329 1972 2497 2017 autem
2539 1981 2652 2034 qua:
2689 1978 2977 2035 arguuntur
3021 1986 3052 2022 a
3097 1971 3326 2039 lumine,
3359 1976 3574 2045 manife-

1976 2062 2197 2107 stantur.
2234 2054 2396 2121 Dixit,
2432 2056 2546 2111 Lua:
2574 2060 2691 2112 estis
2716 2077 2734 2113 :
2758 2061 2846 2114 lux
2876 2074 3056 2118 autem
3089 2067 3265 2135 arguit
3294 2083 3416 2138 qua:
3443 2070 3577 2127 fiunt

1976 2143 2028 2198 in
2064 2147 2317 2203 tenebris.
2354 2147 2407 2203 Si
2438 2164 2567 2218 ergo
2597 2166 2689 2204 vos
2725 2153 2863 2218 sitis,
2900 2153 3109 2225 inquit,
3134 2158 3331 2213 virtute
3362 2160 3574 2229 prtediti

1973 2246 2027 2291 et
2080 2236 2419 2305 admirandi,
2471 2257 2575 2294 non
2626 2252 2879 2309 poterunt
2928 2244 3097 2301 latere
3141 2247 3395 2318 improbi.
3426 2250 3577 2307 Sicut

1971 2331 2113 2386 enim
2143 2334 2186 2387 si
2236 2334 2409 2403 posita
2442 2335 2511 2390 sit
2542 2335 2756 2391 lucerna
2784 2379 2798 2403 ,
2848 2354 3036 2394 omnes
3084 2340 3488 2411 illuminantur,
3520 2356 3575 2399 et

1972 2424 2109 2479 latro
2152 2441 2259 2480 non
2313 2428 2509 2497 poterit
2560 2429 2766 2499 ingredi
2798 2447 2810 2484 :
2842 2430 2914 2485 ita
2959 2432 3111 2487 vobis
3161 2434 3373 2489 lucente
3414 2435 3567 2501 luce,

1968 2520 2357 2575 convinccntur
2402 2521 2677 2591 redarguti
2726 2524 2974 2593 improbi.
3007 2524 3231 2595 Oportet
3280 2527 3441 2597 igitur
3486 2544 3571 2581 ar—

1966 2628 2151 2681 gnere.
2184 2612 2465 2679 Quomodo
2493 2629 2623 2683 ergo
2670 2614 2801 2669 dicit
2832 2632 2846 2669 :
2880 2613 3058 2669 Nolite
3077 2617 3321 2686 judicare
3340 2659 3355 2682 ,
3388 2629 3441 2671 ut
3469 2635 3569 2672 non

1956 2705 2262 2775 jadicemini
2288 2706 2504 2778 (Matth.
2539 2707 2588 2759 7.
2620 2707 2672 2775 1)
2701 2709 2723 2759 ?
2780 2709 3021 2778 Arguere
3073 2709 3209 2764 dixit
3240 2752 3252 2773 ,
3286 2726 3391 2765 non
3438 2728 3570 2767 cou-

1963 2796 2221 2853 demuare
2245 2839 2260 2861 ,
2294 2797 2397 2853 hoc
2424 2806 2539 2863 est,
2570 2800 2835 2870 castigare
2867 2819 2879 2854 :
2911 2811 2993 2866 et,
3025 2800 3200 2856 Nolite
3216 2804 3489 2873 judicare,
3514 2817 3567 2860 ut

1963 2890 2391 2958 noujudicemini
2419 2888 2524 2959 (Ib.
2555 2908 2600 2944 v.
2636 2890 2690 2961 ὃ)
2716 2932 2729 2955 ,
2762 2891 2895 2945 dixit
2936 2893 3003 2946 de
3034 2892 3271 2950 tui..itnis
3298 2898 3555 2965 peceatis.

1961 2982 2251 3051 Subjunxit
2278 2999 2409 3038 vero
2441 3002 2453 3037 :
2489 2984 2626 3049 Quid
2654 2985 2791 3040 vides
2834 2990 3084 3056 festucam
3113 2987 3165 3041 in
3211 2990 3360 3043 oculo
3388 2990 3565 3059 fratris

1962 3075 2036 3126 tui
2061 3116 2073 3140 ,
2106 3076 2158 3128 in
2182 3085 2269 3129 tuo
2298 3086 2464 3131 autem
2512 3078 2659 3132 oculo
2688 3079 2880 3132 trabem
2918 3095 3019 3133 non
3048 3082 3211 3134 cernis
3235 3082 3260 3135 ?
3288 3082 3401 3139 Hoc
3428 3096 3511 3139 est
3547 3103 3557 3136 :

1959 3166 2111 3224 Sicut
2156 3168 2350 3225 vulnus
2394 3169 2651 3242 quamdiu
2679 3185 2913 3243 superne
2940 3180 3140 3227 tectum
3171 3172 3474 3241 delitescit,
3510 3188 3559 3233 et

1959 3267 2127 3319 currit
2174 3281 2270 3335 per
2317 3267 2641 3335 profundum
2664 3309 2678 3333 ,
2711 3269 2911 3323 nullam
2941 3269 3140 3337 accipit
3169 3273 3509 3326 curationem
3545 3291 3559 3325 :

1959 3359 2029 3412 ita
2079 3368 2357 3427 peccatum
2387 3361 2645 3430 quamdiu
2674 3360 2890 3430 quidem
2924 3362 3249 3430 occultatur,
3286 3372 3558 3435 tamquam

1957 3451 2008 3504 in
2042 3451 2277 3506 tenebris
2321 3451 2625 3508 admittitur
2672 3468 2793 3509 cum
2828 3470 3021 3525 magna
3050 3457 3380 3523 securitate;
3409 3469 3558 3528 pOsl-

1955 3558 2114 3612 quam
2142 3552 2321 3599 autem
2354 3544 2513 3600 fuerit
2537 3547 2961 3614 manifestatum,
2994 3548 3053 3602 fit
3082 3550 3169 3603 lux
3197 3590 3211 3616 ,
3243 3565 3349 3605 non
3384 3552 3556 3620 ipsum

1957 3644 2233 3703 peccatum
2258 3652 2271 3701 ;
2302 3637 2575 3707 quomodo
2597 3638 2782 3693 enim?
2810 3639 2905 3693 sed
2934 3640 2978 3693 is
3007 3641 3097 3710 qui
3116 3642 3335 3697 admisit
3361 3644 3555 3713 ipsum.

1954 3726 2179 3796 Quando
2206 3729 2349 3784 enim
2385 3730 2462 3795 is,
2492 3732 2582 3800 qui
2616 3729 2764 3798 fecit,
2798 3733 2849 3785 in
2882 3732 3118 3789 medium
3152 3734 3314 3790 fuerit
3354 3738 3556 3807 produ-

1953 3828 2070 3875 ctus
2090 3862 2103 3884 ,
2133 3820 2349 3890 quando
2375 3821 2706 3891 admonitus,
2736 3825 2955 3894 quando
2976 3825 3171 3884 ductus
3196 3831 3512 3898 poenitentia
3540 3876 3554 3896 ,

1953 3914 2169 3982 quando
2197 3915 2571 3971 remissionem
2601 3916 2764 3972 fuerit
2789 3929 3129 3989 assequutus,
3152 3937 3331 3977 annon
3362 3938 3557 3993 expur-

1952 4005 2091 4075 gasti
2138 4006 2255 4077 ejus
2297 4007 2598 4064 tenebras?
2644 4025 2824 4065 annon
2899 4014 3099 4067 curasti
3150 4014 3264 4084 ejus
3311 4017 3558 4073 vulnus?

1952 4112 2131 4152 atmon
2185 4097 2579 4155 infertilitatem
2644 4103 2881 4158 evocasti
2954 4104 3022 4158 ad
3105 4106 3397 4163 fructum?
3451 4112 3557 4165 Aut

1954 4188 2056 4243 hoc
2096 4188 2261 4255 dicit,
2314 4201 2409 4245 aut
2454 4191 2586 4245 illud
2626 4235 2640 4259 ,
2705 4193 2850 4264 quod
2899 4204 3082 4251 vestra
3150 4199 3370 4267 quidem
3448 4202 3555 4255 vita

1951 4296 2074 4335 cum
2119 4283 2191 4336 sit
2233 4282 2515 4338 manifesta
2542 4326 2555 4348 ,
2591 4296 2676 4340 est
2731 4286 2817 4340 lux
2850 4288 3071 4343 :nullus
3130 4290 3275 4344 enim
3329 4290 3556 4347 abscon-

1954 4373 2033 4427 dit
2087 4374 2289 4439 vitam,
2346 4375 2400 4429 in
2439 4392 2600 4447 quam
2655 4394 2761 4433 non
2801 4379 2948 4435 cadit
3003 4383 3358 4451 reprehensio
3390 4402 3403 4438 :
3435 4402 3555 4456 qua:

1950 4475 2135 4521 autem
2164 4467 2575 4524 abscondantur
2595 4512 2609 4536 ,
2642 4470 2767 4541 quia
2794 4481 2921 4527 sunt
2947 4472 3117 4529 oll‘usa
3152 4476 3391 4532 tenebris
3417 4519 3430 4543 ,
3465 4494 3557 4534 oc-

1949 4558 2243 4613 cultautur.
2276 4560 2362 4614 M.
2398 4560 2621 4629 Propter
2646 4563 2782 4634 quod
2807 4564 2929 4617 dicit
2960 4581 2978 4619 :
3009 4565 3177 4637 Surge
3202 4569 3287 4638 qui
3319 4570 3514 4625 dormis
3541 4613 3555 4635 ,

1948 4664 1993 4706 et
2016 4668 2230 4723 exsurge
2253 4669 2285 4705 a
2316 4654 2530 4709 mortuis
2558 4696 2571 4719 ,
2603 4665 2651 4708 et
2680 4656 2987 4711 illuminabit
3040 4669 3087 4712 te
3138 4659 3389 4715 Christus.
3422 4662 3558 4717 Dor-

1949 4744 2205 4799 mientem
2234 4754 2289 4799 et
2317 4757 2589 4801 mortuum
2614 4747 2744 4802 dicit
2771 4764 2892 4804 eum
2923 4750 3013 4819 qui
3060 4760 3143 4805 est
3187 4753 3239 4805 in
3264 4754 3503 4823 peccatis
3538 4773 3552 4809 :

1951 4846 2143 4892 tetrum
2172 4839 2315 4893 enim
2347 4838 2569 4895 odorem
2594 4841 2763 4911 spirat
2791 4851 2848 4896 ut
2902 4852 3151 4898 mortuus
3171 4885 3185 4909 ,
3240 4860 3339 4900 nec
3376 4857 3554 4916 potest

1947 4930 2159 4999 operari
2190 4942 2247 4985 ut
2272 4931 2360 5001 qui
2391 4931 2611 4997 dormit,
2643 4941 2698 4986 et
2729 4932 2859 4986 nihil
2899 4932 3046 4988 videt
3090 4944 3147 4989 ut
3180 4936 3288 5003 ille,
3316 4938 3409 4991 sed
3454 4954 3545 4994 so-

1948 5021 2117 5075 mniat
2133 5032 2182 5075 et
2206 5022 2513 5091 phantasias
2530 5023 2909 5092 apprehendit.
2929 5024 3033 5079 Alii
3061 5025 3267 5094 dicunt,
3291 5027 3357 5082 Et
3376 5040 3551 5101 tanges

1947 5115 2205 5169 Christum
2231 5134 2248 5179 ;
2277 5117 2365 5170 alii
2394 5128 2573 5171 autem
2603 5158 2618 5179 ,
2669 5116 2735 5170 Et
2764 5116 3077 5172 illuntinabit
3109 5131 3157 5174 te
3187 5120 3421 5178 Christus
3446 5163 3462 5188 ,
3494 5135 3549 5179 et

1946 5209 2122 5276 potius
2156 5209 2226 5261 ita
2251 5218 2352 5264 est.
2384 5208 2613 5263 Discede
2660 5223 2689 5261 a
2720 5218 2942 5277 peccato
2966 5252 2980 5277 ,
3028 5219 3083 5265 et
3112 5212 3314 5281 poteris
3366 5214 3551 5271 videre

1942 5297 2214 5355 Christum
2248 5317 2261 5353 :
2299 5299 2439 5354 Nam
2485 5302 2573 5369 qui
2619 5301 2759 5355 mala
2784 5302 2928 5372 agit,
2963 5304 3070 5357 odit
3112 5304 3311 5372 lucem,
3356 5316 3403 5359 et
3435 5323 3538 5361 non

1944 5398 2076 5451 venit
2107 5398 2177 5448 ad
2204 5394 2367 5449 lucem
2390 5395 2584 5465 (Joan.
2610 5396 2664 5451 5.
2694 5396 2807 5463 20)
2835 5414 2849 5451 :
2880 5397 2971 5467 qui
2999 5409 3178 5453 autem
3227 5416 3334 5455 non
3365 5400 3536 5472 facit,

1942 5492 2106 5547 venit.

2011 5584 2067 5637 2.
2099 5584 2205 5639 Sed
2236 5584 2338 5639 hoc
2387 5600 2492 5639 non
2540 5585 2718 5639 solum
2760 5584 2895 5639 dicit
2922 5583 2993 5640 de
3047 5585 3342 5642 incredulis
3376 5605 3388 5642 :
3418 5603 3543 5643 nam

1922 5679 2092 5737 .tuulti
2123 5694 2186 5733 ex
2219 5677 2467 5733 fidelibus
2497 5694 2602 5733 non
2632 5679 2811 5732 minus
2838 5688 3114 5735 sectantur
3162 5680 3350 5736 vitium
3385 5698 3544 5753 quam

1934 5771 2228 5831 infideles;
2263 5778 2318 5823 et
2346 5779 2470 5823 sunt
2516 5770 2679 5823 etiam
2724 5770 2817 5839 qui
2868 5771 3041 5826 multo
3087 5772 3280 5843 magis.
3312 5773 3381 5828 Et
3425 5774 3547 5827 ideo

1939 5879 2163 5918 necesse
2190 5870 2275 5916 est
2301 5862 2386 5916 eis
2415 5861 2596 5916 dicere
2630 5878 2642 5912 :
2679 5860 3045 5931 Expergiscere
3084 5865 3170 5931 qui
3216 5865 3406 5918 dormis
3433 5906 3447 5927 ,
3497 5874 3545 5914 et

1943 5973 2157 6023 exsurge
2185 5973 2213 6009 a
2241 5954 2468 6021 mortuis,
2505 5963 2550 6009 ct
2578 5953 2886 6008 illuminabit
2907 5964 2952 6007 te
2979 5953 3231 6009 Christus.
3266 5955 3378 6009 lloc
3410 5966 3544 6020 quo—
