4092 6496
483 453 593 528 423

485 589 592 650 que
638 577 888 636 convenit
911 576 992 634 eis
1020 567 1240 636 dicere,
1269 569 1408 624 Deus
1449 585 1549 622 non
1593 577 1664 621 est
1713 573 2060 630 mortuorum,

487 673 577 730 tut
602 674 827 724 virorum
854 665 1068 738 (Matth.
1094 662 1186 716 92.
1215 661 1329 731 52).
1370 661 1425 715 Si
1475 671 1604 728 ergo
1648 672 1757 711 non
1803 663 1888 709 est
1930 654 2071 707 Deus

399 739 406 748 l
491 758 846 825 itioitunrum,
879 757 1144 810 vivamus.
1173 752 1399 821 Quidam
1428 761 1606 806 autem
1635 747 1943 804 existimant
1971 743 2074 797 hoc

491 857 613 909 esse
660 837 1026 922 hyperbolen,
1056 849 1262 900 Avarus
1306 854 1386 898 est
1436 842 1608 898 cultor
1653 836 2072 926 idolorum._Sed

490 945 596 999 non
627 951 709 997 est
739 942 840 994 hoc
872 938 1092 993 verbum
1122 935 1470 1008 hyperboles,
1504 931 1602 987 sed
1630 931 1893 986 veritatis.
1925 929 2072 995 Quo-

496 1029 698 1087 modo?
725 1031 768 1086 Δ
801 1030 906 1083 Deo
934 1027 1156 1082 discedit
1177 1039 1389 1086 avarus,
1415 1023 1552 1079 sicut
1592 1031 1643 1075 et
1675 1021 1972 1076 idololatra.
2006 1017 2074 1072 Et

495 1119 567 1175 ne
591 1119 864 1175 exiStimca
892 1117 1088 1172 frustra
1121 1130 1241 1170 esse
1267 1115 1503 1170 dictum:
1533 1123 1615 1167 est
1633 1101 1831 1166 Christi
1859 1117 2076 1164 senten-

497 1213 569 1267 tia'
598 1227 718 1280 Quae
741 1210 912 1264 dicit:
963 1206 1085 1262 Non
1111 1207 1320 1278 potestis
1357 1205 1463 1259 Deo
1504 1205 1690 1258 servire
1730 1213 1778 1256 et
1825 1217 2077 1257 mammia:

494 1289 659 1369 (ibid.
688 1301 744 1357 ϐ.
785 1301 904 1371 24).
933 1299 1033 1366 Qui
1074 1309 1337 1352 mammia:
1377 1295 1617 1350 serviunt
1662 1295 1701 1359 ί,
1733 1294 1937 1362 seipsos
1981 1308 2079 1346 ex—

502 1390 750 1460 pulerunt
788 1405 815 1442 a
863 1390 955 1444 Dei
1000 1389 1254 1443 servitute
1285 1405 1298 1441 :
1324 1386 1413 1455 qui
1455 1393 1632 1439 autem
1671 1383 1788 1452 eius
1815 1391 2078 1452 negarunt

495 1481 792 1536 dominium
813 1522 828 1544 ,
857 1487 913 1535 et
960 1495 1092 1534 auro
1119 1480 1170 1533 in
1200 1479 1379 1531 animo
1403 1476 1676 1540 serviunt,
1708 1473 1966 1544 liquidum
1995 1483 2078 1527 est

496 1579 594 1628 eos
621 1585 742 1629 esse
770 1575 1008 1628 enitares
1035 1571 1323 1626 idolorum.
1350 1571 1419 1624 At
1448 1585 1551 1623 non
1580 1567 1711 1633 feci,
1741 1568 1934 1637 inquit,
1959 1567 2079 1620 ido-

497 1665 631 1731 lum,
652 1677 825 1734 neque
841 1680 986 1721 aram
1005 1664 1188 1727 statui,
1223 1677 1394 1733 neque
1419 1676 1548 1716 oves
1565 1660 1882 1725 sacriﬁcavi,
1907 1672 2081 1728 neque

498 1751 679 1810 binum
708 1755 891 1822 libari,
918 1753 1012 1810 sed
1039 1755 1320 1808 ecclesiam
1345 1769 1461 1808 sum
1492 1753 1790 1820 ingressus,
1811 1761 1866 1805 et
1892 1766 2082 1804 manus

497 1847 715 1902 t-itendi
742 1849 1016 1917 unigenito
1045 1847 1138 1902 Dei
1163 1844 1322 1910 Filio,
1353 1855 1406 1900 et
1431 1861 1549 1899 sum
1584 1845 1849 1914 particeps
1877 1854 2079 1915 myste-

502 1940 727 2004 riorum,
755 1947 811 1992 et
837 1952 1056 2008 precum
1087 1937 1258 1990 habeo
1279 1936 1591 1990 societatem
1621 1945 1674 1990 et
1703 1935 1933 1989 aliorum
1961 1950 2081 1987 om-

501 2031 648 2085 nium
695 2043 816 2100 qute
861 2031 1189 2085 conteniunt
1228 2028 1558 2083 Christiano.
1583 2027 1864 2092 Quomodo
1916 2041 2082 2096 ergo,

499 2123 690 2193 inquit,
718 2121 887 2177 a’doro
925 2121 1069 2176 idola
1095 2122 1119 2173 2
1148 2121 1322 2189 Atque
1351 2119 1452 2174 hoc
1478 2119 1694 2188 quidem
1723 2127 1810 2174 est
1848 2127 1904 2173 et
1929 2118 2085 2173 valde

501 2215 824 2280 mirandum,
853 2213 998 2284 quod
1023 2230 1145 2268 cum
1175 2223 1425 2282 expertus
1470 2224 1619 2268 ess‘es
1659 2223 1712 2268 et
1741 2213 1832 2268 Dei
1877 2220 2087 2282 gustas-

501 2309 592 2360 ‘ses
619 2305 1027 2376 benignitatem,
1056 2314 1110 2359 et
1160 2304 1388 2358 vidisses
1419 2305 1705 2374 benignum
1746 2318 1867 2358 esse
1912 2304 2086 2357 Domi-

503 2398 649 2458 num,
684 2395 973 2467 benignum
1001 2394 1216 2464 quidem
1262 2394 1556 2458 dimiseris,
1587 2393 1860 2448 crudelem
1905 2405 2085 2448 autem

501 2481 783 2561 iyran'num
819 2489 1100 2543 admiseris
1148 2501 1210 2540 ac
1241 2488 1546 2556 susceperis
1592 2497 1684 2542 :et
1729 2502 1837 2556 prae
1885 2497 1936 2540 te
1979 2487 2087 2540 fers

499 2581 716 2648 quidem
745 2589 797 2635 te
823 2579 873 2634 ei
901 2593 1006 2633 nan
1034 2579 1258 2640 servire,
1292 2593 1348 2632 re
1373 2593 1494 2631 vera
1523 2587 1698 2630 autem
1732 2587 1782 2630 te
1809 2572 2085 2645 subjecisti

503 2671 640 2724 duro
669 2679 722 2724 et
741 2683 935 2738 aspero
956 2671 1086 2738 jugo
1131 2669 1332 2721 amoris
1372 2667 1634 2736 pecunim.
1676 2666 1921 2722 Nondum
1955 2665 2085 2719 mihi

500 2763 683 2818 dixisti
713 2759 858 2830 qno'd
885 2776 914 2812 a
946 2770 998 2814 te
1022 2769 1170 2814 recte
1197 2761 1264 2814 sit
1294 2759 1512 2821 factum,
1545 2759 1637 2812 sed
1671 2758 1810 2812 dona
1853 2757 2083 2812 homini.

505 2839 599 2907 Dic
627 2851 756 2906 mihi
778 2893 794 2916 ,
823 2865 1008 2920 qumso
1028 2891 1043 2916 ,
1075 2851 1340 2905 undenam
1382 2849 1682 2918 judicamns
1725 2849 1988 2904 militem?
2017 2862 2086 2900 an

501 2953 570 2999 ex
596 2959 663 2998 eo
680 2984 696 3009 ,
724 2942 868 3012 quod
895 2950 953 2996 ut
981 2941 1199 2996 satelles
1225 2943 1384 3010 stipet
1412 2957 1590 3010 regem
1613 2982 1626 3003 .
1654 2950 1709 2996 et
1735 2941 1802 2995 ab
1821 2954 1888 2995 eo
1913 2940 2090 2995 alatnr

503 3038 561 3089 et
583 3036 704 3103 ejus
731 3049 852 3089 esse
877 3034 1085 3088 dicatur
1114 3051 1128 3099 ;
1159 3051 1226 3088 an
1257 3051 1322 3089 ex
1349 3049 1437 3098 eo,
1480 3033 1624 3102 quod
1655 3045 1760 3087 non
1791 3034 1842 3087 in
1870 3050 1991 3086 cum
2018 3034 2090 3088 sit

504 3115 643 3182 bene
683 3125 939 3190 aii'ectus,
967 3124 1062 3180 sed
1090 3133 1200 3194 pra!
1227 3133 1286 3180 se
1314 3123 1451 3179 ierat
1475 3139 1534 3178 se
1565 3125 1616 3178 in
1644 3123 1787 3178 illius
1817 3139 1938 3179 esse
1969 3139 2089 3192 par-

506 3218 648 3272 tibus
674 3221 728 3271 et
755 3215 916 3271 rebus
941 3214 1058 3285 ejus
1082 3214 1284 3281 favere,
1313 3214 1654 3268 inimicorum
1674 3218 1854 3270 autem
1887 3230 1973 3268 res
1993 3231 2087 3281 ge-

506 3310 626 3365 rat?
651 3294 825 3375 Patet,
859 3323 926 3364 eo
966 3307 1111 3376 quod
1143 3307 1286 3376 regis
1315 3307 1531 3361 satelles
1559 3314 1662 3361 est.
1693 3307 1816 3361 Ideo
1855 3307 2085 3377 graviori

503 3399 768 3470 supplicio
793 3398 987 3468 dignus
1007 3407 1110 3464 est,
1140 3413 1298 3467 quam
1326 3397 1371 3451 si
1399 3398 1624 3464 abrupto
1645 3398 1774 3468 jugo
1796 3399 1954 3468 regite
1975 3413 2088 3451 ser-

502 3491 688 3545 vitutis
714 3507 776 3546 se
800 3490 1030 3545 inimicis
1055 3488 1366 3544 dedidisset.
1393 3489 1458 3544 Et
1487 3500 1538 3542 tn
1567 3489 1730 3544 Deum
1762 3490 2084 3544 contumelia

502 3581 670 3636 aiﬁcis
694 3588 964 3650 tamquam
997 3579 1308 3646 idololatra,
1332 3596 1436 3636 non
1467 3597 1572 3636 uno
1617 3597 1712 3636 ore
1746 3591 1857 3646 tiro,
1881 3581 1975 3635 sed
2007 3584 2088 3635 in-

504 3672 915 3727 numerabilium
935 3712 952 3739 ,
983 3674 1177 3742 quibus
1207 3673 1340 3727 facta
1369 3683 1456 3726 est
1485 3673 1698 3743 injuria.
1733 3675 1797 3726 At
1835 3690 1940 3726 non
1969 3682 2085 3736 est,

505 3765 694 3832 inquit,
720 3763 1019 3818 idololatra.
1043 3763 1267 3831 Quando
1295 3764 1454 3834 igitur
1480 3763 1660 3817 dicunt
1685 3763 1856 3817 erci
1886 3802 1902 3828 ,
1933 3762 2090 3816 Chri-

505 3855 711 3908 SIianu‘s
756 3854 854 3909 iste
880 3869 1109 3922 avarus,
1144 3866 1270 3910 tunc
1314 3870 1420 3908 non
1459 3854 1573 3922 ipse
1620 3855 1767 3909 solus
1797 3855 1994 3922 probro
2037 3863 2092 3908 ει

506 3945 829 3999 contumelia
856 3945 1021 4000 afﬁcit
1047 3962 1139 4015 per
1159 3962 1222 4000 ea
1251 3961 1374 4014 qua:
1401 3945 1546 4005 facit.
1577 3945 1671 3998 sed
1700 3953 1754 3998 et
1779 3957 1874 3998 eos
1900 3944 2091 4012 quibus

511 4036 646 4092 facta
677 4047 760 4092 cst
782 4037 973 4107 injuria
1005 4053 1154 4107 sarpe
1181 4038 1324 4106 cogit
1355 4037 1456 4092 hoc
1489 4035 1669 4090 dicere
1695 4055 1707 4091 :
1741 4037 1882 4104 quod
1913 4038 1955 4090 si
1989 4037 2091 4090 hoc

508 4137 615 4184 non
643 4129 848 4194 dicunt,
874 4128 1087 4184 illorum
1118 4127 1295 4197 pietati
1334 4128 1434 4180 hoc
1461 4135 1544 4182 est
1574 4127 1960 4195 imputandum.
1985 4130 2092 4181 An-

511 4229 616 4276 non
648 4219 892 4275 videmus
918 4233 1007 4275 res
1031 4219 1110 4274 sic
1141 4219 1294 4273 ﬁeri?
1321 4218 1458 4285 Quid
1500 4230 1580 4272 est
1607 4218 1748 4272 aliud
1780 4219 2092 4274 itlololatra?

509 4323 689 4365 annon
730 4311 843 4381 ipse
868 4323 1082 4380 quoque
1106 4325 1248 4375 saepe
1272 4309 1462 4363 adorat
1489 4310 1613 4362 vitia
1642 4318 1698 4362 ut
1723 4311 1810 4378 qni
1855 4311 1958 4364 illis
1986 4325 2092 4365 non

512 4401 779 4468 imperet?
818 4399 886 4456 Ut
929 4398 1163 4467 exempli
1208 4414 1406 4462 causa,
1451 4399 1666 4468 quando
1698 4399 1923 4453 dicimus
1972 4416 2093 4452 eum

508 4491 734 4545 adorare
753 4490 914 4556 idola,
938 4488 1076 4553 Non,
1108 4489 1294 4557 inquit,
1314 4488 1404 4543 sed
1428 4488 1708 4549 Venerem,
1733 4490 1826 4543 sed
1853 4490 2090 4544 Martem.

513 4582 576 4634 Et
603 4582 645 4634 si
671 4580 969 4635 dixerimus
988 4621 1002 4644 ,
1031 4581 1288 4644 Quaenam
1334 4589 1410 4632 est
1460 4578 1574 4632 haec
1605 4578 1825 4632 Venus?
1852 4580 1940 4648 qui
1971 4590 2097 4635 sunt

511 4675 575 4724 ea
607 4671 683 4724 eis
711 4671 986 4740 graviores
1012 4669 1218 4731 dicunt,
1243 4669 1496 4740 Voluptas
1529 4685 1541 4719 :
1577 4669 1644 4722 Et
1669 4669 1788 4738 quis
1815 4669 1987 4725 Mars?
2015 4671 2095 4725 ira

514 4773 570 4815 (οι
611 4763 845 4816 animus.
887 4761 962 4815 Ita
1007 4762 1166 4813 etiam
1218 4773 1271 4815 tu
1318 4777 1642 4816 mamonam.
1671 4763 1726 4817 Si
1775 4763 2095 4830 dixerimus,

517 4853 744 4920 Qitinam
793 4861 876 4907 est
923 4852 1204 4906 mamona?
1232 4852 1467 4905 Avaritia
1501 4869 1514 4906 :
1546 4861 1600 4904 et
1624 4862 1674 4905 tu
1703 4868 1819 4906 eam
1869 4855 2098 4909 adoras?

519 4929 633 4997 finit
662 4942 859 5007 adoro,
909 4942 1100 5010 inquit.
1132 4942 1349 5009 Quare?
1379 4942 1630 5006 quoniam
1679 4956 1780 4996 non
1831 4955 1881 4998 te
1926 4947 2098 5014 ipsum

517 5027 746 5088 iuﬁectis
769 5040 824 5086 et
853 5034 1148 5086 incurvus?
1177 5032 1343 5086 Multo
1370 5033 1536 5104 magis
1557 5033 1750 5089 adoras
1779 5051 1871 5103 per
1889 5036 2021 5089 facta
2047 5047 2100 5090 ct

520 5131 608 5177 res
636 5123 781 5192 ipsas
807 5139 820 5185 ;
854 5122 968 5175 haec
994 5121 1137 5176 enim
1160 5133 1242 5177 est
1262 5127 1431 5191 major
1448 5124 1706 5178 adoratin.
1729 5125 1794 5178 Et
1820 5135 1878 5179 ut
1901 5127 2098 5189 discas,

518 5215 639 5269 vide
670 5214 721 5268 in
754 5214 884 5268 Deo.
911 5213 1138 5280 Quinam
1185 5231 1303 5268 cum
1358 5214 1524 5285 magis
1569 5217 1825 5281 adorant,
1857 5218 1964 5272 iine
2011 5219 2099 5284 qni

517 5306 688 5358 solum
719 5313 862 5356 stant
890 5305 941 5358 in
971 5305 1241 5374 precibus,
1267 5324 1332 5358 an
1357 5307 1444 5376 qui
1475 5307 1677 5362 faciunt
1701 5309 1818 5376 ejus
1848 5308 2101 5361 Volunta-

519 5389 674 5447 ιιιίἣῖ
704 5383 885 5447 Palam
941 5405 1044 5459 est,
1073 5396 1212 5464 quod
1262 5398 1368 5449 isti.
1406 5395 1476 5449 lta
1509 5398 1670 5451 etiam
1719 5400 1768 5450 in
1817 5413 2100 5463 mammia,

522 5484 611 5551 qui
657 5485 860 5539 faciunt
889 5487 1005 5553 ejus
1062 5489 1426 5556 voluntatem,
1468 5492 1637 5560 magis
1688 5505 1808 5543 eum
1857 5491 2101 5544 adorant.

525 5566 682 5646 Atqui
733 5577 808 5630 illi
839 5580 926 5646 qui
955 5579 1178 5633 adorant
1220 5581 1534 5635 aliectiones
1563 5592 1615 5635 et
1655 5581 1781 5634 vitia
1804 5623 1817 5646 ,
1852 5597 1998 5649 szepe
2040 5582 2108 5635 ab

523 5664 632 5721 illis
677 5678 804 5725 suun
860 5674 1048 5726 l't'llloli
1097 5693 1107 5725 :
1157 5674 1356 5728 videris
1401 5675 1542 5727 enim
1579 5675 1840 5728 cultorem
1891 5675 2107 5739 Martis,

552 5787 603 5868 ᾗ)
644 5801 696 5850 lli
730 5809 824 5868 uno
845 5801 1019 5868 Codice
1051 5787 1311 5867 legunt...
1347 5823 1366 5850 α
1392 5815 1436 5854 et
1455 5817 1704 5854 mammae.
1731 5823 1751 5848 υ
1787 5807 1916 5864 Qitud
1941 5807 1981 5854 si
2016 5811 2107 5857 non

523 5853 584 5913 ὗῖἇ
611 5866 830 5924 poemate
852 5853 1028 5916 εει-ειη
1057 5853 1152 5917 Πῖο
1175 5875 1217 5917 ει
1253 5853 1501 5925 rmntorta',
1528 5868 1607 5924 qui
1632 5853 1882 5926 niam-35w;
1914 5853 2013 5917 etv.

1185 457 1241 516 ε.
1280 447 1552 514 tempus
1586 432 2058 512 Cutirsidsroiit

2194 437 2411 507 curse.
2450 451 2658 512 coasr
2671 440 2976 514 ANTIRUP.
3669 450 3753 506 δεῖ

2179 561 2311 616 iram
2360 580 2502 634 saepe
2554 567 2770 622 vincere
2788 583 2850 623 ac
2895 569 3236 637 reprimere:
3271 566 3405 622 inte
3450 578 3627 620 antem
3676 585 3758 619 res

2178 665 2281 708 no’n
2310 657 2378 709 ita
2402 671 2461 711 se
2488 659 2674 725 habet,
2703 655 2796 713 sed
2831 671 2880 714 te
2901 662 2950 713 in
2972 661 3281 715 servitutem
3313 661 3423 714 vitii
3446 662 3518 713 tui
3540 661 3758 728 redigis.

2177 743 2247 797 At
2275 760 2404 800 oves
2428 762 2534 800 non
2557 748 2806 818 jngnlas?
2833 749 2939 805 Sed
2965 751 3175 820 jngnlas
3206 751 3452 805 homines
3473 762 3525 805 et
3555 753 3761 805 animas

2177 834 2381 890 ratione
2397 837 2766 904 praeditasJias
2778 841 2990 906 quidem
3009 842 3289 907 fame,illas
3301 857 3428 896 vero
3443 842 3760 896 maledictis.

2179 926 2294 982 lloc
2310 929 2572 983 sacriﬁcio
2607 931 2738 986 nihil
2765 943 2848 988 est
2873 935 3043 1002 magis
3074 933 3410 1000 baccbicum,
3433 935 3562 988 nihil
3593 937 3761 1002 magis

2180 1016 2447 1071 insanum.
2478 1019 2608 1085 Quis
2639 1037 2890 1090 umquam
2924 1023 3053 1076 vidit
3097 1023 3347 1092 jugulare
3376 1025 3626 1077 animas?
3653 1026 3760 1078 Ex-

2181 1110 2438 1164 seeranda
2464 1120 2548 1164 est
2573 1127 2664 1166 ara
2690 1114 2950 1167 avaritiae.
2980 1114 3109 1168 Nam
3136 1115 3203 1168 ad
3237 1115 3373 1170 hanc
3411 1129 3559 1169 aram
3589 1116 3759 1171 idolo-

2181 1213 2300 1254 rum
2328 1201 2373 1254 si
2407 1203 2644 1268 veneris,
2674 1203 2872 1260 videris
2903 1221 3020 1258 eam
3049 1206 3201 1266 olere
3229 1208 3543 1276 sanguinem
3571 1223 3760 1276 capra-

2182 1307 2299 1345 rum
2321 1302 2374 1347 et
2403 1293 2595 1359 boum;
2629 1296 2696 1350 ad
2733 1298 2972 1351 avaritize
3016 1307 3193 1352 autem
3221 1313 3367 1353 aram
3421 1301 3464 1354 si
3512 1303 3757 1365 veneris,

2185 1383 2387 1438 videbis
2398 1399 2518 1440 eam
2536 1388 2770 1455 graviter
2793 1388 3086 1456 spirantem
3107 1388 3394 1443 humanum
3415 1391 3726 1460 sanguinem
3748 1410 3760 1444 :

2184 1471 2230 1524 si
2262 1470 2349 1526 hic
2396 1474 2648 1541 steteris,
2682 1490 2786 1528 non
2831 1476 3036 1531 videbis
3062 1476 3253 1531 ardere
3279 1479 3393 1532 alas
3422 1479 3630 1542 avium,
3663 1496 3764 1533 nec

2184 1565 2352 1619 emitti
2384 1581 2634 1635 vaporem
2683 1577 2738 1622 et
2779 1569 2983 1623 furnum
3011 1609 3025 1630 .
3057 1569 3154 1624 sed
3193 1570 3368 1638 perire
3407 1585 3634 1640 corpora
3666 1571 3764 1626 hu-

2189 1669 2367 1711 mana.
2396 1657 2526 1712 Nam
2557 1659 2646 1714 alii
2675 1661 2893 1730 quidem
2924 1678 2982 1716 se
3031 1661 3330 1731 praecipites
3357 1663 3613 1732 dejicinnt
3633 1705 3647 1729 ,
3675 1665 3763 1718 alii

2187 1755 2370 1815 aptant
2396 1749 2668 1819 laqueum,
2695 1751 2785 1804 alii
2816 1767 2911 1820 per
2939 1762 3121 1820 guttur
3159 1765 3342 1807 ensem
3376 1753 3763 1824 transadignnt.

2192 1839 2378 1894 Vidisti
2405 1841 2643 1897 crudelia
2669 1853 2721 1898 et
2775 1842 3063 1898 inhumana
3111 1843 3413 1898 sacriﬁcia?
3445 1845 3538 1898 Vis
3571 1846 3653 1899 his
3682 1849 3762 1899 vi-

2186 1929 2316 1986 dere
2343 1933 2632 2000 gravium?
2669 1931 2784 2002 Ego
2825 1933 2919 1987 tibi
2973 1933 3251 1990 ostendam
3275 1975 3290 1998 ,
3321 1949 3424 1989 non
3451 1935 3560 2005 jam
3593 1937 3765 1990 homi-

2188 2038 2314 2075 num
2343 2037 2590 2092 corpora,
2619 2022 2714 2078 sed
2731 2025 2937 2078 animas
2968 2025 3077 2078 illic
3123 2026 3368 2079 mactari.
3407 2025 3584 2080 Potest
3624 2027 3767 2080 enim

2190 2113 2408 2166 mactari
2435 2114 2612 2168 anima
2640 2129 2705 2167 ea
2725 2113 2874 2168 caede
2903 2130 3022 2182 qua:
3053 2114 3128 2170 illi
3153 2117 3404 2170 convenit
3429 2135 3442 2170 :
3469 2116 3607 2170 sicut
3625 2117 3768 2172 enim

2189 2213 2272 2260 est
2301 2220 2446 2259 mors
2472 2206 2737 2274 corporis,
2768 2206 2837 2260 ita
2865 2215 2950 2261 est
2971 2221 3116 2262 mors
3141 2209 3335 2262 animae
3369 2226 3382 2262 :
3411 2209 3595 2262 Anima
3638 2210 3770 2261 ωιὶιη

2188 2313 2302 2365 qua:
2328 2305 2533 2368 peccat,
2562 2297 2770 2367 inquit,
2798 2297 2912 2367 ipsa
2929 2300 3173 2352 morietur
3195 2299 3409 2369 (Ezech.
3434 2301 3522 2355 i8.
3551 2301 3626 2370 4).
3653 2300 3768 2354 Non

2189 2396 2271 2444 est
2295 2389 2465 2458 qualis
2491 2404 2638 2444 mors
2665 2390 2928 2458 corporis,
2959 2391 3053 2444 sed
3080 2399 3164 2445 est
3190 2391 3349 2460 longe
3375 2391 3593 2459 gravior
3617 2409 3765 2446 mors

2188 2482 2400 2536 animai.
2426 2481 2556 2536 Nam
2581 2483 2671 2537 illa
2700 2484 2916 2552 quidem
2943 2498 3090 2538 mors
3106 2485 3368 2554 corporis,
3392 2501 3510 2540 cmn
3539 2487 3769 2538 animam

2189 2582 2244 2628 et
2273 2587 2468 2641 corpus
2507 2573 2734 2628 alterum
2777 2575 2842 2627 ab
2872 2575 3043 2629 altero
3067 2575 3418 2640 dissolverit,
3453 2575 3529 2629 illi
3557 2577 3768 2644 quidem

2189 2664 2344 2719 aii'crt
2371 2665 2656 2735 requiema
2687 2667 2867 2720 multis
2896 2668 3041 2721 curis
3069 2676 3124 2721 et
3147 2668 3419 2723 laboribus
3442 2688 3457 2732 ;
3488 2669 3624 2723 hanc
3646 2685 3772 2724 vero

2190 2756 2256 2808 ad
2289 2756 2459 2809 locum
2491 2756 2830 2810 manifestum
2877 2759 3190 2812 transmittit
3218 2776 3231 2812 :
3255 2758 3452 2813 deinde
3485 2774 3604 2814 cum
3634 2769 3770 2814 tem-

2192 2862 2321 2916 pore
2354 2848 2512 2902 fuerit
2557 2847 2878 2902 dissolutum
2911 2859 2966 2903 et
3013 2849 3205 2918 Spiritu
3241 2851 3537 2920 privatum,
3587 2867 3773 2905 rursus

2190 2949 2541 3009 congregatur
2585 2955 2708 2995 cum
2774 2941 3223 3012 incorruptione,
3271 2953 3327 2997 et
3378 2958 3527 2997 suam
3585 2943 3774 3012 recipit

2191 3031 2443 3086 animam.

2263 3122 2317 3175 3.
2353 3126 2525 3194 Atque
2550 3124 2670 3178 talis
2694 3124 2909 3193 quidem
2935 3133 3019 3179 est
3041 3139 3186 3179 mors
3211 3125 3474 3196 corporis.
3500 3125 3641 3180 Mors
3671 3140 3769 3178 au-

2193 3225 2298 3271 tem
2331 3219 2521 3270 animae
2549 3226 2632 3272 est
2679 3217 2945 3272 horrenda
2977 3226 3032 3272 et
3079 3217 3356 3272 terribilis.
3410 3217 3526 3271 Non
3554 3219 3694 3271 enim
3727 3217 3773 3270 si

2193 3305 2350 3360 fuerit
2391 3307 2649 3362 dissoldta
2676 3347 2690 3370 .
2720 3323 2838 3362 eam
2872 3307 3186 3361 transmittit
3234 3307 3373 3362 sicut
3416 3323 3610 3377 corpus
3634 3347 3649 3371 ,
3678 3308 3772 3362 sed

2189 3411 2306 3455 eam
2335 3414 2520 3453 rursus
2542 3399 2810 3469 alligatam
2835 3399 3070 3468 corpori,
3095 3399 3148 3453 in
3170 3399 3310 3468 quod
3332 3399 3486 3454 cadet
3504 3399 3770 3461 interitus,

2190 3503 2306 3544 eam
2351 3489 2584 3544 immittit
2638 3489 2691 3542 in
2736 3490 2933 3560 ignem,
2979 3490 3069 3560 qui
3120 3505 3225 3544 non
3277 3501 3450 3560 potest
3487 3492 3771 3560 exstingui.

2193 3583 2318 3636 Ilaec
2369 3584 2453 3637 est
2509 3596 2638 3652 ergo
2691 3591 2838 3636 mers
2895 3581 3109 3636 animm.
3157 3581 3306 3636 Sicut
3352 3597 3479 3651 ergo
3501 3589 3584 3636 est
3631 3596 3776 3635 n.ors

2191 3673 2416 3738 animae,
2447 3673 2515 3726 ita
2548 3684 2629 3726 εει
2663 3674 2820 3727 etiam
2850 3673 3028 3727 caedes
3055 3671 3268 3726 animae.
3291 3673 3426 3739 Quid
3468 3682 3551 3726 est
3600 3673 3774 3726 credes

2192 3767 2470 3837 corporis?
2522 3767 2690 3822 Morte
2741 3782 2862 3822 esse
2911 3766 3198 3832 aﬂ'ectum,
3239 3775 3293 3821 et
3333 3765 3615 3834 abruptum
3655 3777 3776 3820 esse

2193 3859 2503 3928 Operatione
2567 3875 2686 3928 quae
2755 3868 2839 3913 cst
2899 3874 2966 3914 ex
3015 3858 3211 3914 anima.
3285 3857 3422 3925 Quid
3473 3867 3556 3912 est
3600 3859 3778 3912 aedes

2193 3949 2428 4004 animm?
2472 3949 2586 4018 Ipsa
2633 3965 2846 4019 quoque
2874 3959 2957 4004 est
2990 3948 3376 4003 mortiﬁcatio?
3405 3947 3542 4015 Quid
3569 3957 3652 4002 est
3679 3964 3775 4001 an-

2198 4052 2301 4096 tem
2331 4041 2670 4097 rnortiﬁcatio
2717 4043 2946 4096 animae?
2993 4042 3142 4096 Sicut
3185 4045 3381 4112 corphs
3436 4051 3562 4096 tunc
3609 4053 3783 4096 morte

2195 4134 2448 4199 afﬁcitur,
2473 4135 2686 4205 quando
2725 4136 2902 4189 anima
2946 4133 3000 4190 id
3029 4135 3302 4204 reliquerit
3327 4135 3594 4190 desertum
3627 4151 3656 4190 a
3685 4153 3782 4190 sua

2196 4229 2509 4295 Operatione
2539 4245 2551 4280 :
2579 4228 2648 4281 ita
2688 4227 2851 4283 etiam
2893 4235 3021 4282 tunc
3066 4239 3241 4282 morte
3289 4227 3520 4284 aiﬁritur
3566 4228 3782 4288 anima.

2197 4320 2410 4387 quando
2451 4335 2567 4374 eam
2615 4335 2644 4373 a
2690 4335 2784 4374 sua
2833 4321 3146 4388 Operatioue
3188 4321 3456 4376 desertam
3508 4323 3788 4391 reliquerit

2198 4407 2434 4477 Spiritus
2465 4419 2700 4465 sanctus.
2731 4410 2825 4464 Ha:
2851 4411 3026 4465 caedes
3054 4420 3108 4464 et
3139 4413 3489 4466 maetationes
3515 4423 3642 4466 sunt
3672 4429 3788 4467 ma-

2201 4501 2342 4554 xime
2360 4499 2426 4553 ad
2448 4509 2594 4552 aram
2617 4501 2852 4554 avaritia:
2874 4521 2886 4555 :
2907 4515 3012 4553 non
3035 4501 3294 4554 satiantur
3317 4517 3488 4570 neque
3509 4518 3568 4555 se
3590 4503 3790 4556 sistunt

2203 4607 2370 4660 usque
2397 4591 2463 4644 ad
2496 4592 2809 4657 sanguinem
2840 4592 3138 4656 hominum,
3172 4591 3265 4644 sed
3297 4591 3398 4644 nisi
3425 4592 3585 4646 etiam
3617 4593 3787 4660 ipsam

2202 4681 2590 4736 sacriﬁcaveris
2631 4682 2896 4748 animam,
2946 4697 3051 4735 non
3104 4681 3356 4750 impletur
3384 4697 3473 4736 ara
3505 4683 3746 4736 avaritia:
3772 4726 3788 4749 ,

2204 4774 2304 4828 nisi
2334 4773 2612 4841 utriusque
2641 4773 2914 4844 acceperit
2932 4775 3140 4827 animas
3163 4815 3177 4835 ,
3208 4789 3401 4842 nempe
3432 4777 3546 4842 ejus
3580 4775 3669 4843 qui
3697 4792 3790 4830 sa-

2203 4864 2408 4919 criﬁcat
2435 4873 2486 4916 ct
2509 4863 2625 4933 ejus
2651 4864 2740 4932 qui
2767 4865 3122 4919 sacriﬁcatur.
3156 4865 3289 4918 Enm
3317 4865 3459 4919 enim
3491 4865 3584 4934 qui
3615 4869 3792 4920 sacri-

2206 4956 2328 5008 iicat
2368 4961 2583 5022 oportet
2627 4955 2854 5022 primum
2885 4969 3004 5009 esse
3049 4954 3440 5020 Sacriﬁcatnm;
3485 4965 3539 5010 et
3582 4957 3654 5010 ita
3703 4957 3796 5012 ille

2205 5045 2473 5098 sacriﬁcat
2498 5086 2512 5108 ,
2547 5054 2600 5099 et
2632 5057 2874 5100 mortuus
2903 5045 3169 5100 sacriﬁcat
3196 5062 3318 5102 eum
3359 5047 3452 5116 qui
3483 5057 3608 5102 tunc
3637 5049 3796 5102 vivit.

2206 5135 2429 5201 Quando
2451 5137 2592 5190 enim
2619 5137 2913 5192 maledictis
2941 5138 3479 5206 insectatur,qnando
3502 5141 3715 5209 probris
3739 5155 3799 5197 et

2209 5224 2464 5279 eunviciis
2511 5227 2751 5294 appetit,
2782 5227 2993 5296 quando
3042 5239 3324 5284 succenset
3367 5239 3421 5283 et
3450 5230 3798 5300 indignatur,

2210 5330 2388 5372 annon
2421 5317 2503 5372 ha:
2532 5319 2698 5387 plaga:
2727 5319 2922 5372 anima:
2943 5328 3066 5374 sunt
3095 5320 3420 5376 incurabiles
3444 5322 3466 5374 ?
3496 5321 3659 5377 Vides
3691 5339 3798 5376 non

2210 5424 2330 5465 esse
2359 5410 2560 5464 dictum
2595 5407 3001 5480 hyperbolicum
3025 5411 3048 5464 ?

2285 5500 2564 5553 Avaritiam
2610 5516 2719 5554 esse
2765 5501 3108 5554 idololatriam
3139 5502 3398 5567 probatur.
3423 5532 3492 5542 -ο
3518 5501 3608 5558 Vis
3636 5504 3800 5558 etiam

2213 5590 2354 5642 aliud
2384 5589 2589 5652 audire,
2621 5601 2672 5644 et
2701 5589 2911 5644 discere
2935 5591 3204 5658 quomodo
3229 5593 3448 5646 avaritia
3475 5593 3544 5646 sit
3575 5593 3804 5648 idolola-

2217 5681 2314 5733 tria
2330 5691 2385 5735 et
2404 5681 2550 5734 cultu
2571 5680 2834 5735 idolorum
2851 5684 3102 5752 gravior?
3124 5682 3424 5740 ldolulalrtc
3451 5684 3680 5738 adorant
3711 5686 3805 5738 Dei

2217 5782 2488 5824 creaturas
2516 5789 2527 5824 :
2555 5769 2619 5824 Et
2648 5774 2910 5826 coluerunt
2934 5817 2947 5836 ,
2983 5773 3149 5845 inquit
3173 5819 3190 5840 ,
3217 5786 3262 5828 et
3290 5778 3568 5830 servierunt
3595 5787 3807 5831 creatit-

2223 5873 2292 5914 νω
2314 5862 2469 5931 magis
2492 5879 2640 5931 quam
2664 5863 2887 5918 Creatori
2917 5864 3092 5932 (Rom.
3124 5867 3171 5921 l.
3202 5867 3294 5936 25)
3325 5885 3335 5919 :
3369 5875 3421 5922 tu
3451 5867 3628 5921 autem
3657 5870 3804 5920 niam
