4092 6524
281 450 378 511 123

280 577 329 632 δὲ
356 572 665 644 ὑπερϐολὴν
694 564 838 626 αἰναί
874 590 1008 641 φασι
1039 574 1118 638 τὸ,
1173 574 1232 628 Ὀ
1264 575 1598 645 πλεονέκτης
1645 576 1868 629 εἰδωλο-

281 662 480 733 λάτρης
531 661 700 714 εστίν.
747 659 889 715 Ἀλλ’
916 661 1016 714 οὐκ
1067 660 1217 716 ἐστιν
1258 662 1567 733 ὑπερϐολῆς
1602 661 1663 715 τὸ
1692 663 1865 732 ῥῆμα,

283 750 412 805 ἀλλά
439 749 719 821 ἀληθείας.
745 749 872 814 Πῶς
903 751 1000 804 καὶ
1027 749 1135 804 τίνι
1162 749 1354 821 τρόπῳ
1381 767 1394 815 ;
1427 748 1554 804 Ὀτι
1575 751 1869 819 ἀφίσταται

284 835 490 892 ἀπὸτοῦ
522 835 662 890 Θεοῦ
687 838 717 890 6
743 836 1102 908 πλεονέκτης,
1126 838 1383 908 καθάπερ
1400 839 1428 890 6
1448 837 1868 912 εἰδωλολάτρης.

285 925 388 978 Καὶ
421 925 509 978 ἶνα
545 925 620 996 μὴ
649 924 884 996 νομίσῃς
912 924 1104 988 ἀπλῶς
1137 925 1413 996 εἰρῆσθαι,
1451 926 1732 996 ἀπόφασίς
1751 929 1872 980 ἐστι

288 1012 372 1067 τοῦ
404 1010 647 1082 Χριστοῦ
677 1011 916 1081 λέγουσα
937 1027 951 1043 ο
979 1013 1064 1066 Οὐ
1092 1012 1362 1067 δύνασθε
1385 1012 1507 1078 Θεῷ
1529 1013 1870 1078 δουλεύειν,

287 1101 378 1156 καί
410 1100 738 1170 μαμμωνᾷ.
775 1101 842 1154 Ol
893 1102 1180 1176 μαμμωνᾷ
1212 1110 1232 1132 ³
1269 1101 1639 1168 δουλεύοντες,
1679 1102 1872 1167 ἐξέϐα-

289 1191 371 1242 λον
419 1188 650 1251 έαυτοὺς
690 1188 795 1258 τῆς
837 1189 932 1242 τοῦ
957 1189 1095 1242 Θεοῦ
1131 1189 1380 1252 δουλείας
1407 1205 1422 1220 ·
1457 1190 1507 1242 οἱ
1538 1189 1594 1242 δὲ
1627 1190 1871 1261 ἀρνησά-

293 1295 438 1350 μενοι
470 1275 640 1332 αὺτοῦ
675 1276 773 1349 τὴν
799 1273 1143 1342 δεσποτείαν,
1177 1280 1271 1333 καὶ
1303 1279 1493 1351 χρυσῷ
1517 1279 1875 1344 δουλεύοντες

291 1363 495 1435 ἀψύχῳ,
552 1363 776 1435 εὔδηλον
825 1365 908 1418 ὅτι
971 1365 1357 1438 εἰδωλολάτραι
1409 1366 1567 1421 εἰσίν.
1611 1367 1750 1419 Ἀλλ’
1775 1367 1875 1421 οὐκ

292 1454 517 1522 ἐποίησα
549 1493 565 1518 ,
617 1455 820 1523 φησὶν,
868 1454 1127 1521 εἴδωλον,
1178 1455 1301 1508 οὐδὲ
1363 1455 1572 1525 ἐστησα
1641 1454 1828 1526 βωμὸν
1858 1496 1872 1518 ,

291 1543 402 1597 οὐδὲ
437 1541 716 1597 κατέθυσα
748 1543 1000 1613 πρόϐατα
1022 1585 1036 1608 ,
1076 1543 1199 1597 οὐδὲ
1222 1539 1367 1597 οἶνον
1390 1544 1722 1607 ὲπέσπεισα,
1755 1541 1870 1596 ἀλλ’

293 1636 363 1696 εἰς
397 1633 699 1702 ἐκκλησίαν
735 1618 1007 1703 εἰσῆλθοῆ
1033 1634 1128 1688 καὶ
1156 1636 1350 1704 χεῖρας
1370 1633 1624 1686 ἀνέτεινα
1652 1631 1728 1703 τῷ
1761 1649 1865 1702 μο-

293 1721 500 1788 νογενεϊ
527 1720 622 1773 τοῦ
657 1719 795 1773 Θεοῦ
829 1721 1012 1786 Παιᾶ,
1037 1721 1132 1774 καὶ
1164 1719 1483 1791 μυστηρίων
1519 1719 1755 1789 μετέχω,
1779 1718 1876 1772 καὶ

295 1807 456 1877 εὐχῆς
489 1807 758 1870 κοινωνῶ,
802 1811 897 1863 καὶ
929 1809 1038 1861 τῶν
1078 1808 1255 1862 ἀλλων
1297 1809 1577 1868 ἁπάντων,
1608 1802 1683 1860 ὧν
1713 1825 1878 1878 προσ-

289 1901 384 1970 ῆκε
424 1895 519 1949 τὸν
554 1897 907 1965 Χριστιανόν.
943 1895 1066 1958 Πῶς
1102 1892 1216 1961 οῦν,
1253 1896 1440 1967 φησὶν,
1475 1894 1669 1949 εἴδωλα
1702 1911 1876 1964 προσ-

289 1990 479 2056 acqu;
519 1986 694 2041 Τοῦτο
751 1986 850 2054 μὲν
880 1982 973 2037 οὖν
1021 1985 1154 2037 αὒτὺ
1192 1985 1288 2038 καὶ
1335 1982 1398 2037 τὸ
1427 1982 1877 2054 θαυμαστότατόν

302 2079 465 2142 ἐστιν,
494 2077 579 2129 ὅτι
609 2077 808 2145 πεῖραν
835 2071 1017 2124 λαϐὼν
1053 2071 1147 2124 καὶ
1185 2071 1526 2143 γευσάμενος
1555 2071 1657 2137 τῆς
1682 2071 1877 2139 φιλαν-

291 2164 536 2240 θρωπίας
579 2162 674 2216 τοῦ
713 2160 854 2214 Θεοῦ
878 2202 892 2226 ,
930 2161 1026 2214 καλ⁹
1071 2160 1193 2213 ἰδὼν
1222 2160 1304 2213 ὄτι
1335 2159 1571 2230 χρηστὸς
1594 2160 1622 2210 6
1651 2157 1877 2229 Κύριος,

292 2255 376 2309 τὸν
399 2254 502 2324 μὲν
530 2249 769 2322 χρηστὸν
802 2247 1014 2314 είασας,
1045 2247 1138 2303 τὸν
1167 2247 1224 2302 δὲ
1278 2247 1428 2319 ὠμὸν
1457 2249 1722 2318 τύραννον
1752 2263 1881 2300 κατ-

295 2342 451 2408 εδέξω
480 2381 495 2404 ,
543 2335 697 2411 [129]
722 2336 818 2390 καὶ
857 2338 1129 2407 προσποιῇ
1165 2335 1260 2406 μὲν
1286 2334 1460 2404 τούτῳ
1496 2333 1788 2398 δουλεύειν,
1811 2335 1879 2405 τῇ

289 2429 346 2483 δὲ
371 2426 611 2498 ἀληθείᾳ
638 2424 716 2496 τῷ
745 2422 970 2494 σκληρῷ
998 2422 1149 2492 ζυγῷ
1180 2423 1274 2475 καὶ
1305 2420 1528 2493 χαλεπῷ
1553 2420 1656 2490 τῆς
1685 2421 1882 2491 φιλαρ-

287 2516 483 2586 γυρίας
509 2512 707 2567 σαυτὸν
736 2510 1029 2573 ὑπέϐαλες.
1071 2507 1240 2562 υῦπω
1277 2525 1368 2579 μοι
1411 2509 1502 2562 σὺν
1547 2505 1710 2570 εἶπας
1751 2524 1884 2560 κατ-

293 2603 544 2673 όρθωμα,
572 2598 708 2653 ἀλλὰ
734 2598 801 2652 τά
829 2596 980 2670 δῶρα
1006 2596 1102 2649 τοῦ
1136 2597 1429 2650 Δεσπότου.
1460 2595 1597 2649 Εἰπὲ
1628 2595 1738 2666 γάρ
1770 2613 1880 2666 μοι,

291 2687 601 2760 παρακαλῶ
625 2727 640 2751 ,
674 2687 766 2739 τὸν
802 2685 1143 2756 στρατιώτην
1176 2685 1344 2738 πόθεν
1390 2685 1651 2756 κρίνομεν
1689 2700 1703 2749 ;
1753 2684 1882 2736 ὅταν

291 2779 572 2849 δορυφορῇ
611 2776 704 2828 τὸν
754 2773 982 2844 βασιλέα
1007 2773 1101 2825 καὶ
1125 2772 1256 2843 παρ’
1291 2771 1459 2825 αὑτοῦ
1490 2771 1763 2842 τρέφηται
1793 2771 1886 2822 καὶ

289 2867 529 2936 καλῆται
569 2861 737 2918 αὑτοῦ
760 2904 774 2926 ,
805 2863 838 2934 ἢ
873 2862 1001 2915 ὅταν
1034 2861 1105 2915 τὰ
1140 2862 1350 2915 ἐκείνου
1394 2861 1454 2912 οὐ
1499 2862 1671 2930 φρονῇ
1697 2899 1711 2918 ,
1741 2859 1878 2912 ἀλλὰ

289 2951 662 3024 προσποιῆται
705 2950 807 3020 μὲν
862 2944 1005 3003 εἷναι
1035 2949 1155 3019 μετ’
1182 2949 1393 3001 ἐκείνου
1437 2947 1536 3001 καὶ
1566 2947 1635 3000 τὰ
1670 2947 1885 2999 ἐκείνου

288 3039 645 3112 θεραπεύειν,
677 3038 748 3091 τά
789 3037 848 3090 δὲ
893 3037 1003 3090 τῶν
1072 3036 1350 3107 πολεμίων
1370 3035 1678 3106 πράγματα
1703 3035 1833 3104 αἰρῇ
1871 3053 1884 3098 ;

285 3127 532 3198 Εὔδηλον
561 3128 647 3179 ὅτι
689 3124 782 3178 τὸν
827 3123 1055 3194 βασιλέα
1091 3122 1430 3194 δορυφορῶν.
1461 3121 1562 3173 Διὰ
1583 3121 1746 3173 τοῦτο
1784 3121 1883 3172 καὶ

287 3214 689 3288 χαλεπωτέρας
735 3213 1013 3277 κολάσεως
1075 3211 1225 3277 ἄξιος
1254 3252 1270 3276 ,
1299 3210 1332 3281 ἢ
1362 3211 1462 3281 τῆς
1493 3207 1584 3262 τοῦ
1622 3207 1888 3278 βασιλέως

289 3303 545 3365 δουλείας
583 3301 776 3354 ἑαυτὸν
820 3297 1166 3371 ἀπορρήξας,
1193 3299 1288 3351 καὶ
1317 3299 1431 3359 τοῖς
1456 3295 1676 3366 ἐχθροῖς
1713 3312 1885 3366 προσ-

284 3393 482 3457 τεθείς.
528 3391 640 3443 Καὶ
657 3391 722 3443 σὺ
749 3388 928 3442 τοίνυν
965 3387 1207 3459 ὑϐρίζεις
1237 3387 1330 3440 τὸν
1359 3385 1495 3439 Θεὸν
1521 3384 1778 3454 καθάπερ
1809 3385 1888 3436 εἰ-

277 3479 664 3549 ¹δωλολςιὶτρης.
719 3477 818 3547 οὐχ
863 3477 945 3529 évl
993 3475 1223 3544 στόματι
1260 3472 1340 3544 τῷ
1369 3471 1468 3542 σῷ,
1501 3471 1640 3525 ἀλλὰ
1676 3470 1890 3542 μυρίοις

283 3573 393 3632 τοῖς
446 3568 834 3638 ἠδικημένοις.
881 3564 1022 3619 Ἀλλ’
1069 3563 1488 3635 εἰδωλολάτρης,
1537 3563 1729 3632 φησὶν,
1791 3561 1893 3612 οὐκ

286 3658 452 3710 ἔστιν.
493 3657 677 3709 Ὀταν
699 3651 793 3707 οὖν
815 3653 1052 3722 λέγωσιν
1077 3653 1128 3704 οἱ
1161 3650 1442 3719 Ἕλληνες,
1469 3647 1530 3702 Ὀ
1557 3647 1886 3718 Χριστιανὸς

278 3746 313 3797 τι
341 3744 713 3814 πλεονέκτης,
744 3742 868 3794 τότε
925 3741 1029 3793 οὐκ
1079 3739 1243 3802 αὐτὸς
1283 3739 1446 3808 μόνος
1483 3733 1700 3808 ὑϐρίζει
1730 3735 1798 3791 δι’
1818 3728 1893 3790 ὧν

286 3834 494 3903 πράττε
507 3849 555 3895 ε,
593 3830 731 3884 ἀλλά
761 3829 856 3882 καὶ
880 3828 1010 3891 τοὺς
1029 3825 1396 3898 ἠδικημένους
1427 3822 1735 3892 ἀναγκάζει
1767 3821 1896 3876 πολ-

285 3921 440 3986 λάκις
515 3920 686 3972 τοῦτο
741 3918 926 3986 λέγειν
959 3931 975 3947 ·
1038 3917 1088 3969 εἰ
1148 3914 1205 3967 δὲ
1277 3915 1353 3983 μὴ
1402 3913 1664 3981 λέγουσι,
1732 3911 1894 3963 τοῦτο

282 4012 382 4082 τῆς
435 4009 679 4064 ἐκείνων
747 4005 1036 4066 εὐλαϐείας
1105 4003 1412 4071 λογιστέον.
1467 3995 1541 4054 ’Ἡ
1598 4001 1699 4071 οὐχ
1759 4000 1897 4070 ὁρῶ-

278 4113 384 4164 ·μεν
440 4094 516 4147 τὰ
583 4091 890 4162 πράγματα
942 4086 1088 4142 οὕτω
1147 4086 1449 4156 γινόμενα;
1493 4083 1554 4137 ’0
1607 4083 1894 4136 εἰδωλολά-

283 4200 446 4255 τρης,
484 4181 548 4234 τί
597 4179 730 4233 ἄλλο
763 4194 777 4243 ;
807 4177 841 4248 ἦ
875 4176 998 4247 οὐχὶ
1053 4175 1150 4229 καὶ
1191 4174 1353 4237 αὐτὸς
1406 4171 1555 4255 πάθη
1598 4171 1900 4243 προσκυνεῖ

289 4253 586 4334 πολλάκις,
651 4267 727 4338 μὴ
776 4264 873 4318 τοῦ
917 4264 1120 4325 πάθους
1174 4260 1393 4332 κρατῶν
1423 4277 1437 4326 ;
1473 4253 1600 4312 Οἶόν
1633 4275 1683 4311 τι
1710 4257 1854 4324 λέγω
1883 4274 1896 4288 ο

288 4358 464 4413 Ὅταν
524 4357 802 4425 εἴπωμεν,
833 4353 916 4406 ὅτι
971 4350 1170 4404 εἴδωλα
1222 4350 1544 4420 προσκυνεῖ,
1569 4345 1675 4411 Οὓ,
1710 4345 1896 4416 φησὶν,

283 4447 430 4500 ἀλλὰ
450 4447 556 4516 τὴν
595 4441 948 4513 Ἀφροδίτην,
970 4438 1106 4492 ἀλλὰ
1135 4437 1226 4491 τὸν
1258 4437 1454 4507 Ἀρην.
1481 4433 1599 4487 Κᾶν
1630 4433 1898 4500 εἴπωμεν,

286 4537 384 4598 Τίς
411 4533 560 4603 αῦτη
592 4532 629 4603 ἡ
667 4527 956 4599 Ἀφροδίτη
983 4544 997 4593 ;
1023 4528 1072 4580 οἰ
1104 4525 1420 4596 σεμνότεροι
1469 4521 1653 4575 αὐτῶν
1689 4535 1850 4590 φασιν
1876 4535 1891 4548 ν

298 4622 365 4677 Ἦ
386 4622 556 4692 ἡδονή
589 4636 602 4648 ⁶
646 4619 757 4672 Kal
795 4617 878 4682 τίς
903 4617 932 4666 6
966 4617 1142 4686 Ἄρης
1174 4629 1188 4679 ;
1227 4612 1285 4665 Ὀ
1317 4611 1508 4680 θυμός.
1535 4608 1692 4662 υῦτω
1718 4609 1812 4661 καὶ
1835 4607 1899 4659 σὺ

285 4710 380 4764 τὸν
420 4705 776 4780 μαμμωνᾶν.
819 4704 916 4755 Ἂν
951 4702 1222 4770 εἴπωμεν,
1261 4698 1356 4761 Τίς
1386 4698 1413 4750 ὁ
1447 4697 1805 4768 μαμμωνᾶς;
1837 4695 1900 4747 Ἡ

289 4797 616 4864 πλεονεξία.
660 4793 771 4846 Kal
822 4793 885 4844 σὺ
912 4789 1120 4860 ταύτην
1149 4788 1479 4858 προσκυνεῖς
1497 4801 1517 4851 .;
1553 4785 1627 4838 Ού
1656 4801 1899 4855 προσκυη

285 4885 387 4949 νῶ,
447 4881 621 4954 φησί.
662 4879 761 4932 Διὰ
783 4879 833 4931 τί
864 4896 878 4943 ;
904 4878 987 4931 ὃτι
1038 4877 1098 4928 οὐ
1142 4875 1423 4945 κάμπτεις
1459 4872 1693 4939 σαυτόν;
1742 4871 1904 4923 Ἀλλά

289 4972 385 5027 νῦν
419 4969 612 5039 πολλῷ
647 4966 849 5038 μᾶλλον
873 4966 1202 5036 προσκυνεῖς
1231 4963 1318 5016 διὰ
1343 4960 1450 5014 τῶν
1476 4960 1654 5031 ἔργων
1679 4961 1774 5012 καὶ
1796 4960 1904 5011 τῶν

288 5059 663 5130 πραγμάτων
695 5073 708 5086 ·
748 5055 890 5126 αὕτη
931 5055 1041 5124 γὰρ
1070 5053 1328 5124 μείζωνὴ
1366 5049 1760 5122 προσκύνησις.
1786 5049 1899 5102 Καὶ

284 5151 384 5203 ἱνα
444 5147 661 5217 μάθῃς,
697 5144 799 5199 θέα
850 5143 943 5196 ἐπὶ
980 5140 1074 5195 τοῦ
1111 5139 1246 5193 Θεοῦ
1272 5181 1286 5205 ,
1313 5139 1458 5201 τίνες
1487 5137 1689 5208 μᾶλλον
1731 5135 1894 5190 αὑτὸν

294 5231 742 5306 προσκυνοῦσιν,
765 5232 816 5284 οἰ
849 5228 1037 5292 ἀπλῶς
1066 5227 1298 5290 ἑστῶτες
1319 5227 1378 5280 ὲν
1407 5227 1527 5287 ταῖς
1552 5226 1902 5294 προσευχαῖς,

292 5323 328 5391 ἢ
357 5324 410 5375 οἰ
440 5322 508 5374 τὸ
535 5320 763 5390 θέλημα
793 5316 960 5373 αὑτοῦ
984 5318 1266 5378 ποιοῦντες
1295 5332 1310 5382 ;
1343 5313 1583 5384 Εὔδηλον
1620 5314 1704 5367 ὅτι
1735 5307 1902 5366 οῦτοι.

287 5409 464 5463 Οῦτω
523 5407 630 5462 καὶ
656 5409 708 5460 οἰ
753 5407 848 5460 ἐπὶ
873 5405 966 5460 τοῦ
1003 5405 1306 5477 μαμμωνᾶ,
1339 5406 1387 5456 οί
1414 5403 1476 5456 τὸ
1500 5401 1714 5473 θέλημα
1743 5400 1908 5454 αὑτοῦ

295 5494 622 5561 ποιοῦντες,
651 5495 851 5567 μᾶλλον
877 5495 1044 5548 αὑτὸν
1065 5492 1449 5565 προσκυνοῦσι.
1487 5491 1680 5544 Καίτοι
1710 5491 1910 5542 ἐκείνοι

295 5588 372 5641 τά
398 5587 563 5657 πάθη
622 5584 1080 5656 προσκυνοῦντες,
1116 5581 1377 5644 πολλάκις
1431 5579 1589 5642 ἐκτός
1634 5580 1741 5632 εἰσι
1797 5579 1906 5631 τῶν

296 5675 506 5733 ’παθῶν
545 5689 559 5702 '
599 5674 698 5727 ίδοι
728 5673 838 5744 γὰρ
869 5671 933 5726 ἀν
960 5687 1042 5733 τις
1076 5669 1166 5722 τὸν
1201 5667 1294 5722 τοῦ
1319 5669 1516 5740 ’Ἄρεος
1545 5665 1908 5738 θεραπευτὴν,

365 5811 394 5842 ⁸
423 5809 573 5860 Unus
608 5811 788 5869 codex,
824 5810 933 5871 Θεῷ
979 5807 1110 5855 δουλ.
1156 5807 1528 5871 καί-μαμμωνᾷ.
1578 5804 1634 5852 Εἰ
1683 5804 1834 5851 τοίνυν
1859 5805 1912 5852 ού

300 5873 507 5923 δυνατὸν
536 5873 654 5935 Θεῷ
675 5868 918 5920 δουλεύειν
932 5872 1011 5918 καὶ
1039 5868 1297 5931 μαμμωνᾷ,
1322 5870 1366 5914 οί
1387 5871 1645 5930 μαμμωνᾲ,
1670 5873 1785 5926 εις.-

1190 443 1261 505 ΙΝ
1300 447 1521 508 EPIST.
1561 449 1652 507 AD
1694 446 1937 510 EPHES.
1979 453 2134 512 CAP.
2179 452 2241 514 ν.
2311 456 2544 515 "Ol-HL.
2577 456 2766 515 XVIII.

3461 467 3558 523 I34

1975 577 2072 631 τοῦ
2130 578 2306 650 θυμοῦ
2337 581 2644 653 κρατοῦντα
2685 580 2948 644 πολλάκις
2980 598 2993 612 ·
3037 582 3130 635 ἐπὶ
3159 581 3215 636 δὲ
3247 583 3341 636 σοῦ
3371 584 3574 638 οὐκέτι-

1974 666 2133 718 τοῦτο
2163 706 2178 730 ,
2207 668 2341 720 ἀλλὰ
2385 668 2463 739 τῷ
2493 669 2656 722 πάθει
2681 669 3034 732 καταδουλοῖς
3067 671 3284 724 σαυτόν.
3325 671 3466 724 Ἀλλ’
3495 673 3583 724 οὑι

1979 758 2206 826 σφάξεις
2237 760 2524 830 πρόϐατα;
2569 760 2709 813 Ἀλλ’
2750 760 3098 831 ἀνθρώπους,
3135 762 3229 814 καὶ
3266 761 3444 832 ψυχὰς
3469 763 3576 816 λοι-κ

1976 845 2159 914 γικάς,
2219 847 2320 911 τάς
2380 848 2480 916 μὲν
2533 847 2698 918 λιμῷ,
2729 850 2828 912 τὰς
2873 847 2930 900 δὲ
2973 848 3368 920 βλασφημίαις.
3395 851 3584 904 Οὐδὲν

1975 935 2184 1007 ταύτης
2245 937 2345 1007 τῆς
2395 937 2590 1001 θυσίας
2643 937 3068 1010 βακχικώτερον.
3113 940 3210 1002 Τίς
3233 936 3343 992 εἶδε
3381 939 3562 1009 ψυχὰς

1980 1023 2323 1094 σφαζομένας
2367 1024 2503 1077 ποτέ
2529 1041 2544 1091 ;
2597 1025 2906 1096 Ἐπάρατος
2928 1027 2955 1077 ὁ
2978 1027 3076 1098 τῆς
3115 1027 3427 1093 πλεονεξίας
3457 1027 3563 1098 βω·

1982 1113 2101 1182 μός.
2146 1111 2304 1182 Παρὰ
2338 1110 2448 1180 γὰρ
2474 1110 2665 1164 τοῦτον
2694 1111 2801 1164 τῶν
2831 1110 3066 1164 εἰδώλων
3085 1111 3326 1185 ἀνέλθῃς
3359 1112 3560 1183 βωμὸν,

1977 1199 2097 1269 ὕψει
2146 1198 2372 1267 αἰγείων
2413 1199 2508 1252 καὶ
2545 1197 2734 1269 βοείων
2777 1199 3029 1268 αἱμάτων
3058 1198 3250 1262 ὄζοντα
3273 1217 3288 1230 θ
3324 1201 3475 1270 παρὰ
3508 1201 3564 1253 δὲ

1977 1287 2068 1340 τὸν
2085 1287 2187 1356 τῆς
2208 1286 2523 1353 πλεονεξίας
2550 1287 2733 1358 βωμὸν
2763 1287 2829 1339 ἂν
2852 1285 3032 1358 ἔλθῃς,
3063 1287 3310 1356 αἱμάτων
3350 1286 3559 1356 ἀνθρω-

1983 1375 2153 1428 πίνων
2201 1375 2323 1444 ὖψει
2370 1374 2607 1445 χαλεπὸν
2634 1373 2983 1428 ἀποπνέοντα
3009 1389 3023 1404 '
3063 1375 3128 1427 ἂν
3157 1379 3444 1446 παραστῇς
3479 1375 3564 1427 ὲν·

1979 1459 2174 1526 ταῦθα,
2205 1461 2265 1512 οὐ
2294 1461 2466 1532 θεάσῃ
2492 1459 2669 1532 πτερά
2697 1460 2968 1531 καιόμενα
2997 1461 3249 1532 ὀρνίθων,
3274 1461 3396 1513 οὐδὲ
3418 1461 3562 1514 κνίσ-

1983 1564 2081 1600 σαν
2117 1547 2208 1600 καὶ
2238 1548 2448 1601 καπνὸν
2481 1548 2864 1619 ἀναδιδόμενον
2886 1590 2900 1613 ,
2929 1548 3067 1602 ἀλλά
3091 1548 3321 1617 σώματα
3356 1547 3566 1617 ἀνθρὼ-

1980 1651 2100 1688 πων
2145 1634 2518 1705 ἀπολλύμενα.
2557 1636 2622 1688 Οἱ
2669 1636 2767 1706 μὲν
2795 1635 2903 1706 γὰρ
2926 1636 3007 1698 εἰς
3032 1637 3312 1706 κρημνοὺς
3342 1635 3566 1698 ἑαυτοὺς

1981 1723 2234 1796 ἔρριψαν,
2268 1725 2317 1776 οἰ
2350 1723 2406 1776 δὲ
2461 1723 2654 1794 βρόχον
2708 1719 2880 1795 ἧψαν,
2929 1724 2977 1776 οἰ
3008 1723 3064 1775 δὲ
3096 1723 3249 1791 ξίφος
3296 1723 3560 1794 διήλασαν

1985 1812 2074 1866 διὰ
2129 1813 2224 1866 τοῦ
2277 1812 2499 1883 λαιμοῦ.
2535 1809 2691 1875 Εἶδες
2740 1811 2933 1875 θυσίας
2963 1811 3122 1882 ὠμὰς
3148 1811 3243 1864 καὶ
3271 1810 3570 1880 ἀπανθρώ-

1984 1917 2159 1965 πους;
2225 1899 2376 1972 [150]
2437 1899 2627 1954 Βούλει
2678 1899 2886 1953 τούτων
2935 1899 3326 1969 χαλεπωτέρας
3393 1899 3567 1960 ἰδετνς

1999 1987 2142 2056 Ἐγὼ
2165 2005 2246 2041 σοι
2273 1986 2457 2053 δείξω,
2488 1988 2672 2041 οὐκέτι
2697 1986 2930 2057 σώματα
2952 1984 3280 2057 ἀνθρώπων,
3313 1986 3448 2039 ἀλλὰ
3475 1985 3570 2040 καὶ

1979 2074 2159 2144 ψυχάς
2201 2075 2505 2146 ἀνθρώπων
2550 2073 3076 2144 κατασφαττομένας
3129 2074 3265 2126 ἐκεῖ.
3309 2073 3417 2126 Καὶ
3459 2073 3571 2143 γὰρ

1981 2163 2099 2214 ἐστι
2131 2162 2310 2232 ψυχὴν
2345 2161 2679 2232 σφάττεσθαι
2711 2163 2892 2232 σφαγῇ
2911 2163 2977 2231 τῇ
3005 2159 3362 2233 προσηκούσῃ
3384 2161 3570 2231 ψυχῇ·

1981 2249 2173 2319 ὥσπερ
2203 2250 2311 2319 γάρ
2344 2251 2459 2302 ἐστι
2487 2248 2737 2320 σώματος
2755 2249 3005 2311 θάνατος,
3058 2246 3201 2301 οὓτω
3237 2248 3332 2302 καὶ
3358 2247 3570 2318 ψυχῆςο

1991 2339 2165 2408 Ψυχὴ
2185 2338 2295 2409 γὰρ
2314 2341 2350 2408 ἡ
2374 2338 2822 2408 ἁμαρτάνουσα,
2845 2338 3030 2408 φησὶν,
3050 2336 3205 2405 αὐτὴ
3225 2338 3325 2391 καί
3347 2338 3574 2393 61:00a-

1985 2427 2196 2482 νεῖται.
2218 2429 2294 2480 Ού
2344 2427 2605 2490 τοιοῦτος,
2624 2422 2734 2490 οἷος
2755 2429 2783 2479 ό
2801 2425 2894 2479 τοῦ
2912 2424 3163 2496 σώματος
3187 2424 3576 2489 θάνατος,ἀλλά

1986 2514 2165 2584 πολλῷ
2208 2512 2588 2584 χαλεπώτερος
2631 2515 2658 2564 6
2699 2514 2796 2584 τῆς
2824 2512 3025 2583 ψυχῆς.
3055 2505 3228 2575 Οῦτος
3265 2513 3363 2583 μὲν
3410 2511 3521 2581 γὰρ
3547 2515 3575 2564 6

1987 2602 2300 2671 σωματικδς
2362 2601 2592 2662 θάνατος
2645 2598 2904 2661 διαλύσας
2932 2599 3028 2651 ἀπ’
3053 2597 3299 2668 ἀλλήλων
3336 2598 3436 2667 τὴν
3476 2596 3576 2665 ψυ-

1986 2689 2086 2758 χὴν
2113 2689 2209 2739 καὶ
2249 2687 2308 2739 τὸ
2337 2688 2516 2756 σῶμα,
2561 2686 2623 2738 τὸ
2659 2687 2757 2755 μὲν
2785 2684 2999 2738 πολλῶν
3025 2685 3325 2754 φροντίδων
3356 2684 3452 2736 καὶ
3481 2685 3578 2736 πό-

1988 2795 2094 2827 νων
2129 2776 2405 2827 ἀιέπαυσε
2427 2817 2441 2842 ,
2473 2777 2574 2846 τὴν
2608 2773 2664 2826 δὲ
2693 2776 2773 2837 εἰς
2803 2773 3038 2845 φανερὸν
3069 2773 3247 2844 χῶρον
3283 2773 3575 2844 παρέπεμ-

1986 2865 2087 2935 ψεν
2113 2881 2126 2894 ο
2155 2860 2273 2916 εἷτα
2302 2863 2379 2934 τῷ
2395 2863 2575 2935 χρόνῳ
2604 2862 2857 2915 διαλυθὲν
2880 2861 2974 2915 καὶ
3005 2861 3379 2932 ἀπορρεῦσαν,
3413 2861 3578 2915 πάλιν

1991 2953 2284 3018 συνάγεται
2351 2951 2492 3021 μετά
2544 2949 2878 3020 ἀφθαρσίας,
2907 2950 3004 3004 καὶ
3039 2950 3139 3020 τὴν
3185 2950 3394 3004 οἰκείαν
3444 2951 3576 3004 ἁπο-

1990 3041 2260 3110 λαμδάνει
2295 3039 2500 3110 ψυχήν.

2060 3134 2128 3195 γ’.
2151 3119 2320 3190 Οὗτος
2358 3128 2454 3198 μὲν
2481 3124 2575 3180 οῦν
2604 3123 2862 3190 τοιοῦτος’
2882 3127 2910 3178 6
2941 3125 2997 3177 δὲ
3025 3125 3122 3195 τῆς
3147 3125 3328 3194 ψυχῆς
3352 3124 3579 3196 φρικτος

1989 3217 2086 3268 καὶ
2122 3215 2374 3285 φοϐερός.
2409 3215 2483 3268 Οὐ
2515 3214 2623 3285 γὰρ
2655 3213 2750 3266 ἐὰν
2772 3212 3019 3282 διαλυθῇ,
3050 3210 3304 3282 καθάπερ
3336 3213 3398 3264 τὸ
3421 3211 3580 3281 σῶμα

1991 3304 2162 3374 αὐτὴν
2184 3303 2568 3373 παραπέμπει,
2602 3299 2739 3354 ἀλλά
2759 3298 3148 3354 καταδεθεῖσαν
3179 3297 3340 3351 πάλιν
3371 3298 3582 3368 ἀφθάρο

1990 3409 2067 3462 τῳ
2095 3391 2312 3460 σώματι
2338 3431 2354 3458 ,
2385 3391 2466 3452 εἰς
2500 3389 2562 3442 τὸ
2596 3387 2710 3458 πῦρ
2738 3387 3031 3458 ἐμϐιϐάζει
3053 3386 3113 3438 τὸ
3147 3385 3435 3439 ἄσϐεστον.
3473 3381 3579 3439 06-

1991 3496 2080 3542 τος
2120 3480 2299 3531 τοίνυν
2345 3477 2493 3530 ἐστὶν
2522 3478 2550 3528 ὁ
2581 3476 2767 3546 ψυχῆς
2801 3474 3054 3537 θάνατος.
3089 3474 3302 3542 Ὥσπερ
3336 3468 3430 3525 οὖν
3462 3475 3579 3524 ὲστι

1991 3568 2169 3637 ψυχῆς
2197 3566 2452 3627 θάνατος,
2483 3563 2626 3616 οὕτω
2658 3563 2752 3616 καὶ
2787 3562 2969 3632 σφαγὴ
3002 3561 3203 3631 ψυχῆς.
3239 3560 3304 3612 Τί
3329 3559 3582 3629 σώματος

1995 3657 2211 3723 σφαγὴ;
2245 3652 2320 3705 Τὸ
2339 3649 2704 3722 νεκρωθῆναι,
2728 3650 2822 3702 καὶ
2845 3652 2942 3718 τῆς
2960 3648 3243 3718 ἐνεργείας
3264 3647 3584 3717 ἀπορραγῆ-

1994 3757 2082 3795 ναι
2097 3741 2196 3810 τῆς
2217 3738 2358 3792 κατά
2371 3736 2641 3808 ψυχήν.Τί
2658 3739 2774 3788 εστι
2790 3735 2970 3805 ψυχῆς
2987 3736 3168 3805 σφαγή
3192 3751 3206 3800 ;
3232 3736 3339 3786 Kal
3359 3735 3492 3786 αὐτὸ
3507 3736 3586 3786 νέ-

1996 3823 2360 3899 κρωσις.Τίδὲ
2377 3824 2640 3895 νέκρωσις
2654 3823 2832 3893 ψυχῆς
2853 3824 3087 3891 ;”Ωσπερ
3100 3823 3207 3893 γὰρ
3221 3823 3278 3874 τε
3291 3821 3450 3892 σῶμα
3463 3821 3584 3874 τότε

1996 3914 2307 3986 νεκροῦται,
2347 3913 2475 3965 ὅταν
2509 3911 2716 3982 ἔρημον
2750 3910 2882 3962 αύτὺ
2915 3908 3190 3979 καταλίπῃ
3236 3909 3332 3979 τῆς
3377 3908 3586 3972 οἰκείας

1997 4003 2278 4074 ἐνεργείας
2303 4003 2336 4073 ἡ
2374 4001 2521 4073 ψυχή
2551 4017 2563 4030 ·
2600 3999 2743 4053 οὕτω
2778 3999 2874 4052 καὶ
2897 4001 2929 4068 ἡ
2956 3999 3102 4068 ψυχὴ
3120 3997 3240 4050 τότε
3272 3999 3584 4069 νεκροῦται,

1997 4094 2126 4146 ὅταν
2154 4090 2359 4162 ἔρημον
2376 4089 2545 4159 αὐτὴν
2565 4086 2841 4158 καταλίπῃ
2859 4086 2958 4156 τῆς
2982 4086 3192 4149 οἰκείας
3214 4085 3502 4156 ἐνεργείας
3527 4085 3588 4136 τὸ

2001 4177 2223 4248 Πνεῦμα
2245 4176 2306 4229 τὸ
2332 4175 2505 4245 ἆγιον.
2531 4169 2700 4228 Αῦται
2735 4169 2972 4243 μάλιστα
3000 4173 3053 4225 αἱ
3087 4172 3293 4239 σφαγαὶ
3325 4170 3478 4242 παρὰ
3506 4170 3588 4240 τῷ

2004 4264 2175 4336 βωμῷ
2206 4264 2304 4333 τῆς
2358 4261 2678 4325 πλεονεξίας
2717 4260 2856 4312 εἰσίν
2882 4275 2896 4290 ·
2933 4260 2993 4310 οὐ
3028 4257 3385 4328 κορέννυνται
3409 4299 3423 4324 ,
3463 4256 3588 4309 οὐδὲ

2004 4354 2252 4405 ἵστανται
2293 4349 2457 4420 μέχρι
2485 4348 2580 4401 τοῦ
2607 4349 2840 4418 αἵματος
2872 4345 2983 4398 τῶν
3015 4346 3114 4398 ἀνο
3127 4346 3346 4414 ρώπων,
3385 4343 3501 4396 ἀλλ’
3522 4343 3588 4396 ἂν

2007 4440 2082 4510 μὴ
2112 4439 2207 4492 καὶ
2239 4437 2338 4508 τὴν
2383 4437 2562 4506 ψυχὴν
2591 4435 2764 4506 αὐτὴν
2786 4432 3092 4504 καταθύσῃ,
3121 4433 3220 4510 οὐκ
3247 4432 3590 4503 ἐμπίπλαται

2004 4529 2032 4580 6
2059 4525 2160 4596 τῆς
2194 4523 2507 4587 πλεονεξίας
2541 4521 2723 4592 βωμὸς
2750 4562 2764 4587 ,
2790 4522 2856 4575 ἂν
2895 4521 2970 4592 μὴ
3002 4521 3333 4591 ἀμφοτέρων
3358 4522 3455 4584 τὰς
3481 4520 3590 4589 ψυ-

2005 4619 2106 4685 χὰς
2149 4613 2410 4684 δέξηται,
2451 4611 2545 4664 τοῦ
2580 4627 2639 4662 τε
2685 4609 2930 4674 θύοντος,
2960 4608 3054 4662 τοῦ
3077 4626 3134 4662 τε
3165 4609 3454 4680 θυομένου.
3488 4611 3592 4662 Τὸν

2004 4704 2112 4774 γὰρ
2136 4701 2333 4754 θύοντα
2364 4698 2581 4771 πρῶτον
2607 4698 2822 4768 ἀνάγκη
2852 4698 3102 4766 τυθῆναι,
3135 4699 3232 4750 καὶ
3265 4695 3410 4749 οὕτω
3447 4695 3592 4761 θύει,

2008 4794 2102 4846 καὶ
2147 4793 2175 4843 6
2214 4789 2408 4859 νεκρὸς
2449 4787 2567 4842 θύει
2595 4787 2685 4841 τὸν
2718 4787 2854 4851 τέως
2883 4786 3082 4851 ζῶντα,
3113 4788 3280 4840 Ὅταν
3311 4785 3419 4855 γὰρ
3453 4787 3587 4858 εἴπῃ

2016 4878 2338 4950 βλάσφημα,
2375 4877 2502 4930 ὅταν
2552 4874 2879 4946 λοιδορῆται,
2927 4876 3056 4928 ὅταν
3096 4874 3445 4945 δυσχεραίνῃ,
3474 4875 3596 4942 οὐχί

2007 4967 2063 5021 αἰ
2126 4964 2332 5035 πληγαὶ
2387 4957 2553 5016 αὗται
2611 4961 2712 5030 τῆς
2780 4960 2960 5030 ψυχῆς
3010 4964 3149 5012 εἰσιν
3197 4961 3444 5026 ἀνίατοι;
3497 4961 3585 5012 Εἰ-

2007 5057 2095 5119 δες
2153 5055 2236 5106 ὅτι
2282 5053 2381 5121 οὐχ
2436 5049 2744 5120 ὑπερϐολῆς
2791 5050 2850 5101 τὸ
2905 5049 3060 5118 ῥῆμά
3117 5051 3272 5112 ἐστι;

2087 5151 2278 5204 Βούλει
2306 5149 2402 5202 καὶ
2429 5147 2617 5217 ἕτερον
2651 5145 2902 5211 ἀκοῦσαι,
2931 5147 3025 5200 καὶ
3059 5147 3251 5216 μαθεῖν
3286 5147 3404 5209 πῶς
3437 5147 3592 5198 εἰδω-

2011 5239 2301 5309 λολατρεία
2328 5239 2361 5307 ἡ
2411 5233 2714 5300 πλεονεξία,
2761 5235 2855 5286 καὶ
2889 5232 3272 5304 χαλεπώτερον
3309 5233 3595 5288 εἰδωλολα-

2009 5329 2226 5400 τρείας;
2252 5327 2313 5380 Οἱ
2341 5322 2720 5394 εἰδωλολάτραι
2742 5326 2852 5387 τοῖς
2870 5322 2964 5376 τοῦ
2988 5322 3121 5376 Θεοῦ
3145 5321 3407 5393 κτίσμασι
3429 5339 3597 5392 προσ-

2011 5417 2228 5472 κυνοῦσι
2264 5431 2276 5444 ·
2314 5411 2425 5466 Καὶ
2465 5410 2895 5477 ἐσεϐάσθησαν
2927 5410 3036 5478 γὰρ
3060 5450 3072 5473 ,
3113 5411 3268 5480 φησὶ,
3316 5410 3411 5463 καί
3457 5410 3594 5464 ἑλάο

2014 5519 2276 5574 τρευσαν
2307 5499 2380 5568 τῇ
2407 5498 2602 5552 κτίσει
2637 5499 2796 5565 παρὴ
2826 5498 2932 5550 τὸν
2973 5498 3269 5551 κτίσαντα
3303 5513 3316 5526 ο
3345 5498 3410 5550 σὺ
3438 5497 3494 5551 δὲ
3521 5499 3599 5568 τῷ

2012 5592 2272 5662 κτίσματι
2303 5588 2379 5659 τῷ
2405 5587 2599 5640 σαυτοῦ
2623 5589 2967 5655 προσκυνεῖς.
3010 5586 3068 5638 '0
3098 5588 3206 5658 γὰρ
3237 5586 3369 5650 Θεὸς
3401 5588 3601 5639 πλεον-

2014 5679 2164 5746 εξίαν
2197 5679 2296 5730 οὐκ
2326 5673 2779 5745 ἐδημιούργησεν,
2813 5673 2929 5726 ἀλλ’
2961 5676 2994 5744 ἡ
3025 5675 3120 5744 τῆς
3165 5673 3263 5744 σῆς
3292 5675 3596 5745 ἀπληστίας

2016 5767 2306 5836 ὲπεξεῦρεν
2341 5763 2595 5834 ἀμετρία.
2631 5762 2737 5814 Καὶ
2781 5762 2877 5815 Οὲα
2915 5763 3112 5832 μανίαν
3149 5765 3240 5815 καὶ
3261 5763 3494 5831 γέλωτα.
3525 5765 3595 5815 0i

2021 5857 2087 5909 τὰ
2120 5853 2311 5906 εἴδωλα
2341 5848 2789 5919 προσκυνοῦντες,
2812 5850 2903 5902 καὶ
2927 5849 3158 5920 τιμῶσιν
3196 5850 3334 5905 α’)τά
3365 5850 3402 5906 ἃ.
3431 5865 3602 5922 προσ-
