4092 6492
536 399 642 468 (ea

535 524 761 581 κυνοῦσι
796 540 812 556 ·
849 524 951 580 κᾶν
1000 527 1129 596 είπη
1188 544 1273 590 τις
1308 527 1515 591 κακῶς,
1544 528 1650 583 κᾶν
1698 527 2104 598 λοιδορήσηται,

536 613 889 684 προΐστανται
919 627 932 640 ’
982 612 1048 664 σὺ
1109 611 1166 664 δὲ
1240 614 1494 684 καθάπερ
1557 614 1665 668 ὑπό
1726 631 1873 677 τινος
1928 612 2101 683 μέθης

1240 414 1302 470 S.
1339 409 1628 470 JOANNIS
1665 406 2162 471 CHRYSOSTOMI
2203 408 2522 466 ARCHIEP.
2564 408 3111 469 CONSTANTIRUP.

2220 524 2519 593 χρημάτων
2565 529 2945 597 καταφρονεῖν,
2981 523 3242 596 [1521ἴνα
3282 524 3555 594 ὐπερορᾷν
3596 521 3784 595 διδάξῃ

2212 609 2320 661 τῶν
2347 612 2571 678 γηίνων.
2602 614 2774 665 Τοῦτο
2799 613 2899 665 οὐκ
2932 612 3048 664 ἐστι
3081 611 3382 680 χρημάτων
3413 608 3708 680 ὑπεροψία,
3722 612 3784 664 τὸ

536 703 772 771 πρᾶγμα
831 703 1172 771 προσκυνεῖς,
1222 700 1253 754 6
1304 703 1366 755 οὐ
1413 703 1577 773 μόνον
1629 701 1965 773 κατηγορίας
2010 700 2111 753 οὐκ
2210 694 2549 751 τελευτῶντα
2588 700 2680 751 καὶ
2710 700 2812 753 οὐκ
2849 699 2983 751 ὄντα
3032 698 3222 768 κύριον
3252 696 3331 767 τῷ
3363 697 3496 749 δεῖνι
3519 698 3783 767 παρέχειν

532 787 898 857 ἀπήλλακται,
929 784 1069 840 ἀλλά
1112 786 1207 839 καὶ
1244 786 1500 852 ἀσεϐείας
1548 790 1665 842 ἐστὶ
1700 789 1917 860 μεστόν.
1944 787 2108 840 Ὥστε

532 874 735 944 μᾶλλον
748 871 928 925 αὐτῶν
945 871 1217 943 χείριστος
1233 870 1285 925 εί
1299 888 1314 902 ’
1347 874 1408 927 οὐ
1429 873 1538 945 γὰρ
1563 875 1629 928 ἂν
1652 874 1799 947 ἔχοις
1810 873 2108 942 ἀπολογίαν

529 962 731 1023 εἰπεῖν,
768 959 851 1012 ὅτι
883 958 943 1012 οὐ
958 958 1151 1015 κακόν.
1166 958 1231 1012 Εἰ
1253 961 1347 1012 καὶ
1364 959 1432 1013 τά
1454 961 1689 1030 μάλιστα
1704 962 1948 1016 κάκεῖνοί
1969 962 2108 1014 είσιν

531 1046 949 1116 ἀναπολόγητοι,
982 1046 1118 1099 ἀλλά
1147 1047 1212 1101 σὺ
1241 1047 1419 1118 πολλῷ
1445 1047 1599 1120 [151]
1622 1050 1821 1119 μᾶλλον
1852 1050 2107 1121 μυριάκις

532 1132 843 1197 πλεονεξίας
879 1132 1223 1204 κατηγορῶν,
1242 1134 1338 1187 καὶ
1361 1137 1485 1199 τοὺς
1507 1127 1905 1206 θεραπεύοντας
1936 1136 2106 1209 αὐτὴν

533 1219 630 1273 καὶ
652 1218 1003 1281 δουλεύοντας
1034 1219 1129 1273 καὶ
1169 1219 1524 1290 πειθομένους
1559 1222 1807 1286 ἅπαντας
1834 1224 2101 1288 κακίζων.

532 1305 599 1359 Et
632 1304 692 1359 δὲ
711 1304 968 1375 βούλεσθε
995 1345 1011 1366 ,
1047 1293 1391 1375 ἐξετάσωμεν
1423 1308 1586 1361 πόθεν
1609 1309 1933 1380 ἐπεισῆλθεν
1959 1312 1993 1381 ή
2024 1312 2103 1363 εί-

529 1380 918 1465 δωλσλατρεία.
953 1394 1115 1464 Λέγει
1135 1412 1221 1459 τις
1250 1397 1413 1464 σοφὸς
1434 1398 1595 1469 ἀνὴρ,
1622 1399 1706 1452 ὅτι
1734 1380 1989 1461 πλούσιός
2018 1416 2105 1464 τις

532 1474 820 1551 ἄνθρωπος
845 1482 1011 1552 ἀώρῳ
1057 1482 1244 1536 πένθει
1272 1484 1605 1554 τρυχόμενος
1625 1487 1764 1545 υίοῦ,
1797 1486 1892 1540 καὶ
1918 1504 2101 1556 παρα-

536 1566 735 1645 μυθίαν
775 1567 1033 1638 οὐδεμίαν
1065 1568 1205 1639 έχων
1236 1569 1329 1622 τοῦ
1364 1570 1615 1636 πένθους,
1647 1572 1821 1645 ταύτῃ
1842 1589 2103 1643 παραμυ⁴

531 1644 793 1726 θούμενος
844 1654 906 1708 τδ
965 1654 1159 1721 πάθος,
1185 1657 1372 1711 εἰκόνα
1417 1657 1625 1729 ἄψυχον
1648 1660 1743 1713 τοῦ
1778 1644 2096 1732 τετελευτη-

532 1741 688 1804 κότος
736 1742 994 1813 ποιήσας,
1015 1743 1109 1795 καὶ
1159 1742 1248 1796 διὰ
1280 1744 1480 1808 παντὸς
1522 1746 1604 1808 είς
1658 1746 1830 1816 αὐτὴν
1872 1746 2098 1817 ἐνορῶν,

530 1828 705 1882 ἐδόκει
737 1828 827 1882 τὸν
855 1829 1157 1883 ἀπελθόντα
1183 1830 1328 1900 ἔχειν
1349 1831 1439 1884 διά
1464 1832 1566 1901 τῆς
1587 1833 1815 1897 εἰκόνος.
1849 1834 2101 1899 Κόλακες

528 1905 589 1968 δέ
613 1932 760 1978 τινες
800 1916 1077 1982 ἄνθρωποι
1104 1956 1120 1981 ,
1163 1911 1238 1970 ὧν
1264 1920 1292 1972 6
1319 1918 1452 1982 Θεὸς
1482 1920 1517 1990 ή
1540 1920 1737 1984 κοιλία,
1770 1920 2101 1992 θεραπεύονι

528 2018 616 2063 τες
666 2004 746 2065 είς
798 2002 897 2073 τὴν
958 2003 1165 2056 ἐκείνου
1197 2004 1364 2075 τιμὴν
1395 2005 1497 2073 τὴν
1528 2006 1713 2060 εἰκόνα
1735 2047 1750 2069 ,
1780 2007 1840 2060 τὸ
1862 2008 1982 2072 ἔθος
2018 2010 2100 2072 είς

526 2087 971 2159 είδωλολατρείαν
1015 2093 1329 2162 προήγαγον
1362 2103 1411 2144 ι.
1435 2093 1646 2146 Οὐκοῦν
1671 2094 1779 2149 ἀπὸ
1815 2095 2098 2160 ἀσθενείας

526 2173 832 2247 ἐπεισήχθη
855 2176 1035 2247 ψυχῆς
1056 2220 1072 2243 ,
1106 2170 1216 2231 ἀπδ
1245 2178 1535 2249 συνηθείας
1566 2168 1787 2249 ἀλόγου,
1819 2182 1930 2236 ἀπὸ
1957 2185 2096 2254 ἀμεδ

525 2262 707 2330 τρίας.
750 2263 814 2316 Ἦ
848 2263 904 2316 δὲ
965 2263 1249 2331 πλεονεξία
1296 2265 1395 2335 οὐχ
1452 2265 1788 2330 οὖτως’ἀπὸ
1832 2269 2093 2333 ἀσθενοῦς

530 2349 629 2415 μὲν
651 2348 762 2420 γάρ
807 2351 902 2402 καὶ
948 2350 1087 2420 αὕτη
1116 2350 1315 2421 ψυχῆς,
1354 2353 1495 2423 πλὴν
1515 2354 1630 2408 ἀλλ’
1660 2356 1769 2408 ἀπὸ
1798 2356 2041 2427 χείρονος
2078 2373 2094 2388 ·

521 2436 623 2487 οὐκ
646 2434 888 2488 ἀπέϐαλέ
912 2452 995 2499 τις
1023 2437 1157 2502 υίδν,
1192 2437 1314 2490 οὐδὲ
1339 2439 1569 2504 πένθους
1600 2442 1958 2513 παραμυθίαν
1989 2444 2089 2514 ζη-

521 2521 649 2581 τῶν,
705 2522 827 2573 οὐδὲ
886 2521 988 2574 ὐπὸ
1041 2523 1285 2577 κολάκων
1328 2525 1713 2596 ἐξελκόμενος·
1764 2529 1900 2582 ἀλλά
1937 2529 2089 2598 πῶς;

536 2600 675 2675 Ἐγὼ
703 2608 843 2679 πρδς
881 2610 1027 2679 ὑμᾶς
1060 2611 1193 2681 ἐρῶ.
1268 2612 1327 2665 ὐ
1359 2614 1498 2666 Κάῖν
1525 2615 1617 2668 τὸν
1638 2615 1771 2669 Θεὸν
1799 2617 2087 2671 ἐπλεονέκ-

519 2712 684 2766 τησεν
709 2712 723 2726 ⁸
758 2698 796 2752 ἀ
820 2698 930 2768 γάρ
984 2699 1177 2769 ἐκείνῳ
1216 2700 1441 2771 δοθῆναι
1482 2703 1685 2774 ἐχρῆν,
1732 2706 1863 2775 παρ’
1914 2704 2093 2775 ἑαυτῷ

518 2784 807 2854 κατασχὼν
830 2826 847 2850 ,
874 2787 1018 2855 ἅπερ
1078 2787 1240 2839 αὐτὸν
1278 2787 1425 2857 ἔχειν
1466 2788 1612 2856 ἔδει,
1665 2789 1839 2844 ταῦτα
1896 2792 2092 2863 ἐκείνῳ

519 2872 864 2941 προσήνεγκε
882 2912 898 2935 ,
923 2872 1017 2925 καὶ
1044 2871 1106 2924 τὸ
1138 2874 1307 2925 κακὸν
1332 2876 1441 2927 ἀπὸ
1471 2874 1565 2927 τοῦ
1605 2872 1741 2929 Θεοῦ
1769 2877 1995 2947 ήρξατο.
2028 2879 2091 2932 El

518 2958 628 3027 γάρ
667 2959 829 3027 ἡμεῖς
850 2959 943 3011 τοῦ
964 2957 1100 3012 Θεοῦ
1117 2962 1304 3030 ἐσμεν,
1327 2962 1505 3032 πολλῷ
1531 2963 1729 3032 μᾶλλον
1751 2964 1819 3017 τά
1848 2967 2091 3035 πρωτεῖα

515 3044 626 3097 τῶν
677 3047 970 3115 κτημάτων
1002 3048 1113 3101 τῶν
1153 3050 1459 3120 ἡμετέρων.
1497 3052 1665 3106 Πάλιν
1716 3053 1797 3116 είς
1824 3056 2091 3121 γυναῖκας

518 3132 628 3184 ἀπὸ
662 3133 977 3201 πλεονεξίας
1016 3137 1049 3206 ή
1088 3138 1233 3207 ὁρμὴ
1268 3137 1494 3205 γέγονεν
1515 3155 1529 3168 ·
1565 3136 1747 3193 Εἶδον
1773 3141 1881 3205 τὰς
1912 3146 2090 3211 θυγα-

516 3217 695 3286 τέρας
728 3219 851 3274 τῶν
877 3221 1229 3289 ἀνθρώπων,
1259 3224 1358 3277 καί
1407 3225 1898 3294 ὲξεκυλίσθησαν
1938 3228 2090 3296 πρὸς

517 3305 636 3373 τὴν
659 3299 986 3376 ἂπιθυμίαν
1010 3324 1024 3337 ·
1052 3307 1161 3360 ἀπὸ
1187 3309 1393 3365 τούτων
1411 3310 1572 3363 πάλιν
1595 3313 1675 3375 είς
1695 3314 1799 3384 χρή
1808 3331 1973 3383 ματα.
2016 3316 2089 3369 Τὸ

519 3395 631 3465 γὰρ
676 3392 838 3446 πλέον
866 3393 1013 3463 ἔχειν
1036 3392 1212 3447 θέλειν
1254 3394 1348 3448 τοῦ
1403 3396 1630 3465 πλησίον
1685 3401 1743 3451 ὲν
1768 3403 1878 3463 τοῖς
1902 3402 2086 3471 βιωτι-

515 3485 655 3546 κοῖς,
695 3481 996 3552 οὐδαμόθεν
1031 3482 1255 3537 ἄλλοθεν
1297 3484 1539 3553 γίνεται,
1576 3486 1691 3539 ἀλλ’
1715 3487 1748 3558 ἢ
1776 3490 1841 3542 ὲκ
1863 3488 1960 3542 τοῦ
1983 3490 2087 3560 ψυ-

515 3568 682 3640 γῆναι
703 3570 806 3642 τὴν
829 3570 1054 3641 ἀγάπην
1082 3588 1098 3602 ο
1129 3570 1192 3623 τὸ
1226 3571 1388 3626 πλέον
1416 3572 1561 3643 ἔχειν
1580 3572 1754 3628 θέλειν
1785 3577 1884 3630 οὐκ
1921 3577 2088 3632 ἀλλα-

513 3656 676 3725 χόθεν
729 3656 961 3725 γίνεται,
1002 3656 1190 3729 ἀλλ’ἢ
1234 3657 1291 3724 ἐξ
1334 3659 1593 3724 ἀπονοίας
1647 3665 1742 3714 καὶ
1780 3662 2089 3734 μισανθρωι-

514 3746 642 3808 πίας
686 3747 780 3799 καὶ
831 3745 1153 3815 ὑπεροψίας.
1189 3747 1301 3816 Οὐχ
1339 3748 1471 3818 ὁρᾷς
1521 3747 1621 3819 τὴν
1659 3749 1763 3818 γῆν
1792 3750 1891 3820 ὅση
1923 3750 2083 3815 ὲστίς

515 3832 634 3896 πῶς
659 3831 839 3902 πολλῷ
866 3834 1063 3902 μείζων
1082 3836 1183 3904 τῆς
1215 3833 1407 3905 χρείας
1436 3835 1587 3888 ἐστὶν
1616 3838 1645 3889 6
1703 3836 1832 3906 ἀὴρ,
1862 3837 1891 3889 6
1917 3838 2084 3907 οὐραο

513 3919 642 3986 νόςς
685 3919 802 3974 Ἶνα
823 3921 934 3990 γάρ
965 3937 1061 3975 σου
1095 3922 1193 3994 τὴν
1232 3923 1549 3987 πλεονεξίαν
1574 3924 1742 3995 σϐέσῃ
1774 3926 1804 3977 6
1835 3926 2087 3992 Θεὸς,είς

512 4005 768 4061 τοσοῦτον
796 4006 995 4079 μέτρον
1017 4009 1086 4063 τὰ
1107 4010 1382 4080 κτίσματα
1402 4010 1640 4078 ἐξήγαγε
1676 4026 1689 4040 °
1733 4011 1798 4064 σὺ
1831 4011 1889 4064 δὲ
1914 4014 2087 4084 ἀρπά-

511 4092 624 4156 ζεις
684 4093 779 4146 καὶ
831 4092 993 4161 οὕτω,
1056 4096 1150 4149 καὶ
1190 4096 1409 4157 ἀκούεις
1461 4096 1544 4147 ὅτι
1586 4095 2004 4169 είδωλολατρεία
2050 4102 2085 4172 ή

511 4178 815 4245 πλεονεξία,
857 4182 951 4234 καὶ
1009 4180 1133 4234 οὐδὲ
1162 4180 1307 4235 οὕτω
1339 4181 1625 4253 φρίττεις;
1659 4183 2084 4256 κληρονομῆσαι

509 4267 610 4335 τῆν
629 4266 735 4334 γῆν
770 4267 944 4331 θέλεις
969 4284 984 4328 :
1023 4266 1173 4320 Ἀλλ’
1203 4268 1304 4320 οὐκ
1354 4267 1504 4339 ἔχεις
1533 4272 1592 4324 ὲν
1612 4268 1689 4340 τῷ
1710 4270 1929 4344 οὐρανῷ
1953 4272 2085 4344 κλη-

514 4355 793 4424 ρονομίαν,
831 4355 919 4408 ἵνα
941 4355 1137 4408 σαυτὸν
1160 4355 1543 4429 ἀποστερήσῃς
1574 4377 1589 4424 ;

578 4440 641 4494 δ’.
684 4441 821 4494 Ειπέ
866 4459 976 4511 μοι,
1028 4441 1081 4493 εί
1106 4441 1190 4502 τίς
1220 4458 1301 4494 σοι
1327 4446 1587 4513 παρεῖχεν
1626 4444 1877 4511 ἐξουσίαν
1899 4446 2084 4502 λαϐεῖν

508 4525 746 4593 ἅπαντα,
782 4523 891 4595 ἆρα
912 4520 1013 4580 οὐκ
1044 4527 1110 4580 ἂν
1133 4526 1406 4597 ἠθέλησας
1433 4547 1447 4592 ;
1476 4531 1692 4584 Ἕνεστι
1708 4531 1826 4598 νῦν,
1857 4533 1953 4586 έάν
1966 4533 2085 4604 βούο

509 4614 595 4683 λῃ.
627 4614 821 4667 Καίτοι
861 4615 1005 4676 τινές
1045 4628 1211 4680 φασιν
1230 4654 1245 4676 ,
1271 4615 1353 4667 ὅτι
1392 4616 1672 4683 ἀλγοῦσιν,
1700 4618 1832 4671 ὅταν
1860 4621 1940 4682 είς
1965 4621 2083 4673 ἐτέ-

511 4719 635 4772 pm;
667 4702 758 4755 τὸν
793 4700 997 4772 κλῆρον
1034 4704 1475 4774 παραπέμπωσι,
1508 4706 1603 4758 καὶ
1630 4705 1916 4761 ἐϐούλοντο
1936 4704 2079 4763 εἶναι

507 4790 928 4861 κατεδηδοκότες
948 4790 1112 4844 αὐτὴν
1139 4790 1358 4861 μᾶλλον,
1391 4792 1424 4862 ἢ
1456 4793 1679 4864 ἑτέρους
1703 4797 1835 4866 όρᾷν
1860 4798 2081 4868 κυρίους

506 4877 852 4947 γενομένους.
896 4877 1031 4930 Οὐδὲ
1073 4877 1186 4946 ὲγὼ
1241 4894 1299 4931 σε
1353 4878 1559 4949 ταύτης
1615 4882 1942 4937 ἀπαλλάττω
1982 4886 2081 4953 τῆς

506 4963 787 5027 ἀτθενείας
819 4979 833 4995 ⁸
865 4964 1126 5027 ἀσθενοῦς
1167 4965 1266 5034 μὲν
1321 4964 1427 5036 γὰρ
1481 4968 1577 5020 καὶ
1633 4968 1793 5023 τοῦτο
1849 4970 2027 5042 ψυχῆς
2058 4988 2072 5002 ο

508 5052 645 5124 πλὴν
666 5051 780 5105 ἀλλ’
828 5052 977 5121 ὅμως
1009 5053 1113 5106 κᾶν
1138 5052 1294 5106 τοῦτο
1341 5055 1575 5123 γινέσθω
1602 5072 1614 5084 ·
1644 5058 1701 5111 ὲν
1728 5062 1849 5123 ταῖς
1881 5060 2074 5132 διαθή-

505 5158 631 5206 καις
656 5141 750 5194 τὸν
796 5140 1030 5211 Χριστὸν
1078 5141 1342 5195 κατάλιπε
1398 5143 1754 5215 κληρονόμον.
1794 5148 1941 5201 Ἔδει
1978 5148 2079 5218 μὲν

506 5227 618 5299 γὰρ
638 5228 820 5292 ζῶντα
838 5242 852 5256 ο
893 5227 1052 5281 τοῦτο
1074 5229 1183 5299 γὰρ
1212 5231 1585 5301 προαιρέσεως
1612 5234 1780 5305 ὀρθῆς
1816 5231 1921 5307 ἦν·
1956 5236 2076 5290 ἀλλ’

504 5317 657 5386 ὅμως
688 5316 793 5370 κᾶν
815 5315 920 5369 ὑπὸ
946 5316 1046 5385 τῆς
1072 5317 1317 5389 ἀνάγκης
1341 5320 1501 5387 γενοῦ
1519 5321 1951 5395 φιλοτιμότερος.
1967 5326 2079 5379 Καὶ

506 5404 616 5480 γὰρ
639 5404 668 5456 6
694 5402 930 5472 Χριστὸς
957 5404 1049 5457 διὰ
1072 5403 1233 5460 τοῦτο
1258 5407 1561 5476 προσέταξε
1596 5408 1797 5463 διδόναι
1821 5410 2073 5480 πένησιν,

508 5478 593 5541 ἵνα
625 5487 837 5553 ζῶντας
872 5491 1020 5560 ἡμᾶς
1061 5492 1387 5561 φιλοσόφους
1416 5494 1745 5565 ἐργάσηται,
1794 5497 1883 5551 ἴνα
1910 5478 2077 5571 πείσῃ

521 5849 529 5857 _
564 5774 596 5821 ⁸
614 5780 771 5842 ﬁnde:
799 5805 923 5841 unus
949 5800 999 5843 ut
1021 5797 1173 5859 marg.
1199 5787 1371 5853 Sa\il.,
1398 5796 1677 5857 μετήγαγον.

2213 784 2306 835 καὶ
2327 783 2405 853 τῷ
2431 786 2563 838 δεῖνι
2594 802 2610 817 ο
2638 785 2738 839 οὐκ
2777 788 2842 839 ὲκ
2869 786 2977 839 τῶν
3022 785 3131 838 σῶν
3158 784 3316 848 δίδως
3335 784 3552 851 λοιπὸν,
3584 785 3699 837 ἀλλ’
3720 785 3782 852 ἐξ

2207 870 2381 941 αὐτῆς
2406 872 2504 941 τῆς
2532 872 2779 941 ἀνάγκης
2807 888 2822 903 ·
2855 871 2936 942 τῷ
2965 871 3182 942 θανάτῳ
3209 871 3390 942 χάρις,
3415 872 3478 924 οὐ
3513 870 3596 923 σοί
3620 888 3634 903 ’
3654 870 3782 924 τοῦ-

2206 972 2269 1009 το
2304 958 2406 1011 οὐκ
2441 959 2557 1011 ἐστι
2607 960 3012 1031 φιλοστοργίας,
3043 959 3162 1013 ἀλλ’
3183 960 3475 1030 ἐπηρείας.
3507 958 3657 1029 Πλὴν
3674 960 3781 1012 κᾶν

2206 1043 2349 1097 οὕτω
2382 1044 2641 1109 γινέσθω,
2674 1045 2776 1099 κᾶν
2809 1047 2933 1099 τότε
2960 1046 3124 1101 λῦσον
3156 1045 3219 1100 τὸ
3250 1047 3442 1109 πάθος.
3484 1044 3775 1114 Ἐννόησον

2206 1130 2308 1184 ὅσα
2354 1131 2635 1202 ἥρπασας,
2683 1134 2787 1187 ὅσα
2838 1132 3275 1203 έπλεονέκτησας
3300 1148 3315 1165 ’
3348 1133 3528 1186 πάντα
3576 1133 3778 1197 ἀπόδος

2206 1220 2583 1289 τετραπλάσια
2609 1236 2624 1250 ·
2661 1221 2833 1285 οὕτως
2872 1222 3210 1293 ἀπολόγησαι
3252 1221 3330 1291 τῷ
3354 1222 3776 1291 Θεῷ.“Αλλέίσί

2204 1322 2351 1369 τινες
2412 1309 2492 1371 είς
2538 1308 2696 1362 τοῦτο
2742 1310 2939 1380 μανίας
2976 1311 3208 1380 ἥκοντες
3241 1312 3341 1363 καὶ
3360 1308 3684 1381 πηρώσεως,
3722 1310 3776 1363 οἶ

2203 1392 2323 1445 οὐδὲ
2361 1393 2481 1447 τότε
2512 1395 2776 1466 συνορῶσι
2797 1398 2860 1451 τὸ
2886 1397 3003 1451 δέον
3034 1413 3048 1427 ·
3083 1397 3199 1449 ἀλλ’
3223 1396 3412 1468 ῶσπερ
3435 1396 3769 1460 σπουδάζον-

2201 1494 2294 1542 τες
2327 1479 2712 1552 χαλεπώτερον
2760 1484 2973 1547 ἑαυτοῖς
3023 1482 3364 1554 ἐργάσασθαι
3421 1482 3515 1535 τοῦ
3553 1483 3776 1537 Θεοῦ-οδ

2204 1567 2399 1635 κρῖμα,
2423 1566 2599 1632 οῦτως
2627 1567 2848 1623 ἅπαντα
2876 1572 3200 1640 πράττωσι.
3229 1569 3327 1622 Διά
3355 1570 3513 1622 τοῦτο
3540 1572 3569 1623 6
3591 1570 3773 1640 μακά-

2204 1666 2319 1719 ριος
2345 1645 2497 1715 οὗτος
2531 1653 2683 1723 ἔλεγε
2712 1654 2938 1726 γράφων
2971 1672 2986 1686 ο
3038 1654 3136 1721 Ὠς
3160 1655 3346 1709 τέκνα
3377 1656 3573 1724 φωτὸς
3605 1672 3770 1722 περι-

2201 1740 2457 1791 πατεῖτε.
2476 1739 2534 1792 Ὀ
2560 1740 2616 1793 δὲ
2648 1740 2977 1811 πλεονέκτης
3007 1743 3241 1811 μάλιστα
3265 1744 3324 1795 ὲν
3360 1743 3539 1812 σκότῳ
3561 1743 3648 1813 ζῇ,
3675 1744 3772 1796 καὶ

2203 1826 2395 1889 σκότος
2442 1828 2576 1881 πολὺ
2629 1828 3019 1891 κατασκεδάζει
3052 1830 3290 1883 πάντων.
3317 1830 3449 1889 Καὶ,
3476 1830 3572 1893 Μὴ
3600 1843 3754 1897 συγ-

2199 1913 2548 1981 κοινωνῆτε,
2595 1916 2729 1985 φησὶ
2756 1957 2770 1980 ,
2798 1914 2925 1981 τοῖς
2953 1915 3151 1985 ἔργοις
3182 1914 3309 1978 τοῖς
3342 1909 3634 1983 ἀκάρποις
3660 1912 3771 1969 τοῦ

2199 2000 2479 2064 σκότους,
2510 1999 2754 2069 μᾶλλον
2792 2001 2861 2054 δὲ
2892 2003 2989 2056 καί
3019 2001 3299 2070 ἐλέγχετε
3325 2017 3341 2032 ⁶
3373 2002 3444 2055 τὰ
3476 2003 3587 2069 γὰρ
3626 2020 3769 2070 κρυ-

2196 2083 2286 2152 φῇ
2300 2087 2581 2155 γινόμενα
2607 2088 2709 2142 ὑπ’
2730 2086 2951 2147 αὐτῶν,
2976 2090 3234 2156 αἰσχρόν
3252 2087 3381 2141 ἐστι
3413 2088 3510 2141 καὶ
3542 2087 3766 2157 λέγειν.

2204 2171 2279 2224 Τὰ
2303 2171 2372 2224 δὲ
2395 2172 2611 2239 πάντα,
2645 2173 3013 2242 ἐλεγχόμειά
3054 2174 3174 2229 ὑπὸ
3208 2174 3313 2228 τοῦ
3342 2174 3560 2243 φωτὸς,
3583 2193 3768 2245 φανε-

2189 2258 2423 2327 ροῦται.

2278 2345 2592 2410 Ἀκούσατε,
2636 2348 2961 2419 παρακαλῶ,
3000 2349 3201 2413 πάντες
3243 2350 3357 2403 ὅσοι
3402 2340 3463 2402 οὐ
3511 2349 3768 2419 βούλεσθε

2194 2429 2316 2498 εἰκῆ
2347 2430 2644 2500 μισεῖσθαι.
2679 2431 3014 2502 Ἀρπάζειδ,
3046 2434 3138 2485 καὶ
3168 2434 3271 2486 οὐκ
3291 2433 3570 2502 έλέγχεις;
3609 2432 3769 2485 ’Λλλά

2193 2511 2436 2576 δέδοικας
2476 2514 2536 2565 τὸ
2576 2516 2751 2583 μῖσος.
2789 2515 2982 2568 Καίτοι
3010 2515 3111 2569 οὐκ
3139 2514 3287 2568 ἔστιν
3328 2518 3451 2587 εικῆ
3490 2517 3767 2586 μισεῖσθαι

2191 2594 2349 2647 τοῦτο
2367 2610 2380 2623 ·
2404 2596 2537 2649 ἀλλά
2558 2598 2779 2661 δικαίως
2800 2597 3062 2667 ἐλέγχεις,
3094 2599 3187 2651 καὶ
3205 2598 3452 2661 δέδοικας
3476 2599 3536 2650 τὸ
3570 2600 3727 2668 μῖσος
3747 2616 3762 2662 ;

2192 2676 2409 2744 ἔλεγξον
2434 2678 2525 2731 τὸν
2545 2679 2795 2749 ἀδελφὸν,
2820 2680 3075 2745 ἀνάδεξαι
3096 2680 3296 2750 ἔχθραν
3313 2680 3401 2733 διὰ
3426 2681 3523 2748 τὴν
3545 2681 3766 2748 ἀγάπην

2190 2758 2290 2829 τὴν
2315 2761 2395 2822 είς
2422 2761 2513 2813 τὸν
2545 2762 2797 2831 Χριστὸν,
2830 2762 2918 2816 διὰ
2942 2764 3039 2833 τὴν
3072 2764 3297 2833 ἀγάπην
3325 2763 3423 2832 τὴν
3452 2765 3531 2826 είς
3559 2762 3723 2814 αὐτόν
3749 2778 3763 2792 ·

2192 2841 2434 2894 κὼλυσον
2481 2843 2644 2895 αὐτὸν
2677 2846 2757 2907 εἰς
2799 2845 3072 2917 βάραθρον
3118 2846 3511 2916 ἀπερχόμενον.
3554 2845 3625 2897 Τὸ
3656 2845 3765 2916 γὰρ

2191 2924 2472 2994 τραπέζης
2490 2928 2817 2996 κοινωνῆσαι
2830 2930 2923 2980 καὶ
2940 2928 3203 2998 ῥημάτων
3218 2927 3470 2998 χρηστῶν
3488 2929 3580 2981 καὶ
3601 2945 3768 2999 προσ-

2192 3008 2405 3076 ρήσεως
2437 3011 2529 3062 καὶ
2557 3009 2790 3079 τρυφῆς,
2822 3010 2883 3062 οὐ
2917 3011 3120 3079 σφόδρα
3152 3010 3335 3079 φιλίας
3365 3009 3501 3063 ἐστί.
3527 3011 3766 3063 Τοιαῦτα

2188 3092 2300 3149 τοῖς
2330 3092 2503 3158 φίλοις
2536 3092 2692 3162 ήμῶν
2726 3092 3082 3163 χαριζώμεθα
3119 3092 3289 3163 δῶρα,
3333 3092 3419 3145 ἴνα
3449 3093 3549 3164 τὴν
3583 3093 3765 3163 ψυχὴν

2189 3172 2367 3225 αὐτῶν
2395 3174 2705 3244 ἑξέλκωμεν
2738 3177 2848 3229 ἀπὸ
2873 3177 2971 3247 τῆς
3010 3177 3181 3246 ὀργῆς
3215 3175 3313 3229 τοῦ
3348 3175 3483 3228 Θεοῦ
3512 3193 3527 3205 ’
3553 3177 3634 3239 είς
3663 3177 3765 3247 τὴν

2188 3255 2418 3325 κάμινον
2448 3258 2735 3327 κειμένους
2763 3259 2957 3322 αὐτοὺς
2985 3260 3220 3330 ὁρῶντες
3244 3260 3343 3328 τῆς
3374 3258 3594 3321 κακίας,
3632 3260 3765 3313 ἀνα⁴

2189 3338 2500 3408 στήσωμεν.
2549 3340 2684 3393 Ἀλλ’
2727 3340 2791 3393 οὐ
2815 3340 3139 3413 διορθοῦται,
3179 3340 3364 3411 φησίν.
3409 3341 3572 3393 Ἀλλά
3609 3342 3674 3394 σὺ
3702 3343 3767 3395 τὸ

2190 3420 2390 3474 σαυτοῦ
2414 3422 2639 3493 πρᾶξον,
2677 3425 2772 3477 καὶ
2800 3424 3125 3495 ἀπελογήσω
3152 3424 3231 3495 τῷ
3252 3423 3391 3495 Θεῷ.
3426 3424 3519 3496 Μὴ
3545 3425 3765 3498 κρύψῃς

2187 3505 2248 3558 τὸ
2260 3505 2520 3561 τάλαντον
2541 3522 2554 3536 ·
2577 3506 2666 3560 διά
2683 3507 2839 3560 τοῦτο
2863 3507 3018 3573 λόγον
3037 3508 3201 3578 ἔχεις,
3222 3508 3311 3561 διά
3332 3508 3492 3561 τοῦτο
3511 3508 3768 3576 γλῶσσαν

2187 3586 2285 3639 καὶ
2306 3588 2502 3658 στόμα,
2531 3589 2617 3641 ἵνα
2652 3588 2884 3659 διορθοῖς
2909 3590 3000 3643 τὸν
3030 3590 3276 3659 πλησίον.
3310 3590 3391 3642 Τά
3421 3589 3590 3658 ἄλογα
3624 3593 3768 3660 μόνα

2186 3671 2247 3722 οὐ
2280 3671 2555 3741 φροντίζει
2591 3672 2686 3724 τοῦ
2726 3672 2974 3742 πλησίον,
3007 3673 3129 3726 οὐδὲ
3158 3672 3317 3740 λόγον
3345 3672 3458 3742 ἔχει
3489 3673 3610 3726 τινά
3650 3674 3768 3729 τῶν

2185 3751 2362 3807 ἀλλων
2386 3769 2400 3785 ·
2434 3754 2498 3806 σὺ
2546 3754 2603 3807 δὲ
2631 3754 2846 3825 πατέρα
2878 3756 3059 3808 καλῶν
3102 3755 3193 3809 τὸν
3223 3755 3375 3820 Θεὸν,
3408 3756 3502 3807 καὶ
3531 3756 3765 3825 ἀδελφὸν

2185 3833 2278 3887 τὸν
2308 3835 2535 3905 πλησίον
2585 3837 2748 3907 ὁρῶν,
2787 3837 2951 3890 αὐτὸν
2978 3838 3150 3907 μυρία
3175 3837 3430 3891 ποιοῦντα
3465 3838 3633 3905 κακά,
3660 3839 3765 3907 τὴν
3792 3844 3795 3847 “

2186 3917 2346 3987 χάριν
2366 3919 2465 3990 τὴν
2488 3921 2618 3990 παρ’
2640 3920 2849 3973 ἐκείνου
2872 3921 2970 3990 τῆς
2990 3920 3256 3989 ὡφελείας
3273 3920 3437 3973 αὐτοῦ
3462 3923 3763 3993 προτίθης;

2185 4004 2300 4075 Μὴ,
2349 4004 2670 4075 παρακαλῶ.
2717 4004 2881 4058 Οὐδὲν
2928 4005 3069 4058 οὕτω
3104 4004 3283 4074 φιλίας
3324 4008 3641 4078 τεκμήριον,
3684 4008 3764 4071 ὼς

2186 4086 2246 4138 τὸ
2286 4086 2360 4158 μὴ
2389 4090 2650 4159 περιορᾷν
2689 4088 3103 4158 ἁμαρτάνοντας
3134 4089 3261 4150 τοὺς
3289 4088 3571 4158 ἀδελφούς.
3604 4086 3766 4154 Εἶδες

2185 4168 2599 4240 έχθραίνοντας;
2641 4171 2910 4226 διάλυσον.
2946 4168 3097 4235 Εἶδες
3128 4171 3618 4237 πλεονεκτοῦνταςς
3646 4173 3761 4228 κὼ-

2184 4251 2362 4305 λυσον.
2398 4250 2551 4316 Εἶδες
2580 4254 2997 4323 ἀδικουμένους;
3038 4253 3305 4324 πρόστηίὴ
3326 4271 3340 4284 ·
3369 4256 3468 4307 οὐκ
3502 4255 3758 4320 ἐκείνοις,

2184 4334 2321 4387 ἀλλά
2349 4335 2530 4404 σαυτῷ
2549 4336 2800 4407 προτέρῳ
2816 4336 3073 4407 ἐχαρίσω.
3097 4334 3196 4388 Διά
3216 4335 3373 4389 τοῦτο
3401 4337 3544 4405 φίλοι
3566 4340 3758 4408 ἐσμὲν,

2185 4416 2272 4469 ἴνα
2294 4417 2554 4489 ἀλλήλους
2579 4418 2896 4488 ὠφελῶμεν.
2928 4416 3135 4481 ’Ἄλλως
3164 4419 3455 4473 ἀκούσεται
3481 4421 3631 4490 παρά
3661 4423 3760 4475 τοῦ

2183 4500 2362 4568 φίλου,
2404 4503 2497 4554 καὶ
2541 4500 2715 4563 ἄλλως
2760 4500 2910 4571 παρά
2940 4496 3034 4553 τοῦ
3068 4501 3321 4570 τυχόντος
3346 4517 3360 4531 ·
3400 4502 3494 4556 τὸν
3523 4505 3762 4574 τυχόντα

2184 4579 2514 4638 ὑποπτεύσει
2542 4584 2693 4647 ἴσως,
2737 4585 2832 4638 καὶ
2857 4584 2950 4637 τὸν
2978 4584 3299 4638 διδάσκαλον
3328 4586 3553 4655 ὁμοίως,
3582 4587 3674 4640 τὸν
3701 4588 3763 4642 δὲ

2182 4667 2335 4737 φίλον
2348 4668 2550 4721 οὐκέτι.
2574 4668 2653 4720 Τὰ
2669 4668 2781 4737 γὰρ
2797 4665 2995 4736 κρυφῇ
3017 4667 3318 4737 γινόμενα,
3331 4671 3591 4738 αἰσχρόν
3601 4672 3761 4735 ἐστι,

2182 4752 2336 4818 φησὶ,
2369 4751 2468 4803 καί
2500 4750 2722 4819 λέγειν.
2768 4751 2843 4805 Τὰ
2875 4751 2943 4804 δὲ
2972 4751 3187 4816 πάντα,
3230 4752 3601 4821 ἐλεγχόμενα
3637 4755 3762 4809 ὑπὸ

2182 4834 2288 4886 τοῦ
2320 4835 2535 4902 φωτὸς,
2576 4834 2960 4903 φανεροῦται.
3008 4834 3073 4887 Τί
3115 4834 3366 4901 βούλεται
3396 4836 3629 4890 ἐνταῦθα
3676 4841 3762 4890 εί-

2180 4918 2337 4981 πείνς
2379 4917 2550 4969 Τοῦτο
2600 4917 2770 4984 λέγει,
2810 4918 2893 4970 ὅτι
2941 4917 3008 4970 τά
3056 4917 3157 4987 μὲν
3185 4916 3295 4970 τῶν
3337 4918 3762 4989 ἁμαρτημάτων

2182 4998 2415 5053 ἐνταῦθα
2458 5000 2631 5070 λάθρα
2673 5000 2821 5071 [15⁸5]
2853 5001 3081 5068 γίνεται,
3122 4999 3193 5053 τὰ
3228 5001 3285 5054 δὲ
3330 5005 3425 5054 καὶ
3459 5004 3713 5073 φανερῶς
3741 5021 3757 5035 ·

2180 5084 2299 5135 ἐκεῖ
2316 5081 2371 5134 δὲ
2391 5082 2489 5152 οὐχ
2511 5082 2681 5145 οὕτως
2707 5082 2858 5135 ἔσται
2880 5098 2892 5111 ⁸
2917 5083 3091 5145 οὐδεὶς
3119 5083 3226 5154 γάρ
3255 5084 3403 5136 ἐστιν
3428 5086 3456 5137 ὁ
3481 5085 3555 5154 μὴ
3581 5102 3761 5140 συνει-

2179 5165 2284 5229 δὼς
2317 5166 2492 5236 ἑαυτῷ
2521 5167 2612 5219 έπὶ
2649 5167 3026 5236 ἁμαρτήματι.
3061 5167 3161 5219 Διὰ
3184 5167 3344 5220 τοῦτό
3381 5184 3535 5237 φησι·
3574 5170 3652 5222 Τὰ
3688 5168 3763 5223 δὲ

2179 5249 2397 5312 πάντα,
2426 5250 2795 5319 ἐλεγχόμενα
2823 5250 2942 5303 ὑπὸ
2981 5249 3086 5303 τοῦ
3110 5252 3328 5319 φωτὸς,
3368 5251 3754 5320 φανεροῦται.

2179 5334 2245 5386 Τί
2282 5329 2410 5399 οῦνς
2440 5334 2500 5386 οὐ
2530 5335 2661 5404 περὶ
2688 5333 3155 5403 είδωλολατρείας,
3194 5335 3352 5404 φησὶ,
3390 5336 3485 5387 καὶ
3516 5336 3758 5389 ἐνταῦθα

2177 5416 2336 5470 τοῦτο
2360 5418 2576 5486 εἴρηται
2599 5434 2614 5480 ;
2646 5416 2803 5486 Οὐχὶ,
2826 5416 2962 5469 ἀλλά
2993 5417 3121 5487 περὶ
3148 5418 3261 5487 βίου
3295 5416 3388 5470 καὶ
3415 5418 3755 5488 ἁμαρτημά-

2178 5517 2285 5554 των
2339 5500 2487 5552 ὲστὶν
2528 5500 2557 5552 6
2594 5496 2769 5566 λόγος.
2829 5496 2958 5552 Πᾶν
3006 5501 3115 5567 γὰρ
3155 5499 3222 5551 τὸ
3270 5500 3753 5569 φανερούμενον,

2238 5734 2267 5773 Ιι
2295 5734 2432 5783 Unus
2452 5730 2923 5797 βοείωιμισεῖσθαι,
2958 5732 3078 5781 ἀλλά
3119 5724 3366 5793 φιλεῖσθαι.
3391 5728 3474 5788 Τίς
3496 5747 3574 5793 μοι
3596 5732 3753 5797 χρεία,

2182 5798 2315 5858 φησί,
2342 5795 2608 5855 μισεῖσθαι;
2643 5792 2885 5855 ⁸Λρποὶζει.
