4092 6492
331 409 426 466 133

326 525 514 579 adoras
545 529 878 574 creaturam.
911 515 1051 570 Deus
1078 511 1222 570 enim
1254 527 1360 568 non
1388 511 1587 567 creavit
1607 510 1909 570 avaritiam.

325 614 420 670 sed
463 627 583 668 eam
629 611 833 664 invenit
876 606 1251 663 immoderatio
1300 615 1406 659 tua:
1455 603 1910 672 inexplebilitatis.

328 706 457 760 Vide
481 713 658 758 autem
707 701 969 756 insaniam
1012 709 1067 755 et
1113 714 1226 754 rem
1259 697 1420 767 plane
1460 696 1763 750 ridiculam.
1811 695 1910 761 Qui

323 799 462 854 idola
507 796 741 850 adorant
769 833 784 858 ,
811 793 975 849 etiam
1019 805 1082 845 ea
1110 806 1225 860 qua:
1270 790 1494 843 adorant
1524 789 1792 842 honorant
1812 829 1826 854 ,
1859 795 1912 841 et

322 894 434 942 sive
461 885 749 956 quisquam
779 883 1056 954 quidpiam
1103 883 1157 935 in
1186 896 1252 935 ea
1282 880 1513 945 dixerit,
1549 881 1662 933 sive
1693 879 1913 933 maledi-

323 982 427 1035 ctis
473 994 536 1034 ea
579 976 741 1033 fuerit
789 977 1120 1039 insectatus,
1169 989 1231 1028 ea
1275 971 1688 1028 defenduntztu
1733 981 1911 1025 autem

324 1088 594 1142 tamquam
622 1087 731 1140 prae
757 1070 985 1140 quadam
1007 1067 1267 1122 ebrietate
1291 1081 1405 1120 rem
1433 1065 1646 1131 adoras,
1666 1081 1782 1133 qua:
1807 1080 1911 1117 non

322 1165 494 1217 solum
526 1177 635 1216 non
665 1169 748 1214 est
791 1159 955 1213 libera
986 1175 1012 1208 a
1045 1156 1434 1226 vituperatione
1459 1196 1475 1221 ,
1505 1155 1598 1208 sed
1628 1154 1788 1208 etiam
1831 1164 1913 1207 est

324 1257 476 1325 plena
525 1252 827 1322 impietate.
857 1250 1217 1316 Quamobrem
1253 1258 1307 1302 tu
1349 1263 1409 1302 es
1438 1247 1516 1301 eis
1545 1247 1700 1317 longe
1728 1245 1910 1316 pejor:

323 1362 496 1416 neque
525 1346 672 1400 enim
703 1342 1074 1398 defensionem
1101 1341 1295 1396 aﬂ'errc
1326 1341 1525 1410 poteris
1553 1340 1693 1410 quod
1718 1354 1822 1393 non
1845 1338 1916 1393 sit

322 1438 543 1492 malum.
574 1435 686 1490 Etsi
736 1434 811 1487 illi
854 1433 1088 1488 niaxime
1116 1440 1243 1485 sunt
1288 1431 1708 1495 inexcusabiles,
1744 1439 1798 1484 tu
1831 1439 1913 1483 ta-

321 1543 441 1583 men
474 1526 643 1582 multo
671 1524 875 1594 magis,
906 1533 964 1578 ut
988 1523 1082 1594 qui
1107 1523 1386 1577 avaritiam
1418 1523 1614 1578 millies
1649 1537 1874 1577 accuses
1895 1562 1910 1585 ,

320 1629 372 1674 et
397 1634 494 1674 eos
527 1617 799 1686 vituperes
826 1617 915 1685 qui
942 1630 1060 1668 eam
1088 1615 1307 1680 colunt,
1339 1625 1391 1668 et
1417 1615 1464 1668 ei
1509 1614 1751 1668 serviunt
1777 1623 1832 1668 et
1861 1613 1912 1668 ei

323 1726 526 1767 morem
553 1719 770 1780 gerunt.
801 1707 861 1762 Si
885 1707 1048 1762 vultis
1077 1715 1254 1760 autem
1282 1747 1297 1770 ,
1327 1707 1703 1760 examinemus
1741 1705 1912 1760 unde-

323 1819 440 1858 nim
469 1802 542 1856 sit
569 1802 810 1871 ingressa
851 1797 1174 1852 idololatria.
1221 1796 1356 1849 lticit
1399 1797 1613 1866 quidam
1661 1796 1912 1865 sapiens,

321 1893 458 1963 quod
492 1891 709 1962 quidam
758 1890 910 1944 dives
937 1889 1025 1960 qni
1073 1888 1414 1943 cruciabatur
1456 1888 1742 1942 immaturo
1774 1889 1914 1942 luctu

326 1983 416 2036 lilii
436 2025 448 2045 ,
488 1997 664 2052 neque
693 1981 871 2035 luctus
892 1980 1053 2034 ullam
1080 1978 1309 2032 habebat
1341 1979 1787 2043 consolationem,
1817 1978 1916 2034 hac

325 2075 571 2128 dolorem
602 2071 832 2134 leniens,
866 2071 1003 2125 facta
1029 2069 1262 2122 inanima
1294 2070 1524 2138 imagine
1553 2069 1670 2137 ejus
1697 2070 1786 2138 qui
1817 2086 1912 2124 ex-

325 2174 578 2225 cesserat,
607 2172 866 2233 perpetuo
913 2176 1032 2214 eam
1075 2161 1290 2214 intuens
1310 2199 1324 2225 ,
1354 2160 1631 2213 videbatur
1661 2175 1754 2228 per
1781 2162 1914 2213 ima-

322 2259 495 2324 ginem
519 2270 644 2310 eum
671 2261 933 2323 perpetuo
977 2251 1173 2305 habere
1203 2251 1292 2320 qui
1323 2250 1652 2305 decesserat.
1685 2251 1912 2316 Quidam

323 2357 500 2402 autem
531 2346 876 2411 adulatores,
909 2360 1135 2412 quorum
1169 2344 1310 2398 Deus
1340 2353 1528 2398 venter
1557 2353 1640 2398 est
1667 2383 1682 2407 ,
1717 2344 1770 2396 in
1799 2343 1916 2412 ejus

325 2441 590 2495 honorem
621 2439 861 2492 colentes
892 2436 1217 2506 imaginem,
1251 2449 1373 2488 eum
1407 2449 1613 2487 morem
1644 2434 1915 2503 perduxe-

329 2541 448 2585 runt
471 2530 543 2584 ad
576 2527 1096 2598 idololatriam(Sap.
1125 2526 1211 2580 l4.
1243 2524 1666 2594 15).lntroducta
1689 2534 1764 2579 est
1792 2539 1920 2594 ergo

321 2625 386 2676 ab
415 2621 795 2678 imbecillitate
860 2619 1052 2672 anima:
1076 2659 1089 2681 ,
1119 2634 1145 2670 a
1179 2617 1404 2671 rationis
1431 2629 1651 2686 experte
1691 2631 1919 2671 consue-

323 2716 510 2769 tudine
534 2753 548 2778 ,
581 2714 648 2766 ab
681 2709 1148 2766 immoderatione.
1179 2709 1294 2763 Non
1323 2709 1401 2763 sic
1440 2719 1618 2761 autem
1647 2708 1870 2762 avaritia
1900 2725 1914 2762 :

324 2823 441 2860 nam
475 2806 598 2874 ipsa
626 2817 843 2874 quoque
870 2811 956 2857 est
984 2801 1290 2855 introducta
1317 2800 1386 2854 ab
1419 2799 1688 2853 imbecilla
1715 2801 1915 2864 anima,

320 2913 512 2955 verum
533 2913 563 2952 a
601 2897 824 2968 pejore:
855 2911 960 2949 non
988 2894 1166 2948 amisit
1210 2894 1494 2964 quisquam
1527 2893 1714 2956 lilium,
1749 2907 1923 2962 neque

323 2991 502 3047 luctus
522 2992 797 3060 qumrehat
817 2987 1094 3054 solatium,
1114 3001 1287 3054 neque
1304 2985 1672 3040 atlrahebatur
1695 2986 1764 3040 ab
1789 2987 1921 3039 adu-

322 3083 632 3145 latoribus;
682 3079 776 3134 sed
831 3076 1140 3148 quomodo?
1184 3076 1298 3146 Ego
1357 3076 1506 3129 vobis
1549 3076 1748 3130 dicam.
1788 3075 1920 3130 Cain

323 3169 488 3230 Deum
525 3170 794 3227 fraudavit
821 3186 915 3239 per
936 3169 1214 3223 avaritiam
1250 3187 1262 3223 :
1295 3183 1417 3222 nam
1447 3168 1514 3222 iis
1541 3184 1657 3237 qua:
1687 3167 1766 3221 illi
1791 3168 1909 3222 dari

322 3265 612 3336 Oportebat
640 3261 782 3333 apud
812 3277 871 3317 se
898 3261 1144 3325 retentis,
1171 3276 1290 3330 quae
1323 3259 1500 3328 ipsum
1535 3259 1733 3314 habere
1760 3274 1924 3330 opor-

325 3362 491 3424 tebat,
523 3372 591 3412 ea
627 3355 703 3412 illi
728 3355 944 3420 obtulit,
973 3361 1028 3408 et
1057 3353 1253 3406 malum
1284 3369 1312 3404 a
1340 3353 1446 3406 Deo
1471 3352 1693 3421 incepit.
1719 3351 1848 3405 Nam
1877 3353 1921 3406 si

326 3465 423 3506 nos
466 3450 569 3504 Del
619 3461 845 3508 sumus,
892 3445 1062 3499 multo
1106 3443 1276 3514 magis
1328 3443 1578 3512 primitiae
1619 3452 1923 3498 nostrarum

327 3540 767 3612 possessionum.
798 3537 1006 3592 Rursus
1032 3535 1101 3588 ab
1139 3536 1361 3589 avaritia
1393 3545 1507 3588 orta
1535 3543 1617 3589 est
1646 3536 1924 3588 mulierum

326 3632 590 3702 appetitio
622 3647 634 3679 :
665 3627 912 3681 Viderunt
935 3629 1070 3696 ﬁlias
1093 3627 1375 3691 hominum,
1396 3636 1442 3678 et
1470 3625 1690 3678 devoluti
1718 3636 1834 3678 sunt
1861 3628 1929 3679 ad

327 3722 793 3794 concupiscentiam
821 3717 974 3787 (Gen.
1007 3720 1061 3774 6.
1087 3719 1145 3788 2)
1184 3735 1196 3770 :
1245 3719 1312 3771 ab
1339 3717 1424 3772 his
1451 3733 1640 3772 rursus
1668 3717 1734 3772 ad
1767 3733 1928 3788 pecn-

329 3817 465 3870 nias.
517 3813 659 3868 Nam
695 3812 833 3866 velle
865 3810 986 3881 plus
1031 3809 1232 3864 habere
1260 3825 1421 3879 quam
1453 3810 1730 3880 proximus
1763 3809 1814 3863 in
1865 3810 1930 3864 iis

327 3924 446 3978 quze
476 3907 545 3960 ad
580 3905 722 3958 hanc
751 3903 914 3956 vitam
947 3904 1233 3971 pertinent,
1269 3915 1375 3954 non
1406 3899 1622 3955 aliunde
1650 3909 1730 3954 est
1751 3909 1928 3954 ortum

327 4014 492 4068 quam
519 4012 587 4052 ex
619 4011 686 4050 eo
713 3994 853 4063 quod
909 3994 1181 4048 refrixerit
1224 3993 1457 4047 caritas:
1486 3993 1622 4046 velle
1671 3993 1788 4061 plus
1833 3997 1930 4046 lia-

328 4091 458 4146 bcre
485 4105 599 4144 non
637 4087 856 4142 aliunde
878 4087 1049 4141 oritur
1078 4101 1236 4156 quam
1265 4071 1328 4140 ei
1357 4086 1660 4154 arrogantia
1686 4125 1701 4150 ,
1733 4093 1782 4139 et
1807 4086 1932 4139 odio

332 4181 620 4236 hominum
648 4188 703 4241 et
742 4188 1075 4246 contemptu.
1124 4177 1238 4230 Non
1267 4176 1416 4230 vides
1441 4185 1638 4246 quanta
1666 4177 1733 4229 sit
1765 4186 1928 4243 terra,

330 4284 386 4329 ct
411 4272 693 4345 quomodo
709 4288 803 4326 aer
827 4279 883 4326 et
905 4271 1096 4326 caelum
1120 4271 1190 4324 sit
1219 4271 1388 4322 multo
1415 4267 1585 4336 majus
1610 4283 1769 4336 quam
1797 4284 1934 4336 Opus

331 4366 431 4420 sit?
459 4365 601 4422 Nam
637 4373 694 4418 ut
728 4365 868 4417 Deus
897 4372 1044 4416 tuam
1078 4362 1445 4431 exstingueret
1490 4361 1771 4414 avaritiam
1799 4403 1812 4426 ,
1845 4377 1932 4415 res

331 4469 543 4514 creatas
564 4457 634 4512 ad
659 4466 764 4510 tam
797 4470 1043 4526 magnam
1076 4453 1260 4508 eduxit
1287 4467 1594 4508 mensuram
1624 4469 1637 4506 :
1669 4459 1722 4506 tu
1753 4463 1930 4507 autem

333 4551 410 4605 sic
425 4563 647 4619 quoque
666 4547 830 4616 rapis,
851 4556 906 4600 et
930 4545 1081 4600 audis
1098 4544 1374 4598 avaritiam
1399 4558 1519 4597 esse
1541 4541 1889 4596 idololatriam
1916 4561 1931 4599 :

336 4649 390 4695 et
418 4656 486 4695 nc
512 4641 594 4694 sic
624 4637 842 4708 quidem
871 4636 1096 4691 horres?
1131 4635 1219 4688 Vis
1247 4650 1368 4689 esse
1399 4634 1554 4689 heres
1601 4634 1795 4688 terrae?
1827 4633 1933 4687 Sed

336 4745 444 4786 non
491 4729 667 4784 habes
716 4730 766 4782 in
809 4729 942 4784 cielo
979 4727 1333 4781 hereditatem
1366 4745 1381 4781 :
1410 4726 1644 4780 studium
1678 4727 1832 4796 ponis
1879 4735 1937 4780 ut

336 4823 458 4877 aliis
486 4821 768 4890 relinquas
800 4813 1180 4883 hereditatem,
1216 4827 1266 4872 te
1297 4817 1471 4886 ipsum
1503 4825 1682 4872 autem
1715 4817 1936 4885 privas?

407 4917 464 4969 4.
502 4915 600 4968 Dic
631 4913 972 4983 mihi,siquis
995 4911 1148 4966 daret
1173 4910 1267 4964 tibi
1299 4920 1616 4980 potestatem
1640 4909 1936 4979 accipiendi

341 5005 522 5061 omnia
545 5047 560 5068 ,
595 5020 664 5058 an
711 5002 927 5059 nolles?
954 5003 1105 5056 Licet
1134 5017 1264 5070 ergo
1287 5041 1302 5067 ,
1336 5002 1378 5055 si
1411 5003 1565 5056 velis.
1612 5002 1772 5070 Atqui
1805 5017 1940 5055 non-

342 5099 474 5152 nulli
503 5097 696 5153 dicunt
741 5110 800 5151 se
830 5096 1016 5150 dolere
1044 5135 1058 5158 ,
1090 5093 1232 5163 quod
1277 5093 1633 5148 hereditatem
1667 5095 1943 5148 transmit—

345 5198 459 5243 tant
486 5190 556 5243 ad
597 5187 734 5242 alios
755 5227 770 5250 ,
797 5196 852 5240 et
879 5185 1078 5238 vellent
1127 5184 1294 5253 magis
1321 5199 1439 5238 eam
1468 5184 1700 5238 exedere
1719 5224 1734 5248 ,
1781 5199 1940 5252 quam

349 5281 532 5335 ridere
561 5279 700 5334 alios
740 5275 857 5346 ejus
884 5274 1152 5330 dominos.
1201 5275 1386 5345 Neque
1432 5291 1534 5344 ego
1584 5286 1633 5330 te
1675 5275 1847 5331 libero
1876 5277 1944 5332 ab

349 5369 453 5430 hac
475 5370 848 5428 imbecillitate
882 5388 894 5421 :
925 5384 1046 5422 nam
1091 5378 1174 5420 est
1205 5368 1305 5422 hoc
1339 5380 1554 5437 quoque
1584 5368 1866 5422 imbecilla:
1892 5378 1948 5423 ct

351 5462 581 5516 infit-une
609 5461 826 5515 animai.
853 5458 960 5513 Sed
995 5469 1170 5512 tamen
1197 5459 1298 5512 hoc
1324 5457 1514 5512 saltem
1540 5459 1630 5512 liat
1654 5476 1667 5510 :
1699 5459 1750 5512 in
1785 5468 1950 5513 testa-

353 5561 537 5608 mento
567 5551 816 5620 relinque
840 5549 1120 5606 Christum
1169 5549 1447 5605 heredem.
1489 5548 1624 5603 Nam
1672 5560 1950 5619 oporteret

356 5645 576 5714 quidem
617 5646 922 5708 viventem;
949 5643 1053 5697 hoc
1077 5643 1222 5697 cnim
1250 5651 1395 5696 esset
1441 5653 1586 5696 recte
1626 5640 1852 5695 instituti
1885 5642 1949 5698 Ii-

359 5735 472 5792 beri
491 5734 724 5801 arbitrii;
743 5734 837 5790 sed
852 5745 1031 5788 tamen
1053 5735 1136 5788 vel
1151 5749 1179 5786 a
1201 5735 1521 5788 necessitate
1540 5734 1634 5787 tias
1655 5734 1948 5788 liberalior.

373 5829 587 5884 Etenim
623 5835 908 5898 propterea
938 5826 1183 5881 Christus
1210 5826 1364 5892 jussit
1410 5825 1540 5879 dare
1586 5825 1904 5892 paupet'ilnts
1928 5867 1942 5890 ,

1204 396 1270 454 ΙΝ
1311 397 1526 453 EPIST.
1571 399 1660 452 AD
1702 395 1943 454 EPIIES.
1987 395 2138 450 CAP.
2184 395 2245 450 V.
2289 398 2518 454 IIOMIL.
2563 397 2748 454 XVIII.

3506 400 3608 458 teli

2027 521 2083 564 ut
2111 527 2210 566 nos
2237 512 2479 569 viventes
2500 515 2753 570 redderet
2775 514 3152 585 philosophos,
3179 526 3231 569 nt
3262 517 3608 586 persuaderet

2017 602 2298 674 despicere
2328 609 2581 676 pecunias
2602 650 2616 674 ,
2645 619 2704 662 ut
2728 608 2948 664 doceret
2977 619 3186 664 terrena
3235 621 3606 666 contemnere.

2017 695 2133 750 Non
2161 706 2243 751 est
2271 699 2373 753 hoc
2403 701 2657 770 pecunias
2685 701 2965 770 despicere
2990 741 3006 777 ρ
3056 701 3376 757 morientem
3415 713 3469 758 ct
3499 721 3606 758 non

2019 788 2154 843 ultra
2177 789 2453 845 dominum
2483 792 2609 848 huic
2635 805 2690 848 et
2712 795 2784 848 illi
2811 795 3050 864 praebere
3082 813 3097 851 :
3132 813 3235 850 non
3258 797 3369 866 jam
3397 812 3464 852 ex
3496 800 3602 853 tuis

2017 879 2132 946 das,
2161 883 2253 936 sed
2281 898 2344 938 ex
2392 883 2505 955 ipsa
2539 888 2904 943 necessitate:
2937 889 3095 944 morti
3127 898 3209 944 est
3257 891 3426 960 gratia
3450 932 3463 953 ,
3499 907 3606 945 non

2019 971 2113 1027 tibi
2139 990 2153 1026 :
2191 972 2291 1029 hoc
2319 991 2424 1031 non
2453 987 2535 1032 est
2584 979 2976 1034 benevolentiae
2997 1023 3011 1043 ,
3041 982 3135 1036 sed
3167 983 3448 1036 irrisionis.
3478 982 3602 1038 Cae-

2019 1070 2190 1117 terum
2221 1066 2310 1121 vel
2351 1067 2429 1121 sic
2461 1068 2584 1133 liat,
2618 1069 2702 1124 vel
2737 1078 2861 1124 tunc
2901 1072 3050 1125 solve
3086 1074 3270 1125 vitium
3317 1083 3371 1128 et
3400 1077 3593 1128 malam

2017 1158 2178 1212 animi
2232 1159 2592 1215 affectionem.
2647 1162 2829 1231 Cogita
2891 1179 3050 1232 quam
3107 1165 3272 1218 multa
3327 1167 3605 1234 rapum-is,

2016 1267 2174 1321 quam
2220 1253 2386 1306 multa
2439 1270 2533 1322 per
2573 1257 2859 1310 avaritiam
2892 1256 3230 1324 possederis;
3273 1258 3437 1313 redde
3483 1274 3605 1312 om-

2017 1342 2164 1395 nium
2192 1343 2546 1412 quadruplum
2570 1362 2585 1408 ς
2615 1347 2684 1398 ita
2712 1346 2853 1414 apud
2899 1347 3062 1400 Deum
3091 1361 3308 1401 causam
3343 1357 3483 1400 tuam
3512 1349 3608 1402 de-

2017 1431 2194 1485 fende.
2227 1433 2328 1487 Sed
2357 1445 2483 1488 sunt
2534 1437 2773 1490 nonnulli
2819 1437 2908 1506 qui
2941 1454 3006 1491 eo
3031 1438 3250 1492 veniunt
3299 1439 3520 1492 insania:
3549 1447 3605 1493 et

2016 1524 2291 1586 ca-citatis,
2325 1533 2382 1577 ut
2418 1540 2483 1579 uc
2514 1535 2640 1580 tunc
2667 1527 2884 1596 quidem
2917 1528 3135 1582 videant
3177 1529 3320 1598 quod
3352 1538 3604 1598 oportet,

2017 1615 2112 1670 sed
2141 1631 2205 1670 ac
2232 1616 2275 1669 si
2305 1617 2540 1670 studium
2573 1629 2813 1687 ponant,
2847 1629 2904 1672 ut
2937 1621 3028 1674 Dei
3052 1620 3310 1688 judicium
3338 1621 3441 1674 sibi
3472 1636 3598 1690 gra-

2017 1708 2135 1763 vius
2163 1708 2423 1773 efficiant,
2452 1711 2523 1764 ita
2551 1721 2714 1780 agunt
2742 1713 2942 1766 omnia.
2972 1712 3267 1781 Propterea
3302 1713 3388 1767 hic
3415 1714 3607 1768 beatus

2018 1800 2231 1856 dicebat
2260 1802 2504 1856 scribens
2535 1820 2549 1856 :
2575 1801 2862 1871 Tamquam
2889 1805 2985 1872 ﬁlii
3011 1805 3138 1858 lucis
3159 1807 3432 1860 ambulate.
3465 1808 3608 1859 Ava.

2019 1907 2114 1946 rus
2139 1900 2317 1946 autem
2348 1893 2578 1948 maxime
2610 1893 2739 1947 vivit
2790 1895 2840 1947 in
2884 1895 3122 1950 tenebris
3145 1937 3159 1960 ,
3189 1908 3242 1950 et
3289 1914 3510 1966 magnas
3543 1899 3594 1951 in

2019 1999 2208 2038 omnes
2237 1985 2438 2055 spargit
2467 1987 2733 2041 tenebras.
2770 1987 2856 2052 Et,
2897 1986 3074 2041 Nolite
3123 1992 3493 2044 communicare
3530 1992 3611 2044 in-

2020 2072 2294 2142 fructuosis
2320 2077 2557 2146 operibus
2583 2078 2926 2142 tenebrarum,
2955 2080 3116 2148 magis
3143 2089 3310 2132 autem
3339 2081 3608 2152 redargui-

2022 2177 2069 2219 te
2091 2182 2237 2237 :qua:
2253 2169 2384 2221 enim
2407 2170 2459 2222 in
2477 2171 2672 2224 occulto
2692 2171 2819 2234 ﬁunt
2835 2172 2898 2225 ab
2919 2172 3065 2240 ipsis,
3090 2182 3235 2242 turpe
3255 2183 3326 2226 est
3352 2186 3398 2228 et
3421 2176 3606 2228 dicere.

2025 2255 2210 2310 Omnia
2236 2268 2404 2312 autem
2431 2275 2545 2328 qua:
2572 2270 2865 2330 arguuntur
2895 2279 2924 2314 a
2946 2263 3158 2327 lumine,
3193 2266 3608 2335 manifestnntur.

2097 2347 2173 2401 De
2191 2351 2487 2419 corrigendo
2520 2352 2771 2419 proximo.
2805 2382 2877 2392 —-
2905 2353 3100 2408 Audite
3121 2395 3136 2419 ,
3168 2369 3298 2423 rogo
3319 2396 3334 2420 ,
3365 2355 3610 2424 quicum-

2021 2457 2126 2511 que
2152 2459 2258 2495 nun
2289 2443 2459 2497 vultis
2483 2443 2602 2496 sine
2629 2458 2788 2496 causa
2819 2444 3003 2498 haberi
3027 2445 3171 2499 odio.
3207 2445 3386 2516 Rapit,
3420 2458 3468 2501 et
3504 2465 3612 2501 nun

2023 2533 2244 2601 arguis?
2273 2536 2336 2585 At
2363 2533 2518 2587 times
2541 2533 2742 2586 odium.
2771 2535 2928 2603 Atqui
2963 2551 3068 2588 non
3092 2546 3173 2589 est
3191 2535 3292 2590 hoc
3312 2539 3431 2592 sine
3452 2553 3611 2592 causa

2023 2622 2149 2675 odiu
2181 2621 2398 2686 haberi;
2447 2624 2540 2676 sed
2589 2624 2733 2692 juste
2761 2626 2938 2692 arguis
2963 2667 2978 2690 ,
3006 2634 3062 2678 et
3092 2627 3247 2680 times
3270 2627 3494 2681 odium?
3521 2644 3612 2682 ar-

2024 2729 2125 2782 gue
2143 2712 2384 2775 fratrem,
2410 2717 2624 2781 suscipe
2649 2715 2954 2768 inimicitias
2978 2724 3195 2785 propter
3222 2727 3364 2770 tuam
3391 2719 3440 2771 in
3459 2719 3613 2772 Chri-

2025 2817 2167 2858 stum
2197 2806 2498 2869 caritatem,
2535 2817 2752 2873 propter
2781 2817 2923 2858 tuam
2953 2807 3005 2859 in
3035 2807 3207 2875 ipsum
3235 2807 3611 2862 dilectionem:

2027 2895 2250 2962 prohibe
2276 2911 2340 2948 ne
2368 2896 2480 2964 ipse
2501 2897 2658 2949 abeat
2693 2897 2742 2948 iu
2767 2895 3097 2950 barathrum.
3116 2896 3247 2952 Nam
3274 2913 3473 2954 mensae
3495 2915 3616 2955 esse

2027 2985 2355 3054 participes,
2403 2994 2458 3039 et
2505 2986 2858 3054 benignorum
2905 2987 3235 3055 verborum,
3283 3000 3338 3043 ct
3367 2991 3616 3060 jucunda:

2027 3077 2390 3147 eloquutionis
2414 3118 2428 3141 ,
2454 3087 2508 3132 ct
2533 3078 2872 3143 deliciarum,
2906 3094 3012 3133 non
3043 3089 3126 3133 est
3155 3080 3444 3134 admodum
3478 3084 3616 3136 anti-

2029 3169 2189 3223 citize.
2223 3170 2298 3224 Ea
2329 3171 2526 3224 nostris
2556 3171 2744 3224 amicis
2791 3171 2928 3224 dona
2977 3172 3268 3241 largiamur
3292 3215 3307 3237 ,
3338 3184 3391 3226 ut
3419 3189 3604 3227 eorum

2030 3263 2262 3316 animam
2288 3262 2357 3315 ab
2403 3263 2478 3315 ira
2514 3263 2603 3316 Dei
2639 3262 3007 3330 extrahamus,
3037 3263 3089 3318 in
3123 3263 3237 3317 vitii
3287 3263 3504 3319 fornace
3533 3267 3615 3319 vi-

2030 3355 2220 3409 dentes
2249 3371 2343 3410 eos
2384 3355 2627 3424 jaccntes
2674 3356 2966 3424 erigamus.
3017 3357 3087 3409 At
3131 3371 3237 3410 non
3287 3358 3618 3425 corrigitur,

2034 3447 2228 3516 inquit.
2259 3445 2365 3501 Sed
2414 3445 2497 3499 fac
2529 3455 2583 3499 tu
2615 3447 2759 3513 quod
2789 3457 2937 3500 tuum
2969 3455 3084 3509 est,
3117 3459 3167 3502 ct
3196 3448 3334 3516 apud
3367 3449 3533 3502 Deum
3561 3464 3622 3503 es

2032 3546 2341 3591 excusatus.
2389 3535 2468 3590 Ne
2515 3538 2752 3590 occultes
2803 3537 3060 3590 talentum
3092 3554 3104 3590 :
3134 3547 3417 3606 propterea
3457 3538 3622 3594 habes

2034 3629 2320 3690 rationem,
2349 3637 2634 3696 pr0pterca
2664 3627 2896 3696 linguam
2922 3638 2977 3682 et
2997 3642 3080 3693 os,
3107 3638 3165 3682 ut
3187 3630 3425 3698 corrigas
3449 3631 3624 3699 proxi-

2036 3734 2202 3771 mum.
2247 3716 2371 3773 Sola
2404 3719 2558 3770 bruta
2587 3734 2692 3771 non
2720 3727 2914 3786 gerunt
2941 3734 3122 3772 curam
3158 3721 3417 3788 proximi,
3449 3737 3624 3792 neque

2034 3811 2261 3864 aliorum
2291 3810 2452 3864 ullam
2483 3810 2683 3864 habent
2711 3810 2970 3864 rationem
3000 3830 3012 3863 :
3040 3821 3097 3864 tu
3128 3823 3307 3865 autem
3338 3813 3428 3881 qui
3456 3812 3623 3866 Deum

2035 3916 2194 3956 vucas
2232 3911 2457 3970 patrem,
2477 3911 2531 3953 ct
2553 3900 2851 3968 proximum
2876 3899 3114 3966 fratrem,
3139 3901 3323 3956 videns
3344 3918 3466 3956 eum
3490 3905 3626 3959 mala

2035 3991 2320 4047 facientem
2366 3993 2680 4058 innumera,
2733 3993 2849 4061 ejus
2879 3995 3102 4063 gratiam
3146 3997 3414 4064 praeponis
3459 3997 3627 4065 ipsius

2037 4083 2292 4136 utilitati?
2324 4083 2400 4136 Ne
2427 4083 2528 4137 hoc
2557 4083 2722 4138 facias
2740 4100 2891 4154 rogo.
2915 4083 3132 4139 Nullum
3161 4095 3242 4139 est
3265 4095 3468 4140 tantum
3493 4089 3629 4141 alni-

2035 4176 2174 4229 citize
2202 4175 2482 4241 indicium,
2503 4184 2760 4244 quantum
2794 4175 2987 4229 fratres
3009 4189 3297 4244 peccantes
3323 4193 3428 4230 nun
3452 4177 3630 4246 despi-

2037 4281 2181 4322 cere.
2208 4267 2391 4320 Vidisti
2418 4282 2512 4321 eos
2533 4282 2654 4322 esse
2678 4267 2956 4320 inimicos?
2985 4267 3288 4321 reconcilia.
3321 4267 3510 4323 Vidisti
3535 4285 3628 4324 eus

2039 4374 2134 4428 per
2160 4359 2438 4412 avaritiam
2475 4357 2722 4411 fraudare
2768 4369 2820 4411 et
2870 4357 3016 4426 plura
3064 4359 3381 4426 vauirerc?
3414 4359 3628 4413 cohibe.

2040 4450 2231 4503 Vidisti
2287 4449 2478 4519 injuria
2504 4449 2685 4502 allici?
2717 4465 2810 4503 eos
2831 4449 3057 4503 defende
3084 4467 3096 4502 :
3126 4466 3230 4503 non
3264 4451 3388 4514 illis,
3420 4451 3514 4506 sed
3539 4453 3630 4508 tibi

2041 4541 2202 4611 priori
2231 4555 2288 4594 es
2309 4540 2658 4610 gratilicatus.
2682 4539 2967 4608 Propterea
2992 4555 3176 4594 sumus
3201 4543 3358 4594 amici
3384 4583 3396 4605 ,
3422 4551 3478 4594 ut
3505 4558 3630 4610 pro-

2039 4633 2206 4686 simus
2253 4631 2390 4686 alter
2431 4631 2606 4685 alteri.
2651 4633 2822 4685 Aliter
2861 4631 3040 4685 audiet
3067 4633 3134 4684 ab
3159 4633 3368 4701 amico,
3417 4633 3571 4686 aliter
3598 4649 3628 4686 a

2041 4725 2273 4795 quolibet
2307 4741 2320 4778 :
2351 4722 2491 4778 hunc
2540 4723 2752 4778 habebit
2803 4723 2936 4776 forte
2984 4732 3288 4791 suspectum
3313 4765 3326 4786 ,
3354 4735 3407 4776 ct
3436 4723 3629 4776 doctu-

2042 4832 2156 4870 rem
2194 4815 2469 4879 similiter;
2517 4816 2748 4868 annicum
2775 4824 2952 4866 autetn
3001 4829 3106 4866 non
3157 4813 3304 4866 item.
3341 4813 3468 4878 Qme
3501 4815 3632 4866 cnim

2043 4909 2095 4961 in
2123 4909 2322 4960 occulto
2347 4908 2476 4976 ﬁunt
2517 4907 2578 4959 ab
2618 4907 2742 4976 ipsis
2767 4947 2779 4967 ,
2825 4913 2971 4973 turpe
3010 4914 3083 4958 est
3125 4913 3169 4957 et
3197 4904 3394 4970 dicere,
3440 4904 3634 4973 inquit.

2049 5000 2233 5054 Omnia
2255 5011 2422 5053 autem
2439 5042 2451 5061 ,
2479 5016 2592 5070 qute
2617 5011 2901 5068 arguuntur
2929 4998 3196 5064 alumine,
3225 5000 3635 5068 manifestantur.

2047 5093 2182 5159 Quid
2216 5093 2301 5146 hic
2330 5093 2439 5146 vult
2484 5089 2706 5147 dicere?
2757 5091 2868 5144 lloc
2917 5089 3083 5145 dicit:
3118 5089 3218 5143 alia
3249 5091 3464 5160 quidem
3515 5107 3641 5160 pec-

2047 5196 2165 5239 cata
2219 5185 2356 5238 clam
2411 5183 2572 5249 ﬁunt,
2621 5184 2730 5238 alia
2777 5193 2954 5238 autem
3008 5183 3286 5238 manifeste
3331 5184 3488 5238 :illic
3541 5201 3635 5237 an-

2054 5287 2159 5330 tem
2191 5291 2295 5330 non
2324 5275 2403 5330 sic
2430 5276 2552 5328 crit.
2601 5274 2768 5328 Nemo
2817 5275 2960 5329 enim
3011 5283 3095 5329 est
3143 5277 3232 5344 qni
3280 5277 3480 5343 peccati
3536 5292 3642 5330 nun

2053 5370 2122 5425 sit
2160 5370 2262 5424 sibi
2301 5370 2568 5422 conscius.
2610 5368 2899 5436 Propterea
2949 5368 3098 5432 dicit,
3136 5367 3342 5428 Omnia.
3396 5384 3510 5438 qua:
3553 5385 3644 5421 ar-

2055 5471 2278 5533 guuntur
2328 5477 2360 5512 a
2411 5460 2639 5524 lumine,
2688 5459 3100 5528 manifestantur.
3154 5459 3291 5526 Quid
3336 5460 3501 5528 ergo?
3551 5475 3650 5512 ano

2059 5568 2164 5606 non
2205 5553 2325 5616 hic,
2370 5551 2615 5620 inquies,
2659 5549 2726 5603 de
2767 5550 3062 5604 idololatria
3117 5549 3392 5618 loquitur?
3440 5551 3650 5620 Nequa-

2060 5660 2242 5713 quam.
2286 5643 2390 5698 Sed
2441 5642 2509 5697 de
2563 5643 2666 5694 vita
2718 5649 2774 5694 et
2822 5645 3053 5709 peccatis
3109 5642 3270 5694 verba
3327 5641 3468 5695 facit.
3527 5642 3652 5694 0m-

2064 5752 2125 5788 ne
2154 5735 2284 5787 enim
2310 5733 2447 5802 quod
2479 5733 2834 5800 manifestatur
2857 5774 2870 5798 ,
2899 5732 3102 5801 inquit,
3136 5733 3305 5786 lumen
3336 5745 3428 5788 est.
3457 5735 3656 5800 Quam-

2063 5826 2246 5880 obrem
2272 5867 2285 5890 ,
2320 5842 2448 5894 rogo
2475 5868 2487 5889 ,
2525 5841 2694 5895 ncquc
2745 5840 2838 5879 vos
2887 5823 3142 5879 dubitetis
3190 5840 3450 5893 arguere,
3485 5842 3656 5893 neque
