  <div class='ocr_page' id='page_1' title='image "/cluster/home/n/w/nwhite01/storage/ocr_20150623/62:no.11/coo.31924054869627/133.png"; bbox 0 0 4092 6528; ppageno 0'>
   <div class='ocr_carea' id='block_1_1' title="bbox 440 406 541 462">
    <p class='ocr_par' dir='ltr' id='par_1_1' title="bbox 440 406 541 462">
     <span class='ocr_line' id='line_1_1' title="bbox 440 406 541 462; baseline 0 -1"><span class='ocrx_word' id='word_1_1' title='bbox 440 406 541 462; x_wconf 71' lang='grc'><strong>127</strong></span> 
     </span>
    </p>
   </div>
   <div class='ocr_carea' id='block_1_2' title="bbox 439 506 2030 586">
    <p class='ocr_par' dir='ltr' id='par_1_2' title="bbox 439 506 2030 586">
     <span class='ocr_line' id='line_1_2' title="bbox 439 506 2030 586; baseline -0.008 -14"><span class='ocrx_word' id='word_1_2' title='bbox 439 532 582 586; x_wconf 75' lang='lat' dir='ltr'><strong>aegre</strong></span> <span class='ocrx_word' id='word_1_3' title='bbox 612 512 795 569; x_wconf 88' lang='lat' dir='ltr'><strong>I&#39;cratis</strong></span> <span class='ocrx_word' id='word_1_4' title='bbox 837 511 882 568; x_wconf 89' lang='lat' dir='ltr'><strong>si</strong></span> <span class='ocrx_word' id='word_1_5' title='bbox 926 509 1244 581; x_wconf 85' lang='lat' dir='ltr'><strong>arguamiui.</strong></span> <span class='ocrx_word' id='word_1_6' title='bbox 1287 508 1420 563; x_wconf 87' lang='lat' dir='ltr'><strong>Nam</strong></span> <span class='ocrx_word' id='word_1_7' title='bbox 1449 506 1708 578; x_wconf 82' lang='lat' dir='ltr'><strong>quamdiu</strong></span> <span class='ocrx_word' id='word_1_8' title='bbox 1737 506 1937 576; x_wconf 86' lang='lat' dir='ltr'><strong>aliquid</strong></span> <span class='ocrx_word' id='word_1_9' title='bbox 1972 506 2030 565; x_wconf 88' lang='lat' dir='ltr'><strong>fit</strong></span> 
     </span>
    </p>
   </div>
   <div class='ocr_carea' id='block_1_3' title="bbox 448 597 2028 670">
    <p class='ocr_par' dir='ltr' id='par_1_3' title="bbox 448 597 2028 670">
     <span class='ocr_line' id='line_1_3' title="bbox 448 597 2028 670; baseline -0.007 -9"><span class='ocrx_word' id='word_1_10' title='bbox 448 610 501 661; x_wconf 88' lang='lat' dir='ltr'><strong>in</strong></span> <span class='ocrx_word' id='word_1_11' title='bbox 534 604 804 669; x_wconf 72' lang='lat' dir='ltr'><strong>tenebris,</strong></span> <span class='ocrx_word' id='word_1_12' title='bbox 841 604 900 658; x_wconf 86' lang='lat' dir='ltr'><strong>lit</strong></span> <span class='ocrx_word' id='word_1_13' title='bbox 927 602 1202 664; x_wconf 82' lang='lat' dir='ltr'><strong>securius;</strong></span> <span class='ocrx_word' id='word_1_14' title='bbox 1232 598 1448 670; x_wconf 79' lang='lat' dir='ltr'><strong>quando</strong></span> <span class='ocrx_word' id='word_1_15' title='bbox 1477 608 1656 654; x_wconf 88' lang='lat' dir='ltr'><strong>autem</strong></span> <span class='ocrx_word' id='word_1_16' title='bbox 1700 597 1865 654; x_wconf 90' lang='lat' dir='ltr'><strong>habet</strong></span> <span class='ocrx_word' id='word_1_17' title='bbox 1890 599 2028 653; x_wconf 82' lang='lat' dir='ltr'><strong>mul-</strong></span> 
     </span>
    </p>
   </div>
   <div class='ocr_carea' id='block_1_4' title="bbox 445 690 2030 765">
    <p class='ocr_par' dir='ltr' id='par_1_4' title="bbox 445 690 2030 765">
     <span class='ocr_line' id='line_1_4' title="bbox 445 690 2030 765; baseline -0.007 -11"><span class='ocrx_word' id='word_1_18' title='bbox 445 710 529 754; x_wconf 63' lang='lat' dir='ltr'><strong>tv-s</strong></span> <span class='ocrx_word' id='word_1_19' title='bbox 557 708 720 753; x_wconf 88' lang='lat' dir='ltr'><strong>testes</strong></span> <span class='ocrx_word' id='word_1_20' title='bbox 742 710 928 750; x_wconf 89' lang='lat' dir='ltr'><strong>eorum</strong></span> <span class='ocrx_word' id='word_1_21' title='bbox 956 708 1075 765; x_wconf 73' lang='lat' dir='ltr'><strong>qua:</strong></span> <span class='ocrx_word' id='word_1_22' title='bbox 1100 692 1256 757; x_wconf 85' lang='lat' dir='ltr'><strong>tiuut,</strong></span> <span class='ocrx_word' id='word_1_23' title='bbox 1286 690 1640 745; x_wconf 84' lang='lat' dir='ltr'><strong>illuminatur.</strong></span> <span class='ocrx_word' id='word_1_24' title='bbox 1671 690 2030 757; x_wconf 82' lang='lat' dir='ltr'><strong>Quamobrem</strong></span> 
     </span>
    </p>
   </div>
   <div class='ocr_carea' id='block_1_5' title="bbox 448 781 2030 854">
    <p class='ocr_par' dir='ltr' id='par_1_5' title="bbox 448 781 2030 854">
     <span class='ocr_line' id='line_1_5' title="bbox 448 781 2030 854; baseline -0.006 -10"><span class='ocrx_word' id='word_1_25' title='bbox 448 789 626 845; x_wconf 84' lang='lat' dir='ltr'><strong>omnia</strong></span> <span class='ocrx_word' id='word_1_26' title='bbox 660 785 890 841; x_wconf 78' lang='lat' dir='ltr'><strong>maxime</strong></span> <span class='ocrx_word' id='word_1_27' title='bbox 924 795 1145 854; x_wconf 84' lang='lat' dir='ltr'><strong>agamus</strong></span> <span class='ocrx_word' id='word_1_28' title='bbox 1170 791 1228 837; x_wconf 91' lang='lat' dir='ltr'><strong>ut</strong></span> <span class='ocrx_word' id='word_1_29' title='bbox 1252 781 1475 837; x_wconf 78' lang='lat' dir='ltr'><strong>fratrum</strong></span> <span class='ocrx_word' id='word_1_30' title='bbox 1509 788 1817 834; x_wconf 88' lang='lat' dir='ltr'><strong>nostrorum</strong></span> <span class='ocrx_word' id='word_1_31' title='bbox 1843 781 2030 849; x_wconf 84' lang='lat' dir='ltr'><strong>abiga—</strong></span> 
     </span>
    </p>
   </div>
   <div class='ocr_carea' id='block_1_6' title="bbox 445 870 2036 947">
    <p class='ocr_par' dir='ltr' id='par_1_6' title="bbox 445 870 2036 947">
     <span class='ocr_line' id='line_1_6' title="bbox 445 870 2036 947; baseline -0.003 -15"><span class='ocrx_word' id='word_1_32' title='bbox 445 892 567 933; x_wconf 79' lang='lat' dir='ltr'><strong>nius</strong></span> <span class='ocrx_word' id='word_1_33' title='bbox 611 875 789 930; x_wconf 87' lang='lat' dir='ltr'><strong>omnia</strong></span> <span class='ocrx_word' id='word_1_34' title='bbox 839 889 958 947; x_wconf 69' lang='lat' dir='ltr'><strong>quae</strong></span> <span class='ocrx_word' id='word_1_35' title='bbox 1008 873 1077 928; x_wconf 84' lang='lat' dir='ltr'><strong>ad</strong></span> <span class='ocrx_word' id='word_1_36' title='bbox 1118 880 1346 929; x_wconf 86' lang='lat' dir='ltr'><strong>mortem</strong></span> <span class='ocrx_word' id='word_1_37' title='bbox 1395 870 1633 939; x_wconf 87' lang='lat' dir='ltr'><strong>ducunt,</strong></span> <span class='ocrx_word' id='word_1_38' title='bbox 1664 880 1722 928; x_wconf 88' lang='lat' dir='ltr'><strong>ut</strong></span> <span class='ocrx_word' id='word_1_39' title='bbox 1761 870 2036 940; x_wconf 75' lang='lat' dir='ltr'><strong>disperga-</strong></span> 
     </span>
    </p>
   </div>
   <div class='ocr_carea' id='block_1_7' title="bbox 443 961 2034 1033">
    <p class='ocr_par' dir='ltr' id='par_1_7' title="bbox 443 961 2034 1033">
     <span class='ocr_line' id='line_1_7' title="bbox 443 961 2034 1033; baseline -0.001 -13"><span class='ocrx_word' id='word_1_40' title='bbox 443 984 568 1023; x_wconf 89' lang='lat' dir='ltr'><strong>mus</strong></span> <span class='ocrx_word' id='word_1_41' title='bbox 596 967 865 1032; x_wconf 80' lang='lat' dir='ltr'><strong>tenebras,</strong></span> <span class='ocrx_word' id='word_1_42' title='bbox 891 973 951 1020; x_wconf 93' lang='lat' dir='ltr'><strong>ut</strong></span> <span class='ocrx_word' id='word_1_43' title='bbox 979 963 1315 1019; x_wconf 88' lang='lat' dir='ltr'><strong>attrahamus</strong></span> <span class='ocrx_word' id='word_1_44' title='bbox 1339 962 1518 1017; x_wconf 88' lang='lat' dir='ltr'><strong>Solem</strong></span> <span class='ocrx_word' id='word_1_45' title='bbox 1557 961 1798 1033; x_wconf 84' lang='lat' dir='ltr'><strong>justitiae.</strong></span> <span class='ocrx_word' id='word_1_46' title='bbox 1826 962 1961 1019; x_wconf 79' lang='lat' dir='ltr'><strong>Nam</strong></span> <span class='ocrx_word' id='word_1_47' title='bbox 1988 963 2034 1018; x_wconf 93' lang='lat' dir='ltr'><strong>si</strong></span> 
     </span>
    </p>
   </div>
   <div class='ocr_carea' id='block_1_8' title="bbox 451 1053 2027 1122">
    <p class='ocr_par' dir='ltr' id='par_1_8' title="bbox 451 1053 2027 1122">
     <span class='ocr_line' id='line_1_8' title="bbox 451 1053 2027 1122; baseline -0.003 -10"><span class='ocrx_word' id='word_1_48' title='bbox 451 1060 617 1113; x_wconf 89' lang='lat' dir='ltr'><strong>multa</strong></span> <span class='ocrx_word' id='word_1_49' title='bbox 640 1059 741 1111; x_wconf 89' lang='lat' dir='ltr'><strong>sint</strong></span> <span class='ocrx_word' id='word_1_50' title='bbox 777 1055 1082 1121; x_wconf 78' lang='lat' dir='ltr'><strong>luminaria,</strong></span> <span class='ocrx_word' id='word_1_51' title='bbox 1111 1063 1168 1111; x_wconf 87' lang='lat' dir='ltr'><strong>et</strong></span> <span class='ocrx_word' id='word_1_52' title='bbox 1195 1054 1407 1109; x_wconf 84' lang='lat' dir='ltr'><strong>virtutis</strong></span> <span class='ocrx_word' id='word_1_53' title='bbox 1437 1054 1519 1107; x_wconf 97' lang='lat' dir='ltr'><strong>via</strong></span> <span class='ocrx_word' id='word_1_54' title='bbox 1550 1054 1681 1122; x_wconf 76' lang='lat' dir='ltr'><strong>ipsis</strong></span> <span class='ocrx_word' id='word_1_55' title='bbox 1707 1053 1811 1107; x_wconf 89' lang='lat' dir='ltr'><strong>erit</strong></span> <span class='ocrx_word' id='word_1_56' title='bbox 1837 1054 2027 1119; x_wconf 85' lang='lat' dir='ltr'><strong>facilis,</strong></span> 
     </span>
    </p>
   </div>
   <div class='ocr_carea' id='block_1_9' title="bbox 1948 1167 2271 1181">
    <p class='ocr_par' dir='ltr' id='par_1_9' title="bbox 1948 1167 2271 1181">
     <span class='ocr_line' id='line_1_9' title="bbox 1948 1167 2271 1181; baseline 0.006 -4"><span class='ocrx_word' id='word_1_57' title='bbox 1948 1167 2271 1181; x_wconf 73' lang='lat'><strong>————</strong></span> 
     </span>
    </p>
   </div>
   <div class='ocr_carea' id='block_1_10' title="bbox 1879 1171 2455 1285">
    <p class='ocr_par' dir='ltr' id='par_1_10' title="bbox 1879 1171 2455 1285">
     <span class='ocr_line' id='line_1_10' title="bbox 1879 1171 2455 1285; baseline 0.003 -2"><span class='ocrx_word' id='word_1_58' title='bbox 1879 1171 2455 1285; x_wconf 56' lang='lat' dir='ltr'><strong>3mm:</strong></span> 
     </span>
    </p>
   </div>
   <div class='ocr_carea' id='block_1_11' title="bbox 445 1345 2040 1416">
    <p class='ocr_par' dir='ltr' id='par_1_11' title="bbox 445 1345 2040 1416">
     <span class='ocr_line' id='line_1_11' title="bbox 445 1345 2040 1416; baseline -0.006 -10"><span class='ocrx_word' id='word_1_59' title='bbox 445 1352 577 1407; x_wconf 70' lang='lat' dir='ltr'><strong>CAP.</strong></span> <span class='ocrx_word' id='word_1_60' title='bbox 604 1350 658 1408; x_wconf 69' lang='grc' dir='ltr'><strong>Β.</strong></span> <span class='ocrx_word' id='word_1_61' title='bbox 701 1365 758 1405; x_wconf 86' lang='lat' dir='ltr'><strong>v.</strong></span> <span class='ocrx_word' id='word_1_62' title='bbox 784 1348 876 1405; x_wconf 80' lang='grc'><strong>15.</strong></span> <span class='ocrx_word' id='word_1_63' title='bbox 915 1345 1091 1403; x_wconf 80' lang='lat' dir='ltr'><strong>Videte</strong></span> <span class='ocrx_word' id='word_1_64' title='bbox 1127 1346 1318 1414; x_wconf 88' lang='lat' dir='ltr'><strong>itaque,</strong></span> <span class='ocrx_word' id='word_1_65' title='bbox 1356 1347 1560 1416; x_wconf 75' lang='lat' dir='ltr'><strong>fratres,</strong></span> <span class='ocrx_word' id='word_1_66' title='bbox 1591 1345 1842 1414; x_wconf 84' lang='lat' dir='ltr'><strong>quomodo</strong></span> <span class='ocrx_word' id='word_1_67' title='bbox 1887 1353 2040 1397; x_wconf 78' lang='lat' dir='ltr'><strong>caute</strong></span> 
     </span>
    </p>
   </div>
   <div class='ocr_carea' id='block_1_12' title="bbox 522 1434 2034 1509">
    <p class='ocr_par' dir='ltr' id='par_1_12' title="bbox 522 1434 2034 1509">
     <span class='ocr_line' id='line_1_12' title="bbox 522 1434 2034 1509; baseline -0.007 -12"><span class='ocrx_word' id='word_1_68' title='bbox 522 1441 785 1497; x_wconf 82' lang='lat' dir='ltr'><strong>ambuletis</strong></span> <span class='ocrx_word' id='word_1_69' title='bbox 808 1455 829 1496; x_wconf 91' lang='lat'><strong><em>:</em></strong></span> <span class='ocrx_word' id='word_1_70' title='bbox 858 1454 960 1494; x_wconf 84' lang='lat' dir='ltr'><strong>non</strong></span> <span class='ocrx_word' id='word_1_71' title='bbox 979 1438 1125 1509; x_wconf 78' lang='lat' dir='ltr'><strong>quasi</strong></span> <span class='ocrx_word' id='word_1_72' title='bbox 1139 1437 1452 1506; x_wconf 79' lang='lat' dir='ltr'><strong>insipientes,</strong></span> <span class='ocrx_word' id='word_1_73' title='bbox 1479 1434 1565 1488; x_wconf 82' lang='grc'><strong>16.</strong></span> <span class='ocrx_word' id='word_1_74' title='bbox 1583 1435 1672 1487; x_wconf 86' lang='lat' dir='ltr'><strong>sed</strong></span> <span class='ocrx_word' id='word_1_75' title='bbox 1694 1444 1746 1486; x_wconf 83' lang='lat' dir='ltr'><strong>nt</strong></span> <span class='ocrx_word' id='word_1_76' title='bbox 1763 1435 2034 1503; x_wconf 80' lang='lat' dir='ltr'><strong>sapientes,</strong></span> 
     </span>
    </p>
   </div>
   <div class='ocr_carea' id='block_1_13' title="bbox 522 1522 2037 1601">
    <p class='ocr_par' dir='ltr' id='par_1_13' title="bbox 522 1522 2037 1601">
     <span class='ocr_line' id='line_1_13' title="bbox 522 1522 2037 1601; baseline -0.009 -12"><span class='ocrx_word' id='word_1_77' title='bbox 522 1536 819 1589; x_wconf 82' lang='lat' dir='ltr'><strong>redimentes</strong></span> <span class='ocrx_word' id='word_1_78' title='bbox 841 1542 1039 1601; x_wconf 83' lang='lat' dir='ltr'><strong>tempus</strong></span> <span class='ocrx_word' id='word_1_79' title='bbox 1058 1570 1072 1593; x_wconf 94' lang='lat'><strong>,</strong></span> <span class='ocrx_word' id='word_1_80' title='bbox 1100 1528 1339 1599; x_wconf 81' lang='lat' dir='ltr'><strong>quoniam</strong></span> <span class='ocrx_word' id='word_1_81' title='bbox 1352 1526 1458 1580; x_wconf 82' lang='lat' dir='ltr'><strong>dies</strong></span> <span class='ocrx_word' id='word_1_82' title='bbox 1484 1525 1604 1577; x_wconf 87' lang='lat' dir='ltr'><strong>mali</strong></span> <span class='ocrx_word' id='word_1_83' title='bbox 1634 1532 1770 1578; x_wconf 80' lang='lat' dir='ltr'><strong>sunt.</strong></span> <span class='ocrx_word' id='word_1_84' title='bbox 1797 1525 1883 1577; x_wconf 84' lang='lat' dir='ltr'><strong>i7.</strong></span> <span class='ocrx_word' id='word_1_85' title='bbox 1903 1522 2037 1577; x_wconf 84' lang='lat' dir='ltr'><strong>Pro-</strong></span> 
     </span>
    </p>
   </div>
   <div class='ocr_carea' id='block_1_14' title="bbox 520 1616 2040 1695">
    <p class='ocr_par' dir='ltr' id='par_1_14' title="bbox 520 1616 2040 1695">
     <span class='ocr_line' id='line_1_14' title="bbox 520 1616 2040 1695; baseline -0.007 -16"><span class='ocrx_word' id='word_1_86' title='bbox 520 1636 692 1695; x_wconf 85' lang='lat' dir='ltr'><strong>pterea</strong></span> <span class='ocrx_word' id='word_1_87' title='bbox 717 1623 872 1678; x_wconf 85' lang='lat' dir='ltr'><strong>nolite</strong></span> <span class='ocrx_word' id='word_1_88' title='bbox 895 1621 1010 1691; x_wconf 78' lang='lat' dir='ltr'><strong>ﬁeri</strong></span> <span class='ocrx_word' id='word_1_89' title='bbox 1032 1619 1402 1689; x_wconf 83' lang='lat' dir='ltr'><strong>imprudentes,</strong></span> <span class='ocrx_word' id='word_1_90' title='bbox 1433 1616 1522 1670; x_wconf 83' lang='lat' dir='ltr'><strong>sed</strong></span> <span class='ocrx_word' id='word_1_91' title='bbox 1566 1616 1900 1685; x_wconf 80' lang='lat' dir='ltr'><strong>intelligentes</strong></span> <span class='ocrx_word' id='word_1_92' title='bbox 1926 1631 2040 1685; x_wconf 80' lang='lat' dir='ltr'><strong>qua:</strong></span> 
     </span>
    </p>
   </div>
   <div class='ocr_carea' id='block_1_15' title="bbox 518 1713 1100 1773">
    <p class='ocr_par' dir='ltr' id='par_1_15' title="bbox 518 1713 1100 1773">
     <span class='ocr_line' id='line_1_15' title="bbox 518 1713 1100 1773; baseline -0.01 0"><span class='ocrx_word' id='word_1_93' title='bbox 518 1721 581 1773; x_wconf 86' lang='lat' dir='ltr'><strong>sit</strong></span> <span class='ocrx_word' id='word_1_94' title='bbox 612 1716 842 1773; x_wconf 80' lang='lat' dir='ltr'><strong>voluntas</strong></span> <span class='ocrx_word' id='word_1_95' title='bbox 870 1713 1100 1769; x_wconf 82' lang='lat' dir='ltr'><strong>Domini.</strong></span> 
     </span>
    </p>
   </div>
   <div class='ocr_carea' id='block_1_16' title="bbox 526 1799 2035 1879">
    <p class='ocr_par' dir='ltr' id='par_1_16' title="bbox 526 1799 2035 1879">
     <span class='ocr_line' id='line_1_16' title="bbox 526 1799 2035 1879; baseline -0.01 -14"><span class='ocrx_word' id='word_1_96' title='bbox 526 1814 577 1865; x_wconf 86' lang='grc'><strong>1.</strong></span> <span class='ocrx_word' id='word_1_97' title='bbox 611 1810 881 1879; x_wconf 73' lang='lat' dir='ltr'><strong>Expurgat</strong></span> <span class='ocrx_word' id='word_1_98' title='bbox 908 1805 1087 1861; x_wconf 88' lang='lat' dir='ltr'><strong>adhuc</strong></span> <span class='ocrx_word' id='word_1_99' title='bbox 1128 1802 1364 1858; x_wconf 88' lang='lat' dir='ltr'><strong>radicem</strong></span> <span class='ocrx_word' id='word_1_100' title='bbox 1405 1799 1713 1854; x_wconf 78' lang='lat' dir='ltr'><strong>acerbitatis</strong></span> <span class='ocrx_word' id='word_1_101' title='bbox 1740 1809 1792 1853; x_wconf 91' lang='lat' dir='ltr'><strong>et</strong></span> <span class='ocrx_word' id='word_1_102' title='bbox 1820 1813 2035 1853; x_wconf 81' lang='lat' dir='ltr'><strong>amaru-</strong></span> 
     </span>
    </p>
   </div>
   <div class='ocr_carea' id='block_1_17' title="bbox 451 1888 2037 1964">
    <p class='ocr_par' dir='ltr' id='par_1_17' title="bbox 451 1888 2037 1964">
     <span class='ocr_line' id='line_1_17' title="bbox 451 1888 2037 1964; baseline -0.008 -10"><span class='ocrx_word' id='word_1_103' title='bbox 451 1903 631 1956; x_wconf 73' lang='lat' dir='ltr'><strong>leutize</strong></span> <span class='ocrx_word' id='word_1_104' title='bbox 656 1939 671 1964; x_wconf 92' lang='lat'><strong>,</strong></span> <span class='ocrx_word' id='word_1_105' title='bbox 695 1897 873 1953; x_wconf 88' lang='lat' dir='ltr'><strong>adhuc</strong></span> <span class='ocrx_word' id='word_1_106' title='bbox 901 1892 1166 1953; x_wconf 79' lang='lat' dir='ltr'><strong>exscindit</strong></span> <span class='ocrx_word' id='word_1_107' title='bbox 1193 1891 1530 1946; x_wconf 84' lang='lat' dir='ltr'><strong>occasionem</strong></span> <span class='ocrx_word' id='word_1_108' title='bbox 1574 1888 1688 1942; x_wconf 71' lang='lat' dir='ltr'><strong>ine.</strong></span> <span class='ocrx_word' id='word_1_109' title='bbox 1729 1888 1868 1956; x_wconf 83' lang='lat' dir='ltr'><strong>Quid</strong></span> <span class='ocrx_word' id='word_1_110' title='bbox 1893 1889 2037 1942; x_wconf 89' lang='lat' dir='ltr'><strong>enim</strong></span> 
     </span>
    </p>
   </div>
   <div class='ocr_carea' id='block_1_18' title="bbox 453 1978 2040 2057">
    <p class='ocr_par' dir='ltr' id='par_1_18' title="bbox 453 1978 2040 2057">
     <span class='ocr_line' id='line_1_18' title="bbox 453 1978 2040 2057; baseline -0.007 -13"><span class='ocrx_word' id='word_1_111' title='bbox 453 1989 625 2046; x_wconf 82' lang='lat' dir='ltr'><strong>dicit?</strong></span> <span class='ocrx_word' id='word_1_112' title='bbox 665 1986 839 2043; x_wconf 80' lang='lat' dir='ltr'><strong>Videte</strong></span> <span class='ocrx_word' id='word_1_113' title='bbox 860 1983 1115 2057; x_wconf 80' lang='lat' dir='ltr'><strong>quomodo</strong></span> <span class='ocrx_word' id='word_1_114' title='bbox 1146 1990 1292 2036; x_wconf 80' lang='lat' dir='ltr'><strong>caute</strong></span> <span class='ocrx_word' id='word_1_115' title='bbox 1315 1979 1605 2034; x_wconf 72' lang='lat' dir='ltr'><strong>ambuletis.</strong></span> <span class='ocrx_word' id='word_1_116' title='bbox 1632 1978 1851 2033; x_wconf 79' lang='lat' dir='ltr'><strong>Sciebat</strong></span> <span class='ocrx_word' id='word_1_117' title='bbox 1879 1978 2040 2049; x_wconf 81' lang='lat' dir='ltr'><strong>Magi-</strong></span> 
     </span>
    </p>
   </div>
   <div class='ocr_carea' id='block_1_19' title="bbox 448 2069 2040 2146">
    <p class='ocr_par' dir='ltr' id='par_1_19' title="bbox 448 2069 2040 2146">
     <span class='ocr_line' id='line_1_19' title="bbox 448 2069 2040 2146; baseline -0.007 -10"><span class='ocrx_word' id='word_1_118' title='bbox 448 2098 616 2137; x_wconf 85' lang='lat' dir='ltr'><strong>strum</strong></span> <span class='ocrx_word' id='word_1_119' title='bbox 648 2095 828 2143; x_wconf 87' lang='lat' dir='ltr'><strong>suum,</strong></span> <span class='ocrx_word' id='word_1_120' title='bbox 857 2076 1152 2146; x_wconf 81' lang='lat' dir='ltr'><strong>discipulos</strong></span> <span class='ocrx_word' id='word_1_121' title='bbox 1202 2072 1503 2126; x_wconf 83' lang='lat' dir='ltr'><strong>mittentem</strong></span> <span class='ocrx_word' id='word_1_122' title='bbox 1551 2070 1691 2124; x_wconf 83' lang='lat' dir='ltr'><strong>sicut</strong></span> <span class='ocrx_word' id='word_1_123' title='bbox 1719 2084 1848 2124; x_wconf 85' lang='lat' dir='ltr'><strong>oves</strong></span> <span class='ocrx_word' id='word_1_124' title='bbox 1902 2069 2040 2125; x_wconf 88' lang='lat' dir='ltr'><strong>inter</strong></span> 
     </span>
    </p>
   </div>
   <div class='ocr_carea' id='block_1_20' title="bbox 455 2158 2040 2244">
    <p class='ocr_par' dir='ltr' id='par_1_20' title="bbox 455 2158 2040 2244">
     <span class='ocr_line' id='line_1_20' title="bbox 455 2158 2040 2244; baseline -0.009 -16"><span class='ocrx_word' id='word_1_125' title='bbox 455 2179 606 2244; x_wconf 85' lang='lat' dir='ltr'><strong>lupos</strong></span> <span class='ocrx_word' id='word_1_126' title='bbox 632 2214 647 2239; x_wconf 93' lang='lat'><strong>,</strong></span> <span class='ocrx_word' id='word_1_127' title='bbox 675 2168 998 2242; x_wconf 71' lang='lat' dir='ltr'><strong>przecepisse</strong></span> <span class='ocrx_word' id='word_1_128' title='bbox 1025 2167 1131 2222; x_wconf 87' lang='lat' dir='ltr'><strong>illis</strong></span> <span class='ocrx_word' id='word_1_129' title='bbox 1159 2177 1215 2219; x_wconf 91' lang='lat' dir='ltr'><strong>ut</strong></span> <span class='ocrx_word' id='word_1_130' title='bbox 1238 2172 1426 2220; x_wconf 85' lang='lat' dir='ltr'><strong>essent</strong></span> <span class='ocrx_word' id='word_1_131' title='bbox 1450 2163 1592 2217; x_wconf 88' lang='lat' dir='ltr'><strong>sicut</strong></span> <span class='ocrx_word' id='word_1_132' title='bbox 1619 2162 1888 2217; x_wconf 73' lang='lat' dir='ltr'><strong>columbae</strong></span> <span class='ocrx_word' id='word_1_133' title='bbox 1921 2177 1935 2214; x_wconf 78' lang='grc' dir='ltr'><strong><em>τ</em></strong></span> <span class='ocrx_word' id='word_1_134' title='bbox 1971 2158 2040 2213; x_wconf 82' lang='lat' dir='ltr'><strong>Et</strong></span> 
     </span>
    </p>
   </div>
   <div class='ocr_carea' id='block_1_21' title="bbox 451 2250 2037 2333">
    <p class='ocr_par' dir='ltr' id='par_1_21' title="bbox 451 2250 2037 2333">
     <span class='ocr_line' id='line_1_21' title="bbox 451 2250 2037 2333; baseline -0.008 -14"><span class='ocrx_word' id='word_1_135' title='bbox 451 2266 611 2328; x_wconf 82' lang='lat' dir='ltr'><strong>eritis,</strong></span> <span class='ocrx_word' id='word_1_136' title='bbox 639 2263 832 2333; x_wconf 79' lang='lat' dir='ltr'><strong>inquit,</strong></span> <span class='ocrx_word' id='word_1_137' title='bbox 858 2259 1114 2327; x_wconf 81' lang='lat' dir='ltr'><strong>simplices</strong></span> <span class='ocrx_word' id='word_1_138' title='bbox 1140 2256 1270 2311; x_wconf 82' lang='lat' dir='ltr'><strong>sicut</strong></span> <span class='ocrx_word' id='word_1_139' title='bbox 1289 2254 1538 2309; x_wconf 76' lang='lat' dir='ltr'><strong>columine</strong></span> <span class='ocrx_word' id='word_1_140' title='bbox 1566 2251 1780 2323; x_wconf 78' lang='lat' dir='ltr'><strong>(Matth.</strong></span> <span class='ocrx_word' id='word_1_141' title='bbox 1800 2250 1889 2307; x_wconf 77' lang='lat' dir='ltr'><strong>i0.</strong></span> <span class='ocrx_word' id='word_1_142' title='bbox 1922 2251 2037 2322; x_wconf 83' lang='grc'><strong>16).</strong></span> 
     </span>
    </p>
   </div>
   <div class='ocr_carea' id='block_1_22' title="bbox 450 2342 2039 2421">
    <p class='ocr_par' dir='ltr' id='par_1_22' title="bbox 450 2342 2039 2421">
     <span class='ocr_line' id='line_1_22' title="bbox 450 2342 2039 2421; baseline -0.009 -12"><span class='ocrx_word' id='word_1_143' title='bbox 450 2357 587 2409; x_wconf 68' lang='lat' dir='ltr'><strong>tium</strong></span> <span class='ocrx_word' id='word_1_144' title='bbox 634 2367 761 2421; x_wconf 83' lang='lat' dir='ltr'><strong>ergo</strong></span> <span class='ocrx_word' id='word_1_145' title='bbox 781 2358 838 2407; x_wconf 90' lang='lat' dir='ltr'><strong>et</strong></span> <span class='ocrx_word' id='word_1_146' title='bbox 877 2349 1017 2404; x_wconf 90' lang='lat' dir='ltr'><strong>inter</strong></span> <span class='ocrx_word' id='word_1_147' title='bbox 1049 2347 1204 2416; x_wconf 89' lang='lat' dir='ltr'><strong>lupos</strong></span> <span class='ocrx_word' id='word_1_148' title='bbox 1231 2352 1445 2410; x_wconf 84' lang='lat' dir='ltr'><strong>essent,</strong></span> <span class='ocrx_word' id='word_1_149' title='bbox 1492 2355 1547 2399; x_wconf 90' lang='lat' dir='ltr'><strong>et</strong></span> <span class='ocrx_word' id='word_1_150' title='bbox 1577 2342 1681 2397; x_wconf 83' lang='lat' dir='ltr'><strong>illis</strong></span> <span class='ocrx_word' id='word_1_151' title='bbox 1714 2351 2039 2411; x_wconf 66' lang='lat' dir='ltr'><strong>praeceptum</strong></span> 
     </span>
    </p>
   </div>
   <div class='ocr_carea' id='block_1_23' title="bbox 454 2431 2041 2504">
    <p class='ocr_par' dir='ltr' id='par_1_23' title="bbox 454 2431 2041 2504">
     <span class='ocr_line' id='line_1_23' title="bbox 454 2431 2041 2504; baseline -0.011 -1"><span class='ocrx_word' id='word_1_152' title='bbox 454 2455 603 2503; x_wconf 85' lang='lat' dir='ltr'><strong>esset</strong></span> <span class='ocrx_word' id='word_1_153' title='bbox 654 2458 722 2499; x_wconf 88' lang='lat' dir='ltr'><strong>ne</strong></span> <span class='ocrx_word' id='word_1_154' title='bbox 772 2440 1184 2504; x_wconf 80' lang='lat' dir='ltr'><strong>ulciscerentur,</strong></span> <span class='ocrx_word' id='word_1_155' title='bbox 1234 2435 1330 2490; x_wconf 90' lang='lat' dir='ltr'><strong>sed</strong></span> <span class='ocrx_word' id='word_1_156' title='bbox 1361 2434 1500 2489; x_wconf 89' lang='lat' dir='ltr'><strong>male</strong></span> <span class='ocrx_word' id='word_1_157' title='bbox 1544 2442 1877 2503; x_wconf 85' lang='lat' dir='ltr'><strong>paterentur,</strong></span> <span class='ocrx_word' id='word_1_158' title='bbox 1919 2431 2041 2485; x_wconf 87' lang='lat' dir='ltr'><strong>ideo</strong></span> 
     </span>
    </p>
   </div>
   <div class='ocr_carea' id='block_1_24' title="bbox 457 2525 2045 2601">
    <p class='ocr_par' dir='ltr' id='par_1_24' title="bbox 457 2525 2045 2601">
     <span class='ocr_line' id='line_1_24' title="bbox 457 2525 2045 2601; baseline -0.008 -9"><span class='ocrx_word' id='word_1_159' title='bbox 457 2538 545 2593; x_wconf 83' lang='lat' dir='ltr'><strong>tali</strong></span> <span class='ocrx_word' id='word_1_160' title='bbox 579 2534 951 2592; x_wconf 82' lang='lat' dir='ltr'><strong>admonitione</strong></span> <span class='ocrx_word' id='word_1_161' title='bbox 994 2545 1131 2601; x_wconf 89' lang='lat' dir='ltr'><strong>opus</strong></span> <span class='ocrx_word' id='word_1_162' title='bbox 1160 2529 1447 2584; x_wconf 78' lang='lat' dir='ltr'><strong>habebant.</strong></span> <span class='ocrx_word' id='word_1_163' title='bbox 1482 2526 1642 2596; x_wconf 80' lang='lat' dir='ltr'><strong>Atqui</strong></span> <span class='ocrx_word' id='word_1_164' title='bbox 1675 2526 1806 2580; x_wconf 89' lang='lat' dir='ltr'><strong>satis</strong></span> <span class='ocrx_word' id='word_1_165' title='bbox 1834 2534 1953 2580; x_wconf 91' lang='lat' dir='ltr'><strong>erat</strong></span> <span class='ocrx_word' id='word_1_166' title='bbox 1981 2525 2045 2579; x_wconf 87' lang='lat' dir='ltr'><strong>il-</strong></span> 
     </span>
    </p>
   </div>
   <div class='ocr_carea' id='block_1_25' title="bbox 455 2616 2041 2699">
    <p class='ocr_par' dir='ltr' id='par_1_25' title="bbox 455 2616 2041 2699">
     <span class='ocr_line' id='line_1_25' title="bbox 455 2616 2041 2699; baseline -0.01 -15"><span class='ocrx_word' id='word_1_167' title='bbox 455 2629 544 2685; x_wconf 89' lang='lat' dir='ltr'><strong>lud</strong></span> <span class='ocrx_word' id='word_1_168' title='bbox 569 2627 715 2699; x_wconf 89' lang='lat' dir='ltr'><strong>prius</strong></span> <span class='ocrx_word' id='word_1_169' title='bbox 734 2623 801 2680; x_wconf 84' lang='lat' dir='ltr'><strong>ad</strong></span> <span class='ocrx_word' id='word_1_170' title='bbox 827 2639 923 2679; x_wconf 83' lang='lat' dir='ltr'><strong>eos</strong></span> <span class='ocrx_word' id='word_1_171' title='bbox 949 2620 1250 2678; x_wconf 90' lang='lat' dir='ltr'><strong>reddendos</strong></span> <span class='ocrx_word' id='word_1_172' title='bbox 1273 2616 1649 2673; x_wconf 86' lang='lat' dir='ltr'><strong>imbecilliores</strong></span> <span class='ocrx_word' id='word_1_173' title='bbox 1672 2630 1688 2669; x_wconf 83' lang='lat'><strong>:</strong></span> <span class='ocrx_word' id='word_1_174' title='bbox 1710 2630 1832 2671; x_wconf 90' lang='lat' dir='ltr'><strong>cum</strong></span> <span class='ocrx_word' id='word_1_175' title='bbox 1862 2624 2041 2669; x_wconf 79' lang='lat' dir='ltr'><strong>autem</strong></span> 
     </span>
    </p>
   </div>
   <div class='ocr_carea' id='block_1_26' title="bbox 455 2706 2042 2782">
    <p class='ocr_par' dir='ltr' id='par_1_26' title="bbox 455 2706 2042 2782">
     <span class='ocr_line' id='line_1_26' title="bbox 455 2706 2042 2782; baseline -0.012 -9"><span class='ocrx_word' id='word_1_176' title='bbox 455 2722 682 2775; x_wconf 82' lang='lat' dir='ltr'><strong>deorum</strong></span> <span class='ocrx_word' id='word_1_177' title='bbox 701 2717 770 2772; x_wconf 86' lang='lat' dir='ltr'><strong>sit</strong></span> <span class='ocrx_word' id='word_1_178' title='bbox 785 2716 1047 2779; x_wconf 83' lang='lat' dir='ltr'><strong>accessio,</strong></span> <span class='ocrx_word' id='word_1_179' title='bbox 1071 2712 1243 2782; x_wconf 91' lang='lat' dir='ltr'><strong>cogita</strong></span> <span class='ocrx_word' id='word_1_180' title='bbox 1265 2706 1755 2782; x_wconf 62' lang='lat' dir='ltr'><strong>hyperbolenNide</strong></span> <span class='ocrx_word' id='word_1_181' title='bbox 1774 2721 2042 2775; x_wconf 79' lang='lat' dir='ltr'><strong>ergoquu—</strong></span> 
     </span>
    </p>
   </div>
   <div class='ocr_carea' id='block_1_27' title="bbox 448 2795 2043 2868">
    <p class='ocr_par' dir='ltr' id='par_1_27' title="bbox 448 2795 2043 2868">
     <span class='ocr_line' id='line_1_27' title="bbox 448 2795 2043 2868; baseline -0.009 -5"><span class='ocrx_word' id='word_1_182' title='bbox 448 2808 615 2866; x_wconf 84' lang='lat' dir='ltr'><strong>modo</strong></span> <span class='ocrx_word' id='word_1_183' title='bbox 631 2807 826 2865; x_wconf 83' lang='lat' dir='ltr'><strong>Paulus</strong></span> <span class='ocrx_word' id='word_1_184' title='bbox 841 2820 934 2861; x_wconf 80' lang='lat' dir='ltr'><strong>eos</strong></span> <span class='ocrx_word' id='word_1_185' title='bbox 952 2804 1125 2859; x_wconf 89' lang='lat' dir='ltr'><strong>munit</strong></span> <span class='ocrx_word' id='word_1_186' title='bbox 1143 2813 1199 2858; x_wconf 89' lang='lat' dir='ltr'><strong>et</strong></span> <span class='ocrx_word' id='word_1_187' title='bbox 1217 2811 1357 2856; x_wconf 80' lang='lat' dir='ltr'><strong>tutos</strong></span> <span class='ocrx_word' id='word_1_188' title='bbox 1374 2801 1546 2856; x_wconf 84' lang='lat' dir='ltr'><strong>redst</strong></span> <span class='ocrx_word' id='word_1_189' title='bbox 1568 2817 1582 2856; x_wconf 90' lang='lat'>:</span> <span class='ocrx_word' id='word_1_190' title='bbox 1606 2799 1779 2853; x_wconf 81' lang='lat' dir='ltr'><strong>Videte</strong></span> <span class='ocrx_word' id='word_1_191' title='bbox 1792 2795 2043 2868; x_wconf 78' lang='lat' dir='ltr'><strong>quomodo</strong></span> 
     </span>
    </p>
   </div>
   <div class='ocr_carea' id='block_1_28' title="bbox 448 2890 2044 2968">
    <p class='ocr_par' dir='ltr' id='par_1_28' title="bbox 448 2890 2044 2968">
     <span class='ocr_line' id='line_1_28' title="bbox 448 2890 2044 2968; baseline -0.008 -12"><span class='ocrx_word' id='word_1_192' title='bbox 448 2901 739 2958; x_wconf 80' lang='lat' dir='ltr'><strong>mnbuletis.</strong></span> <span class='ocrx_word' id='word_1_193' title='bbox 764 2898 990 2968; x_wconf 74' lang='lat' dir='ltr'><strong>Integra:</strong></span> <span class='ocrx_word' id='word_1_194' title='bbox 1005 2895 1253 2952; x_wconf 82' lang='lat' dir='ltr'><strong>civitates</strong></span> <span class='ocrx_word' id='word_1_195' title='bbox 1273 2894 1533 2949; x_wconf 88' lang='lat' dir='ltr'><strong>adversus</strong></span> <span class='ocrx_word' id='word_1_196' title='bbox 1559 2906 1656 2946; x_wconf 91' lang='lat' dir='ltr'><strong>eos</strong></span> <span class='ocrx_word' id='word_1_197' title='bbox 1679 2890 1874 2945; x_wconf 89' lang='lat' dir='ltr'><strong>bellum</strong></span> <span class='ocrx_word' id='word_1_198' title='bbox 1898 2902 2044 2959; x_wconf 86' lang='lat' dir='ltr'><strong>gere-</strong></span> 
     </span>
    </p>
   </div>
   <div class='ocr_carea' id='block_1_29' title="bbox 462 2983 2044 3059">
    <p class='ocr_par' dir='ltr' id='par_1_29' title="bbox 462 2983 2044 3059">
     <span class='ocr_line' id='line_1_29' title="bbox 462 2983 2044 3059; baseline -0.008 -10"><span class='ocrx_word' id='word_1_199' title='bbox 462 2996 609 3059; x_wconf 86' lang='lat' dir='ltr'><strong>bant,</strong></span> <span class='ocrx_word' id='word_1_200' title='bbox 634 2993 825 3047; x_wconf 85' lang='lat' dir='ltr'><strong>dontos</strong></span> <span class='ocrx_word' id='word_1_201' title='bbox 855 2990 1018 3044; x_wconf 91' lang='lat' dir='ltr'><strong>etiam</strong></span> <span class='ocrx_word' id='word_1_202' title='bbox 1050 2988 1346 3058; x_wconf 85' lang='lat' dir='ltr'><strong>ingressum</strong></span> <span class='ocrx_word' id='word_1_203' title='bbox 1373 2994 1458 3040; x_wconf 87' lang='lat' dir='ltr'><strong>est</strong></span> <span class='ocrx_word' id='word_1_204' title='bbox 1493 2985 1594 3039; x_wconf 90' lang='lat' dir='ltr'><strong>hoc</strong></span> <span class='ocrx_word' id='word_1_205' title='bbox 1625 2983 1862 3039; x_wconf 84' lang='lat' dir='ltr'><strong>bellum:</strong></span> <span class='ocrx_word' id='word_1_206' title='bbox 1895 2990 2044 3050; x_wconf 84' lang='lat' dir='ltr'><strong>pater</strong></span> 
     </span>
    </p>
   </div>
   <div class='ocr_carea' id='block_1_30' title="bbox 457 3072 2045 3146">
    <p class='ocr_par' dir='ltr' id='par_1_30' title="bbox 457 3072 2045 3146">
     <span class='ocr_line' id='line_1_30' title="bbox 457 3072 2045 3146; baseline -0.007 -8"><span class='ocrx_word' id='word_1_207' title='bbox 457 3084 716 3138; x_wconf 77' lang='lat' dir='ltr'><strong>adversus</strong></span> <span class='ocrx_word' id='word_1_208' title='bbox 740 3081 927 3146; x_wconf 91' lang='lat' dir='ltr'><strong>lilium,</strong></span> <span class='ocrx_word' id='word_1_209' title='bbox 957 3078 1100 3132; x_wconf 81' lang='lat' dir='ltr'><strong>illius</strong></span> <span class='ocrx_word' id='word_1_210' title='bbox 1121 3077 1382 3133; x_wconf 82' lang='lat' dir='ltr'><strong>adversus</strong></span> <span class='ocrx_word' id='word_1_211' title='bbox 1404 3085 1633 3146; x_wconf 83' lang='lat' dir='ltr'><strong>patrem,</strong></span> <span class='ocrx_word' id='word_1_212' title='bbox 1661 3082 1833 3128; x_wconf 80' lang='lat' dir='ltr'><strong>niater</strong></span> <span class='ocrx_word' id='word_1_213' title='bbox 1856 3072 2045 3127; x_wconf 83' lang='lat' dir='ltr'><strong>adver-</strong></span> 
     </span>
    </p>
   </div>
   <div class='ocr_carea' id='block_1_31' title="bbox 456 3162 2043 3235">
    <p class='ocr_par' dir='ltr' id='par_1_31' title="bbox 456 3162 2043 3235">
     <span class='ocr_line' id='line_1_31' title="bbox 456 3162 2043 3235; baseline -0.008 -6"><span class='ocrx_word' id='word_1_214' title='bbox 456 3190 548 3230; x_wconf 86' lang='lat' dir='ltr'><strong>sus</strong></span> <span class='ocrx_word' id='word_1_215' title='bbox 577 3174 736 3228; x_wconf 86' lang='lat' dir='ltr'><strong>filiam</strong></span> <span class='ocrx_word' id='word_1_216' title='bbox 758 3212 772 3235; x_wconf 96' lang='lat'><strong>,</strong></span> <span class='ocrx_word' id='word_1_217' title='bbox 808 3172 912 3225; x_wconf 90' lang='lat' dir='ltr'><strong>lilia</strong></span> <span class='ocrx_word' id='word_1_218' title='bbox 939 3170 1199 3224; x_wconf 83' lang='lat' dir='ltr'><strong>adversus</strong></span> <span class='ocrx_word' id='word_1_219' title='bbox 1236 3178 1462 3221; x_wconf 85' lang='lat' dir='ltr'><strong>matrem</strong></span> <span class='ocrx_word' id='word_1_220' title='bbox 1502 3165 1659 3219; x_wconf 80' lang='lat' dir='ltr'><strong>divisi</strong></span> <span class='ocrx_word' id='word_1_221' title='bbox 1705 3171 1877 3219; x_wconf 88' lang='lat' dir='ltr'><strong>erant.</strong></span> <span class='ocrx_word' id='word_1_222' title='bbox 1906 3162 2043 3229; x_wconf 83' lang='lat' dir='ltr'><strong>Quid</strong></span> 
     </span>
    </p>
   </div>
   <div class='ocr_carea' id='block_1_32' title="bbox 459 3254 2044 3320">
    <p class='ocr_par' dir='ltr' id='par_1_32' title="bbox 459 3254 2044 3320">
     <span class='ocr_line' id='line_1_32' title="bbox 459 3254 2044 3320; baseline -0.006 -2"><span class='ocrx_word' id='word_1_223' title='bbox 459 3264 622 3320; x_wconf 75' lang='lat' dir='ltr'><strong>vero?</strong></span> <span class='ocrx_word' id='word_1_224' title='bbox 690 3263 961 3317; x_wconf 84' lang='lat' dir='ltr'><strong>undenam</strong></span> <span class='ocrx_word' id='word_1_225' title='bbox 1009 3268 1168 3316; x_wconf 85' lang='lat' dir='ltr'><strong>erant</strong></span> <span class='ocrx_word' id='word_1_226' title='bbox 1217 3272 1297 3312; x_wconf 78' lang='lat' dir='ltr'><strong>ea:</strong></span> <span class='ocrx_word' id='word_1_227' title='bbox 1346 3255 1693 3311; x_wconf 79' lang='lat' dir='ltr'><strong>divisiones?</strong></span> <span class='ocrx_word' id='word_1_228' title='bbox 1744 3254 2044 3310; x_wconf 85' lang='lat' dir='ltr'><strong>Audierant</strong></span> 
     </span>
    </p>
   </div>
   <div class='ocr_carea' id='block_1_33' title="bbox 452 3346 2044 3418">
    <p class='ocr_par' dir='ltr' id='par_1_33' title="bbox 452 3346 2044 3418">
     <span class='ocr_line' id='line_1_33' title="bbox 452 3346 2044 3418; baseline -0.009 -4"><span class='ocrx_word' id='word_1_229' title='bbox 452 3360 726 3415; x_wconf 74' lang='lat' dir='ltr'><strong>Christum</strong></span> <span class='ocrx_word' id='word_1_230' title='bbox 750 3356 1023 3411; x_wconf 89' lang='lat' dir='ltr'><strong>dicentem</strong></span> <span class='ocrx_word' id='word_1_231' title='bbox 1051 3368 1065 3404; x_wconf 87' lang='lat'><strong>:</strong></span> <span class='ocrx_word' id='word_1_232' title='bbox 1095 3352 1196 3416; x_wconf 76' lang='lat' dir='ltr'><strong>Qui</strong></span> <span class='ocrx_word' id='word_1_233' title='bbox 1218 3361 1354 3403; x_wconf 84' lang='lat' dir='ltr'><strong>amat</strong></span> <span class='ocrx_word' id='word_1_234' title='bbox 1375 3358 1569 3418; x_wconf 83' lang='lat' dir='ltr'><strong>patrem</strong></span> <span class='ocrx_word' id='word_1_235' title='bbox 1589 3357 1677 3402; x_wconf 78' lang='lat' dir='ltr'><strong>aut</strong></span> <span class='ocrx_word' id='word_1_236' title='bbox 1696 3358 1906 3401; x_wconf 83' lang='lat' dir='ltr'><strong>matrem</strong></span> <span class='ocrx_word' id='word_1_237' title='bbox 1928 3346 2044 3416; x_wconf 83' lang='lat' dir='ltr'><strong>plus</strong></span> 
     </span>
    </p>
   </div>
   <div class='ocr_carea' id='block_1_34' title="bbox 451 3436 2045 3523">
    <p class='ocr_par' dir='ltr' id='par_1_34' title="bbox 451 3436 2045 3523">
     <span class='ocr_line' id='line_1_34' title="bbox 451 3436 2045 3523; baseline -0.008 -19"><span class='ocrx_word' id='word_1_238' title='bbox 451 3466 612 3523; x_wconf 65' lang='lat' dir='ltr'><strong>quam</strong></span> <span class='ocrx_word' id='word_1_239' title='bbox 640 3464 739 3513; x_wconf 83' lang='lat' dir='ltr'><strong>me,</strong></span> <span class='ocrx_word' id='word_1_240' title='bbox 772 3462 873 3503; x_wconf 82' lang='lat' dir='ltr'><strong>non</strong></span> <span class='ocrx_word' id='word_1_241' title='bbox 917 3452 991 3498; x_wconf 83' lang='lat' dir='ltr'><strong>est</strong></span> <span class='ocrx_word' id='word_1_242' title='bbox 1048 3458 1128 3495; x_wconf 88' lang='lat' dir='ltr'><strong>me</strong></span> <span class='ocrx_word' id='word_1_243' title='bbox 1176 3441 1360 3512; x_wconf 83' lang='lat' dir='ltr'><strong>dignus</strong></span> <span class='ocrx_word' id='word_1_244' title='bbox 1406 3438 1570 3508; x_wconf 84' lang='lat' dir='ltr'><strong>(Ibid.</strong></span> <span class='ocrx_word' id='word_1_245' title='bbox 1597 3453 1646 3492; x_wconf 77' lang='lat' dir='ltr'><strong>Il.</strong></span> <span class='ocrx_word' id='word_1_246' title='bbox 1671 3437 1784 3508; x_wconf 80' lang='lat'><strong>57).</strong></span> <span class='ocrx_word' id='word_1_247' title='bbox 1816 3436 1895 3492; x_wconf 88' lang='lat' dir='ltr'><strong>Ne</strong></span> <span class='ocrx_word' id='word_1_248' title='bbox 1914 3450 2045 3507; x_wconf 85' lang='lat' dir='ltr'><strong>ergo</strong></span> 
     </span>
    </p>
   </div>
   <div class='ocr_carea' id='block_1_35' title="bbox 461 3529 2042 3601">
    <p class='ocr_par' dir='ltr' id='par_1_35' title="bbox 461 3529 2042 3601">
     <span class='ocr_line' id='line_1_35' title="bbox 461 3529 2042 3601; baseline -0.01 -3"><span class='ocrx_word' id='word_1_249' title='bbox 461 3543 831 3598; x_wconf 76' lang='lat' dir='ltr'><strong>existimarent</strong></span> <span class='ocrx_word' id='word_1_250' title='bbox 855 3551 979 3592; x_wconf 91' lang='lat' dir='ltr'><strong>eum</strong></span> <span class='ocrx_word' id='word_1_251' title='bbox 1007 3535 1141 3589; x_wconf 90' lang='lat' dir='ltr'><strong>bella</strong></span> <span class='ocrx_word' id='word_1_252' title='bbox 1173 3542 1223 3587; x_wconf 92' lang='lat' dir='ltr'><strong>et</strong></span> <span class='ocrx_word' id='word_1_253' title='bbox 1245 3548 1383 3601; x_wconf 89' lang='lat' dir='ltr'><strong>pugn</strong></span> <span class='ocrx_word' id='word_1_254' title='bbox 1419 3530 1655 3585; x_wconf 82' lang='lat' dir='ltr'><strong>sfiustra</strong></span> <span class='ocrx_word' id='word_1_255' title='bbox 1679 3529 2042 3596; x_wconf 84' lang='lat' dir='ltr'><strong>introducere,</strong></span> 
     </span>
    </p>
   </div>
   <div class='ocr_carea' id='block_1_36' title="bbox 450 3620 2047 3707">
    <p class='ocr_par' dir='ltr' id='par_1_36' title="bbox 450 3620 2047 3707">
     <span class='ocr_line' id='line_1_36' title="bbox 450 3620 2047 3707; baseline -0.009 -18"><span class='ocrx_word' id='word_1_256' title='bbox 450 3635 715 3707; x_wconf 61' lang='lat' dir='ltr'><strong>quoniam</strong></span> <span class='ocrx_word' id='word_1_257' title='bbox 739 3644 927 3700; x_wconf 86' lang='lat' dir='ltr'><strong>magna</strong></span> <span class='ocrx_word' id='word_1_258' title='bbox 952 3629 1029 3683; x_wconf 88' lang='lat' dir='ltr'><strong>ira</strong></span> <span class='ocrx_word' id='word_1_259' title='bbox 1057 3636 1174 3681; x_wconf 90' lang='lat' dir='ltr'><strong>erat</strong></span> <span class='ocrx_word' id='word_1_260' title='bbox 1200 3625 1492 3687; x_wconf 79' lang='lat' dir='ltr'><strong>exoritura,</strong></span> <span class='ocrx_word' id='word_1_261' title='bbox 1526 3623 1571 3678; x_wconf 92' lang='lat' dir='ltr'><strong>si</strong></span> <span class='ocrx_word' id='word_1_262' title='bbox 1595 3622 1694 3692; x_wconf 87' lang='lat' dir='ltr'><strong>ipsi</strong></span> <span class='ocrx_word' id='word_1_263' title='bbox 1720 3636 1934 3692; x_wconf 81' lang='lat' dir='ltr'><strong>quaque</strong></span> <span class='ocrx_word' id='word_1_264' title='bbox 1975 3620 2047 3674; x_wconf 90' lang='lat' dir='ltr'><strong>ir-</strong></span> 
     </span>
    </p>
   </div>
   <div class='ocr_carea' id='block_1_37' title="bbox 454 3708 2046 3797">
    <p class='ocr_par' dir='ltr' id='par_1_37' title="bbox 454 3708 2046 3797">
     <span class='ocr_line' id='line_1_37' title="bbox 454 3708 2046 3797; baseline -0.013 -14"><span class='ocrx_word' id='word_1_265' title='bbox 454 3726 673 3797; x_wconf 70' lang='lat' dir='ltr'><strong>rupturi</strong></span> <span class='ocrx_word' id='word_1_266' title='bbox 722 3730 926 3786; x_wconf 86' lang='lat' dir='ltr'><strong>essent,</strong></span> <span class='ocrx_word' id='word_1_267' title='bbox 959 3734 1023 3774; x_wconf 86' lang='lat' dir='ltr'><strong>ea</strong></span> <span class='ocrx_word' id='word_1_268' title='bbox 1051 3718 1119 3773; x_wconf 89' lang='lat' dir='ltr'><strong>de</strong></span> <span class='ocrx_word' id='word_1_269' title='bbox 1168 3731 1328 3770; x_wconf 86' lang='lat' dir='ltr'><strong>causa</strong></span> <span class='ocrx_word' id='word_1_270' title='bbox 1362 3715 1512 3783; x_wconf 73' lang='lat' dir='ltr'><strong>dicit,</strong></span> <span class='ocrx_word' id='word_1_271' title='bbox 1573 3712 1751 3769; x_wconf 78' lang='lat' dir='ltr'><strong>Videte</strong></span> <span class='ocrx_word' id='word_1_272' title='bbox 1792 3708 2046 3780; x_wconf 86' lang='lat' dir='ltr'><strong>quomodo</strong></span> 
     </span>
    </p>
   </div>
   <div class='ocr_carea' id='block_1_38' title="bbox 453 3804 2045 3877">
    <p class='ocr_par' dir='ltr' id='par_1_38' title="bbox 453 3804 2045 3877">
     <span class='ocr_line' id='line_1_38' title="bbox 453 3804 2045 3877; baseline -0.013 -4"><span class='ocrx_word' id='word_1_273' title='bbox 453 3826 610 3873; x_wconf 80' lang='lat' dir='ltr'><strong>‘caute</strong></span> <span class='ocrx_word' id='word_1_274' title='bbox 630 3812 918 3869; x_wconf 72' lang='lat' dir='ltr'><strong>aiiibicletis.</strong></span> <span class='ocrx_word' id='word_1_275' title='bbox 950 3810 1064 3865; x_wconf 89' lang='lat' dir='ltr'><strong>lloc</strong></span> <span class='ocrx_word' id='word_1_276' title='bbox 1084 3817 1187 3872; x_wconf 89' lang='lat' dir='ltr'><strong>est,</strong></span> <span class='ocrx_word' id='word_1_277' title='bbox 1219 3818 1411 3877; x_wconf 75' lang='lat' dir='ltr'><strong>pra-ter</strong></span> <span class='ocrx_word' id='word_1_278' title='bbox 1444 3804 1893 3875; x_wconf 79' lang='lat' dir='ltr'><strong>prmdieationcm,</strong></span> <span class='ocrx_word' id='word_1_279' title='bbox 1938 3814 2045 3855; x_wconf 90' lang='lat' dir='ltr'><strong>non</strong></span> 
     </span>
    </p>
   </div>
   <div class='ocr_carea' id='block_1_39' title="bbox 454 3893 2047 3967">
    <p class='ocr_par' dir='ltr' id='par_1_39' title="bbox 454 3893 2047 3967">
     <span class='ocr_line' id='line_1_39' title="bbox 454 3893 2047 3967; baseline -0.011 -6"><span class='ocrx_word' id='word_1_280' title='bbox 454 3905 680 3962; x_wconf 73' lang='lat' dir='ltr'><strong>aliunde</strong></span> <span class='ocrx_word' id='word_1_281' title='bbox 725 3903 865 3958; x_wconf 89' lang='lat' dir='ltr'><strong>detis</strong></span> <span class='ocrx_word' id='word_1_282' title='bbox 918 3900 1253 3955; x_wconf 78' lang='lat' dir='ltr'><strong>occasionum</strong></span> <span class='ocrx_word' id='word_1_283' title='bbox 1295 3894 1758 3967; x_wconf 85' lang='lat' dir='ltr'><strong>suscipiendarum</strong></span> <span class='ocrx_word' id='word_1_284' title='bbox 1788 3893 2047 3947; x_wconf 86' lang='lat' dir='ltr'><strong>adversus</strong></span> 
     </span>
    </p>
   </div>
   <div class='ocr_carea' id='block_1_40' title="bbox 460 3983 2048 4053">
    <p class='ocr_par' dir='ltr' id='par_1_40' title="bbox 460 3983 2048 4053">
     <span class='ocr_line' id='line_1_40' title="bbox 460 3983 2048 4053; baseline -0.012 0"><span class='ocrx_word' id='word_1_285' title='bbox 460 4012 562 4053; x_wconf 65' lang='lat' dir='ltr'><strong>Vos</strong></span> <span class='ocrx_word' id='word_1_286' title='bbox 589 3995 983 4051; x_wconf 85' lang='lat' dir='ltr'><strong>inimicitiarum</strong></span> <span class='ocrx_word' id='word_1_287' title='bbox 1017 4009 1031 4045; x_wconf 90' lang='lat'><strong>:</strong></span> <span class='ocrx_word' id='word_1_288' title='bbox 1063 3991 1178 4045; x_wconf 75' lang='lat' dir='ltr'><strong>lucc</strong></span> <span class='ocrx_word' id='word_1_289' title='bbox 1200 3992 1313 4045; x_wconf 89' lang='lat' dir='ltr'><strong>sula</strong></span> <span class='ocrx_word' id='word_1_290' title='bbox 1339 3990 1411 4043; x_wconf 91' lang='lat' dir='ltr'><strong>sit</strong></span> <span class='ocrx_word' id='word_1_291' title='bbox 1437 4001 1599 4044; x_wconf 79' lang='lat' dir='ltr'><strong>causa</strong></span> <span class='ocrx_word' id='word_1_292' title='bbox 1626 3995 1678 4041; x_wconf 90' lang='lat' dir='ltr'><strong>et</strong></span> <span class='ocrx_word' id='word_1_293' title='bbox 1703 3985 1919 4040; x_wconf 87' lang='lat' dir='ltr'><strong>occasio</strong></span> <span class='ocrx_word' id='word_1_294' title='bbox 1942 3983 2048 4036; x_wconf 82' lang='lat' dir='ltr'><strong>ini-</strong></span> 
     </span>
    </p>
   </div>
   <div class='ocr_carea' id='block_1_41' title="bbox 456 4075 2051 4143">
    <p class='ocr_par' dir='ltr' id='par_1_41' title="bbox 456 4075 2051 4143">
     <span class='ocr_line' id='line_1_41' title="bbox 456 4075 2051 4143; baseline -0.011 -2"><span class='ocrx_word' id='word_1_295' title='bbox 456 4086 788 4143; x_wconf 63' lang='lat' dir='ltr'><strong>anicitiarum</strong></span> <span class='ocrx_word' id='word_1_296' title='bbox 820 4099 835 4136; x_wconf 88' lang='lat'><strong>:</strong></span> <span class='ocrx_word' id='word_1_297' title='bbox 865 4096 1022 4136; x_wconf 83' lang='lat' dir='ltr'><strong>nemo</strong></span> <span class='ocrx_word' id='word_1_298' title='bbox 1048 4082 1124 4136; x_wconf 88' lang='lat' dir='ltr'><strong>rei</strong></span> <span class='ocrx_word' id='word_1_299' title='bbox 1151 4080 1372 4134; x_wconf 81' lang='lat' dir='ltr'><strong>alterius</strong></span> <span class='ocrx_word' id='word_1_300' title='bbox 1399 4079 1451 4131; x_wconf 88' lang='lat' dir='ltr'><strong>iu</strong></span> <span class='ocrx_word' id='word_1_301' title='bbox 1492 4092 1588 4131; x_wconf 87' lang='lat' dir='ltr'><strong>vos</strong></span> <span class='ocrx_word' id='word_1_302' title='bbox 1626 4076 1832 4129; x_wconf 89' lang='lat' dir='ltr'><strong>crimen</strong></span> <span class='ocrx_word' id='word_1_303' title='bbox 1874 4075 2051 4127; x_wconf 67' lang='lat' dir='ltr'><strong>inten-</strong></span> 
     </span>
    </p>
   </div>
   <div class='ocr_carea' id='block_1_42' title="bbox 456 4163 2049 4245">
    <p class='ocr_par' dir='ltr' id='par_1_42' title="bbox 456 4163 2049 4245">
     <span class='ocr_line' id='line_1_42' title="bbox 456 4163 2049 4245; baseline -0.012 -11"><span class='ocrx_word' id='word_1_304' title='bbox 456 4180 594 4245; x_wconf 76' lang='lat' dir='ltr'><strong>dat;</strong></span> <span class='ocrx_word' id='word_1_305' title='bbox 638 4176 735 4233; x_wconf 88' lang='lat' dir='ltr'><strong>sed</strong></span> <span class='ocrx_word' id='word_1_306' title='bbox 779 4186 833 4231; x_wconf 88' lang='lat' dir='ltr'><strong>et</strong></span> <span class='ocrx_word' id='word_1_307' title='bbox 866 4174 1124 4228; x_wconf 78' lang='lat' dir='ltr'><strong>honorem</strong></span> <span class='ocrx_word' id='word_1_308' title='bbox 1152 4181 1208 4227; x_wconf 90' lang='lat' dir='ltr'><strong>et</strong></span> <span class='ocrx_word' id='word_1_309' title='bbox 1231 4185 1445 4226; x_wconf 88' lang='lat' dir='ltr'><strong>onmem</strong></span> <span class='ocrx_word' id='word_1_310' title='bbox 1491 4165 1759 4223; x_wconf 89' lang='lat' dir='ltr'><strong>ostendite</strong></span> <span class='ocrx_word' id='word_1_311' title='bbox 1792 4163 2049 4220; x_wconf 88' lang='lat' dir='ltr'><strong>obedien-</strong></span> 
     </span>
    </p>
   </div>
   <div class='ocr_carea' id='block_1_43' title="bbox 458 4255 2049 4337">
    <p class='ocr_par' dir='ltr' id='par_1_43' title="bbox 458 4255 2049 4337">
     <span class='ocr_line' id='line_1_43' title="bbox 458 4255 2049 4337; baseline -0.01 -13"><span class='ocrx_word' id='word_1_312' title='bbox 458 4272 632 4334; x_wconf 69' lang='lat' dir='ltr'><strong>tiam,</strong></span> <span class='ocrx_word' id='word_1_313' title='bbox 684 4265 899 4337; x_wconf 83' lang='lat' dir='ltr'><strong>quando</strong></span> <span class='ocrx_word' id='word_1_314' title='bbox 944 4264 1075 4320; x_wconf 90' lang='lat' dir='ltr'><strong>nihil</strong></span> <span class='ocrx_word' id='word_1_315' title='bbox 1120 4262 1280 4317; x_wconf 77' lang='lat' dir='ltr'><strong>laedet</strong></span> <span class='ocrx_word' id='word_1_316' title='bbox 1322 4258 1790 4331; x_wconf 80' lang='lat' dir='ltr'><strong>praedicationem,</strong></span> <span class='ocrx_word' id='word_1_317' title='bbox 1833 4255 2049 4325; x_wconf 86' lang='lat' dir='ltr'><strong>quando</strong></span> 
     </span>
    </p>
   </div>
   <div class='ocr_carea' id='block_1_44' title="bbox 457 4346 2048 4430">
    <p class='ocr_par' dir='ltr' id='par_1_44' title="bbox 457 4346 2048 4430">
     <span class='ocr_line' id='line_1_44' title="bbox 457 4346 2048 4430; baseline -0.012 -14"><span class='ocrx_word' id='word_1_318' title='bbox 457 4364 601 4417; x_wconf 62' lang='lat' dir='ltr'><strong>nihil</strong></span> <span class='ocrx_word' id='word_1_319' title='bbox 636 4359 886 4430; x_wconf 85' lang='lat' dir='ltr'><strong>impediet</strong></span> <span class='ocrx_word' id='word_1_320' title='bbox 912 4357 1184 4427; x_wconf 85' lang='lat' dir='ltr'><strong>pietatem.</strong></span> <span class='ocrx_word' id='word_1_321' title='bbox 1217 4353 1449 4418; x_wconf 80' lang='lat' dir='ltr'><strong>Reddite,</strong></span> <span class='ocrx_word' id='word_1_322' title='bbox 1480 4350 1672 4421; x_wconf 90' lang='lat' dir='ltr'><strong>inquit,</strong></span> <span class='ocrx_word' id='word_1_323' title='bbox 1701 4348 1930 4403; x_wconf 83' lang='lat' dir='ltr'><strong>omnibus</strong></span> <span class='ocrx_word' id='word_1_324' title='bbox 1961 4346 2048 4399; x_wconf 83' lang='lat' dir='ltr'><strong>de-</strong></span> 
     </span>
    </p>
   </div>
   <div class='ocr_carea' id='block_1_45' title="bbox 457 4436 2047 4517">
    <p class='ocr_par' dir='ltr' id='par_1_45' title="bbox 457 4436 2047 4517">
     <span class='ocr_line' id='line_1_45' title="bbox 457 4436 2047 4517; baseline -0.013 -11"><span class='ocrx_word' id='word_1_325' title='bbox 457 4452 592 4517; x_wconf 62' lang='lat' dir='ltr'><strong>itita,</strong></span> <span class='ocrx_word' id='word_1_326' title='bbox 608 4452 688 4505; x_wconf 85' lang='lat' dir='ltr'><strong>cui</strong></span> <span class='ocrx_word' id='word_1_327' title='bbox 709 4448 967 4513; x_wconf 85' lang='lat' dir='ltr'><strong>tributum,</strong></span> <span class='ocrx_word' id='word_1_328' title='bbox 993 4445 1255 4510; x_wconf 70' lang='lat' dir='ltr'><strong>tributum,</strong></span> <span class='ocrx_word' id='word_1_329' title='bbox 1273 4443 1353 4496; x_wconf 85' lang='lat' dir='ltr'><strong>cui</strong></span> <span class='ocrx_word' id='word_1_330' title='bbox 1386 4439 1616 4511; x_wconf 83' lang='lat' dir='ltr'><strong>vectigal,</strong></span> <span class='ocrx_word' id='word_1_331' title='bbox 1636 4437 1847 4508; x_wconf 75' lang='lat' dir='ltr'><strong>uectigal</strong></span> <span class='ocrx_word' id='word_1_332' title='bbox 1871 4436 2047 4508; x_wconf 81' lang='lat' dir='ltr'><strong>(Rom.</strong></span> 
     </span>
    </p>
   </div>
   <div class='ocr_carea' id='block_1_46' title="bbox 468 4532 2050 4611">
    <p class='ocr_par' dir='ltr' id='par_1_46' title="bbox 468 4532 2050 4611">
     <span class='ocr_line' id='line_1_46' title="bbox 468 4532 2050 4611; baseline -0.013 -11"><span class='ocrx_word' id='word_1_333' title='bbox 468 4545 558 4600; x_wconf 74' lang='grc'><strong>13.</strong></span> <span class='ocrx_word' id='word_1_334' title='bbox 583 4544 661 4611; x_wconf 91' lang='lat'><strong>7).</strong></span> <span class='ocrx_word' id='word_1_335' title='bbox 691 4539 915 4610; x_wconf 86' lang='lat' dir='ltr'><strong>Quando</strong></span> <span class='ocrx_word' id='word_1_336' title='bbox 941 4539 1082 4593; x_wconf 91' lang='lat' dir='ltr'><strong>enim</strong></span> <span class='ocrx_word' id='word_1_337' title='bbox 1110 4536 1161 4590; x_wconf 90' lang='lat' dir='ltr'><strong>in</strong></span> <span class='ocrx_word' id='word_1_338' title='bbox 1186 4534 1303 4588; x_wconf 83' lang='lat' dir='ltr'><strong>aliis</strong></span> <span class='ocrx_word' id='word_1_339' title='bbox 1335 4532 1566 4585; x_wconf 85' lang='lat' dir='ltr'><strong>viderint</strong></span> <span class='ocrx_word' id='word_1_340' title='bbox 1593 4544 1691 4584; x_wconf 84' lang='lat' dir='ltr'><strong>vos</strong></span> <span class='ocrx_word' id='word_1_341' title='bbox 1723 4542 1843 4584; x_wconf 89' lang='lat' dir='ltr'><strong>esse</strong></span> <span class='ocrx_word' id='word_1_342' title='bbox 1868 4541 2050 4597; x_wconf 64' lang='lat' dir='ltr'><strong>arquos</strong></span> 
     </span>
    </p>
   </div>
   <div class='ocr_carea' id='block_1_47' title="bbox 460 4620 2049 4702">
    <p class='ocr_par' dir='ltr' id='par_1_47' title="bbox 460 4620 2049 4702">
     <span class='ocr_line' id='line_1_47' title="bbox 460 4620 2049 4702; baseline -0.014 -10"><span class='ocrx_word' id='word_1_343' title='bbox 460 4647 521 4693; x_wconf 77' lang='lat' dir='ltr'><strong>&#39;et</strong></span> <span class='ocrx_word' id='word_1_344' title='bbox 553 4637 752 4702; x_wconf 89' lang='lat' dir='ltr'><strong>bonos,</strong></span> <span class='ocrx_word' id='word_1_345' title='bbox 778 4631 982 4702; x_wconf 89' lang='lat' dir='ltr'><strong>pudore</strong></span> <span class='ocrx_word' id='word_1_346' title='bbox 999 4625 1392 4684; x_wconf 82' lang='lat' dir='ltr'><strong>suﬂ&#39;undcntur.</strong></span> <span class='ocrx_word' id='word_1_347' title='bbox 1427 4621 1549 4677; x_wconf 86' lang='lat' dir='ltr'><strong>Non</strong></span> <span class='ocrx_word' id='word_1_348' title='bbox 1574 4621 1719 4693; x_wconf 81' lang='lat' dir='ltr'><strong>quasi</strong></span> <span class='ocrx_word' id='word_1_349' title='bbox 1737 4620 2049 4686; x_wconf 79' lang='lat' dir='ltr'><strong>insipientes,</strong></span> 
     </span>
    </p>
   </div>
   <div class='ocr_carea' id='block_1_48' title="bbox 464 4708 2052 4795">
    <p class='ocr_par' dir='ltr' id='par_1_48' title="bbox 464 4708 2052 4795">
     <span class='ocr_line' id='line_1_48' title="bbox 464 4708 2052 4795; baseline -0.012 -13"><span class='ocrx_word' id='word_1_350' title='bbox 464 4728 563 4782; x_wconf 62' lang='lat' dir='ltr'><strong>sed</strong></span> <span class='ocrx_word' id='word_1_351' title='bbox 594 4737 847 4795; x_wconf 82' lang='lat' dir='ltr'><strong>tamquam</strong></span> <span class='ocrx_word' id='word_1_352' title='bbox 874 4722 1142 4790; x_wconf 84' lang='lat' dir='ltr'><strong>sapientes,</strong></span> <span class='ocrx_word' id='word_1_353' title='bbox 1194 4714 1497 4769; x_wconf 81' lang='lat' dir='ltr'><strong>redimentes</strong></span> <span class='ocrx_word' id='word_1_354' title='bbox 1524 4717 1737 4780; x_wconf 82' lang='lat' dir='ltr'><strong>tempus.</strong></span> <span class='ocrx_word' id='word_1_355' title='bbox 1785 4708 1900 4762; x_wconf 86' lang='lat' dir='ltr'><strong>Non</strong></span> <span class='ocrx_word' id='word_1_356' title='bbox 1939 4708 2052 4763; x_wconf 61' lang='lat' dir='ltr'><strong>haec</strong></span> 
     </span>
    </p>
   </div>
   <div class='ocr_carea' id='block_1_49' title="bbox 466 4800 2054 4884">
    <p class='ocr_par' dir='ltr' id='par_1_49' title="bbox 466 4800 2054 4884">
     <span class='ocr_line' id='line_1_49' title="bbox 466 4800 2054 4884; baseline -0.015 -7"><span class='ocrx_word' id='word_1_357' title='bbox 466 4821 679 4884; x_wconf 78' lang='lat' dir='ltr'><strong>suadet,</strong></span> <span class='ocrx_word' id='word_1_358' title='bbox 733 4817 917 4872; x_wconf 87' lang='lat' dir='ltr'><strong>volens</strong></span> <span class='ocrx_word' id='word_1_359' title='bbox 941 4828 1048 4868; x_wconf 80' lang='lat' dir='ltr'><strong>non</strong></span> <span class='ocrx_word' id='word_1_360' title='bbox 1074 4824 1196 4865; x_wconf 80' lang='lat' dir='ltr'><strong>esse</strong></span> <span class='ocrx_word' id='word_1_361' title='bbox 1227 4807 1407 4862; x_wconf 83' lang='lat' dir='ltr'><strong>varios</strong></span> <span class='ocrx_word' id='word_1_362' title='bbox 1435 4815 1488 4859; x_wconf 90' lang='lat' dir='ltr'><strong>et</strong></span> <span class='ocrx_word' id='word_1_363' title='bbox 1516 4817 1617 4858; x_wconf 87' lang='lat' dir='ltr'><strong>nos</strong></span> <span class='ocrx_word' id='word_1_364' title='bbox 1647 4804 1701 4857; x_wconf 88' lang='lat' dir='ltr'><strong>in</strong></span> <span class='ocrx_word' id='word_1_365' title='bbox 1729 4816 1917 4856; x_wconf 80' lang='lat' dir='ltr'><strong>orunes</strong></span> <span class='ocrx_word' id='word_1_366' title='bbox 1947 4800 2054 4854; x_wconf 89' lang='lat' dir='ltr'><strong>for-</strong></span> 
     </span>
    </p>
   </div>
   <div class='ocr_carea' id='block_1_50' title="bbox 468 4896 2052 4972">
    <p class='ocr_par' dir='ltr' id='par_1_50' title="bbox 468 4896 2052 4972">
     <span class='ocr_line' id='line_1_50' title="bbox 468 4896 2052 4972; baseline -0.016 -3"><span class='ocrx_word' id='word_1_367' title='bbox 468 4929 590 4968; x_wconf 74' lang='lat' dir='ltr'><strong>tnas</strong></span> <span class='ocrx_word' id='word_1_368' title='bbox 605 4918 838 4972; x_wconf 80' lang='lat' dir='ltr'><strong>vertere,</strong></span> <span class='ocrx_word' id='word_1_369' title='bbox 867 4904 960 4961; x_wconf 88' lang='lat' dir='ltr'><strong>sed</strong></span> <span class='ocrx_word' id='word_1_370' title='bbox 986 4902 1090 4957; x_wconf 87' lang='lat' dir='ltr'><strong>hoc</strong></span> <span class='ocrx_word' id='word_1_371' title='bbox 1110 4899 1242 4954; x_wconf 86' lang='lat' dir='ltr'><strong>dicit</strong></span> <span class='ocrx_word' id='word_1_372' title='bbox 1273 4913 1286 4950; x_wconf 92' lang='lat'><strong>:</strong></span> <span class='ocrx_word' id='word_1_373' title='bbox 1320 4896 1436 4951; x_wconf 87' lang='lat' dir='ltr'><strong>Non</strong></span> <span class='ocrx_word' id='word_1_374' title='bbox 1466 4905 1547 4950; x_wconf 89' lang='lat' dir='ltr'><strong>est</strong></span> <span class='ocrx_word' id='word_1_375' title='bbox 1568 4904 1779 4962; x_wconf 84' lang='lat' dir='ltr'><strong>tempus</strong></span> <span class='ocrx_word' id='word_1_376' title='bbox 1794 4903 2052 4945; x_wconf 84' lang='lat' dir='ltr'><strong>vestrum:</strong></span> 
     </span>
    </p>
   </div>
   <div class='ocr_carea' id='block_1_51' title="bbox 469 4982 2054 5067">
    <p class='ocr_par' dir='ltr' id='par_1_51' title="bbox 469 4982 2054 5067">
     <span class='ocr_line' id='line_1_51' title="bbox 469 4982 2054 5067; baseline -0.018 -5"><span class='ocrx_word' id='word_1_377' title='bbox 469 5020 621 5061; x_wconf 83' lang='lat' dir='ltr'><strong>nunc</strong></span> <span class='ocrx_word' id='word_1_378' title='bbox 646 5003 777 5059; x_wconf 88' lang='lat' dir='ltr'><strong>estis</strong></span> <span class='ocrx_word' id='word_1_379' title='bbox 808 4995 1054 5067; x_wconf 88' lang='lat' dir='ltr'><strong>inquilini</strong></span> <span class='ocrx_word' id='word_1_380' title='bbox 1082 5000 1137 5047; x_wconf 89' lang='lat' dir='ltr'><strong>et</strong></span> <span class='ocrx_word' id='word_1_381' title='bbox 1164 4987 1457 5060; x_wconf 74' lang='lat' dir='ltr'><strong>peregrini,</strong></span> <span class='ocrx_word' id='word_1_382' title='bbox 1488 4995 1543 5041; x_wconf 91' lang='lat' dir='ltr'><strong>et</strong></span> <span class='ocrx_word' id='word_1_383' title='bbox 1571 4985 1811 5054; x_wconf 74' lang='lat' dir='ltr'><strong>lmSpites</strong></span> <span class='ocrx_word' id='word_1_384' title='bbox 1839 4992 1893 5037; x_wconf 89' lang='lat' dir='ltr'><strong>et</strong></span> <span class='ocrx_word' id='word_1_385' title='bbox 1921 4982 2054 5037; x_wconf 82' lang='lat' dir='ltr'><strong>alie-</strong></span> 
     </span>
    </p>
   </div>
   <div class='ocr_carea' id='block_1_52' title="bbox 473 5076 2058 5163">
    <p class='ocr_par' dir='ltr' id='par_1_52' title="bbox 473 5076 2058 5163">
     <span class='ocr_line' id='line_1_52' title="bbox 473 5076 2058 5163; baseline -0.016 -11"><span class='ocrx_word' id='word_1_386' title='bbox 473 5100 528 5152; x_wconf 88' lang='lat' dir='ltr'><strong>ni</strong></span> <span class='ocrx_word' id='word_1_387' title='bbox 553 5114 566 5150; x_wconf 91' lang='lat'><strong>:</strong></span> <span class='ocrx_word' id='word_1_388' title='bbox 594 5110 661 5151; x_wconf 91' lang='lat' dir='ltr'><strong>ne</strong></span> <span class='ocrx_word' id='word_1_389' title='bbox 698 5090 952 5163; x_wconf 71' lang='lat' dir='ltr'><strong>qumratis</strong></span> <span class='ocrx_word' id='word_1_390' title='bbox 975 5086 1261 5147; x_wconf 83' lang='lat' dir='ltr'><strong>honorem,</strong></span> <span class='ocrx_word' id='word_1_391' title='bbox 1313 5095 1381 5135; x_wconf 92' lang='lat' dir='ltr'><strong>ne</strong></span> <span class='ocrx_word' id='word_1_392' title='bbox 1407 5078 1661 5150; x_wconf 67' lang='lat' dir='ltr'><strong>qumratis</strong></span> <span class='ocrx_word' id='word_1_393' title='bbox 1688 5076 1937 5146; x_wconf 87' lang='lat' dir='ltr'><strong>gloriam,</strong></span> <span class='ocrx_word' id='word_1_394' title='bbox 1988 5086 2058 5128; x_wconf 88' lang='lat' dir='ltr'><strong>ne</strong></span> 
     </span>
    </p>
   </div>
   <div class='ocr_carea' id='block_1_53' title="bbox 474 5167 2059 5260">
    <p class='ocr_par' dir='ltr' id='par_1_53' title="bbox 474 5167 2059 5260">
     <span class='ocr_line' id='line_1_53' title="bbox 474 5167 2059 5260; baseline -0.012 -22"><span class='ocrx_word' id='word_1_395' title='bbox 474 5186 729 5260; x_wconf 69' lang='lat' dir='ltr'><strong>qureratis</strong></span> <span class='ocrx_word' id='word_1_396' title='bbox 759 5179 1085 5254; x_wconf 87' lang='lat' dir='ltr'><strong>potentiam,</strong></span> <span class='ocrx_word' id='word_1_397' title='bbox 1115 5188 1216 5229; x_wconf 88' lang='lat' dir='ltr'><strong>nec</strong></span> <span class='ocrx_word' id='word_1_398' title='bbox 1246 5172 1500 5227; x_wconf 89' lang='lat' dir='ltr'><strong>ultionem</strong></span> <span class='ocrx_word' id='word_1_399' title='bbox 1539 5186 1556 5222; x_wconf 89' lang='lat'><strong><em>:</em></strong></span> <span class='ocrx_word' id='word_1_400' title='bbox 1587 5169 1766 5223; x_wconf 90' lang='lat' dir='ltr'><strong>omnia</strong></span> <span class='ocrx_word' id='word_1_401' title='bbox 1817 5167 1980 5260; x_wconf 67' lang='lat' dir='ltr'><strong>ferte,</strong></span> <span class='ocrx_word' id='word_1_402' title='bbox 2002 5172 2059 5220; x_wconf 77' lang='lat' dir='ltr'><strong>et</strong></span> 
     </span>
    </p>
   </div>
   <div class='ocr_carea' id='block_1_54' title="bbox 472 5258 2057 5348">
    <p class='ocr_par' dir='ltr' id='par_1_54' title="bbox 472 5258 2057 5348">
     <span class='ocr_line' id='line_1_54' title="bbox 472 5258 2057 5348; baseline -0.016 -10"><span class='ocrx_word' id='word_1_403' title='bbox 472 5258 553 5338; x_wconf 80' lang='lat' dir='ltr'><strong>sic</strong></span> <span class='ocrx_word' id='word_1_404' title='bbox 583 5291 795 5348; x_wconf 79' lang='lat' dir='ltr'><strong>tempus</strong></span> <span class='ocrx_word' id='word_1_405' title='bbox 835 5269 1118 5333; x_wconf 87' lang='lat' dir='ltr'><strong>redimite;</strong></span> <span class='ocrx_word' id='word_1_406' title='bbox 1150 5265 1317 5320; x_wconf 89' lang='lat' dir='ltr'><strong>multa</strong></span> <span class='ocrx_word' id='word_1_407' title='bbox 1347 5272 1400 5320; x_wconf 93' lang='lat' dir='ltr'><strong>et</strong></span> <span class='ocrx_word' id='word_1_408' title='bbox 1423 5263 1704 5328; x_wconf 79' lang='lat' dir='ltr'><strong>exsolvite,</strong></span> <span class='ocrx_word' id='word_1_409' title='bbox 1734 5271 1893 5331; x_wconf 88' lang='lat' dir='ltr'><strong>atque</strong></span> <span class='ocrx_word' id='word_1_410' title='bbox 1920 5258 2057 5313; x_wconf 86' lang='lat' dir='ltr'><strong>adeo</strong></span> 
     </span>
    </p>
   </div>
   <div class='ocr_carea' id='block_1_55' title="bbox 464 5355 2061 5445">
    <p class='ocr_par' dir='ltr' id='par_1_55' title="bbox 464 5355 2061 5445">
     <span class='ocr_line' id='line_1_55' title="bbox 464 5355 2061 5445; baseline -0.015 -17"><span class='ocrx_word' id='word_1_411' title='bbox 464 5369 727 5445; x_wconf 75' lang='lat' dir='ltr'><strong>“quidquid</strong></span> <span class='ocrx_word' id='word_1_412' title='bbox 761 5362 1049 5418; x_wconf 86' lang='lat' dir='ltr'><strong>voluerint.</strong></span> <span class='ocrx_word' id='word_1_413' title='bbox 1090 5359 1389 5414; x_wconf 88' lang='lat' dir='ltr'><strong>Obscurum</strong></span> <span class='ocrx_word' id='word_1_414' title='bbox 1417 5365 1500 5411; x_wconf 79' lang='lat' dir='ltr'><strong>cst</strong></span> <span class='ocrx_word' id='word_1_415' title='bbox 1530 5355 1727 5408; x_wconf 90' lang='lat' dir='ltr'><strong>dictum</strong></span> <span class='ocrx_word' id='word_1_416' title='bbox 1771 5370 1783 5406; x_wconf 88' lang='lat'><strong>:</strong></span> <span class='ocrx_word' id='word_1_417' title='bbox 1816 5367 1936 5445; x_wconf 86' lang='lat' dir='ltr'><strong>age,</strong></span> <span class='ocrx_word' id='word_1_418' title='bbox 1964 5364 2061 5420; x_wconf 90' lang='lat' dir='ltr'><strong>per</strong></span> 
     </span>
    </p>
   </div>
   <div class='ocr_carea' id='block_1_56' title="bbox 476 5444 2060 5530">
    <p class='ocr_par' dir='ltr' id='par_1_56' title="bbox 476 5444 2060 5530">
     <span class='ocr_line' id='line_1_56' title="bbox 476 5444 2060 5530; baseline -0.016 -10"><span class='ocrx_word' id='word_1_419' title='bbox 476 5444 778 5530; x_wconf 86' lang='lat' dir='ltr'><strong>exemplum</strong></span> <span class='ocrx_word' id='word_1_420' title='bbox 798 5452 925 5508; x_wconf 88' lang='lat' dir='ltr'><strong>illud</strong></span> <span class='ocrx_word' id='word_1_421' title='bbox 945 5451 1212 5523; x_wconf 76' lang='lat' dir='ltr'><strong>explicare</strong></span> <span class='ocrx_word' id='word_1_422' title='bbox 1228 5448 1482 5504; x_wconf 90' lang='lat' dir='ltr'><strong>conabor.</strong></span> <span class='ocrx_word' id='word_1_423' title='bbox 1512 5447 1695 5516; x_wconf 83' lang='lat' dir='ltr'><strong>Cogita</strong></span> <span class='ocrx_word' id='word_1_424' title='bbox 1725 5444 1853 5498; x_wconf 86' lang='lat' dir='ltr'><strong>mihi</strong></span> <span class='ocrx_word' id='word_1_425' title='bbox 1871 5456 2060 5512; x_wconf 88' lang='lat' dir='ltr'><strong>quem-</strong></span> 
     </span>
    </p>
   </div>
   <div class='ocr_carea' id='block_1_57' title="bbox 472 5534 2058 5624">
    <p class='ocr_par' dir='ltr' id='par_1_57' title="bbox 472 5534 2058 5624">
     <span class='ocr_line' id='line_1_57' title="bbox 472 5534 2058 5624; baseline -0.013 -17"><span class='ocrx_word' id='word_1_426' title='bbox 472 5555 619 5624; x_wconf 75' lang='lat' dir='ltr'><strong>piam</strong></span> <span class='ocrx_word' id='word_1_427' title='bbox 646 5549 734 5618; x_wconf 83' lang='lat' dir='ltr'><strong>qui</strong></span> <span class='ocrx_word' id='word_1_428' title='bbox 758 5546 975 5600; x_wconf 85' lang='lat' dir='ltr'><strong>domum</strong></span> <span class='ocrx_word' id='word_1_429' title='bbox 1007 5543 1197 5597; x_wconf 79' lang='lat' dir='ltr'><strong>babeat</strong></span> <span class='ocrx_word' id='word_1_430' title='bbox 1216 5539 1587 5611; x_wconf 89' lang='lat' dir='ltr'><strong>splendidam;</strong></span> <span class='ocrx_word' id='word_1_431' title='bbox 1619 5536 1814 5593; x_wconf 90' lang='lat' dir='ltr'><strong>deinde</strong></span> <span class='ocrx_word' id='word_1_432' title='bbox 1852 5534 2058 5605; x_wconf 89' lang='lat' dir='ltr'><strong>ingredi</strong></span> 
     </span>
    </p>
   </div>
   <div class='ocr_carea' id='block_1_58' title="bbox 476 5628 2059 5710">
    <p class='ocr_par' dir='ltr' id='par_1_58' title="bbox 476 5628 2059 5710">
     <span class='ocr_line' id='line_1_58' title="bbox 476 5628 2059 5710; baseline -0.01 -15"><span class='ocrx_word' id='word_1_433' title='bbox 476 5643 686 5710; x_wconf 83' lang='lat' dir='ltr'><strong>aliquos</strong></span> <span class='ocrx_word' id='word_1_434' title='bbox 717 5645 774 5691; x_wconf 92' lang='lat' dir='ltr'><strong>ut</strong></span> <span class='ocrx_word' id='word_1_435' title='bbox 797 5650 918 5691; x_wconf 90' lang='lat' dir='ltr'><strong>cum</strong></span> <span class='ocrx_word' id='word_1_436' title='bbox 948 5634 1241 5704; x_wconf 83' lang='lat' dir='ltr'><strong>perimant,</strong></span> <span class='ocrx_word' id='word_1_437' title='bbox 1270 5641 1324 5687; x_wconf 89' lang='lat' dir='ltr'><strong>et</strong></span> <span class='ocrx_word' id='word_1_438' title='bbox 1353 5631 1502 5685; x_wconf 91' lang='lat' dir='ltr'><strong>illum</strong></span> <span class='ocrx_word' id='word_1_439' title='bbox 1533 5629 1697 5683; x_wconf 89' lang='lat' dir='ltr'><strong>multa</strong></span> <span class='ocrx_word' id='word_1_440' title='bbox 1724 5628 1852 5682; x_wconf 88' lang='lat' dir='ltr'><strong>dare</strong></span> <span class='ocrx_word' id='word_1_441' title='bbox 1871 5667 1886 5692; x_wconf 91' lang='lat'><strong>,</strong></span> <span class='ocrx_word' id='word_1_442' title='bbox 1921 5632 1974 5681; x_wconf 90' lang='lat' dir='ltr'><strong>et</strong></span> <span class='ocrx_word' id='word_1_443' title='bbox 1999 5639 2059 5680; x_wconf 89' lang='lat' dir='ltr'><strong>se</strong></span> 
     </span>
    </p>
   </div>
   <div class='ocr_carea' id='block_1_59' title="bbox 478 5718 2057 5802">
    <p class='ocr_par' dir='ltr' id='par_1_59' title="bbox 478 5718 2057 5802">
     <span class='ocr_line' id='line_1_59' title="bbox 478 5718 2057 5802; baseline -0.013 -15"><span class='ocrx_word' id='word_1_444' title='bbox 478 5736 720 5802; x_wconf 87' lang='lat' dir='ltr'><strong>eripere;</strong></span> <span class='ocrx_word' id='word_1_445' title='bbox 754 5738 880 5781; x_wconf 90' lang='lat' dir='ltr'><strong>tunc</strong></span> <span class='ocrx_word' id='word_1_446' title='bbox 905 5726 1130 5780; x_wconf 86' lang='lat' dir='ltr'><strong>dicimus</strong></span> <span class='ocrx_word' id='word_1_447' title='bbox 1159 5739 1283 5780; x_wconf 89' lang='lat' dir='ltr'><strong>cum</strong></span> <span class='ocrx_word' id='word_1_448' title='bbox 1314 5738 1372 5778; x_wconf 88' lang='lat' dir='ltr'><strong>se</strong></span> <span class='ocrx_word' id='word_1_449' title='bbox 1407 5721 1719 5777; x_wconf 83' lang='lat' dir='ltr'><strong>redemisse.</strong></span> <span class='ocrx_word' id='word_1_450' title='bbox 1751 5718 1823 5772; x_wconf 88' lang='lat' dir='ltr'><strong>Ita</strong></span> <span class='ocrx_word' id='word_1_451' title='bbox 1848 5726 1900 5771; x_wconf 92' lang='lat' dir='ltr'><strong>tu</strong></span> <span class='ocrx_word' id='word_1_452' title='bbox 1926 5732 2057 5786; x_wconf 83' lang='lat' dir='ltr'><strong>quo-</strong></span> 
     </span>
    </p>
   </div>
   <div class='ocr_carea' id='block_1_60' title="bbox 477 5808 2053 5894">
    <p class='ocr_par' dir='ltr' id='par_1_60' title="bbox 477 5808 2053 5894">
     <span class='ocr_line' id='line_1_60' title="bbox 477 5808 2053 5894; baseline -0.012 -16"><span class='ocrx_word' id='word_1_453' title='bbox 477 5839 602 5894; x_wconf 85' lang='lat' dir='ltr'><strong>que,</strong></span> <span class='ocrx_word' id='word_1_454' title='bbox 621 5820 840 5876; x_wconf 87' lang='lat' dir='ltr'><strong>dotnum</strong></span> <span class='ocrx_word' id='word_1_455' title='bbox 869 5817 1029 5873; x_wconf 85' lang='lat' dir='ltr'><strong>habes</strong></span> <span class='ocrx_word' id='word_1_456' title='bbox 1050 5822 1316 5886; x_wconf 68' lang='lat' dir='ltr'><strong>tinguant,</strong></span> <span class='ocrx_word' id='word_1_457' title='bbox 1336 5823 1391 5869; x_wconf 87' lang='lat' dir='ltr'><strong>et</strong></span> <span class='ocrx_word' id='word_1_458' title='bbox 1420 5812 1576 5867; x_wconf 82' lang='lat' dir='ltr'><strong>fidem</strong></span> <span class='ocrx_word' id='word_1_459' title='bbox 1606 5825 1783 5866; x_wconf 85' lang='lat' dir='ltr'><strong>veram</strong></span> <span class='ocrx_word' id='word_1_460' title='bbox 1811 5824 1825 5871; x_wconf 88' lang='lat'><strong>;</strong></span> <span class='ocrx_word' id='word_1_461' title='bbox 1859 5808 2053 5861; x_wconf 89' lang='lat' dir='ltr'><strong>irrum-</strong></span> 
     </span>
    </p>
   </div>
   <div class='ocr_carea' id='block_1_61' title="bbox 1177 388 2968 455">
    <p class='ocr_par' dir='ltr' id='par_1_61' title="bbox 1177 388 2968 455">
     <span class='ocr_line' id='line_1_61' title="bbox 1177 388 2968 455; baseline -0.002 -1"><span class='ocrx_word' id='word_1_462' title='bbox 1177 398 1235 454; x_wconf 88' lang='lat' dir='ltr'><strong>S.</strong></span> <span class='ocrx_word' id='word_1_463' title='bbox 1272 388 1547 455; x_wconf 77' lang='lat' dir='ltr'><strong>JOANNIS</strong></span> <span class='ocrx_word' id='word_1_464' title='bbox 1582 388 2046 452; x_wconf 69' lang='lat' dir='ltr'><strong>CIIRVSOSTOMI</strong></span> <span class='ocrx_word' id='word_1_465' title='bbox 2086 391 2397 449; x_wconf 70' lang='lat' dir='ltr'><strong>AliClilEP.</strong></span> <span class='ocrx_word' id='word_1_466' title='bbox 2439 388 2968 452; x_wconf 78' lang='lat' dir='ltr'><strong>CONSTANTINOP.</strong></span> 
     </span>
    </p>
   </div>
   <div class='ocr_carea' id='block_1_62' title="bbox 3625 400 3723 456">
    <p class='ocr_par' dir='ltr' id='par_1_62' title="bbox 3625 400 3723 456">
     <span class='ocr_line' id='line_1_62' title="bbox 3625 400 3723 456; baseline -0.02 -1"><span class='ocrx_word' id='word_1_467' title='bbox 3625 400 3723 456; x_wconf 69' lang='grc'><strong>198</strong></span> 
     </span>
    </p>
   </div>
   <div class='ocr_carea' id='block_1_63' title="bbox 2135 506 3715 580">
    <p class='ocr_par' dir='ltr' id='par_1_63' title="bbox 2135 506 3715 580">
     <span class='ocr_line' id='line_1_63' title="bbox 2135 506 3715 580; baseline 0.005 -19"><span class='ocrx_word' id='word_1_468' title='bbox 2135 516 2188 561; x_wconf 91' lang='lat' dir='ltr'><strong>ct</strong></span> <span class='ocrx_word' id='word_1_469' title='bbox 2217 506 2308 575; x_wconf 90' lang='lat' dir='ltr'><strong>qui</strong></span> <span class='ocrx_word' id='word_1_470' title='bbox 2337 516 2462 561; x_wconf 84' lang='lat' dir='ltr'><strong>sunt</strong></span> <span class='ocrx_word' id='word_1_471' title='bbox 2503 508 2555 561; x_wconf 92' lang='lat' dir='ltr'><strong>in</strong></span> <span class='ocrx_word' id='word_1_472' title='bbox 2586 510 2821 563; x_wconf 89' lang='lat' dir='ltr'><strong>tenebris</strong></span> <span class='ocrx_word' id='word_1_473' title='bbox 2863 510 3031 580; x_wconf 87' lang='lat' dir='ltr'><strong>magis</strong></span> <span class='ocrx_word' id='word_1_474' title='bbox 3056 508 3528 579; x_wconf 84' lang='lat' dir='ltr'><strong>deprchendemur</strong></span> <span class='ocrx_word' id='word_1_475' title='bbox 3552 553 3565 579; x_wconf 92' lang='lat'><strong>,</strong></span> <span class='ocrx_word' id='word_1_476' title='bbox 3596 515 3715 569; x_wconf 82' lang='lat' dir='ltr'><strong>luce</strong></span> 
     </span>
    </p>
   </div>
   <div class='ocr_carea' id='block_1_64' title="bbox 2135 598 3724 669">
    <p class='ocr_par' dir='ltr' id='par_1_64' title="bbox 2135 598 3724 669">
     <span class='ocr_line' id='line_1_64' title="bbox 2135 598 3724 669; baseline 0.004 -18"><span class='ocrx_word' id='word_1_477' title='bbox 2135 598 2445 665; x_wconf 68' lang='lat' dir='ltr'><strong>etiirieute,</strong></span> <span class='ocrx_word' id='word_1_478' title='bbox 2475 611 2529 655; x_wconf 90' lang='lat' dir='ltr'><strong>et</strong></span> <span class='ocrx_word' id='word_1_479' title='bbox 2560 601 2680 655; x_wconf 85' lang='lat' dir='ltr'><strong>illas</strong></span> <span class='ocrx_word' id='word_1_480' title='bbox 2709 601 3011 656; x_wconf 82' lang='lat' dir='ltr'><strong>auferente.</strong></span> <span class='ocrx_word' id='word_1_481' title='bbox 3062 602 3158 658; x_wconf 88' lang='lat' dir='ltr'><strong>Sin</strong></span> <span class='ocrx_word' id='word_1_482' title='bbox 3186 611 3365 658; x_wconf 88' lang='lat' dir='ltr'><strong>autem</strong></span> <span class='ocrx_word' id='word_1_483' title='bbox 3395 612 3583 659; x_wconf 85' lang='lat' dir='ltr'><strong>contra</strong></span> <span class='ocrx_word' id='word_1_484' title='bbox 3611 646 3625 669; x_wconf 90' lang='lat'><strong>,</strong></span> <span class='ocrx_word' id='word_1_485' title='bbox 3656 606 3724 658; x_wconf 52' lang='lat' dir='ltr'><strong>ti.</strong></span> 
     </span>
    </p>
   </div>
   <div class='ocr_carea' id='block_1_65' title="bbox 2142 691 3724 764">
    <p class='ocr_par' dir='ltr' id='par_1_65' title="bbox 2142 691 3724 764">
     <span class='ocr_line' id='line_1_65' title="bbox 2142 691 3724 764; baseline 0.004 -20"><span class='ocrx_word' id='word_1_486' title='bbox 2142 691 2394 744; x_wconf 84' lang='lat' dir='ltr'><strong>tuendum</strong></span> <span class='ocrx_word' id='word_1_487' title='bbox 2414 700 2581 745; x_wconf 87' lang='lat' dir='ltr'><strong>estne</strong></span> <span class='ocrx_word' id='word_1_488' title='bbox 2602 691 2700 760; x_wconf 88' lang='lat' dir='ltr'><strong>ipsi</strong></span> <span class='ocrx_word' id='word_1_489' title='bbox 2723 693 3153 762; x_wconf 75' lang='lat' dir='ltr'><strong>exstinguantur,</strong></span> <span class='ocrx_word' id='word_1_490' title='bbox 3173 694 3510 750; x_wconf 85' lang='lat' dir='ltr'><strong>tenebrarum</strong></span> <span class='ocrx_word' id='word_1_491' title='bbox 3528 706 3584 750; x_wconf 91' lang='lat' dir='ltr'><strong>et</strong></span> <span class='ocrx_word' id='word_1_492' title='bbox 3601 711 3724 764; x_wconf 86' lang='lat' dir='ltr'><strong>pec-</strong></span> 
     </span>
    </p>
   </div>
   <div class='ocr_carea' id='block_1_66' title="bbox 2137 784 3724 857">
    <p class='ocr_par' dir='ltr' id='par_1_66' title="bbox 2137 784 3724 857">
     <span class='ocr_line' id='line_1_66' title="bbox 2137 784 3724 857; baseline 0.004 -20"><span class='ocrx_word' id='word_1_493' title='bbox 2137 792 2380 838; x_wconf 70' lang='lat' dir='ltr'><strong>catorum</strong></span> <span class='ocrx_word' id='word_1_494' title='bbox 2410 784 2768 839; x_wconf 85' lang='lat' dir='ltr'><strong>crassitudine</strong></span> <span class='ocrx_word' id='word_1_495' title='bbox 2817 785 2987 840; x_wconf 91' lang='lat' dir='ltr'><strong>lucem</strong></span> <span class='ocrx_word' id='word_1_496' title='bbox 3035 787 3318 850; x_wconf 84' lang='lat' dir='ltr'><strong>vincente,</strong></span> <span class='ocrx_word' id='word_1_497' title='bbox 3372 796 3427 842; x_wconf 92' lang='lat' dir='ltr'><strong>et</strong></span> <span class='ocrx_word' id='word_1_498' title='bbox 3472 787 3724 857; x_wconf 86' lang='lat' dir='ltr'><strong>abigente</strong></span> 
     </span>
    </p>
   </div>
   <div class='ocr_carea' id='block_1_67' title="bbox 2138 876 3724 946">
    <p class='ocr_par' dir='ltr' id='par_1_67' title="bbox 2138 876 3724 946">
     <span class='ocr_line' id='line_1_67' title="bbox 2138 876 3724 946; baseline 0.001 -16"><span class='ocrx_word' id='word_1_499' title='bbox 2138 876 2255 945; x_wconf 86' lang='lat' dir='ltr'><strong>ejus</strong></span> <span class='ocrx_word' id='word_1_500' title='bbox 2286 876 2741 945; x_wconf 84' lang='lat' dir='ltr'><strong>perspicuitatem.</strong></span> <span class='ocrx_word' id='word_1_501' title='bbox 2783 876 2875 932; x_wconf 88' lang='lat' dir='ltr'><strong>Sic</strong></span> <span class='ocrx_word' id='word_1_502' title='bbox 2916 892 3047 946; x_wconf 87' lang='lat' dir='ltr'><strong>ergo</strong></span> <span class='ocrx_word' id='word_1_503' title='bbox 3071 877 3247 933; x_wconf 82' lang='lat' dir='ltr'><strong>alfecti</strong></span> <span class='ocrx_word' id='word_1_504' title='bbox 3289 879 3486 944; x_wconf 88' lang='lat' dir='ltr'><strong>simus,</strong></span> <span class='ocrx_word' id='word_1_505' title='bbox 3520 888 3577 933; x_wconf 91' lang='lat' dir='ltr'><strong>ut</strong></span> <span class='ocrx_word' id='word_1_506' title='bbox 3621 895 3724 933; x_wconf 89' lang='lat' dir='ltr'><strong>no-</strong></span> 
     </span>
    </p>
   </div>
   <div class='ocr_carea' id='block_1_68' title="bbox 2140 966 3724 1039">
    <p class='ocr_par' dir='ltr' id='par_1_68' title="bbox 2140 966 3724 1039">
     <span class='ocr_line' id='line_1_68' title="bbox 2140 966 3724 1039; baseline 0.003 -19"><span class='ocrx_word' id='word_1_507' title='bbox 2140 966 2223 1020; x_wconf 81' lang='lat' dir='ltr'><strong>bis</strong></span> <span class='ocrx_word' id='word_1_508' title='bbox 2256 967 2525 1037; x_wconf 83' lang='lat' dir='ltr'><strong>prosimus</strong></span> <span class='ocrx_word' id='word_1_509' title='bbox 2553 985 2567 1032; x_wconf 91' lang='lat'><strong>;</strong></span> <span class='ocrx_word' id='word_1_510' title='bbox 2599 977 2653 1021; x_wconf 91' lang='lat' dir='ltr'><strong>ut</strong></span> <span class='ocrx_word' id='word_1_511' title='bbox 2688 983 2782 1037; x_wconf 86' lang='lat' dir='ltr'><strong>per</strong></span> <span class='ocrx_word' id='word_1_512' title='bbox 2808 968 2987 1021; x_wconf 89' lang='lat' dir='ltr'><strong>omnia</strong></span> <span class='ocrx_word' id='word_1_513' title='bbox 3014 969 3240 1039; x_wconf 75' lang='lat' dir='ltr'><strong>gloriam</strong></span> <span class='ocrx_word' id='word_1_514' title='bbox 3285 970 3590 1024; x_wconf 75' lang='lat' dir='ltr'><strong>omittamus</strong></span> <span class='ocrx_word' id='word_1_515' title='bbox 3627 970 3724 1026; x_wconf 86' lang='lat' dir='ltr'><strong>he-</strong></span> 
     </span>
    </p>
   </div>
   <div class='ocr_carea' id='block_1_69' title="bbox 2149 1056 3649 1130">
    <p class='ocr_par' dir='ltr' id='par_1_69' title="bbox 2149 1056 3649 1130">
     <span class='ocr_line' id='line_1_69' title="bbox 2149 1056 3649 1130; baseline 0.004 -22"><span class='ocrx_word' id='word_1_516' title='bbox 2149 1056 2313 1125; x_wconf 87' lang='lat' dir='ltr'><strong>nigno</strong></span> <span class='ocrx_word' id='word_1_517' title='bbox 2342 1066 2396 1110; x_wconf 91' lang='lat' dir='ltr'><strong>et</strong></span> <span class='ocrx_word' id='word_1_518' title='bbox 2420 1057 2676 1112; x_wconf 88' lang='lat' dir='ltr'><strong>clementi</strong></span> <span class='ocrx_word' id='word_1_519' title='bbox 2711 1059 2847 1122; x_wconf 84' lang='lat' dir='ltr'><strong>Deo,</strong></span> <span class='ocrx_word' id='word_1_520' title='bbox 2882 1059 3052 1127; x_wconf 76' lang='lat' dir='ltr'><strong>gratia</strong></span> <span class='ocrx_word' id='word_1_521' title='bbox 3083 1066 3139 1113; x_wconf 84' lang='lat' dir='ltr'><strong>et</strong></span> <span class='ocrx_word' id='word_1_522' title='bbox 3169 1060 3511 1130; x_wconf 76' lang='lat' dir='ltr'><strong>benignitate,</strong></span> <span class='ocrx_word' id='word_1_523' title='bbox 3542 1072 3649 1115; x_wconf 81' lang='lat' dir='ltr'><strong>etc.</strong></span> 
     </span>
    </p>
   </div>
   <div class='ocr_carea' id='block_1_70' title="bbox 2433 1169 2620 1181">
    <p class='ocr_par' dir='ltr' id='par_1_70' title="bbox 2433 1169 2620 1181">
     <span class='ocr_line' id='line_1_70' title="bbox 2433 1169 2620 1181; baseline -0.005 0"><span class='ocrx_word' id='word_1_524' title='bbox 2433 1169 2620 1181; x_wconf 74' lang='lat'><strong>—-—-</strong></span> 
     </span>
    </p>
   </div>
   <div class='ocr_carea' id='block_1_71' title="bbox 3524 1174 3716 1189">
    <p class='ocr_par' dir='ltr' id='par_1_71' title="bbox 3524 1174 3716 1189">
     <span class='ocr_line' id='line_1_71' title="bbox 3524 1174 3716 1189; baseline -0.005 0"><span class='ocrx_word' id='word_1_525' title='bbox 3524 1174 3716 1189; x_wconf 46' lang='lat' dir='ltr'><strong>ﬁ-</strong></span> 
     </span>
    </p>
   </div>
   <div class='ocr_carea' id='block_1_72' title="bbox 2145 1348 3720 1421">
    <p class='ocr_par' dir='ltr' id='par_1_72' title="bbox 2145 1348 3720 1421">
     <span class='ocr_line' id='line_1_72' title="bbox 2145 1348 3720 1421; baseline 0.006 -23"><span class='ocrx_word' id='word_1_526' title='bbox 2145 1356 2275 1414; x_wconf 90' lang='lat' dir='ltr'><strong>puut</strong></span> <span class='ocrx_word' id='word_1_527' title='bbox 2305 1356 2360 1399; x_wconf 91' lang='lat' dir='ltr'><strong>ut</strong></span> <span class='ocrx_word' id='word_1_528' title='bbox 2387 1349 2565 1402; x_wconf 86' lang='lat' dir='ltr'><strong>omnia</strong></span> <span class='ocrx_word' id='word_1_529' title='bbox 2594 1349 2891 1418; x_wconf 82' lang='lat' dir='ltr'><strong>accipiant;</strong></span> <span class='ocrx_word' id='word_1_530' title='bbox 2923 1348 2989 1404; x_wconf 88' lang='lat' dir='ltr'><strong>da</strong></span> <span class='ocrx_word' id='word_1_531' title='bbox 3011 1348 3385 1420; x_wconf 80' lang='lat' dir='ltr'><strong>quodcinuque</strong></span> <span class='ocrx_word' id='word_1_532' title='bbox 3411 1352 3720 1421; x_wconf 72' lang='lat' dir='ltr'><strong>exegerint:</strong></span> 
     </span>
    </p>
   </div>
   <div class='ocr_carea' id='block_1_73' title="bbox 2141 1437 3720 1512">
    <p class='ocr_par' dir='ltr' id='par_1_73' title="bbox 2141 1437 3720 1512">
     <span class='ocr_line' id='line_1_73' title="bbox 2141 1437 3720 1512; baseline 0.004 -22"><span class='ocrx_word' id='word_1_533' title='bbox 2141 1437 2314 1490; x_wconf 86' lang='lat' dir='ltr'><strong>solum</strong></span> <span class='ocrx_word' id='word_1_534' title='bbox 2340 1452 2493 1493; x_wconf 85' lang='lat' dir='ltr'><strong>serva</strong></span> <span class='ocrx_word' id='word_1_535' title='bbox 2525 1450 2705 1509; x_wconf 86' lang='lat' dir='ltr'><strong>caput,</strong></span> <span class='ocrx_word' id='word_1_536' title='bbox 2736 1440 2914 1502; x_wconf 87' lang='lat' dir='ltr'><strong>tidem,</strong></span> <span class='ocrx_word' id='word_1_537' title='bbox 2946 1440 3183 1509; x_wconf 80' lang='lat' dir='ltr'><strong>inquam,</strong></span> <span class='ocrx_word' id='word_1_538' title='bbox 3212 1440 3330 1495; x_wconf 64' lang='lat' dir='ltr'><strong>Dies</strong></span> <span class='ocrx_word' id='word_1_539' title='bbox 3356 1442 3509 1508; x_wconf 84' lang='lat' dir='ltr'><strong>enim,</strong></span> <span class='ocrx_word' id='word_1_540' title='bbox 3531 1443 3720 1512; x_wconf 86' lang='lat' dir='ltr'><strong>inquit,</strong></span> 
     </span>
    </p>
   </div>
   <div class='ocr_carea' id='block_1_74' title="bbox 2143 1527 2428 1580">
    <p class='ocr_par' dir='ltr' id='par_1_74' title="bbox 2143 1527 2428 1580">
     <span class='ocr_line' id='line_1_74' title="bbox 2143 1527 2428 1580; baseline 0.007 -2"><span class='ocrx_word' id='word_1_541' title='bbox 2143 1527 2265 1580; x_wconf 83' lang='lat' dir='ltr'><strong>ntali</strong></span> <span class='ocrx_word' id='word_1_542' title='bbox 2290 1537 2428 1580; x_wconf 74' lang='lat' dir='ltr'><strong>sunt.</strong></span> 
     </span>
    </p>
   </div>
   <div class='ocr_carea' id='block_1_75' title="bbox 2215 1600 3722 1690">
    <p class='ocr_par' dir='ltr' id='par_1_75' title="bbox 2215 1600 3722 1690">
     <span class='ocr_line' id='line_1_75' title="bbox 2215 1600 3722 1690; baseline 0.005 -21"><span class='ocrx_word' id='word_1_543' title='bbox 2215 1614 2334 1671; x_wconf 87' lang='lat' dir='ltr'><strong>Diei</strong></span> <span class='ocrx_word' id='word_1_544' title='bbox 2361 1618 2557 1672; x_wconf 82' lang='lat' dir='ltr'><strong>malitia</strong></span> <span class='ocrx_word' id='word_1_545' title='bbox 2581 1620 2704 1690; x_wconf 76' lang='lat' dir='ltr'><strong>quid</strong></span> <span class='ocrx_word' id='word_1_546' title='bbox 2737 1620 2820 1673; x_wconf 73' lang='grc' dir='ltr'><strong>εει.</strong></span> <span class='ocrx_word' id='word_1_547' title='bbox 2845 1649 2914 1659; x_wconf 87' lang='grc'><strong><em>-</em></strong></span> <span class='ocrx_word' id='word_1_548' title='bbox 2933 1620 3071 1687; x_wconf 87' lang='lat' dir='ltr'><strong>Quid</strong></span> <span class='ocrx_word' id='word_1_549' title='bbox 3099 1632 3179 1675; x_wconf 87' lang='lat' dir='ltr'><strong>est</strong></span> <span class='ocrx_word' id='word_1_550' title='bbox 3208 1622 3311 1677; x_wconf 89' lang='lat' dir='ltr'><strong>diei</strong></span> <span class='ocrx_word' id='word_1_551' title='bbox 3344 1622 3582 1677; x_wconf 82' lang='lat' dir='ltr'><strong>malitia?</strong></span> <span class='ocrx_word' id='word_1_552' title='bbox 3610 1600 3722 1678; x_wconf 72' lang='lat' dir='ltr'><strong>uiéa</strong></span> 
     </span>
    </p>
   </div>
   <div class='ocr_carea' id='block_1_76' title="bbox 2142 1709 3723 1783">
    <p class='ocr_par' dir='ltr' id='par_1_76' title="bbox 2142 1709 3723 1783">
     <span class='ocr_line' id='line_1_76' title="bbox 2142 1709 3723 1783; baseline 0.003 -20"><span class='ocrx_word' id='word_1_553' title='bbox 2142 1709 2345 1764; x_wconf 84' lang='lat' dir='ltr'><strong>malitia</strong></span> <span class='ocrx_word' id='word_1_554' title='bbox 2391 1709 2554 1767; x_wconf 88' lang='lat' dir='ltr'><strong>debet</strong></span> <span class='ocrx_word' id='word_1_555' title='bbox 2580 1725 2701 1765; x_wconf 82' lang='lat' dir='ltr'><strong>esse</strong></span> <span class='ocrx_word' id='word_1_556' title='bbox 2740 1712 2878 1765; x_wconf 88' lang='lat' dir='ltr'><strong>circa</strong></span> <span class='ocrx_word' id='word_1_557' title='bbox 2924 1711 3083 1766; x_wconf 88' lang='lat' dir='ltr'><strong>diem.</strong></span> <span class='ocrx_word' id='word_1_558' title='bbox 3138 1712 3194 1767; x_wconf 89' lang='lat' dir='ltr'><strong>Si</strong></span> <span class='ocrx_word' id='word_1_559' title='bbox 3243 1713 3495 1768; x_wconf 88' lang='lat' dir='ltr'><strong>didiceris</strong></span> <span class='ocrx_word' id='word_1_560' title='bbox 3521 1730 3640 1783; x_wconf 80' lang='lat' dir='ltr'><strong>qua:</strong></span> <span class='ocrx_word' id='word_1_561' title='bbox 3671 1718 3723 1767; x_wconf 91' lang='lat' dir='ltr'><strong>in</strong></span> 
     </span>
    </p>
   </div>
   <div class='ocr_carea' id='block_1_77' title="bbox 2142 1799 3724 1873">
    <p class='ocr_par' dir='ltr' id='par_1_77' title="bbox 2142 1799 3724 1873">
     <span class='ocr_line' id='line_1_77' title="bbox 2142 1799 3724 1873; baseline 0.002 -18"><span class='ocrx_word' id='word_1_562' title='bbox 2142 1799 2367 1870; x_wconf 85' lang='lat' dir='ltr'><strong>singulis</strong></span> <span class='ocrx_word' id='word_1_563' title='bbox 2395 1810 2635 1855; x_wconf 84' lang='lat' dir='ltr'><strong>nostrum</strong></span> <span class='ocrx_word' id='word_1_564' title='bbox 2676 1801 2747 1855; x_wconf 90' lang='lat' dir='ltr'><strong>sit</strong></span> <span class='ocrx_word' id='word_1_565' title='bbox 2800 1801 2999 1855; x_wconf 88' lang='lat' dir='ltr'><strong>malitia</strong></span> <span class='ocrx_word' id='word_1_566' title='bbox 3024 1844 3038 1866; x_wconf 94' lang='lat'><strong>,</strong></span> <span class='ocrx_word' id='word_1_567' title='bbox 3069 1803 3210 1857; x_wconf 89' lang='lat' dir='ltr'><strong>scies</strong></span> <span class='ocrx_word' id='word_1_568' title='bbox 3252 1803 3374 1873; x_wconf 91' lang='lat' dir='ltr'><strong>quid</strong></span> <span class='ocrx_word' id='word_1_569' title='bbox 3405 1804 3476 1858; x_wconf 90' lang='lat' dir='ltr'><strong>sit</strong></span> <span class='ocrx_word' id='word_1_570' title='bbox 3525 1805 3724 1858; x_wconf 79' lang='lat' dir='ltr'><strong>malitia</strong></span> 
     </span>
    </p>
   </div>
   <div class='ocr_carea' id='block_1_78' title="bbox 2144 1890 3723 1962">
    <p class='ocr_par' dir='ltr' id='par_1_78' title="bbox 2144 1890 3723 1962">
     <span class='ocr_line' id='line_1_78' title="bbox 2144 1890 3723 1962; baseline 0.004 -17"><span class='ocrx_word' id='word_1_571' title='bbox 2144 1890 2276 1945; x_wconf 85' lang='lat' dir='ltr'><strong>dici.</strong></span> <span class='ocrx_word' id='word_1_572' title='bbox 2308 1890 2443 1958; x_wconf 83' lang='lat' dir='ltr'><strong>Quid</strong></span> <span class='ocrx_word' id='word_1_573' title='bbox 2488 1899 2568 1947; x_wconf 89' lang='lat' dir='ltr'><strong>est</strong></span> <span class='ocrx_word' id='word_1_574' title='bbox 2603 1892 2801 1945; x_wconf 88' lang='lat' dir='ltr'><strong>malitia</strong></span> <span class='ocrx_word' id='word_1_575' title='bbox 2829 1906 2922 1945; x_wconf 89' lang='lat' dir='ltr'><strong>seu</strong></span> <span class='ocrx_word' id='word_1_576' title='bbox 2960 1893 3142 1947; x_wconf 88' lang='lat' dir='ltr'><strong>vitium</strong></span> <span class='ocrx_word' id='word_1_577' title='bbox 3174 1895 3459 1962; x_wconf 75' lang='lat' dir='ltr'><strong>corporis?</strong></span> <span class='ocrx_word' id='word_1_578' title='bbox 3482 1896 3723 1952; x_wconf 81' lang='lat' dir='ltr'><strong>morbus.</strong></span> 
     </span>
    </p>
   </div>
   <div class='ocr_carea' id='block_1_79' title="bbox 2148 1980 3730 2053">
    <p class='ocr_par' dir='ltr' id='par_1_79' title="bbox 2148 1980 3730 2053">
     <span class='ocr_line' id='line_1_79' title="bbox 2148 1980 3730 2053; baseline 0.003 -18"><span class='ocrx_word' id='word_1_579' title='bbox 2148 1980 2285 2047; x_wconf 89' lang='lat' dir='ltr'><strong>Quid</strong></span> <span class='ocrx_word' id='word_1_580' title='bbox 2307 1989 2392 2035; x_wconf 89' lang='lat' dir='ltr'><strong>est</strong></span> <span class='ocrx_word' id='word_1_581' title='bbox 2412 1980 2610 2035; x_wconf 87' lang='lat' dir='ltr'><strong>malitia</strong></span> <span class='ocrx_word' id='word_1_582' title='bbox 2634 1981 2826 2035; x_wconf 74' lang='lat' dir='ltr'><strong>anima:</strong></span> <span class='ocrx_word' id='word_1_583' title='bbox 2843 1981 2866 2034; x_wconf 84' lang='lat'><strong>?</strong></span> <span class='ocrx_word' id='word_1_584' title='bbox 2884 1982 3066 2036; x_wconf 89' lang='lat' dir='ltr'><strong>vitium</strong></span> <span class='ocrx_word' id='word_1_585' title='bbox 3087 1997 3182 2037; x_wconf 90' lang='lat' dir='ltr'><strong>seu</strong></span> <span class='ocrx_word' id='word_1_586' title='bbox 3204 1985 3459 2053; x_wconf 87' lang='lat' dir='ltr'><strong>pravitas.</strong></span> <span class='ocrx_word' id='word_1_587' title='bbox 3482 1984 3619 2052; x_wconf 81' lang='lat' dir='ltr'><strong>Quid</strong></span> <span class='ocrx_word' id='word_1_588' title='bbox 3643 1996 3730 2040; x_wconf 81' lang='lat' dir='ltr'><strong>est</strong></span> 
     </span>
    </p>
   </div>
   <div class='ocr_carea' id='block_1_80' title="bbox 2143 2072 3727 2147">
    <p class='ocr_par' dir='ltr' id='par_1_80' title="bbox 2143 2072 3727 2147">
     <span class='ocr_line' id='line_1_80' title="bbox 2143 2072 3727 2147; baseline 0.004 -20"><span class='ocrx_word' id='word_1_589' title='bbox 2143 2088 2295 2144; x_wconf 72' lang='lat' dir='ltr'><strong>aqua:</strong></span> <span class='ocrx_word' id='word_1_590' title='bbox 2323 2074 2547 2129; x_wconf 80' lang='lat' dir='ltr'><strong>malitia?</strong></span> <span class='ocrx_word' id='word_1_591' title='bbox 2571 2072 2888 2129; x_wconf 88' lang='lat' dir='ltr'><strong>amaritudo.</strong></span> <span class='ocrx_word' id='word_1_592' title='bbox 2907 2076 2973 2130; x_wconf 86' lang='lat' dir='ltr'><strong>Et</strong></span> <span class='ocrx_word' id='word_1_593' title='bbox 2989 2075 3404 2147; x_wconf 62' lang='lat' dir='ltr'><strong>uniuscujusque</strong></span> <span class='ocrx_word' id='word_1_594' title='bbox 3419 2078 3618 2131; x_wconf 59' lang='lat' dir='ltr'><strong>n‘ialitia</strong></span> <span class='ocrx_word' id='word_1_595' title='bbox 3632 2093 3727 2133; x_wconf 86' lang='lat' dir='ltr'><strong>seu</strong></span> 
     </span>
    </p>
   </div>
   <div class='ocr_carea' id='block_1_81' title="bbox 2146 2164 3727 2237">
    <p class='ocr_par' dir='ltr' id='par_1_81' title="bbox 2146 2164 3727 2237">
     <span class='ocr_line' id='line_1_81' title="bbox 2146 2164 3727 2237; baseline 0.003 -19"><span class='ocrx_word' id='word_1_596' title='bbox 2146 2164 2403 2233; x_wconf 82' lang='lat' dir='ltr'><strong>pravitas,</strong></span> <span class='ocrx_word' id='word_1_597' title='bbox 2428 2174 2512 2218; x_wconf 90' lang='lat' dir='ltr'><strong>est</strong></span> <span class='ocrx_word' id='word_1_598' title='bbox 2541 2164 2721 2217; x_wconf 88' lang='lat' dir='ltr'><strong>vitium</strong></span> <span class='ocrx_word' id='word_1_599' title='bbox 2746 2164 2890 2219; x_wconf 92' lang='lat' dir='ltr'><strong>circa</strong></span> <span class='ocrx_word' id='word_1_600' title='bbox 2913 2166 3053 2219; x_wconf 87' lang='lat' dir='ltr'><strong>illam</strong></span> <span class='ocrx_word' id='word_1_601' title='bbox 3076 2174 3342 2233; x_wconf 86' lang='lat' dir='ltr'><strong>naturam,</strong></span> <span class='ocrx_word' id='word_1_602' title='bbox 3367 2168 3521 2237; x_wconf 90' lang='lat' dir='ltr'><strong>cujus</strong></span> <span class='ocrx_word' id='word_1_603' title='bbox 3542 2177 3625 2224; x_wconf 91' lang='lat' dir='ltr'><strong>est</strong></span> <span class='ocrx_word' id='word_1_604' title='bbox 3646 2170 3727 2223; x_wconf 89' lang='lat' dir='ltr'><strong>vi-</strong></span> 
     </span>
    </p>
   </div>
   <div class='ocr_carea' id='block_1_82' title="bbox 2145 2253 3727 2328">
    <p class='ocr_par' dir='ltr' id='par_1_82' title="bbox 2145 2253 3727 2328">
     <span class='ocr_line' id='line_1_82' title="bbox 2145 2253 3727 2328; baseline 0.004 -19"><span class='ocrx_word' id='word_1_605' title='bbox 2145 2257 2297 2310; x_wconf 90' lang='lat' dir='ltr'><strong>tium.</strong></span> <span class='ocrx_word' id='word_1_606' title='bbox 2333 2253 2389 2310; x_wconf 89' lang='lat' dir='ltr'><strong>Si</strong></span> <span class='ocrx_word' id='word_1_607' title='bbox 2416 2270 2543 2325; x_wconf 83' lang='lat' dir='ltr'><strong>ergu</strong></span> <span class='ocrx_word' id='word_1_608' title='bbox 2568 2254 2754 2309; x_wconf 88' lang='lat' dir='ltr'><strong>vitium</strong></span> <span class='ocrx_word' id='word_1_609' title='bbox 2771 2266 2854 2311; x_wconf 92' lang='lat' dir='ltr'><strong>est</strong></span> <span class='ocrx_word' id='word_1_610' title='bbox 2869 2257 3008 2311; x_wconf 90' lang='lat' dir='ltr'><strong>circa</strong></span> <span class='ocrx_word' id='word_1_611' title='bbox 3031 2258 3195 2325; x_wconf 91' lang='lat' dir='ltr'><strong>diem,</strong></span> <span class='ocrx_word' id='word_1_612' title='bbox 3215 2269 3428 2328; x_wconf 88' lang='lat' dir='ltr'><strong>oportet</strong></span> <span class='ocrx_word' id='word_1_613' title='bbox 3450 2275 3569 2315; x_wconf 89' lang='lat' dir='ltr'><strong>esse</strong></span> <span class='ocrx_word' id='word_1_614' title='bbox 3585 2262 3727 2315; x_wconf 90' lang='lat' dir='ltr'><strong>circa</strong></span> 
     </span>
    </p>
   </div>
   <div class='ocr_carea' id='block_1_83' title="bbox 2146 2346 3730 2416">
    <p class='ocr_par' dir='ltr' id='par_1_83' title="bbox 2146 2346 3730 2416">
     <span class='ocr_line' id='line_1_83' title="bbox 2146 2346 3730 2416; baseline 0.003 -15"><span class='ocrx_word' id='word_1_615' title='bbox 2146 2346 2320 2416; x_wconf 90' lang='lat' dir='ltr'><strong>ipsum</strong></span> <span class='ocrx_word' id='word_1_616' title='bbox 2350 2347 2515 2412; x_wconf 89' lang='lat' dir='ltr'><strong>diem,</strong></span> <span class='ocrx_word' id='word_1_617' title='bbox 2545 2347 2686 2401; x_wconf 88' lang='lat' dir='ltr'><strong>circa</strong></span> <span class='ocrx_word' id='word_1_618' title='bbox 2710 2347 2888 2412; x_wconf 85' lang='lat' dir='ltr'><strong>horas,</strong></span> <span class='ocrx_word' id='word_1_619' title='bbox 2911 2350 3054 2404; x_wconf 89' lang='lat' dir='ltr'><strong>circa</strong></span> <span class='ocrx_word' id='word_1_620' title='bbox 3079 2348 3275 2404; x_wconf 89' lang='lat' dir='ltr'><strong>lucem.</strong></span> <span class='ocrx_word' id='word_1_621' title='bbox 3309 2350 3380 2403; x_wconf 88' lang='lat' dir='ltr'><strong>Ita</strong></span> <span class='ocrx_word' id='word_1_622' title='bbox 3405 2359 3457 2404; x_wconf 92' lang='lat' dir='ltr'><strong>et</strong></span> <span class='ocrx_word' id='word_1_623' title='bbox 3483 2349 3730 2407; x_wconf 85' lang='lat' dir='ltr'><strong>Christus</strong></span> 
     </span>
    </p>
   </div>
   <div class='ocr_carea' id='block_1_84' title="bbox 2144 2436 3730 2511">
    <p class='ocr_par' dir='ltr' id='par_1_84' title="bbox 2144 2436 3730 2511">
     <span class='ocr_line' id='line_1_84' title="bbox 2144 2436 3730 2511; baseline 0.004 -20"><span class='ocrx_word' id='word_1_624' title='bbox 2144 2437 2311 2492; x_wconf 85' lang='lat' dir='ltr'><strong>dicit:</strong></span> <span class='ocrx_word' id='word_1_625' title='bbox 2343 2436 2541 2507; x_wconf 63' lang='lat' dir='ltr'><strong>Suﬁicit</strong></span> <span class='ocrx_word' id='word_1_626' title='bbox 2590 2438 2692 2491; x_wconf 81' lang='lat' dir='ltr'><strong>diei</strong></span> <span class='ocrx_word' id='word_1_627' title='bbox 2742 2440 2939 2492; x_wconf 80' lang='lat' dir='ltr'><strong>malitia</strong></span> <span class='ocrx_word' id='word_1_628' title='bbox 2967 2455 3061 2494; x_wconf 75' lang='lat' dir='ltr'><strong>sua</strong></span> <span class='ocrx_word' id='word_1_629' title='bbox 3089 2438 3376 2511; x_wconf 75' lang='lat' dir='ltr'><strong>(Matth.6.</strong></span> <span class='ocrx_word' id='word_1_630' title='bbox 3395 2440 3508 2511; x_wconf 69' lang='grc'><strong>54).</strong></span> <span class='ocrx_word' id='word_1_631' title='bbox 3534 2441 3611 2496; x_wconf 77' lang='lat' dir='ltr'><strong>Ex</strong></span> <span class='ocrx_word' id='word_1_632' title='bbox 3630 2442 3730 2497; x_wconf 87' lang='lat' dir='ltr'><strong>hoc</strong></span> 
     </span>
    </p>
   </div>
   <div class='ocr_carea' id='block_1_85' title="bbox 2144 2529 3732 2605">
    <p class='ocr_par' dir='ltr' id='par_1_85' title="bbox 2144 2529 3732 2605">
     <span class='ocr_line' id='line_1_85' title="bbox 2144 2529 3732 2605; baseline 0.004 -21"><span class='ocrx_word' id='word_1_633' title='bbox 2144 2545 2274 2600; x_wconf 89' lang='lat' dir='ltr'><strong>ergo</strong></span> <span class='ocrx_word' id='word_1_634' title='bbox 2306 2529 2431 2583; x_wconf 90' lang='lat' dir='ltr'><strong>illud</strong></span> <span class='ocrx_word' id='word_1_635' title='bbox 2461 2545 2672 2601; x_wconf 84' lang='lat' dir='ltr'><strong>quoque</strong></span> <span class='ocrx_word' id='word_1_636' title='bbox 2712 2546 3115 2602; x_wconf 78' lang='lat' dir='ltr'><strong>cognoscemus.</strong></span> <span class='ocrx_word' id='word_1_637' title='bbox 3146 2534 3425 2602; x_wconf 85' lang='lat' dir='ltr'><strong>Quomodo</strong></span> <span class='ocrx_word' id='word_1_638' title='bbox 3453 2548 3586 2605; x_wconf 90' lang='lat' dir='ltr'><strong>ergo</strong></span> <span class='ocrx_word' id='word_1_639' title='bbox 3614 2535 3732 2591; x_wconf 89' lang='lat' dir='ltr'><strong>dies</strong></span> 
     </span>
    </p>
   </div>
   <div class='ocr_carea' id='block_1_86' title="bbox 2143 2620 3727 2692">
    <p class='ocr_par' dir='ltr' id='par_1_86' title="bbox 2143 2620 3727 2692">
     <span class='ocr_line' id='line_1_86' title="bbox 2143 2620 3727 2692; baseline 0.003 -18"><span class='ocrx_word' id='word_1_640' title='bbox 2143 2628 2303 2675; x_wconf 89' lang='lat' dir='ltr'><strong>vocat</strong></span> <span class='ocrx_word' id='word_1_641' title='bbox 2350 2620 2555 2675; x_wconf 79' lang='lat' dir='ltr'><strong>malus?</strong></span> <span class='ocrx_word' id='word_1_642' title='bbox 2579 2621 2848 2691; x_wconf 89' lang='lat' dir='ltr'><strong>quomodo</strong></span> <span class='ocrx_word' id='word_1_643' title='bbox 2880 2630 3088 2692; x_wconf 88' lang='lat' dir='ltr'><strong>tempus</strong></span> <span class='ocrx_word' id='word_1_644' title='bbox 3121 2623 3361 2677; x_wconf 73' lang='lat' dir='ltr'><strong>malum?</strong></span> <span class='ocrx_word' id='word_1_645' title='bbox 3398 2623 3511 2678; x_wconf 79' lang='lat' dir='ltr'><strong>Non</strong></span> <span class='ocrx_word' id='word_1_646' title='bbox 3542 2640 3727 2680; x_wconf 66' lang='lat' dir='ltr'><strong>essen-</strong></span> 
     </span>
    </p>
   </div>
   <div class='ocr_carea' id='block_1_87' title="bbox 2147 2710 3729 2785">
    <p class='ocr_par' dir='ltr' id='par_1_87' title="bbox 2147 2710 3729 2785">
     <span class='ocr_line' id='line_1_87' title="bbox 2147 2710 3729 2785; baseline 0.003 -19"><span class='ocrx_word' id='word_1_647' title='bbox 2147 2710 2297 2778; x_wconf 83' lang='lat' dir='ltr'><strong>tiam,</strong></span> <span class='ocrx_word' id='word_1_648' title='bbox 2328 2727 2501 2781; x_wconf 84' lang='lat' dir='ltr'><strong>neque</strong></span> <span class='ocrx_word' id='word_1_649' title='bbox 2531 2727 2618 2766; x_wconf 90' lang='lat' dir='ltr'><strong>res</strong></span> <span class='ocrx_word' id='word_1_650' title='bbox 2645 2720 2876 2781; x_wconf 88' lang='lat' dir='ltr'><strong>creatas,</strong></span> <span class='ocrx_word' id='word_1_651' title='bbox 2909 2714 3002 2767; x_wconf 89' lang='lat' dir='ltr'><strong>sed</strong></span> <span class='ocrx_word' id='word_1_652' title='bbox 3034 2724 3250 2785; x_wconf 90' lang='lat' dir='ltr'><strong>propter</strong></span> <span class='ocrx_word' id='word_1_653' title='bbox 3279 2729 3341 2770; x_wconf 89' lang='lat' dir='ltr'><strong>ea</strong></span> <span class='ocrx_word' id='word_1_654' title='bbox 3370 2730 3491 2785; x_wconf 78' lang='lat' dir='ltr'><strong>qua:</strong></span> <span class='ocrx_word' id='word_1_655' title='bbox 3519 2714 3651 2769; x_wconf 89' lang='lat' dir='ltr'><strong>fiunt</strong></span> <span class='ocrx_word' id='word_1_656' title='bbox 3677 2716 3729 2770; x_wconf 90' lang='lat' dir='ltr'><strong>in</strong></span> 
     </span>
    </p>
   </div>
   <div class='ocr_carea' id='block_1_88' title="bbox 2148 2800 3730 2876">
    <p class='ocr_par' dir='ltr' id='par_1_88' title="bbox 2148 2800 3730 2876">
     <span class='ocr_line' id='line_1_88' title="bbox 2148 2800 3730 2876; baseline 0.003 -20"><span class='ocrx_word' id='word_1_657' title='bbox 2148 2800 2281 2872; x_wconf 86' lang='lat' dir='ltr'><strong>ipsis</strong></span> <span class='ocrx_word' id='word_1_658' title='bbox 2313 2818 2326 2855; x_wconf 89' lang='lat'><strong>:</strong></span> <span class='ocrx_word' id='word_1_659' title='bbox 2356 2803 2495 2856; x_wconf 88' lang='lat' dir='ltr'><strong>sicut</strong></span> <span class='ocrx_word' id='word_1_660' title='bbox 2545 2817 2643 2856; x_wconf 86' lang='lat' dir='ltr'><strong>nos</strong></span> <span class='ocrx_word' id='word_1_661' title='bbox 2686 2818 2899 2873; x_wconf 81' lang='lat' dir='ltr'><strong>quoque</strong></span> <span class='ocrx_word' id='word_1_662' title='bbox 2939 2804 3179 2858; x_wconf 88' lang='lat' dir='ltr'><strong>solemus</strong></span> <span class='ocrx_word' id='word_1_663' title='bbox 3217 2803 3419 2869; x_wconf 90' lang='lat' dir='ltr'><strong>dicere,</strong></span> <span class='ocrx_word' id='word_1_664' title='bbox 3472 2805 3730 2876; x_wconf 78' lang='lat' dir='ltr'><strong>Tra:.scgi</strong></span> 
     </span>
    </p>
   </div>
   <div class='ocr_carea' id='block_1_89' title="bbox 2145 2893 3728 2965">
    <p class='ocr_par' dir='ltr' id='par_1_89' title="bbox 2145 2893 3728 2965">
     <span class='ocr_line' id='line_1_89' title="bbox 2145 2893 3728 2965; baseline 0.001 -17"><span class='ocrx_word' id='word_1_665' title='bbox 2145 2893 2290 2948; x_wconf 90' lang='lat' dir='ltr'><strong>diem</strong></span> <span class='ocrx_word' id='word_1_666' title='bbox 2312 2894 2511 2949; x_wconf 86' lang='lat' dir='ltr'><strong>malum</strong></span> <span class='ocrx_word' id='word_1_667' title='bbox 2533 2902 2586 2949; x_wconf 92' lang='lat' dir='ltr'><strong>et</strong></span> <span class='ocrx_word' id='word_1_668' title='bbox 2615 2909 2852 2964; x_wconf 89' lang='lat' dir='ltr'><strong>gravem.</strong></span> <span class='ocrx_word' id='word_1_669' title='bbox 2881 2895 3040 2965; x_wconf 76' lang='lat' dir='ltr'><strong>Atqui</strong></span> <span class='ocrx_word' id='word_1_670' title='bbox 3067 2893 3338 2965; x_wconf 83' lang='lat' dir='ltr'><strong>quomodo</strong></span> <span class='ocrx_word' id='word_1_671' title='bbox 3356 2894 3728 2965; x_wconf 82' lang='lat' dir='ltr'><strong>fueritgravis,</strong></span> 
     </span>
    </p>
   </div>
   <div class='ocr_carea' id='block_1_90' title="bbox 2148 2984 3732 3055">
    <p class='ocr_par' dir='ltr' id='par_1_90' title="bbox 2148 2984 3732 3055">
     <span class='ocr_line' id='line_1_90' title="bbox 2148 2984 3732 3055; baseline 0.001 -15"><span class='ocrx_word' id='word_1_672' title='bbox 2148 2984 2253 3040; x_wconf 91' lang='lat' dir='ltr'><strong>nisi</strong></span> <span class='ocrx_word' id='word_1_673' title='bbox 2299 2999 2363 3040; x_wconf 77' lang='lat' dir='ltr'><strong>ex</strong></span> <span class='ocrx_word' id='word_1_674' title='bbox 2411 2984 2477 3040; x_wconf 88' lang='lat' dir='ltr'><strong>iis</strong></span> <span class='ocrx_word' id='word_1_675' title='bbox 2502 3000 2622 3055; x_wconf 72' lang='lat' dir='ltr'><strong>qua;</strong></span> <span class='ocrx_word' id='word_1_676' title='bbox 2655 2986 2704 3038; x_wconf 90' lang='lat' dir='ltr'><strong>in</strong></span> <span class='ocrx_word' id='word_1_677' title='bbox 2733 2985 2852 3055; x_wconf 84' lang='lat' dir='ltr'><strong>ipso</strong></span> <span class='ocrx_word' id='word_1_678' title='bbox 2879 2985 3161 3041; x_wconf 82' lang='lat' dir='ltr'><strong>accidunt?</strong></span> <span class='ocrx_word' id='word_1_679' title='bbox 3186 2984 3322 3054; x_wconf 83' lang='lat' dir='ltr'><strong>Quae</strong></span> <span class='ocrx_word' id='word_1_680' title='bbox 3351 2994 3530 3040; x_wconf 87' lang='lat' dir='ltr'><strong>autem</strong></span> <span class='ocrx_word' id='word_1_681' title='bbox 3562 2987 3614 3041; x_wconf 93' lang='lat' dir='ltr'><strong>in</strong></span> <span class='ocrx_word' id='word_1_682' title='bbox 3664 3002 3732 3041; x_wconf 84' lang='lat' dir='ltr'><strong>eo</strong></span> 
     </span>
    </p>
   </div>
   <div class='ocr_carea' id='block_1_91' title="bbox 2146 3074 3733 3147">
    <p class='ocr_par' dir='ltr' id='par_1_91' title="bbox 2146 3074 3733 3147">
     <span class='ocr_line' id='line_1_91' title="bbox 2146 3074 3733 3147; baseline 0.003 -19"><span class='ocrx_word' id='word_1_683' title='bbox 2146 3074 2418 3142; x_wconf 88' lang='lat' dir='ltr'><strong>accidunt,</strong></span> <span class='ocrx_word' id='word_1_684' title='bbox 2469 3085 2595 3130; x_wconf 87' lang='lat' dir='ltr'><strong>sunt</strong></span> <span class='ocrx_word' id='word_1_685' title='bbox 2629 3075 2843 3147; x_wconf 88' lang='lat' dir='ltr'><strong>quidem</strong></span> <span class='ocrx_word' id='word_1_686' title='bbox 2877 3077 3014 3131; x_wconf 90' lang='lat' dir='ltr'><strong>bona</strong></span> <span class='ocrx_word' id='word_1_687' title='bbox 3064 3091 3093 3130; x_wconf 93' lang='lat' dir='ltr'><strong>a</strong></span> <span class='ocrx_word' id='word_1_688' title='bbox 3124 3076 3235 3132; x_wconf 89' lang='lat' dir='ltr'><strong>Deo</strong></span> <span class='ocrx_word' id='word_1_689' title='bbox 3260 3118 3274 3144; x_wconf 94' lang='lat'><strong>,</strong></span> <span class='ocrx_word' id='word_1_690' title='bbox 3308 3077 3449 3131; x_wconf 89' lang='lat' dir='ltr'><strong>mala</strong></span> <span class='ocrx_word' id='word_1_691' title='bbox 3493 3087 3669 3131; x_wconf 88' lang='lat' dir='ltr'><strong>autem</strong></span> <span class='ocrx_word' id='word_1_692' title='bbox 3701 3094 3733 3133; x_wconf 88' lang='lat' dir='ltr'><strong>a</strong></span> 
     </span>
    </p>
   </div>
   <div class='ocr_carea' id='block_1_92' title="bbox 2146 3166 3735 3238">
    <p class='ocr_par' dir='ltr' id='par_1_92' title="bbox 2146 3166 3735 3238">
     <span class='ocr_line' id='line_1_92' title="bbox 2146 3166 3735 3238; baseline 0.002 -17"><span class='ocrx_word' id='word_1_693' title='bbox 2146 3167 2302 3221; x_wconf 87' lang='lat' dir='ltr'><strong>malis</strong></span> <span class='ocrx_word' id='word_1_694' title='bbox 2333 3166 2656 3222; x_wconf 84' lang='lat' dir='ltr'><strong>hominibus.</strong></span> <span class='ocrx_word' id='word_1_695' title='bbox 2677 3167 2935 3223; x_wconf 83' lang='lat' dir='ltr'><strong>Malorum</strong></span> <span class='ocrx_word' id='word_1_696' title='bbox 2957 3182 3084 3238; x_wconf 89' lang='lat' dir='ltr'><strong>ergo</strong></span> <span class='ocrx_word' id='word_1_697' title='bbox 3103 3182 3223 3237; x_wconf 72' lang='lat' dir='ltr'><strong>qua:</strong></span> <span class='ocrx_word' id='word_1_698' title='bbox 3243 3167 3491 3223; x_wconf 88' lang='lat' dir='ltr'><strong>accidunt</strong></span> <span class='ocrx_word' id='word_1_699' title='bbox 3512 3169 3564 3223; x_wconf 92' lang='lat' dir='ltr'><strong>in</strong></span> <span class='ocrx_word' id='word_1_700' title='bbox 3592 3177 3735 3224; x_wconf 81' lang='lat' dir='ltr'><strong>tem-</strong></span> 
     </span>
    </p>
   </div>
   <div class='ocr_carea' id='block_1_93' title="bbox 2148 3256 3737 3329">
    <p class='ocr_par' dir='ltr' id='par_1_93' title="bbox 2148 3256 3737 3329">
     <span class='ocr_line' id='line_1_93' title="bbox 2148 3256 3737 3329; baseline 0.003 -18"><span class='ocrx_word' id='word_1_701' title='bbox 2148 3257 2368 3329; x_wconf 89' lang='lat' dir='ltr'><strong>poribus</strong></span> <span class='ocrx_word' id='word_1_702' title='bbox 2418 3256 2771 3314; x_wconf 79' lang='lat' dir='ltr'><strong>fabricatores</strong></span> <span class='ocrx_word' id='word_1_703' title='bbox 2822 3267 2946 3312; x_wconf 92' lang='lat' dir='ltr'><strong>sunt</strong></span> <span class='ocrx_word' id='word_1_704' title='bbox 2988 3257 3235 3314; x_wconf 87' lang='lat' dir='ltr'><strong>homines</strong></span> <span class='ocrx_word' id='word_1_705' title='bbox 3283 3275 3296 3311; x_wconf 90' lang='lat'><strong>:</strong></span> <span class='ocrx_word' id='word_1_706' title='bbox 3348 3269 3403 3314; x_wconf 88' lang='lat' dir='ltr'><strong>et</strong></span> <span class='ocrx_word' id='word_1_707' title='bbox 3449 3270 3737 3329; x_wconf 82' lang='lat' dir='ltr'><strong>propterea</strong></span> 
     </span>
    </p>
   </div>
   <div class='ocr_carea' id='block_1_94' title="bbox 2149 3348 3739 3420">
    <p class='ocr_par' dir='ltr' id='par_1_94' title="bbox 2149 3348 3739 3420">
     <span class='ocr_line' id='line_1_94' title="bbox 2149 3348 3739 3420; baseline 0.001 -17"><span class='ocrx_word' id='word_1_708' title='bbox 2149 3357 2390 3419; x_wconf 83' lang='lat' dir='ltr'><strong>tempora</strong></span> <span class='ocrx_word' id='word_1_709' title='bbox 2420 3348 2671 3403; x_wconf 88' lang='lat' dir='ltr'><strong>dicuntur</strong></span> <span class='ocrx_word' id='word_1_710' title='bbox 2688 3349 2842 3404; x_wconf 84' lang='lat' dir='ltr'><strong>mala.</strong></span> <span class='ocrx_word' id='word_1_711' title='bbox 2869 3350 2947 3405; x_wconf 84' lang='lat' dir='ltr'><strong>ita</strong></span> <span class='ocrx_word' id='word_1_712' title='bbox 2972 3365 3068 3403; x_wconf 90' lang='lat' dir='ltr'><strong>nos</strong></span> <span class='ocrx_word' id='word_1_713' title='bbox 3092 3364 3305 3420; x_wconf 88' lang='lat' dir='ltr'><strong>quoque</strong></span> <span class='ocrx_word' id='word_1_714' title='bbox 3321 3350 3459 3403; x_wconf 91' lang='lat' dir='ltr'><strong>mala</strong></span> <span class='ocrx_word' id='word_1_715' title='bbox 3480 3365 3739 3405; x_wconf 86' lang='lat' dir='ltr'><strong>vocamus</strong></span> 
     </span>
    </p>
   </div>
   <div class='ocr_carea' id='block_1_95' title="bbox 2148 3439 3722 3510">
    <p class='ocr_par' dir='ltr' id='par_1_95' title="bbox 2148 3439 3722 3510">
     <span class='ocr_line' id='line_1_95' title="bbox 2148 3439 3722 3510; baseline 0 -15"><span class='ocrx_word' id='word_1_716' title='bbox 2148 3449 2411 3510; x_wconf 87' lang='lat' dir='ltr'><strong>tempora.</strong></span> <span class='ocrx_word' id='word_1_717' title='bbox 2449 3439 2744 3509; x_wconf 78' lang='lat' dir='ltr'><strong>Pmpterea,</strong></span> <span class='ocrx_word' id='word_1_718' title='bbox 2780 3441 2981 3510; x_wconf 90' lang='lat' dir='ltr'><strong>inquit,</strong></span> <span class='ocrx_word' id='word_1_719' title='bbox 3011 3441 3169 3495; x_wconf 79' lang='lat' dir='ltr'><strong>nolite</strong></span> <span class='ocrx_word' id='word_1_720' title='bbox 3193 3441 3307 3508; x_wconf 67' lang='lat' dir='ltr'><strong>ﬁeri</strong></span> <span class='ocrx_word' id='word_1_721' title='bbox 3351 3441 3722 3510; x_wconf 76' lang='lat' dir='ltr'><strong>imprudentes,</strong></span> 
     </span>
    </p>
   </div>
   <div class='ocr_carea' id='block_1_96' title="bbox 2149 3513 3740 3601">
    <p class='ocr_par' dir='ltr' id='par_1_96' title="bbox 2149 3513 3740 3601">
     <span class='ocr_line' id='line_1_96' title="bbox 2149 3513 3740 3601; baseline 0.001 -16"><span class='ocrx_word' id='word_1_722' title='bbox 2149 3531 2240 3586; x_wconf 85' lang='lat' dir='ltr'><strong>sed</strong></span> <span class='ocrx_word' id='word_1_723' title='bbox 2260 3513 2597 3594; x_wconf 60' lang='lat' dir='ltr'><strong>intelligent“</strong></span> <span class='ocrx_word' id='word_1_724' title='bbox 2622 3546 2734 3601; x_wconf 70' lang='lat' dir='ltr'><strong>quia</strong></span> <span class='ocrx_word' id='word_1_725' title='bbox 2759 3531 2823 3585; x_wconf 85' lang='lat' dir='ltr'><strong>sit</strong></span> <span class='ocrx_word' id='word_1_726' title='bbox 2843 3530 3075 3585; x_wconf 84' lang='lat' dir='ltr'><strong>voluntas</strong></span> <span class='ocrx_word' id='word_1_727' title='bbox 3103 3529 3331 3585; x_wconf 89' lang='lat' dir='ltr'><strong>Domini.</strong></span> <span class='ocrx_word' id='word_1_728' title='bbox 3360 3531 3447 3586; x_wconf 87' lang='grc'><strong>18.</strong></span> <span class='ocrx_word' id='word_1_729' title='bbox 3480 3519 3555 3587; x_wconf 74' lang='lat' dir='ltr'><strong>Et</strong></span> <span class='ocrx_word' id='word_1_730' title='bbox 3583 3532 3740 3587; x_wconf 62' lang='lat' dir='ltr'><strong>nolit‘e</strong></span> 
     </span>
    </p>
   </div>
   <div class='ocr_carea' id='block_1_97' title="bbox 2148 3621 3737 3693">
    <p class='ocr_par' dir='ltr' id='par_1_97' title="bbox 2148 3621 3737 3693">
     <span class='ocr_line' id='line_1_97' title="bbox 2148 3621 3737 3693; baseline -0.001 -16"><span class='ocrx_word' id='word_1_731' title='bbox 2148 3621 2393 3677; x_wconf 78' lang='lat' dir='ltr'><strong>inebriari</strong></span> <span class='ocrx_word' id='word_1_732' title='bbox 2421 3625 2556 3686; x_wconf 82' lang='lat' dir='ltr'><strong>vino,</strong></span> <span class='ocrx_word' id='word_1_733' title='bbox 2582 3622 2635 3675; x_wconf 89' lang='lat' dir='ltr'><strong>in</strong></span> <span class='ocrx_word' id='word_1_734' title='bbox 2656 3638 2755 3693; x_wconf 86' lang='lat' dir='ltr'><strong>quo</strong></span> <span class='ocrx_word' id='word_1_735' title='bbox 2794 3631 2867 3676; x_wconf 85' lang='lat' dir='ltr'><strong>est</strong></span> <span class='ocrx_word' id='word_1_736' title='bbox 2895 3622 3121 3677; x_wconf 75' lang='lat' dir='ltr'><strong>luxuria.</strong></span> <span class='ocrx_word' id='word_1_737' title='bbox 3155 3621 3325 3693; x_wconf 79' lang='lat' dir='ltr'><strong>Hujus</strong></span> <span class='ocrx_word' id='word_1_738' title='bbox 3368 3637 3581 3693; x_wconf 90' lang='lat' dir='ltr'><strong>quoque</strong></span> <span class='ocrx_word' id='word_1_739' title='bbox 3633 3624 3737 3677; x_wconf 86' lang='lat' dir='ltr'><strong>im-</strong></span> 
     </span>
    </p>
   </div>
   <div class='ocr_carea' id='block_1_98' title="bbox 2151 3712 3741 3784">
    <p class='ocr_par' dir='ltr' id='par_1_98' title="bbox 2151 3712 3741 3784">
     <span class='ocr_line' id='line_1_98' title="bbox 2151 3712 3741 3784; baseline 0.001 -16"><span class='ocrx_word' id='word_1_740' title='bbox 2151 3713 2450 3768; x_wconf 89' lang='lat' dir='ltr'><strong>moderatio</strong></span> <span class='ocrx_word' id='word_1_741' title='bbox 2498 3712 2623 3767; x_wconf 89' lang='lat' dir='ltr'><strong>facit</strong></span> <span class='ocrx_word' id='word_1_742' title='bbox 2661 3713 2954 3781; x_wconf 87' lang='lat' dir='ltr'><strong>animosos,</strong></span> <span class='ocrx_word' id='word_1_743' title='bbox 2984 3714 3235 3779; x_wconf 87' lang='lat' dir='ltr'><strong>audaces,</strong></span> <span class='ocrx_word' id='word_1_744' title='bbox 3269 3714 3594 3784; x_wconf 69' lang='lat' dir='ltr'><strong>praecipites,</strong></span> <span class='ocrx_word' id='word_1_745' title='bbox 3631 3716 3741 3769; x_wconf 85' lang='lat' dir='ltr'><strong>ira-</strong></span> 
     </span>
    </p>
   </div>
   <div class='ocr_carea' id='block_1_99' title="bbox 2152 3804 3739 3879">
    <p class='ocr_par' dir='ltr' id='par_1_99' title="bbox 2152 3804 3739 3879">
     <span class='ocr_line' id='line_1_99' title="bbox 2152 3804 3739 3879; baseline 0.001 -20"><span class='ocrx_word' id='word_1_746' title='bbox 2152 3804 2376 3869; x_wconf 80' lang='lat' dir='ltr'><strong>cundos,</strong></span> <span class='ocrx_word' id='word_1_747' title='bbox 2408 3819 2709 3877; x_wconf 65' lang='lat' dir='ltr'><strong>gravesque</strong></span> <span class='ocrx_word' id='word_1_748' title='bbox 2731 3813 2787 3862; x_wconf 90' lang='lat' dir='ltr'><strong>et</strong></span> <span class='ocrx_word' id='word_1_749' title='bbox 2811 3805 3079 3860; x_wconf 79' lang='lat' dir='ltr'><strong>difﬁciles.</strong></span> <span class='ocrx_word' id='word_1_750' title='bbox 3108 3806 3300 3860; x_wconf 84' lang='lat' dir='ltr'><strong>Datum</strong></span> <span class='ocrx_word' id='word_1_751' title='bbox 3331 3814 3417 3861; x_wconf 90' lang='lat' dir='ltr'><strong>est</strong></span> <span class='ocrx_word' id='word_1_752' title='bbox 3439 3809 3621 3860; x_wconf 91' lang='lat' dir='ltr'><strong>vinum</strong></span> <span class='ocrx_word' id='word_1_753' title='bbox 3667 3807 3739 3879; x_wconf 77' lang='lat' dir='ltr'><strong>ad</strong></span> 
     </span>
    </p>
   </div>
   <div class='ocr_carea' id='block_1_100' title="bbox 2154 3896 3744 3964">
    <p class='ocr_par' dir='ltr' id='par_1_100' title="bbox 2154 3896 3744 3964">
     <span class='ocr_line' id='line_1_100' title="bbox 2154 3896 3744 3964; baseline 0.002 -13"><span class='ocrx_word' id='word_1_754' title='bbox 2154 3898 2416 3964; x_wconf 81' lang='lat' dir='ltr'><strong>laetitiam,</strong></span> <span class='ocrx_word' id='word_1_755' title='bbox 2441 3914 2546 3951; x_wconf 90' lang='lat' dir='ltr'><strong>non</strong></span> <span class='ocrx_word' id='word_1_756' title='bbox 2567 3896 2635 3951; x_wconf 81' lang='lat' dir='ltr'><strong>ad</strong></span> <span class='ocrx_word' id='word_1_757' title='bbox 2655 3898 3002 3954; x_wconf 87' lang='lat' dir='ltr'><strong>ebrietatem:</strong></span> <span class='ocrx_word' id='word_1_758' title='bbox 3022 3913 3160 3951; x_wconf 91' lang='lat' dir='ltr'><strong>nunc</strong></span> <span class='ocrx_word' id='word_1_759' title='bbox 3177 3908 3354 3954; x_wconf 90' lang='lat' dir='ltr'><strong>autem</strong></span> <span class='ocrx_word' id='word_1_760' title='bbox 3376 3914 3483 3953; x_wconf 90' lang='lat' dir='ltr'><strong>non</strong></span> <span class='ocrx_word' id='word_1_761' title='bbox 3505 3898 3744 3954; x_wconf 84' lang='lat' dir='ltr'><strong>inebria-</strong></span> 
     </span>
    </p>
   </div>
   <div class='ocr_carea' id='block_1_101' title="bbox 2157 3987 3742 4061">
    <p class='ocr_par' dir='ltr' id='par_1_101' title="bbox 2157 3987 3742 4061">
     <span class='ocr_line' id='line_1_101' title="bbox 2157 3987 3742 4061; baseline 0 -17"><span class='ocrx_word' id='word_1_762' title='bbox 2157 3989 2238 4054; x_wconf 89' lang='lat' dir='ltr'><strong>ri,</strong></span> <span class='ocrx_word' id='word_1_763' title='bbox 2266 3987 2476 4043; x_wconf 88' lang='lat' dir='ltr'><strong>videtur</strong></span> <span class='ocrx_word' id='word_1_764' title='bbox 2504 4003 2592 4044; x_wconf 91' lang='lat' dir='ltr'><strong>res</strong></span> <span class='ocrx_word' id='word_1_765' title='bbox 2619 4003 2741 4044; x_wconf 83' lang='lat' dir='ltr'><strong>esse</strong></span> <span class='ocrx_word' id='word_1_766' title='bbox 2771 3990 2946 4060; x_wconf 86' lang='lat' dir='ltr'><strong>ignavi</strong></span> <span class='ocrx_word' id='word_1_767' title='bbox 2974 3999 3030 4045; x_wconf 91' lang='lat' dir='ltr'><strong>et</strong></span> <span class='ocrx_word' id='word_1_768' title='bbox 3058 3990 3378 4059; x_wconf 88' lang='lat' dir='ltr'><strong>pusillanimi</strong></span> <span class='ocrx_word' id='word_1_769' title='bbox 3402 4030 3415 4055; x_wconf 94' lang='lat'><strong>,</strong></span> <span class='ocrx_word' id='word_1_770' title='bbox 3446 4000 3502 4045; x_wconf 90' lang='lat' dir='ltr'><strong>et</strong></span> <span class='ocrx_word' id='word_1_771' title='bbox 3525 3991 3742 4061; x_wconf 75' lang='lat' dir='ltr'><strong>quaesit</strong></span> 
     </span>
    </p>
   </div>
   <div class='ocr_carea' id='block_1_102' title="bbox 2160 4081 3743 4152">
    <p class='ocr_par' dir='ltr' id='par_1_102' title="bbox 2160 4081 3743 4152">
     <span class='ocr_line' id='line_1_102' title="bbox 2160 4081 3743 4152; baseline 0.001 -15"><span class='ocrx_word' id='word_1_772' title='bbox 2160 4081 2400 4138; x_wconf 90' lang='lat' dir='ltr'><strong>ridenda.</strong></span> <span class='ocrx_word' id='word_1_773' title='bbox 2431 4082 2685 4151; x_wconf 80' lang='lat' dir='ltr'><strong>Quamum</strong></span> <span class='ocrx_word' id='word_1_774' title='bbox 2709 4083 2900 4138; x_wconf 86' lang='lat' dir='ltr'><strong>salutis</strong></span> <span class='ocrx_word' id='word_1_775' title='bbox 2919 4097 3045 4152; x_wconf 91' lang='lat' dir='ltr'><strong>spes</strong></span> <span class='ocrx_word' id='word_1_776' title='bbox 3070 4082 3176 4137; x_wconf 79' lang='lat' dir='ltr'><strong>est?</strong></span> <span class='ocrx_word' id='word_1_777' title='bbox 3200 4081 3359 4136; x_wconf 79' lang='lat' dir='ltr'><strong>Risus</strong></span> <span class='ocrx_word' id='word_1_778' title='bbox 3385 4093 3468 4136; x_wconf 89' lang='lat' dir='ltr'><strong>est</strong></span> <span class='ocrx_word' id='word_1_779' title='bbox 3494 4098 3601 4136; x_wconf 90' lang='lat' dir='ltr'><strong>non</strong></span> <span class='ocrx_word' id='word_1_780' title='bbox 3635 4082 3743 4138; x_wconf 89' lang='lat' dir='ltr'><strong>iue-</strong></span> 
     </span>
    </p>
   </div>
   <div class='ocr_carea' id='block_1_103' title="bbox 2154 4173 3742 4244">
    <p class='ocr_par' dir='ltr' id='par_1_103' title="bbox 2154 4173 3742 4244">
     <span class='ocr_line' id='line_1_103' title="bbox 2154 4173 3742 4244; baseline -0.001 -15"><span class='ocrx_word' id='word_1_781' title='bbox 2154 4174 2341 4239; x_wconf 88' lang='lat' dir='ltr'><strong>briari,</strong></span> <span class='ocrx_word' id='word_1_782' title='bbox 2368 4174 2468 4241; x_wconf 85' lang='lat' dir='ltr'><strong>ais,</strong></span> <span class='ocrx_word' id='word_1_783' title='bbox 2501 4173 2714 4244; x_wconf 88' lang='lat' dir='ltr'><strong>quando</strong></span> <span class='ocrx_word' id='word_1_784' title='bbox 2734 4174 2967 4229; x_wconf 88' lang='lat' dir='ltr'><strong>ebrietas</strong></span> <span class='ocrx_word' id='word_1_785' title='bbox 2984 4173 3217 4229; x_wconf 80' lang='lat' dir='ltr'><strong>maxime</strong></span> <span class='ocrx_word' id='word_1_786' title='bbox 3243 4174 3484 4228; x_wconf 91' lang='lat' dir='ltr'><strong>omnium</strong></span> <span class='ocrx_word' id='word_1_787' title='bbox 3515 4173 3742 4229; x_wconf 81' lang='lat' dir='ltr'><strong>ridicula</strong></span> 
     </span>
    </p>
   </div>
   <div class='ocr_carea' id='block_1_104' title="bbox 2153 4262 3743 4335">
    <p class='ocr_par' dir='ltr' id='par_1_104' title="bbox 2153 4262 3743 4335">
     <span class='ocr_line' id='line_1_104' title="bbox 2153 4262 3743 4335; baseline -0.001 -16"><span class='ocrx_word' id='word_1_788' title='bbox 2153 4272 2429 4335; x_wconf 90' lang='lat' dir='ltr'><strong>oporteret</strong></span> <span class='ocrx_word' id='word_1_789' title='bbox 2453 4264 2612 4319; x_wconf 75' lang='lat' dir='ltr'><strong>esse?</strong></span> <span class='ocrx_word' id='word_1_790' title='bbox 2633 4262 2763 4318; x_wconf 85' lang='lat' dir='ltr'><strong>Nam</strong></span> <span class='ocrx_word' id='word_1_791' title='bbox 2785 4266 2947 4319; x_wconf 87' lang='lat' dir='ltr'><strong>etiam</strong></span> <span class='ocrx_word' id='word_1_792' title='bbox 2966 4264 3231 4334; x_wconf 88' lang='lat' dir='ltr'><strong>privatum</strong></span> <span class='ocrx_word' id='word_1_793' title='bbox 3255 4264 3441 4333; x_wconf 89' lang='lat' dir='ltr'><strong>procul</strong></span> <span class='ocrx_word' id='word_1_794' title='bbox 3462 4263 3531 4318; x_wconf 89' lang='lat' dir='ltr'><strong>ab</strong></span> <span class='ocrx_word' id='word_1_795' title='bbox 3559 4264 3743 4323; x_wconf 80' lang='lat' dir='ltr'><strong>ebrie-</strong></span> 
     </span>
    </p>
   </div>
   <div class='ocr_carea' id='block_1_105' title="bbox 2156 4356 3743 4415">
    <p class='ocr_par' dir='ltr' id='par_1_105' title="bbox 2156 4356 3743 4415">
     <span class='ocr_line' id='line_1_105' title="bbox 2156 4356 3743 4415; baseline -0.001 0"><span class='ocrx_word' id='word_1_796' title='bbox 2156 4368 2267 4415; x_wconf 86' lang='lat' dir='ltr'><strong>tate</strong></span> <span class='ocrx_word' id='word_1_797' title='bbox 2295 4359 2516 4414; x_wconf 90' lang='lat' dir='ltr'><strong>omnino</strong></span> <span class='ocrx_word' id='word_1_798' title='bbox 2544 4366 2811 4414; x_wconf 89' lang='lat' dir='ltr'><strong>remotum</strong></span> <span class='ocrx_word' id='word_1_799' title='bbox 2834 4371 2956 4415; x_wconf 88' lang='lat' dir='ltr'><strong>esse</strong></span> <span class='ocrx_word' id='word_1_800' title='bbox 2982 4357 3184 4414; x_wconf 85' lang='lat' dir='ltr'><strong>bonum</strong></span> <span class='ocrx_word' id='word_1_801' title='bbox 3210 4367 3292 4412; x_wconf 90' lang='lat' dir='ltr'><strong>est</strong></span> <span class='ocrx_word' id='word_1_802' title='bbox 3320 4373 3333 4409; x_wconf 92' lang='lat'>:</span> <span class='ocrx_word' id='word_1_803' title='bbox 3368 4356 3535 4413; x_wconf 73' lang='lat' dir='ltr'><strong>multo</strong></span> <span class='ocrx_word' id='word_1_804' title='bbox 3560 4369 3743 4413; x_wconf 84' lang='lat' dir='ltr'><strong>autem</strong></span> 
     </span>
    </p>
   </div>
   <div class='ocr_carea' id='block_1_106' title="bbox 2157 4446 3747 4522">
    <p class='ocr_par' dir='ltr' id='par_1_106' title="bbox 2157 4446 3747 4522">
     <span class='ocr_line' id='line_1_106' title="bbox 2157 4446 3747 4522; baseline -0.003 -16"><span class='ocrx_word' id='word_1_805' title='bbox 2157 4449 2325 4522; x_wconf 88' lang='lat' dir='ltr'><strong>magis</strong></span> <span class='ocrx_word' id='word_1_806' title='bbox 2355 4449 2580 4504; x_wconf 88' lang='lat' dir='ltr'><strong>militem</strong></span> <span class='ocrx_word' id='word_1_807' title='bbox 2607 4450 2648 4514; x_wconf 74' lang='grc' dir='ltr'><strong>ί,</strong></span> <span class='ocrx_word' id='word_1_808' title='bbox 2681 4449 2771 4518; x_wconf 92' lang='lat' dir='ltr'><strong>qui</strong></span> <span class='ocrx_word' id='word_1_809' title='bbox 2801 4456 3046 4503; x_wconf 86' lang='lat' dir='ltr'><strong>versatur</strong></span> <span class='ocrx_word' id='word_1_810' title='bbox 3069 4447 3120 4501; x_wconf 89' lang='lat' dir='ltr'><strong>in</strong></span> <span class='ocrx_word' id='word_1_811' title='bbox 3147 4447 3357 4518; x_wconf 83' lang='lat' dir='ltr'><strong>gladiis,</strong></span> <span class='ocrx_word' id='word_1_812' title='bbox 3392 4446 3446 4501; x_wconf 93' lang='lat' dir='ltr'><strong>in</strong></span> <span class='ocrx_word' id='word_1_813' title='bbox 3486 4448 3747 4519; x_wconf 84' lang='lat' dir='ltr'><strong>sanguine</strong></span> 
     </span>
    </p>
   </div>
   <div class='ocr_carea' id='block_1_107' title="bbox 2158 4537 3743 4609">
    <p class='ocr_par' dir='ltr' id='par_1_107' title="bbox 2158 4537 3743 4609">
     <span class='ocr_line' id='line_1_107' title="bbox 2158 4537 3743 4609; baseline -0.004 -11"><span class='ocrx_word' id='word_1_814' title='bbox 2158 4552 2214 4599; x_wconf 90' lang='lat' dir='ltr'><strong>et</strong></span> <span class='ocrx_word' id='word_1_815' title='bbox 2233 4541 2503 4606; x_wconf 73' lang='lat' dir='ltr'><strong>caedibus;</strong></span> <span class='ocrx_word' id='word_1_816' title='bbox 2528 4549 2582 4594; x_wconf 89' lang='lat' dir='ltr'><strong>et</strong></span> <span class='ocrx_word' id='word_1_817' title='bbox 2608 4541 2774 4595; x_wconf 88' lang='lat' dir='ltr'><strong>multo</strong></span> <span class='ocrx_word' id='word_1_818' title='bbox 2803 4540 2972 4609; x_wconf 84' lang='lat' dir='ltr'><strong>magis</strong></span> <span class='ocrx_word' id='word_1_819' title='bbox 2991 4538 3206 4609; x_wconf 88' lang='lat' dir='ltr'><strong>quando</strong></span> <span class='ocrx_word' id='word_1_820' title='bbox 3235 4537 3453 4593; x_wconf 83' lang='lat' dir='ltr'><strong>aliunde</strong></span> <span class='ocrx_word' id='word_1_821' title='bbox 3483 4538 3743 4603; x_wconf 81' lang='lat' dir='ltr'><strong>irritatur,</strong></span> 
     </span>
    </p>
   </div>
   <div class='ocr_carea' id='block_1_108' title="bbox 2157 4628 3745 4704">
    <p class='ocr_par' dir='ltr' id='par_1_108' title="bbox 2157 4628 3745 4704">
     <span class='ocr_line' id='line_1_108' title="bbox 2157 4628 3745 4704; baseline -0.004 -15"><span class='ocrx_word' id='word_1_822' title='bbox 2157 4650 2187 4689; x_wconf 92' lang='lat' dir='ltr'><strong>a</strong></span> <span class='ocrx_word' id='word_1_823' title='bbox 2221 4640 2503 4704; x_wconf 86' lang='lat' dir='ltr'><strong>potestate,</strong></span> <span class='ocrx_word' id='word_1_824' title='bbox 2535 4647 2565 4686; x_wconf 91' lang='lat' dir='ltr'><strong>a</strong></span> <span class='ocrx_word' id='word_1_825' title='bbox 2587 4630 2879 4695; x_wconf 86' lang='lat' dir='ltr'><strong>dominatu,</strong></span> <span class='ocrx_word' id='word_1_826' title='bbox 2912 4645 2980 4684; x_wconf 79' lang='lat' dir='ltr'><strong>ex</strong></span> <span class='ocrx_word' id='word_1_827' title='bbox 3001 4643 3069 4684; x_wconf 91' lang='lat' dir='ltr'><strong>eo</strong></span> <span class='ocrx_word' id='word_1_828' title='bbox 3089 4629 3230 4697; x_wconf 87' lang='lat' dir='ltr'><strong>quod</strong></span> <span class='ocrx_word' id='word_1_829' title='bbox 3254 4628 3551 4685; x_wconf 78' lang='lat' dir='ltr'><strong>sitassidue</strong></span> <span class='ocrx_word' id='word_1_830' title='bbox 3582 4629 3633 4681; x_wconf 90' lang='lat' dir='ltr'><strong>in</strong></span> <span class='ocrx_word' id='word_1_831' title='bbox 3659 4629 3745 4682; x_wconf 87' lang='lat' dir='ltr'><strong>in—</strong></span> 
     </span>
    </p>
   </div>
   <div class='ocr_carea' id='block_1_109' title="bbox 2158 4721 3747 4794">
    <p class='ocr_par' dir='ltr' id='par_1_109' title="bbox 2158 4721 3747 4794">
     <span class='ocr_line' id='line_1_109' title="bbox 2158 4721 3747 4794; baseline -0.005 -11"><span class='ocrx_word' id='word_1_832' title='bbox 2158 4726 2313 4783; x_wconf 87' lang='lat' dir='ltr'><strong>sidiis</strong></span> <span class='ocrx_word' id='word_1_833' title='bbox 2352 4732 2408 4781; x_wconf 88' lang='lat' dir='ltr'><strong>et</strong></span> <span class='ocrx_word' id='word_1_834' title='bbox 2437 4724 2650 4794; x_wconf 89' lang='lat' dir='ltr'><strong>pugnis.</strong></span> <span class='ocrx_word' id='word_1_835' title='bbox 2685 4722 2777 4778; x_wconf 82' lang='lat' dir='ltr'><strong>Vis</strong></span> <span class='ocrx_word' id='word_1_836' title='bbox 2819 4721 3030 4778; x_wconf 88' lang='lat' dir='ltr'><strong>discere</strong></span> <span class='ocrx_word' id='word_1_837' title='bbox 3078 4721 3166 4776; x_wconf 92' lang='lat' dir='ltr'><strong>ubi</strong></span> <span class='ocrx_word' id='word_1_838' title='bbox 3195 4721 3375 4776; x_wconf 90' lang='lat' dir='ltr'><strong>vinum</strong></span> <span class='ocrx_word' id='word_1_839' title='bbox 3405 4722 3475 4775; x_wconf 87' lang='lat' dir='ltr'><strong>sit</strong></span> <span class='ocrx_word' id='word_1_840' title='bbox 3502 4721 3747 4777; x_wconf 74' lang='lat' dir='ltr'><strong>bonum?</strong></span> 
     </span>
    </p>
   </div>
   <div class='ocr_carea' id='block_1_110' title="bbox 2159 4812 3748 4886">
    <p class='ocr_par' dir='ltr' id='par_1_110' title="bbox 2159 4812 3748 4886">
     <span class='ocr_line' id='line_1_110' title="bbox 2159 4812 3748 4886; baseline -0.004 -15"><span class='ocrx_word' id='word_1_841' title='bbox 2159 4818 2284 4872; x_wconf 90' lang='lat' dir='ltr'><strong>audi</strong></span> <span class='ocrx_word' id='word_1_842' title='bbox 2305 4815 2638 4886; x_wconf 88' lang='lat' dir='ltr'><strong>Scripturam</strong></span> <span class='ocrx_word' id='word_1_843' title='bbox 2669 4815 2957 4880; x_wconf 87' lang='lat' dir='ltr'><strong>dicentem,</strong></span> <span class='ocrx_word' id='word_1_844' title='bbox 2979 4812 3109 4867; x_wconf 88' lang='lat' dir='ltr'><strong>Date</strong></span> <span class='ocrx_word' id='word_1_845' title='bbox 3132 4812 3301 4866; x_wconf 80' lang='lat' dir='ltr'><strong>vinum</strong></span> <span class='ocrx_word' id='word_1_846' title='bbox 3327 4812 3666 4875; x_wconf 76' lang='lat' dir='ltr'><strong>mmrentibus,</strong></span> <span class='ocrx_word' id='word_1_847' title='bbox 3701 4823 3748 4865; x_wconf 78' lang='lat' dir='ltr'><strong>et</strong></span> 
     </span>
    </p>
   </div>
   <div class='ocr_carea' id='block_1_111' title="bbox 2160 4903 3749 4973">
    <p class='ocr_par' dir='ltr' id='par_1_111' title="bbox 2160 4903 3749 4973">
     <span class='ocr_line' id='line_1_111' title="bbox 2160 4903 3749 4973; baseline -0.006 -9"><span class='ocrx_word' id='word_1_848' title='bbox 2160 4911 2372 4965; x_wconf 74' lang='lat' dir='ltr'><strong>siceram</strong></span> <span class='ocrx_word' id='word_1_849' title='bbox 2403 4908 2465 4961; x_wconf 81' lang='lat' dir='ltr'><strong>iis</strong></span> <span class='ocrx_word' id='word_1_850' title='bbox 2503 4907 2589 4973; x_wconf 80' lang='lat' dir='ltr'><strong>qui</strong></span> <span class='ocrx_word' id='word_1_851' title='bbox 2614 4922 2790 4959; x_wconf 81' lang='lat' dir='ltr'><strong>amaro</strong></span> <span class='ocrx_word' id='word_1_852' title='bbox 2843 4916 2956 4958; x_wconf 84' lang='lat' dir='ltr'><strong>sunt</strong></span> <span class='ocrx_word' id='word_1_853' title='bbox 2996 4905 3169 4958; x_wconf 86' lang='lat' dir='ltr'><strong>animo</strong></span> <span class='ocrx_word' id='word_1_854' title='bbox 3224 4903 3401 4973; x_wconf 88' lang='lat' dir='ltr'><strong>(Prov.</strong></span> <span class='ocrx_word' id='word_1_855' title='bbox 3427 4903 3521 4959; x_wconf 81' lang='grc'><strong>51.</strong></span> <span class='ocrx_word' id='word_1_856' title='bbox 3546 4905 3622 4972; x_wconf 83' lang='lat'><strong>6).</strong></span> <span class='ocrx_word' id='word_1_857' title='bbox 3682 4904 3749 4956; x_wconf 79' lang='lat' dir='ltr'><strong>Et</strong></span> 
     </span>
    </p>
   </div>
   <div class='ocr_carea' id='block_1_112' title="bbox 2164 4996 3749 5066">
    <p class='ocr_par' dir='ltr' id='par_1_112' title="bbox 2164 4996 3749 5066">
     <span class='ocr_line' id='line_1_112' title="bbox 2164 4996 3749 5066; baseline -0.005 -10"><span class='ocrx_word' id='word_1_858' title='bbox 2164 5003 2359 5057; x_wconf 89' lang='lat' dir='ltr'><strong>merito</strong></span> <span class='ocrx_word' id='word_1_859' title='bbox 2391 5018 2404 5055; x_wconf 93' lang='lat'><strong>:</strong></span> <span class='ocrx_word' id='word_1_860' title='bbox 2436 5000 2572 5054; x_wconf 85' lang='lat' dir='ltr'><strong>solet</strong></span> <span class='ocrx_word' id='word_1_861' title='bbox 2597 5000 2741 5054; x_wconf 91' lang='lat' dir='ltr'><strong>enim</strong></span> <span class='ocrx_word' id='word_1_862' title='bbox 2773 4997 2983 5053; x_wconf 87' lang='lat' dir='ltr'><strong>mollire</strong></span> <span class='ocrx_word' id='word_1_863' title='bbox 3013 4997 3062 5051; x_wconf 90' lang='lat' dir='ltr'><strong>id</strong></span> <span class='ocrx_word' id='word_1_864' title='bbox 3095 4996 3235 5066; x_wconf 87' lang='lat' dir='ltr'><strong>quod</strong></span> <span class='ocrx_word' id='word_1_865' title='bbox 3279 5005 3363 5049; x_wconf 82' lang='lat' dir='ltr'><strong>est</strong></span> <span class='ocrx_word' id='word_1_866' title='bbox 3403 5009 3650 5064; x_wconf 86' lang='lat' dir='ltr'><strong>asperum</strong></span> <span class='ocrx_word' id='word_1_867' title='bbox 3695 5008 3749 5048; x_wconf 89' lang='lat' dir='ltr'><strong>et</strong></span> 
     </span>
    </p>
   </div>
   <div class='ocr_carea' id='block_1_113' title="bbox 2166 5082 3746 5158">
    <p class='ocr_par' dir='ltr' id='par_1_113' title="bbox 2166 5082 3746 5158">
     <span class='ocr_line' id='line_1_113' title="bbox 2166 5082 3746 5158; baseline -0.007 -11"><span class='ocrx_word' id='word_1_868' title='bbox 2166 5096 2337 5158; x_wconf 75' lang='lat' dir='ltr'><strong>triste,</strong></span> <span class='ocrx_word' id='word_1_869' title='bbox 2365 5100 2421 5146; x_wconf 92' lang='lat' dir='ltr'><strong>et</strong></span> <span class='ocrx_word' id='word_1_870' title='bbox 2446 5091 2656 5145; x_wconf 88' lang='lat' dir='ltr'><strong>auferre</strong></span> <span class='ocrx_word' id='word_1_871' title='bbox 2678 5089 2730 5144; x_wconf 92' lang='lat' dir='ltr'><strong>id</strong></span> <span class='ocrx_word' id='word_1_872' title='bbox 2752 5089 2891 5157; x_wconf 88' lang='lat' dir='ltr'><strong>quod</strong></span> <span class='ocrx_word' id='word_1_873' title='bbox 2924 5095 3006 5142; x_wconf 90' lang='lat' dir='ltr'><strong>est</strong></span> <span class='ocrx_word' id='word_1_874' title='bbox 3030 5086 3354 5140; x_wconf 75' lang='lat' dir='ltr'><strong>lilibiiOSllm.</strong></span> <span class='ocrx_word' id='word_1_875' title='bbox 3396 5083 3578 5138; x_wconf 84' lang='lat' dir='ltr'><strong>Vinum</strong></span> <span class='ocrx_word' id='word_1_876' title='bbox 3616 5082 3746 5137; x_wconf 70' lang='lat' dir='ltr'><strong>licti-</strong></span> 
     </span>
    </p>
   </div>
   <div class='ocr_carea' id='block_1_114' title="bbox 2165 5175 3751 5254">
    <p class='ocr_par' dir='ltr' id='par_1_114' title="bbox 2165 5175 3751 5254">
     <span class='ocr_line' id='line_1_114' title="bbox 2165 5175 3751 5254; baseline -0.005 -17"><span class='ocrx_word' id='word_1_877' title='bbox 2165 5186 2285 5254; x_wconf 64' lang='grc' dir='ltr'><strong>βοαί</strong></span> <span class='ocrx_word' id='word_1_878' title='bbox 2312 5199 2398 5236; x_wconf 74' lang='lat' dir='ltr'><strong>cor</strong></span> <span class='ocrx_word' id='word_1_879' title='bbox 2434 5181 2653 5235; x_wconf 83' lang='lat' dir='ltr'><strong>hominis</strong></span> <span class='ocrx_word' id='word_1_880' title='bbox 2680 5178 2862 5248; x_wconf 72' lang='lat' dir='ltr'><strong>(Paul.</strong></span> <span class='ocrx_word' id='word_1_881' title='bbox 2898 5179 3022 5233; x_wconf 81' lang='grc'><strong>105.</strong></span> <span class='ocrx_word' id='word_1_882' title='bbox 3056 5179 3168 5249; x_wconf 85' lang='grc'><strong>15).</strong></span> <span class='ocrx_word' id='word_1_883' title='bbox 3201 5175 3480 5245; x_wconf 84' lang='lat' dir='ltr'><strong>Quomodo</strong></span> <span class='ocrx_word' id='word_1_884' title='bbox 3510 5191 3640 5246; x_wconf 86' lang='lat' dir='ltr'><strong>ergo</strong></span> <span class='ocrx_word' id='word_1_885' title='bbox 3668 5186 3751 5229; x_wconf 88' lang='lat' dir='ltr'><strong>est</strong></span> 
     </span>
    </p>
   </div>
   <div class='ocr_carea' id='block_1_115' title="bbox 2165 5269 3749 5340">
    <p class='ocr_par' dir='ltr' id='par_1_115' title="bbox 2165 5269 3749 5340">
     <span class='ocr_line' id='line_1_115' title="bbox 2165 5269 3749 5340; baseline -0.006 -7"><span class='ocrx_word' id='word_1_886' title='bbox 2165 5295 2233 5333; x_wconf 84' lang='lat' dir='ltr'><strong>ex</strong></span> <span class='ocrx_word' id='word_1_887' title='bbox 2266 5277 2391 5330; x_wconf 89' lang='lat' dir='ltr'><strong>vino</strong></span> <span class='ocrx_word' id='word_1_888' title='bbox 2416 5274 2687 5330; x_wconf 86' lang='lat' dir='ltr'><strong>ebrietas?</strong></span> <span class='ocrx_word' id='word_1_889' title='bbox 2716 5288 2820 5327; x_wconf 90' lang='lat' dir='ltr'><strong>non</strong></span> <span class='ocrx_word' id='word_1_890' title='bbox 2849 5275 2992 5327; x_wconf 89' lang='lat' dir='ltr'><strong>enim</strong></span> <span class='ocrx_word' id='word_1_891' title='bbox 3021 5272 3145 5325; x_wconf 88' lang='lat' dir='ltr'><strong>licet</strong></span> <span class='ocrx_word' id='word_1_892' title='bbox 3169 5273 3419 5340; x_wconf 90' lang='lat' dir='ltr'><strong>cuiquam</strong></span> <span class='ocrx_word' id='word_1_893' title='bbox 3452 5269 3660 5338; x_wconf 80' lang='lat' dir='ltr'><strong>cperari</strong></span> <span class='ocrx_word' id='word_1_894' title='bbox 3686 5283 3749 5323; x_wconf 79' lang='lat' dir='ltr'><strong>ea</strong></span> 
     </span>
    </p>
   </div>
   <div class='ocr_carea' id='block_1_116' title="bbox 2165 5358 3749 5438">
    <p class='ocr_par' dir='ltr' id='par_1_116' title="bbox 2165 5358 3749 5438">
     <span class='ocr_line' id='line_1_116' title="bbox 2165 5358 3749 5438; baseline -0.004 -17"><span class='ocrx_word' id='word_1_895' title='bbox 2165 5383 2283 5438; x_wconf 83' lang='lat' dir='ltr'><strong>qua:</strong></span> <span class='ocrx_word' id='word_1_896' title='bbox 2314 5374 2438 5422; x_wconf 89' lang='lat' dir='ltr'><strong>sunt</strong></span> <span class='ocrx_word' id='word_1_897' title='bbox 2475 5363 2576 5418; x_wconf 83' lang='lat' dir='ltr'><strong>sibi</strong></span> <span class='ocrx_word' id='word_1_898' title='bbox 2597 5364 2887 5419; x_wconf 89' lang='lat' dir='ltr'><strong>contraria.</strong></span> <span class='ocrx_word' id='word_1_899' title='bbox 2921 5362 3033 5416; x_wconf 80' lang='lat' dir='ltr'><strong>Non</strong></span> <span class='ocrx_word' id='word_1_900' title='bbox 3062 5371 3143 5415; x_wconf 77' lang='lat' dir='ltr'><strong>est</strong></span> <span class='ocrx_word' id='word_1_901' title='bbox 3172 5376 3301 5430; x_wconf 85' lang='lat' dir='ltr'><strong>ergo</strong></span> <span class='ocrx_word' id='word_1_902' title='bbox 3331 5375 3395 5414; x_wconf 78' lang='lat' dir='ltr'><strong>ex</strong></span> <span class='ocrx_word' id='word_1_903' title='bbox 3420 5359 3545 5413; x_wconf 88' lang='lat' dir='ltr'><strong>vino</strong></span> <span class='ocrx_word' id='word_1_904' title='bbox 3574 5358 3749 5414; x_wconf 81' lang='lat' dir='ltr'><strong>ebrie-</strong></span> 
     </span>
    </p>
   </div>
   <div class='ocr_carea' id='block_1_117' title="bbox 2165 5450 3748 5525">
    <p class='ocr_par' dir='ltr' id='par_1_117' title="bbox 2165 5450 3748 5525">
     <span class='ocr_line' id='line_1_117' title="bbox 2165 5450 3748 5525; baseline -0.005 -12"><span class='ocrx_word' id='word_1_905' title='bbox 2165 5471 2269 5525; x_wconf 89' lang='lat' dir='ltr'><strong>tas,</strong></span> <span class='ocrx_word' id='word_1_906' title='bbox 2302 5457 2396 5512; x_wconf 86' lang='lat' dir='ltr'><strong>sed</strong></span> <span class='ocrx_word' id='word_1_907' title='bbox 2436 5473 2502 5511; x_wconf 79' lang='lat' dir='ltr'><strong>ex</strong></span> <span class='ocrx_word' id='word_1_908' title='bbox 2548 5454 2901 5511; x_wconf 89' lang='lat' dir='ltr'><strong>immoderato</strong></span> <span class='ocrx_word' id='word_1_909' title='bbox 2951 5469 3068 5506; x_wconf 90' lang='lat' dir='ltr'><strong>usu.</strong></span> <span class='ocrx_word' id='word_1_910' title='bbox 3126 5450 3323 5507; x_wconf 79' lang='lat' dir='ltr'><strong>Vinum</strong></span> <span class='ocrx_word' id='word_1_911' title='bbox 3371 5465 3475 5505; x_wconf 92' lang='lat' dir='ltr'><strong>non</strong></span> <span class='ocrx_word' id='word_1_912' title='bbox 3528 5458 3748 5520; x_wconf 69' lang='lat' dir='ltr'><strong>promer</strong></span> 
     </span>
    </p>
   </div>
   <div class='ocr_carea' id='block_1_118' title="bbox 2166 5541 3741 5616">
    <p class='ocr_par' dir='ltr' id='par_1_118' title="bbox 2166 5541 3741 5616">
     <span class='ocr_line' id='line_1_118' title="bbox 2166 5541 3741 5616; baseline -0.009 -10"><span class='ocrx_word' id='word_1_913' title='bbox 2166 5549 2309 5606; x_wconf 90' lang='lat' dir='ltr'><strong>aliud</strong></span> <span class='ocrx_word' id='word_1_914' title='bbox 2355 5548 2536 5603; x_wconf 76' lang='lat' dir='ltr'><strong>dullllll</strong></span> <span class='ocrx_word' id='word_1_915' title='bbox 2566 5555 2677 5610; x_wconf 89' lang='lat' dir='ltr'><strong>est,</strong></span> <span class='ocrx_word' id='word_1_916' title='bbox 2711 5562 2868 5616; x_wconf 83' lang='lat' dir='ltr'><strong>quam</strong></span> <span class='ocrx_word' id='word_1_917' title='bbox 2896 5553 3119 5615; x_wconf 74' lang='lat' dir='ltr'><strong>[H&#39;Oplt&#39;t‘</strong></span> <span class='ocrx_word' id='word_1_918' title='bbox 3144 5542 3431 5597; x_wconf 85' lang='lat' dir='ltr'><strong>sanitatem</strong></span> <span class='ocrx_word' id='word_1_919' title='bbox 3459 5541 3699 5612; x_wconf 90' lang='lat' dir='ltr'><strong>corporis</strong></span> <span class='ocrx_word' id='word_1_920' title='bbox 3727 5556 3741 5591; x_wconf 92' lang='lat'><strong>:</strong></span> 
     </span>
    </p>
   </div>
   <div class='ocr_carea' id='block_1_119' title="bbox 2235 5733 3755 5801">
    <p class='ocr_par' dir='ltr' id='par_1_119' title="bbox 2235 5733 3755 5801">
     <span class='ocr_line' id='line_1_119' title="bbox 2235 5733 3755 5801; baseline -0.006 -14"><span class='ocrx_word' id='word_1_921' title='bbox 2235 5739 2252 5772; x_wconf 74' lang='grc' dir='ltr'><strong>ι</strong></span> <span class='ocrx_word' id='word_1_922' title='bbox 2278 5736 2494 5788; x_wconf 88' lang='lat' dir='ltr'><strong>Savilius</strong></span> <span class='ocrx_word' id='word_1_923' title='bbox 2518 5744 2659 5801; x_wconf 84' lang='lat' dir='ltr'><strong>putat</strong></span> <span class='ocrx_word' id='word_1_924' title='bbox 2682 5738 2950 5800; x_wconf 82' lang='lat' dir='ltr'><strong>legendum</strong></span> <span class='ocrx_word' id='word_1_925' title='bbox 2971 5738 3051 5787; x_wconf 81' lang='grc' dir='ltr'><strong>τὸν</strong></span> <span class='ocrx_word' id='word_1_926' title='bbox 3072 5733 3621 5801; x_wconf 68' lang='grc' dir='ltr'><strong>στρατηγὸν,‹ια‹“ρυι,ιιι</strong></span> <span class='ocrx_word' id='word_1_927' title='bbox 3644 5745 3755 5783; x_wconf 71' lang='lat' dir='ltr'><strong>suac</strong></span> 
     </span>
    </p>
   </div>
   <div class='ocr_carea' id='block_1_120' title="bbox 2161 5801 2863 5862">
    <p class='ocr_par' dir='ltr' id='par_1_120' title="bbox 2161 5801 2863 5862">
     <span class='ocr_line' id='line_1_120' title="bbox 2161 5801 2863 5862; baseline -0.004 -11"><span class='ocrx_word' id='word_1_928' title='bbox 2161 5801 2355 5851; x_wconf 64' lang='lat' dir='ltr'><strong>tmelius</strong></span> <span class='ocrx_word' id='word_1_929' title='bbox 2375 5801 2618 5862; x_wconf 85' lang='lat' dir='ltr'><strong>quadrare</strong></span> <span class='ocrx_word' id='word_1_930' title='bbox 2649 5801 2863 5849; x_wconf 77' lang='lat' dir='ltr'><strong>videtur.</strong></span> 
     </span>
    </p>
   </div>
  </div>
