4092 6562
397 427 498 483 ΙΞῚ

395 542 557 612 φησὶ,
587 541 715 612 φῶς
742 541 898 598 ἐστι.
930 541 1041 605 Διὸ,
1076 543 1399 614 παρακαλῶ,
1426 544 1564 614 μήτε
1599 542 1756 615 ὑμεῖς
1778 544 1987 597 ὀκνεῖτε

393 624 661 694 ἐλέγχειν,
713 627 854 695 μήτε
886 626 1268 696 δυσχεραίνετε
1298 626 1666 697 ἐλεγχόμενοι.
1709 629 1850 691 Ἕως
1888 630 1986 698 μὲν

390 708 504 778 γὰρ
532 709 600 761 ἂν
629 709 688 760 ἐν
721 710 904 763 σκότει
929 711 1239 780 πράττηταί
1261 727 1334 775 τι,
1365 710 1504 780 μετὰ
1535 709 1777 773 πλείονος
1809 711 1985 780 πράτ-

389 807 547 844 τεται
575 792 675 859 τῆς
708 791 895 855 ἁδείας
916 809 929 822 ·
966 792 1188 846 ἐπειδάν
1214 793 1270 846 δέ
1300 793 1529 856 πολλοὺς
1557 793 1654 863 ἔχῃ
1686 795 1810 856 τοὺς
1844 811 1987 865 μαρ-

387 873 692 944 τυροῦντας
730 877 844 938 τοῖς
885 876 1212 946 γινομένοις,
1260 877 1580 946 φωτίζεται.
1615 876 1706 929 Διῦ
1747 875 1986 946 μάλιστα

386 959 567 1011 πάντα
605 959 962 1028 πράττωμεν,
997 960 1139 1014 ὥστε
1170 959 1269 1030 τὴν
1299 960 1566 1028 νέκρωσιν
1596 961 1706 1014 τῶν
1736 960 1980 1030 ἀδελφῶν

381 1041 495 1093 τῶν
526 1041 813 1112 ἡμετέρων
839 1044 1153 1109 ἀποσοϐεῖν,
1188 1043 1330 1096 ὥστε
1359 1043 1421 1096 τὸ
1461 1043 1648 1107 σκότος
1673 1044 1978 1106 σκεδάζειν,

384 1124 527 1180 ὥστε
561 1123 655 1176 τὸν
690 1125 842 1196 ἥλιον
873 1126 1286 1181 ἐπισπάσασθαι
1323 1130 1422 1204 τῆς
1451 1126 1823 1196 δικαιοσύνης.
1881 1131 1980 1180 ’Ἂν

382 1207 492 1279 γὰρ
533 1208 723 1263 πολλοὶ
755 1204 894 1264 ὦσιν
920 1210 969 1263 οί
1005 1212 1316 1281 φωστῆρες,
1344 1211 1528 1274 αὺτοῖς
1552 1225 1613 1262 τε
1639 1209 1860 1274 εὔκολος
1888 1211 1979 1264 ἐσ-

1271 426 1338 482 ΙΝ
1379 425 1596 483 EPIST.
1639 427 1729 482 ΑΙ)
1764 429 2006 485 EI’HES.
2043 429 2196 486 CAP.
2239 429 2303 486 ν.
2348 434 2582 490 HOMIL.
2625 434 2766 491 XIX.

3585 445 3686 502 12.3

2092 563 2183 599 ται
2215 547 2314 616 τῆς
2343 549 2544 619 ἀρετῆς
2632 551 2773 614 ὁδὸς,
2807 551 2900 605 καὶ
2937 557 2989 609 οί
3011 554 3066 605 ἐν
3089 554 3271 608 σκότει
3306 557 3509 626 μᾶλλον
3538 558 3682 611 ἁλώ-

2094 647 2298 694 σονται,
2331 633 2426 685 τοῦ
2454 634 2632 702 φωτὸς
2663 635 3092 706 ἐπιτεινομένου,
3133 639 3354 692 κάκεῖνο
3387 641 3681 707 άφανίζονυ

2089 728 2202 776 τος.
2243 717 2341 766 “Av
2378 716 2433 768 δὲ
2456 717 2791 785 τούναντίον,
2818 721 2936 784 δέος
2974 725 3048 792 μὴ
3080 721 3174 775 καὶ
3202 718 3351 779 οὗτοι
3385 724 3679 789 σϐεσθῶσι,

2088 797 2186 867 τῆς
2213 798 2526 868 παχύτητος
2563 802 2663 871 τῆς
2693 803 2800 856 ἀπὸ
2836 803 2928 856 τοῦ
2957 805 3179 868 σκότους
3220 808 3313 859 καὶ
3353 809 3464 861 τῶν
3495 810 3679 878 ἁμαρ-

2088 885 2348 950 τημάτων
2395 883 2703 954 κρατούσης
2754 884 2848 938 τοῦ
2901 887 3100 954 φωτὸς,
3154 890 3248 944 καὶ
3294 891 3682 961 άποσοϐούσης

2088 963 2254 1016 αὑτοῦ
2289 964 2350 1016 τὸ
2378 965 2588 1027 διειδές.
2631 966 2718 1030 Ὠς
2747 965 2840 1020 οὖν
2877 971 3101 1034 ἑαυτοὺς
3141 972 3502 1041 ὠφελοῦντες,
3535 974 3679 1027 οὕτω

2087 1046 2454 1120 διακεώμεθα,
2480 1051 2568 1103 ἵνα
2600 1051 2687 1104 διὰ
2721 1051 2940 1105 πάντων
2969 1053 3126 1118 δόξαν
3155 1055 3570 1128 ἀναπέμψωμεν
3600 1058 3679 1128 τῷ

2091 1131 2456 1212 φιλανθρώπῳ
2492 1133 2632 1204 Θεῷ,
2673 1134 2857 1206 χάριτι
2899 1136 2992 1188 καὶ
3031 1138 3434 1212 φιλανθρωπίᾳ,
3484 1141 3578 1195 καὶ
3609 1141 3678 1194 τὰ

2089 1211 2237 1285 ἑξῆς.

3293 1435 3661 1449 —————_

1860 1595 2103 1648 OMIMA
2146 1596 2248 1653 ΙΘ’.

379 1840 648 1901 Βλέπετε
690 1842 807 1902 οὖν
842 1837 1102 1917 ἀκριϐῶς
1146 1850 1274 1916 πῶς
1319 1852 1722 1919 περιπατεῖτε,
1756 1845 1844 1924 μὴ
1893 1845 1974 1922 ὡς

451 1931 712 2000 ἄσοφοι,
761 1932 905 1986 ἀλλ’
946 1935 1028 2000 ὡς
1063 1935 1280 2003 σοφοί,
1325 1937 1817 2006 ἐξαγοραζόμενοι
1867 1941 1975 1993 τὸν

451 2017 682 2084 καιρόν,
714 2015 805 2069 ὅτι
849 2020 910 2070 al
944 2008 1155 2087 ἡμέραι
1183 2021 1442 2088 πονηραί
1478 2023 1618 2074 εισι.
1663 2023 1767 2077 Διὰ
1798 2024 1973 2079 τοῦτο

442 2099 530 2168 μὴ
561 2100 804 2168 γίνεσθε
837 2098 1119 2169 ἄφρονες,
1148 2104 1311 2157 ἀλλὰ
1339 2103 1657 2170 συνιέντες
1689 2106 1747 2158 τί
1778 2107 1844 2159 τὸ
1877 2108 1972 2162 θέ-

445 2187 616 2251 λημα
653 2183 762 2237 τοῦ
798 2185 1046 2251 Κυρίου.

448 2300 515 2346 α’.
540 2293 664 2345 Ἔτι
689 2293 792 2362 τὴν
811 2295 910 2364 τῆς
935 2296 1164 2364 πικρίας
1190 2297 1546 2369 ἐκκαθαρίζει
1571 2298 1746 2369 ῥίζαν,
1769 2297 1849 2354 ἔτι
1875 2302 1972 2371 τὴν

378 2375 638 2429 ὑπόθεσιν
661 2377 762 2444 τῆς
786 2377 957 2447 ὀργῆς
981 2379 1266 2438 ἐκκόπτει.
1287 2380 1352 2431 Τί
1382 2381 1488 2452 γάρ
1513 2399 1676 2452 φησι;
1711 2383 1973 2438 Βλέπετε

374 2457 636 2524 ἀκριϐῶς
683 2456 812 2524 πῶς
858 2461 1256 2526 περιπατεῖτε.
1308 2463 1466 2534 ’ᾘδει
1509 2465 1599 2517 τὸν
1641 2465 1972 2519 Διδάσκαλον

375 2541 569 2604 αὑτοῦ,
591 2544 673 2595 ὅτι
697 2543 937 2613 πέμπων
964 2546 1091 2608 τοὺς
1118 2545 1369 2618 μαθητάς
1387 2548 1462 2611 ὡς
1481 2548 1725 2620 πρόϐατα
1745 2551 1802 2602 ἐν
1821 2551 1973 2622 μέσῳ

373 2625 579 2690 λύκων,
609 2625 692 2678 ἔτι
709 2626 964 2680 ἐκέλευεν
989 2629 1192 2693 αὐτοὺς
1219 2632 1313 2683 καὶ
1339 2631 1414 2694 ὡς
1440 2634 1772 2703 περιστεράς
1794 2629 1933 2687 εἶναι
1955 2653 1968 2666 ·

373 2710 486 2763 Καὶ
509 2710 778 2776 ἀκέραιοι
802 2711 932 2782 γὰρ,
958 2712 1144 2781 φησὶν,
1172 2715 1412 2777 ἔσεσθε,
1436 2714 1580 2768 ὡσεὶ
1601 2719 1966 2785 περιστεραί.

387 2793 546 2846 Ἐπεὶ
577 2789 672 2847 οὖν
709 2795 806 2848 καὶ
835 2795 1039 2864 μεταξὺ
1080 2794 1262 2849 λύκων
1290 2794 1452 2867 ἦσαν,
1495 2800 1590 2851 καὶ
1620 2798 1700 2851 ἔτι
1738 2817 1969 2868 προστε-

372 2875 642 2944 ταγμένοι
683 2876 758 2946 μὴ
789 2876 1118 2946 ἀμύνεσθαι,
1162 2880 1300 2933 ἀλλὰ
1351 2881 1587 2951 πάσχειν
1631 2881 1840 2945 κακῶς,
1881 2883 1970 2936 διὰ

373 2958 536 3012 τοῦτο
562 2960 663 3030 τῆς
699 2961 958 3031 τοιαύτης
996 2963 1207 3016 ἐδέοντο
1245 2965 1642 3032 παραινέσεως.
1683 2966 1876 3018 Καίτοι
1904 2983 1967 3034 γε

373 3043 473 3096 καὶ
516 3041 578 3095 τὸ
619 3043 887 3115 πρότερον
930 3045 1116 3098 ἱκανὸν
1160 3042 1228 3116 ἦν
1272 3048 1470 3110 αὐτοὺς
1517 3048 1968 3118 εὐσθενεστέρους

373 3132 639 3197 ποιῆσαι·
661 3127 790 3179 ὅταν
809 3127 868 3180 δὲ
893 3130 988 3181 καὶ
1009 3131 1042 3199 ή
1064 3128 1172 3181 τῶν
1199 3129 1294 3182 δύο
1323 3130 1614 3201 προσθήκη
1640 3127 1696 3202 ᾗ,
1719 3132 1969 3202 ἐννόησον

371 3209 476 3279 τὴν
520 3209 851 3281 ὑπερϐολήν.
893 3211 1038 3282 Ὅρα
1076 3212 1207 3279 γοῦν
1243 3215 1338 3266 καὶ
1386 3214 1504 3277 πῶς
1534 3214 1732 3277 αὐτοὺς
1769 3217 1967 3286 ἐπιμε-

371 3292 484 3355 λῶς
500 3292 883 3362 ἀσφαλίζεται,
906 3295 1082 3363 λέγων
1103 3313 1115 3326 ·
1137 3296 1402 3351 Βλέπετε
1421 3290 1550 3364 ,πῶς
1569 3299 1964 3366 περιπατεῖτε.

386 3375 707 3447 ὐλόκληροι
760 3378 946 3439 πόλεις
993 3379 1132 3449 πρὸς
1180 3381 1380 3443 αὐτοὺς
1409 3381 1646 3452 πόλεμον
1676 3378 1842 3451 εἶχον,
1871 3385 1970 3435 ἐπ-

371 3458 594 3528 εισῆλθε
628 3461 722 3513 καὶ
751 3461 832 3523 είς
873 3461 971 3524 τὰς
1005 3462 1186 3525 οἰκίας
1229 3459 1382 3526 οὗτος
1416 3465 1444 3516 ό
1473 3464 1709 3534 πόλεμος
1733 3482 1745 3495 ο
1784 3467 1968 3538 πατὴρ

369 3541 520 3594 κατὰ
545 3542 689 3608 υἱοῦ,
719 3544 836 3606 υίὸς
869 3543 1014 3597 κατὰ
1032 3545 1259 3614 πατρὸς,
1292 3550 1477 3616 μήτηρ
1503 3546 1647 3600 κατὰ
1673 3547 1966 3619 θυγατρὸςι

371 3624 626 3695 θυγάτηρ
668 3627 811 3681 κατὰ
857 3621 1066 3697 μητρὸς
1109 3621 1250 3698 ἦσαν
1279 3628 1696 3699 διεσπαρμένοι.
1746 3632 1810 3684 Τί
1839 3627 1963 3697 οὖν;

371 3707 541 3759 πόθεν
590 3710 648 3761 αί
676 3710 973 3780 διαιρέσεις
1007 3704 1204 3777 afuat;
1256 3713 1538 3767 Ἤκουσαν
1582 3713 1676 3766 τοῦ
1726 3715 1964 3785 Χριστοῦ

370 3791 624 3860 λέγοντος
643 3809 657 3823 ·
693 3794 756 3846 '0
784 3794 978 3863 φιλῶν
1001 3795 1229 3864 πατέρα
1245 3796 1282 3863 ἢ
1294 3797 1521 3866 μητέρα
1539 3796 1686 3867 ὑπὲρ
1710 3798 1835 3867 ἐμὲ,
1854 3803 1966 3855 οὐκ

365 3876 504 3931 ἔστι
541 3893 664 3944 μου
698 3877 890 3944 ἄξιος.
937 3875 1151 3932 "Wo-5v
1191 3880 1264 3951 μὴ
1301 3881 1615 3950 νομίσωσιν,
1655 3883 1737 3936 ὅτι
1778 3883 1966 3949 ἁπλῶς

371 3958 648 4027 πολέμους
697 3961 910 4028 εἰσάγει
951 3961 1104 4034 [154]
1146 3964 1242 4016 καὶ
1283 3964 1491 4034 μάχας,
1533 3966 1722 4037 ἐπειδὴ
1772 3967 1964 4038 ἔμελλε

372 4041 588 4113 μεγάλη
614 4041 895 4096 τίκτεσθαι
923 4045 1084 4116 ὀργὴ,
1120 4047 1169 4098 εί
1197 4048 1292 4099 καὶ
1319 4048 1474 4100 αὐτοὶ
1503 4047 1729 4118 ἔμελλον
1755 4051 1964 4116 ἐπεξιέά

366 4145 480 4192 ναι,
499 4127 692 4180 τούτου
722 4128 884 4199 χάριν
904 4129 1055 4197 λέγει
1075 4147 1088 4160 ·
1119 4130 1388 4184 Βλέπετε
1419 4130 1548 4198 πῶς
1569 4132 1824 4200 ἀκριϐῶς
1856 4152 1962 4190 πε-

361 4211 692 4279 ριπατεῖτε.
728 4212 1012 4279 Τουτέστι,
1053 4214 1200 4282 Πλὴν
1239 4213 1335 4268 τοῦ
1369 4215 1749 4286 κηρύγματος,
1786 4213 1962 4288 μηδα-

370 4294 540 4363 μόθεν
555 4293 784 4350 ἄλλοθεν
802 4295 942 4350 δῶτε
961 4295 1134 4367 λαϐὴν
1161 4298 1258 4367 τῆς
1282 4297 1484 4368 ἔχθρας
1508 4301 1606 4369 τῆς
1623 4301 1746 4354 καθ’
1766 4302 1920 4372 ὑμῶν
1943 4317 1957 4332 ·

365 4377 510 4447 αῦτη
548 4376 684 4449 μόνη
714 4378 814 4448 τῆς
859 4379 1062 4449 ἔχθρας
1089 4380 1348 4447 ὑπόθεσις
1385 4381 1562 4435 ἔστω·
1614 4384 1800 4454 μηδεὶς
1833 4387 1961 4457 ὑμῖν

367 4460 558 4529 ἕτερόν
594 4478 648 4512 τι
687 4463 1012 4529 ἐγκαλείτω,
1055 4463 1191 4518 ἀλλὰ
1227 4466 1318 4518 καὶ
1358 4466 1527 4537 τιμὴν
1571 4467 1663 4520 καὶ
1713 4469 1960 4541 ὑπακοὴν

367 4547 551 4596 πᾶσαν
570 4545 970 4613 ἑπιδείκνυσθε,
993 4548 1123 4601 ὅταν
1147 4549 1313 4618 μηδὲν
1343 4549 1555 4621 βλάπτῃ
1586 4551 1646 4603 τὸ
1674 4553 1953 4624 κήρυγμα,

365 4628 496 4680 δταν
515 4629 682 4708 μηδὲν
709 4629 975 4702 ἐμποδίζῃ
999 4631 1096 4702 τὴν
1119 4632 1406 4685 εὐσέϐειαν
1430 4646 1477 4686 ιι.
1523 4635 1806 4689 Ἀπόδοτε
1826 4638 1956 4708 γὰρ,

365 4713 522 4781 φησὶ,
558 4707 710 4768 πᾶσι
754 4714 862 4780 τὰς
898 4715 1169 4784 ὀφειλάς,
1205 4717 1285 4782 τῷ
1318 4717 1427 4770 τὸν
1464 4719 1676 4787 φόρον,
1713 4721 1822 4774 τὸν
1849 4707 1948 4791 φό-

355 4809 494 4862 ρον,
531 4795 611 4861 τῷ
642 4797 709 4850 τὸ
743 4799 938 4864 τέλος,
969 4800 1034 4853 τὸ
1067 4799 1264 4865 τέλος.
1301 4801 1472 4855 Ὅταν
1499 4802 1609 4874 γὰρ
1639 4805 1696 4856 ἐν
1727 4807 1837 4868 τοῖς
1858 4806 1955 4860 άλ-

360 4878 476 4941 λοις
510 4878 692 4932 ἴδωσιν
725 4882 874 4950 ἡμᾶς
916 4885 1200 4949 ἐπιεικεῖς,
1237 4886 1697 4956 ἐντραπήσονται.
1746 4889 1845 4954 Μὴ
1877 4890 1958 4956 ὡς

359 4963 605 5031 ἄσοφοι,
637 4965 776 5019 ἀλλ’
812 4967 893 5032 ὡς
923 4967 1126 5035 σοφοί,
1167 4967 1656 5039 ἐξαγοραζόμενοι
1684 4971 1794 5026 τὸν
1834 4988 1956 5028 καις

350 5059 489 5114 ρον.
543 5049 678 5118 Οὐχὶ
723 5051 1006 5114 ποικίλους
1039 5052 1187 5121 ἡμᾶς
1232 5053 1327 5104 καὶ
1381 5055 1767 5118 παντοδαποὺς
1816 5055 1955 5111 εἶναι

355 5130 683 5200 βουλόμενος
695 5131 877 5208 ,ταῦτα
903 5137 1180 5204 παραινεῖδ
1208 5135 1345 5188 ἀλλὰ
1358 5137 1516 5189 τοῦτό
1543 5138 1690 5191 ἐστιν
1715 5140 1743 5192 ὅ
1767 5155 1951 5212 φησιν’

353 5213 476 5266 υῦκ
511 5214 660 5268 ἐστιν
686 5204 956 5286 ὑμέτερος
988 5219 1015 5270 ὀ
1045 5221 1236 5289 καιρός
1258 5235 1271 5249 ο
1306 5219 1399 5272 νῦν
1427 5220 1681 5289 πάροικοι
1704 5204 1839 5276 ἐστε
1859 5225 1954 5278 καὶ

355 5299 734 5370 παρεπίδημοι
757 5302 853 5354 καὶ
878 5301 1020 5367 ξένοι
1070 5303 1164 5356 καὶ
1196 5303 1488 5373 ἀλλότριοι·
1525 5304 1600 5375 μὴ
1639 5306 1854 5376 ζητεῖτε
1877 5321 1954 5361 τι-

357 5381 490 5451 μὰς,
523 5383 597 5452 μὴ
617 5385 833 5455 ζητεῖτε
877 5385 1057 5450 δόξαν,
1107 5387 1422 5463 μὴ-ζητεῖτε
1440 5385 1779 5454 δυναστείαν,
1816 5391 1948 5463 μηδὲ

352 5466 658 5535 ἐκδίκησιν·
685 5468 864 5521 πάντα
881 5469 1099 5540 φέρετε,
1122 5461 1216 5523 καὶ
1244 5471 1422 5542 τούτῳ
1443 5472 1533 5524 τὸν
1551 5475 1738 5544 καιρὸν
1761 5461 1951 5542 ἐξαγο-

352 5548 627 5618 ράζεσθεο
676 5551 848 5604 πολλὰ
886 5553 1218 5618 κατάθεσθε,
1267 5558 1378 5608 πᾶν
1413 5556 1440 5608 ὃ
1484 5575 1536 5609 τι
1579 5557 1646 5610 ἂν
1695 5558 1944 5615 θέλωσιν.

365 5631 602 5703 ’Λταφές
635 5636 698 5688 1‘0
737 5637 1062 5708 εἰρημένον⁸
1101 5638 1233 5708 φέρε
1267 5634 1382 5702 οὖν,
1420 5641 1514 5693 ἐπὶ
1549 5636 1947 5712 ὑποδείγματος

355 5718 571 5787 ποιήσω
613 5719 748 5772 αὐτὸ
791 5719 1048 5792 φανερόν.
1117 5723 1400 5794 Ἐννόησον
1454 5724 1546 5794 μοί
1595 5741 1718 5780 τινα
1766 5726 1945 5780 οἰκίαν

439 5882 463 5905 ⁸
493 5881 626 5930 tum»
648 5884 805 5932 Codex
824 5885 875 5934 él
901 5897 1051 5944 marg.
1083 5883 1257 5944 ἕνη,
1283 5885 1509 5947 ἐμποδίζῃ
1537 5891 1592 5948 τῇ
1622 5885 1855 5951 εὐσεϐείᾳ.

2082 1846 2274 1926 ἑκόντα
2305 1858 2587 1933 λαμπράν,
2637 1862 2758 1918 εἶτά
2799 1870 2950 1930 τινας
2988 1867 3478 1938 ἐπεισερχομένους
3521 1870 3666 1926 ὥστε

2081 1955 2245 2011 αὐτὸν
2275 1959 2483 2014 ἀνελεῖν
2537 1965 2788 2016 κάκεῖνον
2823 1964 2995 2017 πολλά
3024 1965 3256 2031 διδόντα,
3288 1969 3382 2022 καὶ
3414 1970 3664 2042 ἐξαιρούο

2082 2056 2240 2108 μενον
2273 2044 2464 2100 ἑαυτόν
2483 2064 2499 2076 ·
2532 2049 2656 2099 τότε
2685 2047 2938 2117 λέγομεν,
2969 2049 3052 2102 ὅτι
3078 2051 3416 2120 ἐξηγόρασεν
3449 2055 3666 2110 ἑαυτόν.

2079 2124 2237 2209 ρῦτω
2253 2129 2348 2182 καὶ
2369 2129 2432 2182 σὺ
2453 2130 2630 2185 οἰκίαν
2663 2130 2808 2201 ἔχεις
2831 2133 3096 2203 μεγάλην,
3119 2136 3215 2188 καὶ
3237 2136 3422 2189 πίστιν
3450 2138 3626 2209 ἀληθῆ
3649 2155 3662 2166 ·

2075 2207 2397 2279 ἐπέρχονται
2425 2212 2567 2267 ὥστε
2594 2214 2779 2268 λαϐεῖν
2814 2216 2992 2269 πάντα
3018 2232 3030 2245 '
3070 2216 3157 2281 δὸς
3183 2217 3363 2272 ὁτιοῦν
3392 2219 3458 2273 ἂν
3495 2207 3666 2275 άπαι-

2074 2294 2213 2364 τήσῃ
2252 2311 2366 2360 τις,
2397 2297 2558 2364 μόνον
2593 2297 2655 2350 τὸ
2686 2299 2982 2368 κεφάλαιον
3010 2300 3311 2369 διάσωσον,
3348 2302 3448 2375 τὴν
3480 2307 3664 2360 πίστιν

2074 2373 2237 2443 λέγω.
2271 2382 2342 2434 Αἱ
2367 2380 2482 2448 γὰρ
2511 2382 2750 2454 ⁴ἡμέραι,
2779 2385 2938 2454 φησὶ,
2971 2387 3232 2454 πονηραί
3261 2391 3400 2443 εἱσι.

2149 2543 2214 2595 Τί
2241 2537 2476 2616 πονηρία
2505 2545 2604 2613 τῆς
2635 2545 2880 2615 ἡμέρας;
2912 2545 3157 2614 Πονηρία
3182 2547 3276 2616 τῆς
3304 2549 3513 2618 ἡμέρας
3533 2543 3669 2621 περὶ

2076 2623 2176 2695 τὴν
2209 2621 2424 2698 ἡμέραν
2452 2627 2657 2695 ὀφείλει
2697 2626 2857 2682 εἶναι.
2896 2631 2998 2682 ’Ἂν
3038 2628 3091 2682 τί
3121 2629 3267 2682 ἐστιν
3307 2631 3523 2700 ἑκάστῳ
3559 2635 3669 2687 τῶν

2077 2707 2136 2758 ἐν
2161 2709 2294 2776 ἡμῖν
2329 2710 2565 2780 πονηρὸν
2605 2711 2805 2783 μάθῃς,
2837 2709 3023 2783 γνώσῃ
3068 2712 3162 2764 καὶ
3193 2713 3246 2764 τί
3286 2716 3402 2765 ἐστι
3434 2715 3669 2784 πονηρία

2075 2790 2309 2860 ἡμέρας.
2344 2791 2409 2842 Τί
2436 2794 2551 2844 ἐστι
2575 2795 2812 2864 πονηρία
2845 2791 3130 2861 σώματος;
3164 2794 3337 2856 νόσος.
3372 2796 3436 2847 Τί
3469 2796 3526 2848 δὲ
3567 2815 3666 2848 πο-

2076 2875 2238 2942 νηρία
2276 2874 2495 2943 ψυχῆς
2536 2875 2724 2930 κακία.
2776 2877 2840 2928 Τί
2872 2877 2988 2929 ἐστι
3037 2877 3272 2948 πονηρία
3319 2877 3540 2942 ὖδατοςς
3574 2898 3665 2932 πι-

2076 2956 2227 3025 κρία.
2261 2956 2372 3010 Καὶ
2396 2959 2628 3011 ἑκάστου
2668 2963 2700 3029 ἠ
2735 2959 2972 3030 πονηρία
3071 2959 3342 3031 φαυλότης
3378 2963 3496 3014 ἐστ)⁵
3536 2965 3668 3034 περὶ

2074 3038 2290 3108 ἐκείνην
2309 3039 2408 3111 τὴν
2441 3041 2624 3110 φύσιν,
2655 3038 2724 3112 ἦς
2753 3043 2871 3094 ἐστι
2904 3043 3162 3112 πονηρία.
3200 3044 3257 3095 Ei
3285 3044 3469 3097 τοίνυν
3502 3047 3534 3116 ἡ
3569 3062 3666 3098 πο-

2073 3122 2234 3193 νηρία
2265 3126 2394 3193 περὶ
2425 3126 2524 3197 τὴν
2557 3127 2770 3197 ἡμέραν
2795 3127 2932 3189 ἐστὶ,
2967 3127 3094 3197 περὶ
3132 3127 3304 3198 αὐτὴν
3326 3127 3426 3199 τὴν
3451 3129 3665 3200 ἡμέραν

2073 3205 2178 3275 χρὴ
2213 3202 2371 3266 εἶναι.
2414 3209 2542 3278 περὶ
2575 3210 2672 3271 τὰς
2699 3208 2870 3279 ὥρας,
2903 3209 3032 3279 περὶ
3061 3206 3120 3261 τὸ
3152 3210 3289 3278 φῶς.
3323 3211 3479 3263 Οὕτω
3517 3215 3610 3265 καὶ
3639 3217 3666 3266 ὁ

2073 3289 2309 3358 Χριστός
2333 3308 2496 3360 φησιν
2516 3308 2528 3321 ·
2563 3291 2842 3360 Ἀρκετὸν
2871 3289 2946 3359 τῇ
2966 3283 3154 3360 ἡμέρᾳ
3184 3293 3221 3360 ἡ
3254 3295 3431 3346 κακία
3451 3296 3660 3364 αὐτῆς.

2084 3372 2218 3427 Ἀπὸ
2265 3374 2456 3428 τούτου
2509 3377 2728 3429 κάκεῖνο
2775 3377 3118 3445 γνωσόμεθα.
3165 3375 3290 3440 Πῶς
3327 3373 3420 3430 οὖν
3452 3380 3664 3449 ἡμέρας

2071 3456 2228 3508 καλεῖ
2246 3458 2524 3529 πονηράς;
2559 3459 2677 3522 πῶς
2708 3456 2900 3526 καιρὸν
2930 3458 3197 3529 πονηρόν;
3223 3460 3296 3513 Οὐ
3329 3461 3426 3532 τὴν
3450 3463 3662 3528 οὐσίαν,

2068 3540 2188 3593 οὑδέ
2243 3542 2312 3595 τὰ
2375 3543 2681 3610 κτίσμα-ια,
2744 3540 2881 3594 ἀλλὰ
2939 3541 3026 3594 διὰ
3082 3543 3152 3594 τά
3207 3543 3266 3596 ἐν
3327 3544 3515 3609 αὐτοῖς
3576 3564 3662 3614 γι-

2069 3623 2299 3693 νόμενα·
2351 3625 2604 3697 καθάπερ
2651 3625 2746 3678 καὶ
2794 3627 2925 3696 ἡμῖν
2979 3624 3098 3688 ἔθος
3147 3616 3328 3695 λέγειν
3357 3634 3371 3656 "
3404 3630 3664 3700 Χαλεπὴν

2068 3707 2280 3778 ἡμέραν
2317 3709 2580 3778 διήγαγον
2610 3709 2703 3761 καὶ
2738 3709 2948 3777 κακήν⁶
2991 3708 3166 3762 καίτοι
3198 3710 3315 3772 πῶς
3351 3712 3415 3763 ἂν
3451 3709 3663 3778 γένοιτο

2068 3790 2300 3864 χαλεπὴ,
2336 3792 2510 3863 ἀλλ’ἢ
2551 3792 2658 3846 ἀπὸ
2699 3791 2806 3845 τῶν
2838 3792 2895 3844 ἐν
2927 3791 3067 3862 αὐτῇ
3104 3791 3541 3862 συμϐαινόντωνς
3582 3797 3663 3850 Τὰ

2066 3874 2124 3927 δὲ
2178 3877 2234 3928 ὲν
2279 3877 2416 3946 αὐτῇ
2471 3874 2860 3945 συμϐαίνοντα,
2915 3875 3066 3927 ἐστὶν
3102 3875 3282 3944 ἀγαθὰ
3338 3877 3456 3948 μὲν,
3511 3880 3662 3948 παρὰ

2067 3956 2204 4010 Θεοῦ
2232 3976 2246 3989 ·
2299 3959 2446 4012 κακὰ
2497 3959 2575 4023 δὲ,
2617 3957 2768 4028 παρά
2820 3956 3129 4028 ἀνθρώπων
3182 3959 3460 4030 πονηρῶν.
3519 3962 3661 4031 Ἀρα

2067 4039 2175 4093 τῶν
2201 4043 2258 4094 ἐν
2278 4044 2388 4106 τοῖς
2412 4043 2626 4110 καιροῖς
2649 4040 3061 4111 συμϐαινόντων
3096 4043 3350 4112 πονηρῶν
3373 4044 3422 4096 οἱ
3450 4044 3661 4115 ἄνθρωά

2067 4141 2159 4176 ποι
2185 4124 2529 4195 δημιουργοὶ,
2569 4127 2666 4178 καὶ
2689 4125 2778 4178 διὰ
2809 4123 2967 4177 τοῦτο
2999 4125 3183 4196 καιροὶ
3214 4127 3443 4196 πονηροὶ
3473 4127 3660 4196 λέγονο

2065 4223 2176 4260 ται.
2192 4208 2348 4262 Οὕτω
2365 4210 2457 4262 καὶ
2482 4209 2645 4278 ἡμεῖς
2667 4209 2894 4278 καιροὺς
2927 4209 3202 4277 πονηροὺς
3235 4207 3532 4278 καλοῦμεν.
3557 4209 3660 4264 Διὰ

2066 4292 2264 4356 τοῦτο,
2288 4292 2442 4364 φησὶ,
2463 4290 2549 4360 μὴ
2576 4293 2817 4361 γίνεσθε
2833 4291 3112 4358 ἄφρονες,
3151 4290 3310 4344 ἀλλὰ
3344 4292 3660 4359 συνιέντες

2064 4373 2124 4426 τί
2150 4373 2216 4427 τὸ
2264 4376 2496 4442 θέλημα
2531 4373 2638 4428 τοῦ
2692 4374 2937 4440 Κυρίου.
2992 4373 3100 4428 Καὶ
3134 4372 3221 4440 μὴ
3264 4376 3651 4443 μεθύσκεσθε

2065 4456 2229 4521 οἴνῳ,
2265 4457 2335 4510 ἐν
2362 4450 2409 4522 ᾧ
2438 4457 2611 4512 ἐστιν
2642 4455 2892 4510 ἀσωτία.
2932 4456 3040 4508 Καὶ
3070 4455 3261 4508 τούτου
3303 4457 3412 4527 γάρ
3446 4456 3596 4528 [155]
3622 4455 3655 4530 ἡ

2067 4541 2302 4614 ἀμετρία
2330 4540 2602 4611 θυμώδεις
2623 4543 2769 4593 ποιεῖ
2787 4541 2882 4594 καὶ
2899 4540 3121 4611 θρασεῖς
3149 4541 3242 4593 καὶ
3268 4541 3654 4610 ἀκροσφαλεῖς,

2066 4623 2317 4694 ὀργίλους
2347 4624 2442 4678 καὶ
2476 4623 2764 4692 χαλεπούς.
2793 4625 2886 4686 Είς
2914 4623 3260 4694 εὐφροσύνην
3288 4626 3316 4676 ὁ
3345 4618 3487 4686 οἶνος
3518 4625 3658 4678 δέδο-

2064 4725 2173 4770 ται,
2203 4709 2305 4760 οὐκ
2331 4709 2411 4772 είς
2447 4708 2621 4778 μέθην
2645 4724 2660 4740 ο
2692 4708 2786 4764 νῦν
2815 4707 2871 4760 δὲ
2899 4707 2961 4760 τὸ
2982 4709 3218 4777 πρᾶγμα
3245 4707 3340 4760 καὶ
3365 4708 3658 4779 ἀνανδρίας

2064 4786 2204 4843 εἷναι
2234 4790 2383 4843 δοκεῖ
2421 4792 2515 4843 καὶ
2560 4791 2820 4860 γέλωτος,
2871 4791 2931 4843 τὸ
2969 4791 3045 4862 μὴ
3082 4790 3476 4861 μεθύσκεσθαι.
3523 4793 3658 4845 Ποία

2061 4874 2242 4927 τοίνυν
2281 4874 2437 4938 ἐλπὶς
2469 4877 2778 4944 σωτηρίας;
2817 4875 2854 4926 Γ
2859 4875 3014 4939 έλως,
3051 4873 3170 4925 εἰπέ
3213 4890 3323 4940 μοι,
3360 4874 3421 4926 τὸ
3453 4873 3528 4944 μὴ
3563 4892 3658 4945 με-

2065 4957 2382 5017 θύσκεσθαι,
2416 4957 2544 5010 ἔνθα
2572 4959 2810 5027 μάλιστα
2838 4959 3059 5010 πάντων
3080 4957 3140 5009 τὸ
3169 4956 3541 5026 μεθύσκεσθαι
3565 4958 3656 5025 γέ-

2063 5041 2167 5106 λως
2193 5040 2426 5113 ὤφειλεν
2457 5039 2599 5095 εἶναι
2621 5058 2635 5106 ;
2666 5041 2919 5094 Μάλιστα
2953 5040 3051 5109 μὲν
3071 5041 3180 5110 γὰρ
3206 5041 3299 5093 καὶ
3325 5039 3417 5092 τὸν
3442 5039 3658 5112 ἰδιώτην

2063 5127 2255 5195 πόρρω
2286 5125 2458 5196 μέθης
2485 5120 2624 5177 εἶναι
2654 5124 2816 5176 καλόν
2840 5139 2854 5153 ·
2885 5121 3066 5193 πολλῷ
3093 5123 3150 5175 δὲ
3181 5122 3345 5175 πλέον
3369 5122 3460 5175 τὸν
3493 5141 3657 5195 στραο

2061 5209 2286 5278 τιώτην,
2313 5209 2399 5262 τὸν
2427 5211 2482 5262 ἐν
2504 5206 2684 5277 ξίφεσι
2708 5207 3100 5277 στρεφόμενον,
3130 5207 3223 5261 τὸν
3243 5209 3300 5260 ἐν
3324 5206 3542 5276 αἵμασι,
3565 5208 3656 5260 τὸν

2062 5299 2119 5350 ἐν
2161 5297 2398 5365 σφαγαῖς
2423 5313 2436 5326 ·
2477 5294 2660 5365 πολλῴ
2701 5295 2904 5365 μᾶλλον
2934 5295 3026 5348 τὸν
3065 5293 3409 5367 στρατιώτην
3471 5335 3486 5359 ,
3526 5297 3655 5349 ὅταν

2063 5381 2158 5434 καὶ
2187 5379 2455 5449 ἑτέρωθεν
2500 5381 2528 5433 ὁ
2561 5380 2732 5450 θυμὸς
2778 5380 3036 5450 θήγηται,
3085 5378 3196 5432 ἀπὸ
3239 5380 3339 5448 τῆς
3382 5377 3653 5444 ἐξουσίας,

2061 5464 2170 5518 ἀπὸ
2205 5464 2304 5533 τῆς
2325 5463 2668 5528 δυναστείας,
2705 5464 2812 5518 ἀπὸ
2840 5463 2937 5516 τοῦ
2971 5462 3212 5532 συνεχῶς
3247 5465 3305 5515 ἐν
3340 5463 3656 5528 ἐπιϐουλαῖς

2062 5549 2156 5600 καὶ
2195 5548 2396 5618 μάχαις
2427 5543 2584 5602 εἶναι.
2618 5547 2804 5601 Βούλει
2852 5548 3043 5617 μαθεῖν
3072 5546 3176 5599 ποῦ
3213 5545 3376 5609 καλὸς
3407 5547 3434 5598 ὁ
3470 5542 3653 5612 οἷνος;

2061 5630 2226 5684 ἄκουε
2255 5633 2354 5701 τῆς
2403 5633 2632 5703 Γραφῆς
2682 5631 2979 5700 λεγούσηςο
3018 5632 3160 5684 Δότε
3201 5627 3372 5686 οἶνον
3425 5630 3550 5695 τοῖς
3588 5632 3657 5684 ἐν

2061 5717 2250 5782 λύπῃ,
2289 5716 2387 5768 καί
2407 5716 2605 5784 μέθην
2634 5716 2759 5783 τοῖς
2783 5717 2852 5769 ἐν
2880 5715 3091 5786 ὀδύνῃ.
3120 5716 3362 5779 Εἰκότως
3381 5732 3392 5743 ·
3439 5716 3498 5766 τὸ
3548 5717 3656 5784 γάρ

2067 5801 2234 5869 τραχὺ
2267 5798 2364 5851 καὶ
2399 5800 2724 5870 σκυθρωπὸν
2775 5797 2884 5854 οἶδε
2933 5800 3249 5870 μαλάττειν,
3299 5801 3390 5853 καὶ
3431 5799 3490 5852 τὸ
3531 5815 3655 5850 συν-

2067 5885 2223 5954 νενὲς
2267 5883 2526 5953 ἀπάγειν.
2564 5882 2739 5952 Οἶνος
2780 5887 3088 5954 εὐφραίνει
3140 5886 3392 5955 καρδίαν
3433 5880 3655 5948 ἀνθρώ--
