4092 6502
451 410 557 477 {‘29

450 548 492 585 π
532 549 592 596 υ,
628 527 779 599 φησί.
815 525 940 589 Πῶς
961 519 1052 578 οὖν
1084 525 1147 577 ἐκ
1173 522 1269 575 τοῦ
1296 521 1440 575 οἴνου
1469 523 1503 591 ὴ
1530 519 1668 591 μέθη
1691 536 1705 581 ;
1727 520 1786 572 οὐ
1812 518 1921 587 γάρ
1951 516 2030 569 ένι

456 614 553 665 τὸν
582 612 745 665 αὐτὸν
771 610 838 664 τὰ
861 609 1078 661 ἐναντία
1107 604 1437 677 ἐργάζεσθαι
1466 603 1662 673 ἐαυτῷ.
1689 603 1803 657 Οὐκ
1831 601 1941 673 ἀρα
1968 602 2033 654 έκ

452 693 548 748 τοῦ
577 695 720 748 οἴνου
753 695 788 763 ἠ
812 690 970 762 μέθη,
1006 689 1122 741 ἀλλ’
1155 691 1218 741 ἐκ
1250 687 1352 755 τῆς
1384 687 1670 757 ἀμετρίας.
1715 687 1775 738 '0
1798 681 1938 748 οἶνος
1964 684 2032 737 δι’

446 777 600 829 οὐδὲν
632 777 816 845 ἕτερον
854 776 987 843 ἡμῖν
1030 771 1264 833 δέδοται,
1309 770 1343 839 ἢ
1377 770 1447 822 δι’
1485 770 1673 836 ὑγείαν
1733 767 1983 838 σώματος
2015 782 2027 795 ·

447 858 585 911 ἀλλά
617 860 711 909 καὶ
752 860 888 927 πρ“ς
914 856 1073 909 τοῦτο
1103 849 1389 923 ἐμποδίζει
1439 853 1473 923 ἠ
1519 852 1778 923 ἀμετρία.
1831 852 2031 903 ’Δκουε

445 936 500 991 δὲ
531 940 624 992 καὶ
652 937 747 991 τοῦ
776 937 1045 1009 μακαρίου
1076 937 1268 989 τούτου
1309 936 1616 1005 γράφοντος
1648 935 1739 987 καὶ
1780 934 2030 1002 λέγοντος

443 1026 522 1096 τῷ
551 1027 824 1096 Τιμοθέῳ·
866 1027 1078 1094 Ὀλίγῳ
1116 1023 1261 1087 οϊνῳ
1310 1020 1433 1091 χρῶ
1463 1020 1561 1074 διὰ
1581 1022 1689 1074 τόν
1718 1019 2030 1089 στόμαχόν

442 1117 541 1163 σοι
567 1148 582 1170 ,
611 1110 710 1163 καί
748 1108 854 1174 τὰς
891 1106 1125 1172 πυκνάς
1159 1120 1277 1159 σου
1307 1105 1650 1169 ἀσθενείας.

515 1246 581 1316 β’.
600 1246 700 1300 Διά
726 1246 836 1317 γὰρ
862 1244 1020 1299 τοῦτο
1047 1243 1222 1306 όΘεδς
1249 1240 1503 1311 ἐποίησεν
1527 1242 1558 1309 ἡ
1569 1238 1684 1309 μῶν
1705 1237 1773 1291 τά
1798 1236 2026 1308 σώματα

445 1331 760 1400 σύμμετρα.
800 1330 895 1384 καὶ
942 1328 1050 1382 ἀπὸ
1088 1326 1285 1394 ὀλίγων
1333 1322 1726 1394 κορέννυσθαι,
1774 1320 2025 1374 ἐντεῦθεν

443 1407 545 1481 ἤδη
599 1411 867 1464 παιδεύων
913 1412 1082 1481 ἡμᾶς,
1112 1409 1197 1461 ὅτι
1248 1405 1385 1476 πρὸς
1441 1405 1636 1475 ἑτέραν
1678 1404 1826 1473 ἡμᾶς
1877 1402 2053 1470 ζωὴν·

443 1493 670 1564 ἐποίησε
700 1492 1064 1563 ἐπιτηδείους.
1097 1490 1210 1544 Kal
1230 1487 1482 1541 ἐϐούλετο
1507 1487 1605 1557 μὲν
1639 1487 1735 1539 καὶ
1763 1485 1823 1549 ὲξ
1848 1485 2022 1557 ἀρχῆς

442 1575 658 1645 ἐκείνην
682 1575 891 1637 δοῦναι,
936 1572 1127 1643 ἐπειδὴ
1148 1572 1204 1624 δὲ
1231 1570 1484 1636 ἀναξίους
1512 1568 1738 1630 ἑαυτοὺς
1756 1569 2023 1637 κατεστή-

444 1673 642 1726 σαμεν,
703 1658 1031 1712 ἀνεϐάλετοο
1075 1658 1168 1709 καὶ
1207 1656 1265 1707 ὲν
1293 1653 1370 1723 τῷ
1408 1653 1586 1724 χρόνῳ
1620 1646 1665 1720 ᾧ
1708 1651 2021 1716 ἀνεϐάλετο,

440 1740 563 1793 οὐδὲ
592 1741 650 1795 ὲν
668 1741 816 1810 αὐτῷ
836 1740 1061 1809 ἀφίησιν
1078 1739 1224 1809 ἡμᾶς
1242 1736 1538 1790 ἀπολαύειν
1569 1735 1823 1804 ἀμέτρως
1843 1748 1857 1763 °
1876 1731 2021 1785 οῖνου

441 1822 552 1889 γὰρ
581 1822 783 1891 κοτύλη
828 1823 922 1875 καὶ
956 1822 1118 1889 άρτος
1159 1815 1240 1882 εἷς
1273 1820 1432 1889 ἀρκεῖ
1460 1816 1703 1887 γαστέρα
1740 1814 2021 1884 ἐμπλῆσαι

444 1904 759 1975 ἀνθρώπου.
793 1905 903 1958 Kal
933 1907 1025 1957 τὸν
1054 1903 1274 1956 πάντων
1301 1900 1407 1954 τῶν
1448 1899 1659 1966 ἀλόγων
1688 1897 2017 1969 κρατοῦντα,

438 1986 876 2057 ὁλιγοδεέστερον
912 1986 1090 2039 αὐτῶν
1120 1984 1262 2038 κατά
1298 1982 1398 2053 τὴν
1429 1980 1719 2047 ἀναλογίαν
1757 1980 1977 2048 εποίησε
2000 2018 2016 2044 ,

436 2067 533 2120 καὶ
573 2068 634 2120 τὸ
672 2068 831 2139 σῶμα
874 2068 1071 2139 βραχὺ,
1107 2067 1260 2120 οὐδὲν
1307 2064 1495 2134 ἕτερον
1545 2064 1578 2134 ἢ
1623 2062 1782 2116 τοῦτο
1818 2061 2016 2131 δηλῶν,

434 2158 516 2212 ὃτι
549 2158 687 2231 πρὸς
723 2159 916 2232 ἑτέραν
948 2158 1092 2228 ζωὴν
1123 2155 1480 2225 ἐπειγόμεθα.
1514 2154 1612 2222 Μὴ
1631 2154 2017 2224 μεθύσκεσθε

435 2250 600 2314 οῑνφ,
629 2250 816 2320 φησὶν,
840 2251 908 2303 ὲν
928 2244 976 2317 ᾧ
1005 2250 1175 2302 ἐστιν
1196 2246 1442 2302 ἀσωτία.
1472 2246 1548 2298 υύ
1564 2246 1673 2315 γὰρ
1695 2242 1875 2308 σώζει,
1900 2243 2016 2296 ἀλλ’

434 2331 750 2393 ἀπόλλυσιν,
773 2331 833 2382 οὐ
864 2331 926 2383 τὸ
965 2332 1125 2400 σῶμα
1156 2329 1335 2399 μόνον,
1372 2328 1508 2382 ἀλλά
1556 2328 1649 2381 xal
1678 2326 1777 2396 τὴν
1814 2325 2011 2394 ψυχήν.

448 2410 636 2467 Ἀλλὰ
672 2412 1021 2480 πληροῦσθε
1056 2413 1126 2465 ἐν
1146 2412 1463 2480 Πνεύματι,
1501 2407 1837 2473 λαλοῦντες
1873 2408 2013 2461 ἐαυη

433 2493 560 2561 τοῖς
591 2495 662 2547 ἐν
685 2495 949 2563 ψαλμοῖς
975 2495 1072 2547 καὶ
1107 2495 1316 2563 ὕμνοις
1346 2492 1444 2545 καὶ
1483 2492 1663 2559 ᾠδαῖς
1697 2505 2017 2558 πνευματι-

434 2575 589 2641 καῖς,
612 2574 864 2643 ᾄδοντες
893 2578 988 2629 καὶ
1026 2575 1369 2643 ψάλλοντες
1397 2576 1468 2627 ἐν
1494 2572 1568 2641 τῇ
1603 2572 1816 2639 καρδίᾳ
1848 2570 2016 2638 ὑμῶν

432 2652 516 2722 τῷ
548 2658 774 2724 Κυρίῳ·
811 2658 1319 2726 εὐχαριστοῦντες
1356 2657 1613 2710 πάντοτε
1656 2654 1809 2723 ὑπὲρ
1859 2653 2011 2707 πάν-

433 2756 553 2793 των
580 2740 650 2793 ἐν
681 2740 926 2809 ὀνόματι
952 2741 1059 2793 τοῦ
1081 2741 1303 2807 Κυρίου
1326 2739 1492 2809 ἡμῶν
1530 2738 1735 2805 Ἰησοῦ
1757 2735 2013 2806 Χριστοῦ

430 2820 514 2887 τῷ
544 2821 666 2887 Θεῷ
694 2823 790 2876 καὶ
826 2822 1027 2890 Πατρί,
1065 2822 1555 2891 ὑποτασσόμενοι
1604 2818 1903 2885 ἀλλήλοις
1944 2817 2015 2870 ἐν

429 2905 595 2974 φόϐῳ
623 2906 903 2973 Χριστοῦ.
942 2904 1153 2966 Βούλει,
1190 2906 1374 2974 φησὶν,
1415 2902 1841 2974 εὐφραίνεσθαι;
1878 2901 2013 2954 Βού-

429 2986 515 3040 λει
544 2987 644 3057 τὴν
687 2987 899 3060 ἡμέραν
929 2988 1273 3053 ἀναλίσκειν;
1326 2987 1468 3055 Ἐγώ
1502 3002 1586 3038 σοι
1617 2985 1812 3056 δίδωμι
1847 2983 2012 3037 πότον

432 3071 807 3139 πνευματικόν
826 3085 839 3100 ο
870 3072 902 3140 ή
926 3070 1034 3140 γὰρ
1067 3070 1205 3140 μέθη
1233 3070 1327 3123 καὶ
1353 3070 1453 3138 τὴν
1482 3067 1725 3139 εὐσημον
1756 3067 2012 3121 ἐκκόπτει

422 3152 618 3225 φωνὴν
652 3152 752 3218 τῆς
782 3153 1033 3222 γλώσσης
1066 3153 1169 3222 τῆς
1214 3151 1510 3222 ἡμετέρας,
1539 3150 1809 3219 ψελλίζειν
1838 3167 2010 3220 παρα-

432 3236 795 3300 σκευάζουσα,
827 3235 920 3287 καὶ
963 3233 1281 3303 ὀφθαλμοὺς
1317 3233 1414 3286 καὶ
1444 3234 1623 3287 πάντα
1678 3232 1863 3296 ἁπλῶς
1892 3233 2011 3286 δια-
2055 3264 2059 3267 -

431 3317 760 3389 στρέφουσα.
792 3319 946 3372 Μάθε
974 3316 1224 3379 ψάλλειν,
1269 3317 1364 3369 καὶ
1394 3315 1515 3385 ὕψει
1563 3316 1657 3370 τοῦ
1686 3318 2010 3388 πράγματος

427 3401 530 3472 τὴν
559 3401 751 3473 ἡδονήν
800 3417 815 3431 '
848 3404 897 3454 οἱ
929 3400 1226 3471 ψάλλοντες
1251 3402 1359 3473 γάρ
1388 3400 1707 3471 Πνεῦματος
1742 3402 2011 3473 πληροῦν-

428 3498 519 3538 ται
555 3485 737 3553 άγίου,
769 3483 958 3556 ὥσπερ
1006 3485 1055 3537 οἱ
1096 3483 1313 3555 ᾄδοντες
1354 3484 1451 3547 τάς
1501 3486 1800 3550 σατανικάς
1842 3486 2005 3556 ᾠδὰς,

428 3566 744 3639 πνεύματος
772 3567 1110 3638 ἀκαθάρτου.
1142 3567 1209 3620 Τί
1239 3568 1409 3634 ἐστιν,
1454 3568 1557 3622 Ἐν
1578 3568 1708 3635 ταῖς
1738 3570 2011 3638 καρδίαις

426 3647 597 3719 ὑμῶν
642 3648 723 3715 τῷ
751 3650 987 3718 Κυρίῳ;
1030 3648 1311 3714 Τουτέστι,
1360 3649 1497 3721 μετὰ
1532 3651 1802 3714 συνέσεως
1852 3652 2004 3724 [1561

428 3732 822 3803 προσέχοντες
870 3735 918 3785 οἱ
972 3733 1078 3803 γὰρ
1117 3733 1176 3785 οὐ
1217 3734 1596 3804 προσέχοντες,
1651 3733 1837 3794 ἁπλῶς
1873 3734 2010 3803 ψάλ-

428 3812 605 3878 λουσι,
627 3814 697 3867 τὰ
738 3816 960 3885 ῥήματα
988 3814 1375 3885 φθεγγόμενοι,
1415 3819 1513 3887 τῆς
1548 3816 1778 3887 καρδίας
1808 3815 2009 3886 ῥεμϐο-

434 3895 604 3966 μένης
653 3894 900 3965 ἑτέρωθι.
949 3896 1231 3959 Πάντοτε,
1279 3898 1469 3968 φησὶν,
1526 3897 1681 3963 ὑπὲρ
1726 3896 2011 3951 ἁπάντων

428 3977 937 4044 εὐχαριστοῦντες
986 3978 1057 4031 ἐν
1113 3979 1356 4048 ὀνόματι
1411 3978 1520 4032 τοῦ
1569 3980 1793 4046 Κυρίου
1840 3977 2011 4047 ἡμῶν

442 4059 649 4126 Ἰησοῦ
695 4058 954 4125 Χριστοῦ
1004 4058 1083 4125 τῷ
1125 4060 1246 4125 Θεῷ
1288 4062 1387 4115 καὶ
1419 4060 1622 4128 Harp},
1664 4061 2009 4114 ὑποτασσό-

427 4159 597 4212 μενοι
630 4141 929 4209 ἀλλήλοις
961 4143 1033 4197 ἐν
1065 4144 1229 4212 φόϐῳ
1276 4143 1561 4213 Χριστοῦ.
1607 4142 1888 4210 Τουτέστι,
1927 4142 2009 4195 Τά

429 4226 711 4295 αἰτήματα
736 4223 899 4294 ὐμῶν
931 4227 1070 4297 μετά
1102 4226 1457 4297 εὐχαριστίας
1489 4224 1842 4294 γνωριζέσθω
1869 4226 2004 4297 πρὸς

430 4306 519 4359 τὸν
558 4306 691 4360 Θεόν
717 4323 729 4336 ⁸
764 4307 918 4360 οὐδὲν
961 4312 1068 4378 γὰρ
1103 4308 1279 4372 οὕτως
1319 4308 1602 4379 εὐφραίνει
1631 4308 1721 4361 τὸν
1751 4309 1901 4373 Θεὸν,
1933 4309 2008 4373 ὼς

429 4387 555 4442 ὅταν
645 4406 728 4453 τις
757 4390 1099 4460 εὐχάριστος.
1143 4391 1399 4445 Μάλιστα
1425 4389 1485 4442 δὲ
1523 4388 1802 4460 δυνάμεθα
1845 4393 2009 4461 εὐχα-

434 4475 657 4544 ριστεῖν,
683 4473 988 4540 ἀπάγοντες
1008 4475 1120 4527 τῶν
1138 4474 1556 4545 προειρημένων
1579 4474 1677 4543 τὴν
1706 4475 1884 4545 ψυχὴν
1908 4476 2007 4546 τὴν

432 4558 727 4626 ἡμετέραν,
763 4554 1208 4628 διακαθαίροντες
1240 4557 1409 4627 αὐτὴν
1452 4555 1665 4619 τούτοις
1709 4555 1790 4620 οἷς
1831 4554 2003 4612 εἶπεν.

446 4637 629 4691 Ἀλλὰ
670 4638 1041 4705 πληροῦσθε,
1093 4641 1249 4708 φησὶ,
1296 4638 1367 4692 ἐν
1420 4638 1736 4707 Πνεύματι.
1767 4634 1913 4714 τΑρα
1949 4642 2007 4693 ἐν

431 4721 563 4789 ἡμῖν
592 4718 785 4786 τοῦτο;
817 4721 926 4774 Kal
970 4722 1080 4793 γάρ
1113 4723 1172 4773 ὲν
1209 4722 1363 4791 ἡμῖν.
1409 4720 1576 4774 Ὅταν
1628 4722 1737 4790 γὰρ
1783 4721 1998 4791 ψεῦδος,

430 4801 559 4854 ὅταν
583 4802 833 4871 πικρίαν,
874 4804 1003 4855 ὅταν
1036 4803 1317 4873 πορνείαν,
1339 4804 1468 4856 ὅταν
1490 4804 1853 4873 ἀκαθαρσίαν,
1877 4805 2006 4859 ὅταν

432 4881 745 4947 πλεονεξίαν
767 4885 1205 4954 ἀποσοϐήσωμεν
1243 4887 1342 4951 τῆς
1368 4884 1550 4954 ψυχῆς
1578 4886 1676 4955 τῆς
1706 4886 2002 4957 ἡμετέρας,

428 4965 561 5019 ὅταν
594 4965 882 5034 γενώμεθα
922 4966 1172 5037 χρηστοὶ,
1214 4965 1602 5037 εὔσπλαγχνοι,
1654 4966 2005 5039 χαριζόμενοι

432 5049 667 5111 ἑαυτοῖς,
705 5047 835 5101 ὅταν
874 5049 1211 5119 εὐτραπελία
1261 5051 1337 5119 μὴ
1380 5052 1527 5120 παρῇ
1555 5087 1571 5113 ,
1614 5050 1743 5103 ὅταν
1778 5050 2003 5113 ἑαυτοὺς

433 5130 620 5197 ἀξίους
648 5132 1174 5199 κατασκευάσωμεν,
1206 5132 1259 5184 τί
1288 5132 1351 5185 τὸ
1368 5132 1575 5185 κωλῦον
1602 5131 1664 5186 τὸ
1694 5134 1918 5203 Πνεῦμα
1943 5132 2004 5185 τὸ

431 5213 587 5282 ἅγιον
620 5213 870 5267 ἐπελθεῖν
917 5212 1014 5265 καὶ
1063 5213 1396 5283 ὲπιπτῆναις
1430 5217 1539 5269 Καὶ
1566 5216 1666 5285 οὐχ
1695 5215 1881 5278 ἁπλῶς
1908 5216 2006 5267 έπ-

432 5297 732 5356 ελεύσεται,
763 5295 901 5348 ἀλλά
930 5293 1208 5365 πληρώσει
1236 5298 1335 5368 τὴν
1352 5298 1579 5369 καρδίαν
1607 5298 1782 5368 ἡμῶν.
1805 5296 2006 5352 Τοσού-

432 5397 528 5434 του
570 5379 629 5432 δὲ
677 5378 889 5431 ἔνδοθεν
942 5377 1093 5442 ὄντος
1149 5379 1321 5447 φωτὸς
1342 5419 1360 5446 ,
1406 5382 1525 5435 οὐδὲ
1564 5381 2006 5453 δυσκατόρθωτος

436 5464 569 5534 ἡμῖν
607 5461 793 5514 λοιπὸν
830 5460 983 5513 ἔσται
1019 5462 1266 5533 ἡάρετὴ,
1301 5464 1436 5517 ἀλλά
1459 5465 1618 5536 ῥᾳδία
1649 5466 1745 5519 καὶ
1761 5463 2000 5526 εὐκολος.

432 5546 699 5600 Πάντοτε
717 5543 1235 5612 εὐχαριστοῦντες,
1269 5550 1454 5615 φησὶν,
1476 5547 1629 5617 ὑπὲρ
1656 5546 1917 5601 πάντων.
1938 5545 2003 5599 Τί

429 5622 563 5692 οὖν;
598 5625 737 5695 ὑπὲρ
769 5623 987 5676 πάντων
1030 5627 1370 5697 εὐχαριστεῖν
1407 5629 1489 5683 δεῖ
1524 5631 1634 5682 τῶν
1675 5627 2003 5699 συμϐαινόν-

435 5724 576 5773 mw;
607 5708 743 5759 Nal'
769 5706 873 5760 κᾶν
900 5706 1051 5772 νόσος
1073 5706 1130 5783 ᾗ,
1154 5712 1257 5765 κᾶν
1285 5712 1465 5766 πενία.
1494 5712 1558 5765 Εἰ
1585 5711 1695 5783 γὰρ
1723 5714 1783 5765 ὲν
1805 5715 1870 5782 τῇ
1898 5713 2006 5764 Πα-

434 5791 563 5860 λαιᾷ
596 5789 823 5861 παρῄνει
854 5789 1014 5858 σοφός
1045 5808 1125 5853 τις
1159 5793 1360 5861 λέγων·
1391 5792 1521 5848 Πᾶν
1552 5793 1585 5847 ὂ
1620 5794 1729 5848 ἐὰν
1769 5792 2004 5861 ἐπαχθῆ

1160 410 1217 466 S.
1260 404 1552 465 JOANNIS
1589 399 2085 462 CIIRYSOSTOMI
2126 403 2449 467 AllClllEP.
2491 400 3046 467 CONSTANTINOP.

3612 412 3716 464 130

2142 537 2265 585 σοι,
2308 522 2477 588 δέξαι
2519 525 2815 593 ἀσμένως,
2862 524 2961 579 καὶ
3008 524 3079 577 ἐν
3117 523 3464 593 ἀλλάγμασι
3514 539 3714 577 ταπει-

2140 606 2382 673 νώσεώς
2410 624 2528 661 σου
2557 610 3028 677 μακροθύμησον
3053 621 3069 637 ⁸
3099 604 3279 676 πολλῷ
3312 605 3511 676 μᾶλλον
3554 607 3612 658 ὲν
3642 609 3710 675 τῇ

2140 689 2315 759 Καινῇ
2350 689 2598 759 γίνεσθαι
2623 692 2752 763 χρή.
2774 692 2892 745 Κάν
2919 691 3010 745 τὸν
3041 690 3199 759 λόγον
3222 689 3401 743 τοίνυν
3439 690 3514 760 μὴ
3540 689 3709 760 εἰδῇς,

2138 771 2481 841 εὐχαρίστει·
2524 772 2682 826 τοῦτο
2706 773 2816 844 γάρ
2856 774 3003 827 ἔστιν
3041 773 3382 843 εὐχαριστία.
3426 773 3524 823 Ἂν
3561 764 3619 819 δὲ
3647 766 3711 826 εὖ

2138 852 2328 906 παθὼν
2350 853 2443 908 καὶ
2476 854 2874 925 εὐθηνούμενος
2899 857 2991 910 καὶ
3017 854 3312 925 εὐπραγῶν
3336 854 3427 907 καὶ
3446 856 3503 906 ὲν
3518 854 3713 922 εὐημε·

2140 934 2283 1002 ρίαις
2312 935 2409 999 ῶν,
2443 937 2793 1008 εὐχαριστῇς,
2825 937 2979 991 οὐδὲν
3003 936 3169 1008 μέγα,
3198 936 3348 989 οὐδὲν
3367 934 3707 1005 θαυμαστόν·

2134 1016 2196 1069 τὸ
2226 1018 2283 1071 δὲ
2322 1017 2677 1090 ζητούμενον,
2708 1022 2766 1073 ὲν
2802 1020 3047 1089 θλίψεσιν
3085 1020 3214 1073 ὄντα
3247 1019 3611 1090 εὐχαριστεῖν,
3650 1020 3711 1072 ὲν

2135 1098 2415 1170 ἀθυμίαις.
2445 1103 2630 1173 Μηδὲν
2654 1103 2762 1168 πρὸ
2792 1103 2886 1156 τοῦ
2920 1105 3168 1176 ῥήματος
3206 1101 3399 1155 τούτου
3443 1101 3707 1170 φθέγγου,

2135 1182 2457 1256 Εὐχαριστῶ
2489 1202 2593 1248 σοι,
2624 1187 2890 1241 Δέσποτα.
2922 1188 3033 1241 Kal
3067 1187 3120 1239 τί
3149 1186 3293 1255 λέγω
3320 1185 3462 1255 ὑπὲρ
3488 1185 3597 1238 τῶν
3618 1186 3707 1239 ὲν-

2131 1264 2306 1320 ταῦθα
2336 1266 2568 1337 θλίψεων
2591 1288 2607 1337 ;
2634 1270 2775 1341 ὑπὲρ
2789 1272 2889 1340 τῆς
2912 1270 3137 1339 γεέννης
3162 1269 3337 1340 αὐτῆς
3365 1271 3708 1340 εὐχαριστεῖν

2130 1349 2213 1404 δεῖ
2237 1350 2315 1421 τῷ
2341 1353 2482 1423 Θεῷ,
2506 1353 2648 1424 ὑπὲρ
2666 1355 2774 1408 τῶν
2803 1355 3077 1408 κολάσεων
3113 1354 3224 1406 τῶν
3253 1355 3390 1416 ἐκεῖ,
3428 1354 3568 1425 ὑπὲρ
3597 1354 3709 1407 τῶν

2129 1434 2432 1505 τιμωριῶν.
2466 1436 2615 1490 Πάνυ
2643 1436 2752 1508 γάρ
2780 1437 2842 1489 τὸ
2870 1436 3102 1507 πρᾶγμα
3133 1437 3282 1506 ἡμᾶς
3304 1434 3555 1507 ὠφέλησε
3579 1436 3706 1500 τοὺς

2130 1516 2521 1587 προσέχοντας,
2573 1519 2693 1572 ἀντὶ
2739 1518 2957 1589 χαλινοῦ
3005 1516 3100 1571 τοῦ
3132 1518 3233 1587 τῆς
3260 1517 3488 1587 γεέννης
3536 1516 3704 1584 φόϐου

2128 1600 2247 1660 ταῖς
2298 1600 2551 1671 καρδίαις
2597 1601 2756 1671 ήμῶν
2805 1600 3168 1662 ἐπιτεθέντος.
3204 1598 3296 1670 Μὴ
3349 1599 3528 1653 τοίνυν
3562 1599 3705 1668 ὑπὲρ

2127 1680 2237 1734 τῶν
2264 1684 2515 1755 φανερῶν
2565 1684 2917 1753 εὐεργεσιῶν,
2948 1683 3086 1736 ἀλλά
3114 1684 3209 1736 xal
3242 1682 3383 1752 ὑπὲρ
3423 1681 3532 1734 τῶν
3567 1684 3712 1750 ἀφα-

2127 1764 2256 1827 νῶν,
2276 1767 2370 1819 καὶ
2388 1766 2529 1837 ὑπὲρ
2549 1761 2624 1820 ὧν
2646 1768 2869 1830 ἄκοντες
2884 1764 3343 1836 εὐεργετούμεθα,
3371 1763 3697 1835 εὐχαριστῶ-

2131 1860 2231 1917 μεν
2254 1864 2268 1877 ·
2301 1847 2473 1901 πολλὰ
2496 1849 2604 1920 γάρ
2622 1848 2715 1920 καὶ
2748 1848 2823 1919 μὴ
2855 1847 3208 1918 βουλομένους
3229 1847 3377 1917 ἡμᾶς
3402 1846 3697 1915 εὐεργετεῖ,

2128 1916 2223 1982 καὶ
2247 1929 2320 2001 μὴ
2344 1916 2584 1993 εἰδότας.-
2604 1932 2666 1984 Et
2684 1916 3070 1991 δὲήάπιστεῖτε,
3096 1929 3193 2000 ἤδη
3218 1916 3345 1998 ὑμῖν
3375 1929 3434 1981 τὸ
3466 1929 3701 1999 πρᾶγμα

2130 2014 2342 2082 ποιήσω
2376 2013 2628 2085 φανερόν.
2677 2014 2959 2081 Ἐννόησον
2990 2014 3097 2085 γάρ
3147 2028 3268 2081 μοι’
3308 2012 3358 2065 οἱ
3391 2012 3580 2080 μιαροὶ
3607 2012 3701 2064 καὶ

2127 2095 2345 2147 ἄπιστοι
2365 2094 2623 2164 Ἕλληνες
2647 2095 2766 2165 οὐχὶ
2804 2095 2882 2165 τῷ
2925 2094 3059 2165 ἡλίῳ
3093 2095 3152 2148 τὸ
3177 2094 3284 2147 πᾶν
3315 2094 3696 2165 ἐπιγράφουσι,

2127 2175 2220 2227 καὶ
2258 2178 2370 2239 τοῖς
2399 2175 2637 2240 εἰδώλοις
2660 2178 2870 2243 αὐτῶν;
2907 2177 2973 2230 Τί
2999 2172 3122 2242 οὖνς
3157 2176 3276 2247 οὐχὶ
3303 2175 3587 2245 εὐεργετεῖ
3605 2175 3699 2228 καὶ

2125 2257 2357 2325 αὐτούς;
2390 2259 2513 2329 οὐχὶ
2545 2259 2644 2328 τῆς
2670 2260 2878 2313 ἐκείνου
2914 2260 3171 2330 προνοίας
3197 2259 3335 2320 ἐστὶ,
3369 2258 3465 2310 καὶ
3492 2257 3554 2309 τὸ
3575 2257 3695 2328 ζῇν,

2125 2341 2219 2394 καὶ
2256 2341 2316 2393 τὸ
2364 2342 2627 2409 ὑγιαίνειν
2660 2343 2879 2408 αὐτοὺς,
2928 2342 3023 2395 καὶ
3076 2341 3429 2404 παιδοποιεῖν,
3472 2341 3564 2393 καὶ
3597 2341 3699 2394 ὅσα

2122 2423 2387 2487 τοιαῦτα;
2421 2424 2488 2477 Τί
2532 2423 2589 2475 δὲ
2618 2425 2669 2478 οἱ
2695 2424 3111 2496 Μαρκιωνισταὶ
3141 2423 3456 2492 λεγόμενοι;
3488 2423 3542 2475 τί
3568 2423 3625 2476 δὲ
3645 2423 3698 2475 οἱ

2123 2505 2449 2574 Μανιχαίοι;
2483 2505 2604 2575 οὐχὶ
2641 2509 2737 2560 καὶ
2796 2505 3209 2576 βλασφημοῦσιν
3234 2506 3431 2569 αὐτόν;
3466 2505 3532 2557 Τί
3567 2501 3698 2569 οὗν;

2123 2586 2244 2656 οὐχὶ
2284 2588 2571 2659 εὐεργετεῖ
2610 2590 2810 2652 αὐτοὺς
2849 2588 2972 2642 καθ’
3001 2589 3239 2654 ἑκάστην
3275 2588 3525 2659 ἡμέραν;
3559 2588 3697 2642 Είδὲ

2122 2669 2365 2733 ἐκείνους
2394 2671 2522 2733 τοὺς
2558 2670 2732 2723 ταῦτα
2770 2673 2870 2723 οὐκ
2914 2670 3124 2733 εἰδότας
3174 2673 3471 2741 εὐεργετεῖ,
3516 2670 3697 2741 πολλῷ

2126 2750 2329 2821 μᾶλλον
2354 2752 2521 2823 ἡμᾶς.
2555 2753 2620 2805 Τί
2645 2753 2753 2823 γὰρ
2784 2751 2937 2825 [157]
2961 2752 3089 2807 ἄλλο
3118 2752 3278 2824 ἔργον
3299 2752 3434 2805 Θεοῦ
3461 2753 3494 2823 ἢ
3515 2752 3697 2818 τοῦτο,

2120 2834 2182 2887 τὸ
2201 2834 2513 2903 εὐεργετεῖν
2540 2834 2602 2887 τὸ
2629 2836 2737 2888 τῶν
2762 2834 3063 2906 ἀνθρώπων
3087 2835 3265 2905 γένος,
3299 2836 3394 2890 καὶ
3425 2834 3516 2888 διὰ
3538 2835 3701 2889 κολά·

2124 2932 2263 2969 σεων
2285 2916 2382 2969 καὶ
2410 2915 2478 2969 δι’
2499 2916 2773 2983 ἀνέσεων;

2196 3072 2288 3142 Μὴ
2326 3071 2487 3142 μόνον
2527 3070 2709 3125 τοίνυν
2738 3071 2798 3124 ὲν
2822 3070 3152 3142 εὐπραγίαις
3183 3070 3334 3134 ὅντες
3361 3069 3695 3141 εὐχαριστῶ-

2122 3172 2221 3225 μεν
2243 3170 2259 3185 ·
2288 3154 2439 3207 οὐδὲν
2467 3155 2577 3226 γὰρ
2600 3154 2764 3224 μέγα.
2801 3154 2912 3207 Kal
2937 3155 3096 3208 τοῦτο
3123 3149 3233 3207 οἶδε
3253 3155 3346 3207 καὶ
3365 3156 3394 3207 ὀ
3414 3154 3693 3219 διάϐολοςσ

2117 3238 2199 3292 διὸ
2226 3237 2318 3291 καὶ
2344 3236 2494 3305 ἔλεγε
2518 3251 2532 3265 ⁶
2559 3240 2617 3290 Μ
2622 3237 2659 3306 ὴ
2698 3237 2926 3305 δωρεὰν
2944 3238 3184 3291 σέϐεται
3225 3236 3348 3290 Ἰὼϐ
3376 3235 3482 3289 τὸν
3510 3236 3696 3301 Θεόν;

2117 3320 2257 3390 οὐχὶ
2282 3321 2365 3373 σὺ
2395 3319 2799 3389 περιέφραξας
2821 3321 2895 3374 τὰ
2920 3321 3043 3374 ἔσω
3065 3320 3276 3383 αὐτοῦ,
3309 3320 3409 3373 καί
3443 3318 3517 3373 τὰ
3541 3320 3697 3383 ἕξως

2119 3405 2366 3471 Περίελε
2403 3402 2603 3456 πάντα
2631 3402 2703 3456 τὰ
2745 3401 3096 3471 ὑπάρχοντα
3128 3403 3339 3467 αὑτοῦ,
3387 3398 3429 3472 ἦ
3450 3402 3580 3471 μὴν
3606 3403 3701 3468 εις

2117 3486 2447 3555 πρόσωπόν
2474 3501 2549 3539 σε
2588 3484 2933 3555 εὐλογήσει.
2973 3484 3112 3538 Ἀλλ’
3151 3485 3305 3538 οὐδὲν
3334 3484 3482 3553 αὐτῷ
3509 3484 3697 3539 πλεῖον

2116 3569 2335 3639 ἐγένετο
2359 3566 2436 3639 τῷ
2488 3568 2694 3639 μιαρῷ,
2738 3568 2871 3638 μηδὲ
2910 3567 3143 3636 γένοιτο,
3188 3567 3326 3638 μηδὲ
3356 3568 3483 3637 περὶ
3534 3565 3694 3638 ἡμῶν

2115 3651 2372 3719 γενέσθαι
2400 3667 2450 3702 τι
2497 3650 2659 3703 πλέον
2706 3650 2875 3720 αὐτῷ,
2924 3648 3088 3702 Ἀλλά
3130 3648 3227 3701 καὶ
3270 3649 3397 3701 ὅταν
3427 3651 3485 3700 έν
3527 3648 3695 3721 πενίᾳ

2116 3729 2287 3804 ὦμεν,
2306 3735 2403 3787 καὶ
2424 3732 2553 3786 ὅταν
2573 3734 2630 3786 ἐν
2651 3733 2851 3799 νόσοις,
2874 3733 3116 3791 καλὸταν
3140 3733 3198 3784 ἐν
3224 3734 3328 3802 ὲπη
3339 3732 3536 3802 ρείαις,
3568 3735 3691 3786 τότε

2116 3817 2474 3885 ἐπιτείνωμεν
2497 3816 2598 3886 τὴν
2632 3815 3007 3885 εὐχαριστίαν.
3045 3814 3409 3884 Εὐχαριστίαν
3431 3814 3489 3867 δὲ
3523 3815 3691 3884 λέγω,

2120 3900 2195 3971 μὴ
2232 3901 2439 3971 ῥήμασι
2465 3898 2601 3969 μηδὲ
2620 3898 2861 3972 γλώσσῃ,
2888 3897 3024 3952 ἀλλά
3041 3899 3331 3969 πράγμασι
3361 3899 3457 3950 καὶ
3482 3897 3688 3966 ἔργοις,

2117 3982 2212 4035 καὶ
2239 3980 2448 4052 διανοίᾳ
2476 3982 2570 4034 καὶ
2602 3980 2819 4051 καρδίᾳ.
2869 3981 2965 4034 Ἐκ
3010 3981 3191 4049 πάσης
3232 3980 3412 4050 ψυχῆς
3466 3982 3689 4051 εὐχαρι-

2118 4062 2333 4133 στῶμεν
2368 4062 2538 4133 αὐτῷ.
2572 4063 2792 4117 Μᾶλλον
2825 4061 2934 4134 γὰρ
2958 4061 3067 4115 τῶν
3088 4062 3511 4131 γεννησαμένων
3538 4064 3688 4133 ἡμᾶς

2115 4145 2295 4215 φιλεί’
2331 4146 2427 4200 xal
2459 4146 2583 4200 ὅσον
2614 4146 2879 4217 πονηρίας
2915 4146 3008 4199 καὶ
3039 4145 3375 4215 ἀγαθότητος
3398 4145 3460 4198 τὸ
3499 4146 3684 4215 μέσον,

2114 4227 2367 4281 τοσοῦτον
2393 4230 2427 4295 ἡ
2456 4228 2551 4298 τῆς
2574 4228 2796 4299 ἀγάπης
2825 4227 2920 4282 τοῦ
2952 4227 3089 4282 Θεοῦ
3121 4227 3259 4298 πρὸς
3282 4226 3380 4298 τὴν
3414 4227 3522 4282 τῶν
3552 4231 3689 4300 ἠμε-

2116 4312 2295 4382 τέρων
2328 4312 2584 4384 πατέρων
2609 4310 2892 4383 διαφοράν.

2184 4476 2252 4537 γ’.
2278 4469 2389 4523 Καὶ
2411 4468 2583 4523 ταῦτα
2610 4470 2709 4523 οὐκ
2738 4470 2847 4539 ὲμά
2872 4472 2988 4524 ἐστι
3012 4471 3077 4525 τά
3105 4473 3342 4543 ῥήματα,
3372 4472 3489 4526 ἀλλ’
3516 4472 3685 4527 αὐτοῦ

2114 4555 2207 4606 τοῦ
2237 4552 2521 4621 φιλοῦντος
2537 4553 2684 4621 ἡμᾶς
2709 4554 2754 4605 Χ
2763 4552 2969 4624 ριστοῦ.
2999 4555 3107 4607 Καὶ
3132 4554 3298 4609 ἄκουε
3315 4554 3481 4609 αὐτοῦ
3502 4554 3687 4624 λέγον-

2113 4650 2232 4698 τος·
2264 4633 2365 4700 Τίς
2381 4634 2451 4699 ἐξ
2478 4632 2644 4702 ὑμῶν
2661 4634 2834 4688 ἐστιν
2847 4634 3179 4703 ἄνθρωπος,
3206 4635 3295 4701 ὃς,
3327 4637 3437 4691 ἐὰν
3462 4635 3687 4705 αἰτήσῃ

2114 4722 2148 4772 ό
2169 4718 2300 4783 υίὸς
2329 4716 2516 4770 αὐτοῦ
2539 4715 2742 4783 ἄρτον,
2767 4716 2853 4785 μὴ
2886 4719 3064 4771 λίθον
3088 4718 3371 4773 ἐπιδώσει
3397 4719 3595 4785 αὑτῷ;
3616 4722 3688 4774 Et

2111 4800 2177 4853 δὲ
2229 4797 2398 4868 ὑμεῖς
2449 4799 2701 4866 πονηροὶ
2747 4799 2941 4865 ὄντες,
2977 4800 3183 4853 οιδατε
3217 4801 3447 4870 δόματα
3495 4803 3690 4870 ἀγαθὰ

2112 4882 2343 4935 διδόναι
2363 4880 2489 4945 τοῖς
2509 4879 2738 4947 τέκνοις
2763 4880 2950 4948 ὑμῶν,
2972 4882 3155 4949 πόσῳ.
3160 4882 3403 4951 μᾶλλον
3424 4888 3458 4937 ό
3484 4884 3687 4951 Πατὴρ

2115 4965 2281 5034 ὑμῶν
2305 4968 2339 5018 ό
2361 4964 2434 5018 ἐν
2464 4963 2590 5028 τοῖς
2623 4965 2904 5033 οὐρανοῖς
2925 4964 3104 5019 δώσει
3119 4966 3310 5035 ἀγαθὰ
3336 4966 3460 5034 τοῖς
3485 4967 3687 5021 αίτοῦο

2111 5063 2221 5102 σιν
2238 5047 2428 5101 αὐτόν
2450 5063 2469 5110 ;
2502 5046 2612 5101 Kal
2630 5046 2793 5101 πάλιν
2821 5047 2987 5100 ἄκουε
3017 5048 3112 5101 καὶ
3139 5049 3367 5119 ἑτέρωθι
3399 5049 3650 5117 λέγοντος
3667 5068 3683 5083 ·

2110 5134 2209 5200 Μὴ
2243 5128 2600 5195 ἐπιλήσεται
2630 5127 2784 5197 γυνὴ
2817 5129 2925 5182 τοῦ
2952 5127 3204 5197 ἐλεῆσαι
3233 5129 3305 5184 τὰ
3330 5130 3549 5201 ἔκγονα
3571 5130 3686 5199 τῆς

2114 5211 2589 5281 κοιλίαςαῠτῆς;
2611 5214 2681 5266 El
2713 5211 2783 5264 δὲ
2811 5211 2911 5265 καὶ
2934 5212 3277 5267 ἐπιλάθοιτο
3295 5214 3483 5268 ταῦτα
3503 5215 3683 5284 γυνὴ,

2110 5298 2247 5353 ἀλλ’
2283 5297 2397 5365 ἐγὼ
2436 5297 2550 5350 οὐκ
2585 5295 2955 5364 ἐπιλήσομαί
2987 5311 3125 5359 σου,
3174 5300 3336 5365 λέγει
3370 5300 3601 5367 Κύριος.
3620 5300 3685 5353 Εἰ

2112 5381 2221 5449 γάρ
2271 5379 2348 5450 μὴ
2377 5378 2541 5448 φιλεῖ,
2574 5378 2718 5441 τίνος
2754 5378 2940 5433 ἕνεκεν
2981 5380 3126 5450 ἡμᾶς
3160 5382 3415 5452 ἑποίησε;
3465 5382 3539 5453 μὴ
3571 5382 3684 5454 γὰρ

2111 5465 2357 5533 ἀνάγκην
2392 5457 2538 5532 εἶχες
2577 5456 2652 5533 μὴ
2686 5462 2794 5533 γὰρ
2830 5462 3018 5533 χρείαν
3080 5464 3229 5535 αὐτῷ
3277 5467 3371 5519 καὶ
3410 5466 3686 5521 διακονίαν

2112 5545 2463 5616 πληροῦμενς
2518 5545 2592 5615 μὴ
2622 5546 2732 5615 γὰρ
2766 5544 2937 5598 δεῖταί
2987 5563 3129 5609 τινος
3177 5548 3286 5601 τῶν
3333 5551 3462 5619 παρ’
3494 5548 3680 5619 ήμῶν;

2118 5630 2319 5683 ’Ἄκουε
2348 5626 2444 5680 τοῦ
2488 5628 2782 5697 Προφήτου
2820 5626 3100 5696 λέγοντος’
3142 5626 3298 5683 Εἶπα
3335 5629 3415 5694 τῷ
3449 5630 3643 5698 Κυρίῳ
3665 5646 3679 5658 ’

2113 5712 2328 5780 Κύριός
2353 5729 2474 5779 μου
2498 5706 2557 5763 εἴ
2584 5708 2687 5775 σὺ,
2729 5706 2819 5764 ὅτι
2842 5708 2962 5764 τῶν
2976 5711 3212 5779 ἀγαθῶν
3237 5731 3357 5781 μου
3377 5715 3449 5767 οὐ
3473 5713 3685 5782 χρείαν

2117 5799 2298 5867 ἔχεις.
2342 5794 2481 5848 Ἀλλ’
2510 5795 2558 5847 οί
2593 5793 2910 5864 ἀγνώμονες
2954 5797 3048 5848 καὶ
3092 5797 3435 5866 ἀναίσθητοι,
3484 5793 3681 5859 Τοῦτο,
